4104 6436
588 397 642 450 ll
1567 391 1648 450 'S.
1687 392 1965 449 CYRILLI
2002 395 2474 453 ALEXANDRINI
2503 396 2827 454 ARCHIEP.
3769 405 3837 457 «lii

590 531 809 575 naturas
830 521 1149 572 convertere
1175 529 1237 570 ac
1265 514 1561 571 traducere
1587 533 1599 567 :
1622 518 1767 586 quod
1789 518 2008 588 quidem
2032 535 2160 588 pro-

2271 524 2395 576 l'6tov
2423 523 2516 576 τοῦ
2547 523 2688 576 κατὰ
2721 521 2881 592 φύσιν
2909 518 3067 573 Θεοῦ.
3116 518 3287 572 Τοῦτο
3326 513 3418 570 οὖν
3458 516 3705 586 βούλεται
3735 521 3840 572 δεῖ·

583 607 762 677 prium
812 613 900 662 est
927 603 1228 660 secundum
1254 611 1507 657 naturam
1553 602 1668 658 Dei.
1711 603 1826 659 Hoc
1856 607 2026 676 igitur
2051 607 2162 660 vult

581 695 891 757 ostendere,
936 710 1062 749 cum
1114 693 1287 747 dicit:
1324 710 1343 743 ι
1379 692 1711 748 Potestatem
1747 695 1924 750 habeo
1956 711 2163 766 ponere

583 787 844 850 animam,
894 797 948 839 et
996 791 1322 854 potestatem
1361 783 1536 837 habeo
1570 785 1828 853 accipere
1857 801 2000 851 cam,
2044 806 2060 838 ι
2106 802 2164 842 se

584 893 691 931 non
735 877 954 945 jussum
1000 876 1158 946 661
1208 881 1267 928 ut
1315 889 1533 929 servum
1561 881 1656 926 aut
1689 874 2025 939 ministrum,
2069 876 2164 931 sed

582 982 757 1036 neque
784 982 849 1021 ex
879 967 1208 1020 necessitate
1233 963 1319 1018 vel
1349 977 1378 1015 a
1405 961 1738 1032 quibusdam
1767 972 2046 1029 coactum,
2070 963 2163 1021 sed

583 1061 854 1114 volentem
891 1057 960 1111 ad
985 1055 1037 1111 id
1064 1056 1298 1111 venisse.

649 1149 719 1214 Χ,
757 1149 844 1203 18.
887 1147 1005 1201 Hoc
1037 1145 1349 1200 mandatum
1380 1146 1556 1213 accepi
1585 1161 1617 1199 a
1647 1143 1814 1200 Patre
1849 1163 1983 1201 meo.

648 1323 727 1380 Ne
750 1323 875 1394 quis
904 1323 1051 1378 enim
1092 1321 1261 1388 dicat,
1295 1331 1494 1392 praeter
1532 1322 1871 1378 voluntatem
1891 1321 2014 1377 Filii
2055 1339 2166 1378 non

533 1456 537 1460 ς
579 1431 744 1486 posse
785 1415 1001 1470 Patrem
1049 1429 1270 1470 sumere
1309 1415 1552 1468 animam
1593 1415 1736 1484 ejus,
1773 1430 1951 1485 neque
1980 1431 2045 1470 ex
2101 1431 2167 1471 eo

581 1509 636 1562 in
674 1521 783 1560 una
817 1505 1021 1560 deitate
1065 1504 1246 1559 Patris
1285 1512 1342 1560 et
1374 1503 1496 1558 Filii
1522 1504 1817 1561 dissidium
1857 1515 1912 1562 et
1956 1507 2170 1562 discor-

581 1598 730 1652 diam
768 1596 958 1660 faciat,
989 1595 1212 1666 quando
1244 1595 1380 1651 dicit
1415 1613 1475 1652 se
1507 1596 1822 1652 mandatum
1860 1599 2165 1669 accepisse,

583 1691 638 1744 in
674 1690 779 1744 hoc
823 1690 1265 1744 consentientem
1319 1689 1853 1760 convenientemque
1886 1690 2169 1746 voluntate

581 1777 824 1833 ostendit
857 1776 1101 1844 Patrem,
1152 1788 1206 1832 et
1256 1785 1519 1846 tanquam
1575 1778 1644 1831 ab
1700 1793 1809 1832 una
1871 1787 2057 1834 mente
2112 1784 2168 1833 et

2267 613 2476 678 ξαι,διὰ
2504 613 2596 666 τοῦ
2614 612 2812 680 λέγειν,
2851 631 2866 662 ι
2890 608 3166 674 Ἐξουσίαν
3198 608 3306 678 ἔχω
3335 607 3505 661 θεῖναι
3531 609 3629 680 τὴν
3645 609 3838 680 ψυχὴν,

2266 703 2358 756 καὶ
2383 701 2630 766 ἐξουσίαν
2669 701 2776 771 ἔχω
2810 699 2993 754 λαὸεἰν
3021 700 3194 768 αὐτήν
3214 715 3228 728 ⁸
3262 718 3279 748 ι
3317 699 3399 751 ὃτι
3431 699 3493 752 οὐ
3531 698 3839 762 κελευσθεὶς

2265 792 2340 854 ὡς
2369 790 2552 853 δοῦλος
2593 790 2625 859 ἣ
2663 790 2976 860 ὑπηρέτης,
3011 788 3122 840 ἀλλ’
3155 788 3277 840 οὐδὲ
3326 788 3401 851 ὡς
3444 787 3504 852 ἐξ
3533 788 3776 858 ἀνάγκης
3802 788 3840 857 ἢ

2269 881 2512 952 βιασθεὶς
2538 881 2691 950 παρά
2715 899 2899 948 τινων,
2926 880 3040 934 ἀλλ’
3065 878 3211 934 ἑκὼν
3243 875 3408 950 ἦλθεν
3435 880 3528 933 ἐπὶ
3561 880 3738 932 τοῦτο.

2343 1144 2574 1212 Ταύτην
2607 1143 2720 1211 τὴν
2752 1142 3012 1213 ἐντολὴν
3041 1141 3262 1197 ἔλαϐον
3293 1141 3452 1211 παρὰ
3485 1142 3590 1197 τοῦ
3616 1144 3845 1214 Πατρός

2262 1251 2403 1304 μου.
2770 1297 2774 1302 Ι

2341 1327 2460 1380 Ἵνα
2487 1327 2594 1398 γὰρ
2632 1327 2705 1397 μή
2727 1343 2810 1389 τις
2842 1324 2993 1396 εἴπῃ,
3021 1325 3102 1379 ὅτι
3129 1327 3282 1397 παρὰ
3311 1327 3413 1396 τὴν
3442 1326 3536 1379 τοῦ
3565 1326 3696 1380 Υῑοῦ
3721 1327 3845 1398 βού-

2269 1419 2424 1490 λησιν
2461 1421 2522 1472 οὐ
2562 1419 2784 1472 δύναται
2827 1418 2856 1470 6
2899 1418 3091 1488 Πατὴρ
3117 1417 3302 1470 λαϐεῖν
3329 1417 3496 1472 αὑτοῦ
3529 1417 3628 1488 τὴν
3646 1419 3844 1488 ψυχὴν,

2269 1514 2362 1566 καὶ
2386 1514 2450 1565 ὲκ
2470 1512 2664 1565 τούτου
2694 1509 3030 1579 στασιασμὸν
3063 1509 3158 1562 καὶ
3191 1508 3456 1579 διχόνοιαν
3487 1508 3757 1580 εἰσαγάγῃ
3789 1509 3847 1561 ὲν

2267 1607 2333 1674 τῇ
2372 1605 2472 1674 μιᾷ
2505 1603 2721 1674 θεότητι
2753 1601 2848 1655 τοῦ
2877 1601 3087 1673 Πατρὸς
3129 1601 3224 1654 καὶ
3243 1600 3338 1653 τοῦ
3369 1600 3522 1666 Υἱοῦ,
3549 1600 3614 1653 δι’
3645 1593 3718 1653 ὧν
3742 1616 3847 1669 φη-

2271 1713 2376 1760 σιν,
2405 1694 2636 1748 ’Έλαϐον
2675 1693 2914 1763 ἐντολὴν,
2948 1692 3361 1762 συμφωνοῦντα,
3402 1692 3496 1745 καὶ
3528 1691 3847 1745 συνθέλοντα

2271 1786 2405 1856 πρὸς
2434 1785 2593 1838 τοῦτο
2646 1784 2886 1837 δείκνυσι
2944 1785 3039 1838 καὶ
3077 1784 3167 1836 τὸν
3225 1783 3466 1852 Πατέρα,
3500 1783 3592 1835 καὶ
3635 1782 3710 1844 ὡς
3741 1783 3849 1836 ἀπό

583 1884 752 1924 sensu
798 1867 866 1924 ad
922 1868 977 1924 id
1021 1883 1082 1925 se
1135 1869 1322 1922 venire
1371 1866 1595 1934 fatetur,
1641 1870 1863 1925 tametsi
1917 1870 2034 1940 ipse
2081 1877 2166 1925 est

2274 1875 2402 1946 μιᾶς
2432 1873 2660 1943 γνώμης
2703 1873 2787 1936 εἰς
2827 1871 2985 1924 τοῦτο
3034 1873 3325 1943 παρελθεῖν
3353 1873 3625 1942 ὁμολογεῖ.
3669 1877 3717 1926 εἰ
3756 1876 3850 1928 καὶ

583 1961 763 2016 Patris
795 1960 1116 2026 consilium,
1158 1958 1302 2029 quod
1347 1959 1514 2014 etiam
1569 1960 1862 2014 conveniet
1906 1961 2166 2016 incarna-

583 2051 742 2106 tioni.
789 2049 930 2121 Ergo
982 2050 1301 2104 mandatum
1366 2050 1574 2105 indicat
1635 2053 1992 2108 concmdiam
2043 2068 2168 2108 cum

582 2141 782 2205 Patre,
844 2140 950 2197 etsi
1003 2140 1286 2195 humiliter
1341 2140 1616 2209 loquatur.
1667 2141 1981 2196 Mandatum
2035 2157 2170 2196 vero

584 2239 670 2287 est
699 2245 801 2302 pro
834 2229 1041 2285 mundo
1075 2231 1237 2286 mori.
1269 2228 1516 2284 Mandati
1549 2247 1682 2301 ergo
1731 2232 1853 2286 loco
1886 2233 2172 2302 accepisse

583 2341 644 2381 sc
679 2324 872 2379 dicens
913 2323 965 2377 id
996 2321 1144 2393 quod
1170 2321 1315 2392 apud
1353 2321 1570 2377 Patrem
1603 2323 1781 2377 visum
1811 2332 1896 2378 est
1926 2339 1985 2378 se
2021 2331 2171 2380 recte

585 2414 811 2477 habere,
843 2427 953 2467 non
991 2412 1259 2466 minorem
1299 2426 1361 2466 se
1399 2409 1560 2465 Patre
1596 2412 1748 2477 facit,
1787 2414 2168 2468 natura-exsi-

585 2513 740 2559 stens
784 2502 952 2564 Deus,
978 2501 1072 2557 sed
1121 2513 1306 2556 servat
1338 2499 1392 2554 id
1439 2500 1587 2570 quod
1621 2503 1880 2557 convenit
1917 2503 2172 2558 humani-

582 2596 706 2652 tati.
733 2595 877 2662 Quin
911 2594 1077 2650 etiam
1113 2593 1338 2663 subiicit
1362 2594 1560 2649 animis
1593 2609 1652 2648 se
1689 2609 1813 2649 eum
1846 2595 2167 2665 prophetam

583 2703 726 2753 esse,
751 2687 820 2744 de
858 2702 968 2757 quo
1003 2685 1136 2740 dicit
1188 2685 1350 2741 Pater
1383 2703 1398 2742 :
1436 2705 1456 2738 ι
1492 2685 1774 2756 Loquetur
1810 2687 2169 2756 quemadmo-

583 2781 714 2835 dum
765 2777 1216 2833 mandaverimus
1263 2777 1315 2832 ei
1349 2777 1367 2807 ί
1404 2795 1418 2832 :
1451 2779 1893 2832 communionem
1949 2779 2164 2833 consilii

583 2887 706 2926 cum
753 2869 866 2924 Deo
915 2877 971 2924 et
1010 2868 1172 2923 Patre
1230 2875 1492 2939 tanquam
1536 2869 1856 2923 mandatum
1897 2885 1956 2924 se
2008 2884 2169 2924 acce-

582 2965 729 3035 pisse
761 2963 972 3018 dicens.
1004 2960 1164 3027 Quod
1197 2961 1422 3030 quidem
1472 2961 1691 3016 dicebat
1724 2961 1791 3015 ad
1823 2960 2065 3026 Iudaeos,
2098 2978 2169 3018 ne

584 3057 989 3109 arbitrarentur
1029 3067 1155 3107 eum
1201 3059 1402 3122 praeter
1445 3054 1702 3107 mandata
1756 3051 1938 3109 Patris
1991 3047 2165 3123 loqui.

582 3146 774 3215 Neque
811 3160 944 3199 vero
973 3152 1027 3199 te
1059 3141 1243 3197 turbet
1275 3141 1420 3214 quod
1452 3141 1614 3199 Pater
1642 3144 1928 3214 preprium
1960 3142 2162 3198 Filium

2272 1965 2436 2028 αὐτός
2459 1966 2606 2017 ἐστιν
2646 1966 2679 2034 ἡ
2721 1961 2815 2016 τοῦ
2861 1963 3075 2034 Πατρὸς
3101 1963 3292 2034 βουλή·
3329 1964 3560 2034 ἁρμόσει
3599 1963 3656 2016 δὲ
3692 1964 3851 2017 τοῦτο

2271 2058 2366 2112 καὶ
2393 2059 2458 2129 τῇ
2490 2055 2628 2126 μετὰ
2663 2055 2864 2121 σαρκὸς
2896 2055 3197 2126 οἰκονομίᾳ.
3248 2055 3311 2108 Ἠ
3352 2050 3446 2108 οὖν
3479 2053 3667 2126 ἐντολὴ
3701 2055 3852 2126 δηλοῖ

2269 2149 2368 2220 τὴν
2394 2148 2646 2218 ὁμόνοιαν
2685 2146 2782 2218 τὴν
2817 2146 2954 2217 πρὸς
2977 2145 3067 2199 τὸν
3099 2145 3341 2218 Πατέρα,
3369 2148 3417 2199 εἰ
3461 2147 3554 2200 καὶ
3580 2147 3853 2209 ταπεινῶς

2270 2239 2440 2292 λαλεῖ.
2485 2238 2637 2291 Ἡδὲ
2669 2237 2854 2308 ἐντολή
2895 2238 3066 2303 ἔστιν,
3111 2237 3405 2291 ἀποθανεῖν
3445 2238 3585 2308 ὑπὲρ
3621 2237 3718 2291 τοῦ
3759 2239 3851 2291 κό-

2273 2346 2434 2402 σμου.
2475 2329 2728 2398 Ἐντολῆς
2767 2328 2823 2381 δὲ
2853 2328 3006 2393 τάξει
3044 2328 3438 2400 παρειληφέναι
3473 2329 3646 2398 λέγων
3679 2329 3738 2382 τὸ
3767 2330 3853 2382 δό-

2271 2423 2368 2490 ξαν
2393 2422 2545 2493 παρὰ
2583 2420 2661 2491 τῷ
2687 2420 2861 2491 Πατρὶ
2897 2419 3068 2490 ὀρθῶς
3098 2418 3263 2489 ἔχειν,
3294 2421 3395 2472 οὐκ
3417 2421 3630 2472 ἐλαττοῖ
3665 2420 3854 2473 ἑαυτὸν

2269 2515 2364 2569 τοῦ
2411 2513 2647 2584 Πατρὸς,
2679 2511 2754 2564 ὢν
2786 2510 2943 2580 φύσει
2973 2509 3124 2574 Θεὸς,
3156 2509 3292 2563 ἀλλὰ
3318 2511 3378 2563 τὸ
3416 2510 3514 2581 μὲν
3544 2511 3756 2582 πρέπον
3788 2513 3854 2582 τῇ

2271 2606 2685 2678 ὲνανθρωπήσει
2733 2605 2912 2674 τηρεῖ.
2944 2602 3090 2672 Πλὴν
3114 2602 3525 2674 ὑπομιμνήσκει
3564 2605 3646 2658 ὅτι
3696 2604 3858 2666 αὐτός

2271 2701 2419 2752 ἐστιν
2443 2699 2471 2749 6
2500 2697 2810 2767 προφήτης,
2853 2693 2983 2763 περὶ
3027 2685 3087 2746 οὗ
3121 2690 3273 2746 εἶπεν
3304 2697 3331 2747 6
3362 2694 3572 2767 Πατὴρ,
3595 2697 3680 2748 ὅτι
3705 2715 3723 2748 ι
3751 2698 3859 2748 Λα-

2270 2790 2443 2860 λήσει,
2469 2787 2658 2842 καθότι
2692 2786 2756 2840 ἂν
2791 2785 3115 2853 ἐντείλωμεν
3158 2784 3305 2856 αὐτῷ
3333 2803 3346 2817 ·
3393 2805 3411 2838 ›
3451 2789 3549 2856 τὴν
3590 2788 3730 2859 πρὸς
3767 2787 3858 2840 τὸν

2269 2880 2405 2933 Θεὸν
2432 2879 2525 2932 καὶ
2547 2877 2768 2948 Πατέρα
2812 2877 3204 2939 κοινοϐουλῐαν,
3242 2877 3318 2940 ὡς
3357 2877 3576 2949 ὲντολῆν
3608 2877 3856 2950 δεδέχθαι

2271 2971 2466 3034 λέγων.
2500 2970 2678 3042 Ὅπερ
2717 2969 2870 3037 ἔλεγε
2905 2969 3043 3040 πρὸς
3089 2969 3379 3032 Ἰουδαίους
3402 2969 3539 3040 πρὸς
3569 2969 3630 3022 τὸ
3661 2970 3736 3041 μὴ
3767 2987 3856 3023 νο-

2276 3060 2453 3132 μίζειν
2480 3060 2642 3114 αὐτὸν
2705 3060 2856 3132 παρὰ
2900 3060 2970 3115 τὰ
3025 3059 3119 3113 τοῦ
3154 3060 3369 3131 Πατρὸς
3402 3059 3583 3115 λαλεῖν
3614 3061 3855 3131 προστά-

2272 3170 2480 3223 γματα.
2513 3153 2575 3205 Εἰ
2604 3152 2660 3205 δὲ
2703 3153 2989 3222 προφήτην
3041 3151 3293 3222 ὠνόμασε
3343 3151 3433 3204 τὸν
3474 3153 3603 3205 ἴδιον
3654 3153 3783 3206 Υῐὸν
3828 3151 3860 3204 6

584 3235 1122 3292 consubstantialem
1153 3234 1474 3304 prophetam
1512 3235 1874 3305 appellaverit
1902 3254 1914 3289 :
1948 3235 2168 3306 quando

2272 3246 2464 3316 Πατὴρ
2501 3245 2590 3297 τὸν
2619 3245 2927 3315 ὁμοούσιον,
2962 3243 3036 3313 μὴ
3069 3242 3398 3313 θορυϐηθῇςο
3439 3244 3528 3296 ὅτε
3559 3244 3668 3312 γὰρ
3694 3245 3858 3314 γέγο-

583 3331 731 3386 enim
777 3327 959 3382 factus
984 3332 1070 3382 est
1113 3324 1304 3392 homo,
1349 3332 1486 3380 tunc
1532 3327 1838 3396 quadrasse
1881 3327 1986 3397 ipsi
2034 3342 2166 3397 pro-

584 3423 764 3493 phetae
799 3434 1022 3481 nomen,
1052 3424 1188 3471 tunc
1225 3417 1481 3472 mandata
1521 3418 1571 3473 ei
1606 3432 1633 3470 a
1673 3417 1839 3473 Patre
1867 3418 1995 3472 data
2037 3433 2169 3473 esse

584 3512 947 3576 meonomice,
980 3511 1086 3564 hoc
1136 3517 1222 3563 est
1274 3517 1497 3564 servato
1541 3525 1729 3564 rerum
1771 3508 1987 3575 ordine,
2015 3509 2168 3565 dice-

585 3619 731 3659 mus.
777 3603 1103 3673 Quanquam
1166 3601 1260 3672 qui
1315 3601 1516 3670 accipit
1565 3600 1826 3655 mandata
1885 3615 1997 3656 non
2042 3615 2170 3670 pro-

586 3706 772 3768 pterea
807 3698 986 3751 minor
1011 3702 1107 3750 aut
1137 3693 1425 3750 dissimilis
1455 3693 1637 3764 quoad
1672 3700 1929 3747 naturam
1957 3701 2012 3747 et
2040 3692 2171 3748 sub-

586 3789 844 3846 stantiam
884 3786 1196 3851 mandanti,
1229 3785 1451 3856 quando
1482 3795 1536 3840 et
1560 3785 1812 3839 homines
1851 3783 2170 3840 hominibus

581 3882 802 3951 jubent,
849 3887 904 3935 et
936 3878 1117 3949 angeli
1143 3877 1378 3948 angelis,
1419 3891 1520 3932 nec
1567 3885 1793 3947 propter
1844 3875 1951 3930 hoc
1991 3886 2168 3931 tamen

587 3973 727 4026 alios
767 3979 964 4026 natura
1007 3968 1093 4024 vel
1141 3968 1442 4024 inferiores
1495 3967 1684 4036 iussos
1738 3965 1997 4022 dicimus.
2026 3963 2171 4036 Ergo

587 4076 768 4132 neque
814 4060 978 4115 Patre
1005 4058 1178 4116 Filius
1213 4058 1466 4123 inferior,
1515 4058 1621 4113 etsi
1657 4056 1838 4114 factus
1865 4066 1952 4115 est
1982 4057 2168 4122 homo,

515 4205 518 4210 .
589 4162 648 4208 ut
677 4153 838 4209 nobis
867 4153 1046 4207 omnis
1080 4151 1306 4208 virtutis
1335 4149 1645 4220 exemplum
1683 4149 1837 4205 lieret
1872 4171 1884 4204 :
1916 4164 2088 4220 quare
2118 4155 2172 4203 et

586 4248 692 4302 hoc
731 4247 888 4302 docet
935 4254 1190 4314 oportere
1238 4259 1340 4299 nos
1375 4242 1524 4297 dicto
1573 4240 1863 4296 audientes
1907 4257 2034 4296 esse
2072 4257 2170 4310 pa—

585 4340 862 4401 rentibus,
910 4338 1016 4394 etsi
1071 4352 1235 4408 pares
1288 4351 1480 4392 sumus
1521 4334 1827 4388 secundum
1889 4341 2168 4388 naturam.

585 4431 906 4500 Aliquando
966 4445 1100 4485 vero
1149 4445 1178 4482 a
1212 4427 1378 4482 Patre
1415 4426 1649 4492 dictum,
1683 4424 1969 4490 mandabo,
2000 4425 2171 4495 signi-

589 4525 714 4578 licat
748 4522 1162 4589 convenienter,
1208 4520 1428 4583 faciam,
1463 4528 1524 4572 ut
1563 4535 1692 4572 cum
1743 4518 1879 4573 dicit
1912 4539 1925 4574 :
1964 4538 1982 4571 ι
2017 4519 2170 4572 Man-

2271 3352 2358 3388 νεν
2390 3335 2696 3405 ἅνθρωπος,
2723 3334 2842 3386 τότε
2880 3331 3158 3403 ἡρμόσθαι
3185 3333 3337 3403 αὐτῷ
3372 3334 3466 3385 καὶ
3504 3335 3563 3386 τὸ
3593 3333 3688 3388 τοῦ
3723 3352 3861 3406 προ-

2271 3426 2442 3496 φήτου
2483 3425 2685 3495 ὄνομα·
2715 3423 2836 3476 τότε
2892 3422 2987 3475 καὶ
3032 3420 3252 3484 ἐντολὰς
3301 3421 3448 3492 αὐτῷ
3479 3423 3722 3476 δεδόσθαι
3757 3440 3860 3492 φα·

2273 3518 2372 3588 μὲν
2395 3515 2546 3586 παρὰ
2577 3514 2670 3568 τοῦ
2709 3514 2919 3585 Πατρὸς
2966 3514 3347 3586 οἰκονομικῶς.
3392 3513 3536 3585 Πλὴν
3578 3518 3606 3567 6
3645 3515 3858 3585 λαμϐά-

2271 3625 2377 3661 νων
2399 3605 2655 3670 νὲντολὰς,
2683 3607 2743 3658 οὐ
2775 3601 2922 3659 κατᾶ
2939 3605 3098 3659 τοῦτο
3127 3606 3364 3660 ἐλάττων
3399 3606 3430 3676 ἢ
3461 3607 3714 3676 ἀνόμοιός
3740 3608 3857 3660 ὲστι

2270 3695 2372 3765 τῆς
2401 3693 2494 3748 τοῦ
2522 3693 2902 3762 ὲντελλομένου
2946 3693 3134 3757 οὐσίας
3165 3694 3198 3766 ἢ
3240 3694 3476 3764 φύσεως,
3513 3695 3646 3748 ὅπου
3670 3712 3734 3764 γε
3765 3695 3859 3749 καλ⁹

2271 3787 2548 3858 ἄνθρωποι
2580 3784 2888 3856 ἀνθρώποις
2925 3786 3282 3851 ἐντέλλονται,
3316 3788 3411 3840 καὶ
3438 3786 3661 3854 ἄγγελοι
3684 3786 3857 3857 ἀγγέ-

2271 3879 2404 3943 λοις,
2433 3879 2528 3933 καὶ
2562 3879 2623 3931 οὐ
2663 3879 2752 3932 διὰ
2790 3878 2949 3932 τοῦτο
2990 3880 3308 3950 ἐτεροφυεῖς
3340 3880 3373 3950 ἢ
3405 3879 3693 3944 ἐλάττονας
3732 3880 3858 3942 τοὺς

2273 3971 2735 4042 ἐπιταττομένους
2779 3971 3032 4041 λέγομεν.
3068 3971 3182 4024 Οὐκ
3215 3966 3310 4024 οὖν
3351 3969 3471 4024 οὕτε
3519 3970 3614 4024 τοῦ
3648 3971 3859 4042 Πατρὸς

2273 4066 2302 4118 6
2330 4066 2455 4129 Υἱὸς
2488 4065 2745 4130 ἐλάττων,
2797 4067 2845 4117 εξ
2877 4066 2971 4117 καὶ
3003 4064 3224 4133 γέγονεν
3261 4064 3546 4136 ἅνθρωπος
3581 4065 3666 4118 ἵνα
3700 4065 3858 4133 γένη-

2273 4175 2362 4210 ται
2391 4157 2521 4226 ἡμῖν
2553 4156 2733 4224 πάσης
2759 4153 3123 4224 ὑπογραμμὸς
3160 4152 3380 4224 ἀρετῆς·
3414 4151 3494 4204 διὸ
3552 4154 3647 4206 καὶ
3700 4151 3858 4205 τοῦτο

2269 4248 2510 4302 διδάσκει
2559 4248 2641 4301 ὅτι
2677 4247 2784 4318 χρὴ
2819 4249 2932 4310 τοῖς
2972 4245 3222 4313 γονεῦσιν
3255 4243 3552 4297 ὑπακούειν
3597 4245 3765 4315 ἡμᾶς,
3809 4243 3858 4295 εἰ

2274 4338 2368 4392 καὶ⁵
2386 4337 2447 4390 τὸ
2480 4337 2592 4390 ἴσον
2625 4336 2822 4406 ἔχομεν
2849 4337 2992 4390 κατὰ
3021 4335 3119 4403 τὴν
3148 4334 3330 4402 φύσιν.
3358 4333 3516 4386 Ἔστι
3545 4334 3602 4388 δὲ
3634 4335 3769 4387 ὅπου
3797 4333 3859 4386 τὸ

2275 4429 2426 4501 παρὰ
2461 4428 2555 4480 τοῦ
2604 4426 2816 4497 Πατρὸς
2843 4425 3157 4495 λεγόμενον,
3186 4425 3560 4495 ἐντελοῦμαι,
3603 4427 3754 4498 δηλοῖ
3776 4426 3856 4492 τὸ,

2275 4518 2554 4589 ἀραρότως
2598 4517 2830 4586 ποιήσω,
2888 4516 2965 4579 ὡς
2996 4516 3126 4568 ὅταν
3155 4515 3307 4586 εἴπῃ·
3339 4533 3358 4567 ι
3402 4516 3511 4569 Καὶ
3538 4516 3859 4587 ὲντελοῢμαι

586 4617 728 4671 dabo
775 4614 872 4668 toti
909 4613 1118 4668 mundo
1158 4612 1326 4678 mala,
1358 4620 1412 4666 et
1438 4611 1621 4679 impiis
1655 4617 1884 4680 peccata
1928 4625 2030 4665 sua
2058 4613 2100 4662 ’.
2146 4630 2164 4661 ι

2275 4612 2340 4679 τῇ
2367 4607 2660 4678 οἰκουμένῃ
2683 4609 2780 4679 ὅλῃ
2827 4607 2996 4672 κακὰ,
3033 4606 3128 4661 καὶ
3158 4609 3272 4670 τοῖς
3305 4607 3525 4661 ἀσεϐέσι
3547 4608 3648 4672 τὰς
3680 4610 3860 4678 ἁμαρ-

586 4707 833 4763 Tametsi
869 4712 922 4760 et
959 4719 1360 4774 nonnunquam
1414 4703 1660 4768 loquitur
1695 4701 1867 4757 Filius
1901 4717 1999 4772 per
2033 4717 2170 4756 con-

586 4798 1032 4860 descensionem,
1087 4802 1146 4849 ut
1197 4811 1300 4850 nos
1357 4793 1652 4848 ineﬂabilia
1695 4794 1946 4857 oracula,
1991 4795 2172 4866 quoad

585 4892 708 4961 ejus
760 4890 878 4944 ﬁeri
933 4895 1134 4958 potest,
1190 4886 1564 4956 intelligamus
1621 4904 1634 4939 :
1689 4894 1744 4939 et
1804 4893 1989 4940 tamen
2043 4901 2170 4940 eum

587 4980 910 5035 mandatum
951 4977 1234 5046 accepisse
1269 4977 1454 5030 dicere
1509 4992 1618 5031 non
1671 4976 1812 5030 tollit
1848 4979 2014 5030 Deum
2049 4991 2172 5032 esse

589 5082 786 5128 natura
825 5070 1184 5126 exsistentem
1213 5067 1405 5122 Deum.
1436 5065 1534 5123 Vel
1575 5068 1744 5138 igitur
1773 5068 1863 5122 dic
1893 5068 2084 5132 Deum,
2117 5077 2172 5123 et

589 5163 832 5219 concede
865 5161 1070 5216 habere
1095 5159 1281 5213 omnia
1312 5174 1435 5229 quae
1464 5160 1656 5214 deitati
1691 5161 2051 5225 conveniunt,
2085 5161 2171 5216 vel

589 5257 680 5311 dic
730 5256 910 5324 ipsum
953 5260 1267 5306 creaturam
1322 5251 1636 5306 manifesto.
1669 5251 1780 5307 Nec
1815 5257 1959 5307 enim
2011 5268 2171 5308 acce-

591 5346 740 5416 pisse
779 5341 1094 5397 mandatum
1125 5341 1236 5394 ulla
1266 5341 1427 5412 662
1471 5352 1628 5411 parte
1665 5344 2001 5398 naturalium
2045 5360 2174 5413 pcr-

2276 4698 2398 4762 τίας
2432 4697 2633 4752 αὐτῶν.
2668 4717 2686 4749 ι
2734 4696 2880 4768 Πλὴν
2929 4698 3022 4750 καὶ
3075 4698 3560 4765 συγκαταϐατικῶς
3613 4699 3725 4752 ἔσθ’
3771 4699 3860 4751 ὅτε

2278 4790 2430 4845 λαλεί
2457 4792 2485 4843 6
2511 4789 2658 4853 Υἱὸς,
2693 4789 2780 4842 διὰ
2815 4788 2876 4842 τὸ
2915 4790 3062 4860 ἡμᾶς
3097 4789 3308 4858 νοῆσαι,
3337 4789 3411 4855 ῶς
3455 4789 3571 4844 ἐστι
3614 4789 3858 4856 δυνατὸν,

2277 4883 2347 4936 τὰ
2380 4884 2596 4953 άῤῥητα
2623 4881 2777 4948 λόγια
2809 4881 2956 4950 ὅμως
2985 4881 3046 4933 οὐ
3088 4879 3148 4932 τὸ
3176 4883 3349 4934 εἰπεῖν
3382 4882 3464 4934 ὅτι
3497 4881 3716 4952 ἐντολὴν
3738 4880 3860 4933 ἐλα-

2279 4973 2393 5038 ϐεν,
2416 4977 2558 5026 ποιεῖ
2588 4973 2662 5042 μὴ
2693 4969 2830 5025 εἶναι
2854 4971 2986 5024 Θεὸν
3012 4971 3103 5024 τὸν
3138 4971 3296 5041 φύσει
3325 4972 3454 5025 ὄντα
3479 4973 3633 5026 Θεόν.
3676 4974 3746 5026 Ἦ
3767 4969 3861 5026 οὖν

2279 5065 2403 5133 λέγε
2430 5064 2582 5128 Θεὸν,
2621 5064 2716 5116 καὶ
2746 5064 2888 5115 δίδου
2921 5063 3021 5115 ὃσα
3041 5065 3106 5133 τῇ
3140 5063 3354 5133 Θεότητι
3385 5062 3612 5134 ἁρμόζει
3641 5061 3857 5134 ἔχειν,ἢ

2277 5157 2403 5224 λέγε
2433 5157 2596 5210 αὐτὸν
2627 5156 2834 5225 κτίσμα
2861 5155 3129 5225 φανερῶς.
3163 5154 3237 5208 Οὐ
3267 5153 3374 5224 γὰρ
3404 5154 3466 5206 τὸ
3503 5153 3686 5208 λαϐεῖν
3707 5158 3879 5240 ἐντοσί·

2277 5249 2396 5321 λὴν,
2427 5249 2624 5319 γυμνοί
2648 5246 2755 5300 τῶν
2781 5245 3024 5314 φυσικῶν
3053 5263 3158 5299 τινι
3183 5244 3510 5316 προσώπων·
3541 5247 3730 5316 ἐπειδὴ
3761 5243 3876 5299 ὅσα

2274 5343 2303 5396 6
2325 5339 2514 5410 Πατὴρ
2544 5338 2847 5392 ἐνετείλατο
2878 5338 2954 5408 τῷ
2983 5336 3099 5408 Υἱῷ
3136 5337 3305 5389 ταῦτα
3333 5336 3502 5402 λαλεῖ,
3531 5338 3625 5391 καί
3654 5353 3817 5408 φησιν
3840 5351 3852 5366 π

591 5447 856 5491 sonarum
885 5431 1120 5499 spoliat:
1157 5431 1607 5501 quandoquidem
1640 5449 1984 5504 quaecunque
2011 5433 2170 5489 Pater

2283 5453 2301 5484 ι
2344 5431 2486 5499 Ἐγὼ
2516 5433 2608 5484 καὶ
2637 5431 2665 5482 6
2691 5430 2882 5502 Πατὴρ
2922 5431 2978 5484 ἓν
3009 5430 3196 5498 ἐσμεν,
3240 5448 3258 5481 ι
3300 5429 3613 5498 ἠνάγκασεν
3659 5431 3852 5491 εἰπεῖν,

589 5519 873 5576 mandavit
924 5519 1070 5574 Filio
1124 5521 1239 5576 hate
1293 5523 1571 5592 loquitur,
1617 5532 1672 5578 et
1721 5525 1798 5577 ait
1837 5543 1850 5578 :
1889 5543 1908 5576 t
1955 5524 2067 5594 Ego
2119 5533 2170 5579 et

2280 5525 2404 5592 ἦτοι
2436 5524 2519 5576 ὅτι
2543 5520 2832 5591 ἀληθεύειν
2864 5522 2891 5572 ὁ
2913 5519 3102 5590 Πατὴρ
3132 5519 3434 5573 ἐνετείλατο
3459 5521 3535 5593 τῷ
3559 5520 3688 5591 Υἰῷ,
3713 5521 3744 5590 ἢ
3773 5520 3854 5572 ὅτι

592 5611 754 5667 Pater
783 5627 952 5666 unum
979 5626 1171 5668 sumus
1197 5613 1238 5677 ³,
1281 5632 1298 5664 ›
1342 5627 1574 5670 necesse
1610 5615 1708 5671 tibi
1747 5624 1836 5671 est
1865 5617 2049 5672 dicere
2079 5617 2163 5670 vel

2276 5610 2584 5685 ψεύδεσθαι.
2627 5613 2692 5664 "A
2720 5610 2829 5682 γὰρ
2859 5610 3049 5665 ἔλαϐεν
3094 5613 3123 5664 ό
3167 5610 3296 5675 Υἱὸς
3350 5612 3568 5674 ἐντολὴν
3599 5612 3845 5684 λαλῆσαι,

668 5790 683 5822 ³
715 5788 895 5846 Jerem
966 5806 1120 5855 nix,
1163 5791 1258 5847 23.
1335 5795 1355 5825 '
1387 5789 1493 5848 lsa.
1524 5809 1645 5856 xm.
1677 5795 1761 5850 il.
1838 5795 1858 5828 ³
1887 5793 2050 5852 Joan.
2083 5812 2138 5856 x.
2176 5796 2266 5853 50.
