4104 6428
344 423 418 482 l3
1132 418 1200 475 IN
1233 414 1572 476 JOANNEM.
1603 448 1670 461 —
1723 418 1857 477 LIB.
1900 418 1989 478 Vill
2048 418 2138 478 ΕΤ
2192 423 2310 480 Vill
2349 423 2799 481 FRAGMENTA.
3533 438 3600 495 η

343 537 520 592 λαλεῖ·
556 552 577 587 ι
616 534 675 587 Ὅ
703 532 925 604 πέμψας
957 533 1086 607 γὰρ,
1128 536 1283 607 φησὶ,
1311 536 1522 608 Πατὴρ,
1550 536 1769 609 ἐντολὴν
1795 536 1918 592 ἔδω-

2024 537 2168 609 quod
2189 551 2315 595 vera
2335 539 2486 611 loqui
2507 538 2671 597 Pater
2693 539 2975 597 mandavit
2990 539 3155 611 Filio,
3174 522 3258 602 vel
3284 549 3426 621 quod
3447 567 3604 609 men-

344 645 413 682 κε
438 627 494 681 τί
519 626 658 680 εῐπω
686 625 782 680 καὶ
809 627 863 679 τί
883 626 1122 699 λαλήσω.
1155 646 1176 681 ι
1217 628 1280 682 Et
1302 628 1358 681 δὲ
1388 629 1484 681 καὶ
1510 624 1662 683 εἶπεν
1689 629 1770 683 ὅτι
1807 647 1827 682 ι
1870 630 1929 683 '0

345 718 543 790 Πατήρ
561 736 662 788 μου
692 717 894 790 μείζων
926 719 1026 790 μού
1062 720 1230 785 ἐστιν,
1260 738 1277 772 ι
1311 719 1463 773 οὐδὲν
1490 720 1748 776 ἐναντίον.
1778 720 1927 774 Καθὺ

349 810 454 883 μὲν
472 812 583 883 γὰρ
609 810 769 879 φύσει
795 810 948 876 Θεὸς,
973 812 1088 875 ἴσος
1120 812 1198 883 τῷ
1225 814 1417 884 Πατρὶ,
1446 813 1580 866 καθὸ
1612 813 1668 867 δὲ
1703 813 1925 882 γέγονεν

344 897 640 971 ἄνθρωπος
673 900 770 953 καὶ
819 900 1180 954 ἐταπείνωσεν
1210 901 1420 969 ἑαυτὸν,
1451 902 1521 956 τὰ
1551 903 1826 973 πρέποντα
1861 905 1927 975 τῇ

344 991 733 1064 ἁνθρωπότητι
774 992 993 1063 ῥήματα
1036 993 1190 1047 λαλεῖ
1229 995 1606 1064 οίκονομικῶς.
1637 996 1828 1065 Ὅμως
1864 996 1929 1048 τὸ

342 1087 447 1154 τῆς
487 1083 708 1153 ἐντολῆς
752 1083 922 1153 ὄνομα
950 1082 1149 1150 ἔξωθεν
1181 1085 1281 1155 τῆς
1310 1085 1498 1149 οὐσίας
1532 1086 1795 1156 ὑπάρχον,
1828 1086 1930 1141 οὐκ

343 1173 417 1227 ἂν
434 1173 653 1241 γένοιτο
674 1172 777 1243 τῆς
800 1174 992 1239 οὐσίας
1012 1176 1181 1247 ἔγκλη
1191 1193 1289 1246 μα·
1320 1172 1382 1228 ού
1415 1177 1524 1247 γάρ
1554 1177 1612 1229 ὲν
1643 1176 1723 1247 τῷ
1748 1177 1928 1230 ἐντέλ-

341 1263 542 1317 λεσθαι
573 1264 667 1317 τὸν
695 1260 934 1334 Πατέρα,
966 1264 1027 1318 τὸ
1058 1261 1197 1319 εἷναί
1222 1267 1338 1320 ἐστι
1366 1266 1443 1338 τῷ
1472 1266 1607 1337 Υίῷ,
1631 1268 1931 1322 οὐδὲτοῦτο

341 1354 562 1424 γένοιτό
592 1371 721 1408 ποτε
744 1358 846 1426 τῆς
878 1355 1067 1419 οὐσίας
1093 1358 1235 1426 ὅρος.
1278 1347 1399 1411 οἶδε
1437 1357 1618 1411 τοίνυν
1647 1361 1676 1412 ὁ
1708 1358 1832 1422 Υίὸς
1853 1359 1931 1423 ὡς

338 1444 517 1517 βουλὴ
552 1444 647 1499 καὶ
678 1447 839 1513 σοφία
870 1445 964 1499 τοῦ
995 1446 1230 1518 Πατρός,
1266 1447 1327 1501 τὸ
1356 1448 1639 1520 ἀραρότως
1665 1447 1928 1519 κεκριμέ-

340 1553 441 1590 νον
467 1538 601 1609 παρ’
623 1536 811 1591 αὐτοῦ.
845 1538 908 1589 Et
943 1537 997 1590 δὲ
1026 1536 1102 1601 ὡς
1139 1537 1356 1610 ἐντολὴν
1405 1537 1637 1610 δέχεται,
1679 1538 1754 1610 μὴ
1796 1537 1928 1593 θαυ-

345 1625 557 1697 μάσῃςσ
609 1624 972 1697 ἀνθρωπίνοις
1000 1625 1111 1697 γὰρ
1138 1626 1318 1695 λόγοις
1362 1626 1433 1681 τά
1470 1627 1606 1699 ὑπὲρ
1638 1627 1793 1697 λόγον
1834 1645 1929 1699 ση-

343 1716 626 1787 μαίνεται,
665 1716 761 1770 καὶ
808 1717 879 1770 τὰ
915 1720 1038 1782 ταῖς
1087 1715 1382 1789 ἡμετέραις
1423 1719 1638 1792 ἄρρητα
1702 1721 1928 1790 φωναῖς,

338 1805 708 1878 κατεσπάσθη
763 1806 902 1877 πρὸς
949 1807 1040 1860 τὸν
1095 1806 1251 1877 λόγον
1303 1807 1395 1862 τὸν
1432 1810 1490 1861 ἐν
1521 1809 1673 1879 ἡμῖν,
1715 1809 1801 1863 ῖνα
1836 1809 1930 1863 καὶ

338 1899 489 1951 νοεῖν
541 1897 871 1968 ἰσχύσωμεν.
904 1896 1287 1970 Αίτιασώμεθα
1330 1899 1530 1964 τοίνυν,
1584 1900 1646 1952 οὐ
1694 1898 1792 1971 τὴν
1835 1900 1929 1954 τοῦ

342 1989 676 2060 πράγματος
705 1990 960 2056 ἀτοπίαν,
993 1990 1130 2045 ἀλλὰ
1163 1991 1263 2063 τὴν
1305 1990 1414 2045 τῶν
1469 1991 1730 2063 ῥημάτων
1769 1991 1928 2045 ἀσθέ-

338 2096 498 2134 νειαν
540 2081 602 2133 οὐ
648 2080 965 2151 δυναμένων
1013 2080 1322 2151 ἐφικέσθαι,
1374 2080 1494 2134 καθ’
1538 2081 1599 2136 δν
1644 2081 1750 2136 εδει
1797 2082 1926 2153 τρό-

340 2187 470 2233 πον,
503 2172 605 2241 τῆς
634 2169 742 2223 τῶν
775 2171 1118 2243 πραγμάτων
1175 2170 1462 2241 ποιότητος
1507 2170 1603 2224 καὶ
1661 2170 1924 2242 ἀκριϐοῦς

339 2258 367 2311 ἔ
373 2278 407 2329 ρ
415 2260 668 2330 μηνείας.

2031 630 2147 685 tiri.
2171 630 2304 713 Quae
2331 632 2480 687 enim
2515 631 2571 685 in‘
2595 631 2870 689 mandatis
2897 632 3088 689 habuit
3117 635 3291 694 Filius
3324 648 3381 694 ιιι
3409 641 3599 714 loque-

2032 726 2209 786 retur,
2244 720 2493 789 loquitur
2526 737 2539 793 ι
2578 737 2599 770 ι
2627 719 2732 786 Qui
2773 736 2860 777 me
2888 724 3033 777 enim
3061 725 3208 780 misit
3242 724 3601 794 Pater,mano

2033 809 2222 864 datum
2264 810 2415 865 dedit
2451 809 2581 878 quid
2625 809 2804 863 dicam
2847 818 2918 866 et'
2943 814 3089 883 quod
3118 816 3315 886 loquar
3342 817 3383 874 ⁸.
3429 838 3449 871 ι
3481 819 3603 877 Etsi

2028 912 2160 955 vero
2194 899 2334 954 dixit
2368 917 2383 954 :
2422 917 2442 950 ι
2487 897 2651 954 Pater
2686 914 2839 956 meus
2876 902 3058 972 major
3092 920 3178 960 me
3214 916 3298 961 est
3323 908 3368 971 ⁸,
3406 928 3425 960 ι
3465 911 3604 965 nihil

2029 996 2114 1047 est
2166 990 2532 1046 contrarium.
2561 989 2620 1045 ln
2668 999 2936 1061 quantum
2994 996 3140 1051 enim
3186 1005 3384 1053 natura
3436 998 3601 1067 Deus,

2028 1081 2263 1152 aqualis
2314 1088 2402 1136 est
2435 1079 2639 1135 Patri:
2682 1082 2736 1135 in
2786 1091 3052 1153 quantum
3100 1102 3231 1143 vero
3284 1087 3464 1145 factus
3518 1104 3604 1149 est

2031 1173 2216 1239 homo,
2261 1179 2315 1226 et
2364 1172 2672 1226 humiliavit
2724 1174 2992 1244 seipsum,
3022 1179 3187 1233 verba
3240 1196 3364 1250 quae
3409 1184 3604 1239 decent

2030 1261 2430 1318 humanitatem
2487 1264 2833 1320 meonemice
2885 1266 3151 1337 loquitur.
3212 1269 3603 1329 Verumtamen

2028 1355 2274 1410 mandati
2304 1369 2526 1421 nomen,
2551 1369 2675 1410 cum
2721 1367 2876 1412 extra
2918 1362 3215 1415 essentiam
3264 1364 3357 1429 sit,
3412 1367 3601 1420 nullo-

2029 1447 2195 1500 modo
2225 1446 2477 1501 essentiae
2514 1445 2838 1515 praejudicat
2875 1467 2887 1502 :
2923 1464 3034 1504 non
3082 1450 3231 1506 enim
3271 1453 3327 1508 in
3362 1470 3426 1510 eo
3458 1457 3602 1526 quod

2028 1532 2192 1588 Pater
2222 1535 2457 1604 imperat
2497 1544 2580 1590 est
2633 1552 2757 1593 esse
2807 1535 2972 1603 Filio,
3022 1555 3202 1610 neque
3255 1543 3306 1597 id
3360 1560 3600 1613 unquam

2032 1622 2196 1678 fuerit
2227 1625 2483 1680 essentia:
2513 1625 2786 1681 terminus
2819 1634 2915 1681 aut
2952 1627 3216 1685 deﬁnitio.
3246 1630 3405 1686 Novit
3435 1634 3603 1703 igitur

2030 1712 2205 1772 Filius
2230 1721 2513 1786 tanquam,
2532 1717 2822 1772 consilium
2847 1725 2902 1773 et
2931 1718 3200 1788 sapientia
3230 1721 3429 1791 Patris,
3456 1728 3603 1795 quod

2032 1806 2102 1861 ab
2128 1821 2194 1861 eo
2220 1808 2616 1863 convenienter
2640 1807 2948 1878 iudicatum
2977 1818 3079 1865 est.
3106 1808 3164 1864 Si
3184 1827 3313 1867 vero
3344 1824 3600 1886 tanquam

1961 1881 2006 1940 Β
2033 1897 2349 1952 mandatum
2384 1898 2610 1968 accipit,
2638 1914 2708 1955 ne
2741 1899 3003 1969 mireris;
3030 1899 3287 1957 humanis
3311 1881 3599 1962 enim-scr-

2034 1987 2291 2042 monibus
2320 2001 2443 2057 qua:
2473 2002 2641 2058 supra
2676 2003 2989 2045 sermonem
3035 1998 3166 2046 sunt
3194 1992 3600 2063 signiﬁcantur,

2031 2083 2087 2132 et
2115 2092 2237 2147 quae
2265 2078 2474 2135 nostris
2505 2079 2735 2135 vocibus
2775 2079 3012 2149 exprimi
3052 2094 3164 2135 non
3203 2091 3439 2152 possunt
3467 2098 3602 2139 eon-

2030 2174 2208 2223 tracta
2252 2178 2381 2224 sunt
2431 2168 2501 2223 ad
2536 2170 2805 2224 rationem
2848 2169 3121 2224 internam
3170 2185 3290 2240 qua!
3335 2170 3389 2225 in
3440 2172 3601 2228 nobis

2027 2268 2134 2325 est,
2162 2269 2220 2314 ut
2254 2259 2499 2331 cogitare
2523 2260 2823 2316 valeamus.
2853 2259 3033 2326 Quare
3070 2260 3445 2317 incusahimus
3486 2277 3600 2317 non

338 2370 538 2410 rerum
572 2352 927 2411 insolentiam
958 2364 1013 2411 et
1053 2350 1476 2422 absurditatem,
1530 2356 1628 2412 sed
1667 2355 1966 2411 verborum
2004 2352 2405 2422 inﬁrmitatem,
2455 2369 2578 2425 qua:
2633 2368 2820 2409 rerum
2875 2355 3198 2425 qualitatem
3257 2365 3603 2410 accuratam-

337 2465 452 2520 que
488 2451 1005 2520 interpretationem
1040 2466 1142 2522 pro
1177 2468 1365 2508 earum
1401 2452 1672 2524 dignitate
1704 2451 1926 2522 assequi
1963 2465 2072 2506 non
2112 2456 2369 2525 possunt.
2692 2458 2698 2463 ‘

411 2546 658 2611 Σχίσμα
684 2539 799 2600 οὖν
837 2543 1026 2598 πάλιν
1058 2545 1293 2615 ἐγένετο
1337 2546 1407 2600 ἐν
1431 2545 1555 2612 τοῖς
1598 2545 1920 2611 Ἰουδαίοις,

338 2632 439 2687 καὶ
472 2633 543 2685 τά
569 2632 717 2704 ἑξῆς.
1878 2628 1881 2631 ’

412 2723 651 2777 Κάτεισι
724 2723 820 2777 τοῦ
899 2724 1149 2796 Σωτῆρος
1203 2727 1231 2780 ὁ
1299 2727 1455 2795 λόγος
1521 2726 1602 2789 είς
1661 2725 1757 2790 τάς
1814 2724 1922 2778 τῶν

334 2816 712 2887 ἀκροωμένων
755 2816 1000 2888 καρδίας,
1036 2817 1130 2870 καὶ
1162 2816 1581 2889 τρυφερωτέρας
1612 2817 1712 2889 μὲν
1744 2816 1921 2889 εὑρὼν

340 2906 716 2978 μεταπλάττει
751 2908 1114 2979 παραχρῆμα,
1154 2909 1250 2961 καὶ
1292 2908 1430 2979 πρὸς
1458 2907 1570 2973 ἕξιν
1607 2900 1924 2979 μεθίστησιν

333 2998 589 3068 ἀγαθήν
647 2997 910 3068 σκληραῖς
961 2997 1017 3050 δὲ
1052 2996 1362 3068 περιτυχὼν
1426 2999 1783 3052 ἀπανίσταται
1830 3001 1925 3053 καὶ

332 3088 601 3144 ἁπονεύει
627 3087 828 3159 τρόπον
853 3087 996 3141 τινά.
1021 3087 1229 3141 Οὐκοῦν
1268 3091 1296 3141 ό
1325 3088 1425 3158 μὲν
1459 3088 1674 3159 ἕτοιμόν
1702 3108 1819 3153 πως
1846 3092 1924 3156 είς

330 3178 765 3249 εὐγνωμοσύνην
791 3179 931 3249 ἔχων
953 3179 1041 3232 τὸν
1073 3180 1216 3244 νοῦν,
1245 3179 1343 3234 τὸν
1376 3183 1640 3254 σωτήριον
1667 3182 1920 3253 ἁσμένως

2102 2538 2169 2608 Χ,
2200 2541 2285 2596 l9.
2322 2539 2605 2596 Dissertatio
2632 2542 2822 2595 iterant
2848 2541 2997 2610 facta
3017 2550 3097 2596 est
3126 2541 3263 2596 inter
3287 2540 3526 2597 Judwos.

2102 2718 2414 2774 Servatoris
2467 2733 2649 2775 sermo
2695 2718 2979 2775 descendit
3023 2719 3079 2773 in
3136 2719 3448 2775 auditorum
3502 2737 3600 2793 pe-

2032 2818 2208 2876 ctora,
2233 2825 2407 2880 eaque
2445 2819 2642 2865 nactus
2678 2810 3024 2878 aliquantum
3064 2810 3274 2875 mollia,
3306 2811 3601 2881 derepente

2032 2908 2210 2957 mutat
2241 2909 2295 2956 et
2342 2901 2411 2957 ad
2449 2901 2652 2957 bonum
2686 2900 2927 2957 traducit
2963 2899 3225 2956 ‘habitum
3271 2918 3286 2955 :
3317 2900 3599 2960 oﬂ‘endens

2026 3007 2160 3047 vero
2205 2991 2366 3059 dura,
2420 2991 2828 3063 quodammodo
2887 2993 3098 3049 recedit
3132 3007 3196 3047 ac
3246 2994 3595 3050 retrofertur.

2024 3082 2199 3154 Igitur
2250 3084 2339 3138 cui
2423 3099 2580 3139 mens
2643 3084 2713 3139 ad
2776 3084 3213 3141 benevolentiam
3283 3095 3599 3157 comparata

2026 3175 2213 3242 fuerit,
2267 3175 2582 3231 Servatoris
2628 3192 2939 3233 sermonem
2996 3179 3175 3234 libens
3232 3180 3468 3251 excipit;
3502 3184 3598 3252 qui

328 3268 705 3342 παραδέξεται
730 3269 907 3338 λόγον,
938 3272 967 3321 ὁ
987 3269 1042 3322 δὲ
1070 3269 1143 3339 μὴ
1166 3269 1423 3334 τοιοῦτος,
1443 3271 1645 3325 οὐκέτι.
1669 3271 1918 3326 Τοιοῦτόν

2024 3282 2182 3323 secus
2224 3283 2284 3323 se
2312 3267 2496 3332 habet,
2542 3284 2909 3339 nequaquam.
2941 3270 3132 3326 Simile
3169 3272 3428 3342 quiddam
3462 3290 3597 3328 usu-

328 3378 388 3415 τι
419 3361 625 3431 συνέϐη
650 3361 843 3414 παθεῖν
874 3361 998 3422 τοὺς
1043 3360 1307 3414 Ἰουδαίων
1333 3360 1515 3425 λαούς.
1561 3361 1783 3433 Ἐπειδὴ
1813 3362 1921 3433 γάρ

328 3453 447 3507 τῶν
469 3451 565 3506 τοῦ
597 3452 848 3523 Σωτῆρος
878 3450 1323 3521 κατηκροάσαντο
1350 3450 1545 3519 λόγων,
1574 3452 1924 3523 κατασχίζον-

326 3563 430 3600 ται
453 3544 595 3615 πρὸς
622 3543 910 3613 διχόνοιαν,
952 3543 1047 3595 καὶ
1086 3543 1135 3594 ot
1189 3542 1287 3612 μὲν
1325 3541 1794 3613 αἰσθητικώτεροι,
1833 3540 1924 3612 ρέ-

328 3653 536 3692 πουσιν
570 3635 673 3706 ἤδη
695 3635 832 3703 πρὸς
857 3633 1132 3705 σωτηρίας
1158 3632 1355 3703 ἀρχὴν·
1389 3633 1439 3686 οί
1473 3632 1529 3685 δὲ
1554 3632 1800 3703 σκληροὶ,
1829 3648 1920 3685 νο·

331 3727 497 3782 σοῦσι
522 3728 806 3798 χειρόνως,
829 3724 975 3795 ἥπερ
1003 3719 1148 3794 εῐχον
1180 3723 1238 3777 ὲν
1271 3724 1437 3794 ἀρχῇ.
1465 3721 1919 3793 Καταπλήττεται

323 3817 393 3872 δὲ
434 3815 633 3887 ὥσπερ
682 3817 713 3869 ὁ
754 3813 1043 3877 θεσπέσιος
1076 3811 1470 3884 εὐαγγελιστὴς
1505 3813 1555 3865 εί
1583 3812 1671 3866 διὰ
1698 3810 1921 3875 τούτους

320 3909 462 3970 τοὺς
492 3907 688 3975 λόγους
723 3904 920 3976 συνέϐη
952 3902 1239 3976 σχισθῆναι
1269 3903 1396 3966 τοὺς
1433 3903 1701 3986 Ἰουδαίων
1731 3902 1913 3965 λαούς.

336 3995 844 4067 Ἕμφαντικώτατα
874 3997 983 4066 γάρ
1001 3990 1157 4065 οἶμαι
1185 3993 1365 4063 λέγειν
1394 3993 1556 4049 αὐτὸν
1591 3995 1652 4048 τὺ
1684 3993 1918 4064 σκληρὸν

319 4089 439 4143 τῶν
466 4086 887 4157 ἀπειθησάντων
913 4085 1286 4157 θαυμάζοντα,
1315 4086 1400 4139 ὅτι
1440 4081 1648 4158 σχίσμα
1701 4087 1917 4155 ἐγένετο

320 4179 418 4233 διά
450 4178 581 4242 τοὺς
606 4177 796 4246 λόγους
819 4176 1042 4240 τούτους
1062 4175 1129 4229 δι’
1149 4175 1261 4240 οὓς,
1284 4178 1469 4248 φησὶν,
1501 4177 1608 4231 ἔδει
1641 4180 1765 4241 τοὺς
1788 4178 1915 4231 Ἰου-

316 4270 516 4333 δαίους
544 4268 789 4339 ἀκριϐῶς
820 4266 1110 4335 πεισθῆναι
1125 4267 1208 4320 ὃτι
1242 4267 1403 4330 αὐτός
1433 4267 1579 4321 ἐστιν
1608 4270 1636 4320 ὁ
1657 4268 1908 4339 Χριστόςο

317 4361 588 4415 τοσοῦτον
603 4360 744 4430 ἦσαν
758 4359 809 4411 οἱ
835 4357 932 4411 τοῦ
951 4358 1202 4429 Σωτῆρος
1230 4357 1378 4424 λόγοι
1404 4356 1724 4427 θαυμαστοί.
1755 4358 1914 4411 Ἀλλά

323 4452 425 4506 καὶ
479 4450 692 4504 τούτων
740 4450 926 4512 αὐτοῖς
976 4449 1281 4521 εἰρημένων
1331 4443 1414 4511 οἷς
1459 4449 1604 4513 suo;
1652 4445 1721 4520 ἦν
1775 4450 1912 4520 πρὸς

2027 3360 2178 3415 venit
2227 3358 2543 3415 Iudaeorum
2574 3361 2817 3431 populis.
2859 3361 3158 3432 Postquam
3202 3363 3349 3418 enim
3399 3363 3599 3419 Serva-

2026 3452 2167 3506 toris
2213 3452 2382 3507 verba
2415 3451 2741 3517 audierunt,
2796 3453 2852 3506 in
2907 3461 3095 3523 partes
3147 3454 3307 3508 scissi
3361 3465 3512 3521 sunt,
3543 3464 3598 3511 et

2027 3541 2244 3610 quidem
2291 3541 2455 3610 paulo
2509 3541 2817 3598 teneriores
2864 3540 2980 3610 jam
3018 3540 3087 3595 ad
3124 3541 3345 3597 initium
3399 3545 3596 3599 salutis

2019 3638 2278 3702 vergunt,
2307 3631 2430 3686 duri
2452 3645 2584 3687 vero
2612 3630 2907 3703 plusquam
2943 3640 3103 3687 antea
3138 3640 3425 3704 aegrotant.
3450 3634 3598 3701 Quo-

2019 3722 2315 3777 dammodo
2343 3737 2478 3779 vero
2504 3722 2847 3793 obstupescit
2878 3722 3104 3779 divinus
3130 3724 3466 3795 evangelista
3500 3728 3594 3796 qui

2021 3812 2177 3868 ﬁeret
2221 3821 2283 3867 ut
2321 3820 2549 3883 propter
2591 3811 2697 3868 hos
2729 3826 3014 3869 sermones
3052 3810 3227 3867 Judaei
3275 3812 3597 3869 scinderet:-

2022 3911 2135 3960 tur.
2171 3902 2309 3958 Puto
2350 3903 2499 3959 enim
2529 3917 2659 3958 eum
2691 3905 2981 3958 mirantem
3014 3902 3271 3958 duritiem
3308 3904 3593 3959 rebellium

2027 3997 2365 4068 minimeque
2399 3996 2822 4067 obsequentium
2866 3995 3054 4051 dicere
3096 3995 3390 4052 admodum
3420 3998 3595 4068 signi—

2024 4085 2251 4140 ﬁcanter
2289 4082 2597 4141 scissuram
2629 4084 2832 4140 factam
2870 4100 2994 4141 esse
3031 4093 3256 4157 propter
3294 4086 3445 4157 ipsos
3473 4102 3592 4142 ser-

2023 4191 2238 4241 mones,
2278 4183 2501 4246 propter
2535 4190 2698 4246 quos,
2746 4176 2965 4246 inquit,
3011 4174 3218 4231 ludatis
3270 4177 3594 4246 plenissime

2023 4280 2351 4336 persuasum
2383 4280 2508 4322 esse
2534 4265 2774 4335 oportuit
2796 4281 2921 4320 eum
2951 4280 3072 4321 esse
3095 4264 3399 4331 Christum,
3419 4282 3594 4335 usque

2022 4358 2161 4413 adeo
2193 4357 2502 4413 admirandi
2535 4366 2693 4413 erant
2723 4357 3032 4414 Servatoris
3055 4374 3358 4414 sermones.
3385 4358 3590 4415 Etcum

2020 4450 2137 4505 haec
2161 4450 2243 4505 eis
2262 4451 2410 4506 dicta
2443 4456 2653 4517 essent,
2675 4450 2877 4520 quibus
2908 4465 3005 4520 par
3032 4459 3179 4506 esset
3202 4450 3364 4525 663
3393 4466 3589 4522 quem-

312 4538 648 4594 εὐπείθειαν
674 4536 1074 4609 σαγηνεύεσθαι
1098 4537 1192 4590 καὶ
1210 4536 1304 4590 τὸν
1330 4538 1533 4609 σφόδρα
1556 4538 1910 4609 δυσθήρατον,

2022 4541 2148 4597 libet
2172 4541 2256 4596 vel
2294 4539 2535 4595 maxime
2574 4540 2696 4609 capi
2737 4539 3011 4595 dilﬁcilem
3057 4540 3123 4595 ad
3148 4542 3475 4610 obsequium
3515 4542 3591 4595 ir-

324 4635 539 4704 σχίσμα
562 4631 791 4699 γέγονεν
824 4630 1029 4692 αὐτοῖς.
1076 4627 1481 4698 ’Λποθαυμάζει
1511 4630 1689 4685 τοίνυν
1713 4632 1908 4694 αὐτοὺς

316 4728 405 4788 εἱς
431 4722 793 4792 ἀναίσχυντον
826 4720 1111 4791 παρακοὴν
1136 4720 1366 4784 ἀνοσίως
1413 4721 1904 4791 ἐκτετραμμένους.

316 4814 580 4883 Τοσούτῳ
610 4812 752 4884 γὰρ,
781 4808 957 4882 οἶμαι,
990 4811 1413 4883 κατηγορεῖσθαι
1445 4811 1660 4876 δίκαιοι,
1691 4813 1909 4882 ὅσῳπερ

310 4905 387 4959 ἂν
416 4904 650 4967 εἰκότως
675 4905 706 4956 ό
731 4902 976 4974 περὶτοῦ
998 4903 1249 4974 Σωτῆρος
1270 4901 1427 4972 ἡμῶν
1456 4901 1786 4973 θαυμάζοιτο
1816 4902 1907 4955 λό-

312 5012 435 5063 γος.
483 4995 548 5045 ’0
578 4994 676 5064 μὲν
703 4989 799 5046 οὖν
832 4992 1013 5046 ἐλάλει
1037 4992 1315 5063 θεοπρεπῆ
1353 4991 1447 5044 καὶ
1472 4992 1615 5062 άπερ
1637 4992 1910 5061 ὑπερανα-

312 5085 503 5142 ﬁatut
532 5083 844 5155 ἀνθρωπονο
893 5085 927 5153 ἡ
978 5082 1034 5135 δὲ
1072 5081 1179 5138 τῶν
1227 5082 1370 5153 ὑπὲρ
1412 5081 1696 5151 ἄνθρωπον
1734 5082 1909 5150 λόγων

311 5175 653 5246 λαμπρότης
674 5174 768 5227 καὶ⁵
796 5175 830 5244 ἡ
857 5172 1167 5244 θεοπρεπὴς
1189 5173 1489 5245 παρρησία,
1515 5172 1651 5242 πρὸς
1672 5171 1909 5242 ἄκρατον

314 5265 590 5322 ἀδουλίαν
616 5262 865 5334 ἐξίστησι
886 5263 1014 5326 τοὺς
1038 5262 1287 5325 πολλούς.
1306 5263 1417 5316 Καὶ
1442 5261 1671 5331 ἐπείπερ
1694 5258 1762 5331 ἦν
1788 5261 1909 5324 ἔθος

306 5360 434 5420 τοῖς
484 5353 707 5426 άληθῶς
752 5353 1224 5425 δαιμονιζομένοις
1276 5354 1673 5426 προχειρότατα
1703 5354 1909 5424 δυσφη-

308 5453 462 5521 μεῖν,
493 5447 595 5501 άτε
646 5445 713 5516 δὴ
758 5444 1144 5515 λελυττηκόσιν
1201 5445 1439 5508 εὐκόλως
1494 5447 1588 5499 καὶ
1640 5446 1908 5509 συνέσεως

302 5542 540 5609 ἀπάσης
572 5536 681 5603 ἔξω
720 5536 1016 5607 κειμένοις,
1056 5534 1224 5605 ᾤοντο
1254 5534 1311 5588 δὲ
1339 5535 1428 5588 τὸν
1455 5535 1658 5606 Κύριον
1683 5534 1906 5607 ἄνθρω-

301 5649 412 5685 πον
464 5625 608 5682 εἶναι
643 5626 822 5696 ψιλὸν,
851 5626 954 5679 οὐκ
985 5624 1311 5687 ἐννοοῦντες,
1347 5625 1428 5678 ὅτι
1459 5624 1591 5689 Θεὸς
1625 5623 1691 5697 ἦν
1718 5626 1897 5694 φύσει,

388 5798 595 5863 Ἷοειη.
634 5822 735 5872 xu,
765 5808 853 5862 49.
935 5801 1134 5861 δίοειιι.
1170 5812 1278 5869 x'tv,
1309 5803 1400 5858 '28.

2018 4633 2192 4700 retiri,
2223 4631 2462 4688 schisma
2490 4631 2695 4686 factum
2729 4640 2812 4686 est
2839 4631 2941 4686 eis.
2980 4629 3208 4686 Miratur
3234 4647 3364 4703 ergo
3397 4647 3495 4687 eos
3533 4633 3588 4689 in

2016 4728 2126 4774 tam
2182 4720 2559 4790 impudentem
2608 4720 3015 4774 contumaciam
3055 4719 3220 4790 impie
3265 4726 3584 4777 conversos.

2014 4809 2194 4865 Tanto
2239 4811 2414 4881 magis
2451 4810 2597 4865 enim
2646 4810 2897 4865 accusari
2932 4819 3230 4874 merentur,
3267 4822 3472 4881 quanto
3503 4813 3588 4865 vi-

2015 4900 2218 4956 delicet
2244 4899 2558 4956 Servatoris
2584 4915 2768 4956 sermo
2789 4901 2991 4969 majori
3021 4900 3366 4955 admirationi
3396 4899 3585 4956 fuerit.

2013 4992 2111 5047 llle
2162 4993 2308 5047 enim
2354 4990 2469 5045 Deo
2524 4992 2685 5062 digna
2719 4998 2777 5046 et
2811 4992 3086 5047 hominem
3139 4990 3584 5048 transcendentia

2013 5081 2653 5152 loquebatur;splendor
2686 5094 2820 5135 vero
2848 5080 3139 5134 verborum
3168 5079 3393 5139 homine
3411 5079 3585 5136 subli-

2012 5173 2250 5226 miorum
2298 5181 2352 5227 et
2407 5173 2746 5229 conveniens
2786 5172 2897 5227 Deo
2930 5169 3193 5241 loquendi
3240 5171 3468 5228 libertas
3514 5170 3583 5224 ad

2011 5261 2366 5318 immodicam
2399 5265 2712 5319 vecordiam
2751 5271 2806 5319 et
2853 5262 3220 5319 temeritatem
3246 5263 3443 5332 vulgus
3476 5262 3581 5315 im-

2013 5355 2191 5425 pellit.
2224 5355 2291 5409 Et
2318 5357 2447 5425 quia
2487 5356 2661 5411 moris
2700 5364 2782 5411 est
2818 5355 3007 5426 iis'qui
3044 5355 3224 5426 reipsa
3252 5353 3582 5410 demonium

2015 5448 2219 5504 habent
2245 5447 2581 5503 cllusissime
2609 5447 2963 5511 maledicere,
2990 5455 3182 5514 utpote
3211 5445 3307 5514 qui
3336 5441 3499 5497 facile
3525 5441 3581 5496 in

2012 5538 2219 5594 rabiem
2258 5519 2512 5609 agantur,
2557 5546 2613 5594 et
2643 5539 2712 5595 de
2740 5545 2887 5595 statu
2922 5538 3120 5592 mentis
3148 5533 3375 5607 omnino
3410 5533 3582 5591 emoti

2013 5629 2145 5697 sint,
2176 5630 2447 5700 putabant
2476 5629 2765 5699 Dominum
2795 5631 3071 5686 hominem
3097 5625 3408 5697 simplicem
3440 5639 3583 5689 esse,
