4104 6438
575 356 643 454 ιέ
1563 392 1617 447 s.
1660 388 1938 451 CYRILLI
1978 386 2451 447 ALEXANDle
2484 387 2811 448 naeniae.
3748 390 3814 443 te

574 512 718 568 haud
750 505 1250 567 animadvertentes
1276 522 1403 563 eum
1424 522 1549 565 esse
1566 516 1765 564 natura
1790 507 1978 572 Deum,
1997 506 2148 563 ideo-

2256 509 2336 566 5ιὰ
2359 508 2518 563 τοῦτο
2544 508 2621 583 ᾡς
2640 507 2968 580 ἀκρατήτως
2996 502 3461 577 βλασφημοῦντες,
3483 503 3819 576 δαιμονῶντα

573 620 680 673 que
710 603 778 657 ad
807 601 1171 656 contumelias
1198 598 1433 655 ell‘renes
1467 599 1570 670 ipsi
1599 599 1850 655 daemone
1878 601 2145 670 agitatum

2256 602 2497 657 ἐκάλουν.
2537 602 2774 654 Ἤκουον
2809 598 2917 670 γὰρ
2941 599 3193 667 λέγοντος
3223 597 3364 669 ἅπερ
3392 598 3458 650 ἂν
3492 597 3695 669 πρέποι
3728 597 3821 666 μό-

574 686 867 751 vocabant.
914 682 1226 748 Audiebant
1262 691 1407 747 enim
1443 691 1713 745 dicentem
1760 705 1825 745 ea
1876 705 1998 761 quae
2048 690 2142 745 uni

2256 710 2324 763 νῳ
2345 693 2520 761 λέγειν
2542 691 2620 761 τῷ
2637 691 2756 762 Θεῷ
2772 709 2785 722 ·
2813 691 2887 754 ὡς
2913 690 3007 744 ἕνα
3032 690 3089 743 δὲ
3114 690 3221 742 τῶν
3250 689 3373 743 καθ’
3397 691 3544 760 ἡμᾶς
3568 687 3820 758 ὁρῶντες,

580 785 690 839 Deo
735 783 920 838 dicere
970 783 1338 851 competebat,
1386 788 1647 849 tanquam
1702 794 1874 834 unum
1926 794 2059 834 vero
2115 793 2167 833 e.

578 861 742 930 nobis
772 874 1040 939 videntes,
1066 882 1119 926 et
1169 872 1294 940 quis
1345 869 1653 926 secundum
1699 876 1956 923 naturam
2003 878 2150 924 esset

577 967 821 1021 nondum
870 972 1288 1036 cognoscentes,
1338 976 1464 1017 cum
1519 961 1726 1030 aliquid
1760 960 1871 1015 Deo
1920 960 2145 1031 dignum

577 1058 810 1117 diceret.
839 1054 1213 1125 blasphemias
1253 1051 1780 1120 interpretabantur.
1805 1049 1972 1123 Igitur
1986 1066 2150 1107 meo-

575 1149 793 1201 nomice
839 1155 895 1201 et
935 1160 1120 1201 rerum
1163 1144 1359 1198 ordine
1409 1151 1636 1214 pr0pter
1675 1142 2013 1197 audientium
2051 1142 2149 1195 im-

579 1234 925 1289 becillitatem
956 1245 1337 1301 saepenumero
1370 1230 1647 1286 submisse
1674 1236 1727 1284 et
1752 1230 1956 1286 usitato
1990 1231 2150 1286 nobis

578 1338 835 1379 sermone
879 1323 1146 1392 loquitur.
1176 1323 1323 1390 Ergo
1374 1320 1650 1376 scinditur
1696 1319 2011 1375 Iudaeorum
2055 1314 2148 1390 po-

576 1416 763 1486 pulus,
798 1424 854 1469 et
911 1414 1007 1467 alii
1062 1412 1288 1482 quidem
1344 1426 1693 1482 nequaquam
1751 1412 2152 1482 perpendentes

577 1504 837 1576 mysteria
875 1518 997 1572 quae
1045 1502 1102 1556 in
1152 1503 1240 1557 his
1290 1508 1473 1567 erant,
1535 1501 1706 1570 impie
1759 1501 2147 1557 contumeliosi

578 1596 849 1661 sunt;a|ii
880 1611 1011 1649 vero
1041 1594 1211 1649 animi
1238 1594 1428 1648 habitu
1457 1594 1854 1650 moderatiores
1873 1610 1982 1649 non
2016 1610 2153 1664 prai-

579 1703 811 1756 propere
841 1686 1234 1741 condemnant.
1264 1684 1625 1742 Revolventes
1678 1697 1857 1741 autem
1914 1686 2057 1755 apud
2093 1700 2154 1739 se

577 1779 699 1848 ejus
738 1779 903 1833 verba
932 1787 986 1833 et
1023 1786 1280 1833 accurate
1318 1777 1711 1847 expendentes,
1739 1791 1934 1830 eorum
1971 1776 2155 1831 suavi-

2247 786 2342 837 καὶ
2377 783 2460 847 τίς
2490 785 2606 863 εστι
2631 782 2772 837 κατὰ
2812 780 2975 851 φύσιν
3004 780 3162 834 οὓπω
3192 780 3573 848 γινώσκοντες,
3617 778 3819 848 δυσφη-

2252 878 2374 946 μεῖν
2407 875 2657 946 ὲνόμιζον
2694 876 2785 929 ὅτε
2811 891 2864 926 τι
2897 872 3046 941 λέγει
3079 871 3400 943 Θεοπρεπές.
3441 870 3649 924 Οὐκοῦν
3677 871 3824 923 οίκο-

2250 967 2494 1039 νομικῶς
2516 966 2610 1020 διὰ
2636 965 2733 1037 τὴν
2758 966 2867 1018 τῶν
2891 964 3260 1037 ἀκροωμένων
3284 963 3566 1016 ἀσθένειαν
3599 960 3825 1032 ὑφειμέ-

2242 1038 2356 1122 νως
2408 1057 2669 1120 πολλάκις
2720 1056 2814 1110 καὶ
2858 1054 2936 1126 τῷ
2985 1055 3107 1109 καθ’
3153 1055 3303 1125 ἡμᾶς
3347 1054 3611 1123 κέχρηται
3660 1052 3822 1122 λόγῳ.
3874 1038 3877 1045 ’

2250 1145 2656 1217 Κατασχίζεται
2702 1145 2882 1198 τοίνυν
2915 1144 3022 1197 τῶν
3065 1142 3334 1197 Ἰουδαίων
3371 1146 3400 1197 6
3426 1144 3617 1213 δῆμος,
3647 1143 3741 1196 καὶ
3775 1145 3824 1196 οἱ

2248 1238 2376 1309 μὲν,
2405 1238 2555 1291 οὐδὲν
2589 1237 2940 1302 ἑννοήσαντες
2980 1234 3117 1297 ὅλως
3141 1233 3249 1287 τῶν
3280 1234 3367 1285 ἐπ’
3402 1233 3585 1297 αὐτοῖς
3617 1250 3826 1305 μυστη-

2256 1327 2408 1398 ρίων,
2439 1325 2667 1388 ἀνοσίως
2680 1324 3026 1396 ὑϐρίζουσιν,
3046 1325 3094 1376 οἱ
3116 1322 3172 1376 δὲ
3188 1322 3286 1390 τὴν
3302 1322 3414 1387 ἕξιν
3432 1323 3826 1396 ἐπιεικέστεροι

2253 1415 2561 1487 προχείρως
2586 1415 2646 1467 ού
2674 1413 3113 1485 κατακρίνουσιν.
3131 1408 3583 1481 Ἀναμασώμενοι
3611 1411 3671 1464 δὲ
3698 1410 3827 1474 τοὺς

2254 1505 2385 1576 παρ’
2410 1504 2573 1558 αὐτοῦ
2614 1504 2805 1572 λόγους
2825 1504 2922 1557 καὶ
2955 1502 3095 1571 μετὰ
3116 1501 3401 1573 ἀκριϐείας
3422 1501 3825 1572 βασανίζοντες,

2254 1599 2352 1668 τῆς
2381 1601 2438 1652 ὲν
2471 1598 2652 1663 αὐτοῖς
2681 1598 3016 1667 γλυκύτητος
3053 1594 3492 1658 ύπαισθάνονται,
3524 1595 3830 1664 δοκιμωτά-

2253 1706 2352 1759 την
2400 1707 2459 1743 τε
2496 1688 2639 1742 οὓτω
2681 1688 2958 1742 ποιοῦνται
2988 1689 3084 1757 τὴν
3113 1688 3405 1758 διάκρισιν,
3436 1688 3703 1757 νήφοντας
3735 1686 3830 1740 καὶ

2256 1780 2524 1843 συνέσεως
2566 1780 2664 1845 τῆς
2690 1778 2971 1850 ἀνωτάτης
3014 1779 3283 1849 γέμοντας
3324 1778 3535 1846 λόγους,
3575 1780 3694 1842 ταῖς
3721 1777 3829 1830 τῶν

580 1879 752 1924 tatem
800 1868 1239 1933 subodorantur,
1274 1877 1344 1924 et
1398 1869 1472 1922 ita
1510 1868 1957 1938 probatissimum
2001 1866 2152 1937 judi-

2256 1871 2549 1940 δαιμονίων
2578 1869 2866 1941 ὲλαφρίαις
2886 1870 2947 1923 ού
2977 1868 3343 1940 χαριζόμενοι.
3375 1867 3665 1938 ’Ἑθος,γὰρ
3681 1867 3828 1920 ὲκεί-

578 1967 726 2017 cium
782 1962 988 2028 ferunt,
1030 1970 1143 2017 tam
1197 1962 1412 2018 sobrias
1467 1961 1822 2030 cmleslisque
1876 1960 2155 2028 Sapientia:

577 2057 772 2124 plenas
801 2069 965 2109 voces
996 2054 1203 2109 levitati
1245 2053 1557 2108 dzemonum
1591 2051 1820 2106 minime
1850 2051 2157 2105 attribuen-

579 2155 682 2200 tes.
727 2144 824 2199 Est
862 2145 1006 2200 enim
1038 2143 1210 2199 moris
1245 2143 1355 2198 illis
1388 2143 1535 2198 inter
1562 2142 1950 2197 insaniendum
1989 2142 2156 2195 inter-

577 2234 821 2289 cidentia
872 2241 926 2288 et
973 2233 1270 2288 titubantia
1323 2232 1492 2302 loqui.
1528 2232 1705 2303 igitur
1752 2231 1858 2301 ipsi
1894 2230 2155 2286 Pharisaei

579 2327 803 2397 magisa
832 2325 1078 2380 daemone
1104 2326 1462 2391 vexabantur,
1495 2309 1663 2379 talem
1689 2324 2032 2393 appellantes
2060 2324 2155 2393 qui

578 2421 648 2474 ab
679 2434 741 2476 ea
760 2417 1193 2489 perturbatione
1227 2416 1489 2470 immunis
1529 2422 1614 2470 est
1640 2415 1706 2479 “,
1738 2428 1840 2469 nec
1872 2414 2062 2470 vident
2097 2428 2157 2468 se

580 2513 804 2567 insitum
846 2511 952 2565 sibi
1004 2509 1260 2563 morbum
1315 2508 1604 2578 evnlgare,
1652 2506 1900 2577 adeoque
1946 2506 2152 2560 malum

577 2614 688 2670 quo
759 2598 1155 2654 conﬂictantur
1206 2611 1318 2665 prae
1391 2595 1670 2664 imperitia
1743 2604 1800 2650 et
1852 2594 2156 2651 stoliditate

579 2692 757 2761 palam
792 2689 998 2744 facere.
1025 2687 1094 2740 Et
1134 2701 1254 2740 meo
1298 2685 1520 2756 quidem
1538 2685 1761 2755 .judicio
1784 2700 2005 2741 summa
2041 2702 2157 2741 ma-

578 2782 694 2836 litia
726 2780 924 2835 dicunt
957 2777 1249 2833 Dominum
1282 2777 1482 2831 habere
1511 2775 1860 2832 daemonium.
1896 2775 2155 2844 Quando-

577 2871 799 2942 quidem
834 2871 982 2926 enim
1018 2877 1280 2939 tanquam
1317 2874 1571 2937 pastores
1611 2868 1903 2923 incusabat
1936 2868 2157 2922 timidos

576 2973 632 3019 et
653 2962 1051 3025 mercenarios,
1076 2962 1279 3032 quippe
1312 2962 1401 3028 qui
1439 2960 1821 3032 relinquerent
1845 2975 1973 3017 oves
2004 2962 2154 3031 lupo.

571 3069 884 3125 parumque
926 3052 1217 3107 admodum
1250 3052 1317 3107 de
1351 3067 1513 3122 grege
1553 3052 1773 3107 solliciti
1808 3059 2015 3117 essent,
2047 3067 2154 3105 non

580 3145 938 3202 mediocriter
962 3143 1326 3207 consternati,
1350 3145 1619 3213 veritique
1645 3158 1714 3198 ne
1745 3142 1931 3213 populi
1968 3144 2157 3212 utique

2257 1980 2363 2015 νων
2392 1963 2450 2015 ὲν
2478 1960 2555 2032 τῷ
2587 1963 2944 2032 παραπαίειν,
2975 1960 3036 2012 τὸ
3090 1958 3476 2029 παρεμπίπτον
3523 1957 3723 2011 λαλεῖν.
3763 1958 3828 2010 Ol

2256 2048 2349 2106 οὖν
2382 2054 2661 2123 Φαρισαῖοι
2694 2052 2895 2122 μᾶλλον
2917 2045 3054 2122 ἦσαν
3082 2049 3540 2119 οί-δαιμονῶντες,
3570 2050 3627 2101 οἱ
3648 2046 3827 2102 τοιοῦ-

2256 2160 2347 2195 τον
2391 2143 2682 2204 καλοῦντες
2723 2142 2813 2196 τὸν
2858 2141 3059 2205 παντὸς
3106 2140 3390 2211 ἐλεύθερον
3440 2141 3665 2206 πάθους,
3732 2139 3829 2193 καὶ

2256 2231 2542 2303 λελήθασιν
2565 2233 2791 2295 ἑαυτοὺς
2821 2232 2919 2303 τὴν
2946 2232 3169 2286 ἐνοῦσαν
3198 2232 3382 2294 αὐτοῖς
3412 2231 3829 2302 ἐξαγορεύοντες

2256 2323 2411 2375 νόσον
2457 2324 2552 2376 καὶ
2604 2323 2662 2376 τὸ
2714 2322 2934 2393 συνέχον
2977 2323 3175 2386 αὐτοὺς
3206 2321 3371 2375 κακὸν
3408 2321 3469 2386 ἐξ
3493 2322 3715 2390 ἀγνοίας
3743 2320 3831 2387 ἐξ·

2254 2413 2506 2484 ηγεῖσθαι
2542 2414 2602 2467 ού
2643 2413 3085 2484 παραιτούμενοι.
3114 2409 3280 2481 Οἶμαι
3305 2412 3361 2464 δὲ
3390 2410 3565 2480 ἔγωγε
3592 2428 3831 2482 κακουρ-

2255 2504 2499 2572 γοτάτως
2523 2503 2727 2574 σφόδρα
2755 2502 2936 2571 λέγειν
2957 2502 3173 2568 αὐτοὺς,
3197 2503 3279 2557 ὅτι
3301 2502 3530 2572 δαιμονᾷ
3550 2502 3579 2554 ὁ
3602 2501 3829 2573 Κύριος.

2272 2593 2486 2665 Ἐπειδὴ
2534 2593 2643 2664 γὰρ
2690 2594 2766 2658 ὠς
2813 2594 3074 2665 ποιμένας
3118 2594 3414 2666 κατῃτιᾶτο
3463 2592 3674 2657 δειλοὺς
3727 2594 3832 2647 ικαὶ

2242 2683 2687 2754 ,μισθωτοὺςγὼς
2737 2684 2963 2748 ἁνέντας
2995 2685 3073 2755 τῷ
3104 2685 3254 2756 λύκῳ
3299 2686 3368 2739 τὰ
3418 2685 3689 2756 πρόϐατα,
3735 2668 3832 2739 καὶ

2255 2775 2411 2844 ὀλίγα
2442 2775 2721 2839 παντελῶς
2772 2777 2868 2847 τῆς
2922 2778 3123 2848 ἀγέλης
3180 2777 3593 2849 φροντίσαντας,
3636 2780 3833 2849 οὐμε-

2256 2868 2424 2936 τρίως
2448 2867 2915 2938 καταπτοούμενοι
2959 2869 3034 2940 μὴ
3059 2868 3166 2939 ἄρα
3199 2869 3471 2932 συνιέντες
3499 2872 3549 2923 οἱ
3570 2870 3739 2941 δῆμοι
3770 2870 3834 2923 τὸ

2251 2958 2566 3028 εἰρημένον,
2599 2960 3049 3030 παραιτήσωνται
3083 2960 3182 3031 μὲν
3207 2961 3308 3031 ἤδη
3340 2962 3402 3014 τὸ
3424 2962 3516 3015 ὑπ’
3538 2963 3722 3025 αὐτοῖς
3751 2961 3832 3014 ἔτι

2259 3048 2661 3119 ποιμαίνεσθαι,
2684 3051 3084 3122 «προσδράμωσι
3102 3052 3163 3105 δὲ
3189 3054 3255 3123 τῇ
3283 3053 3387 3105 ὑπὸ
3413 3051 3632 3124 Χριστῷ
3659 3051 3835 3124 μαθη-

2258 3140 2399 3211 τείᾳ,
2422 3140 2507 3193 διὰ
2539 3141 2694 3195 τοῦτο
2722 3142 2814 3195 τὸν
2845 3140 2971 3197 νοῦν
2993 3142 3101 3195 τῶν
3131 3142 3403 3210 ἀγελαίων
3426 3143 3831 3211 φενακίζοντες,

579 3237 948 3306 intelligenlcs
999 3235 1145 3305 quod
1185 3235 1393 3289 dictum
1448 3244 1585 3299 erat,
1637 3235 1900 3304 deinceps
1949 3234 2017 3288 ab
2073 3234 2153 3288 eis

2259 3230 2411 3298 φασί⁶
2454 3247 2475 3282 ι
2515 3232 2799 3300 Δαιμόνιον
2856 3231 2990 3302 ἔχει,
3050 3233 3104 3285 τί
3133 3232 3305 3285 αὑτοῦ
3349 3233 3607 3300 (Exoriare;
3656 3252 3677 3285 ι
3724 3232 3837 3284 Καὶ

580 3329 733 3399 pasci
775 3329 1174 3390 detrectarent.
1222 3337 1277 3383 et
1329 3329 1383 3381 in
1424 3326 1776 3396 disciplinam
1828 3323 2045 3379 Christi
2097 3339 2155 3380 se

579 3422 811 3475 darent:
846 3428 1141 3489 propterea
1192 3418 1391 3473 animis
1437 3417 1811 3487 gregariorum
1865 3415 2152 3469 hominum

582 3514 769 3566 lucum
818 3511 1083 3567 facientes
1130 3510 1331 3565 aiunt:
1369 3527 1387 3560 ι
1428 3507 1765 3563 Βεειιιοηὶιιιιι
1811 3507 1994 3573 habet;
2023 3508 2152 3577 quid

578 3605 733 3659 illum
759 3605 963 3659 auditis
981 3605 1045 3636 ‘“
1062 3604 1085 3656 ?
1104 3622 1122 3656 ι
1155 3601 1312 3668 Quod
1332 3617 1457 3656 cum
1473 3615 1571 3670 per
1588 3612 1857 3654 summam
1887 3598 2152 3653 malitiam

579 3696 852 3763 dicerent,
878 3694 1173 3750 consilium
1211 3703 1392 3748 tamen
1428 3692 1538 3748 illis
1578 3692 1632 3745 in
1664 3690 2003 3746 Contrarium
2032 3705 2153 3745 ces-

580 3787 654 3842 sit
686 3805 700 3841 :
729 3794 784 3841 et
817 3786 906 3840 alii
929 3784 1095 3857 664.
1125 3785 1344 3857 quidem
1370 3788 1655 3854 perspecta
1687 3781 1980 3835 verborum
2018 3794 2153 3851 qna-

580 3871 729 3928 litate
762 3888 823 3928 ea
860 3881 1011 3928 recte
1056 3873 1331 3942 judicant,
1353 3884 1455 3925 nec
1488 3870 1615 3923 talia
1644 3868 1839 3924 cadere
1888 3870 1942 3923 in
1972 3871 2151 3924 homi-

580 3978 706 4017 nem
746 3963 1070 4018 adacmone
1114 3975 1432 4032 possessum
1467 3976 1482 4011 :
1525 3966 1707 4012 tamen
1755 3957 2149 4013 miraculorum

580 4053 894 4109 ellectiunes
963 4051 1394 4123 inexpugnabile
1451 4048 1828 4103 testimonium
1888 4048 2157 4119 praebent,

582 4144 677 4196 ait.
729 4144 843 4200 Etsi
873 4146 1018 4200 enim
1056 4142 1335 4199 accusatis
1370 4140 1533 4195 verba
1572 4149 1630 4192 ut
1664 4156 1771 4194 non
1816 4128 1963 4197 recte
1987 4141 2155 4204 dicta,

581 4246 823 4291 attamen
881 4238 997 4292 lleri
1052 4251 1165 4291 non
1217 4240 1400 4303 potest
1457 4240 1517 4285 ut
1569 4232 1694 4302 quis
1757 4231 2052 4287 identidem
2105 4241 2160 4287 et

2256 3319 2430 3374 ταῦτα
2471 3322 2694 3373 ἐκείνων
2745 3319 2836 3374 ’διὰ
2888 3322 3228 3391 κακουργίαν
3286 3323 3569 3392 λεγόντων,
3630 3325 3714 3385 εἰς
3774 3319 3842 3373 τὸ.

2258 3412 2498 3464 ἐναντίον
2528 3413 2710 3476 αὐτοῖς
2747 3412 2918 3484 ἐπέϐη
2968 3413 3028 3466 τὸ
3064 3415 3309 3484 σκέμμα,
3335 3414 3484 3468 ἄλλοι
3517 3413 3574 3467 δὲ
3597 3413 3707 3467 ἀπὸ
3738 3412 3837 3483 μὲν

2257 3502 2355 3571 τῆς
2382 3502 2491 3556 τῶν
2520 3503 2693 3572 λόγων
2723 3504 3024 3575 ποιότητος,
3045 3505 3236 3575 ὀρθοὺς
3258 3501 3397 3560 εἶναι
3428 3506 3674 3576 κρίνουσι
3708 3504 3839 3567 τοὺς

2258 3593 2352 3647 τοῦ
2385 3595 2594 3666 Κυρίου
2631 3595 2846 3664 λόγους,
2875 3597 2951 3659 ὼς
2983 3597 3083 3650 οὐκ
3102 3597 3275 3650 ὄντων
3301 3597 3409 3651 τῶν
3429 3595 3692 3652 τοιούτων
3719 3596 3835 3649 δαι-

2249 3688 2640 3759 .μονιζομένου’
2673 3690 2823 3759 ὅμως
2846 3691 2901 3742 αἱ
2923 3690 3380 3761 θαυματουργίαι,
3411 3690 3596 3761 φησιν,
3621 3690 3837 3760 ἄμαχον

2258 3780 2444 3850 ἔχουσι
2474 3780 2802 3850 μαρτυρίαν.
2830 3780 2894 3834 Εἰ
2921 3781 3028 3851 γὰρ
3052 3783 3146 3835 καὶ
3175 3782 3283 3834 τῶν
3312 3782 3485 3850 λόγων
3517 3781 3593 3844 ὡς
3612 3782 3716 3834 οὐκ
3742 3779 3836 3851 ὀρ-

2260 3870 2368 3934 Θῶς
2418 3871 2738 3941 λεγομένων
2808 3875 3187 3943 κατηγορεῖτε,
3253 3872 3367 3925 ἀλλ’
3430 3872 3714 3943 ἀμήχανον
3778 3870 3838 3921 ὲν

2258 3960 2442 4032 ταυτῷ
2499 3972 2619 4016 τινα
2667 3964 2762 4016 καὶ
2812 3963 3087 4034 δαιμόνιον
3148 3963 3312 4034 ἔχειν,
3360 3952 3589 4017 κάκεῖνα
3639 3963 3833 4017 ποιεῖν.

2273 4053 2405 4106 Ἀπὸ
2464 4048 2559 4107 οὖν
2613 4055 2723 4108 τῶν
2777 4056 3006 4126 καρπῶν
3071 4057 3120 4108 οί
3178 4055 3343 4109 αἴσιοι
3406 4056 3592 4127 κριταὶ
3645 4051 3838 4120 ἐπεγί-

2259 4161 2467 4199 νωσκον
2500 4146 2682 4211 αὐτὸν,
2715 4146 2853 4218 μετὰ
2881 4147 2974 4201 καὶ
3006 4146 3099 4201 τοῦ
3129 4144 3441 4219 θαυμάζειν
3457 4147 3551 4202 τὸν
3579 4148 3708 4219 παρ’
3738 4144 3837 4198 αὺ-

2260 4234 2355 4288 τοῦ
2391 4235 2568 4306 λόγον.

581 4327 913 4385 daemonium
944 4329 1144 4384 habeat
1173 4333 1228 4381 et
1257 4325 1351 4380 illa
1388 4325 1573 4379 faciat.
1637 4324 1681 4377 A
1725 4324 1997 4380 fructibus
2029 4324 2200 4396 igitur
2236 4328 2375 4398 aequi
2406 4329 2624 4400 judices
2664 4332 3071 4405 cognoscebant
3110 4346 3259 4395 eum,
3325 4331 3489 4386 simul
3532 4338 3589 4385 et
3624 4339 3831 4386 sermo-

580 4441 705 4481 nem
742 4424 865 4492 ejus
894 4420 1340 4475 admirabantur.

650 4515 718 4581 Χ,
735 4517 825 4571 2'2.
854 4514 1026 4568 Facta
1051 4523 1174 4568 sunt
1201 4521 1375 4567 autem
1396 4510 1655 4567 Encwnia
1675 4513 1728 4565 in
1746 4512 2153 4584 Hierosolymis,

2332 4514 2595 4583 Ἐγένετο
2615 4515 2683 4569 δὲ
2712 4515 2784 4569 τὰ
2806 4515 3109 4585 Ἐγκαίνια
3126 4513 3198 4567 ἑν
3222 4513 3346 4579 τοῖς
3374 4513 3834 4584 Ἰεροσολύμοις,

578 4621 627 4665 ιι
663 4610 825 4665 hiems
857 4618 992 4663 erat.

654 4702 922 4755 Intererat
950 4690 1135 4752 autem
1167 4694 1323 4751 festis
1353 4694 1645 4762 Dominus,
1679 4710 1788 4749 non
1832 4705 1889 4750 ut
1921 4711 1983 4750 ea
2025 4712 2150 4751 cum

578 4791 787 4847 Iudaeis
812 4789 1152 4853 celebraret;
1182 4786 1278 4856 qui
1309 4786 1365 4841 id
1395 4786 1543 4841 enim
1570 4786 1691 4841 ﬁeri
1728 4795 1941 4856 poterat
1980 4788 2050 4843 ab
2088 4804 2154 4844 eo

581 4877 1048 4952 quidixerat,0di
1071 4888 1129 4932 et
1159 4892 1361 4947 respuo
1381 4876 1518 4932 festa
1536 4878 1866 4932 vestra?scd
1903 4887 1963 4932 ut
1994 4879 2156 4935 utiles

581 4986 717 5028 suos
751 4983 1040 5026 sermones
1071 4983 1258 5023 coram
1298 4967 1503 5037 populo
1546 4968 1719 5023 multo
1766 4968 2002 5033 diceret,
2035 4986 2152 5025 ma-

580 5062 843 5116 nifestum
874 5075 938 5115 se
968 5058 1176 5130 Judaeis
1209 5057 1436 5123 sistens,
1476 5066 1530 5113 et
1565 5074 1879 5128 quanquam
1918 5076 2026 5116 non
2062 5077 2150 5117 re-

579 5152 820 5223 quisitus
869 5165 929 5206 se
969 5149 1078 5204 illis
1135 5149 1471 5204 admiscens.
1527 5147 1908 5205 Enczeniorum
1968 5159 2150 5206 autem

579 5240 805 5296 nomine
854 5240 943 5294 hic
994 5246 1078 5295 est
1135 5239 1554 5309 intelligendum
1589 5240 1672 5296 vel
1724 5241 1963 5311 primum
2017 5240 2151 5296 illud

578 5333 778 5386 l’estum
816 5343 937 5399 quo
979 5327 1241 5383 Salomon
1285 5342 1491 5383 novum
1542 5329 1804 5399 templum
1839 5329 2145 5394 dedicavit;

576 5424 662 5478 vel
698 5422 831 5476 illud
883 5420 1262 5485 Zorobabelis,
1296 5421 1391 5490 qui
1433 5421 1628 5477 deinde
1669 5437 1793 5476 cum
1834 5420 1988 5486 Jcsu,
2029 5431 2154 5492 post

577 5512 819 5568 reditum
838 5528 870 5571 e
883 5511 1182 5584 Babylone,
1200 5512 1465 5582 templum
1492 5511 1636 5568 idem
1653 5511 2150 5569 restauravil.Cum

645 5646 691 5725 "‘
716 5644 874 5717 Joau,
901 5662 1022 5711 vnl,
1050 5646 1140 5702 48.
1217 5647 1283 5677 δ’·
1312 5644 1446 5699 ibid.

2261 4605 2359 4662 καὶ
2391 4605 2610 4674 χειμὼν
2630 4602 2727 4674 ἦν.
3436 4638 3451 4650 ι
3824 4656 3829 4661 ,

2336 4697 2525 4767 Παρῆν
2542 4697 2619 4767 (1)
2644 4697 2701 4748 δὲ
2723 4697 2781 4749 ὲν
2801 4699 2921 4760 ταῖς
2937 4696 3153 4767 ἑορταῖς
3172 4698 3200 4750 6
3223 4693 3450 4766 Κύριος,
3482 4695 3579 4766 οὐχ
3604 4697 3681 4759 ὡς
3709 4709 3836 4747 συν·-

2262 4789 2557 4859 εορτάσωνο
2575 4787 2691 4850 πῶς
2712 4787 2851 4856 γάρ;
2872 4786 2900 4838 6
2922 4784 3441 4855 εἰπὼν,-Μεμίσηκα,
3462 4785 3726 4856 ἀπῶσμαι
3740 4782 3838 4841 τὰς

2262 4881 2455 4951 ἑορτὰς
2482 4880 2636 4950 ὑμῶν
2665 4897 2678 4910 ο
2708 4879 2821 4932 ἀλλ’
2855 4878 2944 4930 ἵνα
2972 4878 3098 4941 τοὺς
3127 4878 3427 4947 ὲπωφελείς
3456 4879 3620 4932 αὑτοῦ
3647 4877 3837 4945 λόγους

2261 4974 2353 5027 ἐπὶ
2369 4971 2640 5042 παρουσίᾳ
2667 4969 2876 5023 πολλῶν
2907 4969 3054 5039 είπη,
3104 4970 3320 5040 ἐμφανῆ
3351 4970 3538 5024 ἑαυτὸν
3560 4968 3837 5035 καταστή-

2262 5080 2357 5127 σας
2382 5066 2496 5126 τοῖς
2532 5062 2828 5124 Ἰουδαίοις,
2853 5060 2949 5112 καὶ
2969 5060 3259 5130 ὰζητήτως
3289 5061 3472 5123 αὐτοῖς
3504 5060 3699 5113 ἑαυτὸν
3730 5071 3833 5111 κα-

2258 5151 2511 5221 ταμίξας.
2579 5149 2858 5218 Ἐγκαίνια
2908 5149 2965 5201 δὲ
3011 5151 3218 5220 οἰητέον
3270 5147 3520 5213 ἐνταῦθα,
3566 5150 3683 5220 ἦτοι
3736 5144 3836 5213 τὴν

2260 5238 2482 5310 πρώτην
2533 5239 2745 5310 ἑορτὴν,
2805 5237 2926 5290 καθ’
2976 5238 3042 5309 ἢν
3068 5240 3097 5291 6
3146 5235 3395 5307 Σολομὼν
3438 5239 3722 5292 ἐπετέλεσε
3770 5230 3837 5284 τὰ

2268 5330 2549 5398 Ἐγκαίνια
2575 5346 2587 5358 ’
2623 5328 2654 5399 ἢ
2682 5330 2771 5382 ὅτε
2795 5329 2823 5380 ὁ
2846 5328 3149 5399 Ζοροϐάϐελ
3178 5328 3402 5391 ὕστερον
3432 5329 3528 5382 σὺν
3549 5327 3627 5399 τῷ
3657 5319 3834 5394 Ἰησοῦ

2264 5420 2402 5490 μετὰ
2420 5418 2518 5490 τὴν
2544 5417 2955 5490 ὲκΒαϐυλῶνος
2998 5416 3273 5482 ἐπάνοδον,
3317 5416 3408 5470 τὸν
3449 5417 3576 5471 ναὸν
3634 5410 3830 5488 ᾠκοδό-

2266 5489 2458 5584 μησεν.
2479 5489 2770 5581 Χειμῶνος
2792 5509 2849 5563 δὲ
2880 5510 2973 5565 καὶ
3010 5507 3167 5562 ύετοῦ
3197 5507 3347 5573 ὄντος
3390 5511 3714 5580 τηνικαῦτα,
3754 5501 3834 5557 εἰ·

645 5782 721 5853 (ί)
758 5784 963 5856 Παρῆν
988 5827 1000 5841 .
1031 5825 1041 5841 .
1070 5826 1084 5841 .
1107 5823 1120 5840 .
1150 5785 1371 5854 λόγους
1398 5799 1462 5838 ex
1494 5791 1685 5839 catena
1725 5782 1984 5838 Vaticana
2010 5824 2022 5849 ,
2054 5781 2150 5839 fol.

2256 5783 2317 5849 ιο,
2356 5799 2442 5855 ap.
2481 5778 2745 5843 MaiBibl.
2775 5786 2910 5843 Nov.
2947 5785 3083 5853 PR,
3110 5785 3194 5854 ΙΙΙ,
3229 5787 3350 5843 154.
