4104 6446
361 398 434 456 Π
1142 392 1212 448 IN
1251 388 1672 448 JOANNEM.——
1706 387 1837 442 LIB.
1865 384 1957 439 Vll
1996 385 2086 441 ET
2127 387 2238 443 VIII
2270 389 2690 448 FRAGMENTA
3550 401 3617 461 19

358 516 541 573 κότως
568 509 813 566 άπαντες
840 506 934 560 ἐπὶ
961 506 1060 576 τὴν
1077 504 1239 559 στοὰν
1264 503 1621 575 ἐτρεχον.,Διὸ
1641 502 1735 555 καὶ
1759 503 1787 554 6
1812 498 1944 571 Χρι-

2059 498 2234 558 hiems
2265 512 2513 560 essetet
2534 515 2665 561 tunc
2694 508 2932 577 plueret,
2950 513 3157 578 cuncti,
3182 520 3242 566 ut
3266 527 3362 582 par
3387 521 3526 575 erat,
3548 514 3613 567 ad

360 601 492 664 στδς
521 601 640 653 ὲκεῖ
666 594 853 669 ἢλθεν,
873 597 961 649 ἵνα
980 596 1112 649 πᾶσι
1142 596 1381 665 γνωρίσῃ
1417 595 1604 648 ἑαυτὸν
1624 594 1735 653 τοῖς
1764 590 1947 643 θέλου-

359 692 453 746 σιν
485 690 649 744 αὐτὸν
680 689 833 754 ἰδεῖν,
866 686 960 740 καὶ
985 683 1197 757 μεταδῷ
1219 685 1403 751 αύτοῖς
1422 681 1707 751 ὠφελείας.
1743 681 1806 734 Οἱ
1838 679 1947 751 γὰρ

360 784 605 855 ὁρῶντες
618 779 894 850 ἠκονῶντο
924 779 1059 850 πρὸς
1090 778 1152 830 τὸ
1173 777 1382 848 ἐρωτᾷν
1404 792 1456 828 τι
1484 774 1643 828 αὐτόν
1675 790 1689 804 ·
1726 774 1808 827 ὅτι
1856 773 1948 826 καὶ⁵

364 877 576 947 μᾶλλον
598 877 656 930 ἐν
687 877 806 939 ταῖς
836 873 1056 945 ἀργίαις
1077 869 1383 938 πεφύκασιν
1425 868 1473 921 οἱ
1507 866 1781 935 ἄνθρωποι
1824 864 1949 927 τοὺς

358 967 647 1029 τοιούτους
662 963 937 1036 ἐπιμελῶς
963 961 1237 1015 ἀνακινεῖν
1268 958 1478 1026 λόγους.

449 1142 851 1196 Ἐκύκλωσαν
891 1130 1002 1191 οὖν
1050 1131 1239 1188 αὐτὸν
1290 1133 1346 1184 οὶ
1402 1127 1694 1193 Ἰουδαῖοι,
1746 1126 1837 1179 καὶ
1882 1125 1951 1180 τά

362 1231 523 1303 ἑξῆς.

440 1326 805 1397 Ιξαραιτεῖται
867 1324 968 1394 μὲν
1022 1322 1221 1384 αὐτοὺς
1273 1318 1347 1371 τὸ
1377 1317 1457 1379 εις
1492 1314 1673 1368 πίστιν
1706 1311 1799 1378 ὀξὺ
1836 1310 1952 1380 δρι-

367 1416 604 1487 μύσσων
636 1415 910 1485 ὁ-φθόνος·
946 1413 1261 1476 ἐκϐιάζεται
1286 1410 1344 1463 δὲ
1383 1406 1694 1480 πρὸς-ἡμᾶς
1728 1403 1787 1456 τὺ
1819 1402 1951 1455 θαῦ-

367 1522 452 1576 μα
512 1504 624 1557 τῶν
676 1502 1016 1573 τελουμένων
1064 1501 1126 1554 τὸ
1172 1497 1422 1571 μέγεθος.
1469 1492 1856 1549 ’Υπαιτιῶνται
1888 1508 1951 1559 γε

366 1597 485 1666 μὴν
517 1596 609 1649 τὸν
647 1596 828 1663 λόγον,
875 1592 972 1647 καὶ
1005 1591 1067 1645 τὸ
1111 1591 1209 1660 τῆς
1240 1585 1589 1649 διδασκαλίας
1628 1582 1951 1656 περιεσταλ-

369 1687 559 1756 μένον,
615 1684 875 1756 ἐμπόδιον
937 1682 1120 1743 αὐτοῖς
1170 1674 1311 1732 εἶναι
1381 1673 1658 1745 φασι.τοῦ
1716 1672 1952 1725 συνιέναι

360 1776 631 1831 δύνασθαι
665 1774 848 1837 καλῶς
882 1774 1027 1843 άπερ
1056 1770 1163 1824 ἔδει
1193 1770 1409 1841 μαθεῖν.
1457 1765 1692 1832 Ἀνξιοῦσι
1733 1778 1953 1832 τοιγαρν

2050 594 2325 660 porticum
2389 595 2760 652 confluebant.
2816 598 2994 665 Quare
3059 610 3114 655 et
3176 601 3429 658 Christus
3487 604 3614 657 illnc

2049 683 2221 749 venit,
2260 692 2320 738 ut
2366 700 2426 741 se
2472 688 2693 744 cunctis
2728 690 2813 744 sui
2857 690 3394 747 videndistudiosis
3426 703 3613 748 osten-

2049 773 2224 843 deret,
2247 786 2301 832 et
2328 778 2620 834 utilitatem
2648 780 2893 850 aliquam
2923 782 3317 852 impertiretur.
3339 781 3473 836 Nam
3499 782 3617 837 viso

2050 881 2137 933 eo,
2163 868 2230 923 ad
2285 869 2741 939 interrogandum
2773 872 2841 927 de
2891 888 2950 928 re
2995 874 3179 943 aliqua
3225 873 3612 929 acuebantur:

2050 957 2230 1012 solent
2272 960 2419 1015 enim
2457 961 2729 1028 homines,
2777 978 2903 1018 cum
2954 963 3247 1029 feriantur,
3300 962 3615 1033 hujusmodi

2050 1063 2333 1105 sermones
2370 1044 2607 1108 libenter
2642 1069 3006 1111 commovere.

2123 1137 2189 1211 Χ,
2216 1139 2313 1197 24.
2339 1141 2808 1200 Circumdederunt
2833 1146 2996 1216 igitur
3022 1162 3139 1200 eum
3173 1144 3373 1213 Judwi,
3402 1152 3509 1200 etc.

2121 1332 2431 1399 Quominus
2463 1337 2531 1391 ad
2554 1336 2726 1393 fidem
2758 1336 3128 1408 pelliciantur,
3159 1336 3507 1408 impediteos
3536 1336 3618 1392 vis

2051 1426 2338 1480 aestuantis
2384 1426 2770 1492 invidianesed
2826 1428 2930 1482 alia
2988 1436 3143 1497 parte
3181 1428 3354 1481 trahit
3393 1442 3618 1496 operum

2051 1515 2381 1571 miraculum
2434 1527 2489 1574 et
2526 1519 2865 1590 magnitudo.
2901 1519 3215 1576 Causantur
3248 1519 3466 1588 quidem
3502 1533 3621 1571 scr-

2052 1621 2271 1662 monem
2304 1617 2359 1664 et
2391 1610 2654 1666 doctrinae
2678 1618 3020 1666 contractam
3050 1611 3466 1673 obscuritatem,
3502 1624 3622 1678 quae

2055 1696 2450 1766 impedimento
2489 1703 2563 1756 sit
2611 1716 2681 1756 ne
2720 1709 2870 1757 recte
2904 1701 3209 1772 intelligere
3251 1700 3466 1772 possint
3501 1715 3624 1768 qua:

2055 1785 2322 1843 discenda
2358 1798 2506 1845 sunt.
2547 1790 2748 1846 Petunt
2794 1791 2963 1862 igitur
2991 1799 3051 1846 ut
3099 1792 3361 1862 loquatur
3398 1790 3623 1847 eviden-

361 1864 464 1919 οὖν
516 1866 691 1917 εἰπεῖν
755 1862 918 1918 αὑτὸν
972 1859 1399 1931 ἐναργέστερον,
1456 1856 1635 1911 καίτοι
1694 1852 1951 1914 πολλάκις

2060 1877 2191 1942 tius,
2220 1882 2439 1937 tametsi
2487 1897 2629 1952 saepe
2662 1882 2939 1939 audierint
2986 1884 3121 1939 satis
3153 1883 3428 1953 prolixam
3461 1883 3529 1938 de
3558 1897 3625 1938 eo

359 1956 780 2026 ἀκροασάμενοι
861 1953 959 2008 καὶ
1018 1951 1237 2022 μακρὰν
1298 1950 1389 2003 ἐπὶ
1452 1947 1628 2016 τούτῳ
1698 1944 1957 2006 λαϐόντες

361 2045 655 2115 ἐξήγησιν.
686 2044 749 2096 Et
784 2042 894 2113 γὰρ
939 2041 1033 2094 καὶ
1075 2040 1150 2112 μὴ
1191 2040 1295 2110 ἔφη
1330 2037 1538 2109 σαφῶς·
1583 2034 1726 2104 Ἐγώ
1762 2037 1878 2104 εἰμι
1923 2037 1952 2088 ὁ

360 2133 636 2205 Χριστὸς,
689 2132 829 2188 ἀλλὰ
905 2131 1014 2185 τῶν
1077 2133 1363 2203 προσεῖναι
1428 2128 1750 2197 πεφυκότων
1804 2127 1952 2197 αὐτῷ

357 2226 724 2296 ἀξιωμάτων,
756 2223 928 2277 πολλά
951 2222 1198 2295 παρῆγεν
1230 2224 1313 2284 εἰς
1345 2220 1528 2290 μέσον,
1572 2219 1701 2272 ποτὲ
1741 2219 1838 2289 μὲν
1868 2218 1954 2271 λέ-

360 2334 502 2386 γων’
533 2336 553 2369 ι
588 2315 730 2385 Ἐγώ
759 2318 876 2385 ειμι
912 2316 947 2386 ἡ
976 2314 1273 2376 ἀνάστασις
1302 2312 1396 2366 καὶ
1423 2313 1456 2382 ἡ
1486 2311 1621 2381 ζωὴο
1674 2309 1814 2378 Ἐγώ
1837 2313 1963 2381 εἰμι.

359 2413 399 2480 ὴ
431 2409 574 2472 ὁδός-
622 2407 768 2476 Ἐγώ
782 2410 901 2477 εἰμι
927 2409 959 2477 ἡ
988 2405 1146 2476 θύρα·
1189 2402 1328 2472 Ἑγὼ
1353 2405 1473 2474 εἰμι
1504 2404 1535 2456 6
1568 2402 1826 2473 norpiqv6
1856 2418 1953 2455 κα-

358 2500 480 2564 λόςο
518 2518 539 2551 ι
576 2498 637 2564 ἐξ
667 2492 743 2553 ὧν
776 2498 885 2568 γὰρ
923 2496 1094 2550 ταῦτα
1145 2494 1336 2548 ἑαυτὸν
1388 2492 1671 2563 ὀνομάζει,
1700 2492 1954 2563 σημαίνει

357 2594 449 2645 ὅτι
494 2592 527 2643 6
575 2590 811 2661 Χριστός
842 2587 1134 2649 ἐστιμΤοῖς
1169 2587 1277 2654 γάρ
1313 2583 1574 2648 τοιούτοις
1627 2583 1953 2653 ἀξιώμασιν,

360 2683 566 2737 εἴωθεν
600 2683 635 2753 ἡ
666 2681 859 2752 Γραφὴ
890 2677 1189 2748 στεφανοῦν
1224 2676 1315 2729 τὸν
1346 2676 1603 2747 Χριστόν*
1633 2677 1682 2729 εἰ
1714 2677 1808 2730 καὶ
1837 2676 1955 2730 λευ-

362 2773 483 2836 κῶς
516 2771 678 2825 τοῦτο
710 2770 872 2825 αὐτὸν
900 2770 1144 2841 ἀπῄτουν
1186 2769 1236 2820 οἱ
1273 2767 1520 2821 Ἰουδαῖοι
1553 2768 1750 2831 εἰπεῖν,
1781 2765 1955 2830 ἄλλως

359 2883 427 2918 τε
472 2864 621 2933 τάχα
673 2879 787 2925 πως
845 2862 940 2915 καὶ
994 2861 1054 2914 ού
1097 2859 1301 2929 σφόδρα
1346 2858 1750 2930 εύπαράδεκτον
1793 2858 1855 2913 τὸ
1896 2859 1955 2911 ἐν

358 2956 574 3020 ἁπλαῖς
602 2954 787 3023 λέγειν
817 2955 1045 3022 φωναῖς,
1087 2952 1230 3018 Ἐγώ
1284 2951 1401 3021 ειμι
1458 2954 1487 3006 6
1543 2951 1801 3022 Χριστὸς,
1854 2951 1957 3021 οὐχ

359 3049 659 3120 ἑπομένων
688 3048 769 3110 εἰς
795 3045 1069 3109 ἀπόδειξιν
1106 3044 1215 3097 τῶν
1258 3043 1620 3115 πραγμάτων,
1668 3043 1737 3095 δι’
1769 3037 1845 3096 ὧν
1887 3041 1953 3094 ἂν

2054 1968 2475 2037 expositionem.
2542 1970 2658 2026 Etsi
2718 1972 2864 2040 enim
2936 1986 3046 2026 non
3103 1971 3332 2026 dixisset
3403 1960 3623 2041 aperte,

2060 2057 2172 2126 Ego
2240 2073 2361 2113 sum
2405 2058 2695 2126 Christus,
2739 2070 2979 2117 attamen
3032 2063 3205 2117 multa
3271 2062 3326 2116 in
3386 2061 3624 2117 medium

2058 2148 2287 2204 adduxit
2338 2158 2503 2205 tanta:
2558 2153 2895 2223 dignationis
2959 2154 3223 2224 adjuncta
3307 2162 3361 2208 ct
3429 2168 3629 2224 puero-

2057 2239 2311 2310 gat-ivas,
2364 2241 2658 2298 identidem
2717 2244 2946 2308 dicens,
3003 2263 3021 2296 ι
3089 2243 3199 2314 Ego
3267 2244 3389 2299 sum
3439 2259 3628 2299 resur-

2056 2331 2308 2387 rectioet
2337 2333 2452 2386 vita
2473 2333 2577 2396 ³⁴⁴⁶,
2610 2332 2722 2402 Ego
2757 2348 2877 2389 sum
2910 2334 2995 2388 via
3013 2333 3055 2399 ⁸,
3090 2334 3201 2403 Ego
3225 2348 3347 2387 sum
3390 2332 3559 2402 janua
3582 2333 3626 2394 '.

2058 2419 2170 2490 Ego
2204 2435 2324 2475 sum
2364 2430 2556 2491 pastor
2588 2422 2770 2478 bonus
2797 2422 2818 2452 ⁸
2853 2439 2865 2474 :
2908 2440 2926 2474 ι
2963 2437 3028 2477 ex
3062 2436 3129 2476 eo
3166 2422 3311 2476 enim
3347 2420 3493 2490 quod
3526 2420 3630 2476 sibi

2056 2512 2186 2565 talia
2224 2512 2499 2577 attribuit,
2532 2513 2812 2584 signiﬁcat
2863 2528 2924 2568 se
2972 2512 3257 2568 Christum
3293 2527 3439 2568 esse.
3471 2509 3632 2581 Ejus-

2056 2603 2206 2658 modi
2248 2605 2395 2660 cnim
2431 2603 2754 2659 honoriﬁcis
2792 2603 3255 2674 appellationibus
3303 2603 3444 2658 solet
3479 2600 3628 2655 Scri-

2058 2702 2222 2766 ptura
2273 2695 2539 2752 decorare
2585 2694 2890 2758 Christum,
2932 2702 2987 2751 et
3028 2708 3341 2766 quanquam
3381 2692 3630 2763 postula-

2053 2783 2191 2838 bant
2241 2783 2415 2839 Judtei
2466 2793 2527 2839 ut
2573 2784 2814 2840 dilucide
2871 2785 3211 2855 loqueretur,
3270 2798 3381 2836 non
3449 2790 3631 2836 tamen

2057 2888 2475 2944 usquequaque
2514 2873 2678 2928 ﬁdem
2708 2873 2873 2928 facile
2940 2872 3184 2939 fecisset,
3216 2872 3448 2928 dicendo
3498 2871 3632 2927 sini-

2058 2963 2294 3033 plicibus
2339 2963 2588 3029 vocibus,
2620 2962 2734 3034 Ego
2783 2978 2905 3018 sum
2938 2962 3218 3026 Christus,
3248 2961 3354 3016 nisi
3398 2961 3465 3015 ad
3508 2976 3634 3030 pro-

2058 3053 2337 3109 bationem
2394 3068 2565 3123 opera
2636 3061 3038 3122 sequerentur,
3091 3051 3295 3121 quibus
3351 3065 3463 3121 par
3515 3058 3633 3104 erat

361 3141 604 3204 εἰκότως
637 3137 935 3207 ἐπιστεύθη
973 3137 1048 3201 ὡς
1084 3136 1249 3199 αὐτὸς
1289 3136 1374 3206 εἴη
1409 3136 1438 3188 6
1472 3134 1724 3205 Χριστός.
1762 3136 1955 3203 Ἀσυγ-

2059 3142 2212 3197 credi
2247 3157 2373 3197 eum
2401 3158 2528 3198 esse
2554 3141 2860 3197 Christum.
2880 3141 2948 3196 Et
2973 3142 3203 3212 quidem
3232 3148 3633 3195 extraomnem

358 3233 581 3303 κρίτως
610 3231 669 3283 δὲ
695 3232 945 3300 κρεῖττον
990 3228 1065 3298 μὴ
1120 3230 1179 3294 ἐξ
1209 3220 1284 3280 ὧν
1310 3226 1470 3289 αὐτὸς
1511 3226 1664 3294 ἔλεγε
1692 3225 1955 3297 γνωρίζε-

362 3323 499 3377 σθαι
532 3321 721 3384 αὐτὸν,
763 3320 846 3373 ὅτι
875 3318 1040 3380 αὑτός
1070 3320 1218 3372 ἐστιν
1253 3318 1283 3370 6
1312 3314 1569 3387 Χριστός,
1606 3315 1722 3369 ἀλλ’
1756 3316 1960 3370 ἐκτῶν

360 3416 664 3486 προσεῖναι
715 3410 1041 3478 πεφυκότων
1095 3408 1320 3478 μᾶλλον,
1350 3406 1549 3473 καῖ’-ἑξ
1601 3398 1685 3461 ὧν
1724 3407 1781 3459 αἱ
1806 3388 1961 3459 θεῖαι

361 3507 503 3577 περὶ
533 3503 704 3558 αὑτοῦ
723 3500 1110 3574 χρησμῳδούσι
1141 3499 1507 3569 Γραφαὶ,.καὶ
1533 3496 1769 3569 φανερὸν
1797 3497 1959 3551 αὐτὸν

363 3597 599 3650 ἔσεσθαι
631 3595 952 3666 μηνύουσιν.
980 3593 1162 3661 ’Ἀπερ
1193 3591 1268 3662 μὴ
1297 3592 1588 3662 νοήσαντες
1617 3591 1666 3643 οἱ
1694 3589 1957 3654 Ἰουδαῖοι,

360 3689 446 3752 ὡς
474 3690 619 3756 ἄγαν
663 3684 1149 3758 μικροψυχοῦντες,
1180 3682 1553 3751 φασίν-(Ἕως
1577 3681 1708 3735 πότε
1733 3681 1830 3753 τὴν
1858 3681 1962 3750 ψυ-

364 3780 476 3850 χὴν
507 3778 668 3850 ήμῶν
698 3778 910 3849 αἵρεις;
936 3796 956 3828 ι
999 3774 1162 3839 Ἒθος
1190 3773 1300 3845 γὰρ
1322 3774 1434 3836 τοῖς
1464 3772 1789 3844 ὀλιγωροῦσι
1803 3772 1961 3826 τοῦτο

364 3871 584 3938 λέγειν.

451 3963 531 4017 Τὰ
550 3962 699 4030 ἔργα
731 3961 770 4015 ἂ
792 3960 909 4030 ἐγὼ
938 3958 1085 4013 ποιῶ
1110 3958 1181 4011 ἐν
1217 3955 1296 4022 τῷ
1322 3959 1566 4027 ὀνόματι
1598 3954 1709 4010 τοῦ
1725 3957 1960 4023 Πατρός

359 4074 514 4126 μου,
545 4054 735 4108 ταῦτα
757 4051 1051 4122 μαρτυρεῖ
1066 4049 1200 4119 περὶ
1229 4048 1398 4117 ἐμοῦ.

445 4144 713 4218 Περιττδν
746 4139 839 4197 οὖν
866 4142 1087 4211 ἐνόμισε
1115 4140 1209 4192 κα)⁵
1237 4140 1265 4192 6
1289 4137 1523 4209 Χριστὸς
1563 4139 1676 4200 τοῖς
1703 4135 1964 4199 πολλάκις

368 4236 653 4293 ἀκούσασι
690 4234 907 4304 καὶμὴ
952 4230 1242 4293 πεισθεῖσι,
1282 4227 1553 4282 πάλιντά
1594 4227 1734 4281 αὐτὰ
1762 4227 1963 4280 εἰπεῖνε

369 4330 501 4403 Χρὴ
520 4331 631 4402 γάρ
655 4326 766 4381 άπὸ
790 4326 891 4395 τῆς
910 4322 1021 4376 τῶν
1042 4321 1345 4393 γινομένων
1375 4318 1658 4391 ποιότητος
1678 4315 1966 4389 δοκιμάζε-

373 4423 508 4478 σθαι
557 4419 630 4473 τὰ
664 4419 921 4479 ἑκάστου,
946 4416 1043 4469 καὶ
1075 4415 1135 4468 οὐ
1191 4413 1411 4475 πάντως
1463 4412 1544 4475 εἰς
1576 4410 1776 4479 λόγους
1808 4411 1961 4481 ὁρᾷν.

2059 3234 2529 3306 comparationem
2588 3235 2785 3290 melius
2817 3243 2904 3290 est
2922 3250 2933 3264 ··
2950 3249 3059 3289 non
3107 3250 3181 3288 ex—
3217 3234 3283 3288 iis
3329 3246 3453 3303 quae
3496 3224 3636 3286 dixit

2060 3338 2188 3378 eum
2225 3338 2561 3394 cognoscere
2587 3323 2737 3395 quod
2768 3322 2888 3393 ipse
2919 3322 2991 3379 sit
3018 3322 3297 3385 Christus,
3333 3322 3430 3377 sed
3462 3322 3634 3391 magis

2060 3429 2124 3469 ex
2170 3413 2239 3469 iis
2271 3404 2401 3484 qum
2425 3415 2615 3469 insunt
2646 3414 2774 3485 ipsi,
2810 3415 2990 3484 iisque
3043 3416 3207 3469 etiam
3241 3412 3484 3467 oraculis
3514 3427 3635 3480 quae

2060 3504 2128 3559 de
2154 3520 2224 3560 eo
2249 3503 2449 3561 divina:
2474 3505 2774 3576 Scriptura:
2801 3515 3028 3569 canunt,
3060 3514 3113 3559 et
3146 3503 3392 3558 futurum
3427 3510 3486 3556 ut
3516 3504 3636 3571 ipse

2061 3597 2378 3651 innotescat
2427 3595 2756 3666 praedicunt.
2794 3594 2927 3662 Qua:
2969 3610 3095 3650 cum
3139 3609 3248 3649 non
3291 3594 3637 3664 perpendant

2060 3686 2259 3752 Judaei,
2288 3686 2438 3743 velut
2480 3688 2824 3765 consternati
2853 3686 3057 3741 animis
3082 3687 3238 3740 aiunt
3276 3704 3288 3742 :
3328 3704 3346 3735 ι
3381 3683 3636 3750 Quandiu

2062 3780 2300 3833 animam
2342 3791 2587 3835 nostram
2638 3794 2964 3850 suspensam
2994 3779 3186 3836 tenes?
3219 3796 3237 3829 ι
3276 3776 3444 3831 Moris
3490 3775 3635 3832 enim

2064 3876 2149 3925 cst
2177 3868 2582 3939 negligentibus
2608 3883 2673 3925 ac
2710 3867 3124 3924 fastidientibus
3158 3866 3262 3920 hoc
3294 3864 3465 3933 loqui.

2137 3957 2204 4020 X,
2234 3959 2328 4015 ‘25.
2360 3957 2534 4028 Opera
2557 3973 2677 4028 qua:
2702 3973 2795 4028 ego
2817 3957 2958 4026 facio
2981 3957 3037 4010 in
3064 3955 3272 4010 nomine
3300 3951 3483 4006 Patris
3513 3952 3634 4017 mei,

2064 4050 2174 4104 luet:
2198 4050 2263 4104 de
2288 4066 2367 4103 me
2394 4058 2676 4105 testantur.

2138 4136 2486 4208 Superlluum
2522 4138 2696 4209 igitur
2734 4137 2891 4194 duxit
2916 4137 3176 4193 Christus
3228 4119 3507 4205 apud‘eos
3545 4135 3641 4204 qui

2067 4228 2229 4284 toties
2259 4228 2553 4283 audierant
2585 4242 2701 4284 nec
2715 4227 3070 4284 crediderant
3102 4242 3298 4283 rursus
3338 4224 3529 4281 eadem
3561 4239 3641 4278 re-

2068 4326 2291 4390 petere.-
2316 4319 2546 4392 Oportet
2577 4322 2724 4377 enim
2768 4335 3222 4392 unumquemque
3271 4334 3337 4374 ex
3373 4318 3640 4389 qualitate

2069 4426 2301 4482 operum
2345 4411 2605 4482 spectari,
2630 4425 2734 4466 nec
2767 4412 2835 4467 ad
2879 4411 2995 4467 sola
3029 4410 3194 4466 verba
3227 4408 3638 4479 respiciendum

381 4507 776 4579 Ἀποπληροῦν
807 4506 864 4559 δὲ
892 4505 1041 4572 λέγει
1074 4501 1267 4557 ἑαυτὸν
1288 4502 1356 4554 τὰ
1380 4501 1518 4570 ἔργα
1540 4502 1598 4553 ὲν
1628 4500 1707 4572 τῷ
1734 4501 1957 4571 ὀνόματι

2064 4508 2179 4557 est;
2224 4501 2475 4558 S‘e-vero
2527 4503 2830 4574 adimplere
2884 4502 3040 4557 dicit-
3074 4517 3242 4570 opera
3307 4500 3360 4553 in
3421 4499 3651 4553 nomine-

367 4598 469 4654 τοῦ
503 4595 834 4681 Πατρδςιού
858 4593 963 4665 τὴν
990 4593 1196 4647 ἄνωθεν
1222 4591 1367 4645 καθά
1409 4607 1495 4654 τις
1530 4590 1687 4658 ἅγιος
1710 4592 1957 4662 καρπού-

2068 4593 2277 4658 Patris,
2300 4608 2409 4649 non
2445 4595 2598 4649 velut
2638 4594 2840 4665 aliquis
2874 4600 3101 4650 sanctus
3138 4593 3376 4661 desuper
3401 4598 3641 4660 potesta-

373 4707 544 4763 μενος
576 4689 835 4757 δύναμιν,
860 4686 970 4739 οὐδ’
999 4685 1076 4748 ὡς
1104 4683 1410 4754 ἀδυναμίαν
1435 4682 1611 4754 ἑαυτῷ
1638 4685 1957 4756 κατηγορῶν

2070 4693 2182 4741 tem
2219 4685 2516 4756 accipiens,
2543 4686 2637 4741 sed
2673 4700 2775 4740 nec
2802 4684 2969 4740 etiam
3001 4683 3153 4738 illam
3198 4682 3254 4737 in
3295 4697 3356 4738 se
3399 4681 3645 4737 imbecil-

369 4788 401 4839 6
434 4781 575 4844 Θεὸς
604 4781 672 4832 ἐκ
704 4776 866 4832 Θεοῦ·
896 4778 925 4830 6
964 4774 1060 4829 τοῦ
1092 4775 1305 4847 Πατρὸς
1335 4773 1641 4845 ὁμοούσιος,
1669 4776 1704 4844 ή
1734 4774 1957 4847 δύναμις

2069 4774 2281 4831 litatem
2307 4790 2611 4842 accusans;
2646 4774 2810 4847 665
2838 4774 3038 4845 quippe
3056 4789 3125 4830 ex
3156 4771 3267 4828 Deo
3295 4771 3464 4837 Deus,
3494 4771 3644 4827 Patri

369 4874 471 4930 τοῦ
506 4871 744 4942 Πατρὸς,
779 4868 895 4923 ἀλλ’
923 4868 999 4931 ὡς
1020 4862 1312 4937 ἀπονέμων
1333 4869 1399 4938 τῇ
1432 4866 1554 4938 θείᾳ
1581 4866 1708 4939 δόξῃ
1731 4867 1830 4939 τὴν
1854 4866 1957 4920 τῶν

2071 4867 2588 4932 consubstantialis,
2644 4868 2827 4923 Patris
2884 4868 3079 4931 virtus,
3132 4872 3189 4921 et
3233 4866 3387 4921 velut
3446 4865 3646 4920 divinae

368 4962 725 5035 τελουμένων
748 4960 1000 5031 δύναμιν,
1050 4961 1110 5012 ὲν
1141 4958 1221 5029 τῷ
1254 4958 1480 5026 ὀνόματι
1519 4956 1614 5010 τοῦ
1645 4958 1858 5029 Πατρὸς
1897 4958 1957 5011 τά

2065 4960 2262 5033 κωκύω
2285 4975 2477 5016 eorum
2510 4975 2643 5031 quae
2670 4960 2810 5014 ﬁunt
2842 4962 2951 5015 vim
2981 4957 3290 5022 ascribens,
3335 4957 3390 5011 in
3422 4958 3645 5011 nomine

370 5056 522 5128 ἔργα
555 5053 693 5123 φησὶ
727 5053 923 5105 ποιεῖν.
958 5048 1103 5118 Πλὴν
1144 5050 1241 5103 καὶ
1273 5048 1465 5117 ἀνάγει
1499 5049 1592 5102 ἐπὶ
1620 5049 1713 5102 τὸν
1748 5049 1969 5120 Πατέρα

372 5147 479 5217 τὴν
508 5144 704 5214 τιμήνο
747 5143 837 5195 ἵνα
884 5141 959 5213 μὴ
1004 5140 1080 5212 δῷ
1118 5143 1231 5203 τοῖς
1283 5139 1558 5202 Ἰουδαίοις
1592 5139 1844 5210 ἀφορμὴν
1876 5140 1968 5193 τοῦ

375 5235 722 5306 ιπιφύεσθαι
749 5234 919 5305 αὐτῷ.
950 5234 1140 5303 Ὅμως
1169 5232 1262 5285 καὶ
1285 5231 1434 5299 ἄξιον
1459 5233 1706 5303 ἡγήσατο
1736 5232 1812 5302 μὴ
1836 5249 1971 5303 παρ-

374 5330 565 5384 ελθεῖν
596 5328 662 5383 τὸ
706 5328 904 5399 μέτρον
954 5328 1054 5398 τῆς
1098 5326 1285 5380 δούλου
1332 5326 1549 5398 μορφῆς
1579 5327 1673 5380 καὶ
1702 5325 1970 5397 ὑπάρχειν

374 5422 520 5485 Θεὸς
542 5419 640 5475 καὶ
656 5419 882 5490 Κύριος⁸
915 5419 1084 5473 εἰπὼν
1105 5418 1164 5473 δὲ
1186 5419 1269 5471 ὅτι
1292 5419 1350 5470 ὲν
1376 5418 1599 5488 ὀνόματι
1637 5417 1744 5471 ’ποῦ’
1762 5419 1971 5489 Πατρδς

378 5512 536 5565 ποιεῖ
558 5509 631 5563 τά
663 5508 822 5580 ἔργα,
847 5509 1089 5563 διδάσκει
1115 5509 1197 5562 ὅτι
1229 5506 1283 5560 οἱ
1315 5507 1559 5561 Ἰουδαῖοι
1594 5506 1974 5577 βλασφημοῦν-

2067 5053 2254 5109 Patris
2285 5069 2346 5109 se
2383 5068 2554 5124 opera
2590 5052 2770 5108 facere
2794 5051 2947 5107 dicit.
2984 5049 3295 5116 Quinetiam
3327 5057 3381 5105 et
3425 5050 3492 5104 ad
3544 5048 3639 5103 Pa-

2071 5155 2209 5201 trem
2239 5145 2504 5200 honorem
2537 5128 2731 5207 refcrt,
2755 5158 2824 5197 ne
2845 5142 2995 5196 illam
3031 5140 3242 5197 ludatis
3271 5140 3325 5194 in
3368 5156 3428 5196 se
3455 5154 3641 5195 ansam

2068 5237 2338 5307 praebeat.
2388 5235 2562 5289 Simul
2621 5248 2840 5304 aquum
2895 5233 3111 5288 censuit
3171 5231 3394 5287 modum
3459 5230 3651 5283 forma:

2073 5327 2218 5383 servi
2253 5341 2362 5381 non
2407 5323 2717 5396 transgredi
2755 5332 2809 5379 ct
2841 5324 3114 5380 exsistere
3155 5323 3296 5378 Deus
3344 5336 3410 5375 ac
3461 5318 3649 5372 Domi-

2075 5424 2182 5477 nus
2217 5436 2230 5472 :
2270 5419 2461 5474 dicens
2495 5431 2624 5472 vero
2674 5416 2732 5471 in
2775 5420 3000 5473 nomine
3033 5414 3214 5469 Patris
3253 5426 3417 5481 opera
3464 5424 3523 5463 se
3564 5408 3646 5461 fa-

2077 5523 2223 5573 cere,
2261 5504 2504 5563 ostendit
2548 5503 2771 5561 Judteos
2826 5502 3205 5573 blasphemare
3252 5496 3344 5567 qui
3391 5493 3648 5561 dicebant
3732 5536 3737 5542 .

376 5617 476 5665 τες
506 5599 724 5673 ελεγον,
750 5600 810 5653 ὲν
833 5597 1161 5663 Βεελζεΰοὺλ
1189 5595 1471 5652 ἐκϐάλλειν
1500 5598 1661 5653 αὐτὸν
1698 5598 1767 5652 τὰ
1792 5599 1957 5669 δαιμό

2080 5616 2205 5655 cum
2241 5599 2295 5653 in
2321 5597 2605 5654 Beclzcbul
2633 5595 2835 5667 cjiccrc
2859 5593 3127 5650 daemonia
3154 5609 3165 5645 :
3193 5589 3317 5662 quia
3342 5601 3472 5644 vero
3488 5584 3649 5641 Pater

456 5779 551 5811 ⁸⁹’⁰
577 5774 749 5835 Joan.
782 5760 860 5839 xl,
884 5776 977 5831 24.
1055 5778 1073 5807 ⁶
1097 5774 1256 5832 Joan.
1292 5790 1404 5840 xiv,
1440 5776 1493 5830 6.
1572 5775 1591 5806 ⁷
1626 5774 1782 5863 Joan.
1821 5792 1873 5840 x,
1911 5777 1957 5830 9.

2059 5773 2231 5829 ‘lbid.
2278 5775 2362 5828 Η.
