4104 6430
530 340 601 399 ιο
1525 345 1581 399 s.
1619 345 1899 405 CYRILLI
1932 348 2405 413 ALEXANDRINI
2439 357 2757 415 ARCHIEP.
3057 352 3060 357 ’
3709 368 3785 429 ao

529 473 642 512 non
668 454 797 526 quia
833 453 993 514 Pater
1022 466 1111 513 est
1146 456 1279 513 facit
1302 458 1587 527 iniracula,
1621 465 1715 520 sed
1746 467 1875 535 quia
1911 478 2092 523 natur:

2212 492 2319 528 νια·
2347 478 2470 530 ἐπεὶ
2506 477 2563 531 δὲ
2592 478 2621 529 ὁ
2648 477 2859 548 Πατὴρ,
2895 477 2995 530 οὐκ
3030 478 3218 550 ἐπειδὴ
3260 480 3449 551 Πατήρ
3475 482 3614 548 ἔστι,
3641 486 3785 539 ποιεῖ

528 545 677 602 Deus
709 554 814 611 est,
846 555 901 603 et
928 546 1105 604 Filius
1147 564 1343 606 rursus
1373 566 1480 606 non
1511 553 1641 621 quia
1678 554 1876 622 Filius,
1915 558 2012 613 sed
2044 568 2105 612 ut

534 643 675 696 Deus
706 654 774 694 ex
802 638 912 694 Deo
936 648 1116 710 potest
1174 641 1340 696 etiam
1383 642 1501 713 ipse
1546 659 1711 714 opera
1736 646 1918 703 Patris
1967 663 2102 719 prae-

530 736 702 794 stare,
723 729 846 784 ideo
865 730 1204 786 (economice
1225 739 1278 786 et
1302 743 1517 787 servato
1541 749 1724 789 rerum
1752 737 1952 793 ordine
1970 739 2105 794 dicit

528 836 589 877 se
616 814 673 876 in
698 824 919 878 nomine
954 822 1133 878 Patris
1157 838 1325 893 opera
1352 822 1556 880 facere.

595 986 681 1059 Χ,
741 997 832 1053 26.
877 996 979 1053 Sed
1030 1016 1116 1053 vos
1170 1000 1299 1053 mihi
1353 1017 1456 1055 non
1505 1002 1763 1071 creditis,
1813 1007 1942 1076 quia
2002 1026 2107 1063 non

524 1091 654 1145 estis
684 1106 751 1144 ea:
784 1092 965 1145 ovibus
992 1092 1141 1146 meis.

593 1177 859 1234 Indicium
910 1188 963 1235 et
1032 1190 1419 1252 argumentum
1478 1187 1858 1242 certissimum
1916 1192 2101 1245 ovium

521 1269 726 1326 Christi
770 1279 855 1327 est
896 1269 1058 1326 facile
1099 1271 1290 1328 audire
1318 1283 1373 1328 et
1403 1284 1654 1344 paratum
1696 1294 1820 1336 esse
1870 1282 1938 1335 ad
1973 1284 2099 1338 obe-

520 1360 808 1425 diendum,
858 1362 1004 1417 sicut
1047 1368 1103 1417 et
1152 1364 1457 1419 alienarum
1514 1382 1625 1422 non
1673 1369 1924 1442 obsequi.
1965 1372 2097 1427 Nam

521 1452 716 1507 audire
753 1453 833 1508 sic
884 1453 1336 1524 interpretamur,
1383 1459 1551 1515 dictis
1599 1461 1757 1517 ﬁdem
1813 1465 2094 1520 adhibere.

518 1544 602 1599 llli
651 1559 782 1600 vero
814 1555 1228 1616 cognoscuntur
1266 1562 1297 1602 a
1345 1548 1460 1605 Deo
1511 1551 1887 1622 qui,audiunt
1923 1571 2049 1611 eum
2081 1575 2096 1611 :

516 1634 779 1705 cognosci
811 1649 940 1690 vero
981 1634 1261 1706 signiﬁcat
1311 1639 1623 1711 conjungi:
1671 1643 1901 1698 omnino
1950 1645 2096 1699 enim

2209 566 2277 619 τά
2309 566 2582 636 θαύματα,
2615 568 2728 620 ἀλλ’
2752 568 2937 637 ἐπειδὴ
2963 568 3094 632 Θεός
3126 570 3239 624 ἐστι
3265 569 3446 640 φύσει·
3483 574 3575 626 καὶ
3600 577 3629 627 ό
3656 572 3784 638 Υἱὸς

2210 659 2339 728 ἄρα,
2368 659 2469 712 οῦκ
2495 658 2683 729 ἐπειδὴ
2715 659 3002 724 Υῐὺςιάλλ⁹
3026 660 3100 723 ὡς
3125 661 3256 725 Θεὸς
3286 663 3351 714 ὲκ
3383 661 3539 726 Θεοῦ,
3562 662 3782 741 δύναται

2211 750 2304 803 καὶ
2348 749 2513 814 αὐτὸς
2576 749 2646 803 τὰ
2695 750 2790 805 τοῦ
2845 752 3056 822 Πατρός
3111 751 3247 823 ἔργα
3312 757 3503 807 ποιεῖν·
3570 755 3652 808 διὸ
3704 756 3782 808 οἱ·

2213 841 2519 911 κονομικῶς
2571 839 2744 907 εἶπεν,
2795 844 2852 897 ὲν
2893 843 3118 915 ὀνόματι
3171 844 3263 897 τοῦ
3292 846 3504 917 Πατρὸς
3549 846 3619 899 τά
3644 845 3782 917 ἔργα

2209 934 2405 984 ποιεῖν.

2292 1023 2441 1075 Ἀλλ’
2472 1023 2640 1091 ὑμεῖς
2679 1026 2751 1078 οὐ
2790 1024 3103 1079 πιστεύετέ
3137 1043 3258 1096 μοι,
3283 1025 3371 1079 ὅτι
3402 1028 3513 1080 οὐκ
3541 1025 3683 1079 ἐστὲ
3710 1025 3779 1079 ἐκ

2203 1114 2324 1167 τῶν
2347 1116 2658 1183 προϐάτων
2678 1115 2796 1170 τῶν
2812 1116 2987 1187 ἐμῶν.

2290 1207 2588 1271 Ἀπόδειξις
2617 1208 2725 1260 τῶν
2747 1207 2840 1260 τοῦ
2865 1207 3100 1278 Χριστοῦ
3132 1208 3441 1279 προϐάτων,
3465 1208 3524 1262 τὸ
3552 1210 3780 1277 εὐήκοον

2207 1299 2301 1352 καὶ
2330 1299 2391 1352 τὸ
2411 1297 2626 1369 ἕτοιμον
2652 1300 2732 1362 εἰς
2755 1300 3086 1362 εὐπείθειαν,
3127 1300 3315 1369 ὥσπερ
3349 1299 3457 1352 τῶν
3482 1300 3780 1369 ἀλλοτρίων

2206 1390 2268 1444 τὸ
2296 1390 2537 1454 ἀπειθές.
2565 1390 2639 1444 Τὸ
2666 1390 2777 1460 γὰρ
2800 1389 3020 1444 ἀκούειν
3039 1384 3141 1443 ὧδε
3169 1391 3415 1460 νοοῦμεν,
3451 1390 3513 1443 τὸ
3545 1392 3657 1453 τοῖς
3694 1388 3780 1442 λε-

2206 1483 2462 1554 γομένοις
2519 1482 2826 1551 πεισθῆναι.
2881 1482 3111 1535 Ἐκεῖνοι
3161 1481 3219 1534 δὲ
3271 1478 3630 1550 γινώσκονται
3674 1479 3780 1532 ὑπὸ

2205 1574 2341 1629 Θεοῦ
2371 1575 2422 1628 oi
2443 1573 2735 1637 ἀκούοντες
2761 1573 2946 1627 αὐτοῦ·
2968 1574 3030 1627 τὸ
3061 1574 3116 1626 δὲ
3143 1571 3507 1641 γινώσκεσθαι
3538 1571 3686 1642 δηλοῖ
3716 1568 3779 1622 τὸ

2204 1662 2555 1718 οἰκειοῦσθαι·
2581 1663 2809 1717 καθόλου
2832 1662 2940 1733 γὰρ
2962 1662 3134 1725 οὐδεὶς
3162 1662 3266 1714 ὑπὸ
3284 1660 3378 1714 τοῦ
3402 1659 3537 1713 Θεοῦ
3569 1659 3779 1726 ἀγνοεῖ-

516 1723 703 1778 nullus
733 1739 764 1778 a
793 1722 907 1779 Deo
935 1725 1243 1796 ignoratur.
1268 1727 1405 1783 Cum
1432 1744 1563 1786 vero
1590 1731 1746 1798 dicit,
1773 1752 1791 1784 ι
1814 1733 2092 1806 Cognosce

2199 1775 2311 1811 ται.
2345 1758 2514 1811 Ὅταν
2560 1751 2654 1811 οῦν
2720 1722 2947 1823 λέγει,ἰ
2989 1722 3249 1807 Γινώσκω
3294 1751 3365 1805 τὰ
3397 1750 3527 1821 ὲμά,
3564 1768 3584 1803 ι
3617 1722 3778 1802 τοῦτό

516 1810 729 1881 rneas',
769 1834 789 1867 ι
819 1814 923 1870 hoc
955 1815 1114 1881 dicit,
1155 1821 1453 1888 amplectar
1472 1830 1526 1876 et
1555 1822 1782 1893 jungam
1814 1824 1946 1880 mihi
1977 1841 2091 1897 my-

516 1905 658 1961 stice
705 1913 761 1961 et
808 1921 906 1977 per
964 1908 1288 1965 relationem
1344 1912 1593 1969 alTectus.
1647 1914 1933 1987 QuiSpiam
1964 1931 2098 1973 vero

519 1996 718 2051 dixerit
739 2012 888 2063 eum,
915 2007 1191 2068 quatenus
1230 2001 1396 2057 homo
1422 2003 1598 2061 factus
1636 2014 1742 2071 est,
1776 2022 1971 2063 omnes
2005 2006 2098 2063 bo-

514 2086 695 2143 mines
734 2088 836 2142 sibi
890 2090 1227 2171 conjungere
1276 2104 1500 2165 propter
1534 2097 1977 2152 communionem
2006 2113 2097 2167 ge-

514 2177 667 2233 neris
709 2186 762 2233 et
803 2182 1389 2250 consanguinitatem,
1434 2186 1508 2239 ita
1538 2193 1598 2241 ut
1630 2201 1823 2242 omnes
1870 2186 2095 2242 Christo

513 2267 793 2337 conjuncti
823 2271 1000 2326 simus
1030 2280 1085 2327 et
1121 2272 1315 2331 afﬁnes
1350 2290 1451 2344 per
1480 2276 1869 2334 habitudinem
1904 2279 2095 2348 mysti-

512 2371 632 2413 cam
673 2358 728 2413 in
758 2370 1024 2432 quantum
1058 2363 1221 2419 homo
1251 2364 1427 2423 factus
1456 2379 1572 2435 est;
1607 2370 1777 2424 alieni
1805 2386 1937 2426 vero
1972 2372 2096 2442 qui-

511 2464 731 2520 cunque
772 2451 1112 2508 conformem
1145 2458 1461 2512 sanctitatis
1492 2459 1787 2529 imaginem
1823 2475 1935 2515 non
1979 2476 2097 2516 ser-

510 2549 662 2596 vant.
700 2540 792 2598 Sic
828 2551 884 2600 et
925 2543 1100 2600 Judaei
1133 2560 1259 2602 cum
1302 2559 1491 2605 essent
1536 2550 1725 2608 aﬂines
1764 2559 1821 2606 et
1866 2552 2097 2623 conjun-

510 2634 586 2687 cti
623 2635 928 2690 secundum
965 2652 1143 2708 genus
1180 2636 1460 2693 Abraham
1504 2639 1710 2706 ﬁdelis,
1767 2642 1893 2698 ideo
1945 2643 2093 2713 quod

509 2726 760 2783 inﬁdeles
788 2727 917 2783 facti
940 2738 1070 2785 sunt
1085 2738 1310 2803 propter
1324 2747 1537 2788 morum
1557 2733 2091 2802 dissimilitudinem,

509 2819 580 2875 ab
597 2819 716 2889 ejus
734 2820 994 2877 aliinitate
1009 2824 1348 2881 exciderunt.
1370 2825 1512 2881 Dicit
1534 2842 1687 2896 vero,
1712 2847 1731 2880 ‹
1758 2826 1823 2883 Ει
1847 2844 2094 2899 sequun-

507 2918 602 2963 tur
634 2924 719 2963 me
748 2925 926 2966 oves:
965 2931 985 2965 ι
1022 2913 1116 2983 qui
1141 2914 1288 2968 enim
1331 2916 1591 2979 credunt,
1623 2917 1810 2973 divina
1855 2918 2089 2989 quadam

507 3000 684 3070 gratia
708 3001 876 3054 etiam
903 3001 1113 3058 Christi
1144 3005 1394 3075 vestigiis
1417 3007 1704 3071 insistunt,
1729 3024 1837 3064 non
1858 3009 2091 3079 amplius

507 3091 777 3163 legalibus
814 3092 1026 3151 umbris
1070 3096 1395 3161 servientes,
1428 3098 1526 3154 sed
1570 3100 1838 3154 mandata
1874 3100 2082 3157 Christi
2119 3104 2163 3166 C

480 3191 564 3238 'et
598 3172 910 3240 sermonem
942 3185 1064 3257 ejus
1095 3202 1191 3257 per
1217 3188 1452 3258 gratiam
1489 3197 1805 3260 sequentes,
1854 3191 1925 3246 ad
1968 3192 2089 3261 ejus

508 3273 905 3344 dignationem,
939 3283 1131 3347 utpote
1172 3276 1268 3332 ﬁlii
1316 3278 1411 3334 Dei
1448 3280 1626 3334 vocati
1659 3281 1725 3347 ³ο,
1761 3281 2086 3338 ascendent.

505 3364 735 3422 Christo
773 3366 921 3423 enim
949 3367 1287 3424 ascendente
1317 3369 1372 3424 in
1416 3371 1641 3435 coelum,
1691 3372 1856 3427 etiam
1888 3373 1966 3427 illi
2003 3389 2087 3429 se-

507 3465 744 3525 quentur
776 3475 790 3512 :
821 3458 1130 3514 mercedem
1157 3474 1289 3514 vero
1320 3468 1372 3515 et
1403 3461 1690 3530 praemium
1722 3477 1782 3518 se
1813 3465 2092 3534 sequenti-

509 3548 611 3603 bus
642 3548 809 3603 vitam
863 3557 1120 3604 aeternam
1171 3563 1232 3605 se
1276 3549 1466 3621 largiri
1512 3551 1609 3618 ait,
1662 3560 1928 3623 praeterea
1978 3569 2085 3609 nec

507 3638 706 3708 subjici
736 3640 898 3693 morti
929 3646 1028 3693 aut
1067 3641 1436 3709 corruptioni,
1486 3656 1591 3696 nec
1633 3644 1927 3698 tormentis
1968 3658 2092 3713 qua:

506 3718 962 3796 delinquentibus
993 3741 1023 3781 a
1075 3726 1263 3797 judice
1308 3727 1645 3799 iri-agantur.
1697 3727 1777 3783 Ex
1837 3744 1903 3784 eo
1942 3730 2088 3784 enim

506 3817 658 3888 quod
697 3817 791 3871 dat
819 3818 1008 3885 vitam,
1044 3818 1289 3873 ostendit
1326 3833 1387 3875 se
1422 3826 1620 3874 natura
1646 3835 1773 3876 esse
1801 3821 1969 3876 vitam
2004 3821 2089 3891 ip-

507 3924 648 3973 sam,
691 3908 858 3980 666
887 3924 1059 3981 seque
1085 3924 1209 3965 eam
1250 3910 1607 3982 suppeditare
1651 3926 1682 3966 a
1715 3912 1924 3983 seipso,
1974 3926 2085 3967 non

507 4000 580 4056 ab
613 4000 724 4054 alio
753 4011 1040 4071 acceptam
1077 4021 1092 4058 :
1122 4006 1288 4059 vitam
1317 4013 1499 4061 autem
1535 4005 1901 4077 intelligimus
1928 4012 2090 4060 teter—

507 4104 671 4155 nam,
705 4105 814 4144 non
853 4093 1116 4162 temporis
1138 4094 1462 4151 immensam
1482 4095 1931 4161 diuturnitatem,
1980 4111 2087 4166 qua

505 4194 698 4237 omnes
734 4188 846 4235 tam
891 4182 1023 4237 boni
1067 4198 1235 4253 quam
1286 4186 1415 4239 mali
1457 4195 1583 4255 post
1617 4186 2087 4242 resurrectionem

508 4274 785 4343 fruentur,
834 4277 928 4334 sed
983 4278 1044 4333 in
1083 4279 1253 4334 animi
1300 4281 1703 4351 tranquillitate
1740 4289 1795 4337 et
1828 4296 1962 4352 pace
1994 4281 2090 4338 de-

506 4383 653 4439 gere.
685 4366 992 4425 Possumus
1026 4379 1081 4425 et
1113 4370 1282 4425 vitam
1321 4372 1572 4443 accipere
1600 4373 1889 4444 mysticam
1931 4374 2086 4430 eulo-

2204 1864 2389 1919 φησιν,
2406 1848 2489 1901 ὅτι
2515 1845 2887 1917 Πῳσδὲξομαι
2913 1844 3008 1897 καὶ
3027 1841 3384 1912 οἱκειώσομαι
3412 1840 3551 1894 αὐτὰ
3581 1855 3776 1908 μυστι-

2202 1938 2316 2001 κῶς
2347 1955 2405 1991 τε
2439 1937 2535 1990 καὶ
2561 1935 2844 2007 σχετικῶς.
2871 1935 3030 1988 Εἴποι
3068 1934 3113 1986 δ’
3143 1932 3209 1987 ἄν
3248 1948 3333 1996 τις
3376 1933 3458 1986 ὅτι
3503 1929 3598 1984 καὶ
3642 1928 3777 1983 καθὸ

2202 2028 2489 2099 ἄνθρωπος
2524 2026 2735 2095 γέγονε,
2760 2026 2966 2087 πάντας
2997 2022 3313 2094 ἀνθρώπους
3347 2020 3663 2092 ᾠκειώσατο
3690 2019 3778 2074 διὰ

2200 2120 2261 2174 τὸ
2280 2118 2558 2190 ὁμογενές’
2589 2117 2730 2171 ὥστε
2761 2119 2950 2170 οἰκεῖοι
2978 2116 3178 2178 πάντες
3205 2115 3369 2185 ἐσμὲν
3392 2112 3614 2186 Χριστῷ
3634 2108 3779 2166 κατά

2204 2210 2388 2279 σχέσιν
2427 2206 2713 2279 μυστικὴν,
2741 2206 2878 2259 καθὸ
2910 2206 3134 2274 γέγονεν
3165 2203 3469 2275 ἄνθρωπος·
3507 2202 3775 2272 ἀλλότριοι

2200 2302 2257 2354 δὲ
2286 2302 2401 2354 ὅσοι
2435 2299 2508 2369 μὴ
2538 2297 2867 2368 φυλάττουσι
2913 2297 3012 2366 τὴν
3052 2295 3377 2367 σύμμορφον
3423 2295 3523 2364 τῆς
3557 2292 3779 2362 ἁγιότη-

2200 2409 2291 2456 τος
2338 2392 2543 2444 είκόνα.
2582 2388 2738 2443 Οῦτω
2772 2388 2867 2442 καὶ
2907 2388 3152 2441 Ἰουδαῖοι
3203 2389 3395 2440 οἰκεῖοι
3443 2387 3598 2448 ὄντες
3635 2383 3774 2437 κατά

2200 2487 2357 2554 γένος
2396 2483 2489 2537 τοῦ
2536 2483 2788 2553 Ἀϐραὰμ
2814 2480 2907 2535 τοῦ
2933 2480 3144 2546 πιστοῦ,
3176 2473 3236 2544 ἐξ
3261 2471 3336 2532 ὧν
3368 2477 3587 2532 ἄπιστοι
3618 2475 3777 2545 γεγό-

2200 2592 2375 2640 νασιν,
2404 2574 2779 2644 ἐστερήθησαν
2808 2575 2907 2643 τῆς
2943 2571 3153 2625 ἐκείνου
3197 2567 3519 2638 συγγενείας
3554 2565 3641 2619 διὰ
3676 2567 3777 2636 τὴν

2198 2668 2310 2722 τῶν
2337 2666 2554 2738 τρόπων
2580 2663 2959 2735 ἀνομοιότητα.
2994 2661 3132 2733 Φησὶ
3164 2659 3223 2713 δὲ
3246 2660 3327 2747 δτι
3360 2676 3379 2709 ι
3401 2658 3511 2711 Καὶ
3546 2656 3775 2709 ἀκολου-

2200 2757 2354 2812 θοῦσί
2389 2772 2478 2827 μοι
2501 2756 2570 2809 τά
2598 2752 2868 2825 πρόϐατα’
2896 2771 2914 2805 ι
2941 2752 2992 2805 οἱ
3013 2752 3122 2822 γὰρ
3147 2748 3482 2819 πειθόμενοι,
3509 2747 3776 2799 καὶέπον-

2197 2865 2288 2902 ται
2324 2846 2431 2901 ἀπό
2454 2863 2598 2908 τινος
2620 2843 2899 2897 θεοσδότου
2934 2840 3158 2912 χάριτος
3183 2838 3302 2893 κατ’
3329 2837 3477 2908 ἴχνος
3508 2834 3771 2906 Χριστοῦ,

2197 2939 2380 2994 οὐκέτι
2424 2940 2547 3001 ταῖς
2582 2938 2833 3006 νομικαῖς
2872 2932 3213 2994 δουλεύοντες
3250 2932 3450 2992 σκιαῖς,
3482 2927 3597 2982 ἀλλ’
3626 2921 3710 2989 οἷς
3747 2926 3777 2978 ό

2198 3030 2430 3102 Χριστὸς
2475 3028 2756 3082 ἐπιτάττει
2786 3026 2881 3079 καὶ
2925 3022 3003 3094 τῷ
3039 3023 3204 3077 αὐτοῦ
3244 3020 3663 3082 ἀκολουθοῦντες
3695 3017 3777 3074 λό-

2195 3140 2297 3193 γῳ,
2327 3121 2416 3175 διὰ
2448 3121 2693 3190 χάριτος,
2724 3119 2804 3181 εἰς
2828 3116 2891 3170 τὸ
2922 3114 3089 3168 αὑτοῦ
3125 3114 3492 3184 ἀναϐήσονται
3534 3108 3775 3178 ἀξίωμα,

2197 3210 2305 3263 υἱοὶ
2324 3208 2460 3263 Θεοῦ
2495 3206 2844 3277 καλούμενοι.
2866 3203 3104 3275 Χριστοῦ
3137 3202 3248 3271 γὰρ
3276 3201 3518 3262 ἀνιόντος
3547 3200 3626 3261 εἰς
3648 3197 3776 3259 τοῦς

2195 3301 2480 3372 οὐρανοὺς,
2522 3300 2764 3352 κάκεῖνοι
2823 3293 3281 3365 ἀκολουθήσουσιν
3318 3290 3487 3362 αὐτῷ⁵
3539 3289 3777 3360 ἀμοιϐὴν

2194 3391 2251 3445 δὲ
2294 3392 2387 3445 καὶ
2418 3389 2585 3461 γέρας
2625 3390 2739 3452 τοῖς
2790 3386 3076 3457 ἑπομένοις
3130 3383 3282 3454 αὐτῷ
3341 3383 3440 3454 τὴν
3490 3381 3638 3453 ζωὴν
3676 3381 3787 3449 τὴν.

2194 3482 2415 3537 αἰώνιον
2450 3479 2780 3553 χαρίσασθαί
2819 3493 2974 3547 φησι,
3007 3476 3101 3530 καὶ
3133 3475 3193 3530 τὺ
3222 3473 3296 3546 μὴ
3323 3471 3643 3529 ὑποκεῖσθαι
3681 3472 3777 3525 ea.

2195 3574 2403 3645 νάτῳῆ
2439 3572 2615 3644 φθορᾷ
2658 3572 2753 3625 καὶ
2796 3572 2917 3633 ταῖς
2956 3568 3209 3639 βασάνοις
3254 3568 3373 3630 ταῖς
3405 3564 3776 3635 ἑπαγομέναις

2198 3664 2350 3735 παρά
2389 3661 2485 3716 τοῦ
2519 3658 2707 3733 κριτοῦ
2744 3660 2856 3723 τοῖς
2900 3656 3347 3729 πλημμελήσασι.
3390 3655 3469 3708 Δι’
3500 3647 3576 3708 ὧν
3607 3654 3664 3706 δὲ
3692 3652 3776 3706 δί-

2195 3755 2328 3809 δωσι
2366 3752 2531 3823 ζωὴν,
2567 3751 2839 3805 δείκνυσιν
2867 3747 3029 3810 αὐτὸς
3062 3745 3175 3817 ζωὴ
3212 3745 3289 3800 ὢν
3319 3744 3502 3815 φύσει,
3554 3741 3650 3796 καὶ
3692 3741 3775 3794 ὃτι

2197 3845 2359 3908 αὐτὸς
2395 3842 2599 3911 ταύτην
2633 3840 2861 3911 χορηγεῖ
2892 3836 2952 3901 ἐξ
2977 3832 3171 3889 ἑαυτοῦ
3214 3834 3310 3888 καὶ
3351 3832 3452 3886 οὐκ
3495 3829 3555 3896 ἐξ
3584 3829 3774 3900 ἑτέρου

2196 3934 2395 3991 λαϐών.
2426 3932 2581 4003 Ζωὴν
2610 3930 2669 3984 δὲ
2706 3928 2934 3999 νοοῦμεν
2963 3924 3201 3992 αἰώνιον,
3235 3924 3294 3978 οὐ
3326 3923 3426 3993 τὴν
3459 3919 3776 3993 μακροημέ-

2200 4037 2403 4092 ρευσιν,
2438 4013 2507 4091 ἦς
2559 4017 2762 4079 πάντες
2814 4012 3097 4085 μέλλουσιν
3142 4009 3457 4075 ἀπολαύειν,
3500 4008 3639 4079 μετά
3672 4007 3774 4076 τὴν

2196 4114 2491 4168 ἀνάστασιν
2556 4108 2715 4164 καλοί
2767 4124 2827 4161 τε
2885 4106 2980 4160 καὶ⁵
3031 4103 3190 4159 κακοί
3212 4119 3226 4134 ο
3278 4101 3416 4157 ἀλλά
3466 4100 3563 4154 καὶ
3613 4098 3677 4154 τὸ
3712 4101 3772 4153 ἐν
3815 4111 3823 4118 ·

2195 4202 2429 4274 εὐθυμία
2477 4200 2709 4270 διάγειν.
2757 4196 2994 4251 Δυνατδν
3038 4197 3097 4251 δὲ
3143 4194 3291 4264 ζωὴν
3344 4194 3508 4258 νοεῖν,
3551 4191 3647 4245 καὶ
3673 4189 3773 4261 τὴν

2200 4292 2467 4366 μυστικὴν
2522 4290 2774 4359 εὐλογίαν
2826 4289 2896 4344 δι’
2935 4282 3001 4361 ἦς
3054 4283 3354 4357 ὲμφυτεύει
3407 4282 3641 4354 Χριστὸς
3672 4280 3773 4352 τὴν
3874 4293 3889 4300 ‘

2196 4381 2394 4438 ἑαυτοῦ
2437 4380 2603 4451 ζωὴν,
2646 4379 2736 4434 διά
2785 4378 2889 4450 τῆς
2948 4374 3302 4449 μεταλήψεως
3338 4372 3440 4443 τῆς
3468 4371 3602 4434 ἰδίας
3639 4388 3772 4440 σαρ-

507 4461 673 4529 giam,
689 4475 787 4531 per
810 4474 978 4531 quam
1000 4460 1198 4535 inserit
1214 4460 1477 4519 Christus
1502 4478 1659 4519 suam
1685 4464 1865 4534 ipsius
1892 4465 2085 4531 vitam,

2199 4474 2287 4537 κὸς
2326 4475 2438 4535 τοῖς
2471 4472 2701 4535 πιστοῖς,
2753 4469 2898 4524 κατά
2940 4468 3003 4521 τὸ
3040 4465 3350 4538 εἰρημένον·
3383 4482 3403 4515 ι
3449 4462 3508 4518 ’0
3543 4461 3771 4533 τρώγων

505 4551 634 4606 data
658 4551 897 4621 propriae
935 4552 1124 4609 carnis
1157 4552 1413 4610 ﬁdelibus
1451 4553 1895 4625 participatione,
1927 4556 2087 4626 juxta

505 4640 559 4694 id
594 4641 740 4711 quod
775 4641 986 4697 dictum
1023 4648 1111 4700 est
1142 4660 1156 4697 :
1201 4660 1220 4695 ι
1257 4642 1363 4710 Qui
1398 4641 1696 4699 manducat
1740 4660 1917 4701 meam
1963 4661 2086 4701 car-

505 4746 657 4798 nem,
679 4738 735 4787 et
772 4732 914 4788 bibit
941 4748 1124 4789 meum
1148 4734 1498 4807 sanguinem,
1530 4735 1697 4791 habet
1725 4736 1893 4790 vitam
1921 4746 2074 4795 aeter-

580 4911 663 4979 Χ,
714 4913 804 4969 29.
847 4913 918 4969 Et
949 4931 1100 4972 nemo
1144 4925 1315 4985 potest
1365 4932 1548 4985 rapere
1586 4918 1651 4972 de
1690 4934 1851 4972 manu
1905 4917 2084 4973 Patris

504 5016 628 5055 ηιει.

577 5090 795 5151 Fideles
824 5095 1090 5151 auxilium
1126 5096 1337 5152 habent
1366 5106 1421 5153 et
1460 5112 1490 5151 a
1529 5098 1774 5166 Christo,
1819 5114 1943 5153 cum
1989 5113 2085 5154 eos

506 5181 560 5235 in
588 5182 826 5252 praedam
853 5185 1061 5241 habere
1084 5184 1341 5242 diabolus
1374 5194 1613 5258 nequeat
1641 5206 1655 5242 :
1683 5187 1798 5242 sive
1830 5202 1955 5242 cum
1989 5187 2087 5243 ba-

508 5275 676 5330 beant
708 5276 1112 5334 lndesinentem
1148 5277 1421 5334 bonorum
1458 5295 1616 5335 usum
1654 5295 1717 5333 ac
1741 5277 2085 5343 fruitionem,

508 5370 734 5418 manent
760 5362 818 5419 in
851 5378 936 5431 eo,
962 5366 1183 5422 nemine
1222 5367 1350 5423 illos
1375 5383 1405 5421 a
1439 5368 1571 5423 data
1616 5370 1697 5423 eis
1725 5369 1895 5423 animi
1931 5379 2083 5422 tran-

508 5451 784 5520 quillitate
830 5453 905 5509 ad
937 5466 1153 5527 pinnam
1184 5467 1239 5514 et
1280 5459 1562 5515 cruciatus
1612 5458 1938 5528 abripiente.
1971 5456 2082 5512 Nec

508 5543 654 5598 enim
685 5544 800 5600 fieri
838 5553 1017 5616 potest
1052 5554 1114 5602 ut
1145 5548 1240 5618 qui
1277 5555 1409 5604 sunt
1451 5550 1507 5605 in
1554 5565 1718 5605 manu
1764 5547 1970 5603 Christi
2014 5546 2084 5603 ad

579 5725 601 5757 '
637 5720 796 5777 Joan.
833 5739 887 5799 κ,
922 5724 1006 5780 14.
1086 5694 1129 5758 ιδ
1161 5725 1319 5783 Joan.
1359 5741 1440 5793 Ill,
1478 5726 1528 5780 1.
1609 5726 1649 5757 ιι
1679 5722 1837 5780 Joan.
1873 5740 1947 5790 v1,
1987 5722 2076 5778 55.

2198 4580 2299 4634 μου
2338 4561 2440 4633 τὴν
2478 4561 2658 4633 σάρκα
2696 4559 2791 4613 καὶ
2842 4558 3013 4613 πίνων
3062 4572 3165 4627 μου
3198 4554 3259 4609 τὸ
3294 4548 3434 4643 αἷμα
3481 4553 3595 4625 ἔχει
3627 4552 3772 4624 ζωὴν

2194 4652 2432 4711 αἰώνιον.
2470 4672 2490 4706 ι

2265 4919 2372 4972 Καὶ
2406 4916 2608 4981 οὐδεὶς
2639 4915 2899 4984 ἁρπάσει
2924 4914 2994 4968 ἐκ
3031 4911 3141 4981 τῆς
3173 4917 3371 4982 χειρὸς
3405 4910 3511 4965 τοῦ
3540 4909 3762 4977 Πατρός

2235 5026 2329 5062 Ουο
2638 5052 2648 5065 ι
3586 5050 3595 5059 ‘

2187 5028 2330 5152 μοέί
2360 5095 2544 5151 πιστοὶ
2572 5052 2668 5150 καὶ
2695 5095 2796 5166 τὴν
2827 5094 3149 5166 ἐπικουρίαν
3183 5093 3363 5164 ἔχουσι
3387 5090 3481 5144 τοῦ
3504 5088 3768 5157 Χριστοῦ,

2194 5188 2256 5242 ού
2288 5186 2591 5258 δυναμένου
2624 5185 2719 5239 τοῦ
2744 5185 2994 5239 διαϐόλου
3032 5184 3301 5257 ἁρπάζειν
3332 5180 3550 5244 αύτούς·
3572 5180 3691 5252 ἦτοι
3717 5180 3769 5232 oi

2193 5278 2409 5349 ἔχοντες
2437 5277 2860 5333 ἀκατάπαυστον
2903 5276 3014 5329 τῶν
3043 5272 3264 5343 ἀγαθῶν
3305 5271 3626 5335 ἀπόλαυσιν,
3666 5267 3768 5339 μὲ-

2192 5385 2373 5423 νουσιν
2425 5369 2481 5421 ὲν
2530 5364 2701 5438 αὐτῷ,
2754 5367 2850 5437 οὐχ
2888 5366 3227 5439 ἁρπάζοντος
3269 5361 3465 5423 αὐτοὺς
3500 5360 3582 5412 ἔτι
3623 5356 3785 5419 τινὸς,

2190 5457 2299 5511 ἀπὸ
2341 5457 2445 5528 τῆς
2485 5456 2733 5528 δοθείσης
2773 5456 2956 5519 αὐτοῖς
2989 5454 3280 5524 εὐθυμίας,
3319 5453 3399 5516 είς
3428 5447 3698 5524 τιμωρίαν
3729 5444 3765 5518 ἢ

2192 5546 2476 5618 βασάνους.
2515 5547 2590 5603 Οὐ
2642 5546 2750 5620 γὰρ
2796 5544 3019 5605 δυνατὸν
3072 5543 3198 5607 τοὺς
3247 5543 3409 5606 ὄντας
3451 5543 3509 5597 ὲν
3557 5540 3626 5610 τῇ
3669 5534 3765 5596 τοῦ
