4104 6442
352 399 422 456 Ἡ
1149 413 1218 470 ῙΝ
1257 414 1594 472 JOANNEM.
1621 447 1686 457 —
1719 417 1846 473 LIB.
1889 420 1980 474 VII
2017 421 2106 476 ΕΤ
2139 425 2254 480 Vlll
2281 425 2726 485 FRAGMENTA.
3540 438 3610 491 22

351 518 598 614 ξριστοῦ
636 522 1152 614 χειρμάρπαγῆναι
1187 532 1266 593 είς
1293 531 1354 584 τὸ
1375 502 1732 604 κολασθῆναι,
1763 535 1850 588 διὰ
1881 537 1919 589 τὲ

2045 541 2373 609 supplicium
2393 544 2706 614 rapiantur,
2741 547 3138 614 praevalentciu
3163 548 3432 604 inﬁnitum
3451 549 3614 609 Chri-

349 609 500 674 ἄγαν
547 609 755 678 ίοχύειν
780 612 874 664 τὸν
902 615 1156 685 Χριστόν.
1201 618 1265 672 Ἠ
1313 619 1420 689 γὰρ
1457 623 1598 693 χεὶρ,
1623 624 1680 675 ὲν
1705 627 1770 695 τῇ
1819 624 1937 695 θείᾳ

349 695 572 768 Γραφῇ,
603 699 704 769 τὴν
731 701 963 773 δύναμιν
1004 705 1173 776 δηλοῖ·
1213 708 1295 761 ὅτι
1341 709 1440 780 μὲν
1472 707 1566 765 οὖν
1603 714 1859 784 ἀνίκητος
1901 717 1934 786 ἡ

299 855 323 870 ο
347 789 448 840 τοῦ
484 791 724 860 Χριστοῦ
747 794 870 866 χεὶρ
893 797 986 849 καὶ
1009 799 1089 860 εἰς
1119 800 1298 854 πάντα
1326 802 1603 872 ἰσχύουσα,
1636 805 1938 876 ἀναμφίσο-

349 879 466 934 λον.
504 882 646 935 Ἀλλ’
677 885 909 958 ἐπείπερ
933 887 1078 960 ἑώρα
1110 891 1236 954 τοὺς
1278 892 1561 956 Ἰουδαίους
1590 897 1934 964 καταγελῶνο

353 987 457 1033 τας
489 973 659 1027 αὑτοῦ
696 977 774 1039 ὡς
800 978 1090 1050 ἀνθρώπου
1125 982 1300 1052 ψιλοῦ,
1335 984 1408 1055 μὴ
1441 985 1693 1050 νοοῦντας
1727 988 1808 1040 ὅτι
1833 987 1934 1058 φύ-

349 1071 434 1108 σει
470 1059 605 1122 Θεὸς
631 1057 700 1130 ἦν
731 1061 1013 1134 ὁρώμενος
1049 1069 1142 1121 καὶ
1185 1069 1583 1142 ψηλαφώμενος
1623 1075 1945 1146 ἄνθρωπος,

347 1150 558 1204 πείθων
599 1157 796 1221 αὐτοὺς
829 1159 910 1212 ὅτι
941 1162 1105 1227 αὑτός
1153 1166 1302 1220 ἐστιν
1341 1170 1373 1236 ἠ
1411 1168 1504 1222 τοῦ
1536 1172 1748 1243 Πατρδς
1775 1174 1934 1229 δύνα-

348 1260 466 1311 μις,
492 1247 680 1338 φησιν,
713 1251 796 1338 δτι
827 1270 847 1302 ι
883 1253 1072 1316 Οὐδεὶς
1097 1255 1204 1309 ἀπὸ
1241 1259 1342 1329 τῆς
1371 1261 1554 1332 χειρὸς
1594 1263 1688 1317 τοῦ
1726 1266 1934 1338 Πατρός

347 1348 510 1401 pou,»
533 1334 682 1388 τοῦτ’
705 1337 874 1405 ἐστιν,
918 1342 1105 1412 Ἑμοῦ.
1125 1343 1351 1399 Ἑαυτὸν
1373 1348 1480 1418 γάρ
1511 1367 1644 1419 φησι
1670 1352 1770 1422 τὴν
1798 1334 1929 1408 παν-

342 1423 651 1496 τοδύναμον
684 1428 780 1482 τοῦ
813 1432 1028 1502 Πατρὸς
1059 1433 1262 1500 δεξιὰν,
1311 1438 1386 1502 ὡς
1435 1441 1502 1492 δι’
1545 1443 1709 1497 αὑτοῦ
1759 1445 1935 1502 πάντα

345 1514 705 1586 ἐνεργοῦντος
755 1520 848 1574 τοῦ
892 1524 1126 1595 Πατρόςο
1164 1528 1240 1591 ὼς
1272 1531 1365 1582 καὶ
1407 1531 1493 1585 διά
1528 1534 1627 1604 τῆς
1662 1536 1929 1608 ἡμετέρας

343 1608 533 1679 χειρὸς
562 1611 633 1664 τὰ
659 1613 792 1683 παρ’
821 1614 980 1684 ἡμῶν
1006 1617 1396 1689 ἐνεργούμενα.
1439 1622 1526 1676 Ἐν
1569 1625 1784 1690 πολλοῖς
1821 1628 1930 1699 γὰρ

339 1701 446 1768 τῆς
478 1701 705 1772 Γραφῆς
734 1705 944 1772 τόποις,
969 1710 998 1760 6
1042 1710 1277 1780 Χριστὸς
1315 1714 1437 1785 χεὶρ
1477 1716 1800 1786 ὀνομάζεται
1834 1719 1928 1773 καὶ

2046 640 2151 685 sto.
2185 632 2376 689 Manus
2419 636 2568 690 enim
2621 637 2674 691 in
2722 634 2908 692 divina
2953 638 3239 710 Scriptura
3287 650 3611 711 potestatem

2045 721 2358 791 significat:
2392 727 2538 794 quod
2568 743 2699 782 vero
2733 729 2938 784 invicta
2987 731 3059 785 sit
3103 731 3308 785 Christi
3339 749 3534 790 manus
3563 749 3613 791 et

2041 814 2099 866 in
2129 815 2311 869 omnia
2343 825 2558 884 potens,
2598 833 2708 873 non
2745 821 3062 890 ambigitur.
3105 822 3318 877 Etenim
3355 826 3613 893 quoniam

2040 903 2258 959 videbat
2284 904 2503 962 Iudaeos
2536 908 2714 978 ipsum
2751 918 2810 964 ut
2837 912 3142 982 simplicem
3179 913 3458 969 hominem
3489 917 3616 969 irri-

2041 993 2254 1056 dentes,
2297 1009 2396 1049 nec
2450 997 2954 1056 animadvertentes
3007 1001 3187 1071 ipsum
3249 1019 3368 1059 esse
3419 1013 3613 1059 natura

2041 1082 2204 1137 Deum
2234 1085 2329 1154 qui
2369 1096 2692 1142 cerneretur
2721 1099 2776 1144 ct
2814 1099 3136 1161 tangeretur
3166 1095 3348 1162 homo,
3383 1096 3464 1151 eis
3493 1112 3618 1167 pcr-

2041 1174 2271 1229 suadere
2301 1177 2493 1232 volens
2527 1193 2587 1233 se
2607 1195 2736 1235 esse
2754 1180 2939 1238 Patris
2960 1185 3244 1252 virtutem,
3273 1189 3375 1244 ait:
3405 1208 3424 1240 ι
3443 1190 3614 1244 Nemo

2040 1279 2068 1317 e
2099 1279 2261 1318 manu
2293 1264 2469 1321 Patris
2492 1269 2619 1334 mei,
2653 1288 2674 1322 ι
2698 1271 2805 1326 hoc
2828 1282 2914 1328 est
2947 1290 3090 1330 mea.
3125 1276 3379 1348 Seipsum
3410 1281 3615 1352 quippe

2035 1353 2168 1406 dicit
2223 1355 2660 1425 omnipotentem
2714 1359 2898 1416 Patris
2965 1363 3277 1429 dexteram,
3345 1376 3608 1438 tanquam

2035 1441 2196 1500 Patre
2227 1461 2326 1515 per
2357 1461 2482 1503 eum
2524 1450 2710 1504 omnia
2741 1461 3026 1520 operante,
3070 1455 3218 1510 sicut
3243 1465 3296 1512 et
3333 1473 3397 1512 ea
3429 1475 3551 1529 quae
3581 1475 3610 1513 a

2036 1537 2196 1592 nobis
2224 1545 2354 1592 sunt
2385 1554 2482 1608 per
2515 1555 2737 1595 manum
2770 1552 3016 1599 nostram
3050 1555 3303 1617 operata.
3335 1550 3393 1604 In
3424 1553 3612 1606 multis

2036 1629 2182 1683 enim
2213 1629 2516 1703 Scriptura:
2567 1635 2716 1692 locis
2743 1635 3003 1694 Christus
3043 1643 3366 1696 nominatur
3415 1658 3612 1699 manus

2035 1728 2096 1775 et
2119 1721 2342 1779 dextera
2391 1723 2592 1791 Patris,
2643 1729 2792 1798 quod
2839 1738 3001 1785 sonat
3041 1740 3370 1801 potestatem
3406 1750 3471 1790 ac
3497 1736 3612 1790 vir-

338 1791 495 1896 δεξιά
538 1794 632 1846 τοῦ
675 1797 910 1868 Πατρός·
950 1801 1088 1871 ὅπερ
1119 1805 1375 1874 σημαίνει
1409 1807 1507 1879 τὴν
1551 1809 1799 1881 δύναμιν·
1835 1815 1919 1866 καὶ

2031 1820 2206 1870 tutem
2248 1834 2263 1870 :
2303 1824 2356 1871 et
2388 1791 2716 1889 simpliciter
2751 1836 2950 1878 manus
2986 1791 3077 1878 Dei
3119 1834 3478 1896 nuncupatur
3529 1828 3609 1884 vis

337 1882 533 1975 ἀπλῷς
563 1887 684 1958 χεὶρ
710 1889 1036 1959 ὀνομάζεται
1063 1893 1195 1947 Θεοῦ
1219 1897 1250 1967 ἡ
1276 1901 1652 1972 παντουργικὴ
1681 1902 1929 1975 ἐνέργεια

337 1975 436 2024 καὶ
457 1973 639 2043 ἰσχύς.
682 1977 952 2046 Ἀμείνων
977 1984 1084 2054 γάρ
1119 2001 1237 2048 πως
1262 1986 1351 2042 ἀεὶ
1385 1992 1703 2062 σωματικῆς
1727 1973 1929 2060 φαντα-

337 2063 466 2126 σίας
515 2067 544 2117 6
576 2068 708 2136 περὶ
745 2068 881 2122 Θεοῦ
913 2071 1088 2140 λόγος·
1116 2074 1335 2145 λέγεται
1365 2079 1422 2131 δὲ
1453 2082 1482 2132 6
1515 2081 1703 2154 Πατὴρ
1725 2083 1928 2138 διδόναι

443 2155 583 2226 Υἱῷ,
616 2160 715 2229 οὐχ
740 2160 816 2224 ὼς
846 2161 921 2234 μὴ
953 2163 1128 2235 ἔχοντι
1153 2169 1240 2222 ἀεὶ
1270 2170 1376 2224 ὑπὸ
1404 2175 1563 2243 χεῖρα
1597 2174 1696 2246 τὴν
1730 2177 1927 2242 κτίσιν,

331 2245 456 2338 ἀλλ’
483 2246 560 2309 ὡς
589 2247 704 2302 ὄντι
747 2252 898 2323 αύτῷ
941 2255 1104 2322 φύσει
1163 2259 1304 2331 ζωῇ,
1349 2265 1734 2334 προσκομίζων
1783 2269 1930 2338 ἡμᾶς

332 2337 465 2400 τοὺς
498 2339 887 2411 ὲπιδεομένους
917 2346 1084 2416 ζωῆς,
1118 2351 1207 2404 ἵνα
1239 2353 1344 2406 ὑπὸ
1379 2355 1474 2408 τοῦ
1506 2357 1636 2411 Υίοῦ
1665 2361 1930 2432 ζωοποιη-

333 2425 526 2499 θῶμεν
579 2432 676 2485 τοῦ
729 2435 883 2498 ὄντος
947 2438 1108 2506 φύσει
1153 2442 1318 2513 ζωῆς,
1347 2447 1438 2498 καὶ
1476 2448 1687 2503 οἴκοθεν
1717 2425 1930 2520 ἔχοντος

329 2521 522 2613 τοῦτο.
560 2521 709 2596 Πλὴν
751 2529 846 2581 καὶ
899 2531 1039 2585 καθὸ
1079 2533 1300 2601 γέγονεν
1340 2537 1643 2610 ἄνθρωπος,
1695 2544 1929 2613 ἁρμόζει

330 2612 510 2704 αὑτῷ,
551 2614 613 2666 τδ
643 2618 817 2670 αἰτεῖν
850 2636 910 2672 τε
949 2620 1043 2674 καὶ
1072 2621 1373 2694 λαμϐάνειν
1412 2628 1564 2699 παρὰ
1586 2629 1680 2683 τοῦ
1716 2612 1926 2704 Πατρδς

327 2704 368 2758 ἃ
394 2700 548 2775 εἶχεν
580 2708 656 2772 ὡς
681 2708 841 2777 φύσει
873 2710 1027 2776 Θεὸς.

417 2797 569 2867 Ἐγὼ
597 2801 697 2854 καὶ
727 2805 761 2855 ό
789 2804 997 2875 Πατὴρ
1021 2807 1091 2861 ἓν
1112 2808 1319 2880 ἐσμεν.

416 2889 621 2954 Ἐάτας
658 2893 768 2964 γὰρ
806 2895 874 2949 τὰ
902 2897 1219 2969 ἀνθρώπινα
1251 2906 1279 2958 6
1310 2906 1562 2976 Χριστὸς,
1599 2908 1692 2962 ἐπὶ
1722 2909 1782 2962 τὸ
1805 2909 1928 2964 θεο-

325 2983 546 3056 πρεπὲς
571 2985 740 3038 αὑτοῦ
759 2988 1052 3059 ἀνατρέχει
1087 2989 1325 3064 ἀξίωμα,
1356 2997 1782 3069 ὲναϐρυνόμενος
1809 3005 1923 3065 τοῖς

325 3079 586 3142 φυσικοῖς
613 3077 779 3131 αὑτοῦ
815 3081 1262 3154 πλεονεκτήμασι
1293 3087 1390 3142 διὰ·
1421 3090 1482 3142 τὸ
1514 3091 1784 3162 χρήσιμον
1813 3094 1921 3146 τῶν

2030 1916 2086 1964 et
2126 1919 2369 1979 potestas
2397 1913 2648 1968 omnium
2689 1913 2962 1970 ell‘ectrix.
3000 1915 3228 1987 Semper
3251 1920 3398 1974 enim
3428 1935 3610 1976 sermo

2031 2003 2102 2056 de
2144 2001 2260 2058 Deo
2306 2003 2484 2074 major
2531 2012 2620 2062 est
2649 2020 2814 2077 quam
2865 2015 2926 2062 ut
2977 2023 3102 2062 eum
3143 2023 3412 2080 corporeo
3444 2027 3611 2068 sensu

2030 2095 2319 2166 imaginari
2354 2112 2421 2153 ac
2462 2099 2798 2157 adumbrare
2840 2101 3122 2170 possimus
3156 2123 3168 2158 :
3201 2104 3408 2160 dicitur
3446 2104 3612 2162 Pater

2031 2188 2161 2242 dare
2191 2185 2350 2255 Filio,
2383 2204 2494 2244 non
2533 2197 2799 2260 tanquam
2833 2207 2941 2246 non
2985 2193 3213 2249 habenti
3260 2211 3479 2266 semper
3505 2196 3610 2251 sub

2031 2295 2195 2334 manu
2219 2289 2552 2348 creaturam,
2591 2284 2686 2339 sed
2717 2291 2981 2353 tanquam
3013 2285 3062 2340 ei
3095 2285 3383 2341 exsistenti
3411 2294 3608 2342 natura

2031 2373 2155 2427 vitae
2180 2387 2281 2429 nos
2306 2374 2417 2428 vita
2447 2374 2760 2446 indigentes
2781 2375 3045 2442 offerens,
3070 2384 3184 2430 uta
3209 2375 3376 2442 Filio,
3396 2379 3487 2448 qui
3508 2394 3608 2433 ex—

2031 2464 2180 2520 sistit
2215 2471 2412 2520 natura
2437 2467 2548 2521 vita
2573 2474 2628 2522 et
2653 2467 3022 2522 domesticum
3052 2468 3159 2522 hoc
3200 2467 3387 2534 habet,
3428 2469 3607 2524 viviﬁ-

2029 2572 2238 2612 ccmur.
2271 2558 2377 2613 Sed
2404 2567 2679 2629 quatenus
2711 2559 2895 2616 factus
2923 2568 3007 2615 est
3043 2561 3229 2627 homo,
3266 2561 3526 2616 convenit
3555 2562 3606 2617 ei

2029 2659 2217 2722 petere
2250 2662 2304 2709 et
2337 2654 2587 2725 accipere
2615 2670 2644 2709 a
2676 2653 2841 2710 Patre
2871 2670 2933 2710 ea
2969 2670 3089 2726 quae
3129 2662 3188 2710 ut
3220 2661 3418 2710 natura
3461 2655 3605 2710 Deus

2026 2745 2191 2799 etiam
2237 2745 2498 2800 habebat.

2102 2836 2179 2897 Χ,
2209 2838 2298 2892 50.
2345 2836 2457 2908 Ego
2499 2849 2550 2892 et
2588 2837 2748 2892 Pater
2775 2854 2937 2892 unum
2980 2856 3185 2893 sumus.

2098 2924 2346 2980 Humana
2381 2929 2524 2982 cnim
2559 2927 2838 2983 facessere
2869 2928 3074 2997 jubens
3101 2928 3380 2993 Christus,
3411 2928 3477 2982 ad
3514 2928 3601 2983 di-

2024 3018 2183 3072 vinas
2211 3031 2343 3072 suas
2374 3016 2532 3072 dotes
2563 3017 3050 3087 dignationemque
3076 3021 3333 3084 recurrit,
3373 3029 3603 3074 natura-

2026 3109 2174 3163 libus
2205 3108 2321 3165 suis
2351 3109 2731 3179 praerogativis
2760 3109 2927 3182 667
2961 3111 3314 3182 triumphans
3346 3113 3416 3167 ob
3450 3113 3600 3166 utili-
3625 3171 3638 3180 ,

324 3167 546 3221 πιστῶν
577 3171 672 3223 καὶ
695 3171 796 3242 τὴν
850 3174 982 3241 ὑγιᾶ
1013 3175 1215 3241 πίστιν,
1255 3179 1379 3248 ἥτις
1424 3181 1542 3234 ἐστὶ
1570 3181 1630 3235 τὸ
1681 3183 1919 3253 μηδόλως

2025 3207 2192 3254 tatem
2224 3206 2280 3255 et
2305 3167 2496 3255 sanam
2531 3167 2694 3254 iidem
2728 3167 2994 3266 fidelium,
3028 3167 3153 3272 quae
3178 3210 3296 3258 erat
3327 3203 3600 3272 ejusmodi

321 3258 666 3313 ὑποπτεύειν
690 3263 952 3318 ἐλάττονα
973 3262 1112 3322 εἶναι
1127 3268 1222 3322 τοῦ
1249 3271 1464 3341 Πατρὸς
1480 3272 1570 3325 τὸν
1591 3273 1739 3328 Υἱόν.
1766 3274 1922 3330 Οῦτω

321 3351 437 3423 γὰρ
469 3351 746 3410 δείκνυται
789 3357 958 3412 εἰκὼν
995 3361 1189 3430 ἀσινὴς
1221 3363 1314 3416 τοῦ
1361 3365 1594 3436 Πατρὸς,
1629 3367 1922 3439 ὁλόκληρον

320 3444 382 3495 ὲν
412 3444 596 3515 ἑαυτῷ
631 3448 724 3500 καὶ
749 3449 877 3519 ὑγιῆ
915 3450 1197 3514 διασώζων
1236 3454 1335 3506 τὸν
1369 3455 1464 3508 τοῦ
1497 3457 1708 3528 Πατρὺς
1743 3476 1920 3529 χαρα-

321 3536 528 3606 κτῆρα.
569 3538 668 3592 Ἐν
694 3539 752 3592 δὲ
776 3540 1010 3612 λέγομεν
1040 3545 1131 3597 τὸν
1164 3544 1291 3598 Υίὸν
1315 3546 1409 3599 καὶ
1434 3547 1523 3601 τὸν
1557 3549 1796 3618 Πατέρα,
1820 3553 1919 3606 οὐκ

319 3629 702 3699 ἁναφύροντες
727 3632 826 3695 τὰς
860 3635 920 3687 ὲν
967 3635 1184 3706 ἀριθμῷ
1236 3639 1471 3707 μονάδας
1496 3679 1510 3702 ,
1543 3641 1727 3706 καθώς
1773 3661 1918 3709 τινες

317 3722 415 3774 τὸν
440 3721 606 3776 αὑτὸν
637 3719 776 3777 εἶναι
809 3724 1030 3794 λέγουσι
1063 3729 1284 3800 Πατέρα
1304 3730 1398 3784 καὶ
1427 3731 1577 3796 Υίὸν,
1609 3733 1745 3787 ἀλλὰ
1771 3735 1917 3800 ίδίως

318 3814 630 3881 ὑφεστάναι
680 3817 1034 3882 πιστεύοντες
1083 3820 1176 3873 τὸν
1222 3821 1462 3893 Πατέρα,
1505 3824 1599 3878 καὶ
1652 3825 1799 3890 ἰδίως
1823 3826 1916 3880 τὸν

315 3903 477 3969 Υὶῦν,
510 3907 640 3967 τοὺς
679 3906 736 3960 δὲ
785 3908 881 3962 δύο
933 3911 1014 3974 εἰς
1056 3911 1186 3982 μίαν
1234 3912 1422 3978 ούσίας
1450 3915 1756 3986 ταυτότητα
1785 3935 1918 3972 συν-

315 3997 574 4062 άγοντες,
609 3997 704 4050 xui.
737 3998 867 4069 μίαν
913 4004 1134 4072 ἔχοντας
1195 4005 1348 4074 ίσχὺν
1389 4005 1607 4072 εἰδότες,
1650 4005 1725 4072 ὠς
1755 4009 1813 4062 ὲν
1835 4009 1914 4081 τῷ

314 4087 495 4156 ἑτέρῳ
528 4089 718 4158 ἕτερον
764 4091 1206 4162 ἀπαραλλάκτως
1247 4095 1507 4166 ὁρᾶσθαιο
1547 4097 1647 4160 τὰς
1672 4098 1730 4151 δέ
1759 4115 1822 4167 γε
1854 4100 1913 4154 ὲν

312 4181 435 4240 τοῖς
481 4178 838 4247 Εὐαγγελίοις
874 4181 971 4236 τοῦ
1025 4183 1278 4256 Σωτῆρος
1331 4186 1488 4256 ἡμῶν
1529 4186 1733 4256 φωνὰς,
1785 4187 1911 4245 οὕτε

315 4269 659 4322 ὑποστάσεσι
683 4271 858 4337 δυσὶν,
891 4273 1014 4326 οὕτε
1043 4275 1152 4346 μὴν
1181 4277 1492 4347 προσώποις
1537 4281 1910 4354 καταμερίζο-

318 4377 444 4429 μεν.
477 4361 556 4415 Οὑ
583 4363 694 4433 γάρ
732 4365 848 4418 ἐστι
894 4366 1116 4431 διπλοῦς
1147 4369 1174 4421 6
1215 4364 1294 4433 εἷς
1328 4371 1422 4424 καὶ
1454 4371 1614 4443 μόνος
1651 4374 1908 4444 Χριστὸς,

313 4453 423 4505 κᾶν
444 4454 510 4505 ὲκ
534 4452 631 4506 δύο
656 4455 846 4524 νοῆται
877 4458 971 4510 καὶ
1008 4459 1282 4531 διαφόρων
1315 4464 1657 4534 πραγμάτων
1687 4468 1768 4530 είς
1791 4466 1910 4520 ἐνό-

2023 3299 2083 3346 ιιι
2116 3289 2311 3345 Filium
2350 3290 2509 3346 Patre
2548 3291 2817 3346 minorem
2848 3307 2973 3347 esse
3001 3291 3323 3346 nullomodo
3350 3293 3596 3361 suspicao

2021 3383 2235 3432 rentur.
2267 3375 2359 3430 Sic
2394 3377 2543 3431 enim
2572 3378 2902 3434 intemerata
2931 3379 3114 3436 Patris
3143 3381 3322 3451 imago
3353 3380 3598 3436 ostendi-
3687 3406 3691 3418 ι

2020 3468 2401 3539 turintegrum
2420 3475 2473 3523 et
2490 3469 2732 3524 solidum
2766 3486 2997 3528 servans
3025 3473 3080 3526 in
3108 3487 3167 3528 se
3191 3473 3372 3528 Patris
3400 3473 3595 3527 chara-

2019 3567 2247 3612 cterem.
2291 3555 2472 3612 Unum
2513 3573 2645 3614 vero
2691 3559 2933 3618 dicimus
2989 3561 3210 3616 Patrem
3259 3571 3314 3618 et
3367 3561 3592 3627 Filium,

2017 3661 2127 3702 non
2174 3647 2416 3704 unitates
2467 3649 2525 3703 in
2556 3665 2788 3707 numero
2825 3651 3238 3710 confundentes
3272 3695 3287 3722 ,
3325 3656 3594 3725 quemad-

2017 3736 2243 3792 modum
2287 3739 2544 3793 nonnulli
2587 3742 2843 3797 eumdem
2878 3758 3008 3799 esse
3047 3743 3240 3799 dicunt
3274 3747 3492 3801 Patrem
3542 3753 3596 3801 et

2013 3823 2241 3890 Filium,
2272 3827 2370 3882 sed
2395 3827 2616 3897 proprie
2653 3843 2717 3883 ac
2751 3833 2983 3888 seorsim
3023 3833 3328 3890 subsistere
3357 3834 3594 3889 creden-

2015 3924 2100 3972 tes
2133 3918 2378 3981 Patrem,
2417 3917 2643 3988 proprie
2668 3927 2723 3973 et
2753 3921 2987 3976 seorsim
3030 3921 3256 3984 Filium,
3295 3921 3435 3976 duos
3461 3937 3591 3976 vero

2015 4007 2070 4062 in
2112 4023 2275 4062 unam
2319 4008 2646 4064 substantia:
2685 4009 3032 4066 identitatem
3074 4013 3494 4083 conjungcntes,
3539 4022 3594 4069 et

2013 4113 2179 4153 unam
2213 4097 2416 4153 habere
2443 4099 2554 4152 vim
2593 4113 2660 4154 ac
2703 4106 3038 4170 potestatem
3089 4102 3352 4167 scientes,
3408 4103 3479 4157 ita
3529 4113 3592 4158 ut

2013 4191 2154 4246 alter
2186 4189 2242 4245 in
2271 4190 2966 4247 altero-indiscriminatim
3003 4204 3297 4263 cernatur;
3330 4203 3590 4251 cretei-um

2013 4281 2330 4338 Servatoris
2369 4282 2551 4338 nostri
2586 4283 2646 4338 in
2676 4281 2996 4353 Evangeliis
3016 4299 3207 4348 voces,
3237 4301 3413 4356 neque
3456 4288 3591 4342 dua-

2010 4370 2117 4425 bus
2147 4370 2545 4442 hypostasibus
2579 4386 2758 4441 neque
2800 4371 3058 4441 personis
3101 4372 3424 4429 dividimus.
3469 4373 3587 4430 Non

2012 4461 2161 4516 enim
2196 4461 2394 4532 duplex
2433 4470 2519 4518 est
2566 4478 2711 4518 unus
2759 4471 2816 4518 et
2868 4463 3025 4519 solus
3054 4463 3335 4529 Christus,
3379 4467 3482 4520 etsi
3521 4481 3586 4520 ex

308 4559 456 4613 τητα
482 4545 584 4612 τὴν
606 4545 904 4615 ἀμέριστον
935 4552 1411 4622 συνενηνεγμένος,
1436 4555 1687 4626 καθάπερ
1713 4558 1907 4627 ἀμέλει

2023 4553 2232 4609 duabus
2261 4563 2315 4608 et
2341 4551 2724 4610 differentibus
2752 4554 2922 4610 rebus
2953 4555 3009 4609 in
3045 4555 3304 4609 unitatem
3337 4555 3588 4612 indivisi-

307 4635 409 4686 καὶ
444 4633 736 4706 ἄνθρωπος
789 4639 855 4691 ὲκ
897 4639 1076 4710 ψυχῆς
1123 4643 1218 4696 καὶ
1258 4644 1529 4715 σώματος,
1579 4650 1640 4702 οὑ
1685 4649 1907 4715 διπλοῦς

311 4724 544 4794 μᾶλλον,
585 4727 702 4780 ἀλλ’
727 4722 808 4791 εἷς
834 4728 894 4794 ἐξ
927 4733 1152 4801 ἀμφοῖν.
1197 4735 1356 4788 Ἀλλὰ
1379 4737 1473 4789 καὶ
1500 4737 1598 4801 τὰς
1624 4738 1904 4810 ἀνθρωπί-

306 4835 409 4882 νας
443 4819 542 4872 xui.
569 4813 670 4882 τάς
695 4819 887 4884 θεῖκὰς
916 4823 1046 4894 παρ’
1077 4825 1197 4890 ἐνὸς
1227 4827 1480 4897 εἰρῆσθαί
1528 4845 1736 4898 φαμεν,
1771 4847 1904 4900 φρο-

303 4910 535 4973 νοῦντες
569 4911 748 4982 ὀρθῶς
769 4929 784 4944 ο
816 4915 944 4967 ὅταν
979 4919 1078 4984 μὲν
1099 4917 1208 4988 γὰρ
1243 4919 1563 4988 θεοπρεπῶς
1595 4920 1728 4992 λέγῃ
1776 4921 1905 4991 περὶ

307 5001 511 5054 ἑαυτοῦ
535 5019 549 5031 ·
583 5023 604 5054 ‹
651 5003 794 5072 Ἐγὼ
829 5005 922 5057 καὶ
949 5007 976 5059 ὀ
1005 5007 1197 5078 Πατὴρ
1220 5008 1278 5061 ἒν
1309 5010 1494 5078 ἐσμεν,
1536 5030 1553 5062 ι
1594 5011 1692 5079 τὴν
1718 5010 1905 5081 θεῖκὴν

304 5095 479 5149 αὑτοῦ
510 5097 608 5148 καὶ⁹
632 5097 950 5168 ἀπόρρητον
978 5099 1266 5169 ἐννοοῦμεν
1307 5099 1489 5168 φύσιν,
1532 5101 1657 5154 καθ’
1697 5101 1764 5172 ἢν
1810 5102 1904 5155 καὶ

301 5187 364 5239 ἒν
392 5190 515 5239 ἐστι
553 5187 692 5256 πρὸς
725 5188 816 5239 τὸν
840 5189 1039 5242 ἑαυτοῦ
1071 5190 1292 5260 Πατέρα
1335 5189 1422 5243 διὰ
1460 5191 1560 5261 τὴν
1598 5191 1903 5263 ταυτότητα

301 5276 406 5344 τῆς
442 5273 660 5340 οὐσίας,
711 5276 876 5330 εἰκών
911 5295 971 5330 τε
1001 5279 1095 5332 καὶ
1130 5279 1418 5353 χαρακτὴρ
1447 5281 1539 5334 καὶ
1565 5282 1905 5354 ἀπαύγασμα

299 5368 405 5436 τῆς
435 5367 601 5434 δόξης
635 5367 802 5420 αὑτοῦ
825 5382 838 5396 ·
870 5369 999 5422 ὅταν
1043 5370 1100 5422 δὲ
1131 5371 1195 5423 τδ
1224 5372 1322 5441 τῆς
1365 5365 1783 5444 ἀνθρωπότητος
1815 5375 1902 5445 μέ-

298 5475 435 5528 τρον
469 5457 575 5508 οὑκ
604 5456 912 5526 ἀτιμάζων,
940 5459 1051 5521 τοῖς
1093 5459 1371 5523 Ἰουδαίοις
1399 5461 1677 5531 προσλαλῇ
1699 5475 1712 5488 ο
1739 5480 1757 5510 ι
1788 5461 1900 5514 Νῦν

296 5549 353 5601 δὲ
383 5547 610 5617 ζητεῖτέ
645 5563 713 5616 με
746 5547 1067 5602 ἀποκτεῖναι
1098 5549 1406 5620 ἄνθρωπον,
1431 5551 1490 5614 ὃς
1512 5551 1609 5620 τὴν
1642 5550 1912 5626 ἀλήθεια(

296 5642 431 5710 ὑμῖν
456 5638 740 5708 λελάληκα
764 5657 778 5671 ι
827 5659 845 5690 ι
879 5641 1042 5694 πάλιν
1068 5643 1222 5696 οὐδὲν
1257 5638 1420 5714 ἧττον
1465 5643 1521 5695 ἐν
1560 5642 1766 5712 ἰσότητι
1806 5641 1898 5694 τοῦ

293 5731 540 5800 ιιατρὸς,
572 5731 668 5783 καὶ
686 5731 750 5782 ἐκ
780 5730 893 5783 τῶν
928 5732 1025 5803 τῆς
1051 5734 1471 5806 ἀνθρωπότητος
1492 5733 1656 5787 αὑτοῦ
1679 5733 1894 5804 μέτρων

370 5844 415 5875 ³¹
453 5841 621 5896 Juan.
653 5855 772 5908 vm,
809 5839 898 5894 57.

2011 4645 2177 4699 bilem
2212 4645 2437 4700 collatis
2460 4645 2824 4715 intelligatur,
2847 4645 3310 4714 quemadmodum
3332 4647 3588 4702 videlicet

2010 4736 2176 4790 homo
2227 4743 2312 4790 est
2361 4736 2542 4790 anima
2591 4744 2648 4791 et
2680 4751 2914 4805 corpore
2963 4752 3074 4792 non
3115 4739 3342 4808 duplex,
3374 4740 3468 4793 sed
3519 4756 3583 4794 cx

2008 4840 2244 4899 utroque
2273 4825 2438 4885 unus.
2473 4827 2578 4884 Sed
2619 4837 2672 4886 et
2711 4829 2984 4885 humanas
3024 4836 3097 4885 et
3123 4831 3337 4887 divinas
3363 4831 3433 4885 ab
3477 4847 3586 4885 uno

2010 4921 2256 4990 prolatas
2286 4919 2544 4983 dicimus,
2594 4927 2747 4975 recto
2804 4920 3027 4990 quidem
3094 4935 3302 4976 sensu:
3360 4921 3584 4989 quando

2011 5011 2179 5078 enim,
2219 5018 2384 5080 prout
2457 5011 2625 5065 Deum
2671 5011 2852 5076 decet,
2892 5011 2960 5066 de
3023 5011 3208 5080 seipso
3272 5011 3516 5081 loquitur
3565 5029 3581 5066 :

2017 5119 2035 5152 ι
2073 5099 2189 5170 Ego
2232 5108 2288 5155 et
2335 5101 2494 5154 Pater
2533 5115 2698 5154 unum
2741 5115 2958 5164 sumus,
3010 5120 3028 5153 ι
3075 5101 3315 5155 divinam
3363 5102 3484 5170 ejus
3531 5115 3586 5156 et

2011 5189 2341 5245 ineﬂabilem
2383 5190 2690 5259 cogitamus
2731 5200 3011 5254 naturam,
3059 5191 3364 5246 secundum
3415 5207 3578 5260 quam

2011 5297 2182 5336 unum
2215 5287 2301 5336 est
2326 5295 2452 5335 cum
2482 5295 2591 5336 suo
2624 5280 2786 5335 Patre
2816 5291 3042 5352 propter
3071 5282 3398 5338 substantiae
3429 5283 3581 5338 iden-

2007 5369 2245 5434 titatem,
2290 5370 2474 5438 imago
2511 5383 2730 5438 quoque
2780 5378 2836 5422 et
2879 5370 3166 5425 character
3213 5379 3265 5425 et
3319 5369 3582 5438 splendor

2007 5461 2197 5531 gloria:
2220 5459 2339 5526 ejus
2366 5478 2380 5512 :
2415 5459 2637 5529 quando
2667 5474 2794 5514 vero
2824 5461 3184 5516 humanitatis
3215 5461 3436 5514 modum
3469 5475 3579 5515 non

2008 5565 2281 5620 spernens
2311 5547 2530 5605 Judazos
2556 5550 2858 5620 alloquitur
2883 5569 2896 5604 :
2937 5570 2954 5602 ι
2988 5549 3144 5604 Nunc
3173 5565 3304 5604 vero
3333 5552 3580 5619 quaeritis

2008 5656 2096 5696 me
2123 5640 2434 5696 interﬁcere
2464 5640 2742 5696 hominem
2775 5641 2871 5710 qui
2909 5641 3196 5696 veritatem
3229 5641 3388 5712 vobis
3431 5641 3580 5698 locu-

2007 5741 2097 5790 tus
2130 5748 2253 5790 sum
2288 5733 2368 5800 ";
2433 5751 2452 5786 ι
2502 5748 2699 5790 rursus
2754 5732 3112 5790 nihilominus
3164 5734 3219 5790 in
3267 5735 3579 5807 mqualitate
