4104 6430
531 398 604 448 ιδ
1525 396 1581 451 ε.
1614 391 1894 452 CYRILLI
1929 389 2401 446 ALEXANDRINI
2437 393 2763 450 ARCHIEP.
3710 398 3784 450 24

531 504 716 560 Patris
743 504 910 561 etiam
941 519 1008 560 ex
1041 503 1406 560 humanitatis
1453 504 1575 574 ejus
1603 503 1783 559 modis
1817 500 2104 572 cognosci-

2216 501 2664 574 ἐπιγινώσκομεν.
2711 505 2776 558 Et
2806 505 2914 576 γὰρ
2943 505 3274 576 πιστεύομεν
3309 504 3392 558 ὅτι
3417 504 3548 570 Θεὸς
3579 503 3656 559 ὢν
3679 505 3781 575 φύ-

532 610 677 650 mus.
713 593 768 649 Si
790 595 936 650 enim
965 595 1246 650 credimus
1277 596 1404 664 quia
1430 595 1572 650 Deus
1598 602 1795 648 natura
1829 593 2104 648 exsistens

531 685 697 740 homo
745 684 926 740 factus
971 692 1079 752 est,
1131 687 1215 740 vel
1244 685 1393 756 quod
1431 694 1688 756 tanquam
1725 685 1894 738 homo
1921 683 2104 738 anima

532 775 791 830 rationali
821 776 1120 840 animatus,
1149 790 1270 842 quze
1301 775 1443 829 ratio
1472 782 1576 838 est,
1607 789 1771 828 voces
1811 773 1932 843 ejus
1977 787 2105 826 eru-

530 866 782 933 bescere,
816 866 962 936 quod
1005 866 1118 922 sint
1151 865 1358 920 homini
1389 865 1822 920 convenientes?
1868 863 1925 918 Si
1957 863 2102 917 enim

531 956 862 1012 detrectaret
889 971 1171 1012 sermones
1196 957 1476 1011 hominem
1501 957 1782 1020 decentes,
1809 955 1932 1026 quis
1949 955 2104 1008 illum

532 1051 710 1119 coegit
746 1050 1019 1105 hominem
1058 1049 1360 1105 secundum
1395 1065 1499 1106 nos
1522 1050 1682 1106 ﬁeri?
1714 1049 1815 1117 Qui
1850 1065 1983 1105 vero
2004 1049 2105 1104 de-

469 1203 472 1206 ,
531 1138 684 1191 misit
713 1138 953 1207 seipsum
996 1148 1224 1209 pr0pter
1269 1156 1371 1196 nos
1399 1141 1467 1195 ad
1513 1141 1887 1196 voluntariam
1923 1141 2105 1194 inani-

531 1235 699 1282 tatem
752 1228 830 1293 “,
868 1243 1033 1298 quam
1083 1229 1157 1284 ob
1185 1244 1412 1284 causam
1457 1231 1625 1285 verba
1675 1231 1805 1284 huic
1852 1228 2103 1284 inanitati

533 1317 920 1373 convenientia
955 1319 1319 1375 detrectaret?
1347 1321 1452 1376 Uni
1489 1322 1656 1392 igitur
1694 1337 1946 1392 personae
1983 1336 2106 1376 om-

531 1423 631 1463 nes
664 1423 830 1464 voces
878 1409 933 1463 in
982 1409 1318 1480 Evangeliis.
1367 1412 1460 1465 uni
1511 1412 1793 1482 hypostasi
1834 1411 1996 1466 Verbi
2024 1412 2107 1465 in-

531 1500 750 1554 carnati
779 1500 1145 1556 attribuenda;
1177 1510 1328 1557 sunt.
1361 1501 1625 1557 Dominus
1658 1504 1803 1558 enim
1838 1519 1984 1558 unus
2019 1501 2106 1557 Je-

533 1605 630 1645 sus
657 1589 929 1657 Christus,
951 1593 1252 1648 secundum
1272 1608 1460 1648 voces.
1491 1593 1757 1650 Praeterea
1777 1594 1823 1649 si
1849 1594 2106 1649 omnibus

532 1679 712 1750 major
731 1691 813 1736 est
845 1681 1029 1749 Pater,
1060 1683 1302 1739 divinam
1335 1685 1593 1740 videlicet
1617 1686 1972 1739 eminentiam
2009 1685 2106 1738 ha-

532 1771 670 1828 bens
707 1780 768 1827 ut
803 1789 931 1844 erga
978 1775 1241 1843 facturas,
1301 1783 1357 1832 et
1409 1787 1563 1831 extra
1614 1777 1799 1832 omnia
1843 1784 1896 1832 et
1940 1792 2106 1846 supra

2215 607 2296 642 σει
2336 591 2556 660 γέγονεν
2583 593 2886 662 ἄνθρωπος,
2921 594 3048 664 ἢὼς
3077 595 3362 665 ἄνθρωπος
3393 595 3786 666 ἐμψυχωμένος

2212 683 2356 753 ψυχῇ
2390 682 2606 755 λογικῇ,
2643 689 2792 737 ποῖον
2818 685 2884 740 ἂν
2929 685 3041 757 ἔχοι
3074 687 3231 755 λόγον
3260 687 3322 739 τὸ
3360 686 3782 756 ἐπαισχύνεσθαι

2210 777 2332 837 ταῖς
2357 775 2487 845 παρ’
2520 775 2684 829 αὑτοῦ
2710 779 2936 844 φωναῖς,
2976 780 3026 830 εἰ
3065 778 3352 847 γεγόνασιν
3395 777 3785 850 ἀνθρωποπρε-
3813 837 3826 847 ο

2213 866 2364 933 πῶς;
2395 869 2458 921 EE
2488 867 2597 938 γὰρ
2641 871 2957 940 παραιτοῖτο
2994 872 3120 933 τοὺς
3159 869 3433 941 ἀνθρώπῳ
3473 870 3785 940 πρέποντας

2211 955 2423 1025 λόγους,
2455 958 2539 1021 τίς
2566 959 2594 1011 6
2622 959 2937 1027 ἀναγκάσας
2963 961 3216 1028 γενέσθαι
3256 959 3378 1013 καθ’
3405 963 3551 1031 ἡμᾶς
3584 960 3785 1031 ἄνθρω-

2213 1066 2349 1114 πον;
2395 1049 2454 1101 '0
2484 1049 2541 1103 δέ
2577 1049 2766 1113 καθεὶς
2799 1052 2992 1104 ἐαυτὸν
3036 1052 3106 1106 δι’
3127 1054 3274 1122 ἡμᾶς
3308 1053 3386 1114 είς
3415 1050 3660 1104 ἑκούσιον
3689 1051 3783 1103 κέ-

2212 1156 2399 1205 νωσιν,
2421 1140 2509 1194 διὰ
2531 1141 2688 1193 ποίαν
2713 1142 2889 1196 αἰτίαν
2915 1145 3230 1212 παραιτοῖτο
3263 1143 3329 1196 ἂν
3360 1143 3486 1205 τοὺς
3511 1144 3578 1212 τῇ
3617 1144 3785 1194 κενώ-

2215 1248 2295 1284 σει
2319 1230 2630 1303 πρέποντας
2663 1232 2886 1300 λόγους;
2926 1232 3041 1285 Ἑνὶ
3067 1233 3357 1304 τοιγαροῦν
3377 1232 3656 1302 προσώπῳ
3686 1230 3786 1293 τὰς

2213 1323 2271 1374 ἐν
2303 1325 2416 1386 τοῖς
2463 1323 2816 1390 Εὐαγγελίοις
2851 1322 3028 1386 πάσας
3078 1324 3364 1376 ἀναθετέον
3417 1323 3620 1392 φωνὰς,
3657 1323 3787 1374 ὐπο-

2215 1415 2402 1466 στάσει
2442 1417 2540 1484 μιᾷ
2561 1413 2655 1466 τοῦ
2673 1413 2846 1482 Λόγου
2875 1414 3313 1483 σεσαρκωμένου.
3331 1413 3537 1483 Κύριος
3569 1412 3676 1482 γὰρ
3705 1406 3786 1474 εἷς

2226 1504 2431 1575 Ἰησοῦς
2469 1504 2724 1574 Χριστὸς,
2765 1503 2907 1557 κατὰ
2930 1503 3029 1567 τὰς
3083 1503 3287 1572 φωνάς,
3314 1503 3434 1555 Ἔτι
3465 1505 3515 1554 εί
3567 1503 3785 1554 πάντων

2217 1595 2420 1665 μείζων
2448 1595 2593 1649 ἐστὶν
2618 1598 2646 1648 6
2671 1598 2880 1666 Πατὴρ,
2921 1594 3197 1665 Θεοπρεπῆ
3224 1593 3464 1664 δηλονότι
3495 1593 3594 1662 τὴν
3619 1592 3788 1660 ὑπερ·

2213 1685 2343 1756 οχὴν
2374 1685 2511 1754 ἔχων
2561 1686 2634 1748 ὡς
2675 1684 2810 1756 πρὶς
2859 1684 2926 1738 τὰ
2975 1685 3270 1754 ποιήματα,
3314 1683 3405 1736 καὶ
3429 1682 3531 1746 ἔξω
3570 1681 3786 1734 πάντων

2215 1776 2306 1830 καὶ
2327 1777 2421 1828 ἐπὶ
2445 1775 2622 1828 πάντα
2656 1775 2806 1827 ἐσται
2830 1790 2843 1802 ·
2873 1777 2902 1827 6
2928 1774 2985 1826 δὲ
3008 1774 3181 1835 οὕτως
3205 1773 3343 1842 ἔχων
3368 1771 3582 1840 φύσεώς
3607 1789 3666 1823 τε
3692 1771 3787 1823 καὶ

534 1863 727 1917 omnia
766 1866 840 1920 sit
871 1881 884 1917 :
920 1867 1015 1938 qui
1055 1882 1189 1922 vero
1230 1867 1303 1921 ita
1339 1883 1399 1923 se
1429 1867 1597 1924 habet
1634 1870 1815 1938 quoad
1849 1876 2106 1922 naturam

2216 1867 2540 1938 ἀξιώματος,
2598 1868 2656 1919 ἓν
2705 1868 2853 1918 ἐστιν
2892 1865 2968 1926 ὡς
2995 1867 3131 1935 πρὸς
3165 1865 3253 1918 τὸν
3293 1865 3452 1917 Υἱόν·
3498 1859 3617 1916 εἷτα
3668 1862 3786 1925 πῶς

535 1961 590 2006 et
612 1969 680 2009 ex
720 1953 1011 2024 dignitate,
1045 1973 1214 2012 unum
1238 1969 1322 2015 est
1349 1967 1408 2014 ut
1436 1975 1565 2032 erga
1597 1958 1798 2014 Filium
1832 1977 1846 2014 :
1879 1974 2107 2030 quomo-

535 2043 628 2108 do,
648 2044 863 2112 amabo,
886 2047 1102 2115 genitus
1119 2048 1225 2102 erit
1252 2049 1348 2118 qui
1366 2049 1612 2120 ingenito
1632 2047 1779 2102 Patri
1804 2048 2106 2103 secundum

535 2132 902 2188 substantiam
951 2135 1095 2190 idem
1163 2137 1285 2193 est?
1323 2138 1420 2193 Vel
1474 2139 1754 2208 quomodo
1797 2140 1854 2192 in
1919 2138 2106 2192 omni-

534 2222 645 2277 bus
674 2229 732 2277 ut
765 2224 974 2279 factura
997 2228 1314 2284 censebitur
1344 2231 1435 2299 qui
1467 2231 1635 2302 668
1666 2231 1841 2300 major
1873 2240 1958 2285 est
1990 2245 2108 2284 om-

534 2313 701 2370 nibus
738 2329 863 2370 cum
907 2316 1089 2384 Patre,
1131 2328 1186 2374 et
1219 2321 1438 2390 quidem
1487 2323 1659 2391 major
1699 2337 1764 2376 eo
1804 2321 1968 2378 modo
2000 2337 2108 2392 quo

537 2403 684 2461 Deus
706 2405 871 2461 fuerit
893 2422 1022 2478 erga
1060 2409 1308 2466 facturas
1338 2411 1509 2467 suas?

609 2493 720 2566 Ego
747 2506 796 2551 et
829 2497 993 2552 Pater
1014 2516 1175 2554 unum
1201 2518 1403 2556 sumus.
1435 2501 1638 2573 Nempe
1659 2505 1929 2561 vocabulo
1947 2522 2109 2560 unum

537 2586 782 2656 eiusdem
825 2605 947 2646 esse
987 2608 1045 2647 se
1080 2594 1400 2649 substantiae
1435 2610 1558 2648 cum
1595 2594 1756 2652 Patre
1797 2596 2108 2665 signiﬁcat;

535 2677 707 2732 verbo
735 2689 916 2735 autem
953 2698 1135 2737 sumus
1174 2685 1227 2738 in
1259 2686 1368 2740 duo
1384 2685 1577 2740 dividit
1611 2702 1722 2741 rem
1755 2686 2107 2752 intellectam,

537 2784 838 2841 rursusque
870 2772 926 2828 in
955 2789 1117 2828 unam
1153 2775 1364 2847 colligit
1402 2778 1684 2832 deitatem.

605 2857 691 2924 Χ,
739 2861 826 2915 51.
870 2859 1210 2918 Sustulerunt
1259 2881 1379 2935 ergo
1424 2882 1610 2920 rursus
1675 2863 1855 2919 Judaei
1905 2865 2108 2935 lapides

536 2957 596 3002 ut
621 2949 918 3018 lapidarem
943 2970 1081 3007 eum.
1536 2946 1542 2953 ’

514 3077 518 3080 η
607 3039 730 3096 Non
756 3045 902 3097 enim
929 3043 1167 3103 ferentes
1206 3063 1332 3104 eum
1375 3049 1466 3118 qui
1495 3065 1616 3105 sese
1645 3066 1814 3104 unum
1839 3065 1961 3106 esse
1983 3065 2108 3104 cum

494 3134 509 3148 ‘
537 3128 703 3186 Patre
730 3132 962 3202 diceret,
995 3137 1060 3192 ad
1093 3140 1457 3194 occidendum
1488 3156 1612 3196 eum
1636 3142 1840 3212 impetu
1871 3143 2107 3212 quodam

2212 1959 2365 2011 ἔσται
2395 1957 2652 2028 γεννητὸς
2675 1960 2702 2010 6
2739 1957 2816 2028 τῷ
2851 1957 3129 2026 ἀγεννήτῳ
3172 1954 3345 2025 Πατρὶ
3381 1956 3502 2007 κατ’
3535 1955 3724 2007 οὐσίαν
3757 1955 3786 2005 6

2212 2051 2374 2114 αὑτός
2395 2069 2408 2116 ;
2443 2051 2512 2103 Ἢ
2536 2048 2651 2112 πῶς
2675 2051 2732 2102 ἐν
2752 2051 2864 2111 τοῖς
2879 2050 3045 2102 πᾶσιν
3069 2047 3144 2110 ὡς
3168 2047 3381 2116 ποίημα
3405 2045 3785 2114 λογισθήσεται

2211 2145 2241 2196 6
2273 2142 2476 2214 μείζων
2493 2143 2708 2196 πάντων
2737 2140 2876 2212 μετὰ
2903 2139 3141 2211 Πατρὺς,
3173 2137 3374 2210 μείζων
3401 2137 3457 2190 δὲ
3490 2135 3682 2201 οὕτως,
3709 2134 3787 2197 ὡς

2214 2233 2280 2290 ἂν
2304 2236 2387 2305 εἴη
2417 2234 2548 2299 Θεὸς
2581 2233 2716 2305 πρὸς
2739 2233 2806 2288 τὰ
2839 2234 3150 2305 ποιήματα;

2300 2496 2444 2566 Ἐγὼ
2482 2496 2558 2566 (ι)
2596 2497 2692 2550 καί
2715 2498 2748 2550 ό
2773 2495 2974 2564 Πατὴρ
3001 2495 3071 2549 ἓν
3098 2495 3304 2563 ἐσμεν.
3355 2493 3453 2546 Διά
3500 2491 3598 2562 μὲν
3625 2491 3686 2543 τὸ
3714 2488 3787 2543 ἓν

2214 2588 2314 2659 τὴν
2360 2589 2664 2658 ταυτότητα
2715 2589 2813 2657 τῆς
2871 2588 3062 2650 οὐσίας
3113 2586 3403 2657 σημαίνει·
3452 2583 3542 2637 διὰ
3591 2583 3649 2635 δέ
3680 2579 3777 2634 τοῦ

2215 2679 2404 2749 ἐσμὲν
2430 2682 2509 2743 εἰς
2538 2679 2705 2732 δυάδα
2733 2679 2921 2749 τέμνει
2949 2679 3011 2731 τὸ
3060 2677 3366 2749 νοούμενον,
3395 2677 3490 2730 καὶ
3517 2675 3677 2729 πάλιν
3706 2676 3786 2734 εἰς

2218 2772 2346 2842 μίαν
2374 2771 2628 2842 περισφίγ
2644 2787 2722 2838 γει
2757 2770 3005 2840 θεότητα.

2297 2861 2670 2915 Ἐϐάστασαν
2693 2857 2807 2916 οὖν
2835 2861 3020 2915 πάλιν
3039 2863 3093 2915 οἱ
3134 2858 3408 2915 Ἰουδαῖοι
3432 2858 3658 2922 λίθους,
3686 2855 3794 2908 ἵνα

2213 2951 2548 3006 λιθάσωσιν
2571 2952 2774 3005 αὐτόν.

2287 3043 2379 3114 Μὴ
2412 3043 2774 3114 ἀνασχόμενοι
2803 3043 2910 3114 γὰρ
2928 3041 3114 3104 αὐτοῦ,
3142 3040 3199 3093 ἓν
3230 3034 3369 3092 εἴναι
3396 3036 3586 3090 ἑαυτὸν
3606 3035 3789 3104 λέγον-

2216 3153 2306 3199 τος
2328 3134 2464 3204 πρὸς
2496 3134 2586 3188 τὸν
2611 3133 2832 3204 Πατέρα
2850 3175 2864 3198 ,
2905 3133 2999 3184 ἐπὶ
3027 3133 3086 3184 τὸ
3114 3131 3369 3200 φονεῦσαι
3411 3130 3569 3182 αὑτὸν
3597 3128 3790 3199 ὥρμη-

539 3221 683 3292 rapti
711 3234 860 3292 sunt,
887 3226 1014 3283 licet
1046 3231 1481 3302 unumquodque
1533 3247 1760 3302 Operum
1799 3233 1918 3302 ejus
1944 3233 2110 3289 Deum

2217 3243 2317 3279 σαν
2341 3242 2354 3254 °
2378 3226 2581 3294 καίπερ
2607 3226 2839 3276 ἑκάστου
2863 3223 2971 3276 τῶν
3002 3225 3132 3291 παρ’
3150 3221 3318 3274 αὐτοῦ
3340 3221 3638 3290 γινομένων
3657 3219 3791 3272 Θεὸν

540 3325 665 3366 esse
699 3312 848 3368 illum
882 3325 1082 3371 natura
1121 3320 1256 3374 satis
1295 3319 1639 3389 prtedicaret.
1667 3319 1785 3374 Non
1814 3320 1989 3374 solum
2015 3337 2112 3374 au-

539 3414 650 3458 tem
677 3420 844 3472 nunc,
881 3408 977 3462 sed
1022 3416 1076 3462 et
1125 3409 1263 3464 alias
1295 3410 1530 3466 sublatis
1573 3412 1851 3482 lapidibus
1897 3423 1957 3468 ut
1988 3429 2112 3470 eum

542 3492 942 3561 interﬁcerent,
998 3497 1310 3552 immobiles
1364 3507 1634 3554 steterunt
1673 3502 1726 3555 vi
1771 3511 1826 3556 et
1874 3501 2113 3557 efﬁcacia

539 3580 745 3638 Christi
769 3604 782 3639 :
802 3601 868 3640 ex
889 3601 998 3656 quo
1025 3587 1234 3656 liquido
1251 3597 1472 3643 constat
1497 3607 1645 3655 eum,
1677 3593 1780 3646 nisi
1809 3593 2107 3658 volentem,

538 3688 826 3744 nunquam
862 3690 1157 3744 passurum
1202 3677 1394 3735 fuisse.
1442 3680 1814 3740 Nihilosecius
1843 3700 1940 3754 per
1966 3702 2116 3741 sum-

541 3777 686 3816 mam
712 3764 1187 3820 mansuetudinem
1209 3767 1462 3825 Christus
1490 3769 1760 3827 furiosum
1793 3785 1985 3827 eorum
2012 3774 2115 3827 im-

539 3863 726 3924 petum
757 3855 1007 3910 cohibuit
1040 3856 1236 3912 dicens
1267 3877 1280 3914 :
1315 3858 1572 3932 Nunquid
1605 3863 1676 3917 ob
1714 3865 1943 3933 aliquod
1988 3880 2112 3920 ver-

539 3948 670 4002 bum
703 3947 847 4016 quod
900 3947 1015 4002 dixi
1061 3949 1392 4017 iras'cimini,
1447 3961 1540 4007 aut
1589 3954 1661 4010 ob
1698 3954 1922 4026 aliquod
1975 3971 2117 4026 opus

539 4037 690 4106 quod
722 4038 861 4093 feci?
889 4037 944 4092 Si
977 4042 1122 4095 enim
1153 4058 1264 4098 non
1296 4046 1467 4100 multa
1513 4045 1764 4103 fecissem
1800 4047 1908 4103 Deo
1951 4049 2118 4119 digna

539 4143 824 4200 opera,me
854 4138 1055 4186 natura
1082 4133 1252 4189 Deum
1282 4151 1408 4193 esse
1431 4140 1716 4202 testantia,
1742 4141 1942 4196 merito
1972 4139 2118 4193 indi-

538 4219 846 4289 gnaremini
881 4220 1167 4277 audientes
1204 4238 1291 4278 me
1318 4239 1465 4279 nunc
1501 4223 1777 4280 dicentem
1816 4245 1828 4280 :
1869 4247 1886 4277 ι
1927 4221 2044 4295 Ego
2065 4232 2119 4280 et

537 4309 701 4365 Pater
743 4326 913 4365 unum
949 4328 1177 4380 sumus;
1222 4331 1241 4365 ›
1277 4314 1374 4369 sed
1411 4330 1519 4370 non
1551 4315 1654 4370 hoc
1685 4316 1970 4381 dixissem,
2011 4315 2117 4370 nisi

537 4417 639 4472 per
666 4403 855 4456 omnia
890 4418 1012 4473 qua:
1053 4405 1158 4460 feci
1191 4406 1538 4477 probassem.
1583 4407 1673 4461 Ait
1717 4423 1846 4462 vero
1891 4423 1919 4461 a
1957 4407 2118 4461 Patre

538 4501 594 4548 et
620 4509 731 4548 non
756 4508 785 4547 a
813 4496 1000 4566 seipso
1025 4511 1213 4567 opera,
1248 4499 1516 4553 modestia
1560 4500 1820 4552 nimirum
1858 4509 2022 4554 utens
2049 4498 2115 4552 ad

2214 3318 2376 3370 αὑτὸν
2407 3315 2848 3386 ἀναγορευόντων
2879 3313 3061 3382 φύσει.
3092 3313 3167 3364 Οὐ
3207 3313 3366 3381 μόνον
3401 3301 3470 3364 δέ
3506 3312 3618 3376 νῦν,
3657 3310 3792 3365 ἀλλά

2214 3409 2309 3462 καὶ
2342 3407 2528 3462 ἄλλοτε
2564 3405 2820 3467 λαϐόντες
2865 3404 3045 3466 λίθους
3069 3403 3160 3456 ἐπὶ
3197 3402 3275 3471 τῷ
3319 3402 3480 3456 αὑτὸν
3513 3402 3788 3470 φονεῦσαι,

2214 3498 2464 3567 ἀκίνητοι
2493 3498 2729 3566 ἔστησαν
2751 3494 3001 3565 ἐνεργείᾳ
3023 3496 3088 3564 τῇ
3117 3492 3210 3547 τοῦ
3237 3491 3472 3563 Χριστοῦ
3490 3509 3507 3524 ·
3539 3492 3614 3554 ὡς
3635 3492 3792 3561 δῆλον

2215 3591 2310 3644 καὶ
2342 3591 2408 3642 ἐκ
2447 3589 2637 3643 τούτου
2685 3587 2960 3656 γενέσθαι,
3003 3586 3086 3638 ὅτι
3110 3585 3208 3637 οὐκ
3253 3583 3317 3638 ἂν
3351 3585 3608 3653 ἔπασχεν,
3640 3584 3687 3635 εἰ
3716 3583 3792 3652 μὴ

2217 3681 2380 3734 ἑκών.
2414 3680 2605 3750 Ὅμως
2631 3677 2716 3731 διὰ
2735 3677 3005 3746 ὴπιότησα
3027 3679 3054 3728 ὁ
3086 3677 3320 3744 Χριστὸς
3345 3675 3667 3729 κατέστελλε
3693 3675 3791 3744 τὴν

2217 3774 2439 3828 ἐκείνων
2485 3771 2678 3840 ἄλογον
2721 3768 2916 3842 ὁρμὴν,
2948 3768 3122 3836 λέγων
3143 3810 3158 3831 ,
3199 3768 3284 3830 οὐ,
3325 3767 3423 3820 Διὰ
3455 3770 3604 3819 ποῖον
3633 3767 3792 3833 λόγον

2217 3861 2469 3930 ὃνεῖπον,
2494 3861 2798 3933 θυμοῦσθε;
2828 3859 2983 3926 ἀλλὰ,
3001 3859 3098 3912 Διὰ
3126 3860 3274 3911 ποῖον
3298 3859 3456 3928 ἔργον
3474 3857 3501 3910 ὃ
3523 3857 3754 3926 ἐποίησα
3776 3875 3790 3916 ;

2217 3958 2280 4010 Εἰ
2311 3956 2418 4026 γὰρ
2460 3955 2542 4026 μὴ
2562 3953 2814 4021 ἐποίησα,
2846 3951 2998 4020 φησὶ,
3047 3949 3215 4002 πολλὰ
3255 3948 3530 4020 θεοπρεπῆ
3563 3948 3696 4026 ἔργα
3727 3949 3796 4000 τὰ

2217 4049 2500 4102 δεικνύντα
2537 4063 2602 4115 με
2643 4043 2803 4114 φύσει
2848 4043 3000 4107 Θεὸν,
3061 4041 3284 4104 εἰκότως
3314 4041 3378 4094 ἂν
3410 4042 3792 4109 ἠγανακτεῖτε,

2217 4141 2312 4194 νῦν
2341 4135 2630 4198 ἀκούοντές
2663 4153 2763 4204 μου
2783 4135 3031 4203 λέγοντος
3052 4153 3064 4164 ·
3105 4153 3122 4185 ι
3164 4132 3305 4201 Ἐγὼ
3334 4133 3428 4186 καὶ
3453 4135 3480 4185 6
3517 4132 3704 4201 Πατὴρ
3735 4131 3794 4183 ἓν

2217 4233 2385 4293 ἐσμεν
2419 4247 2436 4279 ι
2471 4226 2609 4280 Ἀλλ’
2636 4227 2736 4280 οὐκ
2772 4226 2838 4279 ἂν
2885 4221 3038 4278 εἷπον
3064 4225 3242 4285 τοῦτο,
3265 4225 3313 4276 εί
3345 4222 3418 4293 μὴ
3462 4223 3551 4276 διὰ
3579 4223 3795 4275 πάντων

2218 4314 2293 4374 ὧν
2328 4319 2579 4385 ἐποίησα,
2617 4317 2776 4369 τοῦτο
2805 4316 3001 4380 ἔδειξα.
3031 4317 3168 4386 Φησὶ
3196 4315 3252 4367 δὲ
3283 4315 3434 4384 παρά
3467 4314 3559 4367 τοῦ
3585 4315 3796 4386 Πατρδς

2217 4413 2278 4464 οὺ
2313 4409 2443 4481 παρ’
2477 4407 2671 4462 ἑαυτοῦ
2709 4406 2779 4460 τὰ
2825 4406 2962 4478 ἔργα
2991 4447 3005 4469 ,
3052 4403 3457 4476 μετριοφρονῶν
3511 4405 3650 4476 πρὸς
3697 4404 3795 4473 τὴν

2218 4501 2376 4573 ἡμῶν
2405 4500 2693 4568 ὠφέλειαν,
2723 4498 2811 4552 ἵνα
2844 4498 2918 4568 μὴ
2946 4499 3076 4550 ὅταν
3114 4497 3370 4566 λάϐωμέν
3391 4512 3445 4550 τι
3467 4495 3617 4567 παρά
3635 4495 3794 4559 Θεοῦ,

538 4597 789 4644 nostram
826 4591 1140 4657 utilitatem,
1187 4609 1254 4646 ne
1285 4608 1414 4647 cum
1445 4595 1649 4662 aliquid
1693 4608 1720 4646 a
1755 4592 1864 4647 Deo
1898 4593 2110 4663 accepi-

2221 4586 2696 4658 ἀλαζονευὼμεθα.
2740 4587 3048 4656 Δεδειχέναι
3086 4587 3142 4640 δὲ
3195 4587 3324 4657 περὶ
3363 4585 3456 4638 τοῦ
3488 4587 3698 4656 Πατρὺς
3731 4585 3796 4640 τὰ

539 4695 689 4747 mus,
724 4692 1050 4752 arrogantes
1074 4685 1270 4740 simus.
1291 4684 1615 4739 Ostemlisse
1644 4701 1776 4740 vero
1806 4700 1866 4740 se
1896 4699 1926 4737 a
1957 4685 2118 4739 Patre

539 4785 710 4840 opera
743 4771 899 4836 dicit,
931 4790 1042 4828 non
1073 4790 1132 4829 sc
1161 4775 1229 4829 ab
1266 4790 1453 4830 eorum
1481 4774 1675 4830 effectu
1709 4785 1763 4830 et
1801 4775 2118 4845 operatione

539 4863 781 4918 alienum
829 4864 1244 4930 demonstrans,
1286 4866 1396 4920 imo
1451 4868 1623 4922 totius
1673 4868 1896 4924 deitatis
1948 4882 2118 4938 opera

538 4968 665 5009 esse
695 4954 918 5010 docens.
954 4955 1142 5014 Deitas
1186 4974 1322 5014 vero
1371 4977 1479 5015 una
1526 4962 1851 5031 intelligitur
1879 4978 1909 5016 a
1951 4963 2116 5018 nobis

539 5045 596 5098 in
631 5043 794 5100 Patre
824 5055 879 5101 et
906 5045 1048 5101 Filio
1073 5055 1128 5104 et
1163 5049 1378 5119 Spiritu
1411 5063 1625 5106 sancto.
1667 5051 1822 5118 Quod
1855 5054 2000 5107 enim
2031 5057 2117 5108 vi-

539 5137 738 5192 delicet
790 5137 922 5205 facit
960 5139 1144 5203 Pater,
1201 5142 1306 5196 hoc
1341 5143 1628 5212 perficitur
1675 5160 1773 5215 per
1805 5145 2004 5199 Filium
2059 5146 2115 5200 in

541 5224 773 5295 Spiritu.
825 5226 891 5280 Et
939 5244 1139 5284 rursus
1191 5233 1336 5301 quod
1384 5232 1560 5290 Filius
1611 5234 1762 5299 facit,
1797 5236 1900 5292 hoc
1951 5239 2117 5292 Pater

540 5314 722 5373 facere
750 5319 805 5371 in
842 5317 1053 5388 Spiritu
1087 5320 1313 5379 dicitur.
1341 5324 1520 5391 Quare
1545 5336 1599 5382 et
1641 5328 1757 5398 ipse
1783 5328 1924 5382 dixit
1957 5345 1969 5381 :
2005 5347 2022 5378 ι
2072 5329 2115 5380 Α

540 5408 752 5478 meipso
785 5409 921 5464 nihil
967 5410 1128 5480 facio,
1171 5413 1333 5472 Pater
1359 5433 1488 5473 vero
1529 5419 1584 5472 in
1617 5437 1701 5475 me
1728 5436 1963 5476 manens
1995 5421 2114 5489 ipse

540 5491 674 5549 facit
696 5511 883 5567 opera.
929 5515 946 5547 ι

615 5607 659 5640 ι’
686 5605 926 5679 Philipp.
956 5625 1015 5674 ll,
1059 5610 1108 5665 7.

2221 4685 2358 4755 ἔργα
2389 4684 2573 4753 φησὶν,
2608 4681 2708 4733 οὐκ
2737 4679 3016 4748 ἀλλότριον
3055 4676 3248 4730 ἐαυτὸν
3282 4677 3499 4739 δεικνὺς
3527 4677 3628 4745 τῆς
3650 4679 3794 4728 ἐκείο

2221 4789 2327 4824 νων
2358 4767 2658 4839 ἐνεργείας,
2686 4765 2822 4819 ἀλλά
2843 4765 3108 4818 διδάσκων
3139 4766 3221 4818 ὅτι
3258 4766 3356 4834 τῆς
3377 4766 3506 4836 ὅλης
3538 4767 3651 4819 ἐστὶ
3677 4767 3794 4818 θεά-

2220 4873 2382 4927 τητος
2409 4857 2476 4909 τὰ
2511 4855 2669 4926 ἔργα.
2710 4853 2914 4922 Θεότης
2945 4852 3001 4905 δὲ
3027 4854 3125 4921 μία
3159 4856 3356 4907 νοεῖται
3392 4855 3521 4926 παρ’
3554 4856 3709 4926 ἡμῶν
3739 4857 3795 4907 ἐν

2221 4949 2396 5018 Πατρ“ι
2416 4947 2509 4999 καὶ
2528 4944 2643 5015 Υἱῷ
2670 4943 2764 4996 καὶ
2803 4942 2941 5011 ἁγίῳ
2968 4942 3266 5014 Πνεῦματι.
3294 4945 3470 5016 Ὅπερ
3500 4947 3608 5015 γὰρ
3637 4948 3792 5016 τυχῦν

2221 5039 2369 5090 ποιεῖ
2403 5038 2430 5088 ὁ
2452 5034 2661 5104 Πατὴρ,
2685 5032 2845 5086 τοῦτο
2873 5031 3106 5087 τελεῖται
3142 5035 3209 5087 δι’
3253 5034 3380 5088 Υἱοῦ
3404 5037 3461 5087 ὲν
3491 5035 3792 5106 Πνεύματι.

2221 5129 2330 5183 Καὶ
2359 5128 2542 5191 πάλιν,
2593 5125 2621 5178 ὃ
2674 5126 2816 5180 ποιεῖ
2860 5125 2887 5176 6
2918 5115 3064 5191 Υἱὸέ,
3107 5127 3264 5180 τοῦτο
3297 5127 3514 5194 λέγεται
3546 5132 3572 5181 6
3607 5129 3796 5198 Πατὴρ

2223 5221 2397 5272 ποιεῖν
2442 5221 2500 5270 ἐν
2545 5216 2842 5286 Πνεύματι.
2897 5217 2986 5270 Διὸ
3032 5221 3126 5272 καὶ
3164 5219 3324 5282 αὐτὸς
3363 5220 3579 5288 ἔλεγεν
3613 5239 3629 5271 ι
3675 5220 3792 5272 Ἀπ’

2225 5307 2463 5378 ἐμαυτοῦ
2503 5307 2653 5360 οὐδὲν
2685 5308 2842 5370 ποιῶ,
2877 5310 2905 5361 6
2928 5309 2983 5364 δὲ
3006 5310 3194 5380 Πατὴρ
3232 5310 3291 5363 ἐν
3314 5309 3438 5381 ἐμοὶ⁸
3473 5311 3668 5383 μένων,
3698 5312 3795 5366 αὐ-

2220 5402 2312 5464 τὸς
2346 5403 2488 5453 ποιεῖ
2517 5397 2586 5452 τὰ
2615 5397 2770 5469 ἔργα.
2817 5419 2832 5450 ι

614 5746 851 5820 (Ι)Ὲγὼ
890 5789 904 5804 .
933 5792 943 5804 .
979 5792 990 5805 .
1021 5793 1032 5806 .
1064 5753 1312 5821 θεότητα
1345 5753 1472 5809 add.
1506 5765 1572 5809 ex
1600 5757 1790 5841 catena
1823 5751 1968 5819 Vah,
2006 5750 2101 5809 fol.

2216 5753 2248 5808 6
2279 5753 2338 5819 Β,
2377 5770 2460 5824 up.
2500 5753 2601 5809 Mai
2640 5755 2772 5812 ibid.
