4104 6466
437 402 516 458 25
1228 405 1301 461 ΙΝ
1338 404 1677 463 1οΑΝΝΕΜ.
1720 440 1789 449 -——
1829 411 1960 467 LIB.
2003 415 2028 468 Ἰ

2136 415 2222 471 ΕΤ
2263 415 2374 472 VIII
2407 415 2855 474 FRAGMENTA.
3631 418 3702 475 96

523 522 667 593 Περὶ
697 521 887 578 καλοῦ
918 519 1097 591 ἔργου
1123 523 1194 576 ού
1227 523 1543 593 λιθάζομέν
1580 540 1677 591 σε,
1713 525 1875 581 ἀλλὰ
1891 530 2024 597 περὶ

2199 532 2280 598 Χ,
2320 531 2409 586 ³55.
2452 533 2528 587 De
2560 533 2695 587 bono
2736 547 2884 602 opere
2911 547 3014 585 non
3058 530 3361 600 lnpidamus
3408 539 3476 599 te,
3518 532 3607 586 sed
3632 534 3698 583 de

450 615 875 685 βλασφημίας.

530 707 789 777 Ἔχοντες
814 704 975 775 ζῆλον
995 704 1152 772 Θεοῦ,
1171 706 1289 760 ἀλλ’
1318 707 1379 758 οὐ
1410 709 1531 761 κατ’
1560 708 1877 776 ἐπίγνωσιν,
1898 710 2037 778 ὴγα-

450 799 689 855 νάκτουν
745 798 1038 861 ἀκούοντες
1090 797 1186 851 τοῦ
1216 798 1455 868 Χριστοῦ
1504 799 1788 868 λέγοντοςο
1819 818 1838 851 ι
1894 799 2035 868 Ἐγὼ

450 891 551 945 καὶ
580 889 821 960 ὁΠατὴρ
848 889 908 942 ἐν
954 889 1143 958 ἐσμεν.
1191 907 1210 940 ι
1249 889 1314 942 Τί
1354 888 1464 959 γὰρ
1493 889 1554 943 τὸ
1608 890 1822 945 κωλύον
1874 890 2036 944 αὐτὸν

449 976 601 1032 εἶναι
637 978 696 1031 ἐν
728 976 863 1048 πρὸς
912 976 1005 1030 τὸν
1046 977 1288 1045 Πατέρα,
1343 979 1501 1049 εἴπερ
1559 980 1888 1033 ἐπίστευσαν
1952 981 2033 1034 ὅτι

449 1070 591 1134 Θεὸς
617 1066 687 1141 ἦν
706 1072 850 1124 κατὰ
882 1070 1044 1139 φύσιν
1064 1087 1078 1135 ;
1098 1071 1192 1122 Διὸ
1220 1070 1313 1123 καὶ
1350 1070 1591 1134 λιθάζειν
1632 1073 1791 1126 αὑτὸν
1821 1073 2036 1143 ἐπεχεί-

453 1178 609 1233 ρουν,
635 1162 729 1215 καὶ
751 1160 1179 1230 ἀπολογούμενοι
1217 1161 1283 1214 δι’
1311 1163 1377 1232 ἢν
1404 1163 1585 1216 αἰτίαν
1614 1163 1771 1217 τοῦτο
1791 1164 2029 1229 ἐποίουν,

450 1252 645 1319 φασὶν,
676 1253 758 1306 ὅτι
790 1252 891 1321 οὐχ
913 1251 1098 1305 ἕνεκεν
1125 1244 1201 1305 ὧν
1237 1253 1503 1324 ἐποίησας
1524 1254 1706 1310 καλῶν
1741 1254 2032 1325 λιθάζομέν

452 1360 541 1405 σε,
568 1344 685 1397 ἀλλ’
708 1344 790 1397 ὅτι
808 1343 1149 1415 βλασφημεῖς
1171 1364 1187 1379 ο
1205 1346 1358 1401 αὐτοὶ
1389 1349 1454 1401 ἐκ
1480 1347 1575 1401 τοῦ
1598 1348 1843 1402 ἐναντίου
1866 1349 2033 1419 βλασ-

450 1432 787 1503 φημοῦντες,
818 1432 887 1486 δι’
910 1428 983 1486 ὧν
1022 1434 1212 1504 ἤθελον
1256 1435 1501 1501 λιθάζειν
1530 1437 1622 1490 τὸν
1660 1437 1789 1492 ὄντα
1817 1438 2031 1508 ἀληθῶς

450 1523 611 1586 Θεὸν,
644 1524 967 1592 ἀγνοοῦντες
992 1527 1072 1580 ὅτι
1105 1528 1168 1580 οὐ
1198 1531 1380 1600 γυμνῇ
1412 1532 1477 1599 τῇ
1515 1529 1724 1599 θεότητι
1748 1530 1972 1600 ἔμελλεν
2001 1532 2031 1584 6

462 1611 676 1683 Ἰησοῦς
702 1613 1009 1683 ἐπιδημεῖν,
1037 1614 1172 1669 ἀλλὰ
1201 1616 1574 1686 σαρκούμενος
1621 1619 1684 1670 ἐκ
1717 1620 2031 1689 σπέρματος

447 1703 642 1767 Δαόὶδ,
674 1703 1028 1775 βλασφημίαν
1061 1702 1200 1760 εἶναι
1226 1707 1477 1774 λέγοντες
1503 1708 1602 1779 τὴν
1638 1698 1804 1780 ὀρθὴν
1822 1696 2030 1781 ’ὁμολοο

450 1795 602 1863 γίαν.
629 1796 936 1860 Φάσκοντος
964 1792 1078 1862 οῦν,
1110 1817 1129 1850 ι
1152 1798 1293 1867 Ἐγὼ
1318 1800 1411 1853 καὶ
1434 1801 1462 1850 6
1484 1800 1668 1871 Πατὴρ
1699 1801 1757 1853 ἐν
1787 1803 1973 1872 ἐσμεν,
2004 1822 2023 1851 ι

2135 622 2478 691 blasphemia.

2204 710 2393 766 Zelum
2429 710 2524 766 Dei
2557 711 2863 777 habentes,
2907 711 3007 766 sed
3048 725 3157 765 non
3188 710 3488 766 secundum
3525 710 3703 764 scien-

2134 801 2305 864 tiam,
2363 802 2801 873 indignabantur
2848 802 3140 857 audientes
3199 802 3472 856 dicentem
3541 800 3703 855 Chri-

2134 901 2275 947 stum
2312 912 2325 947 :
2366 912 2383 944 ι
2422 893 2532 963 Ego
2575 901 2630 948 et
2661 892 2825 948 Pater
2856 910 3032 949 unum
3075 908 3288 948 sumus.
3324 912 3343 944 ι
3388 891 3526 958 Quid
3558 892 3701 945 enim

2134 983 2350 1037 vetabat
2381 999 2504 1038 eum
2542 999 2665 1038 esse
2701 1000 2870 1038 unum
2912 999 3038 1038 cum
3072 983 3254 1050 Patre,
3300 984 3345 1038 si
3383 983 3545 1037 modo
3580 997 3703 1035 cre-

2132 1072 2399 1129 didissent
2459 1088 2582 1128 eum
2635 1090 2760 1130 esse
2819 1076 3123 1131 secundum
3176 1084 3433 1131 naturam
3492 1074 3706 1128 Deum?

2132 1162 2311 1228 Quare
2354 1171 2408 1218 et
2458 1163 2668 1231 lapides
2709 1163 2764 1217 in
2807 1180 2931 1218 eum
2959 1164 3146 1233 jacere
3197 1164 3618 1234 aggrediuntur,
3651 1170 3706 1215 et

2132 1253 2400 1307 rationem
2430 1253 2727 1308 reddentes
2752 1267 2852 1307 cur
2879 1253 2932 1308 id
2972 1252 3240 1314 facerent,
3273 1254 3450 1319 aiunt,
3482 1251 3598 1307 Non
3634 1253 3707 1305 ob

2131 1359 2196 1400 ea
2246 1360 2368 1413 qua:
2416 1344 2678 1414 praeclare
2726 1342 2905 1398 fecisti
2940 1344 3248 1413 lapidamus
3297 1352 3378 1406 te,
3432 1344 3529 1398 sed
3575 1344 3705 1412 quia

2131 1436 2478 1505 blasphemas
2517 1453 2530 1490 :
2576 1450 2700 1489 cum
2741 1435 2848 1504 ipsi
2901 1450 2930 1489 e
2964 1436 3247 1490 contrario
3296 1435 3701 1504 blasphement.

2132 1526 2199 1580 ad
2236 1526 2592 1596 Iapidandum
2627 1541 2777 1589 eum,
2812 1525 2905 1595 qui
2938 1540 3067 1580 vere
3100 1533 3186 1579 est
3230 1525 3394 1590 Deus,
3430 1524 3702 1591 accincti,

2131 1618 2382 1672 videlicet
2431 1618 2649 1688 ignari,
2686 1610 2812 1671 'non
2865 1617 2921 1672 in
2971 1617 3214 1687 simplici
3264 1617 3471 1672 deitate
3517 1615 3702 1672 Jesum

2130 1710 2495 1765 adventurum
2548 1725 2612 1764 ac
2663 1709 3165 1780 peregrinaturum,
3214 1709 3311 1764 sed
3362 1725 3426 1765 ex
3460 1709 3701 1764 .semine

2133 1802 2299 1856 David
2330 1802 2706 1866 inearuatum,
2738 1812 2793 1856 et
2824 1808 3031 1856 rectam
3074 1801 3476 1857 confessionem
3506 1801 3559 1854 iu
3592 1801 3706 1855 bla-

450 1886 531 1957 μὴ
557 1887 807 1952 νοοῦντες
826 1888 886 1942 δὲ
909 1889 991 1952 τίς
1019 1891 1048 1944 6
1071 1889 1244 1944 ταῦτα
1268 1891 1442 1959 λέγων
1468 1893 1638 1955 ἐστὶν,
1668 1893 1805 1946 ἀλλὰ
1829 1896 1910 1958 είς
1929 1895 2026 1965 τὴν

2131 1894 2436 1963 Sphemiam
2469 1894 2923 1962 interpretantes.
2971 1892 3107 1947 Cum
3143 1892 3312 1963 igitur
3359 1892 3530 1963 669
3562 1892 3707 1947 dieeo

449 1975 638 2047 σάρκα
679 1978 847 2048 μόνην
894 1978 1216 2048 βλέποντες,
1256 1981 1573 2035 καταλεύειν
1610 1982 1769 2035 αὑτὸν
1814 1985 2028 2054 ἐπεχείο

452 2086 604 2140 ρουν,
632 2070 982 2141 βλασφημίας
1004 2072 1307 2142 ἐγκλήματι
1332 2073 1767 2144 περιϐάλλοντες.
1797 2077 1894 2130 Διὰ
1919 2077 2026 2145 γὰρ

446 2161 549 2215 τοῦ
580 2162 777 2231 φάναι,
818 2182 838 2215 ι
881 2162 1022 2233 Ἐγὼ
1061 2164 1158 2217 καὶ
1186 2167 1214 2217 6
1242 2164 1434 2235 Πατὴρ
1479 2165 1538 2218 ἓν
1575 2166 1741 2236 ἐσμεν
1766 2205 1780 2229 ,
1816 2185 1834 2218 ι
1875 2166 2026 2234 φασὶ,

445 2251 586 2306 Θεὸν
615 2254 841 2306 σεαυτὸν
869 2253 1014 2307 κατὰ
1033 2254 1196 2322 φύσιν
1222 2258 1425 2317 ποιεῖς’
1476 2255 1636 2310 τοῦτο
1671 2257 1829 2326 μόνον
1852 2256 2029 2311 νοοῦν-

444 2358 543 2405 τες
571 2341 768 2411 ὀρθῶς.
789 2342 1086 2413 Κρείττους
1108 2340 1201 2397 οῦν
1230 2343 1341 2396 τῶν
1372 2343 1601 2397 ἀνοσίων
1642 2345 1931 2418 Ἀρειανῶν
1977 2347 2024 2398 οἱ

458 2434 726 2499 Ἰουδαῖοι,
767 2434 858 2488 τὸν
889 2435 1027 2498 ὅλως
1047 2437 1220 2489 εἰπεῖν
1263 2435 1615 2507 θαρσήσαντα
1638 2453 1652 2468 ο
1701 2457 1718 2488 ι
1762 2438 1903 2506 Ἐγὼ
1932 2439 2028 2493 καὶ

443 2526 475 2577 6
498 2524 695 2595 Πατὴρ
720 2526 779 2578 ’ἐν
818 2528 1006 2596 ἐσμεν,
1043 2545 1063 2578 δ
1101 2528 1292 2595 ὥσπερ
1320 2526 1377 2592 ἐξ
1404 2526 1701 2595 ἀναγκαίου
1734 2527 1892 2596 λόγου
1919 2529 2026 2583 λοι-

445 2616 555 2669 πὸν
580 2617 718 2686 πρὸς
749 2616 806 2670 τὸ
831 2617 933 2686 τῆς
958 2617 1211 2686 θεότητος
1241 2617 1550 2671 ἀναϐαίνειν
1587 2618 1806 2687 ἀξίωμα
1845 2619 2028 2673 διαϐε-

446 2705 788 2778 ϐαιούμενοι.
821 2706 949 2770 Πῶς
979 2707 1089 2778 γὰρ
1115 2706 1180 2761 ἂν
1213 2707 1271 2760 ἒν
1309 2707 1543 2778 ὑπάρχοι
1581 2708 1716 2778 πρὸς
1752 2710 1842 2762 τὸν
1869 2711 2029 2779 φύσει

444 2794 606 2859 Θεὸν,
637 2796 666 2847 ὁ
698 2793 772 2865 μὴ
800 2794 959 2848 τοῦτο
989 2796 1286 2867 ύπάρχων;
1339 2795 1557 2866 Ἐπειδὴ
1583 2797 1640 2849 δὲ
1662 2798 1721 2849 οὐ
1752 2795 2025 2866 ψεύδεται,

444 2885 596 2940 κατά
637 2885 800 2954 φύσιν
831 2886 942 2957 ἄρα
984 2886 1077 2939 καὶ
1112 2886 1274 2948 αὐτὸς
1308 2885 1569 2956 ὑπάρχων
1615 2885 1779 2951 Θεὸς,
1815 2888 1874 2940 ἐν
1913 2890 2030 2941 ἐστι

439 2978 591 3050 πρὸς
627 2977 719 3031 τὸν
744 2979 995 3049 Πατέρα⁸
1031 2980 1060 3032 6
1088 2978 1146 3031 δέ
1164 2978 1404 3042 τοιοῦτος
1434 2977 1553 3041 πῶς
1587 2977 1655 3032 ἂν
1685 2978 1769 3049 εἴη
1803 2980 2029 3050 γενητὸς

441 3068 480 3140 ἢ
512 3067 914 3138 πεποιημένοςς

443 3159 585 3215 dum
627 3168 878 3214 naturam
928 3160 1043 3229 ipse
1076 3157 1218 3214 Deus
1244 3160 1545 3222 exsistens,
1580 3174 1752 3215 unum
1815 3168 1900 3215 est
1929 3175 2054 3215 cum
2131 3162 2293 3221 Patre
2330 3185 2344 3221 :
2396 3167 2490 3236 qui
2533 3181 2664 3221 vero
2708 3164 2976 3237 ejusmodi
3032 3174 3140 3231 est,
3192 3165 3467 3236 quomodo
3524 3162 3703 3218 factus
3803 3167 3812 3175 ‘

438 3253 617 3310 fuerit
633 3253 659 3307 ἓ

528 3344 678 3415 Ἐγὼ
701 3340 843 3400 εἶπα
861 3359 877 3374 ·
922 3345 1058 3399 Θεοί
1084 3344 1247 3409 ἐστε,
1265 3344 1358 3399 καὶ
1385 3344 1454 3399 τὰ
1485 3344 1633 3415 ἑξῆς.

513 3436 636 3490 Νῦν
677 3435 916 3506 ἐλέγχων
938 3435 1064 3499 τοὺς
1101 3435 1409 3501 Ἰουδαίους,
1439 3437 1605 3489 ὅτιού
1633 3435 1721 3489 διὰ
1744 3436 1805 3489 τὸ
1834 3436 2029 3489 εἰπεῖν⁶

442 3548 469 3582 ι
503 3527 655 3596 Ἐγὼ
679 3527 774 3580 καὶ
795 3528 822 3580 6
848 3526 1037 3595 Πατὴρ
1065 3525 1123 3578 ἓν
1148 3528 1337 3596 ἐσμεν,
1384 3546 1401 3578 ι
1431 3526 1672 3591 ἐλίθαζον
1694 3526 1874 3591 αὑτὸν,
1897 3525 2032 3580 ἀλλὰ

441 3621 653 3690 μάτην,
689 3617 872 3688 φησιν·
903 3617 987 3682 Et,
1020 3617 1248 3689 ἐπείπερ
1283 3611 1436 3670 εἷπον
1458 3618 1691 3688 ἐμαυτὸν
1711 3618 1862 3684 Θεὸν,
1889 3617 2032 3671 δοκῶ

438 3710 818 3781 βλασφημεῖν,
849 3708 991 3762 διατί
1021 3708 1115 3760 τοῦ
1149 3709 1366 3778 Πατρὸς
1391 3709 1678 3779 εἰρηκότος
1710 3708 1800 3762 διὰ
1820 3707 1913 3762 τοῦ
1946 3709 2033 3761 νό-

439 3819 550 3872 μου
582 3800 719 3870 πρὸς
754 3802 880 3863 τοὺς
910 3799 1251 3869 ἀνθρώπους,
1305 3800 1428 3852 Θεοί
1460 3803 1604 3866 ἐστε,
1635 3801 1735 3853 οὐκ
1781 3800 2031 3871 ἐκρίνατε

432 3890 605 3945 τοῦτο
644 3887 784 3944 εἶναι
812 3891 1195 3961 βλασφημίαν;
1228 3892 1398 3944 Τοῦτο
1419 3892 1474 3945 δέ
1494 3909 1683 3963 φησιν,
1716 3892 1835 3961 οὐχὶ
1863 3910 2031 3961 προσ-

433 3981 781 4052 καλούμενος
808 3983 1004 4045 αύτοὺς
1039 3985 1214 4037 εἰπεῖν
1244 4000 1295 4036 τι
1325 3983 1466 4037 κατὰ
1504 3983 1599 4036 τοῦ
1634 3984 1846 4054 Πατρός
1868 4000 1880 4014 ·
1915 3983 2030 4037 ἀλλ’

434 4075 687 4144 ἐλέγχων
714 4075 796 4126 ὅτι
815 4074 907 4127 τὸν
931 4074 1094 4144 νόμον
1114 4075 1369 4143 ἀγνοοῦσι
1392 4074 1487 4126 καὶ
1516 4073 1614 4137 τὰς
1641 4074 2031 4138 θεοπνεύστους

433 4165 693 4235 Γραφάς.
739 4165 960 4235 Ἐπειδὴ
997 4166 1054 4218 δὲ
1102 4166 1213 4219 τῶν
1265 4165 1569 4236 εἰρημένων
1614 4165 1752 4219 θεῶν
1792 4166 1886 4219 καὶ
1937 4165 2029 4219 τοῦ

435 4251 611 4320 φύσει
643 4252 802 4319 Θεοῦ,
834 4253 970 4306 πολὺ
1000 4253 1062 4307 τὸ
1087 4255 1286 4324 μέσον,
1316 4254 1383 4307 δι’
1412 4247 1486 4307 ὧν
1519 4254 1668 4323 λέγει
1699 4254 1940 4308 διδάσκει
1971 4255 2031 4307 τὸ

433 4342 701 4412 διάφορον
725 4360 740 4373 °
798 4344 847 4396 εἰ
874 4342 983 4415 γὰρ
1031 4345 1082 4397 οί
1114 4344 1392 4417 ἄνθρωποι
1448 4346 1580 4416 πρὸς
1618 4344 1711 4409 οὒς
1749 4347 1974 4413 γέγονεν
2001 4347 2030 4398 6

434 4433 536 4487 τοῦ
560 4432 701 4486 Θεοῦ
738 4433 917 4503 λόγος,
958 4435 1072 4492 θεοὶ
1101 4436 1415 4506 κέκληνται,
1447 4437 1542 4489 καὶ
1568 4436 2030 4508 ἐλαμπρύνθησαν

432 4528 509 4597 τῇ
531 4525 639 4594 τῆς
668 4526 923 4596 θεότητος
943 4529 1099 4596 τιμῇ,
1133 4527 1226 4580 τὸν
1258 4525 1353 4580 τοῦ
1388 4526 1523 4580 Θεοῦ
1545 4527 1701 4595 λόγον
1732 4527 2029 4581 εἰσοικισά-

437 4634 600 4688 μενοι
628 4617 725 4670 καὶ
746 4617 1142 4688 είσδεδεγμὲνοι
1165 4617 1308 4672 κατὰ
1350 4618 1550 4689 ψυχὴν,
1580 4617 1695 4681 πῶς
1728 4618 1827 4671 οὐκ
1853 4617 1919 4671 ἂν
1942 4617 2026 4690 εἴη

2130 1992 2215 2039 ret
2243 2003 2256 2036 :
2289 2003 2308 2034 σ
2345 1985 2454 2054 Ego
2485 1993 2538 2040 et
2569 1982 2731 2038 Pater
2761 1999 2928 2038 unum
2963 2000 3177 2048 sumus,
3213 2002 3230 2035 ι
3284 1998 3394 2037 non
3433 1997 3706 2053 cognove-

2131 2082 2261 2129 runt
2290 2075 2416 2143 quis
2444 2085 2591 2130 esset
2619 2074 2713 2144 qui
2758 2075 2861 2128 hoc
2892 2074 3123 2137 diceret,
3154 2073 3247 2128 sed
3282 2073 3339 2126 in
3358 2087 3580 2127 carnem
3610 2087 3705 2126 so-

2131 2163 2240 2217 lam
2272 2164 2640 2225 intendentes.
2683 2167 2919 2220 obruere
2953 2165 3232 2234 lapidibus
3260 2179 3385 2219 eum
3424 2165 3700 2229 volebant,

2132 2257 2493 2326 blasphemia:
2539 2258 2749 2312 crimen
2781 2256 3122 2326 alliugentes.
3160 2256 3316 2322 Quod
3357 2256 3501 2310 enim
3547 2255 3706 2309 dixe-

2133 2354 2219 2402 rat
2253 2365 2268 2401 :
2310 2366 2328 2399 ι
2368 2346 2484 2417 Ego
2512 2355 2567 2402 et
2599 2346 2766 2402 Pater
2796 2364 2964 2402 unum
2998 2363 3215 2409 sumus,
3265 2366 3284 2400 ι
3312 2348 3503 2412 aiunt,
3542 2345 3704 2414 Tcip-

2132 2452 2255 2493 sum
2286 2436 2453 2493 Deum
2490 2438 2791 2494 secundum
2839 2446 3094 2492 naturam
3130 2437 3285 2501 facis,
3336 2437 3442 2491 hoc
3482 2436 3703 2505 quidem

2132 2529 2309 2584 solum
2342 2536 2492 2584 recte
2535 2529 2941 2584 existimantes.
2996 2527 3187 2598 Itaque
3243 2528 3425 2599 impiis
3483 2527 3705 2581 Arianis
3764 2550 3767 2555 -

2134 2621 2390 2675 meliores
2419 2628 2549 2676 sunt
2578 2619 2787 2686 Judaei,
2821 2635 2947 2675 eum
2988 2623 3082 2691 qui
3114 2621 3342 2675 omnino
3392 2620 3575 2675 dicere
3608 2632 3707 2672 au-

2133 2727 2230 2793 sus
2282 2710 2484 2775 fuerat,
2535 2729 2553 2762 ι
2601 2711 2719 2782 Ego
2766 2719 2821 2766 et
2851 2710 3019 2767 Pater
3054 2727 3220 2793 unum
3264 2726 3479 2775 sumus,
3522 2729 3541 2761 ›
3582 2717 3705 2762 tan-
3808 2782 3811 2785 Ἴ

2134 2790 2299 2871 quam
2342 2816 2406 2855 ex
2442 2800 2753 2855 necessaria
2793 2799 3007 2853 ratione
3055 2790 3315 2868 deinceps
3367 2800 3431 2850 ad
3480 2796 3703 2851 deitatis

2136 2893 2355 2946 culmen
2419 2891 2724 2947 ascendere
2783 2891 3140 2945 aﬂirmantes.
3213 2888 3501 2954 Quomodo
3553 2888 3704 2943 enim

2135 2995 2305 3034 unum
2337 2995 2461 3033 cum
2515 2989 2713 3035 natura
2758 2980 2867 3035 Deo
2905 2986 3072 3043 esset,
3108 2979 3201 3049 qui
3250 2995 3359 3033 non
3392 2980 3495 3033 hoc
3519 2979 3703 3048 ipsum

2130 3070 2394 3126 haberet?
2429 3071 2570 3138 Quia
2612 3087 2742 3127 vero
2787 3087 2908 3148 non.
2942 3073 3229 3135 mentitur,
3274 3072 3462 3140 utique
3506 3083 3704 3124 secun-

2051 3349 2094 3407 C
2202 3345 2243 3400 Χ
2265 3384 2279 3409 ,
2311 3345 2399 3400 54.
2436 3343 2549 3413 Ego
2584 3345 2738 3398 dixi:
2772 3343 2859 3398 Dii
2893 3345 3017 3399 estis
3037 3385 3052 3411 ,
3075 3350 3129 3399 et
3160 3345 3388 3414 reliqua.

2204 3435 2362 3489 Nune
2417 3436 2761 3505 rcdarguens
2813 3434 3067 3500 Iudaeos,
3111 3435 3205 3506 qui
3247 3450 3356 3489 non
3414 3442 3702 3505 propterea

2132 3526 2279 3595 quod
2313 3528 2548 3584 dixisset
2573 3529 2633 3597 εξ(
2665 3527 2773 3597 Ego
2795 3536 2851 3582 et
2872 3526 3035 3582 Pater
3059 3543 3229 3582 unum
3257 3543 3486 3590 sumus,
3518 3546 3536 3579 ι
3569 3528 3705 3597 lapi-

2132 3616 2339 3670 dabant
2390 3632 2538 3679 eum,
2591 3615 2688 3670 sed
2733 3616 2964 3682 frustra,
3024 3616 3225 3686 inquit.
3272 3615 3330 3669 Si
3370 3616 3516 3671 enim
3556 3629 3700 3685 quo-

2132 3706 2281 3761 niam
2319 3707 2430 3762 dixi
2473 3708 2741 3777 meipsum
2780 3707 2952 3763 Deum
2981 3747 2996 3773 ,
3038 3707 3230 3762 videor
3285 3707 3700 3776 blasphemare,

2132 3813 2232 3853 cur
2264 3812 2400 3852 tcum
2440 3796 2604 3852 Pater
2633 3799 2834 3853 dixerit
2868 3814 2965 3869 per
2993 3799 3162 3868 legero
3196 3798 3263 3852 ad
3290 3798 3545 3852 homines
3568 3837 3584 3862 ,
3617 3795 3700 3850 dii

2131 3888 2266 3944 estis
2287 3927 2301 3950 ,
2342 3904 2449 3941 non
2484 3888 2879 3958 blasphemiam
2909 3904 3034 3943 esse
3059 3887 3402 3956 iudicastis?
3429 3886 3544 3940 Hoc
3570 3899 3702 3939 vero

2130 3979 2270 4033 dicit
2317 3994 2426 4032 non
2470 3993 2601 4043 eos,
2652 3987 2714 4031 ut
2758 3977 2967 4048 aliquid
3000 3984 3195 4030 contra
3226 3974 3444 4030 Patrem
3479 3975 3699 4041 dicant,

2132 4070 2406 4133 incitans,
2442 4069 2535 4124 sed
2565 4078 2829 4139 tanquam
2862 4067 2998 4138 legis
3028 4076 3083 4122 ct
3119 4082 3404 4123 sacrarum
3448 4064 3703 4135 Scriptu-

2129 4172 2316 4211 rarum
2367 4159 2588 4227 ignaros
2636 4149 2999 4212 convincens.
3056 4155 3519 4225 Quandoquidem
3568 4171 3703 4211 vero

2131 4248 2277 4302 inter
2306 4248 2488 4303 dictos
2519 4249 2653 4302 deos
2681 4254 2735 4302 et
2762 4246 2932 4302 Deum
2968 4255 3169 4300 natura
3202 4261 3464 4315 magnum
3496 4245 3704 4300 discri-

2132 4356 2254 4394 men
2282 4348 2389 4406 est,
2413 4339 2798 4404 differentiam,
2825 4354 2923 4408 per
2947 4338 3063 4392 haec
3083 4353 3207 4407 quae
3233 4337 3402 4402 dicit,
3423 4335 3700 4393 ostendit:

2131 4430 2177 4485 si
2212 4431 2357 4483 enim
2394 4430 2647 4485 homines
2681 4430 2749 4484 ad
2780 4444 2922 4496 quos
2960 4444 3144 4484 sermo
3188 4428 3279 4483 Dei
3324 4428 3545 4484 habitus
3572 4437 3658 4483 est
3684 4468 3702 4493 ,

2129 4521 2202 4574 dii
2236 4521 2414 4574 vocati
2456 4527 2626 4585 sunt,
2666 4527 2723 4574 et
2763 4518 2994 4573 deitalis
3035 4519 3246 4572 honore
3282 4518 3564 4583 dccorati,
3605 4516 3702 4571 Dei

2130 4614 2297 4666 verbo
2333 4613 2475 4666 intra
2517 4611 2761 4665 animam
2788 4618 3069 4679 recepto,
3113 4608 3392 4677 quomodo
3436 4624 3546 4663 non
3599 4608 3706 4664 erit

434 4683 783 4777 ξρύσειΘεὸς,
812 4708 842 4759 6
879 4705 945 4759 δι’
965 4683 1036 4761 ’δν
1090 4709 1286 4760 ἐκεῖνοι
1540 4707 1674 4769 Θεὸς
1734 4708 1842 4778 γάρ
1890 4703 1959 4778 ἦν

2133 4713 2326 4758 natura
2356 4704 2499 4758 Deus
2530 4703 2576 4758 is
2611 4718 2707 4771 per
2730 4716 2892 4770 quem
2928 4700 3008 4753 illi
3035 4699 3153 4753 dii?
3180 4718 3198 4750 ι
3232 4700 3376 4765 Deus
3404 4702 3552 4754 enim
3585 4707 3705 4753 erat

430 4798 637 4866 Λόγος,
673 4796 817 4851 κατὰ
831 4797 928 4868 τὴν
979 4798 1226 4852 Ἰωάννου
1260 4799 1449 4868 φωνήν
1473 4814 1487 4829 ο
1524 4800 1553 4850 6
1586 4800 1681 4852 καὶ
1710 4801 1822 4858 τοῖς
1846 4798 2023 4862 ἄλλοις

430 4887 602 4941 τοῦτο
649 4887 991 4958 προξενήσας
1036 4889 1099 4942 τὸ
1140 4889 1415 4960 λαμπρόν.
1449 4889 1518 4950 Εἰ
1562 4888 1673 4960 γὰρ
1705 4892 1733 4944 6
1762 4890 1854 4944 τοῦ
1886 4890 2021 4943 Θεοῦ

429 4979 617 5048 Λόγος
641 4978 730 5032 διὰ
744 4980 840 5033 τοῦ
860 4978 1018 5047 ἁγίου
1045 4980 1185 5033 Πνεύ
1194 4998 1365 5051 ματος
1385 4981 1574 5048 ἀνάγει
1597 4981 1732 5053 πρὸς
1759 4982 1859 5053 τὴν
1884 4976 2022 5054 ὑπὲρ

431 5068 731 5140 ἄνθρωπον
762 5070 944 5141 χάριν,
974 5070 1067 5124 καὶ
1105 5074 1444 5140 κατακοσμεί
1477 5071 1630 5143 θεῖκῇ
1658 5075 1788 5144 τιμῇ
1810 5073 1935 5136 τοὺς
1968 5077 2025 5128 ἐν

371 5143 383 5152 ’
429 5155 522 5224 οἷς
555 5160 627 5213 ἂν
653 5161 885 5228 γένοιτο,
919 5162 1100 5227 διὰτί,
1121 5164 1279 5234 φησὶ,
1319 5163 1530 5232 λέγετε,
1563 5166 1646 5218 ὅτι
1697 5143 2020 5235 βλασφημῶ,

428 5252 618 5319 λέγων
640 5253 877 5322 ἐμαυτὸν
907 5252 1035 5305 Υίὸν
1062 5253 1198 5307 Θεοῦ
1254 5254 1349 5307 καὶ
1386 5254 1552 5321 Θεόν;
1589 5255 1805 5327 Καίπερ
1850 5255 1918 5308 δι’
1947 5250 2023 5309 ὦν

426 5342 820 5412 ὲνεχειρίσθην
878 5347 1010 5417 παρ’
1061 5344 1228 5397 αὑτοῦ
1279 5347 1725 5417 μαρτυρούμενος
1770 5349 1850 5400 ὅτι
1888 5347 2022 5412 Θεός

424 5435 555 5503 εἰμι
579 5432 762 5501 φύσει.
810 5434 1074 5503 ’Δγιάσας
1108 5435 1216 5507 γάρ
1249 5452 1317 5506 με
1354 5438 1671 5491 ἀπέστειλεν
1696 5442 1775 5501 εις
1818 5439 1909 5492 τὸν
1932 5444 2023 5493 κό-

425 5541 580 5595 σμον
609 5524 840 5593 Σωτῆρα
867 5524 961 5579 τοῦ
995 5525 1237 5597 κόσμου’
1294 5527 1432 5598 ὅπερ
1485 5528 1648 5598 μόνου
1696 5530 1814 5583 ἐστὶ
1859 5530 2019 5599 φύσει

418 5612 594 5680 Θεοῦ,
630 5612 693 5666 τὸ
721 5612 982 5670 δύνασθαι
1002 5600 1232 5680 διασῶζε
1243 5634 1289 5671 ιν
1317 5618 1381 5672 ἐκ
1401 5618 1494 5672 τοῦ
1524 5619 1770 5674 διαϐόλου
1805 5622 1897 5676 καὶ
1922 5603 2023 5691 τῆς

500 5794 546 5825 ’⁵
583 5790 745 5847 Joau.
778 5809 817 5855 t,
854 5795 906 5855 I.

2132 4798 2403 4859 Verbum,
2433 4796 2636 4865 ijuxta
2685 4792 2954 4848 Joannem
3008 4792 3076 4858 ”,
3115 4793 3210 4862 qui
3260 4800 3314 4847 et
3363 4793 3489 4848 aliis
3535 4792 3703 4861 hujus

2128 4888 2439 4958 splendoris
2463 4885 2793 4941 conciliator
2817 4898 2885 4939 ac
2921 4884 3176 4955 pararius
3212 4882 3335 4938 fuit.
3362 4882 3419 4938 Si
3441 4884 3586 4938 enim
3611 4882 3705 4939 Dei

2131 4981 2375 5036 Verbum
2404 4995 2504 5049 per
2531 4978 2805 5049 Spiritum,
2831 4985 3082 5031 sanctum
3108 4976 3174 5029 ad
3201 4977 3435 5047 gratiam
3464 4976 3705 5033 hominis

2129 5050 2446 5125 conditione
2486 5066 2748 5136 majorem
2781 5066 3001 5129 evehit,
3036 5073 3091 5119 et
3132 5065 3341 5118 honore
3374 5063 3561 5118 divino
3605 5080 3703 5120 eos

2129 5162 2503 5233 quibusinest
2575 5159 2862 5213 illustrat:
2909 5171 3215 5227 quorsum,
3264 5156 3476 5226 inquit,
3519 5156 3703 5211 dicitis

2129 5270 2217 5308 me
2271 5251 2683 5321 blasphemare,
2743 5263 2871 5304 cum
2925 5249 3052 5303 dico
3108 5263 3192 5302 me
3241 5247 3441 5301 Filiu‘m
3504 5246 3595 5300 Dei
3648 5254 3704 5301 et

2130 5344 2339 5409 Deum,
2383 5342 2636 5413 quamvis
2665 5356 2729 5395 ex
2761 5341 2834 5396 iis
2865 5355 2989 5410 quae
3021 5340 3152 5394 mihi
3188 5340 3258 5395 ab
3290 5353 3358 5394 eo
3399 5337 3702 5393 commissa

2129 5443 2259 5491 sunt
2291 5433 2427 5490 satis
2453 5432 2749 5488 testimonii
2768 5432 2983 5486 dederit
3009 5446 3097 5486 me
3119 5446 3243 5486 esse
3261 5441 3458 5483 natura
3485 5427 3701 5484 Deum?

2128 5526 2232 5583 Ubi
2261 5527 2405 5582 enim
2438 5540 2523 5581 me
2557 5523 2926 5581 sanetilicavit
2947 5561 2963 5587 ,
2997 5522 3147 5577 misit
3180 5522 3236 5574 in
3268 5518 3536 5575 mundum
3566 5519 3699 5574 Ser-

2129 5627 2374 5675 vatorcm
2403 5616 2628 5683 mundi,
2651 5614 2799 5688 quod
2830 5617 2994 5670 unius
3022 5604 3106 5669 est
3130 5620 3328 5668 natura
3362 5610 3457 5669 Dei
3480 5651 3496 5680 ,
3534 5625 3700 5683 posse
