4104 6438
477 376 544 431 27
1499 389 1557 446 S.
1588 389 1866 447 CYRILLI
1903 392 2381 449 ALEXANDBINI
2405 392 2725 450 ARCHIEP.

3653 405 3731 458 ΞΒ

475 487 728 543 homines
757 503 786 542 a
818 488 1038 546 diabolo
1065 502 1118 547 et
1149 506 1370 562 peccato
1398 508 1451 554 ct
1484 501 1708 556 interitu
1739 503 2024 558 vindicare

2155 506 2431 575 ἁμαρτίας
2463 506 2558 559 καὶ
2592 506 2692 576 τῆς
2749 505 2956 576 φθορᾶς
3005 508 3131 570 τοὺς
3180 507 3519 580 ἀνθρώπους.
3587 514 3723 569 ’Δλλτ

475 578 583 633 Sed
625 577 859 635 forsitan
893 599 1017 637 cum
1050 583 1237 641 divina
1284 589 1570 660 Scriptura
1618 594 1768 647 dicat
1809 609 1838 647 a
1886 593 2050 650 Patre

472 668 671 726 Filium
705 687 833 727 esse
877 674 1152 744 missum,
1198 681 1384 734 statim
1427 682 1723 738 haereticus
1749 684 2045 740 dictionem

471 759 527 813 in
558 762 646 814 sui
677 762 886 818 erroris
918 766 1177 831 pabulum
1204 771 1433 840 arripit,
1462 779 1515 825 et
1544 774 1766 828 omnino
1796 775 2049 831 dicturus

471 858 557 905 est
583 893 597 917 ,
624 867 725 907 vos
756 856 847 924 qui
890 855 1090 915 Filium
1124 859 1287 916 Patre
1335 863 1602 918 minorem
1652 866 1837 922 dicere
1882 883 2048 924 recu-

473 942 651 1009 satis,
687 948 964 1016 quomodo
996 965 1107 1004 non
1161 952 1355 1008 videtis
1401 954 1471 1008 ab
1522 971 1592 1010 eo
1640 957 1871 1014 missum
1918 967 2042 1015 tan.

470 1048 635 1118 quam
682 1037 752 1090 ab
803 1039 989 1109 aliquo
1025 1041 1232 1110 majore
1263 1045 1432 1115 670
1464 1062 1529 1101 ac
1564 1052 2051 1118 supereminente?

468 1114 610 1180 Quid
660 1132 794 1189 ergo
835 1121 1118 1188 dicemus,
1157 1114 1467 1198 nisi’quod
1509 1114 1798 1191 missionis
1845 1152 2044 1194 nomen

467 1205 633 1259 modo
666 1216 720 1263 et
752 1212 1053 1266 conditioni
1102 1215 1395 1273 inanitatis
1436 1225 1674 1276 maxime
1708 1230 2002 1283 conveniat
2024 1231 2049 1283 ?

464 1295 638 1353 Audis
671 1301 813 1353 enim
847 1311 901 1355 ut
937 1303 1149 1360 Paulus
1195 1309 1303 1362 ista
1351 1311 1460 1366 duo
1492 1314 1836 1386 coniungens
1864 1321 2042 1385 dicat,

465 1398 594 1442 tunc
626 1391 857 1447 missum
891 1410 918 1447 a
949 1394 1108 1450 Patre
1144 1398 1345 1453 Filium
1367 1443 1379 1466 ,
1408 1405 1631 1472 quando
1661 1406 1841 1464 factus
1866 1419 1951 1465 est
1979 1428 2042 1467 ex

464 1484 728 1549 muliere,
762 1497 815 1540 et
847 1488 953 1542 sub
985 1490 1156 1559 legem
1188 1491 1478 1547 nobiscum
1519 1499 1668 1550 venit
1704 1500 1767 1565 “‘,
1804 1501 1932 1556 licet
1966 1504 2045 1557 le-

463 1576 700 1643 gislator
742 1578 1021 1635 i-xsistens
1064 1589 1120 1635 et
1153 1581 1420 1640 Dominus
1466 1586 1530 1640 “.
1578 1587 1635 1641 Si
1675 1605 1808 1645 vero
1843 1594 2045 1649 intelli-

460 1679 624 1737 gatur
651 1679 815 1724 natus
843 1671 896 1723 in
939 1672 1082 1726 servi
1135 1673 1312 1727 forma
1359 1674 1561 1740 Filius,
1591 1679 1790 1735 deinde
1829 1685 2044 1739 dicatur

459 1758 669 1814 missus
710 1774 738 1813 a
780 1763 979 1826 Patre,
1032 1764 1245 1818 nullum
1293 1768 1522 1823 omnino
1557 1770 1684 1826 inde
1711 1775 1913 1844 accipit
1948 1777 2042 1832 de-

458 1848 782 1905 trimentum

459 1939 632 2008 gloria
666 1956 786 2011 par,
821 1944 1083 2015 nullaque
1118 1963 1179 2001 re
1213 1964 1443 2018 prorsus
1480 1952 1829 2012 imminutus.
1864 1958 2040 2016 Voces

457 2029 730 2099 siquidem
775 2041 980 2089 nostra:
1011 2036 1059 2090 si
1088 2030 1303 2093 de‘Deo
1341 2043 1731 2109 enuntientur,
1759 2060 1869 2099 non
1902 2048 2039 2101 adeo

456 2129 775 2175 accuratum
805 2137 1034 2178 exalneu
1065 2127 1401 2193 admittunt,
1433 2145 1536 2186 nec
1561 2149 1654 2189 eas
1680 2136 1935 2203 accipere
1963 2143 2035 2191 ita

453 2218 673 2278 oportet
711 2220 771 2266 ut
800 2228 866 2267 ex
897 2225 1083 2269 uestra
1120 2219 1523 2277 consuetudine
1554 2233 1802 2289 sonant,
1836 2228 1932 2282 sed
1976 2236 2036 2282 ut

452 2301 655 2373 divina:
705 2318 1088 2378 supremaque
1129 2319 1344 2367 naturae
1368 2317 1653 2371 convenit.
1678 2319 1821 2385 Quid
1851 2322 1994 2375 enim
2017 2361 2032 2385 ,

452 2393 497 2446 si
528 2393 770 2449 hominis
803 2397 987 2467 lingua
1013 2415 1123 2455 non
1152 2402 1316 2458 habet
1342 2420 1506 2462 voces
1529 2409 1595 2462 ad
1621 2413 2032 2468 enarrationem

449 2483 651 2539 divinae
670 2486 855 2556 gloria:
869 2489 1122 2547 idoneas?
1141 2492 1326 2559 Quare
1343 2498 1644 2553 absurdum
1669 2511 1777 2570 est,
1806 2514 2032 2574 propter

450 2575 709 2632 humanae
743 2579 942 2649 linguae
973 2583 1347 2641 inﬁrmitatem
1376 2597 1430 2643 et
1463 2590 1726 2648 dictionis
1761 2595 2030 2665 jejunita-

455 2674 566 2719 tem
628 2682 693 2723 ac
746 2672 1024 2741 inopiam,
1085 2691 1359 2747 suprema:
1434 2683 1788 2751 cmlestisque
1841 2688 2032 2758 gloriae

443 2761 796 2815 eminentiam
848 2766 988 2821 laedi.
1034 2768 1351 2826 Memineris
1392 2774 1708 2834 Salomonis
1748 2780 2026 2839 dicentis:

2153 596 2282 660 ἴσως
2301 598 2431 651 ὅταν
2461 600 2495 668 ἡ
2523 598 2642 650 θεία
2675 597 2865 669 Γραφὴ
2914 598 3069 669 λέγῃ,
3098 599 3247 671 παρὰ
3270 601 3365 655 τοῦ
3384 603 3597 675 Πατρὸς
3618 606 3726 660 ἀπ,-

2149 688 2405 741 εστάλθαι
2438 688 2531 741 τὸν
2573 688 2721 754 Υἱὸν,
2751 686 2913 752 εὐθὺς
2945 691 2974 743 ὁ
2995 691 3270 760 αίρετικὸς
3299 694 3506 765 τροφὴν
3541 697 3607 766 τῇ
3646 695 3724 750 οε-

2149 781 2272 854 κείᾳ
2305 781 2481 854 πλάνῃ
2527 784 2761 835 ποιεῖται
2787 781 2885 852 τὴν
2909 780 3071 845 λέξιν.
3110 783 3227 852 ἐρεῖ
3265 782 3323 836 δέ
3364 801 3468 838 που
3506 785 3722 851 πάντως

2147 850 2229 925 ῦτι
2247 850 2413 943 *ὑμεῖς
2503 850 2927 946 παραιτούμενοι
2960 850 3153 940 λέγειν
3183 873 3276 927 τὸν
3306 873 3435 927 Υίδν
3465 850 3721 929 ἐλάττονα

2148 963 2240 1016 τοῦ
2276 965 2510 1034 Πατρὸς,
2544 963 2660 1026 πῶς
2685 965 2783 1033 οὐχ
2814 962 2992 1034 ὁρᾶτέ
3006 965 3136 1034 παρ’
3169 964 3335 1019 αὑτοῦ
3369 967 3728 1039 πεμπόμενον

2146 1055 2223 1118 ὡς
2253 1054 2406 1126 παρὰ
2438 1054 2682 1124 μείζονάς
2727 1071 2872 1118 τινος
2907 1056 3003 1109 καὶ
3043 1057 3472 1128 ὑπερκειμένου;
3518 1058 3583 1111 Τί
3626 1056 3731 1112 οῦνε

2146 1145 2474 1216 ἐροῦμενςῆ
2522 1147 2604 1199 ὅτι
2659 1145 2721 1198 τὸ
2767 1145 2867 1216 τῆς
2899 1144 3204 1216 ἀποστολῆς
3248 1148 3441 1218 ὄνομα,
3489 1149 3721 1219 μάλιστα

2149 1238 2250 1308 μὲν
2289 1237 2492 1308 πρέπει
2540 1239 2654 1300 τοῖς
2693 1237 2793 1307 τῆς
2848 1236 3130 1302 κενώσεως
3176 1239 3428 1309 μέτροις;
3478 1242 3720 1307 Ἀκούεις

2146 1328 2254 1398 γάρ
2283 1330 2366 1381 ὅτι
2407 1330 2692 1382 συνάπτων
2727 1328 2755 1379 ὁ
2791 1326 3007 1390 Παῦλος
3044 1328 3349 1400 ἀμφότερα,
3402 1330 3523 1383 τότε
3556 1333 3719 1400 φησὶν

2147 1419 2485 1473 ἀπεστάλθαι
2513 1419 2661 1489 παρὰ
2689 1416 2782 1471 τοῦ
2811 1418 3022 1490 Πατρὸς
3050 1419 3142 1472 τὸν
3175 1421 3304 1474 Υίὸν
3322 1463 3337 1488 ,
3374 1423 3464 1476 ὅτε
3503 1425 3598 1476 καὶ
3626 1422 3719 1490 γέ-

2146 1526 2303 1579 γονεν
2328 1510 2393 1561 ὲκ
2420 1509 2681 1577 γυναικὸς
2709 1510 2805 1561 καὶ
2842 1508 2948 1561 ὑπὸ
2975 1508 3138 1579 νόμον
3180 1511 3256 1574 ὡς
3285 1511 3568 1582 ἅνθρωπος
3599 1513 3727 1583 μεθ’

2144 1600 2320 1670 ἡμῶν,
2352 1601 2530 1652 καίτοι
2554 1598 2855 1670 νομοθέτης
2881 1598 2959 1651 ὢν
2993 1599 3087 1653 καὶ
3118 1600 3345 1672 Κύριος.
3369 1602 3433 1654 El
3468 1602 3526 1657 δὲ
3549 1607 3717 1659 νοοῖτο

2143 1690 2383 1761 γεγονὼς
2415 1693 2472 1745 ὲν
2500 1695 2567 1762 τῇ
2604 1691 2791 1745 δούλου
2816 1694 2996 1763 μορφῇ
3020 1695 3049 1746 ό
3069 1693 3213 1757 Υἱὸς,
3246 1689 3364 1748 εἶτα
3389 1696 3714 1749 ἀποστέλλε-

2147 1781 2271 1835 σθαι
2312 1782 2523 1850 λέγοιτο
2549 1781 2696 1853 παρὰ
2722 1781 2816 1834 τοῦ
2841 1782 3073 1852 Πατρὸς,
3099 1783 3252 1837 οὐδὲν
3292 1784 3429 1850 ὅλως
3456 1787 3714 1857 ὑπομένει

823 1892 838 1915 ,
900 1854 1265 1913 nihilominus
1323 1859 1373 1914 ei
1425 1863 1927 1923 consubstantialis
1985 1879 2026 1924 el

2139 1874 2199 1925 τὸ
2227 1872 2442 1943 βλάϐος,
2469 1874 2551 1937 είς
2592 1873 2652 1926 τὸ
2675 1868 2813 1926 εἶναι
2838 1874 2934 1927 καὶ
2956 1873 3241 1945 ὀμοούσιος
3266 1876 3415 1948 αὐτῷ
3465 1854 3576 1932 καὶ-
3606 1880 3716 1932 ico-

2139 1965 2302 2033 κλεὴς
2339 1965 2433 2017 καὶ
2459 1965 2578 2017 κατ’
2607 1964 2757 2017 οὐδὲν
2797 1964 2934 2027 ὅλως
2978 1965 3475 2038 μειονεκτούμενος.
3511 1970 3577 2021 Ai
3604 1968 3714 2037 γάρ

2135 2071 2219 2107 τοι
2245 2054 2418 2118 λέξεις
2441 2056 2497 2108 αἱ
2531 2054 2661 2125 παρ’
2697 2054 2854 2125 ἡμῶν
2880 2057 2929 2109 εί
2975 2073 3042 2109 πε
3053 2056 3105 2125 pl.
3129 2056 3265 2111 Θεοῦ
3296 2058 3710 2129 προσφέροιντο,

2137 2132 2234 2219 τὴν
2259 2148 2328 2200 άκ
2338 2145 2460 2217 ρισῆ
2490 2161 2564 2198 πα
2574 2146 2885 2217 ραιτοῦνται
2908 2145 3143 2217 βάσανον
3163 2164 3177 2178 ο
3213 2148 3318 2219 χρὴ
3339 2149 3401 2202 δὲ
3421 2148 3591 2213 αὐτὰς
3613 2148 3725 2219 οὐχ·

2137 2239 2277 2292 οὕτω
2309 2241 2448 2291 νοεῖν
2495 2236 2636 2291 κατὰ
2672 2238 2770 2308 τὴν
2803 2239 2859 2291 ὲν
2905 2240 3039 2308 ἡμῖν
3070 2240 3357 2311 συνήθειαν
3398 2240 3558 2310 λέγω,
3595 2241 3715 2297 ἀλλ’

2134 2330 2209 2393 ὡς
2245 2330 2310 2383 ἂν
2341 2330 2478 2400 αὐτῇ
2524 2329 2721 2397 πρέποι
2748 2331 2813 2401 τῇ
2841 2329 2961 2400 θείᾳ
3005 2331 3096 2383 καὶ
3130 2333 3407 2404 ὑπερτάτη
3439 2333 3620 2401 φύσει.
3646 2334 3719 2387 Τί

2134 2423 2261 2494 γὰρ,
2282 2424 2331 2475 εί
2354 2422 2429 2491 μὴ
2459 2421 2571 2491 ἔχει
2590 2420 2773 2490 φωνὰς
2802 2422 2837 2491 ὴ
2861 2421 3149 2494 ἀνθρώπου
3176 2421 3389 2490 γλῶττα
3406 2424 3710 2495 δυναμένας

2133 2514 2363 2585 ἀρκέσαι
2396 2515 2460 2583 τῇ
2501 2512 2622 2584 θείᾳ
2653 2511 2780 2584 δόξῃ
2827 2511 2965 2582 πρὸς
3008 2511 3304 2583 sin-moui;
3354 2515 3505 2568 Ἔστι
3530 2516 3715 2568 τοίνυν

2131 2608 2331 2661 ἄτοπον
2360 2605 2446 2658 διὰ
2469 2605 2568 2673 τὴν
2594 2604 2694 2674 τῆς
2744 2602 3092 2675 ἀνθρωπίνης
3149 2602 3393 2675 γλώττης
3424 2606 3710 2661 ἀσθένειαν

2131 2699 2225 2753 καὶ
2257 2698 2354 2767 τὴν
2384 2699 2441 2749 έν
2464 2694 2606 2760 λέξει
2636 2694 2928 2764 πτωχείαν,
2956 2695 3054 2764 τῆς
3089 2696 3350 2751 ἀνωτάτω
3386 2698 3576 2752 πασῶν
3608 2699 3710 2752 δύ,-

2132 2788 2227 2858 ξης
2251 2784 2549 2840 ἀδικεῖσθαι
2580 2784 2678 2855 τὴν
2704 2785 2999 2854 ὑπεροχήν.
3023 2784 3287 2857 Μέμνησο
3313 2788 3405 2841 τοῦ
3430 2787 3711 2858 Σολομῶν.

447 2869 469 2901 ς
492 2848 680 2906 Gloria
712 2854 923 2911 Douiini
956 2860 1203 2915 occultat
1230 2879 1564 2920 sermonem.
1581 2886 1600 2919 ι
1621 2868 1854 2926 Curiose
1878 2875 2024 2928 enim

2240 2879 2490 2947 λέγοντος
2511 2895 2526 2910 ο
2564 2896 2582 2930 ι
2622 2848 2759 2943 Ᾰόξα
2780 2848 2987 2949 ιέυριὸυ
3025 2848 3256 2948 κρῦπτει
3282 2878 3460 2947 λόγον.
3496 2899 3516 2932 ι
3541 2848 3708 2953 Περι-

441 2941 782 3010 iuquirenles
807 2947 1025 3004 Domini
1049 2953 1314 3022 gloriam,
1336 2955 1547 3011 similes
1570 2959 1683 3014 illis
1711 2975 1908 3017 sumus
1933 2964 2024 3034 qui

2129 2941 2483 3043 εργαζῦμενοι
2521 2969 2631 3040 γὰρ
2687 2941 2933 3041 άκριϐῶς
2988 2941 3087 3038 τὴν
3137 2971 3233 3024 τοῦ
3271 2941 3480 3042 Κυρίου
3523 2941 3709 3039 δόξαν,-

441 3036 625 3104 palmo
657 3039 857 3092 cmlum
887 3043 1067 3096 metiri
1101 3044 1295 3099 volunt
1329 3048 1394 3101 ¹⁷.
1427 3047 1601 3119 Igitur
1627 3068 1752 3106 cum
1785 3054 2025 3110 hiimano

2128 3036 2384 3133 ἐοίκαμεν
2412 3036 2788 3125 τοίςήὲθτέλουσι
2818 3036 3065 3133 σπιθαμῇ
3116 3036 3381 3134 μετρῆσαι
3420 3063 3513 3116 τὸν
3535 3036 3706 3135 cupa;

440 3139 593 3181 more
619 3129 830 3198 aliquid
857 3131 1069 3187 dicitur
1097 3135 1165 3191 de
1209 3135 1322 3192 Deo
1343 3181 1357 3205 ,
1387 3143 1694 3211 accipiatur
1719 3154 1780 3199 ut
1810 3147 1877 3201 de
1908 3147 2018 3203 Deo

2128 3156 2235 3208 νόν.
2273 3129 2483 3208 Οὐκοῦν
2514 3155 2644 3208 ὅταν
2670 3129 3025 3225 ἀνθρωπίνων
3040 3129 3361 3223 ’τινλέγηται
3390 3156 3520 3226 περὶ
3545 3129 3704 3223 Θεοῦ,

436 3219 713 3272 convenit.
735 3219 877 3285 Quid
900 3222 1047 3277 enim
1075 3240 1206 3296 agas
1229 3245 1355 3283 cum
1379 3232 1571 3289 audias
1592 3245 1884 3291 canentem
1912 3236 2017 3291 Da-

2128 3246 2350 3299 νοείσθω
2373 3245 2714 3315 θεοπρεπῶς.
2732 3268 2737 3273 -
2755 3219 2911 3300 Ἐπεὶ
2940 3247 2993 3298 τί
3024 3246 3268 3317 ποιήσεις
3306 3247 3435 3299 ὅταν
3464 3247 3707 3320 ἀκούσῃς

436 3308 653 3364 vitlem:
683 3329 700 3361 ι
727 3310 832 3389 Qui
864 3314 1024 3371 sedes
1056 3332 1225 3388 super
1245 3320 1560 3390 Cherubim,
1588 3341 1817 3395 apparo,
1843 3330 2024 3384 excita

434 3407 761 3469 potestatem
804 3411 979 3470 tuam,
1008 3418 1062 3461 ct
1107 3411 1226 3464 veni
1272 3412 1338 3466 ad
1381 3416 1712 3470 servandum
1757 3434 1857 3474 nos
1904 3422 1971 3475 ³⁸.
1999 3442 2017 3475 ι

434 3491 727 3557 Quomodo
750 3496 895 3551 enim
926 3498 1079 3553 sedet
1105 3501 1251 3570 quod
1276 3512 1360 3558 est
1384 3508 1772 3577 lncorporeum
1790 3511 1815 3563 ?
1841 3512 1904 3566 Et
1930 3513 2020 3565 ubi

435 3591 520 3637 est
548 3584 793 3641 universi
829 3586 978 3642 Deus
1003 3629 1016 3653 ,
1051 3607 1215 3661 quem
1250 3603 1310 3649 ut
1337 3597 1526 3651 veniat
1555 3600 1621 3653 ad
1651 3614 1753 3655 nos
1786 3602 1980 3656 invitat
2001 3642 2017 3669 ,

392 3667 402 3673 “
434 3673 709 3730 dicentem
735 3678 942 3748 alioqui
972 3697 1068 3750 per
1096 3686 1447 3752 prophetam:
1474 3708 1492 3741 ι
1516 3686 1776 3760 Nunquid
1816 3667 2017 3748 cmlum

434 3772 491 3820 et
515 3774 715 3821 terram
749 3785 849 3839 ego
879 3772 1100 3843 impleo,
1127 3777 1265 3832 dicit
1297 3778 1566 3839 Dominus
1588 3785 1630 3817 ¹⁹
1649 3785 1701 3837 ?i
1721 3783 2019 3851 Quomodo

435 3858 606 3928 igitur
662 3864 846 3915 Veniat
893 3868 957 3917 ad
1008 3882 1112 3923 nos
1162 3871 1258 3939 qui
1294 3874 1478 3928 omnia
1533 3875 1770 3945 implet?
1800 3876 2017 3934 Rursus

432 3952 702 4021 scriptum
758 3965 843 4010 est
896 3959 1092 4013 turrim
1139 3962 1194 4016 in
1244 3966 1451 4019 coelum
1495 3966 1876 4037 magnitudine
1920 3982 2015 4023 as-

434 4051 745 4110 surgentem
772 4048 1038 4114 quosdam
1066 4051 1339 4109 :edilicare
1366 4070 1679 4126 aggressos;
1707 4068 1760 4114 et
1784 4060 2014 4115 descen-

433 4131 511 4186 dit
553 4133 819 4193 Dominus
861 4147 918 4193 ut
954 4143 1164 4199 videret
1198 4146 1390 4201 urbem
1429 4156 1483 4202 ct
1517 4151 1714 4204 turrim
1739 4191 1754 4216 ,
1788 4161 1843 4207 et
1877 4152 2015 4207 dixit

433 4222 733 4282 Dominus:
755 4230 1052 4301 «Agedum,
1074 4234 1474 4294 descendentes
1500 4240 1911 4298 confundanius
1928 4260 2014 4299 eo-

438 4332 561 4371 rum
603 4321 822 4390 linguas
864 4325 1014 4380 illieo
1054 4329 1119 4381 ¹⁰.
1154 4347 1171 4381 ι
1202 4329 1489 4395 Quomodo
1511 4331 2010 4389 descenditDomi-

431 4421 568 4476 nus,
597 4414 680 4465 vel
715 4428 821 4482 qua
868 4419 1085 4474 ratione
1130 4430 1319 4475 sancta
1362 4421 1611 4479 Trinitas
1666 4425 1906 4494 scipsam
1942 4428 2007 4481 ad

427 4502 758 4559 descensum
792 4508 1047 4564 hortatur
1070 4511 1260 4589 χρηΞὰ
1288 4528 1449 4579 vero,
1477 4514 1566 4569 die
1597 4515 1732 4568 mihi
1758 4556 1770 4578 ,
1801 4525 1854 4571 ct
1889 4517 2009 4587 ipse

2125 3333 2418 3403 ψάλλοντος
2446 3333 2539 3386 τοῦ
2565 3332 2729 3385 Δαϐίδ
2748 3349 2762 3364 ·
2789 3351 2809 3385 ι
2848 3333 2908 3386 '0
2926 3332 3063 3404 καθὴ
3075 3350 3234 3403 μενος
3253 3335 3475 3389 ἐπὶτῶν
3497 3337 3573 3390 Χε
3583 3354 3704 3409 ρου-

2125 3425 2261 3495 mp,
2306 3423 2604 3494 ὲμφάνηθι,
2642 3422 2917 3494 ὲξέγειρον
2953 3425 3052 3494 τὴν
3088 3424 3406 3479 δυναστείαν
3438 3444 3567 3492 σου,
3609 3427 3704 3482 καὶ

2123 3515 2245 3568 ἐλθὲ
2271 3516 2352 3578 είς
2380 3514 2442 3568 τὸ
2470 3515 2640 3569 σῶσαι
2668 3517 2847 3586 ἡμᾶς;
2879 3534 2898 3568 ι
2933 3516 3059 3579 Πῶς
3084 3516 3193 3587 γὰρ
3227 3518 3457 3588 κάθηται
3478 3519 3539 3572 τὸ
3560 3519 3704 3574 άσὼ-

2126 3623 2327 3678 ματον;
2361 3606 2472 3660 Ποῦ
2498 3607 2555 3660 δὲ
2581 3607 2709 3661 ὄντα
2729 3608 2836 3663 τῶν
2859 3607 2998 3661 ὅλων
3018 3607 3149 3661 Θεὸν
3174 3609 3310 3680 πρὸς
3340 3612 3488 3680 ἡμᾶς
3508 3609 3704 3680 ἀφικέ-

2123 3700 2246 3754 σθαι
2298 3698 2609 3771 παρακαλεῖ
2653 3699 2746 3752 τὸν
2796 3697 3025 3767 λέγοντα
3076 3698 3164 3752 διὰ
3213 3698 3320 3754 τῶν
3369 3701 3699 3772 προφητῶν

2126 3812 2144 3843 ι
2168 3790 2258 3862 Μὴ
2285 3791 2406 3862 οὐχὶ
2433 3791 2524 3843 τὸν
2545 3792 2603 3843 οὐ
2614 3791 2770 3862 ρανὸν
2787 3791 2881 3842 καὶ
2910 3791 3008 3862 τὴν
3033 3789 3139 3860 γῆν
3159 3788 3268 3856 ἐγὼ
3298 3790 3523 3861 πληρῶς
3552 3792 3704 3860 λέγει

2118 3881 2346 3955 Κύριος.
2386 3882 2497 3936 Ποῦ
2522 3883 2702 3936 τοίνυν
2738 3882 2803 3935 ἂν
2831 3881 2960 3953 ἔλθῃ
2985 3881 3119 3953 πρὸς
3146 3882 3292 3951 ἡμᾶς
3312 3883 3339 3935 ὀ
3365 3883 3540 3937 πάντα
3560 3881 3703 3951 πλη-

2119 3974 2264 4047 ρῶν;
2318 3975 2486 4028 Πάλιν
2536 3974 2888 4044 γέγραπται,
2948 3973 3030 4026 ὅτι
3084 3970 3292 4042 πύργον
3343 3972 3700 4043 οὐρανομήκη

2116 4064 2516 4128 κατεσκεύαζόν
2562 4082 2726 4127 τινες.
2783 4063 2895 4117 Kal.
2920 4062 3126 4130 κατέϐη
3183 4061 3388 4132 Κύριος
3442 4062 3567 4117 ἰδεῖν
3599 4062 3701 4133 τὴν

2116 4157 2269 4210 πόλιν
2291 4159 2384 4210 καὶ
2411 4157 2500 4209 τον
2519 4157 2730 4228 πύργον
2750 4173 2763 4186 ·
2797 4156 2888 4209 καὶ
2912 4151 3032 4208 εἶπε
3062 4152 3294 4227 Κύριος·
3340 4173 3359 4204 ι
3389 4153 3554 4207 Δεῦτε
3604 4152 3701 4206 καὶ

2114 4247 2450 4310 καταϐάντες
2503 4248 2821 4316 συγχέωμεν
2871 4245 3053 4299 αὐτῶν
3085 4246 3185 4309 τὰς
3213 4244 3464 4314 γλώσσας
3489 4246 3627 4299 ἐκεῖ.
3674 4262 3694 4295 ι

2114 4339 2222 4391 Ποῦ
2249 4338 2453 4409 κατέϐη
2508 4339 2741 4409 Κύριοςς
2788 4338 2973 4408 ἢτίνα
3026 4339 3283 4409 τρόπονή
3344 4336 3475 4404 ἁγία
3525 4334 3699 4407 Τριὰς

2112 4430 2310 4501 ἑαυτὴν
2334 4431 2412 4492 εἰς
2441 4428 2668 4483 κάθοδον
2695 4429 3057 4500 παροτρύνει;
3091 4428 3155 4481 Τί
3181 4428 3259 4493 δὲ,
3300 4428 3424 4481 εἰπέ
3452 4445 3564 4497 μοι,
3602 4425 3694 4478 καὶ

2114 4520 2274 4584 αὐτὸς
2303 4522 2331 4573 ὁ
2364 4520 2555 4591 Πατὴρ
2576 4520 2816 4589 πέμπειν
2850 4521 2982 4590 ἡμῖν
3016 4519 3076 4584 ἐξ
3109 4519 3340 4589 οὐρανοῦ
3375 4519 3469 4572 τὸν
3503 4516 3696 4588 Παρά-

428 4591 594 4649 Pater
623 4598 924 4653 missurum
960 4617 1020 4657 se
1054 4603 1217 4657 nobis
1252 4618 1282 4658 θ
1316 4605 1459 4657 οωιο
1492 4604 1837 4660 Paracletum
1882 4623 2008 4677 pro-

2128 4612 2308 4682 ιλητον
2331 4611 2723 4680 ὲπηγγέλλετος
2768 4611 2877 4663 Ποῦ
2902 4611 3009 4681 γάρ
3037 4610 3070 4681 ἢ
3101 4609 3263 4663 πόθεν
3300 4608 3580 4679 πέμπεται
3634 4605 3699 4659 τὸ

428 4687 631 4741 misit?
662 4687 761 4743 Ubi
800 4693 947 4745 enim
984 4694 1066 4747 vel
1105 4693 1252 4748 unde
1286 4696 1528 4749 mittitur
1567 4697 1669 4751 hoc
1699 4699 1851 4766 quod
1886 4714 2003 4753 om-

427 4778 519 4831 nia
550 4780 779 4850 implet?
805 4800 824 4833 ι
857 4780 1102 4853 Spiritus
1130 4786 1274 4838 enim
1304 4786 1517 4840 Domini
1548 4787 1783 4856 replevit
1814 4789 2005 4844 orbem
2036 4813 2046 4823 ·

426 4875 696 4923 terrarum
742 4871 820 4937 ἰ,
856 4892 875 4925 ι
912 4882 970 4926 ιιι
1003 4872 1273 4942 scriptum
1314 4883 1421 4929 est.
1464 4875 1635 4946 Igitur
1670 4893 1830 4933 voces
1884 4893 2009 4948 quae

425 4960 728 5014 secundum
757 4977 859 5017 nos
892 4970 1050 5025 sunt,
1078 4963 1393 5032 signiﬁcant
1437 4980 1499 5020 ea
1550 4981 1673 5034 quae
1710 4984 1877 5040 supra
1907 4986 2008 5026 nos

426 5058 591 5115 sunt,
626 5052 671 5107 si
716 5053 785 5107 de
833 5051 944 5108 Deo
979 5052 1254 5107 dicantur.
1315 5053 1412 5111 Vis
1457 5057 1748 5128 concipere
1799 5061 2008 5130 aliquid

425 5154 611 5195 rerum
646 5142 916 5216 ejusmodi
959 5142 1285 5211 diﬂicilium,
1340 5146 1540 5202 deinde
1589 5149 1687 5204 tibi
1739 5151 1804 5205 ad
1853 5167 2008 5207 com-

424 5233 850 5301 prehensionem
874 5234 1097 5290 animus
1119 5234 1432 5293 imbecillus
1450 5248 1556 5305 est,
1577 5240 1737 5310 idque
1760 5250 1874 5298 tute
1893 5244 2009 5314 ipse

426 5324 642 5379 sentis?
670 5322 744 5378 Ne
776 5322 967 5395 iniquo
994 5328 1185 5385 animo
1220 5326 1385 5395 feras,
1415 5346 1449 5385 ο
1484 5332 1650 5387 homo
1671 5373 1685 5395 ,
1723 5333 1894 5390 fatere
1926 5335 2004 5389 tui

424 5410 599 5480 ipsius
639 5419 853 5467 natura:
888 5414 1264 5468 inﬁrmitatem
1298 5458 1312 5482 ,
1355 5420 1677 5478 memineris
1716 5423 2000 5479 dicentis:

430 5521 449 5551 ι
479 5500 730 5557 Fortiora
762 5503 922 5575 671
963 5514 1015 5561 te
1041 5515 1111 5561 ne
1139 5522 1354 5576 qumras
1387 5511 1474 5562 ":
1507 5530 1525 5561 ι
1552 5526 1676 5566 cum
1719 5514 1774 5567 in
1810 5516 2001 5569 orbem

421 5592 563 5651 solis
589 5593 814 5647 oculum
843 5594 1094 5664 corporis
1122 5595 1430 5654 intenderis
1450 5637 1466 5665 ,
1492 5601 1678 5675 statim
1712 5604 2001 5667 averteris.

2116 4703 2294 4756 πάντα
2329 4702 2599 4774 πληροῦνς
2639 4722 2657 4754 ι
2692 4702 2917 4773 Πνεῦμα
2944 4702 3052 4770 γάρ
3104 4702 3311 4771 Κυρίου
3360 4699 3696 4771 πεπλήρωκε

2113 4792 2212 4862 τὴν
2236 4793 2582 4863 οἰκουμένην,
2617 4811 2634 4842 ι
2692 4790 2834 4844 καθὰ
2897 4792 3228 4861 γέγραπται.
3273 4787 3481 4841 Οὐκοῦν
3520 4790 3578 4841 at
3608 4785 3699 4838 λέ-

2113 4882 2226 4949 ξεις
2258 4885 2314 4936 αί
2349 4881 2471 4935 καθ’
2521 4883 2691 4952 ἡμᾶς,
2726 4881 2794 4934 τά
2834 4881 2975 4950 ὑπὲρ
3009 4882 3154 4950 ἡμᾶς
3205 4878 3589 4949 σημαίνουσιν,
3644 4875 3696 4926 εί

2112 4974 2204 5027 ἐπὶ
2226 4973 2360 5027 Θεοῦ
2391 4973 2653 5042 λέγοιντο.
2681 4972 2866 5025 Βούλει
2900 4989 2953 5025 τι
2974 4974 3164 5042 νοῆσαι
3192 4971 3301 5024 τῶν
3338 4972 3479 5025 οὕτω
3501 4972 3696 5038 δυσχε-

2113 5062 2242 5133 ρῶν,
2267 5059 2383 5115 εἷτά
2422 5079 2505 5114 σοι
2536 5061 2670 5132 πρὸς
2703 5058 3014 5129 κατάληψιν
3055 5061 3084 5111 ὁ
3116 5058 3243 5119 νοῦς
3287 5056 3503 5110 ἀσθενεῖ
3531 5094 3546 5117 ,
3596 5050 3695 5106 καὶ

2108 5153 2268 5206 τοῦτο
2320 5151 2533 5212 παθὼν,
2580 5150 2842 5223 alaeam;
2882 5149 2973 5221 Μὴ
3025 5149 3356 5220 χαλεπήνῃς,
3410 5146 3690 5216 ἄνθρωπε,

2098 5243 2358 5315 ὡμολόγει
2378 5244 2476 5315 τῆς
2506 5241 2673 5296 αὑτοῦ
2706 5242 2920 5311 φύσεως
2952 5241 3051 5312 τὴν
3082 5239 3365 5338 ἀσθένειαν
3385 5276 3400 5299 ,
3443 5235 3695 5338 μέμνησο

2108 5333 2202 5387 τοῦ
2240 5334 2491 5401 λέγοντος
2514 5349 2527 5363 ·
2576 5353 2594 5384 ι
2631 5332 2978 5403 ’ἰσχυρότερά
3010 5347 3103 5383 σου
3160 5330 3234 5398 μὴ
3273 5327 3456 5397 ζήτει·
3496 5345 3514 5375 ι
3558 5327 3693 5376 ὅταν

2110 5427 2191 5488 εἰς
2223 5425 2312 5478 τὸν
2340 5425 2433 5478 τοῦ
2472 5425 2622 5494 ἡλίου
2646 5422 2844 5478 κύκλον
2885 5424 2979 5478 τὸν
3009 5420 3105 5475 τοῦ
3139 5419 3388 5489 σώματος
3410 5408 3693 5486 ὀφθαλμὸν

2110 5518 2418 5589 ἁνατείνῃς,
2463 5519 2623 5581 εὐθὺς
2658 5518 3041 5588 ἀποστρέφεις,
3093 5516 3160 5584 τῇ
3190 5512 3281 5565 τοῦ
3312 5508 3487 5607 sco-iro;
3516 5515 3690 5607 προσῖ

2110 5609 2238 5679 ϐολῇ
2270 5609 2593 5679 νικώμενος.
2637 5608 2834 5661 Ἰστέον
2855 5607 2919 5678 δὴ
2946 5600 3037 5659 οὖν
3066 5606 3149 5658 ὅτι
3187 5603 3280 5657 καὶ
3305 5604 3341 5672 ἡ
3367 5599 3488 5654 θεία
3524 5599 3688 5666 φύσις

499 5702 749 5785 'f‘Galat.
779 5720 860 5785 ιν,
996 5709 1072 5785 _"
1098 5707 1323 5785 Jac._lv,
1353 5712 1487 5785 12._
1516 5711 1749 5785 "__Prov.
1781 5730 1909 5785 ξεν,
1935 5717 1987 5772 2.

2139 5719 2284 5776 Psal.
2320 5734 2508 5785 Lxxu,
2536 5720 2599 5785 '5;
2636 5718 2738 5776 lsa.
2771 5732 2980 5783 xxxv",
3011 5716 3094 5773 16.
3176 5716 3217 5748 ¹⁹
3251 5712 3452 5772 Jcrem.
3481 5722 3561 5773 ιιι,
3591 5700 3682 5756 24.

412 5774 475 5835 .¹⁹
518 5773 749 5843 Cum“,
779 5777 834 5832 7.
910 5779 951 5812 "
993 5778 1121 5849 Sap.
1156 5796 1203 5848 ι,
1233 5779 1284 5836 7.
1310 5773 1318 5777 ⁷
1349 5783 1406 5869 ξ’
1447 5782 1618 5839 Eccli.
1649 5798 1742 5852 ιιι,
1770 5782 1863 5837 2'2.
