4104 6424
358 357 439 413 29
1218 356 1285 412 ιΝ
1321 357 1671 414 ιθιςΝΝΕΜ.
1709 359 1928 415 —-LlB.

2095 361 2184 414 ΕΤ
2231 360 2341 415 Vill
2386 362 2836 419 FRAGMENTA.
3560 372 3630 427 50

360 477 485 548 φῶς
512 475 808 550 ἀπρόσιτον
833 477 1003 531 οίκεῖ·
1032 476 1327 548 ἀπρόσιτον
1359 477 1416 531 δὲ
1449 481 1570 540 ταῖς
1598 477 1703 530 τῶν
1730 495 1796 529 πε
1807 494 1951 549 ριερ-

2068 480 2420 548 :jaculatione
2454 482 2659 536 lumine
2695 483 3027 551 perstrictus
3071 483 3378 555 victusque.
3444 487 3638 543 Scien-
3720 526 3727 531 ι

358 568 688 638 ταξαμένων
709 568 988 632 διανοίαις.
1013 569 1135 639 Χρὴ
1156 568 1353 631 τοίνυν,
1391 569 1519 621 ὅταν
1553 568 1645 621 καὶ
1677 568 1953 638 ἀνθρωπί-

358 677 485 724 ναις
514 662 721 728 φωναῖς
747 659 974 730 λαλῆται
994 659 1061 712 τὰ
1100 661 1229 730 περὶ
1254 660 1411 721 Θεοῦ,
1457 660 1622 730 μηδὲν
1645 660 1953 728 λογίζεσθαι

358 750 646 814 ταπεινὸν,
674 750 790 804 ἀλλ’
822 751 881 802 ὲν
904 753 970 821 τῇ
1005 751 1251 821 πτωχείᾳ
1275 751 1384 804 τῶν
1406 750 1529 804 καθ’
1554 752 1703 819 ἡμᾶς
1729 751 1950 815 λέξεων,

359 838 457 891 τὸν
493 839 597 909 τῆς
628 839 779 903 θείας
806 839 963 910 δόξης
993 838 1455 911 κατοπτρίζεσθαι
1492 839 1737 892 πλοῦτον.
1761 839 1825 891 Τί
1846 839 1954 910 γὰρ

358 934 411 984 εἰ
456 931 848 984 ἀποστέλλεται
879 929 1032 1002 παρὰ
1060 931 1153 983 τοῦ
1186 930 1397 999 nam;
1426 935 1454 986 6
1499 931 1627 993 Υἱός
1654 948 1667 993 ;
1696 927 1842 1000 *Αρα
1867 930 1958 983 διὰ

356 1020 529 1075 τοῦτο
580 1022 821 1074 ἐλάττων
867 1021 1054 1087 ἓσταις
1105 1022 1314 1076 Οὐκοῦν
1343 1025 1472 1076 ὅταν
1504 1026 1567 1075 ἐκ
1597 1022 1692 1075 τοῦ
1729 1022 1954 1092 ἡλιακοῦ

358 1115 627 1182 σώματος
656 1113 717 1166 τὸ
744 1114 805 1178 ἐξ
844 1114 1008 1169 αὑτοῦ
1039 1115 1328 1186 πέμπηται
1358 1116 1494 1184 φῶς,
1521 1116 1807 1186 ἑτεροφυές
1839 1118 1955 1168 ἐστι

356 1205 501 1273 παρ’
533 1205 688 1269 αὐτὸ,
723 1206 818 1259 καὶ
846 1207 904 1259 ὲν
930 1206 1178 1260 ἐλάττοσι
1208 1208 1339 1278 παρ’
1375 1207 1570 1273 αὐτοῦ;
1615 1210 1805 1262 Καίτοι
1840 1209 1957 1271 πῶς

358 1295 529 1349 τοῦτο
561 1299 655 1350 καὶ
702 1298 862 1368 μόνον
909 1300 1202 1370 ἐννοῆσαι.
1259 1302 1361 1354 οὐκ
1416 1302 1662 1371 άμαθές;
1690 1300 1809 1365 Φῶς
1861 1299 1956 1355 οὖν

366 1389 639 1459 ὑπάρχων
668 1391 762 1444 τοῦ
792 1392 1007 1463 [ἰατρὸς
1037 1394 1064 1446 6
1088 1393 1235 1455 Υἱὸς,
1277 1392 1552 1464 πέμπεται
1609 1394 1738 1464 πρὸς
1784 1395 1952 1464 ἡμᾶς,

365 1477 445 1540 ὡς
472 1478 626 1547 ⁴ιτιλίου
653 1479 814 1548 τυχὸν
847 1480 1022 1549 αὐγὴν
1055 1480 1533 1549 ἁπαστράψαντος.
1568 1482 1631 1533 Ὃ
1656 1480 1720 1551 δὴ
1755 1482 1848 1533 καὶ
1873 1498 1957 1550 γε·

365 1568 562 1622 νέσθαι
592 1570 896 1640 παρεκάλει
919 1570 1093 1638 λέγων
1126 1572 1155 1624 6
1183 1570 1344 1623 Δαϐίδ
1364 1586 1377 1599 '
1408 1591 1426 1623 ι
1463 1570 1875 1635 Ἐξαπόστειλον
1899 1572 1958 1624 τὸ

368 1658 491 1726 φῶς
528 1674 624 1711 σου
655 1660 751 1712 καὶ
784 1659 883 1730 τὴν
905 1659 1165 1731 ἀλήθειάν
1185 1678 1299 1714 σου.
1334 1679 1352 1711 ι
1382 1662 1490 1714 Καὶ⁴
1513 1662 1561 1713 εἰ
1584 1662 1711 1725 δόξα
1742 1661 1861 1714 ἐστὶ
1881 1661 1958 1731 τῷ

367 1748 575 1818 Πατρὶ,
607 1748 669 1802 τὸ
703 1748 818 1818 φῶς
849 1748 1014 1819 ἔχειν,
1044 1751 1161 1813 πῶς
1187 1750 1431 1816 ἔλαττον,
1460 1751 1647 1823 φησιν,
1689 1752 1854 1806 αὐτοῦ
1893 1753 1954 1805 τὸ

2054 568 2183 623 dum
2218 561 2436 639 quoq-ue
2484 580 2736 624 naturam
2770 572 3013 625 divinam
3051 572 3302 629 habitare
3333 576 3388 630 in
3426 578 3636 637 lumine

2056 663 2344 717 inaccesso
2366 703 2379 722 .
2414 669 2467 716 et
2501 663 2721 731 quidem
2762 665 3049 718 inaccesso
3083 666 3434 721 curiosorum
3474 686 3629 724 men-

2056 751 2426 818 tibus.Quare
2449 761 2690 821 Oportet,
2726 753 2826 805 ‘ulii
2859 753 2926 806 de
2959 751 3069 807 Deo
3106 755 3368 810 humanis
3399 758 3631 812 vocibus

2056 860 2236 899 sermo
2291 845 2379 898 ﬁet
2403 885 2416 904 ,
2472 845 2609 898 nihil
2646 840 2921 913 abiectum
2959 853 3053 899 aut
3089 845 3294 901 lunnile
3352 849 3632 918 cogitare.

2056 931 2149 986 sed
2198 933 2252 985 iu
2306 942 2632 1003 paupertate
2681 949 2745 989 ac
2798 936 3156 991 mendicitate
3202 947 3409 992 nostra:
3440 941 3636 993 dictio-

2057 1024 2177 1087 nis,
2211 1023 2412 1078 divina!
2440 1025 2631 1093 gloria:
2662 1033 2922 1093 tanquam
2964 1027 3017 1079 in
3051 1028 3279 1096 speculo
3313 1029 3517 1083 intueri
3551 1031 3636 1083 di-

2056 1118 2236 1171 vitias.
2264 1116 2406 1182 Quid
2432 1117 2579 1171 enim
2605 1117 2649 1170 si
2677 1116 2915 1170 mittitur
2938 1132 2966 1170 a
2988 1116 3152 1172 Patre
3178 1117 3355 1174 Filius
3374 1120 3395 1174 ἳ
3413 1121 3494 1173 An
3520 1136 3638 1189 pro-

2060 1218 2246 1279 pterea
2282 1209 2462 1262 minor
2506 1207 2655 1262 erit?
2719 1206 2889 1277 Igitur
2940 1223 3063 1261 cum
3110 1224 3140 1262 e
3190 1225 3424 1278 corpore
3466 1212 3633 1265 solari

2059 1299 2295 1352 mittitur
2315 1300 2429 1360 lux,
2449 1298 2684 1352 diversae
2704 1306 2915 1351 natura:
2939 1298 3005 1350 ab
3021 1314 3087 1351 eo
3104 1307 3186 1352 est
3215 1315 3278 1353 ac
3303 1301 3638 1356 deterioris?

2058 1387 2213 1453 Quod
2241 1386 2462 1456 quidem
2505 1388 2585 1440 vel
2613 1394 2825 1459 tantum
2866 1388 3114 1455 cogitare
3148 1404 3331 1444 nonne
3361 1399 3446 1445 est
3485 1407 3637 1445 sum-

2060 1493 2161 1530 ma:
2192 1476 2530 1546 imperitiae?
2568 1476 2686 1530 Lux
2725 1477 2893 1545 igitur
2937 1478 3116 1531 Patris
3141 1482 3426 1535 exsistcns
3462 1480 3637 1537 Filius

2061 1568 2296 1621 mittitur
2313 1567 2377 1621 ad
2412 1582 2535 1632 nos,
2565 1575 2833 1636 tanquam
2865 1568 2997 1623 sole
3019 1569 3211 1638 utique
3241 1570 3454 1625 radium
3485 1573 3639 1626 emit-

2061 1667 2228 1714 tente.
2254 1659 2408 1725 Quod
2434 1660 2656 1729 quidem
2686 1659 2802 1714 ﬁeri
2833 1662 3168 1731 precabatur
3195 1661 3365 1716 David
3401 1663 3592 1720 dicens
3619 1683 3634 1720 :

2066 1770 2084 1801 ι
2117 1749 2318 1804 Emitte
2349 1751 2525 1821 lucem
2558 1758 2704 1803 luant
2728 1758 2784 1803 ct
2813 1751 3095 1805 veritatem
3130 1760 3280 1806 tuam
3326 1754 3395 1808 ⁸³.
3429 1773 3449 1805 ι
3478 1754 3543 1808 Et
3589 1755 3636 1812 si

366 1838 430 1890 ὲν
476 1831 523 1906 ᾧ
562 1839 880 1905 δοξάζεται;
913 1842 1025 1894 Καὶ
1053 1841 1213 1904 αὐτὸς
1244 1842 1300 1895 δὲ
1342 1844 1371 1895 6
1409 1842 1537 1905 Υίὸς
1591 1843 1720 1914 περὶ
1758 1842 1951 1896 ἑαυτοῦ

2068 1840 2237 1909 gloria
2268 1848 2352 1894 est
2381 1838 2562 1893 Patris
2595 1839 2770 1893 lucem
2804 1839 3044 1901 habere,
3078 1841 3353 1908 quomodo
3382 1841 3637 1904 inferius.

364 1929 523 1997 λέγει
543 1945 558 1960 ·
596 1948 615 1981 ι
663 1932 761 2008 Ὃν
788 1933 816 1983 ὁ
842 1931 1033 2003 Πατὴρ
1066 1933 1261 2008 ήγίασε
1287 1934 1379 1986 καὶ
1412 1933 1718 1987 ἀπέστειλε.
1759 1953 1777 1984 ι
1802 1934 1876 1986 Τὸ
1902 1933 1958 1987 δὲ

366 2021 636 2088 ἠνίασεν
675 2023 710 2092 ἡ
754 2006 948 2093 Ϋραφὴ
995 2024 1137 2076 κατὰ
1177 2006 1405 2088 πολλοὺς
1447 2025 1661 2094 δέχεται
1698 2025 1954 2096 τρόπους.

366 2110 611 2177 Λέγεται
629 2111 731 2181 μὲν
746 2112 853 2182 γὰρ
870 2107 1216 2181 ἀγιάζεσθαι,
1235 2116 1295 2168 τὸ
1316 2115 1704 2186 ἁνατιθέμενον
1724 2116 1802 2186 τῷ
1817 2116 1956 2187 Θεῷ.

364 2198 484 2251 Καὶ
513 2197 644 2264 γοῦν
671 2199 775 2269 ἔφη
804 2201 939 2270 πρὸς
959 2202 1160 2255 Μωσέα
1180 2220 1193 2233 ο
1229 2223 1246 2253 ι
1283 2203 1531 2270 Ἀγίασόν
1561 2221 1650 2274 μοι
1681 2207 1789 2258 πᾶν
1810 2222 1960 2277 πρω-

363 2288 615 2343 τότοκον.
649 2310 668 2342 ι
716 2291 1027 2359 Ἀγιάζεται
1057 2294 1113 2346 δὲ
1140 2296 1300 2347 πάλιν
1321 2296 1380 2347 τὸ
1408 2297 1788 2366 προχειρισθὲν
1811 2299 1961 2369 παρὰ

362 2381 509 2433 Θεοῦ
539 2381 679 2452 πρὸς
720 2383 780 2436 τὸ
819 2384 1025 2454 πρᾶξαί
1055 2404 1105 2438 τι
1142 2387 1250 2439 τῶν
1293 2388 1434 2441 κατὰ
1478 2388 1706 2458 γνώμην
1756 2390 1920 2443 αὐτοῦ
1944 2408 1957 2420 ο

363 2471 516 2525 οὕτω
550 2474 661 2543 γὰρ
689 2474 816 2544 περί
853 2492 912 2528 τε
943 2476 1038 2528 τοῦ
1070 2477 1254 2548 Κύρου
1282 2478 1374 2531 καὶ
1403 2480 1511 2533 τῶν
1550 2481 1748 2550 Μήδων
1774 2483 1955 2551 φησιν.

362 2564 459 2615 ὅτε
494 2564 595 2634 τῆς
641 2565 1003 2620 Βαϐυλωνίων
1039 2569 1236 2632 αὐτοὺς
1275 2572 1742 2642 καταστρατεύειν
1764 2574 1921 2644 ἤθελε
1944 2593 1957 2606 ο

371 2674 391 2703 ι
406 2654 672 2722 Γίγαντες
688 2655 936 2726 ἔρχονται
957 2659 1059 2727 πλη
1070 2660 1239 2730 ρῶσαι
1255 2661 1342 2713 τὸν
1360 2662 1529 2732 θυμόν
1544 2681 1668 2733 μου,
1681 2665 1963 2737 χαίροντες

365 2746 490 2813 ἅμα
529 2741 625 2799 καὶ
668 2747 982 2819 ὑϐρίζοντες
1015 2753 1338 2822 ἡγιασμένοι
1394 2754 1535 2819 εἰσὶ,
1572 2757 1666 2808 καὶ
1708 2756 1818 2824 ἐγὼ
1844 2757 1962 2825 ἄγω

363 2835 595 2899 αὐτούς.
636 2858 655 2887 ι
704 2839 1014 2906 Ἀγιάζεται
1055 2842 1110 2894 δὲ
1132 2842 1291 2895 πάλιν
1319 2844 1379 2896 τὸ
1406 2847 1461 2897 ἐν
1498 2846 1713 2915 μεθέξει
1739 2849 1961 2917 γεγονὸς

344 2927 467 2980 ,τοῦ
505 2930 667 2996 ἁγίου
694 2931 1036 3001 Πνεύματος.
1065 2934 1275 2987 Οὐκοῦν
1297 2936 1558 3005 ἡγιᾶσθαί
1585 2956 1750 3008 φησιν
1771 2941 1960 2994 ἑαυτὸν

366 3021 529 3090 παρὰ
580 3020 674 3074 τοῦ
714 3022 928 3092 Πατρὸς
958 3024 985 3076 6
1018 3023 1180 3088 Υίὸς,
1216 3025 1290 3088 ὡς
1335 3028 1785 3097 προχειρισθέντα
1830 3033 1959 3101 παρ’
2004 3042 2007 3051 ·

368 3110 546 3163 αὐτοῦ
604 3112 745 3183 πρὸς
790 3113 1129 3184 κατόρθωσιν
1162 3117 1260 3186 τῆς
1293 3116 1388 3168 τοῦ
1432 3118 1636 3187 κόσμον
1671 3120 1837 3190 ζωῆς,
1868 3122 1962 3174 καὶ

2062 1933 2275 2001 inquit,
2312 1948 2379 1986 eo
2406 1941 2493 1986 est
2527 1932 2578 1985 id
2608 1932 2663 1984 in
2694 1944 2804 2000 quo
2852 1930 3240 2000 gloriﬁcatur?
3288 1929 3407 2000 Ipse
3437 1932 3641 2001 quippe

2060 2025 2234 2080 Filius
2265 2026 2335 2080 de
2363 2024 2545 2094 seipso
2576 2024 2711 2078 dicit
2739 2041 2753 2077 :
2788 2042 2806 2074 ι
2840 2022 3013 2089 Quem
3062 2021 3229 2076 Pater
3271 2023 3643 2078 sanctiﬁcavit

2062 2125 2117 2170 et
2148 2117 2299 2170 misit
2329 2116 2394 2170 “.
2427 2136 2444 2168 ι
2477 2115 2590 2171 Hoc
2614 2131 2743 2170 vero
2776 2114 3138 2179 sancti/ienuit
3174 2113 3465 2183 Scriptura
3497 2115 3641 2168 mul-

2064 2210 2134 2262 tis
2166 2209 2339 2262 modis
2368 2208 2593 2277 accipit.
2640 2207 2854 2261 Dicitur
2903 2208 3049 2260 enim
3105 2206 3444 2260 sant-tiﬁcari
3496 2206 3644 2276 quod

2062 2302 2281 2355 dicatur
2311 2301 2440 2355 Deo.
2476 2302 2541 2354 Et
2567 2300 2787 2369 quidem
2832 2299 2976 2353 dixit
3003 2299 3068 2351 ad
3098 2298 3286 2353 Mosen
3317 2319 3328 2353 :
3367 2317 3387 2350 ι
3421 2298 3644 2354 Sancti-

2064 2391 2164 2444 ﬁca
2211 2390 2341 2443 mihi
2378 2404 2543 2443 omne
2586 2388 3011 2457 priumgeuitum
3039 2387 3104 2438 ”.
3139 2406 3160 2441 ο
3189 2385 3405 2440 Rursus
3435 2388 3648 2440 sancti-

2067 2483 2261 2536 ﬁcatur
2309 2483 2454 2550 quod
2506 2480 2867 2535 commissum
2911 2486 2997 2533 est
3030 2493 3060 2532 a
3096 2477 3207 2531 Deo
3237 2486 3293 2531 et
3329 2478 3644 2545 delega-tum

2064 2575 2129 2627 ad
2163 2574 2369 2644 aliquid
2402 2588 2628 2639 eorum,
2660 2586 2781 2642 quae
2813 2570 2913 2640 ipsi
2944 2570 3098 2625 cordi
3145 2576 3313 2632 sunt,
3353 2570 3643 2639 agendum.

2072 2664 2165 2717 Sic
2193 2664 2338 2717 enitn
2369 2663 2436 2717 de
2466 2661 2611 2732 Cyro
2640 2669 2694 2715 et
2730 2661 2899 2715 Medis
2929 2661 3028 2722 ait,
3057 2660 3282 2728 quando
3312 2674 3407 2713 eos
3444 2659 3499 2712 in
3541 2658 3648 2711 Ba-

2065 2737 2316 2827 bylonem
2347 2755 2631 2825 suscipere
2651 2755 3059 2824 expeditionem
3087 2753 3263 2806 voluit
3293 2770 3306 2805 :
3336 2769 3352 2800 ι
3387 2749 3648 2821 Gigantes

2064 2851 2292 2903 veniunt
2320 2848 2546 2917 implere
2586 2847 2831 2899 animum
2874 2860 3095 2912 meum;
3141 2843 3448 2914 gaudentes
3480 2841 3646 2895 simul

2063 2947 2117 2994 et
2178 2937 2579 2991 insolescentes
2634 2932 2969 2988 sant-tiﬁeati
3024 2938 3191 2992 sunt,
3235 2937 3289 2984 et
3341 2943 3442 2998 ego
3500 2928 3648 2982 duco

2064 3042 2159 3081 eos
2192 3027 2258 3080 ’°.
2296 3044 2312 3076 ι
2342 3023 2584 3078 Proinde
2616 3023 2778 3076 etiam
2825 3020 3226 3081 sanctiﬁcatur,
3280 3017 3428 3087 quod
3477 3018 3648 3086 parti-

2071 3134 2202 3188 ceps
2236 3125 2323 3173 est
2352 3115 2598 3185 Spiritus
2625 3114 2827 3169 sancti.
2860 3113 3005 3185 Ergo
3037 3110 3212 3165 Filius
3241 3125 3300 3164 se
3333 3107 3651 3162 sanctiﬁca-

366 3201 524 3255 κατὰ
554 3204 654 3274 τῆς
688 3203 798 3257 τῶν
838 3206 1231 3277 ἀντικειμένων
1260 3207 1607 3271 καταλύσεως
1627 3226 1640 3241 ο
1677 3211 1709 3279 ἢ
1739 3212 1830 3263 καὶ
1862 3211 1961 3274 ἔτι,

2074 3217 2185 3263 tum
2218 3208 2293 3261 ait
2326 3223 2355 3261 a
2382 3206 2544 3261 Patre
2566 3246 2579 3269 ,
2612 3216 2874 3274 tanquam
2908 3204 2976 3257 ab
3010 3217 3076 3256 eo
3111 3202 3176 3255 ad
3205 3198 3647 3255 emendationem

367 3291 515 3347 καθὸ
549 3294 812 3365 ἐπέμφθη
836 3298 917 3359 εἰς
938 3297 997 3349 τὸ
1022 3297 1163 3369 ὑπὲρ
1189 3298 1289 3366 τῆς
1312 3297 1405 3351 τοῦ
1454 3300 1660 3369 κόσμου
1694 3303 1968 3373 σωτηρίας

371 3385 664 3454 σφαγῆναι
684 3403 698 3418 ο
728 3386 821 3440 καὶ
855 3388 964 3458 γὰρ
993 3389 1127 3456 ἆγια
1152 3388 1470 3453 καλοῦνται,
1492 3390 1588 3443 καὶ
1621 3390 1686 3445 τὰ
1714 3394 1969 3464 ἀφοριζό-

372 3496 519 3547 μενα
553 3480 634 3541 είς
668 3478 861 3533 θυσίαν
886 3479 1026 3550 Θεῷ.
1076 3482 1367 3549 ἸΙγιᾶσθαι
1397 3482 1455 3535 δέ
1485 3500 1663 3552 φαμεν
1690 3484 1852 3537 αὐτὸν
1877 3484 1970 3537 καὶ

371 3568 500 3637 μεθ’
541 3567 703 3638 ἡμῶν
750 3569 1109 3641 ἀνθρωπίνως
1164 3572 1252 3625 ὅτε
1287 3571 1478 3639 γέγονε
1528 3571 1700 3643 σάρξ’
1737 3572 1967 3644 ἡγιάσθη

367 3660 488 3731 γὰρ
520 3660 688 3713 αὐτοῦ
711 3663 744 3728 ἡ
776 3661 933 3733 σὰρξ,
969 3662 1237 3734 δεξαμένη
1277 3668 1367 3716 τὸν
1403 3665 1671 3717 ἐνωθέντα
1702 3666 1838 3736 αὐτῇ
1870 3666 1971 3720 Λό-

367 3767 494 3817 γον,
542 3748 618 3819 μὴ
654 3746 786 3824 οὖσα
821 3751 982 3819 φύσει
1035 3752 1185 3821 ἁγία.
1237 3755 1313 3806 Δι’
1352 3746 1425 3806 ὧν
1455 3754 1512 3806 δὲ
1552 3754 1711 3808 τοῦτο
1739 3755 1968 3824 γίνεται,

367 3846 671 3914 ἁγιάζεται
707 3846 859 3915 παρὰ
890 3847 986 3900 τοῦ
1030 3850 1242 3921 Πατρός
1268 3865 1281 3879 ·
1332 3849 1430 3920 μία
1473 3849 1582 3919 γάρ
1629 3851 1842 3922 Πατρδς
1879 3851 1972 3904 καὶ

370 3937 514 3991 Υίοῦ
540 3939 637 3991 καὶ
661 3939 815 4006 ἁγίου
835 3939 1200 4009 Πνεῦματοςή
1231 3942 1442 4009 θεότης.
1475 3939 1621 4010 Πλὴν
1638 3943 1698 3994 οὐ
1723 3942 1973 4015 καθάπερ

368 4031 436 4082 ἐν
473 4030 695 4100 ἑκάστῳ
725 4030 833 4082 τῶν
863 4031 1035 4098 ἁγίων
1073 4032 1361 4102 γινόμενος
1389 4036 1416 4086 ὁ
1437 4033 1570 4095 Θεὸς
1600 4034 1816 4101 ἁγιάζει
1846 4034 1972 4088 τού-

368 4102 531 4182 τὼς,
566 4118 741 4184 οὕτως
770 4121 888 4172 ἐστὶ
920 4120 1014 4174 καὶ
1034 4122 1091 4174 ἐν
1115 4121 1192 4192 τῷ
1222 4121 1372 4192 Υιῷ·
1410 4123 1524 4176 ἀλλ’
1566 4123 1727 4185 αὐτὸς
1758 4126 1785 4177 ὁ
1820 4125 1970 4188 Υἱὸς,

368 4210 619 4279 δύναμίς
678 4211 794 4263 ἔστι
841 4211 935 4281 καὶ
969 4212 1131 4281 σοφία
1183 4212 1277 4266 τοῦ
1313 4213 1547 4284 Πατρὸς,
1586 4215 1828 4282 ἁγιάζων
1871 4217 1973 4286 μὲν

372 4303 564 4356 πάντα
606 4304 677 4356 τὰ
729 4302 1037 4372 μετέχονταξ
1066 4304 1233 4358 αὐτοῦ
1280 4306 1336 4357 ἐν
1371 4305 1648 4373 Πνεύματι
1675 4323 1689 4338 ’
1723 4307 1888 4371 αὐτὸς
1919 4307 1975 4360 δὲ

371 4394 547 4448 πάλιν
564 4394 627 4446 οὐ
644 4395 788 4448 κατά
807 4412 930 4448 τινα
950 4396 1261 4466 μετουσίαν,
1284 4397 1438 4465 ἆγιος
1468 4396 1545 4448 ὢν
1575 4397 1764 4468 ὥσπερ
1787 4401 1972 4470 ἡμεῖς,

370 4486 505 4541 οὐδὲ
525 4484 675 4541 κατὰ
697 4487 859 4558 χάριν
888 4486 1014 4552 Υἱὸς
1043 4487 1403 4559 κεκλημένος,
1437 4488 1574 4542 ἀλλὰ
1607 4488 1854 4559 γέννημα
1878 4490 1974 4558 τῆς

2068 3304 2194 3354 vitae
2227 3299 2415 3353 mundi
2447 3297 2794 3366 delegatum,
2843 3295 2988 3349 etin
3036 3292 3483 3347 adversariorum
3532 3287 3649 3342 rui-
3740 3344 3749 3363 ,ι

2069 3409 2194 3446 nam
2242 3408 2305 3447 ac
2348 3393 2722 3455 eversionem,
2768 3388 2850 3443 vel
2895 3386 3061 3442 etiam
3113 3392 3388 3455 quatenus
3441 3381 3648 3435 missus

2066 3497 2183 3545 est.
2244 3495 2302 3539 ut
2358 3501 2457 3555 pro
2518 3484 2695 3539 salute
2748 3479 2943 3534 mundi
3005 3486 3345 3533 mactaretur
3393 3492 3406 3528 :
3447 3473 3653 3544 quippe

2066 3589 2260 3633 sancta
2294 3585 2581 3643 vocantur,
2624 3591 2746 3646 quae
2783 3584 2842 3628 ut
2881 3572 2991 3627 Deo
3032 3572 3088 3625 in
3133 3569 3467 3626 sacriﬁcium
3520 3564 3654 3619 οπε-

2070 3679 2284 3730 rantur.
2322 3672 2525 3725 selecta
2574 3678 2726 3722 sunt.
2767 3662 3179 3719 Sanctiﬁcatum
3216 3662 3377 3715 etiam
3415 3657 3654 3713 dicimus

2069 3771 2124 3818 et
2155 3763 2443 3817 nobiscum
2476 3763 2716 3815 humano
2751 3759 2912 3814 modo
2935 3797 2951 3822 ,
2985 3754 3209 3827 quando
3244 3752 3422 3806 factus
3447 3759 3530 3804 est
3561 3764 3658 3803 ca-

2072 3869 2174 3909 ro:
2209 3854 2553 3909 sanctiﬁcata
2583 3853 2729 3907 enim
2762 3857 2846 3904 est
2894 3849 3018 3918 ejus
3056 3860 3219 3906 caro,
3280 3843 3495 3896 unitqu
3547 3839 3653 3893 sibi

2071 3945 2311 4000 Verbum
2344 3928 2564 4012 adepta,
2600 3957 2726 3995 cum
2759 3950 2962 3995 natura
2984 3953 3103 3991 .non
3133 3940 3280 3989 esset
3311 3938 3527 3985 sancta.
3551 3928 3658 3981 Per

2071 4051 2195 4105 qua:
2246 4034 2391 4090 enim
2437 4034 2495 4086 ﬁt
2538 4034 2725 4096 istud,
2770 4030 3155 4085 sanctiﬁcatnr
3205 4041 3235 4078 a
3294 4025 3507 4079 Patre:
3544 4033 3657 4073 una

2074 4124 2342 4194 siquidem
2379 4123 2561 4176 Patris
2603 4129 2657 4176 et
2704 4119 2825 4173 Filii
2861 4127 2915 4174 et
2951 4116 3192 4187 Spiritus
3227 4111 3404 4167 sancti
3453 4109 3655 4163 deitas.

2078 4215 2467 4271 Verumtamen
2522 4229 2631 4266 non
2688 4208 3154 4281 quemadmodum
3214 4205 3268 4259 in
3323 4214 3659 4270 unoquoque

2076 4315 2393 4364 sanctorum
2430 4320 2553 4360 cum
2586 4313 2670 4358 est
2707 4303 2990 4381 Dens,eos
3021 4296 3350 4362 sanctiﬁcat,
3381 4295 3459 4349 sic
3485 4293 3656 4347 etiam

2075 4407 2159 4455 est
2194 4400 2248 4453 in
2288 4396 2468 4460 Filio.
2513 4394 2608 4451 sed
2642 4396 2761 4465 ipse
2826 4391 3001 4446 Filius
3049 4400 3298 4460 potestas
3340 4396 3423 4441 est
3465 4391 3521 4440 et
3568 4398 3658 4438 sa-

2083 4487 2288 4557 pientia
2322 4484 2507 4539 Patris
2540 4485 2609 4550 ’⁷,
2665 4481 2851 4536 omnia
2887 4479 3009 4549 qua:
3045 4476 3380 4549 participant
3427 4489 3550 4528 cum
3598 4473 3657 4525 in

369 4576 479 4630 τοῦ
515 4578 735 4646 [ἰατρὸς
791 4578 984 4642 οὐσίας
1036 4578 1298 4650 ὑπάρχων
1351 4579 1539 4633 ἀΐδιον.
1586 4579 1811 4632 Ἑαυτὸν
1840 4578 1965 4647 γοῦν

2079 4577 2324 4647 Spiritu,
2366 4576 2759 4632 sanctiﬁcans:
2808 4572 2929 4640 ipse
2981 4584 3114 4624 vero
3167 4581 3361 4621 rursus
3413 4572 3498 4619 est
3548 4578 3658 4617 non

306 4701 313 4707 -
372 4670 811 4725 ἀντιδιαστέλλει
840 4673 956 4733 τοῖς
971 4670 1111 4725 κατὰ
1136 4671 1285 4724 θέσιν
1305 4670 1466 4734 θεοῖς,
1488 4671 1565 4735 ὡς
1599 4670 1760 4734 αὐτὸς
1785 4670 1873 4741 δη)
1885 4688 1975 4723 ον-

372 4763 466 4816 6τι
521 4762 669 4815 κατὰ
699 4761 862 4829 φύσιν
889 4763 1174 4834 ὑπάρχων,
1209 4764 1346 4832 ὅπερ
1388 4760 1617 4824 ἐκείνοις
1654 4763 1712 4814 ὲν
1754 4761 1976 4833 χάριτος

378 4854 550 4925 μέρει
606 4852 1010 4925 προστέθειται.
1067 4854 1157 4907 Διὸ
1204 4855 1333 4919 περὶ
1366 4853 1465 4924 μὲν
1508 4852 1673 4906 αὑτοῦ
1714 4851 1972 4921 λέγεταιο

382 4962 403 4993 ‹
437 4943 540 5007 Τίς
566 4943 753 5013 ὅμοιός
775 4959 858 4997 σοι
879 4945 938 4995 ὲν
960 4942 1123 5007 θεοῖς,
1147 4943 1354 5014 Κύριε;
1385 4962 1404 4995 ι
1430 4943 1506 5006 ὡς
1527 4943 1628 4996 οὐκ
1653 4943 1978 4997 ἐπείσακτον

374 5038 625 5109 ἔχοντος,
656 5039 794 5094 ἀλλὰ
821 5042 1049 5109 φυσικὸν
1076 5043 1137 5094 τὸ
1159 5040 1397 5111 ἀξίωμα.
1436 5041 1547 5095 Καὶ
1588 5041 1750 5094 πάλιν
1774 5056 1787 5071 ο
1824 5060 1842 5093 ι
1879 5041 1975 5105 Τίς

373 5132 441 5184 ὲν
476 5129 741 5199 νεφέλαις
776 5132 1105 5202 ίσωθήσεται
1146 5131 1225 5201 τῷ
1254 5132 1481 5203 Κυρίῳ;
1510 5133 1543 5204 ἢ
1584 5132 1664 5195 τίς
1711 5131 1978 5202 ὁμοιωθή-

300 5283 319 5301 ὶ
377 5237 542 5273 σεται
570 5220 721 5291 αὐτῷ
749 5223 809 5276 ὲν
841 5222 977 5286 υἱοῖς
1011 5223 1181 5289 Θεοῦ;
1208 5243 1224 5275 ι
1257 5224 1388 5277 Ἰδοὺ
1420 5222 1528 5294 γὰρ
1559 5223 1746 5277 ἐνθάδε
1790 5223 1978 5290 σαφῶς

308 5308 319 5316 ”
375 5315 408 5368 6
446 5313 782 5383 Ψαλμῳόὸς,
815 5316 1009 5370 οὐδένα
1038 5318 1227 5386 φησὶν,
1261 5316 1384 5369 οὔτε
1417 5319 1474 5371 ὲν
1512 5317 1853 5386 προφήταις,
1883 5314 1977 5378 οὓς

376 5402 484 5457 καὶ
517 5403 752 5472 νεφέλας
790 5404 1201 5477 τροπικώτερον
1254 5404 1422 5473 λέγει,
1470 5403 1594 5458 οὔτε
1633 5404 1739 5473 μὴν
1771 5405 1830 5454 ὲν
1863 5404 1978 5465 τοῖς

378 5495 467 5556 εἰς
495 5493 726 5564 υίότητα
752 5494 889 5549 Θεοῦ
932 5497 1429 5565 καταταττομένοις
1468 5494 1556 5549 διὰ
1595 5494 1696 5564 τῆς
1731 5492 1974 5564 χάριτος,

460 5692 510 5723 ⁸³
551 5691 706 5747 Psal.
763 5709 918 5763 nu,
954 5696 1007 5753 ‘5.

382 5777 592 5822 Luxv.
623 5763 678 5816 8.

1098 5698 1146 5730 “
1184 5694 1341 5752 Joan.
1380 5711 1447 5759 ιι,
1481 5694 1568 5752 56.
1646 5696 1691 5729 ’⁸
1734 5690 1907 5751 Exod.
1945 5707 2067 5758 xm,
2140 5691 2195 5745 ‘2.

2076 4668 2379 4725 secundum
2411 4668 2651 4736 aliquam
2695 4664 2860 4735 672
2904 4659 3385 4731 participationem
3432 4661 3660 4710 sanctus

2078 4761 2359 4817 cxsistens
2426 4757 2591 4814 sicuti
2627 4771 2769 4819 nos,
2815 4769 2997 4820 neque
3055 4750 3359 4807 secundum
3428 4748 3660 4819 gratiam

2080 4851 2261 4907 Filius
2309 4859 2577 4913 vocatus,
2630 4846 2727 4902 sed
2781 4845 3037 4917 genitura
3068 4851 3290 4898 αξιοι-ηδε
3338 4828 3663 4896 substantiae

2081 4944 2262 4999 Patris
2290 4942 2587 4998 exsistens.
2634 4938 2890 5008 Seipsum
2941 4937 3111 5007 igitur
3140 4932 3434 5004 distinguit
3483 4947 3512 4985 a
3556 4932 3662 4987 diis

2081 5053 2181 5108 per
2223 5036 2615 5106 adoptionem,
2667 5047 2792 5087 cum
2845 5032 2964 5101 ipse
3012 5029 3200 5099 utique
3248 5042 3348 5097 per
3406 5034 3660 5080 naturam

2082 5129 2349 5190 exsistat,
2390 5125 2536 5197 quod
2572 5123 2794 5195 quidem
2826 5123 2936 5178 illis
2960 5122 3083 5175 loco
3112 5119 3305 5190 gratiae
3344 5117 3660 5188 appositum

2084 5225 2189 5272 est.
2236 5216 2362 5271 Ideo
2404 5215 2472 5269 de
2517 5215 2639 5283 ipso
2689 5212 2986 5267 diciturzr
3017 5208 3153 5274 Quis
3203 5208 3262 5262 in
3309 5206 3414 5261 diis
3461 5205 3662 5260 similis

2085 5307 2223 5369 tibi,
2270 5304 2614 5368 Domine"?
2645 5322 2662 5354 ι
2694 5311 2954 5371 tanquam
3002 5288 3116 5353 no‘n
3161 5296 3536 5355 adventitiam.
3566 5294 3659 5348 sed

2083 5400 2391 5454 naturalem
2420 5396 2747 5466 dignitatem
2780 5394 3037 5449 habente.
3067 5392 3134 5446 Et
3157 5404 3355 5444 rursus
3378 5386 3570 5452 :(QUlS
3604 5389 3661 5442 in

2085 5484 2326 5545 nubibus
2356 5487 2666 5558 aequabitur
2691 5484 2968 5541 Domino?
2996 5483 3081 5540 vel
3107 5481 3234 5553 quis
3261 5479 3662 5535 assimilabitur

2315 5689 2361 5722 ’⁸
2394 5686 2500 5743 lsa.
2550 5686 2766 5754 χιιινδ.
2874 5683 2918 5714 ³⁷
2960 5679 3133 5737 lCor.
3170 5664 3223 5750 ι’,
3259 5678 3354 5735 2t.
3423 5664 3468 5701 ”
3510 5674 3656 5732 Psal.
