4104 6460
462 382 523 436 3|
1458 380 1526 437 S.
1568 382 1844 437 CYRILLI
1885 382 2368 439 ALEXANDRINI’
2395 385 2716 441 ARCIIIEP.
3650 390 3737 447 5‘1

463 498 514 552 ei
545 494 602 551 in
638 494 762 551 ﬁliis
795 495 889 551 Dei
921 497 1008 550 ’9?
1039 516 1056 547 ι
1088 495 1227 550 Ecce
1255 496 1398 550 enim
1432 496 1754 568 Psalmistes
1782 500 1886 552 hoc
1916 499 2039 552 loco

2148 500 2256 552 ἴσον
2292 499 2511 553 ἔσεσθαι
2540 500 2617 571 τῷ
2644 518 2783 554 κατα
2815 501 2975 570 φύσιν
3007 502 3138 573 Υῖῴ.
3174 503 3313 572 Περὶ·
3334 504 3388 556 δὲ
3439 502 3593 574 ἡμῶν
3622 504 3716 572 γέ-

464 586 762 642 manifeste
795 588 1072 641 neminem
1111 589 1187 640 ait
1216 595 1308 640 aut
1337 588 1391 641 in
1424 588 1741 656 pmpbetis,
1778 604 1920 659 quos
1948 605 2038 644 ne-

463 678 624 733 bulas
659 685 822 732 vocat
851 679 1061 747 tropice
1089 717 1104 741 ,
1139 687 1234 731 aut
1263 679 1316 731 in
1350 679 1418 732 iis
1449 680 1541 747 qui
1584 695 1681 749 per
1719 681 1950 749 gratiam
1982 682 2037 733 iu

467 769 788 824 ﬁliationem
811 768 904 824 Dei
934 770 1092 824 asciti
1120 780 1270 833 sunt,
1294 770 1557 840 atqualem
1589 770 1707 825 fore
1733 771 2038 824 secundum

465 871 718 914 naturam
749 859 909 915 Filio.
952 859 1026 915 De
1058 862 1214 915 nobis
1249 876 1382 915 vero
1420 863 1691 931 scriptum
1723 871 1808 917 est
1836 884 1849 916 ;
1876 883 1893 913 ι
1932 863 2041 932 Ego

465 953 579 1007 dixi
608 972 620 1007 :
650 952 732 1006 Dii
762 954 898 1008 estis
926 961 980 1007 et
1006 952 1100 1006 ﬁlii
1128 952 1396 1007 Altissimi
1424 970 1615 1010 omnes
1647 975 1659 1009 :
1687 970 1788 1009 vos
1815 970 1947 1010 vero
1981 964 2041 1008 ut

467 1044 720 1099 homines
747 1044 1059 1097 moriemini
1088 1044 1155 1101 ".
1192 1063 1208 1095 ι
1240 1044 1317 1098 Ita
1358 1055 1416 1100 ut
1450 1046 1558 1101 nisi
1601 1063 1762 1101 omne
1796 1049 2036 1102 studium

466 1144 521 1190 et
555 1138 962 1190 contentionem
1015 1135 1437 1191 adltibuerimus
1476 1137 1543 1190 ad
1583 1139 1785 1192 malum
1827 1139 2036 1209 fugien«

466 1226 595 1279 dum
618 1267 632 1290 ,
665 1226 826 1281 facile
849 1228 916 1282 de
943 1242 1134 1282 eorum
1176 1243 1297 1298 quae
1329 1229 1653 1298 accepimus
1685 1231 2040 1298 possessione

464 1318 803 1372 excidemus.
840 1319 1167 1387 Accepimus
1211 1327 1389 1372 autem
1439 1334 1534 1389 per
1575 1321 1843 1389 gratiam,
1890 1330 1948 1374 ut
1987 1328 2063 1383 et,

465 1409 563 1462 ﬁlii
597 1407 690 1464 Dei
717 1418 771 1464 et
795 1411 867 1464 dii
900 1425 1226 1463 vocaremur
1267 1410 1309 1441 ἰ
1332 1451 1345 1475 ,
1386 1426 1508 1479 quae
1542 1411 1765 1480 quidem
1810 1419 2036 1464 natura-

465 1501 593 1554 liter
620 1503 809 1557 insunt
840 1501 1001 1557 Filio.
1042 1501 1233 1572 Magna
1280 1503 1469 1572 itaque
1519 1513 1575 1559 et
1625 1504 1837 1557 inﬁnita
1883 1503 2037 1558 diﬁc-

465 1593 645 1646 rentia
678 1593 821 1646 inter
849 1608 949 1648 nos
981 1594 1281 1649 secundum
1314 1597 1550 1666 gratiam
1594 1606 1819 1651 vocatos
1860 1594 2035 1661 ﬁlios,

462 1692 518 1739 et
545 1698 669 1737 emn
704 1686 795 1753 qui
823 1700 988 1739 verus
1018 1694 1100 1740 est
1137 1701 1203 1740 ac
1237 1687 1543 1740 secundum
1586 1694 1864 1741 naturam.
1899 1685 2036 1742 Ver-

2143 605 2418 657 γραπταιο
2461 611 2476 642 ι
2525 590 2665 659 Ἐγὼ
2692 590 2853 645 εἶπα·
2891 592 3014 645 Θεοί
3036 596 3161 646 ἐστε
3186 593 3280 647 καὶ
3319 594 3423 647 υίοὶ
3462 595 3715 664 Ὑψίστου

2145 681 2347 744 πάντες
2373 698 2387 712 θ
2421 683 2579 751 ὑμεῖς
2605 682 2661 735 δὲ
2686 683 2760 747 ὡς
2784 682 3061 751 ἄνθρωποι
3078 684 3472 757 ἀποθνησκετε.
3513 704 3532 737 ι
3554 686 3717 740 Ὥστε

2144 774 2193 824 εἰ
2226 773 2301 844 μὴ
2340 775 2521 826 πᾶσαν
2555 772 2922 844 ποιησαίμεθα
2944 775 3179 845 σπουδὴν
3218 778 3296 843 είς
3336 777 3397 831 τὸ
3436 780 3719 851 παραιτεῖ-

2148 864 2269 918 σθαι
2297 866 2357 918 τὸ
2387 864 2609 935 φαῦλον,
2640 866 2836 936 ῥᾳδίως
2875 866 2934 931 ἐξ
2962 861 3038 921 ὧν
3070 869 3393 940 εἰλήφαμεν,
3426 871 3719 924 ἀποπεσεῖν

2144 954 2438 1023 δυνάμεθα.
2471 953 2786 1025 Εἰλήφαμεν
2812 955 2869 1008 δὲ
2894 955 3034 1009 κατὰ
3056 956 3213 1028 χάριν
3234 957 3295 1010 τὸ
3318 956 3599 1011 καλεῖσθαι
3624 958 3728 1009 και

2144 1048 2249 1101 υἱοὶ
2280 1045 2416 1099 Θεοῦ
2448 1049 2541 1100 καὶ
2568 1046 2698 1113 θεοὶ,
2731 1046 2766 1100 ἂ
2791 1046 2854 1117 δὴ
2888 1048 3132 1116 φυσικῶς
3170 1050 3429 1120 πρόσεστι
3469 1048 3715 1120 τῷΥἱῷ.

2143 1136 2320 1205 Πολλὴ
2351 1132 2443 1189 οὖν
2477 1137 2571 1189 καὶ
2594 1138 2833 1208 ἄμετρος
2875 1141 2908 1209 ἡ
2936 1134 3192 1210 διαφορῖ
3219 1140 3435 1209 μεταξύ
3462 1157 3518 1192 τε
3559 1139 3716 1210 ἡμῶν

2143 1228 2253 1281 τῶν
2282 1228 2424 1281 κατὰ
2449 1230 2609 1299 χάριν
2638 1229 2992 1301 κεκλημένων
3027 1231 3157 1283 υίῶν
3191 1231 3285 1285 καὶ
3312 1231 3405 1285 τοῦ
3441 1232 3584 1287 κατὰ
3613 1233 3715 1302 φύ-

2146 1337 2229 1372 σιν
2258 1320 2409 1384 ὄντος
2434 1321 2526 1373 καὶ
2556 1320 2832 1392 ἀληθινοῦ.
2863 1324 3038 1392 Λόγον
3065 1322 3122 1376 δὲ
3160 1322 3426 1376 ἀποκαλεῖ
3452 1322 3543 1376 τὸν
3566 1323 3714 1386 Υίὸν,

2143 1414 2172 1463 6
2211 1411 2484 1481 Ἰωάννης,
2519 1412 2724 1482 ταύτην
2774 1413 2921 1483 αὐτῷ
2951 1412 3263 1484 κυριώτατα
3305 1413 3576 1477 ἀνατιθεὶς
3619 1414 3718 1482 τὴν

2146 1503 2463 1573 ἐπωνυμίαν
2494 1505 2588 1556 καὶ
2617 1505 2715 1574 τῆς
2742 1504 2933 1568 οὐσίας
2975 1504 3209 1575 μάλιστα
3249 1504 3611 1574 σημαντικήν.
3655 1504 3736 1556 Εί’

2146 1594 2202 1647 δὲ
2251 1594 2326 1664 μὴ
2357 1594 2516 1662 φύσει
2552 1596 2637 1665 εἴη
2669 1596 2883 1666 καὶτῆς
2929 1595 3118 1658 οὐσίας
3163 1594 3456 1665 δηλωτικὸν
3496 1595 3589 1646 ἐπὶ
3623 1592 3718 1647 τοῦ

2148 1686 2276 1739 Υίοῦ
2299 1687 2358 1739 τὸ
2381 1686 2550 1753 Λόγος
2577 1685 2766 1757 ὄνομα,
2794 1685 3050 1757 σημαίνει
3075 1703 3125 1739 τι
3149 1684 3364 1748 πάντως
3390 1684 3574 1755 ἓτερον
3590 1701 3606 1716 ·
3628 1684 3720 1738 καὶ

463 1772 591 1826 bum
640 1787 770 1827 vero
817 1782 978 1827 vce-at
1039 1772 1238 1827 Filium
1287 1773 1565 1839 Joannes,
1621 1776 1936 1830 attribuens
1987 1776 2033 1829 ci

2148 1777 2329 1846 ζητεῖν
2353 1776 2671 1844 ἀναγκαῖον,
2713 1776 2765 1827 τί
2794 1776 2933 1829 κατὰ
2958 1774 3120 1843 φύσιν
3145 1772 3219 1826 ὢν
3251 1773 3280 1824 6
3322 1772 3474 1834 Υίὸς,
3514 1770 3737 1842 ἐκλήθη,

465 1864 703 1918 maxime
734 1865 955 1934 proprie
982 1865 1122 1919 hanc
1151 1866 1573 1936 appellationem
1599 1904 1614 1929 ,
1651 1872 1709 1920 ut
1733 1881 1856 1936 quae
1888 1866 2040 1919 miri-

466 1954 622 2005 ficam
654 1953 763 2006 vim
794 1954 1145 2023 signiﬁcandi
1179 1956 1549 2010 substantiam
1589 1956 1712 2025 ejus
1751 1956 1939 2010 habet.
1983 1956 2039 2010 Si

464 2059 595 2098 vero
621 2041 861 2099 Verbum
893 2061 1089 2101 nomen
1116 2057 1316 2101 natura
1345 2064 1453 2102 non
1486 2048 1756 2118 signiﬁcet
1784 2049 2041 2103 substan-

465 2137 597 2189 tiam
632 2137 685 2190 in
725 2136 896 2203 Filio,
928 2139 1156 2192 omnino
1190 2137 1468 2208 signiﬁcat
1502 2138 1650 2192 aliud
1674 2178 1688 2201 ,
1725 2146 1779 2193 ct
1814 2154 2043 2194 necesse

463 2235 551 2283 est
579 2244 828 2298 quaerere
862 2231 995 2300 quid
1028 2231 1305 2287 exsistens
1333 2229 1506 2285 Filius
1535 2231 1840 2285 secundum
1875 2244 2041 2285 natu-

464 2335 582 2374 ram
614 2319 853 2376 Verbum
881 2330 1112 2376 vocatus
1139 2330 1224 2377 est
1255 2363 1270 2386 ,
1297 2323 1340 2376 si
1375 2339 1482 2376 non
1520 2322 1889 2377 substantiam
1919 2323 2043 2391 ejus

466 2425 667 2466 nomen
701 2413 926 2467 iudicat.
952 2411 1133 2468 Veluti
1165 2431 1288 2469 cum
1315 2415 1443 2484 quis
1466 2413 1602 2468 dicit
1629 2412 1849 2467 fabrum
1876 2454 1890 2477 ,
1924 2423 2039 2468 sta-

465 2504 747 2570 tuarium,
796 2507 1069 2572 scribam,
1118 2522 1227 2561 non
1277 2506 1538 2561 delinitur
1569 2506 1700 2576 quid
1729 2501 1808 2560 sit
1836 2522 2043 2563 secun-

465 2598 598 2651 dum
652 2605 907 2677 naturam
958 2599 1009 2653 id
1061 2599 1206 2668 quod
1265 2600 1632 2668 signiﬁcatur,
1689 2598 1784 2652 sed
1827 2607 2039 2651 tantum

463 2701 629 2757 quam
670 2697 842 2743 artem
883 2688 1132 2757 factitet,
1175 2690 1442 2744 ostendit.
1483 2689 1540 2744 Si
1583 2690 1754 2760 igitur
1793 2690 1901 2743 hoc
1943 2704 2042 2744 no-

464 2793 588 2832 men
646 2794 755 2832 non
807 2781 1081 2850 signiﬁcet
1132 2782 1502 2836 substantiam
1558 2780 1716 2845 Filii,
1760 2789 1814 2836 et
1842 2782 2041 2863 ‘vocari

466 2867 704 2924 Verbum
741 2887 852 2925 non
892 2871 1136 2927 declaret
1191 2875 1372 2942 ipsum
1422 2872 1555 2943 Quid
1611 2874 1681 2928 sit
1734 2874 2043 2929 secundum

467 2969 721 3014 naturam
745 3001 759 3024 ,
787 2962 883 3016 sed
914 2968 1045 3031 puta
1065 3002 1080 3025 ,
1110 2963 1256 3033 quod
1281 2964 1357 3018 sit
1385 2967 1507 3033 eius
1536 2964 1884 3019 institutum:
1913 2964 2041 3034 quid

465 3051 671 3106 frustra
700 3054 1092 3123 evangelistam
1129 3052 1419 3116 miramur,
1443 3066 1496 3110 et
1519 3072 1785 3125 quorsum
1817 3065 2044 3110 vocatus

2143 1869 2335 1935 Λόγος,
2386 1869 2435 1919 εἱ
2485 1866 2560 1937 μὴ
2601 1867 2701 1937 τὴν
2730 1866 2917 1920 οὐσίαν
2950 1866 3115 1920 αὑτοῦ
3157 1865 3410 1937 σημαίνει
3438 1864 3496 1916 τὸ
3526 1862 3716 1932 ὄνομα.

2129 1953 2269 2012 ,Οἶον
2288 1999 2302 2023 ,
2342 1957 2576 2011 τέκτονά
2620 1975 2704 2022 τις
2740 1956 2907 2010 εἰπὼν
2936 1956 2969 2027 ἢ
3002 1955 3241 2021 λιθοξόον
3269 1955 3302 2024 ἢ
3332 1952 3715 2024 ταχυγρὰφον,
3742 1976 3755 1985 τ

2141 2051 2201 2101 οὐ
2231 2049 2283 2101 τί
2310 2051 2424 2101 ἐστι
2453 2048 2593 2101 κατὰ
2627 2049 2788 2117 φύσιν
2811 2048 2871 2100 τὺ
2895 2047 3293 2117 σημαινόμενον
3317 2044 3581 2115 ὁρίζεται,
3601 2042 3736 2096 ἀλλ’·

2141 2136 2252 2192 οἷον
2285 2138 2396 2208 ἔχει
2427 2138 2487 2191 τὸ
2520 2140 2859 2210 ἐπιτήδευμα
2907 2138 3122 2209 μηνύει.
3180 2138 3244 2191 Et
3295 2137 3473 2190 τοίνυν
3506 2137 3569 2189 ού
3619 2135 3720 2203 τὴν

2142 2230 2330 2284 οὐσίαν
2359 2230 2453 2283 τοῦ
2480 2230 2610 2283 Υίοῦ
2650 2231 2909 2301 σημαίνει
2934 2229 3192 2300 τούνομα,
3218 2229 3313 2283 καὶ
3345 2227 3407 2281 τὸ
3438 2227 3719 2280 καλεῖσθαι

2143 2322 2335 2389 Λόγον,
2359 2321 2417 2374 ού
2449 2320 2501 2373 τί
2526 2323 2640 2374 ἐστι
2665 2322 2804 2374 κατὰ
2827 2320 3009 2389 φύσιν,
3040 2320 3370 2391 παρίστησιν
3387 2308 3569 2382 αὑτὸν,
3586 2318 3722 2371 ἀλλὰ

2144 2415 2276 2485 φέρε
2307 2416 2502 2480 εἰπεῖν,
2540 2410 2651 2468 οἷον
2683 2414 2797 2484 ἔχει
2829 2414 2889 2467 τὸ
2916 2414 3292 2485 ἐπιτήδευμα·
3333 2414 3386 2466 τί
3432 2413 3609 2483 μάτην
3629 2413 3720 2465 τὸν

2143 2511 2536 2581 εύαγγελιστὴν
2582 2508 2972 2581 θαυμάζομενς
3016 2510 3133 2573 πῶς
3166 2509 3224 2561 δὲ
3254 2509 3348 2563 καὶ
3374 2507 3578 2578 ἐκλήθη
3606 2505 3740 2569 υἱός,

2147 2604 2394 2675 βροντῆς.
2415 2603 2491 2666 ὡς
2524 2603 2665 2674 μέγα
2688 2620 2738 2655 τι
2774 2602 3013 2672 λαλήσας
3053 2602 3146 2654 καὶ
3178 2601 3483 2672 ὑπέρογκον
3504 2616 3515 2627 ·
3545 2599 3719 2652 καίτοι

2144 2694 2358 2758 πολλοῖς
2388 2695 2644 2764 ὀνόμασιν
2700 2693 3082 2763 ἀποκαλούσης
3126 2692 3216 2746 τὸν
3261 2692 3388 2745 Υἱδν
3421 2692 3521 2761 τῆς
3570 2690 3723 2751 θείας

2144 2786 2397 2857 Γραφῆςς
2461 2785 2626 2839 Ἀλλὰ
2676 2785 2847 2853 Λόγον
2884 2783 3120 2855 εἰρηκὼς
3144 2825 3157 2847 ,
3208 2782 3509 2852 παράδοξόν
3541 2799 3594 2833 τι
3629 2780 3741 2833 καῖ.

2147 2877 2422 2947 ὑπερφυὲς
2466 2875 2769 2945 ἐφθέγξατο
2796 2918 2810 2938 ,
2869 2876 2962 2928 καὶ
3019 2874 3172 2927 οὐδὲν
3215 2873 3400 2943 ἕτερον
3451 2873 3543 2925 ἐπὶ
3576 2870 3723 2941 αὐτῷ

2146 2968 2570 3040 προστέθεικεν,
2610 2962 2720 3020 οἷον
2772 2967 2865 3020 ἐπὶ
2903 2965 2997 3019 τοῦ
3045 2964 3259 3018 Παύλου
3316 2966 3585 3034 φαίνεται,
3639 2953 3752 3025 τὸς

2152 3077 2169 3108 ι
2210 3057 2421 3118 Παῦλος
2450 3055 2745 3120 ἀπόστολος
2768 3072 2782 3084 ’
2822 3075 2841 3106 ι
2864 3055 3112 3125 ἠρκέσθη
3146 3053 3202 3106 δὲ
3227 3053 3304 3124 τῷ
3338 3054 3532 3111 εἰπεῖν,
3563 3052 3592 3103 ὁ
3623 3051 3725 3103 Λό-

466 3152 556 3197 cst
609 3143 756 3199 ﬁlius
814 3145 1082 3211 tonitrui,
1125 3155 1390 3216 tanquam
1434 3163 1689 3217 magnum
1734 3148 1950 3217 aliquod
1993 3161 2044 3201 et

2148 3165 2261 3216 γος,
2285 3149 2364 3210 εἰς
2392 3148 2451 3199 τὸ
2483 3150 2830 3217 παραστῆσαι
2873 3144 2970 3199 τοῦ
3001 3145 3129 3198 Υἱοῦ
3170 3145 3269 3214 τὴν
3304 3143 3488 3198 ούσίαν
3516 3159 3529 3172 ·
3565 3139 3741 3202 αὐτὸς

469 3235 707 3290 sublime
763 3235 1023 3301 locutus,
1079 3238 1209 3293 licet
1255 3232 1440 3293 divina
1496 3238 1783 3310 Scriptura
1853 3239 2044 3294 multis

470 3327 791 3385 nominibus
822 3327 1020 3384 Filium
1059 3331 1430 3402 indigitante?
1464 3334 1533 3387 At
1570 3348 1696 3387 cum
1738 3333 1877 3387 dixit
1914 3331 2048 3386 Ver-

469 3419 599 3473 bum
619 3460 633 3484 ,
660 3420 986 3476 admirabile
1009 3424 1284 3493 quoddam
1304 3433 1358 3479 et
1382 3425 1806 3495 supernaturale
1829 3423 2046 3477 locutus

469 3519 588 3575 est,
630 3512 881 3582 nihilque
914 3514 1063 3568 aliud
1105 3516 1154 3570 ci
1202 3515 1437 3585 adjecit,
1479 3526 1540 3570 ut
1588 3531 1815 3571 eernere
1856 3522 1943 3570 est
1981 3515 2048 3568 de

470 3602 644 3658 Paulo
666 3645 681 3669 ,
722 3605 860 3668 hoc,
891 3624 909 3657 ι
932 3605 1136 3662 Paulus
1171 3610 1495 3678 apostolus:
1531 3628 1548 3661 ι
1573 3617 1866 3663 contentus
1917 3620 2048 3659 vero

471 3702 558 3749 est
579 3695 785 3761 dicere,
806 3695 1043 3752 Verbum
1068 3738 1083 3761 ,
1112 3699 1178 3752 ad
1209 3688 1596 3755 declarandam
1629 3697 1752 3753 Filii
1783 3699 2048 3753 substan-

472 3784 642 3850 tiam;
670 3787 787 3855 ipse
817 3786 985 3856 igitur
1008 3796 1091 3842 est
1119 3804 1306 3843 verum
1334 3789 1578 3845 Verbum
1609 3788 1827 3850 Patris,
1857 3796 1915 3841 et
1942 3803 2048 3841 non

473 3877 622 3933 alius
649 3880 941 3949 quisquam
970 3889 1168 3951 praeter
1196 3883 1371 3937 illum.
1397 3882 1552 3949 Quod
1584 3881 1645 3945 εἰ,
1660 3882 1731 3935 ob
1757 3880 1899 3934 hanc
1921 3895 2053 3934 cau-

474 3986 591 4025 sam
632 3973 1021 4028 existimarunt
1061 3976 1250 4032 hostes
1288 3976 1497 4031 Christi
1540 3990 1648 4029 non
1687 3989 1811 4029 esse
1849 3971 2049 4026 Filium

473 4061 623 4117 Patri
666 4066 1200 4123 consubstantialem
1224 4107 1238 4132 ,
1271 4068 1493 4137 quando
1523 4082 1705 4136 neque
1733 4065 1897 4121 Pater
1924 4065 2053 4119 Ver-

474 4154 606 4210 bum
633 4197 648 4221 ,
691 4172 873 4228 neque
913 4156 1154 4214 Verbum
1197 4161 1362 4215 Pater
1386 4201 1401 4225 ,
1438 4168 1494 4214 et
1528 4159 1797 4213 unitatem
1837 4165 2053 4212 naturae

472 4247 635 4318 673
672 4247 982 4305 differentia
1014 4254 1296 4307 nominum
1332 4251 1508 4308 scindi
1540 4250 1937 4315 crediderunt,
1967 4250 2053 4303 di-

475 4346 603 4391 cant
631 4340 795 4396 nobis
822 4344 1101 4412 quomodo
1130 4345 1452 4415 progenitor
1479 4343 1652 4398 Adam
1685 4342 2054 4396 consubstan-

2147 3241 2257 3310 ἄρα
2276 3238 2424 3290 ἐστὶν
2451 3241 2479 3291 6
2504 3238 2757 3307 ἀληθινὸς
2779 3237 2952 3304 Λόγος
2978 3236 3072 3289 τοῦ
3098 3234 3331 3304 Πατρδις,
3365 3233 3458 3285 καλ⁵
3484 3233 3581 3301 οὐχ
3610 3231 3725 3284 ἓτε-

2149 3329 2239 3398 ρός
2258 3344 2343 3390 τις
2376 3327 2506 3397 παρ’
2532 3327 2759 3379 ἐκεῖνον.
2796 3327 2857 3378 El
2884 3327 2940 3379 δὲ
2973 3326 3061 3378 διὰ
3088 3325 3294 3394 ταύτην
3332 3322 3604 3376 ὑπέλαϐον
3629 3321 3727 3390 τὴν

2147 3418 2328 3472 αἰτίαν
2357 3418 2406 3469 οί
2445 3416 2827 3487 χριστομάχοι,
2888 3416 2963 3487 μὴ
2992 3411 3132 3469 εἶναι
3165 3415 3258 3467 τὸν
3288 3413 3414 3466 Υἱὸν
3443 3412 3748 3484 ὀμοούσιον-

2148 3510 2226 3580 τῷ
2256 3507 2449 3577 Πατρὶ,
2480 3507 2602 3559 ἐπεὶ
2634 3508 2772 3577 μήτε
2802 3509 2830 3560 6
2868 3507 3078 3579 Πατὴρ,
3108 3507 3301 3574 Λόγος,
3329 3507 3466 3576 μήτε
3493 3508 3522 3559 6
3557 3505 3727 3572 Λόγος

2150 3604 2341 3673 Πατήρ
2363 3620 2375 3634 ο
2429 3604 2522 3656 καὶ
2561 3603 2660 3672 τὴν
2717 3601 2944 3670 ἑνότητα
2973 3599 3069 3668 τῆς
3113 3598 3348 3667 φύσεως,
3376 3597 3454 3668 τῷ
3487 3597 3729 3667 διαφόρῳ

2149 3693 2257 3746 τῶν
2283 3695 2565 3764 ὀνομάτων
2591 3690 2974 3762 διατέμνεσθαι
3012 3691 3444 3743 πεπιστεύκασι·
3494 3691 3729 3757 λεγέτω·

2154 3801 2253 3838 σαν
2280 3786 2435 3854 ἡμῖν,
2478 3784 2596 3847 πῶς
2621 3786 2649 3837 ὁ
2697 3782 2999 3853 προπάτωρ
3043 3782 3217 3853 Ἀδὰμ
3257 3783 3537 3853 ὁμοούσιος
3576 3783 3730 3835 ἔσται

2152 3875 2287 3946 πρὸς
2327 3876 2415 3929 τὸν
2447 3874 2506 3942 ἔξ
2528 3874 2691 3929 αὐτοῦ
2724 3876 3008 3945 γεγονότα,
3036 3875 3160 3929 οὔτε
3203 3875 3368 3938 αὐτδς
3390 3858 3565 3928 ’Ἅϐελ
3594 3871 3731 3928 εἶναι

2152 3965 2469 4036 δυνάμενος,
2487 3964 2610 4019 οὔτε
2641 3965 2747 4037 μὴν
2772 3966 2864 4019 τοῦ
2898 3965 3064 4019 ’Ἅϐελ
3097 3968 3357 4037 ἐσομένου
3382 3966 3730 4036 ποτὲᾋδὰμς

2154 4059 2268 4112 ἀλλ’
2300 4060 2398 4112 οὐκ
2431 4057 2651 4113 ἐκϐαλεῖ
2690 4058 2789 4129 τῆς
2828 4058 3016 4122 οὐσίας
3064 4058 3164 4130 τὴν
3203 4058 3508 4129 ταυτότητα
3552 4060 3585 4128 ἡ
3624 4057 3734 4111 τῶν

2154 4150 2433 4221 ὀνομάτων
2456 4146 2709 4221 διαφορά.
2752 4151 2813 4203 El
2840 4150 2894 4203 δὲ
2920 4151 3079 4204 τοῦτο
3108 4152 3200 4203 ἐπὶ
3233 4150 3467 4222 γενητῆς
3494 4150 3589 4204 καὶ
3613 4167 3733 4203 κτι-

2158 4243 2288 4312 στῆς
2322 4241 2557 4310 φύσεως,
2593 4242 2712 4306 πῶς
2732 4243 2833 4295 ούκ
2868 4242 3061 4306 ἀσεϐὲς
3094 4243 3188 4295 ἐπὶ
3217 4243 3314 4313 τῆς
3343 4243 3605 4313 ἀγενήτου
3635 4243 3736 4310 φύ-

2159 4351 2295 4397 σεως
2318 4334 2493 4386 έκεῖνο
2510 4333 2755 4400 δοξάζειν
2781 4334 2959 4388 πάντα
2978 4334 3379 4405 ὑπερκειμένης
3400 4333 3469 4386 τὰ
3497 4333 3733 4402 γενητά;
3804 4366 3807 4369 -

476 4428 624 4483 tialis
654 4432 759 4484 erit
801 4446 831 4484 a
868 4448 927 4488 se
970 4435 1195 4504 genito,
1244 4449 1367 4489 cum
1424 4448 1528 4488 nec
1574 4434 1692 4501 ipse
1741 4430 1878 4485 Abel
1925 4443 2045 4484 esse

2156 4427 2232 4489 ὼς
2259 4420 2352 4479 οὖν
2390 4426 2546 4497 εἴπερ
2571 4422 2639 4497 ἦν
2668 4427 2996 4496 ἑτερούσιος,
3024 4426 3125 4479 οὐκ
3149 4424 3216 4479 ἂν
3235 4422 3301 4496 ἦν
3343 4426 3516 4494 Λόγος
3549 4424 3737 4495 ἀληθι-

476 4520 682 4588 possit,
741 4538 919 4591 neque
975 4500 1199 4579 futurus
1260 4524 1332 4579 sit
1386 4500 1629 4593 unquam
1682 4520 1899 4575 Adam:
1955 4517 2045 4573 sed

2160 4518 2268 4581 νὸς,
2311 4515 2484 4582 οὕτως
2532 4517 2830 4588 ἐπειδήπερ
2881 4519 3028 4574 ἐστιν
3050 4518 3355 4588 ὁμοούσιος,
3382 4515 3633 4587 ἀληθινὸς
3672 4515 3738 4568 ἂν

478 4609 821 4667 identitatem
852 4624 1065 4671 natura;
1103 4630 1387 4685 nunquam
1426 4616 1580 4670 tollet
1621 4613 1904 4668 nominum
1942 4609 2052 4665 dif-

2163 4612 2246 4682 είη
2270 4611 2461 4679 Λόγος.

478 4704 909 4776 ferentia.Quod
950 4711 997 4765 si
1038 4711 1144 4765 hoc
1204 4710 1444 4780 ingenita
1484 4720 1541 4765 et
1578 4716 1767 4763 creata
1809 4716 2005 4761 natura
2040 4706 2136 4770 sit,
2171 4704 2451 4774 quomodo
2497 4721 2607 4759 non
2644 4706 2872 4776 impium
2909 4712 2993 4761 est
3032 4704 3164 4759 illud
3198 4703 3411 4775 epinari
3451 4703 3505 4757 in
3543 4709 3740 4756 natura

477 4799 743 4869 ingenita,
776 4813 829 4857 et
864 4804 1046 4857 omnia
1086 4804 1272 4875 genita
1310 4800 1806 4873 supergrediente?
1847 4807 1906 4853 ut
1948 4799 2135 4867 igitur,
2174 4800 2221 4851 si
2262 4806 2412 4852 esset
2448 4797 2590 4853 alius
2624 4798 2976 4863 substantias,
3023 4812 3134 4852 non
3179 4806 3326 4852 esset
3365 4810 3555 4851 verum
3606 4792 3742 4849 Ver-

476 4891 606 4946 bum
629 4932 643 4957 ,
689 4894 760 4947 ita
797 4894 924 4961 quia
949 4903 1034 4949 est
1055 4895 1542 4953 consubtantialis.
1573 4908 1762 4947 verum
1803 4892 1994 4961 utique
2030 4889 2268 4946 Verbum
2303 4889 2561 4945 exsistet.

548 4988 618 5052 Χ,
652 4991 741 5045 57.
778 4989 837 5044 Si
867 5007 970 5043 non
1002 4990 1149 5059 {acia
1188 4984 1347 5057 o‘pera
1392 4988 1571 5042 Patris
1610 4988 1734 5053 mei,
1760 5004 1822 5041 ne
1858 4986 2057 5040 credite

479 5080 627 5143 mihi,
657 5092 765 5136 etc.
1520 5148 1531 5155 ο

550 5171 703 5238 Quod
732 5171 888 5234 dicit,
917 5170 1236 5239 huiusmodi
1273 5179 1378 5228 est.
1410 5170 1865 5240 Quandoquidem
1898 5170 2059 5225 facile

480 5273 564 5318 est
597 5271 655 5317 ut
681 5263 881 5331 aliquis
917 5262 1070 5315 dicat
1109 5272 1320 5330 patrem
1354 5279 1514 5319 suum
1534 5253 1742 5327 ‘Deum,
1776 5262 1871 5317 sed
1914 5261 2057 5316 (ΙὶΠὶ-

484 5355 609 5419 cile,
642 5354 753 5407 imo
779 5367 945 5421 supra
978 5360 1192 5410 natum
1215 5362 1414 5409 creatae
1436 5355 1544 5409 vim
1574 5355 1837 5424 positum,
1864 5362 1922 5407 ut
1952 5353 2057 5407 hoc

486 5458 545 5500 re
573 5451 627 5499 et
658 5442 870 5499 eﬁ‘ectis
900 5430 1155 5501 ostendat
1195 5464 1207 5501 :
1245 5463 1341 5516 per
1384 5462 1469 5511 ea,
1513 5446 1713 5517 inquit,
1754 5461 1877 5516 quae
1909 5454 2058 5499 recte

485 5541 539 5589 et
573 5534 967 5591 convenienter
1008 5535 1117 5592 Deo
1174 5537 1334 5601 facio,
1363 5539 1593 5608 aequalis
1643 5537 1754 5591 Deo
1802 5543 1857 5591 et
1909 5534 2055 5589 Patri

483 5640 705 5695 cet-nor,
737 5640 839 5681 nec
866 5641 1091 5685 causam
1139 5628 1327 5686 dicere
1356 5630 1587 5702 potestis
1641 5644 1742 5685 cur
1775 5642 1886 5683 non
1934 5640 2056 5683 cre-

2234 4987 2305 5039 Εἰ
2358 4985 2431 5038 οὺ
2464 4983 2612 5037 ποιῶ
2653 4982 2727 5036 τὰ
2771 4982 2916 5052 ἔργα
2946 4981 3051 5036 τοῦ
3090 4982 3323 5050 Πατρός
3347 4998 3490 5051 μου,
3514 4980 3602 5049 μὴ
3645 4998 3741 5035 πι-

2163 5074 2408 5132 στεύετέ
2432 5093 2555 5144 μοι,
2588 5075 2684 5129 καὶ
2708 5074 2779 5128 τὰ
2807 5075 2956 5145 ἑξῆς.

2240 5169 2306 5219 Ὃ
2345 5167 2514 5234 λέγει,
2554 5164 2791 5218 τοιοῦτόν
2832 5166 2999 5217 ἐστιν.
3059 5162 3277 5233 Ἐπειδὴ
3308 5160 3368 5213 τὸ
3414 5162 3590 5213 εἰπεῖν
3622 5176 3742 5212 τινα

2165 5260 2379 5331 πατέρα
2411 5260 2501 5312 τὸν
2531 5257 2664 5312 Θεὸν
2708 5256 2963 5326 εύχερές’
2999 5255 3060 5309 τὸ
3090 5254 3189 5326 μέν
3226 5270 3308 5305 τοι
3351 5250 3522 5316 δεῖξαι
3548 5250 3619 5303 δι’
3651 5250 3744 5321 ἔρ-

2164 5370 2299 5422 γων,
2331 5349 2490 5404 τοῦτο
2515 5348 2774 5419 δυσχερὲς
2808 5348 2900 5401 καὶ
2938 5340 3199 5401 ἀδύνατον
3224 5348 3288 5416 τῇ
3325 5345 3519 5398 κτίσεν
3556 5344 3636 5397 Δι’
3665 5338 3742 5398 ὧν

2166 5442 2440 5514 κατορθῶ,
2473 5439 2607 5512 φησὶ
2631 5480 2645 5502 ,
2677 5439 3000 5511 θεοπρεπῶς
3023 5477 3038 5502 ,
3081 5437 3192 5500 ἴσος
3226 5437 3486 5506 φαίνομαι
3516 5432 3595 5505 τῷ
3622 5434 3741 5505 Θεῷ

2167 5535 2262 5589 καὶ
2289 5533 2460 5604 Πατρί
2484 5549 2498 5563 ·
2532 5532 2626 5585 καὶ
2651 5531 2879 5601 οὐδεμία
2903 5532 3029 5601 ὑμῖν
3055 5528 3318 5596 ἀπολογία
3343 5522 3648 5588 ἀπιστοῦσι,
3672 5527 3740 5596 τῇ

2168 5626 2334 5698 πείρα
2358 5624 2643 5695 μαθοῦσιν,
2675 5623 2760 5678 ὅτι
2797 5622 2908 5685 ἴσος
2939 5621 3054 5691 εἰμὶ
3075 5620 3152 5692 τῷ
3181 5618 3378 5691 Πατρὶ,
3415 5619 3483 5674 δι’
3505 5613 3581 5675 ὧν
3607 5614 3744 5672 ποιῶ

560 5806 603 5838 ³⁸
644 5806 791 5865 Psal.
824 5822 1092 5878 Lxxmn,
1129 5813 1179 5871 7.
1259 5812 1301 5845 ³ο
1341 5812 1486 5871 Psal.
1522 5828 1724 5881 LXXXI,
1757 5812 1824 5878 6,
1867 5810 1919 5867 7.
1997 5811 2036 5841 ⁸⁸

2148 5806 2293 5865 loan.
2328 5821 2423 5876 ιιι,
2457 5807 2506 5861 l.
2590 5790 2599 5800 ’
