4104 6432
398 377 483 434 35
1257 373 1334 431 1N
1374 376 1825 434 JOANNEMQ—
1869 377 1996 436 LIB.
2020 377 2110 435 VII
2147 377 2232 432 ET
2271 375 2383 431 \‘lll
2420 375 2863 468 FRAGMENTA.
3611 385 3681 437 54

407 488 739 562 θεοπρεπιῖη
787 486 965 559 ἔργων
993 528 1008 554 ,
1043 488 1091 540 εἰ
1122 487 1216 540 καὶ
1254 488 1342 559 διὰ
1373 487 1473 559 τὴν
1517 490 1697 561 σάρκα
1733 488 1889 553 ἔδοξά
1913 506 1997 553 τις

2103 488 2270 555 datis,
2304 502 2432 543 cum
2486 489 2823 558 experientia
2856 486 3166 544 didiceritis
3200 504 3284 545 me
3318 490 3462 546 Patri
3492 510 3680 566 xequa-

403 576 554 637 εἶναι
584 582 715 650 παρ’
740 580 889 650 ὑμῖν,
920 578 997 642 ὡς
1019 572 1098 643 εἷς
1114 577 1223 632 τῶν
1254 579 1488 632 πολλῶν.
1526 579 1807 632 Ἐντεῦθεν
1844 579 2002 632 δυνα-

404 672 503 725 τὸν
534 673 737 725 ἐννοεῖν
767 671 850 724 ὅτι
892 688 910 721 ι
948 669 1090 737 Ἐγὼ
1124 671 1182 722 ἐν
1207 668 1284 739 τῷ
1307 670 1484 740 Πατρὶ
1521 670 1616 723 καὶ
1651 671 1678 722 6
1707 670 1895 740 Πατὴρ
1942 672 2000 722 ὲν

406 764 562 833 ιμοί.
596 782 616 814 ι
664 762 728 815 Ἥ
766 762 877 830 γὰρ
921 763 1021 831 τῆς
1048 760 1237 822 οὐσίας
1264 760 1553 830 ταυτότης,
1580 758 1670 812 τὸν
1695 759 1914 829 Πατέρα
1942 761 1999 811 ἐν

406 852 530 923 Υίῷ
551 855 647 907 καὶ
679 853 772 906 τὸν
804 852 931 906 Υἱὸν
958 854 1015 905 ἐν
1045 846 1393 922 Πατρὶεῖναι
1434 851 1529 904 καὶ
1567 850 1797 921 ὁρᾶσθαι
1833 851 1997 906 ποιεῖ.

405 944 526 998 Καὶ
557 944 667 1015 γὰρ
699 944 796 997 καὶ
840 945 925 1011 ἐφ’
977 943 1135 1013 ἡμῶν
1175 946 1208 1013 ἡ
1250 942 1344 995 τοῦ
1381 942 1593 1011 Πατρδς
1642 941 1799 1012 ἡμῶν
1841 941 1998 994 οὐσία

406 1033 743 1102 γινώσκεται
773 1036 832 1087 ὲν
882 1033 959 1102 τῷ
998 1033 1128 1102 παρ’
1175 1033 1341 1087 αὐτοῦ
1395 1034 1664 1104 τεχθέντι,
1692 1036 1786 1086 καὶ
1817 1035 1875 1087 ὲν
1922 1032 2001 1104 τῷ

406 1123 629 1177 τεκόντι
664 1122 825 1176 πάλιν
857 1125 890 1191 ή
932 1122 1029 1175 τοῦ
1070 1123 1373 1193 τεχθέντος.
1421 1120 1517 1188 Εἷς
1549 1126 1659 1198 γὰρ
1696 1127 1753 1177 ἐν
1779 1126 1944 1178 πᾶσιν
1972 1127 2002 1179 6

406 1216 511 1281 τῆς
538 1214 755 1284 φύσεως
780 1214 926 1284 ὄρος,
955 1215 1051 1268 καὶ
1086 1214 1143 1269 ἓν
1174 1218 1224 1269 οἱ
1251 1218 1451 1279 πάντες
1479 1219 1545 1289 τῇ
1595 1216 1776 1287 φύσει.
1825 1218 1912 1272 Ἐν
1941 1217 2001 1271 δὲ

407 1306 495 1378 τῷ
514 1306 947 1377 διακεχωρίσθαι
989 1308 1139 1377 ἡμᾶς
1177 1310 1291 1372 τοῖς
1339 1308 1622 1379 σώμασιν,
1654 1309 1834 1363 οὐκέτι
1871 1310 1928 1363 ἓν
1950 1310 2001 1363 οἱ

408 1396 637 1451 πολλοί·
685 1397 824 1467 ὅπερ
852 1398 954 1450 οὐκ
995 1397 1144 1451 ἔστιν
1194 1401 1369 1452 εἰπεῖν
1409 1402 1501 1453 ἐπὶ
1544 1401 1639 1456 τοῦ
1673 1403 1811 1456 κατὰ
1841 1403 2002 1472 φύσιν

406 1488 574 1545 Θεοῦ.
620 1488 936 1559 Ἀσώματον
958 1489 1068 1562 γὰρ
1089 1492 1150 1544 τὸ
1177 1491 1338 1556 θεῖον,
1386 1494 1435 1545 εἰ
1464 1494 1559 1546 καὶ
1578 1496 1635 1546 ὲν
1672 1493 2003 1558 ἰδιαζούσαις

409 1578 689 1649 ὐπὰρξεσι
711 1580 811 1649 τὴν
828 1579 991 1647 ἁγίαν
1011 1580 1242 1651 νοοῦμεν
1264 1582 1493 1652 Τριάδα.
1518 1582 1707 1654 Πατὴρ
1731 1584 1839 1655 γάρ
1857 1585 2002 1638 ἐστιν

407 1672 437 1722 6
472 1670 691 1740 Πατὴρ,
728 1670 822 1722 καὶ
849 1670 949 1740 οὐχ
979 1670 1109 1734 Υἱός
1131 1686 1145 1699 ο
1171 1670 1300 1735 Υἱὸς
1336 1672 1394 1725 δὲ
1423 1672 1585 1726 πάλιν
1614 1674 1642 1725 6
1670 1674 1796 1736 Υἱὸς
1820 1675 1912 1728 καὶ
1937 1677 1996 1729 οὐ

2104 581 2209 635 lem
2260 595 2405 646 esse,
2434 594 2502 634 ex
2554 580 2626 635 iis
2664 579 2929 649 operibus
2976 594 3097 648 qua:
3134 579 3275 635 facio
3318 579 3428 636 Deo
3475 599 3680 638 convc-

2104 672 2411 735 nicutibus,
2458 672 2567 726 etsi
2625 680 2850 741 pr0pter
2905 685 3123 724 carnem
3167 671 3318 727 visus
3370 674 3473 727 sint
3525 675 3683 729 vobis

2103 772 2367 830 tanquam
2399 778 2544 818 unus
2571 777 2601 817 e
2628 763 2813 830 vulgo.
2850 759 3008 817 Unde
3037 770 3217 831 potest
3250 763 3484 834 intelligi
3510 765 3681 834 quod,

2110 870 2128 904 ι
2167 851 2281 922 Ego
2315 854 2370 907 in
2412 852 2592 919 Patre,
2615 860 2669 907 et
2699 854 2866 907 Pater
2893 852 2946 905 in
2985 868 3071 907 rue
3095 855 3160 907 ".
3198 874 3216 906 ι
3262 853 3395 909 Nam
3424 857 3686 911 substan-

2103 946 2197 999 tia:
2230 944 2494 1000 identitas
2528 945 2749 999 Patrem
2782 942 2863 999 ‘in
2913 944 3054 1000 Filio
3086 955 3141 1001 et
3186 944 3386 1000 Filittm
3420 947 3470 1001 in
3519 946 3684 1003 Patre

2102 1052 2227 1091 esse
2268 1052 2333 1091 ac
2372 1035 2543 1091 videri
2577 1035 2728 1091 facit.
2751 1035 2968 1090 Etenim
3003 1037 3173 1092 etiam
3214 1038 3270 1091 in
3308 1039 3467 1093 nobis
3501 1038 3682 1096 Patris

2104 1126 2280 1181 nostri
2316 1126 2630 1181 substantia
2677 1125 3042 1194 cognoscitur
3078 1125 3131 1178 in
3175 1140 3241 1179 eo
3268 1142 3426 1194 quem
3470 1128 3680 1197 genuit,

2101 1225 2159 1272 et
2191 1217 2435 1274 vicissim
2476 1217 2532 1271 in
2577 1217 2825 1287 genitore
2865 1209 3054 1286 geniti.
3088 1215 3245 1271 Unus
3287 1217 3433 1271 enim
3476 1219 3531 1273 in
3564 1234 3685 1273 orn-

2100 1309 2265 1364 nibus
2290 1318 2373 1363 est
2402 1318 2614 1363 natura:
2639 1308 2931 1374 terminus,
2954 1317 3007 1361 et
3033 1322 3223 1363 omnes
3250 1316 3444 1362 natura
3486 1326 3679 1365 unum.

2102 1400 2213 1457 Sed
2253 1417 2319 1457 eo
2359 1406 2503 1472 quod
2539 1401 2870 1474 corporibus
2903 1401 3142 1470 separati
3176 1416 3391 1466 sumus,
3422 1403 3534 1471 jam
3570 1418 3681 1457 non

2101 1493 2343 1563 amplius
2379 1493 2538 1548 multi
2577 1508 2771 1556 unum,
2801 1492 2952 1562 quod
2978 1491 3201 1562 quidem
3228 1493 3338 1546 dici
3369 1509 3478 1547 non
3508 1503 3683 1563 potest

2102 1583 2170 1638 de
2228 1583 2340 1639 Deo
2384 1584 2688 1640 secundum
2746 1591 3025 1637 naturam.
3075 1581 3346 1637 Divinitas
3402 1585 3547 1639 enim
3599 1594 3685 1639 est

2107 1675 2463 1746 incorporea,
2488 1676 2711 1731 tametsi
2744 1676 2800 1730 in
2841 1675 3081 1747 propriis
3112 1676 3343 1731 seorsitn
3371 1677 3683 1732 subsisten-

404 1762 636 1833 Πατήρ·
671 1763 766 1815 καὶ
798 1760 1025 1832 Πνεῦμα
1050 1763 1203 1830 ἅγιον
1230 1762 1539 1828 ἰδιαζόντως
1569 1748 1632 1817 τὸ
1669 1765 1914 1845 Πνεῦμα,
1952 1770 1997 1821 εξ

2105 1765 2199 1819 tiis
2243 1772 2497 1820 sanctam
2559 1764 2907 1833 concipimus
2940 1764 3288 1819 Trinitatem.
3330 1763 3494 1820 Pater
3535 1768 3682 1821 enim

406 1855 508 1907 καὶ
528 1854 632 1906 οὐκ
662 1854 803 1905 είσὶν
834 1854 895 1906 ὲν
928 1854 1230 1918 διαστάσει,
1260 1855 1349 1908 διὰ
1385 1854 1485 1925 τὴν
1508 1856 1645 1929 πρὸς
1666 1857 1870 1929 ἄλληλα
1888 1878 2001 1913 κοι-

406 1942 611 1996 νωνίαν
642 1960 701 1995 τε
730 1944 826 1997 καὶ
851 1943 1100 2013 ἑνότητα.
1145 1946 1292 2008 Mtd;
1331 1946 1510 2000 τοίνυν
1549 1946 1718 2019 οὔσης
1748 1949 2002 2021 θεότητος

404 2037 466 2087 ὲν
494 2034 672 2105 Πατρὶ
695 2034 790 2088 καὶ
814 2034 930 2105 Υἱῷ
963 2035 1055 2088 καὶ
1089 2036 1229 2107 ἁγίῳ
1254 2036 1551 2108 Πνεύματι,
1588 2040 1679 2093 τὸν
1702 2028 1919 2114 Πατέρα
1945 2046 2002 2097 ὲν

407 2126 552 2197 Υἱῷ,
580 2128 674 2180 τὸν
695 2127 750 2180 δὲ
780 2126 907 2179 Υίὺν
946 2129 1006 2179 ὲν
1035 2129 1212 2198 Πατρὶ
1239 2128 1471 2200 λέγομεν
1515 2133 1766 2202 ὁρᾶσθαι.
1809 2135 2002 2204 Ἀναγ-

403 2222 567 2272 καῖον
588 2218 647 2270 δὲ
668 2219 891 2271 κάκεῖνο
911 2217 1131 2283 εἰδέναι,
1149 2218 1343 2289 ὅτιπερ
1358 2220 1419 2273 οὐ
1442 2222 1503 2274 τὸ
1524 2221 1809 2291 βούλεσθαι
1829 2226 2004 2280 ταῦτα

403 2310 487 2380 τῷ
513 2311 695 2382 Πατρὶ
720 2350 734 2375 ,
764 2309 885 2363 οὐδὲ
914 2310 977 2363 τὸ
1024 2310 1152 2380 μίαν
1180 2310 1326 2381 ἔχειν
1369 2313 1503 2384 πρὸς
1544 2315 1708 2369 αὐτὸν
1752 2316 1997 2388 γνώμην,

404 2401 830 2472 παρασκευάζει
848 2401 1027 2470 λέγειν
1052 2402 1141 2455 τὸν
1170 2400 1317 2456 Υίὸνο
1339 2422 1357 2455 ι
1382 2404 1522 2473 Ἐγὼ
1540 2408 1599 2460 ἐν
1617 2407 1696 2478 τῷ
1714 2409 1888 2480 Harp!
1908 2411 2002 2463 καὶ

401 2495 433 2544 6
455 2491 651 2567 Πατὴρ
673 2494 732 2545 ὲν
763 2492 908 2563 ἐμοὶ,
932 2511 950 2544 ι
983 2494 1081 2546 καὶ
1109 2513 1125 2544 ι
1154 2494 1296 2563 Ἐγὼ
1321 2497 1415 2551 καὶ
1435 2498 1463 2549 6
1483 2497 1671 2568 Πατὴρ
1687 2499 1745 2551 ἓν
1776 2501 1995 2570 ἐσμεν»

402 2584 528 2637 ἀλλ’
559 2586 644 2638 ὅτι
674 2585 773 2655 τῆς
824 2583 921 2637 τοῦ
976 2586 1191 2655 Πατρός
1239 2587 1429 2650 οὐσίας
1482 2590 1707 2660 γνήσιον
1741 2590 2002 2662 ὑπάρχων

403 2677 684 2746 γέννημα,
719 2676 901 2746 φαίνει
940 2678 1037 2747 μὲν
1066 2679 1124 2731 ὲν
1157 2678 1335 2749 ἑαυτῷ
1361 2679 1452 2733 τὸν
1479 2682 1718 2753 Πατέρα,
1752 2683 2003 2751 φαίνεται

404 2768 464 2822 δὲ
510 2769 611 2822 καὶ
647 2769 812 2832 αὐτὸς
855 2771 912 2822 ὲν
947 2770 1144 2840 Πατρί.
1193 2771 1331 2840 Φησὶ
1362 2773 1470 2844 γὰρ
1500 2775 1581 2826 ὅτι
1627 2774 1696 2827 τὰ
1738 2775 1876 2828 αὐτὰ
1908 2776 2002 2829 καὶ

405 2861 666 2931 βούλεται
694 2862 790 2916 καὶ
826 2862 982 2915 λαλεῖ
1009 2853 1104 2916 καῖ
1150 2863 1322 2933 ἰσχύει
1353 2865 1432 2935 τῷ
1459 2867 1654 2937 Πατρὶ,
1687 2867 1780 2921 καὶ
1804 2884 2003 2938 κατορ‹

405 2953 495 3006 θοῖ
515 2953 756 3015 εὐκόλως
787 2953 817 3006 ὃ
841 2953 1006 3015 θέλει,
1041 2953 1136 3007 καὶ
1162 2953 1306 3024 ἆπερ
1337 2956 1365 3008 6
1392 2957 1582 3027 Πατὴρ
1608 2961 1771 3016 ποιεῖ.
1809 2958 1894 3011 ἵνα
1914 2958 2004 3011 διὰ

402 3046 634 3099 πάντων
658 3043 842 3114 δειχθῇ
877 3045 1162 3114 ὁμοούσιος
1189 3044 1338 3115 αὐτῷ
1374 3047 1468 3099 καὶ
1494 3047 1593 3116 τῆς
1621 3047 1807 3109 οὐσίας
1835 3047 1999 3102 αὐτοῦ

2103 1863 2188 1909 est
2220 1854 2382 1909 Pater
2404 1863 2459 1910 et
2493 1868 2603 1908 non
2628 1852 2826 1920 Filius,
2858 1852 3032 1910 Filius
3069 1871 3260 1918 rursus
3290 1854 3463 1910 Filius
3492 1867 3544 1911 et
3573 1872 3683 1910 non

2103 1948 2287 2009 Pater,
2333 1956 2386 2001 et
2446 1945 2690 2018 Spiritus
2742 1955 2974 2003 sanctus
3013 1948 3365 2017 peculiariter
3418 1948 3683 2019 Spiritus,

2103 2037 2326 2092 tametsi
2384 2037 2528 2092 inter
2578 2052 2638 2093 se
2691 2052 2797 2092 non
2845 2036 3107 2091 dill‘erant
3157 2046 3381 2108 propter
3434 2054 3687 2092 commu-

2104 2127 2324 2183 nionem
2367 2127 2512 2183 inter
2550 2143 2610 2183 se
2644 2142 2708 2182 ac
2747 2128 3030 2183 unitatem.
3057 2127 3197 2181 Cum
3245 2128 3418 2198 igitur
3463 2142 3569 2181 una
3612 2129 3688 2184 sit

2108 2218 2289 2274 deitas
2318 2220 2372 2273 in
2415 2219 2580 2275 Patre
2609 2228 2664 2275 et
2701 2218 2847 2273 Filio
2889 2227 2944 2275 et
2980 2219 3190 2290 Spiritu
3222 2229 3440 2288 saneto,
3467 2219 3685 2275 Patrem

2105 2309 2158 2364 in
2192 2310 2329 2365 Filio
2360 2320 2413 2366 et
2442 2311 2642 2367 Filium
2677 2314 2731 2367 in
2749 2311 2911 2367 Patre
2933 2311 3460 2382 conspicidicimus.
3493 2311 3600 2366 Sed
3629 2319 3687 2366 et

2106 2401 2237 2455 illud
2289 2403 2429 2458 scire
2457 2419 2685 2458 necesse
2720 2412 2824 2467 est,
2859 2419 2969 2457 non
2998 2402 3145 2472 quod
3186 2403 3378 2456 eadem
3408 2403 3536 2457 velit
3557 2418 3685 2456 eum

2104 2491 2291 2557 Patre,
2325 2493 2487 2562 eique
2531 2494 2691 2564 plane
2722 2494 3059 2559 consentiat,
3100 2494 3223 2549 ideo
3252 2492 3387 2548 elliei
3423 2504 3479 2548 ut
3509 2491 3686 2548 Filius

2103 2582 2252 2636 dicat
2284 2602 2297 2638 :
2341 2602 2358 2634 ι
2398 2583 2509 2653 Ego
2546 2585 2601 2638 in
2636 2583 2798 2639 Patre
2828 2591 2881 2638 et
2916 2582 3080 2636 Pater
3104 2584 3156 2636 in
3196 2599 3319 2648 me;
3354 2601 3372 2634 ι
3396 2593 3478 2653 et,
3511 2601 3530 2634 ι
3570 2583 3685 2653 Ego

2103 2683 2157 2729 et
2182 2674 2346 2730 Pater
2381 2652 2551 2729 unum
2589 2692 2824 2731 sumus:
2856 2695 2873 2727 ι
2915 2672 3020 2729 Sed
3074 2676 3198 2744 quia
3232 2691 3357 2729 cum
3396 2652 3471 2729 sit
3504 2672 3685 2730 Patris

2104 2769 2428 2824 substantiae
2461 2784 2759 2839 germanus
2801 2782 2866 2821 ac
2914 2767 3189 2837 ingenuus
3237 2766 3401 2831 fetus,
3440 2766 3685 2822 ostendit

2103 2859 2157 2914 in
2200 2862 2386 2929 seipso
2420 2859 2666 2923 Patrem,
2696 2858 3010 2914 ostenditur
3042 2866 3096 2913 et
3129 2859 3246 2929 ipse
3291 2859 3344 2913 in
3380 2857 3563 2914 Patre.
3593 2860 3684 2926 Ait

2102 2951 2248 3007 enim
2278 2954 2468 3006 eadem
2515 2967 2573 3005 se
2606 2951 2744 3005 velle
2773 2959 2827 3004 et
2861 2951 3011 3020 loqui
3039 2959 3093 3006 et
3138 2967 3301 3020 posse
3341 2966 3464 3005 cum
3494 2949 3682 3015 Patre,

2102 3056 2155 3098 et
2196 3043 2353 3099 facile
2390 3043 2651 3114 perlicere
2683 3042 2829 3112 quod
2856 3043 3004 3106 velit,
3034 3054 3086 3096 et
3138 3041 3304 3114 674
3336 3057 3684 3113 quaecunque

404 3137 627 3207 καρπὸς
665 3136 902 3207 ἀληθής·
948 3136 1045 3189 καὶ
1072 3137 1133 3189 οὐ
1160 3137 1322 3207 μόνον
1358 3137 1497 3207 ἔχων
1532 3139 1667 3210 πρὸς
1704 3140 1865 3192 αὐτὸν
1891 3140 1997 3193 ἑνό-

2103 3135 2265 3191 Pater
2295 3135 2480 3198 faciat,
2530 3146 2589 3190 ut
2643 3151 2736 3203 per
2784 3137 2969 3189 omnia
3006 3136 3415 3190 demonstretur
3442 3136 3685 3189 consub-

399 3244 551 3297 τητα
570 3226 828 3296 σχετικὴν
848 3228 903 3278 ἐν
937 3226 1121 3296 μόνοις
1138 3226 1344 3296 ὁμοίοις
1367 3227 1493 3299 θελή
1504 3247 1636 3299 μασι
1661 3230 1755 3283 καὶ
1780 3230 1997 3301 θεσμοῖς

401 3321 636 3389 ἀγάπης
652 3336 665 3349 ο
689 3318 718 3371 6
734 3318 967 3380 καὶτοῖς
989 3319 1252 3389 κτίσμασι
1275 3323 1559 3391 προσεῖναι
1583 3322 1836 3393 λέγομεν.
1881 3324 2001 3376 Ἔτι

401 3411 505 3464 καὶ
527 3412 558 3463 6
590 3410 716 3472 Υἱὸς
743 3410 805 3461 ἐν
836 3409 915 3479 τῷ
944 3410 1121 3481 Πατρ)¹
1150 3410 1246 3463 καὶ
1272 3413 1299 3463 ὁ
1326 3411 1515 3482 Πατὴρ
1538 3414 1595 3465 ἐν
1627 3413 1704 3482 τῷ
1736 3412 1850 3484 Υἰῴ
1881 3430 2002 3483 νοη-

401 3502 636 3573 θήσεται
670 3501 812 3555 κατὰ
848 3500 1039 3555 τοῦτον
1065 3503 1158 3555 τὸν
1196 3501 1420 3573 τρόπον’
1441 3504 1545 3564 ὅτι,
1570 3504 1632 3556 οὐ
1658 3504 1909 3575 καθάπερ
1933 3506 2000 3559 τὰ

401 3596 716 3664 κτίσματα,
752 3595 815 3646 ἐκ
849 3593 947 3647 τοῦ
980 3594 1054 3664 μὴ
1086 3592 1238 3657 ὄντος
1281 3595 1360 3657 εἰς
1404 3594 1463 3647 τὸ
1498 3592 1636 3648 εἶναι
1668 3596 1944 3667 παρῆλθεν
1974 3598 2002 3649 ὀ

399 3687 558 3746 Υἱὸς.
590 3685 623 3753 ἢ
653 3686 852 3751 ἔξωθέν
892 3685 1060 3738 ποθεν
1090 3684 1189 3756 τὴν
1220 3685 1314 3739 τοῦ
1346 3684 1485 3741 εἶναι
1515 3687 1774 3742 σύστασιν
1815 3688 1997 3759 ἔσχεν,

396 3778 522 3832 ἀλλ’
546 3780 615 3830 ὲκ
646 3778 742 3846 τῆς
781 3776 876 3830 τοῦ
920 3776 1142 3848 Πατρὸς
1190 3775 1379 3841 οὐσίας
1408 3778 1678 3849 προῆλθεν
1706 3778 1897 3851 ὥσπερ
1936 3782 2001 3834 ἐκ

398 3870 589 3937 φωτὸς
622 3867 990 3936 ἀπαύγασμα,
1024 3865 1176 3936 ἢκαὶ
1205 3866 1315 3920 ἀπό
1356 3884 1499 3930 τινος
1532 3868 1719 3939 πηγῆς
1758 3869 2001 3923 ἐκϐαίνοι

396 3960 675 4030 ποταμός.
712 3958 901 4012 Ἔστιν
928 3955 1023 4013 οὖν
1073 3952 1187 4023 τοῖς
1232 3959 1402 4031 ὁρῶσι
1448 3960 1539 4014 τὸν
1581 3961 1729 4028 Υίὸν,
1775 3963 1872 4033 τὴν
1904 3962 1998 4015 τοῦ

392 4051 623 4122 Πατρός
650 4050 838 4104 οὐσίαν
889 4052 1044 4121 όρᾷν,
1090 4052 1183 4103 καὶ
1219 4051 1281 4104 τὸ
1325 4051 1423 4104 τοῦ
1477 4055 1839 4120 γεννήσαντος
1873 4054 2001 4108 ἴδιον

393 4142 513 4197 ἀπό
551 4159 610 4194 τε
637 4141 830 4195 τούτου
857 4145 999 4196 νοεῖν
1018 4159 1031 4172 °
1058 4144 1253 4213 ὅτιπερ
1286 4143 1475 4211 ἐπειδὴ
1517 4143 1739 4213 σύμπαν
1776 4144 1837 4199 τὸ
1860 4142 2000 4200 εἶναι

394 4233 496 4288 τοῦ
528 4232 661 4286 Υίοῦ
691 4236 755 4286 ὲκ
788 4235 888 4303 τῆς
921 4233 1014 4287 τοῦ
1050 4235 1261 4305 Πατρὸς
1307 4235 1495 4298 οὐσίας
1534 4236 1802 4305 πρόεισιν,
1838 4238 2001 4301 αὐτός

395 4326 558 4377 ἑστιν
587 4325 647 4376 ὲν
671 4323 844 4395 Πατρί
868 4340 881 4352 ·
914 4326 1009 4377 καὶ
1034 4324 1197 4378 πάλιν
1230 4325 1296 4377 ἐκ
1322 4325 1430 4377 τῶν
1451 4326 1727 4391 ἐναντίων,
1763 4330 1791 4381 ὁ
1810 4329 2000 4400 Πατήρ

394 4416 560 4468 ἐστιν
590 4416 649 4467 ὲν
688 4414 803 4485 Υίῷ
832 4456 848 4479 ,
883 4415 1074 4487 ἐπειδὴ
1129 4416 1267 4486 ὅπερ
1322 4416 1471 4469 ἐστὶν
1503 4417 1665 4481 αὐτὸς
1694 4421 1764 4490 τῇ
1816 4420 1995 4487 φύσει,

2105 3225 2388 3280 Stantialis
2417 3226 2489 3286 ri,
2529 3232 2583 3278 et
2624 3224 2953 3279 substantiae
3000 3224 3120 3293 ejus
3164 3223 3376 3279 fructus
3408 3240 3594 3288 verus,
3626 3231 3683 3279 et

2104 3330 2212 3368 non
2250 3316 2428 3371 solum
2467 3315 2676 3370 habens
2726 3314 2793 3368 ad
2826 3331 2949 3369 eum
2987 3316 3249 3369 unitatem
3295 3323 3348 3369 et
3398 3315 3680 3370 habitudi-

2104 3423 2225 3461 nem
2260 3408 2601 3476 reciprocam
2645 3408 2697 3461 in
2736 3407 2873 3461 solis
2915 3407 3191 3461 similibus
3221 3407 3599 3462 voluntatibus
3626 3417 3682 3462 et

2103 3500 2319 3570 legibus
2368 3500 2706 3565 dilectionis,
2762 3515 2883 3567 qua:
2923 3501 3084 3553 etiam
3139 3501 3193 3554 in
3237 3502 3507 3555 creaturis
3558 3516 3681 3556 esse

2102 3590 2360 3644 dicimus.
2404 3587 2676 3643 Prmtet'ca
2729 3598 2784 3644 et
2827 3588 3000 3645 Filius
3052 3589 3108 3644 in
3162 3589 3321 3644 Patre
3350 3597 3402 3643 et
3436 3588 3597 3643 Pater
3624 3591 3679 3645 in

2102 3680 2244 3734 Filio
2291 3680 2633 3750 concipietur
2699 3697 2796 3751 per
2852 3680 2998 3736 hunc
3052 3680 3297 3743 modum,
3355 3681 3524 3750 quod,
3570 3695 3679 3735 non

2102 3772 2566 3841 quemadmodum
2608 3781 2894 3835 creaturae,
2927 3787 2956 3824 a
2990 3786 3096 3825 non
3133 3786 3257 3827 esse
3296 3774 3363 3826 ad
3395 3787 3518 3826 esse
3550 3786 3680 3841 pro-

2101 3862 2289 3926 cessit,
2320 3862 2404 3916 τοι
2430 3863 2780 3916 extrinsecus
2812 3863 3067 3917 alicunde
3091 3862 3173 3916 sui
3217 3877 3342 3916 esse
3369 3862 3680 3916 subsisten-

2100 3956 2234 4009 tiam
2280 3956 2510 4019 habens,
2544 3953 2639 4009 sed
2699 3969 2765 4007 ex
2813 3953 2991 4006 Patris
3043 3954 3357 4007 substantia
3410 3950 3675 4020 manavit,

2102 4053 2369 4113 tanquam
2412 4058 2442 4096 a
2488 4042 2697 4096 lumine
2732 4042 3013 4112 splendor,
3043 4043 3126 4097 vel
3180 4043 3248 4096 ab
3292 4043 3476 4112 aliquo
3525 4044 3677 4100 fonte

2100 4139 2278 4192 oritur
2323 4137 2550 4191 ﬂumen.
2593 4137 2688 4190 Est
2746 4136 2917 4206 igitur
2969 4137 3325 4191 cernentibus
3372 4136 3569 4191 Filium
3621 4148 3677 4194 et

2100 4228 2284 4284 Patris
2329 4227 2695 4284 substantiam
2732 4243 2981 4292 cernere,
3012 4236 3065 4281 et
3095 4228 3363 4298 genitoris
3394 4231 3673 4298 proprium

2099 4337 2165 4376 ex
2203 4337 2268 4375 eo
2306 4321 2599 4390 concipere
2630 4339 2643 4375 :
2673 4320 2817 4389 quod
2870 4320 2996 4390 quia
3032 4320 3346 4375 universum
3380 4336 3503 4376 esse
3548 4320 3671 4375 Filii

2101 4429 2166 4467 ex
2198 4412 2381 4468 Patris
2418 4412 2729 4467 substantia
2759 4412 3028 4482 procedit,
3060 4413 3177 4480 ipse
3206 4420 3292 4465 est
3326 4412 3380 4464 in
3410 4410 3592 4478 Patre,
3620 4421 3675 4466 et

395 4506 570 4561 τοῦτο
602 4507 700 4560 καὶ
737 4509 766 4560 6
815 4508 876 4572 ἐξ
907 4508 1075 4561 αὐτοῦ
1121 4510 1402 4578 προελθὼν
1434 4511 1623 4579 Λόγος.
1652 4513 1904 4567 Φαίνεται
1936 4514 1993 4566 δὲ

2105 4522 2303 4561 rursus
2331 4521 2361 4559 e
2396 4514 2589 4561 contra
2620 4503 2781 4559 Pater
2812 4514 2897 4559 est
2943 4505 2998 4557 in
3034 4502 3197 4569 Filio,
3233 4506 3491 4572 quoniam
3526 4505 3672 4572 quod
3746 4575 3754 4581 _

392 4601 497 4655 καὶ
528 4598 680 4652 ἐστιν
726 4601 787 4653 ὲν
826 4600 962 4670 Υἱῷ,
1000 4600 1189 4672 ὥσπερ
1218 4598 1311 4656 οὖν
1339 4603 1432 4656 καὶ
1456 4606 1513 4656 ὲν
1559 4604 1638 4674 τῷ
1666 4604 1917 4675 ποταμῷ,
1958 4607 1991 4676 ἡ

389 4687 596 4741 τοῦτον
628 4688 1008 4754 ἀναϐλύζουσα
1039 4692 1213 4762 πηγή.
1243 4691 1315 4744 Τὸ
1344 4691 1452 4762 γὰρ
1480 4692 1607 4745 ῐδιον
1632 4692 1729 4762 τῆς
1750 4692 1846 4745 τοῦ
1878 4694 1993 4745 Ila.-

390 4778 534 4848 τρδς
559 4779 745 4843 οὐσίας
776 4782 835 4832 ὲν
864 4779 979 4849 ΥΞῷ
1012 4781 1265 4851 κείμενον
1287 4819 1303 4847 ,
1344 4783 1438 4835 καὶ
1482 4784 1581 4851 τῆς
1625 4782 1897 4855 θεότητος,
1923 4785 1989 4837 ἵν’

391 4874 581 4937 οὕτως
613 4873 773 4935 εἴπω,
797 4874 860 4927 τὸ
889 4869 1051 4939 εἶδος,
1083 4874 1320 4928 δεικνύει
1353 4876 1511 4929 πάλιν
1537 4876 1700 4929 αὐτὸν
1731 4878 1789 4930 ἐν
1822 4875 1989 4946 αὐτῷ.

403 4966 780 5035 Ἐπιτηρῆσαι
807 4966 866 5018 δὲ
889 4966 997 5037 χρὴ
1023 4967 1215 5035 ὅτιπερ
1245 4967 1306 5019 οὐ
1340 4967 1442 5036 τῆς
1481 4967 1753 5038 τυχούσης
1783 4969 1991 5021 οἰκονο-

392 5058 537 5126 μίας
588 5056 752 5109 ἓνεκα
803 5056 901 5124 τὴν
933 5057 1192 5128 τοιαύτην
1237 5059 1422 5129 φωνὴν
1449 5059 1672 5129 εἴρηκεν
1710 5060 1738 5111 ὁ
1776 5059 1987 5129 Σωτήρ.

404 5146 635 5217 Ἐπειδὴ
682 5148 791 5220 γὰρ
828 5149 932 5219 τὴν
976 5150 1286 5221 ταυτότητα
1338 5150 1438 5220 τῆς
1485 5150 1720 5219 φύσεως,
1761 5151 1827 5222 ἢν
1874 5151 1987 5222 ἔχει

390 5241 541 5312 πρὸς
566 5240 659 5293 τὸν
684 5241 1051 5312 Γεννήσαντα,
1078 5242 1249 5308 δεῖξαι
1284 5242 1571 5315 βουληθεὶς
1606 5238 1779 5306 εἶπεν,
1806 5262 1825 5294 ι
1850 5242 1988 5311 Ἐγὼ

388 5333 493 5385 καὶ
515 5333 547 5384 6
574 5331 765 5403 Πατὴρ
795 5332 855 5385 ἓν
888 5334 1060 5403 ὲσμεν
1085 5351 1098 5364 ·
1126 5353 1144 5386 ι
1181 5335 1270 5388 ἵνα
1307 5335 1382 5405 μή
1412 5352 1497 5398 τις
1530 5333 1691 5388 αὐτὸν
1723 5330 1859 5387 εἶναι
1895 5338 1988 5387 καὶ

388 5423 625 5493 Πατέρα
655 5424 750 5477 καὶ
770 5422 897 5477 Υἱὺν
926 5424 1213 5490 ὑπολάϐοι,
1236 5425 1419 5494 μόνοις
1433 5425 1693 5495 ὀνόμασιν
1721 5427 1801 5488 εἰς
1823 5424 1989 5479 δυάδα

383 5511 901 5581 διαστελλομένους,
942 5514 1102 5578 ὄντας
1144 5514 1202 5567 δὲ
1235 5515 1333 5586 οὐχ
1369 5515 1538 5580 οὕτως
1565 5517 1622 5569 ὲν
1667 5515 1983 5579 ὑποστάσει,

384 5604 712 5675 ἀναγκαίως
732 5606 1174 5679 ὲπεξηγούμενος
1200 5609 1335 5680 ὅπερ
1364 5607 1572 5680 εἴρηκε,
1603 5608 1698 5664 καὶ
1724 5606 1985 5678 σαφέστε-

461 5786 508 5820 ³³
534 5785 700 5845 Joan.
734 5802 848 5853 xiv,
886 5787 972 5841 ll.

2100 4607 2186 4654 est
2220 4599 2311 4653 ille
2352 4606 2573 4660 natura.
2606 4597 2711 4651 ltoc
2744 4607 2799 4652 et
2838 4613 2902 4651 ex
2940 4610 3006 4651 eo
3050 4595 3376 4665 proveniens
3410 4593 3669 4650 Verbum.
3740 4603 3747 4609 ‘

2098 4692 2344 4760 Apparet
2378 4705 2506 4744 vero
2533 4697 2587 4745 et
2613 4697 2699 4743 est
2742 4688 2796 4742 in
2844 4687 3008 4749 Filio,
3042 4686 3315 4757 quomodo
3340 4698 3395 4742 et
3425 4688 3479 4740 in
3507 4689 3672 4756 ﬂuvio

2099 4783 2191 4851 qui
2226 4781 2377 4835 illum
2420 4782 2651 4836 scaturit
2677 4788 2731 4835 et
2783 4780 2988 4834 emittit
3036 4779 3177 4833 fons.
3204 4777 3490 4849 Proprium
3525 4782 3668 4835 enim

2095 4872 2278 4928 Patris
2318 4873 2643 4929 substantia:
2674 4873 2728 4927 in
2759 4871 2901 4927 Filio
2932 4873 3095 4926 situm
3118 4889 3133 4938 ;
3156 4881 3210 4926 et
3234 4872 3480 4939 deitatis,
3512 4880 3568 4927 ut
3596 4883 3670 4928 tta

2095 4962 2312 5032 loquar,
2353 4963 2570 5032 species
2622 4962 2820 5015 iterum
2877 4962 3058 5031 ipsum
3096 4963 3151 5015 in
3185 4977 3250 5018 eo
3291 4970 3667 5032 repraesentat.

2097 5054 2204 5108 Sed
2242 5061 2296 5109 et
2334 5054 2748 5109 observandum
2783 5060 2888 5116 est,
2929 5068 3038 5107 non
3081 5051 3149 5108 de
3179 5053 3354 5107 nihilo
3387 5069 3528 5120 esse,
3573 5069 3671 5107 nec

2095 5146 2308 5215 absque
2359 5159 2573 5200 summa
2635 5144 2851 5199 ordinis
2909 5146 3143 5203 ratione.
3194 5143 3340 5215 quod
3396 5144 3667 5215 ejusmodi

2095 5253 2284 5293 vocem
2358 5237 2586 5307 protulit
2646 5235 2929 5291 Serrator.
2993 5235 3449 5306 Quandoquidem
3520 5238 3668 5291 enim

2094 5329 2446 5385 identilatetn
2484 5340 2695 5383 naturae
2725 5344 2888 5398 quam
2924 5344 3048 5383 cum
3084 5329 3246 5383 Patre
3289 5328 3447 5381 habet
3476 5336 3666 5381 osten-

2091 5424 2222 5479 dere
2247 5423 2436 5477 volens
2473 5420 2612 5475 dixit
2640 5437 2653 5473 :
2696 5438 2714 5470 ι
2759 5420 2869 5490 Ego
2903 5428 2957 5476 et
2988 5418 3153 5475 Pater
3182 5434 3348 5473 unum
3389 5432 3604 5486 sumus,
3638 5437 3660 5472 ο

2094 5531 2159 5568 ne
2190 5513 2316 5583 quis
2351 5528 2479 5567 cum
2527 5527 2650 5567 esse
2683 5519 2739 5566 et
2779 5511 2990 5565 Patrem
3039 5521 3093 5567 et
3129 5509 3323 5564 Filium
3364 5509 3664 5574 existimet,

2092 5606 2224 5663 solis
2263 5603 2581 5662 nominibus
2625 5603 2680 5659 in
2726 5603 3004 5659 binariutn
3051 5602 3283 5669 divisos,
3317 5616 3664 5674 nequaquam
3758 5606 3763 5613 '
