4104 6424
450 376 522 433 5’5

1444 366 1501 423 S.
1546 366 1819 424 CYBIILI
1860 366 2330 425 ALEXANDRINI
2368 368 2690 428 ARCHIEP.

3644 383 3714 441 56

452 506 583 548 vero
615 488 869 546 similiter
896 486 1208 561 hypostasi,
1230 487 1549 541 necessario
1568 489 1850 557 explicans
1880 485 2028 557 quod

2136 500 2226 556 ρον
2260 487 2370 548 τοῖς
2407 486 2778 557 ἀκροωμένοις
2827 482 2959 538 αὐτὸ
3007 484 3309 551 καθιστῶν,
3349 485 3599 563 ἐπιφέρει
3626 496 3710 558 τὸ,

452 582 615 647 dixit,
655 598 719 637 ac
754 582 1056 637 dilucidius
1087 579 1442 634 audientibus
1483 578 1615 632 illud
1646 578 1906 639 reddens.
1936 577 2031 633 ad-

448 675 630 745 jungit
663 675 766 729 hoc
799 694 810 728 :
854 693 870 725 ι
909 674 1018 743 Ego
1042 674 1095 725 in
1131 672 1308 733 Patre.
1335 680 1383 724 et
1415 669 1645 723 Paterin
1669 686 1777 735 me,
1820 689 1838 720 ι
1882 678 1941 723 ιιι
1963 684 2032 723 ex

453 763 557 816 hoc
586 764 804 832 quidem
857 762 1000 833 quod
1033 762 1085 815 iu
1126 761 1243 821 illo,
1277 766 1333 812 et
1362 759 1453 811 ille
1490 758 1544 810 in
1600 758 1705 813 hoc
1755 760 2030 824 cernitur,

454 856 796 910 identitatem
836 854 1078 911 deitatis.
1110 858 1163 905 et
1196 850 1525 905 substantia!
1554 849 1816 904 unitatem
1848 861 2034 905 osten-

456 945 570 999 dat.
604 944 678 999 Ex
713 960 778 1000 eo
806 959 934 997 vero
970 940 1111 1011 quod
1146 941 1285 993 alter
1311 939 1363 992 in
1393 940 1565 992 altero
1592 941 1685 1003 sit,
1708 955 1819 993 non
1862 957 2031 994 unum

455 1035 583 1106 quid
612 1048 842 1088 numero
869 1034 1196 1101 accipiatur,
1218 1028 1441 1099 quando
1471 1030 1633 1084 modo
1665 1028 1849 1093 Pater,
1873 1032 2034 1086 modo

453 1126 627 1182 Filius
664 1126 891 1188 dicitur,
923 1123 1015 1178 sed
1056 1139 1185 1177 vere
1244 1122 1638 1176 subsistentem
1689 1120 1928 1185 Patrem,
1981 1133 2036 1177 et

456 1220 846 1274 subsistentem
893 1212 1116 1279 Filium,
1164 1212 1442 1267 enicacius
1481 1213 1844 1267 demonstret.
1871 1211 2035 1268 Pater

454 1312 597 1366 enim
632 1319 686 1363 et
727 1307 901 1361 Filius
938 1321 1107 1359 unum
1146 1303 1368 1375 quidem
1408 1313 1539 1359 sunt
1597 1305 1902 1357 secundum
1940 1320 2034 1358 na-

455 1412 655 1462 turam,
684 1399 793 1452 duo
825 1413 954 1451 vero
984 1410 1233 1455 numero,
1268 1411 1375 1449 non
1414 1404 1673 1460 tanquam
1711 1410 1820 1448 ttno
1847 1395 2035 1464 aliquo

455 1493 528 1547 ita
563 1490 617 1544 in
650 1491 787 1545 duas
832 1499 1021 1558 partes
1068 1487 1270 1550 diviso,
1302 1493 1364 1540 ut
1396 1487 1658 1555 deinceps
1690 1486 1840 1539 nulla
1878 1501 2034 1541 com-

454 1582 722 1635 munione
756 1578 903 1633 inter
934 1593 993 1633 se
1024 1585 1077 1631 et
1106 1575 1430 1630 habitudine
1464 1583 1651 1629 mutua
1674 1575 1988 1644 jungantur
2016 1593 2030 1629 :

454 1687 631 1742 neque
668 1686 866 1725 rursus
899 1677 1165 1738 tanquam
1202 1682 1313 1721 uno
1345 1665 1649 1737 eodemque
1678 1666 1899 1722 duobus
1934 1682 2036 1720 no-

456 1765 698 1819 minibus
732 1770 1077 1831 nuncupato,
1126 1769 1186 1813 ut
1222 1759 1589 1829 appellatione
1622 1766 1784 1813 tenus
1833 1758 2032 1813 binarii

2140 598 2157 629 ι
2180 578 2321 645 Ἐγὼ
2352 580 2409 630 ὲν
2442 576 2521 647 τῷ
2549 577 2726 646 Πατρὶ
2768 577 2862 630 καὶ
2892 578 2920 629 6
2952 576 3140 647 Πατὴρ
3174 579 3232 629 ὲν
3261 580 3417 648 ἐμοὶ,
3459 599 3477 632 ι
3513 582 3599 636 ἵνα
3623 584 3715 638 διὰ

2137 668 2237 738 μὲν
2271 667 2364 721 τοῦ
2394 668 2583 720 τοῦτον
2613 668 2671 719 ἐν
2699 667 2911 738 ἐκείνῳ,
2951 670 3202 721 κάκεῖνον
3233 670 3289 721 ὲν
3322 670 3497 742 τούτῳ
3525 674 3712 741 φαίνε-

2135 750 2287 824 σθαι,
2336 760 2433 829 τὴν
2474 759 2777 829 ταυτότητα
2830 760 2929 830 τῆς
2976 758 3231 831 θεότητος
3270 763 3361 814 καὶ
3398 763 3496 833 τῆς
3526 766 3713 830 οὐσίας

2134 850 2231 920 τὴν
2260 850 2452 903 ἕνωσιν
2473 849 2640 920 δείξῃ.
2685 850 2783 903 Διὰ
2809 850 2865 903 δὲ
2902 849 2997 902 1:05
3037 850 3223 922 ἕτερον
3263 854 3319 905 ἐν
3342 854 3514 924 ἑτέρῳ
3548 851 3711 921 εἶναι,

2136 941 2212 1012 μὴ
2237 942 2295 993 ἓν
2328 959 2379 994 τι
2410 940 2486 993 ὣν
2516 941 2732 1012 ἀριθμῷ
2762 942 2947 1013 νοηθῇ,
2977 945 3005 995 6
3034 945 3164 996 ποτὲ
3195 943 3293 1014 μὲν
3334 946 3549 1017 Πατὴρ,
3582 948 3712 1001 ποτὶ

2133 1035 2190 1086 δὲ
2235 1034 2364 1097 Υἱὸς
2416 1033 2651 1102 λέγεται,
2686 1033 2801 1085 ἀλλ’
2828 1033 2997 1096 ὅντως
3038 1034 3325 1103 ὑφεστῶτα
3365 1037 3584 1108 Πατέρα
3618 1040 3713 1092 καὶ

2136 1129 2420 1197 ὑφεστῶτα
2448 1128 2575 1179 Υἱὸν
2605 1128 2994 1198 ἐναργέστερον
3028 1128 3306 1201 ᾁποδείξῃ.
3361 1129 3420 1182 ὐ
3455 1131 3565 1200 γὰρ
3598 1133 3710 1185 ua-

2136 1221 2239 1291 τὴρ
2274 1219 2369 1271 καὶ
2410 1221 2437 1271 6
2464 1219 2589 1281 Υἱὸς
2619 1217 2677 1269 ἓν
2730 1216 2828 1285 μὲν
2859 1218 2968 1270 εἰσὶ
3017 1219 3158 1271 κατὰ
3200 1218 3397 1286 φύσιν,
3432 1221 3525 1273 δύο
3557 1221 3614 1275 δὲ
3652 1224 3711 1274 ἐν

2134 1308 2373 1381 ἀριθμῷ,
2402 1310 2499 1378 οὐχ
2525 1309 2597 1372 ὡς
2622 1309 2740 1371 ἑνός
2771 1325 2915 1370 τινος
2958 1309 3036 1371 εἰς
3076 1308 3167 1361 δύο
3212 1309 3711 1380 καταδιαιρεθέντος

2138 1401 2299 1470 μέρη,
2324 1400 2398 1461 ὼς
2431 1394 2568 1451 εἶναι
2592 1398 2779 1450 λοιπὸν
2807 1398 2905 1467 τῆς
2929 1396 3065 1467 πρὸς
3096 1398 3299 1467 ἄλληλα
3337 1400 3621 1463 κοινωνίας
3648 1417 3708 1452 τε

2136 1490 2231 1541 καὶ
2257 1489 2495 1559 σχέσεως
2530 1488 2820 1558 ἀμέτοχοιο
2870 1487 2991 1541 οὔτε
3032 1489 3136 1560 μὴν
3177 1490 3252 1552 ὡς
3285 1489 3375 1542 τοῦ
3419 1490 3584 1543 αὐτοῦ
3614 1494 3711 1546 καὶ

2136 1580 2253 1642 ἐνὸς
2289 1579 2483 1641 διττοῖς
2518 1577 2777 1648 ὀνόμασιν
2830 1578 3273 1650 ἀποκαλουμένου
3296 1597 3308 1609 ·
3360 1581 3445 1633 ἶνα
3470 1582 3531 1633 ἐν
3575 1580 3708 1653 μόνῃ

2136 1668 2475 1740 προσηγορίᾳ
2506 1669 2761 1737 φαίνηται
2786 1671 2885 1739 τῆς
2905 1670 3094 1733 δυάδος
3132 1673 3164 1741 ὴ
3200 1671 3444 1741 δύναμις.
3477 1672 3611 1724 Οὐδὲ
3634 1672 3710 1735 ὡς

2135 1760 2229 1813 τοῦ
2266 1760 2451 1825 αὐτοῦ,
2477 1762 2606 1813 ποτὲ
2649 1761 2747 1830 μὲν
2783 1761 3015 1831 Πατρὸς,
3062 1763 3190 1815 ποτὲ
3237 1763 3293 1815 δὲ
3322 1763 3450 1815 Υἱοῦ
3484 1764 3714 1833 λεγομέ-

453 1856 539 1910 vis
574 1862 854 1925 appareat.
888 1852 1076 1922 Neque
1103 1866 1270 1922 porro
1301 1850 1490 1904 eodem
1528 1851 1665 1905 alias
1696 1849 2031 1913 Patre,alias

2135 1870 2226 1906 νου
2249 1872 2262 1884 ·
2284 1853 2443 1906 τοῦτο
2469 1855 2577 1924 γὰρ
2606 1853 2895 1907 Σαϐελλίου
2928 1855 2990 1907 τὸ
3027 1855 3222 1925 δόγμα.
3281 1857 3419 1909 Ἀλλ’
3458 1858 3561 1910 εἰσὶ
3589 1858 3708 1926 μὲν,

452 1934 595 2003 Filio
623 1948 793 2010 dicto,
822 1946 969 2015 quod
997 1957 1082 1999 est
1111 1944 1307 2014 dogma
1336 1942 1580 1997 Sabellii.
1610 1941 1714 1994 Sed
1763 1951 1892 1995 sunt
1931 1957 2033 1994 nu-

453 2055 605 2095 mero
650 2038 780 2106 duo,
827 2040 1031 2109 quippe
1079 2046 1160 2092 est
1221 2035 1382 2090 Pater
1437 2051 1653 2105 semper
1705 2034 1887 2099 Pater,
1935 2037 2029 2106 qui

453 2146 732 2202 nunquam
777 2132 832 2185 in
866 2128 1063 2185 Filium
1107 2135 1373 2192 mutatur,
1404 2136 1458 2182 et
1508 2143 1703 2182 rursus
1735 2136 1821 2183 est
1855 2126 2032 2183 Filius

454 2237 674 2293 semper
708 2221 902 2288 Filius,
950 2222 1040 2292 qui
1084 2235 1366 2290 nunquam
1412 2220 1467 2273 in
1506 2218 1720 2274 Patrem
1760 2218 2033 2275 transfor—

452 2323 634 2369 matur
662 2313 860 2387 :675
890 2329 1125 2383 cumque
1169 2329 1228 2368 se
1267 2313 1341 2367 ita
1378 2327 1467 2367 res
1503 2312 1721 2375 habeat,
1755 2320 1810 2366 et
1839 2327 2034 2366 mune-

453 2424 552 2462 rus
602 2409 658 2462 in
702 2408 920 2462 binario
965 2407 1032 2462 sit
1067 2407 1306 2476 positus,
1348 2414 1401 2458 et
1435 2419 1538 2458 una
1572 2415 1654 2458 est
1686 2411 1880 2457 natura
1911 2418 2031 2456 am-

452 2499 650 2561 bobus,
713 2508 769 2553 et
826 2499 1018 2553 eadem
1081 2498 1339 2552 voluntas
1400 2511 1464 2550 ac
1520 2495 1720 2559 deitas,
1781 2494 2081 2573 genitura'

418 2646 427 2651 _
454 2606 674 2661 semper
702 2591 1010 2661 genitorem
1049 2596 1484 2659 reprtesentante
1514 2605 1527 2640 :
1557 2594 1640 2641 est
1674 2587 1818 2640 enim
1851 2587 2031 2656 imago

451 2690 506 2737 et
560 2681 821 2751 splendor
872 2690 929 2736 et
981 2682 1274 2735 character
1328 2679 1651 2735 substantia:
1708 2678 1887 2733 Patris
1937 2678 2031 2733 Fi-

454 2774 557 2829 lius
586 2773 664 2840 ³³;
692 2774 772 2828 sic
804 2775 949 2828 enim
986 2789 1156 2827 unum
1191 2772 1432 2826 dicimus
1464 2786 1586 2825 esse
1616 2770 1782 2824 Deum
1814 2778 2033 2839 propter

453 2865 792 2921 identitatem
840 2876 1054 2920 natura:
1100 2864 1285 2919 Patris
1319 2880 1445 2918 cum
1480 2862 1620 2916 Filio
1661 2870 1715 2917 et
1744 2861 1867 2915 Filii
1903 2877 2029 2916 cum

451 2956 635 3012 Patre.
665 2958 1141 3023 Quemadmodum
1175 2968 1355 3010 autem
1392 2956 1576 3009 lumen
1611 2963 1663 3009 et
1698 2954 1969 3024 fulgorem
2000 2970 2030 3008 a

451 3049 565 3103 sole
593 3050 862 3103 emissum
893 3064 1001 3101 non
1035 3050 1163 3120 quis
1196 3048 1396 3103 dixerit
1429 3048 1730 3102 secundum
1778 3059 2028 3102 naturam

453 3140 601 3194 aliud
649 3156 772 3195 esse
806 3139 990 3194 lumen
1036 3141 1105 3195 ab
1155 3142 1270 3203 illo,
1309 3148 1405 3195 aut
1449 3141 1751 3195 secundum
1793 3140 2028 3210 partici-

2136 1944 2353 2015 ὰριομῷ
2378 1944 2499 1997 δύοο
2523 1944 2638 1997 ἐστι
2671 1945 2781 2015 γὰρ
2812 1947 2839 1997 ὁ
2860 1946 3072 2015 Πατὴρ,
3096 1947 3183 1998 ἀεὶ
3219 1946 3427 2017 Πατὴρ,
3456 1946 3710 1999 οὐδέποτε

2136 2040 2215 2100 εἰς
2244 2037 2372 2089 Υίδν
2410 2035 2895 2106 μεταποιούμενος,
2924 2037 3019 2088 καὶ
3052 2036 3214 2090 πάλιν
3244 2039 3273 2090 6
3299 2037 3446 2103 Υἱὸς,
3480 2038 3566 2091 ἀεὶ
3582 2037 3713 2103 Υἱὸς

2134 2128 2391 2182 οὐδέποτε
2422 2129 2501 2190 είς
2534 2128 2753 2198 Πατέρα
2780 2125 3244 2197 μεταϐαλλόμενος
3263 2141 3277 2153 ·
3311 2124 3454 2178 οὓτω
3477 2126 3533 2179 δὲ
3560 2126 3715 2191 ὄντος

2133 2220 2228 2274 τοῦ
2254 2220 2602 2292 πράγματος,
2640 2219 2737 2271 καὶ
2758 2222 2814 2271 ὲν
2839 2218 2991 2272 δυάδι
3019 2219 3270 2288 κειμένου
3294 2218 3389 2271 τοῦ
3433 2215 3665 2288 ἀριθμοῦ
3692 2256 3708 2283 ,

2137 2312 2237 2383 μία
2257 2329 2316 2365 τε
2350 2311 2508 2380 φύσις
2545 2311 2875 2381 ἀμφοτέροις
2906 2309 2999 2363 καὶ
3026 2312 3059 2378 ἡ
3089 2308 3225 2379 αὐτὴ
3250 2311 3343 2361 καὶ
3372 2308 3592 2379 Θέλησις
3617 2309 3712 2362 καὶ

2135 2404 2348 2475 Θεότης,
2375 2404 2611 2466 ἐοικότος
2637 2403 2724 2456 ἀεὶ
2752 2403 2846 2455 τοῦ
2887 2404 3226 2472 γεννήματος
3252 2401 3331 2472 τῷ
3357 2403 3710 2472 γεγεννηκότι

2135 2493 2378 2563 φυσικῶς
2403 2511 2417 2525 ο
2445 2491 2611 2546 εἰκὼν
2642 2492 2750 2564 γάρ
2781 2494 2898 2545 ἐστι
2924 2492 3018 2545 καὶ
3049 2492 3390 2563 ἀπαύγασμα
3424 2490 3710 2564 1011091!-

2135 2589 2275 2659 κτὴρ
2305 2586 2405 2657 τῆς
2430 2585 2524 2639 τοῦ
2572 2584 2786 2654 Πατρὸς
2826 2584 3016 2647 οὐσίας
3041 2585 3070 2636 6
3097 2583 3254 2647 Υἱός’
3306 2584 3447 2659 οὕτω
3479 2586 3587 2657 γὰρ
3615 2588 3710 2639 ἕνα

2135 2658 2315 2749 φαμὲν
2337 2674 2479 2731 εἶναι
2512 2676 2645 2730 Θεὸν
2670 2675 2757 2728 διὰ
2780 2675 2880 2744 τὴν
2896 2675 3202 2746 ταύτότητα
3232 2674 3331 2745 τῆς
3362 2658 3576 2744 φύσεως
3597 2679 3712 2731 Πα·

2132 2771 2259 2841 τρὸς
2286 2770 2419 2840 πρὸς
2452 2768 2580 2821 Υίὸν
2611 2769 2704 2820 καὶ
2722 2765 2850 2820 Υἱοῦ
2878 2766 3016 2838 πρὸς
3038 2767 3277 2838 Πατέρα.
3304 2768 3409 2820 Καὶ
3438 2768 3624 2839 ὥσπερ
3649 2767 3712 2821 τὸ

2132 2863 2196 2913 ὲκ
2229 2859 2323 2913 τοῦ
2350 2859 2503 2930 ἡλίου
2539 2857 2896 2927 πεμπόμενον
2921 2856 3037 2925 φῶς
3068 2857 3160 2909 καὶ
3208 2856 3573 2927 ἀπαύγασμα,
3599 2860 3711 2911 ὀὐκ

2132 2952 2198 3006 ἄν
2228 2968 2311 3015 τις
2345 2950 2491 3005 εἴποι
2523 2950 2666 3003 κατὰ
2691 2948 2852 3017 φύσιν
2875 2948 3064 3017 ἕτερον
3086 2943 3225 2999 εἶναι
3256 2947 3369 3015 φῶς
3400 2946 3529 3018 παρ’
3565 2948 3711 3001 ὲκεί-

2131 3062 2241 3108 νον,
2284 3044 2316 3115 ἢ
2348 3042 2490 3096 κατὰ
2519 3041 2809 3112 μετουσίαν
2848 3040 2968 3092 τινὰ
3001 3039 3095 3092 καὶ¹
3124 3038 3309 3107 σχέσιν
3338 3037 3434 3109 τὴν
3457 3036 3516 3101 ἐξ
3546 3036 3712 3091 αὐτοῦ

2132 3137 2371 3190 τοιοῦτον
2401 3134 2676 3205 γενέσθαι,
2701 3134 2813 3186 ἀλλ’
2841 3133 3009 3195 ὅντως
3045 3132 3204 3200 φύσει
3231 3131 3418 3199 προϊὸν
3434 3130 3492 3196 ἐξ
3511 3129 3674 3183 αὐτοῦ
3693 3143 3712 3161 ⁸

454 3230 731 3300 pationem
771 3232 1014 3301 aliquam
1070 3240 1123 3287 et
1173 3232 1550 3287 habitudinem
1598 3234 1663 3287 ab
1716 3247 1781 3287 eo
1829 3233 2030 3302 depen-

2137 3227 2231 3278 καὶ
2259 3225 2351 3278 δύο
2381 3224 2480 3294 μὲν
2506 3223 2679 3275 ταῦτα
2713 3223 2867 3291 φῶτα
2892 3224 3011 3274 κατ’
3035 3221 3278 3273 ἐπίνοιαν
3321 3222 3534 3289 ὁρᾶται,
3568 3219 3626 3273 ἓν
3655 3220 3714 3274 δέ

454 3322 676 3379 dentem
710 3324 819 3378 tale
850 3338 996 3388 esse,
1028 3323 1124 3378 sed
1158 3340 1284 3378 vere
1319 3333 1517 3378 natura
1558 3341 1622 3379 ex
1652 3341 1718 3379 eo
1752 3324 2035 3395 prodiens,

454 3420 509 3469 et
553 3413 664 3467 duo
718 3414 939 3484 quidem
995 3415 1110 3469 haec
1153 3416 1359 3469 lutnina
1412 3417 1832 3486 concipiuntur,
1865 3429 2038 3469 untuu

452 3522 583 3561 vero
631 3515 759 3562 sunt
816 3508 1122 3562 secundum
1176 3517 1431 3563 naturam
1476 3525 1489 3561 :
1536 3509 1617 3563 sic
1675 3522 1837 3561 nemo
1883 3514 2037 3561 recta

452 3614 575 3653 cum
610 3600 843 3661 ratione,
870 3599 1092 3655 tametsi
1141 3601 1426 3655 scindatur
1460 3599 1643 3653 Patris
1679 3607 1726 3655 el
1772 3597 1896 3652 Filii
1927 3614 2036 3652 nu-

454 3702 657 3751 merus,
689 3687 834 3743 aliud
870 3687 1139 3758 quiddam
1171 3689 1317 3743 dicet
1366 3703 1395 3741 a
1426 3688 1588 3743 Patre
1617 3687 1816 3741 Filium
1848 3685 2031 3758 quoad

452 3772 708 3830 deitatem
754 3784 808 3832 ct
858 3778 1185 3832 substantia:
1231 3778 1594 3833 identitatem.
1631 3777 1738 3832 Sed
1768 3775 2031 3847 quemad-

452 3867 674 3921 modum
710 3869 794 3923 sol
828 3869 880 3923 in
919 3869 1136 3938 fulgore
1173 3885 1201 3922 a
1233 3885 1292 3925 se
1330 3869 1659 3940 prodeunte,
1688 3877 1743 3923 et
1772 3868 1951 3937 fulgor
1976 3867 2029 3920 in

452 3960 567 4013 sole
600 3976 628 4015 a
669 3976 780 4032 quo
816 3962 1040 4032 prodiit,
1068 3965 1147 4017 sic
1185 3970 1269 4017 est
1302 3962 1461 4017 Pater
1492 3963 1546 4017 in
1580 3961 1740 4026 Filio,
1771 3970 1826 4016 et
1855 3959 2029 4014 Filius

451 4051 507 4105 in
540 4049 720 4117 Patre,
768 4068 1000 4108 numero
1049 4053 1104 4107 in
1149 4054 1424 4109 binarium
1462 4055 1646 4119 divisi,
1676 4062 1729 4109 et
1767 4054 1850 4109 sic
1884 4051 2029 4107 exsi-

452 4149 663 4197 stentes
713 4143 768 4196 in
826 4144 1148 4214 hypostasi,
1196 4144 1489 4200 identitate
1522 4160 1653 4199 vero
1712 4154 1921 4199 natura:
1971 4143 2026 4196 in

451 4252 616 4290 unam
648 4235 902 4291 deitatem
942 4237 1236 4307 compacti.

524 4327 589 4391 X,
628 4328 716 4381 40.
751 4326 818 4380 Et
855 4329 982 4382 abiit
1015 4346 1200 4383 rursus
1231 4338 1378 4383 trans
1406 4326 1722 4391 Iordanem,
1753 4336 1862 4383 etc.

522 4507 753 4563 Relictis
781 4507 1183 4581 Hierosolymis
1205 4510 1470 4565 Servatur
1493 4510 1546 4562 in
1566 4510 1749 4562 locum
1783 4506 2031 4562 fontibus

451 4601 845 4655 svaturientetn
891 4600 1140 4670 trajicit,
1176 4603 1329 4656 velut
1369 4602 1425 4655 in
1470 4598 1646 4670 ﬁgura
1683 4596 1943 4652 indicans
1973 4613 2033 4652 se

452 4693 778 4747 relicturum
832 4690 1117 4756 Judaeum,
1174 4702 1230 4747 et
1293 4693 1361 4746 ad
1417 4692 1664 4762 gentium
1724 4689 2029 4745 Ecclesiam

452 4782 820 4848 migraturum
846 4823 863 4849 ,
898 4799 1023 4854 qua:
1060 4783 1245 4840 lentes
1292 4784 1458 4837 habet
1504 4780 1889 4851 baptismatis,
1922 4794 2032 4849 quo

454 4875 575 4929 loco
609 4875 766 4930 multi
805 4876 1025 4945 quidem
1081 4877 1146 4931 ad
1201 4889 1327 4929 eum
1385 4874 1655 4927 accedunt
1701 4872 2032 4926 transmisso

449 4963 690 5023 Iordane
717 4987 730 5021 :
766 4967 876 5022 hoc
909 4969 1055 5022 enim
1091 4967 1338 5022 declarat
1370 4964 1519 5019 istud
1553 4971 1706 5019 trans
1736 4962 2029 5017 Jordanem

451 5059 724 5115 diversari
759 5057 1048 5115 Christum
1070 5101 1083 5113 .
1109 5098 1122 5113 .
1161 5100 1174 5113 .
1206 5057 1307 5122 Qui
1343 5056 1516 5126 igitur
1546 5055 1885 5125 traiecerunt
1912 5052 2032 5108 Jor-

452 5151 653 5206 danem
684 5166 783 5221 per
805 5157 1064 5204 sanetum
1090 5147 1364 5217 baptisma
1387 5143 1715 5200 deferuntur
1734 5143 1799 5198 ad
1824 5143 1988 5198 Deum
2014 5159 2029 5195 :

520 5248 571 5323 ιέ
604 5288 771 5345 Hebr.
808 5300 864 5349 ι,
898 5259 953 5338 5'.

524 5418 601 5485 (l)
624 5414 794 5485 Paulo
816 5415 972 5485 aliter
991 5409 1478 5485 catenavaticana,
1503 5410 1597 5485 fol.
1613 5407 1723 5485 gn
1742 5407 1803 5471 Β,
1824 5422 1912 5485 ap.
1931 5407 2031 5485 Mai

453 5479 626 5543 satin:
659 5488 734 5538 Δι’
757 5479 833 5538 ὧν
853 5483 952 5552 μέν
975 5501 1057 5537 τοι
1075 5482 1441 5552 ἀπανίσταται
1461 5481 1583 5552 ,τῆς
1613 5479 1970 5552 Ἰερουσαλὴμ
2004 5479 2034 5530 ὁ

452 5555 744 5629 Χριστὸςν-
771 5548 1067 5629 αίνίττεται
1113 5555 1196 5629 ότι
1240 5548 1719 5629 ’καταλείψει-,μὲν
1766 5549 1866 5611 τὴν
1904 5549 2036 5629 Ἰου-

451 5618 627 5687 δαίαν,
665 5625 756 5694 111:1
782 5624 838 5694 δὲ
868 5622 964 5694 τὴν
996 5620 1447 5694 Ἐκκλησίανμτὴν
1474 5618 1554 5694 ἐξ-
1571 5618 1738 5694 ὲθνςῦν
1764 5688 1776 5694 _
1799 5618 2037 5694 μεταόής

453 5709 623 5764 σεται,
640 5692 743 5763 τὴν
771 5687 997 5764 ἔχουσαν
1026 5695 1083 5749 ὲν
1105 5687 1269 5764 ἑαυτῇ
1289 5687 1731 5764 τὴνςπηγὴν-τὴν
1753 5688 1915 5764 ἁγίαν
1941 5687 2035 5740 τοῦ

458 5757 850 5835 βαπτίσματος,
872 5764 1116 5819 τουτέστι
1153 5757 1268 5816 τδν”
1288 5757 1582 5830 Ἰορδάνην,
1610 5757 1670 5812 ὃν
1688 5757 1735 5811 οἱ
1768 5757 2039 5827 περάσαν-

2135 3319 2241 3370 είσι
2279 3316 2421 3368 κατὰ
2445 3314 2634 3384 φύσιν·
2670 3312 2843 3375 οὕτως
2880 3313 2980 3364 οὐκ
3007 3312 3072 3364 ἄν
3101 3327 3188 3373 τις
3228 3310 3499 3378 εὐλόγως,
3543 3314 3591 3364 εί
3622 3311 3718 3365 καὶ

2136 3410 2215 3472 είς
2252 3406 2416 3460 δυάδα
2463 3406 2715 3475 τέμνοιτο
2744 3403 2959 3473 Πατρός
2991 3419 3047 3454 τε
3076 3401 3171 3453 καὶ⁸
3211 3401 3342 3453 Υἱοῦ
3385 3404 3414 3455 6
3455 3401 3711 3473 ἀριθμὸς,

2135 3498 2403 3567 ἓτερόνητι
2430 3492 2581 3564 παρὰ
2621 3492 2712 3544 τὸν
2742 3490 2963 3561 Πατέρα
3002 3490 3119 3558 ἐρεῖ
3157 3487 3249 3540 τὸν
3284 3486 3433 3552 Υίὸν,
3465 3488 3589 3540 ὅσον
3634 3490 3716 3551 εἰς

2137 3588 2236 3656 τὴν
2271 3583 2627 3652 θεότιςτακαὸ⁵
2670 3580 2769 3651 τὴν
2824 3580 3130 3649 ταύτότητα
3182 3578 3276 3646 τῆς
3316 3576 3524 3640 οὐσίας.
3575 3576 3714 3629 Ἀλλ’

2138 3676 2329 3745 ὥσπερ
2359 3674 2388 3726 ὁ
2416 3673 2568 3743 ἥλιος
2588 3673 2646 3725 ὲν
2669 3671 2747 3741 τῷ
2780 3670 3179 3737 ἀπαυγάσματί
3214 3668 3330 3720 ἐστι
3351 3667 3428 3737 τῷ
3463 3665 3523 3732 ἐξ
3549 3665 3712 3721 αὐτοῦ

2138 3765 2492 3837 προελθόντι,
2536 3765 2630 3817 καὶ
2671 3763 2733 3816 τὸ
2785 3760 3126 3830 ἀπαύγασμα
3171 3761 3231 3812 ὲν
3264 3758 3344 3828 τῷ
3374 3758 3510 3829 ἡλίῳ
3531 3757 3623 3826 ἀφ’
3653 3751 3714 3812 οὗ

2138 3858 2235 3911 καὶ
2264 3855 2520 3925 ἐξῆλθεν
2546 3855 2722 3918 οὕτως
2750 3854 2868 3906 ἐστὶ
2895 3851 3084 3921 Πατὴρ
3119 3852 3177 3903 ὲν
3199 3849 3313 3919 Υἱῷ
3365 3850 3459 3902 καὶ
3498 3847 3624 3910 Υἱὸς
3654 3847 3715 3901 ὲν

2135 3948 2313 4019 Πατρί
2335 3964 2348 3978 ο
2382 3945 2602 4017 ἀριθμῷ
2635 3945 2732 4016 μὲν
2758 3944 2838 4007 είς
2863 3942 3032 3996 δυάδα
3064 3939 3397 4009 ,τεμνόμενοι
3445 3937 3539 3993 καὶ
3563 3936 3714 4001 δντες

2134 4038 2308 4103 οὕτως
2337 4041 2396 4093 εν
2415 4038 2730 4099 ὑποστάσει,
2765 4037 2831 4105 τῇ
2853 4034 2911 4087 δὲ
2936 4031 3227 4100 ταυτότητι
3259 4030 3357 4100 τῆς
3386 4028 3600 4097 φύσεως
3632 4030 3715 4092 είς

2134 4131 2267 4199 μίαν
2297 4129 2652 4199 σφιγγόμενοι
2680 4126 2932 4193 θεότητα.

2203 4306 2316 4362 Kal
2339 4306 2575 4375 ἀπῆλθε
2598 4304 2783 4358 πάλιν
2805 4302 2993 4369 πέραν
3014 4297 3119 4352 τοῦ
3150 4295 3453 4365 Ἰορδάνου
3476 4335 3490 4361 ,
3515 4296 3611 4351 καὶ
3644 4295 3714 4356 τὰ

2058 4412 2102 4467 D
2132 4402 2277 4472 ἑξῆς·

2216 4494 2304 4546 Ἐν
2333 4487 2482 4559 τόπῳ
2506 4487 2689 4559 πηγὰς
2723 4488 2897 4557 ἔχοντι
2929 4483 3319 4555 μεθορμίζεται
3353 4484 3382 4536 6
3402 4480 3613 4551 Σωτὴρ,
3644 4477 3715 4532 τὰ

2142 4582 2491 4655 Ἰεροσόλυμα
2532 4576 2870 4640 καταλιπὼν,
2904 4577 2990 4629 ἵνα
3039 4575 3115 4637 ὼς
3148 4574 3236 4626 διὰ
3283 4572 3457 4625 τύπου
3501 4567 3713 4635 αἰνίξη-

2098 4675 2321 4745 κταιὼς
2371 4672 2684 4739 καταλείψει
2734 4669 2833 4739 μὲν
2865 4670 2962 4740 τὴν
3036 4667 3333 4730 Ἰουδαίαν,
3366 4665 3458 4717 ἐπὶ
3501 4664 3601 4733 τὴν
3655 4659 3715 4725 ἐξ

2131 4768 2298 4823 ὲθνῶν
2332 4767 2390 4821 δὲ
2431 4765 2755 4833 Ἐκκλησίαν
2806 4762 3172 4833 μεταϐήσεται
3217 4758 3314 4829 τὴν
3357 4758 3584 4827 ἔχουσαν
3614 4754 3713 4817 τὰς

2141 4860 2321 4932 πηγὰς
2365 4858 2458 4912 τοῦ
2507 4856 2881 4929 βαπτίσματος
2923 4856 3019 4923 (l)°
3074 4852 3202 4906 ἔνθα
3243 4851 3338 4904 καὶ
3380 4848 3713 4921 προσέρχον-

2136 4971 2226 5006 ται
2277 4950 2426 5021 αὐτῷ
2489 4949 2674 5002 πολλοὶ
2731 4944 3206 5017 διακπεραιούμενοι
3259 4944 3349 4997 τδν
3418 4939 3711 5012 Ἰορδάνην·

2136 5044 2295 5099 τοῦτο
2326 5043 2436 5113 γὰρ
2463 5041 2614 5112 δηλοῖ
2645 5040 2704 5093 τὸ
2741 5040 2913 5110 πέραν
2955 5036 3050 5090 τοῦ
3102 5035 3364 5107 Ἰορδάνου
3398 5029 3714 5095 αὐλίζεσθαι

2139 5139 2230 5191 τὸν
2275 5134 2529 5207 Χριστόν.
2579 5134 2644 5186 Ol.
2678 5131 2856 5185 τοίνυν
2902 5130 3240 5202 περάσαντες
3288 5127 3379 5179 τὸν
3444 5123 3713 5194 Ἰορδάνην

2140 5421 2232 5467 τες
2255 5403 2342 5455 διὰ
2366 5402 2459 5455 τοῦ
2487 5402 2643 5470 ἁγίου
2682 5400 3079 5471 βαπτίσματος.

2216 5473 2352 5526 Dum
2383 5474 2492 5526 abit
2539 5469 2921 5538 Iliercisolymis
2955 5470 3221 5530 Christus,
3257 5469 3429 5522 innuit
3473 5485 3526 5521 se
3565 5470 3713 5523 dera-

2144 5543 2395 5598 liclurum
2438 5540 2708 5604 Judazam,
2742 5552 2900 5610 atque
2942 5539 3011 5592 ad
3057 5539 3383 5591 ethnicorum
3430 5555 3714 5610 congrege:

2146 5615 2340 5667 tionem
2410 5607 2938 5681 lransmigraturnm,
2994 5625 3118 5681 quis:
3172 5619 3417 5681 sanctum
3466 5607 3708 5681 baptismi

2147 5685 2345 5753 fantem
2374 5682 2512 5750 apud
2552 5698 2605 5736 se
2639 5677 2818 5745 habet,
2868 5681 2922 5732 id
2952 5688 3031 5733 est
3083 5677 3397 5748 Iordanem,
3436 5695 3585 5749 quem
3623 5679 3713 5747 qui

2149 5769 2241 5822 per
2280 5761 2523 5807 sanctum
2556 5753 2875 5821 baptismum
2907 5758 3204 5816 transeunt,
3241 5759 3346 5805 etc.
