  <div class='ocr_page' id='page_1' title='image "/cluster/home/n/w/nwhite01/storage/ocr_20150623/74:no.7/coo.31924054869684/026.png"; bbox 0 0 4104 6428; ppageno 0'>
   <div class='ocr_carea' id='block_1_1' title="bbox 380 327 3674 396">
    <p class='ocr_par' dir='ltr' id='par_1_1' title="bbox 380 327 3674 396">
     <span class='ocr_line' id='line_1_1' title="bbox 380 327 3674 396; baseline -0.003 -1"><span class='ocrx_word' id='word_1_1' title='bbox 380 339 460 396; x_wconf 62' lang='grc' dir='ltr'><strong>ΣἺ</strong></span> <span class='ocrx_word' id='word_1_2' title='bbox 1226 334 1321 392; x_wconf 71' lang='grc' dir='ltr'><strong>’ῘΝ</strong></span> <span class='ocrx_word' id='word_1_3' title='bbox 1361 334 1705 392; x_wconf 73' lang='lat' dir='ltr'><strong>JOAN‘NEM.</strong></span> <span class='ocrx_word' id='word_1_4' title='bbox 1735 366 1803 375; x_wconf 85' lang='lat'><strong>—-—</strong></span> <span class='ocrx_word' id='word_1_5' title='bbox 1834 331 1964 389; x_wconf 85' lang='lat' dir='ltr'><strong>LIB.</strong></span> <span class='ocrx_word' id='word_1_6' title='bbox 2007 329 2100 388; x_wconf 77' lang='lat' dir='ltr'><strong>VII</strong></span> <span class='ocrx_word' id='word_1_7' title='bbox 2132 329 2219 386; x_wconf 83' lang='lat' dir='ltr'><strong>ET</strong></span> <span class='ocrx_word' id='word_1_8' title='bbox 2259 327 2372 385; x_wconf 69' lang='lat' dir='ltr'><strong>Vill</strong></span> <span class='ocrx_word' id='word_1_9' title='bbox 2405 327 2857 384; x_wconf 72' lang='lat' dir='ltr'><strong>FRAGMENTA.</strong></span> <span class='ocrx_word' id='word_1_10' title='bbox 3604 327 3674 386; x_wconf 74' lang='lat'><strong>33</strong></span> 
     </span>
    </p>
   </div>
   <div class='ocr_carea' id='block_1_2' title="bbox 382 440 1984 524">
    <p class='ocr_par' dir='ltr' id='par_1_2' title="bbox 382 448 1984 524">
     <span class='ocr_line' id='line_1_2' title="bbox 382 448 1984 524; baseline -0.004 -16"><span class='ocrx_word' id='word_1_11' title='bbox 382 455 483 511; x_wconf 59' lang='grc' dir='ltr'>διὰ</span> <span class='ocrx_word' id='word_1_12' title='bbox 538 451 633 508; x_wconf 82' lang='grc' dir='ltr'><strong>τοῦ</strong></span> <span class='ocrx_word' id='word_1_13' title='bbox 691 453 850 520; x_wconf 83' lang='grc' dir='ltr'>άγὶου</span> <span class='ocrx_word' id='word_1_14' title='bbox 918 451 1315 524; x_wconf 73' lang='grc' dir='ltr'><strong>βαπτίσματος,</strong></span> <span class='ocrx_word' id='word_1_15' title='bbox 1371 452 1798 521; x_wconf 79' lang='grc' dir='ltr'>ἁποκομίζονται</span> <span class='ocrx_word' id='word_1_16' title='bbox 1852 448 1984 519; x_wconf 70' lang='grc' dir='ltr'>πρὸς</span> 
     </span>
    </p>
   </div>
   <div class='ocr_carea' id='block_1_3' title="bbox 2087 440 3674 524">
    <p class='ocr_par' dir='ltr' id='par_1_3' title="bbox 2094 440 3674 516">
     <span class='ocr_line' id='line_1_3' title="bbox 2094 440 3674 516; baseline -0.001 -14"><span class='ocrx_word' id='word_1_17' title='bbox 2094 444 2367 516; x_wconf 85' lang='lat' dir='ltr'><strong>siquidem</strong></span> <span class='ocrx_word' id='word_1_18' title='bbox 2402 444 2625 499; x_wconf 94' lang='lat' dir='ltr'><strong>transiit</strong></span> <span class='ocrx_word' id='word_1_19' title='bbox 2652 458 2682 497; x_wconf 91' lang='lat' dir='ltr'><strong>a</strong></span> <span class='ocrx_word' id='word_1_20' title='bbox 2706 443 2994 513; x_wconf 72' lang='lat' dir='ltr'><strong>Synagoga</strong></span> <span class='ocrx_word' id='word_1_21' title='bbox 3015 440 3328 497; x_wconf 75' lang='lat' dir='ltr'><strong>Iudaeorum</strong></span> <span class='ocrx_word' id='word_1_22' title='bbox 3362 442 3427 498; x_wconf 85' lang='lat' dir='ltr'><strong>ad</strong></span> <span class='ocrx_word' id='word_1_23' title='bbox 3459 454 3674 515; x_wconf 82' lang='lat' dir='ltr'><strong>gentes,</strong></span> 
     </span>
    </p>
   </div>
   <div class='ocr_carea' id='block_1_4' title="bbox 385 542 1983 618">
    <p class='ocr_par' dir='ltr' id='par_1_4' title="bbox 385 542 1983 618">
     <span class='ocr_line' id='line_1_4' title="bbox 385 542 1983 618; baseline -0.006 -15"><span class='ocrx_word' id='word_1_24' title='bbox 385 548 548 603; x_wconf 69' lang='grc' dir='ltr'>Θεόψ</span> <span class='ocrx_word' id='word_1_25' title='bbox 578 548 673 602; x_wconf 75' lang='grc' dir='ltr'><strong>καὶ</strong></span> <span class='ocrx_word' id='word_1_26' title='bbox 724 548 839 617; x_wconf 80' lang='grc' dir='ltr'>γὰρ</span> <span class='ocrx_word' id='word_1_27' title='bbox 887 547 1091 618; x_wconf 74' lang='grc' dir='ltr'>μετέϐη</span> <span class='ocrx_word' id='word_1_28' title='bbox 1128 546 1236 600; x_wconf 81' lang='grc' dir='ltr'><strong>ἀπὸ</strong></span> <span class='ocrx_word' id='word_1_29' title='bbox 1256 545 1357 615; x_wconf 75' lang='grc' dir='ltr'>τῆς</span> <span class='ocrx_word' id='word_1_30' title='bbox 1389 545 1497 599; x_wconf 90' lang='grc' dir='ltr'><strong>τῶν</strong></span> <span class='ocrx_word' id='word_1_31' title='bbox 1539 542 1808 598; x_wconf 83' lang='grc' dir='ltr'>Ἰουδαίων</span> <span class='ocrx_word' id='word_1_32' title='bbox 1850 543 1983 594; x_wconf 83' lang='grc' dir='ltr'>Συν-</span> 
     </span>
    </p>
   </div>
   <div class='ocr_carea' id='block_1_5' title="bbox 380 630 1979 708">
    <p class='ocr_par' dir='ltr' id='par_1_5' title="bbox 380 630 1979 708">
     <span class='ocr_line' id='line_1_5' title="bbox 380 630 1979 708; baseline -0.004 -17"><span class='ocrx_word' id='word_1_33' title='bbox 380 639 616 708; x_wconf 77' lang='grc' dir='ltr'>αγωγῆς</span> <span class='ocrx_word' id='word_1_34' title='bbox 650 638 743 691; x_wconf 78' lang='grc' dir='ltr'>ἐπὶ</span> <span class='ocrx_word' id='word_1_35' title='bbox 773 636 845 691; x_wconf 79' lang='grc' dir='ltr'>τὰ</span> <span class='ocrx_word' id='word_1_36' title='bbox 867 637 1021 708; x_wconf 79' lang='grc' dir='ltr'>ἔθνη·</span> <span class='ocrx_word' id='word_1_37' title='bbox 1045 638 1140 690; x_wconf 83' lang='grc' dir='ltr'><strong>καὶ</strong></span> <span class='ocrx_word' id='word_1_38' title='bbox 1166 636 1287 689; x_wconf 87' lang='grc' dir='ltr'>τότε</span> <span class='ocrx_word' id='word_1_39' title='bbox 1318 636 1503 689; x_wconf 71' lang='grc' dir='ltr'>πολλοὶ</span> <span class='ocrx_word' id='word_1_40' title='bbox 1529 630 1692 706; x_wconf 81' lang='grc' dir='ltr'>ἦλθον</span> <span class='ocrx_word' id='word_1_41' title='bbox 1718 633 1854 703; x_wconf 82' lang='grc' dir='ltr'>πρὸς</span> <span class='ocrx_word' id='word_1_42' title='bbox 1881 633 1979 686; x_wconf 82' lang='grc' dir='ltr'>αύ-</span> 
     </span>
    </p>
   </div>
   <div class='ocr_carea' id='block_1_6' title="bbox 384 721 1981 797">
    <p class='ocr_par' dir='ltr' id='par_1_6' title="bbox 384 721 1981 797">
     <span class='ocr_line' id='line_1_6' title="bbox 384 721 1981 797; baseline -0.004 -15"><span class='ocrx_word' id='word_1_43' title='bbox 384 728 502 789; x_wconf 80' lang='grc' dir='ltr'>τὸν,</span> <span class='ocrx_word' id='word_1_44' title='bbox 535 729 631 781; x_wconf 74' lang='grc' dir='ltr'><strong>καὶ</strong></span> <span class='ocrx_word' id='word_1_45' title='bbox 664 727 990 781; x_wconf 84' lang='grc' dir='ltr'>ἐπίστευσαν</span> <span class='ocrx_word' id='word_1_46' title='bbox 1013 729 1132 790; x_wconf 81' lang='grc' dir='ltr'>ταῖς</span> <span class='ocrx_word' id='word_1_47' title='bbox 1156 728 1284 797; x_wconf 74' lang='grc' dir='ltr'>περὶ</span> <span class='ocrx_word' id='word_1_48' title='bbox 1302 724 1467 779; x_wconf 82' lang='grc' dir='ltr'>αὐτοῦ</span> <span class='ocrx_word' id='word_1_49' title='bbox 1499 724 1804 795; x_wconf 83' lang='grc' dir='ltr'>λεχθείσαις</span> <span class='ocrx_word' id='word_1_50' title='bbox 1833 721 1981 794; x_wconf 81' lang='grc' dir='ltr'>παρὰ</span> 
     </span>
    </p>
   </div>
   <div class='ocr_carea' id='block_1_7' title="bbox 385 814 1978 887">
    <p class='ocr_par' dir='ltr' id='par_1_7' title="bbox 385 814 1978 887">
     <span class='ocr_line' id='line_1_7' title="bbox 385 814 1978 887; baseline -0.004 -16"><span class='ocrx_word' id='word_1_51' title='bbox 385 819 500 871; x_wconf 83' lang='grc' dir='ltr'><strong>τῶν</strong></span> <span class='ocrx_word' id='word_1_52' title='bbox 533 818 706 886; x_wconf 79' lang='grc' dir='ltr'>ἁγίων</span> <span class='ocrx_word' id='word_1_53' title='bbox 759 820 989 887; x_wconf 78' lang='grc' dir='ltr'><strong>φωναῖς,</strong></span> <span class='ocrx_word' id='word_1_54' title='bbox 1024 818 1118 871; x_wconf 72' lang='grc' dir='ltr'><strong>καὶ</strong></span> <span class='ocrx_word' id='word_1_55' title='bbox 1167 817 1487 870; x_wconf 88' lang='grc' dir='ltr'>πιστεύουσι</span> <span class='ocrx_word' id='word_1_56' title='bbox 1514 817 1594 879; x_wconf 85' lang='grc' dir='ltr'><strong>εἰς</strong></span> <span class='ocrx_word' id='word_1_57' title='bbox 1638 814 1800 868; x_wconf 74' lang='grc' dir='ltr'>αὑτὸν</span> <span class='ocrx_word' id='word_1_58' title='bbox 1841 815 1978 875; x_wconf 83' lang='grc' dir='ltr'>ἐκεῖ,</span> 
     </span>
    </p>
   </div>
   <div class='ocr_carea' id='block_1_8' title="bbox 386 900 1983 979">
    <p class='ocr_par' dir='ltr' id='par_1_8' title="bbox 386 900 1983 979">
     <span class='ocr_line' id='line_1_8' title="bbox 386 900 1983 979; baseline -0.006 -16"><span class='ocrx_word' id='word_1_59' title='bbox 386 910 531 963; x_wconf 78' lang='grc' dir='ltr'>ὃπου</span> <span class='ocrx_word' id='word_1_60' title='bbox 578 910 636 963; x_wconf 69' lang='lat' dir='ltr'><strong>at</strong></span> <span class='ocrx_word' id='word_1_61' title='bbox 685 907 793 961; x_wconf 88' lang='grc' dir='ltr'><strong>τῶν</strong></span> <span class='ocrx_word' id='word_1_62' title='bbox 845 908 1053 962; x_wconf 80' lang='grc' dir='ltr'><strong>ὑδάτων</strong></span> <span class='ocrx_word' id='word_1_63' title='bbox 1093 907 1291 979; x_wconf 78' lang='grc' dir='ltr'>πηγαὶ,</span> <span class='ocrx_word' id='word_1_64' title='bbox 1344 908 1480 959; x_wconf 81' lang='grc' dir='ltr'>ὅπου</span> <span class='ocrx_word' id='word_1_65' title='bbox 1525 906 1585 959; x_wconf 78' lang='grc' dir='ltr'>τὸ</span> <span class='ocrx_word' id='word_1_66' title='bbox 1621 905 1713 957; x_wconf 80' lang='grc' dir='ltr'><strong>ἐπὶ</strong></span> <span class='ocrx_word' id='word_1_67' title='bbox 1761 900 1983 973; x_wconf 85' lang='grc' dir='ltr'>Χριστῷ</span> 
     </span>
    </p>
   </div>
   <div class='ocr_carea' id='block_1_9' title="bbox 385 988 1984 1067">
    <p class='ocr_par' dir='ltr' id='par_1_9' title="bbox 385 988 1984 1067">
     <span class='ocr_line' id='line_1_9' title="bbox 385 988 1984 1067; baseline -0.004 -16"><span class='ocrx_word' id='word_1_68' title='bbox 385 988 762 1067; x_wconf 75' lang='grc' dir='ltr'><strong>διδασκόμεθα</strong></span> <span class='ocrx_word' id='word_1_69' title='bbox 787 999 1106 1067; x_wconf 84' lang='grc' dir='ltr'>μυστήριον.</span> <span class='ocrx_word' id='word_1_70' title='bbox 1153 998 1210 1050; x_wconf 82' lang='grc' dir='ltr'><strong>Ὀ</strong></span> <span class='ocrx_word' id='word_1_71' title='bbox 1249 996 1357 1067; x_wconf 75' lang='grc' dir='ltr'><strong>γὰρ</strong></span> <span class='ocrx_word' id='word_1_72' title='bbox 1384 995 1617 1067; x_wconf 83' lang='grc' dir='ltr'>Χριστὸς</span> <span class='ocrx_word' id='word_1_73' title='bbox 1647 996 1746 1047; x_wconf 81' lang='grc' dir='ltr'><strong>οιόκ</strong></span> <span class='ocrx_word' id='word_1_74' title='bbox 1778 994 1835 1045; x_wconf 84' lang='grc' dir='ltr'><strong>ἐν</strong></span> <span class='ocrx_word' id='word_1_75' title='bbox 1873 995 1984 1061; x_wconf 86' lang='grc' dir='ltr'>τοῖς</span> 
     </span>
    </p>
   </div>
   <div class='ocr_carea' id='block_1_10' title="bbox 390 1081 1985 1158">
    <p class='ocr_par' dir='ltr' id='par_1_10' title="bbox 390 1081 1985 1158">
     <span class='ocr_line' id='line_1_10' title="bbox 390 1081 1985 1158; baseline -0.005 -17"><span class='ocrx_word' id='word_1_76' title='bbox 390 1089 536 1158; x_wconf 81' lang='grc' dir='ltr'>πρὸς</span> <span class='ocrx_word' id='word_1_77' title='bbox 594 1086 866 1158; x_wconf 79' lang='grc' dir='ltr'><strong>Ἰορδάνην</strong></span> <span class='ocrx_word' id='word_1_78' title='bbox 908 1086 1141 1157; x_wconf 79' lang='grc' dir='ltr'>νάμασιν</span> <span class='ocrx_word' id='word_1_79' title='bbox 1179 1082 1269 1156; x_wconf 77' lang='grc' dir='ltr'><strong>ἦν’</strong></span> <span class='ocrx_word' id='word_1_80' title='bbox 1324 1085 1459 1138; x_wconf 72' lang='grc' dir='ltr'>ἀλλὰ</span> <span class='ocrx_word' id='word_1_81' title='bbox 1505 1084 1678 1153; x_wconf 81' lang='grc' dir='ltr'>πέραν</span> <span class='ocrx_word' id='word_1_82' title='bbox 1723 1098 1845 1135; x_wconf 89' lang='grc' dir='ltr'>που·</span> <span class='ocrx_word' id='word_1_83' title='bbox 1889 1081 1985 1134; x_wconf 78' lang='grc' dir='ltr'><strong>καὶ</strong></span> 
     </span>
    </p>
   </div>
   <div class='ocr_carea' id='block_1_11' title="bbox 389 1170 1983 1246">
    <p class='ocr_par' dir='ltr' id='par_1_11' title="bbox 389 1170 1983 1246">
     <span class='ocr_line' id='line_1_11' title="bbox 389 1170 1983 1246; baseline -0.004 -17"><span class='ocrx_word' id='word_1_84' title='bbox 389 1176 569 1230; x_wconf 85' lang='grc' dir='ltr'>ἐλθὼν</span> <span class='ocrx_word' id='word_1_85' title='bbox 590 1176 805 1246; x_wconf 73' lang='grc' dir='ltr'>ἔμεινεν</span> <span class='ocrx_word' id='word_1_86' title='bbox 844 1177 903 1228; x_wconf 88' lang='grc' dir='ltr'><strong>ἐν</strong></span> <span class='ocrx_word' id='word_1_87' title='bbox 930 1177 997 1246; x_wconf 74' lang='grc' dir='ltr'>τῇ</span> <span class='ocrx_word' id='word_1_88' title='bbox 1031 1175 1090 1240; x_wconf 77' lang='grc' dir='ltr'>ἐξ</span> <span class='ocrx_word' id='word_1_89' title='bbox 1113 1173 1283 1227; x_wconf 85' lang='grc' dir='ltr'>ἐθνῶν</span> <span class='ocrx_word' id='word_1_90' title='bbox 1324 1171 1618 1243; x_wconf 73' lang='grc' dir='ltr'>Ἐκκλησία</span> <span class='ocrx_word' id='word_1_91' title='bbox 1647 1170 1983 1243; x_wconf 79' lang='grc' dir='ltr'>προσμείνας</span> 
     </span>
    </p>
   </div>
   <div class='ocr_carea' id='block_1_12' title="bbox 390 1263 1980 1338">
    <p class='ocr_par' dir='ltr' id='par_1_12' title="bbox 390 1263 1980 1338">
     <span class='ocr_line' id='line_1_12' title="bbox 390 1263 1980 1338; baseline -0.02 -4"><span class='ocrx_word' id='word_1_92' title='bbox 390 1267 633 1335; x_wconf 75' lang='grc' dir='ltr'>παγίως.</span> <span class='ocrx_word' id='word_1_93' title='bbox 666 1267 931 1338; x_wconf 86' lang='grc' dir='ltr'>Τιμῶμεν</span> <span class='ocrx_word' id='word_1_94' title='bbox 973 1266 1030 1319; x_wconf 87' lang='grc' dir='ltr'><strong>δέ</strong></span> <span class='ocrx_word' id='word_1_95' title='bbox 1059 1265 1148 1319; x_wconf 78' lang='grc' dir='ltr'>τὸν</span> <span class='ocrx_word' id='word_1_96' title='bbox 1190 1265 1466 1333; x_wconf 80' lang='grc' dir='ltr'>Ἰωάννην,</span> <span class='ocrx_word' id='word_1_97' title='bbox 1497 1265 1594 1333; x_wconf 83' lang='grc' dir='ltr'><strong>οὐχ</strong></span> <span class='ocrx_word' id='word_1_98' title='bbox 1639 1263 1714 1326; x_wconf 82' lang='grc' dir='ltr'>ὼς</span> <span class='ocrx_word' id='word_1_99' title='bbox 1752 1263 1980 1333; x_wconf 61' lang='grc' dir='ltr'>ἐνεργή-</span> 
     </span>
    </p>
   </div>
   <div class='ocr_carea' id='block_1_13' title="bbox 389 1352 1981 1429">
    <p class='ocr_par' dir='ltr' id='par_1_13' title="bbox 389 1352 1981 1429">
     <span class='ocr_line' id='line_1_13' title="bbox 389 1352 1981 1429; baseline -0.006 -13"><span class='ocrx_word' id='word_1_100' title='bbox 389 1361 570 1416; x_wconf 83' lang='grc' dir='ltr'>σαντά</span> <span class='ocrx_word' id='word_1_101' title='bbox 610 1377 663 1413; x_wconf 85' lang='grc' dir='ltr'><strong>τι</strong></span> <span class='ocrx_word' id='word_1_102' title='bbox 703 1358 1032 1429; x_wconf 83' lang='grc' dir='ltr'>θεοπρεπὲς,</span> <span class='ocrx_word' id='word_1_103' title='bbox 1076 1356 1190 1410; x_wconf 81' lang='grc' dir='ltr'>ἀλλ’</span> <span class='ocrx_word' id='word_1_104' title='bbox 1231 1357 1307 1420; x_wconf 82' lang='grc' dir='ltr'>ὡς</span> <span class='ocrx_word' id='word_1_105' title='bbox 1350 1354 1522 1425; x_wconf 83' lang='grc' dir='ltr'>ἀληθῆ</span> <span class='ocrx_word' id='word_1_106' title='bbox 1571 1354 1699 1425; x_wconf 81' lang='grc' dir='ltr'>περὶ</span> <span class='ocrx_word' id='word_1_107' title='bbox 1743 1352 1981 1424; x_wconf 79' lang='grc' dir='ltr'><strong>Χριστοῦ</strong></span> 
     </span>
    </p>
   </div>
   <div class='ocr_carea' id='block_1_14' title="bbox 391 1444 1982 1524">
    <p class='ocr_par' dir='ltr' id='par_1_14' title="bbox 391 1444 1982 1524">
     <span class='ocr_line' id='line_1_14' title="bbox 391 1444 1982 1524; baseline -0.006 -18"><span class='ocrx_word' id='word_1_108' title='bbox 391 1454 843 1524; x_wconf 75' lang='grc' dir='ltr'><strong>μαρτυρήσαντα.</strong></span> <span class='ocrx_word' id='word_1_109' title='bbox 908 1449 983 1501; x_wconf 80' lang='grc' dir='ltr'>Ού</span> <span class='ocrx_word' id='word_1_110' title='bbox 1042 1449 1201 1518; x_wconf 84' lang='grc' dir='ltr'>μόνον</span> <span class='ocrx_word' id='word_1_111' title='bbox 1243 1448 1352 1519; x_wconf 80' lang='grc' dir='ltr'><strong>γὰρ</strong></span> <span class='ocrx_word' id='word_1_112' title='bbox 1401 1446 1679 1507; x_wconf 76' lang='grc' dir='ltr'><strong>Ἰωάννου,</strong></span> <span class='ocrx_word' id='word_1_113' title='bbox 1718 1444 1856 1500; x_wconf 75' lang='grc' dir='ltr'>ἀλλὰ</span> <span class='ocrx_word' id='word_1_114' title='bbox 1888 1446 1982 1498; x_wconf 80' lang='grc' dir='ltr'><strong>καὶ</strong></span> 
     </span>
    </p>
   </div>
   <div class='ocr_carea' id='block_1_15' title="bbox 391 1538 1983 1611">
    <p class='ocr_par' dir='ltr' id='par_1_15' title="bbox 391 1538 1983 1611">
     <span class='ocr_line' id='line_1_15' title="bbox 391 1538 1983 1611; baseline -0.005 -13"><span class='ocrx_word' id='word_1_115' title='bbox 391 1544 601 1606; x_wconf 77' lang='grc' dir='ltr'>παντὸς</span> <span class='ocrx_word' id='word_1_116' title='bbox 629 1541 785 1610; x_wconf 83' lang='grc' dir='ltr'>ἁγίου</span> <span class='ocrx_word' id='word_1_117' title='bbox 817 1542 847 1594; x_wconf 84' lang='grc' dir='ltr'><strong>ὁ</strong></span> <span class='ocrx_word' id='word_1_118' title='bbox 892 1541 1124 1611; x_wconf 85' lang='grc' dir='ltr'>Χριστὸς</span> <span class='ocrx_word' id='word_1_119' title='bbox 1171 1538 1631 1610; x_wconf 76' lang='grc' dir='ltr'><strong>θαυμαστότερος·</strong></span> <span class='ocrx_word' id='word_1_120' title='bbox 1664 1538 1715 1591; x_wconf 83' lang='grc' dir='ltr'>οἱ</span> <span class='ocrx_word' id='word_1_121' title='bbox 1747 1538 1844 1607; x_wconf 79' lang='grc' dir='ltr'>μὲν</span> <span class='ocrx_word' id='word_1_122' title='bbox 1874 1538 1983 1607; x_wconf 74' lang='grc' dir='ltr'><strong>γὰρ</strong></span> 
     </span>
    </p>
   </div>
   <div class='ocr_carea' id='block_1_16' title="bbox 392 1630 1984 1705">
    <p class='ocr_par' dir='ltr' id='par_1_16' title="bbox 392 1630 1984 1705">
     <span class='ocr_line' id='line_1_16' title="bbox 392 1630 1984 1705; baseline -0.004 -15"><span class='ocrx_word' id='word_1_123' title='bbox 392 1633 703 1705; x_wconf 66' lang='grc' dir='ltr'>προφῆται,</span> <span class='ocrx_word' id='word_1_124' title='bbox 746 1635 775 1686; x_wconf 85' lang='grc' dir='ltr'>ὁ</span> <span class='ocrx_word' id='word_1_125' title='bbox 802 1632 860 1685; x_wconf 82' lang='grc' dir='ltr'>δὲ</span> <span class='ocrx_word' id='word_1_126' title='bbox 905 1632 1038 1694; x_wconf 86' lang='grc' dir='ltr'>Θεὸς</span> <span class='ocrx_word' id='word_1_127' title='bbox 1072 1631 1505 1703; x_wconf 86' lang='grc' dir='ltr'>θαυματουργός.</span> <span class='ocrx_word' id='word_1_128' title='bbox 1550 1630 1890 1701; x_wconf 83' lang='grc' dir='ltr'>Σημειωτέον</span> <span class='ocrx_word' id='word_1_129' title='bbox 1927 1630 1984 1683; x_wconf 76' lang='grc' dir='ltr'>δὲ</span> 
     </span>
    </p>
   </div>
   <div class='ocr_carea' id='block_1_17' title="bbox 389 1718 1986 1791">
    <p class='ocr_par' dir='ltr' id='par_1_17' title="bbox 389 1718 1986 1791">
     <span class='ocr_line' id='line_1_17' title="bbox 389 1718 1986 1791; baseline -0.004 -13"><span class='ocrx_word' id='word_1_130' title='bbox 389 1725 479 1778; x_wconf 84' lang='grc' dir='ltr'>ὃτι</span> <span class='ocrx_word' id='word_1_131' title='bbox 505 1724 623 1786; x_wconf 82' lang='grc' dir='ltr'>ὁδός</span> <span class='ocrx_word' id='word_1_132' title='bbox 644 1725 784 1776; x_wconf 71' lang='grc' dir='ltr'>εἰσιν</span> <span class='ocrx_word' id='word_1_133' title='bbox 809 1721 859 1774; x_wconf 78' lang='grc' dir='ltr'><strong>οι</strong></span> <span class='ocrx_word' id='word_1_134' title='bbox 899 1721 1144 1775; x_wconf 81' lang='grc' dir='ltr'>Ἰωάννου</span> <span class='ocrx_word' id='word_1_135' title='bbox 1184 1722 1278 1774; x_wconf 69' lang='grc' dir='ltr'><strong>καὶ</strong></span> <span class='ocrx_word' id='word_1_136' title='bbox 1323 1720 1426 1773; x_wconf 85' lang='grc' dir='ltr'><strong>τῶν</strong></span> <span class='ocrx_word' id='word_1_137' title='bbox 1458 1720 1661 1773; x_wconf 84' lang='grc' dir='ltr'>λοιπῶν</span> <span class='ocrx_word' id='word_1_138' title='bbox 1692 1718 1986 1791; x_wconf 73' lang='grc' dir='ltr'>προφητῶν</span> 
     </span>
    </p>
   </div>
   <div class='ocr_carea' id='block_1_18' title="bbox 388 1810 1348 1883">
    <p class='ocr_par' dir='ltr' id='par_1_18' title="bbox 388 1810 1348 1883">
     <span class='ocr_line' id='line_1_18' title="bbox 388 1810 1348 1883; baseline -0.003 -17"><span class='ocrx_word' id='word_1_139' title='bbox 388 1814 567 1883; x_wconf 78' lang='grc' dir='ltr'>λόγοι,</span> <span class='ocrx_word' id='word_1_140' title='bbox 592 1815 672 1878; x_wconf 88' lang='grc' dir='ltr'><strong>είς</strong></span> <span class='ocrx_word' id='word_1_141' title='bbox 698 1814 760 1867; x_wconf 80' lang='grc' dir='ltr'>τὸ</span> <span class='ocrx_word' id='word_1_142' title='bbox 791 1812 1080 1867; x_wconf 87' lang='grc' dir='ltr'>πιστεῦσαι</span> <span class='ocrx_word' id='word_1_143' title='bbox 1107 1810 1348 1883; x_wconf 78' lang='grc' dir='ltr'>Χριστῷ.</span> 
     </span>
    </p>
   </div>
   <div class='ocr_carea' id='block_1_19' title="bbox 460 1902 1807 1973">
    <p class='ocr_par' dir='ltr' id='par_1_19' title="bbox 460 1902 1807 1973">
     <span class='ocr_line' id='line_1_19' title="bbox 460 1902 1807 1973; baseline -0.007 -8"><span class='ocrx_word' id='word_1_144' title='bbox 460 1902 578 1965; x_wconf 78' lang='grc' dir='ltr'><strong>Ἦν</strong></span> <span class='ocrx_word' id='word_1_145' title='bbox 600 1907 670 1961; x_wconf 78' lang='grc' dir='ltr'><strong>δέ</strong></span> <span class='ocrx_word' id='word_1_146' title='bbox 688 1925 781 1973; x_wconf 73' lang='grc' dir='ltr'><strong>τις</strong></span> <span class='ocrx_word' id='word_1_147' title='bbox 805 1904 1082 1962; x_wconf 74' lang='grc' dir='ltr'>ἀσθενῶν</span> <span class='ocrx_word' id='word_1_148' title='bbox 1116 1903 1398 1972; x_wconf 78' lang='grc' dir='ltr'>Λάζαρος.</span> <span class='ocrx_word' id='word_1_149' title='bbox 1434 1904 1530 1957; x_wconf 71' lang='grc' dir='ltr'><strong>καὶ</strong></span> <span class='ocrx_word' id='word_1_150' title='bbox 1557 1902 1628 1956; x_wconf 78' lang='grc' dir='ltr'><strong>τὰ</strong></span> <span class='ocrx_word' id='word_1_151' title='bbox 1657 1903 1807 1973; x_wconf 78' lang='grc' dir='ltr'>ἑξῆς.</span> 
     </span>
    </p>
   </div>
   <div class='ocr_carea' id='block_1_20' title="bbox 478 1986 1987 2068">
    <p class='ocr_par' dir='ltr' id='par_1_20' title="bbox 478 1986 1987 2068">
     <span class='ocr_line' id='line_1_20' title="bbox 478 1986 1987 2068; baseline -0.004 -17"><span class='ocrx_word' id='word_1_152' title='bbox 478 1996 767 2068; x_wconf 80' lang='grc' dir='ltr'>Ἐπίτηδες</span> <span class='ocrx_word' id='word_1_153' title='bbox 798 1997 856 2049; x_wconf 83' lang='grc' dir='ltr'>δὲ</span> <span class='ocrx_word' id='word_1_154' title='bbox 884 1997 1158 2067; x_wconf 79' lang='grc' dir='ltr'>μέμνηται</span> <span class='ocrx_word' id='word_1_155' title='bbox 1196 1994 1307 2048; x_wconf 91' lang='grc' dir='ltr'><strong>τῶν</strong></span> <span class='ocrx_word' id='word_1_156' title='bbox 1350 1993 1632 2063; x_wconf 83' lang='grc' dir='ltr'>ὀνομάτων</span> <span class='ocrx_word' id='word_1_157' title='bbox 1656 1992 1765 2046; x_wconf 88' lang='grc' dir='ltr'><strong>τῶν</strong></span> <span class='ocrx_word' id='word_1_158' title='bbox 1806 1986 1987 2061; x_wconf 69' lang='grc' dir='ltr'>γυναι-</span> 
     </span>
    </p>
   </div>
   <div class='ocr_carea' id='block_1_21' title="bbox 388 2081 1986 2159">
    <p class='ocr_par' dir='ltr' id='par_1_21' title="bbox 388 2081 1986 2159">
     <span class='ocr_line' id='line_1_21' title="bbox 388 2081 1986 2159; baseline -0.004 -16"><span class='ocrx_word' id='word_1_159' title='bbox 388 2088 511 2144; x_wconf 72' lang='grc' dir='ltr'>σιῶν</span> <span class='ocrx_word' id='word_1_160' title='bbox 546 2092 578 2142; x_wconf 81' lang='grc' dir='ltr'>ὁ</span> <span class='ocrx_word' id='word_1_161' title='bbox 604 2088 1021 2159; x_wconf 80' lang='grc' dir='ltr'>εύαγγελιστὴς,</span> <span class='ocrx_word' id='word_1_162' title='bbox 1058 2087 1270 2151; x_wconf 73' lang='grc' dir='ltr'>δεικνὺς</span> <span class='ocrx_word' id='word_1_163' title='bbox 1314 2087 1395 2139; x_wconf 80' lang='grc' dir='ltr'>ὅτι</span> <span class='ocrx_word' id='word_1_164' title='bbox 1436 2085 1700 2155; x_wconf 73' lang='grc' dir='ltr'>ἐπίσημοι</span> <span class='ocrx_word' id='word_1_165' title='bbox 1742 2081 1885 2156; x_wconf 81' lang='grc' dir='ltr'>ἦσαν</span> <span class='ocrx_word' id='word_1_166' title='bbox 1908 2085 1986 2148; x_wconf 87' lang='grc' dir='ltr'>ὡς</span> 
     </span>
    </p>
   </div>
   <div class='ocr_carea' id='block_1_22' title="bbox 388 2176 1986 2248">
    <p class='ocr_par' dir='ltr' id='par_1_22' title="bbox 388 2176 1986 2248">
     <span class='ocr_line' id='line_1_22' title="bbox 388 2176 1986 2248; baseline -0.004 -13"><span class='ocrx_word' id='word_1_167' title='bbox 388 2180 692 2243; x_wconf 80' lang='grc' dir='ltr'>θεοσεϐεῖς·</span> <span class='ocrx_word' id='word_1_168' title='bbox 726 2178 806 2233; x_wconf 80' lang='grc' dir='ltr'>διὸ</span> <span class='ocrx_word' id='word_1_169' title='bbox 841 2179 937 2232; x_wconf 70' lang='grc' dir='ltr'>καὶ</span> <span class='ocrx_word' id='word_1_170' title='bbox 969 2178 1162 2247; x_wconf 65' lang='grc' dir='ltr'>ἠγάπα</span> <span class='ocrx_word' id='word_1_171' title='bbox 1196 2178 1409 2240; x_wconf 81' lang='grc' dir='ltr'>αὐτὰςό</span> <span class='ocrx_word' id='word_1_172' title='bbox 1435 2176 1656 2248; x_wconf 83' lang='grc' dir='ltr'>Κύριος.</span> <span class='ocrx_word' id='word_1_173' title='bbox 1681 2177 1899 2231; x_wconf 85' lang='grc' dir='ltr'>Πολλῶν</span> <span class='ocrx_word' id='word_1_174' title='bbox 1927 2177 1986 2231; x_wconf 78' lang='grc' dir='ltr'>δὲ</span> 
     </span>
    </p>
   </div>
   <div class='ocr_carea' id='block_1_23' title="bbox 391 2268 1983 2342">
    <p class='ocr_par' dir='ltr' id='par_1_23' title="bbox 391 2268 1983 2342">
     <span class='ocr_line' id='line_1_23' title="bbox 391 2268 1983 2342; baseline -0.003 -17"><span class='ocrx_word' id='word_1_175' title='bbox 391 2272 723 2342; x_wconf 82' lang='grc' dir='ltr'>γεγονότων,</span> <span class='ocrx_word' id='word_1_176' title='bbox 753 2271 829 2334; x_wconf 84' lang='grc' dir='ltr'>ὡς</span> <span class='ocrx_word' id='word_1_177' title='bbox 851 2271 1020 2333; x_wconf 72' lang='grc' dir='ltr'>εἰκὸς,</span> <span class='ocrx_word' id='word_1_178' title='bbox 1044 2271 1124 2334; x_wconf 83' lang='grc' dir='ltr'>εἰς</span> <span class='ocrx_word' id='word_1_179' title='bbox 1150 2269 1242 2323; x_wconf 72' lang='grc' dir='ltr'>τὸν</span> <span class='ocrx_word' id='word_1_180' title='bbox 1268 2270 1473 2339; x_wconf 81' lang='grc' dir='ltr'>Κύριον</span> <span class='ocrx_word' id='word_1_181' title='bbox 1497 2269 1605 2321; x_wconf 81' lang='grc' dir='ltr'><strong>ὑπὸ</strong></span> <span class='ocrx_word' id='word_1_182' title='bbox 1626 2269 1723 2339; x_wconf 78' lang='grc' dir='ltr'>τῆς</span> <span class='ocrx_word' id='word_1_183' title='bbox 1744 2268 1983 2340; x_wconf 79' lang='grc' dir='ltr'>Μαρίας,</span> 
     </span>
    </p>
   </div>
   <div class='ocr_carea' id='block_1_24' title="bbox 387 2360 1987 2435">
    <p class='ocr_par' dir='ltr' id='par_1_24' title="bbox 387 2360 1987 2435">
     <span class='ocr_line' id='line_1_24' title="bbox 387 2360 1987 2435; baseline -0.002 -20"><span class='ocrx_word' id='word_1_184' title='bbox 387 2363 493 2418; x_wconf 62' lang='grc' dir='ltr'>’τοῦ</span> <span class='ocrx_word' id='word_1_185' title='bbox 534 2364 707 2435; x_wconf 87' lang='grc' dir='ltr'>μύρου</span> <span class='ocrx_word' id='word_1_186' title='bbox 762 2363 1033 2433; x_wconf 81' lang='grc' dir='ltr'>μέμνηται</span> <span class='ocrx_word' id='word_1_187' title='bbox 1071 2362 1169 2431; x_wconf 85' lang='grc' dir='ltr'><strong>οὑχ</strong></span> <span class='ocrx_word' id='word_1_188' title='bbox 1201 2362 1275 2424; x_wconf 84' lang='grc' dir='ltr'>ὡς</span> <span class='ocrx_word' id='word_1_189' title='bbox 1314 2360 1525 2430; x_wconf 75' lang='grc' dir='ltr'>ἔτυχεν,</span> <span class='ocrx_word' id='word_1_190' title='bbox 1564 2360 1678 2414; x_wconf 80' lang='grc' dir='ltr'>ἀλλ’</span> <span class='ocrx_word' id='word_1_191' title='bbox 1719 2361 1805 2413; x_wconf 80' lang='grc' dir='ltr'>ἵνα</span> <span class='ocrx_word' id='word_1_192' title='bbox 1837 2360 1987 2434; x_wconf 78' lang='grc' dir='ltr'>δείξῃ</span> 
     </span>
    </p>
   </div>
   <div class='ocr_carea' id='block_1_25' title="bbox 386 2450 1985 2530">
    <p class='ocr_par' dir='ltr' id='par_1_25' title="bbox 386 2450 1985 2530">
     <span class='ocr_line' id='line_1_25' title="bbox 386 2450 1985 2530; baseline -0.001 -23"><span class='ocrx_word' id='word_1_193' title='bbox 386 2458 480 2530; x_wconf 53' lang='lat' dir='ltr'><strong>ﬁt:</strong></span> <span class='ocrx_word' id='word_1_194' title='bbox 540 2454 811 2523; x_wconf 84' lang='grc' dir='ltr'>τοσαύτην</span> <span class='ocrx_word' id='word_1_195' title='bbox 860 2450 973 2524; x_wconf 80' lang='grc' dir='ltr'>εἶχε</span> <span class='ocrx_word' id='word_1_196' title='bbox 1026 2452 1186 2521; x_wconf 66' lang='grc' dir='ltr'>δίψαν</span> <span class='ocrx_word' id='word_1_197' title='bbox 1233 2453 1266 2521; x_wconf 76' lang='grc' dir='ltr'><strong>ἡ</strong></span> <span class='ocrx_word' id='word_1_198' title='bbox 1317 2450 1504 2522; x_wconf 84' lang='grc' dir='ltr'>Μαρία</span> <span class='ocrx_word' id='word_1_199' title='bbox 1545 2453 1676 2523; x_wconf 72' lang='grc' dir='ltr'>περὶ</span> <span class='ocrx_word' id='word_1_200' title='bbox 1711 2453 1802 2505; x_wconf 79' lang='grc' dir='ltr'><strong>τὸν</strong></span> <span class='ocrx_word' id='word_1_201' title='bbox 1851 2454 1985 2523; x_wconf 89' lang='grc' dir='ltr'>Χρι-</span> 
     </span>
    </p>
   </div>
   <div class='ocr_carea' id='block_1_26' title="bbox 398 2543 1986 2615">
    <p class='ocr_par' dir='ltr' id='par_1_26' title="bbox 398 2543 1986 2615">
     <span class='ocr_line' id='line_1_26' title="bbox 398 2543 1986 2615; baseline -0.003 -15"><span class='ocrx_word' id='word_1_202' title='bbox 398 2546 553 2608; x_wconf 83' lang='grc' dir='ltr'>στὸν,</span> <span class='ocrx_word' id='word_1_203' title='bbox 588 2546 671 2599; x_wconf 84' lang='grc' dir='ltr'>ὅτι</span> <span class='ocrx_word' id='word_1_204' title='bbox 728 2544 957 2615; x_wconf 78' lang='grc' dir='ltr'>ἐξέμαξε</span> <span class='ocrx_word' id='word_1_205' title='bbox 1016 2544 1142 2607; x_wconf 80' lang='grc' dir='ltr'>τοὺς</span> <span class='ocrx_word' id='word_1_206' title='bbox 1193 2543 1360 2608; x_wconf 81' lang='grc' dir='ltr'><strong>πόδας</strong></span> <span class='ocrx_word' id='word_1_207' title='bbox 1414 2544 1582 2598; x_wconf 81' lang='grc' dir='ltr'>αὑτοῦ</span> <span class='ocrx_word' id='word_1_208' title='bbox 1629 2547 1753 2609; x_wconf 88' lang='grc' dir='ltr'>ταῖς</span> <span class='ocrx_word' id='word_1_209' title='bbox 1828 2545 1986 2605; x_wconf 81' lang='grc' dir='ltr'>ίδίαις</span> 
     </span>
    </p>
   </div>
   <div class='ocr_carea' id='block_1_27' title="bbox 396 2636 1988 2709">
    <p class='ocr_par' dir='ltr' id='par_1_27' title="bbox 396 2636 1988 2709">
     <span class='ocr_line' id='line_1_27' title="bbox 396 2636 1988 2709; baseline -0.002 -18"><span class='ocrx_word' id='word_1_210' title='bbox 396 2638 571 2709; x_wconf 73' lang='grc' dir='ltr'>θριξὶ,</span> <span class='ocrx_word' id='word_1_211' title='bbox 615 2636 855 2709; x_wconf 78' lang='grc' dir='ltr'>ζητοῦσα</span> <span class='ocrx_word' id='word_1_212' title='bbox 881 2637 980 2709; x_wconf 81' lang='grc' dir='ltr'>τὴν</span> <span class='ocrx_word' id='word_1_213' title='bbox 1013 2637 1077 2689; x_wconf 83' lang='grc' dir='ltr'><strong>ἐκ</strong></span> <span class='ocrx_word' id='word_1_214' title='bbox 1109 2637 1206 2706; x_wconf 78' lang='grc' dir='ltr'>τῆς</span> <span class='ocrx_word' id='word_1_215' title='bbox 1239 2636 1401 2705; x_wconf 84' lang='grc' dir='ltr'>ἁγίας</span> <span class='ocrx_word' id='word_1_216' title='bbox 1451 2637 1654 2707; x_wconf 77' lang='grc' dir='ltr'>σαρκὸς</span> <span class='ocrx_word' id='word_1_217' title='bbox 1689 2653 1988 2706; x_wconf 81' lang='grc' dir='ltr'>πνευματι-</span> 
     </span>
    </p>
   </div>
   <div class='ocr_carea' id='block_1_28' title="bbox 395 2729 1985 2801">
    <p class='ocr_par' dir='ltr' id='par_1_28' title="bbox 395 2729 1985 2801">
     <span class='ocr_line' id='line_1_28' title="bbox 395 2729 1985 2801; baseline -0.001 -17"><span class='ocrx_word' id='word_1_218' title='bbox 395 2732 507 2801; x_wconf 76' lang='grc' dir='ltr'><strong>κὴν</strong></span> <span class='ocrx_word' id='word_1_219' title='bbox 549 2731 802 2800; x_wconf 78' lang='grc' dir='ltr'>εὐλογίαν</span> <span class='ocrx_word' id='word_1_220' title='bbox 828 2729 1229 2800; x_wconf 83' lang='grc' dir='ltr'>ἀναμάξασθαι.</span> <span class='ocrx_word' id='word_1_221' title='bbox 1260 2730 1580 2801; x_wconf 84' lang='grc' dir='ltr'>Θερμοτέρα</span> <span class='ocrx_word' id='word_1_222' title='bbox 1607 2730 1664 2783; x_wconf 83' lang='grc' dir='ltr'>δὲ</span> <span class='ocrx_word' id='word_1_223' title='bbox 1702 2732 1735 2800; x_wconf 85' lang='grc' dir='ltr'>ἡ</span> <span class='ocrx_word' id='word_1_224' title='bbox 1773 2730 1985 2801; x_wconf 80' lang='grc' dir='ltr'>Μαρία,</span> 
     </span>
    </p>
   </div>
   <div class='ocr_carea' id='block_1_29' title="bbox 391 2821 1985 2895">
    <p class='ocr_par' dir='ltr' id='par_1_29' title="bbox 391 2821 1985 2895">
     <span class='ocr_line' id='line_1_29' title="bbox 391 2821 1985 2895; baseline -0.002 -16"><span class='ocrx_word' id='word_1_225' title='bbox 391 2824 490 2879; x_wconf 73' lang='grc' dir='ltr'>διὰ</span> <span class='ocrx_word' id='word_1_226' title='bbox 515 2823 612 2877; x_wconf 88' lang='grc' dir='ltr'><strong>τοῦ</strong></span> <span class='ocrx_word' id='word_1_227' title='bbox 644 2821 1025 2893; x_wconf 80' lang='grc' dir='ltr'>προσεδρεύειν</span> <span class='ocrx_word' id='word_1_228' title='bbox 1046 2823 1472 2893; x_wconf 76' lang='grc' dir='ltr'>ἀπερισπάστως</span> <span class='ocrx_word' id='word_1_229' title='bbox 1512 2822 1590 2895; x_wconf 78' lang='grc' dir='ltr'><strong>τῷ</strong></span> <span class='ocrx_word' id='word_1_230' title='bbox 1619 2822 1860 2895; x_wconf 84' lang='grc' dir='ltr'>Χριστῷ,</span> <span class='ocrx_word' id='word_1_231' title='bbox 1888 2822 1985 2894; x_wconf 84' lang='grc' dir='ltr'>τὴν</span> 
     </span>
    </p>
   </div>
   <div class='ocr_carea' id='block_1_30' title="bbox 394 2913 1488 2989">
    <p class='ocr_par' dir='ltr' id='par_1_30' title="bbox 394 2913 1488 2989">
     <span class='ocr_line' id='line_1_30' title="bbox 394 2913 1488 2989; baseline 0 -19"><span class='ocrx_word' id='word_1_232' title='bbox 394 2917 543 2989; x_wconf 69' lang='grc' dir='ltr'>πρὸς</span> <span class='ocrx_word' id='word_1_233' title='bbox 576 2913 741 2969; x_wconf 78' lang='grc' dir='ltr'>αὑτὸν</span> <span class='ocrx_word' id='word_1_234' title='bbox 776 2913 1134 2985; x_wconf 69' lang='grc' dir='ltr'>ἐπισπωμένη</span> <span class='ocrx_word' id='word_1_235' title='bbox 1156 2913 1488 2984; x_wconf 68' lang='grc' dir='ltr'>οἰκειότητα.</span> 
     </span>
    </p>
   </div>
   <div class='ocr_carea' id='block_1_31' title="bbox 2089 535 3676 602">
    <p class='ocr_par' dir='ltr' id='par_1_31' title="bbox 2089 535 3676 602">
     <span class='ocr_line' id='line_1_31' title="bbox 2089 535 3676 602; baseline -0.001 -9"><span class='ocrx_word' id='word_1_236' title='bbox 2089 546 2143 593; x_wconf 90' lang='lat' dir='ltr'><strong>et</strong></span> <span class='ocrx_word' id='word_1_237' title='bbox 2161 548 2293 593; x_wconf 90' lang='lat' dir='ltr'><strong>tunc</strong></span> <span class='ocrx_word' id='word_1_238' title='bbox 2317 539 2471 592; x_wconf 89' lang='lat' dir='ltr'><strong>multi</strong></span> <span class='ocrx_word' id='word_1_239' title='bbox 2506 544 2781 593; x_wconf 83' lang='lat' dir='ltr'><strong>venerunt</strong></span> <span class='ocrx_word' id='word_1_240' title='bbox 2806 535 2874 590; x_wconf 89' lang='lat' dir='ltr'><strong>ad</strong></span> <span class='ocrx_word' id='word_1_241' title='bbox 2907 550 3061 602; x_wconf 89' lang='lat' dir='ltr'><strong>eum,</strong></span> <span class='ocrx_word' id='word_1_242' title='bbox 3093 545 3147 591; x_wconf 90' lang='lat' dir='ltr'><strong>et</strong></span> <span class='ocrx_word' id='word_1_243' title='bbox 3173 536 3527 592; x_wconf 88' lang='lat' dir='ltr'><strong>crediderunt</strong></span> <span class='ocrx_word' id='word_1_244' title='bbox 3550 552 3676 591; x_wconf 84' lang='lat' dir='ltr'><strong>ver-</strong></span> 
     </span>
    </p>
   </div>
   <div class='ocr_carea' id='block_1_32' title="bbox 2092 627 3672 699">
    <p class='ocr_par' dir='ltr' id='par_1_32' title="bbox 2092 627 3672 699">
     <span class='ocr_line' id='line_1_32' title="bbox 2092 627 3672 699; baseline -0.001 -15"><span class='ocrx_word' id='word_1_245' title='bbox 2092 630 2175 685; x_wconf 84' lang='lat' dir='ltr'><strong>bis</strong></span> <span class='ocrx_word' id='word_1_246' title='bbox 2212 629 2280 684; x_wconf 82' lang='lat' dir='ltr'><strong>de</strong></span> <span class='ocrx_word' id='word_1_247' title='bbox 2310 644 2376 683; x_wconf 90' lang='lat' dir='ltr'><strong>eo</strong></span> <span class='ocrx_word' id='word_1_248' title='bbox 2410 644 2507 699; x_wconf 89' lang='lat' dir='ltr'><strong>per</strong></span> <span class='ocrx_word' id='word_1_249' title='bbox 2547 636 2775 684; x_wconf 90' lang='lat' dir='ltr'><strong>sanctos</strong></span> <span class='ocrx_word' id='word_1_250' title='bbox 2816 627 3082 697; x_wconf 89' lang='lat' dir='ltr'><strong>prolatis,</strong></span> <span class='ocrx_word' id='word_1_251' title='bbox 3121 637 3174 682; x_wconf 90' lang='lat' dir='ltr'><strong>et</strong></span> <span class='ocrx_word' id='word_1_252' title='bbox 3215 628 3290 681; x_wconf 88' lang='lat' dir='ltr'><strong>ibi</strong></span> <span class='ocrx_word' id='word_1_253' title='bbox 3334 628 3574 683; x_wconf 89' lang='lat' dir='ltr'><strong>credunt</strong></span> <span class='ocrx_word' id='word_1_254' title='bbox 3614 630 3672 683; x_wconf 87' lang='lat' dir='ltr'><strong>in</strong></span> 
     </span>
    </p>
   </div>
   <div class='ocr_carea' id='block_1_33' title="bbox 2088 718 3675 789">
    <p class='ocr_par' dir='ltr' id='par_1_33' title="bbox 2088 718 3675 789">
     <span class='ocr_line' id='line_1_33' title="bbox 2088 718 3675 789; baseline -0.001 -14"><span class='ocrx_word' id='word_1_255' title='bbox 2088 737 2212 775; x_wconf 87' lang='lat' dir='ltr'><strong>eum</strong></span> <span class='ocrx_word' id='word_1_256' title='bbox 2240 760 2254 784; x_wconf 91' lang='lat'><strong>,</strong></span> <span class='ocrx_word' id='word_1_257' title='bbox 2300 720 2393 774; x_wconf 87' lang='lat' dir='ltr'><strong>ubi</strong></span> <span class='ocrx_word' id='word_1_258' title='bbox 2444 734 2715 789; x_wconf 87' lang='lat' dir='ltr'><strong>aquarmn</strong></span> <span class='ocrx_word' id='word_1_259' title='bbox 2761 725 2892 772; x_wconf 90' lang='lat' dir='ltr'><strong>sunt</strong></span> <span class='ocrx_word' id='word_1_260' title='bbox 2935 718 3155 784; x_wconf 80' lang='lat' dir='ltr'><strong>fontes,</strong></span> <span class='ocrx_word' id='word_1_261' title='bbox 3193 719 3284 773; x_wconf 77' lang='lat' dir='ltr'><strong>tibi</strong></span> <span class='ocrx_word' id='word_1_262' title='bbox 3328 718 3535 775; x_wconf 84' lang='lat' dir='ltr'><strong>Christi</strong></span> <span class='ocrx_word' id='word_1_263' title='bbox 3575 720 3675 773; x_wconf 82' lang='lat' dir='ltr'><strong>do-</strong></span> 
     </span>
    </p>
   </div>
   <div class='ocr_carea' id='block_1_34' title="bbox 2088 808 3674 895">
    <p class='ocr_par' dir='ltr' id='par_1_34' title="bbox 2088 808 3674 895">
     <span class='ocr_line' id='line_1_34' title="bbox 2088 808 3674 895; baseline 0.001 -31"><span class='ocrx_word' id='word_1_264' title='bbox 2088 826 2279 895; x_wconf 73' lang='lat' dir='ltr'><strong>cemur</strong></span> <span class='ocrx_word' id='word_1_265' title='bbox 2322 811 2670 881; x_wconf 85' lang='lat' dir='ltr'><strong>mysterium.</strong></span> <span class='ocrx_word' id='word_1_266' title='bbox 2712 808 2969 865; x_wconf 80' lang='lat' dir='ltr'><strong>Christus</strong></span> <span class='ocrx_word' id='word_1_267' title='bbox 3009 811 3152 864; x_wconf 88' lang='lat' dir='ltr'><strong>enim</strong></span> <span class='ocrx_word' id='word_1_268' title='bbox 3196 826 3306 864; x_wconf 87' lang='lat' dir='ltr'><strong>non</strong></span> <span class='ocrx_word' id='word_1_269' title='bbox 3344 820 3462 865; x_wconf 88' lang='lat' dir='ltr'><strong>erat</strong></span> <span class='ocrx_word' id='word_1_270' title='bbox 3502 810 3566 864; x_wconf 89' lang='lat' dir='ltr'><strong>ad</strong></span> <span class='ocrx_word' id='word_1_271' title='bbox 3603 811 3674 865; x_wconf 80' lang='lat' dir='ltr'><strong>ri-</strong></span> 
     </span>
    </p>
   </div>
   <div class='ocr_carea' id='block_1_35' title="bbox 2089 900 3672 971">
    <p class='ocr_par' dir='ltr' id='par_1_35' title="bbox 2089 900 3672 971">
     <span class='ocr_line' id='line_1_35' title="bbox 2089 900 3672 971; baseline 0.002 -19"><span class='ocrx_word' id='word_1_272' title='bbox 2089 917 2184 957; x_wconf 85' lang='lat' dir='ltr'><strong>vos</strong></span> <span class='ocrx_word' id='word_1_273' title='bbox 2235 902 2385 956; x_wconf 85' lang='lat' dir='ltr'><strong>circa</strong></span> <span class='ocrx_word' id='word_1_274' title='bbox 2435 900 2763 967; x_wconf 72' lang='lat' dir='ltr'><strong>Iordanem,</strong></span> <span class='ocrx_word' id='word_1_275' title='bbox 2801 902 2897 956; x_wconf 87' lang='lat' dir='ltr'><strong>sed</strong></span> <span class='ocrx_word' id='word_1_276' title='bbox 2940 902 3086 956; x_wconf 87' lang='lat' dir='ltr'><strong>ultra</strong></span> <span class='ocrx_word' id='word_1_277' title='bbox 3121 902 3365 966; x_wconf 86' lang='lat' dir='ltr'><strong>alicubi,</strong></span> <span class='ocrx_word' id='word_1_278' title='bbox 3401 916 3510 971; x_wconf 90' lang='lat' dir='ltr'><strong>quo</strong></span> <span class='ocrx_word' id='word_1_279' title='bbox 3545 917 3672 956; x_wconf 88' lang='lat' dir='ltr'><strong>cum</strong></span> 
     </span>
    </p>
   </div>
   <div class='ocr_carea' id='block_1_36' title="bbox 2091 992 3673 1061">
    <p class='ocr_par' dir='ltr' id='par_1_36' title="bbox 2091 992 3673 1061">
     <span class='ocr_line' id='line_1_36' title="bbox 2091 992 3673 1061; baseline -0.001 -14"><span class='ocrx_word' id='word_1_280' title='bbox 2091 995 2368 1059; x_wconf 77' lang='lat' dir='ltr'><strong>venisset,</strong></span> <span class='ocrx_word' id='word_1_281' title='bbox 2410 995 2613 1047; x_wconf 84' lang='lat' dir='ltr'><strong>mansit</strong></span> <span class='ocrx_word' id='word_1_282' title='bbox 2656 993 2709 1045; x_wconf 91' lang='lat' dir='ltr'><strong>in</strong></span> <span class='ocrx_word' id='word_1_283' title='bbox 2746 992 2987 1061; x_wconf 81' lang='lat' dir='ltr'><strong>gentium</strong></span> <span class='ocrx_word' id='word_1_284' title='bbox 3032 992 3279 1048; x_wconf 82' lang='lat' dir='ltr'><strong>Ecclesia</strong></span> <span class='ocrx_word' id='word_1_285' title='bbox 3305 1034 3318 1057; x_wconf 91' lang='lat'><strong>,</strong></span> <span class='ocrx_word' id='word_1_286' title='bbox 3355 1002 3410 1048; x_wconf 91' lang='lat' dir='ltr'><strong>et</strong></span> <span class='ocrx_word' id='word_1_287' title='bbox 3448 992 3673 1046; x_wconf 79' lang='lat' dir='ltr'><strong>stabilis</strong></span> 
     </span>
    </p>
   </div>
   <div class='ocr_carea' id='block_1_37' title="bbox 2089 1080 3675 1152">
    <p class='ocr_par' dir='ltr' id='par_1_37' title="bbox 2089 1080 3675 1152">
     <span class='ocr_line' id='line_1_37' title="bbox 2089 1080 3675 1152; baseline -0.001 -16"><span class='ocrx_word' id='word_1_288' title='bbox 2089 1084 2312 1145; x_wconf 80' lang='lat' dir='ltr'><strong>mansit.</strong></span> <span class='ocrx_word' id='word_1_289' title='bbox 2345 1082 2595 1137; x_wconf 87' lang='lat' dir='ltr'><strong>Colimus</strong></span> <span class='ocrx_word' id='word_1_290' title='bbox 2625 1097 2759 1136; x_wconf 85' lang='lat' dir='ltr'><strong>vero</strong></span> <span class='ocrx_word' id='word_1_291' title='bbox 2786 1080 3058 1137; x_wconf 81' lang='lat' dir='ltr'><strong>Joannem</strong></span> <span class='ocrx_word' id='word_1_292' title='bbox 3087 1124 3102 1149; x_wconf 90' lang='lat'><strong>,</strong></span> <span class='ocrx_word' id='word_1_293' title='bbox 3137 1098 3246 1137; x_wconf 91' lang='lat' dir='ltr'><strong>non</strong></span> <span class='ocrx_word' id='word_1_294' title='bbox 3279 1095 3538 1152; x_wconf 83' lang='lat' dir='ltr'><strong>tanquam</strong></span> <span class='ocrx_word' id='word_1_295' title='bbox 3570 1081 3675 1134; x_wconf 57' lang='lat' dir='ltr'><strong>ali-</strong></span> 
     </span>
    </p>
   </div>
   <div class='ocr_carea' id='block_1_38' title="bbox 2090 1171 3673 1245">
    <p class='ocr_par' dir='ltr' id='par_1_38' title="bbox 2090 1171 3673 1245">
     <span class='ocr_line' id='line_1_38' title="bbox 2090 1171 3673 1245; baseline 0.001 -20"><span class='ocrx_word' id='word_1_296' title='bbox 2090 1174 2225 1245; x_wconf 88' lang='lat' dir='ltr'><strong>quid</strong></span> <span class='ocrx_word' id='word_1_297' title='bbox 2272 1173 2522 1229; x_wconf 83' lang='lat' dir='ltr'><strong>divinum</strong></span> <span class='ocrx_word' id='word_1_298' title='bbox 2575 1181 2898 1244; x_wconf 83' lang='lat' dir='ltr'><strong>Operatnm.</strong></span> <span class='ocrx_word' id='word_1_299' title='bbox 2959 1172 3051 1230; x_wconf 89' lang='lat' dir='ltr'><strong>sed</strong></span> <span class='ocrx_word' id='word_1_300' title='bbox 3109 1180 3370 1243; x_wconf 84' lang='lat' dir='ltr'><strong>tanquam</strong></span> <span class='ocrx_word' id='word_1_301' title='bbox 3429 1188 3556 1227; x_wconf 88' lang='lat' dir='ltr'><strong>vera</strong></span> <span class='ocrx_word' id='word_1_302' title='bbox 3604 1171 3673 1227; x_wconf 87' lang='lat' dir='ltr'><strong>de</strong></span> 
     </span>
    </p>
   </div>
   <div class='ocr_carea' id='block_1_39' title="bbox 2088 1261 3672 1327">
    <p class='ocr_par' dir='ltr' id='par_1_39' title="bbox 2088 1261 3672 1327">
     <span class='ocr_line' id='line_1_39' title="bbox 2088 1261 3672 1327; baseline -0.003 -6"><span class='ocrx_word' id='word_1_303' title='bbox 2088 1266 2313 1321; x_wconf 87' lang='lat' dir='ltr'><strong>Christo</strong></span> <span class='ocrx_word' id='word_1_304' title='bbox 2355 1270 2644 1319; x_wconf 84' lang='lat' dir='ltr'><strong>testatum.</strong></span> <span class='ocrx_word' id='word_1_305' title='bbox 2685 1263 2804 1319; x_wconf 88' lang='lat' dir='ltr'><strong>Non</strong></span> <span class='ocrx_word' id='word_1_306' title='bbox 2863 1265 3040 1318; x_wconf 89' lang='lat' dir='ltr'><strong>solum</strong></span> <span class='ocrx_word' id='word_1_307' title='bbox 3084 1265 3231 1319; x_wconf 88' lang='lat' dir='ltr'><strong>enim</strong></span> <span class='ocrx_word' id='word_1_308' title='bbox 3282 1261 3531 1327; x_wconf 82' lang='lat' dir='ltr'><strong>Joanne,</strong></span> <span class='ocrx_word' id='word_1_309' title='bbox 3574 1263 3672 1317; x_wconf 86' lang='lat' dir='ltr'><strong>sed</strong></span> 
     </span>
    </p>
   </div>
   <div class='ocr_carea' id='block_1_40' title="bbox 2088 1355 3672 1416">
    <p class='ocr_par' dir='ltr' id='par_1_40' title="bbox 2088 1355 3672 1416">
     <span class='ocr_line' id='line_1_40' title="bbox 2088 1355 3672 1416; baseline -0.004 0"><span class='ocrx_word' id='word_1_310' title='bbox 2088 1361 2237 1416; x_wconf 91' lang='lat' dir='ltr'><strong>omni</strong></span> <span class='ocrx_word' id='word_1_311' title='bbox 2277 1366 2475 1414; x_wconf 90' lang='lat' dir='ltr'><strong>sancto</strong></span> <span class='ocrx_word' id='word_1_312' title='bbox 2514 1356 2776 1413; x_wconf 86' lang='lat' dir='ltr'><strong>Christus</strong></span> <span class='ocrx_word' id='word_1_313' title='bbox 2823 1365 2907 1411; x_wconf 90' lang='lat' dir='ltr'><strong>est</strong></span> <span class='ocrx_word' id='word_1_314' title='bbox 2939 1357 3321 1411; x_wconf 82' lang='lat' dir='ltr'><strong>admirabilior</strong></span> <span class='ocrx_word' id='word_1_315' title='bbox 3354 1376 3366 1411; x_wconf 92' lang='lat'><strong>:</strong></span> <span class='ocrx_word' id='word_1_316' title='bbox 3404 1356 3481 1410; x_wconf 91' lang='lat' dir='ltr'><strong>illi</strong></span> <span class='ocrx_word' id='word_1_317' title='bbox 3522 1355 3672 1409; x_wconf 88' lang='lat' dir='ltr'><strong>enim</strong></span> 
     </span>
    </p>
   </div>
   <div class='ocr_carea' id='block_1_41' title="bbox 2089 1447 3672 1523">
    <p class='ocr_par' dir='ltr' id='par_1_41' title="bbox 2089 1447 3672 1523">
     <span class='ocr_line' id='line_1_41' title="bbox 2089 1447 3672 1523; baseline -0.001 -18"><span class='ocrx_word' id='word_1_318' title='bbox 2089 1451 2411 1523; x_wconf 74' lang='lat' dir='ltr'><strong>prophetae.</strong></span> <span class='ocrx_word' id='word_1_319' title='bbox 2465 1448 2553 1503; x_wconf 90' lang='lat' dir='ltr'><strong>hic</strong></span> <span class='ocrx_word' id='word_1_320' title='bbox 2609 1462 2744 1503; x_wconf 85' lang='lat' dir='ltr'><strong>vero</strong></span> <span class='ocrx_word' id='word_1_321' title='bbox 2794 1447 2940 1504; x_wconf 90' lang='lat' dir='ltr'><strong>Deus</strong></span> <span class='ocrx_word' id='word_1_322' title='bbox 2981 1449 3248 1502; x_wconf 88' lang='lat' dir='ltr'><strong>miracula</strong></span> <span class='ocrx_word' id='word_1_323' title='bbox 3291 1448 3521 1504; x_wconf 82' lang='lat' dir='ltr'><strong>faciens.</strong></span> <span class='ocrx_word' id='word_1_324' title='bbox 3557 1447 3672 1503; x_wconf 75' lang='lat' dir='ltr'><strong>No-</strong></span> 
     </span>
    </p>
   </div>
   <div class='ocr_carea' id='block_1_42' title="bbox 2087 1535 3671 1608">
    <p class='ocr_par' dir='ltr' id='par_1_42' title="bbox 2087 1535 3671 1608">
     <span class='ocr_line' id='line_1_42' title="bbox 2087 1535 3671 1608; baseline -0.003 -14"><span class='ocrx_word' id='word_1_325' title='bbox 2087 1539 2314 1595; x_wconf 90' lang='lat' dir='ltr'><strong>tandum</strong></span> <span class='ocrx_word' id='word_1_326' title='bbox 2353 1537 2520 1608; x_wconf 79' lang='lat'><strong>676</strong></span> <span class='ocrx_word' id='word_1_327' title='bbox 2561 1551 2757 1606; x_wconf 86' lang='lat' dir='ltr'><strong>porro,</strong></span> <span class='ocrx_word' id='word_1_328' title='bbox 2792 1544 2908 1590; x_wconf 88' lang='lat' dir='ltr'><strong>tum</strong></span> <span class='ocrx_word' id='word_1_329' title='bbox 2944 1535 3179 1592; x_wconf 86' lang='lat' dir='ltr'><strong>Joannis</strong></span> <span class='ocrx_word' id='word_1_330' title='bbox 3203 1576 3217 1600; x_wconf 91' lang='lat'><strong>,</strong></span> <span class='ocrx_word' id='word_1_331' title='bbox 3254 1544 3368 1591; x_wconf 91' lang='lat' dir='ltr'><strong>tum</strong></span> <span class='ocrx_word' id='word_1_332' title='bbox 3413 1538 3671 1606; x_wconf 90' lang='lat' dir='ltr'><strong>reliquo-</strong></span> 
     </span>
    </p>
   </div>
   <div class='ocr_carea' id='block_1_43' title="bbox 2090 1626 3670 1700">
    <p class='ocr_par' dir='ltr' id='par_1_43' title="bbox 2090 1626 3670 1700">
     <span class='ocr_line' id='line_1_43' title="bbox 2090 1626 3670 1700; baseline -0.003 -15"><span class='ocrx_word' id='word_1_333' title='bbox 2090 1647 2211 1686; x_wconf 90' lang='lat' dir='ltr'><strong>rum</strong></span> <span class='ocrx_word' id='word_1_334' title='bbox 2258 1629 2654 1700; x_wconf 88' lang='lat' dir='ltr'><strong>prophetarum</strong></span> <span class='ocrx_word' id='word_1_335' title='bbox 2712 1628 2881 1683; x_wconf 84' lang='lat' dir='ltr'><strong>verba</strong></span> <span class='ocrx_word' id='word_1_336' title='bbox 2935 1629 3152 1683; x_wconf 82' lang='lat' dir='ltr'><strong>munire</strong></span> <span class='ocrx_word' id='word_1_337' title='bbox 3208 1626 3351 1680; x_wconf 87' lang='lat' dir='ltr'><strong>viam</strong></span> <span class='ocrx_word' id='word_1_338' title='bbox 3400 1627 3473 1681; x_wconf 81' lang='lat' dir='ltr'><strong>ad</strong></span> <span class='ocrx_word' id='word_1_339' title='bbox 3512 1627 3670 1682; x_wconf 78' lang='lat' dir='ltr'><strong>(idem</strong></span> 
     </span>
    </p>
   </div>
   <div class='ocr_carea' id='block_1_44' title="bbox 2024 1721 2319 1778">
    <p class='ocr_par' dir='ltr' id='par_1_44' title="bbox 2024 1721 2319 1778">
     <span class='ocr_line' id='line_1_44' title="bbox 2024 1721 2319 1778; baseline -0.007 -2"><span class='ocrx_word' id='word_1_340' title='bbox 2024 1724 2062 1776; x_wconf 86' lang='grc' dir='ltr'><strong>Β</strong></span> <span class='ocrx_word' id='word_1_341' title='bbox 2087 1721 2319 1778; x_wconf 86' lang='lat' dir='ltr'><strong>Christi.</strong></span> 
     </span>
    </p>
   </div>
   <div class='ocr_carea' id='block_1_45' title="bbox 2156 1896 3667 1969">
    <p class='ocr_par' dir='ltr' id='par_1_45' title="bbox 2156 1896 3667 1969">
     <span class='ocr_line' id='line_1_45' title="bbox 2156 1896 3667 1969; baseline -0.001 -16"><span class='ocrx_word' id='word_1_342' title='bbox 2156 1898 2249 1964; x_wconf 77' lang='lat' dir='ltr'><strong>XI,</strong></span> <span class='ocrx_word' id='word_1_343' title='bbox 2295 1899 2340 1952; x_wconf 84' lang='grc' dir='ltr'>Ι.</span> <span class='ocrx_word' id='word_1_344' title='bbox 2383 1897 2516 1953; x_wconf 83' lang='grc' dir='ltr'>Εναι</span> <span class='ocrx_word' id='word_1_345' title='bbox 2549 1907 2723 1954; x_wconf 81' lang='lat' dir='ltr'><strong>autent</strong></span> <span class='ocrx_word' id='word_1_346' title='bbox 2754 1898 2968 1969; x_wconf 82' lang='lat' dir='ltr'><strong>quidam</strong></span> <span class='ocrx_word' id='word_1_347' title='bbox 2997 1897 3250 1968; x_wconf 74' lang='lat' dir='ltr'><strong>languens</strong></span> <span class='ocrx_word' id='word_1_348' title='bbox 3274 1896 3539 1963; x_wconf 77' lang='lat' dir='ltr'><strong>Lazarus,</strong></span> <span class='ocrx_word' id='word_1_349' title='bbox 3560 1906 3667 1952; x_wconf 90' lang='lat' dir='ltr'><strong>etc.</strong></span> 
     </span>
    </p>
   </div>
   <div class='ocr_carea' id='block_1_46' title="bbox 2159 1987 3671 2057">
    <p class='ocr_par' dir='ltr' id='par_1_46' title="bbox 2159 1987 3671 2057">
     <span class='ocr_line' id='line_1_46' title="bbox 2159 1987 3671 2057; baseline -0.002 -15"><span class='ocrx_word' id='word_1_350' title='bbox 2159 1987 2404 2043; x_wconf 85' lang='lat' dir='ltr'><strong>Meminit</strong></span> <span class='ocrx_word' id='word_1_351' title='bbox 2436 2004 2499 2043; x_wconf 80' lang='lat' dir='ltr'><strong>ex</strong></span> <span class='ocrx_word' id='word_1_352' title='bbox 2542 1987 2797 2057; x_wconf 80' lang='lat' dir='ltr'><strong>professo</strong></span> <span class='ocrx_word' id='word_1_353' title='bbox 2836 1987 3176 2057; x_wconf 82' lang='lat' dir='ltr'><strong>evangelista</strong></span> <span class='ocrx_word' id='word_1_354' title='bbox 3217 1987 3504 2041; x_wconf 89' lang='lat' dir='ltr'><strong>nominum</strong></span> <span class='ocrx_word' id='word_1_355' title='bbox 3546 2003 3671 2041; x_wconf 86' lang='lat' dir='ltr'><strong>tnu-</strong></span> 
     </span>
    </p>
   </div>
   <div class='ocr_carea' id='block_1_47' title="bbox 2086 2077 3672 2148">
    <p class='ocr_par' dir='ltr' id='par_1_47' title="bbox 2086 2077 3672 2148">
     <span class='ocr_line' id='line_1_47' title="bbox 2086 2077 3672 2148; baseline -0.001 -16"><span class='ocrx_word' id='word_1_356' title='bbox 2086 2078 2282 2133; x_wconf 89' lang='lat' dir='ltr'><strong>lierum</strong></span> <span class='ocrx_word' id='word_1_357' title='bbox 2307 2120 2320 2144; x_wconf 90' lang='lat'><strong>,</strong></span> <span class='ocrx_word' id='word_1_358' title='bbox 2353 2078 2661 2134; x_wconf 87' lang='lat' dir='ltr'><strong>ostendens</strong></span> <span class='ocrx_word' id='word_1_359' title='bbox 2691 2092 2788 2133; x_wconf 89' lang='lat' dir='ltr'><strong>eas</strong></span> <span class='ocrx_word' id='word_1_360' title='bbox 2822 2077 2998 2132; x_wconf 81' lang='lat' dir='ltr'><strong>fuisse</strong></span> <span class='ocrx_word' id='word_1_361' title='bbox 3024 2078 3272 2131; x_wconf 80' lang='lat' dir='ltr'><strong>illustres</strong></span> <span class='ocrx_word' id='word_1_362' title='bbox 3292 2116 3306 2141; x_wconf 91' lang='lat'><strong>,</strong></span> <span class='ocrx_word' id='word_1_363' title='bbox 3334 2084 3524 2147; x_wconf 82' lang='lat' dir='ltr'><strong>utpote</strong></span> <span class='ocrx_word' id='word_1_364' title='bbox 3550 2078 3672 2148; x_wconf 84' lang='lat' dir='ltr'><strong>pias</strong></span> 
     </span>
    </p>
   </div>
   <div class='ocr_carea' id='block_1_48' title="bbox 2086 2168 3667 2241">
    <p class='ocr_par' dir='ltr' id='par_1_48' title="bbox 2086 2168 3667 2241">
     <span class='ocr_line' id='line_1_48' title="bbox 2086 2168 3667 2241; baseline -0.003 -16"><span class='ocrx_word' id='word_1_365' title='bbox 2086 2180 2139 2225; x_wconf 90' lang='lat' dir='ltr'><strong>et</strong></span> <span class='ocrx_word' id='word_1_366' title='bbox 2172 2170 2467 2241; x_wconf 85' lang='lat' dir='ltr'><strong>religiosas</strong></span> <span class='ocrx_word' id='word_1_367' title='bbox 2490 2210 2506 2234; x_wconf 90' lang='lat'><strong>,</strong></span> <span class='ocrx_word' id='word_1_368' title='bbox 2536 2177 2829 2240; x_wconf 86' lang='lat' dir='ltr'><strong>prepterea</strong></span> <span class='ocrx_word' id='word_1_369' title='bbox 2863 2177 2919 2224; x_wconf 88' lang='lat' dir='ltr'><strong>et</strong></span> <span class='ocrx_word' id='word_1_370' title='bbox 2950 2168 3218 2224; x_wconf 88' lang='lat' dir='ltr'><strong>Dominus</strong></span> <span class='ocrx_word' id='word_1_371' title='bbox 3252 2183 3351 2223; x_wconf 88' lang='lat' dir='ltr'><strong>eas</strong></span> <span class='ocrx_word' id='word_1_372' title='bbox 3383 2168 3667 2239; x_wconf 81' lang='lat' dir='ltr'><strong>diligebat.</strong></span> 
     </span>
    </p>
   </div>
   <div class='ocr_carea' id='block_1_49' title="bbox 2087 2261 3672 2320">
    <p class='ocr_par' dir='ltr' id='par_1_49' title="bbox 2087 2261 3672 2320">
     <span class='ocr_line' id='line_1_49' title="bbox 2087 2261 3672 2320; baseline -0.003 0"><span class='ocrx_word' id='word_1_373' title='bbox 2087 2262 2224 2320; x_wconf 86' lang='lat' dir='ltr'><strong>Cum</strong></span> <span class='ocrx_word' id='word_1_374' title='bbox 2265 2271 2447 2317; x_wconf 90' lang='lat' dir='ltr'><strong>autem</strong></span> <span class='ocrx_word' id='word_1_375' title='bbox 2502 2272 2791 2319; x_wconf 80' lang='lat' dir='ltr'><strong>exstarent</strong></span> <span class='ocrx_word' id='word_1_376' title='bbox 2834 2263 3006 2316; x_wconf 91' lang='lat' dir='ltr'><strong>multa</strong></span> <span class='ocrx_word' id='word_1_377' title='bbox 3050 2263 3104 2316; x_wconf 90' lang='lat' dir='ltr'><strong>in</strong></span> <span class='ocrx_word' id='word_1_378' title='bbox 3145 2261 3432 2316; x_wconf 87' lang='lat' dir='ltr'><strong>Dominum</strong></span> <span class='ocrx_word' id='word_1_379' title='bbox 3486 2261 3672 2316; x_wconf 66' lang='lat' dir='ltr'><strong>Mariae</strong></span> 
     </span>
    </p>
   </div>
   <div class='ocr_carea' id='block_1_50' title="bbox 2089 2353 3672 2424">
    <p class='ocr_par' dir='ltr' id='par_1_50' title="bbox 2089 2353 3672 2424">
     <span class='ocr_line' id='line_1_50' title="bbox 2089 2353 3672 2424; baseline 0 -17"><span class='ocrx_word' id='word_1_380' title='bbox 2089 2354 2389 2424; x_wconf 83' lang='lat' dir='ltr'><strong>promerita</strong></span> <span class='ocrx_word' id='word_1_381' title='bbox 2414 2395 2428 2419; x_wconf 91' lang='lat'><strong>,</strong></span> <span class='ocrx_word' id='word_1_382' title='bbox 2465 2355 2732 2424; x_wconf 80' lang='lat' dir='ltr'><strong>unguenti</strong></span> <span class='ocrx_word' id='word_1_383' title='bbox 2767 2353 3055 2416; x_wconf 87' lang='lat' dir='ltr'><strong>meminit,</strong></span> <span class='ocrx_word' id='word_1_384' title='bbox 3095 2369 3202 2407; x_wconf 91' lang='lat' dir='ltr'><strong>non</strong></span> <span class='ocrx_word' id='word_1_385' title='bbox 3240 2367 3527 2422; x_wconf 78' lang='lat' dir='ltr'><strong>perperam</strong></span> <span class='ocrx_word' id='word_1_386' title='bbox 3567 2367 3672 2407; x_wconf 85' lang='lat' dir='ltr'><strong>nec</strong></span> 
     </span>
    </p>
   </div>
   <div class='ocr_carea' id='block_1_51' title="bbox 2087 2443 3670 2517">
    <p class='ocr_par' dir='ltr' id='par_1_51' title="bbox 2087 2443 3670 2517">
     <span class='ocr_line' id='line_1_51' title="bbox 2087 2443 3670 2517; baseline -0.004 -16"><span class='ocrx_word' id='word_1_387' title='bbox 2087 2447 2237 2501; x_wconf 87' lang='lat' dir='ltr'><strong>aliud</strong></span> <span class='ocrx_word' id='word_1_388' title='bbox 2270 2462 2459 2517; x_wconf 86' lang='lat' dir='ltr'><strong>agens,</strong></span> <span class='ocrx_word' id='word_1_389' title='bbox 2491 2447 2589 2503; x_wconf 88' lang='lat' dir='ltr'><strong>sed</strong></span> <span class='ocrx_word' id='word_1_390' title='bbox 2620 2456 2680 2502; x_wconf 91' lang='lat' dir='ltr'><strong>ut</strong></span> <span class='ocrx_word' id='word_1_391' title='bbox 2707 2447 3054 2501; x_wconf 85' lang='lat' dir='ltr'><strong>demonstret</strong></span> <span class='ocrx_word' id='word_1_392' title='bbox 3093 2454 3244 2499; x_wconf 88' lang='lat' dir='ltr'><strong>tanta</strong></span> <span class='ocrx_word' id='word_1_393' title='bbox 3281 2445 3375 2499; x_wconf 88' lang='lat' dir='ltr'><strong>siti</strong></span> <span class='ocrx_word' id='word_1_394' title='bbox 3436 2443 3670 2497; x_wconf 83' lang='lat' dir='ltr'><strong>Mariam</strong></span> 
     </span>
    </p>
   </div>
   <div class='ocr_carea' id='block_1_52' title="bbox 2086 2535 3672 2610">
    <p class='ocr_par' dir='ltr' id='par_1_52' title="bbox 2086 2535 3672 2610">
     <span class='ocr_line' id='line_1_52' title="bbox 2086 2535 3672 2610; baseline -0.006 -14"><span class='ocrx_word' id='word_1_395' title='bbox 2086 2555 2218 2610; x_wconf 87' lang='lat' dir='ltr'><strong>erga</strong></span> <span class='ocrx_word' id='word_1_396' title='bbox 2256 2539 2538 2595; x_wconf 89' lang='lat' dir='ltr'><strong>Christum</strong></span> <span class='ocrx_word' id='word_1_397' title='bbox 2593 2539 2900 2602; x_wconf 82' lang='lat' dir='ltr'><strong>exarsisse,</strong></span> <span class='ocrx_word' id='word_1_398' title='bbox 2944 2545 3003 2592; x_wconf 92' lang='lat' dir='ltr'><strong>ut</strong></span> <span class='ocrx_word' id='word_1_399' title='bbox 3053 2536 3223 2608; x_wconf 84' lang='lat' dir='ltr'><strong>pedes</strong></span> <span class='ocrx_word' id='word_1_400' title='bbox 3281 2536 3403 2607; x_wconf 85' lang='lat' dir='ltr'><strong>ejus</strong></span> <span class='ocrx_word' id='word_1_401' title='bbox 3453 2535 3672 2605; x_wconf 87' lang='lat' dir='ltr'><strong>capillis</strong></span> 
     </span>
    </p>
   </div>
   <div class='ocr_carea' id='block_1_53' title="bbox 2056 2632 3665 2701">
    <p class='ocr_par' dir='ltr' id='par_1_53' title="bbox 2056 2632 3665 2701">
     <span class='ocr_line' id='line_1_53' title="bbox 2056 2632 3665 2701; baseline -0.004 -16"><span class='ocrx_word' id='word_1_402' title='bbox 2056 2632 2449 2695; x_wconf 66' lang='lat' dir='ltr'><strong>absterserit,</strong></span> <span class='ocrx_word' id='word_1_403' title='bbox 2493 2632 2727 2701; x_wconf 88' lang='lat' dir='ltr'><strong>cupiens</strong></span> <span class='ocrx_word' id='word_1_404' title='bbox 2770 2645 2833 2685; x_wconf 82' lang='lat' dir='ltr'><strong>ex</strong></span> <span class='ocrx_word' id='word_1_405' title='bbox 2876 2637 3073 2685; x_wconf 90' lang='lat' dir='ltr'><strong>sancto</strong></span> <span class='ocrx_word' id='word_1_406' title='bbox 3112 2645 3347 2699; x_wconf 87' lang='lat' dir='ltr'><strong>corpore</strong></span> <span class='ocrx_word' id='word_1_407' title='bbox 3387 2643 3451 2681; x_wconf 90' lang='lat' dir='ltr'><strong>ac</strong></span> <span class='ocrx_word' id='word_1_408' title='bbox 3493 2641 3665 2680; x_wconf 90' lang='lat' dir='ltr'><strong>carne</strong></span> 
     </span>
    </p>
   </div>
   <div class='ocr_carea' id='block_1_54' title="bbox 2086 2718 3671 2792">
    <p class='ocr_par' dir='ltr' id='par_1_54' title="bbox 2086 2718 3671 2792">
     <span class='ocr_line' id='line_1_54' title="bbox 2086 2718 3671 2792; baseline -0.004 -15"><span class='ocrx_word' id='word_1_409' title='bbox 2086 2723 2429 2792; x_wconf 84' lang='lat' dir='ltr'><strong>Spiritualem</strong></span> <span class='ocrx_word' id='word_1_410' title='bbox 2485 2722 2794 2791; x_wconf 81' lang='lat' dir='ltr'><strong>exprimere</strong></span> <span class='ocrx_word' id='word_1_411' title='bbox 2835 2720 3301 2775; x_wconf 78' lang='lat' dir='ltr'><strong>benedictionem.</strong></span> <span class='ocrx_word' id='word_1_412' title='bbox 3345 2718 3441 2771; x_wconf 75' lang='lat' dir='ltr'><strong>Est</strong></span> <span class='ocrx_word' id='word_1_413' title='bbox 3483 2726 3671 2770; x_wconf 85' lang='lat' dir='ltr'><strong>autem</strong></span> 
     </span>
    </p>
   </div>
   <div class='ocr_carea' id='block_1_55' title="bbox 2087 2809 3672 2883">
    <p class='ocr_par' dir='ltr' id='par_1_55' title="bbox 2087 2809 3672 2883">
     <span class='ocr_line' id='line_1_55' title="bbox 2087 2809 3672 2883; baseline -0.003 -17"><span class='ocrx_word' id='word_1_414' title='bbox 2087 2813 2370 2868; x_wconf 87' lang='lat' dir='ltr'><strong>ardentior</strong></span> <span class='ocrx_word' id='word_1_415' title='bbox 2404 2812 2597 2880; x_wconf 78' lang='lat' dir='ltr'><strong>Maria,</strong></span> <span class='ocrx_word' id='word_1_416' title='bbox 2637 2821 2699 2867; x_wconf 92' lang='lat' dir='ltr'><strong>ut</strong></span> <span class='ocrx_word' id='word_1_417' title='bbox 2733 2828 2853 2883; x_wconf 68' lang='lat' dir='ltr'><strong>quae</strong></span> <span class='ocrx_word' id='word_1_418' title='bbox 2870 2822 3136 2882; x_wconf 85' lang='lat' dir='ltr'><strong>perpetuo</strong></span> <span class='ocrx_word' id='word_1_419' title='bbox 3167 2812 3393 2866; x_wconf 87' lang='lat' dir='ltr'><strong>Christo</strong></span> <span class='ocrx_word' id='word_1_420' title='bbox 3426 2809 3672 2864; x_wconf 67' lang='lat' dir='ltr'><strong>adhaere-</strong></span> 
     </span>
    </p>
   </div>
   <div class='ocr_carea' id='block_1_56' title="bbox 2086 2899 3673 2974">
    <p class='ocr_par' dir='ltr' id='par_1_56' title="bbox 2086 2899 3673 2974">
     <span class='ocr_line' id='line_1_56' title="bbox 2086 2899 3673 2974; baseline -0.004 -14"><span class='ocrx_word' id='word_1_421' title='bbox 2086 2915 2202 2971; x_wconf 90' lang='lat' dir='ltr'><strong>ret,</strong></span> <span class='ocrx_word' id='word_1_422' title='bbox 2258 2921 2360 2960; x_wconf 92' lang='lat' dir='ltr'><strong>nec</strong></span> <span class='ocrx_word' id='word_1_423' title='bbox 2410 2907 2479 2960; x_wconf 89' lang='lat' dir='ltr'><strong>ab</strong></span> <span class='ocrx_word' id='word_1_424' title='bbox 2515 2921 2580 2960; x_wconf 90' lang='lat' dir='ltr'><strong>eo</strong></span> <span class='ocrx_word' id='word_1_425' title='bbox 2635 2921 2696 2960; x_wconf 86' lang='lat' dir='ltr'><strong>se</strong></span> <span class='ocrx_word' id='word_1_426' title='bbox 2748 2905 2907 2960; x_wconf 85' lang='lat' dir='ltr'><strong>avelli</strong></span> <span class='ocrx_word' id='word_1_427' title='bbox 2959 2911 3262 2974; x_wconf 89' lang='lat' dir='ltr'><strong>pateretur,</strong></span> <span class='ocrx_word' id='word_1_428' title='bbox 3316 2910 3482 2971; x_wconf 88' lang='lat' dir='ltr'><strong>atque</strong></span> <span class='ocrx_word' id='word_1_429' title='bbox 3532 2899 3673 2960; x_wconf 86' lang='lat' dir='ltr'><strong>adeo</strong></span> 
     </span>
    </p>
   </div>
   <div class='ocr_carea' id='block_1_57' title="bbox 2087 2994 3598 3067">
    <p class='ocr_par' dir='ltr' id='par_1_57' title="bbox 2087 2994 3598 3067">
     <span class='ocr_line' id='line_1_57' title="bbox 2087 2994 3598 3067; baseline -0.005 -16"><span class='ocrx_word' id='word_1_430' title='bbox 2087 3012 2341 3067; x_wconf 87' lang='lat' dir='ltr'><strong>magnam</strong></span> <span class='ocrx_word' id='word_1_431' title='bbox 2379 3012 2502 3051; x_wconf 84' lang='lat' dir='ltr'><strong>cum</strong></span> <span class='ocrx_word' id='word_1_432' title='bbox 2544 2997 2644 3050; x_wconf 93' lang='lat' dir='ltr'><strong>illo</strong></span> <span class='ocrx_word' id='word_1_433' title='bbox 2679 2996 2806 3051; x_wconf 90' lang='lat' dir='ltr'><strong>inde</strong></span> <span class='ocrx_word' id='word_1_434' title='bbox 2843 2995 3218 3050; x_wconf 74' lang='lat' dir='ltr'><strong>contraxisset</strong></span> <span class='ocrx_word' id='word_1_435' title='bbox 3253 2994 3598 3046; x_wconf 84' lang='lat' dir='ltr'><strong>aliinitatem.</strong></span> 
     </span>
    </p>
   </div>
   <div class='ocr_carea' id='block_1_58' title="bbox 484 3083 1984 3160">
    <p class='ocr_par' dir='ltr' id='par_1_58' title="bbox 484 3089 1984 3160">
     <span class='ocr_line' id='line_1_58' title="bbox 484 3089 1984 3160; baseline -0.003 -14"><span class='ocrx_word' id='word_1_436' title='bbox 484 3089 938 3146; x_wconf 72' lang='grc' dir='ltr'>’Λποστέλλουσιν</span> <span class='ocrx_word' id='word_1_437' title='bbox 980 3091 1037 3143; x_wconf 83' lang='lat' dir='ltr'><strong>ai</strong></span> <span class='ocrx_word' id='word_1_438' title='bbox 1086 3091 1342 3158; x_wconf 86' lang='grc' dir='ltr'>γυναῖκες</span> <span class='ocrx_word' id='word_1_439' title='bbox 1380 3089 1515 3159; x_wconf 64' lang='grc' dir='ltr'>πρὸς</span> <span class='ocrx_word' id='word_1_440' title='bbox 1539 3089 1630 3142; x_wconf 74' lang='grc' dir='ltr'>τὸν</span> <span class='ocrx_word' id='word_1_441' title='bbox 1654 3089 1859 3160; x_wconf 83' lang='grc' dir='ltr'>Κύριον</span> <span class='ocrx_word' id='word_1_442' title='bbox 1899 3089 1984 3143; x_wconf 72' lang='grc' dir='ltr'><strong>ἀεὶ</strong></span> 
     </span>
    </p>
   </div>
   <div class='ocr_carea' id='block_1_59' title="bbox 2087 3083 3673 3160">
    <p class='ocr_par' dir='ltr' id='par_1_59' title="bbox 2160 3083 3673 3155">
     <span class='ocr_line' id='line_1_59' title="bbox 2160 3083 3673 3155; baseline -0.003 -14"><span class='ocrx_word' id='word_1_443' title='bbox 2160 3087 2385 3143; x_wconf 80' lang='lat' dir='ltr'><strong>Mittunt</strong></span> <span class='ocrx_word' id='word_1_444' title='bbox 2427 3087 2498 3142; x_wconf 89' lang='lat' dir='ltr'><strong>ad</strong></span> <span class='ocrx_word' id='word_1_445' title='bbox 2544 3087 2840 3141; x_wconf 89' lang='lat' dir='ltr'><strong>Dominum</strong></span> <span class='ocrx_word' id='word_1_446' title='bbox 2889 3086 3186 3147; x_wconf 80' lang='lat' dir='ltr'><strong>mulieres,</strong></span> <span class='ocrx_word' id='word_1_447' title='bbox 3237 3100 3398 3155; x_wconf 82' lang='lat' dir='ltr'><strong>quem</strong></span> <span class='ocrx_word' id='word_1_448' title='bbox 3446 3083 3673 3153; x_wconf 87' lang='lat' dir='ltr'><strong>quidem</strong></span> 
     </span>
    </p>
   </div>
   <div class='ocr_carea' id='block_1_60' title="bbox 401 3180 1985 3254">
    <p class='ocr_par' dir='ltr' id='par_1_60' title="bbox 401 3180 1985 3254">
     <span class='ocr_line' id='line_1_60' title="bbox 401 3180 1985 3254; baseline -0.001 -18"><span class='ocrx_word' id='word_1_449' title='bbox 401 3183 508 3254; x_wconf 80' lang='grc' dir='ltr'>μὲν</span> <span class='ocrx_word' id='word_1_450' title='bbox 556 3181 810 3236; x_wconf 78' lang='grc' dir='ltr'>θέλουσαι</span> <span class='ocrx_word' id='word_1_451' title='bbox 856 3181 1019 3235; x_wconf 79' lang='grc' dir='ltr'>αὐτὸν</span> <span class='ocrx_word' id='word_1_452' title='bbox 1073 3181 1219 3251; x_wconf 74' lang='grc' dir='ltr'>ἔχειν</span> <span class='ocrx_word' id='word_1_453' title='bbox 1256 3181 1482 3251; x_wconf 82' lang='grc' dir='ltr'>πλησίον</span> <span class='ocrx_word' id='word_1_454' title='bbox 1516 3180 1745 3243; x_wconf 74' lang='grc' dir='ltr'>ἑαυτῶν,</span> <span class='ocrx_word' id='word_1_455' title='bbox 1785 3181 1903 3234; x_wconf 87' lang='grc' dir='ltr'>τότε</span> <span class='ocrx_word' id='word_1_456' title='bbox 1927 3181 1985 3234; x_wconf 81' lang='grc' dir='ltr'>δὲ</span> 
     </span>
    </p>
   </div>
   <div class='ocr_carea' id='block_1_61' title="bbox 395 3270 1982 3344">
    <p class='ocr_par' dir='ltr' id='par_1_61' title="bbox 395 3270 1982 3344">
     <span class='ocr_line' id='line_1_61' title="bbox 395 3270 1982 3344; baseline -0.001 -18"><span class='ocrx_word' id='word_1_457' title='bbox 395 3271 781 3344; x_wconf 81' lang='grc' dir='ltr'>εὐπροσώπως</span> <span class='ocrx_word' id='word_1_458' title='bbox 813 3272 973 3326; x_wconf 87' lang='grc' dir='ltr'>τοῦτο</span> <span class='ocrx_word' id='word_1_459' title='bbox 1024 3271 1112 3325; x_wconf 80' lang='grc' dir='ltr'><strong>διὰ</strong></span> <span class='ocrx_word' id='word_1_460' title='bbox 1157 3271 1250 3325; x_wconf 83' lang='grc' dir='ltr'>τὸν</span> <span class='ocrx_word' id='word_1_461' title='bbox 1292 3271 1681 3344; x_wconf 74' lang='grc' dir='ltr'>ἀρρωστοῦντα</span> <span class='ocrx_word' id='word_1_462' title='bbox 1713 3270 1982 3325; x_wconf 84' lang='grc' dir='ltr'>ποιοῦσαι.</span> 
     </span>
    </p>
   </div>
   <div class='ocr_carea' id='block_1_62' title="bbox 413 3361 1988 3445">
    <p class='ocr_par' dir='ltr' id='par_1_62' title="bbox 413 3361 1988 3445">
     <span class='ocr_line' id='line_1_62' title="bbox 413 3361 1988 3445; baseline -0.002 -28"><span class='ocrx_word' id='word_1_463' title='bbox 413 3363 734 3417; x_wconf 64' lang='grc' dir='ltr'>Ἐπίστευσα)</span> <span class='ocrx_word' id='word_1_464' title='bbox 755 3363 882 3433; x_wconf 84' lang='grc' dir='ltr'>γὰρ,</span> <span class='ocrx_word' id='word_1_465' title='bbox 906 3361 980 3426; x_wconf 84' lang='grc' dir='ltr'>ὡς</span> <span class='ocrx_word' id='word_1_466' title='bbox 1003 3363 1053 3415; x_wconf 79' lang='grc' dir='ltr'><strong>εί</strong></span> <span class='ocrx_word' id='word_1_467' title='bbox 1077 3361 1269 3432; x_wconf 83' lang='grc' dir='ltr'>φανείη</span> <span class='ocrx_word' id='word_1_468' title='bbox 1297 3363 1455 3445; x_wconf 68' lang='grc' dir='ltr'>μόνον</span> <span class='ocrx_word' id='word_1_469' title='bbox 1476 3362 1504 3413; x_wconf 88' lang='grc' dir='ltr'>ὁ</span> <span class='ocrx_word' id='word_1_470' title='bbox 1532 3362 1784 3434; x_wconf 85' lang='grc' dir='ltr'>Χριστὸς,</span> <span class='ocrx_word' id='word_1_471' title='bbox 1810 3362 1988 3416; x_wconf 88' lang='grc' dir='ltr'>ἀπαλ-</span> 
     </span>
    </p>
   </div>
   <div class='ocr_carea' id='block_1_63' title="bbox 398 3450 1989 3521">
    <p class='ocr_par' dir='ltr' id='par_1_63' title="bbox 398 3450 1989 3521">
     <span class='ocr_line' id='line_1_63' title="bbox 398 3450 1989 3521; baseline -0.001 -16"><span class='ocrx_word' id='word_1_472' title='bbox 398 3450 603 3521; x_wconf 85' lang='grc' dir='ltr'>λαγείη</span> <span class='ocrx_word' id='word_1_473' title='bbox 638 3451 737 3521; x_wconf 80' lang='grc' dir='ltr'><strong>τῆς</strong></span> <span class='ocrx_word' id='word_1_474' title='bbox 779 3451 935 3505; x_wconf 80' lang='grc' dir='ltr'>νόσου</span> <span class='ocrx_word' id='word_1_475' title='bbox 981 3452 1010 3503; x_wconf 90' lang='grc' dir='ltr'><strong>ὁ</strong></span> <span class='ocrx_word' id='word_1_476' title='bbox 1058 3450 1330 3520; x_wconf 77' lang='grc' dir='ltr'>κείμενος.</span> <span class='ocrx_word' id='word_1_477' title='bbox 1376 3450 1882 3521; x_wconf 81' lang='grc' dir='ltr'>’Υπομιμνήσκουσι</span> <span class='ocrx_word' id='word_1_478' title='bbox 1931 3451 1989 3504; x_wconf 75' lang='grc' dir='ltr'>δὲ</span> 
     </span>
    </p>
   </div>
   <div class='ocr_carea' id='block_1_64' title="bbox 397 3535 1990 3613">
    <p class='ocr_par' dir='ltr' id='par_1_64' title="bbox 397 3535 1990 3613">
     <span class='ocr_line' id='line_1_64' title="bbox 397 3535 1990 3613; baseline 0.002 -21"><span class='ocrx_word' id='word_1_479' title='bbox 397 3541 506 3611; x_wconf 74' lang='grc' dir='ltr'>τῆς</span> <span class='ocrx_word' id='word_1_480' title='bbox 553 3540 779 3610; x_wconf 80' lang='grc' dir='ltr'>ἀγάπης</span> <span class='ocrx_word' id='word_1_481' title='bbox 815 3535 884 3613; x_wconf 79' lang='grc' dir='ltr'>ἦς</span> <span class='ocrx_word' id='word_1_482' title='bbox 932 3536 1047 3612; x_wconf 77' lang='grc' dir='ltr'>εἶχε</span> <span class='ocrx_word' id='word_1_483' title='bbox 1112 3540 1248 3612; x_wconf 77' lang='grc' dir='ltr'>πρὸς</span> <span class='ocrx_word' id='word_1_484' title='bbox 1280 3541 1371 3594; x_wconf 80' lang='grc' dir='ltr'>τὸν</span> <span class='ocrx_word' id='word_1_485' title='bbox 1412 3541 1690 3607; x_wconf 84' lang='grc' dir='ltr'>νοσοῦντα,</span> <span class='ocrx_word' id='word_1_486' title='bbox 1734 3542 1990 3595; x_wconf 72' lang='grc' dir='ltr'>ἕλκουσαι</span> 
     </span>
    </p>
   </div>
   <div class='ocr_carea' id='block_1_65' title="bbox 334 3632 1988 3704">
    <p class='ocr_par' dir='ltr' id='par_1_65' title="bbox 334 3632 1988 3704">
     <span class='ocr_line' id='line_1_65' title="bbox 334 3632 1988 3704; baseline -0.002 -16"><span class='ocrx_word' id='word_1_487' title='bbox 334 3666 341 3669; x_wconf 93' lang='grc'><strong>-</strong></span> <span class='ocrx_word' id='word_1_488' title='bbox 398 3632 573 3688; x_wconf 77' lang='grc' dir='ltr'>αὐτὸν</span> <span class='ocrx_word' id='word_1_489' title='bbox 618 3632 709 3685; x_wconf 69' lang='grc' dir='ltr'><strong>διὰ</strong></span> <span class='ocrx_word' id='word_1_490' title='bbox 758 3632 949 3685; x_wconf 88' lang='grc' dir='ltr'>τούτου</span> <span class='ocrx_word' id='word_1_491' title='bbox 1002 3634 1136 3685; x_wconf 85' lang='grc' dir='ltr'>ἐκεῖ·</span> <span class='ocrx_word' id='word_1_492' title='bbox 1187 3632 1406 3704; x_wconf 78' lang='grc' dir='ltr'>ᾔδεισαν</span> <span class='ocrx_word' id='word_1_493' title='bbox 1451 3632 1561 3703; x_wconf 82' lang='grc' dir='ltr'><strong>γὰρ</strong></span> <span class='ocrx_word' id='word_1_494' title='bbox 1590 3633 1673 3686; x_wconf 84' lang='grc' dir='ltr'>ὅτι</span> <span class='ocrx_word' id='word_1_495' title='bbox 1709 3633 1988 3702; x_wconf 72' lang='grc' dir='ltr'>ἐφρόντιζε</span> 
     </span>
    </p>
   </div>
   <div class='ocr_carea' id='block_1_66' title="bbox 397 3722 1991 3794">
    <p class='ocr_par' dir='ltr' id='par_1_66' title="bbox 397 3722 1991 3794">
     <span class='ocr_line' id='line_1_66' title="bbox 397 3722 1991 3794; baseline 0.002 -18"><span class='ocrx_word' id='word_1_496' title='bbox 397 3722 623 3777; x_wconf 81' lang='grc' dir='ltr'>τούτου.</span> <span class='ocrx_word' id='word_1_497' title='bbox 656 3725 767 3777; x_wconf 71' lang='grc' dir='ltr'><strong>Καὶ</strong></span> <span class='ocrx_word' id='word_1_498' title='bbox 791 3724 1024 3794; x_wconf 71' lang='grc' dir='ltr'>ἠδύνατο</span> <span class='ocrx_word' id='word_1_499' title='bbox 1066 3724 1167 3794; x_wconf 69' lang='grc' dir='ltr'>μὲν</span> <span class='ocrx_word' id='word_1_500' title='bbox 1206 3725 1301 3778; x_wconf 75' lang='grc' dir='ltr'><strong>καὶ</strong></span> <span class='ocrx_word' id='word_1_501' title='bbox 1345 3723 1499 3778; x_wconf 83' lang='grc' dir='ltr'>ἀπὼν</span> <span class='ocrx_word' id='word_1_502' title='bbox 1519 3724 1593 3788; x_wconf 75' lang='grc' dir='ltr'>ὡς</span> <span class='ocrx_word' id='word_1_503' title='bbox 1624 3725 1755 3788; x_wconf 73' lang='grc' dir='ltr'>Θεὸς</span> <span class='ocrx_word' id='word_1_504' title='bbox 1784 3726 1877 3779; x_wconf 80' lang='grc' dir='ltr'><strong>καὶ</strong></span> <span class='ocrx_word' id='word_1_505' title='bbox 1922 3725 1991 3779; x_wconf 76' lang='grc' dir='ltr'><strong>τὰ</strong></span> 
     </span>
    </p>
   </div>
   <div class='ocr_carea' id='block_1_67' title="bbox 397 3817 1989 3888">
    <p class='ocr_par' dir='ltr' id='par_1_67' title="bbox 397 3817 1989 3888">
     <span class='ocr_line' id='line_1_67' title="bbox 397 3817 1989 3888; baseline -0.001 -17"><span class='ocrx_word' id='word_1_506' title='bbox 397 3817 591 3871; x_wconf 81' lang='grc' dir='ltr'>πάντα</span> <span class='ocrx_word' id='word_1_507' title='bbox 630 3817 932 3887; x_wconf 84' lang='grc' dir='ltr'>περιέπων,</span> <span class='ocrx_word' id='word_1_508' title='bbox 964 3817 1299 3888; x_wconf 87' lang='grc' dir='ltr'>θεραπεῦσαι</span> <span class='ocrx_word' id='word_1_509' title='bbox 1346 3818 1528 3871; x_wconf 80' lang='grc' dir='ltr'>αὐτόν·</span> <span class='ocrx_word' id='word_1_510' title='bbox 1555 3818 1705 3888; x_wconf 81' lang='grc' dir='ltr'>ὅμως</span> <span class='ocrx_word' id='word_1_511' title='bbox 1742 3817 1989 3888; x_wconf 76' lang='grc' dir='ltr'>ἐνόμιζον</span> 
     </span>
    </p>
   </div>
   <div class='ocr_carea' id='block_1_68' title="bbox 394 3907 1990 3980">
    <p class='ocr_par' dir='ltr' id='par_1_68' title="bbox 394 3907 1990 3980">
     <span class='ocr_line' id='line_1_68' title="bbox 394 3907 1990 3980; baseline -0.002 -17"><span class='ocrx_word' id='word_1_512' title='bbox 394 3909 490 3963; x_wconf 78' lang='grc' dir='ltr'>ὅτι</span> <span class='ocrx_word' id='word_1_513' title='bbox 519 3908 573 3960; x_wconf 86' lang='grc' dir='ltr'>εἰ</span> <span class='ocrx_word' id='word_1_514' title='bbox 605 3908 806 3978; x_wconf 77' lang='grc' dir='ltr'>παρῆν,</span> <span class='ocrx_word' id='word_1_515' title='bbox 835 3909 993 3980; x_wconf 88' lang='grc' dir='ltr'>χεῖρα</span> <span class='ocrx_word' id='word_1_516' title='bbox 1020 3907 1087 3963; x_wconf 78' lang='grc' dir='ltr'>ἂν</span> <span class='ocrx_word' id='word_1_517' title='bbox 1124 3908 1336 3980; x_wconf 77' lang='grc' dir='ltr'>ὀρέξας,</span> <span class='ocrx_word' id='word_1_518' title='bbox 1373 3909 1595 3980; x_wconf 69' lang='grc' dir='ltr'>ἤγειρεν</span> <span class='ocrx_word' id='word_1_519' title='bbox 1632 3909 1814 3963; x_wconf 85' lang='grc' dir='ltr'>αὐτόν.</span> <span class='ocrx_word' id='word_1_520' title='bbox 1858 3910 1990 3961; x_wconf 83' lang='grc' dir='ltr'>Δυσ-</span> 
     </span>
    </p>
   </div>
   <div class='ocr_carea' id='block_1_69' title="bbox 399 3998 1990 4070">
    <p class='ocr_par' dir='ltr' id='par_1_69' title="bbox 399 3998 1990 4070">
     <span class='ocr_line' id='line_1_69' title="bbox 399 3998 1990 4070; baseline -0.001 -19"><span class='ocrx_word' id='word_1_521' title='bbox 399 3998 639 4070; x_wconf 69' lang='grc' dir='ltr'>φοροῦσι</span> <span class='ocrx_word' id='word_1_522' title='bbox 689 4000 766 4061; x_wconf 86' lang='grc' dir='ltr'><strong>δέ,</strong></span> <span class='ocrx_word' id='word_1_523' title='bbox 793 3999 868 4062; x_wconf 86' lang='grc' dir='ltr'>ὡς</span> <span class='ocrx_word' id='word_1_524' title='bbox 921 3998 1090 4065; x_wconf 81' lang='grc' dir='ltr'>είκὸς,</span> <span class='ocrx_word' id='word_1_525' title='bbox 1133 3999 1316 4069; x_wconf 78' lang='grc' dir='ltr'>οἴομαι</span> <span class='ocrx_word' id='word_1_526' title='bbox 1355 3998 1411 4051; x_wconf 79' lang='grc' dir='ltr'>δὲ</span> <span class='ocrx_word' id='word_1_527' title='bbox 1458 3998 1593 4069; x_wconf 84' lang='grc' dir='ltr'><strong>μηδέ</strong></span> <span class='ocrx_word' id='word_1_528' title='bbox 1639 4000 1990 4069; x_wconf 76' lang='grc' dir='ltr'><strong>ἀρῤωστῆσαι</strong></span> 
     </span>
    </p>
   </div>
   <div class='ocr_carea' id='block_1_70' title="bbox 398 4088 1986 4161">
    <p class='ocr_par' dir='ltr' id='par_1_70' title="bbox 398 4088 1986 4161">
     <span class='ocr_line' id='line_1_70' title="bbox 398 4088 1986 4161; baseline -0.004 -16"><span class='ocrx_word' id='word_1_529' title='bbox 398 4091 545 4154; x_wconf 78' lang='grc' dir='ltr'>ὅλως</span> <span class='ocrx_word' id='word_1_530' title='bbox 573 4089 665 4143; x_wconf 76' lang='grc' dir='ltr'>τὸν</span> <span class='ocrx_word' id='word_1_531' title='bbox 697 4090 968 4157; x_wconf 71' lang='grc' dir='ltr'>Λάζαρον,</span> <span class='ocrx_word' id='word_1_532' title='bbox 994 4092 1053 4142; x_wconf 71' lang='grc' dir='ltr'>,εί</span> <span class='ocrx_word' id='word_1_533' title='bbox 1084 4090 1160 4161; x_wconf 79' lang='grc' dir='ltr'>μὴ</span> <span class='ocrx_word' id='word_1_534' title='bbox 1194 4090 1468 4161; x_wconf 75' lang='grc' dir='ltr'>ἠμέλησεν</span> <span class='ocrx_word' id='word_1_535' title='bbox 1493 4088 1658 4143; x_wconf 86' lang='grc' dir='ltr'>αὑτοῦ</span> <span class='ocrx_word' id='word_1_536' title='bbox 1686 4091 1714 4141; x_wconf 76' lang='grc' dir='ltr'><strong>ὁ</strong></span> <span class='ocrx_word' id='word_1_537' title='bbox 1735 4088 1986 4158; x_wconf 85' lang='grc' dir='ltr'>Χριστός·</span> 
     </span>
    </p>
   </div>
   <div class='ocr_carea' id='block_1_71' title="bbox 399 4177 1993 4249">
    <p class='ocr_par' dir='ltr' id='par_1_71' title="bbox 399 4177 1993 4249">
     <span class='ocr_line' id='line_1_71' title="bbox 399 4177 1993 4249; baseline -0.002 -16"><span class='ocrx_word' id='word_1_538' title='bbox 399 4178 598 4233; x_wconf 83' lang='grc' dir='ltr'>Πάντα</span> <span class='ocrx_word' id='word_1_539' title='bbox 634 4180 764 4248; x_wconf 83' lang='grc' dir='ltr'>γὰρ,</span> <span class='ocrx_word' id='word_1_540' title='bbox 797 4181 980 4246; x_wconf 70' lang='grc' dir='ltr'>φασιν,</span> <span class='ocrx_word' id='word_1_541' title='bbox 1022 4179 1254 4249; x_wconf 87' lang='grc' dir='ltr'>ἐχόντων</span> <span class='ocrx_word' id='word_1_542' title='bbox 1288 4180 1356 4232; x_wconf 81' lang='grc' dir='ltr'>τὰ</span> <span class='ocrx_word' id='word_1_543' title='bbox 1390 4177 1569 4247; x_wconf 79' lang='grc' dir='ltr'>ἀγαθὰ</span> <span class='ocrx_word' id='word_1_544' title='bbox 1619 4177 1728 4231; x_wconf 88' lang='grc' dir='ltr'><strong>τῶν</strong></span> <span class='ocrx_word' id='word_1_545' title='bbox 1767 4179 1993 4245; x_wconf 84' lang='grc' dir='ltr'>ἀγαπω-</span> 
     </span>
    </p>
   </div>
   <div class='ocr_carea' id='block_1_72' title="bbox 404 4269 1988 4342">
    <p class='ocr_par' dir='ltr' id='par_1_72' title="bbox 404 4269 1988 4342">
     <span class='ocr_line' id='line_1_72' title="bbox 404 4269 1988 4342; baseline -0.001 -19"><span class='ocrx_word' id='word_1_546' title='bbox 404 4271 592 4342; x_wconf 78' lang='grc' dir='ltr'>μένων</span> <span class='ocrx_word' id='word_1_547' title='bbox 618 4270 770 4340; x_wconf 77' lang='grc' dir='ltr'>παρὰ</span> <span class='ocrx_word' id='word_1_548' title='bbox 812 4269 970 4333; x_wconf 87' lang='grc' dir='ltr'>Θεοῦ,</span> <span class='ocrx_word' id='word_1_549' title='bbox 993 4270 1080 4324; x_wconf 65' lang='grc' dir='ltr'><strong>διὰ</strong></span> <span class='ocrx_word' id='word_1_550' title='bbox 1130 4270 1293 4324; x_wconf 87' lang='grc' dir='ltr'>ποίαν</span> <span class='ocrx_word' id='word_1_551' title='bbox 1319 4270 1498 4324; x_wconf 85' lang='grc' dir='ltr'>αἰτίαν</span> <span class='ocrx_word' id='word_1_552' title='bbox 1533 4270 1694 4332; x_wconf 82' lang='grc' dir='ltr'>αὐτὸς</span> <span class='ocrx_word' id='word_1_553' title='bbox 1715 4269 1772 4322; x_wconf 82' lang='grc' dir='ltr'>ὃν</span> <span class='ocrx_word' id='word_1_554' title='bbox 1796 4269 1988 4339; x_wconf 79' lang='grc' dir='ltr'>φιλεῖς,</span> 
     </span>
    </p>
   </div>
   <div class='ocr_carea' id='block_1_73' title="bbox 398 4362 1985 4433">
    <p class='ocr_par' dir='ltr' id='par_1_73' title="bbox 398 4362 1985 4433">
     <span class='ocr_line' id='line_1_73' title="bbox 398 4362 1985 4433; baseline -0.001 -16"><span class='ocrx_word' id='word_1_555' title='bbox 398 4363 659 4428; x_wconf 75' lang='grc' dir='ltr'>ἀσθενεῖς</span> <span class='ocrx_word' id='word_1_556' title='bbox 710 4362 779 4414; x_wconf 86' lang='grc' dir='ltr'><em>Ἦ</em></span> <span class='ocrx_word' id='word_1_557' title='bbox 814 4363 909 4415; x_wconf 78' lang='grc' dir='ltr'><strong>καὶ</strong></span> <span class='ocrx_word' id='word_1_558' title='bbox 959 4362 1118 4416; x_wconf 86' lang='grc' dir='ltr'>τοῦτό</span> <span class='ocrx_word' id='word_1_559' title='bbox 1163 4379 1315 4432; x_wconf 82' lang='grc' dir='ltr'>φασι·</span> <span class='ocrx_word' id='word_1_560' title='bbox 1351 4362 1576 4433; x_wconf 78' lang='grc' dir='ltr'>Μεγάλη</span> <span class='ocrx_word' id='word_1_561' title='bbox 1604 4363 1702 4431; x_wconf 82' lang='grc' dir='ltr'>τῆς</span> <span class='ocrx_word' id='word_1_562' title='bbox 1748 4362 1904 4416; x_wconf 90' lang='grc' dir='ltr'>νόσου</span> <span class='ocrx_word' id='word_1_563' title='bbox 1951 4363 1985 4432; x_wconf 82' lang='grc' dir='ltr'><strong>ἡ</strong></span> 
     </span>
    </p>
   </div>
   <div class='ocr_carea' id='block_1_74' title="bbox 2091 3173 3673 3253">
    <p class='ocr_par' dir='ltr' id='par_1_74' title="bbox 2091 3173 3673 3253">
     <span class='ocr_line' id='line_1_74' title="bbox 2091 3173 3673 3253; baseline -0.006 -17"><span class='ocrx_word' id='word_1_564' title='bbox 2091 3197 2307 3253; x_wconf 88' lang='lat' dir='ltr'><strong>semper</strong></span> <span class='ocrx_word' id='word_1_565' title='bbox 2336 3180 2443 3236; x_wconf 90' lang='lat' dir='ltr'><strong>sibi</strong></span> <span class='ocrx_word' id='word_1_566' title='bbox 2476 3179 2793 3250; x_wconf 82' lang='lat' dir='ltr'><strong>proximum</strong></span> <span class='ocrx_word' id='word_1_567' title='bbox 2823 3178 3030 3233; x_wconf 87' lang='lat' dir='ltr'><strong>habere</strong></span> <span class='ocrx_word' id='word_1_568' title='bbox 3059 3176 3394 3247; x_wconf 87' lang='lat' dir='ltr'><strong>cupiebant,</strong></span> <span class='ocrx_word' id='word_1_569' title='bbox 3428 3173 3524 3230; x_wconf 88' lang='lat' dir='ltr'><strong>sed</strong></span> <span class='ocrx_word' id='word_1_570' title='bbox 3557 3183 3673 3228; x_wconf 87' lang='lat' dir='ltr'><strong>tum</strong></span> 
     </span>
    </p>
   </div>
   <div class='ocr_carea' id='block_1_75' title="bbox 2034 3266 3677 3342">
    <p class='ocr_par' dir='ltr' id='par_1_75' title="bbox 2034 3266 3677 3342">
     <span class='ocr_line' id='line_1_75' title="bbox 2034 3266 3677 3342; baseline -0.002 -15"><span class='ocrx_word' id='word_1_571' title='bbox 2034 3266 2043 3273; x_wconf 84' lang='grc'><strong>’</strong></span> <span class='ocrx_word' id='word_1_572' title='bbox 2091 3274 2330 3329; x_wconf 77' lang='lat' dir='ltr'><strong>maxime</strong></span> <span class='ocrx_word' id='word_1_573' title='bbox 2360 3288 2470 3328; x_wconf 92' lang='lat' dir='ltr'><strong>non</strong></span> <span class='ocrx_word' id='word_1_574' title='bbox 2507 3274 2626 3328; x_wconf 83' lang='lat' dir='ltr'><strong>sine</strong></span> <span class='ocrx_word' id='word_1_575' title='bbox 2664 3278 2932 3342; x_wconf 69' lang='lat' dir='ltr'><strong>praetextu</strong></span> <span class='ocrx_word' id='word_1_576' title='bbox 2966 3270 3201 3324; x_wconf 90' lang='lat' dir='ltr'><strong>honesto</strong></span> <span class='ocrx_word' id='word_1_577' title='bbox 3232 3277 3459 3338; x_wconf 85' lang='lat' dir='ltr'><strong>propter</strong></span> <span class='ocrx_word' id='word_1_578' title='bbox 3492 3282 3677 3337; x_wconf 74' lang='lat' dir='ltr'><strong>aegro-</strong></span> 
     </span>
    </p>
   </div>
   <div class='ocr_carea' id='block_1_76' title="bbox 2091 3359 3674 3429">
    <p class='ocr_par' dir='ltr' id='par_1_76' title="bbox 2091 3359 3674 3429">
     <span class='ocr_line' id='line_1_76' title="bbox 2091 3359 3674 3429; baseline -0.003 -12"><span class='ocrx_word' id='word_1_579' title='bbox 2091 3372 2323 3419; x_wconf 89' lang='lat' dir='ltr'><strong>tantem.</strong></span> <span class='ocrx_word' id='word_1_580' title='bbox 2384 3364 2707 3419; x_wconf 80' lang='lat' dir='ltr'><strong>Credebant</strong></span> <span class='ocrx_word' id='word_1_581' title='bbox 2765 3364 2912 3418; x_wconf 84' lang='lat' dir='ltr'><strong>enim</strong></span> <span class='ocrx_word' id='word_1_582' title='bbox 2970 3361 3062 3416; x_wconf 91' lang='lat' dir='ltr'><strong>ubi</strong></span> <span class='ocrx_word' id='word_1_583' title='bbox 3121 3359 3289 3416; x_wconf 88' lang='lat' dir='ltr'><strong>semel</strong></span> <span class='ocrx_word' id='word_1_584' title='bbox 3338 3365 3674 3429; x_wconf 80' lang='lat' dir='ltr'><strong>conspectus</strong></span> 
     </span>
    </p>
   </div>
   <div class='ocr_carea' id='block_1_77' title="bbox 2091 3452 3672 3523">
    <p class='ocr_par' dir='ltr' id='par_1_77' title="bbox 2091 3452 3672 3523">
     <span class='ocr_line' id='line_1_77' title="bbox 2091 3452 3672 3523; baseline -0.003 -14"><span class='ocrx_word' id='word_1_585' title='bbox 2091 3463 2239 3511; x_wconf 90' lang='lat' dir='ltr'><strong>esset</strong></span> <span class='ocrx_word' id='word_1_586' title='bbox 2269 3454 2526 3510; x_wconf 86' lang='lat' dir='ltr'><strong>Christus</strong></span> <span class='ocrx_word' id='word_1_587' title='bbox 2546 3497 2562 3521; x_wconf 92' lang='lat'><strong>,</strong></span> <span class='ocrx_word' id='word_1_588' title='bbox 2609 3470 2733 3510; x_wconf 90' lang='lat' dir='ltr'><strong>eum</strong></span> <span class='ocrx_word' id='word_1_589' title='bbox 2767 3455 2858 3523; x_wconf 89' lang='lat' dir='ltr'><strong>qui</strong></span> <span class='ocrx_word' id='word_1_590' title='bbox 2884 3453 3103 3523; x_wconf 89' lang='lat' dir='ltr'><strong>jacebat</strong></span> <span class='ocrx_word' id='word_1_591' title='bbox 3148 3452 3342 3507; x_wconf 88' lang='lat' dir='ltr'><strong>morbo</strong></span> <span class='ocrx_word' id='word_1_592' title='bbox 3371 3452 3672 3506; x_wconf 84' lang='lat' dir='ltr'><strong>liberatum</strong></span> 
     </span>
    </p>
   </div>
   <div class='ocr_carea' id='block_1_78' title="bbox 2092 3542 3674 3612">
    <p class='ocr_par' dir='ltr' id='par_1_78' title="bbox 2092 3542 3674 3612">
     <span class='ocr_line' id='line_1_78' title="bbox 2092 3542 3674 3612; baseline -0.002 -13"><span class='ocrx_word' id='word_1_593' title='bbox 2092 3547 2199 3600; x_wconf 89' lang='lat' dir='ltr'><strong>iri:</strong></span> <span class='ocrx_word' id='word_1_594' title='bbox 2232 3554 2286 3601; x_wconf 89' lang='lat' dir='ltr'><strong>et</strong></span> <span class='ocrx_word' id='word_1_595' title='bbox 2326 3547 2381 3600; x_wconf 92' lang='lat' dir='ltr'><strong>in</strong></span> <span class='ocrx_word' id='word_1_596' title='bbox 2418 3546 2744 3601; x_wconf 86' lang='lat' dir='ltr'><strong>memoriam</strong></span> <span class='ocrx_word' id='word_1_597' title='bbox 2780 3546 2830 3600; x_wconf 92' lang='lat' dir='ltr'><strong>ei</strong></span> <span class='ocrx_word' id='word_1_598' title='bbox 2872 3552 3138 3599; x_wconf 86' lang='lat' dir='ltr'><strong>revocant</strong></span> <span class='ocrx_word' id='word_1_599' title='bbox 3178 3542 3528 3598; x_wconf 87' lang='lat' dir='ltr'><strong>dilectionem</strong></span> <span class='ocrx_word' id='word_1_600' title='bbox 3565 3556 3674 3612; x_wconf 88' lang='lat' dir='ltr'><strong>qua</strong></span> 
     </span>
    </p>
   </div>
   <div class='ocr_carea' id='block_1_79' title="bbox 2091 3635 3675 3708">
    <p class='ocr_par' dir='ltr' id='par_1_79' title="bbox 2091 3635 3675 3708">
     <span class='ocr_line' id='line_1_79' title="bbox 2091 3635 3675 3708; baseline -0.003 -16"><span class='ocrx_word' id='word_1_601' title='bbox 2091 3648 2295 3708; x_wconf 82' lang='lat' dir='ltr'><strong>aegrum</strong></span> <span class='ocrx_word' id='word_1_602' title='bbox 2343 3647 2672 3708; x_wconf 85' lang='lat' dir='ltr'><strong>prosecutus</strong></span> <span class='ocrx_word' id='word_1_603' title='bbox 2716 3644 2898 3704; x_wconf 89' lang='lat' dir='ltr'><strong>esset,</strong></span> <span class='ocrx_word' id='word_1_604' title='bbox 2948 3653 3074 3692; x_wconf 89' lang='lat' dir='ltr'><strong>eum</strong></span> <span class='ocrx_word' id='word_1_605' title='bbox 3130 3637 3233 3691; x_wconf 89' lang='lat' dir='ltr'><strong>hoc</strong></span> <span class='ocrx_word' id='word_1_606' title='bbox 3282 3636 3445 3691; x_wconf 87' lang='lat' dir='ltr'><strong>modo</strong></span> <span class='ocrx_word' id='word_1_607' title='bbox 3496 3635 3563 3689; x_wconf 85' lang='lat' dir='ltr'><strong>ad</strong></span> <span class='ocrx_word' id='word_1_608' title='bbox 3614 3650 3675 3689; x_wconf 89' lang='lat' dir='ltr'><strong>se</strong></span> 
     </span>
    </p>
   </div>
   <div class='ocr_carea' id='block_1_80' title="bbox 2092 3728 3675 3800">
    <p class='ocr_par' dir='ltr' id='par_1_80' title="bbox 2092 3728 3675 3800">
     <span class='ocr_line' id='line_1_80' title="bbox 2092 3728 3675 3800; baseline -0.003 -17"><span class='ocrx_word' id='word_1_609' title='bbox 2092 3731 2413 3795; x_wconf 83' lang='lat' dir='ltr'><strong>trahentes,</strong></span> <span class='ocrx_word' id='word_1_610' title='bbox 2478 3731 2621 3785; x_wconf 87' lang='lat' dir='ltr'><strong>haud</strong></span> <span class='ocrx_word' id='word_1_611' title='bbox 2683 3731 2875 3800; x_wconf 90' lang='lat' dir='ltr'><strong>utique</strong></span> <span class='ocrx_word' id='word_1_612' title='bbox 2929 3730 3139 3799; x_wconf 74' lang='lat' dir='ltr'><strong>ignara:</strong></span> <span class='ocrx_word' id='word_1_613' title='bbox 3197 3728 3279 3782; x_wconf 92' lang='lat' dir='ltr'><strong>illi</strong></span> <span class='ocrx_word' id='word_1_614' title='bbox 3344 3740 3675 3797; x_wconf 75' lang='lat' dir='ltr'><strong>magnopere</strong></span> 
     </span>
    </p>
   </div>
   <div class='ocr_carea' id='block_1_81' title="bbox 2091 3817 3673 3889">
    <p class='ocr_par' dir='ltr' id='par_1_81' title="bbox 2091 3817 3673 3889">
     <span class='ocr_line' id='line_1_81' title="bbox 2091 3817 3673 3889; baseline -0.006 -10"><span class='ocrx_word' id='word_1_615' title='bbox 2091 3838 2240 3879; x_wconf 73' lang='lat' dir='ltr'><strong>cura:</strong></span> <span class='ocrx_word' id='word_1_616' title='bbox 2265 3838 2389 3879; x_wconf 84' lang='lat' dir='ltr'><strong>esse</strong></span> <span class='ocrx_word' id='word_1_617' title='bbox 2420 3822 2661 3878; x_wconf 84' lang='lat' dir='ltr'><strong>hominis</strong></span> <span class='ocrx_word' id='word_1_618' title='bbox 2698 3823 3161 3878; x_wconf 88' lang='lat' dir='ltr'><strong>incolumitatem.</strong></span> <span class='ocrx_word' id='word_1_619' title='bbox 3200 3822 3266 3875; x_wconf 83' lang='lat' dir='ltr'><strong>Et</strong></span> <span class='ocrx_word' id='word_1_620' title='bbox 3299 3826 3514 3889; x_wconf 88' lang='lat' dir='ltr'><strong>poterat</strong></span> <span class='ocrx_word' id='word_1_621' title='bbox 3545 3817 3673 3886; x_wconf 89' lang='lat' dir='ltr'><strong>qui-</strong></span> 
     </span>
    </p>
   </div>
   <div class='ocr_carea' id='block_1_82' title="bbox 2092 3910 3673 3984">
    <p class='ocr_par' dir='ltr' id='par_1_82' title="bbox 2092 3910 3673 3984">
     <span class='ocr_line' id='line_1_82' title="bbox 2092 3910 3673 3984; baseline -0.006 -14"><span class='ocrx_word' id='word_1_622' title='bbox 2092 3915 2216 3970; x_wconf 89' lang='lat' dir='ltr'><strong>dem</strong></span> <span class='ocrx_word' id='word_1_623' title='bbox 2251 3914 2382 3969; x_wconf 83' lang='lat' dir='ltr'><strong>licet</strong></span> <span class='ocrx_word' id='word_1_624' title='bbox 2415 3915 2618 3970; x_wconf 86' lang='lat' dir='ltr'><strong>absens</strong></span> <span class='ocrx_word' id='word_1_625' title='bbox 2647 3924 2917 3984; x_wconf 89' lang='lat' dir='ltr'><strong>tanquam</strong></span> <span class='ocrx_word' id='word_1_626' title='bbox 2962 3912 3107 3967; x_wconf 88' lang='lat' dir='ltr'><strong>Deus</strong></span> <span class='ocrx_word' id='word_1_627' title='bbox 3143 3919 3200 3966; x_wconf 88' lang='lat' dir='ltr'><strong>et</strong></span> <span class='ocrx_word' id='word_1_628' title='bbox 3238 3911 3425 3964; x_wconf 90' lang='lat' dir='ltr'><strong>omnia</strong></span> <span class='ocrx_word' id='word_1_629' title='bbox 3469 3910 3673 3978; x_wconf 87' lang='lat' dir='ltr'><strong>guber-</strong></span> 
     </span>
    </p>
   </div>
   <div class='ocr_carea' id='block_1_83' title="bbox 2092 3998 3674 4069">
    <p class='ocr_par' dir='ltr' id='par_1_83' title="bbox 2092 3998 3674 4069">
     <span class='ocr_line' id='line_1_83' title="bbox 2092 3998 3674 4069; baseline -0.003 -13"><span class='ocrx_word' id='word_1_630' title='bbox 2092 4018 2233 4058; x_wconf 91' lang='lat' dir='ltr'><strong>nans</strong></span> <span class='ocrx_word' id='word_1_631' title='bbox 2259 4018 2384 4057; x_wconf 90' lang='lat' dir='ltr'><strong>eum</strong></span> <span class='ocrx_word' id='word_1_632' title='bbox 2434 4017 2665 4069; x_wconf 87' lang='lat' dir='ltr'><strong>curare;</strong></span> <span class='ocrx_word' id='word_1_633' title='bbox 2702 4011 2881 4057; x_wconf 89' lang='lat' dir='ltr'><strong>tamen</strong></span> <span class='ocrx_word' id='word_1_634' title='bbox 2926 4000 3318 4056; x_wconf 78' lang='lat' dir='ltr'><strong>existimabant</strong></span> <span class='ocrx_word' id='word_1_635' title='bbox 3359 3999 3405 4053; x_wconf 89' lang='lat' dir='ltr'><strong>si</strong></span> <span class='ocrx_word' id='word_1_636' title='bbox 3450 3998 3674 4052; x_wconf 85' lang='lat' dir='ltr'><strong>adesset</strong></span> 
     </span>
    </p>
   </div>
   <div class='ocr_carea' id='block_1_84' title="bbox 2092 4092 3673 4166">
    <p class='ocr_par' dir='ltr' id='par_1_84' title="bbox 2092 4092 3673 4166">
     <span class='ocr_line' id='line_1_84' title="bbox 2092 4092 3673 4166; baseline -0.002 -17"><span class='ocrx_word' id='word_1_637' title='bbox 2092 4102 2350 4166; x_wconf 79' lang='lat' dir='ltr'><strong>porrecta</strong></span> <span class='ocrx_word' id='word_1_638' title='bbox 2380 4109 2548 4149; x_wconf 88' lang='lat' dir='ltr'><strong>manu</strong></span> <span class='ocrx_word' id='word_1_639' title='bbox 2578 4109 2702 4149; x_wconf 92' lang='lat' dir='ltr'><strong>eum</strong></span> <span class='ocrx_word' id='word_1_640' title='bbox 2741 4093 2905 4150; x_wconf 80' lang='lat' dir='ltr'><strong>facile</strong></span> <span class='ocrx_word' id='word_1_641' title='bbox 2932 4094 3323 4150; x_wconf 83' lang='lat' dir='ltr'><strong>excitaturum.</strong></span> <span class='ocrx_word' id='word_1_642' title='bbox 3354 4092 3536 4158; x_wconf 85' lang='lat' dir='ltr'><strong>Quare</strong></span> <span class='ocrx_word' id='word_1_643' title='bbox 3559 4106 3673 4146; x_wconf 90' lang='lat' dir='ltr'><strong>non</strong></span> 
     </span>
    </p>
   </div>
   <div class='ocr_carea' id='block_1_85' title="bbox 2093 4182 3672 4256">
    <p class='ocr_par' dir='ltr' id='par_1_85' title="bbox 2093 4182 3672 4256">
     <span class='ocr_line' id='line_1_85' title="bbox 2093 4182 3672 4256; baseline -0.002 -18"><span class='ocrx_word' id='word_1_644' title='bbox 2093 4186 2371 4241; x_wconf 89' lang='lat' dir='ltr'><strong>immerito</strong></span> <span class='ocrx_word' id='word_1_645' title='bbox 2397 4186 2540 4240; x_wconf 90' lang='lat' dir='ltr'><strong>hanc</strong></span> <span class='ocrx_word' id='word_1_646' title='bbox 2564 4186 2872 4241; x_wconf 86' lang='lat' dir='ltr'><strong>absentiam</strong></span> <span class='ocrx_word' id='word_1_647' title='bbox 2901 4200 3045 4256; x_wconf 57' lang='lat' dir='ltr'><strong>aegre</strong></span> <span class='ocrx_word' id='word_1_648' title='bbox 3070 4185 3290 4240; x_wconf 80' lang='lat' dir='ltr'><strong>ferunt:</strong></span> <span class='ocrx_word' id='word_1_649' title='bbox 3316 4183 3483 4239; x_wconf 86' lang='lat' dir='ltr'><strong>credo</strong></span> <span class='ocrx_word' id='word_1_650' title='bbox 3504 4182 3672 4238; x_wconf 89' lang='lat' dir='ltr'><strong>etiam</strong></span> 
     </span>
    </p>
   </div>
   <div class='ocr_carea' id='block_1_86' title="bbox 2093 4273 3672 4349">
    <p class='ocr_par' dir='ltr' id='par_1_86' title="bbox 2093 4273 3672 4349">
     <span class='ocr_line' id='line_1_86' title="bbox 2093 4273 3672 4349; baseline -0.004 -14"><span class='ocrx_word' id='word_1_651' title='bbox 2093 4295 2198 4337; x_wconf 87' lang='lat' dir='ltr'><strong>nec</strong></span> <span class='ocrx_word' id='word_1_652' title='bbox 2240 4279 2471 4334; x_wconf 90' lang='lat' dir='ltr'><strong>omnino</strong></span> <span class='ocrx_word' id='word_1_653' title='bbox 2510 4286 2913 4349; x_wconf 81' lang='lat' dir='ltr'><strong>aegrotaturum</strong></span> <span class='ocrx_word' id='word_1_654' title='bbox 2967 4277 3141 4332; x_wconf 79' lang='lat' dir='ltr'><strong>fuisse</strong></span> <span class='ocrx_word' id='word_1_655' title='bbox 3190 4274 3504 4340; x_wconf 87' lang='lat' dir='ltr'><strong>Lazarum,</strong></span> <span class='ocrx_word' id='word_1_656' title='bbox 3558 4273 3672 4328; x_wconf 83' lang='lat' dir='ltr'><strong>nisi</strong></span> 
     </span>
    </p>
   </div>
   <div class='ocr_carea' id='block_1_87' title="bbox 2094 4366 3670 4425">
    <p class='ocr_par' dir='ltr' id='par_1_87' title="bbox 2094 4366 3670 4425">
     <span class='ocr_line' id='line_1_87' title="bbox 2094 4366 3670 4425; baseline -0.004 0"><span class='ocrx_word' id='word_1_657' title='bbox 2094 4385 2218 4425; x_wconf 90' lang='lat' dir='ltr'><strong>eum</strong></span> <span class='ocrx_word' id='word_1_658' title='bbox 2271 4370 2421 4425; x_wconf 79' lang='lat' dir='ltr'><strong>velut</strong></span> <span class='ocrx_word' id='word_1_659' title='bbox 2473 4369 2742 4424; x_wconf 78' lang='lat' dir='ltr'><strong>oblivioni</strong></span> <span class='ocrx_word' id='word_1_660' title='bbox 2801 4369 3126 4424; x_wconf 83' lang='lat' dir='ltr'><strong>tradidisset</strong></span> <span class='ocrx_word' id='word_1_661' title='bbox 3182 4366 3494 4421; x_wconf 85' lang='lat' dir='ltr'><strong>Christus:</strong></span> <span class='ocrx_word' id='word_1_662' title='bbox 3543 4379 3670 4420; x_wconf 90' lang='lat' dir='ltr'><strong>eum</strong></span> 
     </span>
    </p>
   </div>
   <div class='ocr_carea' id='block_1_88' title="bbox 399 4447 1984 4531">
    <p class='ocr_par' dir='ltr' id='par_1_88' title="bbox 399 4453 1984 4527">
     <span class='ocr_line' id='line_1_88' title="bbox 399 4453 1984 4527; baseline -0.001 -18"><span class='ocrx_word' id='word_1_663' title='bbox 399 4453 710 4527; x_wconf 83' lang='grc' dir='ltr'>θρασύτης,</span> <span class='ocrx_word' id='word_1_664' title='bbox 734 4454 815 4507; x_wconf 81' lang='grc' dir='ltr'><strong>δτι</strong></span> <span class='ocrx_word' id='word_1_665' title='bbox 844 4453 1249 4524; x_wconf 82' lang='grc' dir='ltr'>κατετόλμησεν</span> <span class='ocrx_word' id='word_1_666' title='bbox 1277 4453 1559 4507; x_wconf 78' lang='grc' dir='ltr'>ἐπιθέσθαι</span> <span class='ocrx_word' id='word_1_667' title='bbox 1584 4455 1696 4517; x_wconf 86' lang='grc' dir='ltr'>τοῖς</span> <span class='ocrx_word' id='word_1_668' title='bbox 1717 4454 1821 4508; x_wconf 85' lang='grc' dir='ltr'><strong>ὑπὸ</strong></span> <span class='ocrx_word' id='word_1_669' title='bbox 1850 4454 1984 4508; x_wconf 78' lang='grc' dir='ltr'>Θεοῦ</span> 
     </span>
    </p>
   </div>
   <div class='ocr_carea' id='block_1_89' title="bbox 2087 4447 3669 4531">
    <p class='ocr_par' dir='ltr' id='par_1_89' title="bbox 2094 4456 3669 4531">
     <span class='ocr_line' id='line_1_89' title="bbox 2094 4456 3669 4531; baseline -0.004 -16"><span class='ocrx_word' id='word_1_670' title='bbox 2094 4461 2242 4516; x_wconf 91' lang='lat' dir='ltr'><strong>enim</strong></span> <span class='ocrx_word' id='word_1_671' title='bbox 2298 4462 2395 4531; x_wconf 91' lang='lat' dir='ltr'><strong>qui</strong></span> <span class='ocrx_word' id='word_1_672' title='bbox 2431 4461 2742 4531; x_wconf 86' lang='lat' dir='ltr'><strong>diliguntur</strong></span> <span class='ocrx_word' id='word_1_673' title='bbox 2776 4475 2804 4514; x_wconf 84' lang='lat' dir='ltr'><strong>a</strong></span> <span class='ocrx_word' id='word_1_674' title='bbox 2843 4461 2951 4514; x_wconf 90' lang='lat' dir='ltr'><strong>Deo</strong></span> <span class='ocrx_word' id='word_1_675' title='bbox 2980 4460 3131 4513; x_wconf 88' lang='lat' dir='ltr'><strong>nullo</strong></span> <span class='ocrx_word' id='word_1_676' title='bbox 3166 4474 3275 4513; x_wconf 92' lang='lat' dir='ltr'><strong>non</strong></span> <span class='ocrx_word' id='word_1_677' title='bbox 3310 4462 3507 4528; x_wconf 69' lang='lat' dir='ltr'><strong>genere</strong></span> <span class='ocrx_word' id='word_1_678' title='bbox 3540 4456 3669 4510; x_wconf 90' lang='lat' dir='ltr'><strong>boni</strong></span> 
     </span>
    </p>
   </div>
   <div class='ocr_carea' id='block_1_90' title="bbox 395 4541 1979 4613">
    <p class='ocr_par' dir='ltr' id='par_1_90' title="bbox 395 4541 1979 4613">
     <span class='ocr_line' id='line_1_90' title="bbox 395 4541 1979 4613; baseline 0 -14"><span class='ocrx_word' id='word_1_679' title='bbox 395 4542 814 4613; x_wconf 79' lang='grc' dir='ltr'>ἁγαπωμένοις.</span> <span class='ocrx_word' id='word_1_680' title='bbox 839 4543 991 4612; x_wconf 86' lang='grc' dir='ltr'>Τάχα</span> <span class='ocrx_word' id='word_1_681' title='bbox 1020 4541 1075 4595; x_wconf 77' lang='grc' dir='ltr'>δὲ</span> <span class='ocrx_word' id='word_1_682' title='bbox 1106 4542 1200 4595; x_wconf 72' lang='grc' dir='ltr'><strong>καὶ</strong></span> <span class='ocrx_word' id='word_1_683' title='bbox 1221 4542 1457 4597; x_wconf 85' lang='grc' dir='ltr'>τοιοῦτόν</span> <span class='ocrx_word' id='word_1_684' title='bbox 1476 4560 1525 4595; x_wconf 89' lang='grc' dir='ltr'><strong>τι</strong></span> <span class='ocrx_word' id='word_1_685' title='bbox 1547 4542 1761 4597; x_wconf 87' lang='grc' dir='ltr'>δοκοῦσι</span> <span class='ocrx_word' id='word_1_686' title='bbox 1784 4544 1979 4613; x_wconf 87' lang='grc' dir='ltr'>λέγειν.</span> 
     </span>
    </p>
   </div>
   <div class='ocr_carea' id='block_1_91' title="bbox 407 4633 1981 4709">
    <p class='ocr_par' dir='ltr' id='par_1_91' title="bbox 407 4633 1981 4709">
     <span class='ocr_line' id='line_1_91' title="bbox 407 4633 1981 4709; baseline 0.004 -22"><span class='ocrx_word' id='word_1_687' title='bbox 407 4635 641 4706; x_wconf 83' lang='grc' dir='ltr'>Ἐπειδὴ</span> <span class='ocrx_word' id='word_1_688' title='bbox 695 4635 791 4688; x_wconf 76' lang='grc' dir='ltr'><strong>καὶ</strong></span> <span class='ocrx_word' id='word_1_689' title='bbox 832 4637 958 4697; x_wconf 79' lang='grc' dir='ltr'>τοὺς</span> <span class='ocrx_word' id='word_1_690' title='bbox 977 4633 1455 4705; x_wconf 76' lang='grc' dir='ltr'>ἐχθροὺςὰγαπᾷς</span> <span class='ocrx_word' id='word_1_691' title='bbox 1502 4636 1596 4688; x_wconf 81' lang='grc' dir='ltr'><strong>καὶ</strong></span> <span class='ocrx_word' id='word_1_692' title='bbox 1636 4637 1981 4709; x_wconf 86' lang='grc' dir='ltr'>θεραπεύεις,</span> 
     </span>
    </p>
   </div>
   <div class='ocr_carea' id='block_1_92' title="bbox 2095 4550 3672 4621">
    <p class='ocr_par' dir='ltr' id='par_1_92' title="bbox 2095 4550 3672 4621">
     <span class='ocr_line' id='line_1_92' title="bbox 2095 4550 3672 4621; baseline -0.004 -17"><span class='ocrx_word' id='word_1_693' title='bbox 2095 4550 2376 4615; x_wconf 81' lang='lat' dir='ltr'><strong>fruantur,</strong></span> <span class='ocrx_word' id='word_1_694' title='bbox 2407 4566 2571 4621; x_wconf 87' lang='lat' dir='ltr'><strong>quam</strong></span> <span class='ocrx_word' id='word_1_695' title='bbox 2609 4551 2680 4604; x_wconf 92' lang='lat' dir='ltr'><strong>ob</strong></span> <span class='ocrx_word' id='word_1_696' title='bbox 2714 4565 2939 4604; x_wconf 90' lang='lat' dir='ltr'><strong>causam</strong></span> <span class='ocrx_word' id='word_1_697' title='bbox 2977 4550 3070 4607; x_wconf 87' lang='lat' dir='ltr'><strong>ille</strong></span> <span class='ocrx_word' id='word_1_698' title='bbox 3103 4564 3268 4618; x_wconf 85' lang='lat' dir='ltr'><strong>quem</strong></span> <span class='ocrx_word' id='word_1_699' title='bbox 3307 4561 3462 4601; x_wconf 84' lang='lat' dir='ltr'><strong>amas</strong></span> <span class='ocrx_word' id='word_1_700' title='bbox 3494 4561 3672 4617; x_wconf 43' lang='lat' dir='ltr'><strong>aegro-</strong></span> 
     </span>
    </p>
   </div>
   <div class='ocr_carea' id='block_1_93' title="bbox 2091 4637 3667 4708">
    <p class='ocr_par' dir='ltr' id='par_1_93' title="bbox 2091 4637 3667 4708">
     <span class='ocr_line' id='line_1_93' title="bbox 2091 4637 3667 4708; baseline -0.003 -13"><span class='ocrx_word' id='word_1_701' title='bbox 2091 4641 2220 4695; x_wconf 86' lang='lat' dir='ltr'><strong>tat?</strong></span> <span class='ocrx_word' id='word_1_702' title='bbox 2268 4640 2361 4696; x_wconf 85' lang='lat' dir='ltr'><strong>Vel</strong></span> <span class='ocrx_word' id='word_1_703' title='bbox 2395 4642 2499 4696; x_wconf 90' lang='lat' dir='ltr'><strong>hoc</strong></span> <span class='ocrx_word' id='word_1_704' title='bbox 2528 4642 2695 4697; x_wconf 89' lang='lat' dir='ltr'><strong>etiam</strong></span> <span class='ocrx_word' id='word_1_705' title='bbox 2726 4641 2919 4694; x_wconf 80' lang='lat' dir='ltr'><strong>dicunt</strong></span> <span class='ocrx_word' id='word_1_706' title='bbox 2948 4659 2962 4694; x_wconf 87' lang='lat'><strong>:</strong></span> <span class='ocrx_word' id='word_1_707' title='bbox 3016 4655 3213 4708; x_wconf 85' lang='lat' dir='ltr'><strong>magna</strong></span> <span class='ocrx_word' id='word_1_708' title='bbox 3272 4638 3460 4707; x_wconf 90' lang='lat' dir='ltr'><strong>utique</strong></span> <span class='ocrx_word' id='word_1_709' title='bbox 3489 4637 3667 4692; x_wconf 88' lang='lat' dir='ltr'><strong>morbi</strong></span> 
     </span>
    </p>
   </div>
   <div class='ocr_carea' id='block_1_94' title="bbox 395 4723 1984 4802">
    <p class='ocr_par' dir='ltr' id='par_1_94' title="bbox 395 4723 1984 4796">
     <span class='ocr_line' id='line_1_94' title="bbox 395 4723 1984 4796; baseline 0.003 -18"><span class='ocrx_word' id='word_1_710' title='bbox 395 4724 590 4795; x_wconf 83' lang='grc' dir='ltr'>πολλῷ</span> <span class='ocrx_word' id='word_1_711' title='bbox 605 4724 804 4794; x_wconf 80' lang='grc' dir='ltr'>μᾶλλον</span> <span class='ocrx_word' id='word_1_712' title='bbox 824 4725 1120 4796; x_wconf 87' lang='grc' dir='ltr'>χρεωστείς</span> <span class='ocrx_word' id='word_1_713' title='bbox 1141 4724 1222 4787; x_wconf 87' lang='grc' dir='ltr'><strong>είς</strong></span> <span class='ocrx_word' id='word_1_714' title='bbox 1243 4723 1368 4786; x_wconf 73' lang='grc' dir='ltr'>τοὺς</span> <span class='ocrx_word' id='word_1_715' title='bbox 1391 4724 1719 4790; x_wconf 84' lang='grc' dir='ltr'>ἀγαπῶντάς</span> <span class='ocrx_word' id='word_1_716' title='bbox 1750 4743 1809 4780; x_wconf 87' lang='grc' dir='ltr'><strong>σε</strong></span> <span class='ocrx_word' id='word_1_717' title='bbox 1832 4726 1984 4783; x_wconf 78' lang='grc' dir='ltr'>τοῦτο</span> 
     </span>
    </p>
   </div>
   <div class='ocr_carea' id='block_1_95' title="bbox 2087 4723 3668 4802">
    <p class='ocr_par' dir='ltr' id='par_1_95' title="bbox 2087 4730 3668 4802">
     <span class='ocr_line' id='line_1_95' title="bbox 2087 4730 3668 4802; baseline -0.003 -14"><span class='ocrx_word' id='word_1_718' title='bbox 2087 4742 2173 4788; x_wconf 90' lang='lat' dir='ltr'><strong>est</strong></span> <span class='ocrx_word' id='word_1_719' title='bbox 2206 4731 2438 4787; x_wconf 85' lang='lat' dir='ltr'><strong>audacia</strong></span> <span class='ocrx_word' id='word_1_720' title='bbox 2461 4772 2476 4797; x_wconf 90' lang='lat'><strong>,</strong></span> <span class='ocrx_word' id='word_1_721' title='bbox 2512 4734 2605 4802; x_wconf 85' lang='lat' dir='ltr'><strong>qui</strong></span> <span class='ocrx_word' id='word_1_722' title='bbox 2639 4732 2802 4787; x_wconf 86' lang='lat' dir='ltr'><strong>etiam</strong></span> <span class='ocrx_word' id='word_1_723' title='bbox 2839 4747 2935 4786; x_wconf 90' lang='lat' dir='ltr'><strong>eos</strong></span> <span class='ocrx_word' id='word_1_724' title='bbox 2966 4747 3110 4801; x_wconf 86' lang='lat' dir='ltr'><strong>quos</strong></span> <span class='ocrx_word' id='word_1_725' title='bbox 3144 4730 3287 4785; x_wconf 88' lang='lat' dir='ltr'><strong>Deus</strong></span> <span class='ocrx_word' id='word_1_726' title='bbox 3319 4737 3466 4783; x_wconf 89' lang='lat' dir='ltr'><strong>amat</strong></span> <span class='ocrx_word' id='word_1_727' title='bbox 3508 4730 3668 4783; x_wconf 91' lang='lat' dir='ltr'><strong>inva-</strong></span> 
     </span>
    </p>
   </div>
   <div class='ocr_carea' id='block_1_96' title="bbox 392 4813 1984 4892">
    <p class='ocr_par' dir='ltr' id='par_1_96' title="bbox 392 4813 1984 4885">
     <span class='ocr_line' id='line_1_96' title="bbox 392 4813 1984 4885; baseline 0.004 -16"><span class='ocrx_word' id='word_1_728' title='bbox 392 4815 759 4879; x_wconf 78' lang='grc' dir='ltr'>ἐνδείξασθαι.</span> <span class='ocrx_word' id='word_1_729' title='bbox 792 4815 1032 4869; x_wconf 87' lang='grc' dir='ltr'>Δύνασαι</span> <span class='ocrx_word' id='word_1_730' title='bbox 1070 4813 1180 4885; x_wconf 81' lang='grc' dir='ltr'><strong>γὰρ</strong></span> <span class='ocrx_word' id='word_1_731' title='bbox 1206 4815 1264 4867; x_wconf 87' lang='grc' dir='ltr'><strong>ἐν</strong></span> <span class='ocrx_word' id='word_1_732' title='bbox 1297 4815 1441 4884; x_wconf 78' lang='grc' dir='ltr'>μόνῳ</span> <span class='ocrx_word' id='word_1_733' title='bbox 1480 4815 1559 4884; x_wconf 79' lang='grc' dir='ltr'>τῷ</span> <span class='ocrx_word' id='word_1_734' title='bbox 1593 4816 1766 4870; x_wconf 88' lang='grc' dir='ltr'>θέλειν</span> <span class='ocrx_word' id='word_1_735' title='bbox 1812 4821 1984 4877; x_wconf 80' lang='grc' dir='ltr'>πάντα</span> 
     </span>
    </p>
   </div>
   <div class='ocr_carea' id='block_1_97' title="bbox 2087 4813 3665 4892">
    <p class='ocr_par' dir='ltr' id='par_1_97' title="bbox 2087 4820 3665 4892">
     <span class='ocr_line' id='line_1_97' title="bbox 2087 4820 3665 4892; baseline -0.004 -14"><span class='ocrx_word' id='word_1_736' title='bbox 2087 4824 2243 4878; x_wconf 88' lang='lat' dir='ltr'><strong>serit.</strong></span> <span class='ocrx_word' id='word_1_737' title='bbox 2286 4822 2456 4877; x_wconf 87' lang='lat' dir='ltr'><strong>Forte</strong></span> <span class='ocrx_word' id='word_1_738' title='bbox 2487 4837 2619 4876; x_wconf 82' lang='lat' dir='ltr'><strong>vero</strong></span> <span class='ocrx_word' id='word_1_739' title='bbox 2646 4830 2701 4877; x_wconf 90' lang='lat' dir='ltr'><strong>et</strong></span> <span class='ocrx_word' id='word_1_740' title='bbox 2736 4822 2843 4877; x_wconf 87' lang='lat' dir='ltr'><strong>tale</strong></span> <span class='ocrx_word' id='word_1_741' title='bbox 2875 4821 3139 4892; x_wconf 88' lang='lat' dir='ltr'><strong>quiddam</strong></span> <span class='ocrx_word' id='word_1_742' title='bbox 3167 4821 3353 4875; x_wconf 88' lang='lat' dir='ltr'><strong>dicere</strong></span> <span class='ocrx_word' id='word_1_743' title='bbox 3375 4820 3665 4874; x_wconf 85' lang='lat' dir='ltr'><strong>videntur:</strong></span> 
     </span>
    </p>
   </div>
   <div class='ocr_carea' id='block_1_98' title="bbox 390 4896 1984 4984">
    <p class='ocr_par' dir='ltr' id='par_1_98' title="bbox 390 4899 1984 4981">
     <span class='ocr_line' id='line_1_98' title="bbox 390 4899 1984 4981; baseline 0.003 -21"><span class='ocrx_word' id='word_1_744' title='bbox 390 4909 647 4977; x_wconf 81' lang='grc' dir='ltr'>ποιῆσαι.</span> <span class='ocrx_word' id='word_1_745' title='bbox 698 4905 943 4969; x_wconf 82' lang='grc' dir='ltr'>Πίστεως</span> <span class='ocrx_word' id='word_1_746' title='bbox 985 4899 1079 4959; x_wconf 81' lang='grc' dir='ltr'>οὖν</span> <span class='ocrx_word' id='word_1_747' title='bbox 1114 4907 1142 4958; x_wconf 87' lang='grc' dir='ltr'><strong>ὁ</strong></span> <span class='ocrx_word' id='word_1_748' title='bbox 1182 4904 1341 4972; x_wconf 85' lang='grc' dir='ltr'>λόγος</span> <span class='ocrx_word' id='word_1_749' title='bbox 1379 4906 1575 4974; x_wconf 83' lang='grc' dir='ltr'>μεστὸς</span> <span class='ocrx_word' id='word_1_750' title='bbox 1616 4908 1713 4961; x_wconf 75' lang='grc' dir='ltr'><strong>καὶ</strong></span> <span class='ocrx_word' id='word_1_751' title='bbox 1758 4912 1859 4981; x_wconf 80' lang='grc' dir='ltr'>τῆς</span> <span class='ocrx_word' id='word_1_752' title='bbox 1904 4913 1984 4976; x_wconf 80' lang='grc' dir='ltr'><strong>είς</strong></span> 
     </span>
    </p>
   </div>
   <div class='ocr_carea' id='block_1_99' title="bbox 2087 4896 3669 4984">
    <p class='ocr_par' dir='ltr' id='par_1_99' title="bbox 2087 4896 3669 4984">
     <span class='ocr_line' id='line_1_99' title="bbox 2087 4896 3669 4984; baseline -0.003 -17"><span class='ocrx_word' id='word_1_753' title='bbox 2087 4896 2550 4984; x_wconf 84' lang='lat' dir='ltr'><strong>Quandoquidem</strong></span> <span class='ocrx_word' id='word_1_754' title='bbox 2584 4913 2771 4969; x_wconf 87' lang='lat' dir='ltr'><strong>hostes</strong></span> <span class='ocrx_word' id='word_1_755' title='bbox 2801 4912 2987 4983; x_wconf 79' lang='lat' dir='ltr'><strong>diligis</strong></span> <span class='ocrx_word' id='word_1_756' title='bbox 3015 4918 3070 4966; x_wconf 87' lang='lat' dir='ltr'><strong>et</strong></span> <span class='ocrx_word' id='word_1_757' title='bbox 3098 4926 3265 4967; x_wconf 87' lang='lat' dir='ltr'><strong>curas</strong></span> <span class='ocrx_word' id='word_1_758' title='bbox 3293 4952 3308 4973; x_wconf 87' lang='lat'><strong>,</strong></span> <span class='ocrx_word' id='word_1_759' title='bbox 3341 4911 3516 4965; x_wconf 81' lang='lat' dir='ltr'><strong>multo</strong></span> <span class='ocrx_word' id='word_1_760' title='bbox 3548 4924 3669 4963; x_wconf 88' lang='lat' dir='ltr'><strong>ma-</strong></span> 
     </span>
    </p>
   </div>
   <div class='ocr_carea' id='block_1_100' title="bbox 387 4996 1336 5071">
    <p class='ocr_par' dir='ltr' id='par_1_100' title="bbox 387 4996 1336 5071">
     <span class='ocr_line' id='line_1_100' title="bbox 387 4996 1336 5071; baseline -0.005 -17"><span class='ocrx_word' id='word_1_761' title='bbox 387 4998 636 5071; x_wconf 81' lang='grc' dir='ltr'>Χριστὸν</span> <span class='ocrx_word' id='word_1_762' title='bbox 661 4997 1017 5069; x_wconf 84' lang='grc' dir='ltr'>γνησιότητος</span> <span class='ocrx_word' id='word_1_763' title='bbox 1045 4996 1336 5061; x_wconf 77' lang='grc' dir='ltr'>ἀπόδειξις.</span> 
     </span>
    </p>
   </div>
   <div class='ocr_carea' id='block_1_101' title="bbox 2092 5003 3665 5076">
    <p class='ocr_par' dir='ltr' id='par_1_101' title="bbox 2092 5003 3665 5076">
     <span class='ocr_line' id='line_1_101' title="bbox 2092 5003 3665 5076; baseline -0.005 -15"><span class='ocrx_word' id='word_1_764' title='bbox 2092 5007 2176 5076; x_wconf 87' lang='lat' dir='ltr'><strong>gis</strong></span> <span class='ocrx_word' id='word_1_765' title='bbox 2207 5007 2377 5063; x_wconf 79' lang='lat' dir='ltr'><strong>debes</strong></span> <span class='ocrx_word' id='word_1_766' title='bbox 2414 5008 2469 5061; x_wconf 92' lang='lat' dir='ltr'><strong>in</strong></span> <span class='ocrx_word' id='word_1_767' title='bbox 2500 5020 2596 5061; x_wconf 84' lang='lat' dir='ltr'><strong>eos</strong></span> <span class='ocrx_word' id='word_1_768' title='bbox 2627 5007 2722 5076; x_wconf 90' lang='lat' dir='ltr'><strong>qui</strong></span> <span class='ocrx_word' id='word_1_769' title='bbox 2756 5013 2808 5060; x_wconf 91' lang='lat' dir='ltr'><strong>te</strong></span> <span class='ocrx_word' id='word_1_770' title='bbox 2837 5011 3026 5059; x_wconf 90' lang='lat' dir='ltr'><strong>amant</strong></span> <span class='ocrx_word' id='word_1_771' title='bbox 3048 5005 3153 5059; x_wconf 88' lang='lat' dir='ltr'><strong>hoc</strong></span> <span class='ocrx_word' id='word_1_772' title='bbox 3177 5003 3507 5058; x_wconf 77' lang='lat' dir='ltr'><strong>beneﬁcium</strong></span> <span class='ocrx_word' id='word_1_773' title='bbox 3529 5017 3665 5057; x_wconf 88' lang='lat' dir='ltr'><strong>con-</strong></span> 
     </span>
    </p>
   </div>
   <div class='ocr_carea' id='block_1_102' title="bbox 390 5089 3666 5171">
    <p class='ocr_par' dir='ltr' id='par_1_102' title="bbox 390 5089 3666 5171">
     <span class='ocr_line' id='line_1_102' title="bbox 390 5089 3666 5171; baseline -0.001 -23"><span class='ocrx_word' id='word_1_774' title='bbox 390 5092 568 5148; x_wconf 78' lang='lat' dir='ltr'><strong>ferre.</strong></span> <span class='ocrx_word' id='word_1_775' title='bbox 608 5090 771 5146; x_wconf 82' lang='lat' dir='ltr'><strong>Potes</strong></span> <span class='ocrx_word' id='word_1_776' title='bbox 809 5089 1087 5159; x_wconf 85' lang='lat' dir='ltr'><strong>siquidem</strong></span> <span class='ocrx_word' id='word_1_777' title='bbox 1119 5092 1235 5147; x_wconf 91' lang='lat' dir='ltr'><strong>sola</strong></span> <span class='ocrx_word' id='word_1_778' title='bbox 1268 5090 1552 5146; x_wconf 79' lang='lat' dir='ltr'><strong>voluntate</strong></span> <span class='ocrx_word' id='word_1_779' title='bbox 1582 5093 1769 5147; x_wconf 90' lang='lat' dir='ltr'><strong>omnia</strong></span> <span class='ocrx_word' id='word_1_780' title='bbox 1803 5092 2006 5152; x_wconf 80' lang='lat' dir='ltr'><strong>facere.</strong></span> <span class='ocrx_word' id='word_1_781' title='bbox 2050 5097 2195 5171; x_wconf 84' lang='lat' dir='ltr'><strong>Ergo</strong></span> <span class='ocrx_word' id='word_1_782' title='bbox 2241 5102 2403 5170; x_wconf 88' lang='lat' dir='ltr'><strong>plena</strong></span> <span class='ocrx_word' id='word_1_783' title='bbox 2433 5109 2518 5155; x_wconf 88' lang='lat' dir='ltr'><strong>est</strong></span> <span class='ocrx_word' id='word_1_784' title='bbox 2555 5099 2679 5154; x_wconf 85' lang='lat' dir='ltr'><strong>lidei</strong></span> <span class='ocrx_word' id='word_1_785' title='bbox 2727 5098 2843 5153; x_wconf 73' lang='lat' dir='ltr'><strong>hmc</strong></span> <span class='ocrx_word' id='word_1_786' title='bbox 2884 5099 3104 5163; x_wconf 87' lang='lat' dir='ltr'><strong>oratio,</strong></span> <span class='ocrx_word' id='word_1_787' title='bbox 3140 5105 3194 5152; x_wconf 94' lang='lat' dir='ltr'><strong>et</strong></span> <span class='ocrx_word' id='word_1_788' title='bbox 3244 5095 3465 5168; x_wconf 85' lang='lat' dir='ltr'><strong>ingenui</strong></span> <span class='ocrx_word' id='word_1_789' title='bbox 3535 5106 3666 5161; x_wconf 81' lang='lat' dir='ltr'><strong>erga</strong></span> 
     </span>
    </p>
   </div>
   <div class='ocr_carea' id='block_1_103' title="bbox 391 5181 1287 5257">
    <p class='ocr_par' dir='ltr' id='par_1_103' title="bbox 391 5181 1287 5257">
     <span class='ocr_line' id='line_1_103' title="bbox 391 5181 1287 5257; baseline -0.001 -17"><span class='ocrx_word' id='word_1_790' title='bbox 391 5184 572 5240; x_wconf 84' lang='lat' dir='ltr'><strong>Deum</strong></span> <span class='ocrx_word' id='word_1_791' title='bbox 603 5181 834 5238; x_wconf 74' lang='lat' dir='ltr'><strong>affectus</strong></span> <span class='ocrx_word' id='word_1_792' title='bbox 863 5182 1287 5257; x_wconf 78' lang='lat' dir='ltr'><strong>demonstratio.</strong></span> 
     </span>
    </p>
   </div>
   <div class='ocr_carea' id='block_1_104' title="bbox 462 5271 1978 5343">
    <p class='ocr_par' dir='ltr' id='par_1_104' title="bbox 462 5271 1978 5343">
     <span class='ocr_line' id='line_1_104' title="bbox 462 5271 1978 5343; baseline 0 -13"><span class='ocrx_word' id='word_1_793' title='bbox 462 5274 633 5341; x_wconf 78' lang='grc' dir='ltr'>Αὕτη</span> <span class='ocrx_word' id='word_1_794' title='bbox 672 5272 712 5340; x_wconf 75' lang='grc' dir='ltr'><strong><em>ἠ</em></strong></span> <span class='ocrx_word' id='word_1_795' title='bbox 747 5271 1034 5327; x_wconf 82' lang='grc' dir='ltr'>ἀσθένεια</span> <span class='ocrx_word' id='word_1_796' title='bbox 1085 5274 1196 5326; x_wconf 78' lang='grc' dir='ltr'><strong>οὐκ</strong></span> <span class='ocrx_word' id='word_1_797' title='bbox 1227 5271 1360 5326; x_wconf 83' lang='grc' dir='ltr'>ἔστι</span> <span class='ocrx_word' id='word_1_798' title='bbox 1409 5273 1560 5340; x_wconf 75' lang='grc' dir='ltr'>πρὸς</span> <span class='ocrx_word' id='word_1_799' title='bbox 1588 5272 1868 5343; x_wconf 77' lang='grc' dir='ltr'>θάνατον,</span> <span class='ocrx_word' id='word_1_800' title='bbox 1885 5276 1978 5330; x_wconf 76' lang='grc' dir='ltr'><strong>καὶ</strong></span> 
     </span>
    </p>
   </div>
   <div class='ocr_carea' id='block_1_105' title="bbox 380 5364 639 5433">
    <p class='ocr_par' dir='ltr' id='par_1_105' title="bbox 380 5364 639 5433">
     <span class='ocr_line' id='line_1_105' title="bbox 380 5364 639 5433; baseline -0.012 -12"><span class='ocrx_word' id='word_1_801' title='bbox 380 5367 455 5421; x_wconf 70' lang='grc' dir='ltr'><strong>τὰ</strong></span> <span class='ocrx_word' id='word_1_802' title='bbox 489 5364 639 5433; x_wconf 74' lang='grc' dir='ltr'>ἑξῆς.</span> 
     </span>
    </p>
   </div>
   <div class='ocr_carea' id='block_1_106' title="bbox 456 5453 1975 5526">
    <p class='ocr_par' dir='ltr' id='par_1_106' title="bbox 456 5453 1975 5526">
     <span class='ocr_line' id='line_1_106' title="bbox 456 5453 1975 5526; baseline 0.001 -15"><span class='ocrx_word' id='word_1_803' title='bbox 456 5456 630 5525; x_wconf 81' lang='grc' dir='ltr'>Λέγει</span> <span class='ocrx_word' id='word_1_804' title='bbox 657 5453 757 5524; x_wconf 84' lang='grc' dir='ltr'><strong>μέν</strong></span> <span class='ocrx_word' id='word_1_805' title='bbox 778 5471 861 5508; x_wconf 89' lang='grc' dir='ltr'><strong>τοι</strong></span> <span class='ocrx_word' id='word_1_806' title='bbox 889 5453 1067 5508; x_wconf 88' lang='grc' dir='ltr'>ταῦτα</span> <span class='ocrx_word' id='word_1_807' title='bbox 1094 5456 1122 5506; x_wconf 88' lang='grc' dir='ltr'>ὁ</span> <span class='ocrx_word' id='word_1_808' title='bbox 1161 5454 1383 5525; x_wconf 83' lang='grc' dir='ltr'>Κύριος,</span> <span class='ocrx_word' id='word_1_809' title='bbox 1407 5456 1504 5526; x_wconf 79' lang='grc' dir='ltr'><strong>οὐχ</strong></span> <span class='ocrx_word' id='word_1_810' title='bbox 1530 5457 1618 5511; x_wconf 77' lang='grc' dir='ltr'>ἵνα</span> <span class='ocrx_word' id='word_1_811' title='bbox 1646 5458 1975 5523; x_wconf 83' lang='grc' dir='ltr'>ἀπελθόντες</span> 
     </span>
    </p>
   </div>
   <div class='ocr_carea' id='block_1_107' title="bbox 335 5544 1973 5619">
    <p class='ocr_par' dir='ltr' id='par_1_107' title="bbox 335 5544 1973 5619">
     <span class='ocr_line' id='line_1_107' title="bbox 335 5544 1973 5619; baseline 0 -15"><span class='ocrx_word' id='word_1_812' title='bbox 335 5549 345 5554; x_wconf 83' lang='grc'><strong>’</strong></span> <span class='ocrx_word' id='word_1_813' title='bbox 381 5552 435 5607; x_wconf 79' lang='grc' dir='ltr'><strong>οι</strong></span> <span class='ocrx_word' id='word_1_814' title='bbox 478 5547 767 5619; x_wconf 74' lang='grc' dir='ltr'>ἄνθρωποι</span> <span class='ocrx_word' id='word_1_815' title='bbox 801 5544 1182 5615; x_wconf 84' lang='grc' dir='ltr'>ἀπαγγείλωσι</span> <span class='ocrx_word' id='word_1_816' title='bbox 1226 5549 1346 5609; x_wconf 84' lang='grc' dir='ltr'>ταῖς</span> <span class='ocrx_word' id='word_1_817' title='bbox 1386 5548 1654 5617; x_wconf 75' lang='grc' dir='ltr'>οὰδελφαίς</span> <span class='ocrx_word' id='word_1_818' title='bbox 1710 5549 1807 5602; x_wconf 83' lang='grc' dir='ltr'><strong>τοῦ</strong></span> <span class='ocrx_word' id='word_1_819' title='bbox 1862 5552 1973 5605; x_wconf 89' lang='grc' dir='ltr'>Λα-</span> 
     </span>
    </p>
   </div>
   <div class='ocr_carea' id='block_1_108' title="bbox 382 5636 1977 5710">
    <p class='ocr_par' dir='ltr' id='par_1_108' title="bbox 382 5636 1977 5710">
     <span class='ocr_line' id='line_1_108' title="bbox 382 5636 1977 5710; baseline -0.001 -16"><span class='ocrx_word' id='word_1_820' title='bbox 382 5640 582 5710; x_wconf 78' lang='grc' dir='ltr'>ζάρου,</span> <span class='ocrx_word' id='word_1_821' title='bbox 610 5637 727 5690; x_wconf 77' lang='grc' dir='ltr'>ἀλλ’</span> <span class='ocrx_word' id='word_1_822' title='bbox 758 5638 834 5701; x_wconf 85' lang='grc' dir='ltr'>ὡς</span> <span class='ocrx_word' id='word_1_823' title='bbox 859 5636 991 5700; x_wconf 76' lang='grc' dir='ltr'>Θεὸς</span> <span class='ocrx_word' id='word_1_824' title='bbox 1034 5636 1316 5708; x_wconf 82' lang='grc' dir='ltr'>προλέγων</span> <span class='ocrx_word' id='word_1_825' title='bbox 1342 5637 1401 5690; x_wconf 81' lang='grc' dir='ltr'>τὸ</span> <span class='ocrx_word' id='word_1_826' title='bbox 1425 5638 1702 5707; x_wconf 83' lang='grc' dir='ltr'>ἐσόμενον,</span> <span class='ocrx_word' id='word_1_827' title='bbox 1732 5641 1813 5694; x_wconf 84' lang='grc' dir='ltr'>ὅτι</span> <span class='ocrx_word' id='word_1_828' title='bbox 1843 5640 1977 5710; x_wconf 79' lang='grc' dir='ltr'>πρὸς</span> 
     </span>
    </p>
   </div>
   <div class='ocr_carea' id='block_1_109' title="bbox 378 5724 1974 5800">
    <p class='ocr_par' dir='ltr' id='par_1_109' title="bbox 378 5724 1974 5800">
     <span class='ocr_line' id='line_1_109' title="bbox 378 5724 1974 5800; baseline -0.001 -12"><span class='ocrx_word' id='word_1_829' title='bbox 378 5724 544 5796; x_wconf 73' lang='grc' dir='ltr'>δόξαν</span> <span class='ocrx_word' id='word_1_830' title='bbox 575 5727 715 5785; x_wconf 85' lang='grc' dir='ltr'>Θεοῦ</span> <span class='ocrx_word' id='word_1_831' title='bbox 759 5727 906 5800; x_wconf 83' lang='grc' dir='ltr'>ἐώρα</span> <span class='ocrx_word' id='word_1_832' title='bbox 931 5728 991 5782; x_wconf 84' lang='grc' dir='ltr'>τὸ</span> <span class='ocrx_word' id='word_1_833' title='bbox 1017 5727 1112 5782; x_wconf 83' lang='grc' dir='ltr'><strong>τοῦ</strong></span> <span class='ocrx_word' id='word_1_834' title='bbox 1157 5728 1483 5800; x_wconf 84' lang='grc' dir='ltr'>πράγματος</span> <span class='ocrx_word' id='word_1_835' title='bbox 1520 5731 1882 5797; x_wconf 77' lang='grc' dir='ltr'>ἀποτέλεσμα,</span> <span class='ocrx_word' id='word_1_836' title='bbox 1913 5735 1974 5787; x_wconf 82' lang='grc' dir='ltr'><strong>ού</strong></span> 
     </span>
    </p>
   </div>
   <div class='ocr_carea' id='block_1_110' title="bbox 2156 5273 3571 5346">
    <p class='ocr_par' dir='ltr' id='par_1_110' title="bbox 2156 5273 3571 5346">
     <span class='ocr_line' id='line_1_110' title="bbox 2156 5273 3571 5346; baseline -0.001 -18"><span class='ocrx_word' id='word_1_837' title='bbox 2156 5274 2249 5344; x_wconf 82' lang='lat' dir='ltr'><strong>XI,</strong></span> <span class='ocrx_word' id='word_1_838' title='bbox 2273 5277 2328 5332; x_wconf 74' lang='grc'>4.</span> <span class='ocrx_word' id='word_1_839' title='bbox 2370 5275 2499 5333; x_wconf 79' lang='lat' dir='ltr'><strong>Ha&#39;c</strong></span> <span class='ocrx_word' id='word_1_840' title='bbox 2523 5276 2813 5346; x_wconf 76' lang='lat' dir='ltr'><strong>inﬁrmitas</strong></span> <span class='ocrx_word' id='word_1_841' title='bbox 2844 5292 2948 5332; x_wconf 86' lang='lat' dir='ltr'><strong>non</strong></span> <span class='ocrx_word' id='word_1_842' title='bbox 2980 5284 3059 5331; x_wconf 75' lang='lat' dir='ltr'><strong>est</strong></span> <span class='ocrx_word' id='word_1_843' title='bbox 3091 5274 3161 5329; x_wconf 85' lang='lat' dir='ltr'><strong>ad</strong></span> <span class='ocrx_word' id='word_1_844' title='bbox 3188 5273 3433 5338; x_wconf 64' lang='lat' dir='ltr'><strong>Mortem,</strong></span> <span class='ocrx_word' id='word_1_845' title='bbox 3463 5280 3571 5327; x_wconf 89' lang='lat' dir='ltr'><strong>etc.</strong></span> 
     </span>
    </p>
   </div>
   <div class='ocr_carea' id='block_1_111' title="bbox 2153 5451 3664 5526">
    <p class='ocr_par' dir='ltr' id='par_1_111' title="bbox 2153 5451 3664 5526">
     <span class='ocr_line' id='line_1_111' title="bbox 2153 5451 3664 5526; baseline -0.001 -19"><span class='ocrx_word' id='word_1_846' title='bbox 2153 5454 2280 5510; x_wconf 72' lang='lat' dir='ltr'><strong>Haec</strong></span> <span class='ocrx_word' id='word_1_847' title='bbox 2314 5454 2533 5526; x_wconf 86' lang='lat' dir='ltr'><strong>quidem</strong></span> <span class='ocrx_word' id='word_1_848' title='bbox 2563 5456 2702 5512; x_wconf 88' lang='lat' dir='ltr'><strong>dicit</strong></span> <span class='ocrx_word' id='word_1_849' title='bbox 2732 5456 3001 5513; x_wconf 87' lang='lat' dir='ltr'><strong>Dominus</strong></span> <span class='ocrx_word' id='word_1_850' title='bbox 3023 5498 3040 5523; x_wconf 92' lang='lat'><strong>,</strong></span> <span class='ocrx_word' id='word_1_851' title='bbox 3067 5471 3179 5511; x_wconf 89' lang='lat' dir='ltr'><strong>non</strong></span> <span class='ocrx_word' id='word_1_852' title='bbox 3211 5463 3268 5509; x_wconf 92' lang='lat' dir='ltr'><strong>ut</strong></span> <span class='ocrx_word' id='word_1_853' title='bbox 3302 5451 3397 5523; x_wconf 90' lang='lat' dir='ltr'><strong>qui</strong></span> <span class='ocrx_word' id='word_1_854' title='bbox 3428 5451 3664 5507; x_wconf 85' lang='lat' dir='ltr'><strong>aderant</strong></span> 
     </span>
    </p>
   </div>
   <div class='ocr_carea' id='block_1_112' title="bbox 2081 5544 3663 5611">
    <p class='ocr_par' dir='ltr' id='par_1_112' title="bbox 2081 5544 3663 5611">
     <span class='ocr_line' id='line_1_112' title="bbox 2081 5544 3663 5611; baseline -0.003 -9"><span class='ocrx_word' id='word_1_855' title='bbox 2081 5549 2347 5604; x_wconf 85' lang='lat' dir='ltr'><strong>abeuntes</strong></span> <span class='ocrx_word' id='word_1_856' title='bbox 2394 5549 2782 5607; x_wconf 85' lang='lat' dir='ltr'><strong>renuntiarent</strong></span> <span class='ocrx_word' id='word_1_857' title='bbox 2817 5549 3106 5606; x_wconf 89' lang='lat' dir='ltr'><strong>sororibus</strong></span> <span class='ocrx_word' id='word_1_858' title='bbox 3140 5544 3334 5601; x_wconf 87' lang='lat' dir='ltr'><strong>Lazari</strong></span> <span class='ocrx_word' id='word_1_859' title='bbox 3356 5584 3372 5611; x_wconf 94' lang='lat'><strong>,</strong></span> <span class='ocrx_word' id='word_1_860' title='bbox 3406 5544 3502 5600; x_wconf 86' lang='lat' dir='ltr'><strong>sed</strong></span> <span class='ocrx_word' id='word_1_861' title='bbox 3537 5551 3663 5607; x_wconf 46' lang='lat' dir='ltr'><strong>tan:</strong></span> 
     </span>
    </p>
   </div>
   <div class='ocr_carea' id='block_1_113' title="bbox 2083 5635 3662 5712">
    <p class='ocr_par' dir='ltr' id='par_1_113' title="bbox 2083 5635 3662 5712">
     <span class='ocr_line' id='line_1_113' title="bbox 2083 5635 3662 5712; baseline -0.002 -17"><span class='ocrx_word' id='word_1_862' title='bbox 2083 5657 2249 5712; x_wconf 87' lang='lat' dir='ltr'><strong>quam</strong></span> <span class='ocrx_word' id='word_1_863' title='bbox 2285 5639 2431 5697; x_wconf 88' lang='lat' dir='ltr'><strong>Deus</strong></span> <span class='ocrx_word' id='word_1_864' title='bbox 2462 5641 2712 5696; x_wconf 84' lang='lat' dir='ltr'><strong>futurum</strong></span> <span class='ocrx_word' id='word_1_865' title='bbox 2763 5641 3103 5712; x_wconf 70' lang='lat' dir='ltr'><strong>praedicens,</strong></span> <span class='ocrx_word' id='word_1_866' title='bbox 3154 5637 3422 5710; x_wconf 90' lang='lat' dir='ltr'><strong>quoniam</strong></span> <span class='ocrx_word' id='word_1_867' title='bbox 3455 5635 3536 5692; x_wconf 87' lang='lat' dir='ltr'><strong>rei</strong></span> <span class='ocrx_word' id='word_1_868' title='bbox 3565 5651 3662 5692; x_wconf 76' lang='lat' dir='ltr'><strong>ex-</strong></span> 
     </span>
    </p>
   </div>
   <div class='ocr_carea' id='block_1_114' title="bbox 2082 5728 3659 5804">
    <p class='ocr_par' dir='ltr' id='par_1_114' title="bbox 2082 5728 3659 5804">
     <span class='ocr_line' id='line_1_114' title="bbox 2082 5728 3659 5804; baseline -0.002 -16"><span class='ocrx_word' id='word_1_869' title='bbox 2082 5733 2221 5788; x_wconf 89' lang='lat' dir='ltr'><strong>itum</strong></span> <span class='ocrx_word' id='word_1_870' title='bbox 2255 5734 2320 5789; x_wconf 89' lang='lat' dir='ltr'><strong>ad</strong></span> <span class='ocrx_word' id='word_1_871' title='bbox 2356 5734 2589 5802; x_wconf 85' lang='lat' dir='ltr'><strong>gloriam</strong></span> <span class='ocrx_word' id='word_1_872' title='bbox 2634 5732 2730 5790; x_wconf 89' lang='lat' dir='ltr'><strong>Dei</strong></span> <span class='ocrx_word' id='word_1_873' title='bbox 2759 5733 3033 5804; x_wconf 90' lang='lat' dir='ltr'><strong>pertinere</strong></span> <span class='ocrx_word' id='word_1_874' title='bbox 3066 5731 3320 5799; x_wconf 81' lang='lat' dir='ltr'><strong>videbat,</strong></span> <span class='ocrx_word' id='word_1_875' title='bbox 3355 5745 3466 5787; x_wconf 89' lang='lat' dir='ltr'><strong>non</strong></span> <span class='ocrx_word' id='word_1_876' title='bbox 3509 5728 3659 5800; x_wconf 86' lang='lat' dir='ltr'><strong>quod</strong></span> 
     </span>
    </p>
   </div>
  </div>
