4104 6432
475 350 545 408 39
1458 344 1517 399 S.
1552 340 1830 401 σνιιιιιι
1872 339 2348 396 ALEXANDRINI
2379 342 2701 400 ARCIIIEP.
3654 343 3725 403 40

473 463 595 519 ideo
629 459 855 514 morbus
903 457 1197 514 accidisset
1243 464 1303 511 ut
1350 456 1778 527 gloriﬁcaretur,
1824 456 2038 511 stultum

2161 456 2248 509 διὰ
2281 455 2440 510 τοῦτο
2472 458 2757 530 συμϐάσης
2787 457 2883 529 τῆς
2914 457 3091 523 νόσου,
3116 458 3203 512 ἶνα
3234 457 3492 531 δοξασθῇσ
3538 456 3733 532 εῦηθεις

471 556 619 610 enim
663 553 769 607 hoc
804 553 989 606 dicere
1018 569 1032 618 ;
1104 549 1196 605 sed
1230 549 1674 619 quandoquidem
1707 548 2045 619 contigerat,

470 646 637 700 etiam
692 643 757 696 ad
812 642 1195 697 admirabilem
1239 640 1398 695 ﬁnem
1448 640 1751 708 spectabat.
1797 638 2048 708 Seipsum

470 752 603 789 vero
632 735 795 807 677
825 736 901 789 ait
931 742 1126 788 natura
1163 733 1366 798 Deum,
1402 732 1606 801 quippe
1636 733 1692 785 in
1728 731 1905 801 ipsius
1936 732 2051 801 glo-

476 827 610 881 riam
647 827 851 879 factum
882 835 965 880 est
997 823 1142 894 quod
1178 822 1377 876 factum
1411 831 1517 875 est.
1549 822 1876 879 Prolocutus
1903 824 2047 878 enim

471 919 613 988 quod
656 918 768 972 haec
806 916 1103 970 inﬁrmitas
1133 915 1199 969 ad
1235 914 1467 983 gloriam
1501 912 1595 969 Dei
1631 915 2044 984 esset,adjecit,
2094 979 2098 982 γ

480 1030 497 1061 ι
528 1011 601 1065 [ι
631 1010 1029 1080 gloriﬁearetur
1060 1006 1151 1061 Dei
1202 1003 1381 1061 Filius
1409 1006 1462 1059 in
1493 1021 1578 1070 ea,
1611 1025 1630 1058 ›
1659 1007 1727 1062 de
1758 1007 1940 1077 seipso
1971 1007 2049 1060 lo-

470 1118 667 1172 quens.
707 1100 852 1154 Nihil
887 1106 1068 1153 autem
1115 1098 1316 1152 mirum
1361 1099 1507 1168 quod
1548 1099 1747 1153 dixerit
1780 1114 1890 1153 non
1925 1115 2049 1154 esse

470 1194 536 1247 ad
570 1201 796 1248 mortem
826 1192 1199 1245 inﬁrmitatem
1228 1189 1420 1244 Lazari
1445 1235 1460 1257 ,
1492 1199 1545 1244 et
1572 1201 1753 1246 tamen
1788 1208 1937 1247 mors
1968 1208 2050 1246 ac-

469 1283 706 1337 ciderit:
742 1282 807 1335 ad
838 1282 914 1335 rei
944 1281 1088 1336 enim
1118 1280 1328 1334 exitum
1363 1283 1757 1351 respicientes,
1789 1282 2047 1351 quodque

467 1374 634 1443 paulo
673 1383 799 1444 post
840 1380 959 1427 erat
1006 1383 1463 1437 resurrecturus,
1517 1388 1625 1426 non
1680 1375 1815 1442 quid
1868 1376 2046 1428 medio

468 1472 711 1532 tempore
743 1463 1042 1532 contigerit
1078 1474 1397 1533 spectamus
1421 1505 1435 1527 ,
1468 1466 1560 1518 sed
1603 1466 1655 1518 in
1689 1482 1847 1535 quem
1882 1466 2042 1519 ﬁnem

466 1568 557 1607 tes
590 1560 701 1605 tota
735 1553 1010 1606 reciderit.
1040 1551 1229 1607 Voluit
1256 1552 1404 1606 enim
1438 1553 1705 1607 Dominus
1733 1562 1790 1607 ut
1819 1564 1870 1608 et
1903 1570 2045 1623 :eger

466 1652 720 1707 mortem,
756 1651 808 1697 et
843 1644 985 1712 quod
1020 1643 1146 1698 inde
1167 1654 1413 1698 secutum
1447 1654 1555 1710 est,
1583 1646 1635 1699 in
1663 1646 1751 1699 Dei
1776 1646 2004 1716 gloriam
2026 1686 2039 1709 ,

467 1731 571 1786 hoc
593 1741 676 1786 est
695 1734 776 1786 sui
815 1733 1014 1802 ipsius,
1052 1734 1387 1789 ostenderet.

535 1822 628 1888 XI,
661 1824 714 1878 5.
758 1823 1015 1893 Diligebat
1052 1842 1169 1878 vero
1190 1824 1367 1889 Jesus,
1404 1834 1510 1881 etc.

539 1911 802 1981 Exposita
835 1914 1128 1968 mulierum
1166 1916 1400 1978 virtute,
1433 1918 1769 1986 evangelista
1800 1934 1895 1973 eas
1922 1934 2041 1973 me-

464 2000 576 2057 tito
618 2003 693 2056 ait
721 2018 749 2056 a
780 2002 1074 2060 Servatore
1110 2006 1341 2060 dilectas
1392 2023 1404 2060 :
1448 2021 1549 2061 nec
1581 2008 1777 2063 mirum
1810 2010 1855 2064 si
1892 2026 2041 2066 mors

463 2098 518 2146 ct
550 2095 780 2150 morbus
810 2096 855 2148 ei
890 2111 1052 2164 quem
1086 2095 1232 2151 Deus
1264 2095 1529 2166 diligebat
1560 2099 1844 2154 acciderit.
1878 2103 2044 2156 (Zom-

463 2186 651 2238 munia
682 2186 829 2239 enim
876 2188 1120 2241 omnium
1173 2203 1293 2257 quae
1332 2204 1395 2243 es
1442 2190 1761 2247 inﬁrmitate
1800 2195 2044 2251 naturali

462 2279 831 2346 proveniunt,
863 2281 1080 2335 tametsi
1113 2281 1473 2350 diligentibus
1526 2283 1693 2338 Deum
1739 2288 2040 2356 peculiaris

460 2381 524 2422 ea
566 2371 741 2439 gratia
786 2371 911 2425 data
957 2380 1076 2437 est,
1128 2381 1188 2427 ut
1232 2388 1341 2427 non
1392 2374 1580 2445 iniquo
1629 2378 1813 2434 animo
1858 2380 2040 2436 t‘crant

459 2474 756 2517 aerumnas.

531 2553 623 2617 ΧΙ,
657 2558 709 2611 6.
743 2553 947 2610 Mansit
974 2557 1030 2612 in
1061 2557 1239 2614 eodem
1271 2560 1386 2617 loco
1419 2560 1621 2621 duobus
1654 2562 1858 2617 diebus.

530 2645 754 2701 Distulit
799 2664 961 2702 suum
1006 2650 1299 2705 adventum
1322 2693 1337 2717 ,
1375 2660 1435 2706 ut
1463 2670 1571 2708 non
1606 2671 1727 2709 eum
1763 2661 2038 2726 aegrotan-

462 2748 566 2794 tem
598 2748 853 2805 curaret,
879 2741 997 2807 sed,
1017 2743 1160 2811 quod
1187 2743 1414 2813 majoris
1441 2755 1525 2800 est
1555 2748 1861 2815 potestatis,
1887 2764 2035 2803 mor-

459 2839 613 2884 tuum
643 2832 977 2895 suscitaret,
1027 2843 1086 2887 ut
1118 2835 1293 2890 multo
1336 2838 1574 2907 amplius
1609 2839 2032 2908 gloriﬁt-arctur.

458 2918 649 2975 Merito
680 2937 811 2975 vero
854 2924 1128 2994 quispiam
1179 2925 1385 2981 dixerit
1439 2928 1666 2982 Mariam
1722 2930 2031 3000 symbolum

455 3025 581 3064 esse
637 3012 922 3081 gentium,
978 3013 1244 3067 Martltam
1304 3024 1484 3070 autem
1537 3016 2030 3080 circumcisorum,

457 3099 683 3156 fratrem
715 3117 847 3156 vero
875 3119 1064 3156 earum
1102 3119 1131 3158 a
1164 3106 1400 3161 mortuis
1431 3107 1761 3161 suseitatum
1793 3122 1917 3162 eum
1950 3108 2034 3162 in-
2060 3136 2104 3196 ο
2137 3100 2227 3152 τὸν
2259 3100 2315 3153 δὲ
2345 3103 2410 3154 ὲκ
2453 3101 2662 3172 νεκρῶν
2712 3101 3069 3170 ἀνιστάμενον
3114 3099 3338 3167 ἀδελφὸν
3370 3099 3573 3161 αὐτῶν,
3619 3099 3711 3149 τὸν

457 3206 631 3245 nuere
660 3193 750 3245 oui
783 3193 857 3245 ob
886 3194 1068 3245 alioua
1104 3203 1331 3245 neeeata
1362 3196 1428 3245 ad
1476 3196 1684 3245 inferos
1731 3198 2034 3245 descende-
2135 3192 2221 3245 διά
2249 3210 2371 3245 τινα
2405 3195 2778 3245 ἁμαρτήματα
2805 3195 2883 3245 εἰς
2917 3192 3042 3245 ἆδου
3081 3189 3511 3245 καταϐεϐηκότα.
3570 3184 3711 3242 κατὰ

2100 3192 2105 3263 ζ
2135 3192 2221 3247 διά
2249 3210 2371 3246 τινα
2405 3195 2778 3264 ἁμαρτήματα
2805 3195 2883 3255 εἰς
2917 3192 3042 3263 ᾅδου
3081 3192 3511 3259 καταϐεϐηκότα,
3570 3204 3670 3242 κατ

457 3206 631 3247 nuere
660 3193 750 3262 qui
783 3193 857 3247 ob
886 3194 1073 3264 aliqua
1104 3203 1331 3264 peccata
1362 3196 1429 3251 ad
1476 3196 1684 3252 inferos
1731 3198 2034 3253 descende-

459 3284 564 3348 rit,
593 3284 749 3351 juxta
779 3284 950 3339 illud:
982 3305 999 3337 ι
1034 3288 1369 3342 Avertantur
1401 3299 1719 3358 peccatores
1760 3290 1815 3344 in
1862 3289 2034 3344 infer-

459 3392 591 3431 num
622 3376 686 3431 “.
725 3395 742 3428 ι
772 3376 881 3432 Nec
912 3378 1049 3432 citra
1082 3379 1351 3434 rationem
1386 3397 1452 3435 ex
1505 3381 1697 3437 ordine
1744 3382 1877 3450 legis
1924 3382 2035 3435 Mo-

458 3469 623 3523 saicae
655 3469 864 3522 dictum
905 3470 979 3522 ait
1009 3469 1233 3525 Marthae
1262 3490 1275 3526 :
1308 3491 1325 3523 ι
1357 3471 1593 3537 Martha,
1630 3472 1865 3539 Martha,
1891 3474 2034 3527 solli-

459 3560 565 3613 cita
597 3574 657 3615 es
686 3568 741 3614 et
774 3561 1017 3615 turbaris
1050 3577 1176 3631 erga
1220 3563 1479 3632 plurima.
1510 3563 1691 3618 Unum
1739 3579 1902 3634 porro
1949 3575 2035 3619 est

458 3650 838 3704 necessarium
864 3690 879 3714 ,
917 3670 935 3703 ι
967 3652 1070 3705 hoc
1104 3660 1220 3717 est,
1255 3667 1429 3721 pauca
1459 3671 1473 3719 ;
1516 3653 1581 3706 ad
1614 3653 1848 3708 salutem
1887 3657 2031 3708 enim

460 3753 569 3791 non
619 3739 808 3795 multis
858 3741 1147 3808 praeceptis
1195 3757 1335 3811 Oplls
1377 3742 1536 3810 juxta
1594 3743 1734 3813 legis
1782 3744 2034 3812 praescri-

459 3838 649 3899 ptum,
686 3830 779 3884 sed
816 3831 1005 3899 paucis
1038 3832 1217 3902 iisque
1246 3832 1314 3888 dc
1343 3834 1615 3888 cbaritate
1644 3848 1709 3887 ac
1739 3832 2036 3891 dilectione

458 3919 606 3972 datis
627 3958 640 3977 .
674 3919 726 3972 in
754 3921 957 3989 quibus
988 3922 1171 3993 posita
1202 3931 1285 3978 est
1316 3923 1498 3977 omnis
1530 3923 1614 3978 lex
1646 3932 1700 3978 et
1730 3926 2031 3995 propinet-ua.

529 4008 620 4070 XI,
654 4010 703 4061 7.
740 4010 940 4066 Eamus
963 4015 1017 4066 in
1048 4012 1297 4068 Juda'am
1330 4031 1535 4069 rursus.

470 4126 473 4129 -
533 4101 635 4154 Per
674 4103 817 4157 istud
870 4105 1019 4172 quod
1067 4105 1283 4160 locutus
1328 4119 1413 4161 est
1447 4108 1745 4173 Dominus,
1782 4128 1799 4160 ι
1830 4107 2035 4165 Eamus

458 4210 657 4249 rursus
679 4234 691 4258 ,
725 4214 744 4247 ι
773 4196 985 4250 videtur
1018 4198 1123 4253 hoc
1153 4199 1377 4254 dicere:
1418 4200 1536 4253 Etsi
1568 4201 1777 4271 indigni
1801 4203 1912 4257 sint
1955 4203 2032 4256 illi

457 4284 757 4349 beneﬁcio,
791 4293 970 4340 tamen
1006 4289 1137 4357 quia
1169 4296 1333 4342 vocat
1363 4289 1589 4343 occasio
1620 4304 1744 4358 qua:
1776 4289 1885 4344 illis
1928 4292 2036 4344 uti-

459 4374 668 4429 litatem
703 4374 980 4445 importet,
1015 4377 1309 4434 redeamus
1360 4376 1428 4432 ad
1483 4378 1629 4433 illos.
1674 4380 1744 4434 At
1775 4380 2032 4451 discipuli

2153 545 2440 616 γάρτοῦτο
2475 550 2672 601 εἰπεῖν·
2720 549 2835 603 ἀλλ’
2872 549 3107 620 ἐπείπερ
3138 550 3338 621 συνέϐη
3373 552 3468 604 καὶ
3497 552 3577 615 εἰς
3603 553 3734 605 Bau-

2156 635 2362 704 μαστὸν
2397 638 2544 708 ἑώρα
2578 638 2751 701 τέλος.
2771 639 2991 693 Ἑαυτὸν
3019 640 3077 694 δέ
3106 659 3238 711 φησι
3271 641 3364 694 τὸν
3386 641 3545 712 φύσει
3576 643 3729 696 Θεόν·

2150 726 2315 779 αὐτοῦ
2347 728 2454 800 γὰρ
2482 731 2563 794 εἰς
2595 729 2755 797 δόξαν
2794 731 2985 800 γέγονε
3027 736 3090 785 τὸ
3120 733 3360 801 γεγονός.
3394 732 3581 787 Εἰπὼν
3620 735 3729 804 γὰρ

2151 817 2235 870 ὅτι
2282 818 2424 888 ὑπὲρ
2462 819 2563 888 τῆς
2587 819 2745 890 δόξης
2788 820 2884 874 τοῦ
2937 820 3075 874 Θεοῦ
3113 823 3335 890 γέγονεν
3375 826 3408 893 ἠ
3453 822 3725 882 ἀσθένεια,

2151 910 2455 978 ἐπήγαγεν,
2505 913 2620 965 Ἵνα
2645 912 2877 983 δοξασθῇ
2914 915 2943 967 6
2967 913 3097 976 Υἱὸς
3143 913 3236 967 τοῦ
3293 913 3428 967 Θεοῦ
3471 915 3530 967 ὲν
3563 916 3723 985 αὐτῇ,

2140 998 2282 1071 περὶ
2330 1002 2522 1056 ἑαυτοῦ
2569 1004 2761 1072 λέγων.
2803 1006 2867 1057 Εἰ
2888 1005 2947 1058 δὲ
2981 1005 3141 1068 αὐτὸς
3185 1006 3284 1077 μὲν
3312 1002 3435 1061 εἶπε
3483 1006 3558 1077 μὴ
3586 1001 3726 1060 εἶναι

2151 1092 2288 1160 προς
2333 1091 2565 1147 θάνατον
2606 1095 2706 1161 τὴν
2750 1094 2846 1148 τοῦ
2898 1097 3148 1166 Λαζάρου
3204 1094 3534 1167 ἀρρωστίαν,
3592 1112 3727 1166 συμ-

2149 1178 2349 1249 ϐέϐηκε
2376 1182 2433 1235 δὲ
2461 1183 2491 1234 ό
2532 1183 2776 1247 θάνατος,
2816 1184 2968 1239 οὐδὲν
3003 1184 3331 1255 θαυμαστόνο
3366 1186 3504 1256 πρὸς
3528 1188 3636 1256 γὰρ
3662 1185 3724 1238 τὸ

2149 1271 2323 1342 πέρας
2368 1274 2604 1343 ὁρῶντες
2656 1273 2747 1328 τοῦ
2778 1275 3124 1345 πράγματος,
3155 1276 3250 1330 καὶ
3270 1277 3352 1330 ὅτι
3385 1276 3576 1346 ἔμελλε
3607 1277 3724 1346 μετ’

2146 1361 2325 1429 ὀλίγον
2350 1364 2668 1432 ἀναστῆναι·
2710 1364 2828 1434 οὐχὶ
2857 1365 2910 1418 τί
2940 1365 3286 1435 συμϐέϐηκεν
3311 1368 3370 1419 ὲν
3398 1365 3478 1437 τῷ
3516 1363 3722 1433 μεταξὺ

2146 1452 2478 1523 σκοποῦμεν,
2517 1455 2633 1506 ἀλλ’
2665 1456 2744 1518 εἰς
2778 1458 2930 1508 ποῖον
2961 1454 3128 1525 ἀνέϐη
3155 1457 3216 1508 τὸ
3253 1457 3444 1525 πέρας.
3496 1456 3721 1525 Ἔκρινε

2145 1542 2250 1612 γὰρ
2319 1544 2347 1594 6
2403 1543 2606 1613 Κύριος
2668 1544 2997 1599 ἀσθενοῦντα
3078 1546 3245 1610 δεῖξαι
3308 1547 3400 1600 τὸν
3470 1546 3720 1610 θάνατον,

2144 1634 2240 1687 καὶ
2263 1634 2323 1686 τὸ
2351 1635 2597 1705 συμϐὰν,
2648 1638 2727 1700 εἰς
2773 1636 2930 1701 δόξαν
2974 1636 3109 1691 Θεοῦ
3168 1637 3356 1705 δείξαι,
3386 1639 3533 1692 τοῦτ’
3574 1638 3722 1692 ἔστιν

2144 1725 2359 1781 ἑαυτοῦ.

2227 1818 2449 1887 Ἠγὰπα
2477 1820 2545 1873 δὲ
2572 1823 2604 1874 ό
2632 1821 2890 1888 Ἰησοῦς,
2926 1822 3019 1876 καὶ
3048 1821 3114 1875 τὰ
3145 1822 3289 1891 ἑξῆς.

2216 1909 2534 1974 Καταλέξας
2575 1911 2630 1964 δὲ
2662 1913 2690 1964 6
2721 1913 3111 1984 εὐαγγελιστὴς
3146 1914 3243 1983 τὴν
3281 1912 3392 1965 τῶν
3443 1910 3718 1981 γυναικῶν

2143 1998 2363 2069 ἀρετὴν,
2389 2001 2613 2064 εἰκότως
2639 2002 2806 2066 αὑτὰς
2833 2003 3149 2071 ἀγαπᾶσθαι
3176 2002 3327 2073 παρά
3346 2002 3439 2055 τοῦ
3467 2002 3717 2074 Σωτῆρος

2143 2091 2268 2161 ἔφη·
2324 2093 2418 2145 καὶ
2456 2093 2609 2146 οὐδὲν
2653 2094 2984 2165 θαυμαστὸν,
3027 2096 3075 2147 εἰ
3131 2094 3284 2157 νόσος
3342 2094 3436 2147 καὶ
3487 2092 3719 2156 θάνατος

2145 2183 2340 2252 συνέϐη
2396 2184 2474 2255 τῷ
2522 2186 2588 2239 ὲκ
2648 2185 2783 2238 Θεοῦ
2833 2186 3195 2258 ἠγαπημένῳ.
3252 2184 3422 2238 Κοινὰ
3481 2183 3587 2255 γὰρ
3647 2183 3716 2236 τὰ

2140 2274 2198 2341 ἐξ
2244 2275 2527 2339 ἀσθενείας
2588 2278 2822 2346 φυσικῆς
2867 2277 3237 2348 συμϐαίνοντα
3281 2275 3467 2346 πάθη,
3529 2276 3577 2327 εἰ
3622 2275 3716 2327 καὶ

2142 2365 2282 2437 ἰδικὴ
2317 2366 2475 2438 χάρις
2521 2372 2635 2431 τοῖς
2668 2368 2921 2433 ἀγαπῶσι
2960 2369 3050 2422 τὸν
3092 2367 3223 2421 Θεδν
3255 2367 3501 2431 δέδοται,
3529 2365 3590 2419 τὸ
3639 2363 3713 2436 μὴ

2143 2455 2354 2528 βαρέως
2384 2460 2574 2530 φέρειν
2602 2459 2671 2512 τὰ
2688 2460 2925 2530 λυπηρά.

2213 2549 2485 2616 Ἕμεινεν
2515 2548 2584 2602 ἐν
2608 2548 2654 2614 ᾧ
2687 2546 2764 2621 ἦν
2793 2552 2953 2617 τόπῳ
2981 2549 3089 2603 δύο
3118 2549 3361 2619 ἡμέρας.

2222 2640 2540 2695 Ἀνεϐάλετο
2590 2640 2689 2711 τὴν
2733 2641 2935 2709 ἄφιξιν,
3000 2642 3085 2695 ἵνα
3135 2640 3208 2712 μὴ
3252 2639 3508 2694 νοσοῦντα
3552 2637 3712 2692 αὑτὸν

2138 2734 2488 2807 θεραπεύσῃ,
2574 2734 2710 2788 ἀλλά
2772 2733 3171 2806 τελευτήσαντα
3232 2732 3528 2808 ἀναστήσῃς
3577 2729 3713 2802 ὅπερ

2137 2830 2252 2882 ἐστὶ
2285 2828 2529 2899 μείζονος
2551 2829 2852 2899 δυνάμεως.
2884 2829 2971 2881 ἵνα
3005 2827 3265 2899 μειζόνως
3302 2824 3710 2893 δοξασθήσεται.

2138 2896 2376 2981 Εἰκότως
2426 2896 2519 2970 ἀν.
2538 2934 2622 2980 τις
2667 2896 2810 2970 εἴποι
2851 2916 2948 2987 τὴν
2995 2896 3213 2986 Μαρίαν
3263 2911 3529 2984 σύμϐολον
3574 2906 3714 2966 εἶναι

2108 3008 2242 3065 τῶν
2277 3010 2383 3062 ἀπὸ
2413 3009 2600 3071 ἐθνῶν,
2636 3009 2732 3081 τὴν
2765 3008 2819 3061 δὲ
2849 3007 3099 3079 Μάρθαν,
3150 3006 3257 3059 τῶν
3298 3007 3362 3059 ὲκ
3390 3004 3708 3076 περιτομῆς,

2137 3100 2227 3152 τὸν
2259 3100 2315 3153 δὲ
2345 3103 2410 3154 ὲκ
2453 3101 2662 3172 νεκρῶν
2712 3101 3069 3170 ἀνιστάμενον
3114 3098 3338 3167 ἀδελφὸν
3370 3096 3573 3161 αὐτῶν,
3619 3096 3712 3149 τὸν

2135 3284 2213 3346 τὸ,
2247 3303 2266 3335 ι
2313 3284 2853 3353 Ἀποστραφήτωσαν
2888 3283 2937 3333 οἱ
2967 3281 3280 3351 ἁμαρτωλοὶ
3300 3282 3378 3343 εἰς
3394 3280 3484 3333 τὸν
3510 3278 3661 3350 ᾅδην.
3683 3296 3702 3330 ι

2136 3375 2245 3428 Καὶ
2270 3375 2369 3427 οὐκ
2402 3373 2681 3436 ἀπιθάνως
2716 3372 2802 3425 διὰ
2833 3372 2930 3443 τὴν
2966 3374 3023 3424 ὲν
3050 3371 3127 3443 τῷ
3164 3372 3407 3435 Μωσέως
3438 3371 3587 3441 νόμῳ
3614 3386 3714 3423 πο-

2135 3464 2335 3519 λιτείαν
2361 3464 2527 3533 φησιν
2557 3462 2809 3535 εἰρῆσθαι
2836 3466 2898 3533 τῇ
2923 3462 3143 3534 Μάρθα·
3183 3481 3201 3513 ι
3237 3461 3457 3530 Μάρθα,
3492 3458 3709 3531 Μάρθα,

2139 3558 2409 3627 μεριμνᾷς
2451 3558 2544 3609 καὶ
2585 3556 2831 3628 τυρϐἀζῃ
2872 3556 3001 3627 περὶ
3054 3555 3239 3609 πολλά.
3289 3554 3436 3617 Ἐνὸς
3485 3552 3542 3606 δέ
3598 3553 3713 3605 ἐστι

2136 3650 2314 3721 χρεία,
2357 3669 2373 3699 ι
2433 3650 2553 3720 ἦτοι
2601 3649 2816 3717 ὀλίγων·
2874 3650 2952 3713 εἰς
3007 3649 3281 3720 σωτηρίαν
3323 3646 3560 3719 γὰρ,-οὑ
3603 3646 3713 3699 τῶν

2136 3739 2348 3792 πολλῶν
2378 3738 2606 3792 ἐντολῶν
2631 3737 2788 3809 χρεία
2811 3739 2951 3793 κατά
2977 3739 3036 3791 τδ
3059 3738 3152 3792 τοῦ
3180 3739 3343 3809 νόμου
3362 3736 3711 3807 πρόσταγμα,

2135 3829 2249 3882 ἀλλ’
2283 3830 2477 3898 ὀλίγων
2504 3830 2610 3883 τῶν
2660 3830 2789 3899 περὶ
2825 3830 3047 3899 ἀγάπης
3097 3826 3624 3898 νενομοθετημένων,
3652 3827 3712 3879 ἐν

2135 3916 2215 3983 οἷς
2244 3922 2516 3993 κρέμαται
2537 3922 2654 3985 ὅλος
2678 3923 2893 3991 όινόμος
2925 3922 3019 3975 καὶ
3047 3922 3095 3975 οἰ
3130 3922 3423 3992 προφῆται.

2211 4012 2470 4080 Ἄγωμεν
2487 4014 2574 4078 εἰς
2603 4010 2717 4079 τὴν
2763 4010 3055 4064 Ἰουδαίαν
3078 4010 3284 4063 πάλιν.

2206 4104 2388 4159 Εἰπὼν
2419 4104 2520 4173 μέν
2566 4121 2647 4157 τοι
2686 4104 2715 4154 6
2743 4104 2948 4173 Κύριος
2996 4102 3076 4168 τὸ,
3132 4120 3151 4153 ι
3198 4101 3366 4155 Πάλιν
3408 4099 3650 4170 ἄγωμεν,
3685 4119 3704 4151 ι

2136 4196 2281 4249 δοκεῖ
2324 4195 2703 4265 ὑπεμφαίνειν,
2741 4195 2823 4248 ὅτι
2851 4196 2913 4248 Εἰ
2948 4194 3041 4249 καὶ
3080 4191 3290 4260 ἀνάξιοί
3331 4193 3467 4244 είσιν
3517 4193 3711 4245 ἐκεῖνοι

2137 4288 2473 4357 εὐεργεσίας,
2510 4287 2646 4341 ἀλλὰ
2684 4286 2877 4358 καιροῦ
2919 4286 3211 4350 καλοῦντος
3234 4287 3327 4340 τοῦ
3359 4283 3714 4357 ἐμποιοῦντος
3788 4274 3799 4285 ’

2138 4380 2319 4439 αὐτοῖς
2364 4379 2652 4448 ὠφέλειαν,
2701 4380 3026 4449 ἀπέλθωμεν
3087 4378 3223 4450 πρὸς
3266 4379 3482 4442 αὐτούς.
3537 4381 3600 4433 Οἱ
3657 4379 3712 4433 δὲ

458 4465 655 4521 aﬁ‘eetu
684 4483 816 4537 erga
846 4483 969 4523 eum
1008 4470 1275 4537 impedire
1306 4470 1585 4533 videntur,
1642 4473 1947 4541 quinetiam
1980 4483 2035 4528 et

2141 4471 2378 4541 μαθηταὶ
2427 4470 2642 4524 δοκοῦσι
2685 4471 2771 4525 διά
2806 4470 2904 4542 τὴν
2947 4470 3168 4540 ἀγάπην
3203 4470 3304 4543 τὴν
3350 4471 3488 4542 πρὸς
3529 4471 3711 4538 αὐτὸν,

458 4565 520 4611 ut
567 4557 634 4612 de
679 4558 900 4613 homine
945 4560 1228 4630 cogitant,
1271 4560 1429 4629 quasi
1483 4575 1784 4617 occurrens
1826 4562 2032 4619 Judzeis

458 4647 766 4716 periculum
802 4648 1059 4703 aditurus
1091 4650 1194 4713 sit,
1225 4649 1442 4703 etiamsi
1487 4649 1659 4712 nolit,
1688 4652 1856 4722 678
1888 4652 2033 4707 ideo-

457 4752 564 4805 que
596 4736 876 4791 recordari
903 4737 1100 4805 jubent
1132 4736 1374 4790 furorem
1414 4743 1469 4790 et
1511 4737 1781 4792 insaniam
1818 4737 2033 4794 δυοπο-

458 4843 578 4881 rum
606 4827 659 4880 in
690 4844 771 4894 se,
797 4826 1198 4898 propemodum
1231 4826 1478 4881 dicentes
1504 4844 1518 4881 :
1548 4827 1690 4895 Quid
1721 4845 1914 4885 rursus
1945 4832 2030 4885 iu-

457 4928 543 4975 ter
573 4920 844 4975 -inﬁdeles
890 4928 944 4975 et
989 4920 1239 4989 ingratos
1282 4922 1495 4975 versari
1551 4923 1741 4990 cupis,
1789 4922 1882 4993 qui
1931 4938 2034 4980 nec

460 5011 679 5077 verbis,
713 5026 817 5066 nec
859 5011 1126 5080 operibus
1177 5011 1335 5065 leniri
1387 5013 1667 5082 possunt?
1714 5015 1806 5084 qui
1852 5015 2032 5072 adhuc

458 5103 671 5170 spirant
702 5102 907 5158 czedem
937 5115 1002 5155 ac
1034 5101 1358 5172 sanguinem
1391 5103 1680 5159 adversum
1716 5114 1797 5170 te,
1830 5108 2032 5177 quibus

457 5194 676 5249 animus
725 5194 879 5249 rabie
914 5200 1096 5278 tumet
1125 5207 1189 5249 ac
1221 5192 1673 5253 eﬁ‘ervescit.Vel
1712 5198 1819 5253 hoc
1863 5200 2032 5270 igitur

456 5287 684 5352 dicunt,
730 5286 816 5339 vel
848 5285 956 5338 hoc
988 5299 1183 5340 eorum
1228 5302 1414 5343 sermo
1444 5290 1748 5361 signiﬁcat,
1778 5290 1930 5361 ipsos
1961 5292 2031 5343 ab

454 5390 522 5431 eo
565 5376 690 5430 duci
724 5375 779 5427 in
824 5372 1178 5431 manifestum
1209 5379 1540 5447 periculum.
1574 5378 1781 5437 Tamen
1817 5396 2028 5437 morem

452 5478 653 5539 gerunt
687 5468 990 5536 magistro,
1026 5479 1285 5542 tanquam
1315 5473 1408 5543 qui
1446 5473 1683 5529 meliora
1715 5474 1882 5528 norit.

524 5557 617 5620 XI,
642 5557 696 5612 9.
740 5556 994 5628 Nunquid
1031 5561 1310 5618 duodecim
1336 5573 1459 5619 sunt
1487 5565 1633 5619 hora:
1666 5565 1812 5619 diei?
1846 5574 1951 5619 etc.

524 5666 689 5723 Forte
724 5681 1010 5753 comparat
1044 5675 1331 5734 hominum
1368 5684 1607 5734 mentem
1634 5674 1903 5733 novitatis
1931 5688 2027 5731 cu-

525 5797 570 5829 “
608 5797 753 5858 Psal.
790 5818 877 5869 ιχ,
912 5805 997 5867 18.

2140 4562 2368 4617 κωλύειν
2410 4564 2609 4629 αὐτὸν,
2661 4562 2798 4632 πλὴν
2836 4562 2910 4625 ὡς
2953 4560 3239 4631 ἄνθρωπον
3278 4559 3477 4614 οἴονται
3512 4561 3594 4613 ὅτι
3618 4559 3714 4614 καὶ

2138 4656 2286 4709 ἄκων
2317 4655 2650 4709 κινδυνεύσει
2690 4657 2802 4718 τοῖς
2843 4651 3115 4714 Ἰουδαίοις
3160 4650 3485 4722 περιτυχών·
3518 4652 3598 4705 διὸ
3619 4652 3714 4705 καὶ

2138 4747 2650 4817 ἀναμιμνήσκουσιν
2694 4745 2856 4797 αὑτὸν
2904 4743 3001 4813 τῆς
3062 4742 3331 4795 Ἰουδαίων
3367 4742 3506 4796 κατά
3551 4742 3712 4796 αὑτοῦ

2141 4836 2360 4906 μανίας,
2417 4836 2700 4906 μονονουχὶ
2738 4834 3008 4901 λέγοντες·
3050 4831 3116 4884 Τί
3162 4832 3324 4885 πάλιν
3359 4831 3541 4902 ζητεῖς
3578 4832 3716 4903 μετὰ

2138 4927 2247 4981 τῶν
2287 4927 2530 4981 ἀπειθῶν
2558 4924 2809 4995 γενέσθαι
2836 4925 2928 4977 καὶ
2957 4923 3264 4995 ἀχαρίστων
3300 4924 3408 4977 τῶν
3437 4924 3511 4994 μὴ
3537 4924 3717 4991 λόγοις

2144 5020 2278 5090 μηδὲ
2345 5018 2528 5089 ἔργοις
2586 5015 3039 5088 μαλασσομένων;
3097 5017 3148 5069 οἱ
3201 5016 3296 5069 καὶ
3357 5015 3437 5067 ἔτι
3514 5015 3715 5084 φονῶσι

2138 5110 2279 5162 κατά
2311 5108 2426 5172 σοῦ,
2461 5109 2556 5161 καὶ
2578 5107 2767 5172 ζέοντα
2796 5107 2886 5160 τὸν
2919 5106 3087 5178 θυμὸν
3114 5108 3343 5178 ἔχουσιν.
3379 5106 3449 5158 Ἦ
3477 5101 3570 5159 οὖν
3588 5106 3716 5159 τοῦ·

2137 5198 2199 5251 τό
2234 5215 2416 5267 φασιν,
2459 5198 2491 5268 ἢ
2531 5198 2691 5251 τοῦτο
2726 5198 2977 5268 σημαίνει
3018 5201 3049 5251 6
3082 5199 3238 5267 λόγος
3270 5197 3467 5251 αὐτῶν·
3504 5197 3587 5250 ὅτι
3636 5198 3717 5261 είς

2138 5289 2391 5360 προφανῆ
2419 5290 2663 5343 κίνδυνον
2683 5291 2882 5354 αὐτοὺς
2909 5292 3051 5359 ἄγει.
3076 5291 3262 5361 Ὅμως
3285 5289 3619 5343 ὑπακούουσι
3638 5289 3717 5359 τῷ
3786 5288 3789 5289 ⁷

2136 5380 2461 5450 διδασκάλῳ,
2489 5380 2563 5444 ὡς
2583 5379 2744 5434 εἰδότι
2782 5381 2842 5434 τὸ
2869 5381 3095 5452 βέλτιον.
3414 5383 3419 5387 ⁴

2205 5555 2355 5624 οὐχὶ
2386 5555 2613 5611 δώδεκα
2632 5552 2779 5626 ὧραί
2807 5562 2922 5613 εἰσι
2956 5557 3064 5624 τῆς
3083 5556 3336 5626 ἡμέρας
3360 5556 3451 5610 καὶ
3469 5558 3536 5611 τὰ
3564 5555 3711 5626 ἑξῆς.

2211 5667 2362 5739 Τάχα
2394 5669 2447 5724 δὲ
2483 5674 2546 5743 τῇ
2578 5672 2673 5745 τῆς
2718 5672 2929 5743 ἡμέρας
2965 5671 3256 5747 άεικινήτῳ
3292 5672 3430 5743 φορᾷ
3454 5666 3700 5741 παρεικάμ
