4104 6490
337 467 403 520 ιι
890 534 908 543 β
1199 465 1266 518 ΙΝ
1291 463 1632 520 JilANNEM.
1665 495 1735 507 -—-
1763 465 1890 520 LIB.
1931 465 2020 519 VII
2054 465 2140 519 ET
2168 464 2282 520 Vﬂl
2323 465 2774 522 FRAGMENTA.
3535 467 3606 524 4?.

339 587 424 649 ζει
466 584 563 656 τὴν
605 584 962 656 εὺπάροιστον
999 587 1092 639 καὶ
1135 587 1438 655 φιλόκαινον
1471 589 1580 642 τῶν
1617 587 1924 659 ἀνθρώπων

2051 587 2214 642 )idam
2246 602 2312 641 ac
2346 585 2643 653 mobilem,
2680 599 2898 655 semper
2933 583 3120 638 ﬂuenti
3155 583 3368 637 dierum
3400 585 3602 641 motui.

338 676 608 740 διάνοιαν,
663 676 763 746 τὴν
813 676 888 748 μὴ
939 677 1234 748 ἱσταμένην
1285 679 1379 732 ἐπὶ
1445 681 1576 750 μιᾶς
1623 678 1929 749 δοκήσεως,

335 768 484 824 ἀλλὰ
519 768 919 840 μεταπηδῶσαν
969 768 1078 822 ἀπὸ
1122 769 1318 840 ἑτέρας
1350 769 1576 840 γνώμης
1618 771 1698 830 είς
1745 767 1932 838 ἄλλην,

335 861 416 922 ὡς
477 861 574 912 καὶ
629 861 665 930 ἡ
712 859 894 929 ἡμέρα
942 859 1049 912 ἀπὸ
1109 859 1261 930 ὧρας
1307 861 1474 930 ἄλλης
1507 863 1586 923 εἰς
1630 859 1796 930 ἄλλην
1843 877 1938 930 με-

333 944 614 999 ταϐαίνει.
657 946 893 1017 Νοήσεις
939 947 995 1001 δὲ
1036 949 1132 1000 καὶ
1182 949 1356 1012 οὕτως
1383 949 1464 1014 τὸ,
1503 968 1522 999 ι
1558 949 1692 1019 Οὐχὶ
1729 949 1938 1003 δώδεκά

339 1025 490 1088 εἰσιν
547 1035 606 1088 αἱ
649 1027 792 1106 ὧραι
825 1036 923 1106 τῆς
955 1037 1202 1108 ἡμέραςς
1244 1057 1263 1088 ι
1311 1038 1455 1090 τοῦτ’
1513 1039 1683 1101 ἐστιν,
1726 1038 1938 1110 Ἡμέρα

337 1129 462 1198 είμὶ
494 1127 590 1180 καὶ
640 1128 777 1197 φῶς.
825 1130 1036 1200 Ὥσπερ
1091 1125 1182 1183 οὖν
1211 1131 1313 1183 οὐκ
1361 1130 1428 1183 ἂν
1487 1130 1811 1201 καταλήξειε
1837 1132 1939 1200 τῆς

335 1218 559 1290 ἡμέρας
572 1220 632 1272 τὸ
649 1218 787 1288 φώς,
814 1222 888 1291 μὴ
909 1221 1030 1290 οὐχὶ
1047 1221 1136 1275 τὸν
1172 1222 1507 1292 τεταγμένον
1531 1223 1750 1292 ἀποπλη
1761 1222 1940 1292 ρῶσαν

336 1311 572 1381 καιρόν·
618 1310 791 1376 οὕτως
832 1313 930 1364 οὐκ
963 1314 1076 1366 ἔστι
1111 1312 1217 1365 τῶν
1263 1313 1651 1384 ἐνδεχομένων,
1687 1314 1778 1366 τὸν
1808 1293 1941 1384 παρ’

263 1434 276 1442 -
336 1403 482 1474 ἐμοῦ
545 1403 929 1457 συστέλλεσθαι
977 1405 1259 1475 φωτισμὸν
1305 1406 1414 1460 ἀπὸ
1463 1405 1570 1459 τῶν
1638 1405 1940 1470 Ἰουδαίων,

341 1497 424 1567 μὴ
471 1498 554 1562 εἰς
599 1496 659 1550 τὸ
705 1497 918 1567 πρέπον
960 1499 1058 1568 τῆς
1110 1498 1520 1570 φιλανθρωπίας
1577 1499 1944 1572 προελθούσης

343 1588 570 1660 μέτρον,
623 1588 868 1660 Ἰιμέραν
899 1590 954 1642 δὲ
991 1590 1140 1657 λέγει
1167 1591 1258 1644 τὸν
1279 1593 1378 1662 τῆς
1401 1592 1706 1663 παρουσίας
1730 1591 1942 1662 καιρὸν,

337 1677 520 1730 νύκτα
545 1678 620 1742 δὲ,
653 1679 744 1730 τὸν
782 1677 888 1748 πρὸ
923 1677 1148 1749 ταύτης·
1178 1679 1252 1742 ὡς
1296 1683 1390 1734 καὶ
1423 1682 1554 1735 ὅταν
1598 1680 1754 1752 λέγῃο
1793 1701 1812 1733 ι
1854 1675 1948 1732 Δεῖ

337 1771 678 1843 ἐργάζεσθαι
718 1772 786 1825 τὰ
817 1771 956 1842 ἔργα
983 1773 1078 1825 τοῦ
1129 1773 1445 1842 πέμψαντός
1487 1791 1578 1844 με,
1621 1774 1723 1836 ἕως
1766 1772 1948 1844 ἡμέρα

337 1863 485 1915 ἐστί.
541 1881 560 1913 ι
599 1862 770 1916 Τοῦτο
814 1859 907 1917 οὖν
947 1862 1180 1918 ἐνταῦθά
1222 1882 1376 1936 φησι,
1417 1866 1504 1918 ὅτι
1542 1867 1654 1918 Οὐκ
1693 1865 1806 1918 ἐστι
1852 1863 1948 1918 νῦν

2034 693 2316 748 nunquam
2349 677 2578 732 tirmiter
2613 679 2670 732 in
2702 691 2810 731 una
2861 675 3127 748 opinione
3173 675 3568 730 consistentem
3591 718 3606 740 ,

2037 770 2133 825 sed
2177 771 2248 825 ab
2278 785 2386 824 una
2420 771 2476 824 in
2507 770 2670 823 aliam
2697 769 3028 824 sententiam
3059 766 3362 822 desultoria
3393 767 3610 822 levitate

2037 867 2417 914 transeuntem
2441 898 2456 923 ,
2488 857 2950 927 quemadmodum
2979 856 3099 912 dies
3140 857 3209 911 ab
3252 870 3360 910 una
3389 856 3528 910 hora
3555 857 3611 910 in

2039 951 2205 1004 aliam
2233 949 2456 1005 transit.
2487 947 2705 1004 Poteris
2734 949 2903 1004 etiam
2941 949 3027 1003 sic
3065 949 3418 1018 interpretari
3471 948 3612 1011 hoc,

2045 1058 2065 1092 ι
2122 1039 2397 1111 Numquid
2431 1039 2717 1096 duodecim
2767 1042 2904 1095 sunt:
2945 1041 3095 1094 hora:
3126 1040 3276 1094 diei?
3319 1059 3338 1093 ι
3369 1040 3611 1104 scilicet,

2040 1129 2160 1186 dies
2191 1147 2292 1202 ego
2324 1148 2447 1186 sum
2481 1141 2533 1186 et
2565 1132 2678 1186 lux.
2717 1129 2874 1184 Sicut
2905 1130 3072 1200 igitur
3105 1132 3199 1185 lux
3240 1130 3350 1186 diei
3383 1145 3491 1184 non
3525 1131 3616 1185 dc-

2045 1223 2224 1288 liciet,
2251 1224 2359 1278 nisi
2397 1223 2554 1292 prius
2583 1222 2949 1276 constitutum
3001 1230 3218 1292 tempus
3265 1222 3612 1292 impleverit:

2045 1317 2119 1370 ita
2150 1331 2265 1371 non
2289 1324 2378 1370 est
2407 1317 2460 1369 in
2475 1313 2930 1384 contingentibus
2950 1321 3010 1367 ut
3038 1329 3217 1369 meum
3247 1316 3433 1369 lumen
3467 1328 3497 1367 a
3527 1311 3617 1369 Ju-

2043 1409 2176 1463 daeis
2211 1409 2438 1463 tollatur
2467 1416 2522 1462 et
2555 1409 2909 1484 obscuretur,
2959 1406 3280 1474 priusquam
3315 1405 3381 1460 ad
3421 1420 3614 1461 conve-

2046 1501 2291 1555 nientem
2321 1515 2389 1555 ac
2419 1501 2668 1555 debitum
2714 1498 3076 1554 humanitatis
3117 1495 3339 1550 modum
3379 1497 3612 1552 devene-

2048 1592 2138 1647 rit.
2185 1590 2362 1646 Porro
2395 1591 2540 1646 diem
2570 1590 2707 1644 dicit
2756 1598 2972 1658 tempus
3025 1589 3112 1643 sui
3160 1585 3466 1652 adventus,
3519 1601 3620 1640 no-

2048 1694 2192 1739 ctem
2248 1699 2379 1740 vero
2407 1701 2527 1756 qua:
2561 1683 2716 1737 illum
2751 1680 3050 1752 praecedit,
3094 1681 3240 1734 velut
3283 1694 3407 1733 cum
3453 1680 3618 1733 etiam

2049 1779 2226 1833 dicit:
2261 1796 2279 1828 ι
2310 1775 2518 1831 Facere
2547 1783 2766 1846 oportet
2804 1789 2968 1843 opera
3009 1773 3130 1842 ejus
3171 1771 3267 1841 qui
3315 1770 3465 1826 misit
3497 1785 3616 1835 me,

2052 1875 2179 1928 dum
2210 1873 2330 1928 dies
2359 1881 2448 1928 est
2471 1873 2538 1926 ³⁸.
2569 1890 2585 1923 ι
2611 1869 2727 1925 lloc
2755 1869 2924 1940 igitur
2951 1868 3073 1921 loco
3105 1866 3158 1920 id
3189 1865 3355 1920 dicit:
3389 1863 3508 1918 Non
3535 1873 3623 1920 est

335 1956 542 2025 καιρὸς
559 1958 856 2028 ἁποσχίσαι
885 1959 1124 2028 ἐμαυτὸν
1148 1959 1259 2011 τῶν
1294 1958 1584 2022 Ἰουδαίων,
1607 1959 1710 2012 κᾶν
1736 1959 1942 2012 ἀνόσιοι

2051 1983 2195 2023 nunc
2218 1976 2433 2036 tempus
2456 1974 2515 2020 ut
2545 1963 2861 2019 abstraham
2882 1975 2968 2016 me
2999 1957 3285 2034 a/Judaais,
3309 1957 3438 2012 licet
3468 1957 3620 2025 impii

337 2041 501 2110 ὦσιν,
541 2047 678 2101 ἀλλὰ
709 2049 891 2102 πάντα
925 2052 1102 2102 ποιεῖν
1135 2051 1203 2103 τὰ
1239 2051 1375 2120 πρὸς
1409 2051 1710 2122 θεραπείαν
1739 2049 1942 2104 αὐτῶν.

339 2140 421 2192 03
449 2139 563 2210 γὰρ
582 2141 664 2192 δεῖ
695 2139 894 2204 αὐτοὺς
933 2139 1026 2194 νῦν
1062 2141 1406 2206 κολάζεσθαι,
1433 2142 1828 2212 ἀποχωρούσης
1850 2127 1946 2194 ἀπ’

337 2230 529 2283 αὐτῶν
560 2231 658 2302 τῆς
683 2230 835 2294 θείας
867 2232 1090 2302 χάριτος
1121 2233 1272 2302 ἡλίου
1315 2235 1492 2303 δίκηνο
1525 2231 1640 2284 ἀλλ’
1673 2231 1862 2302 ὥσπερ
1885 2231 1947 2284 τὸ

338 2319 466 2388 φῶς
501 2319 606 2390 τῆς
643 2320 856 2391 ἡμέρας
906 2323 1006 2374 οὐκ
1051 2323 1314 2388 ἐκλείπει,
1359 2325 1408 2376 εί
1463 2322 1538 2394 μὴ
1581 2321 1843 2394 πληρωθῇ
1883 2321 1945 2374 τὺ

335 2407 726 2480 δωδεκάωρον·
779 2408 954 2474 οὕτως
1007 2411 1129 2465 οὐδὲ
1184 2414 1212 2465 6
1263 2413 1393 2483 παρ’
1427 2412 1562 2483 ἐμοῦ
1601 2411 1945 2464 συστέλλεται

336 2503 632 2572 φωτισμδς
666 2503 774 2574 πρὸ
795 2503 1011 2574 καιροῦ,
1060 2503 1197 2558 ἀλλὰ
1235 2505 1397 2576 μέχρι
1430 2504 1524 2558 τοῦ
1565 2505 1946 2576 σταυρωθῆναι

341 2594 501 2664 μενῶ
566 2595 706 2664 μετὰ
744 2594 855 2647 τῶν
922 2595 1213 2662 Ἰουδαίων,
1267 2597 1432 2660 ἐνιεὶς
1492 2597 1675 2660 αὐτοῖς
1719 2596 1793 2660 ὡς
1831 2594 1945 2663 φῶς

337 2685 448 2754 τῆς
483 2683 817 2752 θεογνωσίας
859 2687 958 2756 τὴν
1009 2686 1240 2741 σύνεσιν.
1280 2687 1496 2758 Ἐπειδὴ
1538 2688 1646 2761 γὰρ
1703 2686 1946 2741 Ἰουδαῖοι

342 2776 406 2828 ὲν
443 2775 630 2828 σκότει
681 2775 834 2840 δντες
874 2777 1152 2840 ἀπιστίας,
1191 2777 1630 2849 προσκόπτουσιν
1686 2777 1772 2829 ἐπ’
1821 2777 1946 2849 ἐμοὶ

339 2867 422 2929 ὥς
461 2855 636 2938 λίθῳ,
659 2867 740 2920 δεῖ
759 2868 1016 2922 ἀπελθεῖν
1048 2869 1186 2938 πρὸς
1221 2871 1417 2933 αὐτοὺς
1451 2871 1546 2924 καὶ
1587 2868 1818 2938 φωτίσαι
1850 2869 1949 2924 αὖ·

341 2957 498 3019 τοὺς,
524 2957 615 3010 ἵνα
637 2958 956 3012 παύσωνται
973 2959 1072 3029 τῆς
1103 2958 1373 3029 θεομάχου
1403 2959 1621 3028 μανίας.
1656 2959 1727 3010 Ἢ
1747 2957 1943 3022 οὕτως’

356 3047 590 3120 Ἐπειδὴ
621 3049 673 3100 oi
726 3048 968 3120 μαθηταὶ
1020 3051 1256 3104 ἐκώλυον
1288 3050 1380 3103 τὸν
1402 3051 1636 3120 Χριστὸν
1673 3047 1945 3102 συνελθεῖν

343 3143 461 3204 τοῖς
503 3140 806 3207 Ἰουδαίοις,
825 3141 888 3194 οὐ
915 3143 984 3194 δι’
1018 3142 1264 3205 ἑαυτοὺς,
1292 3141 1428 3195 ἀλλὰ
1447 3140 1534 3194 διὰ
1561 3141 1660 3212 τὴν
1685 3141 1820 3210 πρὸς
1851 3141 1918 3194 αὖ

2049 2063 2178 2126 sint,
2213 2061 2308 2118 sed
2341 2069 2400 2116 ut
2432 2059 2499 2114 ad
2521 2059 2860 2113 curationem
2895 2069 3086 2111 eorum
3119 2053 3256 2106 nihil
3290 2052 3620 2106 intentatum

2051 2152 2384 2222 relinquam.
2416 2150 2534 2206 Non
2567 2150 2709 2206 enim
2735 2155 2951 2218 oportet
2979 2161 3076 2201 eos
3102 2159 3252 2199 nunc
3277 2143 3539 2214 castigari
3567 2151 3624 2198 et

2047 2243 2268 2313 puniri,
2302 2241 2594 2297 recedente
2613 2280 2629 2306 ,
2657 2241 2808 2296 velut
2843 2239 2980 2303 sole,
3015 2237 3084 2292 ab
3107 2237 3187 2292 eis
3213 2235 3398 2291 divina
3421 2236 3622 2306 gratia,

2048 2335 2142 2391 sed
2176 2332 2638 2404 quemadmodum
2686 2331 2874 2386 lumen
2921 2328 3032 2384 diei
3087 2343 3196 2382 non
3243 2325 3465 2392 deﬁcit,
3515 2326 3624 2381 nisi

2047 2426 2338 2483 duodecim
2370 2425 2630 2478 horarum
2667 2421 2918 2477 confecto
2950 2420 3148 2489 spatio,
3178 2417 3260 2474 sic
3290 2431 3468 2486 neque
3498 2427 3624 2472 ante

2048 2525 2265 2588 tempus
2311 2533 2430 2572 mea
2482 2514 2832 2572 contrahitur
2881 2510 3250 2574 illuminatio,
3299 2510 3408 2564 imo
3451 2525 3626 2580 usque

2047 2610 2116 2664 ad
2145 2624 2366 2665 crucem
2396 2607 2630 2662 manebo
2649 2621 2773 2661 cum
2795 2602 3333 2666 Judaaistmittens
3350 2599 3432 2655 eis
3453 2600 3623 2654 veluti

2047 2703 2235 2758 lumen
2267 2700 2363 2756 Dei
2397 2699 2733 2771 cognitionis
2764 2693 3213 2764 intelligentiam.
3262 2690 3626 2761 Quandoqui-

2048 2791 2172 2848 dem
2201 2791 2348 2847 enim
2377 2787 2570 2860 Judaei,
2605 2789 2660 2842 in
2701 2784 3042 2840 inﬁdelitatis
3059 2781 3306 2836 tenebris
3334 2787 3584 2842 errantes
3605 2821 3620 2843 ,

2050 2879 2105 2932 in
2148 2892 2235 2932 mc
2278 2885 2338 2932 ut
2379 2877 2447 2931 ad
2492 2875 2730 2944 lapidem
2776 2872 3094 2936 oll‘endunt,
3137 2871 3507 2932 cundumest
3555 2871 3624 2924 ad

2049 2969 2176 3024 illos
2205 2976 2262 3022 ut
2291 2969 2698 3033 illuminentur,
2727 2977 2782 3020 et
2807 2965 3062 3019 desinant
3090 2963 3146 3018 in
3175 2961 3344 3018 Deum
3377 2977 3625 3032 pugnare

2047 3074 2112 3114 ac
2143 3059 2358 3128 furere;
2381 3059 2470 3114 vel
2499 3059 2605 3112 hoc
2634 3057 2798 3110 modo
2826 3075 2840 3110 :
2875 3054 3334 3124 Quandoquidem
3366 3054 3626 3124 discipuli

2047 3149 2328 3204 Christum
2359 3147 2620 3202 accedere
2653 3145 2718 3200 ad
2748 3144 2966 3200 Judaeos
3010 3143 3307 3206 vetabant,
3351 3157 3462 3197 non
3504 3159 3628 3212 prov

343 3237 442 3290 τὸν
501 3237 668 3305 δῆθεν
723 3233 923 3304 φειδὼ,
975 3235 1390 3307 παραθαρρύνει
1451 3235 1650 3297 αὐτοὺς
1711 3234 1798 3287 διὰ
1842 3233 1945 3303 τῆς

2051 3251 2171 3310 pter
2201 3240 2414 3310 seipsos
2435 3281 2451 3306 ,
2501 3239 2598 3294 sed
2629 3236 2778 3308 quod
2809 3237 2928 3306 ejus
2961 3236 3154 3306 utique
3205 3235 3372 3290 saluti
3424 3245 3628 3290 metue-

346 3327 700 3398 ⁸παραϐολῆς,
757 3328 839 3380 ὅτι
905 3327 1162 3380 οὐδέποτε
1213 3324 1460 3378 πείσεταί
1503 3341 1558 3378 τι
1603 3325 1713 3379 τῶν
1787 3321 1946 3377 ἀϐου-

345 3423 553 3491 λήτων.
609 3420 670 3472 Εἰ
709 3420 818 3490 γὰρ
850 3421 879 3473 6
931 3421 990 3472 ἐν
1027 3418 1210 3488 ἡμέρᾳ
1256 3416 1595 3489 περιπατῶν,
1621 3416 1682 3469 οὐ
1713 3415 1950 3486 προσκό-

347 3528 507 3575 πτει,
551 3511 672 3575 πῶς
714 3513 742 3564 6
783 3512 918 3564 πᾶσι
958 3509 1018 3563 τὸ
1051 3507 1168 3578 φῶς
1219 3509 1402 3571 ἐνιεὶς,
1451 3507 1713 3578 ὑπομένοι
1745 3525 1798 3560 τι
1837 3507 1947 3559 τῶν

347 3603 644 3673 λυπηρῶν,
697 3604 877 3668 dimov;
931 3603 1002 3655 "H
1067 3602 1211 3664 1:66;-
1241 3603 1293 3676 ὁ,
1329 3602 1494 3654 πᾶσιν
1549 3599 1948 3654 ἀποκαλύπτων

344 3699 480 3760 τοὺς
514 3694 938 3765 κεκρυμμένους
971 3693 1077 3746 τῶν
1108 3691 1359 3762 πονηρῶν
1389 3678 1634 3761 βόθρους,
1670 3690 1949 3761 ὀλισθήσει

348 3789 410 3838 ἐν
439 3788 632 3848 αὐτοῖς
675 3786 750 3856 μὴ
770 3784 962 3850 είδώς;
999 3784 1070 3836 Ἣ
1096 3784 1158 3838 οὐ
1201 3783 1328 3854 περὶ
1355 3781 1546 3836 ἑαυτοῦ
1591 3781 1750 3835 τοῦτο
1777 3781 1945 3850 λέγει,

347 3879 494 3931 ἀλλὰ
523 3878 654 3948 περὶ
690 3877 801 3928 τῶν
833 3875 1114 3946 μαθητῶν,
1157 3875 1240 3928 δτι
1267 3875 1420 3928 οὐδὲν
1463 3875 1746 3928 πείσονται
1773 3874 1948 3928 δεινὸν

350 3969 616 4032 συνόντες
641 3967 721 4037 τῷ
742 3967 924 4020 πάντα
976 3965 1287 4034 φωτίζοντι,
1337 3966 1432 4020 καὶ
1473 3967 1534 4020 οὐ
1568 3965 1726 4036 μόνον
1763 3965 1946 4028 εἰδότι,

348 4063 496 4117 ἀλλὰ
553 4061 651 4114 καὶ
697 4060 908 4131 ἑτέροις
951 4044 1392 4113 ἀποκαλύπτοντι
1423 4059 1524 4121 τὰς
1565 4059 1952 4128 κεκρυμμένας

352 4153 560 4226 βουλὰς
591 4152 703 4206 τῶν
735 4151 1009 4222 πονηρῶνο
1040 4151 1121 4206 διὸ
1145 4151 1426 4222 προλέγων
1461 4151 1644 4214 αὐτοῖς
1675 4149 1732 4204 ἕν
1755 4151 1952 4203 τισιτὰ

351 4247 600 4316 ἐσόμενα
639 4245 736 4298 καὶ
772 4241 1170 4312 καταφωτίζων
1205 4244 1426 4306 αὐτοὺς.
1476 4242 1577 4295 οὐκ
1613 4243 1680 4313 te
1728 4242 1950 4314 περιπί-

351 4353 518 4391 πτειν
551 4333 868 4394 σκανδάλοις
899 4333 958 4385 ἐν
987 4333 1098 4394 τοῖς
1121 4328 1576 4401 συμϐησομένας.

429 4575 703 4647 Λάζὶιρος
723 4579 758 4630 ὁ
794 4575 973 4644 φίλος
1005 4569 1174 4642 ἡμῶν
1201 4571 1568 4640 κεκοίμηται.

443 4692 758 4760 Ἀξιόλογος
810 4690 1081 4760 πρόφασις
1129 4687 1276 4740 ἕλκει
1340 4702 1409 4754 με
1477 4685 1557 4748 είς
1597 4679 1956 4754 Ἰερουσαλὴμ

356 4786 447 4860 (τὸ
482 4783 620 4855 γὰρ,
666 4800 686 4834 ι
752 4783 812 4836 '0
845 4782 998 4851 φίλος
1036 4779 1193 4852 ἡμῶν
1235 4777 1581 4848 κεκοίμηται,
1616 4793 1634 4827 ι
1669 4773 1830 4828 τοῦτο
1865 4789 1957 4843 ση-

359 4879 599 4953 μαίνειὶ,
640 4876 736 4929 καί
760 4873 855 4928 ἐὰν
887 4872 1221 4944 περιίδωμεν
1249 4869 1459 4929 τοῦτον,
1483 4867 1956 4936 ἁφιλοικτίρμονος

354 4972 725 5044 λαμϐάνομεν
763 4967 941 5033 δόξας.
987 4964 1078 5017 Διὸ
1121 4961 1490 5017 δυσωπεῖσθαι
1537 4960 1641 5032 χρὴ
1684 4960 1832 5030 ἡμᾶς
1864 4957 1958 5010 ἐπὶ

354 5065 570 5135 τούτῳ,
621 5061 718 5114 καὶ
771 5059 1000 5129 δραμεῖν
1045 5055 1139 5108 ἐπὶ
1165 5053 1264 5125 τὴν
1317 5053 1426 5108 τοῦ
1451 5053 1606 5122 φίλου
1661 5051 1956 5123 σωτηρίαν,

358 5149 762 5224 ὑπερορῶντας
799 5147 910 5202 τῶν
955 5143 1262 5200 Ἰουδαϊκῶν
1295 5143 1618 5197 ἐπιϐουλῶν.
1648 5141 1873 5204 Δεικνὺς
1901 5139 1958 5192 δὲ

353 5244 535 5302 αὑτοῦ
569 5243 672 5313 τὴν
705 5237 989 5312 θεοπρεπῆ
1033 5237 1280 5308 δύναμιν»
1321 5235 1488 5306 ὕπνον
1531 5233 1688 5288 καλεῖ
1724 5233 1824 5302 τῆς
1863 5233 1959 5286 ἀν·

357 5336 656 5411 θρωπίνης
686 5331 866 5401 ψυχῆς
909 5329 1009 5401 τὴν
1060 5329 1169 5381 ἀπὸ
1211 5327 1306 5380 τοῦ
1349 5327 1596 5396 σώματος
1627 5324 1822 5388 ἔξοδον·
1871 5322 1960 5376 θά-

355 5444 530 5483 νατον
556 5423 670 5494 γὰρ
701 5421 801 5474 οὐκ
829 5419 1061 5489 ἠξίωσεν
1090 5419 1264 5470 εἰπεῖν
1286 5418 1314 5468 ό
1354 5416 1543 5478 κτίσας
1573 5415 1664 5467 ἐπὶ
1686 5412 1962 5483 ἀφθαρσίᾳ

355 5519 457 5573 τὸν
487 5515 808 5585 ἄνθρωπον,
843 5510 986 5564 κατὰ
1011 5505 1502 5585 τὸᾉγεγραμμένον,
1530 5506 1624 5558 καὶ
1658 5501 1961 5574 σωτηρίους

358 5606 660 5670 ἀναδείξας
707 5602 805 5665 τὰς
836 5601 1078 5671 γενέσεις
1119 5597 1215 5651 τοῦ
1257 5597 1485 5666 κόσμου.
1521 5596 1666 5666 Πλήν
1712 5599 1826 5648 ἐστι
1865 5593 1960 5646 καὶ

356 5698 577 5771 ἀληθὴς
596 5696 625 5747 6
651 5693 833 5760 λόγος·
859 5690 1026 5752 ὕπνος
1052 5689 1160 5760 γὰρ
1182 5688 1350 5750 ὅντως
1374 5686 1526 5757 παρὰ
1548 5685 1785 5755 (aequitati
1837 5683 1958 5736 ἓτε-

997 5871 1042 5902 “
1083 5871 1212 5941 Sap.
1251 5885 1306 5931 ι,
1343 5864 1532 5919 15-16.

1267 5957 1369 6016 LX
1385 5953 1544 6015 XIV.

437 5877 488 5910 ⁸⁸
529 5874 703 5931 Joan.
739 5888 828 5938 Ix,
863 5869 917 5924 4.

719 5964 1003 6022 Pauor.
1050 5960 1167 6020 Gn.

2051 3341 2214 3396 rent,
2266 3329 2556 3386 coullrmat
2603 3345 2700 3384 eos
2750 3343 2848 3398 per
2901 3326 3255 3398 parabolam,
3288 3325 3436 3396 quod
3491 3325 3630 3380 nihil

2054 3439 2285 3492 usquam
2319 3429 2520 3492 praeter
2563 3419 2899 3474 voluntatem
2935 3433 3205 3488 passurus
3235 3416 3330 3470 sit.
3392 3415 3451 3470 Si
3481 3416 3628 3472 enim

2050 3517 2143 3585 qui
2177 3515 2424 3570 ambulat
2456 3514 2511 3568 in
2537 3513 2630 3568 die
2657 3529 2766 3567 non
2797 3511 3024 3567 oﬂ'endit
3047 3555 3060 3577 ,
3087 3510 3366 3581 quomodo
3396 3511 3489 3579 qui
3519 3525 3632 3564 om-

2051 3607 2214 3658 nibus
2239 3605 2420 3657 lumen
2447 3603 2691 3656 immittit
2711 3642 2726 3665 ,
2757 3608 3044 3671 pateretur
3071 3599 3276 3669 aliquid
3335 3598 3630 3654 molestum

2051 3695 2308 3750 inwtus‘!
2343 3697 2451 3748 Aut
2478 3695 2759 3766 quomodo
2790 3695 2882 3764 qui
2916 3693 3176 3747 omnibus
3209 3692 3417 3746 revelat
3450 3691 3631 3745 occul-

2049 3797 2136 3844 tas
2174 3787 2442 3842 malorum
2490 3787 2702 3850 foveas,
2733 3786 3054 3856 imprudens
3083 3784 3138 3839 in
3171 3799 3265 3840 eas
3297 3783 3504 3839 cadet?
3529 3781 3627 3838 Vel

2051 3895 2165 3932 non
2199 3877 2266 3932 de
2295 3877 2479 3948 seipse
2512 3879 2616 3932 hoc
2645 3877 2810 3940 dicit,
2857 3876 2952 3932 sed
2999 3875 3068 3929 de
3111 3873 3405 3943 discipulis
3427 3913 3442 3937 ,
3492 3874 3626 3928 nihil

2051 3986 2148 4026 eos
2201 3971 2458 4026 acerbum
2536 3982 2838 4038 passuros,
2891 3965 3060 4036 679
3102 3963 3346 4034 quandiu
3375 3978 3500 4017 cum
3532 3963 3629 4017 illo

2053 4067 2246 4122 erunt,
2281 4060 2374 4128 qui
2431 4058 2617 4112 omnia
2674 4055 2982 4120 illuminat,
3035 4054 3244 4124 quique
3290 4069 3399 4108 non
3452 4053 3630 4109 solum

2054 4153 2160 4207 scit
2182 4191 2194 4214 ,
2227 4149 2323 4204 sed
2359 4149 2486 4204 aliis
2515 4149 2682 4202 etiam
2716 4147 2914 4216 retegit
2955 4147 3171 4202 occulta
3203 4145 3474 4198 malorum
3507 4159 3634 4198 cou-

2057 4243 2214 4304 silia,
2245 4241 2479 4310 ideoque
2510 4237 2820 4309 praedicens
2863 4237 2946 4292 eis
2977 4237 3032 4290 in
3064 4235 3394 4306 quibusdam
3444 4234 3633 4288 futura

2053 4311 2112 4388 et
2141 4331 2460 4386 illuminans
2487 4343 2619 4396 eos,
2653 4342 2764 4382 non
2796 4327 2927 4382 sinit
2958 4327 3256 4397 impingere
3285 4325 3338 4379 in
3371 4323 3634 4380 scandala

2057 4425 2112 4478 in
2145 4424 2212 4478 iis
2249 4437 2372 4492 quae
2406 4417 2674 4476 eventura
2703 4428 2853 4472 sunt.
2900 4461 2901 4464 η

2131 4551 2230 4618 XI,
2261 4552 2348 4606 Η.
2383 4552 2623 4607 Lazarus
2653 4551 2853 4604 amicus
2887 4559 3062 4604 noster
3084 4553 3302 4602 dormit.

2132 4666 2328 4723 Gravis
2359 4663 2579 4718 occasio
2605 4662 2773 4716 trahit
2819 4675 2906 4714 mc
2945 4659 3288 4724 Jerusalem,
3337 4657 3442 4712 hoc
3487 4657 3635 4718 enim

2063 4759 2340 4830 significat
2370 4756 2500 4810 illud
2533 4773 2544 4808 :
2585 4774 2604 4804 ι
2639 4754 2863 4807 Amicus
2909 4759 3096 4806 noster
3140 4750 3385 4817 dormit;
3423 4768 3442 4801 ι
3479 4765 3546 4804 ac
3587 4749 3634 4804 si

2061 4868 2187 4908 eum
2216 4851 2541 4922 neglexero.
2570 4847 2705 4901 mihi
2737 4845 2926 4916 Opinio
2953 4842 3404 4898 immisericordis
3429 4851 3484 4898 et
3511 4843 3636 4898 duri

2063 4943 2347 4999 subeunda
2395 4949 2504 4996 est.
2557 4938 2738 5006 Quare
2787 4936 2996 5006 pudere
3045 4950 3146 4990 nos
3197 4941 3448 5010 oportet,
3483 4941 3540 4990 et
3570 4935 3636 4989 ad

2065 5036 2232 5104 amici
2278 5035 2516 5089 salutem
2566 5030 2893 5092 convolare,
2939 5027 3270 5097 contemptis
3319 5025 3634 5080 Juda‘orum

2065 5109 2315 5184 insidiis.
2337 5125 2610 5182 Caeterum
2644 5123 2945 5179 ostendens
2979 5135 3279 5192 congruam
3313 5119 3422 5174 Deo
3454 5126 3641 5189 poten-
3677 5156 3687 5165 .

2067 5220 2196 5274 tiam
2226 5233 2290 5273 ac
2315 5219 2486 5280 vires,
2519 5217 2772 5270 humanae
2803 5213 2999 5268 animae
3031 5228 3062 5266 a
3093 5227 3326 5283 corpore
3355 5225 3637 5267 secessum

2067 5325 2321 5368 somnum
2350 5315 2508 5364 vocat
2532 5325 2548 5364 :
2585 5322 2763 5376 neque
2793 5305 2938 5360 enim
2973 5313 3206 5359 mortem
3235 5316 3438 5357 vocare
3467 5299 3639 5354 voluit

2066 5405 2157 5476 qui
2183 5403 2386 5460 creavit
2406 5401 2679 5456 hominem
2703 5399 2768 5453 ad
2791 5397 3258 5452 immortalitatem
3278 5435 3292 5459 ,
3309 5393 3468 5462 juxta
3493 5388 3643 5442 Scri-

2069 5507 2262 5568 pturas
2293 5495 2360 5559 ³⁶,
2399 5502 2454 5549 et
2483 5491 2872 5564 generationes
2902 5487 3092 5542 mundi
3128 5485 3193 5539 ad
3228 5485 3458 5539 salutem
3489 5481 3638 5536 fecit.

2070 5587 2467 5644 Verumtamen
2500 5586 2662 5638 etiam
2701 5595 2861 5638 verus
2896 5588 2980 5634 est
3015 5591 3228 5639 sermo,
3285 5581 3339 5627 et
3391 5587 3517 5626 vere
3557 5579 3642 5626 est

2067 5695 2296 5737 somnus
2329 5675 2472 5750 apud
2506 5675 2672 5732 Deum
2745 5671 2990 5739 nihilque
3018 5663 3166 5720 aliud
3195 5673 3281 5720 est
3313 5671 3640 5733 temporaria

3297 5929 3332 5990 ‘2
