4104 6422
473 441 551 497 45
1333 437 1397 491 IN
1427 436 1768 493 JOANNEM.
1794 436 1996 492 -——'I..IB.
2040 436 2129 493 VII
2168 437 2255 492 ET
2301 435 2414 490 Vlll
2460 436 2905 491 FRAGMENTA.
3684 443 3755 498 48

472 558 661 627 φόϐος·
690 556 887 627 ἔχομεν
920 557 1028 627 γὰρ
1055 556 1148 609 τὸν
1176 555 1474 625 δυνάμενον
1506 556 1805 624 ἀναστῆσαι
1838 554 1975 624 μετὰ
2001 554 2055 607 τὸ

2166 554 2301 606 citat
2353 563 2651 619 mortuum,
2679 554 2994 623 superﬂuus
3019 563 3101 609 est
3125 554 3582 620 timor,habcmus
3605 558 3752 615 enim

475 666 688 703 πεσειν.

544 735 669 792 Ἦν
686 737 756 791 δὲ
782 739 819 806 ἡ
846 738 1113 803 Βηθανία
1132 736 1311 806 ἐγγὺς
1341 734 1460 790 τῶν
1494 736 1924 805 Ἰεροσολύμων
1941 734 2060 789 ἀπὸ

469 829 742 884 σταδίων
763 828 1114 886 δεκαπέντε.

546 920 650 974 Διὰ
678 920 836 973 τοῦτο
869 922 963 972 καὶ
994 919 1056 972 τὸ
1097 918 1373 989 διάστημα
1404 918 1550 987 λέγει
1577 918 1683 971 τῶν
1708 917 1927 988 ἡμερῶν
1955 918 2062 971 τῶν

470 1013 617 1083 μετὰ
645 1013 737 1066 τὸν
765 1013 992 1067 θάνατον
1028 1013 1302 1082 Λαζάρου,
1341 1013 1426 1065 ἵνα
1457 1014 1550 1066 ἐπὶ
1578 1012 1737 1065 πλέον
1770 1012 2060 1084 θαυμασθῇ

464 1106 534 1158 τὸ
576 1103 783 1175 θαῦμα,
821 1106 916 1156 καὶ
967 1105 1040 1175 μή
1103 1122 1189 1167 τις
1235 1103 1366 1174 εἴπῃ
1401 1105 1582 1175 τυχὸν,
1634 1105 1715 1158 ὅτι
1755 1105 1892 1174 μετὰ
1934 1104 2060 1173 μίαν

467 1196 689 1267 ἡμέραν
718 1195 986 1267 ἐληλύθει,
1045 1197 1139 1250 καὶ
1167 1197 1267 1250 οὐκ
1294 1193 1361 1267 ἦν
1405 1195 1656 1262 τεθνεὼς,
1703 1196 1837 1249 ἀλλὰ
1879 1197 2062 1267 dippe)-

469 1287 706 1340 στοῦντα
747 1288 909 1341 αὑτὸν
951 1289 1158 1359 ἤγειρε.
1194 1289 1358 1356 Λέγει
1391 1289 1448 1342 δὲ
1480 1289 1562 1341 ὅτι
1604 1288 1789 1342 πολλοὶ
1824 1286 1965 1360 ἦσαν
2007 1292 2064 1342 ὲν

466 1380 535 1448 τῇ
587 1378 830 1449 Βηθανία
874 1379 1141 1444 Ἰουδαῖοι,
1185 1378 1363 1431 καίτοι
1411 1378 1611 1449 χωρίου
1653 1381 1751 1431 οὐκ
1791 1378 1942 1441 ὄντος
1965 1396 2063 1431 πο-

466 1468 849 1539 λυανθρώπου,
877 1471 943 1522 ὲκ
971 1469 1070 1539 τῆς
1111 1470 1466 1540 Ἰερουσαλὴμ
1498 1470 1958 1541 παραγενόμενον
2003 1471 2062 1523 οὐ

464 1560 581 1631 γὰρ
633 1556 704 1632 ἧν
745 1561 879 1614 πολὺ
908 1561 970 1613 τὸ
1009 1562 1109 1631 τῆς
1129 1561 1250 1615 ὁδοῦ
1292 1562 1571 1632 διάστημα
1596 1562 1658 1615 τὸ
1698 1561 1906 1615 κωλύον
1938 1563 2064 1626 τοὺς

465 1652 815 1714 ἐνδιαθέτους
845 1652 1032 1721 φίλους
1067 1656 1306 1707 συνεῖναι
1356 1656 1476 1716 ταῖς
1510 1654 1639 1725 περὶ
1659 1653 1758 1724 τὴν
1807 1655 2062 1725 Μάρθαν·

466 1743 593 1813 ἢτοι
622 1744 858 1816 ἐπείπερ
900 1743 1225 1808 ἐξάκουστον
1254 1744 1446 1813 γέγονε
1470 1744 1531 1797 τὸ
1563 1743 1747 1816 θαῦμα
1777 1747 1835 1798 ἐν
1874 1750 1939 1818 τῇ
1974 1748 2066 1799 Ἰε-

466 1837 755 1908 ρουσαλὴμ
804 1837 955 1908 παρά
994 1839 1128 1891 πᾶσι
1173 1839 1266 1891 καὶ
1307 1838 1366 1891 ἐν
1405 1840 1470 1909 τῇ
1517 1839 1843 1910 περιχώρῳ,
1882 1838 2064 1910 τίθησι

462 1930 567 2000 τὴν
600 1930 795 1994 αἰτίαν,
823 1930 904 1983 ὅτι
950 1930 1160 1984 πολλῶν
1198 1931 1366 1984 ὄντων
1391 1932 1540 1994 ἐκεῖ,
1571 1931 1797 1993 εἰκότως
1819 1932 2065 1985 ἅπαντα·

460 1998 597 2090 κύσε
620 2020 831 2091 διεδόθη
859 2022 888 2074 ὀ
922 2021 1098 2090 λόγος·
1128 2022 1238 2074 τῶν
1285 2021 1384 2091 μὲν
1421 1998 1827 2091 θαυμαζόντων,
1865 2022 1973 2075 τῶν
2005 2022 2063 2075 δὲ

460 2112 556 2164 διὰ
591 2102 786 2179 φθόνον
822 2113 1127 2168 λαλούντων
1151 2113 1213 2166 τὸ
1256 2114 1500 2182 γεγονὸς,
1537 2113 1673 2185 πρὸς
1714 2114 1775 2168 τὸ
1805 2114 2063 2187 διαῦολήν

461 2208 693 2275 ποιῆσαι
721 2206 799 2277 τῷ
821 2206 1061 2277 θαύματι
1087 2206 1176 2260 διὰ
1200 2206 1723 2278 ψευδοκατήγορίας.

555 2378 626 2432 Ἡ
658 2373 774 2432 οὖν
808 2376 1017 2446 Μάρθα
1057 2377 1135 2442 ὡς
1166 2375 1436 2444 ἤκουσεν
1481 2376 1570 2429 ὅτι
1621 2375 1860 2443 Ἰησοῦς
1894 2374 2060 2444 ἔρχε-

458 2489 582 2537 ται,
620 2470 981 2540 ὑπήντησεν
1005 2466 1184 2533 αὐτῷ·
1205 2469 1401 2538 Μαριά
1426 2466 1495 2520 δὲ
1525 2468 1594 2521 ἐν
1614 2467 1695 2534 τῷ
1715 2467 1857 2535 οἴκῳ
1884 2468 2060 2524 ἐκαθ-

457 2564 649 2626 ἐζετο.

536 2656 693 2725 Τάχα
724 2654 782 2707 δὲ
817 2653 1123 2724 θερμοτέρα
1155 2653 1254 2722 μὲν
1287 2652 1321 2723 ή
1351 2650 1555 2724 Μάρθα
1579 2650 1717 2723 πρὸς
1743 2651 1805 2704 τὸ
1834 2652 2057 2723 ποιῆσαι

456 2749 534 2803 τὰ
570 2748 762 2801 δέοντα
786 2762 797 2772 ’
849 2746 931 2800 διὸ
964 2746 1059 2799 καὶ
1106 2742 1294 2816 πρώτη
1340 2745 1617 2815 ὑπήντησε
1643 2760 1657 2773 ε
1712 2744 2059 2814 συνετωτερα
2086 2780 2097 2795 .

2166 645 2260 712 qui
2295 645 2513 713 lapsum
2551 644 2766 713 erigere
2802 645 3006 712 possit.

2234 734 2325 799 XI,
2365 735 2453 789 18.
2489 733 2621 787 Erat
2649 744 2823 788 autem
2862 733 3126 787 Bethania
3158 734 3367 788 distans
3392 737 3456 789 ab
3494 722 3753 792 Hieroso—

2167 827 2321 897 lymis
2354 824 2652 895 quindecim
2683 825 2888 879 stadia.

2234 917 2534 987 Propterea
2565 917 2734 971 etiam
2766 917 3008 986 spatium
3039 917 3254 972 dierum
3286 916 3423 972 dicit
3455 926 3580 987 post
3612 934 3754 973 mor-

2167 1017 2273 1063 tem
2307 1009 2535 1075 Lazari,
2572 1018 2630 1063 ut
2670 1009 2844 1079 magis
2880 1010 3217 1078 stupendum
3260 1011 3333 1066 sit
3380 1012 3748 1078 miraculum;

2166 1116 2266 1155 nec
2293 1100 2586 1171 quisquam
2616 1100 2759 1156 forte
2777 1102 2959 1165 dicat,
2986 1110 3109 1170 post
3137 1118 3307 1156 unum
3334 1103 3477 1157 diem
3507 1106 3749 1170 venisse,

2164 1208 2266 1246 nec
2299 1192 2471 1247 fuisse
2500 1200 2800 1257 mortuum,
2821 1195 2915 1247 sed
2946 1194 3213 1248 duntaxat
3242 1172 3599 1265 languentem
3625 1212 3751 1250 sus-

2166 1280 2387 1338 citasse.
2425 1284 2515 1337 Ait
2579 1294 2760 1339 autem
2792 1285 2997 1338 multos
3028 1286 3081 1339 in
3130 1285 3397 1341 Bethania
3437 1286 3616 1343 fuisse
3653 1287 3763 1357 Jui

2168 1377 2318 1431 dreos
2350 1378 2443 1447 qui
2476 1377 2545 1431 ab
2573 1375 2884 1432 Jerusalem
2924 1362 3305 1433 advenerant:
3343 1379 3550 1449 aliOqui
3599 1381 3748 1435 enim

2166 1469 2322 1523 locus
2371 1469 2462 1523 ille
2502 1457 2634 1523 non.
2667 1469 2965 1524 admodum
2994 1471 3311 1527 hominibus
3332 1472 3615 1543 frequens,
3648 1490 3749 1528 nec

2167 1576 2364 1629 magna
2391 1560 2557 1616 etiam
2592 1569 2716 1615 erat
2742 1561 3097 1631 intercapedo
3123 1578 3187 1617 ac
3215 1564 3479 1618 distantia
3506 1581 3627 1635 quae
3652 1567 3751 1619 im-

2170 1652 2383 1721 pediret
2416 1654 2713 1724 quominus
2776 1654 2941 1708 amici
2979 1654 3043 1709 ad
3081 1653 3354 1709 Martham
3390 1660 3745 1725 accederent;

2169 1743 2253 1797 vel
2288 1744 2546 1812 quoniam
2583 1755 2907 1814 pervaserat
2941 1744 3086 1799 fama
3118 1746 3370 1799 miraculi
3405 1763 3624 1801 omnem
3654 1747 3749 1802 Je-

2170 1836 2408 1890 rusalem
2460 1844 2514 1890 et
2576 1836 3037 1907 circumjacentia
3084 1838 3239 1905 loca;
3286 1839 3442 1907 ponit
3484 1854 3742 1903 causam,

2165 1928 2313 1997 quod
2349 1927 2537 1983 multis
2599 1928 2675 1982 ibi
2718 1928 3114 1983 exsistentibus
3162 1928 3525 1999 undequaque
3565 1930 3746 1986 disse-

2165 2019 2410 2074 minatus
2463 2028 2548 2076 est
2609 2034 2840 2074 sermo:
2901 2020 3023 2075 aliis
3080 2018 3306 2090 quidem
3366 2020 3742 2087 mirantibus,

2162 2111 2322 2181 681
2363 2112 2490 2168 aliis
2526 2127 2656 2167 vero
2693 2127 2793 2182 per
2826 2112 3093 2166 invidiam
3120 2112 3324 2165 factum
3351 2111 3743 2176 referentibus,

2164 2212 2224 2257 ut
2267 2220 2364 2273 per
2416 2204 2584 2260 falsas
2645 2204 3035 2258 accusationes
3091 2203 3360 2258 miraculo
3407 2203 3744 2259 calumniam

2164 2295 2503 2365 attingerent.

2234 2383 2327 2447 XI,
2347 2384 2434 2440 ‘20.
2477 2384 2695 2439 Mart/ta
2724 2386 2885 2456 igitur
2916 2397 2972 2439 ut
2995 2386 3201 2440 audiuit
3231 2385 3371 2455 quod
3394 2385 3552 2440 Jesus
3584 2387 3743 2454 venit,

2161 2480 2390 2539 occurrit
2422 2479 2535 2542 illi;
2566 2476 2747 2534 Maria
2786 2495 2905 2532 vero
2939 2476 3083 2531 domi
3106 2477 3339 2531 sedebat.

2231 2564 2447 2619 Martha
2488 2567 2710 2636 quidem
2757 2568 3044 2637 aliquanto
3090 2566 3392 2621 ferventior
3437 2567 3505 2620 ad
3550 2583 3745 2623 neces-

2160 2659 2306 2713 saria
2335 2659 2625 2725 obeunda,
2658 2661 2783 2717 ideo
2814 2662 2992 2731 prima
3023 2661 3077 2714 in
3112 2675 3404 2714 occursum
3443 2660 3622 2726 venit;
3661 2661 3744 2715 in-

2161 2749 2496 2820 telligentior
2530 2762 2717 2807 autem
2751 2751 2922 2807 Maria
2945 2790 2958 2814 ,
2994 2752 3318 2819 habensque
3348 2752 3587 2804 animam
3619 2765 3743 2805 ma-

454 2842 525 2896 δὲ
548 2843 584 2912 ἡ
614 2838 804 2910 Μαρία
831 2855 845 2869 ’
899 2838 981 2891 διὸ
1019 2836 1094 2900 ὡς
1120 2835 1595 2907 αἰσθητικωτέραν
1632 2834 1829 2905 ἔχουσα
1855 2834 2053 2907 ψυχὴν,

2160 2841 2296 2910 joris
2324 2857 2520 2896 sensus
2576 2857 2831 2911 capacem
2853 2884 2868 2909 ,
2900 2842 3050 2896 domi
3082 2843 3288 2897 mansit
3318 2843 3386 2898 ad
3417 2844 3743 2912 excipienda

454 2930 681 3000 ἔμεινεν
726 2928 897 2993 οἴκοι,
942 2927 1042 2989 τὰς
1086 2927 1151 2978 ἐκ
1199 2925 1308 2978 τῶν
1356 2923 1867 2995 παραμυθουμένων
1900 2924 2054 2994 δεχο-

459 3023 633 3094 μένη.
672 3019 993 3092 θεραπείας.
1059 3019 1126 3071 Ἦ
1187 3017 1243 3070 δὲ
1310 3016 1509 3088 Μάρθα
1567 3016 1644 3079 ὡς
1712 3017 2055 3086 ἁπλουστέρα

453 3116 692 3186 ἔδραμε,
732 3111 1009 3184 μεθύουσα
1042 3110 1141 3174 μὲν
1173 3108 1250 3180 τῷ
1282 3107 1478 3176 πάθει,
1530 3108 1773 3179 φέρουσα
1809 3107 1868 3161 δὲ
1904 3108 2054 3179 ὅμως

455 3206 757 3269 νεανικῶς.

530 3300 733 3366 Κύριε,
774 3299 828 3350 εὶ
867 3291 943 3365 ἧς
992 3287 1138 3357 ὦδε,
1196 3295 1308 3347 οὐκ
1361 3292 1438 3345 ἂν
1463 3290 1762 3346 ἀπέθανεν
1796 3293 1830 3345 ὁ
1874 3290 2053 3346 ἀδελ-

453 3389 577 3460 φός
597 3406 743 3458 μου.

539 3484 606 3534 ὐ
635 3481 783 3549 λέγει
808 3470 847 3550 ’ή
873 3480 1100 3553 Μάρθα,
1139 3475 1382 3531 τοιοῦτόν
1414 3477 1562 3528 ἐστιν
1587 3490 1600 3504 °
1647 3474 1720 3528 Οὐ
1750 3473 1838 3528 διὰ
1872 3474 2049 3539 τοῦ-ο,

455 3573 654 3643 φησιν,
701 3570 971 3626 ἀπέθανεν
1021 3570 1051 3622 ὁ
1101 3566 1330 3636 ἁδελφός
1384 3582 1508 3635 μου,
1555 3564 1637 3617 ὅτι
1689 3564 1972 3617 ὑπόκειται
2024 3565 2051 3635 ή

453 3661 753 3734 ἀνθρώπου
784 3660 948 3731 φύσις
986 3658 1071 3729 τῷ
1092 3657 1329 3726 θανάτῳ,
1379 3654 1494 3709 ἀλλ’
1530 3655 1611 3707 ὅτι
1643 3654 1707 3706 σὺ
1746 3654 1805 3707 οὐ
1846 3654 2049 3726 παρῆς,

452 3758 485 3809 ὁ
515 3754 610 3808 τὸν
643 3754 875 3808 θάνατον
900 3751 1120 3820 νικῆσαι
1145 3749 1440 3819 δυνάμενος
1463 3744 1551 3799 διὰ
1578 3746 1671 3799 τοῦ
1698 3745 2053 3816 προστάγμα-

453 3865 575 3912 τος.
608 3846 747 3899 Ὑπὸ
778 3844 835 3899 δὲ
856 3845 957 3913 τῆς
994 3841 1171 3910 λύπης
1196 3839 1301 3907 ἔξω
1324 3838 1418 3892 τοῦ
1443 3838 1811 3919 προσήκοντος
1834 3838 2050 3892 πλανω-

457 3940 626 4013 μένη,
664 3935 884 4007 ἐνόμιζε
928 3932 1126 4004 μηκέτι
1169 3928 1427 3985 δύνασθαί
1469 3946 1522 3981 τι
1558 3929 1782 3998 ποιῆσαι
1818 3928 1908 3981 τὸν
1933 3927 2051 3982 Κύ-

457 4047 580 4105 ριον
607 4047 621 4061 ·
663 4029 740 4093 ὡς
778 4024 1230 4099 παραδραμόντος
1257 4021 1351 4075 τοῦ
1373 4019 1587 4092 καιροῦ,
1615 4020 1708 4073 καὶ
1729 4018 1864 4090 ᾤετο
1887 4021 2052 4075 αὑτὸν

456 4119 926 4194 παραγεγονέναι,
953 4118 1054 4171 οὐκ
1081 4114 1174 4167 ἐπὶ
1195 4113 1274 4184 τῷ
1297 4112 1601 4182 ἀναστῆσαι
1631 4107 1902 4180 Λάζαρον,
1934 4110 2048 4163 ἀλλ’

455 4216 551 4269 ἵνα
590 4209 1057 4284 παραμυθήσηται
1105 4205 1298 4269 αὐτάς.
1347 4204 1562 4276 Ἠρέμα
1606 4202 1715 4272 γάρ
1760 4200 1909 4271 αὑτῷ
1957 4201 2051 4255 καὶ

454 4303 850 4373 ὑπομέμφεται
882 4297 1229 4370 βραδύναντι,
1261 4296 1356 4349 καὶ
1387 4295 1461 4365 μὴ
1490 4293 1651 4356 εὐθὺς
1682 4291 1891 4346 ἐλθόντι
1923 4293 2050 4347 ὅταν

455 4396 695 4467 ἠδύνατο
726 4391 964 4464 βοηθεῖν,
998 4390 1088 4443 ὅτε
1121 4386 1449 4442 ἀπέστειλαν
1473 4384 1729 4454 λέγουσαι
1754 4399 1768 4414 °
1819 4383 2046 4455 (Κύριε,

454 4489 536 4542 ἴδε
555 4488 615 4543 ὃν
632 4485 826 4555 φιλεῖς,
849 4480 1088 4536 ἀσθενεῖ.
1117 4500 1136 4532 ι
1164 4479 1236 4532 Τὸ
1251 4478 1308 4532 δὲ
1325 4476 1523 4546 λέγειν,
1558 4493 1579 4528 ι
1606 4478 1747 4530 Ὅσα
1761 4475 1827 4530 ἂν
1848 4477 2050 4549 αἰτήσῃ

2158 2929 2603 2983 consolationum
2654 2929 2850 2985 officia.
2899 2929 3111 2983 Martha
3148 2945 3279 2985 vero
3328 2940 3387 2984 ut
3435 2933 3743 3001 simplicior

2158 3020 2438 3085 cucurrit,
2474 3021 2629 3075 ebria
2666 3021 2889 3091 quidem
2924 3032 2979 3077 et
3012 3021 3245 3078 confusa
3290 3024 3478 3089 luctu,
3523 3025 3619 3081 sed
3661 3034 3745 3079 ta-

2156 3120 2283 3160 men
2317 3107 2497 3163 ferens
2530 3108 2767 3164 fortiter.

2231 3280 2323 3350 XI,
2358 3284 2449 3340 2|.
2491 3285 2742 3355 Domine,
2772 3289 2819 3345 si
2844 3289 2927 3344 hic
2954 3290 3166 3360 fuisses,
3198 3310 3303 3349 non
3338 3304 3577 3351 mortuus
3605 3308 3742 3352 esset

2164 3377 2332 3435 frater
2361 3394 2528 3433 meus.

2232 3466 2387 3533 Quod
2418 3468 2553 3524 dicit
2582 3470 2793 3528 Martha
2819 3474 3093 3544 ejusmodi
3126 3483 3207 3532 est
3240 3496 3252 3531 :
3284 3475 3405 3531 Non
3438 3479 3561 3532 ideo
3583 3519 3599 3542 ,
3633 3481 3740 3551 ait,

2165 3566 2420 3613 mortuus
2473 3568 2561 3614 est
2609 3559 2781 3616 frater
2821 3578 3012 3628 meus,
3065 3563 3194 3633 quia
3249 3571 3445 3618 natura
3497 3564 3741 3619 hominis

2162 3651 2326 3705 morti
2345 3651 2719 3723 subjacet,sed
2750 3654 2879 3724 quia
2902 3661 2959 3708 tu
2994 3670 3102 3708 non
3133 3655 3350 3719 aderas,
3371 3656 3463 3726 qui
3497 3657 3615 3711 solo
3639 3657 3742 3710 im-

2161 3745 2316 3812 perio
2347 3756 2578 3800 mortem
2612 3747 2829 3801 vincere
2858 3754 3038 3814 potes.
3070 3744 3190 3800 Prae
3221 3747 3408 3802 dolore
3429 3763 3560 3802 vero
3583 3756 3741 3803 extra

2164 3842 2397 3897 rationis
2424 3840 2563 3894 lines
2589 3845 2815 3909 evagata
2840 3838 3117 3892 existimat
3146 3838 3284 3891 nihil
3327 3838 3564 3907 amplius
3599 3854 3740 3907 pra:—

2162 3941 2314 3987 stare
2343 3948 2511 4002 posse
2547 3930 2838 3984 Dominum
2859 3970 2875 3994 ,
2910 3939 3173 3999 tanquam
3198 3930 3386 3998 elapsa
3412 3931 3737 3996 occasione,

2159 4025 2495 4095 putabatque
2521 4024 2707 4093 ipsum
2740 4022 2963 4077 venisse
2993 4037 3101 4075 non
3133 4022 3199 4076 ad
3227 4023 3604 4084 suscitandum
3633 4022 3738 4077 La-

2159 4129 2385 4177 zarum,
2419 4113 2513 4169 sed
2553 4111 2622 4167 ad
2667 4112 2817 4182 ipsas
2858 4111 3251 4167 consolandas.
3306 4111 3373 4166 Et
3421 4113 3585 4169 tacite
3615 4116 3742 4185 qui-

2158 4206 2281 4261 dem
2306 4205 2356 4261 ei
2383 4210 2677 4261 succenset
2702 4212 2968 4272 tanquam
3002 4202 3233 4257 nimium
3267 4211 3503 4267 morato,
3539 4215 3593 4259 et
3625 4221 3738 4261 non

2158 4299 2346 4355 statim
2378 4296 2634 4368 profecto
2662 4310 2789 4349 eum
2826 4295 3087 4349 auxiliari
3124 4302 3396 4364 potestate
3419 4335 3435 4359 ,
3469 4311 3594 4350 eum
3634 4299 3738 4353 mi-

2158 4396 2348 4446 serant
2400 4388 2470 4442 ad
2525 4402 2651 4441 eum
2708 4384 2997 4439 dicentes:
3043 4402 3061 4434 ι
3094 4382 3357 4449 Domine,
3392 4397 3520 4438 ecce
3569 4398 3733 4453 quem

2157 4496 2311 4536 amas
2340 4480 2588 4550 languet.
2623 4496 2642 4530 ›
2673 4476 2864 4531 Dicere
2883 4490 3033 4555 vero,
3061 4494 3079 4526 ι
3102 4474 3374 4543 Quidquid
3411 4475 3736 4544 poposceris

450 4581 550 4635 τὸν
594 4577 752 4640 Θεὸν,
800 4575 963 4628 δώσει
995 4590 1099 4639 σοι,
1134 4590 1153 4623 ι
1199 4568 1618 4641 ὑπερυθριώσης
1647 4568 1765 4621 ἐστὶ
1799 4567 2049 4640 φανερῶς

2160 4571 2356 4635 Deum,
2374 4570 2552 4633 dabit,
2575 4588 2593 4619 ι
2618 4567 3003 4624 erubescentis
3035 4572 3121 4620 est
3149 4574 3336 4634 petere
3364 4571 3554 4634 aperte
3583 4567 3732 4634 quod

453 4670 686 4741 αἰτῆσαι
720 4667 749 4720 ὃ
787 4666 1036 4738 βούλεται
1059 4681 1070 4693 ·
1120 4664 1270 4734 ὅμως
1305 4660 1600 4730 σφάλλεται
1630 4659 1760 4730 περὶ
1784 4658 1883 4728 τὴν
1915 4659 2051 4730 ἀλήο

452 4766 637 4829 θειαν,
683 4762 783 4830 οὐχ
830 4758 904 4822 ὡς
955 4755 1075 4827 Θεῷ
1114 4753 1493 4823 διαλεγομένη,
1541 4750 1655 4804 ἀλλ’
1707 4749 1782 4813 ὼς
1825 4750 1905 4802 ἐνὶ
1946 4749 2052 4803 τῶν

450 4857 657 4925 ἁγίων,
700 4854 791 4905 διά
819 4851 917 4923 τὴν
945 4848 1231 4920 ὁρωμένην
1254 4845 1457 4914 σάρκα,
1479 4842 1700 4913 οἰομένη
1731 4842 1814 4894 ὅτι
1849 4842 1948 4894 ὅσα
1984 4841 2052 4894 ἂν

450 4950 662 5020 αἰτήσῃ
712 4946 788 5009 ὡς
817 4945 993 5012 ἆγιος,
1024 4940 1291 5011 λαμὸάνει
1316 4937 1424 4991 ἀπὸ
1461 4934 1619 5000 Θεοῦ,
1661 4933 1723 4987 οὐ
1756 4935 1854 5004 μὲν
1879 4932 2052 4986 εἰδυῖα

450 5049 539 5101 ὅτι
583 5043 746 5113 φύσει
777 5039 910 5101 Θεὸς
936 5036 1012 5091 ὢν
1046 5038 1140 5090 καὶ
1164 5035 1396 5103 δύναμις
1424 5030 1519 5085 τοῦ
1556 5028 1794 5099 Πατρὸς,
1837 5026 2050 5097 ἄμαχον

348 5142 357 5147 ’
449 5140 574 5210 ἔχει
602 5134 701 5206 τὴν
730 5132 825 5187 ἐπὶ
849 5131 1017 5184 πᾶσιν
1049 5127 1223 5197 ἰσχύν.
1273 5124 1334 5178 Et
1365 5123 1482 5195 ᾔδει
1527 5121 1637 5193 γὰρ
1685 5120 1768 5174 ὅτι
1800 5118 1932 5181 Θεὸς
1959 5115 2049 5210 ἦν,

448 5326 632 5376 ἐστιν.
676 5318 737 5370 Ὀ
773 5315 958 5386 μέντοι
1003 5310 1231 5382 Κύριος,
1279 5307 1366 5362 διὰ
1414 5307 1475 5359 τὸ
1519 5303 1915 5386 άφιλὸκομπον,
1949 5301 2051 5354 οὐκ

510 5429 636 5476 πεν,
655 5374 866 5479 Ἐγέρῶ
876 5406 968 5459 τὸν
980 5374 1208 5470 ἀδελφόν
1221 5416 1340 5461 σου,
1362 5398 1519 5462 ἀλλὰ,
1544 5374 1577 5448 cf
1599 5374 2009 5466 Ἀναστήσεται*
2024 5412 2042 5445 ι

451 5502 749 5577 μονονουχὶ
767 5498 952 5569 ἡρέμα
980 5494 1152 5564 αὐτὴν
1176 5491 1435 5561 ἐλέγχων.
1451 5490 1545 5543 καὶ
1569 5488 1767 5557 λέγων’
1799 5484 2048 5577 ξΑνίσταέ

450 5575 544 5649 ται
576 5592 677 5665 μὲν
711 5587 894 5651 καθὼς
928 5584 1128 5655 βούλει,
1160 5581 1303 5652 πλὴν
1345 5580 1442 5650 οὐχ
1472 5579 1547 5642 ὡς
1583 5579 1647 5632 σὺ
1674 5575 1938 5646 νομίζεις.
1981 5575 2047 5629 Εἰ

446 5689 566 5759 γάρ
589 5683 697 5741 οἴει
734 5680 802 5735 δι’
830 5680 997 5749 εὐχῆς
1033 5675 1127 5729 καὶ
1163 5674 1432 5745 αἰτήσεως
1468 5670 1625 5724 τοῦτο
1660 5668 1939 5733 ἀνύεσθαι,
1981 5667 2045 5720 σὺ

452 5756 605 5836 reciet
634 5777 700 5830 τὸ
736 5775 835 5844 τῆς
865 5770 1054 5841 εὐχῆς,
1099 5769 1173 5839 μὴ
1212 5756 1317 5838 μὴν
1354 5764 1480 5834 ἐμοὶ
1511 5763 1766 5815 ἐπίταττε
1808 5759 1888 5831 τῷ
1917 5759 2047 5813 θαυ-

452 5866 781 5946 ματουργῷ,
817 5864 876 5929 ὃς
914 5860 1151 5929 δύναμαι
1178 5860 1244 5930 τῇ
1286 5857 1394 5928 ὶδιᾳ
1445 5853 1588 5923 ἰσχύῖ
1627 5852 1928 5922 ἀναστῆσαι
1956 5851 2047 5906 τὸν

2156 4663 2328 4717 velit:
2385 4668 2567 4714 tamen
2621 4659 2844 4712 aberrat
2898 4672 2927 4709 a
2984 4655 3259 4722 veritate,
3310 4671 3420 4709 non
3469 4662 3733 4726 tanquam

2155 4752 2364 4816 Deum,
2400 4750 2497 4807 sed
2550 4758 2811 4819 tanquam
2868 4762 3035 4802 unum
3083 4758 3403 4803 sanctorum
3446 4748 3734 4817 alloquens

2155 4848 2385 4912 propter
2431 4854 2656 4894 carnem
2682 4851 2848 4909 quam
2897 4836 3146 4902 videbat,
3187 4845 3307 4890 rata
3338 4837 3605 4908 quidquid
3638 4853 3735 4907 pe-

2156 4939 2296 4986 teret
2326 4936 2384 4984 ut
2416 4939 2646 4984 sanctus
2668 4967 2682 4992 ,
2720 4943 2751 4982 a
2789 4926 2902 4983 Deo
2931 4937 3285 4997 accepturum
3318 4944 3474 4995 esse,
3508 4929 3733 4983 minime.

2154 5021 2375 5092 quidem
2409 5034 2582 5093 gnara
2618 5019 2788 5074 Deum
2822 5030 3020 5074 natura
3051 5035 3175 5075 esse
3217 5027 3271 5076 et
3307 5017 3486 5075 Patris
3539 5028 3735 5091 poten—

2155 5114 2323 5178 tiam,
2374 5113 2695 5183 invictaque
2744 5111 2800 5165 in
2846 5111 3106 5166 omnibus
3138 5111 3188 5164 vi
3221 5111 3446 5181 pollere.
3497 5109 3555 5165 Si
3585 5111 3732 5166 enim

450 5198 558 5286 οῖκ
582 5198 852 5289 ἆνυεϊπεν,
880 5223 962 5275 ὅτι
990 5240 1009 5272 ι
1032 5220 1095 5272 Εἰ
1125 5215 1192 5289 ἧς
1221 5212 1343 5270 dide-
1379 5235 1395 5267 ι
1419 5217 1448 5269 ὁ
1479 5213 1589 5284 γάρ
1615 5211 1748 5276 Θεὸς
1773 5206 2046 5278 πανταχοῦ

2160 5205 2410 5262 scivisset
2441 5203 2608 5259 Deum
2636 5218 2791 5267 esse,
2817 5217 2929 5257 non
2955 5202 3192 5258 dixisset
3212 5220 3225 5255 :
3248 5200 3338 5255 «Si
3361 5202 3452 5255 hic
3471 5198 3725 5262 fuisses”

2153 5297 2301 5352 Deus
2328 5297 2475 5352 enim
2523 5296 2727 5366 ubique
2758 5303 2863 5350 est.
2896 5296 3194 5349 Enimvero
3228 5293 3512 5354 Dominus,
3544 5301 3603 5344 ut
3630 5292 3730 5361 qui

2152 5390 2305 5443 omni
2334 5388 2604 5458 jactantia
2634 5392 2885 5452 careret,
2920 5401 3033 5441 non
3076 5384 3252 5439 dixit:
3285 5381 3581 5436 Suscitabo
3614 5381 3730 5436 fra-

2152 5488 2293 5535 trem
2325 5487 2481 5532 tuum
2511 5493 2526 5544 ;
2573 5477 2668 5532 sed
2701 5495 2719 5529 ι
2747 5476 3020 5547 Resurget
3045 5513 3060 5540 ,
3093 5493 3111 5526 ι
3142 5471 3539 5545 propemodum
3579 5472 3726 5528 illam

2152 5571 2210 5626 in
2241 5571 2463 5625 occulto
2495 5567 2851 5640 redarguens,
2878 5577 2934 5621 et
2959 5566 3151 5621 dicens
3173 5582 3186 5618 :
3206 5562 3474 5634 Besnrgit
3504 5563 3727 5634 quidem

2149 5661 2613 5734 quemadmodum
2644 5662 2728 5715 vis
2748 5699 2762 5725 ,
2796 5659 2889 5721 sed
2918 5673 3029 5712 non
3057 5653 3513 5726 quemadmodum
3541 5663 3726 5726 putas.

2153 5757 2213 5813 Si
2248 5758 2395 5814 enim
2423 5758 2604 5814 credis
2636 5770 2734 5827 per
2763 5768 2955 5824 preces
2981 5761 3037 5807 et
3070 5751 3384 5821 rogationes
3416 5747 3469 5802 id
3506 5745 3722 5816 perﬁci,

2151 5858 2209 5904 tu
2258 5864 2417 5905 sume
2459 5848 2559 5903 tibi
2606 5855 2791 5917 partes
2827 5843 3058 5911 orandi,
3111 5858 3181 5898 ne
3219 5856 3349 5897 vero
3399 5838 3531 5892 mihi
3584 5850 3726 5909 prm-
