4104 6434
421 449 488 500 1.7
1452 445 1507 496 S.
1552 442 1822 496 tll'itlled
1868 439 2335 496 ALEXANDRINI
2374 438 2691 494 ARCHLEI’.
3326 433 3336 440 κ
3645 439 3712 490 48

422 561 601 615 scribe
626 561 1020 615 miraculorum
1047 560 1278 623 facturi,
1313 561 1404 630 qtti
1442 577 1666 629 possunt
1705 560 1923 629 prop:ia
1966 559 2012 612 vi

2119 559 2330 630 νεκρόν.
2361 557 2546 610 Ταῦτα
2577 557 2857 612 ἀκούσασα
2883 559 2914 628 ή
2959 557 3117 626 γυνὴ,
3165 557 3257 609 καὶ
3289 557 3580 628 αἰδουμένη
3615 556 3714 627 μὲν

425 661 701 707 mortuum
746 654 1044 706 suscitare.
1085 651 1212 706 llaec
1242 667 1365 706 cum
1397 650 1671 704 audiisset
1703 651 1920 714 mulier,
1955 659 2010 705 ct

389 743 393 753 '
425 743 597 796 verita
633 744 861 798 dicere:
902 743 1058 798 Nunc
1102 743 1282 813 ipsum
1326 743 1560 808 suscita,
1589 741 2010 812 quodammodo

427 835 664 889 incitans
699 851 825 890 eum
870 834 938 889 ad
973 850 1088 889 rem
1125 833 1547 903 aggrediendam
1585 831 2011 903 perficiendam-

423 941 532 994 que
567 925 782 980 videtur
815 925 1030 979 tristari
1061 923 1226 994 682
1262 923 1337 977 ob
1374 923 1835 994 longinquitatem
1872 932 2011 976 tem-

427 1016 614 1083 poris,
652 1017 949 1088 inquiens:
985 1035 1002 1068 σ
1035 1014 1165 1070 Scio
1208 1015 1354 1084 Quod
1405 1021 1665 1086 resurget
1715 1016 1770 1069 in
1814 1015 2009 1068 ultima

423 1107 545 1172 die,
582 1127 600 1160 ι
628 1109 720 1164 sed
753 1115 877 1162 ante
923 1115 1139 1176 tempus
1169 1121 1428 1177 cuperem
1455 1105 1647 1161 videre
1677 1106 1867 1160 fratris
1904 1106 2009 1159 mei

425 1201 910 1256 resurrectionem.
969 1199 1100 1255 Sive
1143 1216 1269 1255 cum
1315 1199 1582 1255 Dominus
1611 1199 1850 1254 dixisset
1881 1199 2007 1265 hoc,

430 1292 732 1362 .Resurget
769 1292 936 1346 frater
967 1300 1153 1358 tuus,»
1180 1301 1392 1346 tantum
1413 1306 1525 1345 non
1553 1291 1856 1346 assentitur
1878 1290 2012 1345 huic

422 1384 662 1454 dogmati
698 1384 920 1448 mulier,
959 1383 1186 1438 dicens:
1219 1384 1352 1437 Scio
1382 1382 1507 1446 hoc,
1542 1382 1715 1437 credo
1741 1383 1884 1452 quod
1923 1397 2012 1436 ve-

424 1479 538 1532 niet
571 1478 728 1540 hora,
756 1484 810 1531 et
841 1475 1198 1546 egredientur
1226 1475 1320 1545 qui
1348 1477 1492 1528 bona
1525 1475 1801 1542 fecerunt,
1825 1474 1890 1528 ad
1927 1489 2013 1528 re-

423 1570 828 1624 surrectionem
873 1571 1028 1631 vitaz,
1074 1570 1167 1637 qui
1219 1584 1350 1624 vero
1405 1568 1552 1623 mala
1593 1577 2008 1640 perpetrarunt,

423 1661 491 1717 ad
531 1662 998 1718 resurrectionem
1029 1661 1226 1730 judicii
1258 1663 1326 1717 ⁸⁷.
1362 1661 1634 1716 Similiter
1665 1669 1720 1716 et
1747 1660 1922 1716 Isaias
1955 1661 2008 1715 in

425 1753 633 1826 Spiritu
665 1755 806 1808 dixit
837 1773 848 1808 :
891 1773 908 1804 ι
941 1752 1254 1824 Resurgcnt
1287 1754 1582 1820 mortui,et
1617 1754 2013 1808 excitabuntur

424 1851 514 1918 qui
541 1857 669 1904 sunt
687 1849 738 1903 in
769 1849 1142 1904 monumentis
1162 1850 1256 1904 ³⁸.»
1275 1847 1392 1903 Non
1416 1850 1561 1903 enim
1584 1849 2010 1903 resurrectionis

424 1941 667 1995 sermoni
703 1940 860 1994 fidem
897 1957 1004 1994 non
1037 1940 1248 2007 habeo,
1285 1941 1458 1996 veluti
1491 1940 1803 1998 Sadducmi.

493 2032 598 2097 XI,
641 2033 733 2088 25.
793 2033 940 2087 Dixit
985 2033 1031 2088 ei
1067 2033 1262 2088 Jcsus:
1296 2033 1406 2105 Ego
1453 2051 1570 2087 sum
1615 2036 1932 2088 resurrectio
1962 2044 2011 2088 et

424 2131 550 2191 vita,
583 2136 694 2182 etc.
954 2121 960 2129 ’

488 2219 728 2274 Prorsus
759 2219 1116 2274 honorarium
1145 2225 1197 2271 et
1229 2217 1448 2273 fructus
1483 2217 1606 2273 tidci
1637 2218 1690 2272 in
1722 2217 2008 2271 Christum

422 2322 508 2368 est
540 2313 652 2366 vita
693 2313 1064 2382 sempiterna,
1096 2321 1150 2366 et
1179 2326 1288 2366 non
1325 2313 1486 2365 aliter
1516 2311 1621 2366 hoc
1653 2310 1875 2365 advenit
1908 2311 2008 2364 ho-

423 2405 592 2460 minis
627 2405 845 2462 animae.
879 2403 934 2456 Si
961 2404 1107 2456 enim
1141 2411 1362 2473 propter
1389 2402 1673 2457 Christum
1703 2417 1896 2456 oumes
1925 2418 2012 2456 re-

422 2498 737 2569 surgimus,
769 2497 884 2551 haec
917 2495 1166 2566 profecto
1212 2511 1340 2550 vera
1394 2495 1504 2550 vita
1542 2505 1626 2550 est
1658 2496 1780 2550 sine
1819 2495 1923 2549 fine
1952 2495 2009 2548 in

423 2591 766 2647 beatitudine
798 2591 983 2644 vivere
1011 2607 1024 2642 :
1059 2588 1195 2642 nihil
1231 2590 1378 2643 enim
1409 2587 1591 2643 differt
1620 2604 1649 2642 a
1681 2596 1893 2650 morte,
1923 2603 2012 2643 rc-

421 2697 646 2754 surgere
674 2682 941 2735 duntaxat
970 2681 1034 2734 ad
1067 2695 1308 2750 pinnam.
1342 2677 1398 2732 Si
1430 2680 1603 2750 igitur
1631 2679 1779 2740 videt
1805 2677 2010 2748 aliquis

420 2788 472 2830 et
501 2785 722 2829 sanctos
753 2773 1054 2828 morientes
1079 2814 1094 2840 ,
1125 2773 1218 2842 qui
1255 2771 1714 2842 pollicitationem
1755 2772 1881 2824 vitae
1915 2783 2009 2824 ac-

421 2873 722 2938 ceperunt,
760 2865 896 2920 nihil
941 2865 1048 2918 hoc
1081 2872 1170 2919 est
1199 2904 1212 2929 ,
1263 2870 1316 2918 et
1365 2871 1580 2918 tantum
1614 2871 1701 2918 est
1733 2872 2010 2932 quatenus

421 2957 641 3014 accidit.
675 2957 948 3011 Cteterum
1000 2955 1200 3008 idoneo
1241 2955 1477 3022 tempori
1524 2953 1716 3024 gratia:
1761 2952 2010 3007 ostensio

421 3058 758 3113 reservatur,
788 3063 911 3118 quae
950 3063 1060 3102 non
1103 3047 1158 3100 in
1188 3047 1466 3116 aliquibus
1509 3047 1763 3116 partibus
1796 3047 2007 3114 valeat,

423 3143 515 3196 sed
547 3144 600 3195 in
645 3141 908 3195 omnibus
944 3141 1321 3204 continenter,
1355 3139 1535 3208 iisque
1570 3141 1663 3208 qui
1697 3139 1808 3208 jam
1847 3146 2008 3193 antea

421 3253 451 3288 e
483 3235 592 3288 vita
626 3233 998 3294 excesserint,
1043 3240 1262 3302 gustata
1300 3231 1556 3286 nonnihil
1611 3239 1789 3286 morte
1835 3246 2011 3302 usque
2036 3269 2080 3326 C

421 3325 489 3378 ad
556 3340 908 3378 communem
969 3321 1460 3378 resurrectionem.
1527 3320 1684 3378 Tunc
1742 3323 1888 3379 enim
1953 3324 2012 3378 in

422 3430 714 3472 commune
754 3429 948 3469 omnes
987 3413 1148 3470 bonis
1189 3411 1466 3468 fruentur.
1505 3412 1640 3466 Cum
1683 3429 1815 3469 vero
1868 3412 2012 3468 dixit

423 3508 730 3563 Servator:
765 3526 782 3558 ι
819 3505 875 3560 Si
921 3515 1177 3560 mortuus
1233 3504 1438 3571 fuerit,
1469 3506 1652 3572 vivet,
1687 3527 1706 3560 ι
1739 3523 1847 3562 non
1887 3523 2014 3562 susv

428 3601 555 3656 tulit
611 3617 674 3654 ex
732 3599 835 3654 hoc
873 3599 1077 3654 smeulo
1122 3606 1396 3661 mortem,
1440 3598 1536 3652 sed
1586 3607 1819 3653 eatenus
1861 3599 2010 3653 illam

423 3706 588 3765 pqsse
629 3689 896 3744 adversus
937 3689 1130 3744 fideles
1167 3690 1453 3760 permisit,
1490 3698 1768 3760 quatenus
1799 3699 2012 3745 tantum

423 3781 673 3846 accidat,
718 3797 820 3836 suo
851 3781 998 3834 enim
1043 3781 1274 3848 tempori
1309 3783 1739 3837 resurrectionis
1775 3782 2010 3853 gratiam

424 3872 748 3928 reservavit.
785 3873 874 3926 Ait
913 3886 1086 3942 ergo:
1119 3868 1236 3924 Non
1275 3869 1384 3925 erit
1430 3871 1696 3926 imnumis
1754 3887 1782 3924 a
1833 3881 2013 3926 morte

422 3965 608 4021 carnis
645 3972 868 4036 propter
905 3963 1278 4018 conditionem
1326 3963 1588 4018 humanae
1630 3971 1876 4030 naturae,
1919 3963 2013 4034 qui

423 4059 479 4112 in
541 4073 626 4112 me
681 4055 900 4122 credit;
953 4064 1329 4109 verumtamen
1391 4055 1529 4108 nihil
1585 4054 1713 4109 inde
1770 4055 2014 4124 patietur

424 4148 647 4212 damni,
681 4163 807 4202 cum
845 4146 989 4202 Deus
1035 4147 1186 4200 nullo
1237 4146 1458 4216 negotio
1506 4146 1789 4202 vivificare
1837 4149 2016 4216 possit

423 4257 588 4313 quem
622 4240 772 4294 velit.
805 4238 1088 4312 Quienim
1123 4239 1177 4293 in
1207 4254 1331 4293 eum
1362 4237 1702 4302 crediderit,
1733 4239 1787 4292 in
1824 4238 2016 4295 futuro

425 4334 630 4390 sacculo
678 4333 850 4386 vitam
904 4332 1128 4387 habebit
1181 4332 1288 4386 fine
1341 4338 1624 4386 carentem
1672 4329 1729 4384 in
1779 4331 2016 4385 beatitu-

424 4429 585 4493 dine,
622 4433 678 4480 et
703 4425 870 4496 plena
915 4424 1273 4494 perfectaque
1321 4422 1705 4492 corruptionis
1753 4422 2016 4479 immuni-

425 4528 556 4575 tate.
609 4517 793 4584 Quare
841 4533 1004 4573 nemo
1060 4515 1363 4570 infidelium
1416 4515 1638 4580 rideat;
1701 4530 1810 4569 non
1863 4515 2012 4570 enim

2114 655 2308 716 εἰπεῖν,
2331 654 2412 706 ὅτι
2435 652 2546 705 Νῦν
2572 651 2734 704 αὐτὸν
2759 650 3088 720 ἀνάστησον,
3113 651 3312 718 τρόπον
3335 651 3390 704 δέ
3415 669 3538 706 τινα
3571 668 3712 724 παρα

2113 744 2378 809 οξύνουσα
2413 743 2574 797 αὐτὸν
2611 745 2690 806 εἰς
2733 743 2794 796 τὸ
2824 744 3050 813 ποιῆσαι
3092 741 3188 796 νῦν
3233 743 3296 796 τὸ
3337 743 3533 814 ἔργον,
3568 743 3716 797 δοκεῖ

2116 853 2232 900 πως
2262 837 2553 908 ἀδημονεῖν
2591 835 2720 906 περί
2757 836 2857 906 τὴν
2889 835 3204 906 βραδύτητα
3235 835 3331 888 τοῦ
3363 836 3580 906 χρόνου,
3619 834 3712 890 λέ-

2113 945 2287 997 γουσα
2314 946 2328 958 ·
2372 925 2532 982 «Οἶδα
2555 931 2637 982 δτι
2666 930 3034 1000 ἀναστήσεται
3058 931 3116 981 ὲν
3139 931 3206 999 τῇ
3237 929 3442 1002 ἐσχάτῃ
3468 929 3706 1000 ἡμέρα.»

2112 1020 2250 1074 ἀλλά
2283 1022 2532 1094 πρόωρον
2566 1021 2692 1073 ἰδεῖν
2743 1019 3000 1090 ἐπιθυμῶ
3033 1021 3132 1090 τὴν
3165 1019 3260 1072 τοῦ
3309 1019 3540 1089 ἀδελφοῦ
3576 1020 3712 1073 ἀνά-

2115 1133 2324 1170 στασιν.
2343 1115 2502 1167 Ἤτοι
2527 1114 2621 1166 τοῦ
2651 1114 2854 1184 Κυρίου
2883 1113 3132 1176 εἰπόντος
3162 1112 3244 1179 τὸ,
3271 1131 3289 1164 ι
3314 1113 3710 1184 Ἀναστήσεται

2113 1209 2143 1261 6
2163 1207 2391 1276 ἀδελφός
2428 1224 2542 1270 σου,
2570 1226 2585 1259 ι
2619 1206 2903 1277 μονονουχὶ
2921 1207 3162 1259 συναινεῖ
3177 1204 3254 1275 τῷ
3270 1204 3504 1275 δόγματι
3534 1203 3711 1274 τούτῳ

2114 1301 2146 1370 ἡ
2178 1300 2314 1368 γυνὴ
2342 1299 2573 1366 λέγουσα
2603 1316 2614 1326 ·
2651 1293 2782 1350 Οἶδα
2810 1297 2969 1350 τοῦτο
2995 1314 3006 1326 ·
3037 1295 3280 1350 πιστεύω
3305 1296 3416 1368 γὰρ
3445 1297 3526 1351 ὅτι
3553 1295 3709 1368 ἔρχεο

2113 1407 2200 1442 ται
2232 1389 2372 1462 ὥρα,
2409 1389 2503 1441 καὶ
2539 1388 2909 1452 ἐξελεύσονται
2953 1390 3006 1441 οἱ
3052 1387 3121 1441 τὰ
3151 1389 3332 1457 ἀγαθά
3359 1391 3706 1460 ποιήσαντες,

2114 1482 2194 1544 εἰς
2221 1481 2515 1534 ἀνάστασιν
2545 1479 2688 1551 ζωῆς
2714 1497 2727 1510 ο
2774 1483 2821 1533 οἱ
2859 1481 2914 1534 δὲ
2949 1481 3017 1534 τὰ
3049 1481 3232 1548 φαῦλα
3269 1480 3594 1550 πράξαντες.
3629 1481 3709 1542 εἰς

2116 1576 2412 1628 ἀνάστασιν
2465 1573 2701 1645 κρίσεως
2755 1572 3000 1644 (ὁμοίως
3050 1575 3105 1628 δὲ
3156 1574 3251 1628 καλ.
3295 1575 3324 1626 6
3369 1573 3597 1636 Ἡσαΐας
3650 1574 3707 1625 ἐν

2117 1666 2395 1736 Πνεύματι
2445 1663 2634 1718 εἷπεν·
2688 1686 2706 1717 ι
2750 1667 3174 1738 Ἀναστήσονται
3228 1667 3279 1718 οἰ
3338 1665 3564 1736 νεκροὶ,
3614 1664 3708 1717 καὶ

2117 1759 2506 1830 ἐγερθήσονται
2532 1760 2579 1810 οἱ
2614 1761 2669 1810 ἐν
2690 1760 2800 1822 τοῖς
2836 1757 3122 1829 μνημείοις
3142 1775 3156 1788 ·
3187 1777 3204 1808 ι
3228 1758 3244 1826 )
3267 1757 3328 1810 ού
3364 1757 3473 1828 γὰρ
3491 1754 3708 1810 ἀπιστῶ

2115 1849 2194 1922 τῷ
2219 1852 2320 1922 τῆς
2350 1849 2698 1912 ἀναστάσεως
2734 1848 2900 1920 λόγῳ,
2938 1849 3014 1912 ὼς
3040 1849 3090 1901 οἰ
3123 1847 3491 1902 Σαδδουκαῖοι.

2187 2036 2374 2089 Εἶπεν
2403 2033 2558 2102 αὐτῇ
2598 2036 2630 2088 ὀ
2668 2033 2908 2102 Ἰησοῦς
2929 2050 2940 2064 ·
2983 2031 3129 2102 Ἐγώ
3156 2035 3270 2102 εἰμι
3305 2032 3342 2099 ἡ
3371 2033 3706 2099 ἀνάστασις

2113 2127 2214 2180 βτίιί
2241 2129 2277 2195 ἡ
2306 2125 2416 2193 ζωή
2438 2144 2451 2157 '
2497 2126 2592 2180 καὶ
2617 2126 2686 2180 τά
2714 2127 2860 2197 ἑξῆς.

2185 2215 2411 2284 Καρπὸς
2441 2231 2504 2282 γε
2532 2213 2636 2285 μὴν
2669 2215 2761 2267 καὶ
2789 2212 2924 2285 τιμὴ
2951 2213 3050 2283 τῆς
3081 2217 3158 2278 εἰς
3183 2216 3416 2286 Χριστὸν
3444 2218 3703 2281 πίστεως,

2112 2307 2144 2374 ή
2183 2303 2399 2367 αἰώνιος
2433 2305 2565 2376 ζωὴ,
2600 2305 2694 2358 καὶ
2719 2306 2820 2358 ούκ
2873 2305 3047 2368 ἄλλως
3077 2307 3428 2377 προσγίνεται
3457 2307 3614 2362 τοῦτο
3637 2311 3703 2380 τῇ

2111 2396 2206 2450 τού
2255 2395 2542 2468 ἀνθρώπου
2591 2397 2760 2469 ψυχῇ.
2814 2398 2876 2450 Εἰ
2931 2399 3040 2470 γάρ
3083 2399 3170 2452 διά
3220 2400 3456 2471 Χριστὸν
3503 2401 3706 2464 πάντες

2113 2489 2477 2560 ἀνιστάμεθα,
2530 2490 2667 2543 ἀλλά
2702 2491 2815 2562 ζωὴ
2867 2490 3006 2560 αὕτη
3052 2492 3200 2546 ἐστὶν
3235 2491 3461 2564 ἀληθὴς,
3495 2492 3558 2546 τὸ
3585 2495 3706 2546 ἀτεο

2113 2582 2386 2654 λευτήτως
2435 2583 2492 2634 ἐν
2531 2583 2895 2653 μακαριότητι
2947 2582 3084 2654 ζῇν·
3137 2583 3288 2637 οὐδὲν
3315 2583 3425 2654 γὰρ
3453 2583 3703 2654 διαφέρει

2113 2674 2368 2738 θανάτου,
2395 2675 2456 2727 τὸ
2487 2677 2565 2740 εἰς
2594 2675 2815 2729 κόλασιν
2842 2676 3138 2730 ἀναϐιῶναι
3179 2677 3358 2747 μόνον.
3400 2678 3460 2730 Εἰ
3487 2672 3579 2729 ούν
3605 2677 3706 2748 ὁρᾷ

2111 2785 2196 2830 τις
2229 2769 2324 2820 καὶ
2362 2769 2490 2831 τοὺς
2533 2768 2720 2836 ἁγίους
2750 2768 3088 2838 θνήσκοντας
3120 2769 3254 2832 τοὺς
3283 2768 3549 2832 λαϐόντας
3576 2770 3705 2824 ὑπο-

2115 2859 2329 2930 σχέσεις
2381 2859 2548 2930 ζωῆς,
2599 2859 2752 2914 οὐδὲν
2802 2859 2984 2914 τοῦτο’
3039 2861 3198 2932 μόνον
3227 2861 3340 2930 γὰρ
3371 2861 3495 2913 ὅσον
3536 2862 3617 2924 εἰς
3645 2861 3707 2914 τὸ

2115 2952 2390 3024 συμϐῆναι
2419 2953 2649 3023 γίνεται.
2692 2952 2885 3025 Καιρῷ
2915 2954 2972 3006 δὲ
3002 2953 3080 3024 τῷ
3103 2953 3375 3024 πρέποντι
3409 2954 3705 3024 τετήρηται

2113 3043 2148 3114 ἡ
2176 3043 2274 3112 τῆς
2311 3042 2534 3114 χάριτος
2581 3044 2867 3108 ἀνάδειξις,
2918 3045 2979 3096 ού
3018 3043 3158 3096 κατά
3208 3043 3372 3115 μέρος
3421 3043 3704 3112 ἰσχύουσα,

2113 3133 2228 3188 ἀλλ’
2255 3137 2312 3189 ἐν
2344 3137 2479 3188 πᾶσι
2509 3135 2774 3208 διηνεκῶς
2822 3137 2916 3189 καὶ
2960 3138 3072 3200 τοῖς
3104 3136 3202 3206 ήδη
3237 3136 3706 3207 προαποθανοῦσιν

2115 3228 2292 3298 ἁγίοις
2321 3229 2454 3299 πρὸς
2477 3229 2656 3297 ὀλίγον
2680 3228 3043 3298 γευσαμένοις
3073 3228 3168 3281 τοῦ
3201 3230 3452 3292 θανάτου,
3481 3228 3585 3292 ἓως
3608 3229 3708 3299 τῆς

2115 3323 2301 3392 κοινῆς
2346 3323 2717 3384 ἀναστάσεως.
2771 3320 2904 3372 Τότε
2962 3319 3069 3390 γάρ
3115 3321 3313 3384 κοινῶς
3365 3321 3564 3384 πάντες
3597 3321 3708 3376 τῶν

2116 3414 2336 3483 ἀγαθῶν
2367 3414 2793 3468 ἀπολαύσουσιν.
2824 3413 3009 3466 Εἰπὼν
3043 3413 3101 3466 δὲ
3128 3416 3154 3468 6
3181 3413 3395 3485 Σωτὴρ,
3423 3416 3504 3468 ὃτι
3539 3434 3557 3466 ι
3581 3414 3707 3469 Ἐὰν

2113 3503 2384 3576 ἀποθάνῃ,
2419 3504 2700 3575 ζήσεται,»
2733 3507 2833 3557 ούκ
2860 3503 3037 3557 ἀνεῖλε
3069 3503 3145 3572 τῷ
3173 3503 3269 3556 νῦν
3300 3505 3455 3585 αἰοῶνι
3490 3505 3581 3556 τὸν
3607 3503 3708 3557 θά-

2112 3615 2271 3653 νατον
2297 3615 2310 3628 ⁸
2343 3597 2479 3652 ἀλλά
2512 3597 2764 3672 τοσοῦτον
2795 3596 2957 3652 αὐτὸν
2983 3597 3166 3650 δίδωσι
3195 3596 3336 3649 κατά
3364 3595 3474 3649 τῶν
3501 3595 3708 3648 πιστῶν

2117 3691 2341 3762 ἰσχύειν,
2381 3693 2504 3746 ὅσον
2540 3686 2618 3755 εἰς
2644 3691 2704 3744 τὸ
2735 3691 3012 3762 συμϐῆναι
3059 3691 3240 3758 μόνον’
3280 3687 3458 3759 καιρῷ
3488 3687 3598 3759 γάρ
3629 3687 3708 3758 τῷ

2115 3787 2380 3858 πρέποντι
2410 3786 2685 3856 τετήρηκε
2721 3785 2819 3856 τὴν
2845 3785 2940 3854 τῆς
2973 3783 3328 3846 ἀναστάσεως
3364 3782 3544 3852 χάριν.
3569 3780 3708 3851 Φησὶ

2113 3877 2266 3947 γοῦν,
2298 3879 2378 3930 ὅτι
2401 3878 2513 3930 03x
2539 3879 2766 3949 ἄμοιρος
2792 3876 2945 3931 ἔσται
2976 3877 3070 3929 τοῦ
3093 3877 3190 3947 τῆς
3208 3875 3414 3946 ’σαρκὸς
3446 3873 3703 3938 θανάτου,

2113 3969 2202 4024 διά
2234 3969 2333 4042 τὴν
2366 3969 2714 4040 ἀνθρωπίνην
2744 3969 2928 4039 φύσιν,
2959 3971 2987 4022 6
3016 3971 3096 4032 εἰς
3127 3968 3229 4039 ἐμὲ
3262 3968 3554 4030 πιστεύων,
3591 3965 3704 4019 ἀλλ’

2113 4063 2264 4134 ὅμως
2289 4063 2440 4116 οὐδὲν
2481 4064 2544 4116 ἐκ
2576 4061 2770 4116 τούτου
2804 4061 3051 4115 πείσεται
3083 4061 3276 4122 δεινον,
3307 4059 3440 4111 Θεοῦ
3469 4057 3704 4128 δυναμέ-

2113 4174 2208 4210 νου
2235 4157 2518 4220 ζωοποιεῖν
2540 4154 2778 4218 εὐκόλως
2805 4153 2864 4208 ὃν
2888 4152 2954 4207 ἂν
2982 4153 3163 4224 ἐθέλῃ.
3206 4153 3266 4206 Ὀ
3296 4153 3404 4224 γὰρ
3437 4154 3517 4219 εἰς
3545 4151 3706 4205 αὐτὸν

2116 4247 2436 4314 πιστεύσας,
2487 4249 2544 4302 ὲν
2593 4247 2672 4320 τῷ
2719 4247 2966 4319 μέλλοντι
3018 4247 3175 4300 αἰῶνι
3208 4247 3566 4317 ἀτελεύτητον
3590 4244 3707 4316 ἔχει

2116 4338 2263 4412 ζωὴν
2310 4341 2368 4393 ὲν
2403 4340 2766 4410 μακαριότητι
2809 4339 2904 4393 καὶ
2940 4339 3222 4410 ὁλοκλήρῳ
3275 4337 3573 4408 ἀφθαρσίᾳ.
3613 4335 3708 4389 Att

2119 4433 2192 4503 μή
2220 4449 2301 4496 τις
2329 4433 2544 4501 γελάτω
2567 4432 2675 4486 τῶν
2705 4431 2968 4484 ἀπίστων·
2997 4433 3059 4485 οὐ
3091 4431 3196 4502 γάρ
3227 4426 3378 4483 εἶπεν
3400 4433 3429 4482 ὁ
3451 4429 3704 4502 Χριστὸς,

2129 4526 2360 4594 Ἀπάρτι
2393 4525 2620 4581 θάνατον
2655 4526 2714 4578 οὐ
2753 4523 2910 4598 μή[ν]
2950 4525 3066 4597 ἴδῃ·
3119 4524 3255 4578 ἀλλὰ
3289 4523 3708 4594 ἀπολελυμένως

424 4611 564 4667 dixit
601 4608 895 4664 Christus:
929 4607 1172 4662 Omnino
1217 4613 1452 4658 mortem
1490 4618 1600 4658 non
1641 4603 1871 4669 videbit,
1913 4603 2012 4660 sed

2117 4616 2308 4680 εἰπὼν,
2349 4616 2617 4669 ιΘάνατον
2647 4616 2708 4669 οὐ
2733 4615 2808 4687 μὴ
2835 4617 2916 4687 ἴδῃ
2952 4618 3030 4679 εἰς
3060 4617 3150 4668 τὸν
3181 4614 3372 4679 αἰῶνα,
3407 4632 3425 4664 ι
3465 4612 3592 4683 περὶ
3612 4607 3706 4662 τοῦ

423 4701 674 4756 absolute
704 4695 969 4763 locutus,
1000 4715 1018 4748 ι
1052 4696 1280 4751 Mortem
1327 4710 1439 4749 non
1483 4693 1694 4748 videbit
1741 4695 1796 4748 iu
1831 4709 2010 4749 saecu-

426 4795 534 4848 lum
557 4832 573 4856 ,
605 4811 623 4845 ›
658 4792 725 4846 de
759 4790 946 4846 futuro
981 4789 1186 4844 smculo
1217 4787 1398 4849 dixit,
1441 4787 1494 4839 in
1528 4785 1662 4840 illud
1699 4785 1862 4838 linem
1897 4801 2012 4842 suae

424 4884 812 4956 promissionis
844 4896 1156 4936 reservans.
1207 4879 1345 4934 Cum
1385 4895 1514 4934 vero
1553 4877 1694 4932 dixit
1733 4875 1958 4932 Marthae
1994 4895 2008 4932 :

430 4998 446 5030 ι
477 4976 714 5032 Credis?
737 4996 754 5026 i
776 4985 1038 5044 tanquam
1073 4981 1304 5026 matrem
1334 4982 1388 5027 et
1417 4970 1854 5026 conciliatricem
1887 4971 2012 5027 vita:

427 5068 656 5140 requirit
699 5067 826 5122 ﬁdei
875 5065 1308 5120 confessionem.
1343 5063 1441 5117 llla
1471 5077 1606 5117 vero
1640 5071 1893 5132 prompte
1924 5080 2016 5120 as-

426 5175 591 5216 sensa
627 5169 712 5215 est
742 5167 796 5214 et
826 5167 1022 5212 exacte
1052 5155 1309 5210 confessa
1334 5195 1348 5220 ,
1385 5169 1495 5208 non
1532 5154 1860 5224 simpliciter
1894 5170 2019 5210 cre-

427 5255 563 5310 dens
596 5251 743 5324 quod
778 5249 1036 5305 Christus
1071 5254 1220 5304 esset
1269 5256 1322 5303 et
1357 5245 1530 5302 Filius
1582 5247 1695 5301 Dei.
1751 5246 2012 5304 Christus

423 5346 574 5400 enim
606 5352 788 5415 potest
814 5339 982 5411 683
1012 5353 1136 5393 esse
1185 5349 1239 5394 et
1288 5341 1554 5410 propheta
1579 5381 1592 5404 ,
1629 5339 1758 5409 quia
1811 5349 2014 5396 unctus

429 5435 807 5500 fuerit.idem
857 5439 912 5485 et
961 5429 1138 5485 Filius
1188 5431 1423 5502 intelligi
1475 5440 1676 5502 potest.
1732 5429 1838 5486 Sed
1884 5448 2010 5488 cum

428 5528 664 5591 articulo
719 5525 906 5579 locuta
955 5522 1097 5588 hoc,
1131 5523 1221 5593 qui
1280 5523 1538 5580 Christus
1585 5530 1640 5578 et
1691 5520 1866 5578 Filius
1917 5524 2012 5581 Dei

427 5631 544 5687 est,
578 5633 752 5674 unmn
786 5625 841 5672 et
877 5616 1178 5677 eximium.
1222 5617 1602 5686 selectumque
1645 5624 1698 5669 et
1746 5631 1873 5670 vere
1918 5615 2010 5671 Fi-

429 5711 562 5768 lium
612 5705 870 5764 confessa
916 5715 1020 5764 est.
1051 5705 1110 5761 lu
1144 5705 1342 5782 Filium
1387 5707 1558 5778 igitur
1604 5705 1769 5770 fides,
1805 5721 1910 5762 non
1950 5710 2003 5765 in

501 5889 545 5920 ³⁷
582 5883 740 5942 Joau.
773 5899 824 5954 v,
860 5883 950 5942 29.
1029 5885 1074 5918 ³⁸
1112 5883 1218 5942 lsa.
1249 5903 1412 5956 xxvi,
1445 5888 1524 5944 l9.

2123 4707 2407 4780 μέλλοντος
2429 4708 2622 4771 αἰῶνος
2647 4705 2819 4771 εἶπεν,
2849 4709 2928 4770 εἰς
2949 4710 3156 4760 ἐκεῖνον
3183 4707 3427 4778 τηρήσας
3452 4705 3512 4756 τὸ
3534 4705 3708 4774 πέρας

2119 4801 2214 4872 τῆς
2242 4801 2608 4870 ὑποσχέσεως.
2643 4802 2826 4854 Εἰπὼν
2848 4800 2904 4854 δὲ
2935 4803 2999 4872 τῇ
3031 4799 3234 4870 Μάρθα
3261 4815 3272 4826 ·
3314 4795 3700 4861 ι11ιστεύεις;›

2119 4892 2195 4956 ὡς
2233 4893 2447 4964 μητέρα
2491 4894 2584 4946 καὶ
2617 4893 2876 4962 πρόξενον
2910 4891 3012 4961 τῆς
3041 4892 3186 4963 ζωῆς
3221 4892 3444 4944 ἀπαιτεῖ
3479 4889 3576 4960 τῆς
3621 4887 3707 4940 πί-

2119 5001 2288 5047 στεως
2318 4984 2414 5056 τὴν
2446 4985 2754 5054 ὁμολογίαν.
2803 4985 2866 5037 Ἢ
2921 4983 2976 5037 δὲ
3040 4985 3272 5055 ἑτοίμως
3307 4982 3577 5042 συνέθετο,
3615 4979 3706 5034 καὶ
3753 5030 3764 5046 ,

2117 5073 2364 5144 ἀκριϐῶς
2383 5075 2656 5144 ὁμολογεῖ,
2680 5075 2776 5144 οὐχ
2799 5073 2984 5138 ἁπλῶς
3004 5074 3355 5136 πιστεύουσα,
3375 5073 3456 5125 ὅτι
3474 5072 3706 5144 Χριστός

2115 5167 2232 5216 ἐστι
2267 5163 2361 5217 καὶ
2395 5163 2522 5226 Υἱὸς
2549 5165 2643 5216 τοῦ
2673 5163 2830 5217 Θεοῦ.
2883 5163 3118 5234 Χριστὸς
3147 5163 3254 5232 γὰρ
3297 5160 3520 5214 δύναται
3568 5157 3708 5212 εἶναι

2117 5247 2212 5311 καλ.
2245 5257 2532 5327 προφήτης
2553 5297 2567 5321 ,
2604 5256 2693 5310 διὰ
2719 5257 2780 5308 τὸ
2809 5257 3094 5328 κεκρίσθαι
3119 5273 3132 5286 ο
3175 5257 3202 5309 6
3245 5253 3406 5318 αὐτὸς
3438 5253 3534 5306 καὶ
3579 5253 3708 5316 Υἱὸς

2120 5348 2358 5401 νοεῖσθαι
2389 5348 2631 5404 δύναται.
2659 5348 2822 5403 Ἀλλά
2851 5349 2992 5421 μετά
3007 5349 3102 5402 τοῦ
3131 5347 3337 5420 ἄρθρου
3361 5345 3614 5410 εἰποῦσα,
3647 5345 3706 5398 '0

2122 5438 2359 5509 Χριστὸς
2388 5440 2416 5491 ὁ
2448 5440 2576 5504 Υίὸς
2608 5440 2701 5494 τοῦ
2731 5439 2888 5506 Θεοῦ,
2937 5439 3030 5494 τὸν
3057 5439 3153 5492 ἕνα
3181 5439 3275 5492 καὶ
3305 5437 3584 5510 ἐξαίρετον
3611 5437 3707 5491 καὶ

2121 5530 2338 5602 ἀληθῶς
2367 5531 2492 5584 Υίὸν
2519 5533 2889 5606 ὡμολόγησεν.
2920 5533 3015 5594 Εἰς
3043 5531 3131 5584 τὸν
3161 5530 3289 5584 Υίὸν
3313 5526 3406 5584 οὖν
3437 5532 3470 5601 ή
3501 5530 3702 5594 πίστις,

2121 5624 2222 5678 ούκ
2263 5625 2344 5687 εἰς
2395 5624 2628 5696 ποίημα.
2683 5625 2747 5678 Εἰ
2782 5623 2890 5695 γὰρ
2924 5622 3138 5694 ποίημα
3180 5622 3276 5676 καὶ
3325 5622 3528 5692 κτίσμα
3562 5621 3706 5675 κατά

2120 5733 2272 5780 τινας
2320 5716 2579 5788 ὑπάρχων
2613 5718 2641 5770 6
2674 5716 2824 5784 Υἱὸς,
2856 5716 3149 5782 ἀνάστασίς
3180 5715 3414 5772 ἐστικαὶ
3460 5713 3594 5786 ζωὴ,
3629 5713 3706 5786 μὴ
