4104 6432
429 348 506 406 49
1298 357 1365 411 l.\'
1397 357 1739 418 JOANNEM-
1768 388 1837 399 —-
1874 357 2003 414 ΗΒ.
2027 361 2116 415 VH
2159 361 2245 415 [CT
2294 362 2404 418 Vill
2440 366 2884 423 FRAGMENTA.
3636 372 3709 430 50

426 467 800 540 θαυμαζέσθω
827 470 1002 525 ταῦτα
1031 471 1104 525 ὢν
1140 475 1231 528 καὶ
1255 475 1283 526 6
1309 478 1456 545 Πατή
1469 494 1517 546 ρ.
1553 477 1616 529 Τί
1645 477 1753 547 γὰρ
1782 478 1840 530 τὸ
1866 479 2025 532 πλέον

2134 481 2398 539 facturas.
2422 485 2476 538 Si
2497 488 2641 541 enim
2678 488 2890 543 factura
2914 500 3190 553 creatura,
3214 492 3510 547 secundum
3537 508 3701 562 quos-

422 561 486 613 ὲν
516 560 668 631 αὐτῷ
716 563 868 634 παρὰ
899 564 967 618 τά
1018 568 1333 637 ποιήματα;
1386 568 1447 622 Εἰ
1478 570 1533 622 δὲ
1565 570 1673 624 τῶν
1702 573 2021 642 ποιημάτων

423 653 685 707 τοσοῦτον
714 656 839 709 ὅσον
864 658 1023 727 ἴσμεν
1053 658 1365 728 ἀπῴκισται
1396 662 1538 716 κατὰ
1570 663 1658 717 τὸν
1685 663 1783 733 τῆς
1809 664 2022 732 φύσεως

424 742 608 812 λόγον,
641 747 735 799 καὶ
766 747 859 800 διὰ
889 748 951 801 τὸ
980 744 1117 803 εἷναι
1148 750 1260 822 ζωὴ
1282 792 1295 816 ,
1340 753 1456 816 πῶς
1505 753 1571 807 ἂν
1617 754 1704 825 εἴη
1737 755 1947 824 ποίημα
1992 757 2020 807 ὁ

423 835 582 900 Υἱὸς.
634 838 746 909 ζωὴ
781 840 876 893 καὶ
905 842 1070 906 αὐτὸς
1117 844 1260 897 κατά
1306 845 1469 912 φύσιν
1496 847 1781 917 ⁹ὅτιόιρχων,
1828 849 2018 917 ὥσπερ

387 997 397 1005 _
422 925 521 982 οὖν
552 931 649 983 καὶ
673 933 702 984 ὁ
730 934 1002 1002 γεννήσας
1028 935 1226 1002 αὑτόν;
1279 936 1399 1007 Ζωὴ
1447 938 1505 990 δὲ
1545 940 1684 999 ὅλως
1712 940 1818 992 τῶν
1860 958 2019 1010 ποιη-

388 1016 395 1021 ’
426 1021 622 1091 μάτων
641 1022 793 1075 οὐδέν
820 1025 955 1087 ἐστι,
979 1024 1125 1093 ζωῆς
1149 1028 1204 1079 δὲ
1230 1028 1429 1097 μᾶλλον
1453 1030 1553 1098 τῆς
1574 1031 1681 1083 ἀπὸ
1701 1029 1794 1083 τοῦ
1819 1030 2018 1094 ζῶντος

421 1113 565 1167 Θεοῦ
598 1115 847 1186 μέτοχον,
870 1117 991 1169 ἐπεὶ
1023 1119 1114 1171 καὶ
1136 1139 1153 1170 ι
1181 1121 1239 1171 ἐν
1268 1120 1386 1190 Θεῷ
1413 1120 1593 1191 ζῶμεν
1623 1139 1681 1175 τε
1710 1123 1805 1176 καὶ
1840 1123 2018 1176 κινού-

429 1204 577 1273 μεθα
609 1208 702 1259 καὶ
729 1209 919 1278 ἐσμὲν,
951 1231 969 1261 ›
1011 1211 1083 1274 ὡς
1115 1213 1142 1264 ὁ
1177 1213 1391 1277 Παῦλος
1423 1231 1611 1282 φησιν.

423 1294 542 1348 vita
579 1305 699 1358 est,
739 1298 838 1352 sed
877 1301 1062 1368 potius
1097 1316 1126 1354 a
1164 1303 1384 1359 vivente
1422 1302 1533 1359 Deo
1564 1305 1689 1359 vita:
1719 1305 2021 1374 particeps,

428 1407 669 1459 smnus,
712 1415 730 1447 ι
780 1408 838 1452 ιιι
866 1398 1073 1456 Paulus
1110 1402 1187 1455 ait
1222 1401 1290 1455 ³⁸.

505 1488 662 1557 Τάχα
683 1489 741 1541 δὲ
774 1490 851 1559 (1)
886 1494 935 1545 οί
986 1493 1170 1547 πολλοὶ
1206 1493 1316 1547 τῶν
1356 1495 1719 1548 πιστευόντων
1743 1536 1757 1558 ,
1818 1494 1909 1547 καὶ
1945 1492 2020 1562 μὴ

424 1578 704 1651 ἄτρεπτον
740 1584 835 1635 καὶ
866 1583 1083 1653 βέϐαιον
1130 1585 1346 1657 ἔχοντες
1382 1586 1481 1656 τὴν
1530 1587 1739 1647 πίστιν,
1791 1585 2021 1640 τοιοῦτοί

424 1672 572 1724 εἰσιν
597 1671 674 1735 ὦς
707 1674 756 1725 τ’
787 1676 855 1730 ἂν
883 1678 1058 1730 εἰπεῖν
1084 1678 1213 1748 περὶ
1242 1679 1443 1742 αὐτῶν,
1465 1680 1546 1731 ὅτι
1568 1678 1915 1731 πιστεύουσιν
1943 1680 2022 1741 εἰς

422 1764 522 1816 τὸν
573 1764 819 1834 Ἰησοῦν,
868 1769 964 1820 καὶ
1005 1768 1343 1839 ἐπιδέχονται
1376 1770 1437 1822 τὸ
1481 1769 1871 1839 ἀποθνήσκειν,
1928 1770 2023 1821 καὶ

423 1854 760 1910 ἀποθάνοιεν
809 1875 976 1911 ποτε·
1018 1860 1383 1925 ἀποθανόντες
1420 1862 1512 1926 δὲ,
1565 1862 1625 1914 ού
1668 1861 1922 1929 μένουσιν
1965 1861 2022 1912 ἐν

425 1944 688 2015 θανάτῳ,
725 1947 866 2000 ἀλλὰ
899 1948 1178 2020 ζήσονται.
1232 1952 1296 2005 Et
1328 1951 1385 2004 δέ
1415 1968 1497 2014 τις
1526 1951 1626 2021 ἥδη
1663 1950 1724 2002 τὸ
1753 1951 2023 2020 ἄτρεπτον

424 2038 526 2089 καὶ
561 2037 778 2105 βέὄαιον
806 2039 1146 2110 ἀνειλησὼς,
1203 2042 1339 2110 μετὰ
1372 2042 1578 2111 ταύτης
1612 2042 1709 2112 τῆς
1741 2041 1906 2108 ἕξεως
1939 2058 2026 2094 πι-

427 2128 639 2193 στεύοι,
666 2125 823 2194 οὗτος
853 2131 918 2184 ἂν
943 2134 1031 2203 εἴη’
1058 2134 1085 2184 6
1112 2133 1221 2196 ζῶν
1248 2133 1343 2187 καὶ
1373 2133 1644 2186 πιστεύων
1672 2135 1761 2187 καὶ
1791 2134 1864 2204 μὴ
1892 2134 2024 2187 ἀπο-

424 2218 762 2290 θανούμενος
792 2223 869 2284 είς
896 2221 985 2274 τὸν
1006 2221 1196 2276 αἰῶνα.
1222 2217 1345 2287 υἷος
1372 2220 1437 2293 ἦν
1466 2224 1494 2275 6
1524 2224 1793 2294 μακάριος
1815 2222 2023 2287 Παῦλος

424 2310 610 2379 λέγων
641 2332 653 2344 ·
719 2331 737 2364 ι
785 2314 884 2376 Τίς
914 2315 1064 2384 ἡμᾶς
1104 2315 1331 2385 χωρίσει
1383 2315 1491 2368 ἀπὸ
1530 2315 1631 2385 τῆς
1683 2314 1904 2385 ἀγάπης
1929 2312 2023 2368 τοῦ

425 2400 674 2472 Χριστοῦ
702 2420 716 2468 ;
751 2421 769 2454 ι
816 2405 910 2456 καὶ
938 2403 1005 2456 τά
1037 2401 1188 2473 ἑξῆς.

504 2493 824 2559 "laterisic
850 2495 1078 2559 τούτῳ;

505 2584 1034 2655 Προεξηγησάμενος
1081 2586 1175 2640 τοῦ
1207 2586 1347 2641 κατά
1380 2586 1541 2641 αὑτὸν
1595 2586 1897 2657 μυστηρίου
1926 2584 2024 2655 τὴν

424 2673 705 2745 δύναμιν,
750 2676 846 2729 καὶ
889 2676 1069 2741 δείξας
1115 2677 1361 2749 ἐναργῶς
1401 2679 1483 2732 ὅτι
1529 2678 1642 2751 ζωὴ
1688 2680 1827 2733 κατὰ
1862 2680 2026 2749 φύσιν

427 2767 557 2819 ἐστὶ
601 2767 695 2820 καὶ
724 2766 856 2830 Θεὸς
892 2767 1178 2839 ἀληθινὸς,
1231 2772 1457 2824 ἀπαιτεῖ
1492 2770 1589 2841 τὴν
1623 2772 1714 2825 ἐπὶ
1744 2774 1810 2844 τῇ
1844 2773 2025 2826 πίστει

429 2857 678 2923 σύνεσιν,
711 2858 881 2912 τύπον
912 2862 1033 2923 ταῖς
1075 2860 1424 2931 Ἑκκλησίαις
1451 2862 1543 2914 τὸν
1572 2862 1665 2915 ἐπὶ
1688 2863 1862 2933 τούτῳ
1890 2863 2021 2926 οείς.

426 2949 555 3019 Χρὴ
587 2950 694 3020 γὰρ
735 2951 797 3002 οὐ
826 2950 1073 3004 διάκενον
1107 2953 1256 3021 ἡμᾶς
1278 2954 1356 3016 είς
1396 2953 1533 3023 ἀέρα
1563 2954 1889 3023 ῥιπτοῦντας
1918 2972 2027 3023 φω-

426 3036 552 3106 νὴν.
600 3038 661 3091 τὸ
709 3039 907 3092 σεπτὸν
936 3040 1218 3108 ὁμολογεῖν
1249 3043 1546 3112 μυστήριον
1569 3081 1583 3105 ,
1614 3042 1728 3095 ἀλλ’
1754 3046 1810 3096 ὲν
1833 3043 2027 3115 καρδίᾳ

2131 574 2278 639 dam,
2304 577 2579 633 exsistens
2623 579 2816 645 Filius,
2844 584 3182 638 rcsurrcttio
3220 595 3303 640 est
3334 593 3388 639 et
3429 587 3563 649 vita,
3606 602 3702 640 ne—

2133 683 2412 739 quaquam
2451 671 2808 728 admirationi
2840 675 3000 730 debet
3031 692 3155 731 esse
3191 678 3303 733 haec
3342 681 3618 734 exsislcns
3650 689 3704 732 et

2130 756 2313 812 Pater.
2355 759 2497 825 Quid
2535 762 2680 816 enim
2724 765 2961 833 amplius
2997 774 3082 821 est
3131 767 3186 821 in
3237 784 3303 821 eo
3334 784 3492 838 quam
3524 768 3579 821 in
3620 768 3699 821 fa-

2127 852 2333 905 ctm'is?
2368 853 2427 906 Si
2460 869 2590 908 vero
2630 862 2840 909 tantum
2873 869 3139 926 quantum
3175 860 3382 913 scimus
3415 875 3445 912 a
3478 858 3703 912 facturis

2128 943 2358 996 dissitas
2398 953 2501 1007 est,
2551 948 2858 1001 secundum
2910 957 3120 1003 natnrm
3168 967 3282 1005 sua:
3330 951 3595 1003 rationem
3653 960 3703 1003 et

2126 1034 2256 1101 quia
2292 1043 2377 1089 est
2410 1036 2556 1099 vita,
2594 1038 2868 1106 qumnodo
2906 1038 3122 1092 factura
3166 1039 3333 1093 fuerit
3373 1038 3575 1103 Filius,
3608 1038 3700 1106 qui

2125 1133 2179 1176 ct
2221 1125 2338 1193 ipse
2374 1126 2483 1178 vita
2516 1127 2820 1182 secundum
2859 1133 3113 1182 naturam
3161 1129 3414 1191 exsistit,
3466 1130 3613 1182 sicut
3651 1136 3703 1180 et

2123 1216 2214 1283 qui
2261 1219 2452 1286 genuit
2498 1222 2670 1275 eum?
2708 1221 2943 1275 Omnino
2988 1237 3115 1276 vero
3165 1222 3312 1275 nulla
3361 1221 3699 1274 facturarum
3752 1242 3753 1245 η

2061 1307 2509 1377 quandoquidem
2544 1320 2597 1365 et
2638 1330 2655 1361 ι
2695 1312 2747 1365 ἱιι
2788 1310 2901 1367 Deo
2944 1313 3177 1369 vivimus
3214 1323 3266 1368 et
3301 1327 3583 1368 movemur
3648 1316 3704 1363 et

2204 1488 2372 1545 Forte
2417 1490 2575 1544 multi
2629 1506 2693 1545 ex
2754 1491 3142 1555 credentibus,
3201 1493 3698 1552 immutabilitatent

2131 1580 2563 1653 ﬁrmitatemque
2593 1583 2717 1638 ﬁdei
2750 1600 2860 1639 non
2898 1585 3185 1651 habentes,
3221 1587 3358 1643 tales
3388 1598 3518 1644 sunt
3546 1600 3603 1645 ut
3632 1590 3701 1646 de

2131 1674 2200 1730 iis
2251 1674 2362 1728 dici
2410 1677 2586 1745 possit
2641 1680 2809 1746 quod,
2848 1678 3136 1733 credentes
3188 1679 3242 1732 in
3289 1678 3498 1745 Jesum,
3536 1685 3699 1737 morti

2056 1809 2096 1863 Β
2131 1773 2312 1821 tamen
2346 1767 2575 1822 obnoxii
2610 1776 2763 1834 sunt,
2796 1778 2851 1823 et
2881 1770 3178 1839 aliquando
3206 1772 3423 1839 quidem
3455 1774 3702 1829 moriun-

2137 1868 2260 1924 tur;
2294 1858 2347 1911 in
2401 1866 2579 1913 morte
2622 1866 2806 1915 autem
2859 1875 2968 1914 non
3020 1870 3266 1926 manent,
3306 1871 3496 1931 postea
3534 1865 3700 1919 vitam

2130 1951 2533 2019 rceuperaturi.
2558 1948 2758 2005 Verum
2783 1950 2831 2005 si
2866 1952 3010 2020 quis,
3043 1953 3363 2006 lirmitatem
3387 1953 3702 2008 immutabi-

2130 2041 2455 2112 litatemque
2488 2042 2602 2111 jam
2664 2051 3024 2107 consecutus,
3055 2044 3137 2097 sic
3173 2042 3384 2108 credat,
3406 2045 3551 2099 hunc
3579 2061 3702 2100 esse

2127 2132 2362 2187 dixerim
2393 2134 2666 2189 viventem
2696 2142 2749 2189 et
2782 2135 3092 2190 credentem
3142 2136 3234 2204 qui
3271 2153 3380 2190 non
3439 2137 3703 2191 morietur

2129 2225 2183 2278 in
2226 2236 2527 2289 internum.
2558 2225 2747 2289 Qualis
2790 2234 2911 2280 erat
2962 2226 3158 2281 beatus
3197 2225 3425 2289 Paulus,
3463 2243 3585 2282 cum
3621 2227 3703 2281 di-

2130 2323 2313 2371 ceret:
2340 2334 2358 2367 ι
2383 2315 2516 2381 Quis
2544 2328 2650 2372 'nos
2667 2318 2944 2387 separabit
2970 2333 2998 2372 a
3029 2317 3298 2380 charitate
3328 2317 3537 2373 Christi
3562 2318 3645 2371 δοῖ
3674 2336 3696 2372 ο

2198 2492 2292 2558 XI,
2329 2493 2418 2548 26.
2456 2492 2645 2550 Credis
2673 2494 2835 2549 huic?

2197 2582 2360 2640 Prius
2397 2585 2644 2654 eXposita
2696 2585 2750 2637 vi
2804 2584 3050 2655 mysterii
3106 2585 3253 2640 circa
3314 2602 3394 2649 se,
3446 2587 3704 2656 clareque

2127 2683 2354 2731 ostenso
2402 2660 2555 2745 quod
2601 2678 2710 2730 vita
2761 2676 3067 2732 secundum
3123 2685 3376 2731 naturam
3445 2685 3500 2731 et
3556 2674 3702 2732 Deus

2125 2784 2291 2824 verus
2354 2776 2457 2831 est,
2533 2769 2764 2837 requirit
2829 2770 2975 2824 circa
3031 2768 3189 2823 ﬁdem
3252 2771 3698 2840 intelligentiam,

2129 2860 2357 2931 ﬁguram
2392 2859 2654 2915 Ecclesiis
2693 2861 2747 2913 in
2787 2876 2852 2914 eo
2887 2876 3116 2929 ponens.
3144 2860 3262 2915 Non
3301 2862 3446 2914 enim
3485 2871 3702 2931 oportet

2128 2966 2230 3006 nos
2258 2967 2490 3005 vacuam
2549 2951 2603 3003 in
2655 2965 2780 3004 aera
2834 2950 3101 3018 jacicntes
3157 2966 3344 3005 vocem
3390 2951 3702 3007 venerabile

2130 3038 2287 3093 fateri
2320 3039 2667 3109 mysterium,
2699 3038 2791 3092 sed
2832 3038 3114 3091 fundatam
3150 3039 3203 3092 in
3239 3038 3406 3093 corde
3433 3048 3487 3094 ct
3518 3040 3703 3096 animo

427 3128 527 3180 καὶ
551 3127 628 3199 νῷ
663 3129 764 3198 τὴν
797 3129 982 3184 πίστιν
1008 3128 1366 3201 ριζώσαντας,
1399 3132 1609 3203 καρπὸν
1641 3132 1732 3185 τοῦ
1764 3134 2024 3209 πράγματ

2131 3130 2290 3185 ﬁdem
2333 3132 2633 3191 habentes,
2683 3129 2923 3185 fructum
2978 3131 3101 3200 ejus
3156 3131 3561 3186 confessionem
3604 3147 3705 3201 po-

426 3236 528 3283 τος
576 3220 848 3280 ποιεῖσθαι
886 3222 983 3292 τὴν
1013 3222 1304 3292 ὁμολογίαν
1327 3265 1340 3289 ,
1388 3228 1481 3276 καὶ
1510 3224 1786 3276 πιστεύειν
1821 3226 2024 3277 ἐνδοια-

431 3309 579 3381 σμοῦ
613 3328 760 3375 τινος
802 3311 924 3382 δίχα
958 3314 1052 3366 καὶ
1097 3313 1370 3384 διῲυχίας.
1428 3314 1718 3385 Ὑϐριστὴς
1747 3315 1854 3386 γὰρ
1885 3317 1912 3368 ὁ
1950 3316 2025 3368 δί-

424 3401 609 3471 ψυχος
654 3402 749 3456 καί
778 3401 1033 3472 χωλεύων
1068 3403 1198 3473 περὶ
1239 3403 1338 3473 τὴν
1371 3402 1569 3455 πίστιν·
1621 3401 1709 3456 διά
1752 3402 1906 3455 τοῦτο
1931 3402 2024 3455 καὶ

429 3493 819 3557 ἀκατάστατος
853 3496 911 3548 ὲν
943 3493 1144 3557 πάσαις
1168 3497 1286 3557 ταῖς
1314 3495 1450 3558 ὁδοῖς
1485 3492 1670 3547 αὐτοῦ.
1724 3494 1937 3546 Εἱδέναι
1966 3509 2024 3545 σε

433 3585 548 3656 μὴν
579 3582 896 3653 ἀναγκαῖον,
915 3586 997 3638 ὅτι
1019 3585 1136 3655 Θεῷ
1162 3586 1258 3655 τῆς
1286 3586 1520 3649 πίστεως
1541 3584 1831 3655 ὁμολογίαν
1850 3584 2027 3639 ποιού-

421 3676 618 3756 μεθα,
656 3677 759 3730 κᾶν
805 3677 871 3729 δι’
914 3677 1217 3749 ἀνθρώπων
1256 3677 1600 3747 ἐρωτώμενοι
1634 3677 1740 3730 τῶν
1775 3676 2024 3748 ἱερᾶσθαι

429 3768 714 3838 λαχόντων
752 3768 933 3839 φαμὲν
974 3770 1053 3835 τὸ,
1090 3769 1360 3835 Πιστεύω,
1391 3771 1449 3822 ἐν
1493 3773 1557 3840 τῇ
1594 3767 2023 3841 παραλήψειτοῦ

432 3858 599 3927 ἁγίου
627 3858 1025 3930 βαπτίσματος.
1070 3862 1358 3915 Πάνδεινον
1391 3856 1483 3914 οὖν
1510 3860 1617 3932 ἄρα
1644 3860 1704 3913 τὺ
1734 3858 2024 3929 διαψεύσα-

432 3950 566 4002 σθαι
598 3949 693 4001 καὶ
743 3948 1141 4019 παρολισθιτραι
1184 3950 1318 4021 πρὸς
1348 3951 1635 4013 ἀπιστίαν,
1695 3951 1781 4002 ἵνα
1831 3949 1904 4021 μὴ
1933 3951 2026 4004 καὶ

429 4040 703 4111 δικαστὴν
754 4042 847 4093 καὶ
899 4041 1156 4112 μάρτυρα
1210 4040 1467 4104 ἀπονοίας
1512 4041 1723 4111 ἔχωμεν
1752 4041 1913 4094 αὐτὸν
1937 4041 2027 4093 τὸν

434 4132 665 4186 πάντων
702 4134 981 4203 Δεσπότην
1028 4134 1257 4201 λέγοντα
1281 4148 1295 4163 ⁸
1353 4152 1371 4183 ι
1402 4134 1511 4186 Καὶ
1564 4131 1675 4200 ἐγὼ
1730 4132 1967 4203 μάρτυς,
2001 4152 2019 4185 ι

432 4220 579 4291 φησὶ
610 4222 835 4292 Κύριος.
884 4222 1272 4294 Ἐπιτηρητέον
1296 4222 1356 4274 δὲ
1378 4222 1459 4274 ὅτι
1491 4221 1741 4290 Λαζάρου
1772 4222 2025 4291 κειμένου

428 4315 796 4386 αεθνηκότος,
834 4314 976 4385 ὑπὲρ
1018 4313 1182 4367 αὑτοῦ
1214 4313 1415 4384 τρόπον
1455 4313 1575 4366 τινά
1603 4313 1665 4365 τὸ
1694 4312 1916 4381 γύναιον
1944 4311 2030 4376 ἑξ-

434 4410 679 4462 αιτεῖται
704 4407 804 4478 τὴν
842 4407 934 4459 ἐπὶ
959 4408 1025 4476 τῇ
1060 4406 1241 4459 πίστει
1284 4405 1499 4459 σύνεσιν
1525 4427 1537 4436 ·
1568 4404 1661 4458 ἴνα
1683 4406 1845 4459 πάλιν
1872 4404 1900 4456 ὁ
1930 4404 2027 4459 τύ-

2130 3237 2282 3283 nere,
2316 3228 2369 3274 ct
2405 3222 2635 3274 credere
2670 3221 2789 3275 sine
2839 3222 2948 3274 ulla
3011 3221 3352 3277 dubitatione
3397 3230 3451 3276 ct
3505 3224 3704 3278 mentis

2128 3312 2472 3381 duplicitale.
2510 3311 2821 3378 lnjuriosus
2865 3322 2950 3366 est
2988 3313 3134 3367 enim
3168 3313 3369 3381 duplex
3421 3322 3604 3366 mente
3650 3320 3705 3367 et

2127 3405 2278 3459 circa
2312 3405 2473 3459 ﬁdem
2504 3402 2844 3467 claudicans,
2875 3415 3167 3473 propterea
3199 3401 3477 3458 instabilis
3506 3403 3558 3456 in
3586 3417 3705 3456 om-

2128 3497 2292 3551 nibus
2315 3496 2417 3549 viis
2442 3496 2579 3549 suis.
2599 3494 2869 3548 Caeterum
2901 3479 3128 3550 necess'e
3157 3504 3244 3549 est
3267 3495 3541 3565 intelligas
3594 3495 3705 3549 Deo
3735 3518 3749 3529 ο

2131 3602 2230 3642 nos
2248 3585 2653 3641 confessionem
2676 3586 2797 3641 ﬁdei
2826 3587 3110 3650 exhibere,
3129 3588 3293 3640 etiam
3323 3603 3445 3641 cum
3474 3601 3569 3654 per
3604 3585 3704 3638 ho-

2132 3679 2306 3733 mines
2338 3693 2624 3733 sacroruin
2649 3694 2834 3733 curam
2868 3690 2922 3736 ει
2959 3678 3331 3733 sacerdotium
3365 3679 3592 3731 sortitos
3624 3678 3707 3729 in-

2132 3770 2415 3840 terrogati,
2446 3770 2681 3824 dicimus
2728 3770 2853 3833 hoc,
2875 3768 3053 3823 Credo
3088 3770 3141 3822 in
3185 3769 3495 3838 sumptione
3529 3767 3735 3822 sancti.

2129 3862 2496 3931 baptismatis.
2516 3858 2692 3915 Grave
2718 3860 2886 3930 igitur
2916 3869 2970 3914 et
2996 3860 3370 3928 periculosum
3398 3858 3618 3912 mentiri
3650 3867 3704 3913 ει

2130 3954 2198 4007 ad
2226 3943 2679 4008 incredulitatem
2712 3950 3020 4016 deflectere,
3050 3966 3117 4004 ne
3154 3950 3393 4020 judicent
3427 3956 3480 4004 et
3509 3957 3703 4004 testem

2132 4043 2387 4098 amentiae
2411 4043 2712 4097 habeamus
2736 4042 2917 4109 ipsum
2948 4040 3194 4095 omnium
3229 4040 3518 4094 Dominum
3552 4059 3566 4094 :
3609 4039 3704 4092 «Et

2131 4150 2232 4206 ego
2263 4136 2474 4199 testis,»
2501 4134 2682 4204 inquit
2708 4133 2995 4189 Dominus.
3031 4132 3167 4187 Illud
3200 4136 3361 4187 ctiam
3407 4134 3709 4186 observan-

2131 4227 2259 4282 dum
2298 4227 2471 4290 venit,
2505 4226 2676 4297 quod,
2711 4226 2917 4280 Lazaro
2959 4226 3177 4295 jacente
3228 4233 3467 4289 mortuo,
3497 4240 3596 4293 pro
3643 4239 3708 4277 en

2132 4318 2538 4390 quodammodo
2591 4318 2919 4373 muliercula
2973 4319 3349 4386 interrogatur
3387 4317 3454 4371 de
3505 4317 3707 4371 intelli-

2133 4411 2318 4485 gentia
2350 4410 2497 4477 ﬁdei,
2525 4418 2582 4464 ut
2611 4425 2808 4465 rursus
2846 4412 3025 4479 figura
3054 4409 3108 4462 in
3148 4409 3413 4462 Ecclesiis
3449 4408 3623 4462 valeat
3655 4417 3708 4461 et

441 4517 551 4564 πος
575 4501 633 4552 ὲν
658 4502 779 4562 ταῖς
813 4497 1159 4567 Ἐκκλησίαις
1188 4496 1401 4568 ἰσχύσῃ.
1452 4498 1581 4550 Ὅτε
1604 4497 1713 4568 γὰρ
1746 4498 2025 4569 ἀρτιγενὲς

2135 4505 2488 4559 observetur.
2519 4503 2652 4557 Cum
2686 4503 2833 4556 enim
2861 4518 3055 4556 recens
3086 4508 3248 4555 natus
3274 4500 3501 4554 affertur
3525 4498 3708 4555 infans

438 4593 784 4663 προσάγεται
829 4591 1027 4662 βρέφος
1067 4590 1165 4657 τῆς
1207 4590 1562 4659 κατηχήσεως
1604 4589 1666 4641 τὸ
1699 4589 1906 4660 χρίσμα
1940 4589 2035 4643 λα-

438 4685 595 4748 ϐεῖν,
635 4684 756 4755 ἦτοι
806 4682 868 4735 τὸ
898 4681 999 4751 τῆς
1027 4681 1358 4743 τελειώσεως
1389 4681 1483 4733 ἐπὶ
1522 4679 1600 4750 τῷ
1649 4680 1789 4750 ἁγίῳ
1835 4680 2033 4750 βαπτί-

441 4792 641 4846 σματι,
671 4777 700 4827 ὁ
731 4775 1024 4844 προσάγων
1044 4773 1187 4844 ὑπὲρ
1212 4772 1381 4826 αὐτοῦ
1407 4772 1487 4838 τὸ,
1522 4771 1710 4843 Ἀμὴν,
1739 4774 2029 4841 ἅναφωνεῖ.

454 4866 639 4937 ’Υπὲρ
664 4865 721 4919 δὲ
750 4865 859 4917 τῶν
890 4856 1093 4935 ἐσχάτῃ
1119 4865 1260 4933 νόσῳ
1291 4862 1739 4933 κατειλημμένων
1765 4901 1778 4925 ,
1814 4862 2033 4932 μελλόν-

438 4974 557 5012 των
583 4973 645 5009 τε
679 4957 768 5009 διὰ
797 4955 956 5009 τοῦτο
976 4954 1453 5025 βαπτίζεσθαι,καὶ
1480 4953 1873 5007 ἀποτάττονταί
1892 4971 2037 5019 τινες

442 5049 545 5104 καὶ
574 5049 984 5111 συντάττονται,
1014 5046 1111 5117 τὴν
1144 5046 1353 5100 οἰκείαν
1381 5045 1570 5117 ὥσπερ
1601 5046 1660 5111 ἐξ
1699 5047 1921 5117 ἀγάπης
1951 5065 2036 5100 κι-

442 5140 693 5213 χρῶντες
717 5139 903 5210 φωνὴν
949 5140 1064 5201 τοῖς
1103 5137 1244 5209 νόσῳ
1291 5137 1686 5207 πεπεδημένοις
1710 5155 1724 5170 ·
1752 5138 1889 5209 ὅπερ
1918 5137 2032 5191 ἔστι

443 5231 693 5287 κατιδεῖν
735 5230 962 5299 γεγονὸς
1015 5230 1112 5283 ὲπί
1152 5245 1210 5281 τε
1252 5228 1502 5299 Λαζάρου
1541 5230 1636 5282 καὶ
1664 5229 1761 5298 τῆς
1799 5230 2034 5299 ἀδελφῆς

443 5322 643 5379 αὑτοῦ.
674 5322 861 5390 Σοφῶς
887 5322 944 5374 δὲ
967 5322 999 5390 ἡ
1025 5319 1225 5391 Μάρθα
1260 5321 1354 5372 καὶ
1373 5319 1730 5390 οἰκονομικῶς
1761 5336 2037 5390 προκαταυ

443 5414 672 5486 σπείρει
703 5413 803 5484 τῆς
825 5413 1059 5477 πίστεως
1080 5412 1179 5482 τὴν
1211 5410 1522 5481 ὁμολογίαν,
1551 5411 1636 5464 ἵνα
1662 5411 1751 5465 τὸν
1780 5410 1837 5476 ἐξ
1869 5413 2037 5484 αὐτῆς

441 5508 646 5583 θερίσῃ
680 5507 910 5580 καρπόν.

521 5650 573 5683 ³⁹
615 5650 741 5704 Act.
781 5664 893 5702 xvii
920 5685 935 5710 ,
971 5646 1063 5700 ‘28.
1142 5645 1185 5676 "°
1222 5644 1379 5699 Rom.
1416 5658 1540 5709 vm,
1570 5644 1659 5698 55.

524 5766 607 5832 (ί)
648 5761 813 5831 Τάχα
852 5760 921 5814 δὲ
948 5799 958 5814 .
988 5798 1000 5811 .
1033 5800 1043 5813 .
1074 5797 1085 5811 .

2139 4597 2206 4651 ad
2291 4594 2708 4665 suscipiendum
2802 4592 3187 4647 instruetionis
3274 4590 3710 4659 initiationisque

2138 4688 2402 4749 chrisma,
2444 4701 2538 4742 seu
2596 4685 2650 4739 in
2707 4692 2902 4739 sancto
2961 4683 3291 4752 baptismate
3334 4681 3707 4752 perfectionis.

2137 4781 2231 4850 qui
2267 4777 2491 4832 adducit
2523 4791 2673 4841 eum,
2703 4789 2806 4845 pro
2842 4790 2906 4829 eo
2953 4774 3271 4843 respondet,
3310 4775 3509 4827 Amen.
3544 4771 3709 4826 Simi-

2140 4869 2268 4924 liter
2305 4883 2405 4938 pro
2461 4866 2530 4921 iis
2575 4864 2671 4935 qui
2719 4872 2968 4918 extremo
3030 4865 3224 4916 morbo
3286 4864 3715 4926 conflictantur,

2139 4959 2376 5029 ideoque
2420 4954 2736 5026 baptizandi
2783 4962 2932 5020 sunt,
2964 4953 3292 5007 ordinantur
3326 4967 3389 5007 ac
3428 4953 3709 5007 destinan-

2138 5058 2230 5105 tur
2260 5048 2426 5118 aliqui
2456 5046 2720 5113 quivelut
2743 5061 2807 5101 ex
2838 5045 3107 5099 charitate
3138 5058 3201 5097 ac
3234 5044 3527 5099 dilectione
3555 5059 3709 5098 suam

2140 5142 2334 5196 morbo
2382 5139 2660 5210 impeditis
2718 5136 3067 5192 commodent
3115 5151 3330 5201 vocem,
3363 5133 3529 5206 684
3566 5133 3710 5203 quod

2148 5232 2371 5304 quidem
2420 5231 2533 5301 jam
2573 5230 2828 5285 usuvenit
2877 5229 2932 5283 in
2996 5228 3201 5283 Lazaro
3251 5235 3301 5281 et
3335 5227 3454 5295 ejus
3499 5241 3708 5279 sorore.

2149 5324 2443 5395 Sapienter
2480 5337 2609 5377 vero
2642 5329 2697 5375 et
2746 5326 2901 5375 recto
2941 5320 3134 5374 ordine
3186 5318 3395 5371 Martha
3428 5316 3580 5385 prius
3627 5331 3703 5370 se-

2145 5419 2315 5470 minat
2354 5413 2477 5468 ﬁdei
2502 5411 2930 5475 confessionem,
2960 5419 3019 5464 ut
3047 5426 3110 5464 ex
3149 5425 3209 5463 ea
3248 5408 3480 5462 fructum
3520 5415 3710 5461 ructat.

1114 5744 1227 5813 τοῦ
1260 5754 1535 5825 Χριστοῦ.
1582 5754 1661 5809 Ex
1699 5762 1890 5809 catena
1929 5750 2025 5807 Vat

2129 5766 2209 5818 na,
2249 5749 2338 5805 fol.
2386 5747 2485 5803 1‘25
2531 5747 2580 5813 (7,
2624 5761 2708 5815 ap.
2750 5743 2851 5797 Mai
2882 5742 2915 5796 l.
2952 5743 2987 5796 l'.
3016 5757 3136 5813 pag.
3169 5742 3285 5797 155.
