4104 6426
380 341 447 400 81
1351 339 1410 393 S.
1452 338 1733 395 CYRILLI
1772 337 2251 395 ALEXANDRINI
2293 341 2616 397 ARCHIEP.
3604 349 3676 404 52

453 460 544 527 XI,
574 459 668 516 28.
701 458 773 516 Et
817 460 929 515 ha’c
971 460 1151 514 locum
1203 460 1357 524 abiit,
1391 470 1441 515 et
1489 461 1688 516 vocavit
1739 457 1973 514 Mariam
2006 465 2051 521 Α

381 570 617 609 sororem
657 569 834 619 suam,
865 561 973 608 etc.

450 644 603 699 Abiit
647 646 718 700 ad
763 644 1074 699 vocandam
1107 660 1356 700 sororem
1400 659 1580 711 suam,
1614 651 1674 697 ut
1705 644 1759 698 ei
1805 658 1967 698 suum

381 738 439 791 in
471 746 888 808 re‘exspectata
916 739 1181 810 gaudium
1209 752 1273 792 ac
1319 751 1475 806 spem
1501 734 1969 798 communicaret,

330 871 336 877 .
381 842 509 884 eum
553 830 649 897 qui
689 839 944 885 mortuus
982 827 1185 893 fuerat,
1228 827 1532 882 redivivum
1572 842 1642 881 ex
1684 827 1972 895 insperato

377 920 992 988 recepturae.Audierat
1020 921 1190 982 enim,
1214 937 1233 969 ι
1261 917 1538 987 Resurget
1562 917 1731 971 frater
1762 927 1917 983 tuus,
1947 934 1965 967 ι

382 1011 479 1065 sed
519 1010 834 1067 Servatoris
874 1012 1171 1066 adventum
1200 1010 1378 1065 sorori
1410 1026 1525 1065 suae
1559 1011 1702 1064 clam
1742 1011 1971 1064 nuntia-

382 1104 484 1166 vit,
513 1104 642 1174 quia
683 1119 807 1158 cum
830 1120 892 1158 ea
923 1113 1082 1159 erant
1112 1104 1430 1158 Judazorum
1452 1102 1704 1157 nonnulli
1744 1101 1973 1158 Christo

382 1191 781 1247 miraculorum
834 1192 1031 1247 faetori
1079 1194 1417 1250 invidentes.
1467 1192 1580 1248 Nec
1621 1193 1972 1248 inveniemus

384 1299 617 1352 usquam
651 1284 705 1338 in
735 1282 1047 1355 Evangeliis
1070 1284 1364 1340 Christum
1390 1285 1622 1351 dixisse,
1662 1282 1807 1338 Voca
1837 1284 1972 1338 mihi

383 1390 634 1430 sororem
672 1386 821 1429 tuam
854 1393 866 1428 :
899 1374 995 1429 sed
1029 1373 1271 1439 Martha,
1312 1373 1704 1429 necessitatem
1742 1374 1973 1427 inexcu-

380 1468 611 1523 sabilem
645 1471 724 1524 rei
750 1475 806 1523 et
837 1467 1084 1522 debitum
1128 1467 1401 1521 adventus
1435 1478 1637 1518 munus
1679 1479 1783 1534 pro
1836 1478 1973 1518 voce

379 1569 435 1616 et
462 1562 625 1631 jussu
656 1562 965 1632 accipiens.
997 1561 1106 1615 hoc
1150 1560 1248 1613 ait.
1283 1558 1381 1613 Illa
1410 1573 1541 1614 vero
1575 1557 1839 1612 alacriter
1876 1571 1971 1612 cu-

381 1653 560 1707 currit
583 1652 650 1706 ad
681 1667 834 1713 eum.
858 1661 913 1706 et
944 1652 1001 1706 in
1041 1666 1344 1706 occursum
1370 1649 1637 1719 perrexit.
1680 1646 1972 1714 Quomodo

381 1747 527 1802 enim
577 1747 682 1801 hoc
706 1761 817 1801 non
850 1746 1098 1809 fecisset,
1140 1759 1263 1814 quae
1295 1751 1587 1813 tantopere
1617 1744 1685 1797 de
1719 1742 1969 1797 absentia

2151 461 2262 515 Καὶ
2303 462 2492 515 ταῦτα
2522 464 2801 529 εἰποῦσα,
2836 466 3075 534 ἀπῆλθε
3104 468 3201 523 καὶ
3236 468 3515 538 ἑρώνησε
3556 471 3681 523 Ma-

2074 555 2218 622 ρίην
2240 554 2359 622 τὴν
2382 554 2662 623 ἀδελφὴν
2682 556 2872 625 αὐτῆς
2890 603 2905 622 ,
2934 561 3029 612 καὶ
3059 561 3125 614 τὰ
3150 561 3297 630 ἑξῆς.

2158 646 2395 723 Ἀπῆλθε
2445 649 2752 703 καλέσουσιν.
2784 651 2884 722 τὴν
2933 652 3168 724 ἀδελφὴν
3216 653 3391 723 αὐτῆς
3432 653 3568 721 πρὸς
3617 653 3677 706 τὸ

2076 739 2172 793 καί
2216 739 2386 811 αὐτὴν
2447 742 2778 812 κοινωνῆσαι
2833 743 2932 813 τῆς
2979 745 3072 796 ἐπὶ
3117 744 3197 815 τῷ
3240 745 3678 816 προσδοκωμένῳ

2074 831 2366 902 πράγματι
2419 832 2725 903 εὐθυμίας,
2792 836 3319 908 συναποληψομένην
3367 836 3676 890 ἀναστάντα

2075 927 2204 996 παρ’
2235 926 2426 978 ἐλπίδα
2453 928 2635 980 πᾶσαν
2650 926 2742 979 τὸν
2768 928 3089 998 τεθνηκότα.
3113 925 3223 982 Ἧν
3244 929 3350 1000 γὰρ
3371 928 3671 981 ἀκούσασα·

2081 1038 2100 1069 ι
2140 1021 2537 1090 Ἀναστήσεται
2583 1022 2612 1073 ὁ
2659 1020 2888 1089 ἀδελφός
2919 1039 3014 1074 σου
3038 1038 3051 1053 θ
3082 1041 3100 1072 ι
3156 1021 3332 1093 λάθρα
3360 1021 3418 1074 δὲ
3447 1021 3547 1091 τὴν
3579 1021 3673 1074 τοῦ

2076 1113 2331 1182 Σωτῆρος
2368 1113 2671 1184 παρουσίαν
2699 1117 2764 1185 τῇ
2818 1113 3023 1186 ἀδελφῇ
3050 1116 3217 1185 αὐτῆς
3254 1104 3670 1185 εὐηγγελίσατο,

2076 1206 2164 1258 διὰ
2213 1206 2274 1258 τὸ
2333 1204 2817 1277 παρακαθέζεσθαι
2872 1206 2981 1259 τῶν
3044 1207 3316 1260 Ἰουδαίων
3365 1207 3517 1265 τινὰς
3564 1205 3674 1259 τῶν

2078 1297 2422 1369 φθονούντων
2474 1295 2987 1367 θαιδματουργοῦντι
3029 1296 3108 1383 τις)
3136 1294 3378 1368 Χριστῷ.
3435 1295 3544 1348 Καὶ
3577 1295 3673 1364 οὐχ

2077 1390 2384 1458 εὑρήσομεν
2430 1390 2487 1441 ὲν
2526 1390 2638 1451 τοῖς
2677 1388 3031 1455 Εὐαγγελίοις
3074 1382 3159 1441 ὅτι
3196 1385 3484 1457 ὁΧριστὸς
3524 1382 3669 1438 εἴπεο

2076 1481 2246 1534 Κάλει
2298 1497 2387 1549 μοι
2418 1480 2516 1547 τὴν
2545 1479 2783 1550 ἀδελφήν
2819 1496 2913 1532 σου
2934 1497 2947 1511 ·
3000 1478 3116 1531 ἀλλ’
3152 1479 3184 1546 ἡ
3219 1477 3419 1547 Μάρθα
3446 1476 3544 1547 τὴν
3578 1476 3669 1528 τοῦ

2076 1571 2405 1641 πράγματος
2461 1569 2840 1640 ἀπαραίτητον
2891 1569 3083 1639 χρείαν
3128 1568 3223 1621 καὶ
3278 1566 3339 1619 τὸ
3382 1567 3481 1635 τῆς
3531 1583 3671 1635 παρ-

2075 1664 2261 1727 ουσίας
2306 1662 2779 1733 χρεωστούμενον,
2831 1662 2951 1715 ἀντὶ
2999 1660 3304 1723 κελεύσεως
3350 1659 3447 1712 καὶ
3486 1659 3671 1728 φωνῆς

2075 1753 2344 1825 δεξαμένη
2367 1795 2380 1818 ,
2418 1754 2579 1806 τοῦτὸ
2608 1756 2795 1823 φησιν.
2859 1753 2924 1806 Ἠ
2947 1753 3005 1806 δὲ
3034 1752 3269 1821 ἑτοίμως
3295 1750 3497 1822 ἔδραμε
3534 1751 3672 1819 πρὸς

380 1839 503 1909 ejus
529 1839 805 1904 doluerat,
851 1854 1086 1910 quaeque
1128 1846 1420 1907 tantopere
1455 1836 1664 1907 pietate
1695 1841 1750 1889 et
1782 1834 1973 1889 chari-

2080 1846 2272 1909 αὐτὸν,
2320 1847 2414 1899 καὶ
2466 1847 2712 1917 ὑπαντᾷν
2759 1845 2953 1899 ἐθέλει.
3016 1843 3141 1907 Πῶς
3174 1842 3286 1914 γάρ
3330 1843 3433 1895 οὐκ
3474 1840 3668 1911 ἔμελλε

383 1941 494 1987 tate
524 1931 579 1986 in
615 1945 860 1986 amorem
893 1930 1015 2000 ejus
1045 1928 1369 1985 exarserat?

452 2201 550 2267 XI,
577 2202 671 2257 5|.
697 2201 880 2257 Juda’i
908 2216 1029 2272 ergo
1070 2200 1162 2270 qui
1195 2208 1349 2253 erant
1387 2213 1505 2252 cum
1534 2212 1595 2251 ea
1642 2198 1810 2250 secuti
1850 2206 1975 2250 sunt

383 2310 527 2349 eam.

453 2384 631 2441 Judrei
669 2402 802 2458 ergo
827 2386 1076 2458 quicum
1109 2385 1202 2440 illa
1246 2391 1423 2449 erant,
1457 2384 1564 2437 rati
1604 2397 1723 2437 eam
1760 2381 1815 2435 in
1854 2395 1972 2434 mn-

384 2488 712 2535 numentum
767 2496 889 2537 sese
930 2480 1275 2551 proripuisse
1331 2486 1389 2532 ut
1435 2493 1495 2532 se
1538 2475 1855 2538 dilaniaret,
1886 2488 1971 2529 se-

382 2579 634 2639 quuntur
678 2586 825 2639 eam,
857 2570 923 2625 ad
971 2572 1024 2626 id
1081 2578 1221 2625 nutu
1258 2570 1448 2625 divino
1481 2567 1731 2638 impulsi,
1778 2573 1841 2620 ut
1885 2566 1971 2620 vel

381 2664 549 2719 inviti
595 2664 661 2720 ad
712 2664 1011 2720 videndum
1057 2657 1390 2719 miraculum
1437 2661 1820 2717 convenirent.
1851 2656 1969 2712 Nisi

381 2760 533 2814 enim
586 2759 693 2813 hoc
743 2774 809 2813 ex
846 2758 1202 2812 ordinatione
1237 2756 1334 2811 Dei
1373 2755 1577 2810 factum
1624 2760 1794 2817 esset,
1830 2767 1971 2805 nun-

382 2865 546 2921 quam
588 2849 708 2919 ejus
751 2850 1091 2929 mentionem
1126 2849 1358 2905 fecisset
1402 2848 1764 2919 evangelista,
1793 2860 1971 2915 neque

382 2950 785 2999 concurrentes
847 2944 902 2997 in
981 2942 1419 3012 unumquodque
1490 2955 1694 2995 causas
1761 2941 1970 3009 scripto

385 3023 728 3101 mandasset,
754 3036 866 3091 nisi
890 3037 1098 3105 ubique
1125 3036 1364 3090 maxime
1383 3035 1600 3090 veritati
1635 3033 1965 3091 studuisset.

2079 1941 2238 1994 τοῦτο
2274 1944 2449 1994 ποιεῖν
2489 1942 2521 2011 ἡ
2568 1941 2776 2012 σφόδρα
2816 1938 3132 2009 λυπουμένη
3190 1938 3283 1990 ἐπὶ
3316 1940 3381 2007 τῆ
3433 1935 3672 2005 ἀπουσίᾳ

2078 2032 2266 2097 αὐτοῦ,
2297 2035 2391 2086 καὶ
2416 2033 2618 2103 θερμὸν
2639 2032 2840 2103 ἔχουσα
2873 2032 3130 2102 φρόνημα
3159 2030 3240 2093 είς
3264 2029 3548 2082 εὐσέϐειαν
3576 2026 3669 2080 καὶ

2077 2128 2299 2198 ἀγάπην
2331 2128 2411 2190 εἰς
2446 2126 2610 2179 αὐτὸν
2643 2126 2846 2196 πολλὴν
2873 2142 2886 2189 ;

2153 2222 2219 2272 Ol
2247 2220 2361 2273 οὖν
2400 2219 2669 2274 Ἰουδαῖοι
2711 2223 2764 2273 οἱ
2794 2219 2965 2285 ὄντες
2986 2218 3115 2288 μετ’
3147 2216 3369 2286 αὐτῆς,
3406 2215 3669 2285 ἡκολού-

2077 2319 2277 2380 Οησαν
2310 2310 2489 2380 αὐτῇ.

2147 2407 2207 2457 Οἱ
2238 2400 2330 2457 οὖν
2365 2404 2615 2466 συνόντες
2655 2403 2896 2456 Ἰουδαῖοι
2918 2443 2932 2464 ,
2964 2402 3243 2472 οἰηθέντες
3270 2400 3442 2471 αὐτὴν
3473 2404 3668 2472 δεδρα-

2079 2497 2312 2568 μηκέναι
2358 2498 2451 2549 ἐπὶ
2491 2495 2552 2547 τὺ
2586 2497 2851 2565 μνημεῖον
2885 2496 3100 2567 πρδςτὸ
3132 2491 3330 2565 ἑαυτὴν
3367 2492 3665 2564 σπαράξαι,

2077 2588 2564 2644 συνακολουθοῦσιν
2610 2590 2770 2659 αὐτῇ,
2797 2586 3029 2658 νεύματι
3059 2586 3195 2640 Θεοῦ
3240 2586 3399 2639 τοῦτο
3449 2584 3666 2639 ποιοῦν-

2072 2700 2195 2746 τες,
2243 2683 2329 2735 ἵνα
2361 2681 2689 2735 συνέλθωσιν
2732 2681 2827 2735 ἐπὶ
2869 2679 2946 2751 τῷ
2979 2679 3041 2733 τὸ
3078 2678 3268 2750 θαῦμα
3305 2678 3433 2731 ἰδεῖν
3459 2676 3555 2730 καὶ
3592 2677 3669 2747 μὴ

2075 2774 2413 2845 βουλόμενοι.
2460 2775 2524 2827 Εἰ
2556 2774 2664 2845 γάρ
2702 2773 2776 2844 μὴ
2807 2770 3093 2842 οἰκονομίᾳ
3121 2770 3258 2824 θεοῦ
3291 2768 3452 2822 τοῦτο
3486 2767 3668 2837 ἐγεγό-

2072 2885 2181 2930 νει,
2225 2869 2325 2921 οὐκ
2355 2866 2420 2921 ἂν
2457 2867 2736 2937 ἐμέμνητο
2777 2863 2942 2918 αὐτοῦ
2986 2869 3015 2919 ὁ
3051 2862 3448 2933 εὐαγγελιστὴς
3470 2903 3482 2926 9
3538 2860 3664 2914 οὔτε

2070 2960 2169 3024 τὰς
2199 2961 2289 3028 ἐφ’,
2314 2951 2531 3030 ἑκάστῴ
2567 2958 2977 3029 συμϐαινούσας
3006 2956 3186 3020 αἰτίας
3218 2955 3591 3024 ἀπεγράφετο,
3620 2955 3666 3006 εξ

2075 3052 2148 3123 μὴ
2177 3050 2450 3121 πανταχοῦ
2476 3051 2575 3121 τῆς
2595 3048 2849 3118 ἀληθείας
2879 3048 3235 3100 ἀντεποιεῖτο.
3261 3040 3428 3098 Εἶπεν
3453 3038 3547 3097 οὖν
3569 3041 3669 3111 τὴν

383 3124 514 3182 Ideo
541 3126 683 3181 dixit
713 3140 942 3181 causam
979 3139 1079 3179 cur
1111 3126 1269 3179 multi
1316 3124 1382 3179 ad
1422 3131 1839 3179 monumentum
1878 3138 1969 3177 ac--

2079 3145 2253 3199 αἰτίαν
2301 3144 2367 3196 δι’
2414 3143 2481 3214 ἢν
2536 3142 2719 3195 πολλοὶ
2764 3143 2842 3204 εἰς
2886 3141 2944 3193 τὸ
3001 3140 3265 3210 μνημεῖον
3302 3137 3572 3208 ἔδραμον,
3616 3133 3669 3187 οἳ

385 3228 701 3285 currerent,
747 3219 842 3288 qui
896 3218 1101 3288 reperti
1139 3223 1270 3271 sunt
1317 3225 1370 3272 et
1431 3216 1660 3272 fuerunt
1714 3214 1969 3270 miraculi

387 3316 753 3378 spectatores,
786 3307 1027 3376 aliisque
1059 3307 1478 3362 renuntiarunt.

456 3397 550 3461 XI,
584 3400 674 3454 52.
726 3398 910 3453 Maria
937 3415 1060 3469 ergo
1095 3415 1215 3452 cum
1257 3400 1481 3453 venisset
1512 3398 1601 3451 ubi
1627 3406 1743 3453 erat
1786 3395 1969 3463 Iesus,

387 3492 579 3547 cecidit
608 3493 677 3546 ad
706 3492 860 3560 pedes
886 3492 1025 3562 ejus,
1054 3502 1161 3547 etc.

459 3582 631 3654 Igitur
661 3582 835 3639 Maria
864 3590 1255 3652 prtematuram
1283 3589 1517 3639 mortem
1550 3581 1739 3637 fratris
1769 3581 1854 3636 sui
1884 3595 1974 3634 ac-

388 3672 597 3728 cidisse
638 3673 715 3727 ait
756 3675 828 3728 ob
858 3672 1077 3727 Domini
1108 3672 1439 3736 absentiam,
1466 3682 1520 3727 et
1547 3681 1682 3725 tunc
1714 3670 1974 3725 advenire

388 3779 618 3836 peregre
651 3765 876 3820 domum
915 3779 1095 3829 suam,
1128 3779 1254 3819 cum
1291 3779 1455 3820 omne
1495 3772 1710 3833 tempus
1738 3762 1972 3817 curandi

386 3858 796 3928 praeteriisset:
837 3866 1005 3927 atque
1066 3871 1131 3912 ex
1199 3871 1268 3910 eo
1333 3855 1715 3925 conjecturam
1772 3869 1974 3924 capere

384 3949 537 4016 licet,
572 3950 722 4021 quod
760 3958 1023 4020 tanquam
1059 3947 1172 4004 Deo
1204 3948 1308 4019 ipsi
1340 3947 1443 4001 hoc
1480 3947 1721 4013 dicebat,
1747 3947 1973 4002 tametsi

385 4057 499 4097 non
534 4048 791 4097 accurate
836 4042 1023 4096 locuta
1072 4047 1178 4105 est,
1212 4050 1332 4095 rata
1383 4054 1494 4094 non
1520 4037 1691 4110 685
1722 4039 1973 4096 adfuisse

386 4137 571 4204 ipsum
628 4134 776 4204 quod
835 4133 1052 4189 abesset
1097 4148 1352 4203 corpore.
1405 4130 1513 4186 Sed
1564 4140 1749 4188 tamen
1798 4133 1973 4190 multo

385 4227 622 4299 peritior
649 4237 701 4282 et
740 4227 1137 4297 intelligentior
1168 4226 1405 4291 Martha,
1432 4240 1544 4279 non
1578 4225 1736 4303 dixit,
1767 4245 1786 4277 ι
1818 4225 1974 4291 Qum-

386 4336 609 4392 cnnqne
655 4334 852 4389 posces
896 4319 1090 4383 Deum,
1139 4318 1294 4372 dabit
1337 4317 1435 4372 tibi
1480 4315 1647 4371 Deus.
1684 4336 1703 4369 ι
1739 4317 1869 4372 Ideo
1905 4318 1970 4372 ad

386 4414 533 4469 hanc
564 4413 703 4467 nihil
740 4412 1043 4481 respondet
1084 4410 1374 4474 Dominus,
1412 4409 1480 4464 ad
1530 4409 1806 4463 Martham
1839 4425 1973 4464 vero

2078 3234 2384 3306 εὑρέθησάν
2436 3250 2493 3286 τε
2537 3235 2631 3287 καὶ
2667 3232 2925 3300 γεγόνασι
2974 3230 3165 3283 θεατεεύ⁸
3215 3227 3308 3280 τοῦ
3364 3226 3671 3296 θαύματος,

2079 3326 2174 3379 καὶ
2202 3324 2382 3386 ἄλλοις
2403 3322 2762 3395 ἀπήγγειλαν.

2162 3418 2233 3474 ’Π
2273 3413 2388 3472 οὖν
2416 3417 2617 3484 Μαρία
2652 3416 2734 3481 ὡς
2769 3411 2960 3485 ἦλθεν
3006 3412 3161 3465 ὅπου
3209 3407 3289 3481 ἦν
3330 3412 3363 3465 ό
3413 3409 3665 3477 Ἰησοῦς,

2079 3501 2262 3562 Exsere
2298 3505 2447 3574 πρὸς
2471 3504 2616 3570 τοὺς
2645 3502 2838 3568 πόδας
2863 3499 3073 3564 αὑτοῦ,
3102 3499 3197 3553 καὶ
3221 3501 3288 3552 τὰ
3327 3499 3475 3569 ἑξῆς.

2162 3599 2227 3651 Ἡ
2261 3597 2443 3668 μέντοι
2474 3595 2692 3666 Μαρία,
2727 3594 2979 3665 πρόωρον
3025 3591 3357 3662 γεγενῆσθαι
3405 3590 3552 3659 λέγει
3577 3590 3668 3643 τὸν

2081 3688 2308 3742 θάνατον
2345 3686 2423 3755 τῷ
2456 3685 2671 3755 ἁδελφῷ
2699 3683 2787 3738 διὰ
2817 3683 2879 3737 τὸ
2905 3684 3128 3736 ἀπεῖναι
3158 3683 3249 3735 τὸν
3276 3683 3482 3753 Κύριον
3505 3697 3522 3715 ·
3573 3681 3668 3733 καὶ

2079 3782 2201 3834 τότε
2233 3780 2398 3851 φησὶν
2423 3777 2884 3848 ἐπιδεδημηκέναι
2909 3776 3072 3828 αὑτὸν
3098 3773 3177 3843 τῷ
3203 3774 3337 3845 οἴκῳ
3356 3814 3370 3837 ,
3394 3775 3483 3827 ὅτε
3510 3775 3538 3826 ὀ
3569 3773 3665 3842 τῆς

2081 3871 2380 3944 θεραπείας
2412 3870 2734 3941 παρέδραμε
2772 3867 2965 3938 καιρός
2991 3882 3004 3895 ·
3065 3865 3159 3920 καὶ
3200 3864 3315 3918 ἔστι
3349 3864 3447 3934 μὲν
3476 3863 3572 3917 καὶ
3603 3863 3666 3915 ἐκ

2079 3966 2270 4019 τούτου
2301 3963 2706 4035 στοχάσασθαι,
2740 3962 2824 4015 ὅτι
2863 3961 2939 4023 ὡς
2967 3956 3086 4028 Θεῷ
3119 3956 3269 4027 αὐτῷ
3300 3955 3453 4023 ἔλεγε
3486 3954 3663 4018 τοῦτο,

2081 4058 2129 4111 εἰ
2163 4056 2258 4111 καὶ
2280 4056 2380 4109 οὐκ
2406 4051 2653 4124 ἀκριϐῶς
2677 4049 3003 4119 λελάληκεν,
3047 4047 3270 4117 οἰομένη
3307 4046 3382 4115 μὴ
3410 4044 3665 4116 παρεῖναι

2080 4149 2244 4204 αὐτὸν
2272 4149 2320 4201 εἰ
2353 4147 2446 4201 καὶ
2477 4145 2625 4215 ἀπῆν
2655 4143 2734 4213 τῷ
2759 4140 2993 4211 σώματι.
3042 4138 3435 4210 ’Λκριϐεστέρα
3455 4136 3511 4189 δὲ
3531 4130 3667 4192 οὖσα

2080 4241 2176 4294 καὶ
2208 4236 2551 4307 συνετωτερα
2578 4235 2680 4304 τῆς
2709 4231 2940 4303 Μάρθας
2960 4271 2975 4294 ,
3025 4230 3127 4282 οὐκ
3151 4225 3330 4281 εἶπεν·
3372 4246 3390 4278 ι
3433 4227 3571 4279 Ὅσα
3599 4223 3666 4277 ἂν

2080 4332 2280 4402 αἰτήσῃ
2298 4329 2388 4380 τὸν
2409 4325 2560 4389 Θεόν,
2593 4323 2754 4378 δώσει
2781 4339 2864 4376 σοι
2894 4324 2922 4375 ὁ
2949 4322 3099 4384 Θεός.
3131 4340 3150 4373 ›
3180 4319 3272 4372 Διὸ
3301 4318 3435 4390 πρὸς
3461 4316 3666 4384 ταύτην

2079 4421 2232 4474 οὐδὲν
2277 4418 2429 4470 λαλεῖ
2469 4417 2497 4467 ὁ
2526 4415 2752 4486 Κύριος,
2784 4412 2920 4485 πρὸς
2954 4413 3010 4466 δὲ
3053 4413 3152 4483 τὴν
3171 4409 3404 4480 Μάρθαν
3456 4408 3665 4479 μακρὸν

386 4506 666 4577 prolixum
718 4505 913 4561 habuit
962 4519 1298 4561 sermonem.
1351 4500 1461 4557 Sed
1512 4503 1659 4557 enim
1712 4502 1963 4557 obrutam

2080 4511 2304 4565 διέτεινε
2344 4507 2644 4575 τὸνλόγον.
2704 4506 2781 4576 Τῇ
2821 4504 2967 4578 λύπῃ
3005 4505 3188 4574 μέντοι
3235 4500 3540 4571 μεθύουσαν
3567 4500 3664 4569 τὴν

389 4599 579 4654 dolore
628 4597 860 4652 Mariam
920 4612 1030 4651 non
1077 4594 1380 4662 redarguit,
1422 4593 1469 4649 ei
1508 4594 1601 4663 qui
1658 4600 1971 4648 creaturam

387 4707 608 4747 omnem
639 4691 825 4761 implet
855 4691 963 4744 hoc
984 4690 1276 4750 locutam,t
1307 4685 1361 4741 Si
1386 4685 1589 4741 fuisses
1608 4682 1722 4754 hic,
1744 4706 1764 4737 ι
1787 4702 1973 4741 exem-

388 4786 539 4855 plum
567 4783 728 4865 nobis
757 4784 1009 4853 praebens
1044 4796 1157 4835 non
1183 4779 1553 4849 redarguendi
1580 4794 1678 4835 eos
1711 4781 1805 4850 qui
1841 4789 1973 4834 sunt

386 4877 442 4930 in
490 4876 698 4930 recenti
730 4874 1159 4943 vehementique
1210 4871 1385 4925 luctu.
1439 4869 1740 4940 Propterea
1790 4887 1973 4943 neque

387 4965 729 5034 colloquitur
783 4977 908 5017 cum
957 4977 1044 5025 ea,
1079 4975 1258 5029 neque
1316 4957 1455 5012 dicit
1497 4974 1562 5014 ea
1619 4974 1741 5029 quae
1793 4961 1973 5015 sorori

387 5058 508 5126 eius
539 5056 698 5120 dixit,
746 5055 1008 5125 quoniam
1062 5053 1247 5105 aderat
1288 5065 1488 5120 magna
1518 5051 1835 5118 multitudo,
1871 5068 1976 5108 nec

388 5151 582 5204 talium
631 5147 930 5203 verborum
987 5154 1207 5212 tempus
1269 5152 1439 5197 erat:
1494 5145 1800 5212 acquiescit
1845 5161 1976 5201 vero

387 5244 566 5314 magis
596 5249 649 5298 et
679 5239 1006 5303 assentitur,
1036 5238 1337 5292 humanam
1375 5243 1628 5291 naturam
1658 5238 1971 5304 declarans,

386 5344 443 5388 et
494 5336 838 5405 lacrymatur
883 5335 938 5385 et
973 5327 1337 5384 confunditur
1365 5328 1560 5385 videns
1608 5344 1728 5385 eam
1781 5332 1973 5403 lugen-

386 5435 525 5504 tem,
562 5436 617 5482 et
652 5425 879 5481 Judmos
906 5422 999 5493 qui
1033 5430 1410 5477 convenerant
1446 5422 1878 5494 illacrymantes.

463 5518 558 5584 XI,
593 5519 683 5573 '53.
727 5514 1013 5584 Infremuit
1063 5513 1267 5583 Spiritu
1319 5522 1370 5567 et
1441 5514 1667 5569 turbavit
1713 5517 1964 5585 seipsum.

461 5611 733 5678 Quoniam
771 5623 883 5663 non
917 5608 1094 5665 solum
1143 5606 1289 5664 Deus
1334 5609 1637 5664 secundum
1688 5619 1967 5677 naturam,

395 5702 489 5757 sed
523 5707 576 5755 et
599 5699 764 5754 homo
787 5707 907 5754 erat
929 5699 1212 5764 Christus,
1247 5715 1396 5757 nunc
1422 5701 1629 5772 aliquid
1657 5700 1963 5756 humanum

394 5789 622 5860 patitur.
654 5786 793 5845 Cum
837 5791 985 5847 enim
1013 5790 1171 5849 dolor
1201 5791 1255 5846 in
1300 5807 1368 5847 eo
1401 5793 1628 5849 excitari
1675 5793 1964 5863 inciperet,

2079 4602 2300 4673 Μαρίαν
2328 4600 2427 4652 οὐκ
2459 4599 2697 4669 ἐλέγχει,
2728 4598 2990 4650 εἰποῦσαν
3013 4596 3102 4661 τὸ,
3143 4613 3161 4646 ι
3185 4594 3248 4647 Εἰ
3274 4590 3339 4662 ἧς
3368 4587 3473 4646 ὧδε
3492 4631 3507 4654 ,
3539 4612 3559 4644 ›
3588 4592 3669 4662 τῷ,

2080 4692 2378 4766 πληροῦντι
2406 4691 2504 4763 τὴν
2529 4692 2748 4746 ἃπασαν
2777 4690 2953 4744 κτίσιν
2972 4702 2987 4720 ⁵
3030 4688 3167 4759 πρὸς
3200 4687 3347 4755 ἡμᾶς
3375 4687 3665 4755 ὑπογραμ-

2082 4788 2181 4858 μδν
2211 4784 2489 4841 καὶτοῦτο
2522 4782 2711 4845 ποιῶν,
2745 4782 2832 4835 ἵνα
2866 4782 2941 4851 μὴ
2967 4779 3095 4841 τοὺς
3124 4779 3184 4830 ὲν
3215 4778 3368 4847 ἀκμῇ
3401 4775 3510 4829 τῶν
3534 4774 3664 4846 θρήο

2079 4895 2185 4932 νων
2246 4876 2405 4940 ὄντας
2462 4874 2797 4947 ἐλέγχωμεν.
2847 4872 2947 4925 Διά
2990 4869 3147 4923 τοῦτο
3189 4869 3309 4922 οὐδὲ
3356 4868 3662 4937 διαλέγεται

2077 4970 2247 5040 αὐτῇ,
2276 4968 2398 5021 οὐδὲ
2443 4966 2593 5034 λέγει
2631 4965 2700 5017 τὰ
2728 4961 2896 5025 αὐτὰ,
2942 4960 2978 5014 ἀ
3008 4963 3101 5014 καὶ
3134 4960 3271 5031 πρὸς
3300 4959 3399 5030 τὴν
3430 4956 3664 5029 ἀδελφὴν

2077 5060 2250 5129 αὐτῆς
2280 5056 2398 5112 εἷπε
2421 5099 2434 5121 ,
2464 5057 2552 5109 διὰ
2580 5057 2641 5109 τὸ
2674 5056 2927 5124 παρεῖναι
2974 5053 3141 5108 πολὺν
3196 5053 3386 5124 ὄχλον,
3440 5053 3534 5106 καὶ
3589 5052 3663 5122 μὴ

2080 5149 2221 5207 εἶναι
2248 5149 2443 5221 καιρὸν
2479 5148 2588 5202 τῶν
2622 5146 2883 5201 τοιούτων
2926 5147 3213 5218 ῥημάτων·
3239 5144 3665 5215 συγκαταϐαίνει

2078 5247 2137 5300 δὲ
2171 5244 2403 5316 μᾶλλον,
2438 5243 2539 5314 τὴν
2581 5239 2929 5312 ἀνθρωπίνην
2978 5240 3139 5309 φύσιν
3177 5238 3533 5309 ἀπογυμνῶν,
3568 5239 3665 5292 δα·-

2080 5338 2237 5408 κρύει
2254 5337 2310 5390 δὲ
2329 5336 2425 5390 καὶ
2446 5352 2510 5387 συ
2520 5336 2749 5404 γχεῖται,
2772 5332 2892 5387 ἰδὼν
2914 5334 3084 5403 αὐτὴν
3107 5332 3399 5386 κλαίουσαν
3420 5332 3517 5408 καὶ
3539 5331 3663 5395 τοὺς

2080 5428 2434 5490 συνελθόντας
2462 5429 2598 5498 αὐτῇ
2647 5426 2935 5491 Ἰουδαίους
2963 5427 3272 5489 κλαίοντας.
3478 5402 3487 5417 ί

2161 5518 2622 5591 Ἐνεϐριμήσατο
2681 5517 2762 5584 τῷ
2829 5519 3127 5587 Πνεύματι
3204 5518 3306 5572 καὶ
3370 5517 3663 5587 ἐτάραξεν

2075 5612 2315 5666 ἑαυτόν.

2160 5702 2380 5772 Ἐπειδὴ
2436 5702 2494 5756 δὲ
2542 5704 2604 5758 ού
2649 5706 2808 5776 μόνον
2860 5701 2993 5765 Θεὸς
3031 5701 3174 5755 κατά
3199 5701 3537 5771 φύσιν,ἀλλά
3564 5700 3661 5754 καὶ
3730 5715 3734 5719 ‘

2074 5793 2360 5865 ἄνθρωπος
2387 5791 2455 5866 ἦν
2486 5799 2513 5850 ὀ
2544 5797 2780 5869 Χριστὸς
2800 5839 2813 5863 ,
2860 5794 3058 5865 πάσχει
3092 5794 3185 5847 καὶ
3218 5793 3313 5849 νῦν
3342 5794 3402 5846 τὸ
3445 5793 3656 5863 ἀνθρώ-
