4104 6428
346 325 424 382 53
1227 324 1290 379 IN
1322 322 1666 381 JOANNEM.
1698 356 1767 367 —
1801 322 1928 378 LIB.

2048 322 2068 376 ι
2107 318 2194 373 ΕΤ
2230 319 2343 373 VIII
2372 316 2804 372 I"RAGMI‘.NTA
3572 323 3639 379 56

340 451 529 489 ττι-δον.
589 435 924 507 ’Δρχομένης
957 435 1017 488 δέ
1070 451 1187 497 πως
1230 435 1288 487 ὲν
1333 434 1484 503 αὐτῷ
1531 434 1798 488 κινεῖσθαι
1851 433 1943 502 τῆς

2052 437 2247 485 sancta
2325 445 2493 484 carne
2564 429 2678 496 jam
2734 440 2989 499 vergente
3057 429 3123 482 ad
3186 432 3483 501 lacrymas,
3527 450 3635 490 non

340 527 549 595 λύπης,
580 528 674 580 καὶ
705 526 971 596 νενούσης
1000 526 1099 597 ἤδη
1125 524 1262 596 πρὸς
1295 526 1355 578 τὸ
1379 524 1618 596 δάκρυον
1651 524 1752 593 τῆς
1780 522 1947 591 ἁγίας

339 618 554 688 σαρκὸς
576 658 592 682 ,
647 619 748 671 οὐκ
794 617 1014 687 ἐφίησιν
1043 617 1216 686 αὐτὴν
1256 617 1417 670 τοῦτο
1454 616 1649 670 παθεῖν
1681 615 1945 681 ἐκλύτως,

339 709 603 780 καθάπερ
632 707 753 771 ἔθος
778 708 912 778 ἡμῖν
931 725 944 740 ο
978 726 997 758 r
1040 706 1411 778 Ἑμῆριμᾶται
1432 706 1489 760 δὲ
1513 706 1591 777 τῷ
1608 706 1906 776 Πνεύματι·
1923 723 1940 756 ι

338 800 492 853 τοῦτ’
524 798 665 864 ἔστι,
699 801 766 869 τῇ
798 796 1138 868 δυνάμειτοῦ
1166 797 1323 865 ἀγίου
1345 797 1666 867 Πνεύματος
1683 795 1948 866 ἐπιπλήτ-

306 960 309 963 ν
336 905 426 940 τει
456 889 664 958 τρόπον
693 888 819 942 τινὰ
852 892 920 960 τῇ
957 887 1065 958 ἰδίᾳ
1097 886 1262 957 σαρκί
1287 903 1300 916 ·
1338 889 1370 959 ή
1396 887 1473 951 δὲ,
1503 888 1562 940 τὸ
1590 888 1691 957 τῆς
1723 884 1945 939 ἑνωθεί-

339 998 445 1051 σης
478 982 620 1052 αὐτῇ
654 980 911 1051 θεότητος
943 981 1042 1033 οὐκ
1080 978 1380 1049 ἐνεγκοῦσα
1401 978 1630 1049 κίνημα,
1662 978 1854 1049 τρέμει
1887 994 1947 1030 τε

338 1074 438 1126 γαὶ
466 1071 707 1143 θορύϐου
726 1073 1026 1127 πλάττεται
1054 1073 1242 1143 σχῆμα
1270 1073 1365 1125 καὶ
1389 1071 1683 1140 συγχέεται
1710 1088 1723 1100 ο
1748 1069 1948 1134 πένθος

339 1162 453 1233 γὰρ
480 1157 623 1215 οἶδεν
657 1163 1064 1233 ἀναρριπίζειν.
1110 1161 1284 1216 Τοῦτο
1316 1162 1425 1233 γὰρ
1452 1158 1606 1232 οἶμαι
1656 1162 1946 1233 σημαίνειν

337 1252 434 1311 τὸ.
475 1271 496 1306 α
541 1255 841 1327 Ἐτάραξεν
876 1256 1087 1309 ἑαυτόν.
1131 1274 1147 1305 ι
1181 1256 1305 1319 Πῶς
1338 1256 1449 1325 γὰρ
1474 1256 1541 1309 ἂν
1576 1255 1783 1326 ἑτέρως
1812 1255 1947 1308 ὑπο-

343 1342 507 1412 μείνῃ
540 1343 772 1413 θόρυϐον
797 1362 812 1410 ;
840 1345 1262 1416 Ταραχθήσεταί
1286 1361 1349 1414 γε
1384 1346 1492 1417 μὴν
1518 1347 1659 1400 κατὰ
1682 1346 1805 1400 τίνα
1823 1347 1946 1417 τρόο

341 1449 444 1485 πον
469 1435 502 1503 ἠ
538 1432 811 1498 ἀθόλωτος
838 1436 926 1488 ἀεὶ
957 1437 1053 1489 καὶ
1082 1436 1399 1507 γαληνιῶσα
1430 1438 1627 1507 φύσις;
1661 1439 1947 1509 Ἐπιτιμᾶ-

341 1541 432 1577 ται
458 1524 640 1578 τοίνυν
676 1528 708 1598 ἡ
741 1527 882 1598 σὰρξ
908 1528 996 1582 διὰ
1019 1529 1114 1582 τοῦ
1146 1528 1485 1600 Πνεύματος,
1517 1531 1585 1584 τὰ
1611 1531 1751 1602 ὑπὲρ
1784 1531 1944 1600 φύσιν

341 1615 484 1669 ἰδίαν
503 1618 872 1692 διδασκομένη
906 1624 1144 1691 φρονεῖν.
1170 1622 1269 1676 Διά
1290 1623 1402 1695 γάρ
1429 1640 1512 1677 τοι
1533 1622 1694 1677 τοῦτο
1722 1624 1945 1692 γέγονεν

340 1707 397 1758 ὲν
423 1709 623 1777 σαρκὶ,
673 1709 875 1779 μᾶλλον
906 1711 962 1764 δὲ
999 1711 1157 1783 σὰρξ,
1184 1713 1213 1765 ὁ
1238 1712 1420 1768 πάντα
1448 1712 1651 1785 ἰσχύων
1672 1714 1767 1767 τοῦ
1806 1714 1944 1767 Θεοῦ

2052 523 2184 576 sinit
2234 522 2338 575 hoc
2373 536 2493 575 cam
2545 520 2724 573 [arere
2757 521 2957 587 solute,
2984 530 3041 574 ut
3086 524 3255 577 moris
3288 535 3374 578 cst
3427 527 3589 582 nobis
3623 546 3635 582 ε

2056 612 2333 667 rlnl'remit
2356 620 2536 666 autem
2570 612 2839 682 Spiritu,»
2868 612 2971 666 hoc
3002 622 3087 669 cst
3116 615 3167 668 vi
3198 615 3373 668 sant-ti
3401 614 3640 686 Spiritus

2050 706 2460 775 quodammodo
2518 718 2674 757 suam
2724 718 2952 758 carnem
3006 704 3267 776 increpat
3305 723 3319 760 :
3362 707 3452 761 illa
3506 723 3637 762 vcro

2052 797 2219 853 unittc
2241 798 2344 852 sibi
2371 796 2594 852 deitatis
2622 802 2834 850 motum
2869 811 2981 850 non
3013 795 3219 862 ferens,
3254 799 3439 853 tremit
3468 808 3520 851 ct
3551 808 3640 852 tu-

2050 890 2376 951 multuatur,
2417 888 2685 957 luctuque
2724 888 3091 944 confunditur
3140 903 3203 944 ac
3256 898 3473 946 mstuat.
3523 891 3638 948 lloc

2049 980 2218 1044 enim,
2242 983 2463 1049 opinor,
2488 979 2769 1050 significat
2794 978 2949 1047 illud,
2979 997 2998 1030 ι
3025 980 3295 1034 Turbavit
3324 981 3590 1051 scipsum.
3615 1001 3634 1034 ι

2049 1071 2341 1137 Quomodo
2380 1070 2528 1125 cnim
2570 1070 2735 1124 aliter
2766 1070 3076 1126 sustineret
3126 1072 3466 1127 tumultum?
3497 1071 3638 1126 Tur-
3700 1060 3707 1072 ’

2052 1162 2272 1217 bahitur
2309 1160 2535 1232 quidem
2567 1176 2808 1231 quonam
2840 1161 3007 1216 modo
3039 1162 3323 1217 inturbida
3349 1171 3404 1217 et
3439 1178 3636 1218 serena

2047 1254 2286 1309 natura?
2308 1254 2633 1323 Increpatur
2658 1267 2790 1309 vero
2819 1268 2952 1309 caro
2984 1270 3081 1325 per
3107 1254 3403 1325 Spiritum,
3440 1254 3643 1310 edocta

2047 1357 2101 1403 et
2143 1349 2306 1415 jussa
2352 1362 2547 1417 sapere
2597 1362 2722 1417 quae
2777 1363 2946 1418 supra
2984 1356 3242 1402 naturam
3285 1362 3441 1401 suam
3481 1357 3635 1403 sunt.

2048 1436 2285 1508 Propter
2342 1437 2446 1492 hoc
2496 1438 2643 1492 enim
2678 1436 2785 1492 fuit
2818 1438 2872 1493 in
2912 1453 3102 1502 carne,
3138 1438 3251 1492 imo
3302 1455 3434 1493 vero
3480 1456 3633 1505 caro,
3694 1453 3706 1469 '

2047 1530 2399 1600 onmipotens
2447 1529 2542 1586 Dei
2581 1528 2847 1598 Verbum,
2881 1539 2940 1585 ut
2990 1546 3087 1601 per
3122 1532 3475 1601 operationrs
3517 1532 3635 1588 ciii-

2048 1636 2208 1677 caces
2240 1621 2449 1692 proprii
2494 1619 2759 1692 Spiritus,
2794 1624 2982 1678 carnis
3030 1623 3377 1681 inﬁrmitates
3416 1627 3638 1680 confor-

2049 1717 2286 1775 taret,et
2332 1726 2361 1763 a
2388 1717 2609 1765 terrena
2654 1712 2989 1781 cogitatione
3033 1721 3291 1768 naturam
3337 1706 3634 1771 humanam

339 1797 544 1865 Λόγος,
588 1800 677 1852 ἵνα
705 1802 824 1865 ταῖς
857 1801 1160 1873 ἐνεργείαις
1182 1803 1280 1856 τοῦ
1308 1804 1440 1859 ἰδίου
1470 1805 1815 1876 Πνεῦματος,
1843 1806 1943 1870 τὰς

2052 1800 2417 1867 abstraheret,
2442 1800 2980 1874 transformari-tque
3007 1806 3157 1860 velut
3188 1806 3242 1865 in
3276 1822 3340 1861 ea
3371 1809 3487 1861 sola
3515 1822 3639 1878 qua:

343 1887 446 1955 μὲν
472 1888 574 1958 τῆς
602 1893 806 1962 σαρκὸς
831 1892 1115 1959 ἀσθενείας
1145 1894 1415 1969 νευρὼσῃ,
1450 1899 1544 1952 καὶ
1574 1899 1941 1970 γεωδεστέρου

340 1982 700 2051 φρονήματος
748 1984 1033 2057 ἀπαλλάξῃ
1096 1987 1196 2058 τὴν
1230 1988 1430 2057 φύσιν,
1477 1990 1854 2062 ἀναμορφώσῃ
1884 1990 1941 2043 δὲ

232 2153 244 2161 .
337 2070 536 2143 ὥσπερ
580 2075 661 2137 εἰς
700 2076 842 2146 μόνα
880 2077 950 2130 τὰ
992 2078 1425 2152 δοκοῦνταθεῷ.
1485 2082 1696 2135 Οὐκοκίν
1726 2083 1941 2153 νόσημα

338 2163 445 2231 μὲν
473 2165 694 2233 φύσεως
714 2167 1086 2241 ἀνθρωπίνης,
1100 2172 1160 2225 τὸ
1176 2172 1556 2242 τυραννεῖσθαι
1572 2177 1694 2238 ταῖς
1718 2174 1938 2238 λύπαις,

2052 1890 2164 1945 Deo
2210 1891 2451 1961 placent.
2488 1890 2662 1961 Igitur
2714 1892 2945 1949 morbus
2992 1902 3078 1949 est
3126 1905 3340 1951 naturae
3384 1897 3645 1952 humana:

2050 1983 2355 2038 obnoxium
2383 1998 2510 2039 esse
2536 1984 2588 2038 vi
2613 1983 2847 2051 doloris,
2871 1987 2965 2057 qui
3002 1995 3057 2042 et
3088 2001 3214 2041 cum
3246 1988 3373 2045 aliis
3409 2005 3643 2061 supera-

2051 2086 2144 2133 tur
2174 2077 2231 2131 in
2280 2077 2458 2146 primo
2496 2078 2741 2145 Christo,
2770 2087 2829 2135 ut
2881 2080 2950 2136 ad
3003 2096 3106 2138 nos
3162 2097 3383 2153 quoque
3437 2098 3651 2181 pe/rve»

2050 2171 2186 2226 niat.

335 2262 632 2326 κρατεῖται
671 2261 729 2314 δὲ
776 2263 873 2316 καὶ
919 2263 1077 2319 τοῦτο
1110 2268 1251 2337 μετὰ
1290 2268 1401 2322 τῶν
1441 2268 1619 2323 ἄλλων
1650 2273 1707 2324 ἐν
1738 2270 1940 2341 πρώτῳ
1978 2266 2222 2338 Χριστῷ,
2252 2268 2338 2322 ἴνα
2368 2268 2463 2322 καὶ
2493 2270 2574 2333 είς
2599 2270 2748 2340 ἡμᾶς
2773 2268 2955 2342 διαϐῇ.

410 2353 529 2406 Καὶ
565 2354 627 2408 τὸ
652 2358 865 2429 ἐρωτᾷν
896 2359 973 2428 (ι)
1004 2356 1099 2413 οὖν
1133 2361 1393 2433 οὐδεμίαν
1428 2364 1650 2431 ἄγνοιαν
1680 2365 1837 2436 φέρει
1864 2364 1944 2435 τῷ

333 2442 407 2495 δι’
427 2447 586 2514 ἡμᾶς
617 2447 737 2499 καθ’
767 2449 917 2519 ἡμᾶς
947 2451 1228 2523 γενομένῳ
1253 2471 1265 2483 ·
1316 2454 1434 2508 ἀλλ’
1470 2457 1532 2508 ἐκ
1562 2456 1715 2509 τοῦδε
1742 2455 1945 2525 μᾶλλον

336 2542 457 2603 ἴσος
499 2540 577 2611 τῷ
608 2543 784 2613 Πατρὶ
819 2544 1114 2600 δείκνυται·
1141 2550 1234 2602 καὶ
1254 2548 1364 2623 γὰρ
1382 2552 1590 2615 ἐκεῖνος
1612 2554 1814 2624 ἐρωτᾷ,
1840 2570 1929 2606 ποι

349 2629 533 2697 Ἀδὰμ
565 2627 654 2703 ἦν’
696 2634 789 2686 καὶ
817 2627 976 2699 οὗτος
1008 2637 1232 2705 ἄγνοιαν
1283 2640 1586 2709 σοφίζεται,
1617 2642 1712 2695 καὶ
1738 2642 1937 2698 «mea.

334 2724 675 2777 νεται·«ῐῖοὖ
707 2726 1012 2791 τεθείκατες
1043 2750 1060 2779 ι
1083 2729 1224 2784 ὥστε
1255 2731 1343 2785 διὰ
1366 2734 1465 2803 τῆς
1500 2734 1777 2799 πεύσεως,
1807 2736 1947 2805 πλῆ-

337 2813 433 2878 θος
470 2817 877 2887 συναγερθῆναι
910 2820 1043 2890 πρὸς
1070 2823 1170 2892 τὴν
1199 2822 1505 2890 ἀπόδειξιν,
1528 2827 1623 2879 καὶ
1654 2828 1807 2898 παρὰ
1835 2826 1946 2880 τῶν

335 2906 557 2977 ἐχθρῶν
613 2910 818 2979 μᾶλλον
886 2912 1303 2984 μαρτυρηθῆναι
1349 2914 1411 2967 τὸ
1471 2916 1773 2987 παράδοξον
1841 2916 1946 2986 τῆς

334 2998 701 3066 ἀναϐιὼσεως
730 3003 825 3056 τοῦ
853 3004 953 3076 ἤδη
987 2994 1404 3077 διαφθαρέντος.
1427 3039 1496 3049 --
1525 3010 1738 3081 Ἐρωτᾷ
1762 3009 1945 3063 τοίνυν

332 3089 438 3157 οὐχ
470 3091 547 3153 ὼς
575 3091 791 3159 ἀγνοῶν
817 3109 830 3123 ·
882 3094 977 3147 καὶ
1014 3095 1121 3167 γὰρ
1166 3096 1253 3150 ἐπ’
1300 3096 1611 3168 ἀλλοδαπῆς
1645 3097 1721 3152 ῶν
1741 3139 1756 3160 ,
1786 3099 1944 3164 είδὼς

332 3178 423 3232 ἔτι
450 3179 686 3251 τέθνηκε
711 3223 723 3242 ,
760 3182 880 3247 πῶς
918 3184 985 3238 ἂν
1017 3187 1254 3257 ἠγνόησε
1299 3187 1361 3240 τὸ
1407 3189 1628 3260 μνῆμα;
1692 3190 1857 3258 Λέγει
1887 3190 1943 3246 δὲ

332 3270 519 3335 οὕτως
552 3272 632 3336 ὡς
673 3274 1067 3347 ἀφιλόκομπος.
1110 3278 1185 3331 Οὐ
1224 3279 1331 3351 μὴν
1359 3279 1415 3332 δὲ
1441 3276 1596 3333 εἶπεν
1617 3297 1631 3311 ·
1684 3282 1942 3351 Ἄγωμεν

335 3364 422 3426 είς
449 3364 515 3417 τὸ
539 3368 833 3436 μνημεῖον·
857 3368 1036 3438 ἐγερῶ
1063 3369 1174 3440 γὰρ
1194 3371 1359 3424 αὐτόν
1377 3388 1391 3402 ’
1428 3372 1476 3424 εἱ
1501 3374 1598 3426 καὶ
1616 3373 1677 3425 τὸ
1703 3372 1941 3443 μάλιστα

336 3456 622 3526 ἐρωτῆσαι
660 3457 835 3523 οὕτως
880 3459 1089 3531 ταύτην
1146 3462 1258 3533 ἔχει
1294 3462 1393 3534 τὴν
1428 3464 1690 3536 ἔμφασιν.
1748 3468 1942 3538 Ὅμως

336 3547 438 3599 καὶ
465 3547 632 3601 τοῦτο
674 3550 876 3613 εἰπὼν,
909 3552 1142 3616 πολλοὺς
1176 3555 1559 3626 παρεσκεύασε
1591 3557 1943 3627 προϐαδίζειν

334 3636 536 3697 αὑτοῦ,
560 3636 639 3701 ῶς
671 3638 1057 3693 ὑποδείκνυται
1086 3641 1146 3695 τὸ
1179 3641 1532 3715 ζητούμενον.
1566 3646 1943 3716 Οἰκονομικῶς

332 3720 435 3779 οὖν
465 3728 563 3780 καὶ
605 3728 763 3781 τοῦτο
800 3725 988 3794 εἶπεν,
1049 3730 1223 3785 ἕλκων
1266 3733 1355 3786 διὰ
1390 3733 1485 3788 τοῦ
1533 3737 1777 3806 ῥήματος
1811 3736 1944 3789 πολ-

334 3818 472 3882 λοὺς
510 3820 591 3881 είς
633 3820 726 3873 τὸν
751 3820 915 3876 τόπον
939 3838 954 3853 ⁸
998 3824 1092 3879 καὶ
1122 3825 1337 3892 ἀγνοεῖν
1368 3826 1767 3896 σχηματίζεται
1787 3869 1800 3893 ,
1847 3827 1946 3899 τὴν

333 3910 443 3979 τῆς
490 3909 913 3982 ἀνθρωπότητος
956 3913 1201 3968 δουλείαν
1250 3917 1344 3970 καὶ
1390 3919 1663 3988 πτωχείαν
1707 3920 1945 3990 οὐδαμοῦ

336 4004 791 4075 παραιτούμενος
814 4008 843 4059 ὁ
869 4007 1032 4076 φύσει
1063 4009 1215 4074 θεὸς,
1251 4011 1346 4065 καὶ
1379 4011 1559 4067 πάντα
1576 4012 1753 4077 εἰδὼς,
1783 4015 1844 4066 οὗ
1875 4014 1943 4068 τὰ

334 4098 612 4164 γεγονότα
643 4100 802 4169 μόνον
820 4140 835 4162 ,
862 4100 999 4155 ἀλλὰ
1025 4096 1120 4156 καὶ
1144 4103 1211 4157 τὰ
1245 4104 1481 4174 ἐσόμενα
1508 4105 1638 4175 πρὶν
1675 4106 1944 4174 γενέσεως

335 4206 548 4243 αυτων.

2120 2362 2491 2431 Interrogatio
2518 2364 2723 2418 nullam
2784 2363 3154 2434 ignorantiam
3201 2367 3639 2436 signiﬁcat'ejus

2047 2454 2142 2523 qui
2213 2463 2440 2525 propter
2500 2470 2619 2510 nos
2659 2454 2862 2511 similis
2916 2457 3078 2513 nobis
3134 2458 3315 2513 factus
3378 2470 3461 2513 est
3512 2458 3562 2489 “
3620 2476 3633 2511 :

2044 2545 2154 2598 imo
2186 2547 2266 2600 sic
2310 2545 2462 2599 Patri
2516 2546 2699 2615 petitis
2749 2561 2852 2601 suo
2909 2547 3111 2602 similis
3164 2549 3633 2603 demonstratur:

2047 2653 2289 2709 namque
2353 2648 2406 2693 ct
2473 2639 2566 2693 ille
2630 2639 3029 2709 interrogavit,
3096 2641 3321 2694 ubinam
3386 2640 3634 2695 Adamus

2047 2738 2194 2783 eSsct
2230 2749 2241 2783 :
2279 2736 2334 2784 et
2365 2744 2516 2783 nunc
2553 2728 2721 2785 Jesus
2773 2729 3141 2799 ignorantiam
3183 2729 3351 2782 veiuti
3410 2729 3635 2782 simulat

2047 2822 2366 2883 sciscitans,
2404 2839 2423 2872 ι
2468 2821 2702 2875 Ubinam
2755 2819 3059 2890 posuistis?
3096 2840 3114 2870 ι
3157 2827 3210 2874 ut
3259 2819 3331 2874 oh
3368 2819 3511 2873 hanc
3555 2822 3635 2873 in-

2046 2896 2489 2982 terrogationem
2556 2911 2795 2980 populus
2856 2918 3221 2965 concurreret
3279 2909 3348 2964 ad
3408 2909 3636 2963 demon-

2048 3004 2340 3059 strandum
2395 3004 2598 3065 locum,
2648 3011 2814 3072 atque
2880 3003 2954 3055 ita
3016 3002 3227 3056 inimici
3284 3002 3632 3072 potissimum

2052 3105 2221 3152 testes
2256 3095 2452 3151 ﬁerent
2490 3095 2746 3149 miraculi
2794 3094 3113 3149 resuscitati
3167 3094 3429 3161 hominis,
3471 3111 3634 3165 quem

2045 3189 2162 3258 jam
2190 3187 2421 3243 funerea
2454 3187 2610 3242 tabes
2637 3195 2987 3257 corruperat.
3021 3216 3095 3226 —
3122 3188 3433 3256 Interrogat
3480 3203 3633 3257 ergo,

2049 3294 2162 3333 non
2206 3279 2337 3348 quia
2373 3278 2595 3347 ignoret
2630 3295 2644 3331 :
2675 3291 2801 3331 nam
2837 3277 2931 3346 qui
2974 3277 3142 3331 etiam
3179 3278 3234 3331 in
3273 3278 3378 3331 alia
3411 3281 3635 3347 regione

2049 3371 2402 3425 constitutus
2451 3376 2730 3424 mortuum
2777 3379 3135 3439 cognoverat,
3181 3369 3460 3439 quomodo
3517 3384 3636 3422 mo-

2046 3470 2375 3515 numentum
2437 3459 2783 3529 ignorasset?
2824 3460 2919 3514 Sic
2979 3468 3165 3515 autem
3225 3460 3473 3529 loquitur
3534 3474 3632 3513 ceu

2046 3552 2199 3608 omni
2223 3553 2605 3608 ostentatione
2633 3553 2867 3608 alienus.
2897 3552 3079 3619 Quare
3112 3567 3212 3607 nec
3237 3553 3376 3607 dixit
3400 3572 3412 3605 :
3436 3551 3636 3608 Eamus

2047 3645 2116 3700 ad
2181 3653 2627 3713 monumentum,
2664 3652 2720 3700 et
2777 3660 2878 3715 ego
2927 3660 3055 3699 eum
3110 3645 3638 3714 suscitabozquanr

2049 3750 2217 3806 quam
2287 3735 2380 3790 illa
2444 3734 2814 3805 interrogatio
2892 3733 2944 3787 id
3012 3734 3250 3788 maxime
3304 3743 3634 3788 eventurum

2047 3827 2300 3897 spondet.
2341 3825 2523 3881 Simul
2560 3826 2663 3881 hoc
2709 3826 2887 3891 dicto,
2942 3825 3147 3879 multos
3183 3825 3287 3879 sibi
3328 3824 3638 3895 praecedere
3696 3886 3707 3901 κ

2049 3920 2287 3989 impulit,
2346 3931 2404 3973 ut
2459 3934 2573 3973 rem
2629 3918 2919 3987 qumsitam
2974 3915 3446 3970 demonstrarent.
3503 3912 3638 3969 Prn-

2006 4018 2011 4021 '
2051 4012 2248 4067 denter
2281 4027 2410 4066 vero
2442 4012 2495 4065 id
2532 4024 2752 4081 quoque
2784 4009 3018 4075 dixerat,
3045 4016 3103 4063 ut
3135 4008 3341 4062 multos
3370 4023 3436 4063 eo
3465 4006 3636 4063 verbo

2052 4103 2117 4157 ad
2157 4104 2338 4158 locum
2370 4102 2659 4157 traheret:
2689 4111 2741 4155 et
2787 4099 3113 4170 ignorantia:
3152 4100 3392 4171 speciem
3438 4114 3551 4169 pra:
3578 4115 3639 4155 se

2053 4198 2178 4260 fert,
2214 4211 2282 4250 ne
2317 4196 2677 4251 humanitatis
2723 4194 2981 4249 servilem
3026 4193 3255 4249 formam
3286 4192 3638 4247 tenuitatem-

335 4295 454 4351 que
504 4297 768 4340 recusare
813 4285 1092 4351 videatur,
1125 4288 1220 4358 qui
1253 4295 1450 4344 natura
1484 4304 1582 4345 sua
1616 4290 1762 4345 Deus
1790 4299 1930 4356 erat,
1972 4298 2287 4361 cunctaque
2337 4299 2564 4346 noverat
2605 4287 2749 4343 haud
2787 4287 3063 4356 praeterita
3139 4296 3372 4352 tantum,
3442 4299 3635 4340 verum

334 4376 517 4429 etiam
558 4392 621 4430 ea
655 4392 776 4446 quae
808 4380 1052 4434 nondum
1087 4395 1409 4438 evenerant.

416 4470 538 4523 Οὐκ
564 4471 892 4537 ἀγνοοῦντος
908 4473 985 4543 (2)
1004 4474 1064 4528 τὸ
1096 4479 1345 4545 σημεῖον,
1376 4477 1454 4541 τὸ,
1482 4496 1500 4529 ι
1529 4478 1640 4532 Ποῦ
1667 4477 1943 4532 τεθείκατε

2129 4473 2248 4527 Non
2311 4481 2442 4529 sunt
2499 4472 2806 4545 ignorantis
2877 4471 3144 4526 indicium
3215 4472 3406 4535 verba,
3459 4490 3479 4524 ‹
3531 4471 3635 4529 Ubi

335 4561 638 4632 Δάζαρον;
661 4584 678 4614 ι
702 4563 816 4617 ἀλλ’
853 4565 1040 4634 ἐπειδὴ
1073 4566 1280 4638 σφόδρα
1309 4566 1459 4636 φίλον
1493 4567 1642 4640 αὐτῷ
1674 4570 1735 4623 τὸ
1758 4566 1946 4636 ἀφιλό-

337 4670 588 4723 κομπον,
619 4660 973 4726 παραιτεῖται
1013 4657 1193 4727 λέγειν
1218 4658 1235 4690 ·“
1294 4659 1573 4730 Ἀπίωμεν
1605 4662 1684 4724 εἰς
1712 4660 1774 4713 τὸ
1805 4676 1943 4730 μνη-

341 4752 505 4819 μεῖον
531 4764 546 4778 ·
587 4750 761 4822 ἑτέρῳ
802 4751 861 4804 δὲ
888 4752 1076 4823 τρόπῳ
1110 4751 1272 4806 τοῦτό
1308 4770 1461 4825 φησι.
1502 4753 1715 4816 ’Ἄλλως
1737 4771 1818 4820 τε,
1849 4753 1943 4807 λέ-

335 4858 463 4910 γων
486 4843 515 4895 ὁ
536 4840 760 4911 Κύριος,
787 4842 930 4896 «Ποῦ
946 4843 1227 4898 τεθείκατε
1259 4845 1477 4913 αὑτόν;ι
1504 4846 1736 4909 πολλοὺς
1763 4846 1937 4900 ἐποίει

333 4934 474 4997 τοὺς
512 4932 952 5002 σνμϐαδίζοντας
974 4934 1070 4987 καὶ
1091 4935 1468 5006 καταμηνύειν
1500 4936 1810 5002 ἐθέλοντας,
1848 4938 1945 5007 μά-

334 5025 510 5078 λιστα
563 5023 692 5076 ὅταν
726 5024 755 5076 ὁ
797 5023 1073 5093 διερωτῶν
1121 5020 1262 5078 εἶναι
1310 5024 1492 5096 δοκοίη
1541 5026 1743 5097 τίμιος.
1784 5028 1946 5092 Εἰκδί

333 5116 400 5169 δὲ
432 5116 518 5169 ὅτι
560 5115 793 5187 ἐπείπερ
830 5112 900 5188 ἦν
934 5119 993 5169 ἐν
1024 5116 1175 5187 αὐτῷ
1214 5116 1347 5181 Θεός
1393 5134 1455 5171 τε
1508 5119 1600 5172 καὶ
1636 5119 1942 5189 ἄνθρωπος,

337 5207 651 5278 ἁναμίσγει
689 5206 768 5278 τῷ
801 5207 1100 5278 θεοπρεπεῖ
1131 5208 1193 5260 τὸ
1222 5207 1564 5279 ἀνθρώπινον
1589 5227 1601 5241 '
1636 5212 1729 5264 καὶ
1756 5211 1943 5264 ἄπεισι

342 5299 454 5369 μὲν
485 5299 950 5368 τερατουργήσων
1000 5297 1077 5361 ὡς
1105 5297 1270 5361 Θεὸς,
1322 5297 1476 5352 λαλεῖ
1513 5299 1571 5351 δὲ
1618 5299 1694 5362 ὡς
1736 5299 1944 5370 ἄνθρωσ

336 5406 451 5453 πος
478 5407 491 5419 ·
531 5387 628 5441 καὶ
661 5387 805 5458 ᾇπερ
829 5382 969 5441 οἶδεν
994 5385 1072 5449 ὡς
1095 5385 1228 5449 Θεὸς
1249 5428 1263 5452 ,
1296 5388 1511 5456 ἀγνοεῖν
1544 5387 1655 5441 ἔσθ’
1693 5388 1780 5442 ὅτε
1812 5406 1943 5460 σχη-

422 5525 470 5557 ⁶⁸
498 5523 814 5594 Philippm,
836 5522 900 5576 ‘7.

417 5646 500 5716 (ί)
532 5643 727 5716 Ιςαίτύ
749 5642 975 5716 ἐρωτᾷν
1000 5685 1012 5697 .
1042 5686 1054 5699 .
1082 5682 1096 5697 .
1126 5685 1139 5697 .
1168 5644 1456 5716 γενέσεως
1490 5647 1710 5716 (throw,
1738 5643 1813 5716 Et;
1835 5643 1946 5699 Ma-

341 5713 488 5775 carii
523 5713 958 5784 Chrysocephali
989 5723 1155 5771 tract.
1189 5715 1274 5782 16,
1312 5715 1437 5771 cod.
1484 5715 1577 5771 fol.
1616 5715 1722 5770 “572
1753 5715 1803 5782 ί),
1852 5731 1938 5787 ap.

343 5788 463 5845 Mai
494 5787 532 5840 I.
565 5785 602 5839 l.
639 5802 692 5857 p.
730 5784 854 5838 154.

2054 4567 2323 4622 Lazarum
2367 4564 2677 4635 posuistis?
2706 4584 2724 4617 ι
2765 4566 2859 4621 sed
2918 4565 3044 4634 quia
3080 4564 3409 4619 modestiam
3463 4567 3638 4636 potis-

2054 4658 2254 4712 simum
2298 4657 2616 4720 adamahat,
2677 4640 2860 4709 noluit
2894 4655 3078 4710 direre
3113 4674 3127 4710 :
3178 4648 3382 4711 Eamus
3422 4657 3489 4712 ad
3522 4674 3637 4712 mo-

2052 4756 2372 4803 numentum
2423 4766 2437 4802 :
2478 4746 2571 4803 sed
2626 4747 2741 4800 alio
2813 4747 2976 4800 modo
3010 4746 3063 4801 id
3104 4746 3322 4800 cﬂ'atur.
3381 4747 3635 4817 Alioquin

2051 4840 2181 4895 dum
2240 4842 2315 4895 ait
2369 4839 2659 4903 Dominus,
2721 4858 2741 4891 ι
2783 4838 3015 4894 Ubinam
3078 4840 3342 4911 posuistis
3393 4842 3567 4896 cum?
3610 4862 3641 4894 »ν

2052 4933 2259 4989 multos
2313 4932 2699 4988 commovebat
2759 4931 2826 4985 ad
2884 4932 3260 4987 comitandum
3332 4934 3385 4987 in
3440 4934 3675 4988 itincre‘

2053 5028 2345 5098 iocumque
2378 5027 2895 5090 demonstrandum,
2923 5028 3229 5097 praesertim
3260 5029 3386 5098 quia
3416 5038 3636 5097 rogator

2040 5119 2290 5174 illustris
2322 5126 2462 5173 erat.
2507 5117 2704 5173 Merito
2734 5126 2919 5173 autem
2951 5118 3079 5187 quia
3123 5118 3286 5173 simul
3338 5118 3481 5174 Deus
3517 5127 3636 5174 erat

2054 5216 2109 5263 et
2136 5209 2320 5275 homo,
2352 5209 2549 5264 miscet
2581 5208 2833 5280 dignitati
2875 5208 3073 5263 divinae
3109 5208 3383 5263 humanos
3426 5215 3586 5263 actus
3620 5225 3633 5260 :

2053 5301 2277 5370 abitque
2336 5300 2665 5354 miraculum
2727 5300 2977 5355 editurus
3042 5307 3102 5355 ut
3160 5300 3333 5360 Deus,
3389 5300 3637 5366 loquitur

2050 5400 2233 5449 tamcn
2269 5400 2327 5446 ut
2362 5392 2529 5446 homo
2555 5410 2568 5446 :
2595 5401 2650 5447 ct
2675 5408 2796 5461 quae
2824 5393 2995 5462 probe
3031 5391 3175 5447 Dcus
3203 5397 3451 5453 noverat,
3482 5391 3645 5460 igno~

2127 5646 2204 5716 (‘2)
2235 5648 2357 5700 Οὐκ
2392 5647 2761 5715 ἀγνοοῦντος
2866 5644 3359 5716 παραιτούμενος.
3382 5642 3454 5716 liv
3481 5652 3630 5716 cate-

2053 5713 2420 5773 na'Vaticana
2441 5713 2544 5787 ap.
2584 5716 2690 5772 Mai
2723 5717 2843 5771 loco
2875 5731 3040 5786 supra
3073 5715 3314 5782 laudato,
3348 5731 3400 5785 p.
3438 5713 3561 5770 155.
