4104 6440
503 306 572 364 53
612 370 621 375 _
1507 314 1561 369 S.
1588 313 1856 370 CYnlLLl
1900 309 2364 367 ALLXANDRINI
2395 315 2710 371 ABCllll‘iP.
3682 313 3752 368 59
3787 367 3797 375 ,

497 420 622 462 rare
679 406 956 464 interdum
1001 411 1258 476 simulat,
1303 413 1669 471 humanitatis
1713 413 2038 484 exiguitateu

2142 455 2145 464 .
2176 412 2462 480 ματίζεται
2478 455 2492 477 ,
2525 415 2626 484 τὴν
2651 416 2749 486 τῆς
2772 413 3192 483 ἀνθρωπότητος
3217 407 3488 480 πτωχείαν
3509 408 3752 480 οὐδαμοῦ

497 513 780 570 nunquam
816 503 1130 561 detrectans
1155 505 1252 578 (l).

565 583 660 651 XI,
702 589 793 644 55.
835 590 1014 661 Igitur
1041 594 1366 666 lacrymatus
1397 607 1472 651 est
1503 596 1682 652 Iesus.

565 673 773 734 Videns
809 683 1147 752 evangelista
1192 686 1585 758 lacrymantem
1638 695 1888 742 naturam
1943 690 2068 743 illa-

492 770 873 840 crymabilem,
911 775 1276 845 obstupescit,
1331 780 1433 834 etsi
1463 781 1632 852 686
1681 783 1903 852 propria
1953 785 2068 838 hate

491 865 635 913 esset
665 861 850 917 carnis
881 863 1117 928 aﬂ‘ectio,
1139 867 1467 938 minimeque
1485 869 1676 924 deitati
1704 874 2062 929 conveniens.

489 945 790 1020 Lacrymas
836 969 965 1008 vero
1015 954 1192 1010 fundit
1234 957 1524 1027 Dominus,
1559 965 1917 1033 conspicatus
1967 967 2066 1022 ho-

487 1038 691 1094 minem
741 1041 809 1095 ad
868 1046 1158 1114 imaginem
1205 1049 1292 1103 sui
1341 1048 1551 1106 factum
1593 1062 1870 1110 mortuum
1915 1073 2061 1121 esse,

416 1127 438 1184 ,³
487 1139 547 1184 ut
589 1142 810 1189 nostras
847 1135 1118 1208 lacrymas
1167 1141 1444 1199 cohibeat.
1486 1142 1724 1216 Pr0pter
1754 1147 1858 1202 hoc
1913 1150 2058 1204 enim

486 1231 737 1280 mortuus
775 1234 878 1294 est,
913 1235 970 1282 ut
1007 1239 1062 1285 et
1094 1228 1411 1289 nos'morte
1440 1237 1830 1303 liberaremur,
1859 1241 1914 1295 e't
1941 1249 2064 1294 lan-

484 1312 657 1382 tisper
700 1317 922 1385 quidem
961 1320 1316 1393 lacrymatus,
1341 1324 1539 1383 deinde
1577 1343 1703 1384 mox
1745 1333 2061 1402 comprimit

479 1402 776 1474 lacrymas,
816 1409 1032 1465 scilicet
1079 1429 1147 1466 ne
1197 1414 1452 1472 videatur
1499 1419 1677 1475 durus
1730 1423 1954 1492 quidam
2005 1433 2059 1478 ct

478 1494 882 1555 immisericors
912 1501 1030 1556 sine
1061 1504 1176 1557 ullo
1205 1512 1370 1560 sensu
1407 1509 1569 1564 alieni
1605 1511 1848 1580 doloris;
1871 1521 1925 1568 et
1955 1531 2056 1569 nos

477 1600 702 1656 quoque
729 1591 878 1644 circa
909 1593 1041 1647 talia
1064 1594 1326 1651 erudiens
1351 1613 1414 1653 ac
1438 1600 1643 1655 docens
1667 1618 1736 1657 ne
1759 1605 1879 1673 plus
1905 1604 2055 1675 justo

475 1675 756 1733 solvamur
790 1680 846 1735 in
897 1683 1106 1740 luctum
1140 1688 1210 1742 oh
1259 1697 1508 1747 mortuos
1542 1710 1554 1745 :
1589 1694 1726 1748 illud
1773 1697 1917 1750 enim
1962 1690 2088 1751 rc-'_

475 1768 621 1822 dolet
667 1770 1068 1830 humanitatem
1121 1792 1186 1831 ac
1239 1781 1697 1849 misericordiam,
1731 1787 1836 1841 hoc
1891 1787 2082 1858 plane'

473 1857 730 1927 ignavum
761 1870 816 1916 et
851 1866 1135 1922 muliebre.
1171 1869 1237 1924 Et
1270 1873 1340 1926 ob
1380 1873 1520 1929 hanc
1547 1890 1772 1932 causam
1805 1875 2072 1949 permisit

473 1965 587 2006 δυσὶ
642 1955 794 2008 carni
848 1958 1096 2013 nonnihil
1153 1959 1302 2032 ﬂere,
1336 1965 1464 2020 licet
1525 1969 1798 2027 exsistens
1856 1982 2050 2029 natura

471 2041 734 2100 immunis
795 2062 826 2102 a
891 2049 1181 2122 lacrymis,
1231 2047 1482 2126 nullhlue
1536 2060 1715 2116 dolori
1778 2065 2049 2124 obnoxius

473 2130 652 2197 quoad
689 2135 966 2203 propriam
995 2151 1272 2197 naturam.
1319 2143 1425 2214 lpsi
1460 2163 1678 2219 quoque
1709 2167 1900 2210 osores
1940 2159 2046 2210 ini-

468 2221 597 2275 mici
633 2224 977 2284 admirantur
1009 2231 1283 2304 lacrymas
1327 2234 1577 2293 Domini.‘
1604 2241 1740 2296 Nam
1775 2247 1869 2314 qui
1901 2255 2041 2303 stre-

467 2327 576 2367 nue
619 2315 1100 2388 philosophantur,
1137 2335 1375 2396 suntque
1433 2330 1488 2384 in
1553 2347 1750 2405 magna
1785 2337 2042 2406 Opinione

467 2401 772 2470 hominum,
802 2425 945 2481 agre
978 2413 1372 2486 lacrymantur,
1411 2428 1670 2492 tanquam
1703 2423 1923 2484 omnem
1951 2448 2043 2487 ca-

463 2495 770 2554 lamitatem
834 2519 1216 2575 aspernantes.
1287 2510 1562 2570 Putabant
1617 2527 1800 2574 autem
1865 2521 2036 2579 Judaei

459 2605 584 2644 cum
622 2602 847 2664 propter
881 2609 1110 2655 mortem
1147 2603 1340 2660 Lazari
1375 2605 1533 2676 ﬂere;
1561 2617 1616 2663 at
1649 2613 1766 2682 ipse
1807 2615 2038 2673 misera-

456 2678 608 2736 tione
661 2691 842 2739 taetus
890 2690 1070 2744 omnis
1129 2691 1383 2749 humanm
1442 2707 1648 2754 natura:
1699 2701 1866 2770 ﬂevit,
1924 2723 2033 2762 non

455 2769 632 2822 solum
679 2769 944 2828 Lazarum
996 2777 1208 2848 lugens,
1235 2782 1333 2836 sed.
1382 2787 1526 2852 quod
1579 2787 1688 2855 jam
1721 2769 1861 2843 olim
1887 2795 2034 2847 acei~

453 2859 610 2915 derat
634 2864 778 2932 apud
807 2881 866 2921 se
899 2870 1169 2938 cogitans,
1205 2890 1329 2928 cum
1364 2877 1620 2934 universa
1661 2881 1900 2938 humana
1932 2903 2027 2940 na-

449 2957 576 3005 tura
619 2957 785 3010 morti
831 2960 1139 3030 suhjaceat,
1175 2967 1478 3036 meritoque
1521 2971 1662 3026 hanc
1697 2977 1922 3030 multam
1978 2987 2030 3032 et

2175 504 2632 575 παραιτούμενος.
3079 567 3084 578 η

2255 593 2626 661 Ἐδάκρυσεν
2653 589 2768 648 οὖν
2795 596 2828 648 ό
2861 591 3114 689 Ἰησοξιιεἶ
3277 679 3302 689 Δ
3429 677 3441 689 ⁸
3689 673 3700 689 .

2249 684 2310 737 '0
2352 685 2537 754 μέντοι
2589 682 2980 751 εύαγγελιστὴς
3027 679 3242 750 βλέπων
3273 677 3618 750 δακρύουσαν
3648 677 3748 742 τὴν
3784 742 3793 753 ι

2169 776 2468 847 ἀδάκρυτον
2523 776 2686 844 φύσιν
2711 815 2727 838 ,
2777 773 3221 844 καταπλήττεται
3243 811 3258 834 ,
3306 773 3354 822 εἰ
3385 769 3480 824 καὶ
3523 769 3654 820 ῐδιον
3678 763 3746 838 ἦν
3775 781 3785 848 ς

2166 870 2266 939 τῆς
2323 869 2522 939 σαρκὸς
2565 868 2628 921 τὸ
2674 865 2880 930 πάθος,
2937 865 3032 919 καὶ
3063 865 3125 917 οὐ
3173 865 3238 935 τῇ
3269 862 3481 932 θεότητι
3508 859 3743 931 πρέπεν.

2165 961 2404 1032 Δακρύει
2436 961 2495 1014 δὲ
2517 961 2544 1014 ὁ
2565 959 2801 1029 Κύριος,
2840 956 3104 1029 ἑωρακὼς
3133 957 3224 1010 τὸν
3256 955 3374 1008 κατ’
3402 953 3538 1006 ἰδίαν
3560 952 3745 1004 εἰκόνα

2164 1053 2428 1120 γεγονότα
2471 1051 2784 1120 ἄνθρωπον,
2837 1047 3320 1118 κατεφθαρμένον,
3370 1043 3458 1097 ἴνα
3497 1043 3558 1096 τὸ
3585 1040 3743 1111 ἡμῶν

2165 1143 2480 1216 περιστείλῃ
2523 1143 2776 1212 δάκρυον.
2833 1139 2933 1192 Διὰ
2973 1138 3082 1208 γὰρ
3105 1136 3264 1190 τοῦτο
3311 1136 3404 1188 καὶ
3449 1132 3742 1236 ἀπέθανεν,

2163 1235 2249 1287 ἵνα
2293 1234 2386 1286 καὶ
2432 1235 2596 1303 ἡμεῖς
2645 1229 3051 1300 ἀπαλλαγῶμεν
3105 1229 3372 1282 θανάτουο
3423 1222 3648 1294 δακρύει
3683 1223 3741 1275 δὲ

2165 1325 2343 1396 μόνον,
2383 1325 2478 1378 καὶ
2511 1323 2672 1387 εὐθὺς
2701 1322 2886 1393 ἐπέχει
2917 1321 2979 1374 τὸ
3007 1320 3258 1390 δάκρυον,
3281 1318 3368 1370 ἵνα
3399 1315 3472 1387 μὴ
3496 1313 3624 1384 δόξῃ
3655 1329 3739 1376 τις

2159 1419 2308 1490 ὠμὸς
2337 1417 2435 1472 καὶ
2463 1415 2795 1486 ἀσυμπαθὴς
2827 1408 2966 1467 εἶναι
2987 1453 3000 1475 ,
3041 1412 3134 1465 καὶ
3173 1412 3320 1480 ἡμᾶς
3352 1408 3446 1462 ἐπὶ
3487 1404 3740 1501 τοῖςᾼαὺ-
3767 1493 3779 1501 ι

2157 1515 2268 1574 τοῖς
2295 1507 2564 1562 παιδεύων
2591 1507 2666 1578 μὴ
2696 1507 2791 1558 ἐπὶ
2818 1505 2951 1557 πολὺ
2977 1501 3266 1557 ἐκλύεσθαι
3292 1501 3382 1552 ἐπὶ
3407 1501 3520 1560 τοῖς
3547 1494 3739 1565 τεθνη-

2157 1601 2280 1653 κόσι
2304 1616 2317 1630 ·
2350 1599 2410 1651 τὸ
2455 1597 2554 1667 μὲν
2579 1594 2710 1666 γὰρ,
2743 1591 3086 1664 συμπαθείας
3115 1590 3404 1660 ἐχόμενον,
3435 1586 3496 1640 τὸ
3523 1587 3602 1648 δὲ,
3633 1601 3737 1653 γυ-

2155 1675 2398 1749 ναικικὸν
2432 1692 2526 1746 καὶ
2553 1689 2833 1760 ἄνανδρον.
2864 1685 2963 1740 Διὰ
2987 1683 3144 1738 τοῦτο
3176 1679 3268 1736 οὖν
3301 1679 3648 1752 συνεχώρησε
3669 1681 3740 1748 τῇ

2157 1786 2260 1857 ἰδίᾳ
2287 1783 2454 1854 σαρκὶ
2481 1781 2713 1834 κλαῦσαι
2737 1778 2950 1844 ὀλίγον,
2981 1776 3183 1844 καίπερ
3209 1773 3282 1826 ὣν
3313 1775 3376 1842 τῇ
3413 1771 3574 1874 φύσει
3596 1769 3731 1874 ἔδει·

2155 1893 2290 1946 κρυς
2321 1873 2417 1927 καὶ
2453 1871 2670 1938 ἀπάσης
2700 1869 3050 1928 ἁνεπίδεκτος
3085 1863 3264 1932 λύπης
3284 1903 3297 1921 ,
3329 1864 3452 1914 ὅσον
3485 1862 3563 1921 εἰς
3595 1861 3732 1912 ἰδίαν

2155 1967 2334 2036 φύσιν.
2390 1961 2742 2033 Θαυμάζουσι
2777 1960 2833 2012 δὲ
2881 1958 2974 2012 καὶ
3037 1958 3191 2009 αὐτοὶ
3231 1956 3278 2007 oi
3311 1951 3628 2022 μισούντες,
3673 1951 3733 2002 τὸ

2151 2057 2358 2127 Κυρίου
2396 2056 2458 2108 τὸ
2483 2055 2738 2124 δάκρυον.
2779 2053 2842 2104 Ol
2876 2051 2985 2120 γὰρ
3003 2051 3080 2112 εἰς
3103 2049 3270 2117 ἄκρον
3293 2047 3728 2115 φιλοσοφοῦντες,

2149 2149 2246 2203 καὶ
2259 2151 2307 2202 οἱ
2325 2149 2382 2200 ἐν
2405 2144 2674 2217 ὑπολήψει
2691 2145 2940 2216 λαμπρᾷ,
2956 2139 3362 2212 δυσχερέστατα
3380 2136 3729 2207 δακρύουσιν,

2145 2243 2220 2308 ὡς
2255 2240 2793 2310 κατανεανιευόμενοι
2856 2237 3036 2307 πάσης
3084 2234 3388 2303 συμφορᾶς.
3450 2227 3732 2299 Ἐνόμιζον

2143 2337 2198 2392 δὲ
2225 2338 2273 2390 oi
2308 2335 2552 2388 Ἰουδαῖοι
2583 2334 2666 2386 ὅτι
2692 2330 2782 2385 διὰ
2809 2331 2898 2384 τὸν
2928 2329 3156 2382 θάνατον
3189 2325 3423 2396 ἐδάκρυε
3448 2322 3728 2392 Λαζάρουο

2143 2428 2304 2492 αὐτὸς
2344 2425 2401 2480 δὲ
2453 2426 2636 2479 πᾶσαν
2688 2423 2788 2492 τὴν
2847 2419 3196 2492 ἀνθρωπίνην
3245 2415 3406 2486 φύσιν
3457 2412 3726 2468 κατελεῶν

2143 2523 2465 2592 ἐδάκρυσεν,
2503 2518 2564 2572 ού
2603 2517 2762 2588 μόνον
2783 2515 3036 2584 Λάζαρον
3066 2509 3288 2575 κλαίων,
3309 2508 3444 2562 ἀλλὰ
3461 2509 3523 2562 τὸ
3554 2506 3726 2560 πάλαι

2142 2610 2489 2682 συμϐεϐηκὸς
2517 2608 2733 2670 ἐννοῶν,
2765 2607 2848 2660 ὃτι
2874 2605 3024 2658 πᾶσα
3049 2605 3080 2672 ἠ
3118 2599 3476 2671 ἀνθρωπότης
3501 2597 3731 2666 γέγονεν

2139 2703 2242 2756 ὑπὸ
2277 2701 2507 2755 θάνατον
2531 2741 2546 2766 ,
2578 2697 2804 2759 δικαίως
2842 2693 2921 2762 τῷ
2954 2692 3182 2764 τοιούτῳ
3219 2690 3484 2760 ἐπιτιμίῳ
3514 2688 3724 2741 ὑποπε-

2139 2795 2326 2848 σούσα.
2379 2792 2568 2846 Ἀλλοι
2597 2791 2654 2844 δὲ
2700 2789 2804 2843 ὑπὸ
2849 2787 2942 2840 τοῦ
2979 2785 3176 2856 φθόνου
3215 2783 3537 2854 τρωθέντες,
3569 2779 3724 2834 οὐδὲν

2135 2887 2322 2954 ἔλεγον
2357 2883 2562 2951 ἀγαθόν
2588 2899 2602 2912 ·
2655 2881 2714 2934 ού
2753 2879 2864 2950 γὰρ
2899 2877 3042 2932 κατὰ
3073 2875 3338 2945 ἀλήθειαν
3366 2873 3596 2943 ᾐτιῶντο
3632 2870 3722 2924 τὸν

2134 2976 2368 3048 Κύριον,
2408 2975 2485 3040 ὼς
2541 2973 2912 3044 ἐπιτρέψαντα
2953 2969 3245 3024 ἀποθανεῖν
3291 2965 3381 3018 τὸν
3427 2964 3718 3034 Λάζαρον·

450 3043 660 3099 cladem
701 3063 863 3118 passa
905 3051 997 3106 sit.
1027 3053 1130 3107 Alii
1161 3071 1293 3109 vero
1324 3059 1497 3116 livore
1521 3067 1859 3126 exstimulati
1892 3071 2024 3124 nihil

2142 3043 2290 3122 τοῦτο
2323 3068 2431 3138 γὰρ
2467 3063 2536 3138 ἦν
2573 3063 2942 3119 πιστευόντων
2979 3063 3062 3114 ὃτι
3106 3058 3337 3128 ἠδύνατο
3369 3055 3460 3108 τὸν
3493 3055 3722 3108 θάνατον

449 3149 644 3192 sanum
699 3141 1064 3210 loquebantur
1103 3163 1117 3200 :
1165 3163 1274 3202 non
1315 3152 1457 3204 enitn
1502 3169 1692 3209 revera
1737 3159 2028 3216 insimula-

447 3229 581 3283 bant
615 3230 904 3289 Dominum
953 3239 1114 3306 quasi
1157 3240 1377 3298 sivisset
1405 3247 1540 3302 mori
1574 3246 1841 3306 Lazarum
1876 3272 1890 3308 :
1923 3255 2026 3310 hoc

445 3321 593 3375 enim
650 3321 846 3380 [uisset
896 3329 1241 3384 credentium
1277 3349 1401 3388 eum
1459 3353 1621 3406 posse
1669 3352 1902 3399 mortem
1955 3349 2026 3401 si-

446 3420 612 3468 stere.
667 3414 775 3470 Sed
835 3425 1044 3473 tantum
1099 3438 1213 3477 non
1272 3426 1376 3480 hoc
1429 3429 1732 3488 dicebant:
1773 3437 1872 3491 Ubi
1931 3445 2024 3492 tua

443 3501 646 3569 virtus,
675 3519 708 3557 ο
741 3507 1132 3564 miraculorum
1161 3513 1378 3570 editor?
1402 3518 1545 3574 Ecce
1587 3524 1730 3575 enim
1763 3534 1814 3578 et
1847 3537 1896 3580 te
1926 3544 2022 3580 no-

443 3596 591 3651 lente
624 3607 872 3656 mortuus
903 3610 987 3656 est
1019 3619 1178 3672 quem
1213 3609 1435 3665 amabas
1463 3629 1476 3665 :
1506 3614 1648 3681 quod
1714 3618 1854 3671 enim
1897 3638 2020 3677 cum

443 3697 660 3739 amares
707 3685 912 3740 indicio
969 3700 1096 3744 sunt
1135 3701 1240 3748 tua:
1298 3687 1571 3769 la'crymae.
1624 3701 1678 3756 Si
1734 3720 1864 3775 ergo
1917 3718 2023 3765 tum

444 3770 665 3828 virtutis
689 3783 742 3829 el.
771 3781 1028 3846 potentiae
1057 3781 1158 3836 fuit
1191 3787 1338 3854 quod
1380 3789 1532 3842 circa
1563 3806 1764 3846 caecum
1804 3770 2019 3855 iactum

439 3869 549 3929 est,
583 3873 804 3932 poteras
835 3874 890 3921 et.
937 3877 1162 3926 mortem
1214 3877 1497 3930 retardare
1535 3894 1598 3934 ac
1647 3897 2020 3954 compescere,

2137 3162 2350 3232 στῆσαι.
2400 3158 2560 3211 Ἀλλὰ
2595 3154 2878 3228 μονονουχὶ
2907 3153 3064 3205 τοῦτό
3098 3167 3260 3219 φασιν
3286 3165 3300 3178 ·
3345 3146 3518 3218 Ποῦ.ὴ
3565 3145 3720 3216 ἰσχύς

2136 3271 2259 3316 σου,
2301 3245 2347 3304 ὦ
2376 3245 2796 3318 θαυματουργέ;
2863 3244 2993 3296 Ἰδοὺ
3023 3241 3132 3312 γὰρ
3159 3241 3250 3294 καὶ
3286 3241 3359 3312 μὴ
3395 3239 3718 3311 βουλομένου

2135 3346 2230 3398 σοῦ
2251 3385 2265 3407 ,
2301 3343 2561 3412 τέθνηκεν
2591 3342 2618 3392 6
2652 3337 2757 3389 ὑπὸ
2793 3334 2887 3388 σού
2915 3333 3242 3400 φιλούμενος
3262 3349 3274 3362 ·
3328 3333 3412 3386 ὅτι
3442 3331 3550 3402 γὰρ
3582 3330 3721 3400 ὴγά,

2133 3455 2262 3501 ποις,
2289 3436 2449 3506 δῆλον
2483 3433 2543 3499 ἐξ
2577 3426 2640 3485 οὗ
2669 3427 2948 3498 δακρύεις.
2971 3426 3030 3479 Εἰ
3055 3421 3148 3479 οὖν
3179 3420 3247 3495 ἦν
3273 3423 3374 3492 τῆς
3403 3422 3502 3492 σῆς
3537 3421 3718 3491 ἰσχύος

2128 3531 2190 3583 τὸ
2215 3528 2308 3582 τοῦ
2333 3523 2536 3594 τυφλοῦ
2558 3519 2986 3594 ἕργον,ὴδύνασο
3011 3515 3106 3569 καὶ
3128 3515 3218 3567 τὸν
3245 3513 3474 3566 θάνατον
3499 3513 3716 3582 στῆσαι,

2129 3622 2266 3690 ὅπερ
2311 3617 2429 3672 ἐστὶ
2477 3617 2573 3668 καὶ
2625 3613 2757 3666 αὐτὸ
2835 3611 2976 3695 ὑπερ
3025 3606 3315 3678 ἀνθρώπου
3363 3604 3544 3673 φύσιν.
3605 3603 3716 3702 ξῺς

2127 3711 2501 3782 ἐπιχαίροντες
2533 3701 2626 3759 οὖν
2657 3705 2715 3770 ἐξ
2748 3697 2821 3756 ὧν
2853 3703 3038 3772 ἐώρων
3063 3699 3263 3770 τρόπον
3283 3696 3406 3750 τινὰ
3451 3703 3719 3766 παραλυο-

2729 3796 2749 3804 -
3000 3794 3012 3804 .
3117 3791 3145 3803 -
3308 3791 3322 3804 .
3349 3790 3361 3804 .
3421 3787 3432 3799 .
3657 3786 3676 3804 κ

2133 3805 2302 3876 μένην
2347 3801 2444 3872 τὴν
2473 3797 2638 3853 αὑτοῦ
2663 3796 2854 3861 δόξαν,
2892 3794 3024 3863 φασὶ
3052 3791 3212 3846 τοῦτο
3244 3805 3256 3820 ⁸
3294 3790 3464 3852 Αὐτός
3493 3803 3556 3856 γε
3609 3790 3717 3856 μὴν

2131 3896 2433 3966 ἐδάκρυσεν
2473 3893 2567 3945 ἐπὶ
2589 3889 2847 3958 Λαζὰρῳ.

440 3954 587 4021 quod
622 3955 841 4022 quidem
893 3967 976 4012 cst
1025 3975 1194 4030 supra
1242 3973 1496 4020 naturam
1540 3969 1800 4029 hominis.
1852 3977 2025 4047 teritur
2067 3954 2398 4040 insultantes
2449 3982 2518 4046 ei,
2543 3981 2689 4051 quod
2741 3954 2989 4033 viderent
3056 3975 3462 4048 quodammodo
3527 3973 3712 4028 immi-

441 4051 631 4097 nutam
667 4045 788 4114 eius
818 4049 1070 4118 gloriam,
1099 4052 1203 4107 hoc
1250 4057 1440 4111 dicunt
1472 4077 1485 4112 :
1523 4059 1642 4130 Ipse
1675 4045 1895 4135 quidem
1937 4071 2273 4146 lacrymatus
2303 4083 2386 4130 est
2413 4089 2580 4144 super
2606 4071 2835 4125 Lazaro.

511 4134 604 4190 Sic
642 4136 853 4192 dicitur
905 4157 1002 4210 pro
1039 4161 1051 4197 :
1084 4144 1406 4204 Counmotus
1452 4151 1518 4204 ad
1575 4134 2016 4218 misericordiam

439 4235 663 4294 propter
693 4231 990 4285 multorum
1021 4233 1316 4305 lacrymas,
1343 4239 1634 4310 imperavit
1667 4248 1887 4314 spiritui
1915 4269 2017 4306 suo

439 4327 503 4370 ut
533 4327 766 4374 mortem
799 4323 964 4377 etiam
1001 4333 1130 4380 ante
1162 4337 1381 4398 tempus
1409 4333 1728 4402 dehellaret,
1757 4353 1819 4393 ac
1850 4341 2018 4396 Laza—

439 4422 562 4462 rum
597 4410 910 4468 suscitaret.

511 4501 739 4557 Miratur
762 4521 961 4562 rursus
984 4507 1146 4566 divus
1170 4515 1507 4584 evangelista
1535 4515 1751 4574 ﬂentem
1785 4537 2018 4580 cernens

439 4589 892 4660 illacrymabilem
930 4605 1206 4654 naturam.
1232 4602 1398 4673 Atqui
1428 4606 1665 4679 humana
1693 4609 1806 4666 haec
1833 4619 2018 4683 passio

439 4691 576 4739 erat.
606 4683 970 4742 Miserabatur
999 4691 1146 4744 enim
1177 4708 1286 4768 non
1319 4697 1438 4751 sine
1471 4713 1661 4762 causa,
1693 4715 2016 4774 corruptum

443 4776 637 4831 videns
669 4778 946 4835 hominem
989 4782 1056 4836 ad
1091 4783 1382 4854 imaginem
1418 4788 1508 4845 Dei
1541 4801 1806 4860 creatum,
1842 4807 1897 4852 et
1928 4813 2022 4853 ca-

444 4867 781 4927 lamitatibus
820 4873 1029 4928 nostris
1077 4877 1531 4935 contristabatur.
1569 4881 1682 4938 Nisi
1727 4887 1870 4940 enim
1922 4905 2018 4959 pro

441 4958 602 5014 nobis
649 4960 990 5033 lacrymatus
1037 4973 1206 5028 esset,
1234 4982 1408 5022 meam
1465 4988 1575 5026 non
1619 4975 1900 5034 cohiberet
1923 4958 2018 5036 "la-

437 5063 702 5116 erymam.
749 5049 884 5106 Nam
929 5053 1074 5107 sicut
1121 5055 1167 5108 is
1220 5055 1312 5125 qui
1344 5067 1462 5112 erat
1490 5059 1727 5117 Verbum
1777 5066 2007 5124 dicens:

442 5158 460 5187 ι
505 5137 614 5210 Ego
655 5157 775 5196 sum
832 5144 990 5212 panis
1041 5145 1110 5199 de
1145 5149 1290 5201 cmlo
1342 5150 1704 5222 descendens,
1739 5159 2012 5232 vitamque

437 5231 645 5286 mundo
679 5231 915 5288 aﬂ‘crens
940 5234 1030 5302 δι’,
1065 5255 1084 5287 ι
1119 5239 1368 5306 permisit
1405 5249 1586 5300 tamen
1629 5231 1934 5319 aliquando,
1953 5261 2011 5306 ut

461 5335 476 5358 κ

507 5429 574 5462 ⁴¹⁶
605 5428 768 5486 Joan.
810 5447 887 5498 vr,
920 5431 1010 5487 50.

511 5563 590 5632 (l)
645 5566 797 5621 Ἀντί
839 5569 949 5625 τοῦ
995 5609 1009 5623 .
1039 5610 1054 5626 .
1086 5610 1100 5624 .

511 5655 586 5726 (‘2)
644 5661 1129 5732 καταπλήττεται
1189 5705 1203 5720 .

2208 4169 2352 4222 ’Λντὶ
2375 4167 2470 4218 τοῦ
2514 4165 2588 4240 (I)
2615 4159 3049 4232 ,_sttvnp.évog
3093 4164 3170 4226 είς
3209 4160 3359 4214 ἔλεον
3393 4163 3456 4214 ὲκ
3493 4159 3586 4212 τοῦ
3618 4159 3712 4213 δα-

2127 4260 2330 4332 κρῦσαι
2358 4257 2608 4321 πολλοὺς,
2627 4255 2932 4310 ἐνετείλατο
2950 4254 3150 4325 τρόπον
3168 4253 3288 4307 τινὰ
3303 4252 3380 4324 τῷ
3407 4253 3520 4322 ἰδίῳ
3539 4255 3711 4306 Πνεύ-

2058 4382 2098 4435 D
2129 4369 2260 4420 ματι
2290 4347 2684 4404 καταπαλαίειν
2701 4386 2713 4410 ,
2742 4346 2836 4400 καὶ
2855 4345 2962 4418 πρὸ
2985 4345 3196 4416 καιροῦ,
3222 4343 3314 4398 τοῦ
3341 4344 3594 4412 θανάτου,
3616 4345 3710 4397 καὶ

2129 4441 2433 4510 ἀναστῆσαι
2461 4441 2554 4492 τὸν
2585 4439 2852 4509 Λάζαρον.

2182 4527 2634 4597 Καταπλήττεται
2666 4526 2742 4594 (2)
2763 4527 2923 4580 πάλιν
2945 4527 2972 4578 ὁ
2991 4524 3274 4588 θεσπέσιος
3291 4526 3702 4598 εύαγγελιστὴς,

2129 4619 2468 4688 δακρύουσαν
2504 4619 2717 4689 βλέπων
2762 4617 2866 4689 τὴν
2907 4618 3208 4688 ἀδάκρυτον
3253 4617 3434 4688 φύσιν.
3485 4621 3596 4674 Καὶ
3644 4619 3706 4672 τὸ

2127 4710 2296 4774 πάθος
2319 4706 2386 4782 ἦν
2411 4709 2769 4782 ἀνθρώπινον.
2805 4708 2982 4761 Ἦλέει
3008 4709 3117 4778 γὰρ
3150 4709 3378 4772 εἰκότως
3401 4709 3701 4780 κατεφθαρο

2129 4801 2286 4870 μένον
2319 4801 2462 4871 ὀρῶν
2493 4801 2586 4854 τὸν
2620 4801 2739 4854 κατ’
2768 4799 2904 4852 ἰδίαν
2931 4798 3142 4861 εἰκόνα,
3181 4798 3274 4852 καὶ
3313 4799 3702 4867 ὲπιστυγνὰςει

2117 4895 2236 4954 ταῖς
2255 4893 2548 4962 ἡμετέραις
2570 4909 2632 4944 συ
2641 4892 2897 4960 μφοραῖς.
2916 4890 2976 4940 Εἰ
2994 4887 3102 4960 γὰρ
3121 4891 3194 4961 μὴ
3211 4889 3541 4962 δεδάκρυκεν
3559 4891 3698 4959 ὑπὲρ

2117 4983 2304 5053 ἡμῶν,
2337 4984 2436 5036 οὐκ
2460 4982 2524 5036 ἂν
2555 4982 2615 5034 τὸ
2658 4981 2790 5050 ἐμὸν
2826 4980 3154 5052 περιεστάλη
3199 4981 3453 5053 δάκρυον.
3489 4983 3699 5054 Ὀνπερ

2117 5075 2226 5144 γὰρ
2255 5073 2454 5146 τρόπον
2477 5073 2638 5135 αὐτὸς
2661 5068 2729 5142 ἦν
2765 5073 2794 5124 6
2826 5073 2996 5140 Λόγος
3020 5075 3047 5126 6
3071 5073 3265 5138 εἰπὼν,
3312 5092 3329 5124 ι
3356 5073 3496 5141 Ἐγώ
3526 5076 3643 5144 εἰμι
3667 5077 3696 5126 ὁ

2117 5167 2279 5236 ἄρτος
2325 5167 2353 5217 6
2399 5163 2456 5228 ἐξ
2501 5161 2729 5235 ούρανοῦ
2764 5164 3042 5231 καταϐὰς,
3087 5165 3180 5218 καὶ
3211 5163 3356 5234 ζωὴν
3388 5165 3564 5229 διδοὺς
3619 5167 3696 5237 τῷ

2117 5257 2359 5325 uaricum,»
2398 5253 2819 5324 συγκεχώρηκεν
2849 5257 2963 5310 ἀπὸ
2975 5256 3174 5328 μέρους
3195 5255 3294 5325 τῆς
3325 5257 3460 5322 ἰδίας
3487 5258 3690 5332 σαρκός

1134 5609 1148 5625 .
1200 5572 1308 5628 τὸν
1345 5573 1634 5646 Λάζαρον.
1687 5578 1764 5634 Ex
1812 5581 2038 5639 Macarii

2145 5585 2458 5658 irysoceph.
2488 5585 2525 5641 Ι.
2557 5587 2595 5640 l.
2625 5601 2715 5658 ap.
2751 5586 2856 5644 Mai
2888 5587 3018 5642 ibid.

1385 5705 1400 5721 .
1471 5670 1570 5755 argi
1641 5671 2019 5755 ἀσυμπειθές.

2142 5695 2157 5732 ι
2212 5685 2404 5755 catena
2449 5677 2627 5755 Yatic.
2669 5677 2894 5755 aplhlai
2924 5677 3055 5736 ibid.
3088 5677 3263 5751 Hujus
3293 5691 3346 5738 et
3396 5685 3677 5755 sequentis

439 5725 727 5800 fragmenti
777 5725 994 5790 nonnisi
1044 5735 1327 5806 particula:
1375 5741 1620 5809 quaedam
1668 5725 2848 5820 ’éis'iaiii"i‘.{ciini‘ééiieriiiij'pﬁai.
