4104 6444
447 319 519 379 59
1445 329 1503 387 S.
1541 330 1822 386 CYIHILI
1855 330 2331 387 ALEXANDRINI
2364 332 2690 389 ARCIIIEP.
3656 330 3727 387 60

516 438 607 499 XL
636 441 727 499 40.
774 444 965 502 Nonne
1003 448 1100 503 tibi
1137 451 1251 503 dixi
1310 451 1581 519 quoniam,
1630 454 1679 505 si
1720 452 2028 515 credideris,

2212 430 2334 507 Οὖκ
2379 449 2558 506 εἶπόν
2586 444 2685 507 σοὶ
2739 453 2971 513 (iraeirae
3004 453 3377 520 πιστεύσῃς,
3432 450 3579 520 dij/aet.
3613 453 3728 518 thr

442 532 639 590 videbis
672 537 900 607 gloriam
935 541 1033 615 Dei
1052 545 1081 599 ?

516 623 714 698 Ingens
767 631 971 688 bonum
1010 646 1099 692 est
1152 638 1290 694 tich
1324 653 1449 693 cum
1499 654 1563 693 ex
1602 639 1815 694 ardenti
1849 641 2037 695 animo

446 720 717 784 nascitur,
753 730 1074 794 tantamque
1110 728 1218 781 vim
1258 729 1441 790 habet,
1476 736 1536 782 ut
1569 744 1679 782 non
1730 729 1909 784 solum
1937 731 2036 799 qui

445 811 624 863 credit
675 822 953 879 servetur,
979 817 1074 871 sed
1132 829 1192 872 ut
1242 819 1407 874 etiam
1454 819 1689 875 aliorum
1743 820 1878 877 ﬁdes
1914 824 2040 880 aliis

447 902 613 956 saluti
672 905 765 968 sit,
806 915 865 960 ut
912 909 963 962 in
1002 910 1387 979 Capharuautn
1441 913 1724 969 resolutus
1773 917 2039 973 membris

447 996 784 1063 paralyticus
812 1014 907 1067 per
936 1000 1094 1055 tidem
1129 1018 1320 1057 eorum
1351 1003 1444 1073 qui
1480 1005 1772 1074 portabant
1804 1023 1928 1062 eum
1959 1024 2042 1063 sa-

446 1093 611 1138 natus
645 1097 749 1152 cst,
782 1098 841 1143 ut
894 1089 1135 1147 Lazarus
1166 1109 1264 1163 per
1306 1094 1467 1149 tidem
1498 1097 1731 1161 sororis,
1775 1096 1845 1152 ad
1874 1115 2040 1169 quam

447 1176 586 1229 dixit
618 1176 880 1236 Dominus
913 1198 927 1235 :
969 1201 987 1233 ι
1031 1182 1288 1254 Nunquid
1328 1185 1443 1240 dixi
1485 1188 1585 1243 tibi
1610 1192 1784 1259 quod,
1837 1194 1885 1248 si
1916 1202 2041 1251 cre-

446 1268 554 1334 dis,
593 1271 801 1328 videbis
835 1275 1069 1345 gloriam
1105 1278 1244 1333 Dei?
1284 1298 1303 1331 ι
1339 1282 1740 1350 propemodum
1790 1285 1985 1344 dicens
2026 1308 2039 1343 :

448 1360 910 1434 Quandoquidem
947 1369 1195 1427 Lazarus
1239 1381 1491 1430 mortuus
1537 1376 1763 1436 credere
1797 1396 1907 1437 non
1945 1399 2044 1454 po-

446 1463 575 1518 test,
601 1464 657 1512 tu
681 1459 865 1528 quoad
895 1461 1056 1517 tidem
1092 1465 1296 1520 mortui
1324 1466 1498 1522 vicem
1530 1470 1809 1541 suppleas.
1835 1472 2043 1545 Duplex

445 1556 629 1602 autem
663 1560 753 1606 cst
785 1549 910 1608 ﬁdei
942 1547 1159 1624 species
1176 1574 1187 1609 :
1218 1557 1324 1612 alia
1354 1560 1576 1630 quidem
1609 1563 1919 1634 dogmatica
1951 1582 2043 1624 as-

446 1641 709 1698 sensione
758 1646 960 1701 mentis
997 1646 1207 1704 habens
1245 1650 1313 1705 de
1347 1652 1452 1707 hac
1481 1669 1541 1709 re
1574 1655 1782 1728 aliqua,
1816 1666 1876 1714 ut
1915 1660 2042 1726 hoc,

453 1748 473 1781 ι
513 1730 617 1798 Qui
660 1734 836 1790 credit
880 1737 934 1792 in
976 1735 1175 1793 Filium
1219 1755 1329 1797 non
1371 1743 1660 1813 judicatur
1718 1747 1767 1780 “
1801 1766 1818 1818 ;
1858 1769 1881 1802 ι
1935 1752 2041 1807 alia

445 1839 569 1892 quae
603 1828 724 1881 vice
777 1829 970 1897 gratim
1007 1846 1038 1884 a
1073 1832 1297 1889 Christo
1333 1812 1517 1891 datur.
1586 1858 1606 1890 ‹
1647 1839 1712 1894 Et
1757 1812 1887 1898 huic
1920 1845 2044 1915 qui-
2076 1812 2120 1867 Β

453 1919 604 1982 dem,
633 1922 729 1986 ait,
758 1938 856 1991 per
880 1923 1150 1994 Spiritum
1174 1928 1336 1984 datur
1358 1944 1544 1987 sermo
1561 1934 1862 2004 sapientiae,
1883 1939 2043 1995 alteri

447 2028 581 2067 vero
617 2013 738 2070 lidei
760 2016 804 2047 ιδ
826 2033 839 2082 ;
863 2036 880 2068 ο
917 2034 1039 2088 qua:
1064 2020 1285 2090 quidem
1317 2038 1428 2078 non
1460 2033 1673 2080 tantum
1704 2036 1790 2084 est
1823 2029 2047 2101 dogma-

450 2105 583 2172 tica,
614 2109 711 2163 sed
763 2114 1065 2167 multorum
1101 2130 1224 2185 quae
1269 2131 1438 2187 supra
1479 2118 1758 2176 hominem
1800 2132 1932 2178 sunt
1965 2124 2046 2180 ef.

451 2198 675 2264 fectrix,
711 2203 784 2256 ita
832 2207 1092 2261 utetiam
1142 2216 1363 2264 montes
1407 2211 1712 2267 transferat
1750 2213 1820 2268 ⁸⁸.
1874 2214 2047 2288 Igitur

451 2288 665 2346 Martha
698 2311 762 2349 ex
798 2296 1117 2355 inﬁrmitate
1142 2300 1316 2372 688
1360 2301 1811 2363 ratiocinationis
1858 2309 1912 2363 in
1961 2310 2048 2365 in-

451 2390 837 2447 credulitatem
871 2394 1092 2462 incidit,
1145 2397 1241 2452 sed
1266 2412 1373 2453 non
1410 2400 1541 2454 sinit
1576 2399 1936 2469 Dominus,ct
1964 2421 2051 2463 cc-

450 2481 659 2552 lcriter.
690 2484 820 2540 huic
871 2487 1018 2543 malo
1070 2487 1234 2544 ﬁnem
1289 2490 1542 2561 imponit.
1589 2492 1821 2564 Oportet
1874 2498 2046 2566 enim,

456 2571 659 2641 inquit,
686 2577 915 2634 credere
946 2579 1199 2646 ﬁrmiter,
1222 2589 1283 2636 ut
1308 2583 1602 2640 videantur
1630 2603 1694 2641 ca
1727 2603 1848 2658 qua:
1893 2603 2047 2660 spem

452 2678 717 2736 superant
751 2687 765 2724 :
803 2685 1041 2742 magnus
1079 2674 1227 2729 enim
1273 2688 1359 2731 est
1394 2678 1644 2744 morbus,
1691 2682 1910 2737 animus
1952 2698 2052 2738 an-

453 2776 605 2832 ceps.
636 2773 689 2817 ct
735 2765 830 2834 q‘ui
868 2766 963 2821 Dei
1013 2766 1192 2837 gratia
1226 2772 1667 2843 muneribusque
1712 2791 1814 2831 nos
1847 2777 2046 2846 privat.

451 2853 578 2910 Ideo
610 2858 701 2925 qui
743 2859 793 2912 ei
829 2863 1174 2926 succensuit,
1206 2864 1527 2921 universum
1558 2866 1842 2922 hominum
1878 2885 2052 2940 genus

451 2949 651 3013 erexit,
680 2966 746 3006 ne
781 2953 1040 3023 ancipitis
1080 2955 1250 3009 animi
1286 2956 1523 3028 ﬁdeique
1550 2960 1711 3015 malis
1749 2970 2048 3018 teneretur.

451 3038 626 3096 Porro
661 3044 924 3099 Christus
970 3047 1152 3102 vitans
1184 3048 1401 3103 inanem
1443 3050 1699 3120 gloriam,
1741 3069 1851 3108 non
1891 3055 2049 3124 dixit,

2136 544 2325 608 δόξαν
2350 546 2456 599 τοῦ
2489 546 2637 599 Θεοῦ
2658 563 2675 607 ,'

2208 639 2370 708 Μέγα
2413 640 2615 708 ἀγαθὸν
2660 641 2878 705 πίστις,
2930 642 3061 695 ὅταν
3115 642 3224 695 ἀπὸ
3258 641 3467 712 θερμῆς
3512 639 3728 708 γίνηται

2135 730 2374 796 διανοίας
2393 773 2409 797 ,
2445 734 2540 786 καὶ
2565 732 2837 805 τοσαύτην
2869 733 2982 804 ἔχει
3012 733 3246 806 δύναμιν
3266 777 3279 797 ,
3312 733 3453 787 ὥστε
3473 734 3535 786 οὐ
3571 732 3729 802 μόνον

2074 883 2085 891 _
2136 824 2165 875 6
2198 822 2469 876 πιστεύων
2497 822 2765 889 σώζεται,
2815 824 2948 878 ἀλλὰ
2998 827 3091 878 καί¹
3131 826 3278 879 ἄλλοι
3303 824 3478 878 ἄλλων
3510 840 3731 877 πιστευ-

2142 912 2351 966 σάντων
2381 912 2685 982 ἐσώθησαν·
2743 913 2820 977 ὡς
2866 916 2895 967 6
2926 915 2984 967 ἐν
3019 917 3401 985 Καπαρναοὺμ
3436 914 3733 985 χαλασθεὶς

2141 1005 2485 1074 παράλυτος,
2535 1005 2626 1058 διὰ
2654 1004 2751 1078 τὴν
2779 1005 2963 1060 πίστιν
2985 1006 3094 1060 τῶν
3126 1007 3501 1077 βασταζόντων
3525 1005 3688 1059 αὐτόν
3713 1021 3726 1034 ·

2140 1096 2216 1160 ῶς
2258 1099 2286 1149 6
2323 1096 2574 1167 Λάζαρος
2596 1136 2610 1160 ,
2639 1096 2727 1150 διὰ
2755 1097 2856 1167 τὴν
2897 1098 2996 1169 τῆς
3034 1098 3271 1167 ἀδελφῆς
3292 1137 3306 1160 ,
3362 1097 3496 1168 πρὸς
3526 1098 3592 1166 ἣν
3626 1095 3729 1164 ἔφη

2141 1191 2169 1243 ὁ
2199 1189 2438 1261 Κύριοςο
2477 1209 2495 1240 ι
2527 1190 2642 1243 Ούκ
2670 1184 2825 1242 εἶπόν
2865 1205 2949 1242 σοι
2996 1191 3102 1251 ὅτι,
3129 1190 3223 1273 ἐὰν
3268 1188 3532 1259 πιστεύῃς
3554 1227 3568 1250 ,
3610 1187 3731 1255 ὄψει

2141 1282 2242 1351 τὴν
2274 1280 2433 1348 δόξαν
2482 1281 2578 1335 τοῦ
2629 1283 2765 1336 Θεοῦ
2793 1300 2808 1346 ;
2840 1302 2859 1334 ι
2913 1282 3197 1353 μονονουχὶ
3242 1282 3451 1348 λέγων’
3513 1278 3731 1347 Ἐπειδὴ

2142 1373 2393 1445 Λάζαρος
2441 1376 2635 1445 νεκρὸς
2681 1373 2756 1427 ὣν
2793 1373 3070 1429 πιστεύειν
3115 1375 3175 1427 ού
3213 1373 3467 1437 δύναται,
3526 1371 3589 1424 σὺ
3638 1369 3732 1423 τοῦ

2144 1464 2342 1534 νεκροῦ
2371 1464 2431 1517 τὸ
2458 1463 2645 1518 λεῖπον
2686 1465 2786 1536 τῆς
2809 1465 3048 1529 πίστεως
3078 1464 3494 1535 ἁναπλήρωσον.
3548 1460 3735 1514 Διττὸν

2143 1553 2198 1607 δὲ
2238 1554 2339 1623 τῆς
2375 1554 2611 1619 πίστεως
2653 1556 2713 1609 τὸ
2759 1552 2897 1620 εἶδος
2923 1595 2938 1619 ,
2984 1557 3046 1608 τὸ
3097 1556 3196 1626 μὲν
3238 1554 3570 1623 δογματικδν
3607 1568 3737 1621 συγε

2146 1645 2442 1700 κατάθεσιν
2476 1650 2578 1719 τῆς
2625 1648 2804 1719 ψυχῆς
2838 1640 2975 1718 ἕχον
3024 1648 3155 1728 περὶ
3207 1647 3363 1700 τοῦδέ
3424 1662 3602 1707 τινοςο
3661 1644 3737 1707 ὡς

2146 1741 2227 1807 τὸ,
2256 1759 2276 1793 ‹
2319 1741 2376 1795 '0
2400 1742 2675 1796 πιστεύων
2706 1745 2786 1807 είς
2811 1743 2903 1797 τὸν
2932 1744 3083 1809 Υίὴν,
3110 1743 3171 1795 οῦ
3197 1740 3442 1812 κρίνεται
3467 1754 3479 1768 ·
3516 1758 3534 1790 ι
3566 1737 3629 1791 τὸ
3655 1738 3733 1801 δὲ,

2148 1835 2208 1889 ὲν
2244 1835 2467 1906 χάριτος
2516 1836 2676 1908 μέρει
2730 1837 2882 1909 παρὰ
2931 1836 3026 1891 τοῦ
3068 1834 3307 1908 Χριστοῦ
3353 1833 3731 1906 δωρούμενονο

2153 1944 2173 1977 ι
2199 1921 2271 1998 ᾯ
2309 1927 2406 1998 μὲν
2433 1928 2564 1999 γὰρ,
2589 1931 2744 1999 φησι,
2766 1929 2855 1984 διὰ
2883 1928 2978 1985 τοῦ
3003 1928 3320 1999 Πνεύματος
3349 1926 3550 1981 δίδοται
3579 1924 3737 1992 λόγος

2149 2017 2369 2086 σοφίας,
2409 2019 2581 2091 έτέρῳ
2602 2020 2661 2073 δὲ
2700 2020 2903 2084 πίστις’
2928 2039 2947 2072 ι
2977 2020 3101 2090 ἥτις
3141 2021 3204 2073 οὐ
3234 2017 3538 2089 δογματικὴ
3577 2016 3738 2084 μόνον

2147 2109 2315 2173 ἐστὶν,
2350 2109 2486 2163 ἀλλὰ
2510 2110 2606 2164 καὶ
2633 2109 2740 2164 τῶν
2779 2110 2921 2181 ὑπὲρ
2959 2110 3249 2183 ἄνθρωπον
3279 2106 3630 2179 ὲνεργητικὴ,
3662 2106 3739 2169 ὡς

2148 2202 2242 2256 καὶ
2263 2202 2365 2274 ὅρη
2399 2202 2766 2273 μεθιστάνειν.
2802 2203 2868 2258 Ἠ
2891 2202 3075 2274 μέντοι
3097 2201 3297 2273 Μάρθα
3325 2201 3429 2255 ὑπὸ
3457 2198 3739 2263 ἀσθενείας

2147 2294 2455 2367 λογισμῶν,
2477 2298 2557 2360 εἰς
2583 2296 2842 2351 ἀπιστίαν
2870 2295 3150 2353 ἐνέπεσεν.
3185 2294 3323 2348 Ἀλλ’
3354 2297 3383 2348 6
3406 2293 3615 2365 Κύριος
3639 2293 3739 2346 οὐκ

2149 2389 2359 2460 ἐφίησι,
2376 2388 2529 2443 λύσιν
2556 2389 2874 2459 ῦπενεγκὼν
2900 2387 2977 2460 τῷ
3004 2388 3168 2443 πάθει
3191 2389 3434 2459 ταχεῖαν.
3457 2384 3587 2457 Χρὴ
3608 2384 3737 2454 γάρ,

2150 2482 2306 2552 φησὶ,
2323 2481 2603 2536 πιστεύειν
2620 2482 2902 2553 ἀσφαλῶς,
2917 2481 3008 2536 ἵνα
3024 2481 3286 2553 θεάσηται
3301 2480 3367 2533 τά
3384 2478 3516 2550 παρ’
3526 2476 3736 2531 ἐλπίδα·

2154 2576 2297 2644 μέγα
2336 2574 2447 2649 γὰρ
2482 2576 2516 2647 ἡ
2553 2576 2777 2647 διψυχία
2835 2575 3078 2648 νόσημα,
3109 2574 3207 2629 καὶ
3262 2571 3603 2643 ἀποστεροῦν
3630 2569 3742 2623 τῶν

2151 2668 2217 2720 ὲκ
2242 2667 2378 2721 Θεοῦ
2414 2668 2799 2739 χαρισμάτων.
2832 2669 2921 2722 Διὸ
2945 2668 3118 2739 ταύτῃ
3144 2666 3496 2736 ἐπιτιμήσας,
3524 2662 3585 2716 τὸ
3605 2661 3741 2742 πάν·-

2152 2780 2260 2817 των
2293 2761 2600 2831 ἀνθρώπων
2639 2760 2988 2834 διωρθώσατο
3013 2760 3204 2829 γένος,
3246 2757 3390 2811 ὥστε
3432 2756 3506 2827 μὴ
3542 2754 3744 2809 ἁλῶναι

2151 2858 2266 2920 τοῖς
2291 2856 2392 2927 τῆς
2421 2844 2677 2927 διψυχίας
2706 2858 2918 2918 κακοῖς.
2970 2855 3194 2921 Φεύγων
3231 2852 3288 2905 δὲ
3318 2851 3377 2904 τὸ
3413 2847 3689 2913 κενόδοξον
3715 2850 3744 2901 6

2154 2948 2423 3019 Χριστὸς,
2449 2949 2551 3003 οὐκ
2581 2946 2754 3012 εἶπεν,
2794 2947 2954 3017 Ὂψει
2979 2948 3079 3017 τὴν
3099 2945 3256 3010 δόξαν
3297 2961 3397 3015 μου
3419 2986 3438 3009 ,
3482 2942 3617 2996 ἀλλὰ
3646 2940 3744 3012 τὴν

2153 3041 2248 3095 τοῦ
2271 3040 2405 3095 Θεοῦ
2431 3059 2443 3073 ·
2503 3041 2631 3108 δόξα
2660 3042 2719 3096 δὲ
2750 3039 2920 3107 θεοῦ,
2960 3039 3022 3092 τὸ
3066 3041 3276 3110 ἐγεῖραι
3304 3035 3517 3106 νεκρόν.
3570 3034 3747 3097 Αὐτὸς

456 3129 690 3191 Videbis
724 3136 957 3204 gloriam
1008 3155 1208 3201 meam,
1255 3141 1349 3197 sed
1396 3142 1487 3198 Dei
1522 3161 1535 3198 :
1568 3144 1740 3214 gloria
1790 3162 1921 3202 vero
1956 3146 2047 3205 Dei

2155 3129 2248 3189 οὖν
2276 3135 2386 3206 ἄρα
2416 3135 2564 3190 ἐστὶν
2615 3137 2644 3189 6
2675 3134 2817 3189 κατὰ
2858 3134 3018 3203 φύσιν
3048 3133 3180 3195 Θεὸς
3200 3170 3214 3194 ,
3263 3134 3292 3186 6
3315 3128 3508 3194 εἰπὼν,
3601 3125 3747 3225 Ἐγῶ

454 3234 564 3293 est,
598 3229 872 3285 suscitare
909 3240 1213 3287 mortuum.
1244 3232 1365 3305 lpsc
1414 3235 1584 3307 igitur
1611 3247 1696 3293 est
1741 3241 2047 3296 secundum

455 3326 710 3374 naturam
744 3321 911 3387 Deus,
943 3324 1037 3393 qui
1070 3324 1231 3391 dixit,
1270 3346 1287 3378 ι
1328 3325 1440 3398 Ego
1476 3344 1595 3383 sum
1627 3333 1983 3400 resurrectio,
2024 3353 2047 3388 ι

455 3412 619 3481 cujus
645 3414 878 3483 gloriam
926 3417 1213 3473 mulierem
1260 3421 1427 3490 paulo
1459 3429 1583 3491 post
1613 3423 1856 3479 visuram
1887 3425 2048 3494 dixit,

455 3506 678 3571 quando
718 3510 932 3578 putabit
959 3511 1241 3566 veritatem
1283 3528 1393 3581 non
1429 3515 1670 3582 mentiri,
1697 3516 1787 3580 qui
1824 3517 2045 3586 quidem

454 3600 712 3656 Christus
753 3610 872 3668 est;
903 3611 1023 3658 erat
1072 3593 1355 3662 autem'ei
1415 3608 1748 3677 promissum
1813 3607 1934 3664 fore
1986 3617 2048 3665 ut

456 3701 712 3748 mortuus
744 3694 866 3763 ejus
917 3694 1090 3751 frater
1121 3707 1457 3769 resurgeret.
1495 3697 1561 3752 Et
1596 3699 1766 3754 Maria
1799 3702 2045 3770 quidem,

456 3792 645 3854 utpote
696 3803 820 3855 quae
856 3798 941 3843 est
1006 3790 1421 3860 iutelligeutior,
1468 3771 1681 3846 nttllu’m
1740 3793 2051 3848 dubitantis

454 3878 620 3931 animi
659 3879 880 3948 signum
928 3896 1042 3951 pra:
1087 3898 1146 3937 se
1188 3881 1371 3938 ferens
1412 3883 1664 3954 loquitur
1697 3902 1709 3938 :
1748 3892 1805 3939 at
1837 3883 2047 3940 Martha

395 3982 398 3987 ‘
454 3972 710 4040 ancipitis
740 3975 908 4028 animi
941 3976 1131 4029 morbo
1164 3977 1471 4030 tenebatur.

528 4060 622 4126 XI,
679 4063 767 4117 6|.
834 4064 1024 4133 Pater,
1087 4082 1184 4137 ago
1247 4066 1341 4119 tibi
1388 4067 1596 4136 gratias
1647 4067 1787 4138 quod
1845 4068 2050 4124 audisti

455 4169 556 4219 me,
592 4163 700 4209 etc.
1838 4217 1853 4229 α

523 4244 894 4303 (Economicc
920 4261 974 4303 et
1010 4266 1109 4320 pro
1141 4265 1327 4305 rerum
1365 4250 1560 4307 ordine
1597 4250 1847 4320 loquitur
1885 4252 2052 4307 Chri-

455 4346 578 4396 stus
620 4354 720 4396 ceu
768 4341 930 4395 homo
966 4342 1208 4399 demisse
1248 4342 1494 4412 quidem,
1532 4353 1709 4410 neque
1742 4340 2047 4396 secundum

455 4430 1140 4502 deitatisetuincntiatn,et
1164 4438 1334 4491 refert
1365 4435 1597 4506 gratiam
1616 4434 1788 4525 Platri,
1808 4448 1916 4489 non
1947 4449 2049 4505 pro

456 4525 668 4581 Lazaro
694 4528 987 4591 duntaxat,
1006 4529 1101 4584 sed
1129 4544 1228 4598 pro
1258 4528 1507 4583 omnium
1539 4529 1670 4582 vita.
1697 4527 1882 4585 Bonus
1900 4529 2048 4583 enim

2157 3229 2275 3298 είμι
2298 3230 2331 3299 ἡ
2358 3228 2656 3292 ἀνάστασις
2675 3267 2692 3292 ,
2718 3247 2736 3279 ι
2759 3220 2822 3280 οὗ
2843 3229 2942 3299 τὴν
2969 3225 3128 3292 δόξαν
3153 3225 3269 3295 μετ’
3293 3224 3354 3276 ού
3381 3222 3514 3276 πολὺ
3537 3219 3748 3290 θεωρή-

2160 3334 2275 3371 σειν
2320 3316 2420 3388 τὴν
2451 3317 2688 3387 γυναῖκά
2717 3334 2919 3388 φησιν,
2961 3317 3090 3370 ὅταν
3132 3314 3292 3386 οἰηθῇ
3343 3314 3420 3384 μὴ
3452 3309 3746 3383 ψεύδεσθαι

2157 3411 2257 3482 τὴν
2298 3410 2592 3481 ἀλήθειαν,
2635 3411 2694 3474 ὃς
2730 3411 2878 3463 ἐστιν
2919 3411 2948 3464 6
2977 3408 3213 3481 Χριστός
3235 3424 3251 3440 ·
3291 3403 3359 3480 ἦν
3389 3406 3444 3460 δὲ
3480 3406 3617 3475 αὐτῇ
3646 3405 3746 3457 ἑπ-

2157 3502 2425 3574 αγγελθὲν
2444 3545 2459 3570 ,
2502 3505 2564 3557 τὸ
2596 3504 2898 3573 ἀναστῆναι
2924 3503 3017 3557 τὸν
3060 3501 3256 3572 νεκρὸν
3287 3499 3460 3570 αὐτῆς
3493 3496 3743 3567 ἀδελφόν.

2157 3596 2271 3650 Καὶ
2303 3597 2336 3667 ἡ
2371 3595 2471 3664 μὲν
2493 3595 2686 3668 Μαρία
2722 3594 3065 3666 συνετωτερα
3092 3589 3248 3659 οὖσα,
3270 3592 3424 3646 οὐδὲν
3450 3590 3749 3643 ὲνδοιαστι-

2158 3687 2254 3742 κόν
2286 3687 2585 3757 φθέγγεται
2610 3704 2624 3718 ⁶
2661 3688 2778 3760 ἡδὲ
2807 3686 3009 3759 Μάρθα
3030 3726 3045 3752 ,
3078 3685 3158 3757 τῷ
3186 3687 3286 3757 τῆς
3322 3684 3574 3755 διψυχίας
3612 3698 3745 3736 κατ-

2158 3783 2336 3854 είχετο
2373 3783 2661 3853 νοσήματι.

2228 4066 2441 4137 Πάτερ,
2475 4066 2816 4137 εὐχαριστῶ
2842 4083 2941 4121 σοι
2971 4067 3060 4121 ὅτι
3093 4066 3365 4137 ἤκουσάς
3382 4082 3524 4134 μου,
3561 4062 3747 4118 καὶτὰ

2155 4163 2245 4215 έ”
2290 4198 2306 4216 .

2188 4178 2604 4324 ςὲὶῖκονομικῶς
2641 4253 2824 4323 μέντοι
2859 4252 2933 4315 ὡς
2967 4250 3252 4320 ἄνθρωπος
3278 4249 3430 4302 λαλεῖ
3461 4250 3488 4301 ὁ
3515 4246 3749 4318 Χριστὸς

2155 4344 2474 4417 χθαμαλῶς,
2504 4347 2566 4399 οὺ
2597 4344 2739 4398 κατὰ
2768 4345 2867 4414 τὴν
2902 4345 2998 4411 τῆς
3029 4343 3281 4412 Θεὸτητος
3309 4340 3584 4411 ὑπεροχήν
3604 4355 3617 4368 ·
3652 4339 3749 4391 καὶ

2148 4437 2411 4507 ἀναφέρει
2453 4436 2530 4507 τῷ
2570 4438 2746 4508 Πατρὶ
2783 4437 2882 4508 τὴν
2937 4438 3118 4508 χάριν,
3159 4435 3258 4505 οὐχ
3303 4434 3443 4506 ὑπὲρ
3492 4430 3746 4502 Λαζάρου

2154 4529 2336 4600 μόνον,
2375 4529 2490 4582 ἀλλ’
2539 4529 2682 4601 ὑπὲρ
2714 4530 2813 4597 τῆς
2866 4530 3083 4583 πάντων
3122 4526 3291 4597 ζωῆς.
3363 4524 3592 4594 Ἀγαθὺς
3637 4524 3747 4595 γὰρ

454 4636 581 4675 cum
616 4622 707 4684 sit,
733 4637 969 4678 concors
1013 4631 1098 4677 est
1127 4621 1277 4676 Patri
1310 4623 1369 4676 in
1409 4622 1576 4675 vitam
1622 4621 1898 4677 reducens
1945 4621 2047 4675 ho-

2153 4622 2250 4687 ὣν,
2285 4622 2627 4695 ὁμογνώμων
2657 4622 2776 4675 ἐστὶ
2798 4621 2877 4692 τῷ
2912 4622 3108 4693 Πατρὶ,
3140 4616 3490 4690 ἁνακομίζων
3527 4617 3627 4688 τὴν
3651 4617 3747 4669 άν-

455 4715 620 4769 minis
662 4731 940 4778 naturam,
976 4731 1099 4785 quae
1140 4716 1210 4771 ob
1264 4715 1468 4770 violata
1506 4717 1666 4785 jussa
1727 4716 1783 4770 in
1843 4729 2046 4769 corru-

456 4805 701 4876 ptionem
755 4806 1030 4862 inciderat
1078 4821 1144 4861 ac
1199 4806 1522 4872 interitum,
1583 4806 1789 4861 trullam
1835 4806 2047 4861 habens

457 4895 528 4949 ad
597 4897 900 4952 bonitatem
969 4897 1150 4954 Patris
1218 4895 1607 4952 diﬂ'erentiam.
1671 4896 2047 4962 Quemadmo-

457 4987 588 5042 dum
641 5005 771 5044 vero
829 4999 884 5043 et
931 5005 1035 5046 nos
1090 5005 1189 5059 per
1238 4990 1515 5060 propriam
1563 4987 1834 5041 rationem
1890 4987 2052 5041 indu-

457 5082 638 5137 cimur
675 5098 782 5136 non
810 5084 995 5138 facere
1025 5082 1172 5152 quod
1206 5082 1391 5137 visum
1422 5090 1507 5135 est
1534 5095 1548 5132 :
1581 5080 1660 5134 sic
1681 5088 1735 5133 et
1761 5078 2048 5144 Dominus,

459 5173 687 5228 verbum
736 5177 1013 5233 cxsistens
1066 5191 1131 5231 ac
1185 5174 1480 5230 consilium
1538 5173 1742 5240 Patris,
1810 5175 2047 5229 amicum

460 5266 622 5322 nobis
697 5268 879 5324 reddit
932 5269 1175 5325 Patrem.
1244 5267 1432 5336 Neque
1507 5281 1640 5320 vero
1701 5265 2048 5321 divinitatem

461 5362 625 5420 irasci
661 5363 921 5428 dicimus,
954 5362 1050 5418 sed
1096 5361 1248 5432 quia,
1289 5374 1413 5413 cum
1469 5358 1612 5414 Deus
1644 5359 1717 5414 sit
1760 5359 1949 5428 justus
1998 5370 2054 5415 et

2157 4712 2376 4785 θρώπου
2408 4714 2569 4783 φύσιν
2603 4714 2684 4777 είς
2714 4713 2813 4785 τὴν
2847 4713 3024 4783 ζωὴν,
3065 4713 3166 4782 τὴν
3205 4713 3285 4775 εἰς
3319 4709 3526 4782 φθοράν
3551 4706 3750 4761 πεσοῦ-

2158 4822 2257 4859 σαν
2286 4805 2376 4860 διὰ
2405 4807 2505 4878 τῆς
2527 4808 2836 4878 παρακοῆς,
2857 4804 3117 4875 οὐδεμίαν
3145 4803 3285 4875 ἔχων
3323 4803 3588 4872 διαφορὰν
3611 4801 3748 4872 πρὸς

2156 4898 2256 4970 τὴν
2293 4900 2388 4952 τοῦ
2420 4900 2634 4971 Πατρὸς
2663 4899 2999 4968 ἁγαθότητα.
3035 4897 3329 4969 ’Ὢσπερδὲ
3353 4895 3449 4951 καί
3478 4896 3640 4966 ἡμεῖς
3659 4893 3750 4947 διὰ

2153 4989 2265 5042 τῶν
2292 4989 2510 5043 οἰκείων
2540 4989 2818 5061 λογισμῶν
2854 4988 3265 5059 ἁναπειθόμεθα
3285 4989 3367 5051 είς
3400 4988 3456 5040 τὸ
3483 4986 3558 5057 μὴ
3588 4985 3748 5054 ποιῆ-

2158 5099 2248 5136 σαι
2279 5083 2339 5136 τὸ
2369 5083 2598 5154 δοκηθὲν
2617 5125 2632 5149 ,
2681 5082 2825 5136 οῦτω
2860 5083 2954 5138 καὶ
2996 5085 3025 5137 6
3054 5082 3257 5155 Κύριος
3287 5123 3302 5147 ,
3329 5082 3502 5150 Λόγος
3544 5079 3620 5133 ὢν
3652 5079 3748 5131 καὶ

2158 5176 2321 5247 βουλὴ
2354 5176 2448 5230 τοῦ
2479 5177 2717 5249 Πατρὸς,
2751 5175 2903 5242 φίλον
2936 5177 3067 5247 ἡμῖν
3097 5174 3366 5245 πεποίηκε
3390 5174 3478 5227 τὸν
3499 5172 3742 5243 Πατέρα.

2154 5268 2268 5321 Καὶ
2301 5268 2364 5321 οὐ
2405 5269 2581 5340 δήπου
2626 5267 2808 5338 φαμὲν
2843 5269 2926 5321 ὅτι
2973 5268 3256 5338 ὀργίζεται
3305 5264 3365 5317 τὸ
3389 5264 3566 5328 Θεῖον,
3628 5261 3751 5316 ἀλλ’

2156 5360 2242 5414 ὅτι
2273 5361 2479 5425 δίκαιος
2521 5359 2596 5415 ὢν
2629 5361 2726 5415 καὶ
2774 5360 3014 5431 ἀγαθὸς,
3067 5357 3178 5413 οἶδε
3205 5357 3296 5411 τὸν
3334 5361 3403 5430 τῇ
3428 5355 3744 5427 ἐπιτιμήσει

422 5496 431 5535 ε
533 5518 580 5552 ’⁸⁸
612 5517 774 5574 Joan.
811 5535 894 5583 ιιι,
924 5519 1008 5573 18.
1085 5517 1132 5549 ⁸⁵
1171 5514 1188 5569 1
1230 5518 1358 5573 Cor.
1394 5533 1494 5583 xu,
1528 5518 1583 5584 8,
1615 5517 1667 5572 9.
1745 5516 1793 5552 ⁵⁸
1829 5515 1847 5570 Ι
1881 5516 2010 5572 Cor.
2050 5531 2143 5572 xm
2168 5558 2182 5583 ,
2212 5518 2268 5572 2.

467 5658 800 5728 festinamus,
835 5653 1058 5732 dedecus
1108 5653 1358 5732 erstincti
1411 5662 1732 5732 reputantes,
1767 5654 1814 5707 si
1866 5652 1931 5732 ait
1982 5653 2046 5709 iis

466 5721 554 5798 qui
588 5728 758 5781 adhuc
806 5726 981 5777 vivunt
1032 5724 1367 5803 ['ustidintur.
1415 5721 1557 5777 Nam
1601 5726 1759 5793 pudet
1790 5723 2047 5803 quadarn-

470 5800 624 5851 modo
667 5807 913 5849 naturam
973 5800 1268 5861 passionem
1308 5806 1499 5863 pra'tcr
1540 5805 1786 5849 naturam
1824 5800 2042 5864 perpeti.

2156 5655 2320 5710 Haud
2365 5654 2507 5709 enim
2562 5666 2780 5711 mortem
2812 5654 2953 5709 Deus
2989 5661 3209 5721 crearit,
3247 5667 3409 5722 neque
3458 5652 3743 5707 viventium

2155 5728 2261 5781 exit
2270 5727 2317 5781 io
2351 5726 2661 5782 delectatur.
