4104 6430
299 381 360 436 61
1165 384 1233 440 IN
1265 384 1602 440 JOANNEM.
1640 418 1709 427 —
1743 387 1871 443 LIB.
1897 389 1989 445 VH
2009 391 2097 445 ET
2120 392 2234 449 Vill
2262 393 2710 451 FRAGMENTA.
3507 399 3578 455 62

293 493 587 567 πρέποντα
614 494 836 569 καιρὸν,
889 496 982 552 καὶ
1026 495 1113 550 τὸν
1148 500 1213 569 τῇ
1246 497 1450 552 ἀνέσει,
1503 498 1651 570 Πλὴν
1679 501 1901 571 εὐχαρι-

1958 507 2202 567 ιιιοιιιιε,
2256 508 2409 561 novit
2468 508 2828 579 increpationi
2891 518 3107 579 tempus
3162 524 3468 579 congruum
3526 520 3579 565 ct

294 591 416 643 στεί
461 591 491 642 6
523 586 765 660 Κύριος,
818 588 913 642 καὶ
949 587 1109 642 τοῦτο
1146 591 1310 643 ποιεῖ
1336 589 1473 660 πρὸς
1529 591 1898 662 ὑπογραμμὸν

1999 596 2339 652 remissioni.
2375 595 2482 653 Sed
2523 599 2668 653 enim
2699 600 2906 669 gratias
2938 601 3051 670 agit
3084 598 3376 668 Dominus,
3419 602 3579 679 idque

290 681 489 753 ἡμῶν,
514 681 692 751 τιμῶν
717 681 810 734 τὸν
840 681 1081 753 Πατέρα.
1099 681 1273 736 Ὅταν
1303 681 1361 736 δὲ
1388 683 1416 735 6
1442 681 1556 746 ἴσος
1575 682 1654 754 τῷ
1683 683 1782 754 ἴσῳ
1804 684 1896 737 εύ-

2000 687 2067 742 ad
2102 687 2508 744 institutionem
2539 698 2799 745 ‘nostram
2842 693 2992 757 facit,
3028 689 3241 746 Patrem
3278 693 3578 749 honorans.

291 776 557 845 χαριστῇ,
571 773 631 826 ού
655 775 804 826 ποιεῖ
822 772 1039 836 παντως
1065 772 1224 828 τοῦτο
1243 773 1343 844 τῆς
1364 774 1553 838 οὐσίας
1577 774 1893 828 ἐλάττωσιν.

1998 776 2134 832 Cum
2178 794 2309 834 vero
2359 796 2456 849 par
2506 781 2623 851 pari
2660 783 2868 852 gratias
2920 783 3054 853 agit,
3091 799 3324 853 prorsus
3369 784 3576 837 nullam

291 855 465 916 Δι’ὧν
488 863 547 915 δὲ
565 863 1015 934 ἐπισημαίνεται,
1032 863 1113 915 ὄτι
1129 863 1228 916 Διὰ
1249 863 1340 915 τὸν
1363 863 1518 933 ὄχλον
1536 863 1707 916 ταῦτα
1727 863 1893 931 λέγω,

1998 869 2253 923 essentia:
2299 869 2720 927 diminutionem
2774 873 2877 927 hoc
2925 872 3175 929 includit.
3222 873 3362 939 Quid
3413 873 3578 943 igitur

295 955 588 1026 μονονουχί
618 972 816 1025 φησιν,
846 956 927 1008 ὅτι
966 953 1427 1025 Προσπεποίημαι
1458 954 1558 1024 τῆς
1582 954 1898 1027 προσευχῆς

2000 960 2236 1015 indicat?
2260 962 2404 1031 quod
2440 971 2659 1032 propter
2689 965 2908 1019 turbam
2957 965 3074 1020 haec
3099 965 3270 1030 dicat,
3296 965 3579 1033 l’crmcque

289 1046 354 1098 τὸ
378 1047 586 1116 σχῆμα,
625 1046 722 1098 καὶ
747 1044 1106 1114 οἰκονομικῶς
1127 1039 1280 1098 εἷπον
1302 1045 1671 1116 εὐχαριστεῖν.
1708 1046 1896 1116 ’ῌδειν

1998 1052 2109 1104 ait:
2142 1050 2407 1107 Simulavi
2449 1054 2779 1123 precationis
2828 1057 3095 1126 speciem,
3138 1064 3192 1111 et
3238 1057 3579 1110 oeconomice

224 1133 234 1141 ’
291 1137 405 1208 γὰρ
433 1139 518 1191 δτι
546 1135 779 1190 πάντοτέ
813 1155 914 1206 μου
940 1135 1180 1200 ἀκούεις.
1205 1138 1278 1190 Οὐ
1313 1137 1421 1208 γάρ
1454 1138 1571 1190 ἐστι
1604 1137 1742 1208 πρὸς
1769 1135 1845 1190 eam

1998 1150 2164 1212 atque
2201 1143 2268 1198 ad
2311 1145 2579 1200 rationem
2618 1147 2833 1201 ordinis
2864 1146 2976 1201 dixi
3026 1163 3113 1203 me
3146 1148 3351 1218 gratias
3396 1163 3573 1217 agere.

290 1229 394 1297 τὴν
422 1228 657 1299 ἀπειθὴς
692 1230 728 1299 ἡ
769 1228 867 1298 μία
892 1228 992 1297 τῆς
1026 1227 1280 1298 θεότητος
1311 1229 1504 1297 φύσις,
1556 1229 1786 1299 ἐπείπερ
1817 1225 1897 1293 εἷς

2001 1232 2252 1289 Sciebam
2280 1236 2423 1291 enim
2456 1234 2602 1305 quod
2635 1236 2839 1306 ubique
2875 1253 2960 1291 me
2991 1237 3204 1293 audias.
3229 1238 3438 1308 Quippe
3467 1253 3572 1292 non

289 1322 447 1373 ἐστιν
477 1323 509 1374 6
535 1320 637 1390 τῆς
671 1320 903 1392 Τριὰδος
929 1318 1074 1384 νοῦς,
1109 1319 1323 1390 Πατρὺς
1344 1359 1359 1384 ,
1404 1318 1538 1372 Υἰοῦ
1561 1361 1577 1385 ,
1614 1319 1710 1374 καὶ
1735 1319 1898 1373 Πνεύ-

1997 1335 2081 1380 est
2127 1341 2313 1381 secum
2370 1325 2670 1390 dissidens,
2730 1341 2834 1381 nec
2895 1328 3000 1382 sibi
3057 1330 3407 1398 immorigera
3471 1344 3573 1381 una

290 1426 492 1484 ματος.
531 1411 705 1476 Εἰδὼς
738 1407 832 1464 οῦν
853 1451 867 1472 ,
900 1411 1101 1481 φησὶν,
1131 1411 1213 1465 ὅτι
1252 1410 1352 1483 μία
1380 1411 1537 1482 ἡμῶν
1568 1413 1601 1482 ἡ
1641 1410 1897 1482 βούλησις

1998 1415 2221 1471 deitatis
2270 1424 2492 1484 natura,
2522 1416 2970 1489 quandoquidem
3020 1435 3126 1473 una
3174 1429 3260 1475 est
3295 1419 3578 1474 Trinitatis

287 1504 393 1557 καὶ
416 1504 476 1556 ἓν
506 1502 565 1556 τὸ
592 1500 840 1573 θέλημα,
893 1502 980 1555 διὰ
1011 1503 1101 1556 τὸν
1131 1502 1288 1573 ὄχλον
1310 1503 1482 1556 ταῦτα
1514 1503 1668 1575 ἔφην.
1712 1502 1897 1557 Ταῦτα

1998 1526 2174 1575 mens,
2220 1509 2399 1564 Patris
2446 1520 2500 1565 et
2546 1509 2670 1564 Filii
2718 1522 2773 1566 et
2825 1510 3066 1580 Spiritus
3120 1514 3319 1567 sancti.
3365 1509 3579 1567 Gnarus

284 1596 349 1650 δὲ
379 1598 411 1649 6
439 1595 681 1666 Χριστὸς
715 1596 865 1664 λέγει
890 1595 974 1648 διὰ
992 1596 1117 1659 τοῦς
1156 1594 1466 1661 Ἰουδαίους,
1501 1596 1580 1667 τῷ
1609 1598 1784 1669 Πατρὶ
1806 1598 1898 1650 εῦ-

2039 1616 2158 1669 rgo,
2213 1602 2427 1670 inquit,
2476 1600 2624 1671 quod
2683 1616 2792 1656 una
2847 1603 2921 1656 sit
2990 1608 3244 1656 nostrum
3304 1602 3578 1667 voluntas,
3648 1628 3660 1640 -

284 1685 598 1757 χαριστῶν,
635 1685 839 1739 ὡσανεὶ
884 1685 949 1739 δι’
981 1684 1144 1738 αὐτοῦ
1196 1684 1435 1757 ἐνεργῶν
1470 1685 1540 1740 τὰ
1593 1687 1892 1760 θεοπρεπῆ,

2000 1707 2280 1761 unumque
2306 1691 2620 1757 consilium,
2673 1701 2897 1761 propter
2945 1692 3116 1763 689
3171 1692 3579 1748 multitudinem

286 1778 386 1832 ἵνα
435 1778 638 1849 μηκέτι
673 1778 903 1831 εἴπωσιν
946 1779 1029 1832 ὅτι
1062 1780 1118 1831 ὲν
1155 1777 1488 1843 Βεελζεόοὺλ
1521 1782 1664 1833 ποιεῖ
1704 1779 1773 1832 τὰ
1804 1796 1899 1852 ση-

1955 1846 1969 1852 _
1999 1779 2115 1835 haec
2152 1778 2287 1834 dixi.
2324 1780 2448 1834 llaec
2473 1795 2608 1834 vero
2646 1778 2780 1834 dicit
2810 1779 3066 1844 Christus
3099 1779 3576 1850 propterJudaaos,

296 1842 466 1942 pater"
500 1842 859 1937 απολογεῖται
901 1868 957 1922 δὲ
989 1871 1084 1924 καὶ
1112 1868 1203 1923 διὰ
1229 1869 1291 1923 τὸ
1315 1873 1502 1943 σχῆμα
1534 1872 1632 1940 τῆς
1661 1842 1895 1942 προσευ-

1957 1846 2148 1928 ζΡιιιι·ἰ
2190 1872 2398 1943 gratias
2442 1888 2633 1942 agens,
2674 1880 2934 1943 tanquam
2978 1887 3072 1943 per
3124 1888 3248 1927 eum
3298 1871 3410 1927 Deo
3443 1858 3578 1928 con.-

370 1981 401 2027 ς
423 2005 439 2028 ,
487 1961 579 2015 ἴνα
617 1963 694 2034 μὴ
731 1960 1211 2033 σκανδαλισθῶμεν
1240 1963 1429 2033 ἡμεῖς,
1479 1960 1649 2016 εἰπὼν
1675 1964 1758 2021 ὅτι
1790 1966 1894 2018 Διὰ

2002 1965 2274 2019 venientia
2309 1963 2575 2031 eﬂiciens,
2616 1979 2686 2020 ne
2713 1963 2950 2035 amplius
2987 1962 3174 2018 dicant
3209 1963 3361 2017 illum
3400 1962 3581 2019 facere

290 2055 389 2108 τὸν
414 2053 575 2125 δχλον
593 2052 753 2106 τοῦτο
769 2052 1020 2123 ἐποίησα.
1045 2054 1154 2106 Καὶ
1173 2052 1255 2120 τὸ,
1283 2072 1301 2103 ‹
1323 2052 1395 2106 Σύ
1424 2070 1491 2123 με
1510 2053 1857 2118 ἀπέστειλας,
1872 2074 1891 2105 ι

2004 2057 2161 2127 signa
2209 2057 2262 2110 in
2294 2055 2579 2112 Beelzebul
2615 2075 2629 2111 :
2657 2057 2930 2111 rationem
2961 2057 3125 2111 etiam
3160 2054 3338 2110 reddit
3372 2062 3426 2109 ct
3459 2069 3582 2125 pro-

289 2147 387 2201 διὰ
409 2147 510 2210 τὰς
555 2144 857 2208 Ἰουδαῖκὰς
895 2144 1151 2208 ὑπονοίας
1194 2144 1379 2215 φησίν.
1435 2145 1594 2198 ’Ἥκω
1640 2144 1749 2217 γὰρ
1796 2146 1897 2199 ούκ

2002 2162 2125 2220 pter
2146 2148 2381 2222 ﬁguram
2420 2150 2781 2220 precationis,
2810 2166 2878 2204 ne
2914 2164 3016 2205 nos
3050 2148 3217 2202 etiam
3250 2148 3584 2203 scandalize-

289 2242 391 2295 ἀπ’
420 2238 685 2310 ἐμαυτοῦ,
712 2239 788 2302 ώς
816 2238 866 2291 οἱ
900 2237 1350 2308 ψευδοπροφῆται
1377 2237 1452 2308 (l)
1476 2253 1488 2266 ·
1538 2237 1652 2291 ἀλλ’
1680 2238 1898 2309 εὐδοκία

2004 2258 2148 2305 mur,
2200 2243 2270 2298 ob
2310 2242 2722 2313 multitudinem
2768 2259 2829 2296 se
2867 2242 2969 2297 hoc
3014 2242 3212 2296 ieciSse
3241 2240 3579 2312 prolocutus.

293 2335 363 2404 σῇ
412 2334 511 2386 καὶ
557 2331 777 2401 θελήσει
816 2331 1073 2401 ,ἐμαυτὸν
1117 2330 1394 2395 ὲκένωσα,
1446 2332 1659 2402 μορφὴν
1712 2333 1896 2386 δούλου

2002 2334 2070 2389 Et
2103 2338 2230 2402 hoc,
2264 2355 2282 2387 ι
2324 2333 2407 2389 Τιι
2444 2351 2532 2389 me
2564 2333 2787 2397 misisti,
2824 2354 2843 2387 ι
2876 2342 3099 2404 propter
3135 2332 3447 2388 Judmorum
3494 2346 3585 2387 su-

291 2426 507 2488 λαϐὼν,
542 2427 630 2479 ἵνα
655 2425 818 2478 πάλιν
841 2422 1176 2496 κατορθώσω
1205 2424 1304 2496 τὴν
1345 2423 1511 2496 ζωήν.
1544 2426 1899 2496 Οἰκονομικὸς

2005 2425 2282 2494 spiciones
2341 2426 2471 2480 ait:
2524 2423 2694 2480 Venio
2754 2425 2899 2480 enim
2946 2441 3056 2480 non
3113 2440 3143 2478 a
3233 2425 3467 2494 meipso,
3527 2430 3585 2477 ut

290 2516 391 2574 οῦν
428 2519 533 2589 τῆς
573 2517 887 2590 προσευχῆς
928 2520 957 2571 6
995 2516 1218 2588 τρόπος,
1256 2515 1354 2569 καὶ
1387 2519 1625 2588 σχήματι
1674 2517 1899 2590 πρέπων

2004 2517 2524 2588 pseudoprophetae,
2578 2517 2672 2573 sed
2727 2517 2970 2572 lubentia
3037 2524 3129 2570 tua
3183 2523 3239 2570 et
3300 2515 3585 2569 voluntate

294 2612 375 2683 τῷ
412 2612 557 2682 μετᾶ
596 2610 799 2683 σαρκὸς
821 2649 836 2675 ,
862 2609 981 2681 οὐχὶ
1009 2612 1076 2682 τῇ
1104 2610 1204 2681 τῆς
1239 2610 1492 2680 θεότητος
1520 2611 1764 2683 ὑπεροχῇ
1807 2610 1900 2664 καὶ

1997 2610 2267 2679 tneipsum
2316 2608 2640 2673 exinanivi,
2688 2608 2920 2663 formam
2977 2609 3122 2663 servi
3172 2594 3455 2676 accipiens
3502 2604 3582 2669 “,

298 2704 631 2776 ἀτυγκρίτῳ
669 2703 1038 2774 λαμπρότητι.
1076 2702 1147 2753 Τὸ
1192 2701 1301 2772 γὰρ
1349 2701 1485 2763 ὅλως
1536 2702 1756 2772 αἰτῆσαι
1807 2704 1901 2756 καὶ

1999 2712 2059 2757 ιιι
2102 2702 2170 2757 de
2222 2702 2434 2772 integro
2484 2701 2690 2771 erigant
2741 2708 2796 2756 et
2843 2700 3145 2755 instanrem
3199 2699 3387 2753 vitam.
3416 2695 3587 2766 Igitur

292 2796 490 2848 λαϐεῖν
516 2836 530 2860 ,
577 2794 946 2865 δουλοπρεπὲς
978 2792 1044 2846 ἂν
1087 2791 1171 2864 εἴη
1213 2791 1414 2863 μᾶλλον
1439 2833 1453 2857 ,
1513 2792 1609 2846 καὶ
1643 2791 1720 2862 τῷ
1753 2792 1900 2862 βασι-

1998 2802 2150 2850 recte
2181 2801 2234 2848 et
2255 2794 2449 2848 ordine
2470 2793 2755 2847 institutus
2791 2801 2874 2847 est
2902 2791 3241 2865 precationis
3269 2789 3492 2852 modus,
3525 2795 3578 2843 et

290 2887 584 2958 λευομένῳ
610 2884 1047 2955 κατειθισμένον.
1077 2885 1278 2956 Δράσει
1313 2901 1377 2952 γε
1410 2882 1516 2955 μὴν
1548 2884 1902 2953 ἀνεγκλήτως

1998 2870 2214 2943 habitui
2264 2888 2317 2941 in
2355 2900 2523 2940 carne
2575 2884 2931 2947 conveniens,
2971 2899 3080 2938 non
3130 2882 3351 2938 deitatis
3408 2881 3588 2936 excel-

292 2982 393 3033 καὶ
426 2978 589 3033 τοῦτο
620 2978 857 3049 Χριστός
878 2994 891 3007 °
922 2979 950 3031 6
980 2978 1089 3050 γὰρ
1117 2975 1406 3046 ἄνθρωπος
1433 2975 1687 3044 γενέσθαι
1723 2992 1892 3030 κατα-

2002 2981 2189 3036 lentire
2234 2987 2290 3034 et
2338 2977 2758 3047 incomparabili
2818 2975 3120 3046 Splendori.
3156 2973 3395 3029 Omnino
3438 2972 3583 3026 enim

290 3074 627 3143 δεξάμενος.
662 3069 779 3139 πῶς
799 3069 868 3124 ἂν
899 3069 978 3123 ἔτι
1016 3069 1420 3139 παραιτήσαιτο
1448 3067 1515 3120 τὰ
1539 3065 1855 3139 ἀνθρώπινα
1880 3085 1895 3133 ;

2006 3073 2193 3136 petere
2226 3073 2282 3120 et
2316 3066 2565 3134 accipere
2591 3065 2790 3120 servile
2819 3064 3005 3127 fuerit,
3045 3071 3099 3118 et
3129 3064 3178 3116 ei
3229 3063 3321 3132 qui
3359 3059 3585 3131 imperio

294 3165 587 3219 obnoxius
631 3163 703 3218 sit
741 3171 1093 3218 consuetum.
1140 3158 1248 3215 Sed
1296 3167 1477 3219 tamen
1515 3160 1655 3214 citra
1702 3159 2192 3228 reprehensionem
2222 3158 2328 3215 hoc
2359 3157 2525 3215 faciet
2558 3157 2820 3214 Christus
2872 3176 2886 3212 :
2956 3173 3082 3212 nam
3153 3156 3247 3230 qui
3321 3155 3591 3213 sustinuit

296 3255 421 3313 ﬁeri
487 3255 689 3319 homo,
727 3250 1007 3323 quomodo
1057 3264 1181 3320 quae
1239 3249 1484 3304 humana
1543 3255 1672 3302 sunt
1742 3247 2065 3303 recusaret?

372 3347 490 3403 Kal
534 3346 725 3400 ταῦτα
767 3343 983 3408 εἰπὼν,
1031 3339 1204 3412 φωνῇ
1237 3341 1476 3411 μεγάλῃ
1524 3340 1896 3410 ὲκραύγασε’
1928 3345 1970 3402 C

1959 3347 1970 3400 :
2078 3339 2169 3407 XI,
2204 3341 2293 3396 45.
2324 3338 2454 3396 Han:
2488 3358 2606 3395 cum
2636 3341 2881 3407 dixisset,
2913 3357 3104 3411 magna
3137 3356 3258 3396 voce
3294 3340 3544 3395 clamavit
3567 3379 3580 3394 .

292 3439 551 3507 Λάζαρε.
587 3436 768 3504 δεῦρο
804 3435 943 3501 ἔξω.

2006 3431 2236 3497 Lazare,
2262 3434 2378 3488 veni
2413 3432 2586 3503 foras.

374 3533 483 3586 Τὸν
511 3527 724 3599 δυσώδη
767 3527 982 3597 νεκρὸν,
1014 3525 1152 3597 μετᾶ
1186 3526 1457 3600 τετάρτην
1501 3529 1602 3600 τῆς
1646 3528 1906 3600 τελευτῆς

2078 3523 2357 3581 Fctentem
2382 3511 2664 3580 mortuum
2688 3532 2814 3594 post
2845 3533 3102 3594 quartum
3134 3538 3165 3577 a
3190 3533 3365 3579 morte
3390 3523 3532 3579 diem
3558 3540 3588 3578 e

296 3623 562 3694 ἡμέραν,
606 3620 673 3673 ὲκ
703 3618 802 3687 τῆς
845 3617 1021 3688 θήκης
1051 3617 1317 3689 ἐξήγαγε,
1348 3618 1444 3672 καὶ
1476 3617 1566 3672 τὸν
1592 3619 1906 3695 πεπεδημέ-

2002 3617 2264 3689 sepulcro
2331 3617 2556 3683 eduxit,
2600 3617 2959 3686 vinctumque
2998 3631 3062 3670 ac
3112 3616 3430 3686 impeditum
3473 3631 3590 3670 am-

296 3730 398 3768 νον
425 3710 524 3764 καὶ
548 3706 1061 3779 συμπεποδισμένον
1091 3705 1329 3776 βαδίζειν
1357 3706 1611 3761 ἐκέλευσε
1629 3749 1643 3773 ,
1678 3708 1774 3762 καὶ
1802 3726 1908 3762 πα-

2006 3707 2203 3762 bulare
2243 3706 2439 3776 jussit,
2471 3714 2719 3777 tuncque
2749 3714 2978 3776 repente
3011 3715 3065 3762 et
3098 3723 3244 3761 mors
3274 3705 3504 3777 aufugit,
3538 3716 3592 3763 et

301 3803 601 3877 ραχρῆμα,
643 3801 672 3854 ὃ
710 3817 774 3853 τε
813 3799 1043 3863 θάνατος
1078 3799 1478 3871 ὲδραπέτευσε,
1522 3800 1616 3852 καὶ
1659 3800 1688 3852 6
1715 3800 1908 3871 νεκρὸς

2008 3811 2260 3853 mortuus
2313 3812 2342 3851 a
2387 3798 2677 3869 putredine
2726 3799 3000 3853 liberatus
3052 3798 3324 3861 cucurrit,
3375 3799 3593 3867 ahjecto

300 3896 518 3967 ἔδραμε
550 3893 650 3963 τῆς
702 3890 996 3961 σηπεδόνος
1027 3890 1394 3958 ἀπαλλαγεὶς,
1449 3890 1544 3943 καὶ
1573 3890 1671 3962 τὴν
1702 3891 1908 3962 ταύτης

2007 3890 2159 3943 omni
2214 3888 2335 3957 ejus
2385 3887 2581 3951 fetore,
2615 3897 2671 3943 et
2716 3890 2894 3959 portis
2933 3889 3128 3943 mortis
3174 3889 3421 3957 elapsus,
3452 3889 3590 3942 nihil

301 3984 657 4053 ἀποθέμενος
701 3981 1005 4043 δυσωδίαν,
1054 3980 1151 4034 καὶ
1193 3980 1293 4045 τὰς
1334 3980 1429 4034 τοῦ
1474 3981 1704 4035 θανάτου
1734 3982 1909 4046 πύλας

2012 3981 2245 4035 vinculis
2268 3982 2387 4035 suis
2427 3996 2654 4035 currere
2688 3979 3026 4049 prohibitus.
3055 3978 3119 4033 Et
3148 3980 3333 4034 vultus
3364 3978 3588 4050 quidem

300 4074 625 4147 διαφυγὼν,
674 4075 771 4128 καὶ
807 4073 914 4126 ὑπὸ
941 4073 1050 4125 τῶν
1076 4072 1289 4144 δεσμῶν
1314 4074 1373 4125 ού
1414 4072 1754 4144 κωλυόμενος
1784 4073 1909 4143 τρέ-

2007 4072 2319 4126 velamento
2350 4069 2572 4125 videndi
2623 4087 2725 4126 usu
2764 4071 3225 4140 privatus,‘nullo
3272 4079 3453 4126 tamen
3489 4070 3590 4124 im-

301 4188 451 4242 χειν,
484 4169 580 4222 καὶ
609 4167 686 4239 τῷ
717 4167 815 4238 μὲν
847 4165 1165 4237 καλύμματι
1212 4163 1306 4219 τοῦ
1341 4165 1635 4234 προσώπου
1656 4204 1671 4227 ,
1700 4165 1761 4218 τὸ
1797 4164 1911 4236 βλέ-

2013 4162 2347 4227 pedimento,
2413 4162 2716 4231 quominus
2752 4163 2819 4217 ad
2854 4179 2980 4218 eum
3020 4165 3113 4234 qui
3148 4172 3440 4219 vocaverat
3466 4178 3591 4218 cur-

303 4278 440 4315 πειν
463 4257 857 4331 ἀφῃρημένος,
898 4256 1191 4325 ἀκωλύτως
1223 4256 1279 4309 δὲ
1312 4255 1448 4329 πρὸς
1480 4256 1571 4310 τὸν
1605 4257 1910 4311 καλέσαντα

2011 4262 2178 4318 reret,
2210 4253 2546 4322 retardatus,
2571 4270 2880 4325 agnoscens
2910 4255 3119 4310 Domini
3148 4270 3367 4310 vocem.
3399 4254 3595 4311 Sermo

301 4353 551 4423 τρέχων,
603 4350 701 4403 καὶ⁵
748 4349 848 4420 τὴν
886 4350 1222 4420 Δεσποτικὴν
1276 4347 1654 4416 ἐπιγινώσκων
1702 4351 1905 4421 φωνήν.

2011 4345 2158 4401 enim
2191 4343 2305 4400 Deo
2336 4346 2558 4417 dignus,
2579 4357 2635 4402 et
2665 4347 2885 4416 jussum
2919 4346 3126 4418 regium
3155 4346 3360 4401 habens
3387 4347 3593 4401 exitum

302 4440 647 4512 Θεοπρεπὴς
668 4439 777 4510 γὰρ
808 4440 837 4492 6
870 4439 1049 4507 λόγος,
1075 4440 1169 4492 καί
1207 4438 1484 4510 βασιλικὸν
1519 4440 1581 4493 τὸ
1610 4440 1907 4510 κέλευσμα,

2012 4438 2212 4494 mortis
2249 4448 2303 4495 et
2335 4440 2714 4510 corruptionis
2756 4439 3125 4503 eversionem,
3157 4446 3213 4494 ct
3255 4437 3595 4509 operationis

302 4534 474 4588 λύσιν
505 4531 626 4602 ἔχον
646 4530 902 4597 θανάτου,
936 4528 1033 4585 καὶ
1060 4530 1267 4600 φθορᾶς
1297 4530 1632 4602 ἀνατροπὴν,
1652 4533 1745 4585 καὶ
1769 4532 1910 4604 ὑπὲρ

2013 4533 2227 4586 ratione
2262 4531 2491 4601 majoris
2543 4530 3108 4586 demonstrationem.
3146 4530 3284 4584 Illud
3333 4544 3464 4585 vero
3514 4529 3593 4583 uti

302 4629 478 4695 λόγον
528 4624 812 4697 ἐνεργείας
859 4623 1154 4691 ἀπόδειξιν.
1219 4625 1293 4679 Τό
1333 4642 1397 4693 γε
1446 4624 1554 4697 μὴν
1605 4625 1912 4697 διαπρυσίῳ

1972 4688 1985 4697 _
2014 4614 2256 4678 clamo‘re
2297 4631 2458 4678 acuto
2494 4631 2544 4678 et
2582 4622 2897 4693 penetranti
2930 4636 3131 4676 novum
3169 4620 3376 4690 ubique
3421 4628 3477 4675 et
3508 4618 3593 4673 in-

306 4718 562 4792 χρῆσθαι
606 4718 852 4787 κραυγῇ,
893 4712 1042 4780 ξένον
1099 4715 1379 4787 πανταχοῦ
1416 4718 1511 4770 καὶ
1542 4716 1810 4786 ἀσύνηθες
1832 4716 1911 4787 τῷ

1977 4689 1990 4737 ’
2016 4715 2203 4770 solens
2235 4712 2517 4768 Servatori
2546 4685 2790 4769 Christo.
2820 4713 3038 4782 Etenim
3071 4711 3214 4769 Deus
3248 4720 3304 4767 et
3342 4709 3505 4765 Pater
3532 4710 3598 4766 de

306 4809 541 4880 Σωτῆρι
569 4805 810 4878 Χριστῷ.
867 4807 979 4860 Καὶ
1009 4806 1141 4875 γοῦν
1173 4810 1201 4861 ὀ
1248 4807 1379 4871 Θεὸς
1427 4808 1524 4861 καὶ
1557 4808 1748 4880 Πατὴρ
1783 4810 1912 4880 περὶ

2016 4806 2114 4861 illo
2147 4805 2349 4861 alicubi
2389 4805 2467 4859 ait
2496 4824 2508 4860 :
2543 4824 2562 4857 ι
2596 4804 2716 4860 Νοιι
2755 4804 3075 4872 contendet,
3121 4820 3303 4875 neque
3328 4803 3595 4861 vocifera-

307 4900 489 4957 αὐτοῦ
540 4899 644 4951 πού
684 4915 850 4969 φησιν
877 4915 891 4930 ’
950 4916 968 4949 ι
999 4899 1113 4952 Οὐκ
1142 4898 1345 4969 ἐρίσει,
1386 4900 1507 4952 οὐδὲ
1531 4900 1862 4971 κραυγάσει,
1888 4918 1905 4951 ι

2010 4896 2167 4951 hitur
2192 4895 2261 4961 ⁸⁷,
2295 4915 2313 4948 ι
2353 4904 2409 4950 et
2468 4896 2703 4967 reliqua.
2757 4896 2936 4966 Opera
2985 4897 3132 4950 enim
3190 4910 3333 4952 verae
3375 4894 3598 4950 deitatis

309 4994 419 5047 καὶ
447 4990 519 5044 τὰ
549 4991 697 5060 ἑξῆς.
744 4989 1011 5060 ’Λψοφητὶ
1037 4989 1144 5059 γὰρ
1179 4988 1273 5042 καὶ
1300 4988 1530 5060 θορύϐου
1554 4989 1676 5060 δίχα
1712 4990 1913 5053 παντὸς

2016 4987 2138 5042 sine
2171 4987 2409 5057 strepitu
2454 4995 2508 5042 et
2549 4987 2801 5044 tumultu
2841 4987 2991 5043 omni
3040 4987 3220 5043 ﬁunt:
3257 4988 3375 5043 haec
3413 4995 3595 5044 autem

312 5081 392 5135 τὰ
418 5080 524 5151 τῆς
545 5078 780 5151 ἀληθοῦς
803 5079 1056 5149 θεότητος
1077 5078 1215 5151 ἔργα
1234 5095 1247 5109 ·
1268 5078 1438 5132 ταῦτα
1465 5079 1521 5134 δὲ
1552 5080 1621 5134 τὰ
1657 5081 1757 5147 τῆς
1779 5080 1911 5151 ἁλη-

2016 5094 2147 5134 vera
2176 5079 2400 5135 deitatis
2430 5089 2587 5136 erant
2626 5081 2682 5135 in
2713 5080 2939 5137 Christo
2966 5099 2980 5136 :
3003 5082 3207 5152 quippe
3230 5081 3372 5135 Deus
3396 5081 3463 5135 de
3490 5079 3599 5134 Deo

313 5172 453 5237 θοῦς
479 5168 551 5242 ἦν
589 5171 648 5225 ὲν
680 5169 905 5244 Χριστῷ
931 5187 947 5204 ·
994 5171 1127 5235 Θεὸς
1174 5171 1284 5242 γὰρ
1308 5173 1372 5227 ἐκ
1396 5171 1533 5226 Θεοῦ
1575 5172 1714 5227 κατὰ
1749 5172 1912 5242 φύσιν

2020 5171 2327 5229 secundum
2369 5179 2626 5226 naturam
2663 5180 2750 5228 est
2801 5187 2867 5228 ac
2898 5188 3086 5228 verus.
3125 5172 3270 5239 Quid
3316 5172 3483 5243 igitur
3516 5170 3599 5225 di-

316 5264 445 5316 ἐστὶ
479 5264 576 5316 καὶ
605 5260 881 5334 ἀληθινός.
940 5260 1004 5313 Τί
1033 5256 1126 5315 οῦν
1169 5262 1278 5331 ἄρα
1309 5262 1527 5332 φαμὲν,
1556 5262 1682 5316 ὅταν
1714 5261 1911 5333 ἴδωμεν

2021 5280 2236 5330 ccmus,
2279 5281 2404 5321 cum
2437 5265 2733 5320 videamus
2783 5279 2910 5321 eum
2946 5264 3023 5319 ita
3065 5272 3266 5336 praeter
3297 5270 3598 5318 consuetu-

318 5352 623 5424 ἀσυνήθως
660 5351 1119 5424 ἁνακεκραγότα’;
1168 5351 1243 5403 Οὐ
1271 5351 1380 5422 γὰρ
1408 5351 1578 5421 δήπου
1651 5352 1908 5423 κατοιχή-

2022 5357 2210 5413 dinem
2283 5357 2716 5415 vociferantem?
2770 5357 2883 5413 Nec
2949 5358 3098 5414 enim
3169 5357 3464 5428 quisquam
3532 5369 3598 5409 eo

320 5450 486 5501 σεται
522 5464 608 5510 τις
639 5448 721 5510 εἰς
756 5444 915 5499 τοῦτο
953 5444 1193 5515 μωρίας,
1240 5443 1316 5506 ὡς
1344 5444 1451 5511 ἔξω
1479 5444 1574 5499 τοῦ
1611 5444 1915 5515 πρέποντος

2026 5450 2281 5506 amentiae.
2306 5449 2579 5517 deveniat,
2608 5459 2670 5506 ut
2702 5459 2901 5521 praeter
2932 5449 3191 5505 decorum
3224 5447 3427 5503 fecisse
3450 5445 3596 5503 dicat

398 5582 447 5615 “
477 5580 720 5653 Philipp.
750 5596 827 5645 ιι,
864 5579 988 5635 6-8.
1066 5579 1112 5610 ⁸⁷
1151 5580 1259 5634 lsa.
1294 5593 1406 5633 xm
1432 5617 1446 5642 ,
1480 5579 1533 5632 2.

404 5756 484 5826 (l)
531 5754 720 5853 'Logus
763 5753 1054 5853 regit-ntus
1101 5770 1166 5809 ex
1220 5752 1440 5809 Macarii
1482 5751 1910 5823 Chrysoccphali
1948 5763 2107 5811 tract.
2144 5755 2247 5822 i6,
2295 5772 2381 5826 ap.
2423 5756 2525 5812 Mai
2563 5757 2694 5813 ibid.
2740 5754 2881 5811 Editi
2915 5754 3175 5811 omittunt
3246 5757 3408 5814 verba
3472 5757 3593 5828 ήκω

334 5866 352 5883 .
378 5866 393 5881 .
424 5868 439 5883 .
467 5866 481 5879 .
514 5840 987 5897 ψευσοπροπται.
