4104 6430
575 323 647 380 σε
1595 315 1653 372 s.
1680 315 1956 372 cmeLI
2010 316 2481 371 ALEXANDRINI
2514 317 2830 372 ARClllEP.
3745 332 3811 387 et

568 450 625 497 et
657 439 727 495 ab
774 438 952 494 adicio
994 438 1314 492 recessisse.
1340 436 1626 503 Quomodo
1677 439 1845 509 igitur
1896 442 2000 495 hoc
2043 440 2101 494 ﬁt

2244 438 2378 492 ἰέναι
2400 438 2460 492 τὸ
2487 440 2665 508 λέγειν
2698 443 2881 503 αὐτὸν,
2907 442 2999 495 καὶ
3026 444 3288 514 ἁμαρτεῖν
3312 445 3403 500 τοῦ
3435 448 3662 515 δέοντος.
3694 454 3810 508 Πῶς

564 531 734 604 690
765 530 937 585 Habet
977 530 1246 583 rationem
1281 528 1370 583 hic
1408 530 1640 595 clamor,
1673 546 1834 600 quem
1869 546 2134 586 necessa-

568 625 654 677 rio
686 638 1022 693 exponemus
1056 621 1122 675 ad
1160 621 1453 675 utilitatem
1485 622 1847 676 audientium.
1879 622 2134 694 Figuram

569 714 740 769 veluti
764 715 1053 784 quamdam
1077 715 1349 784 generalis
1372 715 1683 766 mortalium
1714 717 2135 772 resurrectionis

567 804 626 858 in
662 803 765 857 hoc
816 804 962 857 circa
993 801 1258 856 Lazarum
1296 804 1566 856 miraculo
1603 806 1773 863 novit.
1798 813 1851 857 et
1896 805 2043 873 quod
2080 806 2133 858 in

568 910 677 948 uno
703 895 1060 965 adimpletum
1089 904 1191 957 est,
1219 895 1492 964 egregiam
1529 882 1858 950 universalis
1883 905 1937 949 et
1967 897 2134 952 totius

568 986 763 1039 statuit
816 1001 937 1039 esse
975 986 1291 1056 imaginem.
1332 986 1619 1041 Credimus
1654 988 1803 1040 enim
1838 995 2132 1041 venturum

566 1092 688 1131 esse
741 1077 1004 1145 jndieem,
1058 1084 1112 1130 et
1172 1085 1422 1131 tenemus
1474 1076 1716 1130 futuram
1774 1078 1933 1147 signo
1993 1078 2135 1132 tubae

567 1166 1029 1230 inclamationem,
1085 1165 1240 1234 juxta
1298 1166 1447 1219 illam
1504 1165 1657 1219 Pauli
1686 1182 1873 1220 vocem
1900 1166 1966 1231 ⁸⁸,
2012 1182 2133 1220 omo

565 1258 724 1311 nibus
761 1257 960 1325 ubique
990 1268 1266 1311 terrarum
1310 1257 1629 1325 jacentihns
1681 1268 1739 1312 ut
1772 1268 1998 1330 surgant
2034 1261 2133 1313 int—

564 1358 1144 1417 perantetu,operautc
1170 1350 1363 1418 utique
1404 1365 1519 1403 rem
1547 1350 1706 1403 istam
1735 1350 1999 1404 ineﬁahili
2036 1367 2135 1419 po-

564 1446 761 1492 testate
801 1437 915 1503 Dei,
951 1440 1040 1492 cui
1072 1439 1260 1491 omnia
1291 1439 1514 1492 cedunt.
1548 1438 1844 1515 Propterea
1893 1440 2040 1515 enim
2080 1449 2135 1494 et

563 1529 647 1580 lex
703 1542 733 1581 a
780 1527 931 1582 Mose
983 1529 1128 1593 lata,
1182 1543 1305 1582 cum
1367 1528 1565 1582 festum
1620 1511 2131 1582 Taberuaculorum

561 1620 854 1689 ﬁguraret:
889 1640 906 1671 ι
942 1620 1249 1685 Celebrate,
1284 1621 1480 1691 inquit,
1507 1623 1688 1690 ipsum
1722 1622 1775 1675 in
1812 1622 2130 1676 memoriam

550 1710 834 1768 tubarum.
869 1734 889 1765 ι
921 1713 1055 1769 Cum
1089 1716 1235 1767 enim
1271 1713 1467 1767 iterum
1492 1715 1892 1784 compingenda
1915 1715 2133 1767 venient

558 1806 800 1858 humana
838 1820 1092 1875 corpora,
1140 1813 1198 1859 et
1249 1806 1687 1874 uniuscujusque
1730 1806 1915 1857 anima
1968 1819 2129 1858 suum

559 1893 728 1947 veluti
770 1894 1184 1947 tabernaculum
1219 1894 1401 1947 denuo
1441 1901 1819 1961 assumptum,
1848 1889 2130 1944 insonabit

560 1985 714 2053 prius
769 1985 991 2055 jussum
1040 1984 1292 2047 Domini,
1354 1992 1409 2038 et
1463 1983 1896 2039 resurrectionis
1958 1981 2129 2035 veluti

560 2086 769 2130 tessera
804 2078 1049 2141 dabitur,
1101 2077 1344 2144 tubaque
1380 2075 1473 2129 Dei
1510 2083 1691 2138 cauet,
1734 2074 1892 2143 juxta
1932 2072 2129 2142 praedi-

557 2177 726 2222 ctum.
759 2168 931 2239 igitur
973 2170 1028 2222 in
1072 2169 1295 2237 ﬁguram
1324 2166 1446 2235 ejus
1474 2182 1733 2235 magnum
1765 2166 2040 2234 quoddam
2073 2174 2128 2218 et

557 2259 887 2313 audiendum
940 2259 1089 2313 circa
1154 2257 1422 2311 Lazarum
1481 2257 1801 2311 inclamavit
1847 2256 2126 2319 Christus,

558 2357 668 2403 ηοιι
704 2365 1033 2420 magnopere
1059 2350 1484 2405 consuetudinis
1515 2364 1744 2415 memor,
1769 2349 1896 2402 dum
1934 2365 2127 2404 eorum

555 2457 677 2512 qua:
699 2441 754 2495 in
776 2444 1189 2513 exspectatione
1211 2450 1420 2507 essent,
1445 2441 1668 2508 ﬁguram
1690 2450 2126 2509 reprtcsentaret.

623 2551 701 2607 Ita
750 2555 1022 2627 nonnulli,
1064 2554 1508 2623 quandoquidem
1559 2556 1693 2608 nihil
1760 2571 1866 2608 non
1935 2561 2118 2624 potest

552 2643 794 2697 divinum
831 2642 1091 2706 Verbum,
1148 2643 1419 2712 desperati
1473 2660 1744 2712 prorsus,
1805 2654 1867 2710 ct
1923 2645 2118 2699 anima:

550 2742 776 2787 mortuae
830 2734 1055 2787 fetorem
1086 2736 1455 2803 exspirantes,
1512 2743 1566 2788 et
1622 2742 1967 2788 mortuorum
2018 2736 2119 2788 ha-

550 2825 783 2879 bitacula
839 2825 1169 2889 incolentes,
1232 2828 1708 2896 supervenientcm
1774 2828 1907 2898 ipsis
1975 2830 2119 2885 divi-

550 2932 680 2971 num
728 2932 1035 2972 sermonem
1096 2919 1354 2981 audiunt,
1384 2933 1447 2972 ac
1487 2919 1730 2988 ipsorum
1784 2921 1995 2975 animas
2028 2938 2121 2992 pe-

549 3016 801 3063 netrante
833 3008 1038 3061 virtute
1068 3008 1189 3076 ejus
1216 3009 1311 3077 qui
1337 3009 1492 3072 dicit,
1527 3028 1545 3059 ι
1567 3011 1689 3063 veni
1726 3010 1893 3074 foras,
1937 3032 1953 3063 ι
1987 3028 2118 3081 pro-

2239 527 2332 582 οῦν
2354 530 2621 600 ἐνδέχεται
2649 532 2889 595 ;ούκοῦν
2919 532 3029 602 ἔχει
3057 532 3212 601 λόγον
3236 538 3267 605 ἡ
3301 539 3533 608 κραυγὴ,
3553 541 3616 610 ἣν
3645 542 3814 605 ἀναγ-

2238 620 2408 703 καίως
2452 620 2703 691 ἐροῦμεν,
2743 623 2829 676 διὰ
2880 624 2940 676 τὸ
2967 627 3079 687 τοῖς
3124 626 3491 696 ἀκροωμένοις
3519 632 3810 703 χρήσιμον·

2239 710 2422 764 Τύπον
2465 712 2654 782 ῶσπερ
2700 715 2821 767 τινὰ
2862 715 2961 783 τῆς
3000 716 3227 768 καθόλου
3282 718 3388 769 τῶν
3434 722 3643 791 νεκρῶν
3686 723 3815 775 ἀνα-

2240 803 2500 866 στάσεως.
2526 802 2587 854 τὸ
2615 805 2704 855 ἐπὶ
2734 804 2969 876 Λαζάρῳ
3001 809 3233 858 ποιεῖται
3266 807 3447 877 θαῦμα
3467 826 3478 837 ·
3524 813 3616 863 καὶ
3635 813 3695 864 τὸ
3728 815 3815 880 ἐφ’

2236 892 2317 943 ἐνὶ
2350 894 2724 963 πληρούμενον
2748 935 2762 957 ,
2822 897 3003 947 εἰκόνα
3035 896 3126 948 τοῦ
3163 900 3518 969 γενικωτέρου
3553 900 3645 953 καὶ
3674 900 3815 954 κατὰ

2237 982 2437 1045 παντὸς
2468 982 2661 1054 ἔστησε
2691 984 2881 1055 καλήν.
2934 985 3052 1038 Ὀτι
3085 986 3191 1056 γάρ
3220 986 3335 1056 ἥξει
3393 989 3583 1059 κριτὴς
3651 1007 3814 1043 πεπι-

2239 1072 2546 1142 στεύκαμεν
2568 1112 2586 1139 ,
2636 1074 2963 1144 λογιζόμεθά
2988 1093 3046 1127 τε
3074 1076 3155 1128 ὅτι
3186 1079 3399 1147 κραυγή
3431 1095 3512 1140 τις
3546 1078 3696 1133 ἔσται
3726 1080 3817 1133 διὰ
3860 1115 3873 1125 ~

2238 1163 2558 1232 σάλπιγγος,
2595 1166 2736 1218 κατὰ
2770 1166 2868 1235 τὴν
2898 1165 2990 1219 τοῦ
3018 1167 3231 1219 Παύλου
3270 1170 3473 1239 φωνὴν,
3509 1171 3816 1224 διακελευο-

2238 1256 2377 1325 μένη
2400 1259 2512 1318 τοῖς
2538 1258 2594 1307 ἐν
2638 1259 2706 1327 γῇ
2748 1258 3019 1326 κειμένοις
3048 1259 3147 1329 τὴν
3189 1260 3486 1312 ἀνάστασιν
3511 1302 3523 1324 ,
3556 1263 3813 1331 ἐνεργού-

2236 1364 2335 1416 σης
2364 1347 2605 1416 δηλονότι
2632 1349 2691 1401 τὸ
2735 1352 2968 1418 πρᾶγμα
2999 1350 3094 1420 τῆς
3126 1353 3364 1420 ἁρῤήτου
3413 1351 3690 1422 δυνάμεως
3717 1354 3813 1407 τοῦ

2234 1437 2412 1490 πάντα
2440 1438 2714 1507 ἰσχύοντος
2738 1439 2892 1493 Θεοῦ.
2925 1441 3022 1493 Διὰ
3050 1441 3157 1509 γάρ
3190 1458 3270 1492 τοι
3294 1440 3447 1493 τοῦτο
3476 1443 3571 1495 καὶ
3594 1445 3621 1494 ὀ
3650 1444 3815 1513 νόμος

2233 1528 2319 1581 διὰ
2350 1530 2623 1595 Μωσέως,
2656 1531 2741 1582 ὅτε
2769 1530 2870 1599 τῆς
2910 1531 3291 1600 Σκηνοπηγὶας
3331 1533 3530 1584 ὲτύπου
3560 1534 3659 1600 τὴν
3691 1536 3814 1605 ἑορ-

2231 1619 2349 1691 τὴν,
2383 1638 2402 1671 ‹
2443 1621 2768 1690 Ἑορτάσατε
2792 1660 2806 1685 ,
2857 1622 3052 1691 φησὶν,
3088 1624 3277 1692 αὐτὴν,
3310 1620 3650 1692 μνημόσυνον
3680 1625 3809 1679 σαλ-

2234 1709 2466 1776 πίγγων.
2498 1728 2517 1759 ι
2578 1709 3009 1780 Συμπήγνυσθαι
3065 1712 3174 1781 γάρ
3241 1712 3539 1781 μελλόντων
3588 1713 3811 1776 ἐσαῦθις

2162 1775 2340 1851 Β’τῶν
2394 1799 2749 1870 ἀνθρωπίνων
2797 1802 3104 1869 σωμάτων,
3160 1802 3253 1854 καὶ
3299 1801 3395 1871 τὴν
3441 1802 3574 1855 ἰδίαν
3622 1803 3811 1874 ὥσπερ

2178 1918 2186 1926 ·
2230 1891 2434 1960 σκηνὴν
2487 1890 2951 1962 παραληψομένης
3010 1893 3133 1945 ὅσον
3174 1893 3384 1945 οὐδέπω
3424 1894 3521 1962 τῆς
3577 1895 3810 1947 ἑκάστου

2226 1978 2424 2048 ψυχῆς,
2457 1981 2913 2051 προαναφωνήσει
2945 1981 3227 2052 κέλευσμα
3255 1983 3315 2035 τὸ
3343 1984 3691 2048 Δεσποτικὸν,
3715 1986 3809 2037 καὶ

2228 2070 2529 2141 προηχήσει
2584 2071 2645 2124 τὸ
2706 2075 2802 2142 τῆς
2845 2072 3193 2138 ἀναστάσεως
3235 2073 3517 2145 σύνθημα,
3573 2075 3807 2143 σάλπιγξ

2227 2161 2361 2214 Θεοῦ
2381 2203 2394 2227 ,
2423 2162 2563 2215 κατά
2592 2163 2651 2216 τὺ
2680 2164 2993 2233 εἰρημένον.
3031 2166 3123 2229 Εἰς
3150 2165 3318 2219 τύπον
3341 2163 3432 2220 οῦν
3461 2166 3682 2235 ταύτης,
3713 2168 3807 2219 ἐπὶ

2231 2250 2466 2321 Λαζάρω
2499 2251 2642 2320 μέγα
2686 2268 2739 2303 τι
2781 2253 3233 2316 καὶδὲξάκουστον
3271 2255 3515 2325 ὲφὼνησε
3547 2256 3801 2326 Χριστὸς,

2230 2342 2291 2393 οὐ
2327 2343 2535 2411 σφόδρα
2556 2343 2649 2395 τοῦ
2684 2343 2948 2412 συνήθους
2974 2346 3267 2415 φροντίσας
3287 2386 3302 2410 ,
3340 2346 3426 2400 ἵνα
3448 2347 3556 2401 τῶν
3588 2346 3807 2401 ἔσεσθαι

2233 2435 2702 2504 προσδοκωμένων
2734 2424 2974 2508 ἐπιδείξῃ
3005 2437 3096 2489 τὸν
3131 2438 3322 2514 τύπον.

2309 2549 2465 2602 Οὕτω
2485 2549 2547 2620 δή
2566 2567 2707 2614 τινες
2726 2551 2821 2621 (1),
2840 2553 2926 2604 διὰ
2947 2552 3034 2606 τὸν
3052 2554 3226 2607 πάντα
3242 2552 3537 2624 δυνάμενον
3551 2555 3643 2608 τοῦ
3666 2552 3801 2610 Θεοῦ

2225 2640 2399 2707 Λόγον
2442 2641 2616 2712 πάντη
2647 2642 3120 2711 ἀπογνωσθέντες,
3170 2646 3265 2698 καὶ
3311 2648 3412 2715 τῆς
3453 2648 3511 2699 ὲν
3539 2647 3681 2719 ψυχῇ
3712 2664 3803 2703 νε-

2226 2734 2492 2805 κρότητος
2512 2735 2609 2805 τὴν
2636 2735 2895 2789 δυσωδίαν
2922 2738 3154 2807 ἔχοντες,
3174 2739 3269 2792 καὶ
3299 2738 3571 2801 οἰκοῦντες
3592 2739 3801 2810 νεκρῶν

2225 2827 2556 2898 οἰκητήριον,
2580 2827 2822 2890 ἐλθόντος
2848 2829 2984 2897 πρὸς
3008 2830 3202 2893 αὐτοὺς
3224 2829 3314 2882 τοῦ
3337 2830 3493 2897 λόγου
3520 2832 3797 2897 ἀκούουσι,

2229 2918 2323 2969 καὶ
2370 2918 2801 2987 καθικνουμένης
2837 2918 3001 2971 αὐτοῦ
3047 2919 3147 2988 τῆς
3172 2920 3451 2989 δυνάμεως
3478 2920 3584 2972 τῶν
3606 2921 3796 2991 ψυχῶν

2226 3006 2405 3058 αὐτῶν
2433 3006 2914 3078 λέγοντος,ιΔεῦρο
2931 3009 3404 3079 ἕξωρὲξὲρχονται
3429 3010 3509 3063 ἔτι
3526 3010 3795 3084 [κηρίαις]

548 3097 876 3166 grediuntur
917 3097 1123 3151 institis
1155 3096 1333 3149 adhuc
1374 3099 1729 3152 mortualium
1766 3102 2116 3155 vinculorum

2222 3101 2332 3153 τῶν
2377 3100 2583 3169 νεκρῶν
2614 3101 2825 3169 δεσμῶν
2850 3102 3143 3170 δεδεμένοι.
3191 3102 3443 3171 Ἐξῆλθεν
3469 3103 3605 3174 γὰρ,
3640 3105 3798 3172 φησὶ,

547 3191 777 3260 alligati.
812 3192 957 3244 Exiit
984 3193 1154 3255 enim,
1186 3192 1365 3261 inquit
1398 3193 1705 3263 Scriptura,
1736 3196 1826 3264 qui
1861 3205 2113 3252 mortuus

549 3281 746 3348 fuerat,
782 3283 962 3337 adhuc
1009 3284 1317 3339 devinctus.
1364 3286 1566 3340 Deinde
1594 3297 1864 3356 prwscute
1889 3285 2020 3342 Jesu
2060 3298 2115 3343 et

544 3372 854 3443 discipulis,
890 3374 1106 3443 illisque
1125 3376 1444 3441 mandante,
1484 3379 1767 3431 resolvunt
1795 3378 2113 3433 mortuariis

546 3466 777 3519 vinculis
833 3482 956 3521 eum
996 3468 1090 3536 qui
1150 3466 1290 3522 Filio
1337 3468 1431 3522 Dei
1492 3484 1699 3523 morem
1748 3479 2021 3540 gesserat,
2057 3477 2112 3526 et

542 3557 796 3626 sepulcro
837 3558 1132 3626 prodierat.
1169 3556 1217 3612 ls
1258 3568 1441 3611 autem
1479 3560 1755 3613 resolutus
1801 3560 1915 3614 abit
1951 3560 2111 3628 liber,

540 3656 594 3700 et
627 3660 752 3699 mox
786 3659 909 3698 cum
959 3645 1181 3699 Christo
1220 3647 1538 3701 discumbit.
1575 3646 1749 3717 llujus
1800 3650 2109 3721 animarum

539 3721 750 3793 ordinis
784 3736 961 3807 imago
1000 3738 1132 3793 mihi
1173 3737 1394 3794 videtur
1426 3738 1686 3807 Lazarus,
1719 3741 1809 3811 qui
1843 3752 1960 3797 erat
2010 3742 2111 3798 Be-

538 3824 726 3876 thania
782 3824 1094 3890 oriundus,
1149 3826 1205 3881 id
1265 3835 1350 3881 est
1400 3828 1724 3883 ohedientim
1775 3831 1959 3885 domo.
2007 3832 2107 3886 Hic

537 3922 727 3981 postea
751 3917 1059 3985 aagrolavit,
1092 3918 1190 3987 qui
1224 3933 1391 3973 sanus
1427 3934 1553 3971 cum
1588 3929 1759 3984 esset,
1790 3937 1818 3975 a
1856 3920 1987 3976 Jesu
2024 3923 2107 3977 di-

535 4005 826 4073 rigebatur.
856 4006 1011 4060 Haud
1040 4022 1173 4077 ergo
1203 4009 1583 4078 despcraudus
1626 4028 1695 4067 ne
1732 4014 1825 4067 ille
1880 4015 2103 4084 quidem

533 4093 627 4162 qui
678 4093 733 4147 in
765 4106 1011 4149 extrema
1060 4096 1415 4164 improbitate
1449 4110 1723 4154 versatur.
1764 4094 2100 4158 Praeclarum

531 4184 750 4249 quidem
775 4193 860 4241 est
884 4203 992 4241 non
1024 4187 1324 4253 inﬁrmari;
1352 4189 1396 4241 si
1437 4191 1560 4258 quis
1591 4199 1771 4247 tamen
1804 4207 2105 4264 aegrotare-

528 4276 623 4338 rit,
651 4284 769 4330 oret
800 4293 866 4331 ne
905 4277 1196 4331 inﬁrmitas
1231 4277 1347 4345 ejus
1381 4281 1455 4331 sit
1484 4281 1548 4333 ad
1581 4289 1834 4345 mortem,
1874 4283 1968 4338 sed
2004 4300 2102 4353 pro

530 4368 707 4431 gloria
744 4365 857 4421 Dei.
887 4370 1042 4432 Quod
1089 4380 1341 4438 spectare
1389 4371 1513 4424 licet
1553 4373 1607 4425 in
1640 4373 1745 4427 isto
1790 4376 1881 4443 qui
1915 4373 2099 4429 Jesum

2220 3193 2249 3244 ό
2284 3191 2560 3260 τεθνηκὼς
2590 3192 2891 3261 δεδεμένος.
2920 3188 3051 3245 Εἶτα
3085 3192 3352 3263 παρόντος
3378 3193 3469 3247 τοῦ
3507 3195 3678 3265 Ἰησοῦ
3702 3194 3799 3248 καὶ

2218 3281 2327 3334 τῶν
2353 3281 2612 3351 μαθητῶν
2631 3322 2645 3347 ,
2700 3284 2792 3334 καὶ
2818 3283 3173 3346 κελεύσαντος
3212 3284 3393 3346 αὐτοῖς
3412 3325 3426 3347 ,
3476 3284 3659 3337 λύουσι
3688 3284 3801 3337 τῶν

2218 3374 2312 3427 τοῦ
2343 3373 2534 3445 νεκροῦ
2579 3373 2792 3442 δεσμῶν
2823 3374 2912 3427 τὸν
2945 3375 3235 3429 πεισθέντα
3276 3376 3353 3445 τῷ
3390 3376 3504 3446 Υἰῷ
3536 3376 3629 3429 τοῦ
3659 3376 3800 3430 Θεοῦ

2219 3467 2313 3518 καὶ
2341 3466 2628 3534 γενόμενον
2673 3464 2776 3529 ἔξω
2804 3465 2896 3516 τοῦ
2951 3466 3236 3535 μνημείου.
3305 3468 3363 3519 '0
3388 3466 3443 3520 δὲ
3474 3468 3651 3529 λυθεὶς
3684 3468 3797 3521 άπ-

2217 3572 2352 3609 εισιν
2400 3555 2708 3625 ἐλεύθερος,
2751 3557 2845 3608 καὶ
2890 3557 3017 3625 ἑξῆς
3050 3557 3428 3611 συνανάκειται
3477 3558 3553 3629 τῷ
3595 3558 3794 3629 Ἰησοῦ.

2218 3647 2469 3715 Τοιούτου
2522 3646 2662 3709 τινὸς
2733 3646 3012 3717 τάγματος
3055 3646 3320 3717 σύμϐολον
3360 3644 3497 3701 εἷναί
3532 3668 3621 3720 μοι
3649 3650 3800 3702 δοκεῖ

2215 3738 2242 3790 ὁ
2268 3720 2535 3808 Λάζαρος,
2564 3739 2710 3800 ὅστις
2744 3738 2841 3807 μὲν
2870 3734 2937 3809 ἦν
2971 3740 3078 3792 άπὸ
3110 3739 3399 3807 Βηθανίας,
3440 3740 3532 3793 τοῦ
3568 3741 3661 3810 τῆς
3688 3741 3795 3792 ὕπ-

2214 3829 2384 3896 ακοῆς
2436 3830 2603 3881 οἴκου.
2672 3828 2995 3899 Ἢσθένησεν
3045 3829 3301 3900 ὕστερον,
3356 3830 3531 3883 καίτοι
3588 3847 3648 3898 γε
3701 3831 3793 3883 ’ὅτε

2216 3919 2454 3987 ύγίαινεν
2484 3919 2636 3987 φίλος
2680 3920 2754 3971 ῶν
2806 3920 2899 3972 τοῦ
2941 3921 3133 3991 Ἰησοῦ.
3194 3923 3267 3973 Ού
3293 3921 3372 3973 δεῖ
3398 3918 3487 3976 οὖν
3518 3922 3793 3990 ἁπογινὼο

2213 4025 2366 4061 σκειν
2386 4011 2477 4062 καὶ
2503 4010 2589 4062 τὸν
2612 4011 2667 4062 ἐν
2698 4010 2900 4081 ἐσχάτῃ
2926 4012 3089 4085 κακίᾳ
3113 4013 3415 4081 γινόμενον,
3443 4015 3551 4066 Καὶ
3580 4015 3659 4067 δτι
3684 4030 3791 4070 κα-

2211 4101 2298 4154 λὸν
2323 4100 2421 4169 μὲν
2437 4100 2496 4152 τὸ
2523 4100 2596 4170 μὴ
2616 4098 2859 4152 ἀσθενεῖν
2880 4117 2893 4131 ·
2920 4101 2967 4152 εἰ
2984 4101 3041 4153 δέ
3064 4119 3147 4164 τις
3170 4103 3413 4167 ἀσθενεῖ,
3438 4104 3676 4173 εὐχέσθω
3698 4106 3789 4160 ἵνα

2214 4190 2288 4259 μὴ
2318 4192 2350 4257 η
2384 4187 2634 4240 ἀσθένεια
2660 4186 2821 4240 αὐτοῦ
2842 4189 2975 4259 πρὸς
3002 4191 3229 4243 θάνατον
3252 4191 3624 4260 γένηται,άλλ’
3648 4194 3789 4265 ὑπὲρ

2209 4277 2307 4345 τῆς
2337 4277 2495 4345 δόξης
2539 4276 2632 4328 τοῦ
2666 4277 2821 4333 Θεοῦ.
2868 4280 2995 4331 Ὅτε
3058 4279 3204 4332 ἔστιν
3248 4281 3374 4333 ἰδεῖν
3418 4283 3511 4335 τὸν
3564 4284 3788 4337 ἀκολου-

2210 4367 2403 4419 θοῦντα
2433 4368 2510 4437 τῷ
2549 4368 2753 4438 Ἰησοῦ,
2799 4370 2920 4423 τίνα
2947 4370 3146 4440 τρόπον
3174 4373 3202 4423 ὀ
3228 4372 3468 4437 τοιοῦτος
3505 4376 3785 4446 ἐξέρχεται

529 4466 816 4512 vocantem
847 4461 1121 4526 sequitur,
1150 4462 1424 4527 quomodo
1450 4476 1642 4530 nempe
1665 4462 1733 4515 ob
1757 4461 1885 4518 Jesu
1911 4480 2100 4519 vocem

2219 4460 2305 4524 αὲν
2338 4458 2423 4512 διὰ
2449 4460 2550 4530 τὴν
2597 4460 2770 4527 Ἰησοῦ
2806 4462 2989 4531 φωνὴν
3018 4503 3032 4527 ,
3074 4461 3151 4515 ἔτι
3178 4463 3233 4516 δὲ
3261 4468 3467 4535 σειραῖς
3493 4468 3600 4519 τῶν
3637 4468 3783 4521 ἰδίων

527 4549 681 4614 exiit,
727 4548 908 4603 adhuc
954 4556 1138 4603 tamen
1191 4562 1540 4617 peccatorum
1599 4568 1822 4606 suorum
1865 4554 2100 4611 vinculis

528 4641 785 4710 alligatus
832 4651 884 4696 et
927 4644 1265 4698 constrictus
1299 4658 1314 4695 :
1346 4644 1417 4697 ob
1452 4644 1827 4712 paenitentiam
1876 4646 2098 4715 quidem

527 4739 581 4784 et
616 4731 986 4787 obedientiam
1041 4733 1174 4789 Jesu
1211 4738 1353 4797 voci.
1404 4737 1629 4800 vivens;
1661 4736 1755 4791 sed
1791 4738 1918 4806 quia
1959 4753 2101 4792 non-

527 4821 656 4874 dum
702 4833 1053 4891 peccatorum
1092 4826 1302 4895 laqueis
1337 4827 1575 4888 solutus,
1617 4827 1860 4881 nondum
1909 4828 2100 4884 liberis

527 4912 758 4982 pedibus
795 4915 1046 4971 incedere
1078 4919 1296 4983 valens;
1328 4917 1423 4973 sed
1456 4933 1631 4987 neque
1667 4919 1844 4972 solute
1879 4919 2098 4987 operari

528 5006 846 5075 praeclarum
878 5007 1082 5077 aliquid
1117 5009 1322 5075 valens,
1352 5016 1576 5078 propter
1603 5024 1797 5064 manus
1825 5011 2097 5081 pedesque

527 5095 846 5149 mortuariis
874 5095 1123 5165 ligaturis
1156 5097 1480 5166 impeditos;
1512 5105 1675 5167 atque
1705 5099 1774 5151 ob
1809 5100 1859 5151 id
1892 5101 2090 5155 faciem

526 5201 745 5257 quoque
792 5187 1101 5257 ignorantia
1150 5190 1382 5243 velatam
1436 5205 1652 5259 gerens.
1700 5188 2090 5244 Verumtamen

522 5274 651 5329 Jesn
684 5277 942 5330 mandato
969 5278 1181 5332 solutus
1222 5295 1284 5332 ac
1320 5280 1457 5333 liber
1492 5278 1739 5343 effectus,
1763 5282 1870 5335 tale
1905 5282 2088 5350 ingre-

523 5365 670 5420 ditur
701 5367 825 5433 itor,
857 5383 1032 5437 coque
1064 5370 1329 5438 pervenit,
1366 5379 1423 5423 ut
1463 5386 1603 5425 unus
1637 5370 1704 5425 de
1738 5369 2092 5427 discumben-

588 5518 642 5575 ,⁸⁵⁸
681 5517 700 5571 l
738 5518 860 5573 Cor.
897 5534 983 5585 xv,
1018 5518 1111 5573 52.

2209 4550 2621 4620 ἁμαρτημάτων
2647 4552 2927 4622 δεδεμένος
2949 4553 3042 4606 καὶ
3060 4555 3385 4625 ἐσφιγμένος
3404 4599 3419 4621 ,
3445 4557 3532 4609 διὰ
3561 4560 3657 4628 μὲν
3681 4560 3783 4630 τὴν

2211 4644 2498 4712 μετάνοιαν
2527 4644 2621 4697 καὶ
2650 4644 2710 4695 τὸ
2744 4644 3163 4716 ἀκηκοέναιτῆς
3200 4645 3373 4717 Ἰησοῦ
3405 4649 3605 4718 φωνῆς,
3629 4649 3738 4713 ζῶν
3757 4666 3774 4682 ⁶

2206 4730 2291 4783 διὰ
2324 4732 2379 4784 δὲ
2410 4733 2472 4785 τὸ
2503 4734 2575 4805 μὴ
2606 4733 2966 4788 ἀπολελύσθαι
2997 4734 3103 4788 τῶν
3118 4737 3215 4807 τῆς
3242 4739 3513 4808 ἁμαρτίας
3541 4740 3776 4811 δεσμῶν,

2211 4822 2343 4894 μηδὲ
2373 4823 2472 4893 ἤδη
2493 4823 2751 4877 δύνασθαι
2777 4823 3082 4896 ἐλευθέροις
3108 4826 3408 4880 ἐπιϐαίνειν
3437 4831 3613 4892 ποσὶν,
3641 4830 3777 4885 ἀλλὰ

2208 4918 2341 4986 μηδὲ
2376 4918 2620 4986 ἐνεργεῖν
2650 4916 3066 4987 άπολελυμένως
3094 4917 3161 4971 τά
3187 4919 3527 4990 διαφέροντα,
3563 4922 3775 4992 δεδεμέ-

2203 5025 2290 5071 νος
2336 5008 2432 5070 τάς
2462 5009 2649 5078 χεῖρας
2692 5008 2786 5060 καὶ
2830 5009 2955 5072 τοὺς
2990 5010 3155 5073 πόδας
3194 5012 3409 5082 δεσμοῖς
3437 5015 3645 5086 νεκρῶν
3673 5034 3772 5088 κη-

2204 5098 2377 5168 ρίαις·
2413 5099 2505 5151 καὶ
2533 5099 2621 5151 διά
2657 5098 2857 5163 ταύτας
2897 5100 2994 5170 τὴν
3020 5101 3138 5170 ὄψιν
3171 5105 3235 5172 τῇ
3275 5104 3464 5174 ἀγνοίᾳ
3495 5106 3769 5178 κεκαλυμη

2203 5190 2380 5258 μένος.
2432 5188 2527 5240 Διὰ
2572 5188 2631 5240 δὲ
2664 5188 2761 5257 τὴν
2810 5190 3102 5257 πρόσταξιν
3138 5192 3231 5244 τοῦ
3274 5193 3447 5261 Ἰησοῦ
3476 5194 3653 5258 λυθεὶς
3673 5196 3764 5248 καὶ

2199 5280 2443 5347 ἀφεθεὶς,
2476 5278 2764 5348 πορεύεται
2798 5283 3052 5351 τοιαύτην
3100 5283 3357 5352 πορείαν,
3403 5283 3543 5336 ὥστε
3566 5285 3764 5351 φθάσαι

2202 5369 2363 5423 αὑτὸν
2400 5371 2491 5423 ἐπὶ
2531 5368 2610 5440 τῷ
2655 5371 2752 5425 ἕνα
2785 5373 2879 5426 καὶ
2921 5374 3082 5426 αὑτὸν
3119 5374 3370 5441 γενέσθαι
3398 5376 3504 5429 τῶν
3537 5394 3763 5433 συνανα-

592 5692 673 5765 (il
706 5702 865 5756 Οὕτω
895 5702 969 5767 δή
1000 5719 1157 5770 τινες
1197 5743 1207 5756 .
1240 5739 1253 5755 .
1288 5742 1299 5754 .
1336 5743 1352 5755 .
1376 5703 1444 5756 ἐν
1477 5701 1598 5768 τοῖς
1631 5696 1960 5772 μνήμοσιν.
2014 5700 2093 5759 Ex

2221 5719 2321 5761 cna
2343 5703 2602 5763 Vaticana
2634 5722 2719 5779 ap.
2746 5708 2848 5765 Mai
2881 5710 3011 5766 ibid.
