  <div class='ocr_page' id='page_1' title='image "/cluster/home/n/w/nwhite01/storage/ocr_20150623/74:no.7/coo.31924054869684/040.png"; bbox 0 0 4104 6444; ppageno 0'>
   <div class='ocr_carea' id='block_1_1' title="bbox 296 418 383 473">
    <p class='ocr_par' dir='ltr' id='par_1_1' title="bbox 296 418 383 473">
     <span class='ocr_line' id='line_1_1' title="bbox 296 418 383 473; baseline 0 0"><span class='ocrx_word' id='word_1_1' title='bbox 296 418 383 473; x_wconf 57' lang='grc' dir='ltr'><strong>μσς</strong></span> 
     </span>
    </p>
   </div>
   <div class='ocr_carea' id='block_1_2' title="bbox 302 622 1909 696">
    <p class='ocr_par' dir='ltr' id='par_1_2' title="bbox 302 622 1909 696">
     <span class='ocr_line' id='line_1_2' title="bbox 302 622 1909 696; baseline -0.002 -18"><span class='ocrx_word' id='word_1_2' title='bbox 302 628 439 696; x_wconf 59' lang='grc' dir='ltr'>ᾁεν,</span> <span class='ocrx_word' id='word_1_3' title='bbox 465 625 529 676; x_wconf 75' lang='grc' dir='ltr'><strong>ού</strong></span> <span class='ocrx_word' id='word_1_4' title='bbox 558 624 870 692; x_wconf 81' lang='grc' dir='ltr'>γέγραπται</span> <span class='ocrx_word' id='word_1_5' title='bbox 889 640 901 652; x_wconf 81' lang='grc'><strong>”</strong></span> <span class='ocrx_word' id='word_1_6' title='bbox 937 622 971 692; x_wconf 84' lang='grc' dir='ltr'>ἢ</span> <span class='ocrx_word' id='word_1_7' title='bbox 999 625 1112 685; x_wconf 83' lang='grc' dir='ltr'>τοῖς</span> <span class='ocrx_word' id='word_1_8' title='bbox 1148 622 1444 693; x_wconf 77' lang='grc' dir='ltr'><strong>μαθηταῖς,</strong></span> <span class='ocrx_word' id='word_1_9' title='bbox 1474 624 1505 695; x_wconf 79' lang='grc' dir='ltr'>ἢ</span> <span class='ocrx_word' id='word_1_10' title='bbox 1541 626 1653 687; x_wconf 87' lang='grc' dir='ltr'>τοῖς</span> <span class='ocrx_word' id='word_1_11' title='bbox 1684 639 1909 676; x_wconf 78' lang='grc' dir='ltr'>συνακο-</span> 
     </span>
    </p>
   </div>
   <div class='ocr_carea' id='block_1_3' title="bbox 301 712 1909 787">
    <p class='ocr_par' dir='ltr' id='par_1_3' title="bbox 301 712 1909 787">
     <span class='ocr_line' id='line_1_3' title="bbox 301 712 1909 787; baseline -0.006 -14"><span class='ocrx_word' id='word_1_12' title='bbox 301 717 641 787; x_wconf 77' lang='grc' dir='ltr'>λουθήσασιν</span> <span class='ocrx_word' id='word_1_13' title='bbox 674 714 951 776; x_wconf 76' lang='grc' dir='ltr'><strong>Ἰουδαίοις</strong></span> <span class='ocrx_word' id='word_1_14' title='bbox 973 755 986 776; x_wconf 88' lang='grc'><strong>,</strong></span> <span class='ocrx_word' id='word_1_15' title='bbox 1021 714 1052 785; x_wconf 84' lang='grc' dir='ltr'>ἢ</span> <span class='ocrx_word' id='word_1_16' title='bbox 1082 714 1178 767; x_wconf 80' lang='grc' dir='ltr'><strong>καὶ</strong></span> <span class='ocrx_word' id='word_1_17' title='bbox 1202 714 1458 782; x_wconf 80' lang='grc' dir='ltr'><strong>ἀγγέλοις</strong></span> <span class='ocrx_word' id='word_1_18' title='bbox 1490 716 1624 774; x_wconf 76' lang='grc' dir='ltr'>ἴσως</span> <span class='ocrx_word' id='word_1_19' title='bbox 1651 716 1763 776; x_wconf 78' lang='grc' dir='ltr'>τοῖς</span> <span class='ocrx_word' id='word_1_20' title='bbox 1792 712 1909 766; x_wconf 83' lang='grc' dir='ltr'>δια-</span> 
     </span>
    </p>
   </div>
   <div class='ocr_carea' id='block_1_4' title="bbox 301 788 1904 879">
    <p class='ocr_par' dir='ltr' id='par_1_4' title="bbox 301 806 1904 879">
     <span class='ocr_line' id='line_1_4' title="bbox 301 806 1904 879; baseline -0.004 -15"><span class='ocrx_word' id='word_1_21' title='bbox 301 812 661 879; x_wconf 71' lang='grc' dir='ltr'>κονουμένοις</span> <span class='ocrx_word' id='word_1_22' title='bbox 690 807 841 877; x_wconf 80' lang='grc' dir='ltr'>αύτῷ</span> <span class='ocrx_word' id='word_1_23' title='bbox 864 807 999 876; x_wconf 80' lang='grc' dir='ltr'>πρὸς</span> <span class='ocrx_word' id='word_1_24' title='bbox 1022 809 1118 874; x_wconf 83' lang='grc' dir='ltr'>τὴν</span> <span class='ocrx_word' id='word_1_25' title='bbox 1142 806 1254 859; x_wconf 84' lang='grc' dir='ltr'><strong>τῶν</strong></span> <span class='ocrx_word' id='word_1_26' title='bbox 1273 806 1578 877; x_wconf 81' lang='grc' dir='ltr'>ἀνθρώπων</span> <span class='ocrx_word' id='word_1_27' title='bbox 1606 806 1904 876; x_wconf 78' lang='grc' dir='ltr'><strong>σωτηρίαν.</strong></span> 
     </span>
    </p>
   </div>
   <div class='ocr_carea' id='block_1_5' title="bbox 301 894 1907 968">
    <p class='ocr_par' dir='ltr' id='par_1_5' title="bbox 301 894 1907 968">
     <span class='ocr_line' id='line_1_5' title="bbox 301 894 1907 968; baseline -0.004 -14"><span class='ocrx_word' id='word_1_28' title='bbox 301 901 417 954; x_wconf 65' lang='grc' dir='ltr'>Καὶ</span> <span class='ocrx_word' id='word_1_29' title='bbox 450 899 570 951; x_wconf 77' lang='grc' dir='ltr'>ἐστι</span> <span class='ocrx_word' id='word_1_30' title='bbox 620 914 683 964; x_wconf 85' lang='grc' dir='ltr'><strong>γε</strong></span> <span class='ocrx_word' id='word_1_31' title='bbox 718 896 952 949; x_wconf 81' lang='grc' dir='ltr'><strong>συνιδεῖν</strong></span> <span class='ocrx_word' id='word_1_32' title='bbox 980 896 1440 965; x_wconf 78' lang='grc' dir='ltr'><strong>ἀποθνησκόντων</strong></span> <span class='ocrx_word' id='word_1_33' title='bbox 1464 894 1765 968; x_wconf 77' lang='grc' dir='ltr'>διαφορὰν,</span> <span class='ocrx_word' id='word_1_34' title='bbox 1796 895 1907 947; x_wconf 79' lang='grc' dir='ltr'><strong>τῶν</strong></span> 
     </span>
    </p>
   </div>
   <div class='ocr_carea' id='block_1_6' title="bbox 302 984 1906 1065">
    <p class='ocr_par' dir='ltr' id='par_1_6' title="bbox 302 984 1906 1061">
     <span class='ocr_line' id='line_1_6' title="bbox 302 984 1906 1061; baseline -0.005 -17"><span class='ocrx_word' id='word_1_35' title='bbox 302 992 406 1061; x_wconf 82' lang='grc' dir='ltr'>μὲν</span> <span class='ocrx_word' id='word_1_36' title='bbox 440 990 568 1060; x_wconf 78' lang='grc' dir='ltr'>μηδ’</span> <span class='ocrx_word' id='word_1_37' title='bbox 600 989 737 1050; x_wconf 83' lang='grc' dir='ltr'><strong>ὅλως</strong></span> <span class='ocrx_word' id='word_1_38' title='bbox 772 985 1030 1050; x_wconf 74' lang='grc' dir='ltr'>ἐξιόντων</span> <span class='ocrx_word' id='word_1_39' title='bbox 1054 984 1151 1038; x_wconf 82' lang='grc' dir='ltr'><strong>τοῦ</strong></span> <span class='ocrx_word' id='word_1_40' title='bbox 1182 986 1354 1049; x_wconf 79' lang='grc' dir='ltr'>οἴκου,</span> <span class='ocrx_word' id='word_1_41' title='bbox 1387 986 1462 1048; x_wconf 85' lang='grc' dir='ltr'>ὡς</span> <span class='ocrx_word' id='word_1_42' title='bbox 1491 986 1584 1038; x_wconf 76' lang='grc' dir='ltr'>ἐπὶ</span> <span class='ocrx_word' id='word_1_43' title='bbox 1613 986 1712 1054; x_wconf 76' lang='grc' dir='ltr'>τῆς</span> <span class='ocrx_word' id='word_1_44' title='bbox 1746 984 1906 1037; x_wconf 84' lang='grc' dir='ltr'>Ἰαεί-</span> 
     </span>
    </p>
   </div>
   <div class='ocr_carea' id='block_1_7' title="bbox 300 1079 1902 1154">
    <p class='ocr_par' dir='ltr' id='par_1_7' title="bbox 300 1079 1902 1154">
     <span class='ocr_line' id='line_1_7' title="bbox 300 1079 1902 1154; baseline -0.004 -18"><span class='ocrx_word' id='word_1_45' title='bbox 300 1101 399 1154; x_wconf 72' lang='grc' dir='ltr'><strong>ρου</strong></span> <span class='ocrx_word' id='word_1_46' title='bbox 450 1081 762 1151; x_wconf 74' lang='grc' dir='ltr'>θυγατρὸς,</span> <span class='ocrx_word' id='word_1_47' title='bbox 799 1079 910 1132; x_wconf 83' lang='grc' dir='ltr'>τῶν</span> <span class='ocrx_word' id='word_1_48' title='bbox 952 1080 1008 1132; x_wconf 83' lang='grc' dir='ltr'><strong>δὲ</strong></span> <span class='ocrx_word' id='word_1_49' title='bbox 1035 1080 1137 1150; x_wconf 70' lang='grc' dir='ltr'>ἥδη</span> <span class='ocrx_word' id='word_1_50' title='bbox 1170 1080 1440 1133; x_wconf 80' lang='grc' dir='ltr'>ἀπιόντων</span> <span class='ocrx_word' id='word_1_51' title='bbox 1478 1080 1571 1132; x_wconf 74' lang='grc' dir='ltr'>ἐπὶ</span> <span class='ocrx_word' id='word_1_52' title='bbox 1608 1079 1668 1131; x_wconf 85' lang='grc' dir='ltr'>τὸ</span> <span class='ocrx_word' id='word_1_53' title='bbox 1697 1079 1902 1149; x_wconf 73' lang='grc' dir='ltr'>μνῆμα,</span> 
     </span>
    </p>
   </div>
   <div class='ocr_carea' id='block_1_8' title="bbox 295 1169 1905 1242">
    <p class='ocr_par' dir='ltr' id='par_1_8' title="bbox 295 1169 1905 1242">
     <span class='ocr_line' id='line_1_8' title="bbox 295 1169 1905 1242; baseline -0.004 -15"><span class='ocrx_word' id='word_1_54' title='bbox 295 1175 375 1239; x_wconf 81' lang='grc' dir='ltr'>ὡς</span> <span class='ocrx_word' id='word_1_55' title='bbox 433 1175 531 1227; x_wconf 67' lang='grc' dir='ltr'><strong>ἐπὶ</strong></span> <span class='ocrx_word' id='word_1_56' title='bbox 584 1173 679 1226; x_wconf 85' lang='grc' dir='ltr'><strong>τοῦ</strong></span> <span class='ocrx_word' id='word_1_57' title='bbox 726 1172 845 1225; x_wconf 89' lang='grc' dir='ltr'>υίοῦ</span> <span class='ocrx_word' id='word_1_58' title='bbox 887 1173 987 1240; x_wconf 77' lang='grc' dir='ltr'>τῆς</span> <span class='ocrx_word' id='word_1_59' title='bbox 1015 1173 1229 1242; x_wconf 75' lang='grc' dir='ltr'>χήρας·</span> <span class='ocrx_word' id='word_1_60' title='bbox 1296 1172 1408 1224; x_wconf 85' lang='grc' dir='ltr'>τῶν</span> <span class='ocrx_word' id='word_1_61' title='bbox 1466 1172 1523 1224; x_wconf 85' lang='grc' dir='ltr'><strong>δὲ</strong></span> <span class='ocrx_word' id='word_1_62' title='bbox 1576 1170 1670 1224; x_wconf 73' lang='grc' dir='ltr'><strong>καὶ</strong></span> <span class='ocrx_word' id='word_1_63' title='bbox 1720 1169 1905 1237; x_wconf 63' lang='grc' dir='ltr'>τεθέν-</span> 
     </span>
    </p>
   </div>
   <div class='ocr_carea' id='block_1_9' title="bbox 293 1260 1904 1335">
    <p class='ocr_par' dir='ltr' id='par_1_9' title="bbox 293 1260 1904 1335">
     <span class='ocr_line' id='line_1_9' title="bbox 293 1260 1904 1335; baseline -0.004 -16"><span class='ocrx_word' id='word_1_64' title='bbox 293 1284 408 1320; x_wconf 88' lang='grc' dir='ltr'><strong>των</strong></span> <span class='ocrx_word' id='word_1_65' title='bbox 459 1267 519 1318; x_wconf 82' lang='grc' dir='ltr'><strong>ἐν</strong></span> <span class='ocrx_word' id='word_1_66' title='bbox 554 1265 633 1334; x_wconf 78' lang='grc' dir='ltr'>τῷ</span> <span class='ocrx_word' id='word_1_67' title='bbox 676 1263 932 1335; x_wconf 76' lang='grc' dir='ltr'>μνημείῳ</span> <span class='ocrx_word' id='word_1_68' title='bbox 973 1265 1067 1316; x_wconf 79' lang='grc' dir='ltr'><strong>καὶ</strong></span> <span class='ocrx_word' id='word_1_69' title='bbox 1095 1263 1196 1333; x_wconf 72' lang='grc' dir='ltr'>ἤδη</span> <span class='ocrx_word' id='word_1_70' title='bbox 1222 1262 1559 1331; x_wconf 73' lang='grc' dir='ltr'>σεσηπότων.</span> <span class='ocrx_word' id='word_1_71' title='bbox 1613 1260 1822 1313; x_wconf 81' lang='grc' dir='ltr'>Ἀθλιοι</span> <span class='ocrx_word' id='word_1_72' title='bbox 1848 1260 1904 1312; x_wconf 69' lang='grc' dir='ltr'><strong>δε</strong></span> 
     </span>
    </p>
   </div>
   <div class='ocr_carea' id='block_1_10' title="bbox 295 1354 1904 1430">
    <p class='ocr_par' dir='ltr' id='par_1_10' title="bbox 295 1354 1904 1430">
     <span class='ocr_line' id='line_1_10' title="bbox 295 1354 1904 1430; baseline -0.005 -17"><span class='ocrx_word' id='word_1_73' title='bbox 295 1359 457 1430; x_wconf 70' lang='grc' dir='ltr'>παρὰ</span> <span class='ocrx_word' id='word_1_74' title='bbox 506 1358 721 1421; x_wconf 79' lang='grc' dir='ltr'>τούτοις</span> <span class='ocrx_word' id='word_1_75' title='bbox 764 1358 814 1409; x_wconf 79' lang='grc' dir='ltr'>οἱ</span> <span class='ocrx_word' id='word_1_76' title='bbox 858 1357 952 1409; x_wconf 77' lang='grc' dir='ltr'>ἐπὶ</span> <span class='ocrx_word' id='word_1_77' title='bbox 996 1356 1179 1409; x_wconf 85' lang='grc' dir='ltr'>πλεῖον</span> <span class='ocrx_word' id='word_1_78' title='bbox 1226 1354 1656 1427; x_wconf 73' lang='grc' dir='ltr'>ἐμϐραδύνοντες</span> <span class='ocrx_word' id='word_1_79' title='bbox 1706 1355 1763 1405; x_wconf 76' lang='grc' dir='ltr'><strong>ἐν</strong></span> <span class='ocrx_word' id='word_1_80' title='bbox 1790 1355 1904 1417; x_wconf 88' lang='grc' dir='ltr'>τοῖς</span> 
     </span>
    </p>
   </div>
   <div class='ocr_carea' id='block_1_11' title="bbox 297 1452 609 1521">
    <p class='ocr_par' dir='ltr' id='par_1_11' title="bbox 297 1452 609 1521">
     <span class='ocr_line' id='line_1_11' title="bbox 297 1452 609 1521; baseline 0 -19"><span class='ocrx_word' id='word_1_81' title='bbox 297 1452 609 1521; x_wconf 76' lang='grc' dir='ltr'>μνήμασιν.</span> 
     </span>
    </p>
   </div>
   <div class='ocr_carea' id='block_1_12' title="bbox 376 1541 1580 1612">
    <p class='ocr_par' dir='ltr' id='par_1_12' title="bbox 376 1541 1580 1612">
     <span class='ocr_line' id='line_1_12' title="bbox 376 1541 1580 1612; baseline -0.002 -14"><span class='ocrx_word' id='word_1_82' title='bbox 376 1545 441 1598; x_wconf 85' lang='grc' dir='ltr'><em>Ἡ</em></span> <span class='ocrx_word' id='word_1_83' title='bbox 467 1544 611 1612; x_wconf 67' lang='grc' dir='ltr'>ὄψις</span> <span class='ocrx_word' id='word_1_84' title='bbox 641 1544 830 1598; x_wconf 76' lang='grc' dir='ltr'>αὑτοῦ</span> <span class='ocrx_word' id='word_1_85' title='bbox 869 1541 1171 1610; x_wconf 77' lang='grc' dir='ltr'><strong>σουδαρίῳ</strong></span> <span class='ocrx_word' id='word_1_86' title='bbox 1192 1541 1580 1611; x_wconf 73' lang='grc' dir='ltr'><strong>περιεδέδετο.</strong></span> 
     </span>
    </p>
   </div>
   <div class='ocr_carea' id='block_1_13' title="bbox 365 1634 1900 1707">
    <p class='ocr_par' dir='ltr' id='par_1_13' title="bbox 365 1634 1900 1707">
     <span class='ocr_line' id='line_1_13' title="bbox 365 1634 1900 1707; baseline -0.001 -19"><span class='ocrx_word' id='word_1_87' title='bbox 365 1637 644 1700; x_wconf 84' lang='grc' dir='ltr'>Πεσόντες</span> <span class='ocrx_word' id='word_1_88' title='bbox 689 1639 771 1699; x_wconf 83' lang='grc' dir='ltr'>εἰς</span> <span class='ocrx_word' id='word_1_89' title='bbox 813 1636 1112 1707; x_wconf 76' lang='grc' dir='ltr'>ἁμαρτίαν,</span> <span class='ocrx_word' id='word_1_90' title='bbox 1143 1635 1396 1705; x_wconf 75' lang='grc' dir='ltr'>καθάπερ</span> <span class='ocrx_word' id='word_1_91' title='bbox 1429 1652 1482 1687; x_wconf 88' lang='grc' dir='ltr'><strong>τι</strong></span> <span class='ocrx_word' id='word_1_92' title='bbox 1516 1634 1779 1705; x_wconf 75' lang='grc' dir='ltr'>κάλυμμα</span> <span class='ocrx_word' id='word_1_93' title='bbox 1801 1634 1900 1706; x_wconf 83' lang='grc' dir='ltr'><strong>τὴν</strong></span> 
     </span>
    </p>
   </div>
   <div class='ocr_carea' id='block_1_14' title="bbox 289 1724 1901 1798">
    <p class='ocr_par' dir='ltr' id='par_1_14' title="bbox 289 1724 1901 1798">
     <span class='ocr_line' id='line_1_14' title="bbox 289 1724 1901 1798; baseline -0.002 -18"><span class='ocrx_word' id='word_1_94' title='bbox 289 1728 561 1780; x_wconf 83' lang='grc' dir='ltr'>ἐντεῦθεν</span> <span class='ocrx_word' id='word_1_95' title='bbox 603 1728 872 1798; x_wconf 76' lang='grc' dir='ltr'>αἰσχύνην</span> <span class='ocrx_word' id='word_1_96' title='bbox 914 1728 994 1797; x_wconf 77' lang='grc' dir='ltr'>τῷ</span> <span class='ocrx_word' id='word_1_97' title='bbox 1038 1727 1134 1795; x_wconf 75' lang='grc' dir='ltr'>τῆς</span> <span class='ocrx_word' id='word_1_98' title='bbox 1161 1726 1337 1795; x_wconf 64' lang='grc' dir='ltr'>ψυχῆς</span> <span class='ocrx_word' id='word_1_99' title='bbox 1375 1724 1654 1795; x_wconf 83' lang='grc' dir='ltr'>προσώπῳ</span> <span class='ocrx_word' id='word_1_100' title='bbox 1687 1742 1901 1795; x_wconf 80' lang='grc' dir='ltr'>περιτε-</span> 
     </span>
    </p>
   </div>
   <div class='ocr_carea' id='block_1_15' title="bbox 288 1815 1899 1889">
    <p class='ocr_par' dir='ltr' id='par_1_15' title="bbox 288 1815 1899 1889">
     <span class='ocr_line' id='line_1_15' title="bbox 288 1815 1899 1889; baseline -0.004 -17"><span class='ocrx_word' id='word_1_101' title='bbox 288 1819 566 1889; x_wconf 85' lang='grc' dir='ltr'>θείκαμεν</span> <span class='ocrx_word' id='word_1_102' title='bbox 591 1860 604 1881; x_wconf 94' lang='grc'><strong>,</strong></span> <span class='ocrx_word' id='word_1_103' title='bbox 678 1819 912 1881; x_wconf 78' lang='grc' dir='ltr'>καὶτοῖς</span> <span class='ocrx_word' id='word_1_104' title='bbox 958 1817 1053 1870; x_wconf 82' lang='grc' dir='ltr'><strong>τοῦ</strong></span> <span class='ocrx_word' id='word_1_105' title='bbox 1091 1818 1324 1869; x_wconf 78' lang='grc' dir='ltr'>θανάτου</span> <span class='ocrx_word' id='word_1_106' title='bbox 1380 1815 1899 1884; x_wconf 83' lang='grc' dir='ltr'>κατεδεσμεύθημεν</span> 
     </span>
    </p>
   </div>
   <div class='ocr_carea' id='block_1_16' title="bbox 1186 412 3591 476">
    <p class='ocr_par' dir='ltr' id='par_1_16' title="bbox 1186 412 3591 476">
     <span class='ocr_line' id='line_1_16' title="bbox 1186 412 3591 476; baseline 0.005 -12"><span class='ocrx_word' id='word_1_107' title='bbox 1186 412 1248 466; x_wconf 71' lang='lat' dir='ltr'><strong>IN</strong></span> <span class='ocrx_word' id='word_1_108' title='bbox 1278 412 1620 469; x_wconf 73' lang='lat' dir='ltr'><strong>JOANNEM.</strong></span> <span class='ocrx_word' id='word_1_109' title='bbox 1650 445 1717 456; x_wconf 92' lang='lat'><strong><em>—</em></strong></span> <span class='ocrx_word' id='word_1_110' title='bbox 1750 413 1878 468; x_wconf 82' lang='lat' dir='ltr'><strong>LIB.</strong></span> <span class='ocrx_word' id='word_1_111' title='bbox 1919 412 2006 465; x_wconf 76' lang='lat' dir='ltr'><strong>VII</strong></span> <span class='ocrx_word' id='word_1_112' title='bbox 2051 413 2140 467; x_wconf 78' lang='lat' dir='ltr'>ET</span> <span class='ocrx_word' id='word_1_113' title='bbox 2184 414 2298 468; x_wconf 65' lang='lat' dir='ltr'><strong>Vill</strong></span> <span class='ocrx_word' id='word_1_114' title='bbox 2334 414 2777 469; x_wconf 77' lang='lat' dir='ltr'><strong>FRAGMENTA.</strong></span> <span class='ocrx_word' id='word_1_115' title='bbox 3519 419 3591 476; x_wconf 67' lang='lat'><strong>6&#39;5</strong></span> 
     </span>
    </p>
   </div>
   <div class='ocr_carea' id='block_1_17' title="bbox 309 529 1885 606">
    <p class='ocr_par' dir='ltr' id='par_1_17' title="bbox 309 529 1877 605">
     <span class='ocr_line' id='line_1_17' title="bbox 309 529 1877 605; baseline -0.004 -16"><span class='ocrx_word' id='word_1_116' title='bbox 309 534 585 605; x_wconf 78' lang='grc' dir='ltr'>κειμένων</span> <span class='ocrx_word' id='word_1_117' title='bbox 623 531 772 601; x_wconf 78' lang='grc' dir='ltr'>αύτῷ</span> <span class='ocrx_word' id='word_1_118' title='bbox 812 529 1008 601; x_wconf 79' lang='grc' dir='ltr'>Ἰησοῦ.</span> <span class='ocrx_word' id='word_1_119' title='bbox 1064 529 1186 582; x_wconf 77' lang='grc' dir='ltr'>Τίσι</span> <span class='ocrx_word' id='word_1_120' title='bbox 1215 530 1271 584; x_wconf 83' lang='grc' dir='ltr'><strong>δὲ</strong></span> <span class='ocrx_word' id='word_1_121' title='bbox 1304 532 1453 585; x_wconf 86' lang='grc' dir='ltr'>λύειν</span> <span class='ocrx_word' id='word_1_122' title='bbox 1491 532 1877 599; x_wconf 63' lang='grc' dir='ltr'>αύτὸνέπέτρε</span> 
     </span>
    </p>
   </div>
   <div class='ocr_carea' id='block_1_18' title="bbox 1991 529 3689 606">
    <p class='ocr_par' dir='ltr' id='par_1_18' title="bbox 2015 530 3689 606">
     <span class='ocr_line' id='line_1_18' title="bbox 2015 530 3689 606; baseline 0.005 -23"><span class='ocrx_word' id='word_1_123' title='bbox 2015 530 2161 585; x_wconf 88' lang='lat' dir='ltr'><strong>tibus</strong></span> <span class='ocrx_word' id='word_1_124' title='bbox 2190 547 2314 585; x_wconf 87' lang='lat' dir='ltr'><strong>cum</strong></span> <span class='ocrx_word' id='word_1_125' title='bbox 2347 532 2475 587; x_wconf 85' lang='lat' dir='ltr'><strong>Jesu</strong></span> <span class='ocrx_word' id='word_1_126' title='bbox 2504 532 2628 587; x_wconf 76' lang='lat' dir='ltr'><strong>ﬁeri</strong></span> <span class='ocrx_word' id='word_1_127' title='bbox 2664 535 2857 602; x_wconf 79' lang='lat' dir='ltr'><strong>possit.</strong></span> <span class='ocrx_word' id='word_1_128' title='bbox 2894 533 3013 588; x_wconf 85' lang='lat' dir='ltr'><strong>Jam</strong></span> <span class='ocrx_word' id='word_1_129' title='bbox 3056 536 3386 606; x_wconf 80' lang='lat' dir='ltr'><strong>quibusnam</strong></span> <span class='ocrx_word' id='word_1_130' title='bbox 3414 538 3589 594; x_wconf 63' lang='grc' dir='ltr'>[περ.</span> <span class='ocrx_word' id='word_1_131' title='bbox 3681 584 3689 591; x_wconf 93' lang='grc'><strong>.</strong></span> 
     </span>
    </p>
   </div>
   <div class='ocr_carea' id='block_1_19' title="bbox 2013 625 3587 698">
    <p class='ocr_par' dir='ltr' id='par_1_19' title="bbox 2013 625 3587 698">
     <span class='ocr_line' id='line_1_19' title="bbox 2013 625 3587 698; baseline 0.008 -23"><span class='ocrx_word' id='word_1_132' title='bbox 2013 638 2133 675; x_wconf 85' lang='lat' dir='ltr'><strong>rum</strong></span> <span class='ocrx_word' id='word_1_133' title='bbox 2179 625 2394 678; x_wconf 85' lang='lat' dir='ltr'><strong>solvere</strong></span> <span class='ocrx_word' id='word_1_134' title='bbox 2443 627 2819 694; x_wconf 78' lang='lat' dir='ltr'><strong>imperaverit,</strong></span> <span class='ocrx_word' id='word_1_135' title='bbox 2866 643 2973 679; x_wconf 86' lang='lat' dir='ltr'><strong>non</strong></span> <span class='ocrx_word' id='word_1_136' title='bbox 3007 637 3090 681; x_wconf 86' lang='lat' dir='ltr'><strong>est</strong></span> <span class='ocrx_word' id='word_1_137' title='bbox 3129 629 3416 698; x_wconf 78' lang='lat' dir='ltr'><strong>scriptum,</strong></span> <span class='ocrx_word' id='word_1_138' title='bbox 3458 648 3587 687; x_wconf 91' lang='lat' dir='ltr'><strong>num</strong></span> 
     </span>
    </p>
   </div>
   <div class='ocr_carea' id='block_1_20' title="bbox 2014 708 3589 787">
    <p class='ocr_par' dir='ltr' id='par_1_20' title="bbox 2014 708 3589 787">
     <span class='ocr_line' id='line_1_20' title="bbox 2014 708 3589 787; baseline 0.008 -23"><span class='ocrx_word' id='word_1_139' title='bbox 2014 713 2269 769; x_wconf 90' lang='lat' dir='ltr'><strong>videlicet</strong></span> <span class='ocrx_word' id='word_1_140' title='bbox 2304 716 2616 785; x_wconf 67' lang='lat' dir='ltr'><strong>discipulis,</strong></span> <span class='ocrx_word' id='word_1_141' title='bbox 2654 732 2722 769; x_wconf 89' lang='lat' dir='ltr'><strong>an</strong></span> <span class='ocrx_word' id='word_1_142' title='bbox 2774 718 3132 785; x_wconf 78' lang='lat' dir='ltr'><strong>sequentibus</strong></span> <span class='ocrx_word' id='word_1_143' title='bbox 3162 733 3221 773; x_wconf 89' lang='lat' dir='ltr'><strong>se</strong></span> <span class='ocrx_word' id='word_1_144' title='bbox 3259 708 3483 787; x_wconf 56' lang='lat' dir='ltr'><strong>iudaais,</strong></span> <span class='ocrx_word' id='word_1_145' title='bbox 3521 738 3589 776; x_wconf 88' lang='lat' dir='ltr'><strong>an</strong></span> 
     </span>
    </p>
   </div>
   <div class='ocr_carea' id='block_1_21' title="bbox 2010 804 3587 880">
    <p class='ocr_par' dir='ltr' id='par_1_21' title="bbox 2010 804 3587 880">
     <span class='ocr_line' id='line_1_21' title="bbox 2010 804 3587 880; baseline 0.006 -24"><span class='ocrx_word' id='word_1_146' title='bbox 2010 804 2174 857; x_wconf 88' lang='lat' dir='ltr'><strong>etiam</strong></span> <span class='ocrx_word' id='word_1_147' title='bbox 2227 805 2464 861; x_wconf 85' lang='lat' dir='ltr'><strong>fortasse</strong></span> <span class='ocrx_word' id='word_1_148' title='bbox 2516 807 2746 875; x_wconf 81' lang='lat' dir='ltr'><strong>angelis,</strong></span> <span class='ocrx_word' id='word_1_149' title='bbox 2783 808 2881 875; x_wconf 78' lang='lat' dir='ltr'><strong>(lui</strong></span> <span class='ocrx_word' id='word_1_150' title='bbox 2927 809 3314 863; x_wconf 73' lang='lat' dir='ltr'><strong>ministrabant</strong></span> <span class='ocrx_word' id='word_1_151' title='bbox 3375 811 3477 880; x_wconf 86' lang='lat' dir='ltr'><strong>ipsi</strong></span> <span class='ocrx_word' id='word_1_152' title='bbox 3534 813 3587 865; x_wconf 91' lang='lat' dir='ltr'><strong>in</strong></span> 
     </span>
    </p>
   </div>
   <div class='ocr_carea' id='block_1_22' title="bbox 2010 899 3588 971">
    <p class='ocr_par' dir='ltr' id='par_1_22' title="bbox 2010 899 3588 971">
     <span class='ocr_line' id='line_1_22' title="bbox 2010 899 3588 971; baseline 0.005 -22"><span class='ocrx_word' id='word_1_153' title='bbox 2010 900 2359 966; x_wconf 88' lang='lat' dir='ltr'><strong>procuranda</strong></span> <span class='ocrx_word' id='word_1_154' title='bbox 2405 901 2692 953; x_wconf 89' lang='lat' dir='ltr'><strong>hominum</strong></span> <span class='ocrx_word' id='word_1_155' title='bbox 2742 901 2941 953; x_wconf 87' lang='lat' dir='ltr'><strong>salute.</strong></span> <span class='ocrx_word' id='word_1_156' title='bbox 2974 899 3218 971; x_wconf 86' lang='lat' dir='ltr'><strong>Denique</strong></span> <span class='ocrx_word' id='word_1_157' title='bbox 3247 903 3588 957; x_wconf 85' lang='lat' dir='ltr'><strong>observanda</strong></span> 
     </span>
    </p>
   </div>
   <div class='ocr_carea' id='block_1_23' title="bbox 2008 991 3586 1062">
    <p class='ocr_par' dir='ltr' id='par_1_23' title="bbox 2008 991 3586 1062">
     <span class='ocr_line' id='line_1_23' title="bbox 2008 991 3586 1062; baseline 0.004 -19"><span class='ocrx_word' id='word_1_158' title='bbox 2008 998 2095 1044; x_wconf 89' lang='lat' dir='ltr'><strong>est</strong></span> <span class='ocrx_word' id='word_1_159' title='bbox 2135 999 2481 1045; x_wconf 87' lang='lat' dir='ltr'><strong>mortuorum</strong></span> <span class='ocrx_word' id='word_1_160' title='bbox 2535 991 2874 1055; x_wconf 82' lang='lat' dir='ltr'><strong>diﬂ&#39;erentia;</strong></span> <span class='ocrx_word' id='word_1_161' title='bbox 2919 1007 3158 1062; x_wconf 82' lang='lat' dir='ltr'><strong>namque</strong></span> <span class='ocrx_word' id='word_1_162' title='bbox 3207 995 3299 1047; x_wconf 86' lang='lat' dir='ltr'><strong>alii</strong></span> <span class='ocrx_word' id='word_1_163' title='bbox 3342 997 3586 1050; x_wconf 86' lang='lat' dir='ltr'><strong>nomium</strong></span> 
     </span>
    </p>
   </div>
   <div class='ocr_carea' id='block_1_24' title="bbox 2007 1081 3590 1147">
    <p class='ocr_par' dir='ltr' id='par_1_24' title="bbox 2007 1081 3590 1147">
     <span class='ocr_line' id='line_1_24' title="bbox 2007 1081 3590 1147; baseline 0.005 -12"><span class='ocrx_word' id='word_1_164' title='bbox 2007 1081 2172 1136; x_wconf 85' lang='lat' dir='ltr'><strong>domo</strong></span> <span class='ocrx_word' id='word_1_165' title='bbox 2225 1084 2356 1137; x_wconf 86' lang='lat' dir='ltr'><strong>elati</strong></span> <span class='ocrx_word' id='word_1_166' title='bbox 2427 1082 2666 1147; x_wconf 78' lang='lat' dir='ltr'><strong>fuerant,</strong></span> <span class='ocrx_word' id='word_1_167' title='bbox 2725 1092 2784 1137; x_wconf 90' lang='lat' dir='ltr'><strong>ut</strong></span> <span class='ocrx_word' id='word_1_168' title='bbox 2847 1083 2980 1138; x_wconf 82' lang='lat' dir='ltr'><strong>Jairi</strong></span> <span class='ocrx_word' id='word_1_169' title='bbox 3044 1086 3324 1141; x_wconf 81' lang='lat' dir='ltr'><strong>filiazalii</strong></span> <span class='ocrx_word' id='word_1_170' title='bbox 3380 1089 3446 1142; x_wconf 86' lang='lat' dir='ltr'><strong>ad</strong></span> <span class='ocrx_word' id='word_1_171' title='bbox 3500 1106 3590 1145; x_wconf 81' lang='lat' dir='ltr'><strong>se-</strong></span> 
     </span>
    </p>
   </div>
   <div class='ocr_carea' id='block_1_25' title="bbox 2010 1174 3590 1255">
    <p class='ocr_par' dir='ltr' id='par_1_25' title="bbox 2010 1174 3590 1255">
     <span class='ocr_line' id='line_1_25' title="bbox 2010 1174 3590 1255; baseline 0.006 -29"><span class='ocrx_word' id='word_1_172' title='bbox 2010 1174 2259 1243; x_wconf 86' lang='lat' dir='ltr'><strong>pulcrum</strong></span> <span class='ocrx_word' id='word_1_173' title='bbox 2288 1176 2402 1244; x_wconf 85' lang='lat' dir='ltr'><strong>jam</strong></span> <span class='ocrx_word' id='word_1_174' title='bbox 2436 1177 2819 1245; x_wconf 78' lang='lat' dir='ltr'><strong>portabantur,</strong></span> <span class='ocrx_word' id='word_1_175' title='bbox 2850 1185 2907 1229; x_wconf 93' lang='lat' dir='ltr'><strong>ut</strong></span> <span class='ocrx_word' id='word_1_176' title='bbox 2941 1177 3085 1232; x_wconf 89' lang='lat' dir='ltr'><strong>filius</strong></span> <span class='ocrx_word' id='word_1_177' title='bbox 3118 1178 3295 1234; x_wconf 76' lang='lat' dir='ltr'><strong>vidua:</strong></span> <span class='ocrx_word' id='word_1_178' title='bbox 3326 1199 3338 1233; x_wconf 87' lang='lat'>:</span> <span class='ocrx_word' id='word_1_179' title='bbox 3372 1181 3465 1255; x_wconf 70' lang='lat' dir='ltr'><strong>alii</strong></span> <span class='ocrx_word' id='word_1_180' title='bbox 3495 1181 3590 1235; x_wconf 84' lang='lat' dir='ltr'><strong>dc-</strong></span> 
     </span>
    </p>
   </div>
   <div class='ocr_carea' id='block_1_26' title="bbox 2007 1259 3588 1339">
    <p class='ocr_par' dir='ltr' id='par_1_26' title="bbox 2007 1259 3588 1339">
     <span class='ocr_line' id='line_1_26' title="bbox 2007 1259 3588 1339; baseline 0.008 -24"><span class='ocrx_word' id='word_1_181' title='bbox 2007 1262 2174 1332; x_wconf 87' lang='lat' dir='ltr'><strong>nique</strong></span> <span class='ocrx_word' id='word_1_182' title='bbox 2211 1265 2324 1333; x_wconf 86' lang='lat' dir='ltr'><strong>jam</strong></span> <span class='ocrx_word' id='word_1_183' title='bbox 2361 1265 2415 1317; x_wconf 92' lang='lat' dir='ltr'><strong>in</strong></span> <span class='ocrx_word' id='word_1_184' title='bbox 2458 1274 2819 1320; x_wconf 89' lang='lat' dir='ltr'><strong>monumento</strong></span> <span class='ocrx_word' id='word_1_185' title='bbox 2854 1259 3130 1337; x_wconf 78' lang='lat' dir='ltr'><strong>jacebant.</strong></span> <span class='ocrx_word' id='word_1_186' title='bbox 3168 1280 3221 1323; x_wconf 92' lang='lat' dir='ltr'><strong>et</strong></span> <span class='ocrx_word' id='word_1_187' title='bbox 3252 1272 3470 1339; x_wconf 85' lang='lat' dir='ltr'><strong>quidem</strong></span> <span class='ocrx_word' id='word_1_188' title='bbox 3504 1281 3588 1327; x_wconf 86' lang='lat' dir='ltr'><strong>ta-</strong></span> 
     </span>
    </p>
   </div>
   <div class='ocr_carea' id='block_1_27' title="bbox 2006 1350 3586 1432">
    <p class='ocr_par' dir='ltr' id='par_1_27' title="bbox 2006 1350 3586 1432">
     <span class='ocr_line' id='line_1_27' title="bbox 2006 1350 3586 1432; baseline 0.009 -26"><span class='ocrx_word' id='word_1_189' title='bbox 2006 1350 2312 1414; x_wconf 80' lang='lat' dir='ltr'><strong>beseentes.</strong></span> <span class='ocrx_word' id='word_1_190' title='bbox 2339 1351 2444 1408; x_wconf 89' lang='lat' dir='ltr'><strong>Sed</strong></span> <span class='ocrx_word' id='word_1_191' title='bbox 2478 1354 2815 1412; x_wconf 83' lang='lat' dir='ltr'><strong>infeliciores</strong></span> <span class='ocrx_word' id='word_1_192' title='bbox 2861 1362 3071 1415; x_wconf 67' lang='lat' dir='ltr'><strong>caneris</strong></span> <span class='ocrx_word' id='word_1_193' title='bbox 3104 1373 3257 1426; x_wconf 88' lang='lat' dir='ltr'><strong>sunt,</strong></span> <span class='ocrx_word' id='word_1_194' title='bbox 3286 1366 3378 1432; x_wconf 81' lang='lat' dir='ltr'><strong>qui</strong></span> <span class='ocrx_word' id='word_1_195' title='bbox 3412 1366 3503 1420; x_wconf 87' lang='lat' dir='ltr'><strong>diu</strong></span> <span class='ocrx_word' id='word_1_196' title='bbox 3529 1367 3586 1421; x_wconf 89' lang='lat' dir='ltr'><strong>in</strong></span> 
     </span>
    </p>
   </div>
   <div class='ocr_carea' id='block_1_28' title="bbox 2004 1443 2799 1518">
    <p class='ocr_par' dir='ltr' id='par_1_28' title="bbox 2004 1443 2799 1518">
     <span class='ocr_line' id='line_1_28' title="bbox 2004 1443 2799 1518; baseline 0.005 -21"><span class='ocrx_word' id='word_1_197' title='bbox 2004 1443 2277 1512; x_wconf 81' lang='lat' dir='ltr'><strong>sepulcris</strong></span> <span class='ocrx_word' id='word_1_198' title='bbox 2307 1444 2671 1513; x_wconf 85' lang='lat' dir='ltr'><strong>demorantur</strong></span> <span class='ocrx_word' id='word_1_199' title='bbox 2699 1447 2799 1518; x_wconf 62' lang='grc' dir='ltr'><strong>(ἓ).</strong></span> 
     </span>
    </p>
   </div>
   <div class='ocr_carea' id='block_1_29' title="bbox 2074 1534 3273 1614">
    <p class='ocr_par' dir='ltr' id='par_1_29' title="bbox 2074 1534 3273 1614">
     <span class='ocr_line' id='line_1_29' title="bbox 2074 1534 3273 1614; baseline 0.008 -26"><span class='ocrx_word' id='word_1_200' title='bbox 2074 1534 2168 1599; x_wconf 74' lang='lat' dir='ltr'><strong>XI,</strong></span> <span class='ocrx_word' id='word_1_201' title='bbox 2213 1537 2302 1591; x_wconf 71' lang='grc' dir='ltr'><strong>ιι.</strong></span> <span class='ocrx_word' id='word_1_202' title='bbox 2340 1534 2533 1592; x_wconf 80' lang='lat' dir='ltr'><strong>Facies</strong></span> <span class='ocrx_word' id='word_1_203' title='bbox 2562 1540 2675 1608; x_wconf 76' lang='lat' dir='ltr'><strong>ejus</strong></span> <span class='ocrx_word' id='word_1_204' title='bbox 2699 1541 2916 1596; x_wconf 80' lang='lat' dir='ltr'><strong>sudario</strong></span> <span class='ocrx_word' id='word_1_205' title='bbox 2946 1553 3060 1596; x_wconf 84' lang='lat' dir='ltr'><strong>erat</strong></span> <span class='ocrx_word' id='word_1_206' title='bbox 3091 1545 3273 1614; x_wconf 85' lang='lat' dir='ltr'><strong>ligata.</strong></span> 
     </span>
    </p>
   </div>
   <div class='ocr_carea' id='block_1_30' title="bbox 2076 1628 3581 1706">
    <p class='ocr_par' dir='ltr' id='par_1_30' title="bbox 2076 1628 3581 1706">
     <span class='ocr_line' id='line_1_30' title="bbox 2076 1628 3581 1706; baseline 0.007 -25"><span class='ocrx_word' id='word_1_207' title='bbox 2076 1628 2131 1681; x_wconf 87' lang='lat' dir='ltr'><strong>lu</strong></span> <span class='ocrx_word' id='word_1_208' title='bbox 2178 1640 2464 1699; x_wconf 84' lang='lat' dir='ltr'><strong>peccatum</strong></span> <span class='ocrx_word' id='word_1_209' title='bbox 2514 1631 2672 1701; x_wconf 87' lang='lat' dir='ltr'><strong>lapsi,</strong></span> <span class='ocrx_word' id='word_1_210' title='bbox 2707 1632 2950 1690; x_wconf 80' lang='lat' dir='ltr'><strong>dedecus</strong></span> <span class='ocrx_word' id='word_1_211' title='bbox 3025 1637 3154 1691; x_wconf 89' lang='lat' dir='ltr'><strong>inde</strong></span> <span class='ocrx_word' id='word_1_212' title='bbox 3204 1647 3581 1706; x_wconf 89' lang='lat' dir='ltr'><strong>contractum,</strong></span> 
     </span>
    </p>
   </div>
   <div class='ocr_carea' id='block_1_31' title="bbox 2002 1721 3584 1792">
    <p class='ocr_par' dir='ltr' id='par_1_31' title="bbox 2002 1721 3584 1792">
     <span class='ocr_line' id='line_1_31' title="bbox 2002 1721 3584 1792; baseline 0.009 -19"><span class='ocrx_word' id='word_1_213' title='bbox 2002 1721 2172 1775; x_wconf 77' lang='lat' dir='ltr'><strong>veluti</strong></span> <span class='ocrx_word' id='word_1_214' title='bbox 2206 1723 2483 1792; x_wconf 80' lang='lat' dir='ltr'><strong>quoddam</strong></span> <span class='ocrx_word' id='word_1_215' title='bbox 2510 1726 2780 1789; x_wconf 82' lang='lat' dir='ltr'><strong>velamen,</strong></span> <span class='ocrx_word' id='word_1_216' title='bbox 2819 1728 3017 1783; x_wconf 66' lang='lat' dir='ltr'><strong>anima:</strong></span> <span class='ocrx_word' id='word_1_217' title='bbox 3053 1740 3254 1786; x_wconf 64' lang='lat' dir='ltr'><strong>nostrte</strong></span> <span class='ocrx_word' id='word_1_218' title='bbox 3290 1732 3446 1789; x_wconf 90' lang='lat' dir='ltr'><strong>faciei</strong></span> <span class='ocrx_word' id='word_1_219' title='bbox 3473 1735 3584 1790; x_wconf 88' lang='lat' dir='ltr'><strong>cir-</strong></span> 
     </span>
    </p>
   </div>
   <div class='ocr_carea' id='block_1_32' title="bbox 2004 1815 3578 1887">
    <p class='ocr_par' dir='ltr' id='par_1_32' title="bbox 2004 1815 3578 1887">
     <span class='ocr_line' id='line_1_32' title="bbox 2004 1815 3578 1887; baseline 0.011 -22"><span class='ocrx_word' id='word_1_220' title='bbox 2004 1815 2446 1885; x_wconf 89' lang='lat' dir='ltr'><strong>cumposuimus,</strong></span> <span class='ocrx_word' id='word_1_221' title='bbox 2493 1823 2547 1869; x_wconf 86' lang='lat' dir='ltr'><strong>et</strong></span> <span class='ocrx_word' id='word_1_222' title='bbox 2598 1817 2791 1871; x_wconf 86' lang='lat' dir='ltr'><strong>mortis</strong></span> <span class='ocrx_word' id='word_1_223' title='bbox 2850 1818 3065 1887; x_wconf 87' lang='lat' dir='ltr'><strong>laqueis</strong></span> <span class='ocrx_word' id='word_1_224' title='bbox 3119 1822 3314 1875; x_wconf 89' lang='lat' dir='ltr'><strong>irretiti</strong></span> <span class='ocrx_word' id='word_1_225' title='bbox 3367 1841 3578 1882; x_wconf 86' lang='lat' dir='ltr'><strong>sumus.</strong></span> 
     </span>
    </p>
   </div>
   <div class='ocr_carea' id='block_1_33' title="bbox 290 1903 1885 1982">
    <p class='ocr_par' dir='ltr' id='par_1_33' title="bbox 290 1907 1885 1982">
     <span class='ocr_line' id='line_1_33' title="bbox 290 1907 1885 1982; baseline -0.006 -18"><span class='ocrx_word' id='word_1_226' title='bbox 290 1911 540 1982; x_wconf 69' lang='grc' dir='ltr'>βρόχοις.</span> <span class='ocrx_word' id='word_1_227' title='bbox 598 1912 769 1963; x_wconf 82' lang='grc' dir='ltr'>Ὅταν</span> <span class='ocrx_word' id='word_1_228' title='bbox 799 1907 892 1963; x_wconf 73' lang='grc' dir='ltr'>οὖν</span> <span class='ocrx_word' id='word_1_229' title='bbox 938 1911 1088 1980; x_wconf 71' lang='grc' dir='ltr'>ἡμᾶς</span> <span class='ocrx_word' id='word_1_230' title='bbox 1146 1909 1286 1961; x_wconf 83' lang='grc' dir='ltr'>κατὰ</span> <span class='ocrx_word' id='word_1_231' title='bbox 1314 1908 1403 1961; x_wconf 73' lang='grc' dir='ltr'><strong>τὸν</strong></span> <span class='ocrx_word' id='word_1_232' title='bbox 1430 1911 1528 1975; x_wconf 82' lang='grc' dir='ltr'>τῆς</span> <span class='ocrx_word' id='word_1_233' title='bbox 1559 1908 1885 1960; x_wconf 82' lang='grc' dir='ltr'>ἁναστόισεω.</span> 
     </span>
    </p>
   </div>
   <div class='ocr_carea' id='block_1_34' title="bbox 1991 1903 3581 1982">
    <p class='ocr_par' dir='ltr' id='par_1_34' title="bbox 2008 1904 3581 1978">
     <span class='ocr_line' id='line_1_34' title="bbox 2008 1904 3581 1978; baseline 0.007 -22"><span class='ocrx_word' id='word_1_234' title='bbox 2008 1904 2144 1957; x_wconf 89' lang='lat' dir='ltr'><strong>Cum</strong></span> <span class='ocrx_word' id='word_1_235' title='bbox 2185 1905 2354 1975; x_wconf 82' lang='lat' dir='ltr'><strong>igitur</strong></span> <span class='ocrx_word' id='word_1_236' title='bbox 2390 1922 2489 1961; x_wconf 92' lang='lat' dir='ltr'><strong>nos</strong></span> <span class='ocrx_word' id='word_1_237' title='bbox 2525 1907 2674 1961; x_wconf 89' lang='lat' dir='ltr'><strong>circa</strong></span> <span class='ocrx_word' id='word_1_238' title='bbox 2710 1917 2928 1978; x_wconf 83' lang='lat' dir='ltr'><strong>tempus</strong></span> <span class='ocrx_word' id='word_1_239' title='bbox 2960 1914 3387 1969; x_wconf 83' lang='lat' dir='ltr'><strong>resurrectionis</strong></span> <span class='ocrx_word' id='word_1_240' title='bbox 3414 1932 3443 1970; x_wconf 88' lang='lat' dir='ltr'><strong>e</strong></span> <span class='ocrx_word' id='word_1_241' title='bbox 3466 1932 3581 1970; x_wconf 85' lang='lat' dir='ltr'><strong>mn-</strong></span> 
     </span>
    </p>
   </div>
   <div class='ocr_carea' id='block_1_35' title="bbox 286 2001 1890 2074">
    <p class='ocr_par' dir='ltr' id='par_1_35' title="bbox 286 2001 1890 2074">
     <span class='ocr_line' id='line_1_35' title="bbox 286 2001 1890 2074; baseline -0.004 -15"><span class='ocrx_word' id='word_1_242' title='bbox 286 2006 488 2074; x_wconf 72' lang='grc' dir='ltr'>καιρὸν</span> <span class='ocrx_word' id='word_1_243' title='bbox 532 2003 643 2056; x_wconf 73' lang='grc' dir='ltr'><strong>τῶν</strong></span> <span class='ocrx_word' id='word_1_244' title='bbox 683 2005 792 2058; x_wconf 77' lang='grc' dir='ltr'>ἀπὸ</span> <span class='ocrx_word' id='word_1_245' title='bbox 835 2004 938 2073; x_wconf 79' lang='grc' dir='ltr'>γῆς</span> <span class='ocrx_word' id='word_1_246' title='bbox 988 2003 1291 2073; x_wconf 73' lang='grc' dir='ltr'>μνημάτων</span> <span class='ocrx_word' id='word_1_247' title='bbox 1335 2001 1530 2067; x_wconf 74' lang='grc' dir='ltr'>ἐξοίσει</span> <span class='ocrx_word' id='word_1_248' title='bbox 1579 2004 1607 2053; x_wconf 87' lang='grc' dir='ltr'>ὁ</span> <span class='ocrx_word' id='word_1_249' title='bbox 1637 2002 1890 2072; x_wconf 75' lang='grc' dir='ltr'>Χριστὸς,</span> 
     </span>
    </p>
   </div>
   <div class='ocr_carea' id='block_1_36' title="bbox 281 2090 1894 2164">
    <p class='ocr_par' dir='ltr' id='par_1_36' title="bbox 281 2090 1894 2164">
     <span class='ocr_line' id='line_1_36' title="bbox 281 2090 1894 2164; baseline -0.003 -18"><span class='ocrx_word' id='word_1_250' title='bbox 281 2094 413 2146; x_wconf 78' lang='grc' dir='ltr'>τότε</span> <span class='ocrx_word' id='word_1_251' title='bbox 438 2094 530 2164; x_wconf 88' lang='grc' dir='ltr'>δὴ,</span> <span class='ocrx_word' id='word_1_252' title='bbox 559 2094 705 2157; x_wconf 78' lang='grc' dir='ltr'>τότε,</span> <span class='ocrx_word' id='word_1_253' title='bbox 736 2092 843 2145; x_wconf 82' lang='grc' dir='ltr'><strong>τῶν</strong></span> <span class='ocrx_word' id='word_1_254' title='bbox 872 2096 931 2145; x_wconf 80' lang='grc' dir='ltr'><strong>ἐν</strong></span> <span class='ocrx_word' id='word_1_255' title='bbox 965 2094 1104 2163; x_wconf 81' lang='grc' dir='ltr'>ἀρχῇ</span> <span class='ocrx_word' id='word_1_256' title='bbox 1135 2091 1416 2153; x_wconf 77' lang='grc' dir='ltr'>ἀπολύσας</span> <span class='ocrx_word' id='word_1_257' title='bbox 1450 2090 1655 2156; x_wconf 80' lang='grc' dir='ltr'>κακῶν,</span> <span class='ocrx_word' id='word_1_258' title='bbox 1688 2091 1782 2142; x_wconf 71' lang='grc' dir='ltr'><strong>καὶ</strong></span> <span class='ocrx_word' id='word_1_259' title='bbox 1802 2107 1894 2142; x_wconf 87' lang='grc' dir='ltr'>πε-</span> 
     </span>
    </p>
   </div>
   <div class='ocr_carea' id='block_1_37' title="bbox 284 2182 1892 2256">
    <p class='ocr_par' dir='ltr' id='par_1_37' title="bbox 284 2182 1892 2256">
     <span class='ocr_line' id='line_1_37' title="bbox 284 2182 1892 2256; baseline -0.001 -19"><span class='ocrx_word' id='word_1_260' title='bbox 284 2184 531 2256; x_wconf 84' lang='grc' dir='ltr'>ριαιρῶν</span> <span class='ocrx_word' id='word_1_261' title='bbox 547 2184 755 2254; x_wconf 83' lang='grc' dir='ltr'>τρόπον</span> <span class='ocrx_word' id='word_1_262' title='bbox 774 2183 896 2237; x_wconf 81' lang='grc' dir='ltr'>τινὰ</span> <span class='ocrx_word' id='word_1_263' title='bbox 916 2183 1015 2254; x_wconf 82' lang='grc' dir='ltr'>τῆς</span> <span class='ocrx_word' id='word_1_264' title='bbox 1038 2182 1298 2253; x_wconf 78' lang='grc' dir='ltr'>αἰσχύνης</span> <span class='ocrx_word' id='word_1_265' title='bbox 1319 2182 1378 2234; x_wconf 79' lang='grc' dir='ltr'><strong>τὸ</strong></span> <span class='ocrx_word' id='word_1_266' title='bbox 1404 2182 1686 2252; x_wconf 80' lang='grc' dir='ltr'>κάλυμμα,</span> <span class='ocrx_word' id='word_1_267' title='bbox 1707 2182 1892 2235; x_wconf 84' lang='grc' dir='ltr'>λοιπὸν</span> 
     </span>
    </p>
   </div>
   <div class='ocr_carea' id='block_1_38' title="bbox 279 2273 1893 2346">
    <p class='ocr_par' dir='ltr' id='par_1_38' title="bbox 279 2273 1893 2346">
     <span class='ocr_line' id='line_1_38' title="bbox 279 2273 1893 2346; baseline -0.002 -19"><span class='ocrx_word' id='word_1_268' title='bbox 279 2274 599 2346; x_wconf 80' lang='grc' dir='ltr'>ἐλευθέρως</span> <span class='ocrx_word' id='word_1_269' title='bbox 627 2274 874 2328; x_wconf 83' lang='grc' dir='ltr'>ἀνεῖσθαι</span> <span class='ocrx_word' id='word_1_270' title='bbox 901 2274 1114 2327; x_wconf 76' lang='grc' dir='ltr'>κελεύει</span> <span class='ocrx_word' id='word_1_271' title='bbox 1136 2315 1150 2339; x_wconf 95' lang='grc'><strong>,</strong></span> <span class='ocrx_word' id='word_1_272' title='bbox 1192 2274 1289 2343; x_wconf 77' lang='grc' dir='ltr'>οὐχ</span> <span class='ocrx_word' id='word_1_273' title='bbox 1320 2273 1563 2344; x_wconf 79' lang='grc' dir='ltr'>ἁμαρτίᾳ</span> <span class='ocrx_word' id='word_1_274' title='bbox 1596 2288 1893 2343; x_wconf 81' lang='grc' dir='ltr'>τυραννου-</span> 
     </span>
    </p>
   </div>
   <div class='ocr_carea' id='block_1_39' title="bbox 283 2363 1892 2437">
    <p class='ocr_par' dir='ltr' id='par_1_39' title="bbox 283 2363 1892 2437">
     <span class='ocr_line' id='line_1_39' title="bbox 283 2363 1892 2437; baseline -0.003 -18"><span class='ocrx_word' id='word_1_275' title='bbox 283 2367 524 2436; x_wconf 76' lang='grc' dir='ltr'>μένους,</span> <span class='ocrx_word' id='word_1_276' title='bbox 567 2368 667 2437; x_wconf 86' lang='grc' dir='ltr'><strong>ούχ</strong></span> <span class='ocrx_word' id='word_1_277' title='bbox 714 2365 1114 2436; x_wconf 77' lang='grc' dir='ltr'>ὑποκειμένους</span> <span class='ocrx_word' id='word_1_278' title='bbox 1141 2369 1209 2436; x_wconf 79' lang='grc' dir='ltr'>τῇ</span> <span class='ocrx_word' id='word_1_279' title='bbox 1245 2366 1454 2435; x_wconf 81' lang='grc' dir='ltr'>φθορᾷ,</span> <span class='ocrx_word' id='word_1_280' title='bbox 1484 2365 1516 2435; x_wconf 84' lang='grc' dir='ltr'>ἢ</span> <span class='ocrx_word' id='word_1_281' title='bbox 1547 2363 1751 2434; x_wconf 77' lang='grc' dir='ltr'>ἑτέροις</span> <span class='ocrx_word' id='word_1_282' title='bbox 1781 2363 1892 2415; x_wconf 76' lang='grc' dir='ltr'>τισὶ</span> 
     </span>
    </p>
   </div>
   <div class='ocr_carea' id='block_1_40' title="bbox 278 2454 1891 2529">
    <p class='ocr_par' dir='ltr' id='par_1_40' title="bbox 278 2454 1891 2529">
     <span class='ocr_line' id='line_1_40' title="bbox 278 2454 1891 2529; baseline -0.002 -19"><span class='ocrx_word' id='word_1_283' title='bbox 278 2459 509 2512; x_wconf 76' lang='grc' dir='ltr'>εἰωθόσι</span> <span class='ocrx_word' id='word_1_284' title='bbox 554 2456 796 2521; x_wconf 80' lang='grc' dir='ltr'>κακοῦν,</span> <span class='ocrx_word' id='word_1_285' title='bbox 847 2457 923 2522; x_wconf 86' lang='grc' dir='ltr'>ὡς</span> <span class='ocrx_word' id='word_1_286' title='bbox 952 2457 1291 2529; x_wconf 86' lang='grc' dir='ltr'>πληροῦσθαι</span> <span class='ocrx_word' id='word_1_287' title='bbox 1333 2458 1391 2510; x_wconf 81' lang='grc' dir='ltr'>ὲν</span> <span class='ocrx_word' id='word_1_288' title='bbox 1425 2459 1559 2528; x_wconf 81' lang='grc' dir='ltr'>ἡμῖν</span> <span class='ocrx_word' id='word_1_289' title='bbox 1588 2455 1648 2509; x_wconf 86' lang='grc' dir='ltr'><strong>τὸ</strong></span> <span class='ocrx_word' id='word_1_290' title='bbox 1674 2455 1741 2507; x_wconf 88' lang='grc' dir='ltr'>δι’</span> <span class='ocrx_word' id='word_1_291' title='bbox 1772 2454 1891 2518; x_wconf 79' lang='grc' dir='ltr'>ἐνὸς</span> 
     </span>
    </p>
   </div>
   <div class='ocr_carea' id='block_1_41' title="bbox 278 2546 1891 2621">
    <p class='ocr_par' dir='ltr' id='par_1_41' title="bbox 278 2546 1891 2621">
     <span class='ocr_line' id='line_1_41' title="bbox 278 2546 1891 2621; baseline -0.002 -18"><span class='ocrx_word' id='word_1_292' title='bbox 278 2552 395 2604; x_wconf 76' lang='grc' dir='ltr'>τῶν</span> <span class='ocrx_word' id='word_1_293' title='bbox 420 2552 602 2618; x_wconf 83' lang='grc' dir='ltr'>ἁγίων</span> <span class='ocrx_word' id='word_1_294' title='bbox 624 2550 924 2621; x_wconf 80' lang='grc' dir='ltr'>προφητῶν</span> <span class='ocrx_word' id='word_1_295' title='bbox 957 2549 1249 2621; x_wconf 79' lang='grc' dir='ltr'>εἰρημένον</span> <span class='ocrx_word' id='word_1_296' title='bbox 1269 2566 1281 2579; x_wconf 88' lang='grc'><strong>·</strong></span> <span class='ocrx_word' id='word_1_297' title='bbox 1304 2568 1325 2600; x_wconf 72' lang='grc' dir='ltr'><strong>ι</strong></span> <span class='ocrx_word' id='word_1_298' title='bbox 1362 2546 1762 2614; x_wconf 78' lang='grc' dir='ltr'>Ἐξελεύσεσθε,</span> <span class='ocrx_word' id='word_1_299' title='bbox 1796 2547 1891 2600; x_wconf 80' lang='grc' dir='ltr'><strong>καὶ</strong></span> 
     </span>
    </p>
   </div>
   <div class='ocr_carea' id='block_1_42' title="bbox 279 2640 1703 2715">
    <p class='ocr_par' dir='ltr' id='par_1_42' title="bbox 279 2640 1703 2715">
     <span class='ocr_line' id='line_1_42' title="bbox 279 2640 1703 2715; baseline -0.001 -19"><span class='ocrx_word' id='word_1_300' title='bbox 279 2645 620 2714; x_wconf 80' lang='grc' dir='ltr'>σκιρτήσετε</span> <span class='ocrx_word' id='word_1_301' title='bbox 641 2644 716 2707; x_wconf 82' lang='grc' dir='ltr'><strong>ὡς</strong></span> <span class='ocrx_word' id='word_1_302' title='bbox 744 2644 1020 2715; x_wconf 86' lang='grc' dir='ltr'>μοσχάρια</span> <span class='ocrx_word' id='word_1_303' title='bbox 1049 2644 1112 2694; x_wconf 82' lang='grc' dir='ltr'><strong>ὲκ</strong></span> <span class='ocrx_word' id='word_1_304' title='bbox 1137 2640 1351 2711; x_wconf 81' lang='grc' dir='ltr'>δεσμῶν</span> <span class='ocrx_word' id='word_1_305' title='bbox 1373 2641 1657 2712; x_wconf 76' lang='grc' dir='ltr'>ἀνειμένα.</span> <span class='ocrx_word' id='word_1_306' title='bbox 1685 2662 1703 2694; x_wconf 70' lang='grc' dir='ltr'><strong>ι</strong></span> 
     </span>
    </p>
   </div>
   <div class='ocr_carea' id='block_1_43' title="bbox 355 2732 1496 2802">
    <p class='ocr_par' dir='ltr' id='par_1_43' title="bbox 355 2732 1496 2802">
     <span class='ocr_line' id='line_1_43' title="bbox 355 2732 1496 2802; baseline -0.002 -14"><span class='ocrx_word' id='word_1_307' title='bbox 355 2735 608 2788; x_wconf 81' lang='grc' dir='ltr'>Λύσατε</span> <span class='ocrx_word' id='word_1_308' title='bbox 642 2733 833 2787; x_wconf 82' lang='grc' dir='ltr'>αὑτὸν</span> <span class='ocrx_word' id='word_1_309' title='bbox 861 2733 959 2786; x_wconf 79' lang='grc' dir='ltr'>καὶ</span> <span class='ocrx_word' id='word_1_310' title='bbox 1002 2733 1185 2801; x_wconf 69' lang='grc' dir='ltr'>ἄφετε</span> <span class='ocrx_word' id='word_1_311' title='bbox 1220 2732 1496 2802; x_wconf 71' lang='grc' dir='ltr'>ὑπάγειν.</span> 
     </span>
    </p>
   </div>
   <div class='ocr_carea' id='block_1_44' title="bbox 352 2818 1890 2893">
    <p class='ocr_par' dir='ltr' id='par_1_44' title="bbox 352 2818 1890 2893">
     <span class='ocr_line' id='line_1_44' title="bbox 352 2818 1890 2893; baseline 0.005 -22"><span class='ocrx_word' id='word_1_312' title='bbox 352 2820 665 2891; x_wconf 79' lang='grc' dir='ltr'>Χρησίμως</span> <span class='ocrx_word' id='word_1_313' title='bbox 692 2818 789 2874; x_wconf 77' lang='grc' dir='ltr'><strong>οὖν</strong></span> <span class='ocrx_word' id='word_1_314' title='bbox 829 2821 919 2874; x_wconf 78' lang='grc' dir='ltr'><strong>διὰ</strong></span> <span class='ocrx_word' id='word_1_315' title='bbox 948 2820 1149 2892; x_wconf 84' lang='grc' dir='ltr'>χειρῶν</span> <span class='ocrx_word' id='word_1_316' title='bbox 1188 2821 1404 2873; x_wconf 78' lang='grc' dir='ltr'>οἰκείων</span> <span class='ocrx_word' id='word_1_317' title='bbox 1452 2822 1751 2893; x_wconf 75' lang='grc' dir='ltr'>ἐπέτρεψεν</span> <span class='ocrx_word' id='word_1_318' title='bbox 1792 2825 1890 2878; x_wconf 76' lang='grc' dir='ltr'>αύο</span> 
     </span>
    </p>
   </div>
   <div class='ocr_carea' id='block_1_45' title="bbox 272 2911 1890 2987">
    <p class='ocr_par' dir='ltr' id='par_1_45' title="bbox 272 2911 1890 2987">
     <span class='ocr_line' id='line_1_45' title="bbox 272 2911 1890 2987; baseline 0.004 -23"><span class='ocrx_word' id='word_1_319' title='bbox 272 2914 400 2974; x_wconf 85' lang='grc' dir='ltr'>τοῖς</span> <span class='ocrx_word' id='word_1_320' title='bbox 431 2911 597 2966; x_wconf 81' lang='grc' dir='ltr'>λῦσαι</span> <span class='ocrx_word' id='word_1_321' title='bbox 626 2914 792 2966; x_wconf 79' lang='grc' dir='ltr'>αὐτὸν</span> <span class='ocrx_word' id='word_1_322' title='bbox 813 2952 829 2977; x_wconf 92' lang='grc'><strong>,</strong></span> <span class='ocrx_word' id='word_1_323' title='bbox 875 2914 963 2966; x_wconf 84' lang='grc' dir='ltr'>ἵνα</span> <span class='ocrx_word' id='word_1_324' title='bbox 1005 2915 1278 2985; x_wconf 82' lang='grc' dir='ltr'>μηδεμίαν</span> <span class='ocrx_word' id='word_1_325' title='bbox 1312 2913 1487 2984; x_wconf 71' lang='grc' dir='ltr'>ἔχοιεν</span> <span class='ocrx_word' id='word_1_326' title='bbox 1525 2918 1890 2987; x_wconf 83' lang='grc' dir='ltr'>συκοφαντίας</span> 
     </span>
    </p>
   </div>
   <div class='ocr_carea' id='block_1_46' title="bbox 271 2998 1889 3077">
    <p class='ocr_par' dir='ltr' id='par_1_46' title="bbox 271 2998 1889 3077">
     <span class='ocr_line' id='line_1_46' title="bbox 271 2998 1889 3077; baseline 0.004 -21"><span class='ocrx_word' id='word_1_327' title='bbox 271 3003 578 3074; x_wconf 76' lang='grc' dir='ltr'>ἀφορμὴν,</span> <span class='ocrx_word' id='word_1_328' title='bbox 628 3005 765 3057; x_wconf 84' lang='grc' dir='ltr'>ἀλλά</span> <span class='ocrx_word' id='word_1_329' title='bbox 821 3006 1098 3076; x_wconf 81' lang='grc' dir='ltr'>μάρτυρες</span> <span class='ocrx_word' id='word_1_330' title='bbox 1139 2998 1259 3058; x_wconf 51' lang='grc' dir='ltr'>ὦσι(</span> <span class='ocrx_word' id='word_1_331' title='bbox 1282 3006 1377 3058; x_wconf 85' lang='grc' dir='ltr'><strong>τοῦ</strong></span> <span class='ocrx_word' id='word_1_332' title='bbox 1426 3005 1723 3077; x_wconf 83' lang='grc' dir='ltr'>θαύματος.</span> <span class='ocrx_word' id='word_1_333' title='bbox 1779 3009 1889 3062; x_wconf 75' lang='grc' dir='ltr'><strong>Καὶ</strong></span> 
     </span>
    </p>
   </div>
   <div class='ocr_carea' id='block_1_47' title="bbox 270 3096 1886 3168">
    <p class='ocr_par' dir='ltr' id='par_1_47' title="bbox 270 3096 1886 3168">
     <span class='ocr_line' id='line_1_47' title="bbox 270 3096 1886 3168; baseline 0.003 -20"><span class='ocrx_word' id='word_1_334' title='bbox 270 3096 443 3149; x_wconf 82' lang='grc' dir='ltr'>τοῦτο</span> <span class='ocrx_word' id='word_1_335' title='bbox 472 3097 529 3148; x_wconf 75' lang='grc' dir='ltr'>δὲ</span> <span class='ocrx_word' id='word_1_336' title='bbox 571 3097 688 3166; x_wconf 78' lang='grc' dir='ltr'>ἔχει</span> <span class='ocrx_word' id='word_1_337' title='bbox 710 3097 912 3167; x_wconf 84' lang='grc' dir='ltr'>δεῖγμα</span> <span class='ocrx_word' id='word_1_338' title='bbox 945 3099 1043 3168; x_wconf 80' lang='grc' dir='ltr'><strong>τῆς</strong></span> <span class='ocrx_word' id='word_1_339' title='bbox 1073 3097 1371 3166; x_wconf 77' lang='grc' dir='ltr'>καθολικῆς</span> <span class='ocrx_word' id='word_1_340' title='bbox 1403 3098 1773 3164; x_wconf 86' lang='grc' dir='ltr'>ἀναστάσεως,</span> <span class='ocrx_word' id='word_1_341' title='bbox 1797 3101 1886 3153; x_wconf 87' lang='grc' dir='ltr'><strong>ὅτε</strong></span> 
     </span>
    </p>
   </div>
   <div class='ocr_carea' id='block_1_48' title="bbox 270 3186 1883 3260">
    <p class='ocr_par' dir='ltr' id='par_1_48' title="bbox 270 3186 1883 3260">
     <span class='ocr_line' id='line_1_48' title="bbox 270 3186 1883 3260; baseline 0.002 -22"><span class='ocrx_word' id='word_1_342' title='bbox 270 3186 556 3256; x_wconf 78' lang='grc' dir='ltr'>λυομένης</span> <span class='ocrx_word' id='word_1_343' title='bbox 580 3187 682 3257; x_wconf 82' lang='grc' dir='ltr'>τῆς</span> <span class='ocrx_word' id='word_1_344' title='bbox 720 3188 999 3258; x_wconf 83' lang='grc' dir='ltr'>ἁμαρτίας</span> <span class='ocrx_word' id='word_1_345' title='bbox 1026 3190 1120 3241; x_wconf 72' lang='grc' dir='ltr'><strong>καὶ</strong></span> <span class='ocrx_word' id='word_1_346' title='bbox 1144 3189 1244 3258; x_wconf 80' lang='grc' dir='ltr'>τῆς</span> <span class='ocrx_word' id='word_1_347' title='bbox 1272 3186 1366 3240; x_wconf 83' lang='grc' dir='ltr'><strong>τοῦ</strong></span> <span class='ocrx_word' id='word_1_348' title='bbox 1397 3186 1630 3240; x_wconf 85' lang='grc' dir='ltr'>θανάτου</span> <span class='ocrx_word' id='word_1_349' title='bbox 1659 3188 1883 3260; x_wconf 82' lang='grc' dir='ltr'>φθορᾶς,</span> 
     </span>
    </p>
   </div>
   <div class='ocr_carea' id='block_1_49' title="bbox 271 3277 1886 3351">
    <p class='ocr_par' dir='ltr' id='par_1_49' title="bbox 271 3277 1886 3351">
     <span class='ocr_line' id='line_1_49' title="bbox 271 3277 1886 3351; baseline 0.001 -19"><span class='ocrx_word' id='word_1_350' title='bbox 271 3277 575 3348; x_wconf 68' lang='grc' dir='ltr'>ἐλεύθερος</span> <span class='ocrx_word' id='word_1_351' title='bbox 615 3279 839 3346; x_wconf 76' lang='grc' dir='ltr'>ἀφίεται</span> <span class='ocrx_word' id='word_1_352' title='bbox 886 3278 1140 3340; x_wconf 72' lang='grc' dir='ltr'>ἕκαστος.</span> <span class='ocrx_word' id='word_1_353' title='bbox 1221 3278 1488 3342; x_wconf 87' lang='grc' dir='ltr'>Πεσόντες</span> <span class='ocrx_word' id='word_1_354' title='bbox 1528 3278 1639 3349; x_wconf 86' lang='grc' dir='ltr'>γὰρ</span> <span class='ocrx_word' id='word_1_355' title='bbox 1691 3278 1766 3351; x_wconf 82' lang='grc'><strong>(1)</strong></span> <span class='ocrx_word' id='word_1_356' title='bbox 1807 3282 1886 3344; x_wconf 84' lang='grc' dir='ltr'><strong>εἰς</strong></span> 
     </span>
    </p>
   </div>
   <div class='ocr_carea' id='block_1_50' title="bbox 272 3370 1888 3444">
    <p class='ocr_par' dir='ltr' id='par_1_50' title="bbox 272 3370 1888 3444">
     <span class='ocr_line' id='line_1_50' title="bbox 272 3370 1888 3444; baseline 0 -19"><span class='ocrx_word' id='word_1_357' title='bbox 272 3371 586 3441; x_wconf 83' lang='grc' dir='ltr'>ἁμαρτίαν,</span> <span class='ocrx_word' id='word_1_358' title='bbox 624 3370 882 3442; x_wconf 77' lang='grc' dir='ltr'>καθάπερ</span> <span class='ocrx_word' id='word_1_359' title='bbox 909 3388 961 3424; x_wconf 88' lang='grc' dir='ltr'><strong>τι</strong></span> <span class='ocrx_word' id='word_1_360' title='bbox 991 3371 1258 3440; x_wconf 83' lang='grc' dir='ltr'>κάλυμμα</span> <span class='ocrx_word' id='word_1_361' title='bbox 1291 3372 1395 3442; x_wconf 84' lang='grc' dir='ltr'>τὴν</span> <span class='ocrx_word' id='word_1_362' title='bbox 1418 3370 1667 3425; x_wconf 77' lang='grc' dir='ltr'>ἐντεῦθεν</span> <span class='ocrx_word' id='word_1_363' title='bbox 1695 3373 1888 3444; x_wconf 88' lang='grc' dir='ltr'>αἰσχύ-</span> 
     </span>
    </p>
   </div>
   <div class='ocr_carea' id='block_1_51' title="bbox 270 3461 1897 3533">
    <p class='ocr_par' dir='ltr' id='par_1_51' title="bbox 270 3461 1897 3533">
     <span class='ocr_line' id='line_1_51' title="bbox 270 3461 1897 3533; baseline 0.004 -21"><span class='ocrx_word' id='word_1_364' title='bbox 270 3478 379 3530; x_wconf 82' lang='grc' dir='ltr'><strong>νην</strong></span> <span class='ocrx_word' id='word_1_365' title='bbox 420 3461 506 3532; x_wconf 81' lang='grc' dir='ltr'>τῷ</span> <span class='ocrx_word' id='word_1_366' title='bbox 549 3462 653 3531; x_wconf 81' lang='grc' dir='ltr'>τῆς</span> <span class='ocrx_word' id='word_1_367' title='bbox 696 3461 877 3532; x_wconf 74' lang='grc' dir='ltr'>ψυχῆς</span> <span class='ocrx_word' id='word_1_368' title='bbox 932 3461 1212 3531; x_wconf 81' lang='grc' dir='ltr'>προσώπῳ</span> <span class='ocrx_word' id='word_1_369' title='bbox 1258 3462 1749 3533; x_wconf 86' lang='grc' dir='ltr'>περιτεθείκαμεν,</span> <span class='ocrx_word' id='word_1_370' title='bbox 1792 3466 1897 3530; x_wconf 56' lang='grc' dir='ltr'>καὶ,</span> 
     </span>
    </p>
   </div>
   <div class='ocr_carea' id='block_1_52' title="bbox 268 3552 1885 3625">
    <p class='ocr_par' dir='ltr' id='par_1_52' title="bbox 268 3552 1885 3625">
     <span class='ocr_line' id='line_1_52' title="bbox 268 3552 1885 3625; baseline 0.004 -21"><span class='ocrx_word' id='word_1_371' title='bbox 268 3554 392 3615; x_wconf 80' lang='grc' dir='ltr'>τοῖς</span> <span class='ocrx_word' id='word_1_372' title='bbox 425 3552 528 3605; x_wconf 90' lang='grc' dir='ltr'><strong>τοῦ</strong></span> <span class='ocrx_word' id='word_1_373' title='bbox 568 3552 802 3606; x_wconf 81' lang='grc' dir='ltr'>θανάτου</span> <span class='ocrx_word' id='word_1_374' title='bbox 850 3552 1377 3624; x_wconf 84' lang='grc' dir='ltr'>καταδεσμεύθημεν</span> <span class='ocrx_word' id='word_1_375' title='bbox 1427 3554 1662 3625; x_wconf 86' lang='grc' dir='ltr'>βρόχοις.</span> <span class='ocrx_word' id='word_1_376' title='bbox 1718 3556 1885 3610; x_wconf 83' lang='grc' dir='ltr'>Ὅταν</span> 
     </span>
    </p>
   </div>
   <div class='ocr_carea' id='block_1_53' title="bbox 268 3637 1885 3714">
    <p class='ocr_par' dir='ltr' id='par_1_53' title="bbox 268 3637 1885 3714">
     <span class='ocr_line' id='line_1_53' title="bbox 268 3637 1885 3714; baseline 0.004 -21"><span class='ocrx_word' id='word_1_377' title='bbox 268 3637 373 3694; x_wconf 77' lang='grc' dir='ltr'><strong>οὖν</strong></span> <span class='ocrx_word' id='word_1_378' title='bbox 404 3644 561 3712; x_wconf 76' lang='grc' dir='ltr'>ἡμᾶς</span> <span class='ocrx_word' id='word_1_379' title='bbox 602 3642 745 3695; x_wconf 77' lang='grc' dir='ltr'>κατὰ</span> <span class='ocrx_word' id='word_1_380' title='bbox 774 3643 864 3695; x_wconf 84' lang='grc' dir='ltr'><strong>τὸν</strong></span> <span class='ocrx_word' id='word_1_381' title='bbox 896 3643 997 3714; x_wconf 75' lang='grc' dir='ltr'>τῆς</span> <span class='ocrx_word' id='word_1_382' title='bbox 1027 3643 1380 3708; x_wconf 77' lang='grc' dir='ltr'>ἀναστάσεως</span> <span class='ocrx_word' id='word_1_383' title='bbox 1411 3643 1604 3714; x_wconf 86' lang='grc' dir='ltr'>καιρόν</span> <span class='ocrx_word' id='word_1_384' title='bbox 1639 3644 1748 3697; x_wconf 83' lang='grc' dir='ltr'><strong>τῶν</strong></span> <span class='ocrx_word' id='word_1_385' title='bbox 1777 3647 1885 3700; x_wconf 84' lang='grc' dir='ltr'>ἀπὸ</span> 
     </span>
    </p>
   </div>
   <div class='ocr_carea' id='block_1_54' title="bbox 268 3735 1883 3809">
    <p class='ocr_par' dir='ltr' id='par_1_54' title="bbox 268 3735 1883 3809">
     <span class='ocr_line' id='line_1_54' title="bbox 268 3735 1883 3809; baseline 0.003 -22"><span class='ocrx_word' id='word_1_386' title='bbox 268 3736 386 3806; x_wconf 75' lang='grc' dir='ltr'>γῆς</span> <span class='ocrx_word' id='word_1_387' title='bbox 416 3737 726 3806; x_wconf 82' lang='grc' dir='ltr'>μνημάτων</span> <span class='ocrx_word' id='word_1_388' title='bbox 744 3735 930 3807; x_wconf 83' lang='grc' dir='ltr'>ἐξοίσῃ</span> <span class='ocrx_word' id='word_1_389' title='bbox 956 3735 1216 3806; x_wconf 82' lang='grc' dir='ltr'>Χριστὸς,</span> <span class='ocrx_word' id='word_1_390' title='bbox 1234 3736 1354 3789; x_wconf 88' lang='grc' dir='ltr'>τότε</span> <span class='ocrx_word' id='word_1_391' title='bbox 1387 3738 1482 3789; x_wconf 75' lang='grc' dir='ltr'><strong>καὶ</strong></span> <span class='ocrx_word' id='word_1_392' title='bbox 1507 3736 1616 3789; x_wconf 78' lang='grc' dir='ltr'>τῶν</span> <span class='ocrx_word' id='word_1_393' title='bbox 1639 3739 1883 3809; x_wconf 81' lang='grc' dir='ltr'>ἀρχαίων</span> 
     </span>
    </p>
   </div>
   <div class='ocr_carea' id='block_1_55' title="bbox 268 3821 1885 3899">
    <p class='ocr_par' dir='ltr' id='par_1_55' title="bbox 268 3821 1885 3899">
     <span class='ocr_line' id='line_1_55' title="bbox 268 3821 1885 3899; baseline 0.004 -24"><span class='ocrx_word' id='word_1_394' title='bbox 268 3822 567 3886; x_wconf 68' lang='grc' dir='ltr'>ἀπολύσας</span> <span class='ocrx_word' id='word_1_395' title='bbox 622 3821 837 3891; x_wconf 66' lang='grc' dir='ltr'>κακῶν,</span> <span class='ocrx_word' id='word_1_396' title='bbox 900 3824 996 3876; x_wconf 64' lang='grc' dir='ltr'><strong>κοιλ⁸</strong></span> <span class='ocrx_word' id='word_1_397' title='bbox 1047 3823 1315 3893; x_wconf 86' lang='grc' dir='ltr'>περιελὼν</span> <span class='ocrx_word' id='word_1_398' title='bbox 1369 3825 1571 3895; x_wconf 85' lang='grc' dir='ltr'>τρόπον</span> <span class='ocrx_word' id='word_1_399' title='bbox 1617 3827 1741 3880; x_wconf 86' lang='grc' dir='ltr'>τινὰ</span> <span class='ocrx_word' id='word_1_400' title='bbox 1785 3828 1885 3899; x_wconf 82' lang='grc' dir='ltr'>τῆς</span> 
     </span>
    </p>
   </div>
   <div class='ocr_carea' id='block_1_56' title="bbox 267 3914 1882 3988">
    <p class='ocr_par' dir='ltr' id='par_1_56' title="bbox 267 3914 1882 3988">
     <span class='ocr_line' id='line_1_56' title="bbox 267 3914 1882 3988; baseline 0.004 -20"><span class='ocrx_word' id='word_1_401' title='bbox 267 3914 551 3985; x_wconf 76' lang='grc' dir='ltr'>αἰσχύνης</span> <span class='ocrx_word' id='word_1_402' title='bbox 605 3916 666 3968; x_wconf 85' lang='grc' dir='ltr'><strong>τὸ</strong></span> <span class='ocrx_word' id='word_1_403' title='bbox 705 3917 1006 3986; x_wconf 84' lang='grc' dir='ltr'>κάλυμμα,</span> <span class='ocrx_word' id='word_1_404' title='bbox 1056 3916 1241 3971; x_wconf 80' lang='grc' dir='ltr'>λοιπὸν</span> <span class='ocrx_word' id='word_1_405' title='bbox 1297 3918 1600 3988; x_wconf 78' lang='grc' dir='ltr'>ἐλευθέρως</span> <span class='ocrx_word' id='word_1_406' title='bbox 1640 3920 1882 3974; x_wconf 87' lang='grc' dir='ltr'>ἀνεῖσθαι</span> 
     </span>
    </p>
   </div>
   <div class='ocr_carea' id='block_1_57' title="bbox 268 4007 1882 4080">
    <p class='ocr_par' dir='ltr' id='par_1_57' title="bbox 268 4007 1882 4080">
     <span class='ocr_line' id='line_1_57' title="bbox 268 4007 1882 4080; baseline 0.003 -19"><span class='ocrx_word' id='word_1_407' title='bbox 268 4007 560 4071; x_wconf 79' lang='grc' dir='ltr'>κελεύσει,</span> <span class='ocrx_word' id='word_1_408' title='bbox 582 4008 682 4077; x_wconf 81' lang='grc' dir='ltr'>οὐχ</span> <span class='ocrx_word' id='word_1_409' title='bbox 713 4008 1111 4077; x_wconf 79' lang='grc' dir='ltr'>ὑποκειμένους</span> <span class='ocrx_word' id='word_1_410' title='bbox 1135 4011 1201 4079; x_wconf 82' lang='grc' dir='ltr'>τῇ</span> <span class='ocrx_word' id='word_1_411' title='bbox 1221 4010 1400 4080; x_wconf 77' lang='grc' dir='ltr'>φθορᾷ</span> <span class='ocrx_word' id='word_1_412' title='bbox 1417 4010 1510 4063; x_wconf 71' lang='grc' dir='ltr'>καὶ</span> <span class='ocrx_word' id='word_1_413' title='bbox 1532 4013 1642 4074; x_wconf 83' lang='grc' dir='ltr'>τοῖς</span> <span class='ocrx_word' id='word_1_414' title='bbox 1667 4012 1882 4066; x_wconf 86' lang='grc' dir='ltr'>εἰωθόσι</span> 
     </span>
    </p>
   </div>
   <div class='ocr_carea' id='block_1_58' title="bbox 266 4099 1882 4172">
    <p class='ocr_par' dir='ltr' id='par_1_58' title="bbox 266 4099 1882 4172">
     <span class='ocr_line' id='line_1_58' title="bbox 266 4099 1882 4172; baseline 0.002 -19"><span class='ocrx_word' id='word_1_415' title='bbox 266 4103 473 4161; x_wconf 79' lang='grc' dir='ltr'>κακοῖς</span> <span class='ocrx_word' id='word_1_416' title='bbox 509 4116 522 4127; x_wconf 87' lang='grc'><strong>·</strong></span> <span class='ocrx_word' id='word_1_417' title='bbox 564 4101 642 4162; x_wconf 85' lang='grc' dir='ltr'>ὠς</span> <span class='ocrx_word' id='word_1_418' title='bbox 687 4099 1028 4172; x_wconf 83' lang='grc' dir='ltr'>πληροῦσθαι</span> <span class='ocrx_word' id='word_1_419' title='bbox 1075 4102 1133 4154; x_wconf 84' lang='grc' dir='ltr'>ὲν</span> <span class='ocrx_word' id='word_1_420' title='bbox 1160 4103 1314 4171; x_wconf 39' lang='grc' dir='ltr'><strong>νήμῖν</strong></span> <span class='ocrx_word' id='word_1_421' title='bbox 1370 4102 1430 4155; x_wconf 76' lang='grc' dir='ltr'>τὸ</span> <span class='ocrx_word' id='word_1_422' title='bbox 1483 4103 1551 4156; x_wconf 82' lang='grc' dir='ltr'>δι’</span> <span class='ocrx_word' id='word_1_423' title='bbox 1602 4104 1720 4166; x_wconf 78' lang='grc' dir='ltr'>ἑνὸς</span> <span class='ocrx_word' id='word_1_424' title='bbox 1770 4104 1882 4157; x_wconf 81' lang='grc' dir='ltr'>τῶν</span> 
     </span>
    </p>
   </div>
   <div class='ocr_carea' id='block_1_59' title="bbox 268 4190 1882 4266">
    <p class='ocr_par' dir='ltr' id='par_1_59' title="bbox 268 4190 1882 4266">
     <span class='ocr_line' id='line_1_59' title="bbox 268 4190 1882 4266; baseline 0.002 -21"><span class='ocrx_word' id='word_1_425' title='bbox 268 4190 584 4262; x_wconf 55' lang='grc' dir='ltr'>προςεητῶν</span> <span class='ocrx_word' id='word_1_426' title='bbox 608 4192 901 4260; x_wconf 85' lang='grc' dir='ltr'>εἰρημένον</span> <span class='ocrx_word' id='word_1_427' title='bbox 923 4208 936 4221; x_wconf 82' lang='grc'><em>’</em></span> <span class='ocrx_word' id='word_1_428' title='bbox 973 4211 991 4243; x_wconf 78' lang='grc' dir='ltr'><strong>ι</strong></span> <span class='ocrx_word' id='word_1_429' title='bbox 1014 4192 1419 4258; x_wconf 67' lang='grc' dir='ltr'>Ἐξελεύσεσθες</span> <span class='ocrx_word' id='word_1_430' title='bbox 1441 4195 1536 4247; x_wconf 75' lang='grc' dir='ltr'><strong>καὶ</strong></span> <span class='ocrx_word' id='word_1_431' title='bbox 1557 4196 1882 4266; x_wconf 82' lang='grc' dir='ltr'>σκιρτήσετε</span> 
     </span>
    </p>
   </div>
   <div class='ocr_carea' id='block_1_60' title="bbox 270 4280 1864 4356">
    <p class='ocr_par' dir='ltr' id='par_1_60' title="bbox 270 4280 1864 4356">
     <span class='ocr_line' id='line_1_60' title="bbox 270 4280 1864 4356; baseline 0.004 -24"><span class='ocrx_word' id='word_1_432' title='bbox 270 4283 353 4344; x_wconf 82' lang='grc' dir='ltr'>ὡς</span> <span class='ocrx_word' id='word_1_433' title='bbox 391 4284 669 4352; x_wconf 74' lang='grc' dir='ltr'>μοσχάρια</span> <span class='ocrx_word' id='word_1_434' title='bbox 700 4283 763 4335; x_wconf 84' lang='grc' dir='ltr'>ἐκ</span> <span class='ocrx_word' id='word_1_435' title='bbox 789 4283 1005 4353; x_wconf 82' lang='grc' dir='ltr'>δεσμῶν</span> <span class='ocrx_word' id='word_1_436' title='bbox 1030 4283 1310 4352; x_wconf 82' lang='grc' dir='ltr'>ἀνειμένα.</span> <span class='ocrx_word' id='word_1_437' title='bbox 1347 4302 1364 4334; x_wconf 76' lang='grc' dir='ltr'><strong>ι</strong></span> <span class='ocrx_word' id='word_1_438' title='bbox 1398 4283 1657 4353; x_wconf 80' lang='grc' dir='ltr'>Λάμόανε</span> <span class='ocrx_word' id='word_1_439' title='bbox 1686 4287 1742 4340; x_wconf 81' lang='grc' dir='ltr'><em>δέ</em></span> <span class='ocrx_word' id='word_1_440' title='bbox 1775 4280 1864 4356; x_wconf 69' lang='grc' dir='ltr'><strong>μοι</strong></span> 
     </span>
    </p>
   </div>
   <div class='ocr_carea' id='block_1_61' title="bbox 268 4372 1864 4447">
    <p class='ocr_par' dir='ltr' id='par_1_61' title="bbox 268 4372 1864 4447">
     <span class='ocr_line' id='line_1_61' title="bbox 268 4372 1864 4447; baseline 0.003 -22"><span class='ocrx_word' id='word_1_441' title='bbox 268 4374 336 4425; x_wconf 85' lang='grc' dir='ltr'><strong>τὸ</strong></span> <span class='ocrx_word' id='word_1_442' title='bbox 366 4372 560 4439; x_wconf 79' lang='grc' dir='ltr'>θαῦμα</span> <span class='ocrx_word' id='word_1_443' title='bbox 587 4374 682 4426; x_wconf 71' lang='grc' dir='ltr'><strong>καὶ</strong></span> <span class='ocrx_word' id='word_1_444' title='bbox 708 4374 800 4426; x_wconf 72' lang='grc' dir='ltr'>ἐπὶ</span> <span class='ocrx_word' id='word_1_445' title='bbox 824 4375 894 4427; x_wconf 83' lang='grc' dir='ltr'>τὰ</span> <span class='ocrx_word' id='word_1_446' title='bbox 919 4376 1092 4437; x_wconf 80' lang='grc' dir='ltr'>ἐντός.</span> <span class='ocrx_word' id='word_1_447' title='bbox 1121 4375 1183 4428; x_wconf 85' lang='grc' dir='ltr'>Εἰ</span> <span class='ocrx_word' id='word_1_448' title='bbox 1211 4375 1318 4444; x_wconf 81' lang='grc' dir='ltr'>γὰρ</span> <span class='ocrx_word' id='word_1_449' title='bbox 1345 4376 1372 4427; x_wconf 89' lang='grc' dir='ltr'>ὁ</span> <span class='ocrx_word' id='word_1_450' title='bbox 1397 4376 1521 4438; x_wconf 85' lang='grc' dir='ltr'>νοῦς</span> <span class='ocrx_word' id='word_1_451' title='bbox 1545 4378 1701 4447; x_wconf 80' lang='grc' dir='ltr'>ἡμῶν</span> <span class='ocrx_word' id='word_1_452' title='bbox 1726 4377 1864 4429; x_wconf 83' lang='grc' dir='ltr'>ἀπο-</span> 
     </span>
    </p>
   </div>
   <div class='ocr_carea' id='block_1_62' title="bbox 270 4464 1866 4537">
    <p class='ocr_par' dir='ltr' id='par_1_62' title="bbox 270 4464 1866 4537">
     <span class='ocr_line' id='line_1_62' title="bbox 270 4464 1866 4537; baseline 0.003 -22"><span class='ocrx_word' id='word_1_453' title='bbox 270 4465 434 4517; x_wconf 65' lang='grc' dir='ltr'>θάνοι</span> <span class='ocrx_word' id='word_1_454' title='bbox 461 4465 539 4527; x_wconf 84' lang='grc' dir='ltr'>ὡς</span> <span class='ocrx_word' id='word_1_455' title='bbox 564 4464 835 4534; x_wconf 74' lang='grc' dir='ltr'>Λάζαρος,</span> <span class='ocrx_word' id='word_1_456' title='bbox 859 4465 939 4517; x_wconf 83' lang='grc' dir='ltr'>δεῖ</span> <span class='ocrx_word' id='word_1_457' title='bbox 967 4466 1103 4533; x_wconf 74' lang='grc' dir='ltr'>μετὰ</span> <span class='ocrx_word' id='word_1_458' title='bbox 1124 4465 1588 4536; x_wconf 81' lang='grc' dir='ltr'>έξομολογήσεως,</span> <span class='ocrx_word' id='word_1_459' title='bbox 1612 4467 1686 4529; x_wconf 86' lang='grc' dir='ltr'>ὡς</span> <span class='ocrx_word' id='word_1_460' title='bbox 1710 4466 1866 4537; x_wconf 78' lang='grc' dir='ltr'><strong>Μάρ-</strong></span> 
     </span>
    </p>
   </div>
   <div class='ocr_carea' id='block_1_63' title="bbox 267 4550 1871 4629">
    <p class='ocr_par' dir='ltr' id='par_1_63' title="bbox 267 4550 1871 4629">
     <span class='ocr_line' id='line_1_63' title="bbox 267 4550 1871 4629; baseline 0.008 -29"><span class='ocrx_word' id='word_1_461' title='bbox 267 4553 374 4602; x_wconf 85' lang='grc' dir='ltr'><strong>θαν</strong></span> <span class='ocrx_word' id='word_1_462' title='bbox 406 4550 504 4602; x_wconf 74' lang='grc' dir='ltr'>καὶ</span> <span class='ocrx_word' id='word_1_463' title='bbox 533 4550 775 4620; x_wconf 79' lang='grc' dir='ltr'>Μαρίαν,</span> <span class='ocrx_word' id='word_1_464' title='bbox 819 4553 917 4624; x_wconf 78' lang='grc' dir='ltr'><strong>τὴν</strong></span> <span class='ocrx_word' id='word_1_465' title='bbox 949 4554 1139 4625; x_wconf 81' lang='grc' dir='ltr'>ύλικὴν</span> <span class='ocrx_word' id='word_1_466' title='bbox 1189 4556 1368 4627; x_wconf 84' lang='grc' dir='ltr'>σάρκα</span> <span class='ocrx_word' id='word_1_467' title='bbox 1405 4559 1500 4608; x_wconf 78' lang='grc' dir='ltr'><strong>καὶ</strong></span> <span class='ocrx_word' id='word_1_468' title='bbox 1539 4559 1638 4629; x_wconf 74' lang='grc' dir='ltr'><strong>τὴν</strong></span> <span class='ocrx_word' id='word_1_469' title='bbox 1674 4576 1871 4629; x_wconf 85' lang='grc' dir='ltr'>σεμνο-</span> 
     </span>
    </p>
   </div>
   <div class='ocr_carea' id='block_1_64' title="bbox 267 4643 1867 4720">
    <p class='ocr_par' dir='ltr' id='par_1_64' title="bbox 267 4643 1867 4720">
     <span class='ocr_line' id='line_1_64' title="bbox 267 4643 1867 4720; baseline 0.006 -25"><span class='ocrx_word' id='word_1_470' title='bbox 267 4644 440 4714; x_wconf 77' lang='grc' dir='ltr'>τέραν</span> <span class='ocrx_word' id='word_1_471' title='bbox 474 4643 656 4715; x_wconf 67' lang='grc' dir='ltr'>ψυχὴν</span> <span class='ocrx_word' id='word_1_472' title='bbox 700 4646 1018 4715; x_wconf 70' lang='grc' dir='ltr'>προσελθεῖν</span> <span class='ocrx_word' id='word_1_473' title='bbox 1056 4646 1133 4717; x_wconf 82' lang='grc' dir='ltr'>τῷ</span> <span class='ocrx_word' id='word_1_474' title='bbox 1165 4648 1389 4719; x_wconf 77' lang='grc' dir='ltr'>Χριστῷ</span> <span class='ocrx_word' id='word_1_475' title='bbox 1428 4650 1522 4702; x_wconf 74' lang='grc' dir='ltr'><strong>καὶ</strong></span> <span class='ocrx_word' id='word_1_476' title='bbox 1550 4651 1867 4720; x_wconf 85' lang='grc' dir='ltr'>παρακαλέ-</span> 
     </span>
    </p>
   </div>
   <div class='ocr_carea' id='block_1_65' title="bbox 268 4736 1865 4815">
    <p class='ocr_par' dir='ltr' id='par_1_65' title="bbox 268 4736 1865 4815">
     <span class='ocr_line' id='line_1_65' title="bbox 268 4736 1865 4815; baseline 0.006 -29"><span class='ocrx_word' id='word_1_477' title='bbox 268 4752 399 4787; x_wconf 71' lang='grc' dir='ltr'>σαιο</span> <span class='ocrx_word' id='word_1_478' title='bbox 451 4736 547 4788; x_wconf 80' lang='grc' dir='ltr'><strong>καὶ</strong></span> <span class='ocrx_word' id='word_1_479' title='bbox 604 4736 664 4798; x_wconf 82' lang='grc' dir='ltr'>ὃς</span> <span class='ocrx_word' id='word_1_480' title='bbox 712 4736 970 4802; x_wconf 76' lang='grc' dir='ltr'>ἐπιστὰς,</span> <span class='ocrx_word' id='word_1_481' title='bbox 1020 4738 1120 4809; x_wconf 82' lang='grc' dir='ltr'>τὴν</span> <span class='ocrx_word' id='word_1_482' title='bbox 1170 4741 1522 4811; x_wconf 78' lang='grc' dir='ltr'>ἐπικειμένην</span> <span class='ocrx_word' id='word_1_483' title='bbox 1566 4745 1632 4813; x_wconf 84' lang='grc' dir='ltr'>τῇ</span> <span class='ocrx_word' id='word_1_484' title='bbox 1677 4745 1865 4815; x_wconf 84' lang='grc' dir='ltr'>μνήμῃ</span> 
     </span>
    </p>
   </div>
   <div class='ocr_carea' id='block_1_66' title="bbox 264 4826 1868 4906">
    <p class='ocr_par' dir='ltr' id='par_1_66' title="bbox 264 4826 1868 4906">
     <span class='ocr_line' id='line_1_66' title="bbox 264 4826 1868 4906; baseline 0.005 -29"><span class='ocrx_word' id='word_1_485' title='bbox 264 4826 511 4896; x_wconf 77' lang='grc' dir='ltr'>ἀρθῆναι</span> <span class='ocrx_word' id='word_1_486' title='bbox 567 4826 814 4880; x_wconf 84' lang='grc' dir='ltr'>κελεύσει</span> <span class='ocrx_word' id='word_1_487' title='bbox 855 4827 1154 4899; x_wconf 80' lang='grc' dir='ltr'>πώρωσιν,</span> <span class='ocrx_word' id='word_1_488' title='bbox 1207 4831 1301 4883; x_wconf 71' lang='grc' dir='ltr'><strong>καὶ</strong></span> <span class='ocrx_word' id='word_1_489' title='bbox 1348 4835 1589 4900; x_wconf 81' lang='grc' dir='ltr'>φωνήσει</span> <span class='ocrx_word' id='word_1_490' title='bbox 1654 4834 1868 4906; x_wconf 85' lang='grc' dir='ltr'>μεγάλῃ</span> 
     </span>
    </p>
   </div>
   <div class='ocr_carea' id='block_1_67' title="bbox 266 4917 1868 4993">
    <p class='ocr_par' dir='ltr' id='par_1_67' title="bbox 266 4917 1868 4993">
     <span class='ocr_line' id='line_1_67' title="bbox 266 4917 1868 4993; baseline 0.006 -24"><span class='ocrx_word' id='word_1_491' title='bbox 460 4917 566 4987; x_wconf 82' lang='grc' dir='ltr'><strong>τῆς</strong></span> <span class='ocrx_word' id='word_1_492' title='bbox 609 4919 973 4990; x_wconf 86' lang='grc' dir='ltr'>εύαγγελικῆς</span> <span class='ocrx_word' id='word_1_493' title='bbox 1012 4921 1312 4990; x_wconf 81' lang='grc' dir='ltr'>σάλπιγγος</span> <span class='ocrx_word' id='word_1_494' title='bbox 1338 4940 1351 4953; x_wconf 86' lang='grc'><strong>·</strong></span> <span class='ocrx_word' id='word_1_495' title='bbox 1388 4922 1559 4993; x_wconf 88' lang='grc' dir='ltr'>Δεῦρο</span> <span class='ocrx_word' id='word_1_496' title='bbox 1603 4923 1708 4988; x_wconf 78' lang='grc' dir='ltr'>ἔξω</span> <span class='ocrx_word' id='word_1_497' title='bbox 1759 4925 1868 4978; x_wconf 85' lang='grc' dir='ltr'><strong>τῶν</strong></span> 
     </span>
    </p>
   </div>
   <div class='ocr_carea' id='block_1_68' title="bbox 260 5010 1868 5082">
    <p class='ocr_par' dir='ltr' id='par_1_68' title="bbox 260 5010 1868 5082">
     <span class='ocr_line' id='line_1_68' title="bbox 260 5010 1868 5082; baseline 0.006 -21"><span class='ocrx_word' id='word_1_498' title='bbox 260 5010 359 5062; x_wconf 80' lang='grc' dir='ltr'><strong>τοῦ</strong></span> <span class='ocrx_word' id='word_1_499' title='bbox 402 5010 615 5079; x_wconf 85' lang='grc' dir='ltr'>κόσμου</span> <span class='ocrx_word' id='word_1_500' title='bbox 638 5011 1038 5082; x_wconf 84' lang='grc' dir='ltr'>περισπασμῶν</span> <span class='ocrx_word' id='word_1_501' title='bbox 1061 5029 1074 5041; x_wconf 70' lang='grc'><strong>⁸</strong></span> <span class='ocrx_word' id='word_1_502' title='bbox 1107 5013 1201 5065; x_wconf 64' lang='grc' dir='ltr'><strong>καὶ⁹</strong></span> <span class='ocrx_word' id='word_1_503' title='bbox 1229 5013 1329 5076; x_wconf 87' lang='grc' dir='ltr'>τὰς</span> <span class='ocrx_word' id='word_1_504' title='bbox 1362 5014 1549 5082; x_wconf 75' lang='grc' dir='ltr'>σειρὰς</span> <span class='ocrx_word' id='word_1_505' title='bbox 1576 5014 1727 5067; x_wconf 87' lang='grc' dir='ltr'>λύσει</span> <span class='ocrx_word' id='word_1_506' title='bbox 1757 5016 1868 5071; x_wconf 86' lang='grc' dir='ltr'><strong>τῶν</strong></span> 
     </span>
    </p>
   </div>
   <div class='ocr_carea' id='block_1_69' title="bbox 264 5101 1866 5178">
    <p class='ocr_par' dir='ltr' id='par_1_69' title="bbox 264 5101 1866 5178">
     <span class='ocr_line' id='line_1_69' title="bbox 264 5101 1866 5178; baseline 0.004 -25"><span class='ocrx_word' id='word_1_507' title='bbox 264 5102 587 5171; x_wconf 66' lang='grc' dir='ltr'>αμαρτιῶν,</span> <span class='ocrx_word' id='word_1_508' title='bbox 618 5101 760 5155; x_wconf 82' lang='grc' dir='ltr'>ὥστε</span> <span class='ocrx_word' id='word_1_509' title='bbox 796 5102 1057 5158; x_wconf 88' lang='grc' dir='ltr'>δύνασθαι</span> <span class='ocrx_word' id='word_1_510' title='bbox 1096 5102 1365 5158; x_wconf 85' lang='grc' dir='ltr'>κινεῖσθαι</span> <span class='ocrx_word' id='word_1_511' title='bbox 1405 5105 1689 5176; x_wconf 83' lang='grc' dir='ltr'>ἀραρότως</span> <span class='ocrx_word' id='word_1_512' title='bbox 1729 5105 1866 5178; x_wconf 84' lang='grc' dir='ltr'>πρὸς</span> 
     </span>
    </p>
   </div>
   <div class='ocr_carea' id='block_1_70' title="bbox 262 5195 500 5263">
    <p class='ocr_par' dir='ltr' id='par_1_70' title="bbox 262 5195 500 5263">
     <span class='ocr_line' id='line_1_70' title="bbox 262 5195 500 5263; baseline 0 -18"><span class='ocrx_word' id='word_1_513' title='bbox 262 5195 500 5263; x_wconf 78' lang='grc' dir='ltr'>ἀρετήν.</span> 
     </span>
    </p>
   </div>
   <div class='ocr_carea' id='block_1_71' title="bbox 332 5282 1913 5367">
    <p class='ocr_par' dir='ltr' id='par_1_71' title="bbox 332 5282 1913 5367">
     <span class='ocr_line' id='line_1_71' title="bbox 332 5282 1913 5367; baseline 0.004 -27"><span class='ocrx_word' id='word_1_514' title='bbox 332 5286 573 5341; x_wconf 74' lang='grc' dir='ltr'>Πολλοὶ</span> <span class='ocrx_word' id='word_1_515' title='bbox 610 5282 724 5343; x_wconf 86' lang='grc' dir='ltr'><strong>οὖν</strong></span> <span class='ocrx_word' id='word_1_516' title='bbox 762 5288 834 5342; x_wconf 80' lang='grc' dir='ltr'>ἐκ</span> <span class='ocrx_word' id='word_1_517' title='bbox 861 5288 981 5342; x_wconf 80' lang='grc' dir='ltr'><strong>τῶν</strong></span> <span class='ocrx_word' id='word_1_518' title='bbox 1021 5289 1326 5345; x_wconf 79' lang='grc' dir='ltr'>Ἰουδαίων</span> <span class='ocrx_word' id='word_1_519' title='bbox 1343 5289 1720 5345; x_wconf 77' lang='grc' dir='ltr'>ἐπίστευσαν</span> <span class='ocrx_word' id='word_1_520' title='bbox 1770 5294 1858 5358; x_wconf 86' lang='grc' dir='ltr'><strong>εἰς</strong></span> <span class='ocrx_word' id='word_1_521' title='bbox 1910 5364 1913 5367; x_wconf 90' lang='lat'><em>_</em></span> 
     </span>
    </p>
   </div>
   <div class='ocr_carea' id='block_1_72' title="bbox 257 5379 477 5433">
    <p class='ocr_par' dir='ltr' id='par_1_72' title="bbox 257 5379 477 5433">
     <span class='ocr_line' id='line_1_72' title="bbox 257 5379 477 5433; baseline -0.009 0"><span class='ocrx_word' id='word_1_522' title='bbox 257 5379 477 5433; x_wconf 79' lang='grc' dir='ltr'>αὐτόν.</span> 
     </span>
    </p>
   </div>
   <div class='ocr_carea' id='block_1_73' title="bbox 329 5466 1852 5540">
    <p class='ocr_par' dir='ltr' id='par_1_73' title="bbox 329 5466 1852 5540">
     <span class='ocr_line' id='line_1_73' title="bbox 329 5466 1852 5540; baseline 0.003 -21"><span class='ocrx_word' id='word_1_523' title='bbox 329 5466 429 5532; x_wconf 81' lang='grc' dir='ltr'><strong>Τῷ</strong></span> <span class='ocrx_word' id='word_1_524' title='bbox 464 5469 757 5540; x_wconf 75' lang='grc' dir='ltr'>παραδόξῳ</span> <span class='ocrx_word' id='word_1_525' title='bbox 798 5470 1113 5540; x_wconf 86' lang='grc' dir='ltr'>νικηθέντες</span> <span class='ocrx_word' id='word_1_526' title='bbox 1165 5470 1351 5525; x_wconf 77' lang='grc' dir='ltr'>πολλοὶ</span> <span class='ocrx_word' id='word_1_527' title='bbox 1399 5472 1852 5526; x_wconf 87' lang='grc' dir='ltr'>πεπιστεύκασιν·</span> 
     </span>
    </p>
   </div>
   <div class='ocr_carea' id='block_1_74' title="bbox 326 5582 868 5652">
    <p class='ocr_par' dir='ltr' id='par_1_74' title="bbox 326 5582 868 5652">
     <span class='ocr_line' id='line_1_74' title="bbox 326 5582 868 5652; baseline 0.007 -18"><span class='ocrx_word' id='word_1_528' title='bbox 326 5584 376 5615; x_wconf 69' lang='grc' dir='ltr'>δ’</span> <span class='ocrx_word' id='word_1_529' title='bbox 422 5582 658 5637; x_wconf 79' lang='lat' dir='ltr'><strong>Malach.</strong></span> <span class='ocrx_word' id='word_1_530' title='bbox 703 5600 778 5652; x_wconf 87' lang='lat' dir='ltr'><strong>tv,</strong></span> <span class='ocrx_word' id='word_1_531' title='bbox 810 5584 868 5638; x_wconf 72' lang='lat'><strong>2.</strong></span> 
     </span>
    </p>
   </div>
   <div class='ocr_carea' id='block_1_75' title="bbox 327 5694 1864 5768">
    <p class='ocr_par' dir='ltr' id='par_1_75' title="bbox 327 5694 1864 5768">
     <span class='ocr_line' id='line_1_75' title="bbox 327 5694 1864 5768; baseline -0.001 -17"><span class='ocrx_word' id='word_1_532' title='bbox 327 5699 410 5763; x_wconf 81' lang='lat' dir='ltr'><strong>ii)</strong></span> <span class='ocrx_word' id='word_1_533' title='bbox 439 5698 541 5752; x_wconf 85' lang='lat' dir='ltr'><strong>Ed.</strong></span> <span class='ocrx_word' id='word_1_534' title='bbox 584 5718 596 5753; x_wconf 90' lang='lat'><strong>:</strong></span> <span class='ocrx_word' id='word_1_535' title='bbox 638 5716 763 5753; x_wconf 84' lang='grc' dir='ltr'>πεσ.</span> <span class='ocrx_word' id='word_1_536' title='bbox 794 5715 849 5767; x_wconf 88' lang='grc' dir='ltr'><strong>γ.</strong></span> <span class='ocrx_word' id='word_1_537' title='bbox 875 5698 955 5761; x_wconf 80' lang='grc' dir='ltr'><strong>εἰς</strong></span> <span class='ocrx_word' id='word_1_538' title='bbox 987 5698 1085 5767; x_wconf 89' lang='grc' dir='ltr'><strong>ἁμ.</strong></span> <span class='ocrx_word' id='word_1_539' title='bbox 1109 5700 1232 5768; x_wconf 82' lang='grc' dir='ltr'>τοῖς</span> <span class='ocrx_word' id='word_1_540' title='bbox 1256 5695 1352 5768; x_wconf 86' lang='grc' dir='ltr'><strong>τοῦ</strong></span> <span class='ocrx_word' id='word_1_541' title='bbox 1385 5694 1614 5768; x_wconf 81' lang='grc' dir='ltr'>θανάτου</span> <span class='ocrx_word' id='word_1_542' title='bbox 1643 5697 1864 5768; x_wconf 83' lang='grc' dir='ltr'>δεσμοῖς</span> 
     </span>
    </p>
   </div>
   <div class='ocr_carea' id='block_1_76' title="bbox 257 5767 1843 5838">
    <p class='ocr_par' dir='ltr' id='par_1_76' title="bbox 257 5767 1843 5838">
     <span class='ocr_line' id='line_1_76' title="bbox 257 5767 1843 5838; baseline -0.001 -15"><span class='ocrx_word' id='word_1_543' title='bbox 257 5769 807 5838; x_wconf 70' lang='grc' dir='ltr'>;ιατ-ῐετμεύοημεν’</span> <span class='ocrx_word' id='word_1_544' title='bbox 833 5768 1078 5836; x_wconf 75' lang='grc' dir='ltr'>λάμϐανε</span> <span class='ocrx_word' id='word_1_545' title='bbox 1099 5767 1155 5819; x_wconf 78' lang='grc' dir='ltr'><strong>δέ</strong></span> <span class='ocrx_word' id='word_1_546' title='bbox 1179 5785 1269 5837; x_wconf 85' lang='grc' dir='ltr'><strong>μοι</strong></span> <span class='ocrx_word' id='word_1_547' title='bbox 1291 5767 1352 5838; x_wconf 71' lang='grc' dir='ltr'><strong>το</strong></span> <span class='ocrx_word' id='word_1_548' title='bbox 1369 5767 1703 5838; x_wconf 56' lang='grc' dir='ltr'>θαῦμαμαί,</span> <span class='ocrx_word' id='word_1_549' title='bbox 1735 5767 1843 5822; x_wconf 86' lang='lat' dir='ltr'><strong>etc.</strong></span> 
     </span>
    </p>
   </div>
   <div class='ocr_carea' id='block_1_77' title="bbox 258 5836 1835 5910">
    <p class='ocr_par' dir='ltr' id='par_1_77' title="bbox 258 5836 1835 5910">
     <span class='ocr_line' id='line_1_77' title="bbox 258 5836 1835 5910; baseline 0.002 -21"><span class='ocrx_word' id='word_1_550' title='bbox 258 5836 589 5910; x_wconf 71' lang='lat' dir='ltr'><strong>Suppletum</strong></span> <span class='ocrx_word' id='word_1_551' title='bbox 615 5836 937 5895; x_wconf 53' lang='lat' dir='ltr'><strong>eiilttcat&#39;io</strong></span> <span class='ocrx_word' id='word_1_552' title='bbox 962 5838 1051 5895; x_wconf 85' lang='lat' dir='ltr'><strong>fol.</strong></span> <span class='ocrx_word' id='word_1_553' title='bbox 1076 5836 1201 5901; x_wconf 43' lang='grc'><strong>535⁷,</strong></span> <span class='ocrx_word' id='word_1_554' title='bbox 1222 5854 1311 5909; x_wconf 83' lang='lat' dir='ltr'><strong>ap.</strong></span> <span class='ocrx_word' id='word_1_555' title='bbox 1339 5836 1442 5891; x_wconf 76' lang='lat' dir='ltr'><strong>Mai</strong></span> <span class='ocrx_word' id='word_1_556' title='bbox 1477 5839 1512 5890; x_wconf 92' lang='grc' dir='ltr'>Ι.</span> <span class='ocrx_word' id='word_1_557' title='bbox 1550 5840 1586 5892; x_wconf 92' lang='lat' dir='ltr'><strong>l.</strong></span> <span class='ocrx_word' id='word_1_558' title='bbox 1631 5853 1684 5908; x_wconf 87' lang='lat' dir='ltr'><strong>p.</strong></span> <span class='ocrx_word' id='word_1_559' title='bbox 1713 5838 1835 5893; x_wconf 77' lang='grc'><strong>155.</strong></span> 
     </span>
    </p>
   </div>
   <div class='ocr_carea' id='block_1_78' title="bbox 2001 1997 3580 2076">
    <p class='ocr_par' dir='ltr' id='par_1_78' title="bbox 2001 1997 3580 2076">
     <span class='ocr_line' id='line_1_78' title="bbox 2001 1997 3580 2076; baseline 0.007 -27"><span class='ocrx_word' id='word_1_560' title='bbox 2001 1997 2285 2052; x_wconf 87' lang='lat' dir='ltr'><strong>numentis</strong></span> <span class='ocrx_word' id='word_1_561' title='bbox 2317 1998 2571 2053; x_wconf 82' lang='lat' dir='ltr'><strong>extrahet</strong></span> <span class='ocrx_word' id='word_1_562' title='bbox 2601 1998 2885 2062; x_wconf 86' lang='lat' dir='ltr'><strong>Christus,</strong></span> <span class='ocrx_word' id='word_1_563' title='bbox 2917 2008 3047 2055; x_wconf 91' lang='lat' dir='ltr'><strong>tunc</strong></span> <span class='ocrx_word' id='word_1_564' title='bbox 3076 2012 3226 2057; x_wconf 74' lang='lat' dir='ltr'><strong>certe</strong></span> <span class='ocrx_word' id='word_1_565' title='bbox 3257 2013 3580 2076; x_wconf 76' lang='lat' dir='ltr'><strong>repurgatos</strong></span> 
     </span>
    </p>
   </div>
   <div class='ocr_carea' id='block_1_79' title="bbox 2000 2090 3580 2161">
    <p class='ocr_par' dir='ltr' id='par_1_79' title="bbox 2000 2090 3580 2161">
     <span class='ocr_line' id='line_1_79' title="bbox 2000 2090 3580 2161; baseline 0.007 -20"><span class='ocrx_word' id='word_1_566' title='bbox 2000 2103 2103 2143; x_wconf 85' lang='lat' dir='ltr'><strong>nos</strong></span> <span class='ocrx_word' id='word_1_567' title='bbox 2144 2090 2212 2143; x_wconf 88' lang='lat' dir='ltr'><strong>ab</strong></span> <span class='ocrx_word' id='word_1_568' title='bbox 2250 2092 2481 2161; x_wconf 89' lang='lat' dir='ltr'><strong>antiqua</strong></span> <span class='ocrx_word' id='word_1_569' title='bbox 2537 2093 2680 2158; x_wconf 89' lang='lat' dir='ltr'><strong>labe,</strong></span> <span class='ocrx_word' id='word_1_570' title='bbox 2716 2093 2973 2149; x_wconf 81' lang='lat' dir='ltr'><strong>detracto</strong></span> <span class='ocrx_word' id='word_1_571' title='bbox 3012 2098 3324 2153; x_wconf 82' lang='lat' dir='ltr'><strong>velamento</strong></span> <span class='ocrx_word' id='word_1_572' title='bbox 3378 2101 3580 2155; x_wconf 71' lang='lat' dir='ltr'><strong>liberos</strong></span> 
     </span>
    </p>
   </div>
   <div class='ocr_carea' id='block_1_80' title="bbox 2001 2180 3580 2262">
    <p class='ocr_par' dir='ltr' id='par_1_80' title="bbox 2001 2180 3580 2262">
     <span class='ocr_line' id='line_1_80' title="bbox 2001 2180 3580 2262; baseline 0.009 -29"><span class='ocrx_word' id='word_1_573' title='bbox 2001 2180 2083 2235; x_wconf 87' lang='lat' dir='ltr'><strong>ire</strong></span> <span class='ocrx_word' id='word_1_574' title='bbox 2117 2181 2358 2251; x_wconf 82' lang='lat' dir='ltr'><strong>jubebit,</strong></span> <span class='ocrx_word' id='word_1_575' title='bbox 2394 2200 2499 2237; x_wconf 89' lang='lat' dir='ltr'><strong>non</strong></span> <span class='ocrx_word' id='word_1_576' title='bbox 2533 2185 2807 2239; x_wconf 81' lang='lat' dir='ltr'><strong>obnoxios</strong></span> <span class='ocrx_word' id='word_1_577' title='bbox 2842 2189 3055 2256; x_wconf 87' lang='lat' dir='ltr'><strong>peccati</strong></span> <span class='ocrx_word' id='word_1_578' title='bbox 3094 2191 3371 2258; x_wconf 75' lang='lat' dir='ltr'><strong>tyrannidi</strong></span> <span class='ocrx_word' id='word_1_579' title='bbox 3403 2209 3580 2262; x_wconf 90' lang='lat' dir='ltr'><strong>neque</strong></span> 
     </span>
    </p>
   </div>
   <div class='ocr_carea' id='block_1_81' title="bbox 2000 2276 3574 2347">
    <p class='ocr_par' dir='ltr' id='par_1_81' title="bbox 2000 2276 3574 2347">
     <span class='ocr_line' id='line_1_81' title="bbox 2000 2276 3574 2347; baseline 0.006 -20"><span class='ocrx_word' id='word_1_580' title='bbox 2000 2276 2367 2344; x_wconf 82' lang='lat' dir='ltr'><strong>corruptioni,</strong></span> <span class='ocrx_word' id='word_1_581' title='bbox 2396 2277 2630 2347; x_wconf 86' lang='lat' dir='ltr'><strong>aliisque</strong></span> <span class='ocrx_word' id='word_1_582' title='bbox 2665 2277 2823 2331; x_wconf 90' lang='lat' dir='ltr'><strong>malis</strong></span> <span class='ocrx_word' id='word_1_583' title='bbox 2864 2278 3149 2333; x_wconf 88' lang='lat' dir='ltr'><strong>interitum</strong></span> <span class='ocrx_word' id='word_1_584' title='bbox 3194 2281 3574 2345; x_wconf 75' lang='lat' dir='ltr'><strong>aflerentibus,</strong></span> 
     </span>
    </p>
   </div>
   <div class='ocr_carea' id='block_1_82' title="bbox 2000 2364 3574 2438">
    <p class='ocr_par' dir='ltr' id='par_1_82' title="bbox 2000 2364 3574 2438">
     <span class='ocr_line' id='line_1_82' title="bbox 2000 2364 3574 2438; baseline 0.006 -21"><span class='ocrx_word' id='word_1_585' title='bbox 2000 2364 2075 2418; x_wconf 89' lang='lat' dir='ltr'><strong>ita</strong></span> <span class='ocrx_word' id='word_1_586' title='bbox 2111 2375 2169 2420; x_wconf 90' lang='lat' dir='ltr'><strong>ut</strong></span> <span class='ocrx_word' id='word_1_587' title='bbox 2200 2366 2254 2421; x_wconf 91' lang='lat' dir='ltr'><strong>in</strong></span> <span class='ocrx_word' id='word_1_588' title='bbox 2288 2367 2447 2422; x_wconf 89' lang='lat' dir='ltr'><strong>nobis</strong></span> <span class='ocrx_word' id='word_1_589' title='bbox 2477 2367 2774 2438; x_wconf 79' lang='lat' dir='ltr'><strong>impleatur</strong></span> <span class='ocrx_word' id='word_1_590' title='bbox 2822 2369 2969 2438; x_wconf 86' lang='lat' dir='ltr'><strong>quod</strong></span> <span class='ocrx_word' id='word_1_591' title='bbox 3009 2370 3078 2424; x_wconf 87' lang='lat' dir='ltr'><strong>ab</strong></span> <span class='ocrx_word' id='word_1_592' title='bbox 3109 2386 3218 2425; x_wconf 90' lang='lat' dir='ltr'><strong>uno</strong></span> <span class='ocrx_word' id='word_1_593' title='bbox 3258 2382 3574 2428; x_wconf 84' lang='lat' dir='ltr'><strong>sanctorum</strong></span> 
     </span>
    </p>
   </div>
   <div class='ocr_carea' id='block_1_83' title="bbox 1998 2459 3577 2534">
    <p class='ocr_par' dir='ltr' id='par_1_83' title="bbox 1998 2459 3577 2534">
     <span class='ocr_line' id='line_1_83' title="bbox 1998 2459 3577 2534; baseline 0.008 -25"><span class='ocrx_word' id='word_1_594' title='bbox 1998 2459 2391 2528; x_wconf 85' lang='lat' dir='ltr'><strong>prophetarum</strong></span> <span class='ocrx_word' id='word_1_595' title='bbox 2446 2461 2654 2515; x_wconf 82' lang='lat' dir='ltr'><strong>dictum</strong></span> <span class='ocrx_word' id='word_1_596' title='bbox 2716 2471 2796 2518; x_wconf 86' lang='lat' dir='ltr'><strong>est</strong></span> <span class='ocrx_word' id='word_1_597' title='bbox 2839 2482 2851 2518; x_wconf 95' lang='lat'>:</span> <span class='ocrx_word' id='word_1_598' title='bbox 2892 2482 2912 2514; x_wconf 75' lang='grc' dir='ltr'><strong>ι</strong></span> <span class='ocrx_word' id='word_1_599' title='bbox 2956 2463 3344 2534; x_wconf 81' lang='lat' dir='ltr'><strong>Egrediemini,</strong></span> <span class='ocrx_word' id='word_1_600' title='bbox 3380 2476 3432 2522; x_wconf 91' lang='lat' dir='ltr'><strong>ct</strong></span> <span class='ocrx_word' id='word_1_601' title='bbox 3484 2482 3577 2524; x_wconf 86' lang='lat' dir='ltr'><strong>sa-</strong></span> 
     </span>
    </p>
   </div>
   <div class='ocr_carea' id='block_1_84' title="bbox 2000 2551 3413 2625">
    <p class='ocr_par' dir='ltr' id='par_1_84' title="bbox 2000 2551 3413 2625">
     <span class='ocr_line' id='line_1_84' title="bbox 2000 2551 3413 2625; baseline 0.006 -21"><span class='ocrx_word' id='word_1_602' title='bbox 2000 2551 2146 2615; x_wconf 75' lang='lat' dir='ltr'><strong>lieLis</strong></span> <span class='ocrx_word' id='word_1_603' title='bbox 2195 2553 2341 2608; x_wconf 89' lang='lat' dir='ltr'><strong>sicut</strong></span> <span class='ocrx_word' id='word_1_604' title='bbox 2371 2554 2524 2625; x_wconf 85' lang='lat' dir='ltr'><strong>parvi</strong></span> <span class='ocrx_word' id='word_1_605' title='bbox 2566 2555 2721 2609; x_wconf 87' lang='lat' dir='ltr'><strong>vituli</strong></span> <span class='ocrx_word' id='word_1_606' title='bbox 2757 2556 2997 2611; x_wconf 72' lang='lat' dir='ltr'><strong>vinculis</strong></span> <span class='ocrx_word' id='word_1_607' title='bbox 3032 2559 3266 2611; x_wconf 78' lang='lat' dir='ltr'><strong>exsoluti</strong></span> <span class='ocrx_word' id='word_1_608' title='bbox 3292 2561 3355 2612; x_wconf 61' lang='grc' dir='ltr'><strong>δν.</strong></span> <span class='ocrx_word' id='word_1_609' title='bbox 3394 2579 3413 2611; x_wconf 76' lang='grc' dir='ltr'><strong>ι</strong></span> 
     </span>
    </p>
   </div>
   <div class='ocr_carea' id='block_1_85' title="bbox 2068 2724 3115 2790">
    <p class='ocr_par' dir='ltr' id='par_1_85' title="bbox 2068 2724 3115 2790">
     <span class='ocr_line' id='line_1_85' title="bbox 2068 2724 3115 2790; baseline 0.005 -13"><span class='ocrx_word' id='word_1_610' title='bbox 2068 2724 2160 2790; x_wconf 74' lang='lat' dir='ltr'><strong>XI,</strong></span> <span class='ocrx_word' id='word_1_611' title='bbox 2199 2727 2288 2780; x_wconf 65' lang='grc'>44.</span> <span class='ocrx_word' id='word_1_612' title='bbox 2318 2725 2519 2780; x_wconf 77' lang='lat' dir='ltr'><strong>Solvite</strong></span> <span class='ocrx_word' id='word_1_613' title='bbox 2549 2744 2665 2781; x_wconf 82' lang='lat' dir='ltr'><strong>cum</strong></span> <span class='ocrx_word' id='word_1_614' title='bbox 2690 2737 2737 2780; x_wconf 85' lang='lat' dir='ltr'><strong>et</strong></span> <span class='ocrx_word' id='word_1_615' title='bbox 2764 2729 2922 2780; x_wconf 76' lang='lat' dir='ltr'><strong>sinite</strong></span> <span class='ocrx_word' id='word_1_616' title='bbox 2951 2726 3115 2782; x_wconf 82' lang='lat' dir='ltr'><strong>abire.</strong></span> 
     </span>
    </p>
   </div>
   <div class='ocr_carea' id='block_1_86' title="bbox 2072 2815 3573 2888">
    <p class='ocr_par' dir='ltr' id='par_1_86' title="bbox 2072 2815 3573 2888">
     <span class='ocr_line' id='line_1_86' title="bbox 2072 2815 3573 2888; baseline 0.004 -18"><span class='ocrx_word' id='word_1_617' title='bbox 2072 2815 2290 2871; x_wconf 84' lang='lat' dir='ltr'><strong>Utiliter</strong></span> <span class='ocrx_word' id='word_1_618' title='bbox 2338 2819 2511 2888; x_wconf 84' lang='lat' dir='ltr'><strong>igitur</strong></span> <span class='ocrx_word' id='word_1_619' title='bbox 2566 2820 2684 2872; x_wconf 86' lang='lat' dir='ltr'><strong>suis</strong></span> <span class='ocrx_word' id='word_1_620' title='bbox 2723 2833 2818 2872; x_wconf 87' lang='lat' dir='ltr'><strong>eos</strong></span> <span class='ocrx_word' id='word_1_621' title='bbox 2864 2820 3120 2873; x_wconf 89' lang='lat' dir='ltr'><strong>manibus</strong></span> <span class='ocrx_word' id='word_1_622' title='bbox 3162 2820 3375 2874; x_wconf 86' lang='lat' dir='ltr'><strong>solvere</strong></span> <span class='ocrx_word' id='word_1_623' title='bbox 3420 2820 3573 2876; x_wconf 85' lang='lat' dir='ltr'><strong>illum</strong></span> 
     </span>
    </p>
   </div>
   <div class='ocr_carea' id='block_1_87' title="bbox 1998 2907 3574 2977">
    <p class='ocr_par' dir='ltr' id='par_1_87' title="bbox 1998 2907 3574 2977">
     <span class='ocr_line' id='line_1_87' title="bbox 1998 2907 3574 2977; baseline 0.004 -16"><span class='ocrx_word' id='word_1_624' title='bbox 1998 2907 2277 2977; x_wconf 87' lang='lat' dir='ltr'><strong>permisit,</strong></span> <span class='ocrx_word' id='word_1_625' title='bbox 2308 2923 2376 2959; x_wconf 89' lang='lat' dir='ltr'><strong>ne</strong></span> <span class='ocrx_word' id='word_1_626' title='bbox 2416 2907 2583 2959; x_wconf 85' lang='lat' dir='ltr'><strong>ullam</strong></span> <span class='ocrx_word' id='word_1_627' title='bbox 2619 2907 2883 2960; x_wconf 82' lang='lat' dir='ltr'><strong>haberent</strong></span> <span class='ocrx_word' id='word_1_628' title='bbox 2915 2909 3205 2963; x_wconf 76' lang='lat' dir='ltr'><strong>calumnia:</strong></span> <span class='ocrx_word' id='word_1_629' title='bbox 3239 2925 3450 2975; x_wconf 81' lang='lat' dir='ltr'><strong>ansam,</strong></span> <span class='ocrx_word' id='word_1_630' title='bbox 3480 2911 3574 2966; x_wconf 83' lang='lat' dir='ltr'><strong>sed</strong></span> 
     </span>
    </p>
   </div>
   <div class='ocr_carea' id='block_1_88' title="bbox 1996 2991 3573 3067">
    <p class='ocr_par' dir='ltr' id='par_1_88' title="bbox 1996 2991 3573 3067">
     <span class='ocr_line' id='line_1_88' title="bbox 1996 2991 3573 3067; baseline 0.002 -17"><span class='ocrx_word' id='word_1_631' title='bbox 1996 2991 2255 3051; x_wconf 80' lang='lat' dir='ltr'><strong>miraculi</strong></span> <span class='ocrx_word' id='word_1_632' title='bbox 2294 3003 2464 3051; x_wconf 87' lang='lat' dir='ltr'><strong>testes</strong></span> <span class='ocrx_word' id='word_1_633' title='bbox 2521 2997 2724 3051; x_wconf 81' lang='lat' dir='ltr'><strong>forent.</strong></span> <span class='ocrx_word' id='word_1_634' title='bbox 2761 2997 2933 3066; x_wconf 87' lang='lat' dir='ltr'><strong>quue</strong></span> <span class='ocrx_word' id='word_1_635' title='bbox 2978 2998 3436 3067; x_wconf 81' lang='lat' dir='ltr'><strong>significationem</strong></span> <span class='ocrx_word' id='word_1_636' title='bbox 3474 3001 3573 3054; x_wconf 86' lang='lat' dir='ltr'><strong>ha-</strong></span> 
     </span>
    </p>
   </div>
   <div class='ocr_carea' id='block_1_89' title="bbox 1995 3088 3574 3160">
    <p class='ocr_par' dir='ltr' id='par_1_89' title="bbox 1995 3088 3574 3160">
     <span class='ocr_line' id='line_1_89' title="bbox 1995 3088 3574 3160; baseline 0.003 -18"><span class='ocrx_word' id='word_1_637' title='bbox 1995 3088 2087 3142; x_wconf 86' lang='lat' dir='ltr'><strong>bet</strong></span> <span class='ocrx_word' id='word_1_638' title='bbox 2120 3088 2454 3142; x_wconf 85' lang='lat' dir='ltr'><strong>universalis</strong></span> <span class='ocrx_word' id='word_1_639' title='bbox 2487 3088 2944 3151; x_wconf 85' lang='lat' dir='ltr'><strong>resurrectionis,</strong></span> <span class='ocrx_word' id='word_1_640' title='bbox 2977 3088 3199 3158; x_wconf 88' lang='lat' dir='ltr'><strong>quando</strong></span> <span class='ocrx_word' id='word_1_641' title='bbox 3236 3091 3418 3144; x_wconf 88' lang='lat' dir='ltr'><strong>soluto</strong></span> <span class='ocrx_word' id='word_1_642' title='bbox 3450 3106 3574 3160; x_wconf 81' lang='lat' dir='ltr'><strong>pec-</strong></span> 
     </span>
    </p>
   </div>
   <div class='ocr_carea' id='block_1_90' title="bbox 1995 3178 3574 3248">
    <p class='ocr_par' dir='ltr' id='par_1_90' title="bbox 1995 3178 3574 3248">
     <span class='ocr_line' id='line_1_90' title="bbox 1995 3178 3574 3248; baseline 0.004 -17"><span class='ocrx_word' id='word_1_643' title='bbox 1995 3189 2119 3231; x_wconf 89' lang='lat' dir='ltr'><strong>cato</strong></span> <span class='ocrx_word' id='word_1_644' title='bbox 2181 3185 2236 3231; x_wconf 88' lang='lat' dir='ltr'><strong>et</strong></span> <span class='ocrx_word' id='word_1_645' title='bbox 2303 3179 2500 3232; x_wconf 90' lang='lat' dir='ltr'><strong>mortis</strong></span> <span class='ocrx_word' id='word_1_646' title='bbox 2555 3178 2944 3247; x_wconf 88' lang='lat' dir='ltr'><strong>corruptione,</strong></span> <span class='ocrx_word' id='word_1_647' title='bbox 2991 3182 3372 3248; x_wconf 77' lang='lat' dir='ltr'><strong>unusquiSque</strong></span> <span class='ocrx_word' id='word_1_648' title='bbox 3436 3183 3574 3237; x_wconf 86' lang='lat' dir='ltr'><strong>liber</strong></span> 
     </span>
    </p>
   </div>
   <div class='ocr_carea' id='block_1_91' title="bbox 1915 3251 3571 3340">
    <p class='ocr_par' dir='ltr' id='par_1_91' title="bbox 1915 3251 3571 3340">
     <span class='ocr_line' id='line_1_91' title="bbox 1915 3251 3571 3340; baseline 0.004 -16"><span class='ocrx_word' id='word_1_649' title='bbox 1915 3251 2305 3324; x_wconf 77' lang='lat' dir='ltr'><strong>Cdimittitur.</strong></span> <span class='ocrx_word' id='word_1_650' title='bbox 2357 3269 2493 3323; x_wconf 90' lang='lat' dir='ltr'><strong>Cum</strong></span> <span class='ocrx_word' id='word_1_651' title='bbox 2559 3269 2708 3323; x_wconf 88' lang='lat' dir='ltr'><strong>enim</strong></span> <span class='ocrx_word' id='word_1_652' title='bbox 2777 3271 2832 3322; x_wconf 91' lang='lat' dir='ltr'><strong>in</strong></span> <span class='ocrx_word' id='word_1_653' title='bbox 2895 3280 3183 3340; x_wconf 88' lang='lat' dir='ltr'><strong>peccatum</strong></span> <span class='ocrx_word' id='word_1_654' title='bbox 3238 3272 3571 3339; x_wconf 85' lang='lat' dir='ltr'><strong>incidimus,</strong></span> 
     </span>
    </p>
   </div>
   <div class='ocr_carea' id='block_1_92' title="bbox 1990 3364 3571 3436">
    <p class='ocr_par' dir='ltr' id='par_1_92' title="bbox 1990 3364 3571 3436">
     <span class='ocr_line' id='line_1_92' title="bbox 1990 3364 3571 3436; baseline 0.002 -18"><span class='ocrx_word' id='word_1_655' title='bbox 1990 3364 2346 3434; x_wconf 84' lang='lat' dir='ltr'><strong>ignominiam</strong></span> <span class='ocrx_word' id='word_1_656' title='bbox 2390 3365 2520 3421; x_wconf 90' lang='lat' dir='ltr'><strong>inde</strong></span> <span class='ocrx_word' id='word_1_657' title='bbox 2560 3374 2896 3433; x_wconf 85' lang='lat' dir='ltr'><strong>manantem,</strong></span> <span class='ocrx_word' id='word_1_658' title='bbox 2929 3382 3029 3422; x_wconf 89' lang='lat' dir='ltr'><strong>ceu</strong></span> <span class='ocrx_word' id='word_1_659' title='bbox 3083 3367 3356 3436; x_wconf 85' lang='lat' dir='ltr'><strong>quoddam</strong></span> <span class='ocrx_word' id='word_1_660' title='bbox 3389 3368 3571 3421; x_wconf 84' lang='lat' dir='ltr'><strong>velum</strong></span> 
     </span>
    </p>
   </div>
   <div class='ocr_carea' id='block_1_93' title="bbox 1988 3457 3571 3523">
    <p class='ocr_par' dir='ltr' id='par_1_93' title="bbox 1988 3457 3571 3523">
     <span class='ocr_line' id='line_1_93' title="bbox 1988 3457 3571 3523; baseline 0.003 -12"><span class='ocrx_word' id='word_1_661' title='bbox 1988 3458 2188 3511; x_wconf 74' lang='lat' dir='ltr'><strong>animae</strong></span> <span class='ocrx_word' id='word_1_662' title='bbox 2215 3468 2419 3512; x_wconf 54' lang='lat' dir='ltr'><strong>nostrae</strong></span> <span class='ocrx_word' id='word_1_663' title='bbox 2450 3457 2611 3512; x_wconf 86' lang='lat' dir='ltr'><strong>faciei</strong></span> <span class='ocrx_word' id='word_1_664' title='bbox 2641 3459 2996 3523; x_wconf 77' lang='lat' dir='ltr'><strong>obducimus;</strong></span> <span class='ocrx_word' id='word_1_665' title='bbox 3019 3467 3074 3514; x_wconf 85' lang='lat' dir='ltr'><strong>et</strong></span> <span class='ocrx_word' id='word_1_666' title='bbox 3106 3461 3300 3514; x_wconf 88' lang='lat' dir='ltr'><strong>mortis</strong></span> <span class='ocrx_word' id='word_1_667' title='bbox 3334 3461 3571 3516; x_wconf 86' lang='lat' dir='ltr'><strong>vinculis</strong></span> 
     </span>
    </p>
   </div>
   <div class='ocr_carea' id='block_1_94' title="bbox 1989 3548 3573 3624">
    <p class='ocr_par' dir='ltr' id='par_1_94' title="bbox 1989 3548 3573 3624">
     <span class='ocr_line' id='line_1_94' title="bbox 1989 3548 3573 3624; baseline 0.004 -23"><span class='ocrx_word' id='word_1_668' title='bbox 1989 3548 2298 3619; x_wconf 77' lang='lat' dir='ltr'><strong>alligamur.</strong></span> <span class='ocrx_word' id='word_1_669' title='bbox 2334 3549 2469 3604; x_wconf 86' lang='lat' dir='ltr'><strong>Cum</strong></span> <span class='ocrx_word' id='word_1_670' title='bbox 2507 3558 2691 3605; x_wconf 86' lang='lat' dir='ltr'><strong>autem</strong></span> <span class='ocrx_word' id='word_1_671' title='bbox 2731 3566 2831 3606; x_wconf 85' lang='lat' dir='ltr'><strong>nos</strong></span> <span class='ocrx_word' id='word_1_672' title='bbox 2864 3553 3295 3608; x_wconf 85' lang='lat' dir='ltr'><strong>resurrectionis</strong></span> <span class='ocrx_word' id='word_1_673' title='bbox 3325 3561 3573 3624; x_wconf 85' lang='lat' dir='ltr'><strong>tempore</strong></span> 
     </span>
    </p>
   </div>
   <div class='ocr_carea' id='block_1_95' title="bbox 1987 3630 3570 3715">
    <p class='ocr_par' dir='ltr' id='par_1_95' title="bbox 1987 3630 3570 3715">
     <span class='ocr_line' id='line_1_95' title="bbox 1987 3630 3570 3715; baseline 0.005 -21"><span class='ocrx_word' id='word_1_674' title='bbox 1987 3654 2017 3694; x_wconf 91' lang='lat' dir='ltr'><strong>e</strong></span> <span class='ocrx_word' id='word_1_675' title='bbox 2048 3649 2210 3695; x_wconf 69' lang='lat' dir='ltr'><strong>terra:</strong></span> <span class='ocrx_word' id='word_1_676' title='bbox 2244 3643 2620 3696; x_wconf 89' lang='lat' dir='ltr'><strong>monumentis</strong></span> <span class='ocrx_word' id='word_1_677' title='bbox 2643 3643 2844 3698; x_wconf 84' lang='lat' dir='ltr'><strong>educet</strong></span> <span class='ocrx_word' id='word_1_678' title='bbox 2863 3644 3142 3709; x_wconf 86' lang='lat' dir='ltr'><strong>Christus,</strong></span> <span class='ocrx_word' id='word_1_679' title='bbox 3165 3630 3570 3715; x_wconf 82' lang='lat' dir='ltr'><strong>tuncantiquis</strong></span> 
     </span>
    </p>
   </div>
   <div class='ocr_carea' id='block_1_96' title="bbox 1988 3733 3568 3807">
    <p class='ocr_par' dir='ltr' id='par_1_96' title="bbox 1988 3733 3568 3807">
     <span class='ocr_line' id='line_1_96' title="bbox 1988 3733 3568 3807; baseline 0.003 -21"><span class='ocrx_word' id='word_1_680' title='bbox 1988 3734 2288 3802; x_wconf 78' lang='lat' dir='ltr'><strong>expediens</strong></span> <span class='ocrx_word' id='word_1_681' title='bbox 2319 3733 2502 3799; x_wconf 85' lang='lat' dir='ltr'><strong>malis,</strong></span> <span class='ocrx_word' id='word_1_682' title='bbox 2521 3734 2935 3804; x_wconf 83' lang='lat' dir='ltr'><strong>detrahensque</strong></span> <span class='ocrx_word' id='word_1_683' title='bbox 2969 3736 3376 3805; x_wconf 84' lang='lat' dir='ltr'><strong>quodanunodo</strong></span> <span class='ocrx_word' id='word_1_684' title='bbox 3411 3738 3568 3807; x_wconf 77' lang='lat' dir='ltr'><strong>igno-</strong></span> 
     </span>
    </p>
   </div>
   <div class='ocr_carea' id='block_1_97' title="bbox 1986 3824 3566 3898">
    <p class='ocr_par' dir='ltr' id='par_1_97' title="bbox 1986 3824 3566 3898">
     <span class='ocr_line' id='line_1_97' title="bbox 1986 3824 3566 3898; baseline 0.004 -21"><span class='ocrx_word' id='word_1_685' title='bbox 1986 3824 2170 3879; x_wconf 66' lang='lat' dir='ltr'><strong>miniaa</strong></span> <span class='ocrx_word' id='word_1_686' title='bbox 2200 3825 2406 3887; x_wconf 87' lang='lat' dir='ltr'><strong>velum,</strong></span> <span class='ocrx_word' id='word_1_687' title='bbox 2425 3827 2686 3895; x_wconf 89' lang='lat' dir='ltr'><strong>posthinc</strong></span> <span class='ocrx_word' id='word_1_688' title='bbox 2716 3827 2922 3884; x_wconf 85' lang='lat' dir='ltr'><strong>liberos</strong></span> <span class='ocrx_word' id='word_1_689' title='bbox 2952 3830 3106 3883; x_wconf 87' lang='lat' dir='ltr'><strong>abire</strong></span> <span class='ocrx_word' id='word_1_690' title='bbox 3132 3828 3366 3897; x_wconf 72' lang='lat' dir='ltr'><strong>iubebit,</strong></span> <span class='ocrx_word' id='word_1_691' title='bbox 3389 3844 3566 3898; x_wconf 87' lang='lat' dir='ltr'><strong>neque</strong></span> 
     </span>
    </p>
   </div>
   <div class='ocr_carea' id='block_1_98' title="bbox 1986 3913 3564 3984">
    <p class='ocr_par' dir='ltr' id='par_1_98' title="bbox 1986 3913 3564 3984">
     <span class='ocr_line' id='line_1_98' title="bbox 1986 3913 3564 3984; baseline -0.001 -16"><span class='ocrx_word' id='word_1_692' title='bbox 1986 3914 2195 3983; x_wconf 84' lang='lat' dir='ltr'><strong>peccati</strong></span> <span class='ocrx_word' id='word_1_693' title='bbox 2233 3913 2470 3969; x_wconf 87' lang='lat' dir='ltr'><strong>ulterius</strong></span> <span class='ocrx_word' id='word_1_694' title='bbox 2523 3915 2818 3984; x_wconf 81' lang='lat' dir='ltr'><strong>tyrannide</strong></span> <span class='ocrx_word' id='word_1_695' title='bbox 2859 3930 3106 3984; x_wconf 85' lang='lat' dir='ltr'><strong>pressos,</strong></span> <span class='ocrx_word' id='word_1_696' title='bbox 3145 3929 3324 3984; x_wconf 89' lang='lat' dir='ltr'><strong>neque</strong></span> <span class='ocrx_word' id='word_1_697' title='bbox 3370 3928 3564 3967; x_wconf 89' lang='lat' dir='ltr'><strong>corru-</strong></span> 
     </span>
    </p>
   </div>
   <div class='ocr_carea' id='block_1_99' title="bbox 1986 4005 3565 4076">
    <p class='ocr_par' dir='ltr' id='par_1_99' title="bbox 1986 4005 3565 4076">
     <span class='ocr_line' id='line_1_99' title="bbox 1986 4005 3565 4076; baseline -0.001 -16"><span class='ocrx_word' id='word_1_698' title='bbox 1986 4007 2159 4076; x_wconf 88' lang='lat' dir='ltr'><strong>ptioni</strong></span> <span class='ocrx_word' id='word_1_699' title='bbox 2200 4005 2457 4061; x_wconf 86' lang='lat' dir='ltr'><strong>subditos</strong></span> <span class='ocrx_word' id='word_1_700' title='bbox 2505 4014 2600 4059; x_wconf 87' lang='lat' dir='ltr'><strong>aut</strong></span> <span class='ocrx_word' id='word_1_701' title='bbox 2633 4008 2918 4061; x_wconf 87' lang='lat' dir='ltr'><strong>consuetis</strong></span> <span class='ocrx_word' id='word_1_702' title='bbox 2957 4006 3117 4061; x_wconf 89' lang='lat' dir='ltr'><strong>malis</strong></span> <span class='ocrx_word' id='word_1_703' title='bbox 3151 4022 3164 4058; x_wconf 90' lang='lat'><strong>:</strong></span> <span class='ocrx_word' id='word_1_704' title='bbox 3201 4013 3261 4059; x_wconf 91' lang='lat' dir='ltr'><strong>ut</strong></span> <span class='ocrx_word' id='word_1_705' title='bbox 3313 4005 3565 4075; x_wconf 82' lang='lat' dir='ltr'><strong>perﬁcia-</strong></span> 
     </span>
    </p>
   </div>
   <div class='ocr_carea' id='block_1_100' title="bbox 1986 4097 3561 4169">
    <p class='ocr_par' dir='ltr' id='par_1_100' title="bbox 1986 4097 3561 4169">
     <span class='ocr_line' id='line_1_100' title="bbox 1986 4097 3561 4169; baseline 0 -16"><span class='ocrx_word' id='word_1_706' title='bbox 1986 4108 2076 4153; x_wconf 91' lang='lat' dir='ltr'><strong>tur</strong></span> <span class='ocrx_word' id='word_1_707' title='bbox 2112 4100 2167 4153; x_wconf 93' lang='lat' dir='ltr'><strong>in</strong></span> <span class='ocrx_word' id='word_1_708' title='bbox 2218 4099 2376 4154; x_wconf 90' lang='lat' dir='ltr'><strong>nobis</strong></span> <span class='ocrx_word' id='word_1_709' title='bbox 2423 4097 2635 4153; x_wconf 89' lang='lat' dir='ltr'><strong>dictum</strong></span> <span class='ocrx_word' id='word_1_710' title='bbox 2676 4100 2806 4152; x_wconf 92' lang='lat' dir='ltr'><strong>olim</strong></span> <span class='ocrx_word' id='word_1_711' title='bbox 2866 4100 2934 4153; x_wconf 87' lang='lat' dir='ltr'><strong>ab</strong></span> <span class='ocrx_word' id='word_1_712' title='bbox 2980 4116 3091 4153; x_wconf 88' lang='lat' dir='ltr'><strong>uno</strong></span> <span class='ocrx_word' id='word_1_713' title='bbox 3141 4113 3172 4153; x_wconf 90' lang='lat' dir='ltr'><strong>e</strong></span> <span class='ocrx_word' id='word_1_714' title='bbox 3228 4099 3561 4169; x_wconf 86' lang='lat' dir='ltr'><strong>prophetis:</strong></span> 
     </span>
    </p>
   </div>
   <div class='ocr_carea' id='block_1_101' title="bbox 1991 4187 3564 4259">
    <p class='ocr_par' dir='ltr' id='par_1_101' title="bbox 1991 4187 3564 4259">
     <span class='ocr_line' id='line_1_101' title="bbox 1991 4187 3564 4259; baseline 0.006 -21"><span class='ocrx_word' id='word_1_715' title='bbox 1991 4206 2008 4238; x_wconf 83' lang='grc' dir='ltr'><strong>ι</strong></span> <span class='ocrx_word' id='word_1_716' title='bbox 2047 4187 2435 4259; x_wconf 74' lang='lat' dir='ltr'><strong>Egrediemini,</strong></span> <span class='ocrx_word' id='word_1_717' title='bbox 2464 4196 2521 4242; x_wconf 90' lang='lat' dir='ltr'><strong>et</strong></span> <span class='ocrx_word' id='word_1_718' title='bbox 2557 4198 2818 4258; x_wconf 84' lang='lat' dir='ltr'><strong>tanquam</strong></span> <span class='ocrx_word' id='word_1_719' title='bbox 2850 4192 3009 4244; x_wconf 89' lang='lat' dir='ltr'><strong>vituli</strong></span> <span class='ocrx_word' id='word_1_720' title='bbox 3055 4192 3270 4246; x_wconf 82' lang='lat' dir='ltr'><strong>salictis</strong></span> <span class='ocrx_word' id='word_1_721' title='bbox 3326 4191 3564 4248; x_wconf 88' lang='lat' dir='ltr'><strong>vinculis</strong></span> 
     </span>
    </p>
   </div>
   <div class='ocr_carea' id='block_1_102' title="bbox 1984 4279 3561 4338">
    <p class='ocr_par' dir='ltr' id='par_1_102' title="bbox 1984 4279 3561 4338">
     <span class='ocr_line' id='line_1_102' title="bbox 1984 4279 3561 4338; baseline 0.004 -7"><span class='ocrx_word' id='word_1_722' title='bbox 1984 4279 2240 4333; x_wconf 80' lang='lat' dir='ltr'><strong>resoluti.</strong></span> <span class='ocrx_word' id='word_1_723' title='bbox 2296 4298 2315 4330; x_wconf 71' lang='grc' dir='ltr'><strong>ι</strong></span> <span class='ocrx_word' id='word_1_724' title='bbox 2383 4279 2757 4335; x_wconf 81' lang='lat' dir='ltr'><strong>Aeeommoda</strong></span> <span class='ocrx_word' id='word_1_725' title='bbox 2826 4283 2960 4336; x_wconf 90' lang='lat' dir='ltr'><strong>mihi</strong></span> <span class='ocrx_word' id='word_1_726' title='bbox 3011 4284 3175 4337; x_wconf 88' lang='lat' dir='ltr'><strong>etiam</strong></span> <span class='ocrx_word' id='word_1_727' title='bbox 3235 4285 3561 4338; x_wconf 86' lang='lat' dir='ltr'><strong>miraculum</strong></span> 
     </span>
    </p>
   </div>
   <div class='ocr_carea' id='block_1_103' title="bbox 1983 4370 3560 4446">
    <p class='ocr_par' dir='ltr' id='par_1_103' title="bbox 1983 4370 3560 4446">
     <span class='ocr_line' id='line_1_103' title="bbox 1983 4370 3560 4446; baseline 0.004 -23"><span class='ocrx_word' id='word_1_728' title='bbox 1983 4371 2050 4425; x_wconf 88' lang='lat' dir='ltr'><strong>ad</strong></span> <span class='ocrx_word' id='word_1_729' title='bbox 2078 4370 2238 4441; x_wconf 77' lang='lat'><strong>691</strong></span> <span class='ocrx_word' id='word_1_730' title='bbox 2284 4372 2575 4426; x_wconf 89' lang='lat' dir='ltr'><strong>interiora.</strong></span> <span class='ocrx_word' id='word_1_731' title='bbox 2612 4373 2670 4426; x_wconf 85' lang='lat' dir='ltr'><strong>Si</strong></span> <span class='ocrx_word' id='word_1_732' title='bbox 2701 4375 2850 4428; x_wconf 88' lang='lat' dir='ltr'><strong>enim</strong></span> <span class='ocrx_word' id='word_1_733' title='bbox 2889 4390 3041 4430; x_wconf 83' lang='lat' dir='ltr'><strong>mens</strong></span> <span class='ocrx_word' id='word_1_734' title='bbox 3072 4388 3258 4430; x_wconf 90' lang='lat' dir='ltr'><strong>nostra</strong></span> <span class='ocrx_word' id='word_1_735' title='bbox 3300 4385 3560 4446; x_wconf 87' lang='lat' dir='ltr'><strong>tanquam</strong></span> 
     </span>
    </p>
   </div>
   <div class='ocr_carea' id='block_1_104' title="bbox 1982 4461 3562 4535">
    <p class='ocr_par' dir='ltr' id='par_1_104' title="bbox 1982 4461 3562 4535">
     <span class='ocr_line' id='line_1_104' title="bbox 1982 4461 3562 4535; baseline 0.004 -20"><span class='ocrx_word' id='word_1_736' title='bbox 1982 4461 2226 4516; x_wconf 81' lang='lat' dir='ltr'><strong>Lazarus</strong></span> <span class='ocrx_word' id='word_1_737' title='bbox 2286 4472 2502 4517; x_wconf 89' lang='lat' dir='ltr'><strong>mortua</strong></span> <span class='ocrx_word' id='word_1_738' title='bbox 2572 4465 2671 4529; x_wconf 89' lang='lat' dir='ltr'><strong>sit,</strong></span> <span class='ocrx_word' id='word_1_739' title='bbox 2738 4476 2959 4535; x_wconf 83' lang='lat' dir='ltr'><strong>Oportet</strong></span> <span class='ocrx_word' id='word_1_740' title='bbox 3023 4484 3149 4520; x_wconf 84' lang='lat' dir='ltr'><strong>cum</strong></span> <span class='ocrx_word' id='word_1_741' title='bbox 3211 4467 3562 4523; x_wconf 82' lang='lat' dir='ltr'><strong>confessione</strong></span> 
     </span>
    </p>
   </div>
   <div class='ocr_carea' id='block_1_105' title="bbox 1982 4558 3560 4622">
    <p class='ocr_par' dir='ltr' id='par_1_105' title="bbox 1982 4558 3560 4622">
     <span class='ocr_line' id='line_1_105' title="bbox 1982 4558 3560 4622; baseline 0.002 -13"><span class='ocrx_word' id='word_1_742' title='bbox 1982 4558 2180 4611; x_wconf 86' lang='lat' dir='ltr'><strong>molem</strong></span> <span class='ocrx_word' id='word_1_743' title='bbox 2238 4558 2430 4612; x_wconf 88' lang='lat' dir='ltr'><strong>carnis</strong></span> <span class='ocrx_word' id='word_1_744' title='bbox 2463 4558 2830 4622; x_wconf 82' lang='lat' dir='ltr'><strong>materialem,</strong></span> <span class='ocrx_word' id='word_1_745' title='bbox 2862 4567 2918 4612; x_wconf 85' lang='lat' dir='ltr'><strong>et</strong></span> <span class='ocrx_word' id='word_1_746' title='bbox 2951 4559 3408 4613; x_wconf 85' lang='lat' dir='ltr'><strong>venerabiliorem</strong></span> <span class='ocrx_word' id='word_1_747' title='bbox 3441 4560 3560 4612; x_wconf 86' lang='lat' dir='ltr'><strong>ani-</strong></span> 
     </span>
    </p>
   </div>
   <div class='ocr_carea' id='block_1_106' title="bbox 1981 4647 3558 4716">
    <p class='ocr_par' dir='ltr' id='par_1_106' title="bbox 1981 4647 3558 4716">
     <span class='ocr_line' id='line_1_106' title="bbox 1981 4647 3558 4716; baseline 0.003 -16"><span class='ocrx_word' id='word_1_748' title='bbox 1981 4647 2448 4716; x_wconf 49' lang='lat' dir='ltr'><strong>mamitanquam</strong></span> <span class='ocrx_word' id='word_1_749' title='bbox 2490 4647 2759 4702; x_wconf 82' lang='lat' dir='ltr'><strong>Martham</strong></span> <span class='ocrx_word' id='word_1_750' title='bbox 2799 4659 2850 4703; x_wconf 88' lang='lat' dir='ltr'><strong>et</strong></span> <span class='ocrx_word' id='word_1_751' title='bbox 2887 4648 3145 4713; x_wconf 80' lang='lat' dir='ltr'><strong>Mariam,</strong></span> <span class='ocrx_word' id='word_1_752' title='bbox 3192 4649 3454 4704; x_wconf 79' lang='lat' dir='ltr'><strong>accedere</strong></span> <span class='ocrx_word' id='word_1_753' title='bbox 3489 4649 3558 4704; x_wconf 84' lang='lat' dir='ltr'><strong>ad</strong></span> 
     </span>
    </p>
   </div>
   <div class='ocr_carea' id='block_1_107' title="bbox 1975 4738 3556 4811">
    <p class='ocr_par' dir='ltr' id='par_1_107' title="bbox 1975 4738 3556 4811">
     <span class='ocr_line' id='line_1_107' title="bbox 1975 4738 3556 4811; baseline 0.001 -18"><span class='ocrx_word' id='word_1_754' title='bbox 1975 4738 2256 4793; x_wconf 90' lang='lat' dir='ltr'><strong>Christum</strong></span> <span class='ocrx_word' id='word_1_755' title='bbox 2301 4746 2354 4792; x_wconf 88' lang='lat' dir='ltr'><strong>et</strong></span> <span class='ocrx_word' id='word_1_756' title='bbox 2404 4738 2693 4808; x_wconf 88' lang='lat' dir='ltr'><strong>deprecari</strong></span> <span class='ocrx_word' id='word_1_757' title='bbox 2732 4762 2743 4793; x_wconf 86' lang='lat'>:</span> <span class='ocrx_word' id='word_1_758' title='bbox 2780 4749 2834 4793; x_wconf 88' lang='lat' dir='ltr'><strong>et</strong></span> <span class='ocrx_word' id='word_1_759' title='bbox 2879 4740 2973 4794; x_wconf 89' lang='lat' dir='ltr'><strong>ille</strong></span> <span class='ocrx_word' id='word_1_760' title='bbox 3003 4747 3194 4796; x_wconf 85' lang='lat' dir='ltr'><strong>astans</strong></span> <span class='ocrx_word' id='word_1_761' title='bbox 3243 4741 3556 4811; x_wconf 88' lang='lat' dir='ltr'><strong>impositam</strong></span> 
     </span>
    </p>
   </div>
   <div class='ocr_carea' id='block_1_108' title="bbox 1975 4828 3557 4900">
    <p class='ocr_par' dir='ltr' id='par_1_108' title="bbox 1975 4828 3557 4900">
     <span class='ocr_line' id='line_1_108' title="bbox 1975 4828 3557 4900; baseline -0.001 -13"><span class='ocrx_word' id='word_1_762' title='bbox 1975 4834 2259 4888; x_wconf 69' lang='lat' dir='ltr'><strong>memoriae</strong></span> <span class='ocrx_word' id='word_1_763' title='bbox 2298 4832 2416 4885; x_wconf 92' lang='lat' dir='ltr'><strong>tolli</strong></span> <span class='ocrx_word' id='word_1_764' title='bbox 2448 4831 2667 4900; x_wconf 77' lang='lat' dir='ltr'><strong>jubebit</strong></span> <span class='ocrx_word' id='word_1_765' title='bbox 2695 4828 2955 4886; x_wconf 83' lang='lat' dir='ltr'><strong>duritiem</strong></span> <span class='ocrx_word' id='word_1_766' title='bbox 2990 4846 3055 4886; x_wconf 90' lang='lat' dir='ltr'><strong>ac</strong></span> <span class='ocrx_word' id='word_1_767' title='bbox 3088 4833 3314 4897; x_wconf 88' lang='lat' dir='ltr'><strong>callum,</strong></span> <span class='ocrx_word' id='word_1_768' title='bbox 3345 4841 3399 4887; x_wconf 90' lang='lat' dir='ltr'><strong>et</strong></span> <span class='ocrx_word' id='word_1_769' title='bbox 3440 4834 3557 4886; x_wconf 90' lang='lat' dir='ltr'><strong>ela-</strong></span> 
     </span>
    </p>
   </div>
   <div class='ocr_carea' id='block_1_109' title="bbox 1976 4922 3557 4992">
    <p class='ocr_par' dir='ltr' id='par_1_109' title="bbox 1976 4922 3557 4992">
     <span class='ocr_line' id='line_1_109' title="bbox 1976 4922 3557 4992; baseline 0.002 -15"><span class='ocrx_word' id='word_1_770' title='bbox 1976 4923 2149 4977; x_wconf 89' lang='lat' dir='ltr'><strong>mabit</strong></span> <span class='ocrx_word' id='word_1_771' title='bbox 2196 4936 2392 4992; x_wconf 78' lang='lat' dir='ltr'><strong>magna</strong></span> <span class='ocrx_word' id='word_1_772' title='bbox 2433 4924 2763 4992; x_wconf 64' lang='lat' dir='ltr'><strong>evangelicae</strong></span> <span class='ocrx_word' id='word_1_773' title='bbox 2802 4923 2946 4977; x_wconf 58' lang='lat' dir='ltr'><strong>tubae</strong></span> <span class='ocrx_word' id='word_1_774' title='bbox 2982 4938 3115 4978; x_wconf 89' lang='lat' dir='ltr'><strong>voce</strong></span> <span class='ocrx_word' id='word_1_775' title='bbox 3155 4944 3168 4979; x_wconf 91' lang='lat'><strong>:</strong></span> <span class='ocrx_word' id='word_1_776' title='bbox 3216 4922 3332 4978; x_wconf 87' lang='lat' dir='ltr'><strong>lluc</strong></span> <span class='ocrx_word' id='word_1_777' title='bbox 3374 4926 3557 4980; x_wconf 83' lang='lat' dir='ltr'><strong>venite</strong></span> 
     </span>
    </p>
   </div>
   <div class='ocr_carea' id='block_1_110' title="bbox 1974 5014 3552 5085">
    <p class='ocr_par' dir='ltr' id='par_1_110' title="bbox 1974 5014 3552 5085">
     <span class='ocr_line' id='line_1_110' title="bbox 1974 5014 3552 5085; baseline 0 -16"><span class='ocrx_word' id='word_1_778' title='bbox 1974 5023 2129 5070; x_wconf 78' lang='lat' dir='ltr'><strong>extra</strong></span> <span class='ocrx_word' id='word_1_779' title='bbox 2175 5014 2366 5068; x_wconf 90' lang='lat' dir='ltr'><strong>mundi</strong></span> <span class='ocrx_word' id='word_1_780' title='bbox 2405 5014 2800 5069; x_wconf 87' lang='lat' dir='ltr'><strong>distraetiones</strong></span> <span class='ocrx_word' id='word_1_781' title='bbox 2836 5032 2848 5068; x_wconf 92' lang='lat'><strong>:</strong></span> <span class='ocrx_word' id='word_1_782' title='bbox 2885 5025 2939 5070; x_wconf 91' lang='lat' dir='ltr'><strong>et</strong></span> <span class='ocrx_word' id='word_1_783' title='bbox 2967 5015 3146 5071; x_wconf 87' lang='lat' dir='ltr'><strong>solvet</strong></span> <span class='ocrx_word' id='word_1_784' title='bbox 3200 5022 3552 5085; x_wconf 86' lang='lat' dir='ltr'><strong>peccatorum</strong></span> 
     </span>
    </p>
   </div>
   <div class='ocr_carea' id='block_1_111' title="bbox 1973 5105 3553 5177">
    <p class='ocr_par' dir='ltr' id='par_1_111' title="bbox 1973 5105 3553 5177">
     <span class='ocr_line' id='line_1_111' title="bbox 1973 5105 3553 5177; baseline -0.001 -15"><span class='ocrx_word' id='word_1_785' title='bbox 1973 5118 2221 5172; x_wconf 86' lang='lat' dir='ltr'><strong>catenas,</strong></span> <span class='ocrx_word' id='word_1_786' title='bbox 2264 5107 2338 5161; x_wconf 88' lang='lat' dir='ltr'><strong>ita</strong></span> <span class='ocrx_word' id='word_1_787' title='bbox 2375 5113 2437 5161; x_wconf 88' lang='lat' dir='ltr'><strong>ut</strong></span> <span class='ocrx_word' id='word_1_788' title='bbox 2475 5105 2754 5177; x_wconf 89' lang='lat' dir='ltr'><strong>possimus</strong></span> <span class='ocrx_word' id='word_1_789' title='bbox 2799 5107 3008 5163; x_wconf 85' lang='lat' dir='ltr'><strong>moveri</strong></span> <span class='ocrx_word' id='word_1_790' title='bbox 3056 5106 3448 5163; x_wconf 86' lang='lat' dir='ltr'><strong>convenienter</strong></span> <span class='ocrx_word' id='word_1_791' title='bbox 3482 5106 3553 5160; x_wconf 90' lang='lat' dir='ltr'><strong>ad</strong></span> 
     </span>
    </p>
   </div>
   <div class='ocr_carea' id='block_1_112' title="bbox 1971 5199 2253 5254">
    <p class='ocr_par' dir='ltr' id='par_1_112' title="bbox 1971 5199 2253 5254">
     <span class='ocr_line' id='line_1_112' title="bbox 1971 5199 2253 5254; baseline -0.007 0"><span class='ocrx_word' id='word_1_792' title='bbox 1971 5199 2253 5254; x_wconf 89' lang='lat' dir='ltr'><strong>virtutem.</strong></span> 
     </span>
    </p>
   </div>
   <div class='ocr_carea' id='block_1_113' title="bbox 2004 5286 3548 5358">
    <p class='ocr_par' dir='ltr' id='par_1_113' title="bbox 2004 5286 3548 5358">
     <span class='ocr_line' id='line_1_113' title="bbox 2004 5286 3548 5358; baseline 0 -17"><span class='ocrx_word' id='word_1_793' title='bbox 2004 5286 2140 5353; x_wconf 69' lang='lat' dir='ltr'><strong>.Xl,</strong></span> <span class='ocrx_word' id='word_1_794' title='bbox 2201 5288 2289 5342; x_wconf 67' lang='grc'><strong>45.</strong></span> <span class='ocrx_word' id='word_1_795' title='bbox 2351 5286 2516 5341; x_wconf 82' lang='lat' dir='ltr'><strong>Multi</strong></span> <span class='ocrx_word' id='word_1_796' title='bbox 2559 5304 2680 5358; x_wconf 82' lang='lat' dir='ltr'><strong>ergo</strong></span> <span class='ocrx_word' id='word_1_797' title='bbox 2727 5303 2793 5342; x_wconf 76' lang='lat' dir='ltr'><strong>ea:</strong></span> <span class='ocrx_word' id='word_1_798' title='bbox 2850 5287 3057 5344; x_wconf 76' lang='lat' dir='ltr'><strong>Judwis</strong></span> <span class='ocrx_word' id='word_1_799' title='bbox 3108 5288 3442 5344; x_wconf 78' lang='lat' dir='ltr'><strong>crediderunt</strong></span> <span class='ocrx_word' id='word_1_800' title='bbox 3493 5287 3548 5341; x_wconf 86' lang='lat' dir='ltr'><strong>in</strong></span> 
     </span>
    </p>
   </div>
   <div class='ocr_carea' id='block_1_114' title="bbox 1972 5396 2113 5433">
    <p class='ocr_par' dir='ltr' id='par_1_114' title="bbox 1972 5396 2113 5433">
     <span class='ocr_line' id='line_1_114' title="bbox 1972 5396 2113 5433; baseline -0.007 0"><span class='ocrx_word' id='word_1_801' title='bbox 1972 5396 2113 5433; x_wconf 81' lang='lat' dir='ltr'><strong>eum.</strong></span> 
     </span>
    </p>
   </div>
   <div class='ocr_carea' id='block_1_115' title="bbox 2041 5440 3537 5527">
    <p class='ocr_par' dir='ltr' id='par_1_115' title="bbox 2041 5440 3537 5527">
     <span class='ocr_line' id='line_1_115' title="bbox 2041 5440 3537 5527; baseline 0.001 -3"><span class='ocrx_word' id='word_1_802' title='bbox 2041 5472 2190 5525; x_wconf 80' lang='lat' dir='ltr'><strong>Multi</strong></span> <span class='ocrx_word' id='word_1_803' title='bbox 2240 5464 2320 5525; x_wconf 85' lang='lat' dir='ltr'><strong>réi</strong></span> <span class='ocrx_word' id='word_1_804' title='bbox 2377 5469 2625 5524; x_wconf 88' lang='lat' dir='ltr'><strong>novitate</strong></span> <span class='ocrx_word' id='word_1_805' title='bbox 2671 5477 2727 5525; x_wconf 86' lang='lat' dir='ltr'><strong>et</strong></span> <span class='ocrx_word' id='word_1_806' title='bbox 2782 5440 3053 5527; x_wconf 68' lang='lat' dir='ltr'><strong>miraculo</strong></span> <span class='ocrx_word' id='word_1_807' title='bbox 3105 5471 3235 5525; x_wconf 83' lang='lat' dir='ltr'><strong>victi</strong></span> <span class='ocrx_word' id='word_1_808' title='bbox 3284 5467 3537 5525; x_wconf 81' lang='lat' dir='ltr'><strong>credide-</strong></span> 
     </span>
    </p>
   </div>
   <div class='ocr_carea' id='block_1_116' title="bbox 2047 5696 3541 5769">
    <p class='ocr_par' dir='ltr' id='par_1_116' title="bbox 2047 5696 3541 5769">
     <span class='ocr_line' id='line_1_116' title="bbox 2047 5696 3541 5769; baseline 0.004 -20"><span class='ocrx_word' id='word_1_809' title='bbox 2047 5696 2651 5769; x_wconf 73' lang='lat' dir='ltr'><strong>(2)00ntemporancus</strong></span> <span class='ocrx_word' id='word_1_810' title='bbox 2714 5700 2918 5769; x_wconf 73' lang='lat' dir='ltr'><strong>Cyl-illo</strong></span> <span class='ocrx_word' id='word_1_811' title='bbox 2950 5699 3292 5765; x_wconf 72' lang='lat' dir='ltr'><strong>Augustinus</strong></span> <span class='ocrx_word' id='word_1_812' title='bbox 3333 5701 3415 5769; x_wconf 87' lang='lat' dir='ltr'><strong>p&#39;e</strong></span> <span class='ocrx_word' id='word_1_813' title='bbox 3445 5702 3541 5755; x_wconf 84' lang='lat' dir='ltr'><strong>do-</strong></span> 
     </span>
    </p>
   </div>
   <div class='ocr_carea' id='block_1_117' title="bbox 1958 5771 3539 5838">
    <p class='ocr_par' dir='ltr' id='par_1_117' title="bbox 1958 5771 3539 5838">
     <span class='ocr_line' id='line_1_117' title="bbox 1958 5771 3539 5838; baseline 0.005 -18"><span class='ocrx_word' id='word_1_814' title='bbox 1958 5775 2153 5835; x_wconf 88' lang='lat' dir='ltr'><strong>cteque</strong></span> <span class='ocrx_word' id='word_1_815' title='bbox 2186 5779 2566 5838; x_wconf 76' lang='lat' dir='ltr'><strong>argumentum</strong></span> <span class='ocrx_word' id='word_1_816' title='bbox 2586 5772 2690 5823; x_wconf 92' lang='lat' dir='ltr'><strong>hoc</strong></span> <span class='ocrx_word' id='word_1_817' title='bbox 2715 5773 2781 5823; x_wconf 87' lang='lat' dir='ltr'><strong>de</strong></span> <span class='ocrx_word' id='word_1_818' title='bbox 2806 5771 2981 5823; x_wconf 89' lang='lat' dir='ltr'><strong>tribus</strong></span> <span class='ocrx_word' id='word_1_819' title='bbox 3009 5772 3240 5823; x_wconf 74' lang='lat' dir='ltr'><strong>mortuis</strong></span> <span class='ocrx_word' id='word_1_820' title='bbox 3260 5788 3286 5822; x_wconf 87' lang='lat' dir='ltr'><strong>a</strong></span> <span class='ocrx_word' id='word_1_821' title='bbox 3311 5772 3539 5829; x_wconf 72' lang='lat' dir='ltr'><strong>Domino</strong></span> 
     </span>
    </p>
   </div>
   <div class='ocr_carea' id='block_1_118' title="bbox 1951 5838 3334 5907">
    <p class='ocr_par' dir='ltr' id='par_1_118' title="bbox 1951 5838 3334 5907">
     <span class='ocr_line' id='line_1_118' title="bbox 1951 5838 3334 5907; baseline 0.004 -16"><span class='ocrx_word' id='word_1_822' title='bbox 1951 5838 2234 5894; x_wconf 86' lang='lat' dir='ltr'><strong>suscitatis</strong></span> <span class='ocrx_word' id='word_1_823' title='bbox 2266 5844 2470 5895; x_wconf 80' lang='lat' dir='ltr'><strong>tractat</strong></span> <span class='ocrx_word' id='word_1_824' title='bbox 2516 5855 2996 5907; x_wconf 72' lang='lat' dir='ltr'><strong>sermoneoxcvut,</strong></span> <span class='ocrx_word' id='word_1_825' title='bbox 3038 5840 3124 5895; x_wconf 89' lang='lat' dir='ltr'><strong>ed.</strong></span> <span class='ocrx_word' id='word_1_826' title='bbox 3159 5840 3334 5895; x_wconf 61' lang='grc' dir='ltr'>Μλιτιι.</span> 
     </span>
    </p>
   </div>
  </div>
