4104 6424
524 368 595 422 c7
1532 365 1587 420 s.
1631 361 1907 421 manu
1948 363 2427 419 nauseam
2463 363 2791 423 ARLlllEP.
3368 342 3377 347 ’
3739 377 3811 436 es

533 488 706 547 runt;
762 479 853 534 alii
909 494 1038 534 vero
1074 479 1245 535 livore
1286 479 1552 549 impulsi,
1592 480 1945 535 occasionem
1988 478 2116 533 inde

2229 477 2409 549 ἕτεροι
2455 479 2512 533 δὲ
2557 480 2634 551 τῷ
2667 480 2846 552 φθόνῳ
2869 481 3192 553 τρωθέντες.
3231 485 3487 560 ἀφορμὴν
3523 488 3807 549 ποιοῦνται

532 580 894 642 sumpserunt
950 572 1211 640 patrandi
1270 586 1336 625 ea
1386 587 1512 641 qua:
1572 570 1775 626 invidis
1826 586 1946 625 mos
1994 579 2117 634 est,

532 663 992 733 principibusque
1017 663 1167 731 quod
1202 664 1409 716 factum
1440 670 1560 715 erat
1591 663 1934 725 retulerunt,
1973 671 2036 715 ut
2065 669 2119 716 ct

534 756 644 811 illis
679 754 750 809 ob
802 772 868 810 ea
914 770 1035 823 quae
1067 754 1263 809 fecerit
1290 753 1551 811 Christus
1574 792 1590 819 ,
1622 754 1875 809 molestia
1906 754 2120 810 aﬂectis

531 856 587 901 et
619 847 1167 914 anxiis,nonnullum
1200 846 1286 899 sui
1319 846 1528 900 doloris
1556 846 1812 901 solatium
1844 848 2118 915 habeant,

533 940 772 994 inventis
802 939 886 995 sui
922 938 1181 993 mmroris
1213 938 1572 995 consortibus
1604 954 1668 993 ac
1697 940 1967 995 rivalibus
1987 981 2001 1004 ,
2030 951 2118 994 nt-

532 1050 643 1104 que
698 1049 823 1088 eum
860 1033 965 1101 ipsi
1005 1046 1116 1084 non
1153 1038 1380 1100 possent
1432 1031 1489 1085 in
1523 1048 1587 1087 os
1622 1032 1827 1087 intueri
1864 1049 1988 1088 eum
2023 1033 2119 1103 qui

533 1124 669 1180 nihil
708 1123 982 1193 injustam
1022 1119 1254 1186 fecerat,
1295 1122 1637 1191 potentiores
1691 1121 1960 1180 adversus
1991 1138 2117 1179 eum

532 1218 818 1272 irritarent
856 1222 1025 1284 atque
1064 1214 1459 1271 accenderent.

602 1309 668 1362 XI
692 1351 706 1374 ,
741 1309 833 1363 47.
876 1307 1019 1373 Quid
1051 1307 1284 1376 facimus
1307 1348 1322 1374 ,
1353 1307 1480 1376 quia
1520 1307 1605 1360 hic
1635 1307 1790 1362 homo
1827 1308 1997 1362 multa
2043 1309 2122 1361 si-

527 1419 633 1474 gna
667 1402 800 1473 facit
825 1405 850 1457 ?

598 1494 899 1549 Enimvero
936 1493 1224 1560 Pharisaei,
1267 1494 1475 1548 omissa
1514 1491 1910 1552 admiratione.
1940 1494 2119 1547 dolori

530 1601 591 1641 se
646 1585 908 1651 tradunt,
960 1594 1016 1641 et
1052 1576 1130 1640 de
1179 1584 1489 1640 occidendo
1570 1586 1894 1641 consultant
1955 1602 2118 1655 quem

530 1679 898 1750 patentiorem
956 1677 1189 1746 vident,
1244 1693 1357 1741 non
1411 1678 1725 1748 cogitantes
1783 1678 2119 1735 ineffabilem

530 1772 866 1845 potentiam,
900 1779 981 1837 et,
1003 1780 1065 1825 ut
1091 1771 1161 1826 de
1189 1770 1416 1826 homine
1447 1771 1686 1841 simplici
1713 1771 2116 1838 existimantes,

531 1866 761 1921 dicunt:
792 1884 809 1915 ι
842 1864 988 1931 Quid
1034 1863 1273 1919 facimus
1307 1903 1323 1930 ,
1372 1865 1507 1934 quia
1556 1868 1722 1919 homo
1774 1864 1893 1935 ipse
1947 1869 2118 1917 multa

532 1958 690 2028 signa
722 1955 896 2011 facit?
928 1973 946 2007 ι
999 1955 1250 2026 quamvis
1296 1955 1472 2025 magis
1518 1971 1586 2010 ex
1629 1969 1697 2011 eo
1744 1956 1976 2013 credere
2022 1971 2120 2011 eos

533 2048 781 2119 oportuit
821 2046 1000 2117 ipsum
1031 2061 1154 2102 esse
1182 2044 1469 2100 Christum
1492 2083 1508 2111 ,
1544 2062 1708 2116 quem
1744 2046 1933 2101 divina
1964 2045 2120 2101 Scri-

533 2150 696 2211 ptura
732 2140 921 2193 multis
949 2139 1087 2192 locis
1129 2138 1520 2207 praedixisset,
1566 2138 1813 2193 futurum
1865 2138 2122 2195 videlicet

534 2230 833 2283 multorum
869 2228 1267 2282 miraculorum
1316 2228 1605 2283 factorem.
1656 2230 1734 2283 llli
1790 2244 1921 2285 vero
1954 2230 2120 2285 etiam

534 2336 759 2376 causam
798 2330 1152 2391 praetexunt,
1192 2337 1289 2392 per
1322 2337 1490 2392 quam
1528 2322 1854 2377 nitebantur
1890 2337 2121 2393 persua-

534 2415 665 2469 dere
697 2413 1000 2467 levioribus
1038 2422 1096 2466 ut
1136 2428 1264 2468 eum
1318 2413 1668 2478 occiderent,
1720 2424 1775 2469 et
1808 2414 1965 2469 aiunt
1996 2435 2007 2468 :
2059 2412 2120 2469 Si

536 2524 659 2561 eum
695 2508 773 2561 sic
817 2506 1272 2576 permiserimus,
1308 2521 1412 2576 pro
1452 2520 1519 2561 eo
1566 2507 1715 2576 quod
1762 2515 1888 2574 est,
1936 2509 2123 2564 vivere

535 2608 590 2651 et
623 2597 888 2650 miracula
926 2594 1107 2650 fecere
1130 2635 1144 2659 ,
1179 2597 1419 2665 pessime
1446 2596 1739 2651 nobiscum
1796 2609 2010 2668 agetur.
2062 2599 2121 2653 Si

534 2688 681 2743 enim
742 2687 833 2742 isti
892 2687 1066 2757 legem
1119 2687 1347 2743 violanti
1397 2688 1596 2759 vulgus
1649 2689 1984 2758 adhaeserit,
2032 2705 2123 2746 res

535 2789 739 2834 nostrm
777 2780 1041 2850 deinceps
1071 2780 1433 2836 conclamata:
1479 2791 1631 2845 sunt,
1660 2797 1723 2836 ac
1748 2784 2120 2853 postmodum,

536 2881 799 2941 tanquam
854 2869 1061 2927 Iudaeis
1117 2870 1425 2927 debilitatis
1456 2889 1521 2927 ac
1558 2874 1992 2935 inclinantibus.
2033 2876 2121 2930 in-

535 2964 738 3019 vadent
770 2963 826 3018 in
876 2978 977 3017 nos
1029 2962 1260 3016 Romani
1282 3000 1309 3027 ,ι
1343 2978 1523 3032 neque
1571 2963 1823 3032 paternis
1873 2964 2124 3020 moribus

536 3071 639 3112 nos
670 3057 845 3110 libere
875 3055 956 3109 uti
993 3055 1198 3119 sinent,
1224 3070 1405 3125 neque
1433 3063 1635 3109 nostra:
1683 3057 1830 3126 genti
1864 3073 2118 3127 pratcsse.

2220 568 2283 621 τὸ
2315 569 2500 638 θαῦμα
2536 570 2630 622 τοῦ
2663 570 2859 642 δράσαι
2894 571 2963 625 τὰ
2991 572 3098 625 τῶν
3145 572 3507 644 φθονούντων,
3565 582 3660 636 καὶ
3692 586 3808 648 τοῖς

2222 662 2552 733 ἡγουμένοις
2603 664 2951 734 ἀπήγγειλαν
2988 664 3049 717 τὸ
3082 668 3344 735 γεγονὸς,
3402 670 3488 724 ἵνα
3533 674 3807 730 κάκείνων

2222 751 2574 823 λυπηθέντων
2598 752 2684 821 ἐφ’
2707 746 2790 816 οἷς
2819 754 3115 822 εἰργάσατο
3142 758 3170 809 ὁ
3196 757 3450 828 Χριστὸς,
3486 762 3655 832 σχῶσί
3683 783 3808 820 τινα

2221 843 2552 915 παραψυχὴν
2586 844 2688 915 τῆς
2719 845 2855 909 ἰδίας
2912 846 3109 918 λύπης,
3168 848 3246 919 τῷ
3293 852 3390 904 καὶ
3429 854 3622 919 ἄλλους
3660 857 3807 927 ἔχειν

2220 938 2530 1007 ὁμόφρονας
2573 938 2668 991 καὶ
2721 942 3123 1007 συγκοινωνοὺς
3153 943 3252 1012 τῆς
3284 944 3635 1016 παράφρονος
3667 948 3771 1001 ταῦ

2223 1048 2323 1100 της
2357 1030 2555 1102 λύπηςο
2598 1030 2694 1084 καὶ
2727 1032 2813 1085 ἵνα
2864 1033 3021 1085 αὐτοὶ
3073 1034 3149 1105 μὴ
3196 1035 3472 1105 ἰσχύοντες
3509 1038 3701 1109 βλέψαι
3728 1041 3806 1111 (Ι)

2222 1119 2313 1171 τὸν
2343 1118 2497 1172 οὐδὲν
2520 1118 2882 1191 ἀδικήσαντα,
2930 1122 3058 1185 τοὺς
3094 1122 3499 1197 δυνατωτέρους
3541 1130 3661 1181 κατ’
3704 1131 3808 1183 αὐ-

2221 1209 2318 1262 τοῦ
2354 1209 2668 1280 ὲρεθίσωτι.

2300 1304 2361 1355 Τί
2407 1302 2717 1370 ποιοῦμεν,
2771 1303 2858 1355 ὅτι
2914 1306 2946 1356 ό
2998 1304 3309 1374 ἄνθρωπος
3359 1306 3539 1378 οὗτος
3585 1314 3809 1383 σημεῖα

2222 1394 2431 1448 πολλὰ
2464 1396 2621 1449 ποιεῖ
2637 1412 2656 1458 ;

2308 1489 2524 1559 Ἀμέλει
2557 1492 2725 1544 κα.ὶοὶ
2768 1492 2866 1561 μὲν
2894 1495 3181 1566 Φαρισαῖοι
3215 1494 3274 1547 τὸ
3304 1495 3604 1567 θαυμάζειν
3637 1499 3805 1567 ἀφέν-

2222 1596 2336 1645 τες,
2368 1582 2461 1635 ἐπὶ
2486 1582 2547 1635 τὸ
2578 1582 2869 1638 λυπεῖσθαι
2903 1587 3220 1654 τρέπονται,
3254 1589 3348 1640 καὶ
3377 1588 3608 1642 Θανάτου
3643 1590 3809 1644 αὑτὸν

2223 1674 2510 1744 κρείττονα
2569 1675 2880 1747 βλέποντες,
2924 1680 3248 1734 ἀποκτεῖναι
3287 1681 3654 1751 βουλεύονταιο
3706 1686 3809 1738 οὐκ

2227 1765 2536 1830 ἐννοοῦντες
2568 1766 2666 1837 τὴν
2696 1766 2902 1836 ἄφατον
2939 1769 3211 1836 ἐξουσίαν,
3256 1771 3330 1835 ὠς
3363 1774 3493 1845 περὶ
3518 1774 3804 1846 ἀνθρώπου

2221 1858 2278 1912 δὲ
2314 1857 2471 1928 ψιλοῦ
2500 1859 2833 1927 ἐννοοῦντες,
2881 1861 3126 1917 ἐλάλουν·
3158 1881 3177 1915 ι
3220 1865 3285 1917 Τί
3337 1866 3620 1935 ποιοῦμεν,
3663 1868 3744 1921 ὃτι
3778 1869 3807 1920 ὁ

2222 1948 2512 2019 ἄνθρωπος
2558 1943 2713 2013 οὗτος
2746 1950 2918 2004 πολλὰ
2952 1957 3155 2023 σημεῖα
3180 1957 3359 2020 ποιεῖς
3401 1975 3419 2006 ι
3465 1957 3657 2009 Καίτοι
3686 1956 3805 2009 δέον

2221 2038 2287 2092 ὲκ
2310 2037 2501 2091 τούτου
2538 2039 2743 2108 μᾶλλον
2767 2040 3084 2108 πιστεῦσαι,
3113 2044 3195 2097 ὅτι
3217 2045 3378 2108 αὐτὸς
3401 2041 3467 2114 ἦν
3495 2048 3523 2099 ὁ
3548 2048 3801 2117 Χριστὸς,

2220 2130 2338 2201 ὃνή
2373 2128 2732 2195 θεόπνευστος
2754 2133 2947 2207 Γραφὴ
2979 2136 3037 2189 ἐν
3071 2135 3286 2201 πολλοῖς
3326 2140 3802 2210 προανεφὼνησεν,

2222 2223 2305 2275 ὅτι
2334 2221 2546 2276 πολλῶν
2584 2224 2828 2294 σημείων
2862 2224 3014 2278 ἔσται
3069 2225 3423 2298 δημιουργός.
3482 2230 3545 2280 Οί
3584 2227 3663 2293 δὲ,
3711 2229 3805 2283 καὶ

2223 2314 2400 2368 αἰτίαν
2440 2315 2888 2385 προφασίζονται,
2921 2315 2988 2369 δι’
3021 2312 3090 2388 ἧς
3121 2317 3422 2389 ἐπειρῶντο
3460 2320 3646 2373 πεῖσαι
3679 2320 3807 2384 τοὺς

2224 2407 2644 2480 ἐλαφροτέρους,
2703 2411 3022 2463 ἀποκτεῖναι
3075 2410 3259 2477 αὐτὸν,
3331 2411 3426 2465 καί
3483 2429 3678 2482 φασιν·
3709 2412 3807 2465 Ἂν

2225 2500 2477 2571 ἐάσωμεν
2504 2499 2893 2565 αὑτὸνοῦτως,
2933 2501 3054 2554 ἀντὶ
3088 2500 3203 2567 τοῦ,
3242 2500 3420 2566 ζῶντα
3467 2504 3560 2558 καὶ
3595 2504 3810 2576 θαυμα-

2222 2594 2578 2665 τουργοῦντα,
2623 2592 2925 2663 πεισόμεθα
2973 2594 3250 2650 πάνδεινα.
3301 2593 3428 2648 Ἐὰν
3479 2597 3587 2665 γὰρ
3633 2597 3811 2667 τούτῳ

2223 2686 2315 2739 τὸν
2344 2685 2509 2755 νόμον
2543 2683 2865 2737 καταλύοντι
2913 2684 3247 2739 πιστεύοωσι
3295 2685 3501 2751 πολλοὶ,
3530 2688 3808 2756 οἰχήσεται

2226 2776 2413 2831 λοιπὸν
2444 2778 2515 2830 τὰ
2567 2778 2833 2849 ἡμέτερω
2881 2777 2978 2830 καὶ
3032 2778 3220 2832 λοιπὸν
3270 2780 3347 2841 ὠς
3393 2779 3809 2851 ἀσθενησάντων

2240 2868 2508 2922 Ἰουδαίων
2537 2872 2616 2932 είς
2648 2869 2820 2932 τέλος,
2853 2868 3211 2938 ὲπιθήσονται
3262 2872 3398 2941 ἡμῖν
3429 2872 3477 2923 οἱ
3514 2869 3804 2937 Ῥωμαῖοι,

2227 2963 2322 3016 καὶ
2347 2963 2447 3016 οὐκ
2478 2963 2728 3016 ἐάσουσιν
2757 2965 2907 3034 ἡμᾶς
2935 2965 3049 3026 τοῖς
3102 2960 3377 3033 πατρῴοις
3417 2962 3595 3016 ἔθεσιν
3636 2963 3810 3027 ἀδεῶς

2227 3055 2559 3127 χρήσασθαι,
2584 3054 2711 3108 οὔτε
2745 3054 2839 3108 τοῦ
2875 3053 3006 3108 ἰδίου
3038 3054 3228 3124 ἄρχειν
3259 3053 3468 3117 ἔθνους,
3506 3053 3632 3107 οὕτε
3659 3054 3813 3108 δικόι-

539 3164 717 3219 neque
740 3147 993 3217 judicare
1017 3187 1031 3211 ,
1067 3147 1283 3218 ipsique
1311 3148 1496 3217 potius
1523 3148 1889 3216 jndicabunt,
1923 3159 1978 3205 et
2010 3166 2116 3204 non

2228 3145 2360 3211 ζειν,
2416 3146 2571 3200 αὐτοὶ
2596 3146 2796 3216 μᾶλλον
2847 3146 3185 3211 δικάζοντες,
3221 3146 3313 3200 καὶ
3346 3146 3444 3215 οὐχ
3493 3147 3661 3216 ἡμεῖς
3704 3145 3809 3199 ἔτι.

535 3242 776 3309 amplius
802 3254 922 3295 nos.
961 3237 1071 3293 Sed
1102 3239 1249 3293 enim
1280 3239 1368 3293 hic
1392 3255 1585 3309 pinnas
1617 3240 1888 3296 dederunt
1918 3240 2118 3307 Judmi,

539 3331 667 3385 licet
713 3345 823 3383 non
869 3344 969 3399 pro
1014 3328 1285 3398 gravitate
1326 3344 1519 3383 eorum
1565 3344 1689 3399 quae
1734 3330 1788 3383 in
1832 3331 2117 3385 Christum

536 3420 892 3490 deliquerunt
914 3460 929 3486 ,
985 3417 1260 3474 dederunt
1294 3427 1473 3474 tamen
1504 3438 1515 3474 :
1561 3436 1686 3489 quae
1724 3423 1872 3476 enim
1921 3438 2017 3476 ceu
2052 3421 2121 3476 ad

537 3510 857 3567 evitandum
922 3510 1175 3565 fecerunt
1238 3510 1487 3566 dicentes
1525 3528 1592 3567 ιι
1624 3510 1683 3566 Si
1741 3512 2122 3569 dimiserimus

534 3607 702 3678 692
739 3607 884 3661 hunc
906 3647 920 3672 ,
955 3604 1189 3660 Romani
1224 3606 1424 3661 tollent
1458 3606 1650 3663 urbem
1682 3616 1738 3662 et
1765 3616 1984 3678 gentem
2015 3623 2117 3662 no-

539 3705 734 3752 stram.
772 3714 790 3748 ι
823 3696 947 3752 llaec
973 3704 1268 3767 postquam
1299 3696 1590 3761 fecerunt,
1634 3712 1748 3752 non
1786 3700 2069 3753 evitarunt
2099 3719 2113 3756 :

539 3789 680 3845 urbe
704 3789 852 3845 enim
881 3804 1075 3845 eorum
1109 3804 1140 3843 a
1176 3787 1446 3847 Romanis
1474 3800 1640 3861 capta
1669 3800 1726 3846 et
1753 3792 1945 3847 diruto
1975 3803 2119 3849 tem-

537 3883 663 3954 plo,
715 3882 821 3952 ipsi
874 3893 1135 3952 tanquam
1183 3884 1330 3938 servi
1375 3883 1710 3939 verberones
1759 3892 1814 3939 et
1864 3884 2116 3955 fugitivi,

537 3972 776 4028 infames
809 3986 863 4027 et
896 3981 1149 4028 errantes
1185 3974 1395 4042 ubique
1426 3972 1670 4043 dispersi
1708 3983 1857 4030 sunt.
1897 3974 2118 4031 Dabunt

535 4081 671 4119 vero
699 4072 757 4119 et
788 4064 902 4119 illic
932 4065 1154 4120 meritas
1188 4080 1415 4134 poenas,
1449 4081 1574 4120 cum
1606 4067 1753 4121 enim
1785 4067 2117 4138 agnoverint

537 4154 938 4225 humanitatem
958 4194 973 4219 ,
1010 4157 1186 4210 scient
1215 4156 1552 4221 potentiam,
1584 4157 1747 4227 cujus
1773 4166 1828 4213 et
1861 4158 1954 4213 hic
1990 4158 2116 4213 nul-

538 4247 651 4301 lum
682 4246 792 4314 jam
821 4246 1257 4315 experimentum
1291 4254 1579 4315 ceperunt.

609 4332 701 4399 XI,
743 4333 833 4387 49.
888 4331 1034 4388 Unus
1063 4344 1239 4388 autem
1268 4349 1333 4388 ea:
1363 4334 1517 4402 ipsis,
1549 4351 1672 4389 cum
1699 4344 1832 4390 esset
1872 4337 2112 4408 pontifex

537 4425 663 4478 armi
695 4423 861 4487 illius,
891 4424 1055 4491 dixit,
1076 4435 1187 4480 etc.

611 4514 718 4570 Sed
769 4516 917 4586 quod
955 4519 1172 4573 occulte
1208 4518 1472 4574 dicebant
1511 4528 1565 4573 et
1603 4519 1978 4574 moliebantur
2015 4518 2114 4575 Ju-

536 4611 638 4666 daei
658 4651 672 4676 ,
706 4610 811 4665 hoc
838 4618 1029 4681 aperte
1057 4611 1251 4667 suadet
1281 4613 1362 4667 eis
1393 4620 1453 4666 ut
1506 4611 1720 4666 faciant
1761 4612 2111 4670 sacerdotum

535 4703 821 4773 princeps,
857 4712 913 4757 et
953 4702 1239 4760 Christum
1276 4703 1648 4767 interficiant.
1686 4714 1952 4776 tanquam
1991 4723 2022 4763 e
2055 4723 2116 4763 re

535 4793 717 4862 gentis
751 4794 857 4847 hoc
888 4794 1084 4849 dicens
1107 4833 1124 4859 ,
1162 4794 1293 4849 licet
1325 4811 1464 4864 gens
1493 4794 1724 4864 injusta.
1752 4796 1821 4851 Et
1845 4812 1960 4852 rem
1990 4798 2116 4869 qui-

536 4884 661 4938 dem
692 4900 879 4939 veram
914 4884 1051 4938 dicit
1073 4921 1088 4949 ,
1127 4883 1224 4939 sed
1261 4900 1368 4938 non
1402 4900 1469 4938 ex
1497 4899 1690 4939 eorum
1728 4887 2075 4958 malignitate
2097 4929 2112 4954 ,

536 4983 592 5030 at
629 4992 696 5031 ex
733 4975 829 5033 Dei
866 4978 1150 5031 voluntate
1178 4983 1233 5031 et
1263 4975 1535 5044 sapientia
1564 4977 1633 5032 ad
1667 4978 1871 5034 bonum
1902 4980 2114 5037 directa

534 5068 662 5125 fuit.
702 5070 785 5124 llli
817 5071 964 5126 enim
998 5068 1069 5124 ad
1102 5083 1257 5126 suam
1290 5067 1595 5137 perniciem
1625 5070 1915 5127 Christum
1960 5074 2114 5129 occi-

534 5161 779 5217 derunt:
818 5162 907 5216 hic
947 5175 1097 5237 vero‘
1127 5168 1307 5215 morte
1359 5159 1590 5217 affectus
1639 5165 1946 5219 secundum
1991 5182 2116 5222 car-

534 5266 657 5306 nem
679 5293 695 5318 ,
719 5251 968 5307 omnium
988 5249 1150 5306 nobis
1180 5249 1449 5307 bonorum
1476 5268 1644 5311 causa
1668 5254 1796 5314 fuit.
1819 5256 2110 5313 Excidium

604 5390 681 5459 χι)
723 5386 842 5465 Non
867 5385 1003 5457 sine,
1026 5385 1399 5465 indignatione
1420 5389 1579 5465 leges
1614 5393 1725 5465 ista
1754 5396 1899 5465 apud
1932 5398 2109 5465 Cyril-

539 5455 647 5537 l_unt
675 5457 744 5537 ad
779 5455 940 5537 ἔσειμι.
980 5455 1045 5537 ξι
1071 5474 1085 5510 :
1121 5455 1231 5537 Kal
1261 5460 1347 5513 ἴνα
1372 5455 1529 5537 αὐτοὶ
1555 5463 1641 5537 ’μὴ
1673 5455 1951 5535 ἰσχύοντες
1978 5455 2108 5537 ’βλέ-

533 5528 629 5608 ψαι
655 5528 745 5608 τὸν
782 5528 935 5608 οῦδὲν
982 5529 1349 5608 ἁδυεῄσαντα,
1394 5528 1953 5608 τοῦς-δυνατωτέρους
1986 5528 2107 5591 Stas’

532 5597 699 5670 αὑτοῦ
719 5597 1029 5670 Ῠὲρεθίσωσι.
1088 5597 1256 5670 thue
1300 5617 1419 5654 cum
1450 5602 1551 5670 ipsi
1582 5621 1686 5658 non
1715 5597 2018 5669 poss'eut'in
2050 5625 2107 5663 os

531 5669 728 5743 intueri
758 5684 873 5722 eum
908 5670 997 5743 qui
1043 5669 1177 5743 nihil
1230 5669 1489 5738 iniustum
1518 5671 1747 5741 fecerat,
1788 5679 2106 5743 potentiores

536 5738 796 5821 adrers‘u‘i
815 5754 932 5821 eum
961 5741 1241 5795 irritarent
1289 5751 1445 5821 atque
1471 5738 1832 5821 accenderent.
1860 5816 1869 5821 _
1892 5748 2107 5813 Quanta

534 5809 680 5860 enim
712 5808 942 5879 ἀϐλεψία
981 5827 1086 5869 non
1126 5808 1436 5883 percepiése
1484 5811 1717 5883 βλάψαι,
1767 5808 1958 5872 (redi:er
1989 5834 2107 5872 eum

2226 3238 2370 3308 Πλὴν
2403 3239 2450 3292 εί
2472 3239 2566 3292 καὶ
2588 3238 2663 3309 μὴ
2694 3236 2877 3305 ἀξίαν,
2907 3231 2981 3291 ὧν
3014 3239 3094 3302 είς
3118 3237 3210 3292 τὸν
3250 3239 3528 3309 Δεσπότῃν
3554 3238 3645 3291 τὸν
3668 3239 3812 3309 Χρι-

2228 3330 2349 3382 στὸν
2388 3329 2642 3399 ἔδρασαν,
2701 3329 2936 3383 ἐνταῦθα
3004 3329 3164 3400 δίκην
3217 3329 3408 3383 ἔδοσαν
3440 3331 3489 3382 οί
3522 3329 3810 3391 Ἰουδαῖοι,

2224 3423 2414 3477 ἔδοσαν
2464 3423 2508 3476 δ’
2540 3419 2632 3478 οὖν
2661 3425 2809 3493 ὅμως
2829 3440 2843 3455 ο
2892 3422 2927 3477 ἃ.
2961 3423 3071 3494 γὰρ
3098 3423 3175 3488 ὠς
3204 3423 3614 3494 διαφευξόμενοι
3649 3423 3811 3494 ἔδρα-

2228 3530 2325 3567 σαν
2390 3515 2683 3584 φήσαντες,
2721 3533 2740 3566 ι
2792 3514 2916 3568 Ἐὰν
2968 3513 3199 3583 ἀφῶμεν
3246 3513 3430 3576 αὑτὸν,
3488 3512 3712 3585 ἀροῦσιν
3757 3515 3809 3567 οἱ

2236 3606 2497 3675 Ῥωμαῖοι
2528 3605 2622 3657 καὶ
2651 3604 2748 3675 τὴν
2779 3604 2934 3659 πόλιν
2961 3604 3124 3675 ἡμῶν
3154 3606 3248 3658 καὶ
3274 3604 3337 3658 τδ
3365 3602 3535 3668 ἔθνος,
3579 3621 3598 3655 ι
3632 3603 3810 3656 ταῦτα

2226 3698 2415 3768 ἐπειδὴ
2441 3697 2710 3767 ἔπραξαν,
2745 3698 2806 3751 οὐ
2855 3698 3133 3765 διέφυγον·
3186 3698 3284 3773 τῆς
3316 3698 3428 3767 γὰρ
3473 3697 3681 3760 πόλεως
3712 3697 3811 3749 αὺ-

2225 3789 2335 3843 τῶν
2362 3788 2597 3860 ἁλούσης
2627 3789 2734 3842 ὑπὸ
2766 3789 3075 3859 Ῥωμαίων,
3113 3787 3207 3842 καὶ
3246 3787 3339 3841 τοῦ
3376 3787 3504 3842 ναοῦ
3545 3788 3807 3860 καθαιρε-

2227 3876 2437 3942 θέντος,
2469 3877 2626 3932 αὐτοὶ
2654 3876 2844 3949 ὥσπερ
2887 3877 3174 3949 μαστιγίαι
3219 3878 3362 3942 τινὲς
3396 3880 3490 3932 καὶ
3515 3878 3803 3949 δραπέται,

2224 3967 2411 4038 ἄτιμοί
2452 3985 2512 4020 τε
2542 3969 2638 4022 καὶ
2678 3967 2896 4039 ἀλῆται,
2940 3968 3219 4037 πανταχοῦ
3252 3967 3646 4039 διεσπάρησαν.
3688 3969 3805 4019 Δῶ-

2224 4074 2377 4112 σουσι
2400 4057 2459 4111 δὲ
2481 4059 2706 4111 κάκεῖσε
2751 4059 2853 4127 τὴν
2893 4056 3073 4120 ἀξίαν·
3106 4055 3183 4127 μὴ
3224 4058 3539 4124 ἐπιγνόντες
3566 4057 3676 4128 γὰρ
3704 4057 3806 4128 τὴν

2223 4149 2655 4222 φιλανθρωπίαν,
2690 4150 2928 4204 εἴσονται
2971 4148 3070 4220 τὴν
3114 4148 3383 4215 ἐξουσίαν,
3415 4146 3484 4220 ἧς
3523 4148 3805 4203 κάνταῦθα

2223 4244 2421 4313 πεῖραν
2456 4242 2717 4315 βραχεῖαν
2747 4241 3055 4313 εἰλήφασιν.

2292 4330 2400 4401 Εἷς
2435 4334 2504 4389 δέ
2536 4352 2626 4403 τις
2653 4335 2722 4401 ἐξ
2751 4335 2952 4391 αὐτῶν
2988 4334 3301 4405 ἀρχιερεὺς
3333 4333 3419 4388 ὢν
3455 4332 3563 4388 τοῦ
3606 4334 3807 4387 ἐνιαυ-

2221 4427 2329 4481 τοῦ
2367 4428 2629 4493 ἐκείνου,
2656 4424 2809 4493 εἶπε,
2843 4429 2938 4484 καὶ
2966 4429 3035 4482 τὰ
3060 4426 3210 4497 ἑξῆς.

2306 4518 2445 4573 Ἀλλ’
2473 4520 2611 4591 ὅπερ
2635 4520 2822 4589 ελεγον
2839 4520 2963 4592 μὲν,
2996 4522 3133 4591 ὅπερ
3162 4518 3338 4592 λάθρα
3363 4519 3636 4590 ἐμελέτων
3670 4519 3803 4572 Ἰου-

2220 4612 2361 4666 δαῖοι
2386 4612 2633 4683 ποιῆσαι,
2662 4611 2823 4666 τοῦτο
2863 4611 3115 4684 φανερῶς
3142 4612 3328 4675 αὐτοῖς
3357 4614 3386 4665 ὁ
3423 4610 3630 4665 τούτων
3662 4611 3801 4680 ἀρχ-

2235 4706 2415 4777 ιερεὺς
2446 4705 2809 4775 συμϐουλεύει
2849 4708 3048 4770 ποιεῖν,
3086 4706 3183 4757 καὶ
3221 4703 3479 4773 φονεῦσαι
3526 4703 3618 4757 τὸν
3670 4703 3806 4771 Χρι-

2226 4796 2371 4858 στὸν,
2416 4796 2491 4860 ὡς
2525 4797 2664 4868 ὑπὲρ
2693 4796 2789 4850 τοῦ
2824 4796 3013 4861 ἔθνους
3063 4797 3221 4850 τοῦτο
3272 4796 3468 4866 λέγων,
3516 4795 3719 4865 καίπερ
3741 4793 3805 4845 τὸ

2222 4888 2373 4953 ἔθνος
2401 4889 2583 4943 ἄδικον
2618 4890 2719 4961 (‘2).
2751 4890 2993 4960 Πρᾶγμα
3038 4888 3097 4942 δὲ
3150 4887 3349 4959 ἀληθές
3392 4903 3578 4957 φησιν,
3609 4886 3710 4938 οὐκ
3737 4886 3804 4936 ἐκ

2219 4981 2318 5052 τῆς
2350 4981 2531 5035 αὐτῶν
2559 4974 2889 5050 δυστροπίας
2946 4980 3399 5051 κατωρθωμένον,
3443 4977 3559 5030 ἀλλ’
3606 4978 3670 5030 ἐκ
3702 4976 3803 5045 τῆς

2221 5073 2315 5128 τοῦ
2350 5073 2490 5127 Θεοῦ
2521 5074 2804 5145 δυνάμεως
2829 5074 2927 5128 καὶ
2957 5075 3169 5144 σοφίας.
3203 5077 3265 5128 Οί
3303 5074 3404 5144 μὲν
3434 5071 3545 5145 γὰρ
3575 5073 3660 5125 ἐπ’
3682 5070 3803 5124 ὀλέ-

2223 5165 2337 5236 θρῳ
2369 5165 2483 5236 ἰδίῳ
2528 5166 2619 5219 τὸν
2647 5167 2883 5238 Χριστὸν
2934 5168 3285 5230 ἀπέκτειναν,
3315 5167 3343 5217 ό
3374 5166 3432 5218 δὲ.
3469 5163 3803 5227 θανατωθεὶς

2225 5258 2410 5328 σαρκὶ,
2464 5257 2684 5312 πάντων
2723 5260 2854 5330 ἡμῖν
2900 5259 3123 5330 γέγονεν
3177 5259 3351 5323 αἴτιος
3396 5258 3509 5311 τῶν
3553 5255 3798 5325 ἀγαθῶν.

2214 5401 2304 5469 qui
2347 5399 2494 5470 nu_lla
2541 5397 2746 5470 injuria
2792 5399 3071 5470 uﬂ'ecerat.’
3135 5401 3505 5466 COTELERIUS,
3555 5394 3799 5453 Monum.

2218 5468 2363 5523 Eccl.
2390 5468 2509 5535 Gr.,
2541 5468 2602 5535 ΙΙ,
2633 5470 2756 5526 θ72.

2288 5540 2365 5607 t2)
2400 5543 2483 5595 An
2518 5540 2719 5595 ἀδικῶν
2749 5542 2833 5597 vel
2881 5540 3131 5606 ἀδικοῦν,
3178 5546 3239 5594 ιιι
3266 5539 3369 5602 sit,
3401 5537 3557 5604 Quod
3599 5536 3801 5591 occulte

2216 5610 2571 5663 moliebantur
2599 5609 2778 5669 Judai
2798 5652 2812 5677 ,
2855 5614 2951 5667 hoc
2982 5622 3158 5681 aperte
3185 5610 3373 5666 suadet
3403 5609 3477 5663 eis
3502 5621 3561 5661 ut
3592 5608 3801 5681 faciant

2214 5697 2394 5735 eorum
2440 5681 2711 5751 pontifex,
2752 5695 2797 5737 et
2827 5678 3101 5739 Christum
3150 5678 3672 5751 iMerﬁciant.quasi
3702 5693 3801 5751 pro

2215 5762 2365 5824 gente
2393 5750 2489 5804 hoc
2518 5748 2719 5824 dicens,
2748 5755 2837 5824 qui
2848 5761 2961 5824 iant
2989 5748 3340 5824 quod_tamen
3362 5758 3574 5824 gentem
3596 5748 3800 5824 injuria

2218 5818 2491 5891 afﬁciebat.
2528 5818 2807 5881 Cornea.
2837 5818 3078 5879 Manum.
3118 5821 3264 5879 Eccl.
3300 5818 3477 5889 ϐίηῐ,
3509 5818 3635 5873 560.
