4104 6466
369 445 445 503 G9
1227 446 1292 499 IN
1323 442 1663 501 JOANNEM.
1706 476 1775 485 -
1832 445 1960 499 LIB.
2009 441 2098 499 Vll
2136 444 2223 498 ΕΤ
2254 444 2366 499 Vill
2410 442 2860 498 FRAGMENTA.
3578 445 3644 499 τῦ

384 562 685 615 ’Δπὼλειαν
726 564 783 616 δὲ
812 565 906 617 τοῦ
940 564 1125 629 ἔθνους
1178 567 1353 629 καλεῖ,
1394 569 1455 620 τὸ
1488 567 1593 620 ὑπὸ
1621 569 1778 637 χεῖρα
1811 567 1962 635 γενέ-

2082 583 2197 621 vero
2234 567 2415 637 gentis
2448 566 2583 619 dicit
2617 566 2807 619 venire
2845 564 2947 619 sub
3001 570 3322 633 potestatem
3373 561 3646 642 lloiiiano-

372 653 501 710 σθαι
528 656 628 726 τὴν
664 655 1001 728 Ῥωμαῖκὴν,
1050 658 1145 712 καὶ
1180 658 1479 712 ἀπολέσθαι
1524 660 1623 729 τὴν
1666 658 1760 711 τοῦ
1791 659 1955 728 νόμου

371 746 535 799 σκιάν
565 762 579 774 ·
609 747 749 817 ὅπερ
803 748 1105 819 ἀνατρέψαι
1146 749 1472 821 ζητοῦντες,
1510 752 1829 821 ὑπέμειναν.
1871 750 1960 817 Ἐξ

368 837 582 907 ἀνόμου
619 838 718 907 μὲν
762 835 855 893 οῦν
900 836 1022 893 εἷπε
1069 840 1295 913 γνώμης
1336 845 1363 895 6
1405 842 1664 911 Καϊάφας
1712 842 1740 894 ὃ
1785 838 1958 907 εἶπεν,

366 927 526 995 ὅμως
554 931 583 980 6
622 929 776 997 λόγος
826 931 1017 999 γέγονε
1067 932 1395 1004 πράγματος
1423 933 1657 1003 ἀληθοῦς
1691 935 1962 1004 ἑρμηνευ-

366 1020 561 1083 τικδς,
598 1020 674 1084 ὡς
703 1024 761 1073 ἐν
803 1022 956 1089 τάξει
993 1023 1431 1096 προισῖενεχθεὶς
1464 1026 1821 1098 προφητείας.
1873 1027 1963 1089 Ὠς

367 1110 483 1180 γὰρ
518 1109 741 1179 γέγονεν
785 1112 959 1176 αἴτιος
1000 1115 1223 1183 ἀγαθῶν
1253 1118 1282 1168 6
1307 1116 1399 1168 τοῦ
1429 1115 1669 1186 Χριστοῦ
1709 1116 1959 1181 θάνατος,

371 1207 765 1272 προαναςρωνεί
811 1204 988 1272 λέγων
1019 1205 1048 1258 ὃ
1098 1208 1200 1260 οὐκ
1255 1202 1388 1271 οἶδε,
1442 1207 1537 1261 καὶ
1583 1206 1828 1274 δοξάζων
1872 1208 1964 1260 τὸν

371 1293 511 1346 θεὸν
537 1294 613 1357 ὡς
637 1298 665 1348 6
693 1296 927 1366 Βαλαὰμ
966 1297 1108 1351 κατὰ
1152 1298 1418 1368 ἀνάγκην,
1465 1299 1695 1369 ἐπείπερ
1724 1295 1792 1369 ἦν
1826 1297 1964 1369 ἔχων

372 1384 436 1437 τε
489 1387 764 1457 ἱερατικὸν
800 1387 1039 1459 ἀξίωμα,
1090 1390 1166 1453 ὡς
1215 1390 1315 1442 οὐκ
1371 1390 1520 1461 αὐτῷ
1568 1390 1815 1460 δοθείσης
1863 1389 1965 1458 τῆς

374 1482 743 1551 προφητείας,
798 1482 936 1535 ἀλλὰ
969 1482 1045 1553 τῷ
1076 1483 1178 1552 τῆς
1225 1483 1528 1555 ἱερωσύνης
1550 1486 1834 1557 ,χρίσματι
1868 1483 1962 1557 [ιιι.

376 1570 648 1643 σχήματι]
684 1588 697 1602 ι
733 1573 851 1643 ἦτοι
885 1572 943 1639 ἐξ
972 1568 1047 1627 ὧν
1074 1573 1298 1644 ὕστερον
1330 1574 1400 1628 τὰ
1444 1576 1707 1647 εἰρημένα
1746 1576 1968 1643 γέγονεν

375 1661 486 1714 ὑπὸ
542 1663 636 1716 τοῦ
689 1665 917 1732 Καῖάςξα
969 1667 1062 1718 καὶ
1100 1665 1303 1736 ἀπέϐη,
1339 1666 1401 1719 ού
1449 1668 1666 1731 πάντως
1712 1667 1967 1732 λαϐόντος

375 1753 731 1826 προῳητικὴν
759 1757 942 1827 χάριν.
1002 1758 1165 1823 Εἰκὸς
1206 1760 1315 1830 γὰρ
1353 1761 1434 1814 ὅτι
1485 1760 1515 1813 6
1560 1760 1783 1814 λαλοῦσί
1824 1778 1970 1825 τινες

373 1848 611 1916 γίνεται·
646 1850 695 1901 εἰ
735 1851 831 1903 καὶ
861 1851 937 1921 μὴ
964 1853 1165 1917 ειδότες
1201 1854 1284 1907 ὅτι
1316 1854 1536 1917 πάντως
1563 1853 1735 1919 ἔσται,
1773 1854 1967 1908 λαλοῦ-

376 1954 487 1992 σιν.
527 1939 588 1992 '0
647 1939 748 2008 μὲν
813 1937 908 1994 οὖν
965 1943 1224 2012 Καϊάφας
1288 1945 1427 2016 ὑπὲρ
1484 1945 1659 2015 μόνων
1702 1944 1969 1999 Ἰουδαίων

2066 675 2185 712 rum
2210 698 2225 722 ,
2270 664 2323 710 et
2358 658 2543 726 perire
2579 656 2829 709 umbram
2869 655 3006 725 legis
3030 695 3043 716 ,
3081 654 3227 724 quod
3267 665 3516 708 avertere
3547 671 3645 707 cu-

2069 752 2281 819 pientes
2304 791 2318 813 ,
2360 750 2741 803 incurrerunt.
2780 746 2844 801 Et
2878 749 3101 817 quidem
3138 763 3203 802 ex
3241 748 3432 816 iniqua
3465 760 3648 802 mente

2070 843 2285 896 locutus
2320 850 2407 896 est
2446 841 2687 911 Caiphas
2742 842 2886 907 quod
2945 840 3166 895 locutus
3219 848 3350 907 est;
3403 848 3646 892 attamen

2070 945 2253 986 sermo
2278 932 2397 1000 ejus
2433 932 2510 985 rei
2541 946 2686 985 verae
2735 930 3009 1000 interpres
3062 931 3313 991 exstitit,
3370 930 3529 984 veluti
3592 931 3645 983 in

2069 1024 2262 1078 ordine
2314 1024 2616 1094 prophetia:
2670 1024 3011 1077 enuntiatus.
3077 1021 3256 1088 Quod
3292 1022 3436 1076 enim
3500 1036 3649 1074 lllOl‘S

2070 1117 2280 1173 Christi
2316 1120 2589 1171 bonorum
2631 1132 2797 1171 causa
2837 1115 2942 1169 fuit
2967 1156 2980 1180 ,
3025 1115 3279 1185 prredixit
3320 1116 3555 1183 loquens
3596 1114 3648 1166 id

2071 1211 2218 1280 quod
2261 1210 2555 1279 ignorabat
2597 1217 2652 1262 et
2695 1208 2984 1262 Dominum
3030 1207 3381 1277 glorificans,
3435 1215 3488 1258 ut
3550 1207 3651 1258 lla-

2074 1303 2213 1355 laam
2243 1301 2312 1365 ⁵ο,
2347 1315 2413 1355 ex
2448 1300 2813 1366 necessitate,
2852 1300 3112 1369 quoniam
3144 1298 3439 1353 sacerdotii
3475 1298 3654 1364 digni-

2074 1399 2240 1446 tatem
2275 1391 2594 1452 obtinebat,
2631 1407 2740 1445 non
2775 1398 3040 1459 tauquam
3077 1390 3125 1443 ei
3159 1390 3283 1443 data
3321 1388 3604 1458 prophetia
3631 1428 3647 1450 ,

2074 1484 2170 1539 sed
2221 1484 2515 1538 sacerdotii
2556 1482 2884 1537 functionc:
2934 1482 3052 1536 sive
3098 1485 3246 1551 quod
3298 1481 3648 1550 postmodum

2074 1591 2196 1645 qum
2247 1576 2394 1629 dicta
2441 1574 2663 1630 fuerant
2688 1590 2716 1628 a
2741 1573 2948 1644 Caipha
2981 1582 3309 1636 evenerunt,
3347 1573 3442 1626 illo
3475 1574 3651 1626 nulla-

2075 1679 2235 1723 tenus
2272 1667 2651 1737 propheticam
2680 1666 2917 1735 gratiam
2947 1666 3170 1734 adepto.
3207 1664 3651 1719 Consentaneum

2074 1768 2158 1815 est
2213 1760 2357 1814 enim
2415 1767 2473 1813 ut
2522 1759 2668 1829 quod
2717 1759 2941 1829 quidam
2993 1758 3299 1826 loquuntur
3350 1757 3443 1811 fiat
3476 1797 3489 1820 .
3546 1758 3653 1811 etsi

2076 1852 2228 1906 nullo
2247 1850 2409 1905 modo
2440 1851 2621 1907 sciant
2647 1851 2794 1921 quod
2823 1851 3049 1904 omnino
3082 1848 3327 1903 futurum
3349 1851 3439 1904 sit.
3460 1848 3652 1902 Enim—

2075 1957 2207 1998 vero
2251 1941 2495 2013 Caiphas
2543 1940 2766 1997 dicebat
2818 1957 2916 2012 pro
2971 1941 3105 1996 solis
3150 1938 3359 1995 Judaeis
3410 1939 3653 1994 futuram

375 2028 573 2098 ἔλεγεν
605 2030 826 2085 ἔσεσθαι
855 2033 947 2086 τὸν
972 2034 1212 2106 Χριστοῦ
1253 2036 1505 2099 θάνατον,
1540 2038 1569 2089 6
1592 2036 1649 2089 δὲ
1684 2036 1826 2109 ὑπὲρ
1864 2037 1970 2091 πά-

2082 2035 2277 2088 Christi
2314 2042 2548 2089 mortem
2577 2052 2590 2088 :
2631 2034 2723 2088 hic
2755 2048 2887 2088 vero
2920 2048 3047 2087 eum
3087 2034 3258 2088 fuisse
3293 2034 3362 2086 ait
3396 2048 3497 2102 pro
3527 2033 3657 2086 uui-

378 2140 488 2194 σης
520 2124 686 2177 αὐτόν
729 2143 863 2195 φησι
912 2127 1167 2195 γενέσθαι
1196 2129 1298 2199 τῆς
1336 2129 1774 2201 ἀνθρωπότητος.
1808 2130 1969 2194 Γένος

381 2214 490 2283 μὲν
534 2214 646 2283 γὰρ
691 2217 788 2269 καὶ
837 2216 1004 2270 τέκνα
1054 2218 1190 2271 Θεοῦ
1240 2220 1482 2282 ἅπαντες
1531 2219 1967 2291 χρηματίζομεν,

378 2305 523 2359 καθὸ
552 2307 773 2360 πάντων
815 2308 936 2361 ἐστὶ
984 2311 1174 2380 Πατὴρ
1213 2311 1400 2381 τρόπῳ
1436 2310 1812 2382 δημιουργικῷ
1849 2327 1973 2380 γεν-

377 2399 582 2470 νήσας,
614 2400 711 2452 καὶ
764 2400 990 2469 ἀγαγὼν
1036 2400 1228 2473 ὥσπερ
1260 2403 1339 2466 εἰς
1373 2402 1606 2497 ὖπαρξιγ
1639 2401 1707 2455 τὰ
1730 2403 1832 2455 οὐκ
1885 2402 1974 2456 6v—

378 2507 450 2542 τα
478 2490 579 2559 (ί)-
614 2490 694 2544 ἔτι
744 2491 801 2568 6;
837 2493 933 2545 καὶ
968 2494 1052 2545 ὅτι
1099 2495 1221 2546 κατ’
1267 2494 1451 2546 είκόνα
1499 2490 1664 2546 αὐτοῦ
1710 2493 1974 2564 ἐτιμήθη-

383 2599 487 2649 μεν
529 2582 816 2649 γεγονότες
850 2582 909 2647 ἐξ
954 2584 1151 2655 ἀρχῆς,
1202 2586 1296 2637 καὶ
1344 2586 1533 2655 ἄρχειν
1576 2586 1832 2656 λαχόντες
1864 2585 1972 2639 τῶν

379 2673 480 2725 ἐπὶ
508 2674 637 2742 γῆς,
668 2676 764 2727 καὶ
793 2675 1029 2739 εὐτόνως
1058 2677 1156 2748 τὴν
1192 2677 1397 2748 ἀρετὴν
1432 2678 1810 2749 ἐργαζόμενοι.
1832 2677 1973 2731 Ἀλλ’

382 2764 718 2835 ἐσκόρπισεν
751 2768 778 2819 6
807 2768 1073 2833 Σατανᾶς,
1111 2770 1171 2821 ἐν
1201 2768 1382 2839 ταυτῷ
1423 2773 1602 2839 μεῖναι
1638 2770 1712 2841 μὴ
1756 2788 1974 2842 συγχωο

384 2859 586 2929 ρήσας.
621 2843 712 2912 καὶ
750 2860 1200 2932 ἀποδουκολήσας
1225 2862 1581 2934 πολυτρόπως
1604 2862 1703 2933 τῆς
1734 2865 1813 2927 είς
1843 2863 1976 2917 Θεὸν

328 2946 333 2951 ’
382 2947 754 3017 πρώεδρείας
802 2950 894 3002 τὸν
943 2949 1252 3023 ἄνθρωπον·
1305 2955 1665 3023 συνεισήγαγε
1712 2954 1769 3006 δὲ
1814 2954 1977 3008 πάλιν

382 3041 483 3092 καὶ
519 3043 849 3111 συνεκόμισε
891 3042 1099 3105 πάντας
1132 3042 1221 3095 διὰ
1257 3043 1361 3112 τῆς
1394 3043 1629 3107 πίστεως
1671 3046 1701 3097 6
1742 3044 1978 3113 Χριστὸς

381 3133 469 3195 είς
504 3130 636 3201 μίαν
664 3132 835 3203 αὐλὴν
859 3135 950 3187 καὶ
968 3133 1066 3204 τὴν
1082 3133 1431 3203 Ἐκκλησίαν,
1450 3136 1542 3188 καὶ
1571 3135 1678 3187 ὑπὸ
1700 3134 1863 3205 ζυγὸν
1881 3135 1979 3190 ἕνα

384 3223 805 3294 παρεσκεύασε,
840 3225 1060 3278 πάντων
1090 3223 1149 3278 ἒν
1170 3225 1498 3294 γεγονότων,
1538 3226 1827 3292 Ἰουδαίων,
1862 3226 1979 3280 Ἐλ-

384 3317 591 3388 λήνων,
630 3316 946 3387 βαρόἀρων,
998 3317 1242 3384 Σκυθῶν,
1276 3320 1373 3373 καὶ
1414 3320 1494 3382 είς
1545 3318 1643 3372 ἕνα
1670 3317 1859 3372 καινὸν
1884 3319 1980 3373 ἄν·

2076 2142 2240 2182 versa
2274 2127 2514 2181 humana
2552 2134 2774 2181 natura.
2819 2124 3033 2179 Etenim
3076 2140 3252 2196 genus
3301 2132 3352 2178 ct
3411 2124 3508 2177 ﬁlii
3560 2123 3654 2177 Dei

2077 2231 2273 2272 omnes
2302 2216 2608 2272 audimus“
2638 2256 2652 2281 ,
2682 2222 2955 2285 quatenus
2983 2224 3069 2270 est
3098 2215 3343 2269 oumium
3374 2212 3536 2267 Pater
3563 2214 3657 2283 qui

2080 2324 2177 2379 per
2210 2309 2433 2363 modum
2466 2306 2683 2378 opificis
2702 2309 2917 2379 genuit,
2941 2316 2994 2361 et
3029 2308 3083 2361 in
3117 2308 3533 2362 subsistenttam
3572 2322 3659 2358 rc-

2079 2401 2236 2454 duxit
2261 2415 2324 2455 ea
2356 2416 2478 2471 qua:
2509 2416 2618 2456 non
2649 2409 2829 2456 erant.
2866 2400 3097 2470 Insuper
3124 2400 3255 2470 quia
3283 2398 3396 2469 jam
3433 2398 3560 2452 inde
3590 2398 3661 2451 ab

2082 2493 2244 2557 initio
2276 2491 2344 2546 ad
2381 2494 2677 2562 imaginem
2707 2493 2831 2562 ejus
2866 2493 2993 2547 facti
3032 2492 3401 2560 honoratique
3432 2506 3657 2551 sumus,

2081 2584 2259 2638 sortiti
2294 2594 2559 2653 praetcrea
2585 2585 2832 2637 omnium
2870 2600 2993 2652 qua:
3023 2584 3078 2636 in
3110 2593 3253 2637 terra
3308 2591 3439 2637 sunt
3492 2582 3662 2649 impe-

2081 2675 2222 2728 riutu
2250 2714 2265 2739 ,
2303 2683 2568 2743 rectoque
2604 2683 2796 2728 tenore
2835 2674 3098 2728 virtutem
3150 2682 3497 2726 cvercentcs.
3555 2670 3660 2723 Sed

2081 2766 2377 2834 dissipavit
2410 2782 2508 2820 nos
2529 2767 2786 2830 Satanas,
2806 2766 2997 2819 eodem
3024 2771 3169 2818 statu
3202 2778 3524 2831 permanere
3553 2778 3661 2815 non

2083 2873 2287 2929 passus
2309 2898 2323 2922 ,
2358 2859 2640 2927 variisque
2672 2857 2890 2911 teclmis
2919 2863 2972 2910 et
3008 2855 3302 2909 fraudibus
3329 2895 3343 2918 ,
3391 2869 3458 2907 ne
3499 2859 3664 2907 homo

2084 2960 2351 3021 perpetuo
2398 2948 2506 3003 Deo
2541 2948 2883 3011 adhaereret,
2920 2947 3087 3002 evicit
3122 2965 3133 3001 :
3170 2964 3365 3001 rursus
3403 2965 3531 3001 vero
3562 2964 3663 3001 nos

2084 3040 2437 3111 congregavit
2468 3048 2523 3093 et
2556 3041 2801 3109 collegit,
2831 3055 3024 3093 omnes
3061 3040 3113 3092 in
3140 3056 3302 3093 unam
3349 3043 3560 3096 caulam
3609 3050 3662 3092 et

2086 3124 2392 3180 Ecclesiam
2420 3125 2585 3197 693
2619 3142 2714 3195 per
2750 3126 2909 3179 fidem
2942 3126 3206 3181 Christus
3238 3127 3559 3192 collocavit,
3589 3127 3663 3181 ita

2088 3225 2148 3270 ut
2177 3230 2370 3270 omnes
2398 3219 2451 3270 in
2484 3233 2652 3270 unum
2686 3217 2816 3271 facti
2860 3216 2971 3271 sint
3010 3215 3216 3283 ίιιὼυὶ,
3277 3214 3485 3277 ϐιωρὶ.
3536 3218 3668 3272 bar-

2090 3309 2208 3364 bari
2232 3348 2245 3369 .
2281 3308 2498 3380 Scytha:
2518 3350 2533 3373 ,
2563 3316 2615 3362 et
2646 3310 2700 3361 in
2730 3296 2900 3362 unum
2933 3324 3134 3362 novum
3172 3307 3451 3364 hominem
3489 3310 3637 3365 refer
3666 3340 3667 3343 η

385 3407 613 3478 θρωπον
666 3407 1186 3499 ἀνῖπὶιαττομένων,
1242 3409 1336 3461 καὶ
1388 3407 1840 3479 προσκυνούντων
1886 3408 1975 3461 ἕνα

2090 3401 2224 3456 mali
2260 3402 2329 3467 ⁸¹,
2362 3410 2420 3456 et
2455 3418 2625 3455 unum
2658 3399 2828 3456 Deum
2867 3400 3118 3457 adorent.

384 3499 549 3552 θεόν.

460 3596 579 3664 οὐχ
610 3592 685 3655 ὡς
718 3592 794 3663 (Ξ)
825 3592 968 3646 κατὰ
999 3591 1219 3663 πνεῦμα
1249 3590 1588 3662 προφητείας
1624 3591 1730 3645 ὑπὸ
1761 3591 1986 3661 Καῐάφα

386 3685 632 3759 appear
665 3687 724 3738 οὐ
751 3685 862 3757 γὰρ
894 3687 954 3739 τὸ
984 3686 1205 3755 πνεῦμα
1232 3684 1294 3737 τὺ
1323 3684 1664 3756 προφητικὸν
1693 3684 1987 3756 ἐπιϐουλὴν

389 3778 682 3847 συνίστησι
712 3776 856 3831 κατὰ
892 3776 1161 3847 Χριστοῦ,
1205 3775 1346 3831 ἀλλὰ
1377 3776 1518 3832 κατά
1545 3793 1668 3830 τινα.
1697 3778 1987 3848 συντυχίαν

387 3868 474 3939 τῷ
519 3868 716 3939 ἀληθεῖ
766 3870 858 3921 καὶ
904 3868 1260 3940 γενησομένῳ
1302 3868 1591 3939 πράγματι
1644 3868 1984 3941 συνδραμόν·

392 3958 755 4029 συγχωρηθὲν
789 3958 940 4028 αὐτῷ
969 3958 1069 4027 τῆς
1114 3956 1374 4026 τοιαύτης
1409 3955 1712 4026 ἐπιψαῦσαι
1754 3957 1876 4010 καθ’
1905 3957 1988 4010 ὄτι

388 4047 465 4123 ἧν
497 4051 821 4121 ἀρχιερεὺς,
875 4050 963 4103 ἵνα
991 4049 1081 4103 διὰ
1122 4048 1215 4102 τοῦ
1244 4049 1512 4118 στόματος
1557 4046 1724 4101 αὑτοῦ
1755 4047 1988 4119 φανερὸν

390 4142 633 4213 γένηται
657 4142 720 4194 τὸ
733 4143 1119 4213 κεκρυμμένον
1144 4143 1259 4205 τοῖς
1285 4140 1594 4212 ἀνθρώποις
1626 4138 1731 4203 ἓως
1749 4139 1875 4193 τότε
1895 4139 1991 4193 καὶ

391 4234 792 4307 ἀγνοούμενον.

485 4327 608 4381 Ἀπ’
640 4327 883 4394 ἐκείνης
911 4321 1026 4381 οὖν
1063 4323 1173 4393 τῆς
1201 4324 1357 4393 ὥρας
1395 4323 1991 4387 συνεϐουλεύσαντο,

394 4423 507 4477 Ira
537 4421 982 4476 ἀποκτείνωσιν
1012 4421 1221 4473 αὐτόν.

475 4509 639 4583 Εἶχον
672 4512 773 4583 μὲν
801 4511 912 4581 γὰρ
965 4510 1065 4581 τὴν
1108 4509 1403 4578 ἐπιθυμίαν
1443 4509 1543 4580 τῆς
1574 4508 1718 4562 κατὰ
1755 4505 1993 4576 Χριστοῦ

396 4604 749 4678 μιαιφονίας·
787 4603 899 4657 ἀπὸ
925 4602 982 4655 δὲ
1014 4600 1109 4654 τοῦ
1150 4599 1343 4672 καιροῦ
1375 4600 1501 4653 καθ’
1526 4600 1586 4654 ὃν
1627 4600 1690 4652 τὸ
1718 4598 1997 4670 συνέδριον

2157 3579 2277 3635 Νοιι
2317 3578 2648 3649 prephetico
2681 3577 2884 3648 spiritu
2915 3576 3154 3648 Caiphas
3185 3578 3405 3634 locutus
3444 3586 3670 3642 csl,'uc-

2087 3688 2194 3742 que
2245 3672 2393 3726 enim
2459 3670 2761 3740 prophetia:
2838 3670 3071 3739 spiritus
3144 3670 3377 3727 insidias
3446 3670 3670 3725 Christo

2089 3763 2290 3829 struit;
2325 3761 2425 3818 sed
2450 3776 2585 3817 casu
2613 3762 2857 3833 quodam
2885 3762 2940 3816 in
2977 3779 3091 3817 rem
3125 3779 3307 3817 veram
3341 3772 3394 3817 et
3428 3779 3549 3817 mox
3582 3764 3669 3816 fn-

2088 3863 2271 3911 turam
2336 3854 2810 3924 incurrit:eique
2867 3858 3203 3908 concessum
3261 3853 3364 3906 fuit
3422 3856 3477 3905 in
3531 3853 3670 3907 hanc

2089 3947 2481 4016 cogitationem
2534 3945 2745 4007 venire,
2795 3951 3071 4013 quatenus
3127 3942 3379 4012 pontifex
3426 3953 3568 4007 erat,
3607 3951 3670 3996 ut

2088 4054 2185 4094 ore
2230 4038 2351 4107 ejus
2392 4052 2479 4091 res
2513 4036 2834 4092 hominibus
2871 4035 3140 4090 hactenus
3182 4035 3400 4090 occulta
3432 4044 3486 4090 et
3512 4037 3670 4105 igno-

2090 4138 2211 4186 rata
2237 4128 2542 4201 patefieret.

2163 4324 2235 4379 XI
2259 4366 2273 4390 ,
2316 4326 2404 4381 53.
2438 4324 2517 4379 Ab
2545 4325 2637 4379 illo
2662 4334 2788 4396 largo
2823 4325 2909 4379 die
2942 4326 3336 4397 cogitarerunt,
3373 4337 3428 4379 ιιι
3468 4327 3673 4397 inter/i-

2094 4430 2269 4475 cerent
2296 4435 2438 4475 eum.

2166 4511 2473 4568 [incesserat
2528 4512 2750 4582 quidem
2810 4512 2918 4567 illis
2952 4512 3159 4567 Christi
3194 4511 3483 4566 occidendi
3517 4513 3674 4584 cupi-

2100 4609 2248 4663 ditas
2278 4625 2292 4675 ;
2326 4607 2423 4663 sed
2454 4621 2518 4662 ea
2551 4607 2699 4663 velut
2730 4607 2954 4661 initium
2988 4607 3184 4661 habuit
3214 4608 3284 4661 ab
3312 4622 3380 4661 eo
3428 4617 3680 4678 tempore

392 4697 657 4769 γέγονεν,
690 4694 866 4766 ἀρχὴν
918 4693 1109 4764 ὥσπερ
1157 4692 1339 4757 ἔλαϐε,
1388 4690 1843 4761 δημοσιευθείσης
1891 4690 1975 4760 τῆς

2099 4715 2210 4770 quo
2256 4698 2549 4754 consilium
2599 4698 2797 4752 initum
2843 4708 2963 4761 est,
3015 4700 3261 4752 onminm
3311 4700 3514 4756 animis
3562 4713 3677 4755 tum

392 4791 667 4847 ἁπάντων
714 4789 795 4850 εἰς
857 4786 1018 4839 τοῦτο
1078 4784 1461 4846 συναινέσεως.
1518 4783 1591 4836 Οὐ
1640 4781 1750 4853 γὰρ
1779 4776 1930 4834 εἶπεν
1966 4780 1995 4832 6

394 4878 828 4948 εὐαγγελιστὴς,
879 4877 961 4930 ὅτι
1008 4876 1104 4930 ἀπ’
1147 4877 1363 4946 ἐκείνης
1411 4876 1510 4946 τῆς
1549 4872 1700 4945 ὥρας
1747 4871 1998 4926 ἐδουλεύ-

397 4991 574 5030 σαντο
631 4973 857 5043 ποιῆσαι
902 4969 994 5023 τὸν
1048 4970 1231 5038 φόνον,
1292 4967 1432 5022 ἀλλὰ
1481 4964 1992 5031 συνεϐουλεύσαντο,

396 5066 553 5122 τοῦτ’
588 5065 760 5130 ἔστιν,
789 5064 929 5133 ὅπερ
961 5060 1041 5133 τῷ
1069 5061 1193 5116 καθ’
1217 5060 1450 5114 ἕκαστον
1480 5059 1676 5123 ἐδόκει,
1705 5060 1858 5129 κοινῇ
1886 5059 1997 5111 πᾶ-

400 5178 492 5213 σιν
518 5159 742 5230 ἤρεσεν.

490 5248 709 5317 Ἐγγὺς
741 5248 811 5301 δὲ
852 5245 965 5314 τῆς
994 5244 1217 5314 ἐρήμου
1246 5244 1527 5311 διατρίϐει
1552 5241 1705 5312 μετὰ
1736 5240 1856 5295 τῶν
1880 5257 1997 5311 μα-

398 5340 632 5408 θητῶν.

474 5432 595 5486 Καὶ
620 5428 857 5483 ἐνταῦθα
870 5429 1050 5481 τοίνυν
1071 5428 1150 5490 ὡς
1187 5426 1459 5479 Ἰουδαίων
1480 5427 1773 5497 ὑποχωρεῖ,
1802 5426 1863 5478 οὐ
1887 5425 1998 5478 δει-

476 5550 528 5584 ⁸⁹
566 5547 732 5602 Num.
807 5561 961 5610 xxw,
994 5545 1020 5599 l
1060 5561 1182 5616 sqq.
1260 5543 1307 5574 "
1347 5541 1363 5595 Ι
1399 5542 1555 5597 Joau.
1594 5560 1688 5607 ιιι,
1726 5544 1775 5601 l.

481 5721 563 5791 (t)
597 5714 724 5779 BIL,
749 5712 976 5791 ἀγαγὼν
1006 5711 1197 5782 ὥσπερ
1218 5752 1232 5767 .
1260 5750 1314 5791 ε..
1347 5751 1361 5766 .
1390 5751 1448 5791 ,1.
1480 5709 1548 5763 τὰ
1572 5710 1675 5791 οὐκ
1691 5707 1859 5791 lived:v
1878 5722 2002 5791 cum

408 5776 613 5847 lacuna
661 5776 885 5854 punctis
936 5776 1217 5839 denotata.
1262 5781 1461 5839 ltestit.
1491 5796 1554 5837 ex
1596 5788 1790 5835 catena
1822 5776 1997 5834 Valle.

408 5877 504 5934 ap.
541 5859 647 5915 nat
671 5855 834 5918 ibid.,
865 5869 917 5926 ρ.
958 5854 1076 5909 155.

2104 4791 2324 4845 demmu
2372 4791 2425 4843 in
2483 4790 2587 4843 hnc
2633 4789 3107 4859 conspirantibus.
3168 4789 3287 4844 Non
3340 4793 3486 4845 enim
3540 4793 3682 4848 dixit

2103 4882 2443 4954 evangelista
2468 4920 2482 4945 ,
2516 4882 2585 4936 ab
2618 4882 2712 4935 illa
2750 4882 2884 4936 hora
2915 4898 3012 4939 eos
3044 4883 3210 4939 caedis
3252 4881 3521 4938 facienda:
3548 4900 3683 4939 cnn-

2103 4975 2286 5030 silium
2315 4974 2565 5044 cepisse,
2600 4973 2697 5028 sed
2728 4974 2893 5029 simul
2930 4984 2983 5029 et
3016 4975 3311 5030 universos
3350 4974 3419 5031 de
3460 4992 3522 5030 ca
3550 4992 3681 5032 con-

2102 5068 2343 5123 sultassc
2371 5083 2383 5119 :
2419 5067 2522 5121 hoc
2555 5077 2667 5132 est,
2705 5067 2850 5137 quod
2900 5068 3158 5145 privatim
3192 5067 3429 5138 singulis
3461 5069 3682 5124 videba-

2103 5165 2218 5217 tur.
2251 5157 2306 5211 in
2340 5173 2635 5211 commune
2664 5159 2925 5213 omnibus
2956 5158 3255 5228 placuisse.

2172 5247 2242 5302 Xl
2264 5288 2280 5312 ,
2307 5248 2395 5301 54.
2431 5247 2601 5302 Juxta
2628 5249 2895 5303 desertum
2925 5267 3041 5305 rere
3064 5246 3204 5320 degit
3231 5266 3349 5303 cum
3382 5250 3679 5316 discipulis.

2177 5427 2238 5480 Et
2271 5426 2611 5527 higquidem
2642 5427 2849 5482 recedit
2889 5441 2917 5479 a
2944 5424 3186 5493 Judzcis,
3216 5440 3323 5479 non
3353 5424 3465 5478 ullo
3496 5441 3637 5479 metu
3660 5463 3677 5492 ,

1852 5547 1898 5577 ⁸⁸
1930 5546 2128 5619 Ephes.
2165 5564 2232 5613 ιι,
2265 5543 2449 5601 15-16.

2114 5712 2416 5837 [Οὔὲἶῆςζὺχ
2458 5710 2530 5777 ὡς
2565 5747 2578 5763 .
2608 5746 2622 5761 .
2649 5747 2661 5761 .
2695 5747 2708 5761 .
2729 5707 3154 5777 ἀγνοούμενον.
3182 5707 3258 5761 Ex
3278 5716 3469 5763 catena
3483 5704 3687 5778 Vatia,
