2052 3212
191 211 230 240 ’15
590 211 624 239 IN
644 211 813 240 JOANNEM.
834 227 867 233 —
888 212 950 239 LIB.
976 212 1018 240 VII
1041 211 1083 240 ΕΤ
1104 213 1157 240 VIII
1180 214 1401 243 FRAGMENTA.
1796 221 1826 251 76

189 271 256 302 lia;
270 270 410 303 ἀπόδειξιν
426 270 602 305 ὲμποιοῦνται
627 272 657 297 τὸ
675 272 712 307 μὴ
735 272 889 298 ἀναϐαίνειν
907 273 976 298 αὐτὸ·

1040 272 1125 299 salcm
1140 273 1167 300 in
1183 272 1305 304 Pasuha.
1319 278 1349 301 ut
1360 274 1389 301 in
1407 274 1476 302 festo
1489 274 1742 313 Tabernaculorum
1758 286 1764 305 :
1780 279 1827 307 sed

191 318 234 348 εἰς
261 317 447 352 Ἱεροσόλυμα,
469 318 506 349 ὡς
530 318 567 352 μὴ
585 318 736 352 δυναμένου
765 319 854 353 ἑαυτῴ
880 319 987 353 βοηθεῖν

189 362 223 389 ἐν
239 361 353 398 τοιαύτῃ
376 363 478 398 ἡμέρα,
502 364 549 390 καὶ
566 364 610 390 διὰ
623 364 702 390 τοῦτο
717 365 985 400 ἁπολιμπανομένου.

192 409 230 434 Ἣ
247 408 297 434 καὶ
312 409 380 444 πρὸς
394 410 506 441 ἑαυτοὺς
521 410 607 437 ταῦτα
627 419 708 444 φασιν
728 412 752 437 οἰ
767 412 987 446 προσταχθέντες

188 454 277 480 αὐτὸν
295 454 439 482 συλλαϐεῖν
465 456 512 482 καὶ
534 456 741 491 ὀλιγωροῦντες,
768 458 884 492 ἐπείπερ
911 458 986 484 οὔπω

189 500 276 527 αὐτὸν
289 500 384 536 ἑώρων
397 501 520 534 ἐλθόντα,
537 503 584 529 καὶ
603 502 733 529 ἔσπευδον
751 504 855 538 ταχέως
873 504 984 538 ποιῆσαι

188 546 221 573 τὸ
235 547 419 582 προσταχθέν.

235 676 262 704 ὀ
282 675 340 705 οὖν
359 678 475 712 Ἰησοῦς
500 680 555 713 πρὸ
580 680 614 712 ἓξ
640 682 758 715 ἡμερῶν
787 682 839 709 τοῦ
864 683 982 718 Πάσχα,

186 720 286 757 ἦλθεν
304 724 348 755 εις
363 725 529 757 Βηθανίαν,
549 726 596 751 καὶ
612 726 645 752 τὰ
661 726 735 760 ἑξῆς.

226 768 449 803 Καταφρονήσας
475 770 525 805 τῆς
555 771 608 797 τῶν
639 771 773 798 Ἰουδαίων
795 773 941 809 ἐπιϐουλῆς
970 775 983 801 ὁ

187 812 304 848 Κύριος,
323 814 419 840 ἑαυτὸν
438 814 569 846 ἑκουσίως
585 816 652 851 πρὸς
669 816 699 842 τὸ
714 816 810 843 παθεῖν
832 818 981 851 ἐκδίδωσιν,

186 860 252 886 ἐπεὶ
269 860 362 895 παρῆν
385 862 399 887 ὁ
415 860 463 887 τοῦ
481 861 584 892 πάθους
598 862 702 897 καιρὸς,
728 864 768 894 εἰς
785 864 835 898 τὴν
848 865 983 899 Βηθανίαν

186 905 286 936 ἐλθὼν.
309 906 339 932 οὐ
362 906 414 942 μὴν
428 907 468 938 είς
485 907 534 942 τὴν
561 908 749 943 Ἰερουσαλὴμ,
776 910 819 936 ἵνα
840 911 876 946 μὴ
894 912 982 945 αἰφνι-

185 951 253 982 δίως
265 951 360 985 ὀφθεὶς
371 953 430 984 τοῖς
448 952 597 985 Ἰουδαίοις,
618 954 741 990 ἐκκαύσῃ
758 955 856 987 αὐτοὺς
876 958 915 987 εἰς
939 958 983 992 ὀρ-
1000 946 1020 975 Β

186 998 251 1032 γὴν,
271 997 341 1024 ἀλλὰ
359 998 405 1024 διὰ
432 998 482 1033 τῆς
505 999 598 1034 φήμης
622 1000 668 1026 τοῦ
692 999 760 1026 εἶναι
783 1002 864 1028 αὐτὸν
887 1003 982 1036 ἐγγὺς,

186 1044 355 1080 καταστείλῃ
371 1044 401 1071 τὸ
416 1044 476 1076 ζέον
491 1045 537 1071 τοῦ
551 1045 664 1072 ἐκείνων
681 1046 777 1081 Θυμοῦ.
801 1048 939 1075 Συνεσθίει
953 1050 981 1075 δὲ

183 1088 225 1124 τῷ
238 1089 370 1125 Δαζάρῳ,
381 1090 425 1116 διὰ
439 1089 534 1116 τούτου
549 1090 766 1127 ὑπομιμνήσκων
779 1093 841 1124 τοὺς
861 1093 982 1128 ὁρῶντας

183 1135 236 1171 τῆς
254 1136 426 1172 θεοπρεποῦς
450 1137 533 1163 αὐτοῦ
553 1136 687 1170 ἐξουσίας.
713 1139 840 1165 Δείκνυσι
855 1139 883 1165 δὲ
901 1141 914 1165 ο
935 1140 980 1166 εὑ-

182 1182 354 1217 αγγελιστὴς
379 1182 423 1209 διὰ
441 1182 488 1208 τοῦ
515 1182 695 1217 διηγήματος,
712 1184 752 1210 ὅτι
770 1184 801 1210 οὐ
818 1185 980 1220 κατεφρόνει

181 1228 198 1254 ὁ
215 1228 336 1264 Χριστὸς
360 1228 407 1255 τοῦ
428 1229 522 1264 νόμουθ
548 1229 608 1255 ὅθεν
625 1230 672 1255 καὶ
687 1230 740 1265 πρὸ
760 1230 789 1263 ἓξ
807 1231 918 1266 ἡμερῶν
933 1232 979 1258 τοῦ

183 1274 296 1309 Πάσχα,
312 1275 356 1301 ὅτε
372 1274 425 1301 ἔδει
442 1275 628 1311 ἁγορασθῆναι
648 1276 695 1302 τὸν
719 1276 804 1311 ἀμνὸν
828 1277 875 1303 καὶ
891 1286 978 1312 τηρη-

182 1320 267 1355 θῆναι
287 1321 340 1352 ἕως
363 1320 414 1355 τῆς
437 1322 747 1357 τεσσαρεσκαιδεκάτης,
772 1323 906 1358 συνέφαγε
922 1326 980 1355 τοῖς

182 1367 251 1402 περὶ
267 1367 314 1393 τὸν
329 1366 464 1402 Λάζαρον·
493 1368 558 1399 ἴσως
585 1368 634 1403 τὴν
657 1368 765 1404 ἡμέραν
786 1369 835 1404 τὴν
853 1370 907 1404 πρὸ
931 1370 978 1397 τοῦ

181 1413 322 1448 ληφθῆναι
346 1413 377 1439 τὺ
405 1413 540 1448 πρόϐατον
560 1413 638 1445 ἔθους
655 1414 732 1446 ὄντος
754 1416 811 1447 τοῖς
839 1417 978 1449 Ἰουδαίοις

179 1458 274 1492 ὀλίγον
288 1467 316 1485 τι
333 1459 541 1494 πανηγυρίζειν,
556 1459 605 1485 οὐκ
621 1461 651 1486 ὲκ
665 1460 759 1494 νόμου,
770 1461 827 1487 ἀλλ’
845 1462 899 1488 ἀπὸ
914 1472 977 1490 συνρ

178 1504 291 1540 ηθείας,
314 1505 357 1531 ἵνα
383 1505 452 1540 μετὰ
480 1505 509 1531 τὸ
535 1505 746 1541 παραληφθῆναι
770 1506 800 1533 τὸ
829 1508 975 1543 πρόϐατον,

179 1551 338 1586 σχολάσωσι
353 1551 447 1578 λοιπὸν
462 1551 514 1583 ἕως
528 1551 577 1585 τῆς
594 1552 701 1587 ἑορτῆς,
716 1554 838 1588 νηστείᾳ,
853 1555 912 1589 ἦτοι
926 1555 978 1581 ὀλι-

1038 319 1081 345 vel
1098 318 1149 345 hoc
1164 319 1193 346 in
1209 324 1400 354 argumentum
1414 320 1521 349 timoris
1538 321 1671 355 trahunt,
1684 322 1757 358 quod
1773 331 1828 352 nou

1040 363 1169 391 ascendat
1184 364 1210 391 iu
1226 364 1399 398 Jerusalem.
1416 369 1547 402 tanquam
1564 368 1615 396 sibi
1637 369 1689 404 Ipsi
1711 378 1828 398 succur-

1038 416 1099 436 rere
1114 417 1169 436 non
1185 410 1274 445 possit
1287 410 1314 437 in
1329 410 1376 439 tali
1389 410 1450 443 die,
1466 412 1582 447 ideoque
1597 415 1726 442 consulto
1742 415 1825 443 absit.

1037 454 1087 482 νει
1104 455 1187 483 etiam
1203 456 1276 483 inter
1292 464 1322 484 se
1346 456 1404 484 hch
1425 457 1522 485 dicunt
1546 458 1564 485 ii
1586 460 1688 494 quibus
1710 461 1826 497 impera-

1037 504 1094 527 tum
1110 505 1170 528 erat.
1191 502 1269 529 illum
1289 503 1539 538 comprehendere,
1559 504 1616 540 jam
1636 507 1758 534 animum
1780 508 1828 535 de-

1037 547 1222 582 spondentes,
1246 548 1470 584 quandoquidem
1493 551 1616 580 nondum
1634 560 1697 579 eum
1713 553 1829 581 venien-

1036 596 1091 620 tem
1105 593 1245 625 videbant,
1259 598 1286 621 et
1296 594 1329 622 ad
1340 595 1475 630 imperata
1488 598 1667 635 exsequenda
1682 599 1829 628 celerrime

1036 646 1066 666 se
1088 640 1297 674 comparabant.

1070 684 1136 718 XII,
1154 686 1180 713 I.
1203 684 1282 714 Iesus
1299 695 1358 722 ergo
1373 691 1435 715 ante
1449 696 1494 715 sea:
1508 688 1563 716 dies
1579 689 1692 720 Paschw
1715 691 1783 719 venit
1800 691 1827 718 In

1036 731 1192 759 Bel/mnium
1204 752 1211 764 ,
1227 736 1282 760 etc.
1424 729 1432 735 ’

1069 777 1242 817 Contemptis
1254 777 1411 806 Judmorum
1425 779 1533 809 insidiis
1543 780 1676 810 Dominus
1688 789 1717 809 se
1728 786 1827 818 sponte

1035 830 1066 850 ac
1083 824 1155 851 ultro
1170 824 1204 852 ad
1223 825 1382 860 patiendum
1406 826 1507 857 tradit.
1529 827 1643 863 quando
1664 828 1759 855 aderat
1781 837 1828 866 pa-

1034 869 1119 897 tiendi
1135 874 1244 905 tempus
1255 891 1262 901 .
1279 870 1419 907 profectus
1444 871 1470 898 in
1494 871 1655 902 llethanialn
1670 876 1697 900 et
1712 881 1765 901 non
1782 873 1827 902 Je-

1035 916 1172 949 rusalem,
1190 924 1224 944 ne
1242 921 1355 953 repente
1370 924 1384 944 a
1399 916 1502 945 Iudaeis
1523 924 1690 953 conspectus
1713 920 1776 947 illos
1798 920 1826 947 iu

1034 963 1105 991 iram
1124 964 1305 996 accenderet,
1323 963 1372 991 sed
1391 971 1438 999 per
1459 964 1559 992 famam
1571 985 1578 997 ,
1595 973 1649 1002 qua
1666 966 1694 993 in
1710 967 1826 1002 propin-

1033 1016 1088 1044 quo
1113 1016 1175 1037 esse
1197 1009 1348 1041 diceretur,
1362 1009 1487 1039 furentes
1510 1017 1605 1038 eorum
1626 1010 1735 1039 animos
1758 1019 1826 1039 non-

1033 1056 1102 1084 nihil
1117 1056 1323 1091 comprimeret.
1340 1056 1475 1091 Epulatur
1492 1064 1558 1084 vero
1576 1065 1637 1085 cum
1655 1057 1780 1091 Lazaro,
1794 1066 1826 1085 ea

1032 1110 1063 1130 re
1087 1107 1258 1138 spectatores
1274 1102 1439 1135 admonens.
1451 1103 1641 1139 certioresque
1664 1102 1769 1132 faciens
1792 1103 1826 1131 de

1032 1155 1082 1174 sua
1113 1147 1208 1175 divina
1235 1147 1366 1182 potentia.
1389 1146 1517 1176 Ostendit
1544 1156 1610 1177 vero
1638 1149 1824 1184 evangelistes

1032 1193 1084 1221 hac
1098 1194 1260 1221 narratione
1269 1193 1410 1221 Christum
1424 1194 1497 1222 haud
1514 1196 1713 1231 contempsisse
1725 1195 1824 1230 legem.

1032 1239 1104 1267 unde
1119 1243 1146 1267 et
1162 1243 1226 1267 ante
1241 1239 1314 1269 diem
1332 1244 1441 1268 sextum
1466 1240 1595 1274 Paschae,
1612 1248 1675 1270 cum
1689 1242 1824 1272 emendus

1030 1289 1091 1313 erat
1106 1292 1195 1319 agnus
1212 1288 1239 1313 et
1254 1286 1409 1315 servandus
1425 1293 1513 1323 usque
1535 1286 1568 1314 ad
1587 1286 1725 1315 decimum
1738 1294 1823 1323 quar—

1030 1334 1104 1364 tum,
1120 1331 1249 1366 epulatus
1265 1335 1307 1359 est
1322 1339 1386 1359 cum
1405 1331 1529 1361 Lazaro:
1557 1332 1628 1360 forte
1646 1333 1719 1370 quod
1737 1333 1823 1361 moris

1029 1380 1089 1404 erat
1104 1375 1206 1404 Iudaeis
1225 1384 1281 1404 uno
1294 1376 1350 1410 die,
1377 1381 1526 1412 antequam
1555 1382 1687 1413 caperent
1704 1386 1817 1414 agnum.

1029 1422 1158 1450 nonnihil
1173 1421 1269 1450 feriari
1281 1442 1289 1454 ,
1302 1431 1356 1450 non
1372 1430 1405 1450 ex
1419 1423 1479 1458 lege
1493 1423 1542 1451 sed
1557 1431 1589 1452 ex
1603 1425 1821 1458 consuetudine.

1028 1473 1069 1501 ut,
1086 1473 1148 1506 post
1165 1476 1225 1497 eam
1244 1474 1427 1504 assumptam,
1447 1469 1547 1497 darent
1561 1478 1672 1506 operam
1690 1471 1823 1507 deinceps

1028 1522 1116 1549 usque
1129 1513 1162 1542 ad
1180 1513 1281 1542 festum
1297 1513 1405 1549 jejunio
1417 1535 1424 1547 ,
1442 1514 1501 1542 sive
1524 1517 1657 1551 paucitati
1681 1519 1772 1546 victus
1794 1523 1823 1546 et

1027 1560 1250 1595 purgationibus.
1267 1559 1384 1587 Videtur
1398 1567 1464 1596 ergo
1478 1561 1561 1597 695
1579 1561 1714 1591 Dominus
1737 1564 1821 1593 etiam

178 1597 292 1633 γοσιτίᾳ
305 1597 352 1623 καὶ
372 1597 526 1632 ἀγνισμοῐς.
544 1597 671 1624 Φαίνεται
687 1596 732 1625 οὖν
747 1600 759 1625 ὁ
777 1599 879 1634 Κύριος
895 1602 976 1636 τιμή-

1029 1606 1058 1633 in
1075 1606 1129 1633 hoc
1144 1613 1248 1633 morem
1269 1606 1332 1633 festi
1356 1606 1488 1634 coluisse.
1507 1596 1735 1638 Admirabundus
1755 1618 1823 1638 vero

179 1651 232 1674 σας
248 1643 297 1669 καὶ
313 1644 342 1669 ἐν
354 1643 442 1678 τούτῳ
456 1642 490 1669 τὰ
510 1643 560 1676 τῆς
582 1642 679 1678 ἑορτῆς
702 1645 760 1679 ἔθη.
782 1645 977 1681 Καταπληττόι-

180 1697 264 1724 μενος
279 1689 308 1715 δὲ
324 1689 339 1715 6
356 1689 553 1725 εὐαγγελιστής
579 1699 672 1725 φησιν,
687 1691 728 1716 ὅτι
752 1691 765 1717 ὁ
787 1693 977 1728 τετραήμερος

177 1735 280 1770 νεκρὸς
298 1735 425 1771 συνήσθιε
441 1735 480 1770 τῷ
494 1737 616 1771 Χριστῷ,
631 1737 671 1767 εἰς
685 1737 839 1772 ὑπόμνησιν
853 1738 903 1772 τῆς
917 1739 976 1765 Θεο-

177 1779 306 1815 πριποῦς
322 1779 405 1806 αὐτοῦ
426 1780 560 1813 ἐξουσίας.
582 1780 694 1814 Εἰσὰγει
707 1782 735 1807 δὲ
756 1780 784 1813 ἐξ
799 1782 910 1818 ἀγάπης
925 1783 976 1817 τῆς

176 1827 222 1857 εἰς
234 1825 363 1861 Χριστὸν,
384 1826 433 1861 τὴν
450 1827 565 1862 Μάρθαν
580 1827 768 1858 διακονοῦσαν,
793 1829 839 1853 καί
853 1830 910 1859 τοῖς
926 1829 975 1865 τῆς

175 1872 322 1908 τραπέζης
337 1873 529 1908 ὑπηρετοῦσαν
545 1874 647 1905 πόνοις.

216 1920 273 1946 Καὶ
291 1919 310 1952 ή
331 1919 437 1953 Μάρθα
451 1919 595 1954 διηκόνει.

213 1965 274 2000 Τῆς
289 1965 406 2002 Μάρθας
422 1967 623 2002 ὑπηρετούσης,
636 1968 653 2003 ἡ
670 1967 765 2003 Μαρία
777 1968 912 2003 ἀλείψασα
928 1969 974 1995 τὴν

176 2011 285 2047 Κύριον
301 2012 391 2048 μύρῳ,
410 2012 551 2039 ἐτελείωσε
567 2013 616 2049 τὴν
629 2015 669 2045 εἰς
687 2014 767 2041 αὑτὸν
783 2015 905 2050 ἀγάπην,
924 2015 973 2042 καὶ

174 2058 223 2084 διὰ
238 2058 295 2084 τῶν
308 2058 366 2090 δύο,
388 2058 491 2090 τέλειος
513 2060 526 2086 ό
541 2059 592 2094 τῆς
613 2060 724 2095 ἀγάπης
738 2061 800 2095 ὅρος
815 2061 971 2096 ἐτελειώθη.

175 2105 299 2131 Δυνατὺν
314 2105 343 2131 δὲ
367 2105 437 2141 πρὸς
463 2105 580 2140 θεωρίαν
596 2105 643 2132 τὸν
669 2106 758 2140 λόγον,
776 2107 820 2133 ἵνα
846 2108 897 2142 τὴν
923 2107 972 2142 μὲν

174 2150 296 2186 Μάρθαν
324 2150 458 2186 εῑπωμεν,
486 2151 536 2186 τὴν
563 2151 718 2187 πρακτικὴν
744 2153 854 2188 ἀρετὴν,
871 2153 921 2188 τὴν
944 2153 973 2180 δὲ

174 2198 299 2233 Μαρίαν.
322 2196 372 2232 τὴν
392 2198 582 2232 πνευματικὴν
611 2197 738 2232 θεωρίαν,
760 2198 822 2233 ἥτις
854 2198 970 2225 κατόπιν

173 2243 264 2278 βαίνει
291 2242 342 2278 τῆς
361 2243 529 2279 πρακτικῆς·
547 2243 580 2269 δι’
598 2239 635 2269 ὧν
651 2243 682 2279 δὴ
705 2243 897 2279 πληρεστάτην
921 2244 969 2280 τὴν

172 2290 214 2321 είς
244 2289 363 2324 Χριστὸν
387 2289 497 2324 ἀγάπην
529 2289 752 2324 ἐπιδεικνύμεθα.
785 2290 889 2323 Ἀλλοι,
919 2291 969 2325 τὴν

171 2335 293 2371 Μάρθαν
305 2335 345 2366 εἰς
359 2335 445 2361 τύπον
467 2335 556 2361 νοοῦσι
571 2335 621 2371 τῆς
637 2335 754 2367 παλαιᾶς
778 2335 890 2371 Γραφῆς
916 2337 969 2362 ὑπ-

1028 1652 1212 1688 evangelistes
1236 1652 1293 1684 ait,
1322 1652 1538 1687 quatriduanum
1563 1660 1702 1682 mortuum
1726 1657 1823 1693 epula-
1847 1674 1855 1679 ι

1028 1702 1086 1727 tum
1110 1706 1173 1726 esse
1200 1705 1263 1725 cum
1281 1698 1413 1732 Christo,
1439 1699 1468 1728 in
1492 1699 1593 1728 divina:
1610 1701 1671 1736 ejus
1691 1703 1823 1740 potentia:

1028 1744 1333 1773 commemorationem.
1355 1744 1464 1772 lndicat
1485 1754 1552 1774 vero
1571 1747 1655 1776 etiam
1673 1756 1705 1778 ex
1722 1748 1821 1777 atl‘ectu

1027 1791 1055 1818 in
1073 1790 1213 1818 Christum
1225 1811 1232 1823 ,
1251 1790 1387 1819 Martham
1405 1792 1612 1821 ministrantem
1638 1801 1758 1829 mensae,
1782 1795 1822 1823 la-

1027 1837 1165 1873 boresque
1180 1836 1319 1872 ejusmodi
1341 1837 1501 1867 obeuntem.

1062 1926 1124 1960 XII,
1141 1926 1169 1953 2.
1190 1925 1226 1953 Et
1243 1924 1354 1953 Martha
1374 1925 1557 1954 ministrabat.

1064 1973 1171 2000 Martha
1184 1972 1360 2000 ministrante
1372 1992 1380 2004 ,
1392 1971 1477 2000 Maria
1488 1972 1659 2009 perfundens
1675 1975 1818 2009 Dominum

1026 2021 1188 2054 unguento,
1205 2023 1315 2044 omnem
1328 2016 1355 2044 in
1370 2025 1432 2045 eum
1450 2017 1626 2047 dilectionem
1642 2028 1820 2050 consumma-

1024 2065 1063 2091 vit
1073 2084 1081 2096 ,
1095 2071 1127 2091 ac
1141 2071 1190 2099 per
1204 2062 1300 2091 ambas
1316 2063 1403 2092 totius
1416 2064 1573 2095 dilectionis
1591 2068 1726 2100 terminus
1742 2078 1819 2098 com-

1022 2111 1113 2146 pletus
1128 2113 1179 2137 est.
1199 2108 1293 2138 Potest
1313 2113 1340 2138 et
1357 2110 1391 2138 ad
1410 2112 1628 2146 speculationem
1646 2114 1741 2145 referri
1759 2124 1820 2145 ser-

1023 2163 1077 2188 mo,
1095 2159 1125 2183 ut
1143 2154 1279 2182 Martham
1295 2154 1407 2191 quidem
1422 2156 1591 2192 accipiamus
1607 2158 1737 2188 virtutem
1752 2168 1818 2196 pra-

1025 2202 1137 2234 cticam,
1150 2201 1265 2228 Mariam
1281 2201 1456 2237 spiritualem
1470 2204 1746 2240 contemplationem,
1758 2213 1819 2241 qua:

1025 2246 1176 2283 practicam
1192 2253 1207 2273 a
1225 2250 1305 2282 tergo
1328 2247 1467 2282 sequitur,
1489 2257 1538 2284 per
1554 2257 1623 2285 quas
1641 2250 1817 2279 absolutissi-

1024 2300 1097 2319 mam
1126 2299 1193 2328 erga
1222 2292 1307 2320 Deum
1339 2292 1517 2321 dilectionem
1543 2295 1733 2331 designamus.
1761 2297 1816 2325 Alii

1024 2337 1161 2365 Martham
1190 2337 1218 2366 in
1249 2338 1365 2375 ﬁguram
1394 2343 1510 2367 sumunt
1534 2342 1639 2370 veteris
1664 2340 1816 2378 Scriptura:

171 2369 365 2417 ηρετουμὲνην
379 2381 501 2417 Χριστῷ.
527 2369 777 2417 Μεταπλαττομένη
897 2383 954 2409 Im

1027 2383 1225 2411 ministrantem
1244 2369 1366 2411 Christo.
1388 2383 1598 2414 Transformata
1616 2369 1755 2423 siquidem
1773 2389 1815 2416 hi-

173 2428 222 2463 ρία
246 2427 316 2462 πρὸς
337 2427 456 2464 θεωρίαν
484 2428 682 2463 πνευματικὴν,
709 2429 759 2464 τὴν
776 2429 823 2455 τοῦ
846 2429 972 2464 Σωτῆρος

171 2473 317 2509 τράπεζαν
332 2475 488 2509 συγκροτετ.
497 2474 612 2505 Πολλαϊς
624 2474 679 2510 γὰρ
694 2474 858 2510 μαρτυρίαις
868 2475 969 2510 κεχρή-

175 2520 248 2554 μεθα
261 2520 320 2551 τοῖς
335 2519 411 2555 παρὰ
430 2519 549 2555 Χριστοῦ
567 2521 759 2556 συνιστάμενοι
775 2521 902 2556 δόγμασι·
920 2522 970 2557 τὴν

171 2565 199 2591 δὲ
223 2564 337 2601 Μαρίαν
359 2565 409 2601 τὴν
436 2566 619 2601 εὐαγγελικην
649 2566 802 2600 παίδευσιν,
818 2567 867 2602 τὴν
891 2567 970 2603 δίκην

172 2611 263 2647 μύρου
276 2610 426 2646 τρίϐουσαν
439 2611 486 2638 τοῦ
503 2611 606 2646 Κυρίου
619 2612 682 2643 τοὺς
703 2612 797 2644 πόδας,
809 2612 883 2638 τοῦτ’
900 2613 967 2645 ἔστι,

169 2656 221 2689 τὴν
237 2655 304 2690 περὶ
326 2654 376 2690 τὴν
390 2655 443 2689 γῆν
458 2655 610 2689 γενομένην
632 2655 705 2690 αὐτῷ
727 2657 893 2691 οἰκονομίαν,
922 2657 969 2682 καὶ

170 2702 237 2736 ὃλην
252 2701 304 2735 τὴν
326 2700 379 2735 γῆν
407 2700 457 2735 τῆς
480 2701 595 2731 εὐωδίας
620 2701 786 2736 πληροῦσαν,
803 2702 864 2736 ἥτις
894 2702 968 2730 ἐστὶν

169 2744 247 2778 οἶκος
261 2746 312 2780 τῆς
328 2745 438 2780 ἁπάσης
463 2745 683 2781 ἁνθρωπότητος.
704 2747 806 2778 ”Αλλοι,
824 2748 874 2782 τὴν
887 2748 965 2783 Μάρ-

170 2793 222 2820 θαν
239 2793 290 2827 μὲν
300 2791 424 2826 λέγουσι,
439 2793 489 2827 τὴν
500 2792 554 2818 τῶν
574 2792 707 2819 Ἰουδαίων
728 2793 903 2828 Συναγωγὴν,
918 2794 966 2829 τὴν

168 2839 214 2865 διὰ
228 2838 285 2864 τῶν
307 2837 448 2873 σαρκικῶν
474 2838 605 2864 θέλουσαν
628 2838 792 2874 θεραπεύειν
816 2840 861 2865 τὸν
888 2840 964 2866 Θεάν-

168 2884 220 2919 τὴν
232 2883 262 2910 δὲ
276 2884 400 2919 Μαρίαν,
415 2884 464 2919 τὴν
479 2884 508 2916 ἐξ
522 2885 607 2911 ἐθνῶν
629 2885 803 2920 Ἐκκλησίαν,
821 2886 870 2921 τὴν
882 2895 965 2913 πνευ-

174 2930 292 2967 ματικὰς
308 2930 406 2961 θυσίας
432 2931 479 2957 καὶ
502 2929 588 2965 εὺώδη
605 2931 696 2956 πίστιν
719 2932 911 2965 προσάγουσαν
924 2931 962 2966 τῷ

354 2977 490 3007 Parnm.
511 2979 567 3007 (in.
586 2979 713 3008 LXXIV.

1021 2430 1108 2458 storia
1129 2429 1156 2456 in
1173 2430 1434 2466 contemplationem
1451 2431 1640 2467 spiritualem,
1657 2433 1814 2463 Servatoris

1023 2483 1146 2504 mensam
1163 2476 1278 2506 instruit
1296 2481 1324 2504 et
1344 2477 1471 2505 adornat.
1492 2478 1583 2507 Multis
1599 2479 1671 2507 enim
1698 2480 1815 2509 nitimur

1021 2521 1187 2549 testimoniis
1204 2521 1238 2549 de
1255 2521 1366 2549 Christo
1381 2542 1389 2555 ,
1407 2521 1545 2558 dogmatis
1562 2523 1622 2558 ejus
1637 2523 1813 2560 conﬁrmati;

1023 2565 1137 2593 Mariam
1155 2573 1221 2594 vero
1242 2567 1431 2602 evangelicam
1453 2567 1670 2602 institutionem,
1686 2578 1747 2606 quae
1770 2571 1814 2598 in-

1019 2617 1077 2640 star
1093 2612 1226 2648 unguenti
1243 2613 1353 2641 Domini
1368 2614 1452 2649 pedes
1469 2615 1566 2647 unxit.
1584 2615 1637 2643 hoc
1651 2620 1694 2644 est
1709 2615 1769 2650 ejus
1785 2616 1812 2644 in

1019 2663 1092 2686 terra
1110 2658 1304 2692 oeconomiam,
1327 2663 1409 2695 atque
1426 2661 1586 2689 universum
1607 2665 1744 2690 terrarum
1765 2669 1813 2689 or-

1018 2704 1079 2732 bem
1094 2704 1245 2740 fragrantia
1267 2705 1362 2734 odoris
1389 2705 1496 2740 implet,
1512 2714 1573 2741 qua:
1589 2710 1632 2734 est
1655 2706 1740 2733 totius
1765 2706 1813 2733 lm-

1018 2750 1160 2779 manitatis
1188 2750 1300 2779 domus.
1338 2751 1391 2779 Alii
1424 2751 1558 2779 Martham
1595 2751 1813 2786 interpretantur

1017 2793 1175 2823 Judaeorum
1203 2795 1397 2832 Synagogam,
1433 2804 1495 2831 quae
1524 2804 1572 2832 per
1601 2797 1725 2824 carnalia
1754 2797 1812 2824 vult

1018 2841 1103 2869 Deum
1121 2842 1233 2875 colere;
1251 2841 1366 2870 Mariam
1387 2850 1453 2870 vero
1466 2842 1613 2870 conﬂatam
1633 2850 1667 2871 ex
1680 2843 1812 2879 gentibus

1018 2886 1181 2920 Ecclesiam,
1196 2895 1258 2923 quae
1273 2888 1428 2925 spiritualia
1455 2889 1593 2919 sacriﬁcia
1607 2893 1635 2917 et
1649 2890 1811 2919 suaveolen.

1017 2937 1071 2960 tem
1099 2933 1178 2961 Iidem
1203 2934 1314 2963 Christo
1341 2934 1441 2967 otl'crt,
1467 2935 1653 2973 cxprimitque
1678 2942 1693 2964 e
1713 2939 1809 2965 sancta
