4104 6456
467 387 555 446 Ἳὸ
1513 390 1570 445 S.
1609 388 1887 447 CYRILLI
1927 384 2403 445 ALEXANDRINI
2437 389 2754 448 ARCHIEP.
3672 399 3739 452 76

468 509 603 588 ejus
629 524 797 567 carne
827 482 1267 568 benedictionem
1298 522 1396 579 per
1429 508 1720 580 mysticam
1767 506 2063 577 participa-

2182 507 2406 580 Κριστῷ,
2439 508 2536 563 καὶ
2563 510 3017 582 ἀναματτομένην
3047 512 3146 583 τὴν
3172 514 3238 568 ὲκ
3267 513 3368 583 τῆς
3388 512 3548 583 ἁγίας
3577 516 3741 569 αὐτοῦ

410 603 415 608 ’
485 602 717 661 tionem.
768 599 940 657 Oﬂ‘ert
974 615 1105 657 vero
1160 599 1383 666 libram,
1429 596 1575 669 quod
1613 602 1701 653 est
1749 595 2060 667 perfectum

2182 601 2372 673 παρκδς
2403 601 2654 672 εὐλογίαν
2681 602 2771 657 διὰ
2799 604 2897 674 τῆς
2928 605 3197 674 μυστικῆς
3224 604 3596 676 μεταλήψεως.
3648 609 3746 662 Δί-

476 695 724 766 .pondus.
769 692 836 749 ad
877 691 1271 766 perfectionem
1312 687 1438 746 fidei
1471 686 1888 757 designandam.

557 867 691 935 XII,
744 869 798 923 3.
842 865 1040 922 Domus
1089 882 1212 922 vero
1254 862 1469 932 impleta
1525 873 1603 917 est
1634 876 1699 918 ex
1748 860 1908 915 odore
1959 876 2064 915 tm-

480 962 691 1034 gucnti.

558 1053 708 1110 Loco
737 1048 1048 1122 fragrantia:
1087 1053 1141 1104 et
1178 1046 1387 1116 odoris,
1419 1045 1626 1103 Christi
1674 1046 1918 1118 cognitio
1963 1047 2069 1102 im-

484 1146 703 1221 pletura
741 1152 859 1201 erat
895 1143 1085 1199 orbem
1126 1152 1428 1198 terrarum.
1464 1138 1692 1212 Repleta
1726 1141 1869 1197 enim
1904 1139 2071 1195 domo

490 1239 765 1295 suavitate
814 1235 1104 1309 unguenti,
1146 1233 1318 1289 veluti
1370 1233 1625 1305 symbolo
1675 1231 2072 1289 ostendebatur

488 1332 686 1387 domus
721 1329 815 1383 illa
844 1343 967 1399 quae
999 1326 1321 1398 propediem
1353 1325 1720 1396 spiritualiter
1757 1333 1875 1379 erat
1912 1323 2072 1395 perfl-

486 1421 711 1478 cienda.
747 1419 948 1476 Statim
979 1420 1128 1476 enim
1166 1426 1289 1489 post
1317 1418 1634 1488 passionem
1668 1416 1898 1482 Christi,
1944 1415 2071 1471 uni-

488 1528 649 1572 versa
698 1523 849 1569 terra
896 1511 1056 1568 suavi
1096 1511 1269 1567 odore
1316 1517 1585 1580 tanquam
1626 1524 1824 1580 magna
1873 1507 2072 1565 domus

486 1615 773 1680 unguento
804 1607 1015 1677 repleta
1047 1611 1157 1662 est.
1190 1604 1292 1660 llla
1317 1618 1451 1675 ergo
1477 1617 1573 1675 per
1606 1603 1658 1657 id
1702 1602 1849 1673 quod
1883 1601 2071 1661 sensui

484 1702 763 1773 sulijacet,
804 1697 1137 1773 praedicebat
1172 1695 1226 1751 id
1259 1694 1410 1765 quod
1445 1694 1549 1751 sub
1598 1693 1941 1750 intellectum
1977 1708 2072 1748 ca-

489 1791 573 1847 dit
600 1810 614 1848 :
647 1806 775 1847 nam
814 1791 937 1861 ejus
975 1803 1208 1859 corpore
1232 1787 1409 1841 instar
1441 1785 1707 1843 alabastri
1739 1793 2069 1855 compuncto

487 1899 558 1939 ac
589 1896 883 1956 percusso,
926 1877 1265 1952 cognitionis
1306 1875 1473 1947 696
1522 1875 1894 1932 suaveolentia
1946 1875 2070 1929 uni-

488 1990 712 2034 versum
742 1973 930 2031 orbem
965 1972 1225 2044 perfudit.

561 2067 680 2134 XII,
712 2067 768 2136 4,
793 2066 848 2124 5.
864 2066 1006 2121 Dicit
1033 2067 1197 2137 igitur
1217 2061 1250 2117 Ι
1257 2062 1390 2117 udas
1415 2059 1701 2118 Iscariotes
1731 2079 1750 2117 :
1779 2061 1957 2129 Quare
1976 2061 2073 2117 hoc

491 2167 818 2231 unguentum
844 2173 947 2212 non
968 2156 1128 2222 ueniit
1155 2152 1399 2209 trecentis
1423 2152 1683 2220 denariis,
1712 2161 1761 2206 et
1789 2152 1973 2207 datum
1995 2161 2073 2207 est

490 2252 664 2326 egenis
691 2252 717 2306 2’

564 2343 783 2400 Mulieri
818 2341 1079 2414 pietatem
1124 2352 1280 2393 suam
1331 2352 1462 2407 erga
1516 2334 1797 2391 Christum
1847 2337 2072 2392 testanti

494 2436 744 2509 proditor
779 2438 1088 2496 succenset,
1139 2430 1522 2501 actionemque
1572 2428 1940 2484 admiratione
1986 2428 2072 2491 di,-

494 2543 658 2602 gnam
692 2526 888 2597 carpit,
934 2522 1267 2593 simulatque
1302 2536 1361 2576 se
1386 2518 1659 2577 charitate
1691 2534 1825 2590 erga
1866 2535 2073 2590 paupe-

494 2638 585 2678 res
611 2619 833 2677 modum
862 2615 1286 2688 reprehendere,
1311 2610 1461 2684 quod
1484 2618 1824 2683 unguentum
1852 2609 2075 2666 offerret

492 2720 547 2769 et
573 2726 681 2767 non
708 2718 1018 2781 argentum.
1050 2707 1188 2760 Cum
1225 2712 1404 2763 autem
1439 2702 1491 2758 id
1525 2701 1668 2774 quod
1701 2716 1828 2756 vere
1868 2699 2073 2759 bonum

492 2812 580 2861 est
617 2803 922 2876 ignoraret,
950 2798 1087 2854 dicit
1123 2796 1227 2851 hoc
1255 2793 1450 2853 Judas.
1491 2791 1725 2864 Oportet
1757 2794 1902 2849 enim
1928 2792 2077 2846 obla-

493 2896 724 2959 tionem,
753 2906 876 2965 quae
913 2888 1022 2945 Deo
1058 2887 1142 2951 ﬁt,
1174 2885 1513 2957 pauperibus
1535 2882 1824 2940 anteferri.

563 2982 692 3048 ΧΠ,
728 2983 781 3039 6.
829 2981 980 3038 Dixit
1007 2990 1183 3035 autem
1212 2978 1331 3040 hoc,
1373 2993 1477 3032 non
1503 2975 1642 3047 quod
1672 2993 1756 3032 res
1791 2990 2075 3047 egenorum

495 3075 599 3147 ipsi
628 3089 771 3129 cura:
798 3080 996 3138 essent,
1046 3069 1138 3126 sed
1183 3068 1308 3140 quia
1337 3066 1426 3135 {ur
1473 3076 1610 3134 erat,
1640 3077 1690 3123 et
1743 3066 1944 3123 loculos
1974 3068 2076 3118 ha-

498 3169 644 3229 bens,
674 3174 782 3220 etc.

569 3255 813 3329 Exponit
851 3270 1079 3312 causam
1106 3255 1447 3327 evangelista
1478 3267 1577 3308 cur
1608 3251 1724 3306 ba‘c
1762 3249 2080 3320 loqueretur

496 3349 694 3416 ludas,
736 3364 847 3404 non
884 3350 1032 3420 quod
1068 3364 1337 3421 pauperes
1374 3353 1618 3411 curaret,
1667 3344 1763 3399 sed
1804 3342 1950 3414 quod
1995 3339 2084 3394 fur

482 3451 647 3501 esset
694 3450 749 3497 et
783 3441 1109 3512 sacrilegus,
1162 3439 1271 3495 Deo
1316 3440 1531 3496 dicatas
1583 3434 1849 3507 pecunias
1902 3430 2085 3486 subri-

500 3536 681 3609 piens.
712 3534 972 3590 Christus
1005 3548 1136 3588 vero
1160 3532 1448 3588 mulierem
1482 3529 1636 3585 omni
1669 3527 1833 3597 culpa
1861 3524 2081 3588 liberat,

500 3628 633 3684 dum
679 3627 899 3682 occulte
936 3624 1276 3695 proditorem
1308 3620 1612 3694 redarguit,
1655 3619 1748 3690 qui
1776 3619 1928 3671 nulla
1952 3630 2080 3673 cum

504 3719 723 3775 ratione
754 3718 917 3774 laude
958 3716 1125 3787 digna
1151 3714 1599 3787 reprehenderet,
1625 3712 1854 3766 dicens:
1891 3726 1912 3760 ι
1952 3708 2085 3764 Sine

502 3811 797 3871 illamaDe
825 3811 1092 3882 unguenti
1124 3826 1253 3866 vero
1271 3808 1596 3880 perfusione
1625 3817 1850 3864 causam
1883 3803 2085 3869 reddit,

499 3902 647 3976 quod
675 3917 783 3963 non
810 3901 880 3956 ad
931 3901 1143 3968 luxum,
1191 3899 1285 3957 sed
1317 3899 1385 3954 ad
1428 3896 1752 3970 mysterium
1807 3893 2083 3965 quoddam

501 3993 649 4068 quod
684 3994 833 4048 circa
857 3984 1349 4065 ejus’sepulturam
1385 3990 1512 4054 fuit,
1545 3994 1757 4060 spectet
1790 4003 1802 4039 :
1836 3986 1940 4041 etsi
1964 4000 2086 4058 qua:

502 4085 560 4143 id
623 4080 895 4149 faciebat,
942 4084 1229 4157 ignoraret
1281 4081 1533 4155 mysterii
1599 4078 1871 4134 rationem
1917 4086 2085 4150 atque

504 4175 893 4239 meormnriam.
926 4174 1101 4231 Multa
1150 4177 1296 4231 enim
1339 4173 1596 4235 nonnulli
1640 4181 1695 4227 et
1736 4172 1997 4226 dixerunt
2031 4178 2087 4224 et

505 4267 756 4324 fecerunt
791 4266 861 4322 ad
884 4266 1175 4340 mysticam
1209 4263 1518 4337 spectantia
1551 4263 1948 4332 ﬁguram,”ch
1984 4263 2088 4317 im-

506 4359 807 4433 prudentes
859 4368 913 4419 et
957 4357 1158 4431 ignari.
1222 4352 1329 4413 Sed
1379 4356 1528 4415 enim
1584 4356 1851 4410 Dominus
1889 4369 2087 4410 rursus

505 4446 757 4518 coarguit
782 4444 1003 4512 ludam,
1032 4446 1178 4518 quod
1206 4444 1323 4500 haec
1353 4459 1461 4499 non
1492 4443 1567 4499 ob
1596 4444 1946 4517 religionem,
1989 4444 2083 4499 sed

2166 709 2304 764 τραν
2333 693 2392 749 δὲ
2424 696 2714 765 προσάγει,
2749 696 2888 768 ὅπερ
2918 697 3035 751 ἐστὶ
3081 696 3287 761 τέλειος
3339 698 3601 771 σταθμὸς,
3655 700 3745 754 διὰ

2168 783 2229 837 τὸ
2258 785 2360 856 τῆς
2401 785 2638 851 πίστεως
2668 787 2896 840 τέλειον.

2252 876 2314 930 Ἠ
2340 874 2409 928 δὲ
2453 877 2612 931 alata
2643 874 2957 945 ἐπληρώθη
2999 876 3069 932 ἐκ
3110 876 3223 946 τῆς
3268 876 3466 948 ὀσμῆς
3493 879 3601 933 τοῦ
3631 880 3747 949 μύ-

2161 987 2298 1039 pou.

2254 1061 2342 1115 Ἐν
2370 1058 2520 1126 τάξει
2564 1061 2812 1126 εὐωδίας,
2842 1061 2877 1133 ἡ
2913 1060 3013 1117 τοῦ
3042 1063 3284 1136 Χριστοῦ
3311 1063 3514 1132 γνῶσις
3550 1062 3747 1135 ἔμελλε

2172 1154 2413 1226 πληροῦν
2461 1155 2555 1208 τὸν
2603 1155 2827 1224 κόσμον.
2872 1154 2981 1208 Τοῦ
3016 1157 3127 1227 γὰρ
3175 1155 3325 1210 οῐκου
3367 1154 3746 1226 πληρωθέντος

2171 1248 2269 1317 τῆς
2307 1248 2373 1300 ἐκ
2403 1244 2498 1298 τοῦ
2541 1244 2715 1317 μύρου
2752 1246 2997 1310 εὐωδίας,
3033 1246 3376 1317 συμϐολικῶς
3405 1248 3748 1301 ἐπεδείκνυτο

2168 1338 2399 1402 ἐκεῖνος,
2444 1337 2582 1408 ὅπερ
2624 1336 3009 1409 πνευματικῶς
3050 1338 3153 1392 οὐκ
3188 1340 3269 1401 είς
3300 1337 3518 1409 μακρὰν
3553 1340 3749 1392 ἀποτε-

2172 1429 2430 1501 λεσθῆναι
2468 1428 2718 1500 ἔμελλεν.
2757 1428 2935 1495 Εὐθὺς
2968 1430 3078 1501 γὰρ
3127 1428 3265 1500 μετὰ
3310 1428 3374 1482 τὸ
3425 1429 3616 1494 πάθος,
3648 1429 3749 1501 τῆς

2171 1520 2416 1593 Χριστοῦ
2444 1521 2674 1587 εὐωδίας
2707 1522 2742 1592 ἡ
2795 1520 3061 1593 σύμπασα
3083 1521 3400 1593 οἰκουμένη,
3430 1520 3620 1593 ὥσπερ
3653 1523 3748 1593 μὲ-

2171 1630 2276 1683 γας
2302 1609 2471 1679 οἶκος,
2495 1612 2792 1685 ἐπληρώθη
2823 1614 3018 1685 μύρου.
3059 1612 3153 1685 Τῷ
3180 1612 3358 1666 τοίνυν
3384 1612 3653 1685 αἰσθητῷ,
3686 1613 3748 1666 τὸ

2173 1704 2360 1778 νοητὸν
2408 1705 2593 1776 ἐκείνη
2633 1707 2967 1776 προεμήνυε⁶
3013 1702 3109 1758 τοῦ
3138 1704 3248 1776 γὰρ
3287 1703 3537 1776 σώματος
3580 1705 3746 1759 αὐτοῦ

2172 1795 2550 1868 ἁλλοδάστρου
2599 1796 2756 1867 δίκην
2801 1796 3243 1868 ὲκκεντηθέντος,
3275 1800 3313 1869 ἡ
3345 1800 3446 1869 τῆς
3491 1795 3748 1868 γνώσεως

2172 1888 2371 1946 εὐωδία
2392 1890 2484 1945 τὸν
2509 1889 2631 1945 ὅλον
2657 1888 2945 1961 ἐπλήρωσε
2973 1888 3201 1961 κόσμον.

2243 2068 2414 2140 Λέγει
2440 2065 2556 2127 οὖν
2596 2065 2821 2132 Ἰούδας
2851 2070 2885 2122 ό
2935 2066 3314 2136 Ἰσκαριώτης
3332 2085 3350 2101 ο
3380 2069 3544 2129 Arati
3572 2067 3751 2123 tam

2173 2162 2238 2217 τὸ
2265 2163 2461 2230 μύρον
2500 2161 2613 2216 οὐκ
2650 2158 2879 2233 ἐπράθη
2911 2158 3274 2228 τριακοσίων
3291 2158 3611 2229 δηναρίων,
3650 2157 3751 2215 και

2172 2255 2353 2322 ἐδόθη
2393 2252 2652 2322 πτωχοῖς
2670 2269 2690 2316 ;

2257 2345 2517 2415 Ἐπιτιμᾷ
2545 2346 2574 2398 ὁ
2601 2341 2867 2413 προδότης
2895 2343 2961 2413 τῇ
2987 2340 3210 2411 γυναικὶ
3236 2339 3618 2412 ὲπιδειξαμένῃ
3650 2338 3751 2410 τὴν

2173 2437 2254 2501 εἰς
2284 2434 2524 2507 Χριστδν
2552 2433 2859 2496 εὐσὲὃειαν,
2893 2433 2991 2489 καὶ
3013 2432 3114 2502 τῆς
3140 2431 3475 2501 ἀειαγάστου
3497 2431 3751 2503 πράξεως

2176 2521 2630 2595 ἐπιλαμϐάνεται,
2662 2523 2756 2583 καὶ
2785 2526 3166 2593 προσποιεῖται
3211 2523 3303 2578 διὰ
3343 2521 3448 2591 τῆς
3499 2524 3580 2586 είς
3621 2522 3751 2586 τοὺς

2177 2618 2426 2688 πτωχοὺς
2477 2616 2698 2686 ἀγάπης
2752 2614 3088 2685 μέμφεσθαι,
3141 2614 3276 2671 διότι
3352 2613 3524 2685 μύρον
3573 2629 3748 2684 προσο

2176 2706 2361 2778 ἔφερε,
2389 2705 2484 2759 καὶ
2509 2705 2611 2758 οὐκ
2641 2703 2925 2776 ἀργύριον.
2944 2704 3254 2773 ’Λγνοῶν-δὲ
3281 2704 3342 2759 τὸ
3364 2706 3535 2769 δντως
3562 2705 3752 2770 καλὸν,

2174 2797 2325 2867 λέγει
2352 2796 2510 2849 τοῦτο
2531 2797 2564 2850 δ
2600 2795 2820 2858 Ἰούδας.
2856 2798 2948 2849 Δεῖ
2973 2796 3084 2867 γὰρ
3107 2796 3206 2866 τὴν
3234 2797 3316 2859 είς
3347 2795 3482 2855 Θεὸν
3508 2796 3753 2868 δωροφο-

2174 2889 2321 2962 ρίαν,
2358 2887 2756 2961 προτιμοτέραν
2785 2884 2925 2944 εἶναι
2949 2889 3057 2942 τῶν
3091 2888 3346 2963 πτωχῶν.

2248 2976 2396 3036 Eius
2429 2977 2500 3032 δὲ
2527 2976 2723 3042 τοῦτο,
2753 2978 2867 3047 οὐχ
2900 2976 2990 3032 ὅτι
3019 2977 3153 3046 περὶ
3181 2975 3299 3033 τῶν
3336 2978 3588 3049 πτωχῶν
3619 2980 3755 3049 ἐγρε-

2177 3075 2310 3137 λον,
2342 3069 2480 3125 ἀλλ’
2527 3067 2617 3123 ὅτι
2668 3070 2937 3137 κλέπτης
2968 3064 3047 3140 ἦν
3076 3068 3173 3125 καὶ
3217 3069 3286 3124 τὸ
3316 3071 3762 3142 γλωσσόκομον

2103 3189 2148 3249 C
2179 3160 2325 3234 εἶχε,
2351 3164 2447 3217 καὶ
2474 3162 2543 3217 τὰ
2573 3161 2723 3233 ἑξῆς.

2263 3254 2322 3308 '0
2359 3253 2545 3325 μέντοι
2591 3252 2983 3323 εὐαγγελιστὴς
3012 3250 3287 3324 ἐξηγεῖται
3322 3254 3423 3326 τὴν
3457 3255 3657 3322 αἰτίαν,
3685 3255 3761 3311 δι’

2180 3346 2247 3417 ἢν
2278 3344 2450 3400 ταῦτα
2482 3342 2635 3398 εἷπεν
2665 3346 2695 3397 ὁ
2727 3343 2953 3409 Ἰούδας,
2998 3344 3081 3399 ὄτι
3117 3345 3215 3415 οὐχ
3247 3346 3325 3409 ὡς
3370 3346 3481 3401 τῶν
3509 3348 3764 3419 πενήτων

2180 3434 2500 3506 κηδόμενος,
2531 3432 2668 3488 ἀλλὰ
2706 3433 2788 3486 ὅτι
2824 3433 3062 3506 κλέπτης
3098 3430 3169 3506 ἦν
3214 3434 3311 3489 καὶ
3347 3434 3641 3507 ἱερόσυλος,
3690 3438 3766 3489 τὰ

2179 3525 2259 3596 τῷ
2297 3524 2417 3598 Θεῷ
2442 3525 2808 3597 ἀνατιθέμενα
2834 3525 3096 3597 χρήματα
3125 3527 3394 3582 κλέπτων.
3435 3529 3545 3583 Καὶ
3572 3530 3601 3581 ὁ
3624 3529 3762 3600 Χριο

2182 3617 2306 3681 στὸς
2331 3616 2390 3671 δὲ
2435 3616 2615 3687 πάσης
2661 3616 2841 3679 αἰτίας
2871 3616 3164 3689 ἐλευθέραν
3195 3617 3489 3688 ἀποφαίνει
3532 3617 3632 3688 τὴν
3657 3634 3760 3688 γυ-

2182 3713 2362 3775 ναῖκα,
2390 3709 2458 3763 δι’
2484 3704 2561 3762 ὧν
2587 3709 3088 3781 ἐγκεκαλυμμίνως
3116 3710 3332 3781 ἐλέγχει
3356 3711 3448 3766 τὸν
3471 3712 3765 3784 προδότην,

2182 3801 2283 3854 οὐκ
2335 3799 2573 3867 εὐλόγως
2604 3798 2932 3870 αἰτιώμενον
2958 3800 3029 3854 τὰ
3074 3801 3299 3855 ἐπαίνου
3356 3801 3505 3870 ἄξια,
3564 3803 3762 3873 λέγων,

2190 3891 2398 3961 «Ἄφες
2422 3890 2655 3962 αὐτὴν.»
2702 3890 3082 3959 ’Δπολογεῖται
3098 3892 3153 3946 δὲ
3173 3893 3315 3964 ὑπὲρ
3341 3892 3442 3962 τῆς
3461 3893 3556 3951 τοῦ
3588 3894 3762 3965 μύρου

2182 3980 2438 4053 χρίσεως,
2455 3979 2516 4034 οὐ
2533 3978 2622 4032 διὰ
2644 3978 2853 4051 τρυφὴν
2876 3982 3184 4055 γεγονυίας,
3205 3982 3343 4035 ἀλλὰ
3368 3983 3459 4037 διά
3476 4000 3529 4035 τι
3550 3985 3764 4056 μυστή-

2188 4073 2481 4145 ριον,δπερ
2509 4074 2588 4138 είς
2616 4073 2706 4129 τὸν
2737 4071 2903 4129 αὐτοῦ
2921 4075 3143 4142 γέγονεν
3172 4073 3563 4146 ὲνταφιασμδν,
3591 4076 3641 4143 εί
3668 4076 3764 4131 καὶ

2185 4164 2436 4236 ἠγνόειή
2476 4166 2752 4236 ποιήσασα
2783 4164 2879 4219 τοῦ
2933 4166 3233 4237 μυστηρίου
3277 4165 3379 4238 τὴν
3427 4167 3762 4236 οἰκονομίαν.

2186 4256 2366 4310 Πολλὰ
2383 4257 2493 4328 γάρ
2511 4274 2656 4321 τινες
2686 4256 2783 4313 καὶ
2816 4252 2968 4313 εἷπον
2990 4259 3082 4312 καὶ
3112 4257 3375 4331 ἐποίησαν
3394 4260 3476 4325 είς
3505 4259 3765 4330 μυστικὴν

2187 4348 2409 4421 δρῶντα,
2429 4348 2600 4407 τύπον
2628 4350 2971 4419 ἀγνοοῦντες.
2996 4350 3185 4421 Ὅμως
3233 4353 3262 4405 ὁ
3312 4349 3518 4422 Κύριος
3552 4351 3766 4423 ἐλέγχει

2189 4442 2353 4498 πάλιν
2378 4442 2470 4499 τὸν
2486 4440 2710 4510 Ἰούδαν,
2733 4443 2815 4499 ὅτι
2839 4443 2901 4501 οὐ
2929 4442 2997 4496 δι’
3026 4441 3112 4494 εὐ)
3124 4440 3313 4496 άδειαν
3343 4441 3519 4496 ταῦτα
3550 4442 3763 4510 ἔλεγεν,

504 4537 580 4595 ob
606 4537 789 4609 turpis
820 4536 961 4592 lucri
1008 4537 1366 4609 cupiditatem
1409 4536 1639 4600 diceret,
1684 4542 1849 4606 atque
1885 4535 2080 4607 exiguo

2190 4534 2305 4588 ἀλλ’
2331 4536 2413 4591 ὅτι
2439 4536 2833 4607 αἰσχροκερδὴς
2856 4530 2945 4608 ἦν,
2974 4535 3067 4589 καὶ
3094 4534 3161 4588 δι’
3186 4534 3364 4603 ὀλίγον
3394 4534 3605 4608 κέρδος,
3628 4549 3765 4605 προ-

503 4628 799 4686 admodum
852 4629 1228 4685 emolumento
1279 4628 1605 4700 magistrum
1651 4627 1973 4699 proditurus
2002 4644 2080 4685 es-

2187 4625 2373 4685 δοῦναι
2403 4625 2602 4698 ἔμελλε
2635 4627 2728 4682 τὸν
2771 4625 3110 4683 διδάσκαλον.
3151 4626 3212 4681 '0
3254 4625 3364 4698 γὰρ
3397 4625 3767 4696 ἐνταφιασμδς

503 4727 610 4778 let.
644 4719 858 4791 Quippe
893 4719 1196 4791 sepuitura:
1235 4727 1291 4776 et
1319 4720 1515 4777 mortis
1564 4720 1773 4777 mentio
1817 4718 1869 4775 id
1909 4720 2091 4775 decla-

503 4826 633 4868 rare
675 4811 918 4868 vidctur.
967 4811 1208 4867 Adducit
1276 4812 1440 4866 etiam
1497 4811 1770 4867 rationem
1828 4810 2089 4867 Servator

501 4899 667 4956 nobis
724 4913 789 4954 ac
840 4899 1290 4970 persuasionem,
1343 4897 1550 4969 pietate
1598 4913 1728 4970 erga
1780 4914 1905 4955 eum
1946 4899 2085 4955 nihil

503 5005 629 5047 esse
661 4988 969 5060 antiquius.
1014 4986 1305 5061 Permagni
1357 4989 1610 5054 interest,
1652 4990 1866 5061 inquit,
1898 5006 2086 5055 amare

503 5094 798 5154 pauperes,
833 5081 932 5137 sed
975 5089 1161 5137 tamen
1209 5081 1520 5137 reverentia
1569 5080 1660 5138 Dei
1693 5092 2082 5154 anteponatur.

503 5171 662 5239 Quod
700 5186 831 5230 vero
867 5172 1037 5233 dicit,
1069 5170 1345 5241 ejusmodi
1392 5179 1501 5229 est.
1550 5170 1825 5244 Tempus,
1871 5173 2080 5244 inquit,

503 5262 651 5333 quod
686 5247 1054 5317 constitutum
1084 5273 1170 5316 est
1196 5261 1264 5316 ad
1295 5277 1478 5317 meum
1519 5261 1807 5328 honorem,
1853 5263 1956 5319 hoc
2001 5271 2085 5319 est

505 5352 573 5408 ad
601 5368 776 5408 meam
798 5350 890 5407 hic
919 5354 1438 5420 commorationem,
1468 5369 1738 5425 pauperes
1770 5354 1903 5409 mihi
1940 5370 2084 5424 prae-

504 5443 639 5501 ferri
670 5449 859 5499 vetat:
902 5450 957 5497 et
996 5441 1100 5499 hoc
1127 5444 1267 5500 dixit
1302 5446 1648 5502 teconomice
1675 5456 1840 5517 atque
1866 5447 2082 5511 ordine,

502 5550 615 5591 non
663 5549 894 5607 prorsus
943 5534 1227 5593 abducens
1280 5538 1696 5596 misericordem
1744 5554 1809 5594 ac
1852 5540 2001 5611 pium
2055 5555 2085 5593 a

503 5628 774 5682 charitate
802 5625 858 5680 in
890 5628 1342 5698 pauperesaCum
1374 5630 1541 5703 igitur
1561 5638 1781 5702 tempus
1804 5639 1888 5686 est
1910 5631 2087 5687 divini

503 5724 688 5774 rnttus
718 5723 772 5772 et
801 5716 1120 5775 cantionum
1149 5739 1458 5789 sacrarum,
1492 5738 1568 5781 ea:
1597 5718 1930 5796 pauperibus
1954 5739 2084 5795 prte-

506 5803 748 5863 terenda:
778 5812 908 5867 sunt
938 5830 951 5865 :
988 5808 1117 5866 licet
1140 5813 1286 5869 enim
1320 5813 1649 5869 benefacere
1677 5814 1758 5869 eis
1801 5823 1927 5885 post
1967 5814 2082 5884 spi-

2189 4718 2284 4773 καὶ
2317 4718 2352 4790 ἡ
2387 4717 2486 4772 τοῦ
2529 4718 2761 4779 θανάτου
2811 4721 3002 4792 μνήμη
3044 4719 3204 4773 τοῦτο
3250 4717 3443 4789 δηλοῦν
3494 4718 3765 4789 φαίνεται.

2201 4809 2428 4880 Ἐπάγει
2472 4811 2531 4865 δὲ
2571 4812 2666 4865 καὶ
2694 4808 2956 4882 λογισμὸν
2978 4810 3007 4864 δ
3038 4807 3252 4881 Σωτὴρ,
3283 4808 3591 4865 ἀναπείθων
3619 4809 3768 4881 ἡμᾶς

2191 4900 2273 4955 δτι
2325 4900 2428 4973 τῆς
2491 4904 2571 4966 εἰς
2635 4901 2797 4959 αὑτὸν
2834 4899 3116 4966 εὐσεϐείας
3170 4900 3325 4956 οὐδέν
3372 4901 3487 4955 ἔστι
3539 4899 3765 4972 βέλτιον.

2205 4992 2636 5065 ’Δξιολογωτάτη
2672 4993 2773 5064 μὲν
2802 4993 2933 5065 γὰρ,
2957 4994 3145 5064 φησὶν,
3175 4995 3211 5064 ἡ
3238 4991 3601 5066 φιλοπτωχία,
3626 4990 3770 5063 πλὴν

2189 5082 2369 5136 ὀπίσω
2421 5081 2670 5152 τετάχθω
2721 5081 2822 5151 τῆς
2873 5083 2953 5144 εἰς
2991 5082 3124 5139 Θεὸν
3166 5081 3370 5145 αἰδοῦς.
3409 5083 3472 5137 Ὃ
3506 5082 3564 5134 δὲ
3595 5080 3768 5150 λέγει,

2189 5174 2433 5228 τοιοῦτόν
2463 5175 2630 5228 ἐστιν’
2676 5174 2732 5228 Ὀ
2785 5173 2995 5246 χρόνος,
3043 5175 3231 5246 φησιν,
3262 5177 3289 5230 ὁ
3322 5174 3418 5245 τῆς
3447 5175 3528 5239 είς
3554 5174 3655 5244 ἐμὲ
3680 5191 3771 5228 τε-

2189 5266 2463 5337 ταγμένος
2490 5266 2651 5319 ἕνεκα
2680 5269 2870 5338 τιμῆς,
2913 5266 3081 5338 ἤγουν
3106 5268 3135 5320 ὁ
3169 5266 3267 5336 τῆς
3298 5266 3393 5319 ἐπὶ
3424 5265 3533 5336 γῆς
3559 5264 3769 5337 διατρις

2193 5357 2315 5429 ϐῆς,
2350 5358 2448 5410 οὐκ
2481 5357 2708 5409 ἀπαιτεῖ
2736 5355 2870 5427 ἐμοῦ
2914 5356 3284 5430 προτιμᾶσθαι
3329 5358 3457 5420 τοὺς
3503 5355 3773 5428 πένητας.

2192 5446 2365 5501 Τοῦτο
2416 5446 2474 5500 δὲ
2522 5441 2675 5499 εἶπεν
2704 5446 3087 5518 οἰκονομικῶς,
3113 5447 3215 5500 οὐκ
3258 5446 3521 5519 ἀφίστησι
3556 5448 3654 5517 μέν
3685 5463 3770 5500 τοι

2193 5538 2479 5604 παντελῶς
2511 5542 2609 5610 τῆς
2655 5542 2735 5603 εἱς
2786 5541 2911 5603 τούς
2961 5539 3211 5610 πτωχοὺς
3254 5540 3476 5612 ἀγάπης
3507 5540 3598 5593 τὸν
3630 5556 3776 5609 συμ-

2192 5631 2359 5703 παθῆ.
2385 5634 2514 5689 Ὅτε
2543 5629 2637 5688 οὖν
2666 5635 2825 5706 χρεία
2858 5634 3115 5704 λατρείας
3142 5633 3177 5705 ἦ
3207 5632 3504 5706 ὐμνῳδίας,
3529 5633 3610 5686 δεῖ
3640 5650 3773 5703 προ-

2188 5727 2356 5798 τιμᾷν
2387 5726 2590 5790 ταύτας
2619 5728 2714 5798 τῆς
2748 5731 2831 5790 εἰς
2854 5727 2981 5792 τοὺς
3024 5728 3278 5798 πτωχοὺς
3312 5729 3559 5798 ἀγάπηςο
3605 5726 3773 5782 δυνα-

2188 5816 2278 5869 τὸν
2325 5816 2436 5887 γὰρ
2486 5811 2544 5873 εὖ
2600 5819 2776 5871 ποιεῖν
2809 5818 2945 5887 μετὰ
2989 5818 3088 5882 τὰς
3112 5820 3490 5891 πνευματικὰς
3525 5817 3771 5889 λειτουρ-
