4104 6426
469 504 541 558 79
1459 497 1518 551 S.
1567 493 1842 550 CYRILLI
1887 491 2360 548 ALEXANDIHNI
2405 494 2734 550 ARCHIEP.
3677 491 3744 546 80

475 623 633 686 mini,
671 636 778 675 non
807 626 1005 674 natura
1034 616 1128 672 sed
1154 615 1332 688 gratia
1368 616 1509 670 hanc
1539 614 1743 667 habent
1770 612 2050 682 dignatio-

2173 612 2304 666 ἑστιν
2330 613 2506 666 είπείν
2540 613 2632 666 ἐπὶ
2680 611 2941 684 Χριστοῦ.
2971 611 3046 664 Οὐ
3076 611 3183 681 γὰρ
3206 610 3292 664 διὰ
3321 609 3480 664 τοῦτο
3504 611 3748 665 καλεῖται

472 731 625 769 sirm.
669 709 955 780 Siquidem
983 717 1036 763 et
1063 724 1128 762 ex
1165 705 1498 760 abstinentia
1538 701 1808 755 mendacii
1842 717 2046 755 vocan-

477 820 566 864 tur
606 803 859 858 homines
899 815 1147 863 veraces,
1174 797 1543 868 quodquidem
1571 795 1639 848 de
1686 793 1910 848 Christo
1941 793 2050 846 dici

2159 703 2410 775 ἀλήθεια,
2457 705 2644 776 ἐπειδὴ
2697 706 2756 758 οὐ
2799 704 3076 774 ψεύδεται,
3123 702 3238 756 ἀλλ’
3271 704 3353 756 ὅτι
3397 704 3605 774 ἀμείνω
3638 705 3750 774 ἔχει

2160 797 2444 860 παντελῶς
2476 797 2568 851 τοῦ
2604 797 2834 866 ψεύδους
2868 796 2963 864 τὴν
2996 795 3180 865 φύσιν.

477 910 588 949 non
619 903 820 965 potest.
861 893 980 948 Non
1015 893 1158 948 enim
1197 890 1327 960 quia
1354 903 1459 940 non
1492 887 1786 949 mentitur,
1814 883 1938 939 ideo
1972 897 2200 942 vocatur
2232 889 2462 954 veritas,
2529 889 2624 943 sed
2685 889 2816 958 quia
2858 897 3112 942 naturam
3178 884 3471 941 mendacio
3519 900 3750 955 prorsus

479 987 746 1056 majorem
777 986 959 1040 habet.

547 1079 671 1142 ΧΗ,
721 1078 804 1132 Η.
847 1077 1059 1131 Iuventa
1111 1082 1286 1126 autem
1336 1069 1494 1126 Jesus
1549 1070 1756 1135 asello,
1790 1067 1924 1124 sedit
1967 1086 2060 1124 su-

465 1192 567 1244 .per
601 1189 738 1227 eum.

550 1286 744 1355 Magna
787 1282 933 1338 enim
981 1277 1340 1335 multitudine
1375 1279 1555 1346 ipsum
1588 1276 1830 1344 stipante
1867 1289 1930 1328 ac
1962 1273 2058 1329 de-

476 1379 738 1440 ducente,
764 1390 830 1430 ex
872 1386 1088 1428 summa
1139 1369 1518 1424 moderatione
1570 1369 1624 1420 in
1679 1368 1837 1422 asino
1891 1366 2058 1431 sedit,

463 1472 702 1525 tradens
733 1466 894 1522 nobis
928 1465 1320 1518 documentum
1395 1475 1747 1530 nequaquam
1801 1473 1902 1512 nos
1945 1459 2062 1510 lau-

475 1563 638 1616 dibus
692 1555 984 1621 efferendi,
1042 1562 1235 1625 utpote
1291 1553 1438 1606 intra
1485 1551 1837 1605 necessitatis
1899 1562 2060 1604 usum

474 1652 812 1706 consistens.
850 1647 1143 1700 Matthaeus
1183 1643 1410 1714 quidem
1449 1641 1631 1696 fusius
1660 1641 1728 1696 de
1750 1641 1909 1696 asino
1942 1655 2062 1693 ver-

475 1744 545 1798 ba
583 1738 1014 1795 fecit.Joannes
1053 1751 1184 1791 vero
1228 1733 1296 1788 ad
1337 1733 1391 1788 id
1437 1732 1587 1802 quod
1629 1731 1684 1785 in
1719 1747 1778 1785 re
1822 1730 2064 1784 maxime

475 1833 858 1890 necessarium
889 1840 972 1885 est
999 1829 1316 1899 properavit
1349 1842 1448 1895 pro
1478 1840 1628 1878 more
1664 1839 1788 1878 suo.
1830 1820 2062 1888 Quando

475 1941 610 1982 vero
661 1931 860 1994 praeter
909 1920 1380 1978 consuetudinem
1426 1933 1584 1972 suam
1633 1931 1785 1971 nunc
1837 1921 2053 1967 tantum

2244 1069 2454 1137 Εἱιρὼν
2507 1067 2576 1121 δὲ
2626 1070 2660 1123 ό
2720 1068 2960 1136 Ἰησοῦς
3002 1067 3276 1136 ὀνάριον,
3330 1066 3613 1120 ἐκάθισεν
3659 1069 3751 1121 ἐπ’

2166 1160 2335 1214 αὑτό.

2239 1271 2444 1326 Πολλοῦ
2494 1274 2604 1344 γὰρ
2670 1271 2909 1342 πλήθους
2973 1270 3138 1324 αὐτὸν
3188 1271 3613 1343 δορυφοροῦντας
3658 1273 3754 1326 καὶ

2167 1366 2580 1437 εὐφημοῦντος,
2618 1366 2724 1420 ὑπὸ
2784 1365 3210 1436 μετριοπαθείας
3267 1364 3444 1436 ἄκρας
3489 1366 3582 1418 ἐπὶ
3631 1365 3754 1420 ῦνου

2168 1459 2460 1529 ἐκαθέσθη,
2490 1459 2760 1514 διδάσκων
2793 1461 2961 1530 ἡμᾶς,
2999 1460 3074 1530 μὴ
3122 1457 3386 1528 ὑψοῦσθαι
3421 1460 3479 1512 ἐν
3521 1462 3635 1522 τοῖς
3661 1461 3758 1511 ἐπ-

2167 1552 2358 1616 αίνοις,
2417 1552 2570 1606 οὐδὲν
2609 1551 2719 1605 τῶν
2749 1551 2851 1622 τῆς
2881 1551 3069 1622 χρείας
3099 1551 3504 1622 παρεκϐαίνων.
3554 1552 3614 1603 '0
3657 1550 3758 1621 μὲν

2166 1637 2260 1696 οὖν
2289 1641 2568 1705 Ματθαίος
2586 1684 2601 1705 ,
2633 1641 2968 1711 πλατύτερον
2991 1637 3112 1695 εἷπε
3143 1642 3211 1695 τὰ
3245 1641 3496 1713 περὶτῆς
3528 1642 3672 1695 ὄνου.
3700 1643 3757 1696 ’0

2166 1734 2224 1788 δὲ
2280 1731 2530 1803 Ἰωάννης
2583 1732 2672 1785 ἐπ’
2702 1732 2834 1786 αὐτὸ
2863 1732 2957 1786 τοῦ
3012 1734 3335 1804 πράγματος
3371 1729 3503 1804 ἦλθε
3541 1733 3602 1786 τὸ
3640 1751 3760 1786 και-

2171 1822 2466 1896 ριώτατον,
2500 1824 2638 1894 ὅπερ
2669 1822 2789 1886 ἔθος
2838 1823 2988 1894 αύτῷ
3029 1827 3224 1880 ποιεῖν.
3267 1823 3486 1894 Ἐπειδὴ
3518 1825 3575 1877 δὲ
3607 1825 3760 1894 παρὰ

2163 1916 2224 1969 τὸ
2252 1915 2482 1984 σύνηθες
2527 1913 2678 1985 αύτῷ
2705 1916 2832 1987 ἄρτι
2870 1916 3028 1986 μόνον
3070 1917 3321 1985 φαίνεται
3355 1919 3384 1971 6
3414 1916 3618 1988 Κύριος
3665 1917 3760 1968 ἐπὶ

477 2017 746 2082 Dominus
787 2016 839 2068 in
875 2014 1036 2069 asino
1069 2011 1268 2068 sedens
1297 2010 1550 2064 cernitur
1571 2051 1584 2074 ,
1617 2024 1728 2062 non
1771 2013 2060 2078 propterea

2173 2007 2287 2060 ὄνου
2312 2007 2648 2078 καθήμενος,
2680 2009 2742 2062 οὐ
2775 2009 2865 2062 διὰ
2895 2008 3056 2062 τοῦτό
3091 2027 3272 2079 φαμεν
3305 2009 3466 2064 αὑτὸν
3510 2007 3757 2069 καθίσαι,

476 2109 717 2165 dicimus
745 2123 869 2163 eum
905 2106 1137 2169 sedisse,
1164 2105 1307 2174 quod
1342 2103 1534 2174 procul
1574 2103 1770 2156 abesse
1803 2099 1870 2154 ab
1901 2096 2058 2158 urbe,

477 2219 588 2260 non
615 2203 762 2258 enim
802 2201 996 2257 aberat
1044 2197 1267 2267 longius
1308 2195 1625 2268 quindecim
1671 2191 1866 2249 stadiis
1899 2208 1914 2244 :
1950 2205 2058 2244 non

477 2296 607 2365 quia
629 2282 881 2350 eonierta
913 2292 1208 2346 multitudo
1233 2299 1376 2354 erat,
1422 2305 1526 2345 nec
1562 2287 1711 2342 enim
1750 2285 1892 2339 alias
1933 2298 2060 2338 cum

479 2389 548 2443 ab
575 2388 780 2457 ingenti
811 2384 971 2439 turba
1006 2384 1472 2444 circumdaretur,
1510 2379 1615 2434 hoc
1646 2377 1797 2442 fecit,
1827 2375 1924 2432 sed
1958 2376 2062 2429 hoc

480 2479 609 2534 fecit
645 2477 902 2532 indicans
939 2476 1048 2532 sibi
1099 2490 1303 2530 novum
1345 2472 1608 2544 populum
1657 2469 1949 2540 egentibus
1979 2468 2061 2521 in—

479 2567 830 2624 tractabilem
881 2566 1166 2623 subditum
1210 2561 1349 2628 fore,
1401 2561 1883 2628 deducturumque
1933 2571 2060 2612 eum

479 2661 548 2717 ad
574 2660 806 2731 iustitiae
831 2657 1178 2730 dignitatem,
1203 2663 1258 2710 et
1281 2653 1348 2708 ad
1379 2653 1723 2722 superiorem
1745 2651 2065 2724 cmlestem-

479 2769 586 2824 que
614 2751 942 2816 Jerusalem,
974 2749 1136 2818 cujus
1175 2757 1398 2803 terrena
1453 2744 1628 2815 figura
1678 2749 1734 2797 et
1761 2749 1958 2812 typus,
2003 2740 2059 2793 in

478 2861 644 2917 quam
669 2843 975 2916 ingreditur
1004 2841 1242 2912 populus
1283 2853 1458 2908 purus
1505 2835 1692 2891 factus
1735 2851 1861 2889 cum
1902 2833 2065 2888 Chri-

481 2945 591 3005 sto,
620 2950 784 3008 quem
838 2934 969 2990 boni
1017 2941 1073 2988 et
1123 2933 1450 2987 innocentes
1504 2928 1688 3000 angeli
1747 2927 2068 2990 celebrant,

480 3043 715 3099 quorum
765 3033 934 3098 typus
985 3032 1118 3079 sunt
1175 3021 1440 3076 infantes.
1488 3019 1708 3073 l’ullum
1748 3033 1882 3076 vero
1913 3025 2075 3073 vocat

2165 2098 2247 2151 ὅτι
2303 2098 2522 2169 μακράν
2553 2094 2622 2169 ἦν
2665 2099 2766 2170 τῆς
2814 2100 3050 2164 πόλεως·
3089 2102 3152 2153 ού
3187 2100 3295 2172 γὰρ
3343 2101 3535 2170 ἀπεῖχε
3590 2099 3761 2152 πλείω

2164 2190 2461 2244 δεκαπέντε
2495 2192 2722 2246 σταδίων
2747 2193 2921 2255 ’,οὐδὲ
2953 2194 3036 2246 ὅτι
3092 2193 3248 2263 ὖχλος
3289 2189 3357 2264 ἦν
3379 2210 3396 2226 ο
3433 2193 3526 2248 καὶ
3572 2191 3760 2247 ἄλλοτε

2166 2282 2275 2354 γὰρ
2327 2285 2674 2356 συνευρεθεὶς
2729 2286 2873 2357 ὄχλῳ
2903 2289 3004 2340 οὐκ
3037 2287 3262 2358 ἐποίησε
3314 2285 3506 2340 τοῦτο·
3531 2290 3674 2340 ποιεῖ
3702 2286 3762 2339 δὲ

2166 2373 2346 2439 τοῦτο,
2373 2375 2586 2438 δεικνὺς
2615 2377 2697 2428 ὅτι
2727 2377 2846 2430 νέον
2877 2377 3056 2448 ἐαυτῷ
3095 2378 3220 2432 λαὸν
3253 2378 3346 2432 τὸν
3372 2377 3432 2442 ἐξ
3464 2377 3634 2431 ἐθνῶν
3665 2377 3759 2430 τὸν

2166 2466 2470 2521 ἀκάθεκτον
2506 2469 2690 2540 μέλλει
2737 2470 3064 2524 ὑποτάσσειν
3092 2470 3187 2524 καὶ
3214 2471 3438 2539 ἀνάγειν
3464 2472 3544 2534 είς
3581 2471 3642 2524 τδ
3663 2470 3763 2540 τῆς

2168 2558 2516 2631 δικαιοσύνης
2547 2559 2767 2631 ἀξίωμα
2789 2601 2804 2625 ,
2839 2561 2920 2625 εἷς
2975 2579 3036 2616 τε
3094 2563 3194 2634 τὴν
3243 2564 3355 2617 ἄνω
3388 2562 3761 2634 Ἰερουσαλὴμ,

2169 2646 2237 2725 ἦς
2273 2651 2442 2716 τύπος
2475 2655 2508 2724 ἡ
2545 2653 2822 2722 ἐπίγειοςο
2853 2656 2932 2716 εἰς
2964 2655 3032 2724 ἢν
3060 2654 3368 2726 εἰσέρχεται
3389 2655 3418 2708 6
3440 2654 3566 2718 λαὸς
3599 2653 3768 2707 καθα-

2177 2743 2268 2815 ρὸς
2319 2744 2615 2814 γενόμενος
2679 2745 2778 2800 σὺν
2827 2745 3054 2817 Χριστῷ
3116 2747 3442 2818 ὑμνουμένῳ
3503 2746 3609 2800 ὑπὸ
3658 2745 3768 2798 τῶν

2174 2836 2402 2893 ἀκάκων
2461 2837 2732 2905 ἀγγέλων,
2784 2830 2860 2891 ὧν
2899 2837 3090 2901 τύπος,
3141 2839 3209 2892 τὰ
3252 2840 3446 2910 νήπια.
3500 2838 3683 2892 Πῶλον
3709 2837 3768 2890 δὲ

2177 2928 2350 2996 λέγει,
2395 2927 2488 2982 τὸν
2541 2929 2701 2993 ὄνον,
2732 2931 2923 3001 ἐπειδὴ
2961 2933 2989 2984 6
3025 2932 3083 2998 ἐξ
3121 2932 3291 2986 ἐθνῶν
3328 2932 3474 2996 λαὸς,
3517 2932 3769 3002 ἀγύμνα-

2180 3035 2306 3082 στος
2329 3013 2396 3090 ἦν
2425 3019 2525 3088 τῆς
2555 3021 2635 3083 εἰς
2678 3020 2963 3074 εὐσέϐειαν
2988 3020 3229 3091 ἀγούσης
3263 3021 3522 3086 πίστεως.

481 3121 736 3186 asinum,
789 3115 1238 3188 quandoquidem
1292 3111 1583 3182 gentilium
1638 3112 1874 3182 pepulus
1929 3111 2192 3168 ducentis
2250 3111 2318 3166 ad
2366 3111 2627 3184 pietatem
2689 3113 2813 3169 fidei
2860 3115 3017 3172 rudis
3068 3126 3124 3171 et
3167 3116 3564 3172 inexercitatus
3623 3124 3768 3174 erat.

553 3231 678 3296 XII,
726 3231 813 3286 16.
893 3229 1019 3285 Hac
1074 3244 1194 3283 vero
1253 3242 1355 3281 non
1417 3234 1764 3296 cognoverunt
1815 3224 2065 3294 discipuli

478 3327 595 3398 ejus
621 3327 874 3396 primum,
902 3333 1010 3380 etc.

554 3439 718 3494 Initio
768 3437 997 3508 quidem
1038 3435 1367 3506 ignorabant
1415 3449 1539 3505 quae
1590 3435 1659 3490 de
1714 3435 1809 3489 illo
1858 3424 2139 3505 scriptaC

482 3540 647 3597 sunt;
674 3539 731 3586 at
765 3537 887 3601 post
918 3529 1375 3584 resurrectionem
1415 3542 1524 3581 non
1555 3527 1609 3581 in
1634 3524 1868 3580 Iudaica
1906 3526 2070 3581 caeci-

485 3635 597 3680 tate
623 3631 971 3687 manserunt,
1015 3621 1109 3677 sed
1141 3637 1240 3694 per
1282 3619 1547 3692 Spiritum
1580 3619 1718 3690 ipsis
1753 3618 2068 3673 divinorum

484 3717 781 3773 verborum
824 3715 1063 3769 revelata
1092 3722 1177 3769 est
1217 3713 1484 3784 cognitio.
1512 3710 1671 3766 Tunc
1705 3725 1837 3766 vero
1864 3709 2072 3781 glorifi—

484 3816 645 3865 catus
672 3816 758 3863 est
788 3805 1067 3872 Christus,
1110 3821 1236 3861 cum
1268 3806 1324 3860 in
1355 3819 1522 3859 cruce
1557 3813 1810 3858 mortuus
1850 3799 2068 3856 revixit.

381 3893 434 3928 ‘
483 3900 598 3958 Nec
630 3914 794 3972 porro
816 3899 1036 3954 erubuit
1055 3897 1880 3970 eVangclista,commemorans
1910 3891 2074 3946 disci-

487 3993 747 4065 pulorum
804 3992 1217 4062 ignorantiam,
1284 3997 1339 4044 et
1404 4003 1604 4044 rursus
1661 3985 2070 4056 cognitionem,

487 4082 710 4152 quando
769 4082 1110 4154 propositum
1148 4079 1426 4142 habebat,
1471 4079 1611 4133 nihil
1656 4077 1811 4148 pensi
1871 4075 2076 4130 habere

486 4175 654 4248 699
685 4177 833 4230 circa
864 4183 1174 4246 respectum
1206 4171 1511 4234 hominum,
1547 4170 1642 4226 sed
1685 4169 1927 4241 Spiritus
1955 4168 2077 4240 glo-

494 4267 588 4320 rize
617 4263 927 4335 suffragari,
962 4279 1027 4318 ac
1066 4261 1359 4318 ostendere
1393 4261 1619 4331 quinam
1668 4267 1860 4316 essent
1907 4258 2076 4314 disci-

490 4358 606 4430 puli
646 4365 771 4410 ante
797 4355 1282 4419 resurrectionem,
1308 4361 1363 4408 et
1399 4351 1622 4422 quinam
1662 4359 1791 4420 post
1826 4363 2078 4404 resurre~

490 4450 748 4505 etionem.
784 4447 842 4502 Si
888 4447 1058 4518 igitur
1093 4445 1148 4501 hi
1191 4445 1537 4520 ignorabant,
1586 4441 1760 4498 multo
1801 4440 1976 4511 magis
2021 4448 2078 4493 et

492 4543 584 4597 alii
615 4540 812 4597 Judaei.
859 4536 1160 4609 Postquam
1199 4552 1333 4591 vero
1368 4535 1422 4589 in
1465 4548 1634 4589 cruce
1681 4539 1941 4587 mortuus
1969 4539 2072 4594 est,

492 4629 724 4686 Scissum
753 4635 837 4684 est
867 4628 1070 4691 velum,
1115 4635 1174 4682 ut
1203 4625 1577 4697 intelligamus
1639 4621 1780 4677 nihil
1812 4619 2075 4690 deinceps

493 4717 745 4776 fidelibus
771 4729 825 4777 et
863 4720 956 4776 Dei
988 4721 1309 4775 amantibus
1332 4717 1612 4774 occultum
1635 4729 1780 4769 esse.
1814 4712 1989 4784 Igitur
2014 4713 2076 4766 ilo

492 4815 725 4869 IuStrata
754 4821 839 4868 est
871 4828 1062 4868 eorum
1100 4811 1344 4882 cognitio
1367 4827 1394 4864 a
1425 4819 1681 4879 tempore
1713 4805 2078 4862 resurrectio—

493 4905 602 4970 nis,
631 4906 759 4974 quia
787 4904 1079 4974 inspiravit
1109 4903 1367 4957 Christus
1413 4901 1468 4954 in
1519 4899 1717 4953 faciem
1766 4912 1978 4962 eorum,
2021 4905 2077 4950 et

494 4997 584 5052 alii
612 5013 680 5053 ex
722 4996 844 5052 aliis
878 4994 1007 5050 facti
1063 4994 1375 5064 mutatique
1421 5000 1572 5047 sunt.
1621 4988 1730 5044 Sed
1761 4991 1935 5044 multo
1969 5005 2076 5042 am-

493 5088 642 5160 plius
671 5089 969 5143 illuminati
997 5089 1220 5142 fuerunt
1253 5087 1309 5140 in
1340 5087 1430 5141 die
1449 5084 1832 5148 Pentecostes,
1858 5081 2076 5153 quando

495 5181 552 5234 in
602 5189 932 5250 potestatem
992 5179 1171 5234 sancti
1229 5176 1470 5248 Spiritus
1532 5176 1600 5231 ad
1659 5191 1756 5231 eos
1810 5175 2077 5231 venientis

494 5272 878 5328 transformati
913 5279 1064 5327 sunt.

570 5363 662 5420 XII
685 5406 700 5429 ,
737 5365 822 5418 i7.
878 5363 1264 5418 Testimonium
1301 5377 1422 5432 ergo
1440 5359 1744 5430 perhibebat
1776 5359 1932 5413 turba
1963 5373 2080 5428 qua:

497 5466 613 5511 erat
665 5474 781 5510 cum
810 5473 890 5522 eo,
944 5454 1156 5527 quando
1207 5453 1477 5508 Lazarum
1527 5453 1727 5508 vocarit
1779 5452 1844 5506 de
1891 5467 2078 5505 monu-

499 5557 693 5610 mento,
733 5559 842 5604 etc.

568 5639 896 5695 "Necessario
936 5639 1134 5695 ordine
1182 5647 1523 5711 postremum
1552 5637 1658 5691 hoc
1705 5645 1812 5696 est,
1844 5631 1992 5704 quod
2026 5633 2079 5687 in

500 5729 712 5786 Lazaro
754 5741 1017 5803 operatus
1047 5740 1130 5786 est
1163 5731 1488 5785 miraculum
1519 5727 1808 5790 Dominus,
1843 5735 1900 5778 ut
1927 5723 1998 5777 ob
2030 5724 2085 5777 id

2251 3229 2443 3284 Ταῦτα
2475 3230 2545 3284 δὲ
2591 3233 2702 3286 οὐκ
2739 3231 3018 3302 ἔγνωσαν
3061 3235 3120 3286 οἱ
3173 3234 3432 3303 μαθηταὶ
3473 3235 3659 3290 αὐτοῦ
3701 3235 3770 3289 τὸ

2175 3323 2433 3391 πρῶτον,
2459 3325 2554 3378 καὶ
2579 3324 2649 3378 τὰ
2681 3323 2826 3396 ἑξῆς.

2255 3437 2515 3505 Ἦγνὸουν
2544 3437 2646 3509 μὲν
2700 3435 2794 3493 οὖν
2843 3439 2906 3493 τὸ
2948 3440 3068 3492 κατ’
3111 3440 3322 3511 ἀρχὰς,
3353 3441 3425 3497 τὰ
3477 3443 3567 3496 ἐπ’
3618 3441 3772 3514 αὐτῷ

2171 3529 2537 3600 γεγραμμένα
2580 3549 2595 3563 ·
2632 3531 2774 3602 μετὰ
2814 3531 2871 3585 δὲ
2923 3531 3022 3602 τὴν
3065 3533 3361 3588 ἀνάστασιν
3389 3573 3404 3598 ,
3449 3534 3551 3589 οὐκ
3611 3535 3768 3606 ἔμει-

2171 3636 2270 3674 ναν
2322 3620 2536 3692 ἔχοντες
2575 3623 2674 3694 τὴν
2731 3623 3029 3695 Ἰουδαῖκὴν
3068 3625 3318 3696 πήρωσιν
3342 3667 3356 3691 ,
3387 3624 3524 3680 ἀλλὰ
3552 3627 3769 3681 ἀπεκα-

2172 3711 2350 3784 λύφθη
2382 3713 2565 3778 αὐτοῖς
2585 3714 2672 3768 διὰ
2704 3713 2798 3768 τοῦ
2829 3715 3150 3786 Πνεύματος
3179 3719 3212 3788 ἡ
3243 3717 3444 3787 γνῶσις
3472 3718 3580 3773 τῶν
3607 3719 3769 3774 θείων

2172 3801 2366 3871 λόγων.
2398 3805 2531 3859 Τότε
2581 3805 2639 3858 δὲ
2689 3805 2950 3879 ἐδοξάσθη
2982 3807 3010 3860 6
3038 3809 3294 3879 Χριστὸς,
3319 3810 3407 3864 ὅτε
3438 3810 3772 3882 παυρωθεὶς

2173 3893 2397 3948 ἀνεϐίω.
2432 3896 2547 3949 Οὐκ
2594 3894 2828 3969 ἐρυθριᾷ
2858 3897 2913 3950 δὲ
2953 3898 2982 3950 6
3013 3898 3409 3972 εύαγγελιστὴς
3449 3900 3772 3969 καταλέγων

2173 3985 2274 4056 τὴν
2315 3986 2424 4040 τῶν
2459 3987 2720 4058 μαθητῶν
2749 3985 2992 4058 ἄγνοιαν,
3030 3991 3125 4045 καὶ
3152 3990 3314 4044 πάλιν
3340 3991 3564 4059 γνῶσιν,
3605 3993 3763 4046 ἐπεί-

2174 4095 2281 4151 περ
2313 4075 2382 4150 ἦν
2419 4080 2570 4152 αὐτῷ
2599 4079 2800 4144 σκοπὸς
2821 4125 2835 4146 ,
2876 4082 3141 4154 ἀλογῆσαι
3174 4082 3271 4152 μὲν
3312 4085 3412 4154 τῆς
3443 4085 3524 4147 είς
3561 4081 3774 4154 ἀνθρὼ-

2175 4187 2312 4234 mu;
2343 4170 2544 4235 αξδοῦς,
2580 4171 2951 4243 συνηγορῆσαι
2972 4172 3028 4226 δὲ
3049 4175 3116 4245 τῇ
3146 4171 3240 4227 τοῦ
3274 4174 3592 4246 Πνεύματος
3618 4175 3768 4250 δόξῃ.

2177 4259 2270 4312 καὶ
2304 4258 2474 4324 δεῖξαι
2505 4261 2648 4325 τίνες
2686 4262 2784 4332 μὲν
2814 4258 2954 4334 ἦσαν
2983 4264 3033 4317 οἱ
3065 4264 3310 4336 μαθηταὶ
3350 4266 3458 4336 πρὸ
3496 4267 3598 4338 τῆς
3634 4269 3769 4322 ἀνα-

2181 4346 2427 4410 στάσεως
2451 4387 2465 4410 ,
2500 4349 2646 4412 τίνες
2688 4349 2744 4402 δὲ
2766 4393 2781 4416 ,
2815 4352 2956 4422 μετὰ
2999 4352 3097 4424 τὴν
3132 4353 3430 4408 ἀνάστασιν
3459 4357 3766 4425 γεγόνασιν.

2177 4440 2241 4494 Ei
2269 4435 2362 4493 οὖν
2389 4433 2534 4494 οὗτοι
2584 4443 2814 4512 ἠγνόουν
2837 4485 2853 4509 ,
2899 4443 3082 4515 πολλῷ
3136 4446 3337 4516 μᾶλλον
3371 4449 3420 4501 oi
3447 4448 3598 4506 ἄλλοι
3635 4450 3770 4503 Ἰοοο

2176 4531 2334 4585 δαίοι.
2367 4531 2523 4586 Μετὰ
2573 4533 2631 4587 δὲ
2678 4533 2739 4587 τὸ
2783 4534 3202 4606 σταυρωθῆναι,
3231 4538 3456 4609 ἐσχίσθη
3505 4540 3568 4593 τὸ
3602 4558 3771 4595 κατα-

2179 4623 2454 4694 πέτασμα.
2489 4625 2575 4679 ἵνα
2607 4625 2826 4696 γνῶμεν
2870 4627 2954 4680 ὃτι
2993 4626 3144 4680 οὐδὲν
3172 4626 3252 4680 ἐτι
3283 4629 3392 4681 τῶν
3433 4630 3771 4702 ἀποκρύφωυ

2178 4714 2523 4771 διαλανθάνει
2545 4718 2671 4780 τοὺς
2705 4719 2930 4782 πιστοὺς
2965 4718 3059 4772 καὶ
3086 4717 3388 4786 φιλοθέους.
3434 4722 3772 4796 Ἑφωτίσθη-

2185 4823 2283 4862 σαν
2305 4803 2397 4861 οὖν
2418 4809 2518 4881 τὴν
2546 4808 2748 4878 γνῶσιν
2772 4809 2878 4862 ἀπὸ
2911 4808 3003 4862 τοῦ
3037 4810 3233 4883 καιροῦ
3265 4811 3366 4882 τῆς
3398 4813 3770 4880 ἀναστάσεως.

2182 4903 2264 4955 ὃτι
2307 4902 2642 4972 ἐνεφύσησεν
2677 4903 2705 4954 ὁ
2752 4903 2989 4974 Χριστὸς
3027 4905 3106 4968 εἰς
3147 4906 3208 4959 τὸ
3247 4906 3539 4977 πρόσωπον
3569 4907 3769 4976 αὐτῶν,

2184 4995 2280 5049 καὶ
2309 4996 2596 5062 γεγόνασιν
2633 4992 2692 5058 ἐξ
2720 4993 2922 5066 ἐτέρων
2953 4994 3125 5051 ἄλλοι.
3171 4997 3295 5051 Ἐπὶ
3319 4999 3501 5051 πλεῖον
3536 4998 3593 5051 δὲ
3632 5001 3774 5069 ἐφω-

2185 5085 2452 5156 τίσθησαν
2475 5089 2533 5138 ὲν
2565 5089 2630 5157 τῇ
2665 5085 2848 5158 ἡμέρᾳ
2876 5089 2974 5159 τῆς
3002 5089 3402 5162 Πεντηκοστῆς,
3439 5093 3530 5145 ὅτε
3561 5095 3640 5157 είς
3673 5096 3772 5167 τὴν

2185 5177 2280 5230 τοῦ
2325 5178 2779 5250 ἐπιφοιτήσαντος
2823 5179 3006 5246 αὐτοῖς
3059 5182 3218 5251 ἁγίου
3281 5182 3600 5254 Πνεύματος
3642 5203 3774 5256 μετ-

2188 5267 2515 5322 επλάττοντο
2541 5267 2791 5341 δύναμιν.

2271 5361 2618 5431 Ἐμαρτύρει
2665 5357 2781 5416 οὖν
2806 5366 2840 5417 ό
2879 5364 3064 5433 ὄχλος
3105 5366 3139 5417 ὀ
3167 5362 3252 5418 ὢν
3279 5366 3650 5435 μετ’-αὺτοῦ,
3687 5369 3778 5422 ὅτι

2185 5453 2293 5505 τὸν
2339 5451 2607 5521 Λάζαρον
2631 5453 2948 5524 ἐφώνησεν
2993 5456 3062 5509 ἐκ
3103 5455 3211 5510 τοῦ
3240 5459 3558 5528 μνημείου,
3585 5468 3679 5512 καὶ
3713 5465 3781 5527 τᾷ

2187 5541 2335 5610 ἑξῆς.

2273 5633 2616 5702 Ἀναγκαίως
2651 5635 2727 5708 (Ι)
2762 5636 2872 5708 ἄρα
2921 5637 3015 5690 καὶ
3050 5639 3117 5708 τῇ
3153 5623 3326 5706 τάξει
3361 5635 3679 5697 τελευταῖον
3727 5642 3786 5696 τὸ

2191 5726 2332 5780 κατὰ
2358 5726 2449 5780 τὸν
2479 5729 2731 5802 Λάζαρον
2763 5731 2792 5784 6
2825 5728 3028 5802 Κύριος
3058 5730 3638 5812 τεθαυειιατούργηδιεν⁹
3698 5734 3785 5791 ἵνα

571 5910 652 5983 (ί)
699 5912 1048 5983 Ἀναγκαίως
1075 5954 1088 5967 .
1117 5951 1128 5966 .
1155 5952 1168 5966 .
1201 5951 1216 5965 .
1245 5907 1584 5967 ἀκολουθεῖ.
1615 5907 1688 5961 Ex
1723 5906 1940 5960 laudata
1965 5914 2069 5961 cati

2173 5947 2179 5971 ,
2213 5904 2308 5961 fol.
2347 5905 2467 5960 1'52.
