4104 6426
371 415 441 470 81
1206 421 1270 475 IN
1312 422 1650 488 JOANNEM.
1686 456 1753 469 ο-
1794 429 1921 484 LIB.
1965 430 2053 486 VII
2099 432 2184 486 ΕΤ
2228 432 2339 489 VIII
2378 433 2821 494 FRAGMENTA.
3580 453 3651 509 82

374 527 476 580 ἐπὶ
502 529 803 601 προσφάτῳ
823 531 996 603 τούτῳ
1015 535 1261 603 γεγονότι
1293 538 1546 611 τιμηθείη
1574 539 1672 610 μὲν
1701 542 1945 611 ἐπιφανές

2069 558 2262 601 recens
2296 545 2534 612 facinus.
2555 552 2762 609 clarius
2791 570 2916 610 eum
2955 559 3108 628 plebs
3145 560 3465 627 honoraret,
3490 576 3654 638 atque

373 635 571 690 στερον
597 620 704 674 ὑπὸ
733 621 830 675 τοῦ
865 622 1133 695 πλήθους,
1169 626 1269 691 τῆς
1292 628 1349 682 δὲ
1383 632 1550 702 τιμῆς
1578 631 1766 686 ἕνεκεν
1797 636 1965 706 ὑπερ-

367 709 714 782 αλγήσαντες
757 716 807 769 οῖ
850 716 1131 787 Φαρισαῖοι
1166 718 1551 788 βουλεύσαιντο
1594 723 1715 778 κατ’
1753 725 1920 780 αὐτοῦ
1947 743 1959 756 ’

366 802 469 857 καὶ
486 803 664 870 οὕτως
703 807 1080 881 ἐπιτελεσθείη
1111 810 1173 862 τὸ
1208 811 1410 877 πάθος,
1444 814 1583 885 ὅπερ
1613 817 1701 869 καὶ
1730 818 1961 885 γίνεται.

362 895 433 947 Οί
468 895 603 964 γοῦν
627 898 910 967 Φαρισαῖοι
937 893 1092 952 εἷπον
1121 900 1259 973 πρὸς
1283 902 1479 967 αύτούς
1507 922 1520 933 ·
1548 905 1816 976 Θεωρεῖτε
1834 948 1851 974 ,
1879 911 1963 964 ὄτι

358 985 472 1040 οὐκ
504 985 767 1056 ὠφελεῖτε
797 989 983 1057 ούδένς
1025 991 1258 1061 Ὀρῶσιν
1302 994 1385 1048 ὅτι
1431 996 1609 1067 μάτην
1648 999 1962 1070 ἀντιλέγου-

364 1093 455 1130 σιν
488 1078 625 1147 πρὸς
647 1077 745 1149 τὴν
776 1080 959 1134 πίστιν
989 1082 1088 1153 τὴν
1116 1084 1196 1147 είς
1222 1085 1458 1155 Χριστόν
1478 1103 1494 1117 ο
1553 1088 1735 1160 μάτην
1762 1091 1960 1162 ἀφορί-

359 1165 522 1229 ζουσι
545 1168 675 1231 τοὺς
696 1169 1052 1235 πιστεύοντας
1070 1210 1086 1235 ,
1132 1172 1199 1227 τά
1231 1174 1331 1245 μὲν
1360 1175 1769 1249 διαλεγόμενοι,
1804 1182 1873 1237 τά
1901 1183 1966 1237 δὲ

357 1257 738 1324 ἀπειλοῦντες.
780 1262 967 1318 Πάντα
1007 1260 1102 1320 οὖν
1127 1267 1378 1339 ἀνωφελῆ
1416 1286 1580 1338 φασιν
1620 1267 1760 1327 εἶναι
1796 1277 1843 1329 εί
1883 1274 1960 1346 μὴ

356 1349 509 1421 πρὸς
539 1350 820 1422 ἀναίρεσιν
848 1356 1014 1411 αὐτοῦ
1043 1358 1360 1429 τράποιντο·
1395 1360 1506 1416 ίδοὺ
1533 1361 1673 1437 γὰρ,
1706 1364 1872 1434 φασὶ,
1895 1366 1959 1421 τὺ

357 1441 594 1511 σύμπαν
627 1444 779 1517 αύτῷ
802 1446 1008 1519 πλῆθος
1035 1448 1357 1508 ἀκολουθεῖ.

446 1532 717 1599 Ἀκούσας
763 1536 826 1589 τὸ
878 1539 1092 1609 συμϐάν
1140 1541 1250 1596 τῶν
1289 1544 1567 1612 ἀγελαίων
1599 1548 1629 1602 ὁ
1673 1547 1952 1618 σύλλογος,

351 1623 609 1694 εὐηκόως
630 1626 857 1699 ἐπείσθη
905 1632 1015 1695 τοῖς
1040 1634 1412 1706 μαρτυροῦσιν
1449 1636 1531 1690 ὅτι
1557 1638 1824 1711 ἀνέστησε
1861 1641 1958 1696 τὸν

354 1714 622 1787 Λάζαρον
670 1719 700 1771 ὁ
749 1719 1004 1791 Χριστὸς,
1052 1724 1148 1777 καὶ
1180 1726 1446 1782 κατέλυσε
1485 1727 1547 1782 τὸ
1588 1730 1682 1784 τοῦ
1721 1730 1955 1786 θανάτου

350 1809 584 1878 κράτος,
616 1809 798 1875 καθὼς
829 1813 879 1865 οῖ
907 1815 1178 1887 προφῆται
1215 1814 1389 1875 εἷπον.
1421 1819 1522 1874 Διά
1545 1821 1705 1878 τοῦτο
1728 1825 1823 1879 καὶ
1855 1826 1954 1880 ὑπ-

2072 636 2217 692 bunc
2250 638 2513 694 honorem
2533 657 2678 713 aegre
2702 642 2962 704 Pharisaei
2994 650 3244 709 [ει-ειιιθει
3257 636 3654 728 conspirarent

2072 727 2127 782 in
2177 731 2390 800 ipsum,
2441 739 2608 804 atque
2662 735 2740 790 ita
2802 742 2993 808 passio
3048 727 3448 815 perﬁceretur;
3501 752 3650 821 quod

2072 837 2262 893 reapse
2310 824 2535 881 accidit.
2577 826 2841 886 Pharisaei
2884 848 3017 906 erg-.0
3060 836 3321 894 dicebant
3349 840 3588 898 invicem
3630 863 3646 900 :

2073 933 2092 968 ι
2133 913 2443 981 Videtisne,
2482 922 3277 998 quomodonihil-prolicitis?
3309 950 3330 985 ι
3361 932 3565 991 Vident
3589 933 3655 1001 ἐξ
3692 962 3701 993 ε

2071 1005 2194 1061 tidei
2256 1008 2313 1062 in
2366 1008 2648 1067 Christum
2707 1014 2913 1071 frustra
2975 1002 3655 1097 contradicereyi‘rustri

2067 1097 2369 1153 anathema
2405 1099 2621 1156 dicunt.
2656 1105 3033 1172 credentibus,
3078 1113 3281 1183 partim
3328 1088 3726 1184 ειιιιιίοιιιεεξἓγᾶ

2067 1190 2264 1258 partim
2315 1192 2482 1246 etiam
2521 1193 2864 1252 minitantes.
2895 1197 3067 1257 Cassa
3113 1205 3301 1261 omnia
3351 1207 3646 1276 aliirmaut,

2063 1280 2172 1337 nisi
2206 1281 2274 1337 ad
2294 1281 2503 1339 Christi
2535 1300 2726 1341 necem
2755 1287 3055 1347 deveniam
3078 1310 3092 1347 :
3119 1309 3251 1353 ecce
3283 1299 3644 1369 enim,aiunt,

2062 1373 2218 1444 plebs
2248 1375 2507 1432 universa
2538 1375 2694 1453 illum
2724 1388 2990 1435 sectatur.

2130 1554 2276 1611 Cum
2317 1556 2569 1614 audisset
2615 1557 2671 1612 id
2726 1558 2876 1628 quod
2926 1559 3216 1615 acciderat
3265 1558 3644 1630 gregariorum

2061 1646 2350 1703 hominum
2384 1648 2583 1713 turba,
2619 1648 2780 1704 facile
2812 1663 3107 1706 assensum.
3146 1650 3385 1722 prebuit
3432 1656 3644 1705 testan-

2062 1735 2211 1792 tibus
2260 1736 2548 1794 Christum
2605 1734 2879 1791 Lasarum
2934 1751 2967 1791 a
3032 1740 3270 1794 mortuis
3328 1737 3641 1805 excitasse,

2058 1842 2421 1898 eversamque
2489 1828 2686 1886 mortis
2756 1829 3098 1900 potentiam,
3174 1828 3643 1901 quemadmodum

348 1901 603 1973 ήντησαν
634 1903 817 1976 αὐτῷ’
847 1906 950 1960 οὐκ
982 1905 1050 1962 ἂν
1084 1909 1195 1982 γάρ
1229 1912 1475 1969 τοσοῦτοι
1516 1914 1776 1990 ἐξαίφνης
1818 1935 1945 1991 μετ-

2058 1918 2340 1989 propheta:
2386 1918 2672 1975 dixerunt.
2724 1918 3024 1990 Propterea
3075 1926 3132 1975 et
3193 1920 3417 1976 obviam
3457 1919 3645 1976 ierunt

348 1992 570 2062 ἔθεντο,
610 1996 660 2049 εἰ
700 1997 779 2068 μὴ
824 1997 1153 2057 ἐπίστευσαν
1181 2002 1263 2076 τῷ
1295 2005 1528 2077 σημείῳ.

424 2177 708 2245 Θεωρεῖτε
730 2177 820 2234 ὅτι
839 2181 952 2236 οὐκ
973 2181 1256 2252 ὠφελεῖτε
1273 2184 1474 2252 οὐδὲν,
1509 2188 1606 2242 καὶ
1629 2188 1698 2244 τά
1722 2190 1870 2263 ἑξῆς.

421 2266 602 2323 Τοῦτο
640 2269 715 2334 ὡς
750 2271 979 2336 ἑαυτοὺς
1009 2267 1521 2347 ίαταμεμφόμενοι,
1556 2280 1743 2348 φασὶν,
1792 2284 1946 2338 ἐπείο

2044 2007 2148 2079 ipsi
2197 2024 2420 2081 :ueque
2462 2011 2612 2067 enim
2674 2011 2751 2066 ita
2797 2010 3096 2082 derepente
3132 2020 3246 2067 tam
3299 2012 3458 2067 multi
3515 2025 3641 2068 sese

2042 2102 2504 2164 commovissem.
2540 2103 2649 2159 nisi
2682 2102 2959 2159 miraculo
2986 2103 3385 2160 credidissent.

2114 2191 2246 2258 XII,
2287 2194 2376 2249 19.
2442 2193 2648 2255 Videtis
2697 2195 2827 2266 quia
2863 2196 3001 2250 nihil
3038 2196 3350 2266 proﬁcitis?
3380 2203 3494 2249 etc.

2115 2283 2232 2339 IIoc
2271 2284 2464 2340 dicunt
2502 2285 2665 2355 quasi
2713 2286 2932 2357 seipsos
2963 2286 3308 2352 incusantes,
3345 2284 3492 2356 quod
3523 2300 3636 2343 non

344 2375 463 2433 περ
490 2360 727 2417 ἔκπαλαι
754 2365 855 2419 οὐκ
885 2366 1094 2423 ἀνεῖλον
1119 2367 1217 2421 σὺν
1235 2367 1312 2439 τῷ
1334 2368 1571 2442 Λαζάρῳ
1594 2372 1685 2427 τὸν
1713 2373 1942 2444 Ἰησοῦν,

2047 2372 2377 2444 iampridem
2422 2373 2713 2431 Christum
2760 2391 2888 2432 cum
2934 2375 3150 2432 Lazaro
3196 2376 3629 2443 interfecerint,

344 2453 791 2523 προτρεπόμενοι
819 2457 1043 2522 ἑαυτοὺς
1074 2458 1154 2523 είς
1174 2458 1235 2513 τὸ
1271 2462 1438 2533 φονᾷν
1463 2477 1477 2491 ⁶
1511 2463 1946 2533 ἀγανακτοῦντες

345 2544 485 2614 περὶ
510 2543 608 2597 τοῦ
636 2546 829 2601 πιστοῦ
852 2546 1113 2618 ὃχλου,ὡς
1137 2549 1285 2605 ἰδίων
1298 2553 1594 2624 κτημάτων
1612 2556 1947 2629 ἀποστερού-

348 2652 531 2706 μενοι,
558 2636 669 2691 τῶν
689 2637 857 2693 ὄντων
878 2638 977 2694 τοῦ
1004 2640 1166 2697 Θεοῦ.

417 2725 631 2785 Ἦσαν
654 2731 723 2787 δέ
748 2749 911 2800 τινες
932 2736 1228 2806 Ἕλληνες
1247 2737 1317 2793 ἐκ
1335 2738 1455 2795 τῶν
1479 2740 1943 2812 ἀναϐαινόντων,

344 2822 451 2876 ἵνα
476 2823 996 2894 προσκυνήσωσιν
1020 2828 1090 2888 ἐν
1118 2828 1191 2897 τῇ
1217 2829 1413 2900 ἑορτῇ.

430 2917 762 2989 Ἀπορήσειε
792 2919 838 2974 δ’
866 2920 933 2975 ἀν
959 2937 1045 2985 τις
1083 2922 1144 2977 ὲν
1175 2924 1384 2989 τούτοις
1432 2926 1526 2981 καὶ
1569 2926 1946 2999 διασκέψαιτο,

343 3007 496 3062 κατὰ
533 3007 658 3063 τίνα
704 3009 867 3080 λόγον
929 3012 1280 3069 ἀναϐαίνουσι
1341 3016 1453 3071 τῶν
1501 3017 1769 3091 Ἐλλήνων
1804 3021 1949 3085 τινὲς

343 3102 829 3173 προσκυνήσοντες
852 3104 934 3167 εις
967 3103 1341 3176 Ἱεροσόλυμα,
1373 3108 1469 3161 καὶ
1515 3109 1636 3163 τότε
1680 3112 1779 3182 τῆς
1808 3112 1951 3168 κατά

2044 2479 2276 2536 seseque
2304 2465 2374 2522 ad
2419 2466 2626 2524 cedem
2678 2475 2875 2524 mutuo
2919 2468 3307 2536 cohortantur,
3357 2466 3630 2538 indignati

2042 2556 2190 2627 quod
2229 2557 2407 2615 turba
2452 2558 2768 2625 crederent,
2800 2559 2974 2616 veluti
3004 2560 3145 2618 suis.
3172 2558 3635 2632 possessionibus

2043 2648 2231 2719 ejecti,
2265 2664 2394 2705 cum
2424 2648 2562 2720 ipsa
2588 2664 2717 2706 vere
2750 2648 2823 2706 ad
2857 2647 3029 2707 Deum
3062 2651 3426 2722 pertinerent.

2120 2739 2256 2806 XII,
2290 2739 2383 2795 20.
2437 2739 2613 2795 Erant
2666 2749 2847 2797 autem
2892 2740 3137 2811 quidam.
3160 2742 3385 2810 gentiles
3429 2756 3498 2798 ex
3547 2742 3633 2797 Iu's

2044 2835 2134 2906 qui
2161 2831 2533 2898 ascenderant,
2563 2840 2622 2885 ιιι
2646 2831 2959 2887 adorarent
2984 2833 3045 2889 in
3072 2831 3161 2889 die
3190 2833 3346 2904 festo.

2119 2923 2762 2994 Dubitaveritquispiam
2807 2925 2863 2981 in
2890 2925 3071 2991 hisee,
3114 2925 3489 2999 pendebitque
3512 2928 3637 2983 ani-

2049 3017 2161 3081 mi,
2195 3029 2364 3087 quam
2408 3014 2481 3070 ob
2525 3028 2752 3070 causam
2794 3017 3048 3075 nonnulii
3075 3016 3391 3076 Graecorum
3430 3019 3634 3075 adora-

2050 3109 2162 3163 turi
2197 3108 2555 3166 ascenderint
2598 3108 3003 3183 Hierosolyma,
3044 3110 3213 3182 idque
3265 3125 3393 3166 cum
3433 3125 3635 3168 secun-

339 3189 517 3259 νόμον
543 3190 741 3262 ἑορτῆς
760 3192 1205 3266 ἐπιτελουμένης.
1229 3195 1304 3250 Ού
1347 3196 1453 3268 γάρ
1481 3196 1546 3269 δή
1577 3198 1677 3252 πού
1712 3216 1797 3264 τις
1826 3201 1943 3272 ἐρεῖ

2051 3200 2181 3256 dum
2212 3201 2391 3273 legem
2428 3200 3054 3260 festumceiehraretur.
3085 3200 3275 3274 Neque
3300 3202 3449 3259 enim
3478 3204 3636 3274 quis.

345 3276 488 3351 πρὶς
521 3283 624 3353 τὴν
651 3283 763 3337 τῶν
800 3287 982 3339 ἐκεῖσε
1022 3285 1151 3342 θέαν
1203 3287 1470 3360 ἀναϐῆναι
1518 3289 1678 3360 μόνον
1707 3292 1904 3357 αὐτούς
1931 3311 1945 3325 ·

343 3375 791 3445 συμμεθέξοντες
844 3378 956 3449 γὰρ
1010 3381 1124 3444 τοῖς
1176 3378 1451 3447 Ἰουδαίοις
1485 3383 1586 3454 τῆς
1628 3385 1814 3451 αὐτοῖς
1851 3387 1949 3442 καὶ

345 3467 537 3536 μόνοις
562 3468 885 3540 πρεπούσης
925 3470 1121 3541 ἑορτῆς
1149 3472 1557 3531 ωναναθὲουσι.
1592 3475 1659 3528 Τί
1685 3474 1746 3530 τὸ
1769 3479 1947 3533 κοινὸν

341 3559 427 3621 εἰς
460 3557 719 3630 λατρείας
745 3560 904 3630 λόγον
925 3561 1155 3634 Ἕλλησί
1179 3580 1245 3621 τε,
1272 3564 1370 3618 καὶ
1409 3564 1682 3629 Ἰουδαίοις
1706 3585 1723 3634 ;
1750 3568 1946 3624 Καίτοι

340 3650 486 3705 πολὺ
511 3651 813 3708 διεστῶσαν
856 3655 1163 3727 εὑρήσομεν
1186 3655 1285 3728 τὴν
1308 3658 1368 3711 ὲν
1393 3657 1599 3729 ἀμφοῖν
1625 3657 1739 3725 ἕξιν
1760 3677 1821 3713 τε
1850 3661 1947 3716 καὶ

338 3745 673 3815 προαίρεσιν
691 3762 707 3779 °
736 3747 785 3801 oi
811 3746 913 3818 μὲν
940 3747 1050 3820 γάρ
1069 3748 1171 3820 τὴν
1195 3748 1475 3821 ἀλήθειαν,
1509 3750 1560 3804 oi
1583 3749 1641 3805 δὲ
1666 3749 1729 3805 τὸ
1749 3750 1946 3822 ψεῦδος

336 3842 697 3910 τετιμήκασι.
736 3840 801 3894 Τί
818 3837 915 3896 οὖν
945 3840 1181 3914 ἐροῦμεν
1218 3842 1278 3896 ὲν
1307 3841 1552 3909 τούτοις,
1586 3843 1941 3915 Παρακειμέο

337 3948 441 4000 νης
476 3931 577 4002 τῆς
621 3932 888 3987 Ἰουδαίων
929 3932 1115 4005 χώρας
1151 3936 1219 4006 τῇ
1252 3933 1362 3989 τῶν
1402 3935 1726 4001 Γαλιλαίων,
1757 3936 1944 4001 πόλεις

335 4041 401 4076 τε
428 4022 531 4075 καὶ
565 4023 758 4094 κώμας
785 4023 1045 4097 ἀλλήλαις
1077 4025 1310 4098 ὁμόρους
1342 4025 1558 4097 ἔχοντες
1586 4026 1848 4099 Ἕλληνές
1879 4042 1940 4080 τε

335 4112 613 4172 κάκεῖνοι.
655 4114 858 4182 συχνὰς
892 4113 993 4183 μὲν
1021 4112 1304 4168 ἐποιοῦντο
1328 4113 1427 4178 τὰς
1456 4113 1757 4185 ἐπιμιξίας,
1789 4115 1940 4183 ἐφοί-

265 4261 278 4271 _
334 4221 451 4258 των
475 4204 537 4257 δὲ
576 4206 710 4274 παρ’
739 4204 1006 4276 ἀλλήλους
1043 4205 1328 4276 ἑκάτεροι,
1356 4204 1608 4276 ποικίλης
1654 4206 1735 4270 είς
1781 4204 1940 4259 τοῦτο

335 4297 622 4367 καλούσης
650 4297 929 4369 ἀφορμῆς.
960 4298 1177 4368 Ἐπειδὴ
1213 4297 1271 4352 δέ
1307 4316 1423 4362 πως
1467 4297 1776 4370 θερμοτέρα
1800 4297 1935 4352 πολὺ

224 4423 237 4429 -
336 4389 483 4459 πρὸς
531 4390 864 4459 μετάστασιν
889 4389 990 4461 τὴν
1020 4389 1115 4443 ἐπὶ
1154 4389 1216 4443 τὸ
1247 4390 1471 4460 ἄμεινον
1515 4391 1549 4460 ἡ
1580 4389 1689 4443 τῶν
1726 4389 1939 4443 είδωλο-

331 4480 692 4551 λατρούντων
732 4481 856 4534 ἐστὶ
897 4480 1106 4535 διάνοια
1126 4521 1143 4547 ,
1170 4480 1267 4536 ἅτε
1299 4481 1365 4554 δὴ
1411 4481 1508 4535 καὶ
1556 4481 1700 4552 μάλα
1736 4481 1936 4553 ῥᾳδίως

2051 3308 2221 3365 quam
2249 3293 2403 3350 dicet
2434 3293 2756 3350 ascendisse
2778 3310 2876 3350 eos
2921 3295 3184 3351 duntaxat
3222 3293 3294 3351 ad
3338 3302 3634 3366 spectacu-

2049 3384 2188 3448 lum,
2219 3383 2756 3456 quippe-participes
2789 3384 2959 3440 futuri
2986 3401 3116 3442 cum
3152 3383 3359 3442 Iudaeis
3390 3383 3519 3442 festi
3550 3386 3634 3442 eis

2049 3474 2183 3530 solis
2198 3474 2582 3531 convenientis
2625 3474 2794 3530 simul
2822 3482 3154 3543 accurrunt;
3185 3474 3314 3546 quid
3337 3490 3636 3532 commune

2046 3567 2232 3639 quoad
2263 3567 2476 3624 cultum
2506 3566 2802 3625 Grmciset
2828 3566 3034 3624 Iudaeis
3048 3567 3275 3638 i'Atqni
3328 3568 3632 3639 plurimum

2048 3656 2390 3714 ditl‘erentem
2441 3658 2498 3714 in
2546 3658 2798 3728 utrisque
2850 3657 3263 3729 compcriemus
3294 3656 3540 3713 habitum
3575 3665 3633 3713 et

2049 3747 2363 3805 institutum
2392 3744 2560 3805 animi
2593 3768 2607 3806 :
2657 3749 2716 3804 hi
2754 3749 2904 3806 enim
2939 3748 3370 3813 veritatem,.illi
3405 3747 3629 3803 menda-

2044 3839 2191 3896 cium
2217 3840 2430 3896 colunt.
2463 3840 2608 3908 Quid
2641 3837 2772 3910 ergo
2798 3840 2888 3895 hic
2915 3840 3165 3896 dicemus
3179 3838 3371 3894 ?=Cum
3408 3838 3631 3894 Judaeu-

2044 3931 2352 4000 rumregio
2389 3931 2734 3987 contermina
2774 3940 2922 3987 esset
2956 3928 3216 3995 Galilaeas,
3246 3929 3524 3999 urbesque
3559 3943 3628 3985 ac

2042 4022 2377 4077 vicosinter
2404 4037 2464 4077 se
2486 4021 2722 4077 invicem
2747 4022 2960 4077 vicinos
2991 4021 3276 4088 haberent,
3304 4019 3628 4092 frequenter

2044 4112 2188 4166 inter
2225 4128 2285 4167 se
2310 4111 2457 4166 uItro
2488 4111 2745 4182 citroque
2783 4110 3190 4181 commeabant,
3223 4125 3288 4167 ac
3320 4112 3628 4182 permisce-

2041 4204 2370 4268 bantur,.ac
2400 4203 2624 4273 utrique
2666 4203 2939 4260 invitante
2969 4202 3045 4259 ad
3082 4203 3137 4259 id
3187 4202 3485 4275 multiplici
3529 4217 3627 4260 oc-

2040 4294 2264 4349 casione
2295 4292 2532 4348 invicem
2586 4293 2794 4349 alteros
2848 4293 3100 4349 adibant.
3163 4291 3437 4360 Quoniam
3491 4309 3625 4350 vero

2040 4387 2220 4440 multo
2257 4385 2423 4456 700
2449 4385 2735 4442 ardentior
2758 4400 2916 4443 mens
2939 4393 3059 4442 erat
3082 4385 3359 4442 idolorum
3387 4387 3621 4443 cultori-

2039 4478 2166 4542 bus,
2195 4488 2251 4533 et
2286 4477 2373 4532 ad.
2393 4478 2752 4533 mutationem
2785 4478 2841 4533 in
2876 4478 3077 4534 melius
3114 4478 3460 4548 propensior,
3497 4486 3626 4534 tan-

333 4573 778 4644 ἐξελεγχομένης
795 4573 977 4627 αὐτῶν
1009 4573 1110 4643 τῆς
1131 4573 1521 4645 ψευδολατρίας
1552 4573 1628 4637 ὼς
1658 4573 1937 4646 ἀχρήστου

2047 4584 2206 4640 quam
2236 4569 2363 4639 plus
2403 4571 2537 4626 satis
2565 4568 2772 4624 revicta
2800 4567 3200 4638 confutataque
3232 4584 3427 4625 eorum
3469 4569 3624 4627 inani

331 4667 648 4731 παντελῶς,
698 4667 1082 4737 μετεπείθοντό
1124 4684 1270 4730 τινες
1317 4667 1555 4730 εὐκόλως
1584 4682 1598 4697 ⁸
1630 4665 1784 4721 οῦπω
1838 4666 1939 4738 μὲν

328 4758 605 4820 ὁλπελῶς
640 4758 721 4822 είς
755 4756 817 4810 τὸ
841 4796 855 4816 .
889 4757 1036 4827 μόνῳ
1073 4755 1359 4827 λατρεύειν
1401 4755 1481 4828 τῷ
1508 4754 1651 4811 κατά
1675 4755 1936 4824 ἀλήθειαν

328 4850 452 4904 ὄντι
504 4847 651 4918 Θεῷ,
690 4847 1039 4920 μεριζόμενοι
1085 4846 1144 4900 δέ
1189 4864 1306 4910 πως
1345 4851 1461 4911 τοῖς
1493 4847 1574 4911 είς
1632 4846 1936 4902 ἀπόστασιν

326 4939 646 5010 λογισμοῖς,
677 4939 771 4992 καὶ
803 4941 923 5001 ταῖς
950 4937 1059 4991 τῶν
1103 4938 1251 4993 ίδίων
1291 4937 1629 4992 διδασκάλων
1677 4938 1937 5009 ἑπόμενοι

326 5031 612 5102 γνώμαις,
650 5031 958 5096 Πλάτωνος,
998 5030 1164 5102 φημὶ,
1199 5032 1293 5084 καὶ
1325 5030 1437 5083 τῶν
1466 5030 1587 5084 κατ’
1613 5030 1821 5083 ἐκεῖνον
1858 5025 1936 5083 εἶ-

327 5142 426 5179 ναι
454 5123 771 5194 λεγομένων
804 5120 1008 5192 σοφῶν,
1048 5122 1369 5190 φασκόντων
1398 5121 1494 5177 ἕνα
1522 5121 1620 5193 μὲν
1656 5122 1765 5175 τῶν
1794 5123 1934 5176 πάν-

323 5232 446 5269 των
478 5211 624 5268 εἶναι
665 5214 1019 5287 δημιουργὸν,
1060 5215 1393 5286 ἑγκοσμίους
1426 5214 1485 5268 δὲ
1515 5214 1644 5278 τοὺς
1680 5199 1932 5277 λοιποὺς,

328 5308 430 5361 καὶ⁵
488 5304 686 5376 ὥσπερ
747 5305 901 5370 τινὰς
948 5306 1224 5376 ἡγεμόνας
1276 5305 1752 5377 κεχειροτονῆσθαι
1799 5305 1934 5376 παρ’

323 5400 549 5454 ἐκείνου
583 5398 720 5470 πρὸς
748 5399 1012 5470 διοίκησιν
1044 5397 1153 5452 τῶν
1183 5397 1541 5470 ἀνθρωπίνων
1567 5399 1931 5469 πραγμάτων.

328 5493 501 5555 Ἐθος
531 5488 628 5545 οὖν
653 5508 765 5545 τισι
812 5490 1453 5561 Παλαιστινοῖς,Ἔλλησι
1496 5489 1730 5561 μάλιστα
1750 5530 1765 5555 ,
1791 5507 1935 5561 παρ-

323 5585 676 5657 εζευγμένην
729 5586 827 5639 καὶ
878 5584 1098 5654 γείτονα
1131 5582 1391 5655 τὴντῶν
1424 5581 1694 5637 Ἰουδαίων
1748 5580 1933 5653 ἔχουσι

324 5678 519 5753 χώραν
540 5718 559 5743 ,
594 5674 1014 5748 ἀπομάττεσθαι
1067 5693 1185 5739 πως
1222 5674 1321 5742 ἔθη
1352 5674 1422 5727 τά
1463 5674 1596 5745 παρ’
1618 5672 1803 5737 αὐτοῖς
1840 5674 1932 5726 καὶ

324 5773 390 5825 τὸ
412 5769 520 5841 τῆς
554 5767 860 5840 μοναρχίας
882 5766 1054 5840 ὅνομα
1070 5768 1256 5838 τιμᾷν,
1277 5765 1435 5833 δόξαν
1460 5763 1603 5818 οὕτω
1629 5764 1925 5828 κάκείνοις,

323 5855 404 5918 ὧν
448 5859 657 5932 ἀρτίως
690 5856 1218 5931 ἐμνημονεύσαμεν,
1246 5858 1297 5912 εἰ
1348 5856 1442 5912 καὶ
1490 5854 1565 5928 μὴ
1601 5853 1742 5910 οὕτω
1795 5857 1927 5927 φασὶ

2042 4659 2616 4728 superstitione,.ideo
2644 4659 2898 4715 nonnulli
2932 4659 3096 4716 facile
3119 4661 3453 4717 sententiam
3496 4678 3625 4719 mu-

2039 4751 2232 4806 tabant
2265 4768 2280 4805 :
2307 4751 2403 4806 sed
2427 4751 2671 4807 nondum
2701 4749 2942 4824 perfecte
2969 4750 3038 4807 ad
3069 4751 3177 4807 hoc
3203 4759 3264 4807 ut
3285 4753 3391 4809 soli
3422 4769 3625 4811 secun-

2038 4843 2171 4900 dum
2205 4843 2491 4899 veritatem
2541 4843 2657 4900 Deo
2709 4843 3019 4911 servirent;
3069 4845 3338 4916 ancipites
3388 4859 3521 4903 vero
3566 4856 3625 4904 et

2038 4936 2311 5006 ambiguis
2340 4935 2469 4992 hinc
2491 4935 2619 4992 inde
2651 4936 2905 4992 distracti
2931 4936 3242 4994 rationibus
3263 4938 3331 4995 ad
3354 4937 3622 4997 defectio-

2039 5044 2188 5090 nem.
2218 5036 2275 5083 et
2304 5044 2532 5084 suorum
2565 5028 2960 5099 magistrorum
2984 5028 3621 5100 opinionibusinsisten-

2038 5129 2142 5184 tes,
2177 5118 2448 5184 Platonis,
2480 5119 2734 5190 inquam,
2765 5126 2820 5175 et
2852 5119 3090 5176 aliorum
3121 5120 3176 5175 id
3201 5136 3378 5191 genus
3399 5122 3620 5192 sapien-

2035 5221 2177 5278 tnm,
2218 5212 2312 5283 qui
2343 5212 2499 5268 aiunt
2532 5228 2704 5267 unum
2744 5211 2967 5282 quidem
3009 5227 3138 5269 esse
3168 5213 3412 5268 universi
3453 5212 3618 5284 Opiﬁ-

2033 5320 2178 5368 cem,
2205 5313 2436 5361 caeteros
2456 5320 2586 5360 vero
2616 5303 3038 5375 mundanosque
3060 5313 3322 5376 tanquam
3344 5304 3615 5375 quosdam

2034 5397 2204 5454 duces
2233 5397 2304 5453 ab
2331 5397 2428 5453 illo
2455 5406 2677 5453 creatos
2718 5397 2786 5452 ad
2818 5412 3003 5454 rerum
3053 5396 3422 5453 humanarum
3465 5398 3618 5468 regi-

2034 5504 2187 5544 men.
2238 5487 2407 5544 Moris
2461 5504 2594 5560 ergo
2650 5488 2939 5545 nonnullis
2993 5486 3339 5553 Palaestinis,
3405 5486 3616 5546 Gracia

2031 5579 2290 5644 maxime,
2318 5578 2563 5634 vicinam
2575 5579 2959 5649 etcontiguam
2987 5576 3303 5632 Iudaeorum
3334 5577 3614 5648 regionem

2033 5668 2409 5727 accolentibus
2436 5708 2453 5733 ,
2509 5669 2717 5725 imitari
2766 5678 2822 5725 et
2871 5683 3156 5725 assumere
3204 5667 3613 5739 quodammodo

2031 5777 2223 5817 eorum
2253 5761 2690 5818 consuetudines
2719 5774 2783 5815 ac
2814 5773 3018 5823 mores,
3062 5766 3232 5831 atque
3269 5760 3611 5816 monarchic

2034 5871 2237 5912 nomen
2269 5854 2330 5911 in
2355 5855 2562 5911 honore
2589 5853 2814 5922 habere,
2843 5852 2992 5927 quod
3025 5855 3100 5912 ita
3139 5853 3320 5912 visum
3354 5861 3503 5913 esset
3536 5854 3606 5913 iis
