4104 6436
462 430 537 490 85
1466 426 1523 482 S.
1565 426 1845 482 CYIlILLl
1869 423 2343 480 ALEXANDRINI
2377 425 2700 481 AllClllEl’.
3655 417 3719 471 8|

456 559 700 619 quorum
746 546 916 617 paulo
941 552 1072 601 ante
1097 547 1478 615 meminimus,
1523 545 1627 602 etsi
1678 562 1789 602 non
1837 545 2029 602 eodem

2146 547 2390 620 καθάπερ
2419 549 2600 617 ἡμεῖς.
2630 547 2696 604 οι
2723 545 2800 610 δέ,
2823 546 2960 614 μήτε
2988 542 3166 613 πλήρη
3189 539 3286 608 τὴν
3314 538 3392 601 εἷς
3439 535 3718 599 Ἰουδαίους

458 639 626 695 modo
672 653 784 709 quo
818 653 920 695 nos
965 638 1268 710 loquimur.
1308 637 1377 693 lli
1411 653 1538 694 vero
1563 653 1673 693 non
1705 638 1932 694 omnino
1966 638 2033 691 ad

456 727 778 786 Iudaeorum
809 730 950 785 ritus
981 730 1262 800 propensi,
1292 744 1470 799 neque
1498 743 1530 783 a
1563 727 1885 786 Graecorum
1919 729 2036 799 pla-

459 821 589 880 citis
633 829 691 878 et
731 822 979 877 moribus
1021 821 1280 892 digressi,
1315 821 1410 878 sed
1454 821 1690 878 mediam
1738 821 2034 892 quamdam

458 899 731 968 rationem
755 921 808 968 et
836 913 1168 968 sententiam
1215 912 1412 978 secuti,
1451 911 1528 982 pii
1557 922 1616 968 et
1657 913 1902 968 cultores
1938 909 2034 966 Dei

460 1011 872 1074 nuncupantur.
906 1003 1079 1074 Igitur
1111 1002 1287 1058 Graeci
1315 1003 1414 1074 qui
1455 1003 1513 1058 in
1541 1005 1796 1073 proximo
1821 1004 2032 1060 habita-

461 1095 615 1161 bant,
664 1110 790 1150 cum
822 1094 1076 1150 viderent
1128 1110 1262 1150 suos
1307 1108 1493 1151 mores
1541 1109 1572 1149 a
1623 1093 1874 1151 Judaicis
1925 1111 2036 1150 non

461 1201 790 1258 magnopere
832 1185 1077 1250 diil‘erre,
1115 1185 1298 1256 quoad
1347 1185 1753 1242 sacriﬁciorum
1795 1187 1938 1244 ritus
1983 1196 2037 1243 et

461 1275 794 1330 monarchize
823 1285 1217 1346 praesumptam
1241 1276 1562 1346 opinionem
1593 1277 1742 1346 (nam
1783 1292 1896 1333 non
1934 1292 2036 1333 an-

461 1374 545 1420 tea
577 1380 712 1435 gens
754 1364 923 1419 Israel
964 1365 1032 1420 de
1063 1365 1283 1420 ratione
1325 1373 1533 1421 sancta
1563 1372 1620 1421 et
1667 1368 2038 1423 consubstan-

458 1453 608 1508 tialis
648 1452 967 1519 Trinitatis,
1015 1453 1112 1509 sed
1145 1469 1324 1525 neque
1363 1454 1674 1525 spiritualis
1711 1456 1894 1512 cultus
1929 1457 2036 1511 vim

459 1544 798 1614 audierant),
831 1542 1187 1600 conﬂuebant
1215 1547 1381 1600 etiam
1428 1546 1749 1613 adoraturi,
1800 1548 2038 1604 maxime

460 1634 516 1688 in
549 1635 769 1704 magnis
801 1634 1242 1698 celebritatibus,
1271 1634 1440 1707 idque
1470 1653 1581 1692 non
1609 1638 1767 1708 quasi
1799 1653 2039 1709 peccan-

461 1735 544 1780 tes
603 1726 658 1780 in
699 1740 858 1782 suam
905 1725 1154 1797 ipsorum
1200 1728 1524 1799 religionem
1557 1743 1626 1786 ac
1673 1731 1906 1798 cultum,
1941 1731 2039 1787 sed

458 1818 608 1873 velut
639 1833 810 1873 unum
836 1819 1086 1886 omnium
1119 1817 1287 1875 Deum
1316 1820 1678 1877 honorantes.

531 1908 627 1964 ΧΠ
649 1950 665 1969 .
709 1910 801 1966 22.
855 1909 1009 1966 Venit
1043 1909 1324 1982 Philippus
1351 1922 1402 1968 et
1427 1913 1558 1967 dicit
1577 1912 1828 1970 Andrec.

531 2001 601 2056 Et
630 2001 894 2059 Pharisai
937 2003 1253 2060 nescientes
1291 2005 1373 2060 rei
1406 2009 1697 2063 veritatem
1745 2008 1864 2064 hac
1896 2007 2042 2062 inter

463 2108 524 2150 se
572 2093 882 2149 dicebant:
941 2112 963 2148 ι
1009 2093 1156 2151 Ecce
1209 2103 1359 2152 totus
1408 2097 1652 2155 mundus
1704 2107 1830 2170 post
1885 2100 2040 2155 illum

462 2185 580 2241 abit
606 2185 678 2240 '°.
713 2205 734 2239 ι
765 2185 954 2257 Neque
979 2188 1128 2244 enim
1167 2189 1349 2246 solum
1376 2187 1571 2258 Judaei,
1601 2191 1698 2247 sed
1728 2199 1782 2246 et
1809 2192 2042 2263 gentiles

462 2287 624 2332 eram
664 2277 951 2334 credituri.
996 2279 1134 2336 ideo
1174 2289 1230 2337 et
1274 2295 1426 2336 nunc
1472 2281 1622 2338 velut
1673 2283 2042 2354 primitiarum

462 2369 592 2424 loco
613 2368 759 2425 facta
789 2379 877 2426 est
896 2371 1214 2429 Graecorum
1247 2373 1518 2441 accessio,
1561 2383 1617 2430 et
1645 2390 1758 2430 non
1785 2389 1948 2434 secus
1977 2390 2043 2432 ac

466 2457 680 2514 Galilei
724 2459 1063 2518 accedebant
1121 2461 1191 2516 ad
1239 2461 1554 2532 Philippum
1587 2462 1786 2528 Graeci,
1835 2478 1940 2519 ceu
1989 2475 2046 2520 ct

467 2551 648 2620 ipsum
703 2551 992 2612 Galilaeum
1039 2554 1425 2621 exsistentem,
1476 2559 1538 2608 ut
1589 2553 1912 2610 ostenderet
1960 2555 2046 2613 eis

463 2643 653 2698 Jesum
684 2657 852 2714 quem
902 2660 1135 2702 cernere
1169 2646 1487 2718 cupiebant,
1543 2645 1748 2701 auditis
1795 2655 1878 2700 tot
1922 2661 2046 2716 qu:e

466 2736 668 2792 ﬂebant
705 2737 972 2794 secundis
1004 2739 1534 2802 acclamationibus,
1561 2746 1621 2792 nt
1648 2737 1963 2802 adorarent,
1991 2747 2047 2794 et

465 2845 530 2884 ea
600 2846 724 2900 qua:
777 2831 1072 2900 cupiebant
1128 2839 1634 2902 consequerentur.
1701 2827 2046 2888 Recordatus

463 2935 595 2975 vero
627 2918 914 2992 Philippus
955 2920 1108 2992 quod
1145 2921 1363 2978 dixerat
1386 2921 1471 2977 eis
1503 2919 1667 2977 Jesus
1697 2939 1712 2976 :
1753 2941 1772 2974 ι
1809 2920 1865 2976 ιιι
1895 2921 2043 2976 viam

465 3015 708 3082 gentium
737 3030 806 3068 ne
838 3013 1111 3081 abici-itis,
1148 3021 1206 3068 et
1247 3014 1306 3068 in
1343 3013 1536 3070 urbem
1567 3012 2046 3070 Samaritanorum

464 3121 536 3160 ne
564 3105 955 3176 ingrediainini
979 3105 1021 3138 ⁸³
1046 3145 1062 3172 ,
1099 3125 1119 3159 ι
1146 3106 1345 3162 metuit
1373 3121 1444 3162 ne
1465 3105 1747 3162 offendere
1792 3107 2047 3162 videatur

466 3209 594 3259 eos,
626 3197 717 3264 qui
754 3193 996 3250 nondum
1028 3195 1410 3262 crediderant,
1441 3199 1489 3253 si
1522 3194 1590 3250 ad
1618 3196 1905 3253 Christum
1945 3199 2046 3252 ad-

465 3286 695 3343 duceret
727 3305 741 3342 :
785 3288 1046 3361 ignorans
1091 3288 1240 3357 quod
1271 3303 1336 3344 ex
1371 3289 1808 3360 dispensationis
1855 3291 2051 3346 ordine

467 3378 739 3434 Dominus
771 3387 1023 3434 vetuerat
1064 3379 1220 3450 τοι
1275 3378 1571 3444 discipulis
1619 3395 1690 3437 ne
1740 3380 1810 3437 ad
1860 3391 2051 3453 gentes

467 3469 906 3541 ingrederentur,
946 3469 1123 3525 donec
1173 3471 1338 3540 primi
1397 3468 1574 3527 Judaei
1631 3471 1893 3526 traditam
1943 3471 2051 3528 sibi

467 3567 701 3636 gratiam
743 3565 1054 3634 rejicerent.
1088 3562 1376 3634 Tanquam
1423 3572 1608 3620 autem
1656 3565 1960 3621 ardentiori
1994 3573 2051 3621 et

469 3656 650 3728 magis
679 3655 750 3711 ad
772 3672 836 3711 ea
877 3655 1081 3711 idoneo
1114 3655 1351 3713 Andrea
1374 3655 1511 3712 dicit
1539 3672 1556 3720 ;
1605 3670 1843 3727 cumque
1870 3655 1924 3710 id
1962 3671 2052 3710 re-

470 3756 622 3804 ctum
674 3749 859 3804 visum
891 3756 1062 3814 esset,
1103 3748 1270 3803 ambo
1312 3734 1637 3802 renuntiant
1677 3748 1935 3804 Domino.
1985 3746 2054 3804 Et

469 3838 775 3911 prudenter
800 3839 1024 3910 quidem
1065 3838 1200 3895 facit
1231 3839 1527 3910 Philippus
1557 3839 1764 3896 docens
1788 3855 1911 3907 nos,
1942 3855 2052 3894 non

471 3942 682 3989 temere
707 3933 872 3988 verba
901 3931 1152 3988 facienda
1187 3946 1314 3988 esse
1351 3934 1421 3988 ad
1451 3933 1781 4004 praepositos
1807 3940 2051 3997 nostros,

472 4020 599 4075 licet
630 4023 698 4080 de
728 4026 898 4080 rebus
930 4039 1056 4094 quae
1089 4025 1346 4080 videntur
1373 4025 1550 4090 bonae,
1583 4024 1680 4082 sed
1714 4026 1899 4096 potius
1925 4038 2054 4079 cum

473 4117 837 4185 prudentibus
861 4114 1280 4171 deliberandum
1310 4115 1443 4184 quid
1470 4114 1616 4170 facto
1645 4131 1785 4186 opus
1816 4116 1909 4170 sit.

546 4203 639 4260 XII
666 4247 681 4272 ,
725 4205 814 4261 25.
869 4203 1020 4260 Venit
1055 4205 1225 4270 hora,
1261 4211 1318 4258 ut
1361 4204 1694 4274 clariﬁcetur
1741 4202 1918 4259 Filius
1959 4205 2056 4259 lio-

475 4311 655 4352 mmts.

549 4390 821 4457 Quoniam
848 4388 1016 4461 igitur
1043 4387 1280 4461 gentiles
1317 4387 1390 4442 ad
1423 4401 1550 4442 eum
1597 4386 1898 4442 videndum
1951 4403 2056 4441 au—

477 4482 941 4554 scultandumque
964 4489 1286 4553 properant,
1309 4479 1434 4536 ideo
1459 4479 1564 4535 ait:
1598 4497 1618 4532 ι
1646 4477 1810 4535 Venit
1850 4479 2010 4547 liora,
2035 4499 2056 4532 δ

2138 640 2351 711 ἔχοντες
2393 639 2603 711 ῥοπὴν,
2637 639 2776 709 μήτε
2813 637 2919 708 μὴν
2971 633 3081 687 τῶν
3113 631 3340 700 Ἕλλησι
3399 630 3569 700 φίλων
3615 629 3714 697 ἀφ.

2137 732 2431 802 εστηκότες
2459 730 2620 798 ἐθῶν,
2653 729 2825 800 μέσην
2863 727 2920 781 δέ
2967 743 3090 779 τινα
3122 723 3217 776 καὶ
3243 722 3380 792 πρὸς
3405 722 3576 792 ἄμφω
3604 719 3722 790 βλέ-

2137 839 2263 876 πειν
2306 819 2717 893 ἐπιτηδεύοντες
2757 818 2937 883 δόξαν,
2970 813 3242 876 θεοσεϐεῖς
3270 813 3624 883 ὀνομάζονται
3667 813 3720 864 οῖ

2135 913 2389 966 τοιοῦτοι.
2445 909 2749 982 Τοιγαροῦν
2807 910 2858 962 οἱ
2907 905 3278 977 γειτονοῦντες
3319 905 3618 976 Ἕλληνες,
3658 903 3721 956 οὒ

2140 1006 2346 1076 σφόδρα
2368 1005 2475 1058 τῶν
2509 1001 2812 1057 Ἰουδαϊκῶν
2838 999 2978 1054 ἐθῶν
3004 1001 3072 1054 τὰ
3105 1002 3211 1056 ἴδια
3243 998 3578 1070 διῳκισμένα
3603 994 3724 1066 βλέ-

2139 1099 2489 1162 ποντες,ὄσον
2517 1092 2653 1168 ἧκεν
2681 1095 2761 1157 είς
2789 1091 2992 1148 θυσιῶν
3015 1092 3252 1165 τρόπους
3280 1093 3377 1148 καὶ
3418 1087 3723 1162 μοναρχίας

2138 1189 2388 1260 διάληψιν
2413 1189 2493 1262 (οὐ
2540 1189 2649 1260 γὰρ
2687 1189 2903 1260 ᾔδεισαν
2954 1191 3218 1264 πρότερον
3253 1187 3354 1258 τῆς
3408 1183 3572 1252 ἁγίας
3627 1178 3722 1233 καὶ

2137 1281 2428 1352 ὁμοουσίου
2467 1280 2696 1353 Τριάδος
2742 1283 2870 1345 τοὺς
2901 1282 3093 1351 λόγους
3139 1283 3186 1333 οἱ
3228 1279 3287 1345 ιε
3324 1273 3564 1346 Ἰσραὴλ,
3603 1268 3722 1324 ἀλλ’

2137 1374 2259 1428 οὐδὲ
2295 1373 2394 1444 τῆς
2435 1371 2816 1444 πνευματικῆς
2843 1374 3097 1445 λατρείας
3121 1370 3220 1444 τὴν
3265 1367 3493 1437 δῦναμιν
3520 1364 3560 1433 ),
3595 1377 3723 1415 συν-

2139 1464 2350 1517 έϐαινον
2385 1465 2870 1536 προσκυνήσοντες,
2903 1467 2961 1517 ὲν
2993 1461 3296 1532 πανδήμοις
3337 1457 3570 1528 μάλιστα
3601 1468 3722 1505 συνν

2137 1555 2382 1625 δρομαῖς,
2405 1556 2502 1625 οὐχ
2529 1554 2605 1618 ὡς
2640 1555 2740 1625 τὴν
2768 1553 2903 1608 ίδίαν
2939 1551 3234 1614 λυποῦντες
3255 1546 3507 1620 λατρείαν
3532 1561 3591 1597 τε
3627 1543 3723 1596 καὶ

2141 1643 2462 1716 θρησκείαν,
2508 1643 2623 1698 ἀλλ’
2681 1644 2758 1707 ὡς
2802 1645 2888 1698 ἵνα
2921 1644 3012 1698 τὸν
3057 1642 3152 1696 ἐπὶ
3200 1639 3420 1695 πάντων
3453 1632 3728 1706 τιμῶντες

2139 1737 2295 1790 Θεόν.

2220 1919 2500 1987 Ἔρχεται
2523 1919 2823 1984 Φίλιππος
2852 1917 2953 1970 καὶ
2983 1914 3145 1982 λέγει
3173 1911 3256 1978 τῷ
3289 1909 3539 1978 Ἀνδρέα.

2209 2015 2321 2069 Καὶ
2369 2013 2445 2084 μὴ
2475 2011 2674 2075 εἰδότες
2725 2011 2776 2064 οἱ
2820 2011 3107 2080 Φαρισαῖοι
3138 2007 3202 2060 τὸ
3247 2001 3446 2074 ἀληθὲς
3501 1997 3730 2053 ἐλάλουν

2142 2106 2442 2175 λέγοντεςί
2459 2104 2564 2157 Ἴδε
2590 2105 2620 2156 ὁ
2640 2102 2843 2173 κόσμος
2870 2101 2990 2164 ὅλος
3017 2098 3193 2152 ὀπίσω
3223 2094 3390 2150 αὐτοῦ
3423 2089 3718 2162 ἀπῆλθεν.)

2143 2196 2217 2251 Οὐ
2250 2196 2412 2266 μόνον
2435 2194 2544 2266 γὰρ
2577 2191 2844 2258 Ἰουδαῖοι,
2860 2190 2994 2245 ἀλλὰ
3016 2188 3112 2242 καὶ
3135 2189 3186 2241 oi
3215 2185 3274 2252 ἐξ
3304 2182 3473 2237 ἐθνῶν
3504 2178 3730 2249 ἔμελλον

2145 2269 2444 2342 πιστεύειν.
2476 2285 2568 2338 Διὸ
2596 2284 2691 2338 καὶ
2715 2283 2792 2346 ὡς
2819 2284 2878 2335 ἐν
2909 2280 3130 2351 ἀπαρχῇ
3159 2277 3281 2329 τότε
3305 2273 3527 2344 γέγονεν
3558 2271 3592 2341 ὴ
3617 2268 3729 2321 τῶν

2155 2379 2424 2450 Ἐλλήνων
2467 2375 2754 2447 προσθήκη
2781 2415 2796 2440 ,
2827 2373 2925 2427 καὶ
2952 2372 3027 2435 ὡς
3072 2369 3344 2423 Γαλιλαῖοι
3376 2364 3426 2422 οι
3459 2362 3729 2430 Ἕλληνες

2145 2469 2453 2544 προσῆλθον
2474 2467 2552 2540 τῷ
2578 2467 2851 2537 Φιλίππῳ,
2885 2465 2962 2527 ὡς
2988 2463 3083 2517 καὶ
3114 2458 3264 2532 αὐτῷ
3292 2455 3560 2523 Γαλιλαίῳ
3589 2453 3727 2544 δντι,

2147 2543 2236 2618 ἴνα
2261 2561 2414 2635 δείξῃ
2433 2561 2616 2624 αὐτοῖς
2643 2559 2733 2613 τὸν
2771 2555 3000 2629 Ἰησοῦν,
3025 2554 3084 2608 ὃν
3120 2552 3313 2625 ἤθελον
3347 2549 3496 2612 ίδεῖν,
3527 2543 3735 2613 πολλὴν

2145 2657 2436 2719 ἀκούοντες
2469 2653 2550 2716 εἰς
2584 2651 2748 2704 αὑτὸν
2769 2648 3062 2720 γινομένην
3100 2648 3204 2718 τὴν
3247 2641 3544 2712 εὐφημίαν,
3588 2637 3732 2690 ὥστε

2145 2746 2524 2819 προσκυνῆσαι
2576 2743 2674 2796 καὶ
2723 2738 2800 2795 ὧν
2828 2738 3022 2812 ήθελον
3071 2739 3273 2806 τυχεῖν.
3313 2729 3592 2801 Μνησθεὶς
3611 2727 3668 2780 δὲ
3702 2727 3732 2779 ὁ

2144 2841 2410 2902 Φίλιππος
2443 2839 2524 2892 ὅτι
2555 2830 2676 2889 εἷπε
2715 2834 2853 2906 πρὸς
2896 2833 3093 2894 αὐτοὺς
3118 2833 3146 2884 ὁ
3171 2827 3374 2902 Κύριος
3397 2842 3414 2856 ·
3444 2845 3461 2875 ι
3486 2824 3578 2886 Et;
3610 2821 3738 2873 ὁδὸν

2146 2931 2316 2986 ἐθνῶν
2347 2929 2424 3002 μὴ
2465 2927 2741 2996 ἀπέλθητε
2769 2966 2784 2990 ,
2811 2925 2907 2978 καὶ
2953 2925 3032 2987 είς
3064 2921 3220 2976 πόλιν
3263 2913 3620 2988 Σαμαρειτῶν
3657 2910 3737 2982 μὴ

2146 3022 2450 3094 εἰσέλθητε,
2486 3039 2504 3072 ι
2527 3017 2700 3089 δειλιᾷ
2728 3018 2924 3088 μήπως
2947 3010 3320 3084 προσκροῦσαι
3342 3005 3468 3078 δόξῃ
3497 3006 3624 3066 τοὺς
3656 3003 3734 3073 μὴ

2147 3115 2581 3176 πεπιστευκότας
2638 3109 2930 3181 προσάγων
2982 3104 3062 3175 τῷ
3110 3100 3366 3175 Χριστῷ,
3396 3095 3608 3166 ἀγνοῶν
3650 3096 3736 3147 ὅτι

2074 3230 2120 3289 c
2149 3203 2506 3276 οἰκονομικῶς
2547 3204 2576 3256 ὁ
2602 3199 2808 3271 Κύριος
2837 3195 3078 3289 ἐκώλυσε
3114 3192 3241 3289 τοὺς
3279 3184 3734 3289 {infimae-alea?-

2152 3300 2265 3355 θεῖν
2311 3297 2448 3368 πρὸς
2501 3294 2572 3348 τὰ
2601 3292 2750 3362 ἔθνη,
2785 3291 2890 3353 ἕως
2933 3281 2995 3341 οὗ
3031 3286 3235 3356 πρῶτοι
3273 3285 3323 3336 οἱ
3369 3279 3608 3334 Ἰουδαῖοι
3635 3276 3740 3368 τὴν-

2150 3367 2398 3446 δοθεῖσαν
2427 3387 2614 3446 αὐτοῖς
2647 3381 3046 3436 ἁποσείσωνται
3079 3376 3260 3451 χάριν.
3303 3375 3393 3437 Ὧς
3417 3367 3744 3443 θερμοτέρῳ

2149 3482 2207 3536 δὲ
2257 3480 2352 3534 καὶ
2408 3473 2828 3547 ἐπιτηδειοτέρῳ
2886 3471 3022 3540 πρὸς
3054 3470 3124 3524 τὰ
3177 3465 3403 3521 τοιαῦτα
3459 3462 3608 3531 λέγει
3656 3459 3742 3529 τῷ

2164 3571 2392 3643 Ἀνδρέα
2415 3587 2429 3600 ο
2460 3568 2618 3632 δόξαν
2638 3567 2696 3620 δὲ
2723 3564 2868 3619 οὕτω
2910 3561 3110 3626 καλῶς,
3133 3558 3434 3631 ἀμφότεροι
3455 3549 3742 3621 ἀπαγγέλ-

2153 3668 2306 3720 λουσι
2329 3662 2408 3733 τῷ
2435 3658 2646 3731 Κυρίῳ.
2693 3655 2939 3720 Συνετῶς
2980 3653 3038 3710 δὲ
3069 3649 3284 3724 πράξας
3311 3651 3339 3703 ὁ
3367 3647 3633 3708 Φίλιππος
3659 3643 3740 3697 δια

2153 3757 2342 3811 δάσκει
2373 3753 2523 3826 ἡμᾶς
2556 3752 2639 3805 ὅτι
2671 3750 2732 3802 οὐ
2766 3747 2927 3802 καλὸν
2973 3749 3086 3809 τοῖς
3129 3744 3271 3813 ὑπὲρ
3296 3742 3446 3812 ἡμᾶς
3473 3738 3652 3793 λαλεῖν
3685 3751 3740 3789 τι

2152 3847 2229 3910 ὡς
2267 3845 2424 3914 ἔτυχε
2451 3882 2466 3908 ,
2520 3841 2625 3894 κᾶν
2661 3839 2792 3910 δοκῇ
2837 3855 2890 3892 τι
2942 3836 3053 3891 τῶν
3101 3834 3324 3904 ἀγαθῶν
3375 3827 3554 3896 εἶναι,
3600 3827 3741 3883 ἀλλὰ

2157 3938 2360 4010 μᾶλλον
2427 3933 2562 4006 μετὰ
2625 3930 2906 4003 φρονίμων
2983 3924 3381 3983 συσκὲπτεσθαι
3433 3923 3495 3977 τὸ
3549 3922 3601 3976 τί
3658 3920 3742 3974 δεῖ

2157 4031 2352 4082 πο;εϊν.

2241 4205 2578 4273 Ἐλήλυθεν
2604 4205 2642 4271 ἠ
2670 4200 2791 4270 ὥρα
2838 4202 2938 4254 ἵνα
2964 4195 3237 4266 δοξασθῇ
3270 4199 3303 4250 ὁ
3339 4193 3473 4260 Υἱὸς
3496 4192 3604 4247 τοῦ
3633 4190 3742 4246 dr-

2249 4297 2413 4350 ὓπου.

2249 4302 2260 4314 '
2321 4313 2413 4350 ου.

2159 4302 2464 4461 ﬂagitas“);
2488 4384 2581 4444 οῦν
2604 4389 2655 4442 oi
2685 4387 2746 4452 ἐξ
2765 4385 2935 4442 ἐθνῶν
2962 4384 3274 4454 ἐπείγονται
3303 4381 3440 4452 πρὸς
3471 4377 3534 4433 τὸ
3567 4378 3746 4432 θέλειν

2162 4482 2324 4537 αὑτὸν
2359 4482 2487 4536 ἰδεῖν
2515 4480 2548 4552 ἢ
2574 4479 2920 4553 ἐπιστρέψαι,
2941 4478 3031 4533 διὰ
3047 4474 3204 4531 τοῦτό
3241 4490 3405 4545 φησιν
3423 4489 3438 4504 ο
3467 4492 3487 4524 ι
3524 4467 3744 4538 Ἐλήλυο

475 4591 652 4648 prope
679 4575 828 4632 enim
858 4583 980 4631 erat
1021 4575 1300 4646 passionis
1327 4581 1545 4644 tempus
1571 4612 1588 4639 ,
1619 4581 1746 4643 post
1769 4572 1916 4643 quod
1944 4583 2047 4628 sta-

2164 4577 2256 4629 θεν
2289 4578 2321 4646 ὴ
2361 4574 2479 4644 ὥρα
2503 4590 2517 4604 ο
2558 4593 2577 4625 ι
2616 4574 2646 4625 ὀ
2693 4571 2804 4643 γὰρ
2841 4570 3033 4640 καιρὸς
3068 4568 3236 4638 ἐγγὺς
3272 4561 3339 4638 ἦν
3369 4562 3466 4618 τοῦ
3513 4560 3746 4624 πάθους,

477 4671 576 4724 tim
608 4679 694 4726 est
717 4669 965 4742 gentium
997 4668 1230 4722 vacatio.
1275 4666 1440 4738 Atqui
1475 4666 1669 4720 horam
1704 4665 1794 4722 hic
1822 4666 2062 4735 appellat

474 4777 721 4836 praesens
745 4771 964 4834 tempus
983 4805 1004 4830 ,
1029 4777 1140 4816 non
1167 4759 1320 4816 aliud
1355 4759 1487 4831 quid
1506 4801 1522 4827 ,
1562 4762 1712 4831 quod
1734 4759 1784 4814 ei
1815 4760 2060 4829 patiendi

476 4857 866 4912 necessitatem
911 4854 1191 4924 imponat,
1247 4852 1342 4908 sed
1378 4853 1563 4923 ipsum
1611 4859 1768 4908 certa
1816 4853 2059 4924 quadam

476 4945 938 5003 determinatione
985 4945 1056 5013 ab
1102 4958 1172 4999 eo
1224 4942 1576 5014 pmﬂnitum.
1615 4941 1866 5002 Peractis
1908 4945 2060 4999 enim

477 5037 738 5092 omnibus
754 5049 877 5106 quae
905 5035 973 5090 ad
999 5035 1160 5090 ﬁdem
1188 5035 1455 5092 mortales
1489 5034 1883 5105 perducebant,
1910 5043 1963 5090 et
1988 5035 2060 5093 de

477 5142 652 5198 regno
702 5125 977 5180 canorum
1017 5139 1276 5182 sermone
1328 5124 1520 5180 habite
1570 5126 2052 5198 promulgataque,

2166 4666 2284 4738 μεθ’
2315 4666 2374 4720 ὃν
2402 4665 2564 4729 εὐθὺς
2591 4665 2624 4737 ἡ
2661 4664 2772 4718 τῶν
2812 4663 2981 4716 ἐθνῶν
3007 4661 3219 4731 κλῆσις.
3241 4658 3412 4730 Ὠραν
3439 4654 3497 4708 δέ
3536 4656 3595 4707 ἐν
3618 4651 3743 4705 τού-

2161 4781 2273 4828 τοις
2296 4762 2390 4816 τὸν
2425 4763 2667 4832 παρόντα
2715 4759 2908 4830 καιρὸν
2938 4755 3212 4827 ὀνομάζει,
3246 4755 3348 4808 οὒκ
3379 4751 3508 4807 ἄλλο
3532 4767 3586 4802 τι
3607 4747 3746 4817 πρὸς

2163 4855 2411 4924 ἀνάγκην
2453 4854 2586 4921 ἄγον
2631 4850 2791 4906 αὐτὸν
2836 4848 2931 4903 τοῦ
2966 4847 3182 4912 παθεῖν,
3214 4845 3331 4901 ἀλλ’
3351 4845 3600 4915 ὁρισμοῖς
3631 4843 3746 4904 τοῖς

2166 4949 2294 5018 παρ’
2325 4943 2490 5000 αὑτοῦ
2527 4941 2719 4996 τοῦτον
2747 4939 3216 5009 ἁναδεικνὺμενον.
3235 4937 3420 4991 Πάντα
3450 4933 3560 5005 γὰρ
3589 4931 3748 5000 ποιή-

2167 5057 2263 5103 σας
2300 5040 2399 5094 ὅσα
2432 5039 2512 5101 εἰς
2553 5036 2734 5089 πίστιν
2772 5033 2932 5104 ἐνῆγε
2961 5033 3087 5095 τοὺς
3124 5027 3447 5102 ἀνθρώπους
3470 5065 3486 5092 ,
3519 5024 3614 5079 καὶ
3645 5023 3749 5094 τῆς

2169 5131 2445 5203 βασιλείας
2461 5129 2572 5183 τῶν
2592 5127 2837 5198 οὐρανῶν
2865 5119 3109 5196 κηρύξας
3138 5122 3319 5191 λόγον,
3349 5119 3436 5174 ἐπ’
3465 5117 3598 5172 αὐτὸ
3633 5115 3746 5170 λοι-

479 5213 743 5283 deinceps
779 5209 846 5264 ad
882 5211 1064 5282 ipsum
1103 5213 1218 5283 spei
1252 5223 1420 5284 caput
1449 5222 1508 5269 et
1531 5228 1803 5270 summam
1837 5215 2011 5271 tendit
2039 5259 2047 5282 ,

2166 5220 2266 5272 πὸν
2295 5220 2393 5288 τῆς
2423 5216 2636 5278 ἐλπίδος
2661 5215 2723 5268 τὸ
2766 5214 3060 5283 κεφάλαιον
3091 5211 3326 5282 βαδίζειν
3351 5209 3524 5274 θέλει,
3559 5206 3622 5261 τὸ
3656 5224 3746 5260 νε-

482 5315 681 5372 nempe
731 5310 968 5358 mortem
1014 5305 1387 5374 perimendam
1417 5344 1436 5370 ,
1478 5307 1852 5378 quodquidem
1913 5307 2047 5362 haud

2167 5305 2382 5376 κρῶσαι
2405 5304 2498 5359 τὸν
2537 5303 2796 5358 θάνατον·
2828 5303 2967 5374 ὅπερ
2994 5302 3094 5356 οὐκ
3123 5299 3298 5362 ἄλλως
3330 5297 3546 5367 ἐγένετο
3577 5295 3664 5358 ἂν,
3697 5296 3748 5348 ει

481 5395 644 5450 aliter
693 5395 1104 5468 pmcessisset,
1159 5395 1267 5452 nisi
1316 5397 1428 5451 vita
1470 5398 1590 5468 ipsa
1647 5412 1749 5468 pro
1800 5398 2047 5453 omnibut

2169 5395 2243 5467 μὴ
2273 5397 2306 5465 ἡ
2342 5395 2456 5466 ζωὴ
2498 5394 2590 5448 τὸν
2639 5394 2780 5466 ὑπὲρ
2808 5393 3062 5448 ἁπάντων
3085 5391 3346 5460 ὑπέμεινε
3384 5388 3631 5451 θάνατον,
3658 5386 3749 5438 ἵνα

483 5493 716 5542 mortem
749 5488 1106 5558 pertulisset,
1137 5498 1196 5542 ut
1221 5503 1416 5544 omnes
1458 5492 1521 5543 in
1544 5503 1612 5546 eo
1649 5489 1961 5545 viveremus
1990 5491 2047 5540 ⁸⁸η

2164 5489 2214 5540 οἱ
2255 5487 2457 5551 πάντες
2486 5487 2740 5558 ζήσωμεν
2775 5488 2833 5540 ἐν
2862 5485 3031 5554 αὐτῷ.
3073 5482 3172 5536 Διὰ
3208 5480 3318 5553 γὰρ
3343 5479 3503 5534 τοῦτο
3531 5479 3626 5534 καὶ
3655 5475 3744 5532 δός

482 5577 778 5649 Propterea
807 5580 956 5636 enim
980 5595 1135 5635 suam
1158 5581 1386 5651 gloriam
1421 5589 1580 5636 vocat
1611 5588 1867 5645 mortem,
1897 5589 2047 5651 atqui

2167 5578 2263 5645 ξαν
2283 5578 2420 5632 ἰδίαν
2447 5579 2699 5650 ὀνομάζει
2727 5578 2818 5632 τὺν
2843 5577 3095 5644 θάνατον,
3111 5574 3286 5628 καὶτὸ
3315 5573 3507 5629 παθεῖν
3531 5571 3748 5625 ἅπαντα

488 5668 629 5725 adeo
671 5671 784 5742 pati
836 5671 1198 5727 acerbissima
1247 5687 1479 5744 quisque
1525 5685 1628 5742 pro
1673 5671 2047 5742 peccatoribu:

2167 5672 2234 5727 τὰ
2261 5671 2409 5726 δεινὰ
2457 5672 2595 5743 ὑπὲρ
2632 5671 2742 5727 τῶν
2771 5670 2931 5726 αὑτὸν
2960 5668 3333 5740 ἀτιμαζόντων
3373 5661 3743 5737 ἁμαρτωλῶν·

556 5846 602 5880 δο
642 5847 797 5906 Joan.
834 5865 943 5919 χιι,
984 5850 1065 5908 l9.
1143 5853 1184 5884 ³¹
1227 5849 1418 5907 Matth.
1450 5866 1517 5919 ι,
1549 5849 1605 5906 5.
1681 5851 1726 5883 ⁸³
1764 5847 1922 5908 Joan.
1955 5866 2032 5921 iv,
2062 5854 2116 5909 9.
