4104 6426
521 373 592 433 s'l
1510 385 1568 442 s.
1595 379 1872 444 cthu
1901 382 2376 445 ALEXANDRINI
2412 372 2733 451 ARClllEP.
3703 399 3770 454 ss

514 488 720 554 minus,
740 505 850 546 non
875 501 1136 563 tanquam
1159 493 1342 549 anima
1369 495 1459 551 hic
1477 498 1740 567 patiente,
1771 499 1866 554 sed
1891 499 2078 554 anima

2191 503 2376 558 Ταῦτα
2407 503 2466 557 δὲ
2513 505 2617 578 ἔφη
2648 509 2677 562 ὁ
2705 506 2932 578 Κύριος,
2959 507 3056 579 οὐχ
3088 509 3165 572 ὼς
3193 509 3291 578 τῆς
3328 509 3506 582 ψυχῆς
3537 510 3771 567 ἐνταῦθα

515 597 758 639 amorem
789 591 979 649 vocat,
1017 585 1194 641 videri
1233 602 1354 643 eam
1389 589 1658 656 retinere,
1702 590 1847 646 haud
1883 606 2088 662 corpus

504 673 784 743 periculis
815 674 1163 746 objicientes.

584 847 681 902 Xll
703 889 717 913 ,
746 848 836 905 26.
873 850 934 908 Si
963 856 1080 922 quis
1108 855 1236 909 mihi
1267 857 1572 924 ministrat,
1609 874 1689 912 me
1711 868 1977 928 sequatur.

582 937 739 1005 Quod
771 941 902 996 dicit
930 942 1202 1012 ejusmodi
1235 953 1356 1000 est:
1391 945 1450 1000 Si
1484 961 1608 1017 ego,
1644 947 1856 1017 inquit,
1892 949 1964 1004 ob
1995 965 2088 1002 vc-

513 1035 688 1083 stram
723 1031 1016 1087 utilitatem
1049 1033 1207 1088 trado
1242 1035 1514 1106 meipsum
1547 1036 1616 1089 ad
1647 1044 1914 1101 mortem,
1943 1053 2086 1108 quu-

389 1167 404 1172 _
511 1121 678 1176 modo
711 1138 822 1178 non
849 1139 1081 1179 summae
1108 1125 1341 1197 ignaviae
1370 1128 1659 1184 fueritvos
1690 1128 1763 1182 ob
1801 1130 2086 1198 proprium

509 1214 858 1270 commodum
898 1231 1008 1271 non
1049 1233 1212 1289 posse
1253 1222 1642 1290 temporariam
1681 1223 1850 1278 vitam
1899 1237 2088 1294 asper-

506 1305 671 1368 nari,
717 1314 772 1363 et
819 1319 996 1365 morte
1045 1311 1231 1366 carnis
1255 1352 1271 1376 ,
1311 1313 1480 1368 vitam
1518 1315 1772 1371 interitus
1809 1323 2087 1386 expertem

510 1397 670 1468 703
697 1407 753 1454 et
777 1415 1122 1458 marcessere
1145 1405 1388 1460 nesciam
1421 1407 1789 1477 comparare?
1823 1405 2088 1462 Videntur

507 1489 655 1542 enim
689 1504 845 1545 suam
877 1490 1122 1561 ipsorum
1153 1493 1392 1547 animam
1423 1496 1634 1562 odisse,
1667 1503 1933 1566 quantum
1961 1497 2090 1551 atti-

507 1586 602 1633 net
647 1577 716 1642 ad
756 1581 1110 1650 passionem,
1145 1585 1240 1652 qui
1284 1583 1516 1640 tradunt
1551 1601 1672 1640 eam
1713 1586 1780 1641 ad
1820 1593 2083 1652 mortem,

507 1670 730 1726 aaternis
762 1683 1112 1728 reservantes
1145 1673 1310 1731 bonis
1336 1695 1352 1731 :
1387 1685 1442 1732 et
1474 1679 1570 1747 qui
1600 1679 1655 1732 in
1685 1679 2086 1734 exercitatione

507 1761 767 1832 religiosa
796 1763 1006 1829 vivunt,
1031 1765 1266 1822 oderunt
1293 1782 1424 1824 suas
1449 1769 1695 1839 ipsorum
1727 1771 1960 1836 animas,
1985 1785 2087 1826 nec

505 1870 566 1908 se
609 1854 757 1908 vinci
801 1856 992 1909 sinunt
1031 1858 1220 1914 carnis
1261 1861 1666 1930 voluptatibus.
1716 1861 1873 1928 Quod
1919 1863 2085 1934 igitur
2115 1847 2158 1904 Β

505 1943 638 1998 fecit
667 1943 924 2004 Christus
959 1957 1187 2019 propter
1212 1951 1459 2006 omnium
1487 1953 1720 2009 salutem
1750 1969 1950 2024 passus
1969 1995 1984 2021 ,
2028 1955 2082 2010 in

505 2033 737 2105 ﬁguram
781 2047 836 2093 et
881 2048 1066 2109 typum
1099 2038 1442 2099 fortitudinis
1490 2043 1653 2109 fecit,
1691 2048 1932 2100 monitos
1959 2061 2084 2102 esse

502 2129 697 2184 volens
726 2145 823 2187 eos
853 2133 946 2201 qui
980 2144 1324 2202 speratorum
1365 2135 1634 2191 bonorum
1669 2139 2082 2208 exspectatione

502 2219 819 2288 ducuntur,
871 2230 929 2276 ut
974 2224 1043 2277 ad
1078 2225 1444 2281 exercendam
1481 2229 1743 2283 virtutem
1779 2244 1840 2285 se
1892 2229 2083 2285 accino

501 2319 654 2379 gaut.
693 2313 918 2382 Oportet
946 2316 1093 2369 enim
1132 2332 1252 2384 eos,
1286 2319 1483 2387 inquit,
1519 2320 1614 2390 qui
1650 2320 1840 2375 volunt
1872 2335 1960 2375 me
1993 2336 2082 2376 se-

499 2404 635 2470 qui,
695 2419 882 2474 parem
943 2408 1082 2462 mihi
1136 2408 1518 2465 fortitudinem
1575 2421 1631 2468 et
1690 2412 2078 2468 conﬁdentiam

501 2495 840 2565 ostendere;
901 2499 982 2554 sic
1051 2502 1203 2556 enim
1279 2503 1524 2560 victoriae
1577 2506 1802 2576 prmmia
1856 2507 2074 2561 obtine-

500 2591 658 2646 bunt.

567 2685 699 2753 XII,
737 2687 826 2745 26.
880 2689 946 2743 Et
987 2689 1077 2742 ubi
1106 2705 1225 2744 sunt
1269 2705 1394 2761 ego,
1444 2691 1517 2744 ibi
1561 2702 1611 2746 et
1657 2696 1902 2750 minister
1933 2713 2076 2752 meus

495 2777 616 2832 erit.

570 2867 636 2922 Et
673 2871 936 2940 quoniam
984 2873 1097 2929 dux
1140 2876 1370 2947 gloriae,
1423 2891 1533 2931 non
1585 2893 1682 2948 per
1715 2881 1948 2951 gloriam
1983 2894 2077 2940 aut

497 2959 723 3026 luxum,
769 2967 864 3019 sed
909 2980 1007 3036 per
1046 2966 1334 3023 infamiam
1388 2977 1445 3026 et
1483 2969 1700 3026 labores
1740 2976 2074 3032 ambulavit:

496 3051 578 3105 sic
607 3059 664 3106 et
693 3068 798 3108 nos
823 3068 990 3124 agere
1021 3056 1188 3112 alacri
1216 3059 1403 3114 animo
1439 3063 1720 3130 convenit,
1749 3075 1809 3119 ut
1842 3066 1896 3120 in
1930 3082 2079 3123 eum-

496 3139 619 3195 dem
650 3158 872 3215 quoque
896 3145 1076 3202 locum
1105 3150 1524 3218 perveniamus,
1563 3151 1924 3227 divinumque
1955 3160 2076 3230 glo-

2191 597 2528 668 πασχούσης,
2556 599 2692 654 ἀλλά
2723 601 2827 671 τῆς
2857 601 3038 672 ψυχῆς
3089 602 3271 672 φιλίαν
3297 603 3480 669 καλεῖ,
3513 602 3574 656 τὸ
3597 603 3772 657 δοκεῖν

2191 691 2361 760 αὐτὴν
2413 691 2694 763 κατέχειν,
2739 693 2799 746 οὐ
2857 693 3206 765 προδιδόντας
3251 695 3332 759 εἰς
3382 693 3663 759 κινδύνους
3711 693 3774 748 τὺ

2193 781 2372 853 σῶμα.

2275 874 2411 926 Ἐὰν
2437 873 2565 943 ἐμοὶ
2592 874 2844 945 διακονῇ
2875 894 2967 942 τις
2986 915 3000 941 ,
3027 875 3158 946 ἐμοὶ
3191 873 3609 934 ἀκολουθείτω.

2265 965 2329 1016 Ὅ
2379 963 2528 1032 λέγει
2580 964 2821 1019 τοιοῦτόν
2863 967 3031 1021 ἐστιν’
3086 968 3149 1020 Ei
3204 966 3336 1036 ἐγὼ,
3373 968 3540 1038 φησὶ,
3573 965 3664 1021 διά
3707 965 3772 1021 τὸ

2188 1056 2342 1126 ὑμῶν
2373 1058 2642 1129 χρήσιμον
2684 1058 2937 1130 ἐκδίδωμι
2982 1060 3216 1130 ἐμαυτὸν
3252 1062 3333 1122 είς
3363 1059 3614 1125 θάνατον,
3649 1059 3770 1124 πῶς

2186 1149 2290 1203 οὐκ
2333 1149 2612 1221 ἄνανδρον,
2643 1150 2705 1203 τὸ
2735 1150 2810 1221 μὴ
2839 1150 2949 1204 τῶν
2991 1151 3208 1206 οίκείων
3239 1151 3425 1205 ἕνεκεν
3452 1151 3761 1223 χρησίμων,

2185 1239 2287 1310 τῆς
2339 1242 2674 1314 προσκαίρου
2720 1243 3130 1314 καταφρονῆσαι
3178 1243 3322 1314 ζωῆς
3355 1243 3530 1312 ὑμᾶς,
3559 1243 3652 1296 καὶ
3683 1241 3765 1315 τῷ

2185 1334 2286 1405 τῆς
2307 1336 2508 1406 σαρκὸς
2540 1335 2753 1406 θανάτῳ
2780 1336 2879 1408 τὴν
2915 1336 3229 1406 ἀμάραντον
3255 1332 3560 1406 κτήσασθαι
3582 1333 3761 1406 ξωήνς

2187 1426 2414 1480 Δοκοῦσι
2463 1426 2572 1498 γὰρ
2620 1429 2797 1496 μισεῖν
2835 1427 2935 1499 τὴν
2977 1427 3184 1481 ἑαυτῶν
3227 1427 3438 1498 ψυχὴν.
3479 1428 3603 1481 ὅσον
3631 1422 3769 1497 ἦκεν

2187 1519 2266 1582 είς
2297 1519 2357 1571 τὸ
2386 1517 2598 1583 παθεῖν,
2634 1520 2684 1571 οἱ
2723 1518 3026 1582 ἐκδιδόντες
3053 1518 3219 1589 αὐτὴν
3253 1520 3333 1581 είς
3369 1517 3620 1581 θάνατον,
3653 1520 3771 1581 τοῖς

2186 1609 2426 1674 αἰωνίοις
2453 1610 2811 1679 φυλάττοντες
2843 1611 3070 1679 ἀγαθοῖς
3089 1625 3102 1639 ·
3133 1611 3228 1664 καὶ
3266 1611 3316 1664 oi
3348 1612 3406 1664 ἐν
3444 1609 3677 1680 ἀσκήσει
3708 1607 3769 1661 δέ

2187 1701 2410 1768 ζῶντες,
2441 1702 2662 1772 μισοῦσι
2693 1703 2794 1766 τὰς
2836 1703 3045 1756 ἑαυτῶν
3084 1701 3291 1773 ψυχὰς,
3326 1700 3426 1770 ούχ
3464 1700 3766 1771 ἡττώμενοι

2185 1797 2305 1858 ταῖς
2354 1795 2456 1864 τῆς
2514 1793 2872 1866 φιλοσαρκίας
2915 1794 3145 1866 ἡδοναῖς.
3191 1791 3258 1846 ‘0
3305 1787 3398 1847 οὖν
3451 1790 3706 1863 ἐποίησεν
3735 1790 3766 1844 ὁ

2188 1885 2423 1956 Χριστὸς
2448 1884 2538 1940 διὰ
2581 1885 2682 1957 τὴν
2721 1885 2976 1940 ἁπάντων
3007 1884 3282 1957 σωτηρίαν
3319 1879 3526 1945 παθὼν,
3558 1884 3638 1946 είς
3665 1882 3764 1936 τύ-

2185 1993 2289 2030 πον
2337 1976 2593 2047 ἐποίησεν
2628 1975 2882 2046 ἀνδρείας
2903 2015 2919 2040 ,
2953 1975 3220 2029 διδάσκων
3249 1974 3375 2038 τοὺς
3407 1973 3517 2026 τῶν
3546 1969 3766 2035 ἐλπιζο-

2186 2067 2365 2137 μένων
2438 2067 2658 2137 ἀγαθῶν
2717 2067 3146 2140 ἐπιθυμοῦντας,
3191 2062 3507 2134 ἐπείγεσθαι
3562 2077 3764 2135 κατορ-

2184 2159 2309 2214 θοῦν
2339 2158 2440 2230 τὴν
2468 2158 2690 2232 ἀρετήν.
2739 2161 2833 2212 Δεῖ
2876 2158 3005 2231 γὰρ,
3047 2158 3200 2229 φησὶ,
3241 2157 3368 2221 τοὺς
3393 2153 3644 2218 θέλοντας
3673 2168 3766 2224 μοι

2181 2248 2494 2303 ἀκολουθεῖν
2521 2288 2535 2314 ,
2563 2249 2662 2320 τὴν
2719 2248 2839 2320 ίσην
2879 2249 3002 2320 ἐμοὶ
3039 2247 3289 2320 ἀνδρείαν
3347 2249 3442 2301 καὶ
3477 2244 3765 2315 εὐτολμίαν

2180 2341 2545 2396 ἐνδείκνυσθαι
2580 2360 2594 2373 ο
2625 2340 2768 2394 οὕτω
2795 2341 2905 2413 γὰρ
2940 2339 3203 2412 λήψονται
3222 2338 3291 2393 τὰ
3314 2339 3412 2410 τῆς
3438 2337 3594 2410 νίκης
3624 2335 3761 2408 βρα-

2180 2433 2320 2488 δεῖα.

2249 2697 2360 2750 Καὶ
2388 2697 2538 2750 ὅπου
2567 2692 2683 2764 ειμὶ
2711 2692 2847 2764 ἐγὼ,
2873 2691 3003 2746 ἐκεῖ
3028 2691 3127 2744 καὶ
3161 2691 3195 2744 ὁ
3212 2687 3494 2752 διάκονος
3529 2687 3563 2740 ό
3619 2683 3762 2754 ἐμὸς

2177 2789 2348 2844 ἔσται
2359 2829 2372 2842 .

2247 2883 2356 2937 Καὶ
2376 2881 2563 2952 ἐπειδὴ
2593 2883 2622 2935 ὁ
2651 2881 2753 2952 τῆς
2785 2878 2942 2950 δόξης
2965 2877 3228 2950 ἀρχηγὸς,
3256 2872 3318 2930 ού
3340 2870 3426 2929 διά
3459 2866 3618 2944 δόξης
3665 2869 3762 2924 καὶ

2176 2974 2387 3046 τρυφῆς
2418 2973 2676 3037 ὥδευσεν,
2714 2971 2850 3027 ἀλλά
2873 2970 2962 3026 διὰ
3005 2968 3230 3041 ἀτιμίας
3259 2968 3357 3023 καὶ
3398 2966 3577 3020 πόνων
3605 2981 3620 2996 ο
3665 2963 3762 3018 οὖα

2178 3086 2256 3122 τω
2278 3068 2359 3122 δεῖ
2388 3067 2486 3122 καὶ
2511 3069 2658 3139 ἡμᾶς
2688 3067 2914 3130 ἀλύπως
2961 3067 3157 3130 ποιεῖν,
3197 3064 3286 3117 ἵνα
3321 3063 3400 3124 είς
3450 3060 3543 3114 τὸν
3596 3057 3766 3112 αὐτὸν

2177 3162 2339 3215 τόπον
2366 3161 2816 3230 καταντήσωμεν,
2839 3157 2936 3211 καὶ
2963 3157 3062 3226 τῆς
3105 3154 3257 3218 θείας
3281 3152 3640 3224 μετάσχωμεν
3675 3147 3766 3202 δό-

497 3235 635 3287 riam
685 3237 1102 3307 participemus.
1143 3239 1333 3312 Ecquo
1361 3259 1494 3298 vero
1541 3245 1751 3303 honore
1776 3223 1926 3319 digni
1957 3223 2072 3308 vsu-

2179 3251 2294 3322 ξης.
2319 3253 2484 3309 Ποίας
2511 3250 2568 3303 δὲ
2597 3223 2736 3315 ἀξιοί
2760 3251 2928 3319 ἐσμεν
2952 3223 3137 3318 τιμῆς,
3165 3247 3215 3298 οἱ
3372 3243 3647 3311 ἀξιοῦντες
3689 3239 3767 3295 τὰ

498 3345 643 3390 mus,
678 3327 772 3396 qui
799 3330 992 3386 eadem
1027 3346 1152 3387 cum
1190 3333 1424 3390 Domino
1450 3346 1641 3392 nostro
1675 3342 1883 3410 perpeti
1916 3344 2078 3399 nolu-

491 3418 666 3470 mus?
707 3418 967 3478 Fortasse
1015 3439 1146 3480 vero
1188 3427 1334 3495 quod
1384 3427 1577 3494 dixit,
1625 3427 1761 3486 «Ubi
1792 3449 1893 3504 ego
1915 3451 2072 3502 sum,

497 3509 572 3564 ibi
613 3524 666 3566 et
705 3514 955 3572 minister
985 3534 1141 3575 meus
1172 3533 1326 3588 esto,
1371 3541 1390 3574 ι
1436 3539 1544 3579 non
1581 3525 1792 3590 locum,
1827 3529 1922 3585 sed
1953 3547 2106 3587 mo-'

415 3656 435 3668 κ
495 3598 626 3654 dum
656 3603 878 3661 virtutis
906 3606 1190 3679 intelligit;
1222 3611 1278 3666 in
1300 3611 1506 3683 quibus
1529 3615 1677 3670 visus
1705 3624 1790 3670 est
1817 3617 2072 3678 Christus

495 3701 794 3761 praestare,
853 3697 909 3752 in
963 3699 1155 3757 iisdem
1196 3703 1401 3760 debent
1439 3707 1652 3761 versari
1687 3709 1779 3778 qui
1818 3725 1942 3766 eum
1984 3729 2070 3768 se-

493 3794 744 3853 quuntur
765 3830 780 3853 ,
810 3805 918 3844 non
950 3792 1004 3846 in
1044 3797 1426 3867 prserogativis
1458 3800 1661 3856 divinis
1685 3840 1700 3864 ,
1738 3802 2071 3876 homineque

495 3877 819 3947 majoribus.
852 3881 1039 3953 Neque
1065 3887 1213 3940 enim
1247 3888 1301 3942 in
1333 3899 1604 3958 potestate
1637 3895 1877 3952 hominis
1901 3897 2064 3951 situm

493 3975 581 4022 est
609 3984 798 4024 verum
825 3979 880 4026 et
914 3981 1110 4029 natura
1144 3975 1312 4032 Deum
1345 3979 1548 4037 imitari
1584 4003 1598 4041 :
1645 3985 1741 4042 sed
1779 3986 1832 4042 in
1867 3987 2068 4057 quibus

494 4062 766 4132 contingit
792 4063 1031 4122 hominis
1055 4080 1310 4125 naturam
1346 4089 1514 4143 posse
1542 4080 1788 4136 eminere
1809 4122 1822 4148 ,
1865 4096 1973 4134 non
2014 4081 2070 4135 in

494 4151 756 4210 sedandis
791 4158 963 4212 maris
1000 4163 1419 4231 tempestatibus
1447 4205 1460 4229 ,
1501 4175 1555 4222 et
1595 4169 1722 4224 aliis
1769 4171 1820 4225 id
1855 4186 2027 4240 genus
2052 4209 2068 4234 .

493 4247 589 4301 sed
639 4247 694 4301 in
741 4247 1078 4307 demissione
1115 4254 1288 4308 animi
1334 4264 1388 4311 et
1423 4261 1850 4316 mansuetudine
1877 4299 1893 4328 ,
1921 4273 1975 4318 et
2014 4264 2069 4317 in

493 4337 736 4396 ferendis
767 4343 1006 4412 injuriis.

563 4427 654 4482 Xll
674 4469 690 4496 ,
720 4432 811 4489 27.
847 4431 1005 4488 Nunc
1037 4437 1218 4490 anima
1249 4451 1364 4490 mea
1400 4437 1615 4493 turbata
1645 4450 1744 4496 est.

2181 3342 2273 3396 ίσα
2314 3339 2392 3410 τῷ
2443 3339 2686 3410 Δεσπότῃ
2713 3337 2941 3402 παθεῖν;
2989 3336 3142 3404 Τάχα
3172 3334 3230 3388 δέ
3273 3333 3462 3412 είπςυν,
3520 3349 3540 3384 ι
3583 3331 3765 3384 Ὅπου

2177 3433 2295 3504 εἰμὶ
2322 3430 2452 3501 ἐγὼ,
2478 3431 2596 3483 ἐκεῖ
2622 3431 2758 3482 καὶὸ
2788 3427 3036 3489 διάκονος
3061 3429 3089 3480 ὁ
3106 3425 3239 3496 ἐμὸς
3262 3425 3423 3485 ἔστω,
3453 3441 3471 3474 ι
3505 3422 3564 3476 οὐ
3590 3421 3766 3474 τόπον

2175 3523 2346 3590 λέγει,
2381 3519 2518 3574 ἀλλά
2544 3518 2743 3591 τρόπον
2770 3517 2972 3589 ἀρετῆς
2992 3534 3005 3547 ·
3036 3516 3096 3570 ἐν
3122 3510 3205 3579 οἷς
3238 3514 3349 3583 ἐγὼ
3394 3512 3582 3583 ὤφθην
3623 3512 3765 3582 Χρι-

2177 3615 2301 3676 στὸς
2324 3612 2660 3683 διαπρέπων,
2699 3613 2755 3664 ἐν
2787 3612 2899 3673 τοῖς
2931 3611 3112 3669 αὐτοῖς
3133 3606 3441 3676 ὀφείλουσιν
3491 3599 3630 3658 εῖναι
3663 3601 3765 3656 καὶ

2176 3707 2224 3760 oi
2243 3704 2388 3776 αὑτῷ
2418 3703 2856 3768 ἀκολουθοῦντες,
2883 3703 2981 3756 οὐκ
3007 3703 3062 3756 ἐν
3079 3704 3190 3764 τοῖς
3214 3698 3574 3770 θεοπρεπέσιν
3604 3694 3765 3763 ἀξιώ-

2181 3813 2312 3868 μασι
2335 3797 2428 3850 καὶ
2457 3794 2570 3859 τοῖς
2601 3795 2742 3865 ὑπὲρ
2768 3794 3071 3865 ἄνθρωπον.
3120 3793 3196 3846 Οὐ
3242 3790 3351 3862 γὰρ
3393 3788 3614 3843 δυνατὸν
3666 3788 3764 3841 ἀν-

2177 3887 2381 3960 θρώπῳ
2403 3888 2494 3941 τὸν
2521 3887 2695 3958 ἀληθῆ
2727 3887 2822 3940 καὶ
2848 3885 3006 3954 φύσει
3043 3885 3176 3938 Θεὸν
3206 3881 3549 3954 μιμήσασθαι
3581 3897 3595 3910 ·
3628 3877 3763 3934 ἀλλ’

2173 3982 2231 4034 ἐν
2266 3974 2349 4043 οἷς
2375 3979 2647 4050 ἐνδέχεται
2680 3979 2778 4049 τὴν
2805 3976 3091 4048 ἀνθρώπου
3141 3975 3463 4046 διαπρέπειν
3496 3970 3762 4026 δύνασθαι

2173 4073 2357 4143 φύσιν,
2408 4074 2509 4127 οὒκ
2559 4074 2616 4125 ἐν
2650 4071 2728 4142 τῷ
2773 4069 3025 4142 χαλινοῦν
3078 4068 3350 4122 θάλασσαν
3381 4068 3476 4120 καὶ
3501 4064 3571 4118 τά
3595 4065 3762 4134 ὃμοια

2173 4171 2368 4235 ποιεῖν,
2441 4165 2554 4219 ἀλλ’
2604 4166 2662 4218 ἐν
2702 4162 2781 4234 τῷ
2820 4158 2959 4216 εἶναι
2992 4160 3280 4224 ταπεινοὺς
3307 4159 3402 4212 καὶ
3425 4157 3634 4229 πράους
3661 4155 3760 4208 καὶ

2173 4260 2440 4332 φέροντας
2479 4254 2685 4328 ὕϐρεις.

2246 4439 2376 4492 Νῦν
2413 4437 2451 4503 ἠ
2489 4435 2660 4505 ψυχή
2688 4451 2806 4504 μου
2835 4433 3203 4501 τετάρακται.

563 4524 858 4581 Enimvero
893 4527 997 4581 etsi
1031 4537 1295 4600 tanquam
1332 4529 1500 4584 homo
1523 4531 1784 4590 Christus
1819 4537 2072 4592 turbatur

2248 4529 2394 4597 Πλὴν
2424 4530 2473 4582 εί
2497 4528 2593 4580 καὶ
2619 4527 2695 4590 ὡς
2721 4525 3008 4595 ἄνθρωπος
3035 4523 3064 4574 ὁ
3091 4519 3328 4591 Χριστὸς
3351 4517 3660 4631 θορυῗεῖται
3685 4517 3754 4616 τῇ

493 4617 689 4672 mortis
723 4617 1078 4688 cogitatione,
1109 4629 1351 4677 attamen
1381 4633 1640 4693 tanquam
1684 4625 1823 4682 Deus
1851 4643 1918 4683 ex
1948 4644 2072 4698 per-

495 4706 809 4762 turbatione
848 4709 938 4762 illa
975 4709 1053 4762 'ad
1092 4709 1349 4764 fiduciam
1382 4711 1566 4765 statim
1595 4715 1780 4778 venit,
1822 4724 1876 4770 et
1922 4717 2070 4788 quod

494 4799 689 4853 timore
709 4808 1046 4855 commotum
1077 4810 1182 4864 est,
1217 4801 1282 4855 ad
1317 4805 1661 4872 praesentiam
1687 4806 1852 4862 animi
1887 4810 2074 4866 tradu-

495 4890 589 4943 cit.
627 4891 1068 4946 Existimandum
1099 4899 1184 4946 est
1211 4897 1356 4946 enim
1388 4894 1552 4949 etiam
1603 4896 1657 4950 in
1695 4897 1816 4968 ipso
1845 4900 2072 4957 Christo

493 4991 548 5037 et
588 4981 880 5038 Servatore
930 4983 1328 5037 humanitatem
1381 5000 1508 5040 esse
1552 4997 1882 5045 commotam
1942 5008 2072 5062 pro-

496 5083 620 5143 pter
650 5076 789 5130 duos
832 5083 886 5128 et
928 5075 1275 5129 necessarios
1313 5078 1526 5136 modos.
1579 5081 1795 5154 Quippe
1843 5097 2070 5156 oporte-

495 5167 589 5220 liot
617 5175 674 5220 et
718 5181 815 5235 per
855 5167 955 5220 hos
987 5166 1167 5234 ipsum
1207 5182 1316 5221 non
1340 5169 1602 5241 Opinione
1643 5188 1708 5229 ac
1755 5178 2073 5247 suspicione

495 5259 796 5320 duntaxat,
840 5259 935 5312 sed
969 5261 1154 5328 potius
1185 5262 1515 5319 naturaliter
1542 5274 1596 5320 et
1629 5283 1759 5324 vere
1793 5269 2068 5328 hominem

493 5370 557 5407 ex
590 5352 816 5407 muliere
845 5360 1028 5404 natum
1060 5351 1234 5406 videri
1261 5394 1272 5418 ,
1310 5356 1494 5409 omnia
1531 5357 1770 5414 humana
1805 5363 2071 5418 ferentem

495 5445 616 5499 sine
651 5451 895 5512 peccato.
931 5442 1118 5497 Timor
1145 5446 1289 5499 enim
1324 5455 1376 5501 et
1414 5445 1650 5506 formido
1679 5459 1810 5506 sunt
1846 5461 2072 5510 natura-

499 5538 574 5590 les
599 5535 757 5590 nohis
791 5537 1266 5606 perturbationes,
1305 5555 1426 5609 qua:
1462 5542 1516 5595 in
1550 5559 1839 5597 numerum
1875 5561 2072 5614 prcca-

499 5640 676 5680 turum
729 5632 842 5682 non”
885 5632 1134 5684 veniunt.
1169 5629 1436 5687 Praeterea
1471 5634 1636 5687 etiam
1673 5635 1881 5690 utiliter
1920 5653 2071 5692 com-

499 5717 859 5770 movebantur
883 5719 1120 5773 humana
1159 5719 1212 5774 in
1251 5718 1476 5776 Christo
1514 5722 1634 5777 sine
1671 5734 1930 5792 peccato,
1960 5741 2069 5781 non

503 5820 556 5860 at
611 5820 884 5866 commota
952 5816 1345 5869 rolmrat'mitur
1399 5823 1446 5868 ct
1505 5816 1648 5868 ultra
1688 5817 2046 5886 ptimfcdt't'cnt

2174 4621 2266 4675 τοῦ
2297 4617 2527 4676 θανάτου
2557 4620 2768 4689 μνήμῃ,
2800 4614 2914 4667 ἀλλ’
2946 4614 3021 4676 ὼς
3064 4611 3216 4676 Θεὺς,
3262 4608 3619 4679 κεκινημένου
3655 4603 3756 4659 τοῦ

2173 4713 2401 4775 πάθους,
2434 4710 2572 4782 πρὸς
2612 4708 2812 4778 θάρσος
2842 4705 3002 4766 εὐθὺς
3039 4699 3424 4768 παραγίνεται,
3464 4699 3558 4752 καὶ
3617 4695 3759 4768 πρὸς

2173 4803 2464 4875 εὐτολμίαν
2501 4798 2843 4873 μεταμορφοῖ
2868 4796 2928 4848 τὸ
2959 4796 3025 4865 τῇ
3055 4792 3226 4882 δειλία
3263 4790 3504 4882 νικηθὲν.
3556 4787 3755 4860 Οίησόο

2178 4897 2318 4969 μεθα
2337 4894 2445 4967 γὰρ
2473 4893 2570 4946 καὶ
2593 4893 2650 4945 ἐν
2684 4887 2833 4958 αύτῷ
2857 4886 2936 4955 τῷ
2960 4880 3180 4956 Χριστῷ
3210 4884 3305 4937 καὶ
3343 4880 3555 4951 Σωτῆρι
3603 4894 3758 4969 κεκι-

2173 4968 2367 5060 νῆσθαι
2391 4985 2460 5039 τὰ
2490 4980 2803 5051 ἀνθρώπεια
2843 4977 2930 5030 διά
2979 4974 3072 5027 δύο
3129 4974 3223 5027 καὶ
3267 4970 3596 5040 ἀναγκαίους
3630 4968 3756 5040 τρό-

2174 5097 2329 5142 πους.
2365 5076 2515 5130 Ἔδει
2539 5073 2668 5144 γὰρ,
2688 5070 2794 5123 ἔδει
2824 5068 2919 5122 καὶ
2939 5067 3029 5122 διὰ
3061 5065 3264 5120 τούτων
3304 5063 3469 5118 αὑτὸν
3497 5062 3556 5113 οὺ
3589 5060 3754 5128 δοκή-

2175 5191 2258 5226 σει
2278 5172 2372 5225 κα“ι
2405 5165 2652 5235 ὑπονοίᾳ,
2683 5160 2929 5232 φυσικῶς
2961 5159 3017 5212 δὲ
3055 5157 3252 5230 μᾶλλον
3280 5155 3375 5209 καὶ
3416 5151 3632 5222 ἀληθῶς
3660 5149 3757 5204 ἀν-

2175 5265 2392 5334 θρωπον
2421 5261 2486 5312 ἐκ
2515 5253 2772 5326 γυναικὸς
2803 5252 3063 5320 γεγονότα
3089 5245 3400 5318 φαίνεσθαι,
3445 5245 3623 5298 πάντα
3659 5240 3757 5334 epif-

2179 5333 2338 5428 ροντα
2365 5352 2434 5406 τὰ
2458 5347 2793 5420 ἀνθρώπινα,
2837 5345 2959 5415 δίχα
3014 5340 3307 5413 ἁμαρτίας.
3357 5337 3524 5401 Φόὸος
3564 5336 3624 5390 δέ
3651 5333 3758 5428 ’καὶ

2173 5425 2362 5510 δειλία,
2381 5442 2527 5511 πάθη
2550 5439 2647 5511 μὲν
2677 5439 2810 5508 ἡμῖν
2832 5435 3058 5507 φυσικὰ,
3083 5433 3143 5486 τό
3165 5449 3229 5500 γε
3260 5429 3367 5502 μὴν
3381 5431 3437 5482 ἐν
3458 5425 3754 5497 ἁμαρτίαις

2173 5536 2430 5608 τετάχθαι
2463 5530 2882 5600 διαπεφευγότα.
2925 5527 3034 5580 Καὶ
3069 5524 3204 5595 πρὸς
3225 5523 3456 5622 τούτοις,
3505 5519 3585 5572 ἔτι
3624 5533 3758 5622 ἔρη-

2177 5631 2228 5682 σί
2237 5647 2349 5699 μως
2369 5627 2676 5680 ύπεκινεῖτο
2707 5623 2802 5676 καὶ
2821 5623 2878 5674 ἐν
2901 5616 3122 5689 Χριστῷ
3145 5615 3212 5669 τά
3263 5611 3580 5683 ἀνθρώπινα
3630 5609 3757 5678 δίχα

2175 5721 2469 5792 ἁμαρτίας,
2499 5718 2594 5786 οὐχ
2625 5717 2712 5770 ἵνα
2738 5715 2806 5768 τὰ
2831 5711 3118 5780 κινηθέντα
3163 5707 3520 5778 κρατύνηται,
3553 5702 3648 5756 καὶ
3673 5701 3753 5763 εἰς

2176 5817 2233 5870 τὺ
2266 5815 2448 5884 πρότω
2472 5816 2639 5883 χωρῇ.
2676 5805 2925 5867 καθάπερ
2961 5802 3057 5854 καὶ
3084 5803 3165 5870 ἐφ’
3199 5801 3374 5870 ἡμῶν,
3404 5795 3527 5850 ἀλλ’
3557 5794 3645 5847 ἵνα
3668 5806 3752 5845 κε-
