4104 6432
343 373 418 432 83
1130 373 1199 428 ΙΝ
1235 374 1577 432 JOANNEM.
1619 409 1681 420 —
1713 377 1845 434 LIB.
1890 378 1974 434 VII
2018 377 2106 433 ET
2150 379 2261 434 Vili
2304 376 2746 438 FRAGMENTA.
3530 355 3611 438 ‘90

342 493 638 564 κινημένα,
667 495 734 564 τῇ
761 491 858 546 τοῦ
893 493 1051 561 λόγου
1091 491 1318 563 δυνάμει
1363 494 1746 566 διακόπτηται,
1797 493 1923 566 πρὸς

2038 504 2098 548 ιιι
2130 493 2292 567 705,
2321 496 2376 551 in
2411 497 2573 554 nobis
2599 497 2937 565 assolet,sed
2971 505 3028 552 ut
3057 513 3326 554 concussa
3355 497 3406 552 vi
3439 497 3612 551 ratio-

338 585 556 655 ἀμείνω
576 584 698 638 τινὰ
719 583 810 638 καὶ
840 582 1118 655 θειοτέραν
1146 583 1473 655 μετάστασιν
1499 599 1934 656 μεταστοιχειου-

343 675 522 746 μένης
545 674 644 743 τῆς
672 673 888 741 φύσεως
920 669 978 726 ὲν
1000 674 1201 745 πρώτῳ
1230 673 1450 746 Χριστῷ
1475 693 1489 705 ·
1516 671 1585 746 ἦν
1623 675 1732 746 γὰρ
1762 674 1934 738 οὕτως

342 766 435 819 καὶ
469 766 571 835 οὐχ
600 765 804 834 ἑτέρως
828 765 924 818 καὶ
949 766 1028 828 είς
1049 766 1196 835 ἡμᾶς
1223 767 1421 830 αὐτοὺς
1444 766 1690 836 διαϐῆναι
1721 765 1810 819 τὸν
1836 766 1934 834 τῆς

346 857 548 920 ἰάσεως
573 857 796 929 τρόπον.
855 857 942 910 Ἐν
973 857 1080 929 γὰρ
1106 859 1327 928 άπαρχῇ
1361 857 1581 929 Χριστῷ
1621 859 1702 921 είς
1751 855 1934 911 καινό-

342 964 483 1018 τητα
513 947 684 1018 ζωῆς,
707 949 741 1018 ἠ
779 947 1065 1020 ἀνθρώπου
1095 949 1256 1019 φύσις
1280 951 1634 1020 ἀνεκομίζετο
1663 965 1679 980 ⁸
1703 950 1760 1003 ὲν
1785 947 1935 1020 αύτῷ

343 1040 401 1094 δὲ
435 1040 536 1095 καὶ
561 1040 633 1093 τὰ
675 1036 817 1112 ὑπὲρ
855 1041 1016 1110 φύσιν
1065 1041 1455 1112 ὲκερδάναμεν.
1497 1042 1595 1095 Atat
1630 1041 1740 1112 γὰρ
1776 1040 1933 1094 τοῦτο

345 1133 440 1185 καὶ
465 1129 724 1201 δεύτερος
762 1131 934 1203 Ἀδὰμ
956 1135 1376 1204 κατωνόμασται
1406 1135 1556 1206 παρὰ
1592 1135 1715 1199 ταῖς
1759 1134 1934 1199 θείαις

345 1225 618 1296 Γραφαῐς.
652 1223 864 1297 Ὠσπερ
891 1227 949 1281 δὲ
977 1229 1053 1291 ὡς
1078 1227 1363 1300 ἄνθρωπος
1384 1229 1635 1282 ὲπείνασε
1675 1227 1770 1282 καὶ
1813 1229 1934 1282 ἑκο-

340 1317 565 1384 πίασεν,
589 1313 733 1372 οὕτω
764 1319 857 1373 καὶ
879 1319 971 1372 τὸν
1001 1321 1065 1372 ὲκ
1093 1319 1186 1372 τοῦ
1205 1319 1411 1383 πάθους
1443 1318 1658 1391 δέχεται
1681 1318 1930 1390 θόρυϐον,

339 1409 421 1473 ὡς
468 1407 834 1481 ἀνθρώπινον.
873 1411 1212 1482 Ταράττεται
1261 1409 1319 1463 δὲ
1368 1411 1464 1481 οὐχ
1517 1405 1706 1482 ὥσπερ
1749 1410 1929 1482 ἡμεῖς,

338 1501 460 1554 ἀλλ’
485 1503 612 1555 ὅσον
645 1504 726 1566 είς
757 1501 1011 1574 αἴσθησιν
1051 1503 1212 1572 μόνον
1244 1502 1608 1574 ὑπενεχθῆναι
1655 1500 1749 1558 τοῦ
1787 1505 1931 1574 πρά-

336 1606 578 1664 γματος,
618 1589 741 1648 εἶτα
755 1593 918 1649 πάλιν
945 1595 1025 1658 είς
1049 1594 1148 1668 τὴν
1177 1595 1356 1666 ὲαυτῷ
1396 1594 1712 1667 πρέπουσαν
1749 1597 1933 1650 εὐτολ-

339 1687 476 1756 μίαν
515 1686 819 1757 ἀναπηδᾷν.
859 1687 956 1740 Ἐκ
979 1686 1184 1741 τούτων
1213 1687 1455 1758 δηλονότι
1476 1689 1570 1741 καὶ
1595 1687 1772 1760 ψυχὴν
1816 1684 1931 1760 εἶχε

331 1779 590 1849 λογικήν.
629 1779 841 1849 Ὠσπερ
860 1777 969 1850 γὰρ
994 1778 1070 1849 τῷ
1098 1778 1352 1850 πεινῆσαι
1378 1779 1595 1851 τυχὸνῆ
1623 1777 1795 1852 ἑτέρῳ
1821 1779 1929 1833 τινὶ

2037 586 2122 643 nis
2164 588 2617 654 retardarentur,
2668 600 3037 645 transmutata
3077 592 3132 646 in
3172 592 3351 662 primo
3385 590 3612 646 Christo

2036 678 2102 734 ad
2135 681 2412 736 meliorem
2443 682 2760 753 quemdam,
2781 691 2833 738 et
2854 683 3179 739 diviniorem
3214 692 3416 739 statum
3442 688 3609 738 natu-

2034 781 2094 823 ra
2123 785 2136 824 :
2170 769 2274 826 hoc
2306 773 2505 842 quippe
2536 773 2700 827 modo
2731 781 2785 829 et
2819 789 2929 828 non
2969 774 3082 828 alio
3106 814 3120 838 ,
3155 774 3381 829 remedii
3414 771 3610 826 modus

2035 862 2101 917 ad
2137 878 2239 918 nos
2283 863 2435 934 ipsos
2479 865 2720 920 transire
2755 873 2992 934 poterat.
3034 865 3247 921 Etenim
3281 873 3472 920 natura
3507 865 3612 920 hoc

2034 951 2199 1010 minis
2227 953 2281 1008 in
2320 953 2541 1008 Christo
2571 939 2644 1008 ad
2677 956 3027 1010 novationem
3060 956 3186 1012 vitae
3216 956 3383 1011 veluti
3413 958 3610 1027 primi.

2033 1045 2122 1099 tiae
2159 1045 2490 1101 oﬂ'erebatur
2521 1064 2533 1101 :
2568 1047 2738 1117 inque
2769 1047 2890 1118 ipso
2922 1057 2976 1103 et
3009 1065 3131 1119 quze
3155 1058 3286 1105 sunt
3323 1067 3486 1122 supra
3519 1068 3612 1108 na-

2033 1141 2213 1189 turam
2256 1136 2456 1191 lucrati
2490 1151 2707 1192 sumus.
2754 1133 2889 1192 Nam
2923 1146 3149 1209 pmpter
3191 1138 3294 1194 hoc
3327 1152 3382 1196 et
3411 1157 3612 1196 secun-

2033 1228 2139 1283 dus
2183 1227 2357 1283 Adam
2402 1229 2714 1299 appellatus
2761 1236 2846 1284 est
2901 1230 2955 1284 in
3017 1229 3222 1287 divinis
3280 1230 3607 1303 Scripturis.

2032 1315 2500 1384 Quemadmodum
2524 1334 2656 1374 vero
2683 1327 2943 1390 tanquam
2976 1320 3141 1376 homo
3173 1321 3368 1376 esuriit
3404 1331 3456 1378 et
3498 1323 3610 1378 Ias-

2031 1406 2274 1462 situdine
2304 1407 2530 1471 defecit,
2561 1409 2644 1464 sic
2669 1415 2725 1464 et
2754 1421 2817 1463 ex
2851 1409 3108 1478 passione
3137 1410 3373 1483 suscipit
3406 1413 3612 1468 tumul-

2031 1506 2180 1561 tum,
2214 1505 2273 1554 ut
2301 1498 2604 1554 humanum
2635 1499 2790 1570 quid.
2822 1495 3259 1558 Perturbabatm'
3287 1511 3468 1558 autem
3501 1519 3610 1558 non

2031 1589 2176 1645 sicut
2193 1605 2316 1657 nos,
2341 1591 2434 1647 sed
2453 1603 2681 1648 eatenus
2699 1592 2984 1654 duntaxat.
3001 1602 3061 1648 ut
3081 1608 3248 1651 sensu
3268 1589 3345 1650 rei
3363 1593 3610 1650 nonnihil

2030 1691 2370 1755 tangeretur,
2396 1683 2596 1738 deinde
2629 1684 2815 1739 Statim
2848 1683 2915 1738 ad
2947 1684 3167 1753 dignam
3202 1686 3288 1741 sui
3325 1680 3610 1740 conﬁden-

2031 1774 2164 1828 tiam
2191 1774 2417 1830 rediret.
2457 1773 2535 1828 Ex
2561 1772 2647 1828 his
2683 1775 2874 1844 utique
2913 1783 3064 1844 patet
3090 1789 3216 1829 eum
3253 1775 3491 1828 animam
3521 1789 3610 1828 ra-

332 1842 733 1924 τῶντοιούτων
773 1842 1114 1942 περιπεσεῖν,
1163 1842 1295 1925 ίδιον
1344 1842 1685 1943 ἧς”σαρκὸς
1715 1842 1923 1936 πάθος,

2034 1866 2293 1922 tionalem
2320 1866 2602 1922 habuisse.
2625 1863 2696 1921 Ut
2729 1842 2875 1921 enim
2904 1842 2958 1920 in
2982 1865 3339 1922 esuritionem
3368 1875 3497 1937 puta
3524 1864 3610 1920 vel

332 1961 484 2015 οὕτω
505 1963 602 2015 καὶ
627 1961 690 2014 τὸ
714 1961 1077 2032 ταράττεσθαι
1108 1961 1197 2015 διὰ
1237 1963 1456 2033 μνήμης
1495 1962 1598 2033 τῆς
1648 1962 1758 2017 τῶν
1819 1963 1928 2018 δει-

331 2050 466 2112 νῶν,
497 2049 682 2121 ψυχῆς
712 2049 779 2104 ἂν
816 2051 900 2122 εἴη
928 2049 1099 2114 πάθος
1145 2051 1247 2120 τῆς
1297 2050 1542 2122 λογικῆς,
1592 2045 1740 2126 ᾖκαὶ
1792 2052 1930 2126 μόνῃ

332 2144 471 2212 ἡμῖν
491 2142 581 2196 διὰ
604 2141 715 2195 τῶν
745 2135 1100 2214 ἐνθυμήσεων
1134 2142 1538 2214 έπεισκρίνεται
1576 2145 1783 2216 μνήμῃ.
1815 2143 1890 2198 Οὔ
1908 2175 1926 2186 ο

330 2250 425 2286 πω
447 2232 561 2304 γάρ
590 2234 649 2286 ὲν
676 2233 827 2304 αὐτῷ
851 2233 933 2304 τῷ
957 2232 1176 2306 σταυρῷ
1199 2233 1426 2304 γέγονεν
1455 2236 1484 2287 ό
1505 2236 1760 2308 Χριστός.
1795 2237 1929 2307 Epd-

330 2341 481 2393 ωρον
503 2319 600 2378 οὖν
634 2324 894 2396 ὑπομένει
916 2327 1007 2378 τὸν
1036 2325 1285 2398 θόρυϐον,
1313 2327 1810 2398 προαναθεωρήσας
1833 2328 1928 2401 δη-

331 2415 512 2468 λονότι
546 2415 610 2469 τὸ
636 2415 850 2487 μέλλον,
874 2418 968 2470 καὶ
991 2417 1068 2488 τῷ
1095 2418 1342 2489 λογισμῷ
1379 2419 1514 2489 πρὸς
1543 2418 1642 2490 τὴν
1674 2417 1785 2472 τῶν
1805 2419 1926 2471 ὲσοο

336 2506 520 2576 μένων
557 2508 780 2580 μνήμην
827 2507 1164 2579 ὑπενεχθείς.
1206 2509 1280 2562 Τὸ
1311 2510 1422 2580 γὰρ
1446 2509 1546 2581 τῆς
1580 2509 1781 2574 δειλίας
1823 2509 1929 2564 πά-

333 2596 450 2659 θος,
486 2595 613 2649 οὔτε
638 2598 736 2667 τῆς
774 2597 1022 2662 ἀπαθοῦς
1041 2599 1289 2670 εἴποιμεν
1323 2598 1596 2670 θεότητος,
1649 2599 1775 2653 οὔτε
1820 2598 1926 2672 μὴν

331 2687 438 2756 τῆς
458 2689 664 2758 σαρκός
697 2706 712 2720 ο
742 2689 1018 2760 λογισμῶν
1049 2691 1159 2763 γάρ
1190 2693 1307 2744 ἐστι
1329 2691 1530 2763 ψυχῆς,
1576 2693 1672 2746 καὶ
1703 2693 1764 2746 ού
1791 2710 1924 2764 σαρ-

332 2779 430 2842 κὸς
458 2779 521 2832 τὸ
549 2781 740 2844 πάθος.
778 2780 840 2834 Ei
863 2782 920 2835 δὲ
951 2783 1124 2836 καὶτὸ
1147 2782 1339 2852 ἄλογον
1373 2783 1495 2854 ἔχον
1536 2783 1717 2857 ψυχὴν
1767 2785 1928 2856 θορυο

334 2875 516 2930 δεῖται
560 2877 658 2929 καὶ
676 2878 1023 2948 ταράττεται,
1048 2877 1161 2932 ἀλλ’
1189 2880 1252 2932 οὐ
1285 2879 1374 2932 διὰ
1407 2877 1647 2952 μνήμης,
1676 2880 1797 2935 οὐδὲ
1834 2881 1926 2934 λοι·

333 2966 619 3039 γισμῷ,τὸ
645 2969 906 3039 ἐσόμενον
935 2970 1390 3040 προανασκοποῦν
1411 2973 1582 3036 πάθος
1608 2974 1700 3026 ἐπὶ
1725 2973 1926 3029 δειλίαν

331 3061 579 3130 ἔρχεται.
604 3060 720 3113 ἀλλ’
752 3063 879 3114 ὅταν
902 3061 1085 3126 αὐτοῖς
1106 3061 1311 3116 ἁλῶναι
1330 3063 1551 3134 γένηται
1571 3066 1683 3127 τοῖς
1711 3068 1920 3130 κακοῖς,

2030 1957 2178 2013 aliud
2203 1957 2473 2028 ejusmodi
2500 1957 2767 2023 incidere,
2797 1956 3019 2028 propria
3049 1959 3134 2013 est
3159 1957 3345 2012 carnis
3369 1951 3608 2023 affectio,

2029 2050 2110 2106 sic
2139 2057 2194 2105 et
2228 2050 2497 2105 malorum
2529 2048 2791 2105 memoria
2815 2065 2878 2104 ac
2909 2049 3240 2121 cogitatione
3276 2044 3609 2120 perturbari,

2029 2151 2260 2211 prorsus
2289 2142 2490 2196 anima:
2516 2140 2808 2195 rationalis
2835 2139 3050 2195 affectio
3075 2139 3260 2204 fuerit,
3286 2141 3430 2196 unde
3451 2139 3610 2195 nobis

2029 2249 2126 2305 per
2148 2235 2320 2289 solam
2346 2233 2664 2288 memoriam
2689 2239 2743 2288 et
2764 2233 3152 2304 cogitationem
3180 2249 3304 2288 sese
3327 2235 3610 2288 insinuare

2029 2328 2188 2382 solet.
2221 2325 2478 2382 Nondum
2508 2327 2655 2381 enim
2692 2326 2748 2380 in
2798 2325 2917 2397 ipsa
2959 2341 3127 2382 cruce
3171 2333 3290 2380 erat
3329 2323 3607 2382 Christus.

2027 2417 2196 2492 igitur
2214 2436 2561 2493 praepropere
2581 2432 2634 2476 et
2652 2418 3037 2490 intempestive
3060 2415 3474 2490 perturbatione
3496 2413 3612 2472 alli-

2028 2515 2193 2577 citur,
2230 2515 2577 2587 prospiciens
2609 2513 2871 2568 videlicet
2907 2512 3053 2583 quod
3088 2513 3331 2567 futurum
3367 2520 3521 2574 erat,
3553 2513 3612 2564 et

2027 2607 2241 2661 ratione
2280 2603 2346 2660 ad
2379 2605 2813 2676 impendentium
2849 2604 3173 2659 memoriam
3198 2601 3479 2673 abreptus.
3505 2596 3611 2655 Ne-

2027 2713 2135 2772 que
2166 2697 2310 2754 enim
2340 2698 2556 2753 timoris
2595 2692 3064 2768 perturbationem
3110 2705 3203 2750 aut
3246 2693 3301 2749 in
3345 2691 3608 2750 deitatem

2028 2791 2137 2862 pati
2185 2791 2460 2852 nesciam,
2514 2798 2609 2842 aut
2667 2790 2718 2844 in
2770 2803 2992 2844 carnem
3027 2788 3224 2842 cadere
3258 2787 3606 2853 dixerimus;

2026 2880 2230 2950 quippe
2247 2887 2328 2934 est
2349 2879 2462 2932 hzec
2483 2879 2717 2934 rationis
2734 2879 2902 2932 animi
2931 2887 2985 2932 et
3013 2894 3120 2933 non
3149 2879 3338 2934 carnis
3360 2877 3606 2934 aiiectio.

2026 2970 2182 3038 Quod
2222 2971 2267 3026 si
2293 2979 2343 3025 et
2379 2970 2432 3024 id
2460 2971 2606 3042 quod
2637 2970 3013 3026 irrationalem
3047 2969 3288 3024 animam
3322 2970 3490 3026 habet
3523 2980 3611 3024 tu-

2027 3063 2331 3116 multuatur
2358 3062 2522 3116 etiam
2555 3070 2607 3115 et
2639 3061 2916 3125 turbatur,
2946 3075 3054 3113 non
3083 3067 3266 3114 tamen
3300 3076 3370 3114 ex
3401 3075 3610 3114 metuo-

329 3149 456 3201 τότε
485 3148 583 3202 τοῦ
602 3150 870 3221 παρόντος
892 3151 1138 3204 κινδύνου
1159 3151 1407 3222 συλλέγει
1435 3153 1587 3223 μόλις
1608 3154 1706 3225 τὴν
1734 3153 1923 3226 αίσθη-

2030 3153 2110 3208 ria
2137 3197 2151 3218 ,
2197 3169 2375 3222 neque
2426 3168 2493 3207 ex
2531 3150 2956 3206 ratiocinatione
2985 3149 3233 3205 futurum
3259 3150 3609 3221 prospiciens

332 3257 438 3294 σιν.
481 3241 599 3294 Νῦν
627 3242 686 3294 δὲ
718 3245 748 3296 ό
780 3243 983 3314 Κύριος
1011 3242 1341 3315 θορυϐεῖται,
1361 3245 1461 3299 οὐκ
1497 3245 1556 3313 ἐξ
1598 3242 1674 3299 ὧν
1713 3247 1922 3318 βλέπει,

330 3329 533 3401 ἀλλ’ὲξ
559 3330 636 3390 ὧν
669 3337 1006 3405 ἐνθυμεῖται,
1053 3336 1148 3389 καὶ
1185 3336 1245 3401 ἐξ
1294 3331 1370 3390 ὧν
1420 3338 1715 3410 προσδοκᾷ.
1773 3338 1926 3392 Ἀλλ’

331 3433 452 3485 οὐδὲ
489 3429 646 3484 εἶπεν
666 3430 696 3482 ὁ
718 3427 974 3499 Χριστὸς,
1017 3428 1080 3481 Ἦ
1102 3427 1240 3497 σάρξ
1274 3445 1374 3499 μου
1413 3430 1764 3500 τετάρακται,
1797 3429 1926 3484 ἀλλ’

339 3543 357 3573 ι
376 3524 446 3576 Ἥ
475 3522 625 3593 ψυχή
653 3537 807 3591 μου.»
838 3518 939 3589 τὴν
962 3517 1072 3573 τῶν
1100 3517 1484 3589 αἱρετιζόντων
1502 3519 1758 3575 ὑπόνοιαν
1779 3533 1923 3591 παρ-

329 3615 668 3685 ωθούμενος.
696 3613 759 3666 El
783 3612 841 3666 δὲ
874 3611 966 3666 καὶ
987 3613 1045 3666 ἐν
1077 3607 1145 3682 τῇ
1179 3611 1388 3682 Παλαιᾷ
1413 3613 1606 3682 φήσεις
1628 3610 1763 3684 πρὸς
1791 3613 1923 3667 Ἰου-

328 3705 516 3768 δαίους
556 3703 664 3757 ὑπὸ
683 3701 818 3757 Θεοῦ
851 3701 1124 3772 εἰρῆσθαι,
1162 3719 1181 3753 ι
1218 3702 1330 3766 Τὰς
1355 3702 1550 3774 ἑορτὰς
1587 3703 1743 3774 ὑμῶν
1771 3706 1924 3774 μισεῖ

329 3797 540 3881 ἡψυχὴ
582 3813 684 3866 μου
720 3811 736 3828 ο
771 3813 789 3846 ι
843 3792 1077 3866 ἐροῦμεν
1123 3793 1199 3858 ὡς
1235 3797 1351 3858 τοῖς
1403 3795 1700 3866 ἡμετέροις
1742 3795 1922 3850 ἔθεσιν

329 3890 714 3960 ἀποκέχρηται
749 3887 950 3960 μᾶλλον
974 3886 1062 3940 διά
1082 3886 1181 3959 τὴν
1215 3887 1352 3959 πρὸς
1399 3888 1547 3958 ἡμᾶς
1574 3888 1922 3957 συγκατάσα-

330 3997 441 4043 σιν,
463 3980 660 4050 ὥσπερ
692 3980 787 4033 καὶ
815 3977 1100 4048 πρόσωπον
1130 3979 1222 4030 καὶ
1245 3977 1558 4047 ὀφθαλμοὺς
1587 3979 1682 4031 καὶ
1714 3979 1783 4032 τὰ
1810 3977 1921 4032 λοι-

329 4075 408 4128 πά
443 4075 627 4128 πάντα
658 4071 794 4142 μέλη
847 4070 1150 4143 προσάπτει
1198 4069 1277 4140 τῷ
1310 4070 1588 4140 ἀσωμάτῳ
1633 4088 1918 4142 καταχρη-

331 4166 540 4228 στικῶς
572 4181 588 4197 ο
621 4163 758 4234 μετά
778 4161 837 4216 δὲ
861 4165 961 4230 τὴν
989 4159 1424 4232 ὲνανθρώπησιν,
1468 4163 1516 4214 εί
1565 4160 1710 4214 οὕτω
1763 4161 1916 4234 εἰρῆ-

329 4258 457 4311 σθαι
489 4259 761 4327 φήσομεν,
796 4253 959 4307 είκὼν
983 4249 1050 4326 ἦν
1081 4253 1210 4323 ἄρα,
1243 4255 1339 4308 καὶ
1358 4253 1600 4324 δόκησις,
1631 4254 1726 4308 καὶ
1766 4253 1915 4318 σκιὰ,

329 4351 427 4403 καὶ
475 4350 537 4402 ού
579 4347 722 4402 κατὰ
767 4345 1026 4418 ἀλήθειαν
1076 4345 1382 4416 ἄνθρωπος,
1431 4347 1575 4400 κατὰ
1625 4346 1718 4399 τὸν
1758 4345 1918 4401 ἄθεον

324 4447 530 4499 Μάνιν.
567 4443 735 4513 Ὀλην
761 4440 940 4494 τοίνυν
1000 4439 1108 4493 τῶν
1145 4438 1452 4510 ἀνθρώπων
1499 4437 1660 4508 φύσιν
1706 4438 1916 4508 ἥνωσεν

2029 3247 2230 3301 malum
2267 3245 2464 3300 timore
2492 3246 2831 3315 corripitur,
2870 3243 2966 3299 sed
3003 3259 3129 3298 cum
3170 3243 3225 3297 in
3267 3239 3402 3314 ipsis
3446 3244 3609 3299 malis

2027 3335 2363 3408 deprehendi
2405 3334 2678 3406 contigit,
2735 3343 2870 3391 tunc
2914 3330 3204 3405 praesentis
3245 3331 3480 3404 periculi
3516 3335 3606 3388 vi:

2026 3447 2246 3486 sensum
2275 3429 2526 3500 percipit.
2555 3425 2712 3484 Nunc
2735 3442 2864 3483 vero
2893 3423 3156 3483 Dominus
3192 3427 3479 3490 turbatur;
3497 3443 3607 3483 non

2024 3521 2096 3579 ob
2127 3537 2190 3577 ca
2209 3537 2328 3592 quae
2355 3521 2531 3584 videt,
2560 3517 2654 3576 sed
2686 3521 2757 3575 ob
2781 3535 2843 3575 ea
2887 3535 3010 3590 quae
3053 3519 3260 3590 cogitat
3301 3528 3356 3574 et
3389 3520 3611 3590 opperi-

2025 3622 2135 3670 tur.
2190 3612 2295 3668 Sed
2339 3630 2514 3683 neque
2551 3608 2689 3667 dixit
2723 3613 3014 3677 Christus,
3051 3611 3194 3668 Caro
3233 3628 3354 3669 mea
3388 3612 3609 3669 turbata

2023 3716 2130 3775 est,
2153 3707 2268 3766 sed.
2290 3707 2486 3761 Anima
2506 3721 2644 3772 mea,
2673 3715 2823 3762 secta
2834 3707 3036 3760 riorum
3057 3706 3430 3776 suspicionem
3459 3721 3610 3760 amo.

2024 3801 2182 3856 liens.
2204 3795 2359 3866 Quod
2389 3799 2433 3854 si
2467 3797 2698 3868 objicies
2726 3798 2779 3852 in
2805 3797 2996 3853 Vetere
3016 3795 3374 3852 Testamento
3402 3796 3608 3853 Judaeis

2023 3892 2232 3946 dictum
2282 3908 2405 3947 esse
2461 3906 2491 3946 a
2538 3889 2652 3946 Deo
2681 3932 2696 3956 ,
2755 3908 2775 3941 ι
2814 3888 2974 3944 Festa
3023 3896 3208 3944 vestra
3253 3889 3370 3944 odit
3423 3889 3607 3944 anima

2023 3996 2162 4045 mea,
2197 3999 2214 4030 ο
2244 3979 2491 4034 dicemus
2521 3995 2644 4034 eum
2679 3979 2754 4032 uti
2790 3977 3051 4033 libentius
3084 3977 3294 4034 nostris
3330 3977 3604 4044 moribus,

2023 4078 2244 4142 propter
2268 4071 2562 4141 quamdam
2588 4109 2601 4134 ,
2635 4079 2693 4123 ut
2731 4069 2804 4123 ita
2837 4070 3052 4141 loquar,
3088 4067 3376 4125 nobiscum
3399 4071 3605 4125 conde-

2021 4163 2366 4219 scensionem
2395 4203 2409 4226 ,
2447 4163 2590 4218 sicut
2643 4169 2698 4216 et
2743 4160 2936 4216 faciem
2978 4169 3033 4216 et
3070 4162 3260 4218 oculos
3298 4172 3351 4218 et
3391 4163 3605 4233 reliqua

2020 4254 2206 4310 omnia
2241 4253 2486 4308 metubra
2524 4251 2734 4323 aliingit
2773 4251 3100 4322 incorporeo
3139 4252 3369 4309 abusive
3406 4270 3420 4307 :
3478 4261 3605 4323 post

2021 4345 2458 4400 incarnationem
2491 4359 2622 4399 vero
2664 4354 2718 4398 et
2770 4344 3165 4399 humanitatem
3211 4352 3600 4416 assumptam,

2021 4438 2066 4492 sl
2102 4439 2173 4492 ita
2204 4436 2411 4492 dictum
2441 4453 2564 4492 esse
2587 4435 2858 4502 dicamus,
2890 4434 2993 4491 fuit
3022 4433 3211 4508 utique
3242 4440 3421 4508 imago
3450 4456 3603 4509 quae-

323 4535 509 4606 ὲαυτῷ
537 4537 566 4588 ὀ
593 4533 686 4588 τοῦ
731 4533 868 4588 Θεοῦ
895 4532 1068 4602 Λόγος
1099 4532 1183 4585 ἵνα
1216 4532 1336 4584 ὅλον
1360 4529 1510 4603 σώσῃ
1566 4531 1657 4584 τὸν
1707 4529 1916 4600 ἄνθρω-

2025 4529 2181 4594 dam,
2207 4535 2261 4583 et
2289 4528 2462 4592 visio,
2503 4535 2557 4583 et
2590 4525 2781 4583 umbra
2804 4568 2818 4590 ,
2855 4544 2963 4582 non
2994 4538 3174 4584 autem
3209 4546 3374 4585 verus
3398 4530 3602 4598 homo,

323 4645 452 4680 πον.
489 4627 557 4678 Ὃ
578 4625 687 4697 γὰρ
720 4624 794 4696 μὴ
817 4623 1233 4694 προσείληπται,
1263 4622 1384 4675 οὐδὲ
1409 4621 1697 4674 σέσωσται.
1731 4619 1915 4674 Εἰπὼν

326 4721 519 4789 μέντοι
571 4718 652 4782 τὸ,
711 4737 730 4768 ‹
778 4714 1101 4786 Ἐταράχθη,
1136 4733 1156 4766 ι
1207 4714 1269 4767 ού
1325 4715 1526 4784 σιωπᾷ,
1561 4713 1676 4767 ἀλλ’
1713 4715 1794 4776 είς
1825 4712 1916 4765 εύ-

321 4809 560 4880 τολμίαν
591 4807 954 4878 μεταπλάττει
987 4806 1045 4860 τὸ
1069 4805 1261 4868 πάθος,
1293 4805 1386 4858 καὶ
1418 4804 1702 4876 μονονουχί
1728 4819 1913 4875 φησιν’

322 4898 497 4951 osse»
527 4899 642 4950 ἐστι
679 4897 739 4949 τὸ
768 4895 1061 4949 ἀποθανεῖν
1092 4909 1108 4927 ·
1145 4894 1282 4948 ἀλλὰ
1306 4895 1396 4949 διὰ
1436 4895 1596 4948 τοῦτο
1641 4894 1916 4966 ἐπέτρεψα

319 4992 392 5060 τῇ
433 4989 602 5060 σαρκὶ
623 4987 686 5041 τὸ
718 4987 1005 5046 δειλιάσαι.
1050 4985 1139 5040 ἵνα
1174 4986 1645 5056 μεταστοιχειώσω
1695 4988 1777 5049 είς
1822 4987 1915 5040 εύ-

319 5079 579 5151 τολμίαν.
603 5075 810 5132 Ἦλθον
831 5079 944 5139 τοῖς
973 5077 1066 5129 ἐπὶ
1097 5075 1202 5146 γῆς
1223 5073 1322 5146 τὴν
1352 5074 1500 5147 ζωὴν
1526 5075 1912 5146 κατορθώσων,

317 5172 406 5226 διὸ
440 5172 540 5225 καὶ
571 5170 709 5242 πρδς
737 5169 800 5224 τὸ
832 5170 1027 5223 παθεῖν
1063 5170 1460 5240 ηὐτρέπισμαι.
1508 5169 1661 5221 Αίτεῖ
1720 5168 1776 5222 δὲ
1822 5167 1915 5220 τὸν

320 5265 576 5336 Πατέρα,
609 5264 703 5316 καὶ
749 5263 810 5316 τὸ
838 5262 940 5333 τῆς
966 5262 1130 5332 εὐχῆς
1169 5261 1353 5333 σχῆμα
1375 5260 1649 5323 διατυποῖ,
1689 5259 1788 5330 οὐχ
1837 5261 1914 5321 ὡς

317 5356 632 5417 ἀδυνατῶν,
645 5358 673 5409 ὁ
689 5355 866 5409 πάντα
887 5355 1084 5424 ἰσχύων
1099 5395 1113 5418 ,
1134 5353 1247 5408 ἀλλ’
1261 5355 1336 5418 ὡς
1350 5353 1446 5409 ἄνθ
1454 5369 1638 5424 ρωπος
1656 5351 1724 5406 τὰ
1741 5351 1914 5422 μείζω

314 5453 352 5524 ἦ
381 5449 527 5504 κατὰ
560 5449 849 5520 ἄνθρωπον
864 5448 1046 5518 νέμων
1074 5450 1138 5519 τῇ
1165 5447 1285 5519 θείᾳ
1318 5447 1500 5518 φύσει,
1553 5448 1658 5500 οὐκ
1698 5447 1804 5513 ἔξω
1837 5446 1913 5499 ὣν

315 5541 532 5610 ταύτης
561 5540 693 5592 ὅταν
723 5538 862 5608 καλῇ
896 5537 986 5591 τὸν
1009 5537 1228 5608 Πατέρα
1267 5537 1358 5590 τὸν
1383 5537 1533 5598 ἴδιον,
1571 5536 1698 5589 ἀλλ’
1755 5535 1912 5600 εἰδὼς

313 5634 401 5686 ὅτι
425 5630 517 5684 διά
545 5629 761 5699 Πατρδς
797 5629 890 5680 καὶ
929 5627 1058 5681 Υίοῦ
1097 5627 1216 5697 ἥξει
1247 5629 1280 5697 ή
1319 5629 1379 5680 ὲν
1409 5626 1574 5681 παντὶ
1625 5627 1908 5697 πράγματι

311 5721 553 5788 δύναμις
583 5720 678 5772 καὶ
694 5719 824 5785 δόξα
854 5732 872 5749 ⁶
897 5717 1008 5771 εἴτε
1039 5736 1062 5770 ε
1098 5717 1332 5785 Δόξασόν
1352 5735 1446 5771 σου
1477 5717 1568 5770 τὸν
1601 5717 1725 5772 Υἱὸν
1751 5738 1767 5768 ι
1800 5718 1909 5788 ἔχει

313 5814 347 5867 ᾖ
371 5812 604 5890 Γγραφὴ
630 5852 642 5876 ,
679 5810 789 5865 εἴτε
843 5829 861 5864 ι
902 5810 1134 5876 Δόξασόν
1191 5827 1282 5866 σου
1335 5809 1394 5864 τὸ
1428 5809 1618 5880 ενομα,
1660 5830 1675 5862 ι
1720 5813 1908 5866 ταυτὸν

2019 4621 2321 4676 secundum
2359 4619 2588 4689 impium
2621 4618 2851 4693 Manent.
2891 4619 3072 4686 Quare
3113 4630 3279 4675 totam
3314 4621 3598 4676 hominum

2017 4717 2269 4765 naturam
2301 4707 2479 4762 univit
2513 4708 2619 4764 sibi
2653 4708 2744 4763 Dei
2779 4705 3015 4764 Verbum
3059 4751 3074 4773 ,
3118 4720 3176 4763 ut
3210 4720 3386 4766 totum
3422 4713 3602 4767 horai-

2017 4816 2142 4855 nem
2194 4807 2460 4856 servaret.
2514 4798 2668 4865 Quod
2707 4801 2852 4854 enim
2891 4817 3000 4855 non
3048 4797 3208 4873 705
3253 4812 3337 4858 est
3377 4819 3598 4860 assum-

2018 4903 2168 4963 ptum
2198 4934 2213 4958 ,
2260 4909 2436 4963 neque
2481 4899 2566 4948 est
2620 4903 2918 4949 servatum.
2974 4891 3269 4966 Pr0pterea
3325 4898 3416 4952 ubi
3457 4895 3598 4953 dixit

2017 4985 2122 5040 hoc
2145 5026 2159 5047 ,
2199 5004 2217 5036 ι
2253 4983 2492 5040 Turbata
2525 4992 2609 5040 est
2635 5027 2650 5051 ,
2682 5005 2699 5038 ι
2743 5002 2850 5040 non
2889 4987 3050 5051 silet,
3093 4989 3185 5043 sed
3220 4991 3595 5058 perturbatio-

2017 5090 2140 5130 nem
2177 5074 2325 5128 illam
2358 5075 2411 5128 in
2440 5072 2826 5130 confidentiam
2853 5085 3060 5140 mutat,
3096 5093 3160 5132 ac
3195 5079 3592 5149 propemodum

2016 5169 2132 5223 ait:
2168 5165 2300 5222 Mori
2340 5167 2475 5221 nihil
2505 5175 2610 5231 cst,
2642 5180 2832 5223 verum
2864 5166 2988 5222 ideo
3018 5170 3245 5240 permisi
3277 5170 3433 5224 carni
3461 5185 3594 5226 meae

2015 5261 2213 5316 timore
2250 5261 2427 5322 allici,
2470 5267 2530 5313 ut
2558 5274 2676 5314 eam
2711 5261 2778 5315 ad
2814 5259 3194 5317 fortitudinem
3225 5263 3590 5317 traducerem.

2017 5350 2150 5406 Veni
2191 5357 2250 5404 ut
2288 5349 2614 5406 mortalibus
2655 5352 2820 5405 vitam
2859 5353 3225 5407 instaurarem
3251 5391 3266 5416 ,
3299 5358 3592 5420 propterea

2016 5460 2101 5500 me
2138 5444 2206 5499 ad
2236 5442 2549 5514 patiendum
2587 5445 2922 5514 comparavi.
2952 5443 3130 5514 Rogat
3155 5452 3336 5498 autem
3369 5442 3588 5499 Patrem

2013 5551 2171 5592 suum
2200 5575 2214 5598 ,
2249 5543 2304 5590 et
2343 5537 2615 5592 orationis
2656 5535 2877 5591 modum
2923 5535 3261 5607 ﬁguramque
3307 5535 3546 5591 delineat
3571 5575 3588 5600 ,

2014 5645 2120 5685 non
2166 5639 2425 5698 tanquam
2465 5628 2737 5700 impotens
2776 5629 2868 5699 qui
2910 5627 3091 5682 omnia
3132 5635 3351 5695 potest,
3393 5626 3487 5683 sed
3529 5637 3589 5682 ut

2015 5723 2177 5777 homo
2212 5739 2332 5793 qua:
2365 5721 2572 5791 majora
2607 5728 2736 5775 sunt
2776 5720 2994 5776 homine
3027 5719 3228 5774 divina:
3266 5729 3476 5775 naturae
3502 5728 3577 5773 at-

2013 5813 2298 5877 trihucns,
2344 5827 2449 5868 non
2483 5821 2635 5867 extra
2677 5810 2816 5866 hanc
2851 5811 3069 5882 quidem
3103 5810 3416 5878 cxsistens,
3459 5827 3584 5866 cum
