4104 6432
294 390 368 448 93
920 450 939 468 ,
1077 383 1147 442 IN
1184 383 1525 440 JOANNEM.
1565 412 1635 426 _
1675 379 1802 435 me.
1844 379 1873 434 ι

1977 377 2064 432 ΕΤ
2105 379 2217 434 VIII
2253 378 2695 435 FRAGMENTA.
3471 387 3540 442 ιιι

353 510 442 564 οὐ
502 508 577 562 δι’
622 506 727 578 ἐμὲ
774 508 813 577 ἠ
856 506 1029 578 φωνὴ
1060 507 1213 576 αὕτη
1271 468 1540 577 γέγονεν,
1569 502 1730 559 ἀλλὰ
1774 501 1861 556 δι’

2039 500 2156 565 XII,
2187 502 2278 556 30.
2303 500 2352 554 Ν
2357 519 2424 555 οη
2451 511 2663 569 propter
2687 515 2768 554 me
2785 499 2896 554 lucc
2917 515 3013 555 vox
3040 503 3194 566 venit,
3214 503 3303 556 sed
3330 517 3544 574 propter

283 601 460 674 ὑμᾶς.

363 691 790 762 ’Λντεφθέγγετο
818 693 847 746 6
867 691 1079 765 Πατὴρ,
1111 692 1236 746 καθ’
1276 690 1334 745 δν
1373 685 1482 744 οἶδε
1516 689 1736 761 τρόπον,
1793 685 1870 756 τῷ

285 785 400 851 ιδίῳ
437 784 568 854 Υίῷ,
598 787 680 848 εἰς
708 783 1017 855 φιλοτιμίαν
1054 783 1162 837 τῶν
1191 783 1556 855 ἀκροωμένων
1589 783 1690 852 τὴν
1736 782 1870 834 ἑαυ-

286 876 372 930 τοῦ
396 875 658 946 βούλησιν
701 876 972 946 φανερῶν,
1014 875 1100 929 ἵνα
1153 873 1514 928 πιστεύσωσιν
1568 871 1872 942 ἀναμφιϐό-

284 966 406 1027 λως,
433 966 518 1017 ὅτι
545 965 678 1028 Υἱός
704 967 819 1019 ἐστι
850 964 989 1018 κατὰ
1016 962 1177 1034 φύσιν
1206 962 1302 1016 τοῦ
1329 962 1464 1015 Θεοῦ
1493 961 1586 1016 καὶ
1635 960 1866 1030 Πατρός.

282 1056 547 1128 Διηπόρει
579 1056 638 1110 δὲ
660 1057 690 1108 ό
713 1056 870 1126 δχλος
893 1057 974 1119 είς
992 1055 1282 1126 διαφόρους
1317 1053 1572 1116 ὑπονοίας
1618 1052 1870 1122 σχιζόμε-

281 1166 366 1210 νος
393 1147 694 1210 ἀσυνέτως.
736 1146 1012 1216 Ἐδειγὰρ
1034 1147 1231 1209 αὐτοὺς
1272 1145 1526 1214 ἐννοῆσαι
1575 1143 1656 1196 ὅτι
1688 1143 1717 1194 6
1760 1143 1874 1194 Πα-

279 1240 381 1309 τὴρ
407 1235 478 1309 ἦν
501 1241 532 1291 6
565 1239 1083 1309 ἁντιφθεγξάμενος,
1116 1237 1254 1308 πρὸς
1292 1236 1352 1289 δν
1398 1236 1694 1302 ἑποιήσατο
1743 1233 1872 1297 τοὺς

277 1330 470 1398 λόγους
497 1331 527 1383 6
555 1329 704 1393 Υἱός.
729 1330 806 1383 Οὑ
827 1328 938 1400 γὰρ
964 1327 1189 1399 βροντὴν
1209 1328 1380 1401 ⁴ᾔτησε
1437 1326 1714 1398 γενέσθαι,
1741 1324 1866 1378 οὑτε

272 1422 507 1491 ἄγγελον
533 1423 786 1492 φωνῆσαι
815 1438 828 1451 ·
863 1423 1015 1492 ὅμως
1048 1419 1124 1484 ὡς
1150 1420 1301 1485 Υἱὸς,
1339 1421 1502 1492 φησιν
1534 1421 1614 1474 ὅτι
1646 1437 1664 1470 ι
1694 1418 1768 1471 Οὑ
1803 1417 1872 1470 δι’

270 1513 373 1582 ἐμὲ
405 1513 636 1580 γέγονεν
671 1513 704 1580 ἠ
733 1511 886 1581 φωνὴ
907 1551 924 1574 ,
955 1509 1092 1564 ἀλλὰ
1121 1510 1188 1563 δι’
1218 1510 1396 1582 ὑμᾶς·
1431 1527 1450 1561 ι
1495 1509 1612 1580 ᾔδει
1634 1506 1742 1576 γὰρ
1774 1505 1870 1559 τοῦ

269 1601 529 1664 τεκόντος
553 1601 655 1672 τὴν
684 1600 940 1671 βούλησιν
965 1600 1071 1654 κᾶν
1093 1599 1269 1671 μηδὲν
1299 1599 1559 1670 ἐλαλήθη,
1584 1583 1770 1668 ἐπειδὴ
1803 1593 1872 1668 ἦν

268 1693 363 1745 καὶ
390 1691 512 1744 ἐστι
534 1691 632 1744 τοῦ
659 1693 875 1763 Πατρδς
907 1691 1070 1758 σοφία
1111 1691 1205 1745 καὶ
1239 1691 1431 1758 Λόγος.
1479 1691 1555 1743 Δι’
1590 1689 1734 1759 ὑμᾶς
1755 1683 1869 1751 οὖν⁹

269 1781 428 1849 φησι,
462 1779 691 1847 γέγονεν
723 1781 758 1850 ἡ
788 1783 940 1851 φωνή
967 1795 982 1811 ·
1021 1779 1106 1832 ἵνα
1137 1778 1514 1850 παραδὲχησθέ
1536 1795 1602 1849 με
1633 1777 1710 1841 ὡς
1741 1778 1871 1830 Υίὸν

1969 609 2077 646 υοσ.

2044 683 2426 754 Respondebat
2477 684 2642 739 Pater
2673 685 2900 756 proprio
2927 681 3090 746 Filio,
3133 700 3202 740 eo
3254 700 3364 755 quo
3395 686 3548 742 novit

1970 775 2156 841 modo,
2187 791 2340 831 suam
2376 777 2716 830 voluntatem
2758 778 2977 847 planam
3007 776 3238 840 faciens,
3272 777 3338 832 ad
3361 779 3550 832 conci-

1971 865 2209 920 liandam
2229 866 2568 920 audientium
2591 867 2774 931 ﬁdem,
2794 875 2851 922 ut
2870 868 3160 924 crederent
3188 869 3310 925 sine
3337 869 3553 925 dubita-

1972 958 2116 1012 tione
2146 974 2268 1013 esse
2300 955 2498 1013 Filium
2531 958 2622 1013 Dei
2648 967 2702 1013 et
2725 944 2905 1014 Patris
2933 961 3238 1016 secundum
3272 970 3547 1018 naturam.

1970 1049 2298 1120 Ambigebat
2349 1058 2529 1104 autem
2569 1051 2863 1105 multitudo
2906 1052 2964 1106 in
3023 1053 3206 1109 varias
3260 1055 3552 1124 opiniones

1972 1142 2146 1196 scissa
2179 1142 2390 1211 absque
2422 1141 2678 1196 ratione:
2715 1142 3007 1212 Oportebat
3049 1145 3194 1198 enim
3235 1145 3315 1198 eis
3363 1146 3552 1201 venire

1973 1235 2030 1288 in
2091 1242 2352 1295 mentem,
2405 1232 2623 1287 Patrem
2686 1247 2810 1289 esse
2870 1235 2962 1304 qui
3028 1235 3427 1304 responderat,
3482 1236 3548 1290 ad

1970 1339 2136 1394 quem
2185 1321 2356 1379 Filius
2404 1323 2570 1377 verba
2620 1321 2865 1377 fecisset.
2916 1320 3052 1376 Nam
3087 1337 3188 1378 nec
3238 1330 3294 1375 nt
3340 1322 3550 1376 tonitru

1977 1415 2154 1479 fieret,
2182 1429 2282 1470 nec
2329 1421 2390 1468 ut
2440 1415 2672 1484 angelus
2713 1413 3050 1482 loqueretur,
3081 1414 3269 1482 petiit;
3297 1413 3431 1467 dicit
3462 1420 3550 1465 ta-

1974 1521 2098 1562 men
2150 1519 2210 1560 nt
2254 1505 2474 1561 Filius:
2506 1523 2528 1556 ι
2568 1503 2690 1559 Non
2747 1512 2973 1574 propter
3024 1518 3111 1558 me
3141 1504 3258 1558 haec
3287 1519 3414 1564 vox,
3453 1504 3550 1557 sed

1972 1605 2199 1668 propter
2230 1611 2328 1652 vos
2365 1596 2510 1651 facta
2546 1605 2650 1651 est.
2696 1613 2718 1649 ι
2760 1595 2972 1667 Quippe
2995 1603 3226 1652 noverat
3263 1595 3550 1652 Genitoris

1975 1688 2333 1753 voluntatem,
2359 1688 2465 1742 etsi
2514 1687 2654 1742 nihil
2704 1688 2928 1743 Iocatus
2971 1694 3118 1744 esset
3155 1703 3168 1740 :
3201 1685 3552 1758 quandoqui-

1974 1780 2097 1836 dem
2125 1789 2323 1836 eratet
2361 1788 2447 1836 est
2474 1779 2654 1836 Patris
2694 1781 2966 1849 sapientia
3009 1795 3073 1836 ac
3104 1777 3370 1836 Verbum.
3413 1778 3550 1833 Pro-

267 1867 429 1934 Θεοῦ,
456 1871 519 1923 ὃν
546 1863 689 1923 οἶδεν
711 1870 842 1923 ὄντα
880 1869 1038 1938 φύσει
1068 1868 1246 1940 ἐαυτῷ
1277 1869 1404 1922 Υἱὸν
1426 1871 1456 1924 6
1477 1870 1686 1939 Πατήρ.
1706 1867 1868 1935 Λέγει

1973 1881 2094 1940 pter
2121 1885 2220 1926 vos
2249 1886 2403 1942 ergo,
2432 1872 2529 1938 ait,
2567 1871 2708 1928 facta
2741 1880 2826 1928 est
2857 1889 2986 1935 vox,
3036 1883 3096 1927 ut
3139 1873 3424 1942 accipiatis
3463 1888 3551 1928 me

271 1962 370 2032 μὲν
399 1957 504 2015 οὖν
528 1963 560 2014 6
585 1961 793 2032 Κύριος
815 1961 896 2014 ὅτι
923 1961 1152 2030 γέγονεν
1181 1963 1214 2032 ὴ
1246 1960 1418 2030 φωνὴ,
1447 1961 1509 2012 οὐ
1543 1961 1650 2032 μὴν
1700 1975 1870 2031 προσ-

263 2053 492 2122 τίθησιν
530 2054 617 2106 ὅτι
660 2051 755 2106 τοῦ
787 2052 1002 2124 Πατρός
1022 2047 1111 2121 ἦν,
1133 2053 1168 2124 ἢ
1192 2050 1310 2116 πῶς
1329 2051 1552 2120 γέγονεν
1578 2069 1592 2084 ο
1623 2051 1738 2104 ἔστι
1760 2050 1870 2122 γὰρ

264 2145 534 2215 πριττδν
586 2144 766 2198 τοῦτο.
794 2144 944 2216 Πλὴν
980 2143 1412 2215 ὲπιμαρτύρεται
1446 2144 1527 2196 ὃτι
1564 2143 1659 2196 καὶ
1687 2142 1871 2213 φωνὴν

265 2235 616 2298 ἀκούσαντες
644 2235 704 2302 ἐξ
739 2234 995 2307 οὐρανοῦ,
1047 2235 1202 2289 οὐδὲν
1250 2230 1413 2306 ἦττον
1463 2233 1755 2306 ἐπέμειναν
1799 2236 1867 2306 τῇ

266 2325 489 2378 ἑαυτῶν
527 2325 844 2398 δυσσεϐείᾳ.

336 2502 490 2559 Νῦν
533 2505 738 2573 κρίσις
788 2503 923 2559 ἐστὶ
971 2500 1076 2558 τοῦ
1115 2503 1352 2572 κόσμου
1395 2503 1632 2569 τούτου,
1678 2503 1871 2558 καὶτὰ

265 2596 418 2666 ἑξῆς.

335 2690 463 2760 Τῆς
496 2686 594 2741 τοῦ
629 2688 884 2758 Σωτῆρος
935 2686 1232 2758 ἐπιδημίας
1260 2687 1289 2739 6
1330 2685 1656 2756 τριπόθητος
1686 2686 1871 2740 οὑτοσὶ

266 2782 499 2853 καιρὸς,
545 2780 834 2852 παροῦσαν
873 2781 973 2853 ἤδη
1006 2781 1104 2852 τὴν
1131 2782 1224 2834 ἐπὶ
1261 2784 1373 2844 τοῖς
1394 2780 1568 2835 ἔθνεσι
1597 2781 1778 2851 κρίσιν
1809 2798 1868 2835 τε

266 2875 360 2927 καὶ
415 2873 590 2944 δίκην
633 2871 940 2925 ὲᾰίκνυεν·
998 2871 1222 2942 ἔμελλον
1276 2874 1384 2942 γὰρ
1433 2872 1870 2926 ἀπαλλάττεσθαι

264 2969 362 3037 τῆς
425 2965 534 3019 τοῦ
600 2963 848 3018 διαϐόλου
909 2964 1255 3030 πλεονεξίας,
1299 2965 1637 3036 δικαιότητος
1687 2966 1870 3028 αὑτοῖς

267 3060 657 3129 ἀπονέμοντος
703 3057 850 3122 ἔλεος
877 3059 972 3111 τοὺ
1005 3057 1154 3111 ὁσίου
1184 3076 1246 3112 τε
1279 3059 1372 3111 καὶ
1407 3057 1618 3111 δικαίου
1655 3056 1865 3128 κριτοῦ.

266 3152 340 3207 Οὑ
370 3153 500 3223 γὰρ
531 3151 721 3222 οῑομαι
765 3153 876 3205 δεῖν
905 3151 1114 3204 οἴεσθαι
1159 3151 1279 3205 νυνὶ
1309 3151 1730 3222 κατακρίνεσθαι
1772 3151 1867 3204 κό-
1896 3187 1944 3251 c

265 3262 432 3314 σμον,
459 3245 557 3296 ὅτε
605 3242 700 3298 τοῦ
744 3243 958 3296 δικαίου
1005 3244 1190 3315 παρῆν
1233 3245 1262 3297 6
1312 3243 1532 3315 καιρόςο
1579 3243 1694 3296 ἀλλ’
1726 3243 1869 3296 οὑτω

268 3338 388 3407 μὲν,
427 3337 632 3407 κόσμῳ
670 3335 851 3407 κρίσις
883 3335 1058 3400 ἔσται,
1097 3336 1241 3390 τοῦτ’
1283 3336 1430 3390 ἔστιν
1467 3336 1767 3407 ἐκδίκησις.
1808 3336 1869 3389 '0

262 3428 320 3481 δὶ
370 3429 575 3501 ἄρχων
627 3427 724 3480 τοῦ
787 3429 997 3498 κόσμου
1043 3429 1234 3482 τούτου
1293 3428 1695 3500 ἐκϐληθήσεται
1743 3429 1867 3495 ἔξω.

269 3515 504 3578 Ἔσται.
539 3518 698 3588 φησι,
727 3517 871 3570 κατὰ
898 3516 994 3570 τοῦ
1033 3518 1126 3571 τὸν
1164 3517 1368 3588 κόσμον
1395 3518 1719 3589 ἠδικηκότος
1751 3518 1873 3590 κρί-

265 3625 376 3674 σις,
419 3608 526 3662 καὶ
567 3607 693 3677 οὐχὶ
746 3607 893 3660 κατὰ
943 3605 1038 3661 τοῦ
1078 3608 1179 3678 τὴν
1228 3606 1447 3661 ἀδικίαν
1479 3607 1873 3678 ὑπομείναντος

264 3702 514 3772 κόσμου.
542 3701 658 3754 Καὶ
689 3700 819 3771 γὰρ,
851 3700 927 3764 ὡς
965 3699 1129 3763 αὐτὸς
1156 3702 1188 3753 ό
1211 3699 1448 3771 Χριστός
1479 3715 1665 3770 φησιν,
1703 3720 1721 3752 ι
1760 3701 1874 3754 Οὐκ

263 3791 611 3848 ἀπέστειλεν
653 3794 684 3846 6
732 3792 863 3856 Θεὸς
917 3793 1009 3846 τὸν
1053 3793 1182 3845 Υίὸν
1221 3791 1386 3846 αὑτοῦ
1446 3793 1535 3848 ἵνα
1571 3793 1732 3866 κρίνῃ
1784 3793 1874 3846 τὸν

264 3885 514 3954 κόσμον,
561 3883 680 3936 ἀλλ’
733 3882 822 3938 ἵνα
867 3881 1017 3953 σώσῃ
1051 3881 1145 3936 τὸν
1177 3882 1403 3952 κόσμον,
1437 3903 1458 3935 ι
1502 3883 1667 3954 Ὄρος
1694 3883 1875 3938 τοίνυν

263 3975 370 4045 τῆς
396 3972 723 4041 ἐνεστώσης
746 3973 902 4026 ἔσται
926 3973 1182 4042 κρίσεως,
1206 3973 1266 4025 τὸ
1294 3972 1621 4044 ἐκϐληθῆναι
1650 3973 1756 4039 ἔξω
1783 3976 1874 4028 τὸν

264 4067 524 4135 ἄρχοντα
563 4061 659 4116 τοῦ
691 4062 900 4134 κόσμου
945 4063 1158 4118 τούτου.
1201 4064 1558 4137 Ἐκὸληθῆναι
1587 4065 1646 4118 δὲ
1673 4066 1871 4131 πόθενς

265 4152 600 4226 ἦδηλονότι
641 4155 742 4225 τῆς
783 4157 852 4208 ὲκ
896 4153 1016 4224 βίας
1056 4154 1207 4226 αὑτῷ
1252 4157 1662 4228 πεπυρωμένης
1698 4159 1874 4232 ἀρχῆς

266 4249 368 4302 καὶ
390 4248 510 4318 τῆς
539 4247 844 4316 οὐδαμόθεν
872 4249 1260 4318 προσηκούσης
1293 4246 1588 4317 βασιλείας.

337 4339 534 4409 Κάγὼ
564 4340 676 4393 ἐὰν
701 4339 923 4408 ὑψωθῶ
944 4339 1014 4394 ἐκ
1051 4340 1163 4409 τῆς
1199 4339 1336 4413 τῆς,
1358 4341 1600 4396 ἑλκύσω
1642 4341 1877 4410 πάντας

264 4428 433 4496 πρὸς
464 4428 755 4496 ἐμαυτόν.

1972 1973 2234 2035 tanquam
2277 1963 2474 2018 Filium
2513 1961 2629 2028 Dei,
2663 1978 2831 2034 quem
2877 1965 2985 2018 scit
3012 1963 3180 2019 Pater
3214 1964 3318 2019 sibi
3357 1971 3552 2017 natura

1971 2065 2095 2108 esse
2141 2049 2360 2106 Filium.
2404 2050 2548 2106 Dicit
2581 2051 2805 2122 quidem
2864 2051 3134 2108 Dominus
3180 2050 3380 2107 factam
3427 2067 3554 2108 esse

1970 2160 2184 2211 vocem,
2217 2145 2312 2201 sed
2351 2160 2463 2200 non
2495 2145 2687 2216 adjicit
2737 2145 2917 2200 Patris
2962 2160 3106 2209 esse,
3143 2159 3242 2201 nec
3277 2144 3553 2215 quomodo

1971 2235 2117 2290 facta
2167 2236 2259 2302 sit,
2305 2239 2564 2307 quoniam
2611 2237 2663 2291 id
2705 2251 3200 2306 supervacaneum.
3239 2237 3400 2307 707
3439 2235 3547 2291 Sed

1971 2337 2028 2383 et
2057 2335 2397 2397 protestatur
2415 2329 2560 2400 quod
2586 2329 2775 2382 audita
2801 2327 2967 2384 etiam
2985 2343 3016 2384 e
3039 2329 3183 2383 ctelo
3202 2343 3336 2383 voce
3353 2327 3554 2383 nihilo-
3586 2365 3591 2370 -

1972 2421 2156 2477 secius
2191 2421 2244 2474 in
2273 2436 2374 2476 sua
2410 2421 2692 2492 impietate
2729 2421 3162 2492 permanserint.

2042 2509 2163 2577 XII,
2196 2512 2286 2567 51.
2325 2511 2485 2566 Nunc
2516 2511 2785 2583 judicium
2813 2521 2892 2567 est
2921 2511 3127 2578 mundi,
3154 2517 3265 2567 etc.

2046 2690 2590 2749 Desideratissimum
2647 2692 2753 2748 hoc
2787 2693 3059 2748 adventus
3087 2691 3398 2748 Servatoris
3449 2705 3554 2744 no-

1973 2784 2078 2840 stri
2120 2792 2356 2854 tempus,
2397 2785 2512 2853 jam
2545 2784 2738 2839 adesse
2787 2782 3060 2852 judicium
3088 2793 3142 2837 et
3173 2781 3444 2851 justitiam
3495 2781 3550 2835 in

1973 2876 2232 2946 gentibus
2259 2875 2610 2940 ostendebat,
2642 2875 2846 2946 quippe
2898 2889 3026 2929 cum
3061 2889 3091 2928 a
3137 2874 3345 2930 diaboli
3389 2888 3555 2944 rapa-

1972 2967 2141 3022 citate
2165 2965 2505 3021 vindieandae
2542 2966 2742 3031 forent,
2774 2967 3054 3021 tribuente
3092 2966 3202 3020 illis
3237 2966 3556 3022 misericor-

1973 3059 2118 3113 diam
2155 3059 2332 3112 sancti
2365 3068 2419 3112 et
2441 3059 2578 3126 justi
2623 3057 2832 3126 judicis
2867 3059 3144 3128 aequitate.
3170 3055 3356 3127 Neque
3380 3058 3552 3123 enim,

1974 3148 2192 3219 opinor,
2223 3147 2651 3202 existimandum
2706 3156 2792 3203 est
2829 3162 2976 3203 nunc
3007 3148 3362 3202 condemnari
3396 3163 3557 3203 mun-

1979 3243 2130 3305 dum,
2162 3255 2287 3296 cum
2343 3239 2572 3308 justitize
2605 3247 2823 3310 tempus
2861 3239 3041 3305 adest,
3079 3239 3173 3294 sed
3210 3237 3290 3293 sic
3330 3237 3553 3309 quidem

1977 3333 2184 3389 mundo
2222 3332 2328 3388 erit
2365 3331 2660 3401 judicium,
2705 3347 2902 3402 nempe
2938 3331 3267 3385 vindieatio.
3292 3329 3556 3400 Princeps

1974 3440 2106 3480 vero
2136 3425 2303 3494 hujus
2337 3422 2526 3477 mundi
2551 3422 2806 3492 ejicietur
2840 3430 3017 3478 extra.
3064 3422 3204 3488 Erit,
3236 3423 3435 3493 inquit,
3463 3421 3556 3492 ju-

1975 3517 2180 3572 dicium
2207 3515 2474 3572 adversus
2497 3530 2620 3569 eum
2653 3515 2748 3584 qui
2785 3515 3052 3570 mundum
3080 3513 3323 3576 violavit,
3355 3523 3410 3569 et
3442 3529 3554 3568 non

1975 3609 2244 3664 adversus
2271 3607 2559 3669 mundum,
2585 3605 2679 3675 qui
2714 3605 2972 3676 injuriam
2997 3613 3052 3661 et
3076 3605 3399 3676 injustitiam
3434 3619 3560 3674 per-

1976 3699 2120 3754 tulit.
2170 3698 2412 3766 Etenim,
2464 3709 2525 3754 ut
2571 3699 2690 3771 ipse
2743 3700 3000 3756 Christus
3050 3701 3145 3761 ait,
3183 3718 3202 3752 ι
3236 3697 3353 3754 Non
3404 3699 3555 3754 misit

1976 3789 2120 3847 Deus
2147 3789 2345 3844 Filium
2395 3806 2582 3856 suum,
2609 3800 2670 3846 ut
2701 3791 2968 3846 mundum
3009 3791 3310 3861 judicaret,
3357 3791 3452 3847 sed
3494 3801 3556 3846 ut

1976 3881 2238 3936 mundum
2303 3890 2552 3937 servaret
2583 3881 2651 3936 “.
2693 3901 2712 3934 ι
2757 3883 3052 3938 Terminus
3111 3897 3244 3952 ergo
3297 3881 3554 3937 instantis

1971 3974 2166 4045 judicii
2223 3975 2354 4037 erit,
2410 3982 2469 4029 ut
2529 3975 2790 4044 ejiciatur
2863 3975 3009 4030 foras
3077 3976 3334 4046 princeps
3388 3975 3555 4043 hujus

1928 4100 1942 4115 .
1979 4066 2189 4121 mundi.
2217 4065 2376 4122 Unde
2417 4082 2552 4123 vero
2595 4067 2889 4138 ejiciatur?
2933 4083 3128 4139 nempe
3163 4084 3193 4123 e
3242 4069 3553 4140 principatu

1978 4176 2076 4230 per
2105 4161 2214 4214 vim
2251 4171 2430 4230 parto,
2468 4169 2525 4217 et
2571 4176 2603 4217 e
2650 4177 2820 4234 regno
2852 4163 3004 4217 nullo
3039 4161 3206 4217 modo
3255 4162 3324 4217 ad
3373 4162 3554 4233 ipsum

1975 4253 2304 4323 pertinente.

2047 4342 2161 4410 XII,
2193 4345 2284 4401 3i.
2315 4345 2380 4399 Et
2405 4363 2500 4416 ego
2531 4350 2578 4400 si
2605 4348 2876 4402 uallatus
2911 4347 3064 4415 fuero
3088 4365 3115 4402 e
3142 4357 3306 4415 terra,
3345 4347 3556 4402 traham

1975 4450 2152 4489 omnes
2181 4435 2250 4488 ad
2282 4452 2386 4490 me.

341 4520 627 4574 Τουτέστι
653 4519 758 4592 (1),
796 4521 872 4592 μὴ
905 4520 968 4593 δὴ
1001 4521 1254 4594 κωλύσῃς
1283 4523 1427 4577 ἰόντα
1455 4523 1592 4594 πρὸς
1619 4523 1870 4588 θάνατον,

2048 4527 2192 4582 Cave
2221 4543 2288 4582 ne
2317 4543 2404 4583 me
2442 4529 2738 4598 prohibeas
2779 4529 2844 4584 ad
2874 4537 3104 4584 mortem
3145 4529 3406 4595 tendere;
3445 4527 3552 4581 imc

263 4610 418 4664 ἀλλὰ
467 4610 910 4678 συγκατάνευσον
964 4611 1054 4666 διὰ
1095 4613 1158 4666 τὸ
1196 4613 1330 4666 πᾶσι
1382 4614 1681 4678 λυσιτελές.
1734 4615 1876 4681 Δόξα

265 4702 383 4770 γὰρ
417 4700 668 4771 Χριστοῦ
714 4703 744 4754 6
790 4701 1044 4774 σταυρός.
1092 4703 1384 4770 Δοξάζεται
1430 4706 1488 4760 δὲ
1529 4709 1625 4760 καὶ
1661 4709 1872 4780 Πατὴρ,

265 4793 411 4846 ὅταν
459 4791 722 4862 φαίνηται
763 4793 1008 4848 τοιοῦτον
1044 4794 1184 4865 ἔχων
1229 4797 1322 4850 τὸν
1349 4796 1407 4864 ἐξ
1433 4799 1630 4852 ἑαυτοῦ
1657 4801 1873 4854 ὁποῖόσ-

268 4901 386 4954 περ
410 4883 688 4954 ὑπάρχειν
715 4884 880 4949 αὑτὸς
907 4887 1233 4941 ὑπονοεῖται.
1265 4889 1421 4942 Ἐστι
1449 4890 1510 4944 δὲ
1543 4891 1747 4960 ἀγαθὸς
1779 4895 1874 4947 καὶ

268 4976 696 5047 φιλάνθρωπος,
727 4976 863 5047 φῶς,
900 4979 994 5032 καὶ
1026 4978 1160 5050 ζωὴ,
1187 4981 1282 5035 καὶ
1308 4982 1515 5054 φθορᾶς
1541 4984 1800 5056 ἀμείνων.

347 5149 604 5222 Χριστοῦ
643 5151 829 5221 μέντοι
868 5150 1158 5215 δεδωκότος
1191 5153 1383 5205 ἑαυτὸν
1409 5153 1488 5226 τῷ
1522 5156 1696 5228 Πατρὶ
1733 5157 1874 5232 ὑπὲρ

270 5242 384 5312 τῆς
438 5241 601 5312 ἡμῶν
655 5244 930 5313 σωτηρίας
979 5243 1057 5308 ὡς
1098 5244 1327 5316 ἄμωμον
1365 5248 1588 5318 ἱερεῖον,
1633 5251 1727 5303 καὶ
1778 5252 1878 5318 τὰς

275 5334 431 5405 ὑπὲρ
467 5332 630 5403 ἡμῶν
661 5337 946 5406 μονονουχὶ
975 5335 1131 5400 δίκας
1163 5337 1456 5402 τιννύντος,
1489 5339 1876 5416 ἑλυτρὼθημεν

273 5425 397 5478 τῶν
428 5426 531 5494 τῆς
560 5427 833 5500 ἁμαρτίας
871 5429 1255 5500 ἐγκλημάτων.
1288 5431 1398 5484 Καὶ
1422 5431 1487 5503 δὴ
1515 5432 1603 5486 ὅτε
1631 5436 1658 5488 6
1683 5435 1786 5509 θὴρ
1812 5440 1876 5494 ἐκ

279 5517 465 5588 μέσον
490 5517 702 5586 γέγονε,
746 5521 840 5573 καὶ
878 5519 1158 5592 καθῃρέθη
1202 5523 1232 5575 6
1273 5521 1556 5594 τύραννος,
1603 5527 1724 5582 τότε
1754 5531 1874 5598 ἄγει

366 5653 419 5688 δ’
455 5652 614 5712 Joan.
651 5673 727 5712 xu
753 5700 765 5722 ,
806 5657 897 5712 47.

1979 4621 2166 4693 potius
2214 4621 2505 4686 assentire,
2548 4631 2774 4691 propter
2823 4621 3190 4675 universalem
3235 4619 3552 4674 utilitatem.

1981 4713 2193 4767 Etenim
2232 4713 2404 4782 gloria
2437 4711 2642 4766 Christi
2685 4726 2819 4765 crux
2861 4720 2969 4766 est.
3010 4710 3367 4766 Gloriﬁcatur
3401 4724 3560 4780 aeque

1981 4804 2178 4869 Pater,
2225 4818 2352 4857 cum
2415 4803 2578 4856 talem
2649 4801 2848 4856 habere
2909 4801 3106 4854 Filium
3170 4801 3556 4870 cognoscitur,

1979 4895 2160 4966 qualis
2203 4894 2434 4964 ipsemet
2463 4905 2588 4948 esse
2616 4893 2882 4948 creditur.
2913 4891 3008 4947 Est
3049 4900 3232 4946 autem
3270 4892 3468 4956 bonus,
3503 4902 3560 4945 et

1979 4987 2264 5042 hominum
2288 4994 2540 5050 amator,
2573 4985 2844 5050 lnx,vita,
2868 4992 2922 5040 et
2955 4985 3201 5056 cujusvis
3235 4983 3561 5054 corruptelae

1983 5077 2267 5133 immunis.

2053 5169 2188 5224 Cum
2244 5169 2409 5240 igitur
2451 5167 2708 5225 Christus
2761 5167 3001 5237 seipsum
3033 5165 3184 5221 Patri
3222 5180 3320 5236 pro
3365 5172 3558 5219 nostra

1979 5263 2222 5317 omnium
2274 5262 2451 5316 salute
2501 5262 2716 5316 dederit
2741 5261 2891 5316 velut
2947 5259 3358 5314 innnaculatam
3401 5255 3558 5309 victi-

1980 5369 2148 5420 mam,
2173 5369 2236 5408 ac
2271 5369 2370 5424 pro
2404 5354 2564 5410 nobis
2591 5369 2782 5424 pinnas
2809 5351 3206 5424 propemodulu
3235 5346 3559 5411 exsolverit,

1979 5460 2008 5499 a
2043 5446 2250 5516 peccati
2298 5445 2529 5500 crimine
2565 5445 2784 5500 liberati
2819 5457 3036 5499 sumus.
3075 5440 3138 5494 Et
3179 5437 3396 5510 quidem
3428 5450 3557 5490 cum

1978 5540 2091 5593 t‘era
2133 5536 2200 5592 de
2239 5537 2417 5592 medio
2448 5537 2667 5594 sublata
2701 5545 2806 5602 est,
2837 5551 2900 5592 ac
2945 5533 3229 5590 confectus
3259 5541 3558 5602 tyrannus,

367 5784 448 5855 (1)
481 5791 758 5847 Tomth
789 5840 796 5850 .
823 5837 836 5850 .
869 5833 882 5850 .
910 5833 922 5849 .
949 5796 1224 5861 ἀμείνων.
1257 5793 1328 5849 Ex
1353 5804 1543 5851 catena
1569 5797 1847 5869 Vaticana,

1973 5847 1983 5860 .
2022 5805 2140 5869 156,
2168 5821 2253 5868 an.
2282 5805 2383 5861 Mai
2417 5808 2452 5862 I.
2485 5809 2517 5862 I.
