4104 6434
275 452 345 506 97
1075 443 1140 502 IN
1181 440 1520 500 JllAN-NEll.
1555 468 1622 482 υ-
1663 434 1791 490 LIB.
1837 430 1924 484 ΠΙ
1967 429 2051 486 ΕΤ
2097 428 2212 499 Vill
2246 425 2688 484 FRAGMENTA.
3473 422 3545 480 98

275 565 394 635 γάρ
422 561 489 615 ἂν
517 557 638 613 οὔτε
679 557 881 630 ἀπῄτει
902 558 1097 620 αὑτοὺς
1130 558 1384 620 εὐθύνας,
1416 556 1552 608 ὅπου
1583 568 1644 619 γε
1673 548 1766 602 καὶ
1794 545 1865 599 τὰ

1985 543 2167 598 solutio
2201 559 2212 594 :
2245 542 2390 613 quod
2444 542 2586 598 Deus
2636 555 2745 595 non
2799 538 3096 594 excaecavit
3141 539 3385 607 Judaeos,
3445 558 3548 596 nec

277 653 517 708 ἑκούσια
572 654 850 723 συγχωρεῖ
907 651 1246 720 πταίσματα.
1292 647 1354 702 '0
1409 647 1466 700 δέ
1510 644 1632 706 νοῦς
1680 640 1870 700 οὑτως.

289 749 386 812 Ὠς
423 747 536 818 γάρ
556 746 665 800 ἀπὸ
703 745 843 798 Θεοῦ
871 742 1171 814 λαληθέντα
1196 740 1264 795 τά
1309 743 1528 812 ῥήματα
1565 736 1594 787 6
1650 731 1876 792 Ἡσαΐας

277 840 580 911 προφέρει.
621 838 746 891 Ἐάν
781 837 1028 906 γένωμαι
1061 833 1348 904 ἄνθρωπος
1381 830 1474 884 καὶ
1516 825 1691 894 οἰκείᾳ
1725 821 1874 891 φωνῇ

282 933 656 1004 ἐξηγήσωμαι
690 930 820 1000 ὑμῖν
853 927 924 982 τὰ
974 925 1266 995 λυσιτελῆ,
1311 921 1432 976 οὑδὲ
1491 917 1664 978 οὕτως
1712 911 1877 967 ἁκού-

283 1025 415 1078 σετέ
486 1040 614 1094 μου,
662 1020 852 1090 ὥσπερ
905 1019 1027 1072 οὑδὲ
1061 1017 1170 1071 τῶν
1217 1010 1534 1086 προφητῶν·
1581 1007 1702 1062 οὑδὲ
1751 1005 1878 1057 ὅταν

285 1114 440 1185 ῐδητε
484 1114 556 1167 τὰ
601 1112 744 1182 ὑπὲρ
776 1111 940 1178 λόγον
989 1110 1229 1179 σημεῖα,
1281 1104 1432 1157 οὐδὲν
1493 1102 1559 1154 ἐκ
1599 1097 1694 1152 τοῦ
1749 1095 1878 1148 ἰδεῖν

285 1203 742 1276 ὠφεληθήσεσθε.
791 1203 902 1256 Καὶ
935 1199 1096 1254 τοῦτο
1140 1196 1294 1268 δηλοῖ
1328 1195 1410 1254 τὸ,
1467 1212 1485 1243 ι
1535 1191 1607 1244 Οὑ
1659 1188 1733 1260 μὴ
1767 1185 1879 1257 ἴδη-

283 1316 369 1352 τε.
409 1318 428 1349 ι
491 1299 570 1350 Οὺ
621 1295 728 1365 γάρ
769 1287 924 1346 εἶπεν
957 1291 1038 1345 ὄτι
1079 1290 1336 1359 Πωρώσω
1377 1285 1555 1339 αὐτῶν
1607 1281 1704 1345 τὰς
1747 1297 1882 1350 καρτ

285 1390 432 1453 δίας.
483 1389 582 1444 καὶ
634 1384 904 1454 τυφλώσω
949 1384 1074 1445 τοὺς
1121 1377 1466 1450 ὀφθαλμοὺς,
1501 1374 1615 1428 ἀλλ’
1645 1375 1722 1427 ὅτι
1759 1371 1879 1426 Κᾶν

287 1479 594 1549 ἀκούσητε,
615 1477 676 1528 οὑ
713 1477 789 1547 μὴ
825 1473 1128 1546 ἀκούσητε·
1162 1470 1263 1524 κᾶν
1303 1468 1474 1538 ἴδητε,
1509 1467 1568 1518 οὑ
1599 1465 1672 1536 μὴ
1709 1464 1878 1534 ἴδητε,

285 1577 377 1628 ἴνα
417 1573 496 1642 μὴ
554 1565 994 1637 ἐπιστραφέντας
1049 1564 1309 1632 ίάσωμαι.
1360 1561 1424 1612 Εἰ
1475 1557 1584 1628 γάρ
1642 1558 1881 1626 ἥκουσαν

286 1667 386 1720 καὶ
431 1660 572 1716 εῖδον
613 1661 785 1731 ὅνπερ
835 1655 1005 1727 ἐχρῆν
1047 1654 1282 1725 τρόπον,
1340 1651 1529 1720 ἔτυχον
1563 1648 1629 1703 ἂν
1664 1648 1883 1710 πάντως

285 1756 586 1828 ὠφελείας.
620 1750 832 1805 Οὐκοῦν
858 1750 923 1802 οὑ
964 1746 1234 1818 τιμωρίας
1282 1742 1586 1811 ἀναγκαίας
1633 1741 1746 1810 ἔχει
1783 1739 1881 1808 δή·

284 1849 458 1903 λωσιν
491 1848 520 1899 ό
559 1844 740 1910 λόγος,
763 1839 886 1894 οὑδὲ
920 1839 1043 1907 ὅρον
1075 1833 1529 1897 καταδικάζοντος
1577 1831 1672 1884 καὶ
1711 1845 1881 1882 κατα-

1977 635 2122 690 enim
2156 649 2345 705 poenas
2381 635 2450 689 ab
2493 635 2577 690 eis
2618 632 2988 702 repetivissct,
3022 631 3244 703 quando
3273 641 3327 687 et
3359 633 3549 687 volun-

1979 729 2152 782 tarios
2223 727 2500 782 condouat
2555 724 2830 780 interdum
2877 724 3086 794 lapsus.
3130 723 3294 794 709
3344 723 3552 778 Sensus

1979 833 2110 872 vero
2154 818 2473 887 hujusmodi
2533 824 2640 872 est.
2685 814 2820 870 Nam
2873 815 3024 870 velut
3071 830 3101 868 a
3170 814 3280 869 Deo
3337 815 3551 884 prolata

1979 913 2145 966 verba
2175 910 2347 966 Isaias
2371 909 2616 980 profert:
2647 909 2703 964 Si
2735 909 2900 964 homo
2936 908 3113 962 factus
3144 905 3320 969 fuero,
3347 917 3400 960 et
3429 920 3555 975 pro-

1979 1003 2098 1072 pria
2131 1017 2266 1058 voce
2307 1003 2465 1056 utilia
2505 1002 2663 1057 vobis
2707 1015 3040 1071 exposuero,
3081 1013 3151 1053 ne
3197 998 3279 1053 sic
3328 997 3552 1065 quidem

1980 1108 2068 1148 me
2126 1094 2382 1160 audietis,
2438 1085 2906 1163 quemadmodum
2961 1105 3140 1160 neque
3197 1090 3550 1160 prophetas:

1979 1200 2161 1255 neque
2189 1199 2314 1240 cum
2360 1185 2613 1241 videritis
2648 1185 2804 1255 signa
2836 1199 3004 1255 supra
3049 1183 3348 1238 humanam
3381 1182 3556 1235 ratio-

1980 1291 2132 1340 nem,
2158 1277 2457 1346 quidquam
2490 1277 2647 1331 vobis
2671 1275 2880 1330 vidisse
2916 1275 3201 1345 profuerit.
3238 1272 3305 1325 Et
3334 1272 3438 1326 boc
3468 1273 3556 1325 in-

1980 1364 2126 1419 dicat
2171 1365 2328 1430 illud,
2371 1384 2390 1416 ι
2435 1381 2545 1420 non
2585 1365 2860 1419 videritis.
2907 1383 2924 1415 ›
2971 1362 3158 1433 Neque
3201 1362 3344 1416 enim
3393 1361 3553 1423 dixit,

1979 1452 2259 1510 lndurabo
2295 1471 2488 1510 eorum
2537 1454 2730 1515 corda,
2771 1460 2826 1507 et
2878 1452 3168 1508 excmcabo
3216 1449 3430 1512 oculos,
3460 1447 3556 1502 sed

1981 1546 2418 1616 quia,Quamvis
2465 1545 2778 1608 audieritis,
2816 1544 3191 1614 nequidquam
3243 1541 3558 1603 audieritis,

1980 1651 2036 1696 et
2065 1641 2338 1711 .quamvis
2389 1639 2666 1700 videritis,
2710 1653 2818 1692 non
2855 1637 3129 1698 videritis,
3177 1650 3245 1690 ne
3303 1633 3559 1689 conversi

1981 1733 2285 1789 remedium
2340 1747 2369 1785 a
2417 1747 2502 1786 me
2557 1730 2864 1800 accipiatis.
2918 1729 2976 1784 Si
3008 1728 3154 1783 enim
3191 1727 3475 1782 audissent
3504 1733 3560 1781 et

1985 1824 2334 1895 aspexissent
2383 1837 2493 1893 quo
2545 1823 2731 1877 decuit
2770 1821 2957 1887 modo,
2998 1821 3226 1875 omnino
3263 1821 3559 1874 utilitatem

286 1937 679 2012 ψηφιζομένου
731 1932 842 1985 τῶν
901 1929 1191 1993 Ἰουδαίων,
1240 1924 1378 1979 ἀλλὰ
1429 1924 1536 1976 τῶν
1589 1921 1877 1994 χρησίμων

1985 1917 2387 1988 percepissent.
2426 1913 2597 1984 Igitur
2651 1928 2760 1967 non
2802 1911 3256 1982 signiﬁcationem
3299 1923 3560 1963 necessa-

289 2011 415 2086 ἐστὶ
455 2022 920 2098 προαγγελτικός.
950 2020 1105 2093 ᾝδει
1144 2018 1252 2086 γὰρ
1286 2018 1430 2068 ποῖοι
1471 2013 1694 2084 ἔμελλον
1732 2011 1878 2081 γίνε-

287 2121 444 2184 σθαι,
492 2118 590 2171 καὶ
623 2113 948 2184 ἀπεφήνατο
976 2109 1103 2181 περὶ
1145 2106 1358 2161 αὐτῶν·
1406 2105 1546 2176 πλὴν
1574 2104 1695 2158 οὑδέ
1738 2103 1879 2157 κατὰ

287 2212 520 2268 πάντων
557 2208 732 2279 χωρεῖ
768 2207 796 2259 6
831 2204 1014 2273 λόγος,
1062 2201 1201 2256 ἀλλὰ
1235 2199 1378 2253 κατὰ
1419 2199 1596 2269 μόνων
1626 2196 1734 2250 τῶν
1755 2195 1881 2250 άπί-

289 2323 461 2369 στων,
496 2301 691 2355 πολλοὶ¹
733 2298 846 2370 γὰρ
895 2293 1332 2350 πεπιστεύκασιν
1381 2289 1441 2355 ἐξ
1484 2288 1662 2343 αὐτῶν
1687 2303 1698 2317 ·
1740 2287 1881 2341 οὑτω

289 2394 393 2466 μὲν
422 2387 522 2446 οὖν
549 2387 921 2443 ἐκδεδώκασιν
951 2387 1000 2438 οί
1031 2383 1460 2454 Έὸδομήκοντα.
1494 2380 1658 2443 Εἰκὸς
1690 2378 1768 2444 δὲ,
1798 2379 1882 2432 ὅτι

285 2489 316 2541 6
352 2480 763 2553 εὑαγγελιστὴς
815 2481 883 2550 τῇ
927 2475 1196 2548 Ἐϐραίων
1233 2473 1443 2527 ἐκδόσει
1508 2470 1884 2540 ἀκολουθήσας

289 2580 499 2650 ἑτέρως
553 2574 758 2646 ἐχούσῃ
793 2570 944 2642 παρὰ
985 2570 1087 2641 τὴν
1137 2566 1245 2622 τῶν
1282 2564 1717 2636 Ἐϐδομήκοντα,
1761 2557 1882 2616 εἷπε

288 2670 373 2734 τὸ,
408 2670 511 2722 Διὰ
546 2667 708 2720 τοῦτο
752 2665 854 2718 οὑκ
884 2661 1147 2732 ἠδύναντο
1184 2657 1485 2723 πιστεύειν,
1521 2657 1711 2727 ἐπειδὴ
1757 2654 1882 2709 ἐτύ-

290 2762 512 2828 φλωσεν
568 2757 797 2820 αὑτούς·
837 2755 932 2808 καὶ
984 2754 1108 2808 ὅσον
1160 2750 1260 2823 μὲν
1304 2751 1369 2803 ἐκ
1418 2748 1520 2818 τῆς
1570 2746 1884 2817 προφανοῦς

290 2854 520 2918 λέξεως.
556 2851 660 2904 οὐκ
691 2850 914 2921 εἴρηκεν
945 2849 1029 2901 ὅτι
1067 2847 1098 2898 6
1136 2844 1267 2908 Θεὸς
1301 2842 1612 2912 ἐτύφλωσεν
1647 2839 1879 2905 αὐτούς·

290 2944 445 3007 εἰκὸς
475 2943 558 3007 δὲ,
590 2943 673 2996 ὅτι
715 2941 877 3003 ἄλλος
921 2939 1082 2993 τοῦτο
1110 2937 1334 3010 ἐποίησε
1370 2937 1508 3009 πρὸς
1536 2937 1596 2991 τὸ
1624 2935 1880 3007 ἐπιστρέ-

290 3036 393 3106 ψαι
446 3035 584 3095 τοὺς
631 3031 920 3094 Ἰουδαίους
954 3031 1047 3085 καὶ
1093 3032 1278 3100 τυχεῖν
1326 3029 1541 3092 ίάσεως.
1590 3029 1655 3081 El
1697 3028 1753 3080 δὲ
1787 3026 1880 3080 καὶ

291 3127 568 3198 δεξόμεθα
599 3126 684 3178 ὃτι
712 3125 743 3176 6
790 3124 923 3186 Θεὸς
953 3122 1284 3192 ἐτύφλωσεν,
1334 3121 1478 3174 οὑτω
1508 3123 1726 3192 νοητέον
1745 3162 1759 3186 ,
1799 3122 1879 3174 ὅτι

291 3217 704 3290 παρεχώρησεν
737 3217 938 3279 αὐτοὺς
974 3214 1168 3269 παθεῖν
1203 3215 1300 3286 τὴν
1332 3213 1606 3282 τύφλωσιν
1652 3213 1757 3266 ὑπὸ
1785 3212 1878 3266 τοῦ
1911 3256 1955 3314 c

290 3308 576 3370 διαϐόλου,
623 3308 726 3361 οὑκ
769 3307 1011 3377 ἀγαθοὺς
1051 3306 1214 3369 ὄντας
1264 3304 1362 3376 τὴν
1395 3303 1528 3371 ἕξιν.
1577 3303 1733 3357 Οὕτω
1776 3305 1885 3375 γάρ

293 3401 677 3473 ⁶παραδίδωσιν
710 3400 790 3462 εἰς
829 3398 1092 3467 ἀδόκιμον
1126 3396 1252 3451 νοῦν
1302 3397 1396 3450 καὶ
1435 3398 1516 3460 εἰς
1542 3396 1714 3460 πάθος
1761 3396 1888 3460 τοὺς

291 3491 720 3565 ὁμοιοτρόπους.
757 3491 848 3544 Ἐν
897 3482 942 3558 ᾧ
983 3489 1040 3543 δὲ
1089 3489 1322 3541 τοιοῦτοι
1365 3483 1525 3559 ἦσαν,
1576 3487 1636 3540 οὑ
1680 3487 1888 3540 δίκαιον

289 3581 362 3654 ἦν
403 3582 611 3646 αὐτοὺς
642 3580 848 3650 γνῶναι
879 3577 974 3632 τοῦ
1024 3577 1325 3650 μυστηρίου
1367 3576 1429 3630 τὸ
1473 3576 1637 3646 βάθος
1678 3577 1771 3630 καὶ
1819 3576 1888 3630 τά

290 3675 548 3748 κρύφια,
595 3674 723 3736 τοὺς
770 3671 904 3743 μηδὲ
935 3669 1035 3734 τὰς
1071 3668 1306 3740 νομικὰς
1356 3668 1579 3727 ἐντολὰς
1621 3668 1877 3740 διατηρή-

292 3783 528 3828 σαντας.
568 3763 724 3817 Ἐπεὶ
764 3757 858 3817 οὖν
901 3759 1026 3816 οὔτε
1054 3761 1146 3814 τὸν
1188 3759 1374 3831 νόμον,
1404 3757 1527 3811 οὑτε
1554 3758 1623 3812 τὰ
1655 3758 1888 3827 εὐαγγε-

291 3857 422 3911 λικὰ
448 3855 712 3923 ἐδέξαντο
733 3854 1103 3925 διατάγματα,
1129 3853 1221 3906 τὸν
1255 3853 1356 3922 τῆς
1387 3851 1630 3914 διανοίας
1659 3851 1886 3922 μύοντες

289 3949 603 4019 ὀφθαλμὸν,
651 3947 740 4001 διὰ
765 3946 923 4000 τοῦτο
955 3945 1015 4000 οὒ
1046 3945 1290 4016 δέχονται
1331 3943 1430 4016 τὴν
1456 3942 1688 4014 φωτίσαι
1729 3943 1887 3997 δυνα-

293 4041 473 4112 μένην
503 4040 704 4103 αὐτοὺς
733 4038 1035 4092 παίδευσιν.

370 4215 570 4271 Ταῦτα
615 4213 685 4267 δὲ
716 4207 887 4266 εἶπεν
929 4210 1190 4276 Ἡσαΐας,
1236 4207 1337 4262 ὅτε
1381 4201 1502 4261 εἶδε
1548 4205 1664 4275 τὴν
1699 4205 1886 4272 δόξαν

289 4309 509 4369 αὐτοῦ,
536 4307 636 4363 καὶ
664 4305 935 4362 ualuas
958 4301 1092 4370 περὶ
1117 4298 1327 4355 αὑτοῦ.
1577 4307 1583 4312 ·

365 4402 496 4454 Ὀτι
563 4399 662 4469 μὲν
703 4393 797 4450 οῦν
843 4395 937 4448 τὸν
977 4393 1100 4446 Υίὺν
1133 4393 1162 4445 6
1202 4395 1488 4463 προφήτης
1531 4389 1785 4445 τεθέαται
1828 4391 1886 4444 ἐν

287 4497 358 4565 τῇ
391 4492 527 4563 δόξῃ
568 4486 664 4542 τοῦ
718 4485 854 4539 Θεοῦ
906 4484 1002 4538 καὶ
1051 4483 1300 4554 Πατρός,
1336 4482 1434 4535 οὑκ
1478 4481 1544 4536 ἂν
1591 4480 1884 4535 ἐνδοιάσειέ

285 4603 401 4649 τις,
464 4582 721 4636 Ἰωάννου
753 4577 1060 4648 γράφοντος
1093 4574 1342 4646 ἐναργῶς
1387 4574 1518 4646 περὶ
1570 4572 1762 4640 αὑτοῦ,
1799 4573 1879 4626 ὅτι
1914 4608 1958 4665 D

285 4677 468 4732 ταῦτα
523 4668 679 4728 εἶπεν
739 4671 1006 4732 Ἡσαΐας,
1054 4669 1138 4720 ὅτι
1187 4661 1296 4720 εἶδε
1346 4667 1444 4737 τὴν
1493 4663 1650 4730 δόξαν
1690 4662 1878 4718 αὑτοῦ.

290 4769 494 4838 Ἀθρει
521 4765 579 4818 δέ
622 4781 713 4835 μοι
743 4761 848 4831 τῆς
877 4758 1218 4831 θεοπρεποῦς
1245 4757 1519 4828 ὑπεροχῆς
1553 4757 1614 4810 τὸ
1641 4755 1880 4826 ἀξίωμα,

286 4863 389 4917 καὶ
436 4859 503 4912 τὸ
551 4856 696 4911 κατὰ
747 4853 931 4924 πάσης
959 4850 1236 4922 ὑπεροχῆς
1263 4851 1483 4922 κράτος.
1521 4850 1579 4902 ’0
1633 4849 1732 4920 μὲν
1773 4852 1884 4920 γάρ

284 4958 443 5008 ἐστιν
484 4951 573 5019 ἐφ’
605 4944 815 5017 ὑψηλοῦ
842 4962 903 4997 τε
934 4943 1030 4996 καὶ
1071 4941 1386 5012 ἐπηρμένου
1422 4940 1614 5012 θρόνου
1639 4943 1754 5004 τοῖς
1783 4943 1884 5012 τῆς

285 5042 577 5117 βασιλείας
610 5035 1077 5108 εὐπρεπεστάτοις
1114 5033 1426 5104 αὐχήμασιν
1459 5028 1518 5086 εὑ
1565 5032 1709 5102 μάλα
1751 5047 1884 5086 κατ-

285 5133 634 5206 εστεμμένος
653 5149 667 5163 ο
698 5131 755 5184 αί
796 5128 854 5182 δὲ
899 5127 1170 5182 ἁνώταται
1199 5126 1459 5196 δυνάμεις
1487 5125 1606 5196 μεθ’
1632 5125 1699 5189 ἃς
1730 5125 1883 5178 οὐδὲν

285 5227 560 5278 ἐπέκεινα
595 5221 706 5274 τῶν
753 5216 1002 5289 γενητῶν
1039 5211 1180 5270 εἶναι
1209 5215 1450 5284 λέγεται,
1501 5214 1686 5286 κύκλῳ
1720 5231 1880 5288 περι-

284 5316 520 5378 εστῶσι,
548 5311 704 5377 τάξιν
737 5310 961 5382 ἔχουσαι
987 5307 1088 5380 τὴν
1126 5305 1404 5378 οἰκετικὴν
1428 5306 1524 5359 καὶ
1551 5308 1674 5370 ταῖς
1708 5306 1883 5377 εὐφη-

286 5409 451 5479 μίαις
490 5405 1013 5477 καταγεραίρουσαι.
1073 5401 1195 5472 Χρὴ
1246 5400 1304 5454 δὲ
1362 5399 1768 5470 ὑπολαμϐάνειν
1824 5403 1884 5454 ἐν

282 5502 540 5562 τοπικοῖς
585 5497 848 5568 ὑψώμασι
887 5496 976 5549 τὸν
1029 5493 1172 5548 θεῖον
1209 5491 1456 5545 τίθεσθαι
1485 5493 1674 5563 θρόνον
1719 5492 1880 5546 οὐδα-

286 5592 448 5664 μῶςο
487 5589 691 5661 εὔηθες
727 5588 839 5659 γὰρ
876 5587 936 5641 τὸ
983 5587 1128 5640 οὑτω
1166 5586 1323 5639 νοεῖν.
1371 5582 1538 5653 Ὑψοῦ
1582 5584 1640 5638 δὲ
1685 5587 1713 5638 6
1739 5584 1882 5651 θεῖος

280 5683 530 5740 τέθειται
565 5681 782 5754 θρόνος,
825 5679 963 5735 καθὸ
1009 5677 1106 5734 καὶ
1152 5679 1352 5733 νοεῖται
1393 5677 1576 5748 πάσης
1623 5677 1879 5733 ἐπέκεινα

355 5861 410 5894 ⁵⁸
445 5859 608 5917 Joan.
645 5873 716 5928 ι,
753 5858 846 5914 42.

1985 2011 2082 2064 riae
2126 2007 2359 2063 ultionis
2389 2021 2570 2062 sermo
2601 2021 2714 2077 prae
2757 2020 2817 2060 se
2854 2004 2980 2070 fert,
3015 2019 3194 2073 neque
3229 2001 3565 2056 determina-

1986 2109 2097 2155 tam
2128 2099 2604 2156 condemnationis
2645 2098 2700 2152 in
2737 2096 2956 2152 Judaeos
2985 2096 3280 2159 rationem,
3312 2094 3406 2148 sed
3453 2093 3562 2146 vim

1987 2209 2052 2249 ac
2097 2191 2396 2248 efficaciam
2455 2191 2611 2245 utilia
2665 2188 3036 2261 prtemonendi
3099 2187 3286 2242 habet.
3323 2185 3564 2240 Noverat

1986 2285 2135 2340 enim
2172 2284 2366 2354 quales
2394 2282 2563 2336 futuri
2593 2289 2773 2345 erant,
2803 2289 2857 2336 et
2904 2280 2971 2336 de
3014 2270 3123 2334 illis
3153 2278 3559 2350 pronuntiavit,

1988 2389 2306 2446 quanquam
2343 2387 2454 2427 non
2500 2373 2568 2427 ad
2613 2385 2806 2426 omnes
2843 2371 3083 2442 pertinet
3119 2382 3322 2435 sermo,
3358 2369 3454 2423 sed
3496 2368 3563 2422 ad

1988 2465 2141 2521 solos
2184 2464 2457 2528 inﬁdeles,
2493 2463 2651 2516 multi
2681 2462 2826 2516 enim
2859 2475 2926 2515 ex
2969 2461 3038 2516 iis
3075 2458 3437 2514 crediderunt
3464 2458 3512 2490 ⁵⁸
3548 2474 3562 2511 :

1990 2554 2072 2610 sic
2106 2552 2277 2622 igitur
2328 2553 2623 2606 ediderunt
2681 2549 3061 2622 Septuaginta.
3111 2546 3426 2604 Verisimile
3479 2553 3566 2603 est

1987 2659 2122 2700 vero
2174 2643 2576 2714 evangelistam
2633 2639 2986 2697 Hebraeorum
3046 2640 3348 2696 editionem
3403 2655 3563 2694 secu-

1990 2750 2104 2793 tum
2156 2751 2186 2790 a
2236 2734 2596 2805 Septuaginta
2628 2733 2933 2796 diversam,
2961 2732 3174 2786 dixisse
3228 2731 3354 2794 hoc,
3377 2750 3397 2781 ι
3428 2729 3565 2784 Pro-

1993 2836 2180 2899 pterea
2217 2841 2328 2880 non
2358 2832 2613 2894 poterant
2643 2822 2890 2887 credere,
2916 2823 3045 2892 quia
3073 2821 3479 2876 excaecaviteos
3511 2840 3558 2874 ει

1987 2926 2041 2973 et
2077 2914 2259 2987 quoad
2293 2923 2541 2984 apertam
2575 2912 2875 2967 dictionem
2919 2927 3028 2966 non
3076 2911 3213 2965 dixit
3252 2927 3564 2966 excacasse

1990 3008 2178 3078 ipsos;
2204 3022 2302 3076 par
2327 3013 2412 3061 est
2437 3012 2620 3060 autem
2653 3004 2824 3058 alium
2856 3003 2962 3057 hoc
2992 3001 3214 3066 fecisse,
3243 3012 3303 3056 ut
3334 3019 3566 3058 conver-

1991 3108 2242 3156 terentur
2302 3098 2518 3164 Judaei,
2563 3105 2620 3153 et
2681 3096 3017 3151 medicinam
3069 3107 3563 3166 consequerentur.

1992 3195 2149 3261 Quod
2189 3193 2236 3249 si
2285 3191 2630 3261 accipiamus
2680 3189 2852 3244 Deum
2884 3203 3210 3255 excrecasse,
3236 3189 3317 3245 sic
3360 3189 3568 3246 intelli-

1987 3287 2248 3358 gendum,
2280 3283 2607 3355 permisisse
2633 3296 2731 3338 eos
2773 3281 2886 3352 pati
2923 3281 3226 3337 caecitatem
3259 3297 3291 3336 a
3319 3282 3565 3348 diabolo,

1987 3379 2115 3451 quia
2167 3377 2300 3433 boni
2337 3391 2449 3432 non
2480 3381 2670 3431 essent
2715 3374 2927 3430 habitu.
2963 3371 3056 3429 Sic
3106 3373 3253 3429 enim
3307 3375 3476 3430 tradit
3510 3377 3567 3431 in

1986 3473 2283 3544 reprobam
2337 3478 2604 3534 mentem,
2642 3476 2698 3522 et
2741 3468 2797 3522 in
2849 3467 3222 3522 calamitatem
3273 3468 3320 3523 ei
3354 3467 3568 3523 similes

1986 3565 2261 3622 moribus.
2293 3561 2548 3630 Quandiu
2600 3575 2733 3616 vero
2770 3561 2905 3616 tales
2943 3567 3140 3625 erant,
3181 3575 3292 3615 non
3347 3575 3566 3632 aequum

1985 3666 2106 3714 erat
2135 3657 2216 3714 eis
2261 3654 2680 3711 communicare
2715 3650 3058 3706 altitudinem
3105 3658 3156 3707 et
3207 3652 3390 3708 abdita
3447 3668 3568 3723 my-

1986 3749 2166 3815 sterii,
2199 3747 2292 3819 qui
2349 3762 2418 3802 ne
2462 3745 2683 3816 quidem
2740 3744 2919 3813 legum
2971 3751 3246 3815 praecepta
3279 3745 3567 3801 observas-

1986 3852 2129 3900 senl.
2161 3840 2394 3908 Quando
2421 3853 2555 3895 vero
2585 3852 2764 3906 neque
2810 3837 3007 3907 legem,
3041 3850 3220 3906 neque
3245 3836 3563 3906 evangelica

1986 3941 2258 4009 praecepta
2285 3938 2641 4001 exceperunt,
2671 3943 2926 3999 soporem
2959 3936 3014 3982 et
3039 3935 3327 3982 veternum
3361 3927 3565 3984 mentis

1985 4026 2331 4083 nictantibus
2365 4023 2542 4079 oculis
2570 4022 2746 4094 passi,
2781 4027 3071 4090 propterea
3121 4033 3222 4074 nec
3256 4018 3564 4074 institutio-

1985 4135 2132 4182 nem,
2158 4132 2279 4189 quae
2308 4116 2433 4171 illos
2456 4113 2774 4170 illuminare
2804 4111 2950 4183 potis
2975 4111 3071 4176 sit,
3105 4110 3426 4166 admittunt.

2060 4209 2174 4278 Xll,
2202 4210 2290 4265 41.
2322 4208 2450 4263 Ha'c
2479 4223 2598 4262 vero
2624 4205 2762 4259 dixit
2803 4203 3003 4270 Isaias,
3035 4201 3248 4274 quando
3295 4201 3422 4256 vidit
3451 4204 3566 4273 glo-

1985 4303 2124 4357 riam
2153 4300 2291 4371 ejus,
2319 4307 2368 4354 et
2395 4296 2462 4351 de
2489 4313 2548 4351 eo
2580 4295 2784 4351 locutus
2816 4305 2915 4350 est.

2058 4393 2218 4462 Quod
2256 4389 2454 4445 Filium
2510 4388 2776 4460 propheta
2809 4386 3166 4457 conspicatus
3198 4387 3269 4442 sit
3301 4385 3354 4439 in
3391 4385 3563 4456 gloria

1986 4483 2084 4540 Dei
2143 4491 2199 4539 et
2253 4481 2475 4544 Patris,
2524 4494 2684 4535 nemo
2744 4478 3010 4549 ambigit,
3065 4477 3372 4546 praesertim
3437 4493 3563 4530 cum

1985 4576 2228 4633 Joannes
2257 4575 2462 4630 diserte
2498 4572 2704 4627 scribat
2749 4570 2817 4624 de
2865 4585 2953 4634 eo,
2986 4569 3135 4640 quod
3193 4569 3308 4623 haec
3360 4568 3565 4622 dixerit

1989 4669 2186 4729 Isaias,
2223 4665 2355 4736 quia
2395 4664 2536 4719 vidit
2562 4661 2796 4734 gloriam
2821 4661 2967 4732 ejus.
2993 4659 3228 4716 Attende
3260 4673 3390 4715 vero
3429 4660 3564 4716 mihi

1989 4763 2193 4818 divinae
2215 4758 2537 4816 eminentiae
2576 4756 2948 4826 maiestatem,
2973 4761 3029 4808 et
3057 4753 3222 4824 710
3254 4753 3310 4806 in
3344 4767 3564 4808 onmem

1988 4853 2341 4912 eminentiam
2399 4848 2709 4920 imperium.
2763 4845 2858 4902 Ille
2911 4846 3060 4901 enim
3116 4847 3173 4901 in
3218 4847 3436 4903 excelso
3501 4862 3566 4901 ac

1989 4946 2210 5005 sublimi
2263 4943 2402 5000 solio
2449 4941 2602 4997 sedet
2641 4939 2958 5009 insignibus
3003 4939 3158 5010 regni
3195 4950 3358 5010 atque
3397 4954 3566 4994 orna-

1990 5040 2193 5095 mentis
2250 5033 2540 5106 magniﬁce
2605 5031 3004 5095 circumdatus,
3057 5045 3219 5101 quem
3290 5045 3568 5100 supremae

1989 5132 2268 5202 potentiae,
2301 5129 2447 5182 ultra
2479 5139 2618 5195 quas
2662 5130 3041 5178 creaturarum
3090 5122 3228 5176 nihil
3269 5137 3392 5178 esse
3429 5121 3567 5176 dici-

1991 5231 2103 5286 tur,
2137 5222 2191 5276 in
2232 5219 2428 5274 ordine
2473 5216 2837 5272 l'amulantum
2879 5215 3326 5277 circumsistunt,
3355 5223 3410 5270 et
3446 5216 3566 5268 fau-

1985 5316 2088 5372 stis
2121 5310 2626 5368 acclamationibus
2662 5308 3031 5378 laudibusque
3063 5315 3420 5362 venerantur.
3446 5304 3566 5359 Ca3-

1987 5416 2165 5464 terum
2190 5418 2542 5475 nequaquam
2567 5401 2900 5457 censendum
2924 5408 3008 5456 cst
3047 5400 3209 5455 locali
3234 5397 3564 5453 celsitudine

1986 5501 2236 5558 divinum
2271 5498 2472 5552 solium
2525 5496 2816 5558 constitui,
2846 5493 2899 5548 id
2951 5491 3096 5548 enim
3136 5489 3385 5559 cogitare
3441 5488 3562 5543 ine-

1985 5603 2138 5666 ptum
2177 5591 2362 5646 fuerit.
2397 5587 2457 5643 In
2488 5587 2711 5644 sublimi
2761 5601 2893 5642 vero
2921 5584 3166 5658 divinum
3199 5581 3400 5638 solium
3430 5596 3564 5636 con-

1991 5683 2266 5749 stituitur,
2311 5680 2364 5735 in
2403 5687 2670 5750 quantum
2719 5677 2866 5732 ultra
2906 5690 3125 5732 omnem
3171 5673 3427 5730 naturam
3481 5673 3564 5752 in—
