4104 6486
549 438 617 494 99
1541 434 1601 489 S.
1647 431 1926 490 CYBILLI
1969 429 2441 487 ALEXANDRINI
2479 431 2804 488 ARCIIIEP.

3697 435 3803 488 1οὗ

549 551 883 623 telligibilem
945 550 1094 622 regni
1153 549 1248 604 Dei
1308 550 1480 621 gloria
1537 551 1877 620 concipitur,
1941 550 2119 606 sessio

2230 549 2441 617 posse);
2471 551 2694 621 νοητῆς,
2719 552 2820 620 τῆς
2845 550 2938 604 τοῦ
2967 548 3103 603 Θεοῦ
3142 548 3424 620 βασιλείας
3447 552 3484 620 ἡ
3506 551 3649 618 δόξα
3685 554 3718 622 ἡ
3744 554 3805 606 δὲ

550 659 679 700 vero
727 647 779 698 in
819 659 907 707 eo,
946 643 1118 698 veluti
1155 643 1529 697 firmissimam
1586 641 1641 696 in
1673 643 1940 696 bonorum
1975 641 2127 695 iden-

549 737 710 789 titate
747 735 1046 790 stationem
1095 749 1160 790 ac
1209 733 1556 792 durationem
1607 732 1824 786 videtur
1871 734 2122 788 innuere.

553 828 644 881 Sic
675 829 822 881 enim
849 826 1005 880 canit
1031 833 1085 880 et
1111 825 1335 880 divinus
1371 822 1546 878 David
1581 841 1596 878 :
1634 842 1654 876 ι
1705 822 1848 880 Deus
1884 824 2036 880 sedet
2071 825 2125 877 in

551 920 692 974 solio
724 925 917 974 sancto
949 917 1071 987 ejus
1093 917 1161 970 ⁸⁸.
1203 933 1222 966 ι
1258 915 1322 968 Ει
1371 913 1596 984 quidem
1638 917 1806 969 etiam
1860 915 2127 986 propheta

551 1010 817 1066 Jeremias
861 1010 1062 1063 alicubi
1109 1008 1175 1062 ad
1243 1008 1426 1078 ipsum
1468 1008 1594 1063 ait:
1633 1024 1654 1059 ι
1697 1005 1779 1061 Tu
1828 1008 2028 1063 sedens
2070 1010 2126 1063 in

553 1102 835 1165 saeculum,
859 1109 913 1154 et
933 1115 1034 1155 nos
1055 1108 1349 1169 pereuntes
1380 1099 1433 1152 in
1461 1099 1724 1154 saeculum
1752 1099 1818 1153 ".
1847 1118 1866 1150 ι
1901 1098 2130 1170 Semper

551 1197 698 1250 enim
749 1201 805 1250 et
839 1196 988 1249 omni
1046 1204 1297 1264 tempore
1335 1194 1719 1264 corruptibilis
1767 1203 1852 1249 est
1888 1202 1944 1249 et
1985 1194 2128 1248 facta

553 1295 775 1350 natura,
805 1295 858 1342 et
889 1287 1076 1341 omnia
1108 1288 1290 1357 genita
1328 1286 1474 1341 intra
1507 1285 1655 1341 hunc
1691 1287 1916 1341 modum
1955 1301 2014 1342 se
2039 1286 2132 1341 ha-

551 1378 701 1431 bent.
728 1374 896 1430 Sedet
944 1391 1097 1439 vero,
1125 1383 1183 1429 ut
1226 1375 1364 1438 dixi,
1397 1375 1647 1430 omnium
1687 1374 1868 1446 opifex
1903 1381 1957 1430 et
1995 1390 2128 1444 ope-

550 1471 724 1524 ratrix
781 1469 1098 1539 sapientia,
1148 1468 1202 1522 id
1264 1475 1350 1522 est
1403 1467 1793 1522 inconcussam
1851 1467 2016 1520 habet
2072 1467 2126 1520 in

549 1561 741 1616 eodem
794 1563 1286 1630 perseverantiam.
1314 1557 1414 1615 Vel
1468 1560 1638 1630 igitur
1676 1559 1876 1622 sedere,
1911 1557 2128 1614 Domini

553 1663 808 1707 naturam
846 1651 1144 1722 signiﬁcat,
1190 1651 1277 1706 vel
1311 1666 1543 1722 regnum
1598 1651 1794 1721 ipsius,
1839 1650 2127 1718 Seraphim

554 1746 610 1801 in
645 1745 829 1815 specie
876 1759 1164 1800 servorum
1212 1744 1262 1799 ei
1315 1743 1652 1806 astantibus,
1695 1758 1928 1812 quorum
1971 1743 2129 1812 longe

553 1852 722 1907 supra
764 1851 958 1891 omnes
998 1835 1226 1905 angelos
1272 1843 1358 1888 est
1401 1834 1671 1903 dignatio.
1701 1831 2130 1904 interpretamur

553 1939 735 1984 autem
787 1928 1073 1998 Seraphim
1119 1927 1271 1982 velut
1328 1923 1686 1980 incendiarios
1731 1925 1848 1981 sive
1904 1925 2120 1994 inflam-

551 2029 760 2074 mante:
810 2034 830 2073 :
866 2019 1004 2073 nihil
1055 2017 1201 2072 enim
1255 2017 1517 2088 frigidum
1571 2017 1640 2071 ad
1701 2031 1990 2087 supremas
2032 2031 2126 2087 po-

554 2119 803 2174 testates,
845 2124 969 2180 quae
1004 2108 1112 2164 Deo
1167 2109 1436 2178 proximae
1475 2117 1627 2172 sunt,
1682 2109 1922 2164 accedit.
1972 2107 2128 2174 Quod

553 2216 684 2256 vero
721 2201 1008 2271 Scraphim
1041 2199 1144 2256 alis
1165 2201 1424 2270 obtegant
1464 2199 1660 2255 faciem
1687 2207 1741 2255 et
1764 2199 1955 2270 pedes,
1985 2199 2129 2255 dua-

552 2291 766 2359 busque
811 2289 917 2344 alis
969 2289 1174 2353 volent,
1207 2289 1428 2356 signum
1480 2301 1568 2344 est
1600 2303 1712 2343 non
1748 2303 1910 2359 posse
1936 2306 2129 2360 quem-

550 2397 719 2452 quam
755 2387 1084 2450 conceptum
1132 2387 1188 2434 et
1241 2379 1515 2434 rationem
1565 2379 1634 2434 de
1672 2378 1807 2444 Deo,
1833 2389 1929 2434 aut
1969 2381 2126 2450 prin-

552 2474 758 2544 cipium
807 2480 902 2526 aut
955 2471 1120 2526 linem
1183 2469 1418 2525 intueri.
1455 2469 1630 2539 Caput
1668 2471 1813 2525 enim
1855 2479 1911 2527 et
1952 2470 2128 2525 vultus

547 2563 888 2635 principium
925 2561 1226 2633 significat,
1249 2560 1402 2631 pedes
1429 2576 1558 2616 vero
1585 2560 1747 2616 ﬁnem
1776 2579 1788 2614 :
1819 2575 1988 2632 porro
2008 2562 2129 2618 sine

551 2653 832 2726 principio
865 2662 919 2707 et
957 2653 1068 2707 [ine
1116 2651 1286 2716 Deus,
1319 2659 1374 2707 et
1407 2665 1509 2705 nos
1556 2652 1644 2705 vix
1695 2652 1938 2706 medium
1973 2667 2128 2708 asse-

551 2745 796 2816 quimur,
826 2757 913 2807 ea,
932 2742 1181 2811 inquam,
1213 2757 1336 2811 quae
1363 2741 1667 2796 secundum
1702 2750 1947 2811 tempora
1975 2751 2126 2807 sunt,

548 2835 862 2892 secundum
913 2848 1057 2903 qua,
1092 2847 1157 2887 ea
1209 2847 1332 2903 quae
1371 2833 1668 2903 aliquando
1723 2849 1832 2888 non
1865 2841 2027 2889 erant
2074 2835 2128 2890 in

550 2941 740 2981 rerum
767 2933 1022 2980 naturam
1065 2923 1330 2992 producta
1375 2931 1525 2979 sunt.
1558 2922 1760 2979 Volant
1793 2935 1973 2980 autem
2005 2935 2129 2979 tan-

552 3032 717 3088 quam
763 3016 904 3071 nihil
955 3015 1226 3070 habentes
1279 3014 1554 3084 abjectum
1585 3030 1652 3070 ac
1686 3016 2015 3083 demissum,
2043 3024 2132 3072 ut-

555 3117 683 3178 pote
708 3121 943 3178 quorum
987 3105 1218 3176 spiritus
1249 3106 1428 3177 magis
1473 3107 1529 3160 in
1579 3107 1812 3161 sublime
1860 3107 1927 3161 ad
1962 3107 2129 3162 Deum

2229 640 2445 704 κόιθισις
2473 643 2507 711 ἡ
2545 641 2632 693 ἐπ’
2667 641 2838 710 αὐτῷ,
2866 642 2966 712 τὴν
3004 640 3158 695 οἱονεί
3211 641 3568 713 βεῦαιοτάτην
3605 643 3700 698 καὶ
3742 644 3807 696 ὲν

2226 733 2510 802 ταυτότητι
2529 733 2636 786 τῶν
2665 732 2885 802 ἀγαθῶν
2911 733 3120 804 ἴδρυσίν
3139 750 3198 786 τε
3223 734 3318 787 καὶ
3340 732 3600 805 διαμονὴν
3627 734 3811 802 ἔοικεν

2227 824 2548 896 ὑποδηλοῦν.
2574 826 2781 880 Ψάλλει
2812 827 2919 900 γὰρ
2947 826 3088 879 οὕτω
3115 827 3205 880 καὶ
3232 826 3260 880 ό
3289 825 3431 890 θεῖος
3461 826 3624 881 Δαϐίδ
3643 845 3656 858 δ
3686 846 3707 878 ι
3743 828 3808 880 Ὁ

2226 917 2364 980 Θεὸς
2413 916 2648 988 κάθηται
2691 918 2785 971 ἐπὶ
2839 917 3030 988 θρόνου
3069 918 3224 986 ἁγίου
3277 917 3467 970 αὐτοῦ.
3499 937 3519 970 ι
3556 919 3666 972 Καὶ
3695 918 3810 988 μὴν

2229 1009 2323 1061 καὶ
2355 1010 2383 1062 ό
2432 1009 2723 1080 προφήτης
2776 1009 3048 1080 Ἱερεμίας
3092 1009 3232 1078 πρὸς
3267 1009 3428 1064 αὐτόν
3479 1009 3582 1064 πού
3635 1027 3806 1080 φησιο

2235 1119 2252 1150 ι
2286 1101 2357 1154 Σὺ
2401 1100 2711 1170 καθήμενος
2745 1102 2825 1164 είς
2855 1101 2948 1153 τὸν
2989 1100 3184 1163 αἰῶνα,
3220 1101 3315 1154 καὶ
3369 1102 3528 1172 ἡμεῖς
3570 1101 3810 1156 ἀπολλύ-

2232 1209 2385 1264 μενοι
2423 1194 2504 1256 είς
2526 1191 2617 1245 τὸν
2646 1191 2834 1246 αἰῶνα.
2864 1212 2884 1244 ι
2917 1193 3028 1246 Ἀεὶ
3061 1192 3170 1264 γὰρ
3202 1193 3297 1246 καὶ
3326 1194 3383 1246 ὲν
3414 1194 3578 1247 παντὶ
3604 1195 3807 1266 χρόνῳ,

2231 1284 2445 1355 φθαρτή
2477 1284 2536 1339 τέ
2560 1285 2675 1337 ἐστι
2697 1284 2792 1338 καὶ
2819 1284 3161 1356 πεποιημένη
3191 1285 3348 1353 φύσις
3380 1286 3607 1338 καὶτῶν
3637 1303 3808 1356 γενη-

2227 1377 2338 1430 τῶν
2369 1379 2429 1429 ὲν
2458 1376 2668 1440 τούτοις
2704 1377 2768 1430 τὸ
2812 1376 3031 1447 μέτρον.
3059 1376 3312 1447 Κάθηται
3349 1377 3430 1442 δὲ,
3470 1377 3548 1440 ὡς
3585 1377 3742 1445 ἔφην,
3771 1379 3809 1448 ἡ

2230 1471 2452 1524 πάντων
2479 1472 2712 1541 τεχνῖτις
2741 1471 2835 1523 καὶ
2865 1467 3195 1540 δημιουργὸς
3228 1468 3411 1538 σοφία,
3445 1467 3595 1522 τοῦτ’
3635 1470 3808 1532 ἐστιν,

2229 1563 2526 1634 ἀκλόνητον
2548 1563 2662 1634 ἔχει
2693 1564 2793 1635 τὴν
2822 1563 2880 1616 ὲν
2910 1561 3094 1632 ταυτῷ
3119 1561 3400 1631 διαμονήν.
3427 1561 3500 1614 Ἦ
3537 1560 3714 1615 τοίνυν
3744 1560 3811 1614 τὸ

2228 1657 2547 1726 καθῆσθαι,
2577 1656 2675 1727 τὴν
2709 1655 2802 1709 τοῦ
2838 1656 3108 1709 Δεσπότου
3132 1654 3294 1724 φύσιν
3327 1654 3603 1725 σημαίνει,
3639 1653 3673 1725 ἢ
3703 1653 3809 1724 τὴν

2231 1748 2510 1820 βασιλείαν
2555 1746 2744 1811 αὐτοῦ,
2800 1745 3170 1818 παρεστώτων
3223 1747 3401 1800 αὐτῶν
3455 1747 3514 1800 ὲν
3559 1747 3810 1816 σχήματι

2229 1840 2476 1904 δουλείας
2503 1838 2615 1893 τῶν
2643 1839 2914 1910 Σεραφὶμ,
2950 1838 2986 1892 ἃ
3017 1838 3274 1909 ὑπεράνω
3313 1838 3429 1891 ἐστὶ
3461 1838 3557 1891 καὶ
3583 1840 3808 1906 ἐντιμό-

2227 1946 2366 2000 τερα
2393 1927 2504 1982 τῶν
2543 1927 2791 1996 ἀγγέλων
2818 1928 3055 1981 πάντων.
3095 1926 3522 1998 Διερμηνεύεται
3542 1926 3599 1979 δὲ
3629 1928 3806 1995 Σερα-

2229 2019 2356 2088 φὶμ,
2393 2017 2753 2086 ἐμπρησταί,
2791 2017 2910 2086 ἦτοι
2937 2016 3352 2086 θερμαίνοντες
3375 2031 3390 2046 ο
3431 2016 3639 2088 ψυχρδν
3691 2018 3808 2086 γὰρ

2227 2107 2382 2162 οὐδὲν
2409 2108 2722 2178 παράγεται
2751 2109 2871 2170 ταῖς
2903 2107 3015 2161 ἄνω
3056 2107 3369 2177 δυνάμεσιν,
3405 2109 3571 2178 αἴπερ
3600 2108 3665 2162 ἂν
3691 2105 3808 2161 εἷεν

2231 2201 2469 2271 μάλιστα
2499 2200 2592 2254 καὶ
2635 2199 2803 2268 ἔγγὺς
2831 2198 2986 2252 Θεοῦ.
3024 2199 3301 2268 Σύμϐολον
3343 2197 3399 2252 δὲ
3425 2199 3488 2253 τὸ
3523 2202 3644 2263 ταῖς
3674 2200 3809 2252 πτέ-

2234 2290 2356 2362 ρυξι
2379 2289 2826 2344 κατακαλύπτειν
2843 2289 2912 2342 τὰ
2931 2287 3138 2359 Σεραφὶ
3147 2305 3204 2358 μ,
3224 2289 3285 2347 τό
3301 2305 3359 2342 τε
3393 2288 3682 2359 πρόσωπον
3707 2291 3811 2343 καὶ

2225 2382 2355 2446 τοὺς
2387 2381 2577 2446 πόδας,
2602 2381 2698 2434 καὶ
2730 2379 2988 2433 πέτεσθαι
3023 2379 3145 2440 ταῖς
3174 2378 3293 2432 δυσὶ
3321 2378 3564 2450 πτέρυξι,
3597 2377 3689 2431 τοῦ
3725 2380 3809 2448 μὴ

2227 2471 2483 2528 δύνασθαί
2524 2489 2676 2536 τινας
2721 2473 2754 2542 ἢ
2805 2471 2979 2542 ἀρχὴν
3033 2470 3066 2542 ἢ
3126 2470 3281 2534 τέλος
3319 2471 3452 2541 όρᾷν
3497 2469 3715 2526 ἑννοιιῖιν
3768 2468 3810 2534 ἠ

2227 2567 2403 2634 λόγων
2439 2565 2547 2619 τῶν
2590 2564 2720 2635 περὶ
2765 2563 2923 2619 θεοῦ.
2965 2563 3229 2634 Σημαίνει
3269 2563 3380 2634 γὰρ
3422 2564 3522 2632 τὴν
3564 2563 3736 2635 ἀρχὴν
3767 2564 3810 2634 ἡ

2228 2655 2466 2727 κεφαλὴ
2507 2657 2598 2710 καὶ
2627 2657 2688 2709 τὺ
2717 2656 3072 2724 πρόσωπον·
3111 2655 3173 2708 τὸ
3212 2655 3266 2708 δέ
3297 2673 3360 2724 γε
3395 2656 3570 2719 τέλος,
3603 2658 3656 2710 oi
3697 2658 3814 2711 πό.

2228 2751 2362 2816 ὃες·
2411 2749 2648 2819 ἄναρχον
2686 2746 2793 2820 γὰρ
2818 2747 2880 2800 τὸ
2911 2747 3066 2803 Θεῖον
3097 2749 3192 2801 καὶ
3230 2747 3604 2819 ἀτελεύτητον,
3636 2765 3812 2819 προσ-

2227 2839 2500 2910 ϐάλλομεν
2524 2837 2581 2892 δὲ
2606 2839 2721 2902 τοῖς
2752 2839 2840 2892 διὰ
2873 2838 3040 2908 μέσου
3074 2838 3248 2908 μόλις,
3275 2841 3389 2901 τοῖς
3419 2840 3560 2892 κατά
3583 2855 3646 2906 γε
3676 2839 3813 2903 τοὺς

2229 2931 2458 3004 χρόνους
2489 2931 2665 3002 φημί·
2690 2931 2810 2985 καθ’
2845 2930 2936 2994 οὓς
2966 2931 3034 2985 τὰ
3065 2931 3166 2984 οὐκ
3194 2930 3323 2985 ὄντα
3359 2931 3489 2985 ποτὲ
3520 2931 3812 3005 παρήχθη-

2232 3041 2330 3078 σαν
2361 3023 2499 3096 πρὸς
2530 3021 2788 3092 ὓπαρξιν.
2819 3020 3081 3075 Πέτονταί
3108 3037 3172 3089 γε
3209 3021 3317 3092 μὴν
3354 3021 3430 3085 ὡς
3465 3021 3617 3074 οὐδὲν
3651 3021 3810 3091 ἔχον.

2230 3134 2322 3182 τες
2355 3116 2416 3170 τὸ
2447 3115 2920 3186 κατεῤῥιμμένονο
2959 3111 3096 3183 ὑψοῦ
3136 3113 3192 3166 δὲ
3225 3113 3424 3182 μᾶλλον
3456 3115 3544 3169 ἀεὶ
3574 3114 3635 3168 τὺ
3674 3115 3812 3186 φρό-

555 3193 752 3256 tendit.
798 3195 909 3253 Nec
939 3196 1089 3252 enim
1140 3196 1310 3251 sicuti
1357 3212 1457 3253 nos
1491 3205 1711 3253 terrena
1758 3199 2002 3268 sapiunt,
2033 3199 2128 3254 sed

2232 3227 2380 3280 νημα
2412 3207 2548 3280 πρὸς
2575 3207 2726 3261 Θεόν.
2759 3206 2834 3259 Οὐ
2869 3206 2977 3275 γάρ
3000 3222 3082 3258 τοι
3105 3205 3240 3276 πρὸς
3267 3207 3414 3275 ἡμᾶς
3447 3206 3704 3277 φρονοῦσι
3740 3208 3812 3262 τὰ

554 3288 614 3344 in
638 3287 973 3359 quibusdam
1004 3302 1116 3342 non
1145 3288 1475 3342 warrandis
1504 3289 1938 3357 speculationum
1974 3287 2128 3344 fasti-

554 3381 663 3453 giis
689 3394 754 3435 ac
783 3378 1224 3437 sublimitatibus
1273 3394 1548 3450 supremae
1600 3380 1862 3450 potentiae
1892 3391 2128 3435 mentem

555 3475 877 3540 occupatam
909 3467 1137 3524 habent.
1163 3467 1240 3524 οε
1279 3470 1446 3524 etiam
1474 3469 1558 3524 eis
1588 3469 1842 3525 laudibus
1868 3479 1923 3524 et
1945 3470 2129 3524 faven-

554 3560 694 3614 tium
713 3558 1201 3614 acclamationibus
1225 3567 1488 3628 personat
1511 3577 1525 3614 :
1548 3558 1754 3629 quippe
1781 3558 1877 3614 Dei
1897 3559 2130 3630 gloriam

553 3651 880 3712 concinunt,
915 3651 1078 3720 idque
1108 3651 1357 3716 alternis,
1403 3665 1516 3707 non
1541 3651 1687 3718 quod
1728 3649 2008 3715 fatiscant,
2035 3652 2130 3708 sed

554 3743 788 3798 invicem
873 3740 1032 3811 711
1122 3739 1227 3796 sibi
1286 3739 1555 3796 honorem
1611 3739 2019 3805 com-edentes,
2077 3747 2132 3795 et

555 3833 727 3888 Deum
758 3831 1017 3888 laudandi
1049 3830 1226 3888 vicem
1248 3832 1353 3886 sibi
1380 3841 1572 3884 mutuo
1601 3830 1881 3886 tradentes
1911 3831 2132 3886 :omnia

552 3925 700 3982 enim
731 3923 788 3978 in
830 3922 1027 3978 ordine
1081 3938 1204 3994 qua;
1253 3937 1422 3992 supra
1467 3927 1618 3975 sunt.
1655 3919 1762 3976 Ter
1792 3937 1923 3976 vero
1974 3923 2129 3987 illud,

554 4023 814 4080 sanctas,
849 4015 1098 4071 dicentes
1156 4013 1501 4070 concludunt
1562 4014 2016 4084 glorificationem
2074 4019 2130 4080 in

555 4108 682 4171 hoc,
715 4125 735 4159 ι
779 4105 1045 4161 Dominus
1076 4103 1344 4170 Sabaoth,
1389 4124 1409 4158 ι
1449 4105 1505 4159 in
1537 4119 1645 4159 una
1679 4115 1894 4162 naturae
1927 4106 2131 4164 deitate

555 4205 807 4254 sanctam
847 4198 1177 4253 Trinitatem
1213 4197 1576 4254 collocantcs.
1623 4197 1936 4255 Subsistere
1983 4201 2130 4256 enim

556 4306 686 4346 vere
719 4291 957 4347 dicimus
990 4291 1230 4354 Patrem,
1276 4290 1359 4345 sic
1403 4298 1458 4345 et
1509 4289 1731 4357 Filium,
1763 4303 1817 4348 et
1865 4292 2131 4363 Spiritum

557 4393 838 4447 sanctum,
865 4399 967 4439 nec
999 4385 1110 4438 ulla
1146 4383 1291 4438 ratio
1327 4383 1381 4437 in
1429 4382 1804 4439 diversitatem
1846 4384 2130 4454 physicam

555 4476 747 4532 divisit
778 4490 1228 4547 unumquemque
1286 4474 1764 4544 supradictorum,
1794 4474 1890 4529 sed
1931 4476 1986 4530 in
2034 4475 2134 4530 tri-

556 4569 685 4640 plici
727 4567 1012 4641 hypostasi
1045 4581 1155 4622 una
1182 4566 1364 4622 deitas
1394 4566 1739 4637 intelligitur.

625 4660 1099 4728 Quemadmodum
1139 4659 1287 4715 enim
1327 4659 1496 4714 carbo
1535 4666 1732 4713 natura
1769 4659 1972 4729 lignum
2012 4671 2130 4724 est,

553 4763 609 4810 et
636 4754 838 4825 alioqui
868 4760 1020 4809 totus
1047 4767 1148 4824 per
1180 4759 1356 4806 totum
1390 4751 1515 4821 igne
1545 4751 1739 4811 plenus
1766 4758 1883 4816 est,
1903 4751 2134 4822 ejusque

555 4847 663 4900 vim
705 4861 770 4900 ac
816 4844 1113 4901 eﬂicaciam
1151 4843 1348 4908 habet,
1389 4841 1468 4894 sic
1493 4849 1547 4896 et
1581 4838 1817 4897 Verbum
1858 4841 2002 4912 ignis
2037 4857 2134 4896 cx-

555 4939 760 4995 sis'ens
796 4945 855 4991 ut
889 4936 1069 5001 Deus,
1100 4953 1120 4986 ι
1153 4934 1358 4988 factum
1389 4943 1477 4989 est
1506 4947 1664 4998 caro,
1693 4943 1750 4988 et
1778 4933 2047 4989 habitavit
2075 4934 2132 4990 in

555 5027 735 5082 nobis.
765 5045 786 5078 ι
814 5023 928 5082 Etsi
971 5038 1104 5079 vero
1129 5023 1576 5092 conspiciebatur
1613 5023 1780 5077 homo
1826 5022 2002 5078 instar
2032 5040 2131 5080 no-

553 5127 730 5174 strum
755 5133 821 5174 ex
851 5115 1279 5188 dispensationis
1313 5115 1526 5180 ordine,
1549 5123 1790 5170 attamen
1819 5131 1982 5174 omne
2012 5116 2132 5173 dei-

554 5211 686 5266 tatis
709 5209 1173 5279 complementum
1203 5205 1258 5260 in
1289 5219 1355 5261 eo
1381 5205 1696 5273 residebat,
1726 5208 1988 5264 nimirum
2033 5225 2133 5280 per

557 5301 779 5356 unienis
819 5299 1064 5354 modum.
1115 5296 1327 5352 Idcirco
1363 5297 1530 5352 etiam
1571 5312 1666 5368 per
1706 5313 1864 5355 suam
1907 5314 2128 5356 carnem

556 5389 668 5446 Deo
719 5389 1078 5461 dignissimas
1127 5387 1330 5444 habere
1367 5389 1615 5444 cernitur
1652 5392 2024 5462 operationes.
2067 5394 2128 5448 Si

556 5497 688 5538 vero
716 5480 936 5536 dicatur
971 5478 1186 5551 forcipe
1215 5480 1335 5550 capi
1361 5520 1374 5545 ,
1433 5480 1711 5553 intelliges
1761 5483 2042 5554 eleganter
2073 5493 2130 5541 et

558 5573 789 5637 urbane,
816 5585 919 5627 nos
952 5572 1099 5626 circa
1130 5587 1256 5628 eum
1282 5571 1442 5627 fidem
1467 5587 1532 5627 ac
1561 5573 1812 5629 notitiam
1844 5576 1992 5632 velut
2029 5577 2130 5630 ali-

555 5678 664 5734 qua
693 5661 924 5732 forcipe,
960 5677 1059 5732 per
1078 5662 1281 5732 legales
1309 5662 1474 5718 simul
1509 5671 1564 5718 et
1598 5664 1949 5734 propheticas
1972 5667 2130 5724 insti-

556 5753 823 5820 tutiones,
854 5753 970 5808 sive
996 5752 1380 5823 praedictiones
1410 5759 1464 5806 et
1489 5753 1827 5807 testimonia.

629 5867 679 5898 “
716 5864 862 5922 Psal.
895 5882 1055 5934 mn,
1089 5868 1173 5922 l9.
1253 5867 1298 5900 ⁸⁷
1339 5865 1550 5920 Daruch
1584 5881 1683 5932 ιιι,
1717 5864 1772 5920 5.

2230 3302 2416 3356 κάτω·
2449 3300 2564 3353 ἀλλ’
2602 3301 2660 3352 ἐν
2695 3299 3036 3370 ἀπορρήτοις
3076 3299 3218 3351 τισὶν
3255 3297 3543 3369 ὑψώμασιν
3587 3299 3812 3353 ἐννοιῶν

2229 3393 2286 3445 αί
2313 3391 2589 3446 ἀνώταται
2625 3391 2905 3460 δυνάμεις,
2945 3389 3037 3443 τὸν
3075 3391 3274 3444 οίκεῖον
3314 3390 3496 3461 ἔχουσι
3529 3392 3671 3446 νοῦν.
3703 3393 3812 3448 Εὔα

2229 3499 2304 3553 φη
2315 3497 2413 3551 μον
2443 3481 2502 3535 δὲ
2531 3482 2625 3534 καὶ
2647 3481 2710 3533 τὸ
2735 3481 2910 3552 στόμα
2934 3481 3117 3544 αὐτοῖς
3135 3497 3149 3511 ·
3175 3481 3519 3552 δοξολογοῦσι
3548 3483 3679 3555 γὰρ.
3711 3485 3813 3538 καὶ

2229 3573 2388 3628 τοῦτο
2426 3573 2485 3641 ἐξ
2511 3573 2772 3644 ἀμοιϐῆς,
2797 3573 2856 3626 οὐ
2881 3573 2970 3626 διὰ
3000 3591 3064 3642 γε
3091 3574 3153 3627 τὸ
3177 3575 3427 3645 κάμνειν,
3453 3575 3814 3646 παραχωροῦ-

2233 3681 2325 3718 σαι
2358 3663 2556 3736 μᾶλλον
2579 3663 2680 3727 τὰς
2707 3664 2876 3734 τιμὰς
2905 3663 3185 3734 ἀλλήλαις,
3218 3665 3314 3718 καὶ
3342 3664 3811 3736 ἀντιδωρούμεναι

2228 3756 2328 3821 τὰς
2357 3756 2692 3826 δοξολογίας·
2726 3757 2903 3811 πάντα
2931 3756 3042 3828 γὰρ
3077 3757 3136 3810 ὲν
3175 3757 3366 3828 κόσμῳ
3395 3756 3463 3810 τὰ
3513 3755 3646 3810 ἄνω.
3672 3757 3814 3828 Τρὶς

2229 3849 2287 3903 δὲ
2317 3849 2399 3912 τὺ,
2424 3848 2590 3918 ἅγιος
2641 3848 2912 3916 λέγοντες,
2951 3847 3334 3902 κατακλείουσι
3361 3847 3459 3918 τὴν
3499 3845 3812 3914 δοξολογίαν

2231 3941 2312 4002 είς
2344 3939 2427 4002 τὸ,
2477 3957 2494 3989 ι
2522 3937 2724 4008 Κύριος
2758 3937 3010 4001 Σαϐαὼθ,
3042 3957 3061 3990 ι
3111 3939 3171 3990 ὲν
3207 3939 3304 4009 μιᾷ
3333 3937 3548 4006 φύσεως
3593 3937 3813 4006 θεότητι

2230 4031 2330 4102 τὴν
2362 4030 2523 4098 ἁγίαν
2555 4029 2794 4092 τιθέντες
2838 4028 3063 4100 Τριάδα.
3106 4029 3434 4098 Ὑφεστάναι
3472 4030 3580 4100 γὰρ
3618 4030 3814 4100 ὁμολο-

2233 4123 2514 4194 γουμένως
2542 4121 2721 4191 φαμὲν
2750 4120 2840 4173 τὸν
2878 4121 3118 4192 Πατέρα,
3142 4120 3284 4174 οὕτω
3306 4121 3363 4174 δὲ
3402 4121 3494 4174 καὶ
3537 4121 3627 4174 τὸν
3657 4121 3809 4187 Υίὸν,

2233 4213 2330 4268 καὶ
2357 4213 2418 4265 τὸ
2451 4211 2678 4281 Πνεῦμα
2708 4212 2767 4264 τὸ
2799 4211 2973 4279 ἅγιον,
3017 4213 3110 4264 καὶ
3146 4211 3304 4279 λόγος
3335 4212 3507 4274 οὐδεὶς
3535 4212 3813 4283 διατέμνει

2232 4307 2368 4377 πρὸς
2395 4301 2689 4377 ἑτερότητα
2716 4305 2950 4374 φυσικὴν
2980 4304 3088 4357 τῶν
3127 4303 3531 4374 ὠνομασμένων
3557 4303 3810 4368 ἕκαστον,

2233 4397 2350 4452 ἀλλ’
2381 4398 2440 4451 ἓν
2468 4398 2803 4451 ὑποστάσεσι
2834 4397 2984 4468 τρισὶ
3013 4399 3216 4450 νοεῖται
3257 4397 3354 4468 μία
3387 4396 3596 4467 θεότης.

2311 4661 2522 4732 Ὥσπερ
2549 4660 2657 4731 γὰρ
2675 4661 2703 4713 ὁ
2729 4658 2954 4731 ἄνθραξ,
2979 4660 3045 4729 τῇ
3083 4657 3244 4728 φύσει
3285 4657 3443 4725 ξύλον
3482 4658 3596 4711 ἐστὶ
3616 4698 3630 4720 ,
3665 4657 3812 4728 πλὴν

2238 4748 2358 4812 ὅλος
2376 4747 2442 4802 δι’
2463 4747 2586 4801 ὅλου
2629 4747 2974 4819 μεμεστωται
3013 4746 3108 4800 τοῦ
3153 4746 3344 4818 πυρὸς,
3386 4747 3480 4800 καὶ
3505 4746 3602 4818 τὴν
3641 4748 3810 4800 αὑτοῦ

2235 4841 2467 4912 δύναμιν
2496 4841 2592 4894 καὶ
2640 4840 2925 4909 ἐνέργειαν
2963 4837 3098 4909 ἔχει,
3135 4838 3278 4893 οὓτω
3307 4840 3402 4892 καὶ
3426 4840 3455 4892 ό
3497 4839 3666 4906 Λόγος
3698 4839 3811 4908 πῦρ

2234 4933 2332 4997 ὢν,
2359 4934 2434 5000 ὡς
2455 4934 2608 4999 Θεὸς,
2636 4953 2656 4986 ι
2675 4932 2868 5003 γέγονε
2892 4931 3048 5002 σὰρξ,
3071 4932 3166 4986 καὶ
3193 4933 3502 5003 ἐσκήνωσεν
3523 4933 3580 4984 ὲν
3607 4933 3761 5001 ἡμῖν.
3784 4951 3804 4982 ι

2248 5027 2390 5081 ’Δλλ’
2421 5027 2472 5083 εἰ
2509 5026 2604 5080 καὶ
2630 5020 2702 5096 ἦν
2732 5024 2851 5078 καθ’
2880 5024 3028 5094 ἡμᾶς
3056 5022 3332 5094 ὁρώμενος
3351 5023 3636 5094 ἄνθρωπος
3666 5023 3811 5076 οἰκο-

2237 5117 2500 5189 νομικῶς,
2534 5117 2649 5171 ἀλλ’
2681 5111 2776 5170 οὖν
2809 5115 2955 5170 ἅπαν
2987 5116 3049 5170 τὸ
3093 5116 3192 5188 τῆς
3236 5115 3490 5184 θεότητος
3535 5113 3811 5184 πλήρωμα

2239 5209 2560 5280 κατῴκησεν
2599 5209 2656 5262 ὲν
2676 5205 2844 5278 αὐτῷ,
2875 5207 3018 5262 κατά
3051 5207 3115 5277 γέ
3147 5224 3293 5278 φημι
3317 5207 3410 5260 τὸν
3439 5206 3537 5278 τῆς
3564 5204 3811 5268 ἑνώσεως

2233 5303 2459 5374 τρόπον.
2488 5299 2679 5371 Ταύτῃ
2704 5317 2788 5352 τοι
2816 5300 2912 5354 καὶ
2935 5300 3025 5354 διὰ
3048 5300 3151 5371 τῆς
3183 5299 3319 5363 ιδίας
3340 5299 3562 5370 σαρκὸς,
3583 5298 3810 5368 θεοπρε-

2234 5394 2512 5457 πεστάτας
2559 5392 2700 5463 ἔχων
2729 5394 2925 5464 ὁρᾶται
2952 5394 3051 5456 τὰς
3091 5393 3392 5464 ἐνεργείας.
3428 5393 3490 5446 Εἰ
3518 5391 3575 5444 δὲ
3623 5391 3688 5463 δὴ
3716 5389 3808 5444 λέ-

2235 5499 2386 5552 γοιτο
2429 5485 2497 5554 τῇ
2521 5481 2698 5536 λαϐίδι
2729 5481 3122 5555 λαμϐάνεσθαι,
3159 5483 3412 5552 συνήσεις
3440 5480 3694 5544 ἀστείως,
3724 5479 3808 5533 ὅτι

2235 5573 2336 5644 τὴν
2369 5573 2456 5626 ἐπ’
2486 5571 2635 5641 αὐτῷ
2661 5571 2844 5625 πίστιν
2871 5571 2966 5626 καὶ
2989 5571 3188 5640 γνῶσιν
3208 5569 3460 5640 καθάπερ
3484 5566 3592 5620 τινὶ
3631 5565 3808 5619 λαείδι

2236 5663 2526 5734 δεχόμεθα,
2557 5663 2646 5717 διὰ
2677 5663 2922 5734 νομικῶν
2940 5679 2999 5714 τε
3030 5661 3146 5732 ἃμα
3166 5661 3262 5716 καὶ
3292 5658 3647 5733 προφητικῶν
3677 5672 3808 5712 παι-

2233 5755 2535 5824 δευμάτων,
2571 5756 2690 5824 ἤτοι
2722 5754 3176 5825 προαγορεύσεων
3207 5753 3299 5807 ml.
3331 5749 3666 5822 μαρτυριῶν.
