4104 6438
277 405 376 460 {Ol

1003 363 1016 366 ’
1096 400 1161 456 IN
1200 399 1544 457 JOANNEM.
1578 402 1797 457 -—LIB.
1841 401 1934 457 ut
1976 401 2065 457 ET
2110 402 2220 458 vm
2251 402 2700 462 FRAGMENTA.

3439 423 3539 466 uti

353 526 545 592 Ὅμως
591 520 705 591 μέν
733 538 823 575 τοι
877 500 972 575 καί
1015 521 1085 573 ἐκ
1133 519 1256 573 τῶν
1299 520 1608 589 ἀρχόντων
1654 521 1868 573 πολλοὶ

2047 519 2134 574 XII
2159 562 2174 585 ,
2207 521 2297 575 42.
2337 521 2534 576 Tamen
2569 532 2618 576 et
2653 537 2718 576 ρει·
2751 522 3078 591 principibus
3107 525 3262 578 multi
3307 530 3540 583 credide-

271 617 658 670 ἐπίστευσαν
694 615 782 679 είς
825 614 1032 676 αὑτὸν,
1067 613 1164 666 καὶ
1194 613 1266 665 τὰ
1295 613 1442 682 ἑξῆς.

351 709 467 762 Νῦν
504 707 608 777 μέν
644 723 727 760 τοι
768 705 1169 775 συνωθούμενοι
1213 704 1320 757 ὑπὸ
1349 703 1458 756 τῶν
1498 703 1742 775 σημείων
1787 704 1865 765 είς

267 802 333 854 τὸ
370 799 678 861 πιστεύειν,
727 798 821 852 καὶ
852 797 1036 851 οὑκέτι
1083 796 1394 866 τολμῶντες
1447 797 1750 866 ἀντιλέγειν
1781 795 1866 866 ’τῷ

272 891 490 962 Κυρίῳ,
531 891 861 943 ἐκπίπτουσι
889 889 988 959 τῆς
1036 888 1258 942 αἰωνίου
1303 888 1470 958 ζωῆς,
1507 890 1739 959 ἐπιμονῇ
1766 889 1866 958 τῆς

271 980 495 1033 ἑαυτῶν
529 978 836 1048 βδελυρίας,
867 976 965 1048 τὴν
993 978 1074 1040 εἰς
1095 976 1419 1046 ἀνθρώπους
1440 976 1575 1030 αίδὼ
1605 979 1705 1048 τῆς
1730 978 1866 1048 πρὸς

271 1075 410 1128 Θεὸν
457 1073 792 1135 οίκειὼσεως
841 1074 1308 1142 προτιμήσαντες,
1360 1073 1454 1126 καὶ
1507 1073 1666 1145 δόξης
1698 1091 1866 1144 προσ-

273 1165 474 1236 καίρου
529 1164 708 1216 δοῦλοι
757 1163 932 1228 ὄντες,
987 1145 1263 1236 ἀφόρῗιτον
1317 1165 1609 1235 ἡγούμενοι
1662 1166 1864 1235 ζημίαν

269 1258 332 1310 τὸ
368 1258 632 1308 ἐκπεσεῖν
671 1255 769 1320 τῆς
794 1255 858 1306 ὲκ
891 1253 1001 1306 τῶν
1027 1253 1338 1323 Φαρισαίων
1374 1255 1556 1323 τιμῆς.
1598 1254 1752 1307 Ἐπεὶ
1772 1249 1864 1309 οὖν

269 1349 436 1403 τοῦτο
462 1343 535 1417 ἦν
573 1347 637 1399 τὸ
664 1345 875 1398 κωλῦον
901 1346 1100 1410 αὑτοὺς
1132 1347 1426 1400 πιστεῦσαι
1453 1348 1598 1409 τότε,
1631 1348 1865 1402 ἄκουσον

269 1442 324 1494 τί
357 1457 534 1508 φησιν
563 1441 592 1490 6
616 1438 875 1510 Χριστός.

355 1533 422 1584 '0
467 1530 774 1584 πιστεύων
833 1532 922 1595 εις
971 1529 1107 1599 ἐμὲ,
1153 1532 1226 1585 σὺ
1277 1532 1547 1585 πιστεύει
1603 1533 1692 1598 είς
1735 1531 1862 1602 ἐμὲ,

267 1625 415 1679 ἀλλ’
438 1626 530 1690 εἰς
555 1624 663 1677 τὸν
692 1622 1019 1692 πέμψαντά
1039 1639 1136 1692 με,
1171 1624 1267 1677 καὶ
1297 1623 1363 1676 τά
1399 1621 1545 1695 ἑξῆς.

344 1718 563 1787 Κράζει
608 1717 665 1771 δὲ
699 1716 849 1790 παρὰ
885 1715 946 1770 τὸ
995 1716 1184 1780 εἰωθὸς
1225 1717 1436 1788 ἑαυτῷ,
1470 1717 1681 1786 ἐλέγχει
1730 1715 1786 1770 δὲ
1828 1719 1862 1789 ἠ

271 1809 500 1878 κραυγὴ
526 1808 639 1862 τῶν
665 1808 1076 1864 πιστευσάντων
1118 1806 1218 1877 μὶν
1246 1809 1323 1871 είς
1360 1807 1542 1870 αὑτὸν,
1572 1809 1671 1860 οὑκ
1700 1810 1865 1876 ἐγκα-

1974 622 2098 687 Iunt
2132 614 2185 664 in
2229 629 2370 675 eum,
2401 622 2508 667 etc.

2042 702 2332 758 Enimvero
2359 705 2469 774 jam
2490 705 2760 774 compulsi
2783 705 3072 762 miraculis
3095 707 3162 762 ad
3185 710 3540 774 credendum,

1972 809 2074 849 nec
2098 795 2239 848 ultra
2269 797 2534 850 audentes
2560 798 2939 850 contradicere
2967 796 3222 864 Domino,
3250 800 3543 855 abaeterna

1972 887 2082 941 vita
2115 888 2378 942 excidunt
2404 905 2417 942 :
2449 889 2653 958 quippe
2683 888 2738 941 in
2762 903 2862 944 sua
2903 891 3148 959 nequitia
3175 891 3450 946 obﬁrmati
3478 908 3544 946 ac

1971 987 2408 1048 perseverantes,
2446 980 2714 1050 pudorem
2750 996 2812 1034 ac
2846 982 3230 1037 verecundiam
3261 984 3542 1038 hominum

1973 1071 2066 1125 Dei
2114 1074 2290 1126 amori
2329 1087 2394 1126 ac
2435 1071 2812 1142 coniunctioni
2843 1080 3204 1143 anteponunt,
3245 1085 3546 1129 momenta-

1972 1179 2090 1217 nete
2123 1163 2314 1233 gloriae
2338 1165 2502 1228 servi,
2533 1165 2735 1234 quibus
2772 1163 3116 1218 intoleranda
3145 1164 3361 1234 jactura
3391 1165 3545 1220 vide-

1971 1261 2080 1312 tur,
2111 1253 2155 1306 si
2188 1253 2476 1313 honorem,
2527 1267 2689 1322 quem
2733 1253 2874 1322 apud
2919 1251 3230 1310 Pharisaros
3257 1255 3542 1317 obtinent,

1969 1343 2276 1397 amiserint.
2310 1341 2768 1412 Quandoquidem
2815 1343 2981 1413 igitur
3031 1343 3132 1398 hoc
3181 1360 3275 1400 eos
3329 1345 3545 1414 quomi-

1971 1450 2077 1490 nus
2098 1436 2390 1490 crederent
2436 1436 2761 1500 cohibebat,
2791 1434 2917 1488 andi
2942 1435 3073 1505 quid
3097 1436 3242 1490 dicat
3262 1436 3542 1493 Christus.

2039 1524 2163 1590 XII,
2201 1527 2294 1580 Η.
2348 1526 2454 1594 Qui
2503 1527 2671 1582 credit
2722 1527 2778 1581 in
2827 1542 2944 1592 me,
3000 1543 3103 1580 non
3145 1529 3310 1582 credit
3355 1530 3409 1582 in
3441 1545 3542 1590 me,

1971 1615 2062 1670 sed
2093 1617 2150 1671 in
2181 1634 2302 1672 eum
2336 1620 2428 1689 qui
2451 1619 2599 1672 misit
2630 1635 2734 1686 me,
2767 1629 2873 1674 etc.

2043 1707 2391 1766 Vociferatur
2423 1719 2623 1782 praeter
2654 1727 2862 1766 morem
2899 1727 3060 1768 suum
3079 1752 3094 1778 ,
3119 1719 3286 1783 atque
3317 1712 3419 1766 hac
3449 1727 3545 1764 vo-

1971 1803 2296 1858 ciferatione
2325 1803 2766 1875 intempestivum
2797 1805 3062 1874 pudorem
3085 1821 3275 1860 eorum
3303 1806 3394 1874 qui
3421 1820 3545 1860 cre-

269 1895 611 1963 λυψαμένων
644 1895 699 1948 δὲ
723 1895 828 1960 ἔτι,
861 1896 963 1967 τὴν
991 1897 1223 1968 ἄκαιρον
1265 1896 1419 1950 αἰδώ.
1453 1898 1530 1950 Οὑ
1563 1897 1673 1967 γὰρ
1709 1898 1865 1968 λελη-

1969 1894 2196 1959 debant,
2226 1896 2462 1950 necdum
2498 1904 2680 1950 tamen
2716 1896 2896 1965 palam
2940 1901 3042 1950 hoc
3089 1897 3343 1966 agebant,
3386 1911 3546 1950 coar-

273 1984 450 2048 θότως
472 1985 740 2055 τιμᾶσθαι
772 1985 1020 2056 βούλεται
1052 1987 1204 2058 παρὰ
1223 1987 1333 2041 τῶν
1364 1985 1665 2058 θαυμάζειν
1703 1987 1865 2042 αὑτὸν

271 2074 648 2145 βουλομένων,
675 2075 812 2129 ἀλλά
843 2075 1115 2146 φανερῶς.
1144 2077 1355 2147 Χρῆναι
1377 2077 1484 2148 γάρ
1515 2077 1864 2147 ὑπελάμϐανε

268 2171 374 2238 τὴν
407 2169 512 2238 μὲν
541 2169 727 2222 πίστιν
765 2169 1122 2224 ἀποτίθεσθαι
1147 2173 1212 2241 τῇ
1248 2171 1466 2242 καρδίᾳ,
1505 2171 1774 2226 ποιεῖσθαί
1801 2189 1866 2242 γε

271 2260 384 2332 μὴν
433 2264 494 2314 ὲν
547 2262 836 2334 παρρησίᾳ
871 2262 1038 2333 πολλῇ
1085 2262 1185 2332 τὴν
1232 2263 1320 2316 ἐπ’
1368 2263 1504 2334 αὑτῇ
1550 2266 1868 2335 σοφωτάτην

266 2351 594 2421 ὁμολογίαν.
643 2353 863 2424 Ἐπειδὴ
911 2354 970 2407 δὲ
1007 2353 1139 2417 Θεὸς
1186 2353 1328 2407 κατά
1374 2353 1536 2424 φύσιν
1579 2357 1864 2428 ὑπάρχων,

267 2445 372 2514 τὴν
411 2443 539 2497 καθ’
583 2445 733 2516 ἡμᾶς
768 2445 935 2497 ὑπέδυ
985 2444 1220 2516 μορφὴν,
1255 2449 1606 2517 παραιτεῖται
1648 2449 1870 2520 γυμνῶς

267 2539 350 2600 είς
383 2536 694 2607 μισούντων
724 2535 895 2600 ἀκοὰς
936 2537 1018 2598 είς
1055 2537 1117 2589 τὸ
1169 2537 1344 2608 παρὸν
1393 2537 1590 2600 εἰπεῖν,
1631 2539 1713 2593 ὅτι
1763 2539 1866 2610 χρὴ

270 2630 564 2683 πιστεύειν
610 2629 689 2690 είς
719 2627 905 2690 αὑτὸν,
954 2628 1132 2684 καίτοι
1165 2628 1426 2693 πολλάκις
1472 2629 1630 2685 τοῦτο
1663 2630 1831 2686 εἰπών
1851 2649 1865 2664 ’

267 2719 755 2788 οἱκονομικώτατα
791 2717 848 2771 δὲ
896 2718 1006 2771 τῶν
1037 2719 1406 2790 νενοσηκότων
1459 2722 1547 2773 ἐπ’
1589 2720 1738 2792 αὑτῷ
1777 2723 1869 2777 τὸν

267 2810 578 2865 ἀτίθασσον
619 2808 817 2877 φθόνον
845 2807 1168 2879 καταϐραχὺ
1201 2810 1580 2882 προσερεθίζει
1627 2813 1718 2866 τὸν
1746 2813 1870 2868 νοῦν

267 2895 662 2953 καθικνεῖσθαι
693 2896 832 2966 πρὸς
866 2896 928 2949 τὸ
961 2896 1124 2966 βάθος
1155 2897 1265 2951 τῶν
1300 2899 1431 2969 περὶ
1465 2901 1628 2954 αὑτὸν
1662 2919 1870 2974 μυστη-

272 2992 434 3063 ρίων,
466 2990 572 3042 οὑκ
593 2989 678 3052 είς
711 2985 1057 3059 ἀνθρώπινον
1087 2988 1402 3060 πρόσωπον,
1437 2990 1554 3043 ἀλλ’
1585 2993 1664 3055 είς
1690 2994 1751 3047 τὸ
1771 2996 1870 3065 τῆς

266 3083 428 3143 θείας
471 3079 684 3142 οὐσίας.
712 3079 790 3142 ὡς
827 3077 1130 3150 νοουμένης
1161 3081 1260 3150 τῆς
1285 3079 1540 3151 θεότητος
1564 3083 1870 3156 ὁλοκλιιὶρως

267 3178 329 3229 ὲν
359 3174 441 3244 τῷ
474 3171 757 3242 προσώπῳ
789 3169 884 3224 τοῦ
913 3169 1049 3224 Θεοῦ
1076 3173 1172 3225 καὶ
1209 3173 1444 3244 Πατρός.
1478 3175 1631 3245 Ἔχει
1668 3177 1778 3248 γὰρ
1811 3179 1868 3230 ὲν

269 3265 461 3335 ἑαυτῷ
494 3262 590 3318 τὸν
647 3260 777 3314 Υἱὺν
833 3259 932 3315 καὶ
991 3260 1054 3314 τὺ
1100 3260 1344 3332 Πνεῦμα.
1391 3264 1471 3316 Δι’
1498 3257 1574 3319 ὧν
1607 3267 1721 3338 γάρ
1767 3285 1872 3340 φη-

269 3373 394 3410 σιν⁸
456 3374 477 3407 ι
514 3355 575 3409 '0
621 3352 898 3408 πιστεύων
945 3355 1022 3418 εἰς
1071 3354 1194 3424 ἐμὲ,
1234 3357 1294 3409 οὑ
1333 3355 1578 3410 πιστεύει
1621 3360 1701 3422 εἰς
1745 3362 1866 3430 ὲμὶ,

443 3446 530 3506 εἰς
587 3443 680 3497 τὸν
747 3443 1044 3512 πέμψαντά
1099 3459 1206 3513 με,
1260 3463 1280 3496 ι
1325 3445 1424 3498 οὑκ
1479 3445 1585 3512 ἔξω
1655 3447 1869 3517 τίθησιν

263 3536 472 3592 ἑαυτὸν
505 3535 605 3591 τοῦ
647 3533 1006 3590 πιστεύεσθαι
1051 3536 1184 3608 παρ’
1229 3537 1389 3608 ἡμῶν
1431 3538 1514 3590 ὅτι
1549 3539 1683 3603 Θεὸς
1728 3541 1869 3594 κατὰ

268 3632 438 3696 θύσιν
475 3628 597 3683 ἐστὶ
630 3625 724 3684 κα)⁸
769 3629 834 3684 ιιι
882 3626 1020 3681 Θεοῦ
1064 3629 1274 3700 πέφηνε
1329 3631 1578 3701 Πατρόςο
1620 3633 1736 3686 ἀλλ’
1779 3635 1867 3687 ἑν·-

267 3723 516 3791 τέχνως,
571 3719 718 3773 καθὰ
766 3720 1002 3791 εἴρηται,
1051 3721 1493 3793 μεταχειρίζεται
1530 3725 1667 3795 πρὸς
1715 3723 1867 3781 stici-

268 3813 430 3866 σειαν
462 3812 575 3864 τῶν
619 3811 995 3866 ἀσθενούντων
1028 3814 1119 3866 τὸν
1165 3813 1311 3879 νοῦν,
1362 3815 1448 3867 ’ίνα
1489 3814 1731 3870 τοιοῦτον
1780 3818 1866 3871 ὲν-

267 3905 400 3973 νοῇς
425 3901 690 3969 λέγοντα·
724 3902 894 3954 Ὅταν
939 3905 1018 3966 εἰς
1045 3905 1145 3974 ἐμὲ
1176 3903 1469 3974 πιστεύητε
1497 3905 1586 3960 τὸν
1613 3907 1680 3960 δι’
1723 3909 1867 3979 ὑμᾶς

267 3996 572 4066 ἄνθρωπον
605 3994 730 4047 καθ’
759 3993 929 4065 ὑμᾶς,
962 3995 1092 4049 Θεὸν
1125 3997 1180 4050 δὲ
1211 3999 1276 4051 δι’
1312 3997 1524 4062 ἑαυτὸν,
1565 4000 1660 4052 καὶ
1689 4000 1778 4054 τὸν
1806 4001 1866 4068 ἐξ

266 4083 446 4156 οὗπέρ
491 4086 607 4154 είμι
640 4083 890 4154 Πατέρα.
923 4084 995 4156 μὴ
1032 4085 1305 4157 ἀνθρώπῳ
1334 4087 1435 4158 τὴν
1460 4089 1643 4143 πίστιν
1681 4091 1866 4146 ἀνατι-

269 4179 424 4230 θέναι
477 4175 763 4244 νομίσητε.
802 4175 932 4245 Εἰμὶ
975 4175 1084 4246 γὰρ
1123 4176 1276 4230 οὑδὲν
1323 4173 1488 4249 ἦττον
1531 4181 1670 4234 κατὰ
1705 4181 1864 4250 φύσιν

269 4266 427 4329 Θεὸς,
461 4265 560 4317 καὶ
589 4267 638 4317 εί
668 4265 934 4334 φαίνομαι
974 4263 1100 4317 καθ’
1140 4265 1286 4336 ὑμᾶς
1306 4281 1321 4295 ⁶
1351 4266 1461 4337 ἔχω
1499 4268 1556 4322 δὲ
1596 4271 1657 4323 ὲν
1687 4271 1862 4343 ἐαυτῷ

268 4357 363 4410 τὸν
397 4359 747 4426 γεννήσαντα
767 4373 780 4386 ·
813 4354 950 4423 ἐμοῦ
980 4357 1272 4428 τοιγαροῦν
1295 4358 1448 4423 ὄντος
1473 4362 1756 4432 ὁμοουσίου
1783 4364 1861 4435 τῷ

269 4447 658 4516 γεγεννηκότι,
714 4445 1039 4515 διαϐήσεται·
1072 4447 1291 4511 πάντως
1339 4450 1372 4519 ἡ
1423 4451 1606 4514 πίστις
1661 4454 1753 4506 καὶ
1781 4456 1862 4519 είς

267 4537 440 4590 αὑτὸν
470 4537 565 4638 τὸν
606 4537 855 4638 ἀστέρα.
885 4537 1078 4638 ,Ὅπερ
1112 4533 1204 4590 οὖν
1247 4537 1460 4610 ἔφημεν
1479 4581 1494 4606 ,
1540 4545 1859 4617 καταϐραχὺ
1889 4580 1936 4638 D

271 4626 702 4696 μεταπαιδεὺων
739 4629 768 4680 6
817 4626 1022 4698 Κύριος
1051 4628 1145 4681 ἐπὶ
1172 4628 1232 4682 τὸ
1262 4629 1504 4700 ἄμεινον,
1546 4635 1641 4686 καὶ
1671 4637 1860 4707 χρησία

269 4735 395 4788 μως
431 4717 758 4770 ἀναπλέκων
787 4716 864 4787 τῷ
903 4717 1202 4790 θεοπρεπεῖ
1234 4719 1291 4773 τὸ
1325 4720 1685 4794 ἀνθρώπινον,
1723 4725 1858 4796 ἐφα-

269 4825 438 4862 σκεν·
476 4826 497 4860 ι
533 4810 592 4862 '0
647 4808 924 4863 πιστεύων
969 4811 1050 4874 είς
1082 4810 1202 4881 ἐμὲ,
1241 4830 1260 4863 ι
1304 4815 1397 4866 καὶ
1438 4814 1510 4868 τά
1552 4816 1701 4887 ἑξῆς.
1739 4819 1861 4872 Ὅτι

270 4901 374 4970 μὲν
401 4899 514 4971 γάρ
537 4899 640 4952 οὑκ
667 4901 750 4964 είς
781 4900 1072 4972 ἄνθρωπον
1111 4903 1300 4968 ἁπλῶς
1327 4906 1361 4977 ἡ
1401 4904 1603 4972 πίστις,
1637 4909 1752 4963 ἀλλ’
1783 4913 1859 4975 εἰς

266 4989 414 5043 Θεοῦ
438 4988 628 5058 φύσιν,
652 4990 702 5042 εί
735 4990 830 5044 καὶ
867 4986 938 5062 ἦν
965 4992 994 5042 6
1026 4990 1200 5060 Λόγος
1230 4994 1287 5046 ὲν
1320 4995 1506 5067 σαρκὶ,
1538 4995 1624 5051 διὰ
1660 4996 1754 5051 τοῦ
1785 4998 1862 5069 μὴ

265 5083 351 5144 εἰς
385 5080 555 5133 αὑτὸν
590 5080 932 5150 πράττεσθαι
964 5081 1064 5153 τὴν
1091 5083 1275 5151 φύσιν,
1313 5079 1372 5137 εὑ
1410 5084 1555 5155 μάλα
1592 5085 1862 5159 διαμεμή-

264 5189 461 5226 νυκεν.
489 5173 615 5225 Ὀτι
638 5171 695 5226 δέ
742 5175 892 5226 ἐστιν
938 5173 996 5228 ὲν
1027 5172 1314 5245 ταυτότητι
1357 5178 1421 5247 τῇ
1472 5177 1612 5230 κατά
1649 5178 1758 5231 πᾶν
1783 5176 1862 5249 τῷ

265 5263 396 5336 Θεῷ
439 5265 538 5318 καὶ
575 5263 775 5335 Πατρὶ,
805 5264 897 5318 διὰ
928 5263 1028 5335 τὴν
1063 5267 1299 5338 φυσικὴν
1335 5267 1637 5338 ἐμφέρειαν
1677 5269 1771 5322 καὶ
1800 5270 1862 5322 τὸ

265 5360 373 5424 τῆς
405 5356 599 5420 οὑσίας
627 5357 792 5410 οἱονεὶ
827 5357 1159 5422 ταυτοειδὲς,
1193 5357 1438 5427 διεσάφει
1468 5359 1641 5429 λέγων
1660 5376 1675 5392 ο

353 5447 509 5516 Ἐγὼ
553 5447 681 5517 φῶς
733 5450 821 5516 εις
862 5449 971 5503 τὸν
1019 5452 1255 5519 κόσμον
1295 5449 1600 5518 ἐλήλυθα,
1645 5454 1740 5507 καὶ
1793 5455 1862 5509 τὰ

265 5540 422 5610 ιξῆςο

351 5630 492 5684 Ἰδοὺ
533 5631 697 5685 πάλιν
731 5633 812 5696 είς
862 5632 1056 5686 ἑαυτὸν
1088 5632 1326 5704 ἁρπάζει
1355 5633 1454 5705 τὴν
1508 5635 1720 5704 πίστιν,
1766 5638 1862 5692 καὶ

262 5720 362 5775 δύο
392 5722 540 5775 κατά
566 5722 767 5776 ταυτὸν
802 5723 1019 5788 ὲξανὺει
1056 5724 1126 5778 τὰ
1157 5725 1574 5796 χρησιμώτατα.
1611 5728 1729 5791 Φῶς
1761 5729 1861 5798 μὲν

263 5811 378 5882 γάρ
437 5812 636 5868 ἑαυτὸν
680 5813 948 5886 ὑπάρχειν
997 5814 1309 5885 ὁμολογῶν,
1365 5815 1496 5868 Θεὸν
1542 5817 1671 5870 ὅντα
1715 5819 1853 5874 κατέο

1971 1988 2108 2057 guit.
2138 1985 2326 2057 Neque
2350 1987 2497 2042 enim
2530 1988 2765 2042 latenter
2793 1989 2862 2042 ab
2893 1989 2962 2044 iis
2988 1989 3080 2058 qui
3107 1989 3389 2060 suspicere
3420 2005 3544 2044 eum

1969 2079 2160 2133 volunt
2203 2088 2258 2134 et
2315 2081 2644 2149 complecti,
2693 2081 2790 2137 sed
2833 2089 3021 2151 aperte
3051 2081 3156 2136 coli
3193 2082 3326 2136 vult.
3370 2083 3548 2152 Atque

1970 2170 2106 2225 adeo
2135 2171 2485 2226 existimabat
2537 2172 2696 2227 ﬁdem
2749 2175 2801 2228 in
2852 2173 3200 2244 penitissimo
3251 2174 3418 2230 corde
3465 2189 3548 2229 re-

1969 2262 2308 2330 ponendam,
2358 2271 2615 2318 ueterum
2665 2279 2878 2320 summa
2926 2265 3171 2319 libertate
3213 2265 3374 2334 712
3425 2266 3546 2333 ejus

1970 2352 2371 2408 confessionem
2419 2356 2865 2425 expromendam.
2908 2356 3364 2425 Quandoquidem
3417 2371 3546 2410 vero

1973 2443 2116 2501 Deus
2156 2447 2461 2502 secundum
2503 2457 2758 2502 naturam
2793 2448 3068 2504 assistens
3097 2457 3342 2502 nostram
3375 2447 3547 2502 subiit

1971 2533 2224 2601 formam,
2248 2551 2356 2590 non
2381 2537 2500 2590 vult
2529 2537 2672 2591 unde
2705 2551 2769 2592 ac
2799 2537 3127 2608 simpliciter
3152 2537 3292 2607 apud
3316 2537 3547 2593 infestos

1969 2633 2025 2681 et
2051 2641 2244 2682 osores
2302 2627 2356 2684 in
2396 2629 2689 2698 praesentia
2728 2629 3007 2698 proﬁteri,
3042 2629 3186 2699 quod
3225 2631 3276 2682 in
3325 2645 3385 2684 se
3421 2645 3543 2683 cre-

1969 2717 2210 2773 dendum
2245 2719 2356 2784 sit,
2395 2720 2612 2774 tametsi
2646 2720 2750 2774 hoc
2794 2735 2938 2790 saepe
2984 2720 3122 2774 alias
3169 2718 3368 2774 dixerit
3398 2737 3412 2772 :
3447 2718 3542 2772 sed

1973 2807 2212 2860 maxime
2237 2807 2578 2862 meonemice
2597 2822 2788 2862 eorum
2818 2807 2910 2876 qui
2938 2807 3544 2876 implacabilis'invidite

1969 2899 2165 2953 morbo
2195 2899 2250 2953 in
2280 2913 2342 2954 se
2375 2899 2626 2953 laborant
2651 2938 2668 2963 ,
2706 2898 2971 2968 paulatim
3001 2900 3244 2953 animum
3281 2907 3544 2969 provocat

1969 2991 2037 3044 ad
2067 2990 2454 3060 penetrandam
2481 2990 2870 3060 mysteriorum
2909 2990 3060 3044 circa
3092 2990 3270 3060 ipsum
3293 2991 3542 3045 altitudi-

1971 3096 2118 3144 nem,
2153 3089 2208 3136 et
2240 3097 2352 3137 non
2385 3082 2641 3137 humanae
2675 3082 2770 3138 sed
2810 3083 3011 3137 divina
3047 3082 3308 3138 essentia:
3350 3097 3544 3152 perso-

1972 3186 2098 3226 nam
2123 3211 2138 3236 ,
2175 3187 2274 3228 ceu
2316 3173 2370 3228 in
2411 3172 2731 3227 universum
2777 3174 2954 3229 deitas
2999 3173 3056 3227 in
3091 3185 3324 3242 persona
3357 3169 3451 3226 Dei
3478 3185 3544 3225 ac

1971 3260 2153 3315 Patris
2188 3262 2548 3334 intelligatur.
2581 3260 2758 3316 liabet
2787 3262 2933 3316 enim
2961 3263 3022 3316 in
3053 3262 3238 3332 seipse
3262 3258 3460 3314 Filium
3490 3267 3546 3315 et

1973 3353 2234 3421 Spiritum
2267 3364 2540 3409 sanctum.
2572 3353 2707 3408 Nam
2742 3369 2839 3424 per
2866 3369 2992 3424 qua:
3009 3353 3191 3408 dixit:
3229 3371 3246 3404 ι
3287 3351 3393 3420 Qui
3425 3366 3546 3406 cre-

1968 3445 2052 3500 dit
2083 3446 2140 3500 in
2172 3461 2278 3507 me,
2322 3462 2430 3500 non
2466 3447 2642 3502 credit
2673 3450 2725 3502 in
2755 3461 2866 3512 me,
2891 3445 2990 3502 sed
3022 3445 3076 3506 in
3107 3459 3231 3501 eum
3272 3444 3368 3515 qui
3395 3444 3546 3500 misit

1967 3553 2089 3602 me,
2122 3556 2142 3589 ι
2181 3552 2290 3591 non
2325 3538 2572 3593 excludit
2603 3537 2844 3608 seipsum
2901 3537 3197 3608 quominus
3229 3535 3488 3592 credatur
3513 3551 3544 3591 a

1968 3630 2130 3685 nobis
2177 3629 2320 3687 Deus
2369 3646 2491 3686 esse
2530 3630 2835 3687 secundum
2884 3639 3165 3695 naturam,
3222 3636 3278 3683 et
3323 3644 3386 3684 ex
3433 3627 3546 3683 Deo

1967 3717 2130 3776 Patre
2157 3723 2438 3778 exsistens
2463 3740 2476 3777 :
2502 3723 2597 3778 sed
2617 3737 2829 3778 summo
2849 3721 3108 3786 artiﬁcio,
3129 3729 3186 3775 ut
3207 3721 3413 3774 dictum
3437 3726 3542 3785 est,

1970 3813 2383 3868 imbecillorum
2425 3824 2667 3870 mentem
2703 3815 2768 3868 ad
2801 3816 3059 3884 pietatem
3089 3813 3316 3884 pellicit.
3359 3819 3416 3864 ut
3445 3825 3542 3864 ac-

1965 3902 2150 3972 cipere
2191 3906 2372 3974 possis
2424 3904 2528 3959 hoc
2573 3904 2736 3960 modo
2770 3904 3082 3973 loquentem
3120 3919 3134 3955 :
3177 3900 3311 3955 Cum
3355 3901 3410 3954 in
3454 3915 3543 3955 me

1965 3993 2229 4058 credetis,
2272 4002 2498 4064 preptcr
2545 4010 2640 4050 vos
2685 3995 2959 4049 hominem
3003 3994 3209 4048 factum
3235 3991 3539 4046 secundum

1965 4098 2086 4150 vos,
2123 4081 2292 4138 Deum
2324 4099 2455 4140 vero
2480 4099 2576 4154 per
2605 4084 2902 4155 meipsum,
2935 4091 2990 4139 et
3022 4097 3144 4138 eum
3181 4097 3243 4135 ex
3276 4097 3385 4153 quo
3418 4097 3541 4137 sum

1963 4173 2204 4238 Patrem,
2247 4189 2314 4228 ne
2347 4175 2553 4229 homini
2610 4175 2774 4230 Iidem
2823 4175 3063 4244 adjicere
3097 4175 3319 4244 putetis.
3362 4173 3545 4230 Nihilo

1963 4266 2147 4322 secius
2190 4265 2336 4320 enim
2373 4280 2494 4319 sum
2545 4265 2850 4320 secundum
2901 4270 3152 4318 naturam
3208 4262 3372 4326 Deus.
3437 4264 3541 4318 etsi

1961 4356 2152 4411 videar
2183 4367 2426 4414 vestrum
2483 4358 2729 4413 similis:
2794 4357 2970 4412 habeo
3020 4356 3165 4411 enim
3225 4356 3279 4410 in
3333 4356 3544 4426 meipso

1963 4451 2298 4515 Genitorem,
2322 4459 2517 4505 etcum
2551 4451 2736 4520 utique
2768 4451 2870 4506 sim
2907 4447 3154 4504 Genitori
3178 4447 3542 4502 consubstan-

1963 4543 2113 4598 tialis
2133 4581 2150 4608 ,
2183 4542 2445 4600 transibit
2473 4555 2700 4611 prorsus
2731 4541 2866 4596 ﬁdes
2891 4550 2947 4596 et
2977 4541 3033 4594 in
3072 4541 3256 4609 ipsum
3296 4537 3534 4592 Patrem.

1965 4635 2122 4702 Quod
2161 4635 2328 4705 igitur
2355 4634 2614 4700 diximus,
2651 4633 2908 4703 paulatim
2941 4629 3205 4685 Dominus
3233 4627 3538 4685 informaus

1959 4727 2029 4780 ad
2061 4725 2286 4778 meliora
2346 4733 2402 4779 et
2447 4724 2773 4777 humanitati
2819 4721 3164 4777 divinitatem
3195 4721 3403 4776 utiliter
3443 4736 3540 4789 ap-

1960 4816 2195 4886 plicans,
2229 4814 2482 4869 dicebat:
2532 4832 2551 4865 ι
2579 4811 2682 4878 Qui
2713 4810 2892 4866 credit
2924 4811 2979 4865 in
3013 4825 3134 4877 me,
3172 4828 3192 4862 ι
3225 4819 3278 4865 et
3305 4809 3534 4879 reliqua.

1961 4906 2119 4974 Quod
2151 4907 2296 4961 enim
2333 4920 2442 4960 non
2473 4905 2531 4959 in
2567 4903 2844 4960 hominem
2886 4901 3206 4974 simpliciter
3239 4901 3394 4968 lldes,
3439 4901 3538 4958 sed

1961 5001 2017 5055 in
2065 4999 2157 5055 Dei
2203 5008 2481 5062 naturam,
2539 4996 2644 5053 etsi
2705 5002 2824 5052 erat
2860 4993 3100 5050 Verbum
3141 4995 3194 5048 in
3235 5007 3422 5055 carne,
3470 5008 3538 5048 eo

1959 5090 2108 5162 quod
2148 5104 2258 5144 non
2293 5089 2347 5144 in
2377 5089 2557 5160 ipsum
2595 5087 2692 5142 ﬁat
2731 5095 2948 5151 natura,
2985 5085 3292 5141 luculenter
3324 5085 3534 5139 indica-

1959 5184 2058 5239 vit.
2090 5180 2246 5248 Quod
2275 5195 2408 5236 vero
2444 5195 2540 5251 per
2569 5181 2754 5236 omnia
2788 5195 2914 5234 cum
2948 5177 3110 5233 Patre
3153 5188 3208 5233 et
3240 5177 3348 5232 Deo
3378 5175 3535 5230 iden-

1962 5276 2174 5331 titatem
2212 5273 2430 5336 habeat,
2476 5283 2698 5344 propter
2739 5271 3046 5327 naturalem
3093 5269 3532 5330 similitudinem,

1959 5375 2015 5422 et
2041 5365 2207 5420 veluti
2236 5364 2482 5420 eamdem
2515 5366 2775 5436 Speciem,
2805 5363 3122 5418 declarabat
3159 5361 3348 5416 dicens
3379 5378 3391 5411 :

2034 5455 2129 5510 XII
2152 5495 2167 5521 ,
2220 5454 2310 5512 46.
2352 5455 2465 5527 Ego
2494 5455 2589 5510 lux
2623 5458 2678 5510 in
2714 5453 2970 5510 mundum
2997 5453 3146 5520 veni,
3178 5461 3286 5507 etc.

2032 5639 2172 5696 Ecce
2203 5653 2398 5694 rursus
2446 5639 2501 5692 in
2549 5639 2790 5707 seipsum
2849 5633 3018 5688 fidem
3053 5630 3271 5701 arripit,
3323 5638 3376 5686 et
3426 5631 3538 5686 duo

1961 5730 2260 5786 identidem
2327 5729 2623 5784 utilissima
2683 5724 3058 5793 consequitur.
3124 5719 3325 5776 Lucem
3387 5723 3534 5775 cnim

1961 5825 2202 5889 scipsum
2235 5837 2354 5880 csse
2397 5820 2681 5889 promens,
2731 5818 2899 5872 Deum
2937 5819 3242 5872 secundum
3284 5825 3537 5870 naturam
