4104 6426
568 389 672 447 105

1594 379 1652 433 S.
1680 375 1955 433 CYRILLI
1999 370 2466 429 Ald-.XANDRl-Nl
2509 370 2826 427 ARCIIIEP.

3716 377 3820 432 101

567 519 692 560 esse
717 499 959 556 ostendit
986 517 998 553 :
1031 497 1131 552 soli
1163 497 1308 553 enim
1341 505 1539 551 natura
1572 510 1672 552 sua
1704 495 1814 549 Deo
1849 495 1922 552 ita
1947 491 2132 546 vocari

2245 491 2404 559 φύσιν
2432 490 2774 543 ἀποδεικνύει
2800 507 2812 520 ο
2846 490 2993 559 μόνῳ
3026 489 3133 560 γὰρ
3163 487 3239 559 τῷ
3274 488 3433 558 φύσει
3461 489 3582 560 Θεῷ
3616 493 3818 562 πρέπει

567 593 846 650 convenit.
904 589 1182 660 Adjicieus
1219 595 1399 642 autem
1441 587 1526 642 sui
1561 586 1831 640 adventus
1877 598 2139 648 causam,

565 697 682 739 sum
730 679 1042 736 dilectionis
1082 676 1558 746 contemptoribus
1605 673 1866 745 pudorem
1922 673 2138 727 incutit.

565 773 880 839 Quinetiam
909 770 1222 826 necessario
1242 768 1624 838 consequitur,
1661 766 1878 821 interim
1904 765 1961 819 in
1990 771 2141 819 tene-

567 863 683 918 bris
709 877 805 919 eos
842 861 1049 917 versar’i
1082 861 1176 930 qui
1207 858 1448 913 nondum
1480 857 1834 922 crediderint,
1868 855 2139 927 siquidem

566 955 702 1011 solis
731 956 786 1008 in
827 969 950 1008 eum
975 951 1329 1007 credentibus
1367 949 1509 1004 lucis
1539 949 1700 1020 713
1731 949 1800 1004 ab
1831 963 1898 1004 eo
1925 948 2141 1003 emissae

564 1045 836 1114 contingit
890 1059 1013 1100 esse
1066 1042 1386 1112 participes.
1440 1040 1584 1106 Quin
1643 1048 1696 1094 et
1752 1039 1859 1095 illis
1915 1039 2140 1095 refricat

564 1137 884 1192 memoriam
929 1134 1225 1188 multorum
1267 1144 1648 1202 saepenumero
1692 1129 1759 1184 de
1794 1130 1913 1200 ipso
1941 1130 2137 1200 praedi-

564 1236 804 1290 ctorum,
844 1241 940 1295 per
985 1239 1108 1294 quae
1141 1230 1409 1277 venturus
1446 1220 1806 1275 nuntiabatur
1832 1222 1898 1273 ad
1935 1217 2138 1272 illumi-

561 1319 800 1373 nandum
831 1317 1060 1374 orbem:
1087 1313 1393 1384 cujusmodi
1429 1320 1514 1367 est
1548 1311 1714 1364 illud:
1747 1328 1764 1363 ι
1793 1309 2133 1376 llluminare,

562 1410 895 1469 illuminare,
950 1407 1280 1472 Jerusalem,
1331 1405 1480 1459 venit
1538 1404 1687 1457 enim
1746 1403 1926 1456 lumen
1983 1411 2135 1454 tuum

562 1517 750 1556 verum
788 1501 854 1554 ⁸⁸.
898 1520 914 1552 ι
954 1500 1018 1553 Ει
1060 1498 1193 1552 illud
1225 1516 1238 1551 :
1274 1515 1291 1548 ι
1329 1495 1531 1550 Emitte
1566 1496 1740 1550 lucem
1773 1503 1920 1548 tuam
1955 1501 2010 1548 et
2042 1509 2135 1548 ve-

561 1594 778 1646 ritatem
808 1601 956 1644 tuam
987 1591 1070 1656 ⁵⁹;
1106 1609 1124 1641 ι
1162 1596 1216 1642 et
1248 1605 1262 1643 :
1301 1603 1319 1638 ι
1354 1583 1542 1640 Gloria
1571 1584 1789 1640 Domini
1813 1585 1868 1639 in
1906 1594 1958 1641 te
1987 1584 2137 1639 eil'ul-

2242 582 2302 635 τὸ
2331 581 2474 635 οὕτω
2523 582 2826 635 καλεῖσθαι.
2884 581 3148 651 Προσθεὶς
3189 581 3246 634 δὲ
3288 584 3389 652 τῆς
3439 582 3676 650 ἀφίξεως
3716 585 3818 655 τὴν

2242 673 2443 737 αἰτίαν,
2468 673 2725 745 ὲρυθριᾷν
2749 672 3030 727 ἀναπείθει
3061 671 3153 727 τὸν
3197 673 3299 742 τῆς
3331 674 3410 736 είς
3456 672 3649 726 ἑαυτὸν
3678 674 3820 742 ἀγά-

2241 781 2352 835 πης
2392 765 2804 836 όλιγωρήσαντα
2825 781 2839 796 ·
2870 765 2966 818 καὶ
3002 765 3085 818 ὅτι
3122 765 3336 836 ἀνάγκη
3365 765 3537 835 δήπου
3563 769 3724 830 νοεῖν,
3757 768 3819 820 ἐν

2244 854 2427 907 σκότει
2454 853 2594 916 τέως
2640 854 2906 925 ὑπάρχειν
2949 854 3074 918 τοὺς
3121 853 3272 909 οὔπω
3316 855 3734 918 πιστεύσαντας,
3765 855 3822 908 ετ

2239 963 2305 1014 γε
2339 943 2520 1015 μόνοις
2562 946 2674 1008 τοῖς
2702 944 3119 998 πεπιστευκόσιν
3154 946 3234 1008 είς
3281 945 3442 1000 αὑτὸν
3481 947 3716 1017 ὑπάρχει
3752 947 3816 1000 τὸ

2237 1038 2298 1092 ὲν
2340 1037 2480 1106 φωτὶ
2516 1035 2773 1106 γενέσθαι
2819 1036 2896 1107 τῷ
2937 1037 3066 1108 παρ’
3119 1037 3287 1108 αὐτῷ.
3322 1039 3480 1106 Ἀγει
3517 1037 3574 1092 δὲ
3617 1039 3816 1101 αὐτοὺς

2239 1127 2336 1182 καὶ
2378 1129 2458 1191 είς
2489 1127 2793 1198 ἀνάμνησιν
2824 1128 2932 1180 τῶν
2983 1127 3248 1198 πολλαχοῦ
3282 1128 3411 1199 περὶ
3453 1128 3616 1182 αὑτοῦ
3657 1130 3814 1200 εἰρη-

2240 1219 2450 1289 μένων,
2487 1219 2555 1272 δι⁹
2609 1211 2685 1274 ὧν
2719 1219 2868 1290 ἥξειν
2907 1220 3310 1291 προηγγέλλετο
3347 1222 3447 1293 τὴν
3485 1223 3813 1292 οἰκουμένην

2237 1312 2662 1382 καταφωτίσων’
2707 1315 2888 1366 ὁποῖόν
2921 1315 3036 1366 ἐστι
3067 1313 3154 1366 τό·
3206 1331 3223 1365 ι
3249 1315 3512 1378 Φωτίζου,
3549 1313 3809 1382 φωτίζον,

2249 1403 2638 1476 Ἰερουσαλήμ·
2685 1405 2811 1476 ἥκει
2843 1406 2951 1477 γάρ
2998 1423 3090 1459 σου
3126 1405 3188 1459 τὸ
3231 1405 3347 1475 φῶς
3381 1406 3440 1459 τὸ
3476 1407 3742 1474 ἀληθινόν.
3782 1426 3802 1458 ι

2235 1496 2345 1550 Καὶ
2379 1495 2472 1548 τό·
2512 1515 2530 1548 ι
2573 1496 2980 1560 Ἐξαπόστειλον
3017 1497 3080 1550 τὺ
3131 1497 3245 1566 φῶς
3281 1514 3374 1550 σου
3416 1499 3511 1550 καὶ
3540 1497 3635 1568 τὴν
3677 1498 3812 1567 ἀλή-

2236 1585 2384 1639 θειάν
2423 1603 2537 1641 σου.
2566 1605 2584 1637 ι
2640 1588 2769 1652 Καὶ,
2803 1607 2820 1638 ι
2863 1589 2926 1640 Ἦ
2970 1587 3094 1655 δόξα
3135 1589 3338 1659 Κυρίου
3386 1589 3478 1642 ἐπὶ
3521 1588 3580 1645 σὲ
3615 1589 3808 1642 ἀνατέη

561 1683 634 1738 sit
663 1684 728 1736 ".
762 1702 780 1734 ι
816 1682 1003 1738 Simile
1035 1680 1204 1751 igitur
1235 1695 1300 1734 ac
1325 1677 1370 1734 si
1409 1678 1644 1733 dixisset
1673 1696 1686 1731 :
1721 1678 1839 1748 Ego
1873 1693 1993 1732 sum
2043 1678 2132 1732 lux

2235 1679 2453 1733 ταλκεν.
2487 1698 2506 1730 ι
2541 1679 2765 1749 Ὅμοιον
2797 1674 2888 1734 οὖν
2927 1680 3002 1744 ὠς
3052 1682 3098 1734 εί
3143 1680 3365 1748 ἔλεγεν·
3410 1678 3552 1748 Ἐγώ
3589 1682 3703 1747 είμι
3747 1679 3811 1732 τὸ

559 1789 682 1844 qua:
723 1773 786 1828 in
811 1772 1115 1843 Scripturis
1142 1779 1375 1826 ventura
1408 1777 1760 1839 exspectatur
1789 1769 1857 1825 ad
1901 1770 2132 1824 salutem

2235 1769 2351 1840 φῶς
2381 1771 2442 1823 τὸ
2485 1772 2542 1824 ὲν
2577 1775 2644 1844 τῇ
2683 1774 2876 1844 Γραφῇ
2909 1772 3195 1842 ἀφίξεσθαι
3241 1771 3688 1845 προσδοκώμενον
3716 1773 3809 1825 ἐπὶ

560 1863 774 1926 mundi,
811 1865 878 1916 ad
914 1861 1306 1918 illuminandos
1337 1875 1432 1916 eos
1465 1861 1560 1930 qui
1613 1861 1671 1915 in
1719 1860 1962 1916 tenebris
2011 1871 2132 1916 tan—

2237 1866 2480 1936 σωτηρίᾳ
2505 1865 2596 1918 τοῦ
2625 1867 2853 1936 κόσμου,
2879 1867 3017 1938 πρὸς
3039 1866 3101 1920 τὸ
3131 1866 3364 1935 φωτίσαι
3391 1865 3518 1928 τοὺς
3545 1865 3602 1918 ἐν
3627 1864 3810 1918 σκότει

557 1971 724 2026 quam
760 1955 814 2009 in
857 1963 1015 2008 nocte
1045 1953 1322 2008 deerrant.

630 2044 756 2111 XII,
812 2045 899 2100 47.
954 2042 1078 2098 Non
1110 2044 1248 2097 enim
1291 2043 1405 2096 veni
1452 2051 1510 2097 ut
1552 2041 1789 2111 judicent
1843 2041 2128 2106 mundum,

557 2137 649 2193 sed
677 2146 733 2190 ιιι
771 2136 1061 2206 salviﬁcem
1091 2132 1366 2189 mundum.

626 2228 799 2300 Igitur
825 2243 928 2284 suo
953 2229 1196 2299 ipsorum
1223 2226 1436 2297 judicio
1471 2225 1788 2282 damnatum
1832 2225 1898 2280 iri
1932 2225 2008 2280 ait
2037 2239 2132 2279 eos

555 2321 654 2392 qui
685 2321 834 2376 dicto
881 2320 1174 2375 audientes
1207 2336 1316 2374 non
1367 2321 1588 2383 fuerint,
1638 2318 1909 2388 ﬁdemque
1945 2333 2131 2372 serva-

557 2413 750 2469 tricem
792 2427 903 2467 non
951 2414 1286 2484 acceperint.
1321 2413 1424 2479 Qui
1459 2412 1604 2468 enim
1635 2411 1783 2467 venit
1816 2411 1884 2465 ad
1929 2409 2132 2465 illumi-

557 2505 825 2570 nandum,
860 2520 970 2560 non
1011 2505 1162 2559 venit
1205 2512 1266 2559 ut
1305 2503 1600 2574 judicaret,
1630 2503 1725 2558 sed
1760 2511 1819 2556 ut
1853 2507 2118 2556 servaret.

558 2594 704 2665 Ergo
749 2596 842 2666 qui
887 2596 1110 2651 rebellis
1157 2606 1263 2660 est,
1313 2605 1367 2651 et
1399 2595 1656 2650 maximis
1686 2595 1926 2664 seipsuln
1972 2591 2131 2646 malis

554 2687 806 2750 involvit,
850 2687 1069 2742 incuset
1103 2703 1164 2742 se
1200 2694 1463 2756 tanquam
1515 2685 1712 2741 merito
1760 2698 1948 2755 poenas
1991 2681 2130 2737 dan-

554 2785 687 2830 tem.
721 2774 839 2830 Non
870 2777 1015 2831 enim
1047 2791 1149 2846 ego
1179 2775 1344 2846 hujus
1369 2777 1446 2831 rei
1477 2789 1643 2829 causa
1675 2789 1817 2837 sum,
1841 2773 1934 2844 qui
1969 2772 2131 2844 cupio

543 2883 779 2925 servare
805 2883 902 2924 eos
931 2867 1022 2938 qui
1057 2875 1353 2939 properant
1395 2867 1582 2924 subire
1604 2866 1892 2936 judicium,
1927 2866 2131 2934 quique

552 2961 624 3016 ob
681 2960 735 3014 id
770 2961 912 3014 veni.
960 2958 1066 3026 Qui
1097 2960 1247 3014 enim
1280 2960 1454 3031 legem
1505 2958 1681 3030 ponit,
1729 2973 1852 3029 quae
1897 2958 2132 3028 castiget

553 3052 809 3115 rebelles,
841 3066 952 3105 non
997 3061 1054 3105 ut
1079 3052 1378 3106 violatores
1419 3050 1634 3122 puniat,
1663 3064 1783 3105 eam
1815 3051 1990 3120 ponit,
2032 3047 2128 3105 sed

2237 1956 2626 2026 πλανωμένους
2654 1957 2728 2021 ὼς
2762 1959 2819 2011 ὲν
2843 1958 3018 2010 νυκτί.

2307 2050 2388 2101 Οὐ
2415 2048 2525 2116 πύρ
2550 2043 2739 2118 ἦλθον
2765 2048 2866 2102 ἵνα
2908 2049 3088 2117 κρίνω
3132 2047 3241 2101 τὸν
3259 2048 3516 2118 κόσμον,
3541 2047 3679 2102 ἀλλ’
3705 2047 3808 2100 ἵνα

2232 2137 2410 2192 σώσω
2439 2139 2545 2192 τὸν
2573 2140 2825 2208 κόσμον.

2302 2231 2810 2302 Δὺτοκατακρίτους
2859 2229 2953 2285 οὖν
3010 2248 3172 2302 φησιν
3236 2229 3454 2284 ἔσεσθαι
3492 2230 3614 2295 τοὺς
3641 2228 3806 2284 αὑτοῦ

2233 2320 2649 2388 παρακούοντας
2709 2323 2802 2375 καὶ
2858 2323 2920 2376 οὐ
2954 2322 3429 2393 παραδεξαμένους
3451 2323 3548 2393 τὴν
3604 2321 3810 2387 σώζου-

2233 2427 2331 2466 σαν
2365 2410 2566 2465 πίστιν.
2604 2412 2660 2466 Ὀ
2705 2413 2812 2483 γὰρ
2859 2412 2952 2465 ἐπὶ
2985 2413 3062 2484 τῷ
3102 2412 3332 2480 φωτίσαι
3363 2411 3553 2472 ἐλθὼν,
3586 2411 3684 2482 οὐχ
3721 2411 3808 2465 ἵνα

2236 2503 2399 2577 κρίνῃ
2427 2499 2614 2574 ἦλθεν,
2647 2505 2762 2558 ἀλλ’
2801 2505 2887 2559 ἵνα
2923 2503 3094 2575 σώσῃ.
3140 2505 3198 2557 ’0
3227 2503 3404 2557 τοίνυν
3443 2503 3686 2557 ἀπειθῶν
3710 2503 3808 2556 καὶ

2231 2597 2346 2658 τοῖς
2412 2593 2690 2662 μεγίστοις
2741 2597 2930 2658 κακοῖς
2979 2595 3171 2648 ἑαυτὸν
3223 2593 3563 2658 ὑποϐάλλων,
3611 2594 3806 2647 ἑαυτὸν

2235 2685 2537 2755 μεμφίσθω
2591 2685 2667 2749 ὼς
2703 2685 2926 2749 δικαίως
2982 2691 3412 2756 τιμωρούμενον.
3445 2685 3520 2738 Οὐ
3563 2684 3673 2755 γάρ
3693 2685 3807 2752 ἐγὼ

2231 2775 2420 2829 τούτου
2483 2775 2676 2840 αἴτιος,
2725 2777 2753 2830 ό
2795 2777 2965 2830 θέλων
3011 2777 3184 2830 σῶσαι
3233 2777 3361 2840 τοὺς
3402 2775 3694 2847 μέλλοντας
3725 2779 3809 2838 είς

2232 2869 2413 2938 κρίσιν
2445 2869 2712 2938 ἐμπεσεῖν
2737 2906 2753 2932 ,
2780 2869 2876 2921 καὶ
2900 2868 2990 2922 διὰ
3017 2867 3175 2922 τοῦτο
3194 2867 3386 2921 ἐλθών.
3416 2869 3472 2921 ’0
3504 2867 3614 2940 γάρ
3640 2869 3806 2938 νόμον

2229 2957 2399 3021 τιθεὶς
2420 2958 2714 3023 κολάζοντα
2751 2959 2879 3022 τοὺς
2900 2959 3164 3021 ἀπειθεῖς,
3192 2960 3291 3030 οὐχ
3313 2959 3499 3013 ἕνεκεν
3522 2959 3615 3012 τοῦ
3634 2976 3806 3029 τιμω-

2233 3050 2505 3123 ρήσασθαι
2535 3051 2664 3116 τοὺς
2703 3050 3060 3122 παραϐάντας
3082 3050 3272 3105 τοῦτον
3310 3050 3541 3122 τίθησιν,
3574 3051 3686 3106 ἀλλ’
3717 3051 3806 3103 ἵνα

555 3154 618 3199 ιιι
656 3146 750 3213 qui
785 3159 904 3200 eam
934 3142 1166 3200 audiunt
1205 3151 1488 3199 servantes
1518 3143 1620 3213 ipsi
1652 3152 1966 3198 serventur.
2013 3141 2128 3212 Ego

2235 3143 2570 3213 φυλάξαντες
2599 3142 2762 3198 αὐτὸν
2802 3144 2852 3196 oi
2885 3143 3196 3207 ἀκούοντες,
3234 3142 3501 3199 σωθῶσιν.
3541 3142 3679 3212 Ἐγὼ
3709 3138 3803 3196 οὖν

553 3235 724 3308 igitur
773 3235 872 3306 qui
898 3235 1022 3291 veni
1066 3235 1134 3290 ad
1170 3235 1527 3298 servandum,
1571 3233 1838 3290 denuntio
1875 3235 2028 3291 vobis
2068 3246 2128 3292 ut

553 3327 849 3400 credatis,
887 3334 944 3383 et
995 3342 1104 3383 non
1176 3343 1329 3385 meos
1384 3343 1670 3384 sermones
1726 3329 2126 3396 contemnatis,

553 3419 998 3491 quandoquidem
1031 3435 1273 3491 praesens
1311 3428 1526 3492 tempus
1556 3421 1752 3478 salutis
1779 3429 1886 3488 est,
1923 3430 1979 3476 et
2017 3437 2128 3477 non

550 3513 766 3584 judicii.
807 3513 866 3567 In
902 3512 990 3568 die
1013 3513 1158 3569 enim
1183 3513 1378 3582 judicii
1415 3513 1798 3568 inobedientiae
1821 3529 2013 3584 pmnas
2042 3514 2128 3568 in-

553 3604 706 3676 diget
757 3604 1034 3668 Verbum,
1092 3603 1239 3675 quod
1304 3604 1372 3659 ad
1431 3604 1660 3660 salutem
1721 3619 1821 3658 vos
1885 3606 2121 3663 vocavit.

554 3694 728 3763 Quale
752 3702 934 3752 autem
966 3703 1085 3752 erat
1115 3696 1364 3763 verbum,
1395 3697 1542 3767 quod
1577 3698 1796 3752 locutus
1817 3697 1981 3750 sum?

623 3855 670 3884 ³⁸
707 3851 814 3910 lsa.
848 3869 954 3921 ιι,
993 3856 1044 3911 I.
1116 3856 1164 3888 ”
1203 3854 1349 3913 Psal.
1387 3873 1496 3916 xui
1521 3897 1536 3923 ,
1567 3855 1621 3940 ὅ,
1697 3853 1742 3885 ⁶⁰
1783 3853 1892 3909 Isa.
1926 3868 1992 3907 ιι
2017 3890 2030 3915 ,
2071 3851 2121 3906 1.

2227 3235 2399 3290 ἐλθὼν
2444 3237 2635 3304 σῶσαι,
2671 3235 3038 3305 παραγγέλλω
3071 3237 3200 3306 ὑμῖν
3255 3235 3548 3301 πιστεύειν,
3586 3235 3687 3289 καὶ
3729 3235 3804 3308 μὴ

2229 3331 2590 3400 καταφρονεῖν
2605 3329 2714 3381 τῶν
2739 3327 2888 3397 ἐμῶν
2917 3327 3109 3396 λόγων,
3138 3329 3372 3399 ἐπείπερ
3400 3328 3428 3379 ό
3462 3325 3653 3399 παρὼν
3680 3342 3805 3381 και-

2234 3421 2348 3493 ρὸς,
2420 3422 2695 3492 σωτηρίας
2746 3421 2918 3484 ἐστὶν,
2973 3420 3089 3474 ἀλλ’
3129 3421 3191 3474 οὐ
3225 3421 3478 3492 κρίσεως.
3514 3420 3808 3492 Ἐνήμέρᾳ

2233 3511 2342 3583 γάρ
2403 3511 2638 3584 κρίσεως
2677 3510 2867 3575 ἑπάξει
2901 3511 3030 3582 ὑμῖν
3051 3511 3151 3582 τῆς
3204 3512 3486 3576 ἀπειθείας
3511 3511 3610 3575 τὰς
3633 3528 3808 3581 τιμω-

2232 3603 2376 3676 ρίας,
2403 3603 2431 3656 ό
2479 3603 2616 3674 πρὸς
2655 3603 2932 3674 σωτηρίαν
2965 3603 3110 3674 ὑμᾶς
3153 3603 3389 3668 καλέσας
3417 3598 3608 3674 Λόγος.
3643 3605 3806 3668 Ποῖος

2227 3695 2286 3750 δὲ
2311 3689 2380 3766 ἦν
2401 3695 2429 3748 ὁ
2452 3695 2607 3765 λόγος
2637 3695 2700 3750 ὃν
2727 3695 2991 3767 ὲλάλησας

558 4045 3810 4086 mm

1501 4230 1894 4286 ΚΕΦΔΛΑΙΟΝ
1950 4229 2038 4282 ΤΟ
2088 4227 2182 4282 ΕΝ
2209 4228 2298 4299 Τῼ
2329 4230 2608 4302 ΕΝΝΑΤῼ
2640 4231 2882 4304 ΒΙΒΛΙῼ.

1625 4543 1833 4604 LIBRI
1894 4543 2080 4604 NONI
2132 4543 2373 4604 CAPUT
2420 4543 2733 4606 UNlCUM.

559 4853 710 4921 Quoa
743 4870 955 4929 propter
985 4869 1190 4914 natura:
1206 4858 1563 4929 fricmitatem
1603 4856 1778 4929 Filiu_s
1803 4856 2018 4929 quidem
2057 4859 2128 4913 sil

799 4925 852 4983 iri
889 4929 1072 5000 Patre,
1110 4939 1158 4982 et
1196 4927 1356 4981 Pater
1398 4944 1586 4982 rursus
1620 4929 1674 4981 in
1723 4925 1884 4981 Filio.

2236 4859 2366 4937 Ὀτι
2404 4859 2638 4937 didi-iw
2674 4862 3001 4937 ταυτότητι)
3034 4864 3145 4934 τῆς
3185 4867 3426 4937 φύσεως
3451 4870 3484 4921 ὀ
3534 4867 3664 4933 Υἱὸς
3687 4869 3809 4937 μὲν

2301 4930 2376 5052 ﬁt;
2391 4930 2484 5054 Et};
2501 4931 2684 4999 Πατρί
2709 4933 2900 5000 ἐστιν,
2946 4937 2980 4987 ὁ
3010 4930 3208 5006 nam}
3242 4937 3293 4989 δ’
3311 4930 3603 4993 adddit-7'
3628 4930 3703 4993 ἐνί
3729 4939 3809 5005 τῷ

2358 5017 2424 5066 ιῳ
2487 5018 2644 5056 στιν.
