4104 6438
301 403 413 462 103

300 566 507 581 m

1377 405 1440 458 ΙΝ
1469 405 1751 460 JOANNIS
1791 405 2236 464 E-VANCELIUM
2276 406 2404 461 LIB.
2432 406 2520 463 IX.

889 739 1062 827 ΕΙΣ
1135 741 1284 825 ΤΟ
1342 741 1638 826 ΚΑΤΑ
1710 740 2216 829 ΙΩΑΝΝΗΝ
2292 741 2991 829 ΕΥΑΓΓΕΛΙΟΝ

1675 948 2114 1036 ΒΙΒΛΙΟΝ
2190 946 2316 1037 Θ’.

671 1336 792 1425 IN
872 1331 1386 1425 JOANNIS
1457 1333 2248 1437 EVANGELIUM
2330 1332 2689 1421 LIBER
2771 1329 3218 1422 NONUS.

365 1708 496 1761 Ὅτι
514 1707 632 1777 ἐγὼ
660 1706 730 1772 ἐξ
763 1708 1026 1777 ἐμαυτοῦ
1050 1710 1162 1761 οὐκ
1188 1705 1487 1775 ἐλάλησα,
1528 1709 1666 1763 ἀλλ’
1692 1712 1725 1762 ό
1748 1709 1893 1779 πέμ-

2068 1705 2230 1778 715
2257 1703 2351 1760 Xll
2372 1748 2386 1771 ,
2428 1706 2531 1771 49,
2562 1703 2648 1758 50.
2684 1704 2824 1770 Quia
2857 1720 2949 1774 ego
2979 1718 3043 1758 ea:
3084 1703 3277 1771 meipso
3310 1719 3413 1758 non
3449 1719 3568 1758 sum

288 1798 425 1865 ρας
445 1813 527 1864 με
551 1794 779 1863 Πατὴρ,
797 1797 981 1861 αὑτός
995 1813 1096 1864 μοι
1117 1796 1375 1865 ἐντολὴν
1389 1795 1632 1861 δέδωκε,
1660 1798 1717 1852 τί
1741 1798 1888 1851 εἴπω

289 1888 393 1941 καὶ
421 1888 485 1940 τί
510 1886 790 1953 λαλήσω,
816 1886 916 1941 καὶ
960 1883 1090 1940 οῖδα
1134 1886 1221 1940 ὅτι
1263 1889 1302 1956 ἡ
1331 1888 1550 1957 ἐντολὴ
1589 1888 1744 1958 αὕτη
1773 1888 1886 1956 ζωὴ

289 1979 544 2046 αἱώνιός
599 1981 805 2033 ἐστιν’
844 1978 884 2033 ἅ
941 1975 1056 2034 οὖν
1106 1979 1275 2035 λαλῶ
1300 1979 1434 2047 ἐγὼ,
1475 1980 1669 2047 καθὼς
1686 1980 1888 2049 εἴρηκέ

284 2091 392 2142 μοι
425 2076 462 2127 ὁ
494 2072 728 2140 Πατὴρ,
761 2073 955 2138 οὕτως
980 2070 1167 2125 λαλῶ.

366 2165 469 2227 Εἰς
490 2163 801 2234 ἀνάμνησιν
858 2164 980 2232 ἄγει
1023 2164 1116 2217 τὸν
1157 2163 1267 2216 τῶν
1307 2162 1576 2216 Ἰουδαίων
1612 2161 1741 2217 λαὸν
1779 2161 1887 2217 τῶν

284 2253 383 2306 διὰ
411 2253 664 2318 Μωσέως
691 2239 1233 2325 προκεκηρυγμένων
1252 2253 1382 2323 περὶ
1398 2253 1585 2317 αὐτοῦ,
1614 2252 1887 2325 ὑποπλήτ-

286 2362 376 2398 τει
421 2344 485 2396 δὲ
540 2345 634 2396 διὰ
681 2343 886 2397 τούτων
921 2342 1159 2412 εὐφυῶς,
1192 2341 1288 2395 καὶ
1314 2343 1412 2412 τήν
1434 2340 1659 2396 ἐνοῦσαν
1700 2341 1889 2406 αὐτοῖς

288 2434 627 2505 ἀνοσιότητα
675 2434 1063 2505 παραδεικνὺς,
1116 2432 1409 2502 ἀπελέγχει
1451 2433 1658 2502 σαφῶς,
1699 2434 1774 2499 ὡς
1803 2434 1887 2489 οὐ·

286 2524 405 2589 531;
428 2526 620 2588 αὐτοῖς
646 2524 803 2594 λόγος
830 2524 924 2578 τοῦ
955 2527 1047 2577 xa‘t
1083 2525 1164 2587 ei;
1182 2524 1344 2576 αὑτὸν
1368 2525 1770 2595 ὲμπαροινῆσαι
1795 2526 1887 2579 τὸν

297 2620 492 2687 νόμον,
534 2616 716 2670 καίτοι
746 2616 987 2670 δεδόσθαι
1040 2615 1397 2669 πιστευθέντα
1457 2615 1611 2685 παρᾶ
1632 2615 1787 2671 Θεοῦ.
1820 2617 1887 2670 Ti

294 2710 405 2780 γὰρ
430 2709 539 2778 ἔφη
574 2707 664 2761 διὰ
703 2707 950 2770 Μωσέως
1000 2708 1131 2778 περὶ
1167 2706 1427 2778 Χριστοῦ,
1477 2708 1757 2778 γνώριμον
1786 2709 1884 2779 μὲν

297 2804 529 2863 ἅπασιν,
587 2800 700 2871 ὲρῶ
762 2799 807 2853 δ’
849 2795 944 2853 οὖν
989 2801 1139 2868 ὅμως
1194 2798 1284 2852 διὰ
1335 2800 1435 2871 τὴν
1481 2799 1577 2853 τοῦ
1616 2802 1887 2872 νοήματος

294 2889 493 2960 χρείαν
517 2905 531 2916 ·
576 2907 596 2941 ι
636 2889 928 2961 Προφήτην
955 2888 1245 2958 ἀναστήσω
1269 2889 1454 2953 αὐτοῖς
1470 2891 1535 2944 ὲκ
1569 2893 1737 2961 μέσου
1776 2892 1885 2945 τῶν

293 2980 547 3049 ἀδελφῶν
568 2979 771 3044 αὐτῶν,
831 2978 1020 3049 ὥσπερ
1052 2980 1135 3042 σὲ,
1178 2999 1197 3032 ι
1228 2980 1373 3034 τοῦτ’
1415 2980 1532 3034 ἐστι
1588 2981 1884 3054 νομοθέτην

1996 1799 2238 1861 locutus;
2270 1798 2360 1851 sed
2404 1797 2493 1868 qui
2526 1797 2672 1850 misit
2701 1812 2780 1849 me
2816 1794 2999 1859 Pater,
3045 1795 3154 1863 ipse
3188 1793 3315 1847 mihi
3344 1794 3569 1847 manda—

1997 1900 2106 1943 tum
2138 1889 2281 1943 dedit
2323 1889 2447 1959 quid
2475 1888 2676 1952 dicam,
2707 1895 2756 1941 et
2789 1888 2914 1957 quid
2952 1887 3169 1954 loquar;
3212 1899 3262 1941 et
3289 1888 3398 1941 scio
3445 1888 3572 1955 quia

1994 1983 2307 2035 mandatum
2354 1981 2467 2048 eius
2494 1981 2601 2034 vita
2638 1988 2834 2034 (eterna
2872 1991 2950 2034 est
2991 1995 3009 2033 :
3055 1995 3173 2049 qua:
3209 1996 3332 2048 ergo
3364 1979 3571 2049 loquor,

1994 2074 2132 2127 sicut
2179 2074 2315 2125 dixit
2358 2072 2486 2127 mihi
2517 2071 2700 2135 Pater,
2744 2073 2821 2126 sic
2862 2073 3064 2142 loquor.

2063 2160 2378 2216 Judmornm
2415 2162 2614 2232 populo
2643 2169 2863 2215 revocat
2906 2164 2961 2214 in
2996 2159 3315 2215 memoriam
3357 2175 3421 2214 ea
3451 2173 3572 2229 quae

1995 2254 2064 2309 de
2094 2269 2152 2309 se
2197 2268 2227 2307 a
2258 2252 2409 2308 Mose
2441 2252 2701 2323 prtedicta
2736 2263 2885 2316 sunt,
2925 2259 2980 2307 et
3015 2267 3111 2322 per
3155 2251 3271 2306 haec
3307 2265 3403 2306 eos
3446 2265 3573 2320 per-

1995 2343 2236 2413 stringit,
2266 2342 2598 2413 insitamque
2616 2342 2697 2398 eis
2728 2341 3059 2411 impietatem
3082 2340 3403 2410 designans,
3425 2340 3575 2393 clare

1995 2437 2173 2507 arguit
2203 2435 2340 2489 nihil
2373 2434 2455 2491 eis
2479 2450 2626 2490 curae
2658 2448 2784 2490 esse
2821 2435 3242 2488 temulentorum
3285 2447 3435 2488 more
3469 2431 3573 2502 legi

1993 2527 2243 2590 illudere,
2274 2527 2526 2596 quamvis
2556 2542 2587 2581 a
2623 2525 2733 2581 Deo
2761 2524 2922 2580 datm.
2966 2523 3123 2579 Patet
3146 2525 3291 2579 enim
3315 2523 3574 2579 omnibus

1993 2620 2122 2690 quid
2155 2635 2250 2688 per
2280 2618 2467 2674 Mosen
2493 2619 2561 2674 de
2589 2618 2816 2673 Christo
2851 2616 3072 2682 dixerit,
3103 2617 3236 2670 illud
3263 2624 3447 2671 tamen
3487 2615 3573 2669 af-

1993 2709 2189 2776 feram,
2221 2710 2289 2764 ad
2321 2709 2608 2763 clariorem
2636 2708 2743 2762 loci
2765 2706 3184 2776 explicationem
3220 2723 3233 2759 :
3271 2723 3290 2757 ι
3330 2703 3572 2775 Prophe-

1993 2812 2101 2856 tam
2136 2801 2422 2856 suscitabo
2460 2800 2542 2854 eis
2570 2815 2635 2854 ex
2671 2798 2935 2853 fratribus
2978 2808 3190 2863 eorum,
3220 2798 3366 2853 sicut
3408 2806 3462 2852 te
3492 2816 3506 2853 :
3545 2817 3564 2849 ι

1992 2892 2049 2946 id
2088 2899 2172 2946 est
2211 2892 2577 2960 legislatorem
2617 2897 2673 2944 et.
2706 2889 3061 2943 mediatorem
3121 2890 3264 2943 inter
3306 2887 3476 2944 Deum
3517 2902 3571 2945 et

1992 2981 2242 3037 homines
2274 2980 2319 3012 “
2369 2998 2381 3034 :
2431 2999 2449 3030 ι
2489 2990 2543 3033 et
2571 2979 2714 3033 dabo
2739 2978 2964 3033 verbum
3001 2994 3178 3033 meum
3204 2978 3259 3032 in
3288 2993 3384 3033 ore
3423 2977 3566 3049 ejus,

296 3074 390 3127 καὶ
420 3073 658 3142 μεσίτην
725 3071 861 3124 Θεοῦ
906 3071 1000 3123 καὶ
1034 3071 1341 3143 ἀνθρώπων
1376 3090 1390 3104 ·
1428 3091 1447 3125 ς
1481 3074 1576 3126 καὶ
1629 3073 1786 3126 δώσω
1825 3075 1886 3127 τὸ

1996 3080 2043 3127 et
2074 3073 2328 3141 loquetur
2373 3072 2452 3127 eis
2495 3070 2799 3126 secundum
2856 3069 3003 3139 quod
3065 3069 3338 3123 mandabo
3383 3068 3454 3124 ei.
3504 3068 3573 3121 Et.

299 3164 453 3235 ῥῆμά
487 3181 594 3234 μου
618 3164 677 3215 ὲν
702 3162 781 3232 τῷ
834 3163 1062 3234 στόματι
1098 3163 1288 3227 αὐτοῦ,
1319 3164 1416 3217 καὶ
1453 3164 1675 3235 λαλήσει
1705 3166 1890 3229 αὐτοῖς

234 3261 248 3270 ’
296 3256 491 3309 miihi.
514 3254 583 3307 ἂν
602 3254 926 3324 ἐντείλωμαι
954 3254 1125 3325 αὐτῷ.
1156 3255 1268 3307 Καὶ
1297 3256 1326 3307 ὁ
1350 3255 1637 3325 ἄνθρωπος
1662 3256 1886 3318 ἐκεῖνος,

294 3348 353 3410 ὃς
402 3346 472 3399 ἂν
529 3344 606 3416 μὴ
628 3412 643 3418 _
664 3345 874 3419 ἀκούσῃ
930 3345 1031 3399 ὅσα
1065 3345 1131 3398 ἂν
1165 3345 1376 3418 λαλήσῃ
1411 3346 1438 3397 ὁ
1481 3347 1769 3417 προφήτης
1798 3348 1892 3399 ἐπὶ

295 3437 375 3508 τῷ
393 3435 629 3507 ὀνόματί
659 3450 785 3503 μου,
806 3434 917 3504 ἐγὼ
942 3435 1214 3504 ἐκδικήσω
1239 3435 1299 3499 ἐξ
1333 3434 1520 3487 αὐτοῦ.
1549 3454 1568 3486 ι
1603 3435 1692 3487 Ἐν
1713 3434 1892 3504 ταυτῷ

295 3526 595 3596 τοιγαροῦν
660 3526 688 3577 ὁ
738 3524 943 3595 Κύριος
985 3522 1141 3594 ήμῶν
1179 3523 1388 3593 Ἰησοῦς
1439 3527 1468 3576 ὁ
1515 3524 1747 3595 Χριστὸς
1798 3524 1892 3576 τὴν

296 3619 544 3683 ἀλαζόνα
569 3617 683 3670 τῶν
728 3614 1000 3669 Ἰουδαίων
1040 3614 1253 3668 εὐθύνει
1284 3614 1477 3683 δῆμον,
1507 3615 1584 3676 ὡς
1618 3615 1712 3668 καὶ
1744 3615 1893 3686 αὐτῷ

301 3711 619 3782 μαχόμενον
647 3706 726 3779 τῷ
782 3706 904 3779 Θεῷ
945 3706 1044 3761 καὶ
1106 3706 1303 3777 Ila-.91,
1338 3706 1430 3760 καὶ
1473 3706 1539 3759 δι’
1573 3700 1647 3761 ὧν
1676 3708 1893 3777 ἐντολὴν

299 3801 589 3872 εἰληφέναι
640 3800 790 3867 λέγει
827 3797 956 3865 παρ’
980 3796 1172 3859 αὐτοῦ,
1200 3797 1296 3850 καὶ
1319 3796 1412 3865 ἀφ’
1446 3797 1640 3849 ἑαυτοῦ
1693 3796 1766 3867 μή
1796 3797 1863 3849 λα

297 3893 436 3955 λεῖν,
467 3891 665 3945 ἑαυτὸν
685 3892 815 3944 ὄντα
847 3890 944 3941 τὸν
985 3890 1273 3959 προφήτην
1305 3887 1633 3941 ἐπιδεικνύει
1684 3889 1893 3956 σαφῶς,

299 3986 393 4037 τον
418 3984 510 4036 διὰ
545 3983 713 4052 νόμου
766 3979 1175 4052 προϐοὼμενον,
1230 3980 1324 4031 καὶ
1354 3979 1443 4032 διὰ
1469 3979 1569 4047 τῆς
1619 3979 1714 4030 τοῦ
1758 3979 1894 4032 Θεοῦ

305 4081 397 4131 καὶ
426 4075 648 4145 Πατρός
676 4074 860 4143 φωνῆς
889 4074 953 4124 ὲκ
984 4070 1195 4124 πολλῶν
1224 4070 1431 4124 ἄνωθεν
1460 4071 1668 4142 χρόνων
1696 4088 1897 4142 προκε-

306 4165 683 4236 κηρυγμένον.
744 4161 919 4215 Καλεῖ
959 4159 1014 4212 δέ
1044 4176 1163 4222 πως
1191 4160 1328 4230 πρὸς
1363 4160 1691 4230 ἀνάμνησιν,
1718 4159 1896 4212 καίτοι

304 4258 499 4318 νωθεῖς
527 4254 690 4316 ὄντας
726 4254 945 4314 αὐτοὺς,
1000 4250 1076 4312 ὼς
1125 4252 1175 4302 ει
1204 4253 1278 4322 μὴ
1316 4249 1588 4320 βούλοιντο
1621 4252 1734 4313 τοῖς
1764 4248 1895 4320 παρ’

307 4348 474 4402 αὐτοῦ
542 4346 975 4400 καταπείοεσθαι
1030 4347 1228 4415 λόγοις,
1255 4342 1636 4397 ὑποκείσονται
1678 4342 1899 4404 πάντως

306 4437 632 4507 tia-.1395th
687 4437 939 4500 κολάσει,
1002 4412 1115 4489 καὶ-
1163 4431 1525 4504 ὑπομενοῦσιν
1598 4432 1743 4502 ἅπερ
1790 4431 1894 4502 ἔφη
1924 4412 1966 4469 c

302 4530 458 4592 Θεός.
479 4531 545 4582 Οἱ
573 4528 683 4600 γὰρ
709 4528 809 4599 τήν
845 4528 998 4582 οεῖαν
1021 4526 1239 4596 ἐντολήν
1267 4525 1359 4579 τοῦ
1392 4524 1528 4577 Θεοῦ
1563 4524 1657 4577 καὶ
1684 4525 1897 4593 Πατρος

304 4623 773 4691 παρατρέχοντες,
821 4623 915 4673 καὶ
980 4620 1073 4673 τὸν
1123 4618 1384 4685 ζωοποιδν
1416 4617 1510 4670 τοῦ
1560 4617 1695 4670 Θεοῦ
1726 4617 1898 4684 Λόγον

303 4714 675 4785 ἐξωθούμενοι
733 4713 827 4767 τοῦ
873 4710 1128 4784 Σωτῆρος
1168 4711 1325 4784 ήμῶν
1360 4709 1621 4781 Χριστοῦ,
1652 4709 1770 4772 πῶς
1797 4710 1899 4763 οὐκ

304 4806 365 4856 ὲν
390 4807 510 4866 τοῖς
530 4804 786 4873 ἐσχάτοις
816 4804 1089 4857 κείσονται
1114 4805 1328 4865 κακοῖς,
1355 4802 1388 4873 ἢ
1424 4801 1541 4864 πῶς
1570 4802 1674 4854 οὐκ
1727 4801 1899 4871 ἀμέτ-

302 4911 416 4964 οχοι
450 4892 678 4963 μενοῦσι
704 4892 803 4962 τῆς
822 4892 950 4965 παρ’
977 4891 1142 4945 αὑτοῦ
1162 4892 1327 4962 ζωῆς,
1351 4891 1585 4958 εὐλόγως
1611 4891 1899 4954 ἀκούοντες

301 4986 479 5039 τὸδεά
507 4984 613 5054 τῆς
644 4984 742 5038 τοῦ
798 4986 1083 5055 προφήτου
1121 4985 1304 5055 φωνῆς
1326 4998 1342 5014 ο
1379 5003 1397 5034 ι
1437 4983 1534 5054 Γῆ,
1568 4985 1665 5053 γῆ,
1707 4983 1895 5048 ἄκουε,

302 5080 476 5133 ἄκουε
519 5076 681 5144 λόγον
736 5077 965 5147 Κυρίου.
1007 5078 1138 5130 Ἰδοὺ
1161 5076 1274 5145 ἐγὼ
1301 5077 1493 5144 ἐπάγω
1531 5077 1625 5129 ἐπὶ
1648 5076 1740 5128 τὸν
1767 5075 1897 5128 λαὸν

299 5169 496 5222 τοῦτον
523 5167 692 5233 κακὰ,
719 5168 811 5221 τὸν
842 5167 1054 5239 καρπὸν
1087 5167 1664 5238 ἀποστροφῆς-αὐτῶν,
1697 5167 1780 5220 ὃτι
1817 5166 1896 5237 τῷ

301 5263 459 5331 νόμῳ
480 5276 585 5330 μου
599 5261 658 5312 οὐ
682 5260 1005 5331 προσέσχον,
1027 5259 1228 5313 καὶτὸν
1246 5260 1404 5328 λόγον
1423 5274 1526 5329 μου
1548 5250 1858 5323 ἀπώσαντο;
1875 5277 1891 5307 ι

304 5351 483 5422 Διττῷ
510 5351 624 5424 γὰρ
650 5351 867 5422 ἐνόχους
896 5351 1054 5416 ὄντας
1083 5351 1391 5421 ἐγκλήματι
1438 5352 1566 5414 τοὺς
1609 5350 1898 5412 Ἰουδαίους

303 5446 621 5514 εὑρήσομεν
644 5459 660 5473 ο
710 5442 835 5495 οὔτε
865 5445 974 5513 γὰρ
1000 5443 1163 5496 αὐτὸν
1208 5442 1385 5495 καίτοι
1413 5443 1610 5495 σεπτὸν
1647 5437 1785 5493 εἶναι
1814 5440 1900 5493 δο-

306 5535 511 5587 κοῦντα
548 5536 644 5588 καὶ
696 5535 850 5603 φίλον
896 5535 1227 5605 τετιμήκασι
1252 5533 1344 5585 τδν
1376 5534 1562 5602 νόμον,
1589 5533 1681 5585 τὸν
1709 5533 1774 5586 δι’
1799 5533 1899 5585 αὑ-

304 5629 398 5683 τοῦ
444 5627 796 5699 κηρυχθέντα
868 5627 943 5700 μὴ
988 5625 1417 5698 προσηκάμενοι,
1441 5623 1561 5677 οὒτε
1595 5623 1701 5695 μὴν
1725 5641 1887 5696 προσ·⁵

380 5791 421 5820 ⁸¹
467 5788 587 5844 Jac.
626 5803 701 5851 tv,
741 5788 808 5841 ιε
840 5804 854 5852 ;
889 5786 904 5839 Ι
942 5785 1084 5840 Tim.
1121 5800 1158 5841 tt
1186 5826 1200 5851 ,
1234 5788 1288 5842 ὅ.

510 5907 792 5968 Ρηκοι.
853 5904 974 5967 (in.
1019 5907 1291 5969 LXXIV.

1993 3164 2158 3218 homo
2191 3164 2283 3233 qui
2319 3180 2427 3217 non
2461 3162 2698 3216 audierit
2731 3176 2853 3231 qua:
2877 3162 3092 3216 locutus
3119 3160 3279 3214 fuerit
3307 3160 3572 3231 propheta

1994 3257 2089 3310 ille
2140 3255 2193 3308 in
2257 3255 2479 3309 nomine
2531 3269 2673 3315 meo,
2726 3269 2827 3323 ego
2880 3253 3180 3308 vindictam
3233 3268 3444 3307 sumam
3505 3252 3573 3308 de

1992 3362 2060 3402 eo
2088 3346 2154 3400 θ’.
2205 3366 2224 3399 ο
2255 3345 2378 3401 Uno
2409 3347 2579 3416 igitur
2607 3345 2773 3418 716
2801 3344 3105 3415 eodemque
3150 3346 3270 3400 loco
3311 3345 3574 3402 Dominus

1996 3448 2183 3494 noster
2210 3437 2373 3494 Jesus
2418 3436 2673 3493 Christus
2706 3437 3005 3506 superbum
3036 3436 3350 3491 Judaeorum
3398 3453 3575 3509 popu-

1995 3531 2106 3585 lum
2143 3531 2409 3600 increpat,
2435 3536 2494 3583 ut
2523 3529 2614 3598 qui
2646 3527 2749 3598 ipsi
2786 3526 2895 3582 Deo
2925 3543 2987 3581 ac
3016 3527 3162 3581 Patri
3199 3538 3486 3598 repugnet,
3520 3540 3572 3583 et

1996 3635 2092 3689 per
2120 3636 2241 3688 qua:
2278 3618 2595 3672 mandatum
2626 3616 2701 3669 ait
2727 3616 3010 3686 accepisse
3043 3617 3113 3671 ab
3137 3632 3223 3680 eo,
3256 3610 3312 3670 et
3335 3631 3365 3669 a
3392 3617 3575 3686 seipso

1997 3727 2105 3765 non
2138 3711 2305 3780 loqui,
2332 3725 2428 3779 per
2456 3710 2570 3764 haec
2602 3707 2791 3763 eadem
2824 3709 3067 3777 seipsum
3097 3707 3419 3778 prophetam
3451 3724 3577 3764 esse

1996 3803 2243 3857 declarat
2306 3803 2401 3872 qui
2441 3816 2470 3854 a
2523 3801 2640 3870 lege
2693 3800 2983 3870 praedictus
3020 3801 3114 3863 sit,
3148 3808 3202 3854 et
3249 3816 3347 3870 per
3382 3799 3478 3854 Dei
3513 3817 3577 3853 ac

1997 3893 2178 3950 Patris
2209 3909 2396 3949 vocem
2443 3894 2629 3947 multis
2673 3899 2825 3946 retro
2854 3892 3196 3961 temporibus
3235 3893 3566 3960 praenuntia-

2001 3992 2087 4038 tus
2121 3984 2211 4038 sit.
2249 3983 2341 4037 Eis
2372 3991 2575 4046 autem,
2617 3983 2868 4051 quamvis
2908 3982 3051 4035 tardi
3096 3982 3227 4045 sint,
3260 3982 3315 4036 in
3367 3996 3575 4036 memo-

1997 4077 2137 4127 riam
2169 4071 2571 4141 quodammodo
2621 4079 2863 4134 revocat,
2910 4070 3019 4124 nisi
3061 4070 3181 4140 ejus
3231 4072 3577 4126 sermonibus

1998 4179 2194 4234 parere
2237 4164 2427 4227 velint,
2471 4162 2770 4217 inevitabili
2815 4162 3084 4232 supplicio
3121 4164 3349 4218 omnino
3389 4164 3580 4234 subje-

1999 4270 2147 4313 ctum
2178 4258 2245 4311 iri
2274 4298 2288 4319 ,
2320 4271 2497 4327 eaque
2521 4269 2784 4325 passuros
2817 4272 2940 4325 quae
2958 4255 3097 4309 dixit
3122 4255 3285 4312 Deus.
3315 4255 3451 4312 Nam
3484 4258 3578 4328 qui

2000 4350 2248 4405 divinum
2297 4348 2391 4404 Dei
2437 4363 2502 4403 ac
2535 4346 2716 4402 Patris
2764 4347 3083 4400 mandatum
3119 4348 3579 4418 praetergredien-

2001 4451 2110 4507 tnr,
2146 4451 2198 4496 et
2232 4440 2509 4496 viviﬁcum
2556 4440 2652 4495 Dei
2696 4455 2761 4495 ac
2800 4437 3109 4495 Servatoris
3148 4440 3321 4493 nostri
3370 4439 3578 4495 Christi

2000 4549 2311 4591 sermonem
2371 4533 2661 4603 repellunt,
2712 4528 2991 4600 quomodo
3037 4543 3146 4582 non
3196 4530 3461 4584 extremis
3493 4533 3580 4584 in—

2000 4626 2291 4680 volventur
2330 4624 2512 4686 malis,
2558 4631 2649 4675 aut
2681 4619 2961 4692 quomodo
2988 4620 3115 4673 vitae
3152 4620 3222 4675 ab
3253 4637 3318 4675 co
3348 4636 3579 4675 manan-

1999 4717 2071 4769 tis
2121 4730 2228 4769 non
2261 4724 2513 4785 expertes
2560 4713 2949 4780 remanebunt,
2984 4727 3096 4766 non
3133 4713 3250 4767 sine
3279 4728 3447 4768 causa
3479 4730 3579 4768 au-

2000 4807 2214 4862 dientes
2253 4806 2401 4876 quod
2445 4805 2722 4876 prephetae
2756 4819 2889 4859 voce
2918 4804 3129 4859 dictum
3158 4812 3242 4859 est
3276 4824 3289 4859 :
3328 4824 3346 4857 ι
3384 4803 3578 4867 Terra.

2002 4909 2170 4959 terra,
2199 4898 2367 4963 audi,
2401 4897 2525 4951 audi
2563 4895 2790 4951 verbum
2833 4894 3068 4950 Domini.
3099 4895 3240 4952 Ecce
3268 4912 3368 4967 ego
3405 4896 3579 4950 addu-

2001 5004 2067 5045 co
2091 5005 2258 5060 super
2286 4990 2548 5059 populum
2595 4989 2743 5041 hunc
2788 4986 2954 5052 mala,
2990 4986 3231 5041 fructum
3276 4989 3579 5043 aversionis

2000 5097 2212 5146 eorum,
2245 5081 2376 5149 quia
2409 5080 2510 5149 legi
2566 5094 2699 5134 mea:
2741 5092 2853 5132 non
2881 5078 3255 5141 attenderunt,
3288 5086 3343 5132 ct
3369 5092 3578 5132 sermo—

2001 5189 2123 5229 nem
2153 5188 2330 5226 meum
2371 5172 2719 5240 projecerunt
2749 5168 2879 5222 ⁸³⁸2»
2924 5168 3165 5239 Duplicis
3203 5169 3348 5223 enim
3393 5169 3576 5222 crimi-

2000 5266 2087 5320 nis
2122 5280 2246 5320 reos
2275 5278 2396 5319 esse
2438 5262 2658 5318 Judaeos
2693 5261 3118 5331 eomperiemus.
3162 5258 3273 5314 Nec
3307 5258 3451 5313 enim
3492 5259 3575 5326 ip-

2000 5372 2114 5412 sam
2156 5356 2351 5426 legem,
2381 5369 2545 5424 quam
2591 5356 2837 5409 sanctam
2867 5350 3074 5421 alioqui
3111 5349 3397 5420 putabant,
3426 5363 3583 5401 reve-

1993 5446 2090 5507 riti
2124 5456 2273 5513 sunt,
2307 5447 2512 5516 quippe
2540 5444 2634 5513 qui
2677 5458 2788 5497 non
2841 5449 3205 5511 susceperunt
3240 5455 3362 5492 eum
3410 5454 3573 5508 quem

2002 5541 2091 5594 illa
2127 5537 2476 5609 przedixerat,
2513 5552 2614 5591 nec
2654 5533 3012 5589 attenderuut
3059 5530 3369 5584 Servaturis
3401 5531 3589 5593 nostri

2000 5629 2206 5685 Christi
2239 5626 2608 5689 sermonibus,
2653 5627 2778 5681 licet
2812 5630 3000 5694 aperte
3033 5622 3323 5676 clamantis
3368 5637 3427 5676 se
3453 5636 3578 5676 esse

1404 5788 1447 5819 ⁶²
1492 5786 1647 5844 Deut.
1684 5804 1847 5852 mu,
1888 5788 1986 5857 i8,
2027 5789 2113 5844 it).
2192 5790 2234 5822 ⁸³
2271 5789 2472 5845 Jercm.
2512 5803 2603 5852 v1,
2643 5784 2727 5841 19.

3241 5896 3279 5956 4
