4104 6442
552 356 651 411 [07

1582 355 1637 408 S.
1681 354 1958 411 ριἰιιιιι
1996 356 2462 413 ALEXANDRINI
2501 358 2823 414 ARCHIEP.

3722 364 3818 419 108

547 471 734 529 utique
768 471 1089 539 prophetam
1129 470 1222 539 qui
1259 484 1354 540 per
1384 470 1555 542 legem
1586 471 1924 540 pra-dicitur,
1963 488 2028 527 ex
2062 488 2125 527 eo

2234 476 2503 547 εσχήκασι
2522 478 2633 539 τοῖς
2663 474 2841 542 λόγοις
2875 474 2970 528 τοῦ
3026 475 3277 548 Σωτῆρος
3342 476 3502 548 ήμῶν
3561 477 3819 548 Χριστοῦ,

543 564 691 629 quod
718 561 793 614 ait
828 560 932 615 sibi
960 575 988 614 a
1014 561 1123 615 Deo
1144 577 1205 616 ac
1228 561 1390 617 Patre
1416 561 1546 631 quid
1583 564 1730 617 dicat
1760 565 2125 634 suppeditari.

544 649 732 718 Neque
763 664 896 705 vero
948 651 1243 720 quisquam
1282 650 1558 719 existimet
1608 666 1674 705 ex
1719 669 1784 707 eo
1832 653 1978 723 quod
2024 654 2129 709 Do-

546 739 730 793 minus
758 738 834 793 ait
871 738 1006 791 nihil
1032 755 1060 789 ιι
1092 739 1277 808 seipso
1304 738 1510 804 dicere,
1542 740 1636 794 sed
1680 741 1829 812 loqui
1870 760 1899 797 a
1932 743 2145 812 Patre,-

546 830 860 884 dctrimenti
909 831 1209 900 quidquam
1263 830 1514 901 accipere
1557 848 1742 903 posse,
1797 837 1913 891 sive
1947 840 2129 908 quoad

547 923 816 976 rationem
865 922 1223 982 substantiaz,
1278 923 1395 976 sive
1448 909 1593 992 quiod
1651 927 1848 981 attinet
1901 930 1968 984 ad
2021 929 2132 985 Deo

546 1014 766 1084 dignam
802 1012 1140 1081 majestatetn
1174 1031 1187 1065 :
1225 1013 1318 1067 sed
1357 1013 1489 1069 illud
1528 1030 1725 1072 rursus
1771 1019 2011 1087 primum
2039 1035 2134 1075 co-

547 1104 699 1172 gitet,
731 1117 794 1155 ac
828 1100 1146 1169 rogantibus
1178 1101 1336 1156 nobis
1375 1105 1729 1172 respondeat,
1772 1115 1956 1161 utrum
2003 1125 2133 1166 vero

546 1206 594 1247 et
625 1192 859 1247 naturali
910 1191 1020 1245 Deo
1075 1194 1383 1262 prophetiae
1442 1210 1641 1249 nomen
1697 1204 1751 1251 et
1800 1214 1914 1252 rem
1955 1201 2132 1269 ipsam

545 1284 843 1338 convenire
885 1290 1077 1353 putet;
1115 1284 1265 1353 atqui
1301 1300 1463 1339 nemo
1499 1301 1607 1341 non
1645 1286 1867 1355 dixerit,
1912 1292 2129 1361 opinor,

545 1376 866 1431 incredibile
906 1391 1027 1430 esse
1068 1374 1238 1431 Deum
1287 1378 1611 1449 prophetam
1646 1384 1833 1437 vocari
1878 1399 2002 1439 eum
2039 1387 2132 1456 qui

544 1467 599 1521 in
635 1467 918 1538 prophetis
949 1467 1234 1536 loquatur.
1276 1486 1295 1517 ι
1338 1468 1459 1539 Ipse
1494 1471 1637 1526 enim
1674 1473 1917 1530 visiones
1949 1476 2136 1531 multi-

547 1559 792 1628 plicavit,
827 1568 885 1612 ut
927 1558 1214 1623 scribitur,
1249 1566 1303 1613 et
1329 1560 1385 1614 in
1436 1562 1693 1618 manibus
1741 1567 2133 1635 prephetarum

543 1650 886 1705 assimilatas
925 1658 1005 1703 est
1037 1648 1105 1703 “.
1148 1668 1164 1700 ι
1202 1647 1346 1715 Quia
1371 1666 1500 1722 ergo
1523 1653 1809 1711 servitutis
1838 1658 2062 1712 nomine
2082 1666 2135 1713 et

546 1742 721 1794 [oi-ina
746 1750 951 1795 nostrae
973 1740 1350 1795 similitudinis
1381 1752 1665 1813 assumpta
1684 1745 1748 1799 ad
1774 1756 2019 1802 nostram
2050 1747 2130 1803 si-

2233 567 2413 620 καίτοι
2456 566 2687 638 βοιῖιντος
2733 565 3060 635 ἀναφανδὸν,
3108 566 3184 630 ὼς
3230 567 3405 631 ,αὐτὸς
3447 567 3535 639 εἴη
3574 568 3760 639 σαφῶς
3790 571 3819 624 6

2231 659 2518 729 προφήτης
2582 658 2612 710 6
2662 656 2753 711 διὰ
2805 657 2971 727 νόμου
3048 657 3563 733 χρησμῳδούμενος,
3604 659 3674 714 δι’
3746 654 3820 714 ὧν

2234 748 2443 817 ἔφασκε
2466 751 2578 812 τοῖς
2609 749 2763 820 παρὰ
2792 748 2891 802 τοῦ
2912 748 3048 802 Θέοῦ
3079 750 3174 803 καὶ
3205 750 3419 820 Πατρὸς
3454 750 3821 805 διακονεῖσθαι

2232 839 2432 907 λόγοις.
2462 839 2574 893 Καὶ
2617 840 2781 910 μήτις
2817 839 3014 893 οἰέσθω
3050 838 3111 892 τδ
3155 841 3320 908 φάναι
3351 841 3442 893 τὸν
3484 841 3709 912 Κύριον,
3747 842 3822 906 ὡς

2233 932 2325 999 ἀφ’
2386 929 2581 984 ἑαυτοῦ
2641 930 2740 1000 μὲν
2768 930 2941 993 οὐδὲν,
3003 930 3251 985 λαλεῖται
3277 931 3334 984 δὲ
3378 932 3529 1003 παρά
3581 934 3817 1002 Πατρδς,

2232 1021 2437 1074 ἀδικεῖν
2464 1022 2626 1075 αὑτὸν
2676 1021 2936 1075 δύνασθαι
2975 1022 3116 1076 κατά
3142 1041 3194 1076 τι
3237 1023 3368 1093 γοῦν
3419 1024 3578 1088 ὅλως,
3614 1025 3646 1096 ἢ
3679 1025 3825 1078 κατά

2233 1114 2325 1165 τὸν
2352 1113 2447 1181 τῆς
2487 1112 2674 1176 οὐσίας
2722 1113 2916 1183 αὐτῆς,
2977 1114 3145 1184 ήγουν
3188 1116 3268 1179 εἰς
3323 1113 3480 1179 ἀξίας
3527 1115 3685 1184 λόγον
3724 1117 3825 1186 τῆς

2234 1203 2573 1276 θεοπρεποῦς
2597 1220 2610 1233 ·
2643 1203 2780 1256 ἀλλὰ
2826 1204 3043 1275 πρῶτον
3084 1205 3182 1275 μὲν
3220 1207 3396 1259 έκεῖνο
3431 1206 3824 1277 διενθυμείσθω

2233 1310 2293 1346 τε
2330 1293 2515 1359 πάλιν,
2547 1293 2641 1345 κοιλ⁴
2661 1292 2867 1361 λεγέτω
2888 1294 3169 1364 ἐρομένοις
3196 1295 3326 1365 ήμῖν
3343 1310 3357 1324 ⁸
3382 1290 3528 1366 Ἀρα
3558 1297 3665 1367 γὰρ
3688 1295 3823 1366 πρέ-

2237 1402 2361 1439 πειν
2392 1384 2639 1455 οἰήσεταί
2676 1403 2760 1448 τις
2790 1385 2870 1455 τῷ
2895 1403 2957 1455 γε
2992 1385 3127 1449 ὅλως
3184 1386 3297 1439 ὄντι
3336 1404 3396 1440 τε
3426 1387 3520 1440 καὶ
3544 1388 3824 1458 νοουμένῳ

2234 1468 2373 1531 κατᾶ
2430 1476 2591 1546 φύσιν
2640 1476 2781 1548 Θεῷ,
2826 1477 2885 1530 τὸ
2926 1478 3026 1547 τῆς
3065 1479 3403 1549 προφητείας
3427 1477 3599 1549 ὄνομά
3627 1497 3686 1533 τε
3724 1479 3824 1534 καὶ

2236 1570 2511 1640 πρᾶγμα;
2567 1568 2746 1622 καίτοι
2796 1570 2904 1632 πᾶς
2945 1585 3030 1631 τις
3060 1563 3173 1631 οὖν,
3213 1565 3387 1640 οἶμαι,
3429 1570 3525 1623 καλ⁸
3562 1569 3671 1623 τῶν
3700 1571 3823 1624 λίαν

2236 1660 2478 1732 εύχερῶν
2511 1661 2844 1730 ἀποφήσειεν
2868 1660 2956 1724 ἂν,
3002 1662 3266 1716 ἀπίθανον
3299 1655 3439 1714 εἶναι
3478 1661 3652 1730 λέγων
3680 1663 3824 1716 ἀπο-

2239 1751 2518 1805 καλεῖσθαι
2547 1757 2833 1823 προφήτην
2852 1751 2943 1805 τὸν
2965 1753 3023 1805 ὲν
3045 1755 3351 1822 προφήταις
3366 1751 3632 1805 λαλοῦντα
3660 1751 3821 1808 Θεόν.

543 1824 907 1886 miiitudiuem
938 1830 1199 1901 prepheta
1221 1839 1449 1888 vocatus
1469 1841 1574 1898 est,
1595 1838 1906 1892 necessario
1922 1837 1971 1892 ei
1990 1855 2125 1909 quo-

2237 1865 2254 1897 ι
2304 1845 2477 1909 Αὐτὸς
2529 1848 2640 1915 γὰρ
2674 1844 2894 1915 ὁράσεις
2941 1842 3241 1913 ἐπλήθυνε,
3282 1842 3425 1896 κατὰ
3469 1843 3535 1896 τδ
3569 1859 3827 1914 γεγραμ-

540 1939 648 1994 qne
679 1924 761 1977 lex
796 1938 918 1993 quae
945 1923 1221 1992 propheta:
1250 1925 1583 1980 conveniunt
1615 1928 1884 1991 attribuit,
1909 1931 2010 1984 hoc
2044 1944 2127 1986 est

541 2015 766 2069 audisse
819 2014 1025 2084 aliquid
1069 2030 1098 2068 a
1144 2014 1324 2080 Patre,
1375 2028 1430 2071 et
1476 2019 1796 2073 mandatum
1844 2025 2127 2093 accepisse

542 2106 705 2176 717
743 2107 871 2176 quid
899 2107 1050 2161 dicat
1104 2115 1157 2162 et
1190 2108 1323 2178 quid
1359 2109 1636 2179 loquatur.
1671 2113 1770 2168 Cui
1814 2115 2125 2172 addendum

541 2196 801 2262 arbitror,
844 2195 1061 2253 Iudaeos
1112 2199 1250 2270 legis
1291 2200 1554 2270 opinione
1603 2204 1956 2261 vehementer
1992 2225 2127 2278 pra:-

542 2292 868 2352 occupatns,
905 2284 949 2338 si
984 2300 1102 2340 eam
1135 2300 1165 2339 a
1209 2285 1319 2341 Deo
1351 2289 1618 2358 prolatam
1651 2307 1774 2348 esse
1810 2295 2122 2362 crederent,

541 2373 845 2428 Salvatoris
890 2390 1173 2432 sermones
1213 2393 1494 2448 nunquam
1539 2392 1899 2454 suscepturos
1952 2386 2125 2445 fuisse

540 2464 595 2518 in
618 2465 919 2535 spiritalem
939 2468 1145 2522 cultum
1168 2478 1347 2525 vetera
1372 2472 1627 2527 mandata
1651 2477 2121 2537 transformantis.

541 2555 646 2613 Sed
681 2557 813 2628 quid
870 2575 1050 2615 causa:
1097 2572 1217 2616 erat
1259 2578 1361 2616 cur
1396 2563 1503 2633 ipsi
1550 2566 1761 2621 nollent
1822 2570 2120 2640 ﬁgurarum

537 2647 605 2700 ad
642 2648 923 2703 veritatem
959 2650 1508 2707 transfnrznationem
1547 2656 1870 2727 suscipere?
1897 2659 2121 2719 Nescie-

536 2740 668 2797 bant
710 2739 875 2796 Deum
928 2757 1054 2798 esse
1105 2744 1261 2798 illum
1312 2746 1618 2800 secundum
1680 2756 1958 2818 naturam,
2021 2769 2123 2809 nec

533 2832 721 2891 animo
765 2832 1059 2902 capiebant
1106 2834 1453 2905 unigenitum
1508 2836 1686 2895 Patris
1735 2838 1972 2896 Verbum
2018 2861 2121 2901 no-

534 2933 707 2976 stram
749 2931 975 2994 propter
1007 2940 1108 2981 nos
1138 2934 1388 2996 gestasse
1418 2943 1664 2984 carnem.
1706 2932 1926 3004 Alioqui
1972 2937 2119 2991 enim

533 3014 718 3068 statim
747 3012 857 3067 Deo
889 3015 1321 3083 procumbentes
1363 3025 1417 3071 et
1448 3033 1780 3091 quocunque
1823 3024 1987 3079 vellet
2019 3026 2120 3079 im-

533 3103 687 3171 pigre
721 3100 910 3169 delati,
941 3105 1362 3162 convt-nientem
1408 3110 1460 3164 ei
1494 3113 1725 3180 gloriam
1774 3125 2115 3173 servassent.

2232 1936 2413 2008 μένον,
2447 1936 2541 1990 καὶ
2588 1937 2647 1989 ἐν
2696 1935 2855 2007 χερσί
2884 1933 3180 2006 προφητῶν
3201 1933 3483 2004 ὡμοιώθη.
3522 1954 3541 1986 ι
3595 1935 3821 2007 Ἐπειδὴ

2226 2030 2411 2083 τοίνυν¹
2445 2030 2505 2083 ea
2548 2028 2648 2099 τῆς
2688 2029 2935 2092 δουλείας
2978 2028 3148 2097 ὄνομα
3194 2026 3287 2080 καὶ
3322 2026 3513 2097 σχῆμα
3545 2027 3647 2096 τῆς
3677 2025 3824 2097 πρὸς

2227 2124 2377 2192 ἡμᾶς
2400 2122 2718 2192 ὁμοιότητος
2753 2119 3063 2183 ἀναλαϐὼν,
3093 2118 3214 2172 καθ’
3247 2119 3528 2189 ἡμετέραν
3555 2119 3824 2190 ὁμοίωσιν

2227 2216 2769 2287 ὲκλήοηπροφήτης,
2806 2212 3121 2283 ἀναγκαίως
3170 2210 3318 2281 αὐτῷ
3347 2211 3441 2264 καὶ
3475 2211 3544 2264 τὰ
3568 2209 3647 2279 τῷ
3682 2222 3823 2281 προ-

2227 2308 2371 2380 φήτῃ
2402 2307 2686 2378 πρέποντα
2731 2304 3105 2377 περιτέθεικεν
3135 2305 3163 2357 6
3198 2302 3384 2371 νόμος,
3406 2301 3553 2355 τοῦτ’
3587 2300 3721 2362 ἔστι,
3752 2300 3825 2354 τὸ

2226 2398 2492 2457 πυθέσθαι
2524 2416 2573 2452 τι
2604 2398 2756 2469 παρὰ
2779 2396 2874 2450 τοῦ
2898 2396 3133 2467 Πατρὸς,
3179 2394 3399 2465 ἐντολήν
3430 2410 3490 2446 τε
3532 2391 3824 2462 εἰληφέναι

2222 2491 2276 2544 τί
2305 2491 2456 2560 εῐπῃ,
2508 2488 2602 2541 καί⁵
2641 2487 2695 2540 τί
2758 2487 2989 2558 λαλήσῃ.
3025 2485 3169 2557 Πρὸς
3201 2483 3259 2537 δέ
3280 2500 3344 2552 γε
3374 2482 3549 2553 τούτῳ
3593 2483 3826 2536 κάκεῖνο

2223 2585 2396 2636 εἰπεῖν
2426 2583 2682 2653 οἰήσομαι
2736 2580 2846 2633 δεῖν
2867 2595 2880 2607 ·
2910 2582 2968 2632 ὲν
3007 2576 3173 2648 πολλῇ
3233 2575 3500 2648 προλήψει
3527 2574 3823 2643 γεγονότες

2236 2674 2479 2729 Ἰουδαῖοι
2509 2674 2638 2745 περὶ
2670 2673 2759 2726 τὸν
2789 2672 2973 2743 νόμον,
3011 2668 3341 2738 λελαλῆσθαι
3382 2666 3534 2739 παρά
3563 2667 3654 2719 τοῦ
3675 2664 3822 2719 Θεοῦ

2224 2766 2571 2830 πιστεύοντες
2597 2766 2779 2827 αὑτὸν,
2809 2765 2908 2817 ούκ
2938 2763 3004 2817 ἂν
3036 2761 3398 2833 παρεδέξαντο
3426 2759 3521 2813 τοῦ
3561 2758 3827 2829 Σωτῆρος

2220 2861 2347 2922 τοὶνς
2370 2857 2582 2926 λόγους,
2627 2857 2707 2918 εἰς
2757 2854 3140 2925 πνευματικὴν
3200 2850 3456 2923 λατρείαν
3510 2848 3827 2920 μεταπλάτ-

2221 2966 2409 3011 τοντος
2444 2950 2513 3003 τά
2565 2948 2737 3003 πάλαι
2787 2944 3144 3016 διωρισμένα.
3200 2942 3313 2997 Καὶ
3357 2942 3439 3005 τίς
3474 2942 3507 3009 ή
3538 2940 3828 3010 πρόφασις

2220 3041 2315 3094 τοῦ
2345 3041 2422 3112 μὴ
2454 3040 2631 3095 θέλειν
2655 3039 2854 3102 αὐτοὺς
2889 3033 3306 3107 παραδέξασθαι
3330 3033 3422 3087 τὸν
3441 3035 3523 3096 εἰς
3552 3030 3824 3102 ἀλήθειαν

2221 3131 2330 3186 τῶν
2362 3131 2552 3185 τύπων
2592 3128 3021 3200 μεταπλασμόνς
3083 3127 3196 3180 Οὐκ
3244 3124 3442 3196 ᾔδεσαν
3467 3122 3611 3177 κατὰ
3644 3123 3822 3192 φύσιν

536 3188 643 3244 Sed
675 3190 1064 3246 existimabant
1108 3194 1296 3249 miseri
1341 3212 1507 3252 unum
1561 3216 1592 3255 e
1630 3205 1791 3259 nobis
1823 3209 2114 3273 exsistere,

2227 3226 2352 3279 ὗντα
2406 3223 2561 3287 Θεὸν,
2592 3188 2721 3275 ,ἀλλ’
2751 3188 3047 3289 οὑδὲ-εἶχον
3090 3220 3172 3278 εἰς
3219 3188 3369 3280 νοῦν,
3409 3216 3491 3269 ὅτι
3524 3188 3696 3283 Λόγος
3737 3213 3825 3268 ὢν
3878 3238 3889 3247 ·

533 3296 771 3350 cumque
811 3281 975 3351 homo
1007 3283 1186 3340 nudus
1224 3301 1288 3340 ac
1325 3305 1510 3345 merus
1550 3305 1715 3358 esst-t,
1755 3306 1972 3351 tantum
2014 3299 2119 3354 sibi

537 3382 718 3426 tamen
752 3388 1054 3439 assumere,
1087 3384 1145 3430 ut
1177 3388 1230 3432 et
1258 3379 1405 3450 ipsas
1439 3383 1530 3437 Dei
1570 3383 1746 3443 Patris
1776 3388 1924 3460 leges
1963 3405 2121 3446 ever-

536 3474 651 3520 tere
688 3466 938 3521 auderet.
976 3467 1094 3533 Quo
1126 3469 1329 3526 factum
1374 3483 1460 3529 est
1505 3486 1562 3530 ut
1614 3479 1963 3549 impudenter
1994 3502 2118 3542 eum

533 3555 871 3613 clamoribus
903 3558 1281 3619 incesserent:
1320 3584 1338 3617 (
1392 3566 1466 3622 De
1508 3568 1655 3624 bono
1692 3585 1858 3640 opere
1891 3589 1999 3629 non
2049 3578 2122 3633 la-

533 3646 787 3717 pidamus
822 3659 893 3713 te,
924 3652 1016 3705 sed
1047 3651 1115 3707 de
1157 3653 1496 3726 blasphemia
1541 3677 1554 3712 :
1607 3671 1661 3715 et
1696 3664 1823 3732 quia
1856 3673 1911 3719 tn
1958 3667 2121 3726 brmo

532 3752 657 3790 cum
683 3738 783 3803 sis,
816 3741 1050 3810 teipsum
1083 3742 1220 3799 facis
1255 3743 1424 3801 Deum
1455 3748 1524 3803 ⁸⁸.
1558 3768 1577 3801 ι
1626 3748 1903 3823 Singulari
1932 3758 2120 3830 itaque

531 3841 585 3886 et
611 3835 876 3903 prtet-laro
917 3836 1151 3891 consilio
1187 3836 1453 3894 Dominus
1484 3850 1676 3897 noster
1714 3843 1877 3901 Jesus
1923 3849 1991 3905 ab
2024 3852 2118 3907 illa

531 3924 848 3994 suspicione
879 3926 1161 3983 auditores
1192 3930 1543 3997 abstrahens,
1578 3940 1843 4006 tanquam
1892 3954 1921 3993 a
1968 3942 2116 3997 nuda

529 4024 585 4069 et
622 4016 735 4069 sola
785 4017 1024 4072 humana
1064 4035 1302 4090 persona
1358 4024 1665 4080 orationem
1729 4030 1996 4087 transfert
2045 4036 2117 4091 ad

530 4122 655 4161 eum
700 4107 796 4176 qui
852 4109 1029 4176 palam
1059 4121 1113 4164 et
1160 4114 1282 4167 sine
1328 4114 1776 4175 contradictione
1825 4120 2113 4193 adorator,

2222 3313 2317 3368 τοῦ
2378 3312 2593 3384 Πατρὸς
2643 3313 2671 3364 6
2722 3308 3035 3379 Μονογενὴς
3093 3308 3193 3379 τήν
3233 3306 3510 3377 ἡμετέραν
3560 3306 3626 3358 δι’
3661 3306 3825 3375 ἡμᾶς

2225 3405 2514 3477 πεφόρηκε
2544 3402 2826 3474 σάρκα.Ἦ
2859 3400 2970 3472 γὰρ
3002 3400 3069 3454 ἂν
3102 3399 3266 3463 εὐθὺς
3296 3397 3662 3460 ὑποπεσόντες
3688 3394 3824 3467 Θεῷ

2224 3498 2361 3570 πρὸς
2407 3499 2515 3551 πᾶν
2551 3496 2728 3550 ὁτιοῦν
2774 3492 3042 3565 ἀμελλητὶ
3084 3492 3493 3563 μεθιστάμενοι,
3537 3488 3635 3559 τὴν
3658 3487 3825 3559 αὐτῷ

2222 3588 2541 3658 πρέπουσαν
2576 3585 2903 3655 διετήρησαν
2943 3581 3121 3650 δόξαν.
3170 3581 3360 3651 ’ῼοντο
3388 3577 3445 3631 δὲ
3472 3576 3671 3647 μᾶλλον
3697 3574 3823 3628 τῶν

2221 3676 2342 3731 καθ’
2390 3677 2540 3746 ἡμᾶς
2590 3676 2638 3727 οἰ
2667 3674 2894 3727 δείλαιοι
2917 3672 3186 3743 ὑπάρχειν
3237 3670 3354 3733 ἕνα,
3385 3669 3480 3721 καὶ
3520 3666 3823 3736 ἄνθρωπον

2219 3767 2349 3821 δντα
2380 3766 2536 3837 ψιλὸν
2574 3765 2842 3837 φρονῆσαι
2899 3762 3175 3826 τοσοῦτον,
3205 3761 3281 3824 ὡς
3325 3760 3419 3813 καὶ
3458 3758 3655 3821 αὐτοὺς
3681 3759 3823 3810 ἑπι-

2220 3862 2423 3930 χειρείν
2448 3858 2579 3935 τοὺς
2599 3857 2752 3928 παρὰ
2797 3855 2894 3910 τοῦ
2941 3855 3076 3910 Θεοῦ
3131 3853 3224 3907 καί⁵
3261 3851 3476 3921 nam;
3501 3847 3820 3920 παραλύειν

2218 3951 2440 4021 νόμους.
2494 3950 2606 4003 Καὶ
2665 3948 2795 4017 γοῦν
2849 3947 3075 4018 ἀναίδην
3123 3944 3364 4013 ἔφασκον
3410 3940 3550 4013 πρὸς
3607 3938 3820 3992 αὐτόν’
3870 3957 3883 3967 ο

2225 4059 2244 4092 ι
2279 4041 2417 4111 Περὶ
2465 4037 2632 4094 καλοῦ
2678 4037 2844 4110 ἔργου
2892 4037 2954 4090 οὐ
2999 4032 3294 4104 λιθάζομέν
3362 4048 3445 4096 σε,
3494 4028 3632 4083 ἀλλὰ
3674 4027 3821 4100 περὶ

2219 4131 2590 4202 βλασφημίας,
2646 4130 2727 4183 δτι
2770 4129 2833 4182 σὺ
2873 4127 3160 4200 ἄνθρωπος
3214 4123 3312 4187 ὣν,
3350 4125 3522 4185 ποιεῖς
3576 4120 3822 4175 σεαυτὸν

535 4200 727 4263 Deum,
771 4199 1017 4269 inquam,
1051 4211 1108 4257 et
1156 4201 1402 4270 Patrem,
1432 4204 1749 4263 Judaeorum
1802 4215 2112 4271 vecordiam

2227 4199 2551 4276 356V.—IHAL&
2605 4220 2806 4292 πολλῆς
2837 4199 3018 4274 τοίνυν
3049 4217 3145 4273 καὶ
3183 4213 3444 4286 ἀκριὸοῦς
3487 4210 3822 4281 οἰκονομίας

497 4349 501 4352 ,
531 4291 680 4344 οιιιιιί
717 4291 930 4347 ratione
964 4293 1332 4360 confundens,
1378 4307 1433 4353 et
1462 4300 1631 4354 variis
1673 4303 1852 4359 modis
1895 4305 2114 4376 ignaras

2227 4319 2242 4370 5
2271 4313 2473 4386 Κύριος
2506 4314 2665 4399 ήμῶν
2703 4291 2911 4384 Ἰησοῦς
2933 4312 3032 4382 τῆς
3059 4310 3285 4378 ἐνούσης
3327 4307 3511 4369 αὐτοῖς
3544 4304 3818 4399 ὑπονοίας

531 4391 740 4437 mentes
784 4391 1055 4450 tractans,
1090 4394 1256 4456 atque
1290 4387 1360 4442 ad
1402 4405 1530 4444 vera
1569 4400 1626 4446 et
1660 4396 2111 4453 convenientiora

2227 4406 2476 4478 μεθιστὰς
2496 4387 2618 4467 τοὺς
2639 4404 3051 4477 ἀκροωμένους,
3075 4402 3150 4466 ὠς
3170 4401 3278 4455 ἀπὸ
3316 4399 3475 4470 ψιλοῦ
3510 4398 3605 4451 καὶ
3634 4398 3835 4479 μόνου,

530 4473 789 4529 discenda
825 4476 1133 4544 pelliciens.
1176 4477 1274 4534 His
1305 4480 1525 4549 quidem
1556 4487 1908 4542 sermonibus
1934 4497 1987 4543 et
2015 4490 2112 4544 ob-

2227 4473 2309 4552 τοῦ
2365 4473 2732 4567 ἀνθρωπίνου⁷
2767 4473 3065 4567 προσώπου
3120 4488 3479 4563 μετακομίζει
3518 4487 3611 4542 τὸν
3639 4487 3817 4556 λόγον

530 4567 935 4622 servationibus
970 4575 1266 4623 contentus
1298 4585 1426 4625 esse
1464 4573 1592 4643 quis
1616 4584 1808 4643 posset
1835 4577 1901 4631 ad
1927 4587 2113 4634 retun-

2227 4586 2310 4640 ἐπὶ
2333 4586 2424 4639 τὸν
2463 4586 2873 4657 ἀναντιρρήτως
2891 4602 2954 4639 τε
3004 4584 3099 4637 καὶ
3136 4580 3588 4654 ὁμολογουμένως
3623 4596 3812 4650 προσ-

478 4712 481 4719 ,
526 4656 711 4712 denda
767 4658 1062 4729 impiorum
1110 4660 1513 4716 haereticorum.
1554 4666 1828 4732 convicia,
1882 4671 1977 4740 qui
2029 4672 2113 4726 vel

2227 4678 2566 4749 ιυνούμενον,
2597 4656 2827 4749 φημὶδὲ
2863 4678 2955 4731 τὸν
2981 4675 3115 4728 Θεὸν
3146 4674 3239 4727 καὶ
3273 4671 3517 4741 Πατέρα,
3543 4669 3631 4723 διὰ
3655 4686 3812 4723 παν-

526 4750 634 4806 bac
672 4759 828 4823 parte
857 4752 1126 4806 minorem
1153 4749 1316 4807 Patre
1343 4751 1546 4808 Filium
1587 4758 1933 4825 existimant,
1966 4764 2108 4835 quod

2227 4770 2299 4835 τὸς
2344 4772 2543 4842 χρῆναι
2593 4773 2798 4839 τρόπου
2855 4769 2954 4837 τὴν
2984 4765 3310 4821 ἀπαίδευτον
3363 4762 3473 4816 τῶν
3522 4756 3811 4816 Ἰουδαίων
3856 4834 3859 4841 ι

530 4841 667 4896 dixit
703 4842 842 4895 nihil
896 4858 926 4895 a
979 4842 1166 4911 seipso
1205 4842 1383 4913 loqui,
1440 4845 1536 4900 sed
1592 4846 1781 4903 datum
1841 4853 1947 4907 sibi
1987 4870 2112 4911 esse

2227 4841 2439 4936 ιαρδίαν
2469 4863 2804 4916 ὲκδυσωπεῖν
2837 4859 3102 4930 οἰόμενος,
3162 4858 3256 4912 καὶ
3314 4852 3807 4928 μεταχειρίζεσθαι

530 4932 882 4997 mandatum,
936 4940 992 4988 et
1039 4933 1186 4989 sicut
1233 4934 1446 4990 audivit
1492 4937 1661 5008 loqui.
1700 4940 1764 4995 Et
1812 4944 2110 5021 suilectura

2227 4932 2468 5017 τοικίλως
2498 4954 2625 5014 τοὺς
2659 4951 2953 5013 ἀσυνέτους
2982 4949 3278 5020 ἐπιχειρῶν
3305 4950 3386 5011 εἰς
3414 4946 3474 5000 τὸ
3505 4943 3808 5015 βούλεσθαι

529 5023 753 5097 quidem
788 5023 894 5081 ista
941 5023 1059 5091 ipse
1090 5037 1313 5092 quoque
1340 5028 1630 5093 existimo,
1665 5032 1862 5088 addam
1901 5037 2104 5094 nihilo-

2227 5042 2404 5097 ιαθεῖν
2429 5041 2500 5095 τὰ
2522 5040 2697 5111 ἀληθῆ
2729 5040 2823 5094 καὶ
2868 5039 3312 5111 πρεπωδέστερα.
3357 5035 3634 5115 Τοιούτοις
3689 5034 3807 5104 μὲν
3832 5108 3849 5121 ⁸

529 5116 713 5173 minus
745 5112 955 5184 aliquid
993 5113 1140 5167 aliud
1191 5130 1302 5184 quo
1336 5116 1560 5174 illorum
1606 5123 1944 5183 blateronum
1977 5145 2106 5201 pro-

2227 5130 2295 5188 νῦν
2356 5133 2722 5204 ἀποχρήσαιτ’
2788 5132 2851 5187 ἄν
2897 5149 2981 5196 τις
3014 5131 3194 5201 λόγοις
3238 5146 3299 5183 τε
3327 5130 3423 5183 καὶ
3445 5112 3805 5199 θεωρήμασι,

528 5207 736 5261 cacitas
774 5202 1024 5276 patefiat.
1054 5202 1172 5273 Age
1199 5205 1368 5274 enim,
1410 5210 1456 5265 si
1491 5211 1690 5282 placet,
1727 5223 2105 5287 prmtermisso

2227 5223 2300 5287 τὰς
2328 5222 2436 5277 τῶν
2469 5202 2699 5277 ἀνοσίων
2749 5223 3043 5295 αἱρετικῶν
3084 5222 3404 5294 φιλοψογίας
3430 5218 3810 5290 διακρουόμε-

529 5311 676 5351 ιιιιιιο
725 5293 1157 5365 dispensationis
1207 5310 1331 5351 cum
1381 5314 1549 5358 carne
1604 5321 1878 5377 sermone,
1914 5322 2105 5369 osten-

2227 5332 2311 5379 νος,
2346 5313 2628 5382 οἰομένων,
2651 5315 2733 5367 ὅτι
2764 5293 2916 5384 μεῖον
2939 5314 3053 5381 ἕξει
3091 5293 3233 5369 κατά
3254 5330 3308 5366 τι
3333 5311 3463 5380 γοῦν
3482 5312 3510 5365 6
3534 5310 3683 5375 Υἰὸς,
3708 5308 3807 5374 ὡς

527 5388 724 5443 damus
767 5393 915 5441 recte
946 5385 1015 5440 de
1054 5385 1174 5456 ipso
1207 5386 1502 5461 Unigenito
1529 5395 1734 5453 dictum
1770 5415 1894 5457 esse
1921 5405 2053 5462 illud
2081 5426 2095 5462 :

2227 5405 2342 5476 τρὸς
2368 5403 2459 5457 τὸν
2494 5403 2687 5458 ἑαυτοῦ
2720 5405 3046 5480 Γεννήτορα,
3073 5404 3163 5459 διά
3205 5404 3267 5457 τὸ
3293 5402 3457 5472 φάναι
3478 5401 3657 5456 λαλεῖν
3686 5399 3804 5469 μὲν

523 5494 551 5528 γε
593 5476 733 5566 Quia
761 5491 864 5544 ego
902 5489 969 5529 ex
1007 5477 1216 5566 meipso
1251 5494 1359 5534 non
1405 5482 1626 5555 loquor,
1666 5491 1762 5545 sed
1814 5493 1910 5563 qui
1947 5484 2125 5552 misit!

2227 5495 2299 5565 ιφ’
2332 5494 2526 5548 ἑαυτοῦ
2552 5497 2737 5566 μηδὲν,
2780 5476 3029 5551 δεδόσθαι
3062 5514 3126 5566 γε
3173 5496 3280 5566 μὴν
3313 5493 3554 5565 ἐντολὴν,
3603 5492 3804 5547 λαλεῖν

528 5581 615 5622 me
636 5565 820 5635 Pater,
852 5566 973 5636 ipse
1011 5563 1144 5620 mihi
1179 5571 1497 5629 mandatum
1541 5577 1693 5634 dedit
1718 5583 1850 5651 quid
1894 5585 2095 5658 dicam,

2227 5563 2267 5639 τέ
2292 5584 2433 5639 οῦτω
2478 5563 2730 5659 καθάπερ
2779 5589 3038 5661 ἠκροᾶτο.
3075 5563 3189 5642 Καί
3221 5563 3604 5658 άρκέσεινήμὲν
3627 5578 3804 5653 οἶμαι

567 5709 645 5787 λδ
676 5742 814 5800 Osce
846 5764 946 5819 xu,
978 5752 1064 5810 10.
1140 5750 1372 5806 "101m-
1413 5769 1438 5806 S
1462 5792 1477 5818 ν
1509 5753 1599 5810 35-
