4104 6438
342 358 453 419 109

1391 355 1453 409 IN
1483 353 1766 410 JOANNIS
1802 353 2256 413 EVANGELIUM
2290 357 2417 412 LIB.
2461 358 2549 412 ΙΧ.

3510 363 3606 414 Hii

340 478 439 532 καὶ
489 474 687 539 ταῦτα,
747 472 888 544 πλὴν
948 472 1058 544 ἐρῶ
1115 490 1169 526 τι
1227 475 1321 527 καὶ
1353 474 1539 544 ἕτερον
1565 474 1665 543 τῆς
1709 475 1931 526 ἐκείνων

2041 484 2087 527 et
2137 476 2271 545 quid
2324 478 2536 546 loquar.
2578 496 2594 528 ι
2650 474 2766 546 Ipse
2818 479 2962 531 enim
3005 494 3128 533 cum
3181 481 3252 534 sit
3313 482 3501 538 vivens
3553 495 3609 538 et

339 565 794 638 ἀθυρογλωττίας
836 566 934 634 τὴν
967 562 1126 634 ὕϐριν
1155 564 1519 632 ἀπογυμνοῦν.
1562 564 1699 634 Φέρε
1730 564 1858 634 γὰρ,
1884 566 1933 617 εί

337 661 513 723 δοκεῖ,
556 659 730 730 βραχὺ
780 655 1231 728 περιστείλαντες,
1259 656 1357 726 τῆς
1404 655 1542 726 μετά
1566 655 1768 725 σαρκὸς
1797 657 1935 707 οἰκο-

340 751 540 820 νομίας
562 751 617 802 έν
643 767 707 818 γε
728 750 805 819 τῷ
822 748 1148 820 παρόντιτδν
1170 748 1347 815 λόγον,
1375 749 1461 799 ἐπ’
1480 746 1643 800 αὑτοῦ
1675 747 1933 800 δεικνύω-

345 860 451 912 μεν
481 841 577 894 τοῦ
608 839 949 909 Μονογενοῦς
972 840 1150 911 ὀρθῶς
1186 857 1244 893 τε
1301 841 1395 893 καὶ
1420 839 1602 901 καλῶς
1642 839 1933 910 εἰρημένον

340 934 435 987 τό·
477 951 496 983 ι
530 934 654 985 ’Ὁτι
703 932 816 1000 ἐγὼ
862 931 918 998 ἐξ
950 929 1190 1001 ἐμαυτοῦ
1218 930 1279 983 οῦ
1301 930 1469 991 λαλῶ,
1502 930 1617 982 ἀλλ’
1653 933 1681 982 6
1715 929 1934 999 πέμψας

342 1042 417 1095 με
440 1023 653 1094 Πατὴρ,
676 1023 840 1086 αὐτός
873 1041 963 1092 μοι
983 1022 1203 1093 ἐντολὴν
1241 1022 1461 1082 δέδωκε,
1483 1021 1549 1073 ’τί
1577 1022 1738 1084 εἴπω,
1764 1021 1859 1072 καὶ
1881 1019 1935 1073 τί

340 1115 589 1187 λαλήσω.
623 1134 641 1164 ι
686 1114 860 1177 Αὐτὸς
899 1112 1008 1182 γὰρ
1057 1112 1132 1164 ὢν
1169 1114 1194 1165 6
1219 1112 1328 1177 ζῶν
1365 1128 1424 1164 τε
1449 1113 1543 1164 καὶ
1572 1111 1935 1173 ὲνυπόστατος

342 1206 523 1275 Λόγος
579 1204 675 1258 τοῦ
748 1204 884 1256 Θεοῦ
922 1204 1017 1256 καὶ
1076 1203 1310 1274 Πατρος,
1367 1203 1680 1270 ἀναγκαίως
1710 1202 1928 1273 διερμηο

342 1296 496 1352 νεύει
551 1296 621 1349 τά
664 1298 723 1348 ὲν
774 1293 943 1364 αὐτῷ,
979 1295 1074 1348 καὶ
1108 1294 1169 1348 τὸ
1200 1295 1274 1358 ὡς
1311 1296 1368 1347 ὲν
1401 1294 1616 1365 θελήσει
1644 1295 1834 1347 δοκοῦν
1857 1295 1936 1366 τῷ

348 1390 470 1460 ἰδίῳ
511 1389 806 1458 Γεννήτορι
828 1387 1039 1453 ἐξάγων
1076 1389 1155 1448 εἰς
1195 1386 1333 1455 φῶς,
1357 1387 1431 1449 ὼς
1462 1385 1682 1455 ἐντολῆς
1709 1385 1936 1456 δύναμιν

341 1480 638 1549 εἰληφέναι
679 1478 866 1550 φησίν.
897 1478 1024 1531 Ἴδοι
1060 1477 1103 1529 δ’
1127 1477 1191 1531 ἄν
1211 1495 1294 1540 τις
1323 1477 1416 1531 καὶ
1441 1478 1524 1547 έφ’
1560 1477 1718 1548 ἡμῶν
1756 1478 1936 1530 αὐτῶν

346 1572 555 1642 ἀληθὲς
580 1572 643 1625 τὸ
673 1573 931 1642 πρᾶγμα,
967 1571 1059 1624 καὶ
1091 1572 1190 1642 οὐχ
1214 1570 1414 1641 ἑτέρως
1444 1569 1585 1640 ἔχον.
1631 1571 1801 1638 Λόγος
1828 1570 1938 1642 γὰρ

342 1661 755 1731 ὁπροερορικὸς,
806 1662 834 1713 6
882 1661 940 1712 ὲν
975 1659 1223 1713 συνθέσει
1264 1659 1460 1724 λέξεων
1510 1659 1603 1713 καὶ
1651 1660 1933 1731 ῥημάτων,

341 1752 438 1804 διὰ
462 1769 517 1805 τε
560 1751 745 1821 φωνῆς
771 1752 870 1821 τῆς
899 1750 1163 1822 ἐνάρθρου
1209 1751 1345 1822 πρὸς
1380 1751 1441 1804 τὸ
1478 1750 1583 1814 ἔξω
1606 1751 1935 1804 διακτυπού-

2034 568 2344 623 subsistens
2379 567 2469 622 Dei
2506 583 2570 622 ac
2615 568 2797 623 Patris
2835 570 3069 625 Verbum
3092 612 3107 634 ,
3144 575 3460 628 necessario
3489 592 3609 645 quae

2035 658 2089 711 in
2124 672 2191 711 eo
2224 666 2353 712 sunt
2398 660 2671 723 enuntiat,
2730 660 3183 729 voluntatemque
3236 665 3502 733 genitoris
3553 669 3607 722 in

2036 747 2215 802 lucem
2257 748 2448 816 edens,
2497 750 2660 819 quasi
2720 751 3038 806 mandatum
3096 754 3263 825 718
3296 756 3516 826 aliquod
3551 774 3612 814 se

2035 837 2314 904 accepisse
2349 837 2443 890 ait.
2483 837 2638 903 Quod
2672 840 2927 909 exemplo
2954 856 2985 895 a
3018 842 3183 898 nobis
3220 845 3355 915 ipsis
3385 845 3610 900 desum-

2036 935 2129 995 pto
2167 941 2356 980 verum
2389 941 2515 981 esse
2555 930 2950 997 comperietur.
2983 930 3179 987 Sermo
3211 935 3609 999 enuntiativus,

2036 1016 2338 1070 dictionum
2392 1032 2457 1071 ac
2515 1019 2803 1072 verborum
2859 1022 3264 1090 compositione
3313 1034 3609 1089 constans,

2036 1107 2239 1176 quique
2266 1108 2553 1162 articulata
2586 1124 2719 1164 voce
2754 1109 2905 1166 foras
2951 1114 3215 1183 erumpit,
3265 1120 3470 1173 mentis
3515 1134 3613 1172 no-

2036 1206 2165 1250 strae
2192 1197 2359 1251 veluti
2403 1188 2563 1266 jussu
2609 1200 2727 1267 ejus
2766 1215 2967 1257 arcana
3006 1207 3260 1271 recludit,
3309 1209 3473 1279 idque
3517 1227 3612 1266 ce-

2039 1282 2280 1338 lerrime.
2314 1284 2487 1340 Simul
2516 1289 2659 1341 enini
2693 1304 2756 1344 ac
2788 1308 2944 1347 mens
2969 1295 3174 1364 aliquid
3200 1300 3468 1368 concepit,
3495 1309 3611 1355 tum

2038 1372 2093 1427 id
2129 1375 2249 1429 voci
2300 1378 2637 1433 committit:
2679 1381 2792 1437 lucc
2849 1394 3027 1438 autem
3088 1385 3239 1442 foras
3291 1404 3609 1461 erumpens,

2039 1477 2161 1531 quae
2193 1464 2341 1521 intus
2374 1474 2427 1521 et
2457 1466 2510 1520 in
2542 1470 2722 1523 metite
2745 1479 2874 1524 sunt
2905 1472 3090 1528 abdita
3114 1477 3384 1543 enuntiat,
3416 1495 3516 1534 nec
3543 1481 3612 1536 de

2038 1556 2141 1609 sibi
2173 1558 2446 1613 mandatis
2468 1561 2764 1630 quidquam
2797 1571 2988 1619 mutat.
3018 1564 3159 1632 Quid
3192 1569 3391 1623 mirutn
3422 1571 3610 1641 igitur,

2038 1654 2133 1699 aut
2169 1647 2508 1715 incredibile,
2556 1652 2767 1721 inquiet
2803 1656 3021 1724 aliquis,
3054 1659 3097 1711 si
3140 1657 3377 1714 Verbum
3424 1661 3517 1716 Dei
3548 1677 3613 1717 ac

2039 1735 2219 1792 Patris
2269 1753 2393 1793 cum
2434 1740 2506 1795 sit
2558 1741 2751 1807 Filius,
2803 1762 2911 1800 non
2970 1749 3137 1803 sicuti
3192 1759 3380 1808 noster
3433 1770 3615 1810 sermo

345 1862 538 1916 μενος.
582 1845 976 1914 ὲντελλομένης
1016 1844 1206 1914 ὥσπερ
1236 1842 1495 1915 αὺτῷτῆς
1529 1845 1803 1915 ἡμετέρας
1818 1845 1933 1897 δια-

2041 1825 2271 1898 (majora
2302 1833 2447 1884 enim
2497 1844 2626 1887 sunt
2653 1837 2801 1889 omni
2833 1840 3085 1908 exemplo
3118 1840 3186 1896 de
3218 1841 3329 1899 Deo
3372 1861 3495 1915 qua:
3524 1846 3614 1901 di-

340 1939 521 2001 νοίας,
577 1937 915 1990 ὲκκαλύπτει
942 1936 1010 1988 τὰ
1062 1937 1119 1987 ἐν
1169 1935 1331 2005 αὐτῇ,
1374 1933 1470 1988 καί⁹
1494 1936 1541 1987 εἰ
1569 1934 1642 2004 μὴ
1675 1935 1730 1986 ἐν
1757 1935 1935 2005 χρόνῳ

344 2030 555 2101 μακρῷ
584 2028 645 2081 τὸ
702 2020 938 2098 πρᾶγμα
990 2027 1220 2095 γίνεται.
1255 2026 1410 2094 ’Ἅμα
1445 2026 1551 2096 γάρ
1573 2042 1625 2077 τι
1652 2026 1880 2095 συνῆκεν
1908 2027 1937 2077 6

340 2120 495 2184 νοῦς,
528 2119 625 2173 καὶ
646 2118 916 2190 παρέθετο
942 2119 1008 2188 τῇ
1042 2118 1193 2187 φωνῇ
1226 2134 1240 2148 ·
1265 2118 1298 2187 ἡ
1327 2116 1382 2169 δὲ
1411 2116 1545 2186 πρὸς
1574 2116 1634 2168 τὸ
1660 2115 1764 2181 ἕξω
1787 2115 1935 2185 βαδί-

340 2210 526 2274 ζουσα
588 2210 658 2262 τὰ
701 2210 760 2262 ὲν
812 2206 891 2278 τῷ
942 2206 1115 2277 βάθει,
1150 2207 1217 2259 τὰ
1262 2207 1319 2259 ἐν
1349 2205 1425 2276 τῷ
1453 2204 1534 2258 νοῒ
1561 2202 1936 2276 διερμηνεύειν

341 2301 815 2373 παραλλάττουσα
875 2299 1040 2371 μηδὲν
1093 2298 1201 2351 τῶν
1257 2296 1607 2367 ὲνταλμάτων
1666 2297 1826 2367 αὐτῇ.
1871 2296 1936 2349 Τί

340 2395 533 2448 τοίνυν
573 2394 636 2448 τὸ
685 2394 858 2458 ξένον,
920 2387 965 2445 ὦ
1018 2384 1186 2455 οῦτοι,
1235 2391 1459 2459 φήσειεν
1490 2390 1553 2443 ἄν
1585 2407 1667 2452 τις
1696 2385 1754 2442 εὖ
1788 2382 1932 2460 μάλα

342 2488 489 2557 πρὸς
515 2486 781 2550 ἐκείνους,
839 2485 887 2536 εί
935 2482 1107 2550 Λόγος
1162 2479 1237 2534 ὣν
1259 2479 1353 2533 τοῦ
1383 2479 1516 2533 Θεοῦ
1554 2468 1648 2533 καὶ
1679 2481 1887 2551 [lat-pb;
1908 2483 1937 2536 6

345 2576 499 2641 Υἱὸς,
543 2577 645 2647 οὐχ
697 2575 890 2646 ὥσπερ
948 2577 978 2628 6
1034 2576 1303 2646 ἡμέτερος
1357 2575 1555 2646 (μείζω
1596 2575 1704 2648 γὰρ
1734 2577 1937 2641 παντὸς

345 2667 781 2738 παραδείγματα
806 2667 873 2719 τὰ
894 2666 1021 2736 περὶ
1056 2665 1214 2735 Θεοῦ)
1235 2666 1333 2736 τὴν
1377 2666 1472 2719 τοῦ
1495 2667 1746 2730 τεκόντος
1775 2668 1938 2720 αὐτόν

344 2755 705 2826 διερμηνεύει
770 2754 968 2825 βουλήν
993 2773 1007 2820 ;
1037 2754 1105 2806 Ἦ
1153 2756 1262 2823 γὰρ
1299 2755 1417 2825 οὐχὶ
1456 2755 1550 2808 καὶ
1575 2756 1746 2826 ὄνομά
1774 2772 1937 2826 φησιν

345 2848 376 2899 6
405 2849 703 2916 προφήτης
732 2846 884 2914 αὐτῷ
918 2848 1395 2917 πρεπωδέστατον,
1451 2846 1735 2900 καλεῖσθαι
1772 2849 1940 2917 μεγά-

344 2933 452 3003 λης
482 2933 683 3005 βουλῆς
720 2933 1025 3002 Ἀγγελονς
1069 2934 1213 2987 Ἀλλ’-
1250 2930 1402 3005 οἶμαι
1439 2935 1532 2987 καὶ
1572 2935 1726 2988 τοῦτο
1763 2936 1941 3007 ὑπάρ-

344 3043 471 3096 χειν
502 3024 699 3093 σαφές.
763 3024 932 3078 Οὐδὲν
975 3024 1266 3096 τοιγαροῦν
1291 3028 1371 3088 εἰς
1402 3026 1494 3078 τὸν
1520 3026 1618 3096 τῆς
1643 3027 1832 3091 οὐσίας
1852 3027 1930 3080 λόο

345 3134 473 3186 γον,
506 3118 630 3187 ἦτοι
682 3116 782 3185 τῆς
806 3115 965 3179 ἀξίας
999 3116 1262 3186 ὑπομενεί
1310 3116 1368 3169 τὸ
1399 3115 1595 3186 βλάϐος
1635 3118 1663 3169 6
1694 3119 1938 3185 Μονογε-

2038 1920 2262 1990 cuntur)
2298 1921 2582 1979 Genitoris
2616 1926 2700 1980 sui
2737 1928 3075 1985 voluntatem
3106 1935 3396 1990 enuntiet?
3425 1935 3615 1993 Nonne

2037 2012 2187 2064 enim
2216 2020 2270 2067 et
2297 2014 2563 2083 propheta
2609 2019 2807 2072 nomen
2847 2019 2925 2074 ait
2967 2036 3093 2078 esse
3129 2024 3177 2078 ei
3208 2028 3617 2085 convenientis~

2039 2101 2263 2169 simum,
2308 2113 2366 2157 ut
2407 2107 2586 2176 magni
2616 2109 2838 2163 consilii
2868 2112 3109 2182 Angelus
3145 2115 3362 2171 dicatur
3385 2117 3466 2173 “1'
3499 2117 3616 2176 Hoc

2038 2194 2293 2263 equidem
2329 2197 2538 2252 clarum
2574 2214 2698 2256 esse
2745 2212 2897 2272 pulo.
2933 2203 3083 2260 Nihil
3134 2208 3321 2279 igitur,
3362 2212 3510 2281 quod
3544 2213 3611 2267 ad

2039 2285 2369 2341 substantia:
2414 2290 2682 2345 rationem
2716 2302 2807 2346 aut
2841 2294 3129 2365 dignitatis
3175 2301 3393 2368 attinet,
3426 2303 3614 2359 damni

2039 2377 2281 2444 patietur
2329 2377 2672 2452 Unigenitus,
2729 2385 2859 2441 licet
2905 2391 3223 2444 mandatum
3274 2394 3555 2463 accepisse
3585 2413 3615 2450 a

2040 2465 2152 2519 Deo
2178 2477 2231 2521 et
2259 2466 2423 2523 Patre
2462 2470 2721 2528 dicatur:
2758 2489 2887 2529 nam
2934 2484 2989 2531 et
3034 2493 3136 2534 nos
3169 2480 3273 2551 ipsi
3323 2496 3467 2552 saepe
3493 2485 3617 2540 aliis

2042 2565 2101 2612 ut
2127 2559 2335 2628 aliquid
2377 2560 2587 2617 faciant
2616 2564 2898 2634 iubemus,
2938 2584 3116 2640 neque
3150 2580 3332 2628 tamen
3362 2574 3506 2631 hanc
3543 2579 3616 2630 oh

2041 2662 2265 2704 causam
2293 2659 2491 2706 natura
2521 2655 2682 2711 nobis
2714 2657 2924 2714 similes
2957 2674 3081 2716 esse
3108 2661 3382 2729 desinent,
3416 2667 3617 2736 quippe

2041 2738 2135 2805 qui
2184 2753 2295 2792 non
2345 2741 2529 2796 minus
2577 2743 2687 2797 sint
2732 2746 2894 2802 nobis
2940 2750 3439 2809 consubstantiales
3487 2770 3614 2810 cum

2041 2838 2188 2893 ante,
2225 2840 2336 2886 tum
2364 2843 2485 2902 post
2531 2836 2870 2892 mandatum.
2913 2839 3150 2910 Ateuim,
3191 2843 3432 2914 inquies,
3480 2863 3616 2903 con-

2041 2922 2436 2979 substantiales
2470 2926 2687 2995 quidem
2718 2939 2963 2995 manent,
2996 2933 3091 2987 sed
3133 2934 3399 3006 dignitate
3440 2940 3619 2993 mino-

2042 3027 2133 3067 res
2157 3015 2250 3083 qui
2279 3014 2479 3070 alienis
2507 3019 2824 3074 ministrant
2855 3021 3122 3092 imperiis.
3157 3024 3302 3081 Idem
3336 3042 3439 3098 ego
3481 3046 3620 3100 quo-

2042 3119 2150 3173 que
2181 3104 2281 3161 tibi
2316 3108 2626 3177 respondeo
2652 3110 2719 3163 de
2750 3110 3060 3182 Unigenito.
3093 3113 3151 3169 Si
3183 3117 3327 3171 enim
3351 3119 3619 3190 scriptum

347 3209 479 3278 γῆς,
508 3206 616 3260 κᾶν
670 3205 890 3276 ἐντολὴν
944 3206 1221 3274 εἰληφέναι
1243 3206 1468 3275 λέγηται
1509 3205 1660 3276 παρά
1687 3205 1777 3260 τοῦ
1804 3207 1938 3260 Θεοῦ

2046 3211 2154 3249 non
2189 3205 2336 3253 esset
2364 3199 2432 3255 de
2459 3215 2527 3254 eo
2563 3219 2576 3256 :
2609 3219 2628 3253 ι
2676 3200 2816 3268 Quia
2856 3219 2983 3257 cum
3019 3205 3074 3259 in
3102 3206 3277 3260 forma
3309 3206 3403 3263 Dei
3447 3220 3622 3274 esset,

350 3299 451 3351 καὶ
482 3295 702 3367 Πατρός
726 3313 740 3327 ·
793 3296 917 3348 ἐπεὶ
942 3295 1035 3349 καὶ
1073 3298 1238 3366 ἡμεῖς
1275 3296 1431 3350 αὐτοί
1452 3296 1710 3361 πολλάκις
1733 3297 1945 3370 ἑτέροις
1977 3347 1980 3350 .

352 3385 731 3456 ἐντελλόμεθά
754 3403 830 3450 τι,
878 3386 973 3440 καὶ
1003 3386 1134 3456 δρᾷν
1168 3386 1550 3458 ὲπιτόιττομεν,
1583 3387 1697 3440 ἀλλ’
1725 3389 1786 3441 οὐ
1812 3388 1946 3442 ταύ-

346 3495 451 3548 της
479 3477 649 3529 ἕνεκα
681 3476 783 3546 τῆς
811 3478 991 3540 αἰτίας
1014 3478 1116 3546 τὴν
1145 3478 1281 3548 πρὸς
1302 3480 1448 3548 ἡμᾶς
1475 3478 1764 3550 ὁμοιότητα
1788 3496 1946 3548 φυσι-

348 3569 456 3639 κὴν
490 3569 849 3639 ἀρνήσονται,
878 3568 995 3620 οὐδὲ
1018 3568 1081 3621 τὸ
1112 3564 1250 3621 εἶναι
1273 3569 1396 3622 καθ’
1427 3569 1576 3639 ἡμᾶς
1607 3570 1944 3623 ἀποϐαλοῦν-

348 3676 465 3723 ται,
490 3654 659 3730 ἦττον
707 3658 861 3721 ὄντες
911 3659 1209 3727 ὀμοούσιοι,
1263 3658 1357 3710 καὶ
1405 3659 1511 3728 πρὸ
1560 3659 1656 3728 τῆς
1695 3660 1935 3730 ἐντολῆς,

349 3749 449 3802 καὶ
478 3748 622 3818 μετά
642 3746 744 3818 τὴν
772 3747 1016 3817 ἐντολήν.
1062 3746 1201 3800 Ἀλλ’
1262 3748 1405 3818 ἐρεῖς
1464 3749 1543 3801 ὅτι
1574 3748 1791 3817 μένουσι
1839 3750 1938 3819 μὲν

348 3839 658 3909 ὀμοοῦσιοι,
714 3838 1019 3909 ἡττώμενοι
1073 3837 1131 3891 δὲ
1172 3839 1272 3908 τῆς
1304 3835 1462 3902 ἀξίας
1488 3840 1821 3909 ὑπηρετοῦσι
1844 3841 1943 3912 τῆς

352 3932 664 4002 παρ’ἡμῖν.
706 3929 882 3998 Κάγὼ
928 3929 986 3983 δέ
1032 3947 1114 3984 σοι
1170 3930 1306 3999 πρὸς
1332 3929 1491 3983 τοῦτό
1515 3942 1656 4001 φημι
1701 3931 1943 4002 περὶτοῦ

352 4022 718 4091 Μονογενοῦς.
768 4022 833 4075 Εἰ
894 4021 995 4092 μὲν
1030 4022 1141 4092 γὰρ
1183 4022 1286 4074 οὐκ
1343 4021 1560 4093 ἐγράφη
1599 4021 1730 4092 περί⁹
1754 4020 1942 4087 αὑτοῦ,

358 4132 379 4165 ι
423 4114 547 4166 Ὅτι
574 4115 634 4165 ὲν
672 4115 854 4183 μορφῇ
882 4112 1018 4165 Θεοῦ
1051 4113 1333 4182 ὑπάρχων,
1363 4113 1462 4182 οὐχ
1492 4112 1781 4182 ἁρπαγμὸν
1810 4113 1948 4184 ἡγήο

359 4220 492 4258 σατο
511 4204 576 4257 τὸ
609 4199 751 4257 εἶναι
784 4205 875 4257 ῐσα
903 4203 1042 4274 Θεῷ,
1076 4203 1192 4257 ἀλλ’
1224 4203 1415 4256 ἑαυτὸν
1443 4203 1698 4268 ὲκένωσε,
1731 4204 1946 4274 μορφὴν

2044 3302 2154 3342 non
2191 3289 2438 3359 rapinam
2473 3291 2779 3349 arbitratus
2819 3303 2902 3349 est
2943 3310 3067 3351 esse
3101 3311 3160 3352 se
3188 3299 3454 3368 aequalem
3490 3302 3620 3366 Deo,

2044 3379 2139 3434 sed
2170 3382 2526 3450 semetipsum
2546 3384 2870 3453 exinanivit,
2899 3385 3128 3442 formam
3149 3391 3293 3444 servi
3322 3392 3622 3460 accipiens,

2047 3478 2101 3525 et
2140 3470 2335 3525 habitu
2370 3473 2629 3529 inventus
2676 3482 2736 3527 ut
2776 3474 2964 3543 homo,
3020 3477 3327 3534 hutniliavit
3361 3483 3622 3552 semetip-

2048 3578 2169 3620 sum
2202 3564 2270 3630 ⁸⁷,
2315 3583 2334 3616 ›
2389 3566 2644 3621 nonnihil
2700 3568 2960 3624 fortassis
3012 3570 3127 3625 haec
3186 3580 3277 3625 tua
3315 3573 3458 3627 ratio
3507 3590 3624 3628 mo-

2047 3657 2219 3710 menti
2251 3656 2456 3712 habere
2500 3657 2780 3715 videretur
2817 3679 2831 3717 :
2869 3678 3060 3716 verum
3096 3678 3220 3717 cum
3252 3665 3623 3735 subjectionis

2043 3761 2108 3801 ac
2138 3748 2493 3805 demissionis
2526 3752 2723 3807 modus
2752 3753 3031 3808 universis
3074 3763 3277 3824 pateat,
3313 3771 3417 3810 cur
3453 3767 3624 3814 teme-

2041 3852 2101 3891 re
2134 3853 2365 3894 accusas
2395 3856 2521 3894 eum
2546 3842 2639 3911 qui
2664 3851 2890 3911 propter
2909 3858 3008 3899 nos
3033 3846 3193 3899 etiam
3220 3848 3323 3900 hoc
3347 3848 3459 3916 pati
3492 3864 3620 3903 sus-

2043 3929 2248 3982 tinuit?
2296 3927 2549 4000 Undique
2591 3932 2759 4001 igitur
2787 3936 2851 3987 ad
2876 3934 3194 4005 dogmatum
3229 3937 3619 3993 rectitudinem

2045 4034 2301 4075 sermone
2373 4035 2688 4086 COIIVCI'SO,
2753 4022 3042 4080 Dominum
3114 4040 3363 4084 nostrum
3435 4029 3622 4086 JBSUIII

2045 4111 2324 4168 Christum
2361 4114 2577 4169 ratione
2607 4114 3040 4184 dispensationis
3074 4133 3198 4189 quae
3238 4122 3291 4173 in
3338 4122 3624 4192 proposito

2047 4202 2194 4259 dicto
2223 4206 2581 4259 continuentur
2606 4206 2885 4261 elocutum
2918 4210 3248 4265 asserimus.

347 4297 545 4350 δούλου
571 4295 777 4361 λαϐὼν,
842 4295 937 4347 καὶ
959 4296 1198 4365 σχήματι
1259 4293 1504 4366 εὑρεθεὶς
1554 4294 1629 4357 ὡς
1672 4293 1981 4364 ἄνθρωπος,
2055 4293 2422 4348 ἐταπείνωσεν
2441 4296 2654 4362 ἑαυτὸν,
2701 4315 2721 4349 ι
2758 4294 2902 4368 εἶχεν
2927 4298 2993 4352 ἀν
3018 4316 3099 4352 σοι
3125 4301 3214 4353 καὶ
3242 4300 3341 4355 οὐκ
3364 4300 3627 4358 ἀπίθανον

347 4389 517 4456 λόγον
533 4388 640 4456 τῆς
672 4385 984 4454 ἀντιλογίας
1024 4385 1086 4438 τὸ
1116 4386 1321 4455 σχῆμα.
1364 4384 1577 4454 Ἐπειδὴ
1624 4384 1681 4437 δὲ
1714 4386 1811 4455 τῆς
1832 4386 2109 4456 ὑποταγῆς
2140 4386 2236 4440 καὶ
2295 4386 2677 4452 ταπεινώσεως
2739 4390 2976 4462 ἐναργὴς
3005 4394 3033 4446 6
3064 4393 3283 4463 τρόπος,
3345 4395 3398 4448 τί
3472 4395 3626 4466 ῥιψο-

345 4480 625 4542 κινδύνως
672 4480 932 4548 ἐπιτιμᾷς
981 4477 1060 4548 τῷ
1112 4477 1179 4531 δι’
1224 4479 1371 4547 ἡμᾶς
1429 4479 1524 4531 καὶ
1567 4476 1725 4530 τοῦτο
1792 4478 1983 4531 παθεῖν
2055 4478 2440 4550 ὑπομείναντι;
2498 4480 2840 4552 Πανταχόθεν
2894 4483 3180 4553 τοιγαροῦν
3237 4486 3317 4547 εἰς
3359 4486 3627 4555 ὀρθότητα

342 4574 652 4644 δογμάτων
708 4571 1084 4641 περιιστάντες
1139 4571 1229 4622 τὸν
1256 4570 1434 4638 λόγον,
1480 4569 1836 4641 οἰκονομικῶς
1868 4571 2148 4642 εἰρηκέναι
2194 4573 2373 4642 φαμὲν
2428 4572 2518 4627 τὸν
2566 4574 2768 4653 Κύριον
2831 4574 2987 4646 ἡμῶν
3038 4576 3242 4647 Ἰησοῦν
3288 4577 3522 4649 Χριστὸν
3556 4580 3628 4632 τὰ

343 4664 410 4716 ὲν
428 4662 513 4733 τῷ
543 4661 895 4732 προκειμένῳ
923 4658 1090 4729 ῥητῷ.

422 4753 554 4822 Πρὸ
591 4752 664 4804 δὲ
699 4749 812 4819 τῆς
868 4749 1080 4817 ἑορτῆς
1119 4749 1226 4803 τοῦ
1294 4740 1528 4819 Πάσχα,
1573 4747 1737 4816 εἰδὼς
1767 4751 1802 4804 ὁ
1849 4750 1940 4817 Ἰη-

2124 4745 2241 4800 Xlll
2268 4787 2282 4813 ,
2339 4747 2391 4803 1.
2434 4749 2568 4802 Ante
2590 4747 2729 4801 diem
2762 4757 2936 4802 autem
2964 4749 3160 4816 festum
3187 4750 3431 4820 Pascitur,
3456 4756 3625 4810 sciens

343 4845 511 4911 σοῦς
537 4844 631 4897 ὅτι
666 4837 856 4912 ἦλθεν
880 4840 1070 4895 αὐτοῦ
1106 4839 1146 4907 ὴ
1182 4838 1324 4907 ὥρα,
1353 4841 1454 4893 ἵνα
1485 4839 1712 4909 μεταϐῇ
1736 4841 1804 4894 ἐκ
1839 4840 1948 4895 τοῦ

344 4939 597 5008 κόσμου
626 4935 847 4988 τούτου
882 4933 1034 5000 πρὸς
1061 4931 1170 4984 τὸν
1187 4930 1438 4998 Πατέρα,
1459 4931 1783 5000 ἀγαπήσας
1804 4931 1946 4996 τοὺς

351 5032 554 5095 ἰδίους
591 5026 739 5092 τοὺς
786 5026 857 5079 ἐν
905 5022 988 5090 τῷ
1026 5024 1255 5092 κόσμῳ,
1302 5025 1390 5090 εὶς
1431 5023 1605 5089 τέλος
1630 5022 1949 5093 ἠγάπησεν

346 5121 607 5186 αὐτούς.
1505 5186 1512 5192 ἢ

408 5209 831 5279 ’Λσυμφανέστε
841 5208 933 5280 ρόν
950 5208 1066 5260 ἐστι
1083 5209 1195 5270 τοῖς
1213 5207 1428 5269 πολλοῖς
1450 5206 1509 5259 τὸ
1525 5208 1584 5258 ὲν
1603 5206 1714 5269 τοῖς
1730 5222 1950 5276 προκει-

353 5303 549 5373 μένοις
579 5301 864 5370 θεώρημα,
894 5301 988 5353 καὶ
1006 5299 1066 5352 οὐ
1098 5298 1305 5370 σφόδρα
1335 5298 1530 5371 τρανὲς
1561 5299 1639 5361 εἰς
1663 5294 1956 5369 ἐξήγησιν,

349 5391 478 5445 ἀλλ’
506 5390 631 5443 οὐδὲ
667 5389 873 5442 ἁπλοῦν
914 5389 1058 5459 ἔχον,
1102 5389 1288 5460 ὥσπερ
1340 5390 1404 5443 ἀν
1451 5407 1536 5453 τις
1572 5389 1802 5461 οἰηθείη,
1858 5388 1948 5443 τὸν

349 5482 506 5536 νοῦν.
532 5480 642 5534 Τοῦ
673 5482 781 5553 γὰρ
813 5481 877 5553 δὴ
909 5481 1071 5551 χάριν
1105 5480 1523 5551 ἐπισημαίνεται
1554 5480 1649 5533 νῦν
1687 5482 1715 5533 6
1762 5480 1950 5533 θεσπέ-

355 5591 475 5639 om;
503 5573 924 5645 εὐαγγελιστὴς,
954 5572 1051 5626 καὶ
1076 5570 1267 5643 ὥσπερ
1296 5588 1348 5623 τι
1369 5572 1476 5625 τῶν
1497 5572 1808 5641 ἀναγκαίων
1836 5575 1950 5626 ἐπι-

434 5752 479 5781 ⁶⁸
513 5750 617 5806 lsa.
654 5766 740 5818 is,
777 5750 829 5815 6,
851 5764 965 5807 sec.
1001 5748 1161 5805 LXX.
1248 5749 1291 5783 °7
1332 5748 1568 5819 Philipp.
1602 5764 1636 5804 ιι
1662 5788 1677 5813 ,
1709 5748 1831 5806 6-8.

2045 4837 2202 4893 Jesus
2230 4839 2354 4907 quia
2377 4839 2513 4894 venit
2550 4838 2683 4893 liora
2721 4840 2834 4909 ejus
2865 4849 2922 4893 ut
2957 4851 3193 4897 transeat
3218 4860 3284 4898 ea:
3304 4844 3403 4899 hoc
3433 4850 3628 4902 mundo

2048 4930 2116 4983 ad
2147 4933 2386 4995 Patrem,
2423 4947 2538 4984 cum
2565 4931 2841 4985 dilexisset
2875 4949 3000 4987 suos
3028 4934 3120 5004 qui
3140 4946 3292 4990 erant
3314 4937 3368 4990 in
3396 4938 3592 4992 mundo
3610 4977 3625 5001 ,

2047 5023 2104 5076 in
2138 5016 2297 5093 ﬁn'em
2330 5023 2516 5077 dilexit
2543 5040 2653 5078 eos.

2121 5200 2428 5257 Obscurior
2440 5202 2681 5272 estapud
2697 5202 2898 5258 multos
2921 5201 3084 5273 hujus
3108 5202 3212 5257 loci
3235 5201 3399 5273 719
3423 5201 3630 5256 intelle-

2050 5299 2194 5357 ctus,
2215 5308 2326 5360 nec
2340 5308 2403 5347 ex
2412 5293 2613 5362 plicatu
2635 5294 2927 5349 admodum
2947 5293 3149 5357 facilis,
3164 5297 3260 5349 sed
3280 5306 3458 5362 neque
3475 5306 3625 5361 aper-

2048 5384 2349 5454 tum,quod
2375 5385 2499 5454 quis
2517 5385 2622 5440 sibi
2660 5384 2847 5440 forsan
2873 5386 3230 5455 persuaserit,
3252 5399 3474 5439 sensum
3498 5398 3628 5438 con-

2049 5478 2207 5533 tinet.
2232 5477 2404 5548 Cujus
2432 5478 2577 5532 euini
2596 5479 2676 5532 rei
2708 5478 2884 5548 gratia
2907 5478 3187 5547 signauter
3206 5476 3371 5530 modo
3400 5474 3627 5531 divinus

2049 5571 2388 5642 evangelista
2431 5569 2616 5626 dicere
2663 5571 2904 5638 videtur,
2933 5585 2996 5626 ac
3028 5570 3173 5625 velut
3196 5566 3422 5639 aliquod
3447 5581 3626 5640 opera:
