  <div class='ocr_page' id='page_1' title='image "/cluster/home/n/w/nwhite01/storage/ocr_20150623/74:no.7/coo.31924054869684/063.png"; bbox 0 0 4104 6432; ppageno 0'>
   <div class='ocr_carea' id='block_1_1' title="bbox 508 345 604 404">
    <p class='ocr_par' dir='ltr' id='par_1_1' title="bbox 508 345 604 404">
     <span class='ocr_line' id='line_1_1' title="bbox 508 345 604 404; baseline -0.042 0"><span class='ocrx_word' id='word_1_1' title='bbox 508 345 604 404; x_wconf 76' lang='lat' dir='ltr'><strong>III</strong></span> 
     </span>
    </p>
   </div>
   <div class='ocr_carea' id='block_1_2' title="bbox 1496 313 2767 385">
    <p class='ocr_par' dir='ltr' id='par_1_2' title="bbox 1496 313 2767 385">
     <span class='ocr_line' id='line_1_2' title="bbox 1496 313 2767 385; baseline -0.013 0"><span class='ocrx_word' id='word_1_2' title='bbox 1496 331 1552 385; x_wconf 88' lang='lat' dir='ltr'><strong>S.</strong></span> <span class='ocrx_word' id='word_1_3' title='bbox 1586 325 1867 383; x_wconf 72' lang='lat' dir='ltr'><strong>CYRILIJ</strong></span> <span class='ocrx_word' id='word_1_4' title='bbox 1918 317 2385 377; x_wconf 55' lang='lat' dir='ltr'><strong>ALEXANDRINI</strong></span> <span class='ocrx_word' id='word_1_5' title='bbox 2447 313 2767 370; x_wconf 66' lang='lat' dir='ltr'><strong>ARCIIII&#39;ZP.</strong></span> 
     </span>
    </p>
   </div>
   <div class='ocr_carea' id='block_1_3' title="bbox 3664 313 3763 367">
    <p class='ocr_par' dir='ltr' id='par_1_3' title="bbox 3664 313 3763 367">
     <span class='ocr_line' id='line_1_3' title="bbox 3664 313 3763 367; baseline -0.01 0"><span class='ocrx_word' id='word_1_6' title='bbox 3664 313 3763 367; x_wconf 71' lang='lat' dir='ltr'><strong>H2</strong></span> 
     </span>
    </p>
   </div>
   <div class='ocr_carea' id='block_1_4' title="bbox 508 426 2086 532">
    <p class='ocr_par' dir='ltr' id='par_1_4' title="bbox 508 446 2072 532">
     <span class='ocr_line' id='line_1_4' title="bbox 508 446 2072 532; baseline -0.015 -16"><span class='ocrx_word' id='word_1_7' title='bbox 508 460 740 532; x_wconf 90' lang='lat' dir='ltr'><strong>pretium</strong></span> <span class='ocrx_word' id='word_1_8' title='bbox 794 458 1092 519; x_wconf 89' lang='lat' dir='ltr'><strong>observat,</strong></span> <span class='ocrx_word' id='word_1_9' title='bbox 1145 452 1386 506; x_wconf 85' lang='lat' dir='ltr'><strong>dicens:</strong></span> <span class='ocrx_word' id='word_1_10' title='bbox 1443 470 1459 499; x_wconf 77' lang='grc' dir='ltr'><strong>ι</strong></span> <span class='ocrx_word' id='word_1_11' title='bbox 1496 449 1633 501; x_wconf 63' lang='lat' dir='ltr'><strong>Ante</strong></span> <span class='ocrx_word' id='word_1_12' title='bbox 1686 446 1829 498; x_wconf 87' lang='lat' dir='ltr'><strong>diem</strong></span> <span class='ocrx_word' id='word_1_13' title='bbox 1890 450 2072 495; x_wconf 79' lang='lat' dir='ltr'><strong>autent</strong></span> 
     </span>
    </p>
   </div>
   <div class='ocr_carea' id='block_1_5' title="bbox 2190 426 3765 532">
    <p class='ocr_par' dir='ltr' id='par_1_5' title="bbox 2190 426 3765 505">
     <span class='ocr_line' id='line_1_5' title="bbox 2190 426 3765 505; baseline -0.004 -16"><span class='ocrx_word' id='word_1_14' title='bbox 2190 437 2352 505; x_wconf 76' lang='grc' dir='ltr'>τηρεῖ,</span> <span class='ocrx_word' id='word_1_15' title='bbox 2374 434 2570 502; x_wconf 82' lang='grc' dir='ltr'>λέγων·</span> <span class='ocrx_word' id='word_1_16' title='bbox 2595 450 2612 482; x_wconf 83' lang='grc' dir='ltr'><strong>ι</strong></span> <span class='ocrx_word' id='word_1_17' title='bbox 2635 432 2747 500; x_wconf 76' lang='grc' dir='ltr'><strong>Πρὸ</strong></span> <span class='ocrx_word' id='word_1_18' title='bbox 2767 430 2822 483; x_wconf 78' lang='grc' dir='ltr'><strong>δέ</strong></span> <span class='ocrx_word' id='word_1_19' title='bbox 2839 430 2933 500; x_wconf 84' lang='grc' dir='ltr'><strong>τῆς</strong></span> <span class='ocrx_word' id='word_1_20' title='bbox 2951 429 3140 500; x_wconf 75' lang='grc' dir='ltr'>ἑορτῆς</span> <span class='ocrx_word' id='word_1_21' title='bbox 3161 427 3252 480; x_wconf 84' lang='grc' dir='ltr'><strong>τοῦ</strong></span> <span class='ocrx_word' id='word_1_22' title='bbox 3272 428 3482 497; x_wconf 79' lang='grc' dir='ltr'>Πάσχα,</span> <span class='ocrx_word' id='word_1_23' title='bbox 3506 426 3659 492; x_wconf 86' lang='grc' dir='ltr'>εἰδὼς</span> <span class='ocrx_word' id='word_1_24' title='bbox 3684 430 3765 483; x_wconf 79' lang='grc' dir='ltr'>ὅτι</span> 
     </span>
    </p>
   </div>
   <div class='ocr_carea' id='block_1_6' title="bbox 511 534 2077 610">
    <p class='ocr_par' dir='ltr' id='par_1_6' title="bbox 511 534 2077 610">
     <span class='ocr_line' id='line_1_6' title="bbox 511 534 2077 610; baseline -0.013 -6"><span class='ocrx_word' id='word_1_25' title='bbox 511 552 709 606; x_wconf 79' lang='lat' dir='ltr'><strong>festum</strong></span> <span class='ocrx_word' id='word_1_26' title='bbox 746 548 1004 609; x_wconf 64' lang='lat' dir='ltr'><strong>Pascbaa,</strong></span> <span class='ocrx_word' id='word_1_27' title='bbox 1056 546 1240 600; x_wconf 88' lang='lat' dir='ltr'><strong>sciens</strong></span> <span class='ocrx_word' id='word_1_28' title='bbox 1279 542 1406 610; x_wconf 88' lang='lat' dir='ltr'><strong>quia</strong></span> <span class='ocrx_word' id='word_1_29' title='bbox 1452 541 1597 592; x_wconf 79' lang='lat' dir='ltr'><strong>venit</strong></span> <span class='ocrx_word' id='word_1_30' title='bbox 1647 537 1779 588; x_wconf 83' lang='lat' dir='ltr'><strong>hora</strong></span> <span class='ocrx_word' id='word_1_31' title='bbox 1816 534 1974 600; x_wconf 84' lang='lat' dir='ltr'><strong>ejus,</strong></span> <span class='ocrx_word' id='word_1_32' title='bbox 2021 538 2077 583; x_wconf 85' lang='lat' dir='ltr'><strong>nt</strong></span> 
     </span>
    </p>
   </div>
   <div class='ocr_carea' id='block_1_7' title="bbox 509 623 2077 694">
    <p class='ocr_par' dir='ltr' id='par_1_7' title="bbox 509 623 2077 694">
     <span class='ocr_line' id='line_1_7' title="bbox 509 623 2077 694; baseline -0.013 0"><span class='ocrx_word' id='word_1_33' title='bbox 509 649 756 694; x_wconf 84' lang='lat' dir='ltr'><strong>transeat</strong></span> <span class='ocrx_word' id='word_1_34' title='bbox 787 654 853 693; x_wconf 73' lang='lat' dir='ltr'><strong>ex</strong></span> <span class='ocrx_word' id='word_1_35' title='bbox 889 638 992 690; x_wconf 87' lang='lat' dir='ltr'><strong>hoc</strong></span> <span class='ocrx_word' id='word_1_36' title='bbox 1030 634 1231 688; x_wconf 89' lang='lat' dir='ltr'><strong>mundo</strong></span> <span class='ocrx_word' id='word_1_37' title='bbox 1272 635 1337 685; x_wconf 89' lang='lat' dir='ltr'><strong>al</strong></span> <span class='ocrx_word' id='word_1_38' title='bbox 1373 627 1631 682; x_wconf 83' lang='lat' dir='ltr'><strong>Patrem?</strong></span> <span class='ocrx_word' id='word_1_39' title='bbox 1662 645 1681 677; x_wconf 74' lang='grc' dir='ltr'><strong>ι</strong></span> <span class='ocrx_word' id='word_1_40' title='bbox 1716 623 1857 690; x_wconf 86' lang='lat' dir='ltr'><strong>Quid</strong></span> <span class='ocrx_word' id='word_1_41' title='bbox 1897 630 2077 674; x_wconf 71' lang='lat' dir='ltr'><strong>autem</strong></span> 
     </span>
    </p>
   </div>
   <div class='ocr_carea' id='block_1_8' title="bbox 508 714 2079 797">
    <p class='ocr_par' dir='ltr' id='par_1_8' title="bbox 508 714 2079 797">
     <span class='ocr_line' id='line_1_8' title="bbox 508 714 2079 797; baseline -0.012 -16"><span class='ocrx_word' id='word_1_42' title='bbox 508 740 594 781; x_wconf 85' lang='lat' dir='ltr'><strong>est</strong></span> <span class='ocrx_word' id='word_1_43' title='bbox 619 743 781 797; x_wconf 88' lang='lat' dir='ltr'><strong>porro</strong></span> <span class='ocrx_word' id='word_1_44' title='bbox 804 727 947 795; x_wconf 89' lang='lat' dir='ltr'><strong>quod</strong></span> <span class='ocrx_word' id='word_1_45' title='bbox 980 728 1055 777; x_wconf 96' lang='lat' dir='ltr'><strong>ait</strong></span> <span class='ocrx_word' id='word_1_46' title='bbox 1089 741 1101 775; x_wconf 91' lang='lat'><strong>:</strong></span> <span class='ocrx_word' id='word_1_47' title='bbox 1147 742 1164 772; x_wconf 80' lang='grc' dir='ltr'><strong>ι</strong></span> <span class='ocrx_word' id='word_1_48' title='bbox 1190 723 1323 775; x_wconf 84' lang='lat' dir='ltr'><strong>Cum</strong></span> <span class='ocrx_word' id='word_1_49' title='bbox 1352 719 1635 772; x_wconf 71' lang='lat' dir='ltr'><strong>dilexisset</strong></span> <span class='ocrx_word' id='word_1_50' title='bbox 1662 730 1795 770; x_wconf 89' lang='lat' dir='ltr'><strong>suos</strong></span> <span class='ocrx_word' id='word_1_51' title='bbox 1823 714 1878 767; x_wconf 88' lang='lat' dir='ltr'><strong>in</strong></span> <span class='ocrx_word' id='word_1_52' title='bbox 1917 729 2079 765; x_wconf 82' lang='grc' dir='ltr'>ιιιιιιι-</span> 
     </span>
    </p>
   </div>
   <div class='ocr_carea' id='block_1_9' title="bbox 510 805 2078 881">
    <p class='ocr_par' dir='ltr' id='par_1_9' title="bbox 510 805 2078 881">
     <span class='ocr_line' id='line_1_9' title="bbox 510 805 2078 881; baseline -0.011 -10"><span class='ocrx_word' id='word_1_53' title='bbox 510 819 578 871; x_wconf 84' lang='lat' dir='ltr'><strong>do</strong></span> <span class='ocrx_word' id='word_1_54' title='bbox 601 859 616 881; x_wconf 89' lang='lat'><strong>,</strong></span> <span class='ocrx_word' id='word_1_55' title='bbox 647 819 699 871; x_wconf 91' lang='lat' dir='ltr'><strong>in</strong></span> <span class='ocrx_word' id='word_1_56' title='bbox 732 817 889 871; x_wconf 82' lang='lat' dir='ltr'><strong>liueat</strong></span> <span class='ocrx_word' id='word_1_57' title='bbox 921 815 1111 869; x_wconf 59' lang='lat' dir='ltr'><strong>dAlcxit</strong></span> <span class='ocrx_word' id='word_1_58' title='bbox 1133 813 1265 867; x_wconf 85' lang='lat' dir='ltr'><strong>eos?</strong></span> <span class='ocrx_word' id='word_1_59' title='bbox 1295 832 1309 860; x_wconf 76' lang='grc' dir='ltr'><strong>ι</strong></span> <span class='ocrx_word' id='word_1_60' title='bbox 1352 811 1408 863; x_wconf 90' lang='lat' dir='ltr'><strong>In</strong></span> <span class='ocrx_word' id='word_1_61' title='bbox 1435 823 1630 876; x_wconf 82' lang='lat' dir='ltr'><strong>magna</strong></span> <span class='ocrx_word' id='word_1_62' title='bbox 1661 806 1845 875; x_wconf 91' lang='lat' dir='ltr'><strong>itaque</strong></span> <span class='ocrx_word' id='word_1_63' title='bbox 1875 805 2078 859; x_wconf 84' lang='lat' dir='ltr'><strong>obscu-</strong></span> 
     </span>
    </p>
   </div>
   <div class='ocr_carea' id='block_1_10' title="bbox 511 896 2079 976">
    <p class='ocr_par' dir='ltr' id='par_1_10' title="bbox 511 896 2079 976">
     <span class='ocr_line' id='line_1_10' title="bbox 511 896 2079 976; baseline -0.011 -14"><span class='ocrx_word' id='word_1_64' title='bbox 511 918 693 971; x_wconf 77' lang='lat' dir='ltr'><strong>ritate,</strong></span> <span class='ocrx_word' id='word_1_65' title='bbox 715 910 820 961; x_wconf 88' lang='lat' dir='ltr'><strong>tale</strong></span> <span class='ocrx_word' id='word_1_66' title='bbox 834 906 1089 976; x_wconf 82' lang='lat' dir='ltr'><strong>quiddam</strong></span> <span class='ocrx_word' id='word_1_67' title='bbox 1118 906 1292 973; x_wconf 84' lang='lat' dir='ltr'><strong>ipsum</strong></span> <span class='ocrx_word' id='word_1_68' title='bbox 1317 900 1502 954; x_wconf 84' lang='lat' dir='ltr'><strong>dicere</strong></span> <span class='ocrx_word' id='word_1_69' title='bbox 1518 898 1774 959; x_wconf 74' lang='lat' dir='ltr'><strong>arbitror,</strong></span> <span class='ocrx_word' id='word_1_70' title='bbox 1796 896 2079 958; x_wconf 86' lang='lat' dir='ltr'><strong>nimirum,</strong></span> 
     </span>
    </p>
   </div>
   <div class='ocr_carea' id='block_1_11' title="bbox 510 989 2080 1063">
    <p class='ocr_par' dir='ltr' id='par_1_11' title="bbox 510 989 2080 1063">
     <span class='ocr_line' id='line_1_11' title="bbox 510 989 2080 1063; baseline -0.01 -11"><span class='ocrx_word' id='word_1_71' title='bbox 510 1011 634 1054; x_wconf 87' lang='lat' dir='ltr'><strong>ante</strong></span> <span class='ocrx_word' id='word_1_72' title='bbox 687 999 987 1063; x_wconf 72' lang='lat' dir='ltr'><strong>salutarem</strong></span> <span class='ocrx_word' id='word_1_73' title='bbox 1049 993 1356 1062; x_wconf 77' lang='lat' dir='ltr'><strong>passionem</strong></span> <span class='ocrx_word' id='word_1_74' title='bbox 1414 989 1669 1058; x_wconf 78' lang='lat' dir='ltr'><strong>quamvis</strong></span> <span class='ocrx_word' id='word_1_75' title='bbox 1716 993 2080 1056; x_wconf 75' lang='lat' dir='ltr'><strong>cogitosceret</strong></span> 
     </span>
    </p>
   </div>
   <div class='ocr_carea' id='block_1_12' title="bbox 512 1076 2083 1153">
    <p class='ocr_par' dir='ltr' id='par_1_12' title="bbox 512 1076 2083 1153">
     <span class='ocr_line' id='line_1_12' title="bbox 512 1076 2083 1153; baseline -0.01 -12"><span class='ocrx_word' id='word_1_76' title='bbox 512 1089 765 1141; x_wconf 79' lang='lat' dir='ltr'><strong>Salvator</strong></span> <span class='ocrx_word' id='word_1_77' title='bbox 800 1086 911 1153; x_wconf 88' lang='lat' dir='ltr'><strong>jam</strong></span> <span class='ocrx_word' id='word_1_78' title='bbox 965 1082 1185 1136; x_wconf 72' lang='lat' dir='ltr'><strong>tandem</strong></span> <span class='ocrx_word' id='word_1_79' title='bbox 1237 1080 1399 1134; x_wconf 75' lang='lat' dir='ltr'><strong>veluti</strong></span> <span class='ocrx_word' id='word_1_80' title='bbox 1456 1094 1555 1149; x_wconf 88' lang='lat' dir='ltr'><strong>pro</strong></span> <span class='ocrx_word' id='word_1_81' title='bbox 1612 1078 1823 1132; x_wconf 76' lang='lat' dir='ltr'><strong>foribus</strong></span> <span class='ocrx_word' id='word_1_82' title='bbox 1877 1076 2083 1129; x_wconf 84' lang='lat' dir='ltr'><strong>instare</strong></span> 
     </span>
    </p>
   </div>
   <div class='ocr_carea' id='block_1_13' title="bbox 511 1168 2081 1246">
    <p class='ocr_par' dir='ltr' id='par_1_13' title="bbox 511 1168 2081 1246">
     <span class='ocr_line' id='line_1_13' title="bbox 511 1168 2081 1246; baseline -0.006 -17"><span class='ocrx_word' id='word_1_83' title='bbox 511 1188 722 1246; x_wconf 78' lang='lat' dir='ltr'><strong>tempus</strong></span> <span class='ocrx_word' id='word_1_84' title='bbox 765 1191 871 1245; x_wconf 91' lang='lat' dir='ltr'><strong>quo</strong></span> <span class='ocrx_word' id='word_1_85' title='bbox 899 1173 964 1228; x_wconf 88' lang='lat' dir='ltr'><strong>ad</strong></span> <span class='ocrx_word' id='word_1_86' title='bbox 991 1174 1162 1227; x_wconf 58' lang='lat' dir='ltr'><strong>caelos</strong></span> <span class='ocrx_word' id='word_1_87' title='bbox 1201 1172 1545 1227; x_wconf 86' lang='lat' dir='ltr'><strong>transiturus</strong></span> <span class='ocrx_word' id='word_1_88' title='bbox 1577 1179 1727 1225; x_wconf 81' lang='lat' dir='ltr'><strong>esset</strong></span> <span class='ocrx_word' id='word_1_89' title='bbox 1747 1209 1761 1234; x_wconf 92' lang='lat'><strong>,</strong></span> <span class='ocrx_word' id='word_1_90' title='bbox 1795 1168 2081 1238; x_wconf 71' lang='lat' dir='ltr'><strong>perfectis-</strong></span> 
     </span>
    </p>
   </div>
   <div class='ocr_carea' id='block_1_14' title="bbox 510 1261 2082 1335">
    <p class='ocr_par' dir='ltr' id='par_1_14' title="bbox 510 1261 2082 1335">
     <span class='ocr_line' id='line_1_14' title="bbox 510 1261 2082 1335; baseline -0.006 -12"><span class='ocrx_word' id='word_1_91' title='bbox 510 1270 700 1323; x_wconf 83' lang='lat' dir='ltr'><strong>simam</strong></span> <span class='ocrx_word' id='word_1_92' title='bbox 754 1275 935 1320; x_wconf 86' lang='lat' dir='ltr'><strong>tamen</strong></span> <span class='ocrx_word' id='word_1_93' title='bbox 982 1279 1113 1335; x_wconf 77' lang='lat' dir='ltr'><strong>erga</strong></span> <span class='ocrx_word' id='word_1_94' title='bbox 1163 1279 1295 1319; x_wconf 86' lang='lat' dir='ltr'><strong>suos</strong></span> <span class='ocrx_word' id='word_1_95' title='bbox 1340 1266 1434 1332; x_wconf 88' lang='lat' dir='ltr'><strong>qui</strong></span> <span class='ocrx_word' id='word_1_96' title='bbox 1484 1264 1665 1316; x_wconf 91' lang='lat' dir='ltr'><strong>inhoc</strong></span> <span class='ocrx_word' id='word_1_97' title='bbox 1692 1261 1897 1315; x_wconf 89' lang='lat' dir='ltr'><strong>mundo</strong></span> <span class='ocrx_word' id='word_1_98' title='bbox 1924 1268 2082 1313; x_wconf 86' lang='lat' dir='ltr'><strong>erant</strong></span> 
     </span>
    </p>
   </div>
   <div class='ocr_carea' id='block_1_15' title="bbox 507 1351 2084 1424">
    <p class='ocr_par' dir='ltr' id='par_1_15' title="bbox 507 1351 2084 1424">
     <span class='ocr_line' id='line_1_15' title="bbox 507 1351 2084 1424; baseline -0.006 -11"><span class='ocrx_word' id='word_1_99' title='bbox 507 1361 852 1414; x_wconf 80' lang='lat' dir='ltr'><strong>dilectionem</strong></span> <span class='ocrx_word' id='word_1_100' title='bbox 884 1357 1225 1413; x_wconf 73' lang='lat' dir='ltr'><strong>exhibuisse.</strong></span> <span class='ocrx_word' id='word_1_101' title='bbox 1248 1355 1403 1421; x_wconf 85' lang='lat' dir='ltr'><strong>Quod</strong></span> <span class='ocrx_word' id='word_1_102' title='bbox 1440 1355 1484 1409; x_wconf 90' lang='lat' dir='ltr'><strong>si</strong></span> <span class='ocrx_word' id='word_1_103' title='bbox 1518 1370 1698 1424; x_wconf 70' lang='lat' dir='ltr'><strong>opera:</strong></span> <span class='ocrx_word' id='word_1_104' title='bbox 1732 1353 1963 1420; x_wconf 88' lang='lat' dir='ltr'><strong>pretium</strong></span> <span class='ocrx_word' id='word_1_105' title='bbox 1998 1351 2084 1404; x_wconf 83' lang='lat' dir='ltr'><strong>vi-</strong></span> 
     </span>
    </p>
   </div>
   <div class='ocr_carea' id='block_1_16' title="bbox 507 1444 2084 1527">
    <p class='ocr_par' dir='ltr' id='par_1_16' title="bbox 507 1444 2084 1527">
     <span class='ocr_line' id='line_1_16' title="bbox 507 1444 2084 1527; baseline -0.006 -23"><span class='ocrx_word' id='word_1_106' title='bbox 507 1451 701 1505; x_wconf 87' lang='lat' dir='ltr'><strong>deatur</strong></span> <span class='ocrx_word' id='word_1_107' title='bbox 735 1457 908 1503; x_wconf 86' lang='lat' dir='ltr'><strong>totam</strong></span> <span class='ocrx_word' id='word_1_108' title='bbox 952 1463 1062 1501; x_wconf 87' lang='lat' dir='ltr'><strong>rem</strong></span> <span class='ocrx_word' id='word_1_109' title='bbox 1108 1448 1274 1501; x_wconf 80' lang='lat' dir='ltr'><strong>latius</strong></span> <span class='ocrx_word' id='word_1_110' title='bbox 1305 1447 1611 1527; x_wconf 53' lang='lat' dir='ltr'><strong>esplicare:</strong></span> <span class='ocrx_word' id='word_1_111' title='bbox 1664 1460 1772 1498; x_wconf 86' lang='lat' dir='ltr'><strong>non</strong></span> <span class='ocrx_word' id='word_1_112' title='bbox 1812 1444 2084 1514; x_wconf 80' lang='lat' dir='ltr'><strong>gravabor</strong></span> 
     </span>
    </p>
   </div>
   <div class='ocr_carea' id='block_1_17' title="bbox 507 1532 2081 1611">
    <p class='ocr_par' dir='ltr' id='par_1_17' title="bbox 507 1532 2081 1611">
     <span class='ocr_line' id='line_1_17' title="bbox 507 1532 2081 1611; baseline -0.006 -16"><span class='ocrx_word' id='word_1_113' title='bbox 507 1540 651 1611; x_wconf 88' lang='lat' dir='ltr'><strong>quod</strong></span> <span class='ocrx_word' id='word_1_114' title='bbox 697 1539 858 1594; x_wconf 87' lang='lat' dir='ltr'><strong>modo</strong></span> <span class='ocrx_word' id='word_1_115' title='bbox 889 1538 1005 1592; x_wconf 80' lang='lat' dir='ltr'><strong>dixi</strong></span> <span class='ocrx_word' id='word_1_116' title='bbox 1043 1536 1225 1592; x_wconf 89' lang='lat' dir='ltr'><strong>denuo</strong></span> <span class='ocrx_word' id='word_1_117' title='bbox 1261 1546 1532 1605; x_wconf 78' lang='lat' dir='ltr'><strong>repetere.</strong></span> <span class='ocrx_word' id='word_1_118' title='bbox 1566 1533 1877 1589; x_wconf 80' lang='lat' dir='ltr'><strong>Servatoris</strong></span> <span class='ocrx_word' id='word_1_119' title='bbox 1910 1532 2081 1586; x_wconf 81' lang='lat' dir='ltr'><strong>nostri</strong></span> 
     </span>
    </p>
   </div>
   <div class='ocr_carea' id='block_1_18' title="bbox 506 1626 2083 1701">
    <p class='ocr_par' dir='ltr' id='par_1_18' title="bbox 506 1626 2083 1701">
     <span class='ocr_line' id='line_1_18' title="bbox 506 1626 2083 1701; baseline -0.01 -14"><span class='ocrx_word' id='word_1_120' title='bbox 506 1632 710 1687; x_wconf 89' lang='lat' dir='ltr'><strong>Christi</strong></span> <span class='ocrx_word' id='word_1_121' title='bbox 749 1630 981 1701; x_wconf 69' lang='lat' dir='ltr'><strong>propriae</strong></span> <span class='ocrx_word' id='word_1_122' title='bbox 1003 1636 1137 1682; x_wconf 90' lang='lat' dir='ltr'><strong>sunt</strong></span> <span class='ocrx_word' id='word_1_123' title='bbox 1176 1642 1239 1679; x_wconf 88' lang='lat' dir='ltr'><strong>ac</strong></span> <span class='ocrx_word' id='word_1_124' title='bbox 1272 1626 1578 1695; x_wconf 78' lang='lat' dir='ltr'><strong>peculiares</strong></span> <span class='ocrx_word' id='word_1_125' title='bbox 1608 1638 1954 1694; x_wconf 72' lang='lat' dir='ltr'><strong>quzecunque</strong></span> <span class='ocrx_word' id='word_1_126' title='bbox 1988 1635 2083 1689; x_wconf 88' lang='lat' dir='ltr'><strong>per</strong></span> 
     </span>
    </p>
   </div>
   <div class='ocr_carea' id='block_1_19' title="bbox 507 1716 2083 1779">
    <p class='ocr_par' dir='ltr' id='par_1_19' title="bbox 507 1716 2083 1779">
     <span class='ocr_line' id='line_1_19' title="bbox 507 1716 2083 1779; baseline -0.011 0"><span class='ocrx_word' id='word_1_127' title='bbox 507 1741 628 1779; x_wconf 87' lang='lat' dir='ltr'><strong>eum</strong></span> <span class='ocrx_word' id='word_1_128' title='bbox 660 1722 818 1777; x_wconf 71' lang='lat' dir='ltr'><strong>factm</strong></span> <span class='ocrx_word' id='word_1_129' title='bbox 847 1729 975 1776; x_wconf 89' lang='lat' dir='ltr'><strong>sunt</strong></span> <span class='ocrx_word' id='word_1_130' title='bbox 1008 1718 1309 1773; x_wconf 85' lang='lat' dir='ltr'><strong>rationales</strong></span> <span class='ocrx_word' id='word_1_131' title='bbox 1349 1724 1402 1769; x_wconf 85' lang='lat' dir='ltr'><strong>et</strong></span> <span class='ocrx_word' id='word_1_132' title='bbox 1443 1716 1845 1768; x_wconf 79' lang='lat' dir='ltr'><strong>intellectualcs</strong></span> <span class='ocrx_word' id='word_1_133' title='bbox 1870 1720 2083 1766; x_wconf 85' lang='lat' dir='ltr'><strong>creatu-</strong></span> 
     </span>
    </p>
   </div>
   <div class='ocr_carea' id='block_1_20' title="bbox 2188 519 3765 597">
    <p class='ocr_par' dir='ltr' id='par_1_20' title="bbox 2188 519 3765 597">
     <span class='ocr_line' id='line_1_20' title="bbox 2188 519 3765 597; baseline -0.004 -17"><span class='ocrx_word' id='word_1_134' title='bbox 2188 525 2446 597; x_wconf 79' lang='grc' dir='ltr'><strong>ἐλήλυθεν</strong></span> <span class='ocrx_word' id='word_1_135' title='bbox 2483 524 2646 577; x_wconf 90' lang='grc' dir='ltr'>αὑτοῦ</span> <span class='ocrx_word' id='word_1_136' title='bbox 2704 524 2739 593; x_wconf 81' lang='grc' dir='ltr'><strong>ἡ</strong></span> <span class='ocrx_word' id='word_1_137' title='bbox 2774 522 2911 593; x_wconf 86' lang='grc' dir='ltr'><strong>ὥρα,</strong></span> <span class='ocrx_word' id='word_1_138' title='bbox 2965 521 3052 574; x_wconf 81' lang='grc' dir='ltr'>ἵνα</span> <span class='ocrx_word' id='word_1_139' title='bbox 3092 519 3300 591; x_wconf 76' lang='grc' dir='ltr'>μεταϐῇ</span> <span class='ocrx_word' id='word_1_140' title='bbox 3340 521 3405 573; x_wconf 88' lang='grc' dir='ltr'><strong>ἐκ</strong></span> <span class='ocrx_word' id='word_1_141' title='bbox 3433 520 3526 572; x_wconf 86' lang='grc' dir='ltr'><strong>τοῦ</strong></span> <span class='ocrx_word' id='word_1_142' title='bbox 3562 522 3765 591; x_wconf 83' lang='grc' dir='ltr'><strong>κόσμου</strong></span> 
     </span>
    </p>
   </div>
   <div class='ocr_carea' id='block_1_21' title="bbox 2187 604 3766 684">
    <p class='ocr_par' dir='ltr' id='par_1_21' title="bbox 2187 604 3766 684">
     <span class='ocr_line' id='line_1_21' title="bbox 2187 604 3766 684; baseline -0.004 -15"><span class='ocrx_word' id='word_1_143' title='bbox 2187 614 2378 670; x_wconf 84' lang='grc' dir='ltr'>τούτου</span> <span class='ocrx_word' id='word_1_144' title='bbox 2431 613 2567 684; x_wconf 80' lang='grc' dir='ltr'>πρὸς</span> <span class='ocrx_word' id='word_1_145' title='bbox 2611 611 2700 665; x_wconf 83' lang='grc' dir='ltr'><strong>τὸν</strong></span> <span class='ocrx_word' id='word_1_146' title='bbox 2755 610 2970 680; x_wconf 79' lang='grc' dir='ltr'><strong>Πατέρα</strong></span> <span class='ocrx_word' id='word_1_147' title='bbox 2999 627 3014 675; x_wconf 87' lang='grc'><strong>;</strong></span> <span class='ocrx_word' id='word_1_148' title='bbox 3053 628 3071 659; x_wconf 73' lang='grc' dir='ltr'><strong>ι</strong></span> <span class='ocrx_word' id='word_1_149' title='bbox 3102 608 3167 660; x_wconf 87' lang='grc' dir='ltr'><strong>Τί</strong></span> <span class='ocrx_word' id='word_1_150' title='bbox 3193 607 3246 661; x_wconf 79' lang='grc' dir='ltr'>δὲ</span> <span class='ocrx_word' id='word_1_151' title='bbox 3269 604 3336 660; x_wconf 85' lang='grc' dir='ltr'><strong>αὖ</strong></span> <span class='ocrx_word' id='word_1_152' title='bbox 3358 607 3520 662; x_wconf 86' lang='grc' dir='ltr'>πάλιν</span> <span class='ocrx_word' id='word_1_153' title='bbox 3539 609 3657 662; x_wconf 74' lang='grc' dir='ltr'>ἐστὶ</span> <span class='ocrx_word' id='word_1_154' title='bbox 3683 607 3766 673; x_wconf 75' lang='grc' dir='ltr'><strong>τὸ,</strong></span> 
     </span>
    </p>
   </div>
   <div class='ocr_carea' id='block_1_22' title="bbox 2193 698 3766 775">
    <p class='ocr_par' dir='ltr' id='par_1_22' title="bbox 2193 698 3766 775">
     <span class='ocr_line' id='line_1_22' title="bbox 2193 698 3766 775; baseline -0.003 -18"><span class='ocrx_word' id='word_1_155' title='bbox 2193 727 2210 757; x_wconf 82' lang='grc' dir='ltr'><strong>ι</strong></span> <span class='ocrx_word' id='word_1_156' title='bbox 2256 706 2572 775; x_wconf 79' lang='grc' dir='ltr'>Ἀγαπήσας</span> <span class='ocrx_word' id='word_1_157' title='bbox 2597 703 2721 766; x_wconf 77' lang='grc' dir='ltr'>τοὺς</span> <span class='ocrx_word' id='word_1_158' title='bbox 2755 701 2919 764; x_wconf 81' lang='grc' dir='ltr'>ἰδίους</span> <span class='ocrx_word' id='word_1_159' title='bbox 2949 700 3074 761; x_wconf 77' lang='grc' dir='ltr'>τοὺς</span> <span class='ocrx_word' id='word_1_160' title='bbox 3102 700 3160 752; x_wconf 84' lang='grc' dir='ltr'><strong>ἐν</strong></span> <span class='ocrx_word' id='word_1_161' title='bbox 3190 698 3264 769; x_wconf 79' lang='grc' dir='ltr'><strong>τῷ</strong></span> <span class='ocrx_word' id='word_1_162' title='bbox 3289 698 3497 769; x_wconf 79' lang='grc' dir='ltr'>κόσμῳ,</span> <span class='ocrx_word' id='word_1_163' title='bbox 3521 701 3601 763; x_wconf 87' lang='grc' dir='ltr'><strong>εἰς</strong></span> <span class='ocrx_word' id='word_1_164' title='bbox 3619 700 3766 763; x_wconf 81' lang='grc' dir='ltr'><strong>τέλος</strong></span> 
     </span>
    </p>
   </div>
   <div class='ocr_carea' id='block_1_23' title="bbox 2190 790 3768 866">
    <p class='ocr_par' dir='ltr' id='par_1_23' title="bbox 2190 790 3768 866">
     <span class='ocr_line' id='line_1_23' title="bbox 2190 790 3768 866; baseline -0.004 -16"><span class='ocrx_word' id='word_1_165' title='bbox 2190 798 2471 866; x_wconf 78' lang='grc' dir='ltr'>ἠγάπησεν</span> <span class='ocrx_word' id='word_1_166' title='bbox 2495 795 2714 861; x_wconf 86' lang='grc' dir='ltr'>αὑτούς;</span> <span class='ocrx_word' id='word_1_167' title='bbox 2753 812 2770 844; x_wconf 74' lang='grc' dir='ltr'><strong>ι</strong></span> <span class='ocrx_word' id='word_1_168' title='bbox 2804 793 3057 862; x_wconf 76' lang='grc' dir='ltr'>Ἐχοντος</span> <span class='ocrx_word' id='word_1_169' title='bbox 3103 790 3283 844; x_wconf 86' lang='grc' dir='ltr'>τοίνυν</span> <span class='ocrx_word' id='word_1_170' title='bbox 3335 790 3397 843; x_wconf 87' lang='grc' dir='ltr'><strong>οὑ</strong></span> <span class='ocrx_word' id='word_1_171' title='bbox 3446 790 3682 862; x_wconf 85' lang='grc' dir='ltr'><strong>μετρίως</strong></span> <span class='ocrx_word' id='word_1_172' title='bbox 3709 790 3768 844; x_wconf 86' lang='grc' dir='ltr'><strong>τὸ</strong></span> 
     </span>
    </p>
   </div>
   <div class='ocr_carea' id='block_1_24' title="bbox 2189 876 3767 955">
    <p class='ocr_par' dir='ltr' id='par_1_24' title="bbox 2189 876 3767 955">
     <span class='ocr_line' id='line_1_24' title="bbox 2189 876 3767 955; baseline -0.004 -14"><span class='ocrx_word' id='word_1_173' title='bbox 2189 887 2417 955; x_wconf 76' lang='grc' dir='ltr'>ἀσαφὲς,</span> <span class='ocrx_word' id='word_1_174' title='bbox 2468 883 2754 955; x_wconf 80' lang='grc' dir='ltr'>βούλεσθαί</span> <span class='ocrx_word' id='word_1_175' title='bbox 2808 900 2862 935; x_wconf 91' lang='grc' dir='ltr'><strong>τι</strong></span> <span class='ocrx_word' id='word_1_176' title='bbox 2916 881 3157 935; x_wconf 80' lang='grc' dir='ltr'>τοιοῦτον</span> <span class='ocrx_word' id='word_1_177' title='bbox 3192 876 3346 952; x_wconf 83' lang='grc' dir='ltr'>οἶμαι</span> <span class='ocrx_word' id='word_1_178' title='bbox 3381 880 3559 950; x_wconf 81' lang='grc' dir='ltr'>λέγειν</span> <span class='ocrx_word' id='word_1_179' title='bbox 3587 879 3767 943; x_wconf 82' lang='grc' dir='ltr'>αὑτὸν,</span> 
     </span>
    </p>
   </div>
   <div class='ocr_carea' id='block_1_25' title="bbox 2188 972 3766 1052">
    <p class='ocr_par' dir='ltr' id='par_1_25' title="bbox 2188 972 3766 1052">
     <span class='ocr_line' id='line_1_25' title="bbox 2188 972 3766 1052; baseline -0.004 -19"><span class='ocrx_word' id='word_1_180' title='bbox 2188 982 2268 1033; x_wconf 79' lang='grc' dir='ltr'>ὅτι</span> <span class='ocrx_word' id='word_1_181' title='bbox 2317 980 2424 1052; x_wconf 75' lang='grc' dir='ltr'><strong>πρὸ</strong></span> <span class='ocrx_word' id='word_1_182' title='bbox 2468 979 2562 1032; x_wconf 88' lang='grc' dir='ltr'><strong>τοῦ</strong></span> <span class='ocrx_word' id='word_1_183' title='bbox 2619 974 2889 1047; x_wconf 81' lang='grc' dir='ltr'><strong>σωτηρίου</strong></span> <span class='ocrx_word' id='word_1_184' title='bbox 2945 974 3173 1037; x_wconf 80' lang='grc' dir='ltr'><strong>πάθους,</strong></span> <span class='ocrx_word' id='word_1_185' title='bbox 3236 974 3414 1028; x_wconf 84' lang='grc' dir='ltr'>καίτοι</span> <span class='ocrx_word' id='word_1_186' title='bbox 3461 972 3766 1042; x_wconf 76' lang='grc' dir='ltr'><strong>γινώσκων,</strong></span> 
     </span>
    </p>
   </div>
   <div class='ocr_carea' id='block_1_26' title="bbox 2191 1063 3771 1140">
    <p class='ocr_par' dir='ltr' id='par_1_26' title="bbox 2191 1063 3771 1140">
     <span class='ocr_line' id='line_1_26' title="bbox 2191 1063 3771 1140; baseline -0.004 -17"><span class='ocrx_word' id='word_1_187' title='bbox 2191 1072 2375 1140; x_wconf 62' lang='grc' dir='ltr'>φησιν,</span> <span class='ocrx_word' id='word_1_188' title='bbox 2436 1071 2464 1123; x_wconf 89' lang='grc' dir='ltr'>ὁ</span> <span class='ocrx_word' id='word_1_189' title='bbox 2520 1068 2735 1137; x_wconf 78' lang='grc' dir='ltr'>Σωτὴρ,</span> <span class='ocrx_word' id='word_1_190' title='bbox 2761 1066 2844 1119; x_wconf 82' lang='grc' dir='ltr'>ὅτι</span> <span class='ocrx_word' id='word_1_191' title='bbox 2872 1064 3058 1118; x_wconf 82' lang='grc' dir='ltr'>λοιπὸν</span> <span class='ocrx_word' id='word_1_192' title='bbox 3111 1066 3204 1117; x_wconf 86' lang='grc' dir='ltr'><strong>ἐπί</strong></span> <span class='ocrx_word' id='word_1_193' title='bbox 3245 1064 3437 1134; x_wconf 87' lang='grc' dir='ltr'>θύραις</span> <span class='ocrx_word' id='word_1_194' title='bbox 3480 1064 3700 1133; x_wconf 86' lang='grc' dir='ltr'>γέγονεν</span> <span class='ocrx_word' id='word_1_195' title='bbox 3741 1063 3771 1116; x_wconf 81' lang='grc' dir='ltr'>ὀ</span> 
     </span>
    </p>
   </div>
   <div class='ocr_carea' id='block_1_27' title="bbox 2190 1156 3771 1231">
    <p class='ocr_par' dir='ltr' id='par_1_27' title="bbox 2190 1156 3771 1231">
     <span class='ocr_line' id='line_1_27' title="bbox 2190 1156 3771 1231; baseline -0.003 -17"><span class='ocrx_word' id='word_1_196' title='bbox 2190 1160 2378 1231; x_wconf 81' lang='grc' dir='ltr'>καιρὸς</span> <span class='ocrx_word' id='word_1_197' title='bbox 2432 1159 2519 1228; x_wconf 71' lang='grc' dir='ltr'><strong>τῆς</strong></span> <span class='ocrx_word' id='word_1_198' title='bbox 2567 1159 2647 1218; x_wconf 84' lang='grc' dir='ltr'><strong>είς</strong></span> <span class='ocrx_word' id='word_1_199' title='bbox 2685 1157 2947 1228; x_wconf 78' lang='grc' dir='ltr'>οὐρανοὺς</span> <span class='ocrx_word' id='word_1_200' title='bbox 2988 1156 3395 1227; x_wconf 83' lang='grc' dir='ltr'>μεταστάσεως.</span> <span class='ocrx_word' id='word_1_201' title='bbox 3425 1156 3771 1227; x_wconf 76' lang='grc' dir='ltr'><strong>τελειοτάτην</strong></span> 
     </span>
    </p>
   </div>
   <div class='ocr_carea' id='block_1_28' title="bbox 2191 1247 3772 1320">
    <p class='ocr_par' dir='ltr' id='par_1_28' title="bbox 2191 1247 3772 1320">
     <span class='ocr_line' id='line_1_28' title="bbox 2191 1247 3772 1320; baseline -0.003 -14"><span class='ocrx_word' id='word_1_202' title='bbox 2191 1250 2501 1315; x_wconf 75' lang='grc' dir='ltr'>ἐπεδείξατο</span> <span class='ocrx_word' id='word_1_203' title='bbox 2532 1250 2629 1320; x_wconf 84' lang='grc' dir='ltr'>τὴν</span> <span class='ocrx_word' id='word_1_204' title='bbox 2668 1249 2944 1319; x_wconf 74' lang='grc' dir='ltr'><strong>ἀγάπησιν</strong></span> <span class='ocrx_word' id='word_1_205' title='bbox 2968 1249 3067 1317; x_wconf 81' lang='grc' dir='ltr'><strong>τῆν</strong></span> <span class='ocrx_word' id='word_1_206' title='bbox 3090 1248 3217 1319; x_wconf 78' lang='grc' dir='ltr'>περὶ</span> <span class='ocrx_word' id='word_1_207' title='bbox 3244 1249 3369 1311; x_wconf 72' lang='grc' dir='ltr'>τοὺς</span> <span class='ocrx_word' id='word_1_208' title='bbox 3394 1248 3556 1308; x_wconf 78' lang='grc' dir='ltr'>ἰδίους</span> <span class='ocrx_word' id='word_1_209' title='bbox 3610 1247 3772 1310; x_wconf 73' lang='grc' dir='ltr'>ὄντας</span> 
     </span>
    </p>
   </div>
   <div class='ocr_carea' id='block_1_29' title="bbox 2190 1339 3772 1414">
    <p class='ocr_par' dir='ltr' id='par_1_29' title="bbox 2190 1339 3772 1414">
     <span class='ocr_line' id='line_1_29' title="bbox 2190 1339 3772 1414; baseline -0.004 -16"><span class='ocrx_word' id='word_1_210' title='bbox 2190 1347 2248 1398; x_wconf 80' lang='grc' dir='ltr'><strong>ἐν</strong></span> <span class='ocrx_word' id='word_1_211' title='bbox 2280 1343 2412 1414; x_wconf 73' lang='grc' dir='ltr'>τῷδε</span> <span class='ocrx_word' id='word_1_212' title='bbox 2438 1341 2515 1412; x_wconf 82' lang='grc' dir='ltr'><strong>τῷ</strong></span> <span class='ocrx_word' id='word_1_213' title='bbox 2541 1342 2751 1411; x_wconf 84' lang='grc' dir='ltr'>κόσμῳ.</span> <span class='ocrx_word' id='word_1_214' title='bbox 2783 1340 2893 1394; x_wconf 78' lang='grc' dir='ltr'><strong>Καὶ</strong></span> <span class='ocrx_word' id='word_1_215' title='bbox 2924 1342 2970 1393; x_wconf 85' lang='grc' dir='ltr'><strong>εἰ</strong></span> <span class='ocrx_word' id='word_1_216' title='bbox 2998 1343 3101 1410; x_wconf 77' lang='grc' dir='ltr'>χρή</span> <span class='ocrx_word' id='word_1_217' title='bbox 3147 1358 3263 1403; x_wconf 84' lang='grc' dir='ltr'><strong>πως</strong></span> <span class='ocrx_word' id='word_1_218' title='bbox 3295 1339 3633 1409; x_wconf 69' lang='grc' dir='ltr'>πλατυτέραν</span> <span class='ocrx_word' id='word_1_219' title='bbox 3658 1340 3772 1403; x_wconf 88' lang='grc' dir='ltr'>τοῖς</span> 
     </span>
    </p>
   </div>
   <div class='ocr_carea' id='block_1_30' title="bbox 2190 1430 3769 1507">
    <p class='ocr_par' dir='ltr' id='par_1_30' title="bbox 2190 1430 3769 1507">
     <span class='ocr_line' id='line_1_30' title="bbox 2190 1430 3769 1507; baseline -0.003 -20"><span class='ocrx_word' id='word_1_220' title='bbox 2190 1435 2567 1507; x_wconf 80' lang='grc' dir='ltr'><strong>προκειμένοις</strong></span> <span class='ocrx_word' id='word_1_221' title='bbox 2599 1432 2881 1501; x_wconf 75' lang='grc' dir='ltr'>ἐπινοῆσαι</span> <span class='ocrx_word' id='word_1_222' title='bbox 2918 1430 3176 1502; x_wconf 79' lang='grc' dir='ltr'><strong>Θεωρίαν,</strong></span> <span class='ocrx_word' id='word_1_223' title='bbox 3197 1431 3335 1501; x_wconf 81' lang='grc' dir='ltr'>ὅπερ</span> <span class='ocrx_word' id='word_1_224' title='bbox 3377 1430 3516 1502; x_wconf 72' lang='grc' dir='ltr'>ἔφην</span> <span class='ocrx_word' id='word_1_225' title='bbox 3543 1431 3769 1500; x_wconf 81' lang='grc' dir='ltr'><strong>ἀρτίως,</strong></span> 
     </span>
    </p>
   </div>
   <div class='ocr_carea' id='block_1_31' title="bbox 2191 1519 3773 1592">
    <p class='ocr_par' dir='ltr' id='par_1_31' title="bbox 2191 1519 3773 1592">
     <span class='ocr_line' id='line_1_31' title="bbox 2191 1519 3773 1592; baseline -0.003 -16"><span class='ocrx_word' id='word_1_226' title='bbox 2191 1525 2283 1577; x_wconf 76' lang='grc' dir='ltr'><strong>καὶ</strong></span> <span class='ocrx_word' id='word_1_227' title='bbox 2302 1522 2545 1585; x_wconf 85' lang='grc' dir='ltr'>εἰσαῦθις</span> <span class='ocrx_word' id='word_1_228' title='bbox 2586 1522 2716 1592; x_wconf 83' lang='grc' dir='ltr'>ἐρῶ.</span> <span class='ocrx_word' id='word_1_229' title='bbox 2740 1521 2901 1574; x_wconf 82' lang='grc' dir='ltr'>Ἰδιον</span> <span class='ocrx_word' id='word_1_230' title='bbox 2938 1521 3036 1591; x_wconf 83' lang='grc' dir='ltr'><strong>μὲν</strong></span> <span class='ocrx_word' id='word_1_231' title='bbox 3059 1520 3167 1590; x_wconf 87' lang='grc' dir='ltr'><strong>γὰρ</strong></span> <span class='ocrx_word' id='word_1_232' title='bbox 3195 1519 3288 1573; x_wconf 87' lang='grc' dir='ltr'><strong>τοῦ</strong></span> <span class='ocrx_word' id='word_1_233' title='bbox 3323 1520 3573 1591; x_wconf 80' lang='grc' dir='ltr'>Σωτῆρος</span> <span class='ocrx_word' id='word_1_234' title='bbox 3614 1519 3773 1590; x_wconf 79' lang='grc' dir='ltr'>ἡμῶν</span> 
     </span>
    </p>
   </div>
   <div class='ocr_carea' id='block_1_32' title="bbox 2189 1600 3775 1685">
    <p class='ocr_par' dir='ltr' id='par_1_32' title="bbox 2189 1600 3775 1685">
     <span class='ocr_line' id='line_1_32' title="bbox 2189 1600 3775 1685; baseline -0.003 -17"><span class='ocrx_word' id='word_1_235' title='bbox 2189 1600 2424 1685; x_wconf 73' lang='grc' dir='ltr'>Χριστοῦ</span> <span class='ocrx_word' id='word_1_236' title='bbox 2440 1613 2510 1667; x_wconf 82' lang='grc' dir='ltr'><strong>τά</strong></span> <span class='ocrx_word' id='word_1_237' title='bbox 2531 1613 2709 1668; x_wconf 89' lang='grc' dir='ltr'>πάντα</span> <span class='ocrx_word' id='word_1_238' title='bbox 2722 1613 2789 1666; x_wconf 84' lang='grc' dir='ltr'>δι’</span> <span class='ocrx_word' id='word_1_239' title='bbox 2809 1612 2973 1665; x_wconf 87' lang='grc' dir='ltr'>αὑτοῦ</span> <span class='ocrx_word' id='word_1_240' title='bbox 2985 1612 3268 1681; x_wconf 81' lang='grc' dir='ltr'>γεγονότα,</span> <span class='ocrx_word' id='word_1_241' title='bbox 3281 1611 3474 1680; x_wconf 86' lang='grc' dir='ltr'>λογικά</span> <span class='ocrx_word' id='word_1_242' title='bbox 3495 1611 3590 1664; x_wconf 74' lang='grc' dir='ltr'>καὶ</span> <span class='ocrx_word' id='word_1_243' title='bbox 3610 1609 3775 1684; x_wconf 80' lang='grc' dir='ltr'>νοερά</span> 
     </span>
    </p>
   </div>
   <div class='ocr_carea' id='block_1_33' title="bbox 2193 1703 3777 1775">
    <p class='ocr_par' dir='ltr' id='par_1_33' title="bbox 2193 1703 3777 1775">
     <span class='ocr_line' id='line_1_33' title="bbox 2193 1703 3777 1775; baseline -0.001 -19"><span class='ocrx_word' id='word_1_244' title='bbox 2193 1704 2488 1775; x_wconf 85' lang='grc' dir='ltr'>κτίσματα,</span> <span class='ocrx_word' id='word_1_245' title='bbox 2524 1703 2792 1773; x_wconf 85' lang='grc' dir='ltr'><strong>Δυνάμεις</strong></span> <span class='ocrx_word' id='word_1_246' title='bbox 2844 1704 2900 1757; x_wconf 89' lang='grc' dir='ltr'><strong>αἰ</strong></span> <span class='ocrx_word' id='word_1_247' title='bbox 2930 1703 3060 1768; x_wconf 81' lang='grc' dir='ltr'>ἄνω,</span> <span class='ocrx_word' id='word_1_248' title='bbox 3106 1703 3200 1756; x_wconf 80' lang='grc' dir='ltr'><strong>καὶ</strong></span> <span class='ocrx_word' id='word_1_249' title='bbox 3224 1703 3436 1773; x_wconf 86' lang='grc' dir='ltr'>Θρόνοι.</span> <span class='ocrx_word' id='word_1_250' title='bbox 3456 1704 3550 1757; x_wconf 69' lang='grc' dir='ltr'>καὶ</span> <span class='ocrx_word' id='word_1_251' title='bbox 3579 1703 3777 1773; x_wconf 76' lang='grc' dir='ltr'>κυριό-</span> 
     </span>
    </p>
   </div>
   <div class='ocr_carea' id='block_1_34' title="bbox 511 1794 2086 1877">
    <p class='ocr_par' dir='ltr' id='par_1_34' title="bbox 511 1804 2086 1877">
     <span class='ocr_line' id='line_1_34' title="bbox 511 1804 2086 1877; baseline -0.007 -11"><span class='ocrx_word' id='word_1_252' title='bbox 511 1831 610 1877; x_wconf 61' lang='lat' dir='ltr'><strong>ra},</strong></span> <span class='ocrx_word' id='word_1_253' title='bbox 637 1812 944 1867; x_wconf 86' lang='lat' dir='ltr'><strong>Potestates</strong></span> <span class='ocrx_word' id='word_1_254' title='bbox 977 1824 1257 1876; x_wconf 68' lang='lat' dir='ltr'><strong>supernae,</strong></span> <span class='ocrx_word' id='word_1_255' title='bbox 1288 1805 1494 1860; x_wconf 88' lang='lat' dir='ltr'><strong>Throni</strong></span> <span class='ocrx_word' id='word_1_256' title='bbox 1517 1846 1530 1868; x_wconf 87' lang='lat'><strong>,</strong></span> <span class='ocrx_word' id='word_1_257' title='bbox 1556 1813 1609 1859; x_wconf 89' lang='lat' dir='ltr'><strong>et</strong></span> <span class='ocrx_word' id='word_1_258' title='bbox 1638 1804 2050 1858; x_wconf 83' lang='lat' dir='ltr'><strong>Dominationes</strong></span> <span class='ocrx_word' id='word_1_259' title='bbox 2071 1842 2086 1864; x_wconf 91' lang='lat'><strong>,</strong></span> 
     </span>
    </p>
   </div>
   <div class='ocr_carea' id='block_1_35' title="bbox 2190 1794 3771 1877">
    <p class='ocr_par' dir='ltr' id='par_1_35' title="bbox 2190 1794 3771 1866">
     <span class='ocr_line' id='line_1_35' title="bbox 2190 1794 3771 1866; baseline -0.001 -17"><span class='ocrx_word' id='word_1_260' title='bbox 2190 1812 2370 1866; x_wconf 89' lang='grc' dir='ltr'>τητες,</span> <span class='ocrx_word' id='word_1_261' title='bbox 2416 1796 2509 1849; x_wconf 75' lang='grc' dir='ltr'>καὶ</span> <span class='ocrx_word' id='word_1_262' title='bbox 2558 1796 2663 1849; x_wconf 77' lang='grc' dir='ltr'>εἴτι</span> <span class='ocrx_word' id='word_1_263' title='bbox 2718 1794 2928 1857; x_wconf 81' lang='grc' dir='ltr'>τούτοις</span> <span class='ocrx_word' id='word_1_264' title='bbox 2971 1795 3253 1864; x_wconf 79' lang='grc' dir='ltr'>ὁμογενὲς,</span> <span class='ocrx_word' id='word_1_265' title='bbox 3281 1795 3405 1848; x_wconf 81' lang='grc' dir='ltr'>ὅσον</span> <span class='ocrx_word' id='word_1_266' title='bbox 3433 1795 3514 1857; x_wconf 85' lang='grc' dir='ltr'><strong>εἰς</strong></span> <span class='ocrx_word' id='word_1_267' title='bbox 3545 1794 3636 1848; x_wconf 82' lang='grc' dir='ltr'><strong>τὸν</strong></span> <span class='ocrx_word' id='word_1_268' title='bbox 3674 1795 3771 1848; x_wconf 84' lang='grc' dir='ltr'><strong>τοῦ</strong></span> 
     </span>
    </p>
   </div>
   <div class='ocr_carea' id='block_1_36' title="bbox 508 1892 2079 1971">
    <p class='ocr_par' dir='ltr' id='par_1_36' title="bbox 508 1892 2079 1971">
     <span class='ocr_line' id='line_1_36' title="bbox 508 1892 2079 1971; baseline -0.01 -12"><span class='ocrx_word' id='word_1_269' title='bbox 508 1915 560 1959; x_wconf 85' lang='lat' dir='ltr'><strong>et</strong></span> <span class='ocrx_word' id='word_1_270' title='bbox 595 1904 698 1957; x_wconf 81' lang='lat' dir='ltr'><strong>alia</strong></span> <span class='ocrx_word' id='word_1_271' title='bbox 732 1903 784 1956; x_wconf 91' lang='lat' dir='ltr'><strong>id</strong></span> <span class='ocrx_word' id='word_1_272' title='bbox 820 1917 1015 1971; x_wconf 79' lang='lat' dir='ltr'><strong>genus,</strong></span> <span class='ocrx_word' id='word_1_273' title='bbox 1052 1902 1105 1953; x_wconf 90' lang='lat' dir='ltr'><strong>in</strong></span> <span class='ocrx_word' id='word_1_274' title='bbox 1136 1906 1399 1968; x_wconf 89' lang='lat' dir='ltr'><strong>quantum</strong></span> <span class='ocrx_word' id='word_1_275' title='bbox 1425 1905 1613 1950; x_wconf 86' lang='lat' dir='ltr'><strong>creata</strong></span> <span class='ocrx_word' id='word_1_276' title='bbox 1639 1896 1730 1948; x_wconf 87' lang='lat' dir='ltr'><strong>illa</strong></span> <span class='ocrx_word' id='word_1_277' title='bbox 1761 1904 1910 1948; x_wconf 83' lang='lat' dir='ltr'><strong>sunt.</strong></span> <span class='ocrx_word' id='word_1_278' title='bbox 1939 1892 2079 1946; x_wconf 88' lang='lat' dir='ltr'><strong>Sunt</strong></span> 
     </span>
    </p>
   </div>
   <div class='ocr_carea' id='block_1_37' title="bbox 512 1986 2083 2062">
    <p class='ocr_par' dir='ltr' id='par_1_37' title="bbox 512 1986 2083 2062">
     <span class='ocr_line' id='line_1_37' title="bbox 512 1986 2083 2062; baseline -0.009 -14"><span class='ocrx_word' id='word_1_279' title='bbox 512 1996 637 2049; x_wconf 89' lang='lat' dir='ltr'><strong>item</strong></span> <span class='ocrx_word' id='word_1_280' title='bbox 665 1993 784 2062; x_wconf 87' lang='lat' dir='ltr'><strong>ejus</strong></span> <span class='ocrx_word' id='word_1_281' title='bbox 824 1992 1060 2062; x_wconf 63' lang='lat' dir='ltr'><strong>propriae</strong></span> <span class='ocrx_word' id='word_1_282' title='bbox 1091 2002 1433 2059; x_wconf 69' lang='lat' dir='ltr'><strong>quaecunque</strong></span> <span class='ocrx_word' id='word_1_283' title='bbox 1478 1998 1606 2040; x_wconf 85' lang='lat' dir='ltr'><strong>sunt</strong></span> <span class='ocrx_word' id='word_1_284' title='bbox 1650 1986 1703 2037; x_wconf 91' lang='lat' dir='ltr'><strong>in</strong></span> <span class='ocrx_word' id='word_1_285' title='bbox 1737 1993 1883 2037; x_wconf 82' lang='lat' dir='ltr'><strong>terra</strong></span> <span class='ocrx_word' id='word_1_286' title='bbox 1928 1998 2083 2036; x_wconf 88' lang='lat' dir='ltr'><strong>crea-</strong></span> 
     </span>
    </p>
   </div>
   <div class='ocr_carea' id='block_1_38' title="bbox 511 2072 2077 2152">
    <p class='ocr_par' dir='ltr' id='par_1_38' title="bbox 511 2072 2077 2152">
     <span class='ocr_line' id='line_1_38' title="bbox 511 2072 2077 2152; baseline -0.009 -12"><span class='ocrx_word' id='word_1_287' title='bbox 511 2096 648 2140; x_wconf 68' lang='lat' dir='ltr'><strong>tura:</strong></span> <span class='ocrx_word' id='word_1_288' title='bbox 678 2084 910 2138; x_wconf 85' lang='lat' dir='ltr'><strong>rationis</strong></span> <span class='ocrx_word' id='word_1_289' title='bbox 937 2090 1241 2152; x_wconf 85' lang='lat' dir='ltr'><strong>compotes,</strong></span> <span class='ocrx_word' id='word_1_290' title='bbox 1278 2085 1550 2149; x_wconf 86' lang='lat' dir='ltr'><strong>quatenus</strong></span> <span class='ocrx_word' id='word_1_291' title='bbox 1588 2077 1829 2129; x_wconf 89' lang='lat' dir='ltr'><strong>omnium</strong></span> <span class='ocrx_word' id='word_1_292' title='bbox 1865 2083 1945 2127; x_wconf 91' lang='lat' dir='ltr'><strong>est</strong></span> <span class='ocrx_word' id='word_1_293' title='bbox 1976 2072 2077 2126; x_wconf 83' lang='lat' dir='ltr'><strong>Do-</strong></span> 
     </span>
    </p>
   </div>
   <div class='ocr_carea' id='block_1_39' title="bbox 512 2164 2083 2239">
    <p class='ocr_par' dir='ltr' id='par_1_39' title="bbox 512 2164 2083 2239">
     <span class='ocr_line' id='line_1_39' title="bbox 512 2164 2083 2239; baseline -0.009 -9"><span class='ocrx_word' id='word_1_294' title='bbox 512 2178 719 2239; x_wconf 87' lang='lat' dir='ltr'><strong>minus,</strong></span> <span class='ocrx_word' id='word_1_295' title='bbox 748 2173 965 2229; x_wconf 90' lang='lat' dir='ltr'><strong>etiamsi</strong></span> <span class='ocrx_word' id='word_1_296' title='bbox 997 2171 1247 2226; x_wconf 89' lang='lat' dir='ltr'><strong>nonnulli</strong></span> <span class='ocrx_word' id='word_1_297' title='bbox 1283 2186 1406 2225; x_wconf 88' lang='lat' dir='ltr'><strong>eum</strong></span> <span class='ocrx_word' id='word_1_298' title='bbox 1429 2185 1536 2222; x_wconf 93' lang='lat' dir='ltr'><strong>non</strong></span> <span class='ocrx_word' id='word_1_299' title='bbox 1567 2169 1799 2221; x_wconf 87' lang='lat' dir='ltr'><strong>adorent</strong></span> <span class='ocrx_word' id='word_1_300' title='bbox 1829 2175 1888 2218; x_wconf 91' lang='lat' dir='ltr'><strong>ut</strong></span> <span class='ocrx_word' id='word_1_301' title='bbox 1922 2164 2083 2233; x_wconf 76' lang='lat' dir='ltr'><strong>0in-</strong></span> 
     </span>
    </p>
   </div>
   <div class='ocr_carea' id='block_1_40' title="bbox 509 2258 2084 2333">
    <p class='ocr_par' dir='ltr' id='par_1_40' title="bbox 509 2258 2084 2333">
     <span class='ocr_line' id='line_1_40' title="bbox 509 2258 2084 2333; baseline -0.008 -11"><span class='ocrx_word' id='word_1_302' title='bbox 509 2281 647 2322; x_wconf 90' lang='lat' dir='ltr'><strong>cem.</strong></span> <span class='ocrx_word' id='word_1_303' title='bbox 683 2263 884 2319; x_wconf 73' lang='lat' dir='ltr'><strong>Dilexit</strong></span> <span class='ocrx_word' id='word_1_304' title='bbox 924 2262 1094 2333; x_wconf 90' lang='lat' dir='ltr'><strong>igitur</strong></span> <span class='ocrx_word' id='word_1_305' title='bbox 1127 2277 1257 2316; x_wconf 91' lang='lat' dir='ltr'><strong>suos</strong></span> <span class='ocrx_word' id='word_1_306' title='bbox 1287 2261 1379 2330; x_wconf 92' lang='lat' dir='ltr'><strong>qui</strong></span> <span class='ocrx_word' id='word_1_307' title='bbox 1414 2270 1570 2313; x_wconf 89' lang='lat' dir='ltr'><strong>erant</strong></span> <span class='ocrx_word' id='word_1_308' title='bbox 1613 2259 1665 2311; x_wconf 85' lang='lat' dir='ltr'><strong>in</strong></span> <span class='ocrx_word' id='word_1_309' title='bbox 1698 2258 1941 2319; x_wconf 57' lang='lat' dir='ltr'><strong>mnnlo;</strong></span> <span class='ocrx_word' id='word_1_310' title='bbox 1985 2269 2084 2309; x_wconf 90' lang='lat' dir='ltr'><strong>nec</strong></span> 
     </span>
    </p>
   </div>
   <div class='ocr_carea' id='block_1_41' title="bbox 509 2346 2080 2424">
    <p class='ocr_par' dir='ltr' id='par_1_41' title="bbox 509 2346 2080 2424">
     <span class='ocr_line' id='line_1_41' title="bbox 509 2346 2080 2424; baseline -0.007 -15"><span class='ocrx_word' id='word_1_311' title='bbox 509 2355 651 2409; x_wconf 87' lang='lat' dir='ltr'><strong>enint</strong></span> <span class='ocrx_word' id='word_1_312' title='bbox 686 2354 909 2424; x_wconf 88' lang='lat' dir='ltr'><strong>angelos</strong></span> <span class='ocrx_word' id='word_1_313' title='bbox 942 2350 1307 2422; x_wconf 87' lang='lat' dir='ltr'><strong>apprehendit</strong></span> <span class='ocrx_word' id='word_1_314' title='bbox 1332 2389 1347 2410; x_wconf 89' lang='lat'><em>.</em></span> <span class='ocrx_word' id='word_1_315' title='bbox 1384 2348 1541 2418; x_wconf 66' lang='lat' dir='ltr'><strong>juxta</strong></span> <span class='ocrx_word' id='word_1_316' title='bbox 1582 2347 1739 2401; x_wconf 84' lang='lat' dir='ltr'><strong>Pauli</strong></span> <span class='ocrx_word' id='word_1_317' title='bbox 1780 2362 1968 2400; x_wconf 88' lang='lat' dir='ltr'><strong>vocem</strong></span> <span class='ocrx_word' id='word_1_318' title='bbox 2002 2346 2080 2409; x_wconf 78' lang='grc'><strong>“⁸,</strong></span> 
     </span>
    </p>
   </div>
   <div class='ocr_carea' id='block_1_42' title="bbox 509 2435 2085 2513">
    <p class='ocr_par' dir='ltr' id='par_1_42' title="bbox 509 2435 2085 2513">
     <span class='ocr_line' id='line_1_42' title="bbox 509 2435 2085 2513; baseline -0.006 -16"><span class='ocrx_word' id='word_1_319' title='bbox 509 2459 685 2513; x_wconf 80' lang='lat' dir='ltr'><strong>neque</strong></span> <span class='ocrx_word' id='word_1_320' title='bbox 717 2450 938 2513; x_wconf 89' lang='lat' dir='ltr'><strong>propter</strong></span> <span class='ocrx_word' id='word_1_321' title='bbox 967 2440 1283 2513; x_wconf 75' lang='lat' dir='ltr'><strong>angelorum</strong></span> <span class='ocrx_word' id='word_1_322' title='bbox 1313 2447 1567 2494; x_wconf 89' lang='lat' dir='ltr'><strong>naturam</strong></span> <span class='ocrx_word' id='word_1_323' title='bbox 1594 2439 1649 2493; x_wconf 93' lang='lat' dir='ltr'><strong>in</strong></span> <span class='ocrx_word' id='word_1_324' title='bbox 1692 2437 1864 2491; x_wconf 77' lang='lat' dir='ltr'><strong>forma</strong></span> <span class='ocrx_word' id='word_1_325' title='bbox 1899 2435 1991 2491; x_wconf 86' lang='lat' dir='ltr'><strong>Dei</strong></span> <span class='ocrx_word' id='word_1_326' title='bbox 2019 2449 2085 2489; x_wconf 87' lang='lat' dir='ltr'><strong>ac</strong></span> 
     </span>
    </p>
   </div>
   <div class='ocr_carea' id='block_1_43' title="bbox 513 2530 2085 2602">
    <p class='ocr_par' dir='ltr' id='par_1_43' title="bbox 513 2530 2085 2602">
     <span class='ocr_line' id='line_1_43' title="bbox 513 2530 2085 2602; baseline -0.003 -14"><span class='ocrx_word' id='word_1_327' title='bbox 513 2534 690 2590; x_wconf 84' lang='lat' dir='ltr'><strong>Patris</strong></span> <span class='ocrx_word' id='word_1_328' title='bbox 729 2550 852 2589; x_wconf 92' lang='lat' dir='ltr'><strong>cum</strong></span> <span class='ocrx_word' id='word_1_329' title='bbox 882 2541 1027 2589; x_wconf 87' lang='lat' dir='ltr'><strong>esset</strong></span> <span class='ocrx_word' id='word_1_330' title='bbox 1049 2574 1063 2598; x_wconf 88' lang='lat'><strong>,</strong></span> <span class='ocrx_word' id='word_1_331' title='bbox 1098 2548 1207 2587; x_wconf 82' lang='lat' dir='ltr'><strong>non</strong></span> <span class='ocrx_word' id='word_1_332' title='bbox 1243 2532 1491 2602; x_wconf 90' lang='lat' dir='ltr'><strong>rapinam</strong></span> <span class='ocrx_word' id='word_1_333' title='bbox 1517 2530 1822 2585; x_wconf 85' lang='lat' dir='ltr'><strong>arbitratus</strong></span> <span class='ocrx_word' id='word_1_334' title='bbox 1844 2537 1929 2584; x_wconf 88' lang='lat' dir='ltr'><strong>est</strong></span> <span class='ocrx_word' id='word_1_335' title='bbox 1962 2544 2085 2583; x_wconf 87' lang='lat' dir='ltr'><strong>esse</strong></span> 
     </span>
    </p>
   </div>
   <div class='ocr_carea' id='block_1_44' title="bbox 510 2621 2084 2696">
    <p class='ocr_par' dir='ltr' id='par_1_44' title="bbox 510 2621 2084 2696">
     <span class='ocr_line' id='line_1_44' title="bbox 510 2621 2084 2696; baseline -0.005 -15"><span class='ocrx_word' id='word_1_336' title='bbox 510 2643 568 2681; x_wconf 77' lang='lat' dir='ltr'><strong>se</strong></span> <span class='ocrx_word' id='word_1_337' title='bbox 593 2626 857 2696; x_wconf 70' lang='lat' dir='ltr'><strong>aequalem</strong></span> <span class='ocrx_word' id='word_1_338' title='bbox 890 2623 1000 2679; x_wconf 85' lang='lat' dir='ltr'><strong>Deo</strong></span> <span class='ocrx_word' id='word_1_339' title='bbox 1024 2622 1067 2663; x_wconf 69' lang='grc' dir='ltr'><strong>³ο</strong></span> <span class='ocrx_word' id='word_1_340' title='bbox 1088 2662 1103 2687; x_wconf 89' lang='grc'><strong>,</strong></span> <span class='ocrx_word' id='word_1_341' title='bbox 1136 2624 1230 2679; x_wconf 89' lang='lat' dir='ltr'><strong>sed</strong></span> <span class='ocrx_word' id='word_1_342' title='bbox 1262 2634 1486 2694; x_wconf 86' lang='lat' dir='ltr'><strong>propter</strong></span> <span class='ocrx_word' id='word_1_343' title='bbox 1510 2638 1611 2678; x_wconf 91' lang='lat' dir='ltr'><strong>nos</strong></span> <span class='ocrx_word' id='word_1_344' title='bbox 1640 2623 1820 2693; x_wconf 90' lang='lat' dir='ltr'><strong>potius</strong></span> <span class='ocrx_word' id='word_1_345' title='bbox 1855 2621 1948 2691; x_wconf 89' lang='lat' dir='ltr'><strong>qui</strong></span> <span class='ocrx_word' id='word_1_346' title='bbox 1985 2638 2084 2674; x_wconf 85' lang='lat' dir='ltr'><strong>su-</strong></span> 
     </span>
    </p>
   </div>
   <div class='ocr_carea' id='block_1_45' title="bbox 510 2712 2085 2781">
    <p class='ocr_par' dir='ltr' id='par_1_45' title="bbox 510 2712 2085 2781">
     <span class='ocr_line' id='line_1_45' title="bbox 510 2712 2085 2781; baseline -0.003 -12"><span class='ocrx_word' id='word_1_347' title='bbox 510 2731 630 2770; x_wconf 90' lang='lat' dir='ltr'><strong>mus</strong></span> <span class='ocrx_word' id='word_1_348' title='bbox 660 2716 713 2768; x_wconf 92' lang='lat' dir='ltr'><strong>in</strong></span> <span class='ocrx_word' id='word_1_349' title='bbox 741 2716 843 2768; x_wconf 88' lang='lat' dir='ltr'><strong>hoc</strong></span> <span class='ocrx_word' id='word_1_350' title='bbox 876 2713 1104 2777; x_wconf 88' lang='lat' dir='ltr'><strong>mundo,</strong></span> <span class='ocrx_word' id='word_1_351' title='bbox 1137 2713 1440 2767; x_wconf 79' lang='lat' dir='ltr'><strong>exinanivit</strong></span> <span class='ocrx_word' id='word_1_352' title='bbox 1467 2714 1731 2781; x_wconf 84' lang='lat' dir='ltr'><strong>seipsum,</strong></span> <span class='ocrx_word' id='word_1_353' title='bbox 1767 2721 1821 2766; x_wconf 87' lang='lat' dir='ltr'><strong>et</strong></span> <span class='ocrx_word' id='word_1_354' title='bbox 1852 2712 2085 2765; x_wconf 82' lang='lat' dir='ltr'><strong>formam</strong></span> 
     </span>
    </p>
   </div>
   <div class='ocr_carea' id='block_1_46' title="bbox 509 2798 2085 2873">
    <p class='ocr_par' dir='ltr' id='par_1_46' title="bbox 509 2798 2085 2873">
     <span class='ocr_line' id='line_1_46' title="bbox 509 2798 2085 2873; baseline -0.006 -14"><span class='ocrx_word' id='word_1_355' title='bbox 509 2805 759 2859; x_wconf 85' lang='lat' dir='ltr'><strong>servilem</strong></span> <span class='ocrx_word' id='word_1_356' title='bbox 791 2802 1025 2873; x_wconf 88' lang='lat' dir='ltr'><strong>sumpsit</strong></span> <span class='ocrx_word' id='word_1_357' title='bbox 1051 2802 1142 2856; x_wconf 89' lang='lat' dir='ltr'><strong>ille</strong></span> <span class='ocrx_word' id='word_1_358' title='bbox 1171 2802 1419 2855; x_wconf 87' lang='lat' dir='ltr'><strong>omnium</strong></span> <span class='ocrx_word' id='word_1_359' title='bbox 1456 2800 1719 2854; x_wconf 89' lang='lat' dir='ltr'><strong>Dominus</strong></span> <span class='ocrx_word' id='word_1_360' title='bbox 1740 2839 1755 2864; x_wconf 88' lang='lat'><strong>,</strong></span> <span class='ocrx_word' id='word_1_361' title='bbox 1797 2800 1971 2853; x_wconf 77' lang='lat' dir='ltr'><strong>llOSlri</strong></span> <span class='ocrx_word' id='word_1_362' title='bbox 2002 2798 2085 2851; x_wconf 90' lang='lat' dir='ltr'><strong>di-</strong></span> 
     </span>
    </p>
   </div>
   <div class='ocr_carea' id='block_1_47' title="bbox 510 2891 2085 2960">
    <p class='ocr_par' dir='ltr' id='par_1_47' title="bbox 510 2891 2085 2960">
     <span class='ocr_line' id='line_1_47' title="bbox 510 2891 2085 2960; baseline -0.005 -8"><span class='ocrx_word' id='word_1_363' title='bbox 510 2897 749 2953; x_wconf 80' lang='lat' dir='ltr'><strong>lectione</strong></span> <span class='ocrx_word' id='word_1_364' title='bbox 784 2902 839 2950; x_wconf 88' lang='lat' dir='ltr'><strong>et</strong></span> <span class='ocrx_word' id='word_1_365' title='bbox 865 2909 1053 2949; x_wconf 90' lang='lat' dir='ltr'><strong>amore</strong></span> <span class='ocrx_word' id='word_1_366' title='bbox 1079 2910 1145 2948; x_wconf 88' lang='lat' dir='ltr'><strong>eo</strong></span> <span class='ocrx_word' id='word_1_367' title='bbox 1172 2903 1402 2947; x_wconf 87' lang='lat' dir='ltr'><strong>vocatus</strong></span> <span class='ocrx_word' id='word_1_368' title='bbox 1427 2893 1494 2944; x_wconf 81' lang='grc' dir='ltr'><strong>⁷ο.</strong></span> <span class='ocrx_word' id='word_1_369' title='bbox 1526 2891 1661 2947; x_wconf 85' lang='lat' dir='ltr'><strong>Cum</strong></span> <span class='ocrx_word' id='word_1_370' title='bbox 1694 2905 1826 2960; x_wconf 80' lang='lat' dir='ltr'><strong>ergo</strong></span> <span class='ocrx_word' id='word_1_371' title='bbox 1862 2892 2085 2944; x_wconf 80' lang='lat' dir='ltr'><strong>dilexis-</strong></span> 
     </span>
    </p>
   </div>
   <div class='ocr_carea' id='block_1_48' title="bbox 508 2978 2088 3055">
    <p class='ocr_par' dir='ltr' id='par_1_48' title="bbox 508 2978 2088 3055">
     <span class='ocr_line' id='line_1_48' title="bbox 508 2978 2088 3055; baseline -0.006 -13"><span class='ocrx_word' id='word_1_372' title='bbox 508 2994 590 3042; x_wconf 87' lang='lat' dir='ltr'><strong>set</strong></span> <span class='ocrx_word' id='word_1_373' title='bbox 620 3000 716 3042; x_wconf 90' lang='lat' dir='ltr'><strong>eos</strong></span> <span class='ocrx_word' id='word_1_374' title='bbox 749 2986 839 3055; x_wconf 90' lang='lat' dir='ltr'><strong>qui</strong></span> <span class='ocrx_word' id='word_1_375' title='bbox 872 2993 1031 3038; x_wconf 89' lang='lat' dir='ltr'><strong>erant</strong></span> <span class='ocrx_word' id='word_1_376' title='bbox 1068 2983 1124 3036; x_wconf 91' lang='lat' dir='ltr'><strong>in</strong></span> <span class='ocrx_word' id='word_1_377' title='bbox 1164 2985 1268 3037; x_wconf 90' lang='lat' dir='ltr'><strong>hoc</strong></span> <span class='ocrx_word' id='word_1_378' title='bbox 1314 2981 1558 3045; x_wconf 80' lang='lat' dir='ltr'><strong>mundo,</strong></span> <span class='ocrx_word' id='word_1_379' title='bbox 1603 2982 1656 3034; x_wconf 89' lang='lat' dir='ltr'><strong>in</strong></span> <span class='ocrx_word' id='word_1_380' title='bbox 1695 2981 1856 3034; x_wconf 78' lang='lat' dir='ltr'><strong>liuent</strong></span> <span class='ocrx_word' id='word_1_381' title='bbox 1895 2978 2088 3033; x_wconf 78' lang='lat' dir='ltr'><strong>dilexit</strong></span> 
     </span>
    </p>
   </div>
   <div class='ocr_carea' id='block_1_49' title="bbox 508 3068 2087 3139">
    <p class='ocr_par' dir='ltr' id='par_1_49' title="bbox 508 3068 2087 3139">
     <span class='ocr_line' id='line_1_49' title="bbox 508 3068 2087 3139; baseline -0.003 -10"><span class='ocrx_word' id='word_1_382' title='bbox 508 3090 604 3129; x_wconf 85' lang='lat' dir='ltr'><strong>eos</strong></span> <span class='ocrx_word' id='word_1_383' title='bbox 629 3115 643 3139; x_wconf 92' lang='lat'><strong>,</strong></span> <span class='ocrx_word' id='word_1_384' title='bbox 683 3075 810 3127; x_wconf 88' lang='lat' dir='ltr'><strong>licet</strong></span> <span class='ocrx_word' id='word_1_385' title='bbox 842 3081 967 3127; x_wconf 88' lang='lat' dir='ltr'><strong>ante</strong></span> <span class='ocrx_word' id='word_1_386' title='bbox 1001 3072 1199 3126; x_wconf 82' lang='lat' dir='ltr'><strong>festum</strong></span> <span class='ocrx_word' id='word_1_387' title='bbox 1230 3112 1244 3134; x_wconf 93' lang='lat'><strong>,</strong></span> <span class='ocrx_word' id='word_1_388' title='bbox 1292 3080 1345 3123; x_wconf 86' lang='lat' dir='ltr'><strong>et</strong></span> <span class='ocrx_word' id='word_1_389' title='bbox 1389 3080 1514 3124; x_wconf 88' lang='lat' dir='ltr'><strong>ante</strong></span> <span class='ocrx_word' id='word_1_390' title='bbox 1560 3070 1768 3125; x_wconf 81' lang='lat' dir='ltr'><strong>Pascha</strong></span> <span class='ocrx_word' id='word_1_391' title='bbox 1790 3109 1804 3134; x_wconf 89' lang='lat'><strong>,</strong></span> <span class='ocrx_word' id='word_1_392' title='bbox 1841 3088 1859 3120; x_wconf 84' lang='grc' dir='ltr'><strong>ι</strong></span> <span class='ocrx_word' id='word_1_393' title='bbox 1892 3068 2087 3125; x_wconf 82' lang='lat' dir='ltr'><strong>Sciens</strong></span> 
     </span>
    </p>
   </div>
   <div class='ocr_carea' id='block_1_50' title="bbox 2189 1881 3776 1956">
    <p class='ocr_par' dir='ltr' id='par_1_50' title="bbox 2189 1881 3776 1956">
     <span class='ocr_line' id='line_1_50' title="bbox 2189 1881 3776 1956; baseline 0.001 -17"><span class='ocrx_word' id='word_1_394' title='bbox 2189 1886 2517 1956; x_wconf 78' lang='grc' dir='ltr'>πεποιῆσθαι</span> <span class='ocrx_word' id='word_1_395' title='bbox 2572 1884 2749 1955; x_wconf 88' lang='grc' dir='ltr'>λόγον.</span> <span class='ocrx_word' id='word_1_396' title='bbox 2784 1885 2939 1939; x_wconf 87' lang='grc' dir='ltr'>Ἰδιον</span> <span class='ocrx_word' id='word_1_397' title='bbox 2982 1885 3037 1939; x_wconf 82' lang='grc' dir='ltr'><strong>δὲ</strong></span> <span class='ocrx_word' id='word_1_398' title='bbox 3101 1881 3169 1938; x_wconf 81' lang='grc' dir='ltr'><strong>αὖ</strong></span> <span class='ocrx_word' id='word_1_399' title='bbox 3201 1885 3364 1939; x_wconf 85' lang='grc' dir='ltr'>πάλιν</span> <span class='ocrx_word' id='word_1_400' title='bbox 3385 1884 3549 1940; x_wconf 87' lang='grc' dir='ltr'>αὑτοῦ</span> <span class='ocrx_word' id='word_1_401' title='bbox 3576 1891 3669 1939; x_wconf 72' lang='grc' dir='ltr'>καὶ</span> <span class='ocrx_word' id='word_1_402' title='bbox 3701 1886 3776 1941; x_wconf 80' lang='grc' dir='ltr'><strong>τά</strong></span> 
     </span>
    </p>
   </div>
   <div class='ocr_carea' id='block_1_51' title="bbox 2186 1976 3773 2048">
    <p class='ocr_par' dir='ltr' id='par_1_51' title="bbox 2186 1976 3773 2048">
     <span class='ocr_line' id='line_1_51' title="bbox 2186 1976 3773 2048; baseline -0.001 -17"><span class='ocrx_word' id='word_1_403' title='bbox 2186 1979 2279 2031; x_wconf 75' lang='grc' dir='ltr'><strong>ἐπὶ</strong></span> <span class='ocrx_word' id='word_1_404' title='bbox 2306 1979 2403 2047; x_wconf 87' lang='grc' dir='ltr'><strong>τῆς</strong></span> <span class='ocrx_word' id='word_1_405' title='bbox 2446 1978 2546 2048; x_wconf 82' lang='grc' dir='ltr'><strong>γῆς</strong></span> <span class='ocrx_word' id='word_1_406' title='bbox 2610 1977 2823 2045; x_wconf 80' lang='grc' dir='ltr'>λογικὰ.</span> <span class='ocrx_word' id='word_1_407' title='bbox 2885 1976 3023 2029; x_wconf 78' lang='grc' dir='ltr'>καθὸ</span> <span class='ocrx_word' id='word_1_408' title='bbox 3060 1978 3279 2030; x_wconf 88' lang='grc' dir='ltr'>πάντων</span> <span class='ocrx_word' id='word_1_409' title='bbox 3312 1978 3427 2030; x_wconf 86' lang='grc' dir='ltr'><strong>ἐστί</strong></span> <span class='ocrx_word' id='word_1_410' title='bbox 3469 1978 3773 2048; x_wconf 78' lang='grc' dir='ltr'>Δεσπότης,</span> 
     </span>
    </p>
   </div>
   <div class='ocr_carea' id='block_1_52' title="bbox 2188 2066 3774 2140">
    <p class='ocr_par' dir='ltr' id='par_1_52' title="bbox 2188 2066 3774 2140">
     <span class='ocr_line' id='line_1_52' title="bbox 2188 2066 3774 2140; baseline 0 -18"><span class='ocrx_word' id='word_1_411' title='bbox 2188 2070 2281 2122; x_wconf 77' lang='grc' dir='ltr'><strong>καὶ</strong></span> <span class='ocrx_word' id='word_1_412' title='bbox 2313 2070 2359 2121; x_wconf 90' lang='grc' dir='ltr'><strong>εἰ</strong></span> <span class='ocrx_word' id='word_1_413' title='bbox 2397 2070 2471 2140; x_wconf 79' lang='grc' dir='ltr'>μή</span> <span class='ocrx_word' id='word_1_414' title='bbox 2500 2086 2644 2131; x_wconf 87' lang='grc' dir='ltr'>τινες</span> <span class='ocrx_word' id='word_1_415' title='bbox 2670 2067 3085 2139; x_wconf 82' lang='grc' dir='ltr'>προσκυνοῦσιν,</span> <span class='ocrx_word' id='word_1_416' title='bbox 3108 2066 3183 2131; x_wconf 81' lang='grc' dir='ltr'>ὡς</span> <span class='ocrx_word' id='word_1_417' title='bbox 3212 2068 3573 2138; x_wconf 84' lang='grc' dir='ltr'>Δημιουργόν.</span> <span class='ocrx_word' id='word_1_418' title='bbox 3609 2069 3774 2136; x_wconf 81' lang='grc' dir='ltr'>Ἠγά-</span> 
     </span>
    </p>
   </div>
   <div class='ocr_carea' id='block_1_53' title="bbox 2188 2159 3776 2233">
    <p class='ocr_par' dir='ltr' id='par_1_53' title="bbox 2188 2159 3776 2233">
     <span class='ocr_line' id='line_1_53' title="bbox 2188 2159 3776 2233; baseline 0.001 -21"><span class='ocrx_word' id='word_1_419' title='bbox 2188 2167 2329 2229; x_wconf 79' lang='grc' dir='ltr'>πησε</span> <span class='ocrx_word' id='word_1_420' title='bbox 2363 2162 2545 2213; x_wconf 78' lang='grc' dir='ltr'>τοίνυν</span> <span class='ocrx_word' id='word_1_421' title='bbox 2607 2161 2733 2223; x_wconf 80' lang='grc' dir='ltr'>τοὺς</span> <span class='ocrx_word' id='word_1_422' title='bbox 2760 2160 2925 2221; x_wconf 87' lang='grc' dir='ltr'>ἰδίους</span> <span class='ocrx_word' id='word_1_423' title='bbox 2953 2160 3079 2220; x_wconf 78' lang='grc' dir='ltr'>τοὺς</span> <span class='ocrx_word' id='word_1_424' title='bbox 3109 2161 3167 2211; x_wconf 87' lang='grc' dir='ltr'><strong>ἐν</strong></span> <span class='ocrx_word' id='word_1_425' title='bbox 3194 2159 3273 2230; x_wconf 79' lang='grc' dir='ltr'>τῷ</span> <span class='ocrx_word' id='word_1_426' title='bbox 3305 2160 3496 2230; x_wconf 84' lang='grc' dir='ltr'>κόσμῳ</span> <span class='ocrx_word' id='word_1_427' title='bbox 3516 2178 3528 2190; x_wconf 83' lang='grc'><strong><em>-</em></strong></span> <span class='ocrx_word' id='word_1_428' title='bbox 3560 2161 3623 2212; x_wconf 79' lang='grc' dir='ltr'><strong>οὑ</strong></span> <span class='ocrx_word' id='word_1_429' title='bbox 3662 2161 3776 2233; x_wconf 79' lang='grc' dir='ltr'><strong>γάρ</strong></span> 
     </span>
    </p>
   </div>
   <div class='ocr_carea' id='block_1_54' title="bbox 2187 2250 3779 2325">
    <p class='ocr_par' dir='ltr' id='par_1_54' title="bbox 2187 2250 3779 2325">
     <span class='ocr_line' id='line_1_54' title="bbox 2187 2250 3779 2325; baseline -0.001 -18"><span class='ocrx_word' id='word_1_430' title='bbox 2187 2252 2433 2321; x_wconf 79' lang='grc' dir='ltr'>ἀγγέλων</span> <span class='ocrx_word' id='word_1_431' title='bbox 2465 2252 2914 2322; x_wconf 79' lang='grc' dir='ltr'>ἐπιλαμόάνεται,</span> <span class='ocrx_word' id='word_1_432' title='bbox 2968 2252 3109 2305; x_wconf 86' lang='grc' dir='ltr'><strong>κατά</strong></span> <span class='ocrx_word' id='word_1_433' title='bbox 3153 2251 3252 2325; x_wconf 83' lang='grc' dir='ltr'><strong>τὴν</strong></span> <span class='ocrx_word' id='word_1_434' title='bbox 3277 2250 3372 2305; x_wconf 88' lang='grc' dir='ltr'><strong>τοῦ</strong></span> <span class='ocrx_word' id='word_1_435' title='bbox 3410 2252 3624 2306; x_wconf 80' lang='grc' dir='ltr'>Παύλου</span> <span class='ocrx_word' id='word_1_436' title='bbox 3659 2269 3779 2322; x_wconf 80' lang='grc' dir='ltr'><strong>φω-</strong></span> 
     </span>
    </p>
   </div>
   <div class='ocr_carea' id='block_1_55' title="bbox 2187 2342 3775 2415">
    <p class='ocr_par' dir='ltr' id='par_1_55' title="bbox 2187 2342 3775 2415">
     <span class='ocr_line' id='line_1_55' title="bbox 2187 2342 3775 2415; baseline 0.001 -21"><span class='ocrx_word' id='word_1_437' title='bbox 2187 2344 2304 2412; x_wconf 84' lang='grc' dir='ltr'>νὴν,</span> <span class='ocrx_word' id='word_1_438' title='bbox 2336 2343 2458 2395; x_wconf 87' lang='grc' dir='ltr'>οὑδὲ</span> <span class='ocrx_word' id='word_1_439' title='bbox 2510 2342 2597 2395; x_wconf 73' lang='grc' dir='ltr'><strong>διὰ⁴</strong></span> <span class='ocrx_word' id='word_1_440' title='bbox 2632 2342 2729 2413; x_wconf 81' lang='grc' dir='ltr'>τὴν</span> <span class='ocrx_word' id='word_1_441' title='bbox 2769 2342 2875 2395; x_wconf 84' lang='grc' dir='ltr'><strong>τῶν</strong></span> <span class='ocrx_word' id='word_1_442' title='bbox 2934 2342 3183 2411; x_wconf 82' lang='grc' dir='ltr'>ἀγγέλων</span> <span class='ocrx_word' id='word_1_443' title='bbox 3245 2342 3427 2411; x_wconf 83' lang='grc' dir='ltr'>φύσιν,</span> <span class='ocrx_word' id='word_1_444' title='bbox 3465 2346 3522 2396; x_wconf 83' lang='grc' dir='ltr'><strong>ἐν</strong></span> <span class='ocrx_word' id='word_1_445' title='bbox 3587 2345 3775 2415; x_wconf 81' lang='grc' dir='ltr'>μορφῇ</span> 
     </span>
    </p>
   </div>
   <div class='ocr_carea' id='block_1_56' title="bbox 2186 2433 3778 2506">
    <p class='ocr_par' dir='ltr' id='par_1_56' title="bbox 2186 2433 3778 2506">
     <span class='ocr_line' id='line_1_56' title="bbox 2186 2433 3778 2506; baseline 0.002 -21"><span class='ocrx_word' id='word_1_446' title='bbox 2186 2433 2321 2487; x_wconf 77' lang='grc' dir='ltr'>Θεοῦ</span> <span class='ocrx_word' id='word_1_447' title='bbox 2350 2434 2445 2487; x_wconf 77' lang='grc' dir='ltr'>καὶ</span> <span class='ocrx_word' id='word_1_448' title='bbox 2470 2434 2685 2505; x_wconf 76' lang='grc' dir='ltr'>Πατρδς</span> <span class='ocrx_word' id='word_1_449' title='bbox 2709 2434 2991 2503; x_wconf 80' lang='grc' dir='ltr'>ὑπάρχων,</span> <span class='ocrx_word' id='word_1_450' title='bbox 3011 2433 3110 2503; x_wconf 87' lang='grc' dir='ltr'>οὑχ</span> <span class='ocrx_word' id='word_1_451' title='bbox 3125 2434 3417 2504; x_wconf 81' lang='grc' dir='ltr'>ἁρπαγμὸν</span> <span class='ocrx_word' id='word_1_452' title='bbox 3449 2436 3695 2506; x_wconf 68' lang='grc' dir='ltr'>ἡγήσατο</span> <span class='ocrx_word' id='word_1_453' title='bbox 3710 2434 3778 2488; x_wconf 76' lang='grc' dir='ltr'><strong>τὸ</strong></span> 
     </span>
    </p>
   </div>
   <div class='ocr_carea' id='block_1_57' title="bbox 2188 2520 3777 2597">
    <p class='ocr_par' dir='ltr' id='par_1_57' title="bbox 2188 2520 3777 2597">
     <span class='ocr_line' id='line_1_57' title="bbox 2188 2520 3777 2597; baseline 0.002 -20"><span class='ocrx_word' id='word_1_454' title='bbox 2188 2520 2324 2578; x_wconf 82' lang='grc' dir='ltr'>εἶναι</span> <span class='ocrx_word' id='word_1_455' title='bbox 2357 2526 2445 2578; x_wconf 81' lang='grc' dir='ltr'><strong>ίσα</strong></span> <span class='ocrx_word' id='word_1_456' title='bbox 2471 2524 2609 2597; x_wconf 73' lang='grc' dir='ltr'><strong>Θεῷο</strong></span> <span class='ocrx_word' id='word_1_457' title='bbox 2636 2525 2703 2578; x_wconf 85' lang='grc' dir='ltr'>δι’</span> <span class='ocrx_word' id='word_1_458' title='bbox 2735 2525 2880 2595; x_wconf 81' lang='grc' dir='ltr'>ἡμᾶς</span> <span class='ocrx_word' id='word_1_459' title='bbox 2899 2525 2955 2577; x_wconf 84' lang='grc' dir='ltr'><strong>δέ</strong></span> <span class='ocrx_word' id='word_1_460' title='bbox 2982 2524 3181 2594; x_wconf 80' lang='grc' dir='ltr'>μᾶλλον</span> <span class='ocrx_word' id='word_1_461' title='bbox 3199 2527 3323 2589; x_wconf 82' lang='grc' dir='ltr'>τοὺς</span> <span class='ocrx_word' id='word_1_462' title='bbox 3350 2525 3509 2589; x_wconf 75' lang='grc' dir='ltr'>ὄντας</span> <span class='ocrx_word' id='word_1_463' title='bbox 3537 2528 3594 2579; x_wconf 91' lang='grc' dir='ltr'><strong>ἐν</strong></span> <span class='ocrx_word' id='word_1_464' title='bbox 3636 2525 3777 2597; x_wconf 74' lang='grc' dir='ltr'>τῷδι</span> 
     </span>
    </p>
   </div>
   <div class='ocr_carea' id='block_1_58' title="bbox 2144 2613 3779 2686">
    <p class='ocr_par' dir='ltr' id='par_1_58' title="bbox 2144 2613 3779 2686">
     <span class='ocr_line' id='line_1_58' title="bbox 2144 2613 3779 2686; baseline 0.001 -19"><span class='ocrx_word' id='word_1_465' title='bbox 2144 2678 2151 2686; x_wconf 33' lang='grc'><strong><em>⁸</em></strong></span> <span class='ocrx_word' id='word_1_466' title='bbox 2185 2615 2263 2685; x_wconf 82' lang='grc' dir='ltr'>τῷ</span> <span class='ocrx_word' id='word_1_467' title='bbox 2283 2615 2494 2685; x_wconf 84' lang='grc' dir='ltr'>κόσμῳ,</span> <span class='ocrx_word' id='word_1_468' title='bbox 2527 2613 2831 2668; x_wconf 83' lang='grc' dir='ltr'>κεκένωκεν</span> <span class='ocrx_word' id='word_1_469' title='bbox 2852 2615 3065 2673; x_wconf 80' lang='grc' dir='ltr'>ἑαυτὸν,</span> <span class='ocrx_word' id='word_1_470' title='bbox 3094 2616 3188 2668; x_wconf 69' lang='grc' dir='ltr'><strong>καὶ</strong></span> <span class='ocrx_word' id='word_1_471' title='bbox 3220 2616 3434 2686; x_wconf 80' lang='grc' dir='ltr'>μορφὴν</span> <span class='ocrx_word' id='word_1_472' title='bbox 3486 2615 3779 2680; x_wconf 80' lang='grc' dir='ltr'>ἀνεδέξατο</span> 
     </span>
    </p>
   </div>
   <div class='ocr_carea' id='block_1_59' title="bbox 2188 2705 3778 2779">
    <p class='ocr_par' dir='ltr' id='par_1_59' title="bbox 2188 2705 3778 2779">
     <span class='ocr_line' id='line_1_59' title="bbox 2188 2705 3778 2779; baseline 0.001 -22"><span class='ocrx_word' id='word_1_473' title='bbox 2188 2705 2284 2774; x_wconf 81' lang='grc' dir='ltr'><strong>τὴν</strong></span> <span class='ocrx_word' id='word_1_474' title='bbox 2313 2706 2588 2776; x_wconf 78' lang='grc' dir='ltr'>οἰκετικὴν</span> <span class='ocrx_word' id='word_1_475' title='bbox 2608 2708 2637 2759; x_wconf 81' lang='grc' dir='ltr'><strong>ὁ</strong></span> <span class='ocrx_word' id='word_1_476' title='bbox 2663 2706 2880 2760; x_wconf 87' lang='grc' dir='ltr'>πάντων</span> <span class='ocrx_word' id='word_1_477' title='bbox 2902 2706 3126 2777; x_wconf 83' lang='grc' dir='ltr'>Κύριος,</span> <span class='ocrx_word' id='word_1_478' title='bbox 3149 2707 3340 2779; x_wconf 80' lang='grc' dir='ltr'>ἀγάπῃ</span> <span class='ocrx_word' id='word_1_479' title='bbox 3363 2710 3430 2778; x_wconf 78' lang='grc' dir='ltr'>τῇ</span> <span class='ocrx_word' id='word_1_480' title='bbox 3464 2708 3594 2778; x_wconf 73' lang='grc' dir='ltr'>περὶ</span> <span class='ocrx_word' id='word_1_481' title='bbox 3625 2710 3778 2779; x_wconf 76' lang='grc' dir='ltr'>ἡμᾶς</span> 
     </span>
    </p>
   </div>
   <div class='ocr_carea' id='block_1_60' title="bbox 2190 2796 3774 2868">
    <p class='ocr_par' dir='ltr' id='par_1_60' title="bbox 2190 2796 3774 2868">
     <span class='ocr_line' id='line_1_60' title="bbox 2190 2796 3774 2868; baseline 0.004 -20"><span class='ocrx_word' id='word_1_482' title='bbox 2190 2796 2530 2867; x_wconf 79' lang='grc' dir='ltr'>κεκλημένος</span> <span class='ocrx_word' id='word_1_483' title='bbox 2580 2798 2658 2861; x_wconf 86' lang='grc' dir='ltr'><strong>εἰς</strong></span> <span class='ocrx_word' id='word_1_484' title='bbox 2706 2797 2884 2851; x_wconf 89' lang='grc' dir='ltr'>τοῦτο.</span> <span class='ocrx_word' id='word_1_485' title='bbox 2942 2799 3259 2868; x_wconf 84' lang='grc' dir='ltr'>Ἀγαπήσας</span> <span class='ocrx_word' id='word_1_486' title='bbox 3308 2800 3487 2854; x_wconf 85' lang='grc' dir='ltr'>τοίνυν</span> <span class='ocrx_word' id='word_1_487' title='bbox 3543 2805 3667 2864; x_wconf 81' lang='grc' dir='ltr'>τοὺς</span> <span class='ocrx_word' id='word_1_488' title='bbox 3712 2802 3774 2855; x_wconf 80' lang='grc' dir='ltr'><strong>ἐν</strong></span> 
     </span>
    </p>
   </div>
   <div class='ocr_carea' id='block_1_61' title="bbox 2188 2885 3775 2957">
    <p class='ocr_par' dir='ltr' id='par_1_61' title="bbox 2188 2885 3775 2957">
     <span class='ocr_line' id='line_1_61' title="bbox 2188 2885 3775 2957; baseline 0.004 -19"><span class='ocrx_word' id='word_1_489' title='bbox 2188 2885 2323 2956; x_wconf 84' lang='grc' dir='ltr'>τῷδε</span> <span class='ocrx_word' id='word_1_490' title='bbox 2366 2885 2443 2956; x_wconf 81' lang='grc' dir='ltr'>τῷ</span> <span class='ocrx_word' id='word_1_491' title='bbox 2472 2888 2681 2957; x_wconf 83' lang='grc' dir='ltr'>κόσμῳ,</span> <span class='ocrx_word' id='word_1_492' title='bbox 2718 2887 3010 2957; x_wconf 77' lang='grc' dir='ltr'>ἠγάπησεν</span> <span class='ocrx_word' id='word_1_493' title='bbox 3039 2889 3239 2952; x_wconf 83' lang='grc' dir='ltr'>αὑτοὺς</span> <span class='ocrx_word' id='word_1_494' title='bbox 3279 2889 3359 2952; x_wconf 85' lang='grc' dir='ltr'><strong>εἰς</strong></span> <span class='ocrx_word' id='word_1_495' title='bbox 3382 2889 3557 2954; x_wconf 81' lang='grc' dir='ltr'>τέλος,</span> <span class='ocrx_word' id='word_1_496' title='bbox 3593 2890 3775 2944; x_wconf 83' lang='grc' dir='ltr'>καίτοι</span> 
     </span>
    </p>
   </div>
   <div class='ocr_carea' id='block_1_62' title="bbox 2190 2976 3776 3051">
    <p class='ocr_par' dir='ltr' id='par_1_62' title="bbox 2190 2976 3776 3051">
     <span class='ocr_line' id='line_1_62' title="bbox 2190 2976 3776 3051; baseline 0.004 -21"><span class='ocrx_word' id='word_1_497' title='bbox 2190 2976 2284 3030; x_wconf 75' lang='grc' dir='ltr'>καὶ</span> <span class='ocrx_word' id='word_1_498' title='bbox 2307 2977 2413 3048; x_wconf 80' lang='grc' dir='ltr'><strong>πρὸ</strong></span> <span class='ocrx_word' id='word_1_499' title='bbox 2445 2978 2542 3048; x_wconf 84' lang='grc' dir='ltr'><strong>τῆς</strong></span> <span class='ocrx_word' id='word_1_500' title='bbox 2574 2978 2790 3049; x_wconf 81' lang='grc' dir='ltr'>ἑορτῆς,</span> <span class='ocrx_word' id='word_1_501' title='bbox 2819 2979 2913 3032; x_wconf 72' lang='grc' dir='ltr'><strong>καὶ</strong></span> <span class='ocrx_word' id='word_1_502' title='bbox 2936 2977 3043 3049; x_wconf 80' lang='grc' dir='ltr'><strong>πρὸ</strong></span> <span class='ocrx_word' id='word_1_503' title='bbox 3076 2978 3170 3033; x_wconf 89' lang='grc' dir='ltr'><strong>τοῦ</strong></span> <span class='ocrx_word' id='word_1_504' title='bbox 3198 2980 3411 3051; x_wconf 82' lang='grc' dir='ltr'>Πάσχα,</span> <span class='ocrx_word' id='word_1_505' title='bbox 3438 3002 3456 3032; x_wconf 80' lang='grc' dir='ltr'><strong>ι</strong></span> <span class='ocrx_word' id='word_1_506' title='bbox 3495 2981 3664 3046; x_wconf 76' lang='grc' dir='ltr'>Εἰδὼς</span> <span class='ocrx_word' id='word_1_507' title='bbox 3688 2982 3776 3037; x_wconf 77' lang='grc' dir='ltr'><strong>ὅτι</strong></span> 
     </span>
    </p>
   </div>
   <div class='ocr_carea' id='block_1_63' title="bbox 2188 3067 3779 3149">
    <p class='ocr_par' dir='ltr' id='par_1_63' title="bbox 2188 3067 3779 3149">
     <span class='ocr_line' id='line_1_63' title="bbox 2188 3067 3779 3149; baseline 0.006 -25"><span class='ocrx_word' id='word_1_508' title='bbox 2188 3067 2350 3143; x_wconf 79' lang='grc' dir='ltr'>ἦλθεν</span> <span class='ocrx_word' id='word_1_509' title='bbox 2375 3073 2540 3149; x_wconf 83' lang='grc' dir='ltr'>αὑτοῦ</span> <span class='ocrx_word' id='word_1_510' title='bbox 2575 3074 2771 3146; x_wconf 80' lang='grc' dir='ltr'>ἠῶρα,</span> <span class='ocrx_word' id='word_1_511' title='bbox 2804 3074 2893 3128; x_wconf 87' lang='grc' dir='ltr'><strong>ῖνα</strong></span> <span class='ocrx_word' id='word_1_512' title='bbox 2930 3074 3139 3146; x_wconf 77' lang='grc' dir='ltr'>μεταϐῇ</span> <span class='ocrx_word' id='word_1_513' title='bbox 3176 3077 3240 3129; x_wconf 88' lang='grc' dir='ltr'><strong>ἐκ</strong></span> <span class='ocrx_word' id='word_1_514' title='bbox 3275 3076 3371 3130; x_wconf 90' lang='grc' dir='ltr'><strong>τοῦ</strong></span> <span class='ocrx_word' id='word_1_515' title='bbox 3410 3078 3618 3149; x_wconf 85' lang='grc' dir='ltr'>κόσμου</span> <span class='ocrx_word' id='word_1_516' title='bbox 3648 3080 3779 3133; x_wconf 84' lang='grc' dir='ltr'>τού-</span> 
     </span>
    </p>
   </div>
   <div class='ocr_carea' id='block_1_64' title="bbox 512 3159 2086 3239">
    <p class='ocr_par' dir='ltr' id='par_1_64' title="bbox 512 3159 2085 3234">
     <span class='ocr_line' id='line_1_64' title="bbox 512 3159 2085 3234; baseline -0.002 -17"><span class='ocrx_word' id='word_1_517' title='bbox 512 3166 645 3234; x_wconf 90' lang='lat' dir='ltr'><strong>quia</strong></span> <span class='ocrx_word' id='word_1_518' title='bbox 676 3164 826 3218; x_wconf 88' lang='lat' dir='ltr'><strong>venit</strong></span> <span class='ocrx_word' id='word_1_519' title='bbox 860 3166 995 3217; x_wconf 85' lang='lat' dir='ltr'><strong>hora</strong></span> <span class='ocrx_word' id='word_1_520' title='bbox 1028 3163 1147 3233; x_wconf 88' lang='lat' dir='ltr'><strong>ejus</strong></span> <span class='ocrx_word' id='word_1_521' title='bbox 1179 3172 1237 3214; x_wconf 90' lang='lat' dir='ltr'><strong>ut</strong></span> <span class='ocrx_word' id='word_1_522' title='bbox 1275 3169 1520 3215; x_wconf 85' lang='lat' dir='ltr'><strong>transeat</strong></span> <span class='ocrx_word' id='word_1_523' title='bbox 1546 3176 1611 3214; x_wconf 76' lang='lat' dir='ltr'><strong>ex</strong></span> <span class='ocrx_word' id='word_1_524' title='bbox 1642 3161 1743 3214; x_wconf 89' lang='lat' dir='ltr'><strong>hoc</strong></span> <span class='ocrx_word' id='word_1_525' title='bbox 1772 3160 1978 3213; x_wconf 82' lang='lat' dir='ltr'><strong>mundo</strong></span> <span class='ocrx_word' id='word_1_526' title='bbox 2019 3159 2085 3214; x_wconf 92' lang='lat' dir='ltr'><strong>ad</strong></span> 
     </span>
    </p>
   </div>
   <div class='ocr_carea' id='block_1_65' title="bbox 2190 3159 3779 3239">
    <p class='ocr_par' dir='ltr' id='par_1_65' title="bbox 2190 3163 3779 3239">
     <span class='ocr_line' id='line_1_65' title="bbox 2190 3163 3779 3239; baseline 0.005 -24"><span class='ocrx_word' id='word_1_527' title='bbox 2190 3180 2283 3216; x_wconf 92' lang='grc' dir='ltr'><strong>του</strong></span> <span class='ocrx_word' id='word_1_528' title='bbox 2315 3163 2445 3235; x_wconf 77' lang='grc' dir='ltr'>πρὸς</span> <span class='ocrx_word' id='word_1_529' title='bbox 2474 3164 2565 3218; x_wconf 84' lang='grc' dir='ltr'><strong>τὸν</strong></span> <span class='ocrx_word' id='word_1_530' title='bbox 2621 3166 2864 3237; x_wconf 85' lang='grc' dir='ltr'>Πατέρα.</span> <span class='ocrx_word' id='word_1_531' title='bbox 2902 3184 2920 3218; x_wconf 77' lang='grc' dir='ltr'><strong>ι</strong></span> <span class='ocrx_word' id='word_1_532' title='bbox 2947 3164 3056 3219; x_wconf 89' lang='grc' dir='ltr'><strong>Τοῦ</strong></span> <span class='ocrx_word' id='word_1_533' title='bbox 3124 3167 3224 3236; x_wconf 78' lang='grc' dir='ltr'><strong>μὲν</strong></span> <span class='ocrx_word' id='word_1_534' title='bbox 3263 3167 3373 3239; x_wconf 84' lang='grc' dir='ltr'><strong>γάρ</strong></span> <span class='ocrx_word' id='word_1_535' title='bbox 3410 3168 3484 3239; x_wconf 83' lang='grc' dir='ltr'><strong>μὴ</strong></span> <span class='ocrx_word' id='word_1_536' title='bbox 3513 3170 3593 3233; x_wconf 85' lang='grc' dir='ltr'><strong>εἰς</strong></span> <span class='ocrx_word' id='word_1_537' title='bbox 3619 3168 3779 3233; x_wconf 81' lang='grc' dir='ltr'>τέλος</span> 
     </span>
    </p>
   </div>
   <div class='ocr_carea' id='block_1_66' title="bbox 510 3250 2088 3318">
    <p class='ocr_par' dir='ltr' id='par_1_66' title="bbox 510 3250 2088 3318">
     <span class='ocr_line' id='line_1_66' title="bbox 510 3250 2088 3318; baseline -0.004 -9"><span class='ocrx_word' id='word_1_538' title='bbox 510 3254 752 3311; x_wconf 84' lang='lat' dir='ltr'><strong>Patrem.</strong></span> <span class='ocrx_word' id='word_1_539' title='bbox 788 3275 806 3306; x_wconf 74' lang='grc' dir='ltr'><strong>ι</strong></span> <span class='ocrx_word' id='word_1_540' title='bbox 845 3253 1071 3309; x_wconf 84' lang='lat' dir='ltr'><strong>Factum</strong></span> <span class='ocrx_word' id='word_1_541' title='bbox 1102 3255 1247 3307; x_wconf 91' lang='lat' dir='ltr'><strong>enim</strong></span> <span class='ocrx_word' id='word_1_542' title='bbox 1272 3268 1395 3307; x_wconf 87' lang='lat' dir='ltr'><strong>esse</strong></span> <span class='ocrx_word' id='word_1_543' title='bbox 1422 3251 1733 3315; x_wconf 81' lang='lat' dir='ltr'><strong>huminem,</strong></span> <span class='ocrx_word' id='word_1_544' title='bbox 1776 3250 1923 3305; x_wconf 87' lang='lat' dir='ltr'><strong>haud</strong></span> <span class='ocrx_word' id='word_1_545' title='bbox 1965 3265 2088 3318; x_wconf 82' lang='lat' dir='ltr'><strong>per-</strong></span> 
     </span>
    </p>
   </div>
   <div class='ocr_carea' id='block_1_67' title="bbox 515 3340 2087 3413">
    <p class='ocr_par' dir='ltr' id='par_1_67' title="bbox 515 3340 2087 3413">
     <span class='ocr_line' id='line_1_67' title="bbox 515 3340 2087 3413; baseline -0.003 -16"><span class='ocrx_word' id='word_1_546' title='bbox 515 3348 657 3398; x_wconf 78' lang='lat' dir='ltr'><strong>tecte</strong></span> <span class='ocrx_word' id='word_1_547' title='bbox 692 3343 977 3413; x_wconf 83' lang='lat' dir='ltr'><strong>diligentis</strong></span> <span class='ocrx_word' id='word_1_548' title='bbox 1024 3350 1201 3407; x_wconf 89' lang='lat' dir='ltr'><strong>esset,</strong></span> <span class='ocrx_word' id='word_1_549' title='bbox 1244 3343 1349 3399; x_wconf 84' lang='lat' dir='ltr'><strong>nisi</strong></span> <span class='ocrx_word' id='word_1_550' title='bbox 1402 3358 1499 3411; x_wconf 91' lang='lat' dir='ltr'><strong>pro</strong></span> <span class='ocrx_word' id='word_1_551' title='bbox 1530 3341 1775 3396; x_wconf 91' lang='lat' dir='ltr'><strong>omnium</strong></span> <span class='ocrx_word' id='word_1_552' title='bbox 1808 3341 1917 3395; x_wconf 89' lang='lat' dir='ltr'><strong>vita</strong></span> <span class='ocrx_word' id='word_1_553' title='bbox 1943 3340 2087 3410; x_wconf 83' lang='lat' dir='ltr'><strong>peri-</strong></span> 
     </span>
    </p>
   </div>
   <div class='ocr_carea' id='block_1_68' title="bbox 513 3430 2089 3502">
    <p class='ocr_par' dir='ltr' id='par_1_68' title="bbox 513 3430 2089 3502">
     <span class='ocr_line' id='line_1_68' title="bbox 513 3430 2089 3502; baseline -0.002 -13"><span class='ocrx_word' id='word_1_554' title='bbox 513 3436 688 3490; x_wconf 88' lang='lat' dir='ltr'><strong>elitari</strong></span> <span class='ocrx_word' id='word_1_555' title='bbox 720 3436 913 3501; x_wconf 84' lang='lat' dir='ltr'><strong>vellet,</strong></span> <span class='ocrx_word' id='word_1_556' title='bbox 963 3435 1055 3490; x_wconf 88' lang='lat' dir='ltr'><strong>sed</strong></span> <span class='ocrx_word' id='word_1_557' title='bbox 1090 3435 1144 3488; x_wconf 92' lang='lat' dir='ltr'><strong>in</strong></span> <span class='ocrx_word' id='word_1_558' title='bbox 1178 3433 1337 3489; x_wconf 82' lang='lat' dir='ltr'><strong>ﬁnem</strong></span> <span class='ocrx_word' id='word_1_559' title='bbox 1380 3434 1572 3488; x_wconf 74' lang='lat' dir='ltr'><strong>dilexit</strong></span> <span class='ocrx_word' id='word_1_560' title='bbox 1615 3448 1732 3495; x_wconf 77' lang='lat' dir='ltr'><strong>eos,</strong></span> <span class='ocrx_word' id='word_1_561' title='bbox 1770 3446 1945 3501; x_wconf 89' lang='lat' dir='ltr'><strong>neque</strong></span> <span class='ocrx_word' id='word_1_562' title='bbox 1977 3430 2089 3502; x_wconf 87' lang='lat' dir='ltr'><strong>pati</strong></span> 
     </span>
    </p>
   </div>
   <div class='ocr_carea' id='block_1_69' title="bbox 512 3514 2090 3596">
    <p class='ocr_par' dir='ltr' id='par_1_69' title="bbox 512 3514 2090 3596">
     <span class='ocr_line' id='line_1_69' title="bbox 512 3514 2090 3596; baseline -0.001 -19"><span class='ocrx_word' id='word_1_563' title='bbox 512 3525 859 3591; x_wconf 88' lang='lat' dir='ltr'><strong>detrectavit,</strong></span> <span class='ocrx_word' id='word_1_564' title='bbox 892 3524 1146 3596; x_wconf 76' lang='lat' dir='ltr'><strong>quamvis</strong></span> <span class='ocrx_word' id='word_1_565' title='bbox 1192 3514 1481 3593; x_wconf 74' lang='lat' dir='ltr'><strong>passurum</strong></span> <span class='ocrx_word' id='word_1_566' title='bbox 1518 3539 1578 3578; x_wconf 88' lang='lat' dir='ltr'><strong>sc</strong></span> <span class='ocrx_word' id='word_1_567' title='bbox 1624 3523 1943 3592; x_wconf 72' lang='lat' dir='ltr'><strong>pnescirct:</strong></span> <span class='ocrx_word' id='word_1_568' title='bbox 1988 3536 2090 3576; x_wconf 90' lang='lat' dir='ltr'><strong>nec</strong></span> 
     </span>
    </p>
   </div>
   <div class='ocr_carea' id='block_1_70' title="bbox 514 3610 2087 3685">
    <p class='ocr_par' dir='ltr' id='par_1_70' title="bbox 514 3610 2087 3685">
     <span class='ocr_line' id='line_1_70' title="bbox 514 3610 2087 3685; baseline -0.002 -19"><span class='ocrx_word' id='word_1_569' title='bbox 514 3615 660 3667; x_wconf 86' lang='lat' dir='ltr'><strong>enim</strong></span> <span class='ocrx_word' id='word_1_570' title='bbox 694 3615 876 3685; x_wconf 82' lang='lat' dir='ltr'><strong>ignota</strong></span> <span class='ocrx_word' id='word_1_571' title='bbox 922 3623 1018 3667; x_wconf 87' lang='lat' dir='ltr'><strong>aut</strong></span> <span class='ocrx_word' id='word_1_572' title='bbox 1060 3615 1357 3684; x_wconf 88' lang='lat' dir='ltr'><strong>improvisa</strong></span> <span class='ocrx_word' id='word_1_573' title='bbox 1395 3622 1514 3667; x_wconf 87' lang='lat' dir='ltr'><strong>erat</strong></span> <span class='ocrx_word' id='word_1_574' title='bbox 1555 3611 1839 3668; x_wconf 85' lang='lat' dir='ltr'><strong>Servatori</strong></span> <span class='ocrx_word' id='word_1_575' title='bbox 1881 3610 2087 3682; x_wconf 87' lang='lat' dir='ltr'><strong>passio.</strong></span> 
     </span>
    </p>
   </div>
   <div class='ocr_carea' id='block_1_71' title="bbox 517 3700 2093 3775">
    <p class='ocr_par' dir='ltr' id='par_1_71' title="bbox 517 3700 2093 3775">
     <span class='ocr_line' id='line_1_71' title="bbox 517 3700 2093 3775; baseline -0.004 -18"><span class='ocrx_word' id='word_1_576' title='bbox 517 3704 656 3757; x_wconf 88' lang='lat' dir='ltr'><strong>Cum</strong></span> <span class='ocrx_word' id='word_1_577' title='bbox 692 3720 854 3775; x_wconf 88' lang='lat' dir='ltr'><strong>ergo,</strong></span> <span class='ocrx_word' id='word_1_578' title='bbox 888 3703 1067 3772; x_wconf 84' lang='lat' dir='ltr'><strong>inquit</strong></span> <span class='ocrx_word' id='word_1_579' title='bbox 1090 3744 1104 3767; x_wconf 92' lang='lat'><strong>,</strong></span> <span class='ocrx_word' id='word_1_580' title='bbox 1134 3701 1444 3757; x_wconf 69' lang='lat' dir='ltr'><strong>Iudaeorum</strong></span> <span class='ocrx_word' id='word_1_581' title='bbox 1494 3700 1847 3772; x_wconf 84' lang='lat' dir='ltr'><strong>petulantiam</strong></span> <span class='ocrx_word' id='word_1_582' title='bbox 1882 3708 1935 3754; x_wconf 87' lang='lat' dir='ltr'><strong>et</strong></span> <span class='ocrx_word' id='word_1_583' title='bbox 1969 3713 2093 3752; x_wconf 89' lang='lat' dir='ltr'><strong>cru-</strong></span> 
     </span>
    </p>
   </div>
   <div class='ocr_carea' id='block_1_72' title="bbox 513 3788 2093 3867">
    <p class='ocr_par' dir='ltr' id='par_1_72' title="bbox 513 3788 2093 3867">
     <span class='ocr_line' id='line_1_72' title="bbox 513 3788 2093 3867; baseline -0.003 -19"><span class='ocrx_word' id='word_1_584' title='bbox 513 3797 848 3867; x_wconf 80' lang='lat' dir='ltr'><strong>citigeutium</strong></span> <span class='ocrx_word' id='word_1_585' title='bbox 879 3796 1220 3866; x_wconf 87' lang='lat' dir='ltr'><strong>impietatem</strong></span> <span class='ocrx_word' id='word_1_586' title='bbox 1255 3797 1427 3848; x_wconf 87' lang='lat' dir='ltr'><strong>vitare</strong></span> <span class='ocrx_word' id='word_1_587' title='bbox 1456 3795 1667 3859; x_wconf 88' lang='lat' dir='ltr'><strong>liceret,</strong></span> <span class='ocrx_word' id='word_1_588' title='bbox 1707 3805 1979 3848; x_wconf 88' lang='lat' dir='ltr'><strong>summam</strong></span> <span class='ocrx_word' id='word_1_589' title='bbox 2010 3788 2093 3844; x_wconf 90' lang='lat' dir='ltr'><strong>di-</strong></span> 
     </span>
    </p>
   </div>
   <div class='ocr_carea' id='block_1_73' title="bbox 514 3884 2088 3958">
    <p class='ocr_par' dir='ltr' id='par_1_73' title="bbox 514 3884 2088 3958">
     <span class='ocr_line' id='line_1_73' title="bbox 514 3884 2088 3958; baseline -0.004 -14"><span class='ocrx_word' id='word_1_590' title='bbox 514 3892 801 3946; x_wconf 90' lang='lat' dir='ltr'><strong>lectionem</strong></span> <span class='ocrx_word' id='word_1_591' title='bbox 841 3889 1089 3945; x_wconf 85' lang='lat' dir='ltr'><strong>exhibuit</strong></span> <span class='ocrx_word' id='word_1_592' title='bbox 1131 3890 1185 3943; x_wconf 92' lang='lat' dir='ltr'><strong>in</strong></span> <span class='ocrx_word' id='word_1_593' title='bbox 1224 3904 1357 3944; x_wconf 84' lang='lat' dir='ltr'><strong>suos</strong></span> <span class='ocrx_word' id='word_1_594' title='bbox 1394 3887 1487 3958; x_wconf 87' lang='lat' dir='ltr'><strong>qui</strong></span> <span class='ocrx_word' id='word_1_595' title='bbox 1534 3896 1692 3943; x_wconf 89' lang='lat' dir='ltr'><strong>erant</strong></span> <span class='ocrx_word' id='word_1_596' title='bbox 1742 3887 1797 3941; x_wconf 90' lang='lat' dir='ltr'><strong>in</strong></span> <span class='ocrx_word' id='word_1_597' title='bbox 1848 3884 2088 3941; x_wconf 88' lang='lat' dir='ltr'><strong>mundo:</strong></span> 
     </span>
    </p>
   </div>
   <div class='ocr_carea' id='block_1_74' title="bbox 515 3975 2092 4054">
    <p class='ocr_par' dir='ltr' id='par_1_74' title="bbox 515 3975 2092 4054">
     <span class='ocr_line' id='line_1_74' title="bbox 515 3975 2092 4054; baseline -0.004 -17"><span class='ocrx_word' id='word_1_598' title='bbox 515 4000 622 4037; x_wconf 89' lang='lat' dir='ltr'><strong>non</strong></span> <span class='ocrx_word' id='word_1_599' title='bbox 657 3983 933 4039; x_wconf 87' lang='lat' dir='ltr'><strong>recusavit</strong></span> <span class='ocrx_word' id='word_1_600' title='bbox 965 3983 1111 4039; x_wconf 89' lang='lat' dir='ltr'><strong>enim</strong></span> <span class='ocrx_word' id='word_1_601' title='bbox 1162 3999 1262 4054; x_wconf 90' lang='lat' dir='ltr'><strong>pro</strong></span> <span class='ocrx_word' id='word_1_602' title='bbox 1304 3982 1414 4036; x_wconf 90' lang='lat' dir='ltr'><strong>vita</strong></span> <span class='ocrx_word' id='word_1_603' title='bbox 1457 3983 1699 4036; x_wconf 89' lang='lat' dir='ltr'><strong>omnium</strong></span> <span class='ocrx_word' id='word_1_604' title='bbox 1742 3979 1904 4034; x_wconf 88' lang='lat' dir='ltr'><strong>mori.</strong></span> <span class='ocrx_word' id='word_1_605' title='bbox 1937 3975 2092 4045; x_wconf 84' lang='lat' dir='ltr'><strong>Quod</strong></span> 
     </span>
    </p>
   </div>
   <div class='ocr_carea' id='block_1_75' title="bbox 515 4070 2093 4142">
    <p class='ocr_par' dir='ltr' id='par_1_75' title="bbox 515 4070 2093 4142">
     <span class='ocr_line' id='line_1_75' title="bbox 515 4070 2093 4142; baseline -0.001 -17"><span class='ocrx_word' id='word_1_606' title='bbox 515 4076 657 4127; x_wconf 73' lang='lat' dir='ltr'><strong>enim</strong></span> <span class='ocrx_word' id='word_1_607' title='bbox 691 4074 776 4126; x_wconf 86' lang='lat' dir='ltr'><strong>hic</strong></span> <span class='ocrx_word' id='word_1_608' title='bbox 808 4072 1274 4142; x_wconf 80' lang='lat' dir='ltr'><strong>perfectissimum</strong></span> <span class='ocrx_word' id='word_1_609' title='bbox 1301 4073 1621 4127; x_wconf 82' lang='lat' dir='ltr'><strong>dilectionis</strong></span> <span class='ocrx_word' id='word_1_610' title='bbox 1655 4071 1874 4126; x_wconf 90' lang='lat' dir='ltr'><strong>modum</strong></span> <span class='ocrx_word' id='word_1_611' title='bbox 1910 4070 2093 4124; x_wconf 87' lang='lat' dir='ltr'><strong>videre</strong></span> 
     </span>
    </p>
   </div>
   <div class='ocr_carea' id='block_1_76' title="bbox 517 4159 2091 4231">
    <p class='ocr_par' dir='ltr' id='par_1_76' title="bbox 517 4159 2091 4231">
     <span class='ocr_line' id='line_1_76' title="bbox 517 4159 2091 4231; baseline -0.003 -15"><span class='ocrx_word' id='word_1_612' title='bbox 517 4168 710 4227; x_wconf 84' lang='lat' dir='ltr'><strong>liceat,</strong></span> <span class='ocrx_word' id='word_1_613' title='bbox 764 4163 944 4231; x_wconf 88' lang='lat' dir='ltr'><strong>ipsum</strong></span> <span class='ocrx_word' id='word_1_614' title='bbox 978 4169 1171 4217; x_wconf 90' lang='lat' dir='ltr'><strong>testem</strong></span> <span class='ocrx_word' id='word_1_615' title='bbox 1213 4161 1484 4216; x_wconf 83' lang='lat' dir='ltr'><strong>adducam</strong></span> <span class='ocrx_word' id='word_1_616' title='bbox 1522 4159 1808 4216; x_wconf 87' lang='lat' dir='ltr'><strong>Dominum</strong></span> <span class='ocrx_word' id='word_1_617' title='bbox 1840 4167 2091 4215; x_wconf 91' lang='lat' dir='ltr'><strong>nostrum</strong></span> 
     </span>
    </p>
   </div>
   <div class='ocr_carea' id='block_1_77' title="bbox 514 4253 2096 4325">
    <p class='ocr_par' dir='ltr' id='par_1_77' title="bbox 514 4253 2096 4325">
     <span class='ocr_line' id='line_1_77' title="bbox 514 4253 2096 4325; baseline -0.001 -16"><span class='ocrx_word' id='word_1_618' title='bbox 514 4256 701 4312; x_wconf 85' lang='lat' dir='ltr'><strong>Jesum</strong></span> <span class='ocrx_word' id='word_1_619' title='bbox 722 4256 998 4311; x_wconf 74' lang='lat' dir='ltr'><strong>Christum</strong></span> <span class='ocrx_word' id='word_1_620' title='bbox 1024 4256 1233 4311; x_wconf 88' lang='lat' dir='ltr'><strong>sanctis</strong></span> <span class='ocrx_word' id='word_1_621' title='bbox 1263 4255 1428 4325; x_wconf 76' lang='lat'><strong>720</strong></span> <span class='ocrx_word' id='word_1_622' title='bbox 1450 4253 1741 4324; x_wconf 90' lang='lat' dir='ltr'><strong>discipulis</strong></span> <span class='ocrx_word' id='word_1_623' title='bbox 1770 4254 1843 4308; x_wconf 91' lang='lat' dir='ltr'><strong>ita</strong></span> <span class='ocrx_word' id='word_1_624' title='bbox 1874 4254 2096 4323; x_wconf 84' lang='lat' dir='ltr'><strong>loquen-</strong></span> 
     </span>
    </p>
   </div>
   <div class='ocr_carea' id='block_1_78' title="bbox 518 4345 2094 4417">
    <p class='ocr_par' dir='ltr' id='par_1_78' title="bbox 518 4345 2094 4417">
     <span class='ocr_line' id='line_1_78' title="bbox 518 4345 2094 4417; baseline 0 -17"><span class='ocrx_word' id='word_1_625' title='bbox 518 4359 622 4401; x_wconf 83' lang='lat' dir='ltr'><strong>tem</strong></span> <span class='ocrx_word' id='word_1_626' title='bbox 651 4367 661 4402; x_wconf 94' lang='lat'>:</span> <span class='ocrx_word' id='word_1_627' title='bbox 709 4367 725 4399; x_wconf 82' lang='grc' dir='ltr'><strong>ι</strong></span> <span class='ocrx_word' id='word_1_628' title='bbox 768 4347 881 4401; x_wconf 81' lang='lat' dir='ltr'><strong>I&#39;loc</strong></span> <span class='ocrx_word' id='word_1_629' title='bbox 909 4357 991 4402; x_wconf 89' lang='lat' dir='ltr'><strong>est</strong></span> <span class='ocrx_word' id='word_1_630' title='bbox 1026 4358 1356 4417; x_wconf 70' lang='lat' dir='ltr'><strong>praeceptum</strong></span> <span class='ocrx_word' id='word_1_631' title='bbox 1393 4362 1573 4401; x_wconf 90' lang='lat' dir='ltr'><strong>meum</strong></span> <span class='ocrx_word' id='word_1_632' title='bbox 1596 4390 1609 4414; x_wconf 89' lang='lat'><strong>,</strong></span> <span class='ocrx_word' id='word_1_633' title='bbox 1648 4356 1706 4400; x_wconf 90' lang='lat' dir='ltr'><strong>ut</strong></span> <span class='ocrx_word' id='word_1_634' title='bbox 1738 4345 1980 4417; x_wconf 74' lang='lat' dir='ltr'><strong>diligatis</strong></span> <span class='ocrx_word' id='word_1_635' title='bbox 2009 4347 2094 4400; x_wconf 88' lang='lat' dir='ltr'><strong>in-</strong></span> 
     </span>
    </p>
   </div>
   <div class='ocr_carea' id='block_1_79' title="bbox 518 4435 2093 4506">
    <p class='ocr_par' dir='ltr' id='par_1_79' title="bbox 518 4435 2093 4506">
     <span class='ocr_line' id='line_1_79' title="bbox 518 4435 2093 4506; baseline 0.001 -18"><span class='ocrx_word' id='word_1_636' title='bbox 518 4440 713 4495; x_wconf 62' lang='lat' dir='ltr'><strong>vicem.</strong></span> <span class='ocrx_word' id='word_1_637' title='bbox 741 4439 885 4491; x_wconf 70' lang='lat' dir='ltr'><strong>sicut</strong></span> <span class='ocrx_word' id='word_1_638' title='bbox 918 4438 1083 4491; x_wconf 75' lang='lat' dir='ltr'><strong>dilexi</strong></span> <span class='ocrx_word' id='word_1_639' title='bbox 1110 4454 1226 4492; x_wconf 82' lang='lat' dir='ltr'><strong>vos.</strong></span> <span class='ocrx_word' id='word_1_640' title='bbox 1258 4435 1517 4506; x_wconf 82' lang='lat' dir='ltr'><strong>Majorem</strong></span> <span class='ocrx_word' id='word_1_641' title='bbox 1543 4438 1689 4490; x_wconf 91' lang='lat' dir='ltr'><strong>enim</strong></span> <span class='ocrx_word' id='word_1_642' title='bbox 1713 4437 1817 4490; x_wconf 87' lang='lat' dir='ltr'><strong>hac</strong></span> <span class='ocrx_word' id='word_1_643' title='bbox 1841 4435 2093 4489; x_wconf 80' lang='lat' dir='ltr'><strong>dilectio—</strong></span> 
     </span>
    </p>
   </div>
   <div class='ocr_carea' id='block_1_80' title="bbox 2190 3250 3778 3330">
    <p class='ocr_par' dir='ltr' id='par_1_80' title="bbox 2190 3250 3778 3330">
     <span class='ocr_line' id='line_1_80' title="bbox 2190 3250 3778 3330; baseline 0.004 -25"><span class='ocrx_word' id='word_1_644' title='bbox 2190 3252 2577 3322; x_wconf 86' lang='grc' dir='ltr'>ἀγαπήσαντος</span> <span class='ocrx_word' id='word_1_645' title='bbox 2634 3250 2723 3325; x_wconf 80' lang='grc' dir='ltr'><strong>ῆν,</strong></span> <span class='ocrx_word' id='word_1_646' title='bbox 2779 3253 2841 3306; x_wconf 81' lang='grc' dir='ltr'>τὸ</span> <span class='ocrx_word' id='word_1_647' title='bbox 2902 3253 3154 3321; x_wconf 82' lang='grc' dir='ltr'>γενέσθαι</span> <span class='ocrx_word' id='word_1_648' title='bbox 3189 3256 3289 3326; x_wconf 91' lang='grc' dir='ltr'><strong>μέν</strong></span> <span class='ocrx_word' id='word_1_649' title='bbox 3346 3256 3652 3329; x_wconf 82' lang='grc' dir='ltr'>ἄνθρωπον,</span> <span class='ocrx_word' id='word_1_650' title='bbox 3697 3259 3778 3330; x_wconf 79' lang='grc' dir='ltr'>μὴ</span> 
     </span>
    </p>
   </div>
   <div class='ocr_carea' id='block_1_81' title="bbox 2194 3343 3774 3420">
    <p class='ocr_par' dir='ltr' id='par_1_81' title="bbox 2194 3343 3774 3420">
     <span class='ocr_line' id='line_1_81' title="bbox 2194 3343 3774 3420; baseline 0.006 -25"><span class='ocrx_word' id='word_1_651' title='bbox 2194 3343 2298 3413; x_wconf 83' lang='grc' dir='ltr'>μὴν</span> <span class='ocrx_word' id='word_1_652' title='bbox 2326 3343 2578 3413; x_wconf 87' lang='grc' dir='ltr'>ἐθελῆσαι</span> <span class='ocrx_word' id='word_1_653' title='bbox 2601 3345 2807 3415; x_wconf 73' lang='grc' dir='ltr'>καὶτῆς</span> <span class='ocrx_word' id='word_1_654' title='bbox 2836 3345 3093 3399; x_wconf 85' lang='grc' dir='ltr'>ἁπάντων</span> <span class='ocrx_word' id='word_1_655' title='bbox 3127 3348 3578 3418; x_wconf 75' lang='grc' dir='ltr'>προκινδυνεῦσαι</span> <span class='ocrx_word' id='word_1_656' title='bbox 3605 3350 3774 3420; x_wconf 81' lang='grc' dir='ltr'>ζωῆς,</span> 
     </span>
    </p>
   </div>
   <div class='ocr_carea' id='block_1_82' title="bbox 2194 3434 3780 3510">
    <p class='ocr_par' dir='ltr' id='par_1_82' title="bbox 2194 3434 3780 3510">
     <span class='ocr_line' id='line_1_82' title="bbox 2194 3434 3780 3510; baseline 0.005 -24"><span class='ocrx_word' id='word_1_657' title='bbox 2194 3434 2310 3487; x_wconf 80' lang='grc' dir='ltr'>ἀλλ’</span> <span class='ocrx_word' id='word_1_658' title='bbox 2344 3434 2629 3506; x_wconf 73' lang='grc' dir='ltr'>ἠγάπησεν</span> <span class='ocrx_word' id='word_1_659' title='bbox 2650 3436 2729 3499; x_wconf 90' lang='grc' dir='ltr'><strong>εἰς</strong></span> <span class='ocrx_word' id='word_1_660' title='bbox 2753 3436 2923 3501; x_wconf 84' lang='grc' dir='ltr'>τέλος,</span> <span class='ocrx_word' id='word_1_661' title='bbox 2960 3439 3051 3490; x_wconf 74' lang='grc' dir='ltr'>καὶ</span> <span class='ocrx_word' id='word_1_662' title='bbox 3077 3436 3236 3490; x_wconf 90' lang='grc' dir='ltr'>τοῦτο</span> <span class='ocrx_word' id='word_1_663' title='bbox 3266 3438 3459 3492; x_wconf 79' lang='grc' dir='ltr'>παθεῖν</span> <span class='ocrx_word' id='word_1_664' title='bbox 3476 3441 3538 3494; x_wconf 88' lang='grc' dir='ltr'><strong>οὑ</strong></span> <span class='ocrx_word' id='word_1_665' title='bbox 3572 3457 3780 3510; x_wconf 86' lang='grc' dir='ltr'>παραι-</span> 
     </span>
    </p>
   </div>
   <div class='ocr_carea' id='block_1_83' title="bbox 2190 3525 3781 3603">
    <p class='ocr_par' dir='ltr' id='par_1_83' title="bbox 2190 3525 3781 3603">
     <span class='ocr_line' id='line_1_83' title="bbox 2190 3525 3781 3603; baseline 0.004 -25"><span class='ocrx_word' id='word_1_666' title='bbox 2190 3525 2517 3595; x_wconf 89' lang='grc' dir='ltr'>τησάμενος,</span> <span class='ocrx_word' id='word_1_667' title='bbox 2556 3526 2736 3581; x_wconf 88' lang='grc' dir='ltr'>καίτοι</span> <span class='ocrx_word' id='word_1_668' title='bbox 2787 3527 3053 3599; x_wconf 88' lang='grc' dir='ltr'>προειδὼς</span> <span class='ocrx_word' id='word_1_669' title='bbox 3104 3528 3187 3581; x_wconf 81' lang='grc' dir='ltr'>ὅτι</span> <span class='ocrx_word' id='word_1_670' title='bbox 3229 3529 3505 3583; x_wconf 79' lang='grc' dir='ltr'>πείσεταιο</span> <span class='ocrx_word' id='word_1_671' title='bbox 3564 3531 3627 3583; x_wconf 91' lang='grc' dir='ltr'><strong>οὑ</strong></span> <span class='ocrx_word' id='word_1_672' title='bbox 3666 3531 3781 3603; x_wconf 83' lang='grc' dir='ltr'><strong>γάρ</strong></span> 
     </span>
    </p>
   </div>
   <div class='ocr_carea' id='block_1_84' title="bbox 2191 3612 3780 3692">
    <p class='ocr_par' dir='ltr' id='par_1_84' title="bbox 2191 3612 3780 3692">
     <span class='ocr_line' id='line_1_84' title="bbox 2191 3612 3780 3692; baseline 0.003 -21"><span class='ocrx_word' id='word_1_673' title='bbox 2191 3617 2434 3671; x_wconf 76' lang='grc' dir='ltr'>ἄποπτον</span> <span class='ocrx_word' id='word_1_674' title='bbox 2467 3612 2535 3688; x_wconf 79' lang='grc' dir='ltr'>ἦν</span> <span class='ocrx_word' id='word_1_675' title='bbox 2567 3616 2644 3688; x_wconf 82' lang='grc' dir='ltr'>τῷ</span> <span class='ocrx_word' id='word_1_676' title='bbox 2694 3618 2909 3689; x_wconf 86' lang='grc' dir='ltr'>Σωτῆρι</span> <span class='ocrx_word' id='word_1_677' title='bbox 2955 3619 3018 3673; x_wconf 79' lang='grc' dir='ltr'>τὸ</span> <span class='ocrx_word' id='word_1_678' title='bbox 3055 3619 3251 3684; x_wconf 82' lang='grc' dir='ltr'>πάθος.</span> <span class='ocrx_word' id='word_1_679' title='bbox 3294 3620 3443 3686; x_wconf 81' lang='grc' dir='ltr'>Ἐξδν</span> <span class='ocrx_word' id='word_1_680' title='bbox 3469 3616 3581 3682; x_wconf 85' lang='grc' dir='ltr'>οῦν.</span> <span class='ocrx_word' id='word_1_681' title='bbox 3615 3623 3780 3692; x_wconf 77' lang='grc' dir='ltr'>φησὶ,</span> 
     </span>
    </p>
   </div>
   <div class='ocr_carea' id='block_1_85' title="bbox 2189 3707 3783 3783">
    <p class='ocr_par' dir='ltr' id='par_1_85' title="bbox 2189 3707 3783 3783">
     <span class='ocr_line' id='line_1_85' title="bbox 2189 3707 3783 3783; baseline 0.003 -22"><span class='ocrx_word' id='word_1_682' title='bbox 2189 3707 2470 3779; x_wconf 81' lang='grc' dir='ltr'>διαδρᾶναι</span> <span class='ocrx_word' id='word_1_683' title='bbox 2506 3708 2615 3762; x_wconf 85' lang='grc' dir='ltr'><strong>τῶν</strong></span> <span class='ocrx_word' id='word_1_684' title='bbox 2653 3708 2921 3763; x_wconf 82' lang='grc' dir='ltr'>Ἰουδαίων</span> <span class='ocrx_word' id='word_1_685' title='bbox 2940 3709 3038 3774; x_wconf 88' lang='grc' dir='ltr'><strong>τάς</strong></span> <span class='ocrx_word' id='word_1_686' title='bbox 3079 3711 3387 3782; x_wconf 84' lang='grc' dir='ltr'>παροινίας,</span> <span class='ocrx_word' id='word_1_687' title='bbox 3422 3714 3518 3766; x_wconf 77' lang='grc' dir='ltr'>καὶ</span> <span class='ocrx_word' id='word_1_688' title='bbox 3544 3713 3643 3783; x_wconf 89' lang='grc' dir='ltr'><strong>τὴν</strong></span> <span class='ocrx_word' id='word_1_689' title='bbox 3668 3714 3783 3766; x_wconf 85' lang='grc' dir='ltr'><strong>τῶν</strong></span> 
     </span>
    </p>
   </div>
   <div class='ocr_carea' id='block_1_86' title="bbox 2193 3799 3783 3874">
    <p class='ocr_par' dir='ltr' id='par_1_86' title="bbox 2193 3799 3783 3874">
     <span class='ocr_line' id='line_1_86' title="bbox 2193 3799 3783 3874; baseline 0.003 -21"><span class='ocrx_word' id='word_1_690' title='bbox 2193 3799 2573 3872; x_wconf 83' lang='grc' dir='ltr'>σταυροῦντων</span> <span class='ocrx_word' id='word_1_691' title='bbox 2606 3800 3305 3872; x_wconf 84' lang='grc' dir='ltr'>άνοσιότητα,τελεωτάτην</span> <span class='ocrx_word' id='word_1_692' title='bbox 3333 3802 3645 3867; x_wconf 77' lang='grc' dir='ltr'>ἐπεδείξατο</span> <span class='ocrx_word' id='word_1_693' title='bbox 3676 3803 3783 3874; x_wconf 82' lang='grc' dir='ltr'>τὴν</span> 
     </span>
    </p>
   </div>
   <div class='ocr_carea' id='block_1_87' title="bbox 2191 3890 3783 3965">
    <p class='ocr_par' dir='ltr' id='par_1_87' title="bbox 2191 3890 3783 3965">
     <span class='ocr_line' id='line_1_87' title="bbox 2191 3890 3783 3965; baseline 0.003 -22"><span class='ocrx_word' id='word_1_694' title='bbox 2191 3890 2471 3961; x_wconf 76' lang='grc' dir='ltr'>ἀγάπησιν</span> <span class='ocrx_word' id='word_1_695' title='bbox 2503 3890 2602 3961; x_wconf 84' lang='grc' dir='ltr'>τὴν</span> <span class='ocrx_word' id='word_1_696' title='bbox 2646 3892 2726 3955; x_wconf 86' lang='grc' dir='ltr'><strong>εἰς</strong></span> <span class='ocrx_word' id='word_1_697' title='bbox 2770 3891 2899 3956; x_wconf 77' lang='grc' dir='ltr'>τοὺς</span> <span class='ocrx_word' id='word_1_698' title='bbox 2932 3892 3095 3957; x_wconf 86' lang='grc' dir='ltr'>ἰδίους</span> <span class='ocrx_word' id='word_1_699' title='bbox 3141 3894 3269 3957; x_wconf 74' lang='grc' dir='ltr'>τοὺς</span> <span class='ocrx_word' id='word_1_700' title='bbox 3298 3893 3460 3957; x_wconf 74' lang='grc' dir='ltr'>ὄντας</span> <span class='ocrx_word' id='word_1_701' title='bbox 3485 3895 3547 3948; x_wconf 84' lang='grc' dir='ltr'><strong>ἐν</strong></span> <span class='ocrx_word' id='word_1_702' title='bbox 3574 3894 3653 3965; x_wconf 83' lang='grc' dir='ltr'>τῷ</span> <span class='ocrx_word' id='word_1_703' title='bbox 3679 3896 3783 3948; x_wconf 85' lang='grc' dir='ltr'>κό-</span> 
     </span>
    </p>
   </div>
   <div class='ocr_carea' id='block_1_88' title="bbox 2194 3982 3783 4056">
    <p class='ocr_par' dir='ltr' id='par_1_88' title="bbox 2194 3982 3783 4056">
     <span class='ocr_line' id='line_1_88' title="bbox 2194 3982 3783 4056; baseline 0.005 -26"><span class='ocrx_word' id='word_1_704' title='bbox 2194 3995 2335 4049; x_wconf 75' lang='grc' dir='ltr'>σμῳσ</span> <span class='ocrx_word' id='word_1_705' title='bbox 2372 3982 2728 4052; x_wconf 79' lang='grc' dir='ltr'>παρῃτήσατο</span> <span class='ocrx_word' id='word_1_706' title='bbox 2774 3982 2882 4054; x_wconf 86' lang='grc' dir='ltr'><strong>γάρ</strong></span> <span class='ocrx_word' id='word_1_707' title='bbox 2926 3982 3179 4053; x_wconf 82' lang='grc' dir='ltr'>οὐδαμῶς</span> <span class='ocrx_word' id='word_1_708' title='bbox 3219 3984 3282 4036; x_wconf 84' lang='grc' dir='ltr'><strong>τὸ</strong></span> <span class='ocrx_word' id='word_1_709' title='bbox 3330 3984 3551 4056; x_wconf 77' lang='grc' dir='ltr'>καὶτῆς</span> <span class='ocrx_word' id='word_1_710' title='bbox 3600 3986 3783 4039; x_wconf 86' lang='grc' dir='ltr'>ἀπάν-</span> 
     </span>
    </p>
   </div>
   <div class='ocr_carea' id='block_1_89' title="bbox 2192 4072 3783 4148">
    <p class='ocr_par' dir='ltr' id='par_1_89' title="bbox 2192 4072 3783 4148">
     <span class='ocr_line' id='line_1_89' title="bbox 2192 4072 3783 4148; baseline 0.005 -26"><span class='ocrx_word' id='word_1_711' title='bbox 2192 4087 2300 4123; x_wconf 89' lang='grc' dir='ltr'><strong>των</strong></span> <span class='ocrx_word' id='word_1_712' title='bbox 2325 4072 2690 4143; x_wconf 80' lang='grc' dir='ltr'>ὑπερτεθῆναι</span> <span class='ocrx_word' id='word_1_713' title='bbox 2719 4072 2831 4146; x_wconf 73' lang='grc' dir='ltr'>[ισ.</span> <span class='ocrx_word' id='word_1_714' title='bbox 2864 4074 3284 4148; x_wconf 80' lang='grc' dir='ltr'>ὑπερτεθνᾶναι]</span> <span class='ocrx_word' id='word_1_715' title='bbox 3320 4074 3487 4144; x_wconf 75' lang='grc' dir='ltr'>ζωῆς.</span> <span class='ocrx_word' id='word_1_716' title='bbox 3522 4077 3645 4129; x_wconf 81' lang='grc' dir='ltr'>’Ότι</span> <span class='ocrx_word' id='word_1_717' title='bbox 3666 4076 3783 4147; x_wconf 80' lang='grc' dir='ltr'><strong>γάρ</strong></span> 
     </span>
    </p>
   </div>
   <div class='ocr_carea' id='block_1_90' title="bbox 2193 4161 3783 4236">
    <p class='ocr_par' dir='ltr' id='par_1_90' title="bbox 2193 4161 3783 4236">
     <span class='ocr_line' id='line_1_90' title="bbox 2193 4161 3783 4236; baseline 0.006 -24"><span class='ocrx_word' id='word_1_718' title='bbox 2193 4161 2443 4234; x_wconf 80' lang='grc' dir='ltr'>ἐντούτῳ</span> <span class='ocrx_word' id='word_1_719' title='bbox 2499 4164 2737 4232; x_wconf 87' lang='grc' dir='ltr'>μάλιστα</span> <span class='ocrx_word' id='word_1_720' title='bbox 2788 4163 3116 4218; x_wconf 85' lang='grc' dir='ltr'>τελεώτατον</span> <span class='ocrx_word' id='word_1_721' title='bbox 3178 4166 3296 4218; x_wconf 76' lang='grc' dir='ltr'>ἐστι</span> <span class='ocrx_word' id='word_1_722' title='bbox 3339 4165 3439 4234; x_wconf 86' lang='grc' dir='ltr'><strong>τῆς</strong></span> <span class='ocrx_word' id='word_1_723' title='bbox 3466 4166 3689 4236; x_wconf 84' lang='grc' dir='ltr'>ἀγάπης</span> <span class='ocrx_word' id='word_1_724' title='bbox 3716 4167 3783 4221; x_wconf 78' lang='grc' dir='ltr'>τὸ</span> 
     </span>
    </p>
   </div>
   <div class='ocr_carea' id='block_1_91' title="bbox 2197 4252 3780 4329">
    <p class='ocr_par' dir='ltr' id='par_1_91' title="bbox 2197 4252 3780 4329">
     <span class='ocr_line' id='line_1_91' title="bbox 2197 4252 3780 4329; baseline 0.004 -24"><span class='ocrx_word' id='word_1_725' title='bbox 2197 4252 2394 4324; x_wconf 81' lang='grc' dir='ltr'>μέτρον</span> <span class='ocrx_word' id='word_1_726' title='bbox 2455 4254 2604 4318; x_wconf 80' lang='grc' dir='ltr'>ἰδεῖν,</span> <span class='ocrx_word' id='word_1_727' title='bbox 2643 4254 2806 4309; x_wconf 75' lang='grc' dir='ltr'>αὑτὸν</span> <span class='ocrx_word' id='word_1_728' title='bbox 2854 4256 3102 4326; x_wconf 85' lang='grc' dir='ltr'>παροίσω</span> <span class='ocrx_word' id='word_1_729' title='bbox 3152 4256 3406 4326; x_wconf 84' lang='grc' dir='ltr'>μάρτυρα</span> <span class='ocrx_word' id='word_1_730' title='bbox 3446 4256 3537 4310; x_wconf 81' lang='grc' dir='ltr'><strong>τὸν</strong></span> <span class='ocrx_word' id='word_1_731' title='bbox 3570 4257 3780 4329; x_wconf 81' lang='grc' dir='ltr'>Κύριον</span> 
     </span>
    </p>
   </div>
   <div class='ocr_carea' id='block_1_92' title="bbox 2195 4331 3776 4416">
    <p class='ocr_par' dir='ltr' id='par_1_92' title="bbox 2195 4331 3776 4416">
     <span class='ocr_line' id='line_1_92' title="bbox 2195 4331 3776 4416; baseline 0.003 -21"><span class='ocrx_word' id='word_1_732' title='bbox 2195 4331 2351 4413; x_wconf 78' lang='grc' dir='ltr'>ἡμῶν</span> <span class='ocrx_word' id='word_1_733' title='bbox 2391 4342 2597 4415; x_wconf 84' lang='grc' dir='ltr'>Ἰησοῦν</span> <span class='ocrx_word' id='word_1_734' title='bbox 2626 4345 2859 4416; x_wconf 77' lang='grc' dir='ltr'>Χριστὸν</span> <span class='ocrx_word' id='word_1_735' title='bbox 2884 4348 2995 4407; x_wconf 84' lang='grc' dir='ltr'>τοῖς</span> <span class='ocrx_word' id='word_1_736' title='bbox 3030 4345 3203 4413; x_wconf 73' lang='grc' dir='ltr'>ἁγίοις</span> <span class='ocrx_word' id='word_1_737' title='bbox 3231 4347 3460 4414; x_wconf 84' lang='grc' dir='ltr'>λέγοντα</span> <span class='ocrx_word' id='word_1_738' title='bbox 3483 4345 3776 4416; x_wconf 59' lang='grc' dir='ltr'>μαθηταῖς</span> 
     </span>
    </p>
   </div>
   <div class='ocr_carea' id='block_1_93' title="bbox 2202 4434 3777 4510">
    <p class='ocr_par' dir='ltr' id='par_1_93' title="bbox 2202 4434 3777 4510">
     <span class='ocr_line' id='line_1_93' title="bbox 2202 4434 3777 4510; baseline 0.004 -23"><span class='ocrx_word' id='word_1_739' title='bbox 2202 4454 2221 4487; x_wconf 80' lang='grc' dir='ltr'><strong>ι</strong></span> <span class='ocrx_word' id='word_1_740' title='bbox 2259 4434 2404 4506; x_wconf 80' lang='grc' dir='ltr'>Α’ύτη</span> <span class='ocrx_word' id='word_1_741' title='bbox 2424 4436 2569 4488; x_wconf 69' lang='grc' dir='ltr'>ἐστὶν</span> <span class='ocrx_word' id='word_1_742' title='bbox 2599 4438 2631 4505; x_wconf 78' lang='grc' dir='ltr'>ἡ</span> <span class='ocrx_word' id='word_1_743' title='bbox 2668 4436 2854 4507; x_wconf 81' lang='grc' dir='ltr'>ἐντολὴ</span> <span class='ocrx_word' id='word_1_744' title='bbox 2882 4436 3064 4507; x_wconf 81' lang='grc' dir='ltr'>ἠέμὴ,</span> <span class='ocrx_word' id='word_1_745' title='bbox 3089 4437 3177 4490; x_wconf 80' lang='grc' dir='ltr'>ἵνα</span> <span class='ocrx_word' id='word_1_746' title='bbox 3204 4438 3453 4502; x_wconf 77' lang='grc' dir='ltr'>ἀγαπᾶτε</span> <span class='ocrx_word' id='word_1_747' title='bbox 3492 4438 3777 4510; x_wconf 78' lang='grc' dir='ltr'>ἀλλήλους,</span> 
     </span>
    </p>
   </div>
   <div class='ocr_carea' id='block_1_94' title="bbox 520 4524 2086 4606">
    <p class='ocr_par' dir='ltr' id='par_1_94' title="bbox 520 4524 2086 4594">
     <span class='ocr_line' id='line_1_94' title="bbox 520 4524 2086 4594; baseline -0.001 -15"><span class='ocrx_word' id='word_1_748' title='bbox 520 4544 640 4580; x_wconf 84' lang='lat' dir='ltr'><strong>nem</strong></span> <span class='ocrx_word' id='word_1_749' title='bbox 670 4542 830 4580; x_wconf 88' lang='lat' dir='ltr'><strong>nemo</strong></span> <span class='ocrx_word' id='word_1_750' title='bbox 859 4528 1058 4589; x_wconf 85' lang='lat' dir='ltr'><strong>habet,</strong></span> <span class='ocrx_word' id='word_1_751' title='bbox 1096 4536 1154 4579; x_wconf 87' lang='lat' dir='ltr'><strong>ut</strong></span> <span class='ocrx_word' id='word_1_752' title='bbox 1185 4528 1423 4581; x_wconf 85' lang='lat' dir='ltr'><strong>animam</strong></span> <span class='ocrx_word' id='word_1_753' title='bbox 1450 4540 1606 4579; x_wconf 89' lang='lat' dir='ltr'><strong>suam</strong></span> <span class='ocrx_word' id='word_1_754' title='bbox 1637 4536 1800 4594; x_wconf 87' lang='lat' dir='ltr'><strong>ponat</strong></span> <span class='ocrx_word' id='word_1_755' title='bbox 1834 4524 1958 4593; x_wconf 92' lang='lat' dir='ltr'><strong>quis</strong></span> <span class='ocrx_word' id='word_1_756' title='bbox 1995 4540 2086 4593; x_wconf 86' lang='lat' dir='ltr'><strong>pro</strong></span> 
     </span>
    </p>
   </div>
   <div class='ocr_carea' id='block_1_95' title="bbox 2190 4524 3836 4606">
    <p class='ocr_par' dir='ltr' id='par_1_95' title="bbox 2197 4526 3836 4600">
     <span class='ocr_line' id='line_1_95' title="bbox 2197 4526 3836 4600; baseline 0.002 -19"><span class='ocrx_word' id='word_1_757' title='bbox 2197 4526 2379 4590; x_wconf 66' lang='grc' dir='ltr'>καθὼς</span> <span class='ocrx_word' id='word_1_758' title='bbox 2406 4527 2667 4597; x_wconf 79' lang='grc' dir='ltr'>ῆγάπησα</span> <span class='ocrx_word' id='word_1_759' title='bbox 2690 4529 2852 4597; x_wconf 82' lang='grc' dir='ltr'>ὑμᾶς.</span> <span class='ocrx_word' id='word_1_760' title='bbox 2888 4528 3127 4592; x_wconf 71' lang='grc' dir='ltr'>Μείζονα</span> <span class='ocrx_word' id='word_1_761' title='bbox 3174 4530 3283 4597; x_wconf 85' lang='grc' dir='ltr'>γὰρ</span> <span class='ocrx_word' id='word_1_762' title='bbox 3328 4528 3528 4598; x_wconf 84' lang='grc' dir='ltr'>ταύτης</span> <span class='ocrx_word' id='word_1_763' title='bbox 3554 4530 3779 4600; x_wconf 81' lang='grc' dir='ltr'>ἀγάπην</span> <span class='ocrx_word' id='word_1_764' title='bbox 3832 4572 3836 4576; x_wconf 83' lang='grc'><strong>.</strong></span> 
     </span>
    </p>
   </div>
   <div class='ocr_carea' id='block_1_96' title="bbox 518 4617 2095 4685">
    <p class='ocr_par' dir='ltr' id='par_1_96' title="bbox 518 4617 2095 4685">
     <span class='ocr_line' id='line_1_96' title="bbox 518 4617 2095 4685; baseline 0 -16"><span class='ocrx_word' id='word_1_765' title='bbox 518 4619 711 4673; x_wconf 83' lang='lat' dir='ltr'><strong>amicis</strong></span> <span class='ocrx_word' id='word_1_766' title='bbox 736 4618 852 4677; x_wconf 84' lang='lat' dir='ltr'><strong>suis</strong></span> <span class='ocrx_word' id='word_1_767' title='bbox 880 4619 945 4672; x_wconf 84' lang='grc'>⁷¹.</span> <span class='ocrx_word' id='word_1_768' title='bbox 982 4637 998 4669; x_wconf 75' lang='grc' dir='ltr'><strong>ι</strong></span> <span class='ocrx_word' id='word_1_769' title='bbox 1039 4618 1182 4684; x_wconf 85' lang='lat' dir='ltr'><strong>Quin</strong></span> <span class='ocrx_word' id='word_1_770' title='bbox 1214 4625 1267 4672; x_wconf 84' lang='lat' dir='ltr'><strong>et</strong></span> <span class='ocrx_word' id='word_1_771' title='bbox 1300 4618 1405 4673; x_wconf 82' lang='lat' dir='ltr'><strong>alia</strong></span> <span class='ocrx_word' id='word_1_772' title='bbox 1438 4617 1650 4672; x_wconf 89' lang='lat' dir='ltr'><strong>ratione</strong></span> <span class='ocrx_word' id='word_1_773' title='bbox 1680 4617 1891 4670; x_wconf 89' lang='lat' dir='ltr'><strong>ostendi</strong></span> <span class='ocrx_word' id='word_1_774' title='bbox 1917 4626 2095 4685; x_wconf 89' lang='lat' dir='ltr'><strong>potest</strong></span> 
     </span>
    </p>
   </div>
   <div class='ocr_carea' id='block_1_97' title="bbox 520 4708 2095 4780">
    <p class='ocr_par' dir='ltr' id='par_1_97' title="bbox 520 4708 2095 4780">
     <span class='ocr_line' id='line_1_97' title="bbox 520 4708 2095 4780; baseline 0 -18"><span class='ocrx_word' id='word_1_775' title='bbox 520 4718 741 4763; x_wconf 81' lang='lat' dir='ltr'><strong>sanctos</strong></span> <span class='ocrx_word' id='word_1_776' title='bbox 773 4712 1136 4780; x_wconf 78' lang='lat' dir='ltr'><strong>evuttgeiistas</strong></span> <span class='ocrx_word' id='word_1_777' title='bbox 1176 4709 1450 4778; x_wconf 89' lang='lat' dir='ltr'><strong>imprimis</strong></span> <span class='ocrx_word' id='word_1_778' title='bbox 1481 4724 1709 4763; x_wconf 85' lang='lat' dir='ltr'><strong>curasse</strong></span> <span class='ocrx_word' id='word_1_779' title='bbox 1744 4717 1800 4761; x_wconf 91' lang='lat' dir='ltr'><strong>ut</strong></span> <span class='ocrx_word' id='word_1_780' title='bbox 1840 4708 2095 4764; x_wconf 86' lang='lat' dir='ltr'><strong>ostende-</strong></span> 
     </span>
    </p>
   </div>
   <div class='ocr_carea' id='block_1_98' title="bbox 519 4797 2099 4868">
    <p class='ocr_par' dir='ltr' id='par_1_98' title="bbox 519 4797 2099 4868">
     <span class='ocr_line' id='line_1_98' title="bbox 519 4797 2099 4868; baseline -0.002 -13"><span class='ocrx_word' id='word_1_781' title='bbox 519 4812 643 4855; x_wconf 90' lang='lat' dir='ltr'><strong>rent</strong></span> <span class='ocrx_word' id='word_1_782' title='bbox 695 4800 983 4855; x_wconf 82' lang='lat' dir='ltr'><strong>Dominutn</strong></span> <span class='ocrx_word' id='word_1_783' title='bbox 1031 4807 1285 4854; x_wconf 89' lang='lat' dir='ltr'><strong>nostrum</strong></span> <span class='ocrx_word' id='word_1_784' title='bbox 1328 4797 1515 4853; x_wconf 71' lang='lat' dir='ltr'><strong>Iesum</strong></span> <span class='ocrx_word' id='word_1_785' title='bbox 1559 4798 1839 4853; x_wconf 86' lang='lat' dir='ltr'><strong>Christum</strong></span> <span class='ocrx_word' id='word_1_786' title='bbox 1883 4805 2099 4868; x_wconf 84' lang='lat' dir='ltr'><strong>tempus</strong></span> 
     </span>
    </p>
   </div>
   <div class='ocr_carea' id='block_1_99' title="bbox 520 4888 2098 4963">
    <p class='ocr_par' dir='ltr' id='par_1_99' title="bbox 520 4888 2098 4963">
     <span class='ocr_line' id='line_1_99' title="bbox 520 4888 2098 4963; baseline 0.002 -20"><span class='ocrx_word' id='word_1_787' title='bbox 520 4893 793 4960; x_wconf 78' lang='lat' dir='ltr'><strong>passionis</strong></span> <span class='ocrx_word' id='word_1_788' title='bbox 834 4892 1120 4963; x_wconf 61' lang='lat' dir='ltr'><strong>praescisse</strong></span> <span class='ocrx_word' id='word_1_789' title='bbox 1152 4935 1166 4957; x_wconf 91' lang='lat'><strong>,</strong></span> <span class='ocrx_word' id='word_1_790' title='bbox 1215 4906 1281 4945; x_wconf 89' lang='lat' dir='ltr'><strong>ne</strong></span> <span class='ocrx_word' id='word_1_791' title='bbox 1331 4890 1454 4960; x_wconf 88' lang='lat' dir='ltr'><strong>quis</strong></span> <span class='ocrx_word' id='word_1_792' title='bbox 1498 4888 1788 4943; x_wconf 63' lang='lat' dir='ltr'><strong>haereticus</strong></span> <span class='ocrx_word' id='word_1_793' title='bbox 1833 4890 2098 4946; x_wconf 87' lang='lat' dir='ltr'><strong>adversus</strong></span> 
     </span>
    </p>
   </div>
   <div class='ocr_carea' id='block_1_100' title="bbox 519 4978 2094 5053">
    <p class='ocr_par' dir='ltr' id='par_1_100' title="bbox 519 4978 2094 5053">
     <span class='ocr_line' id='line_1_100' title="bbox 519 4978 2094 5053; baseline -0.001 -16"><span class='ocrx_word' id='word_1_794' title='bbox 519 4985 636 5050; x_wconf 86' lang='lat' dir='ltr'><strong>ejus</strong></span> <span class='ocrx_word' id='word_1_795' title='bbox 686 4984 914 5053; x_wconf 77' lang='lat' dir='ltr'><strong>gloriam</strong></span> <span class='ocrx_word' id='word_1_796' title='bbox 965 4984 1316 5051; x_wconf 86' lang='lat' dir='ltr'><strong>insurgeret,</strong></span> <span class='ocrx_word' id='word_1_797' title='bbox 1374 4978 1565 5034; x_wconf 90' lang='lat' dir='ltr'><strong>dicens</strong></span> <span class='ocrx_word' id='word_1_798' title='bbox 1617 4995 1725 5049; x_wconf 66' lang='lat' dir='ltr'><strong>prae</strong></span> <span class='ocrx_word' id='word_1_799' title='bbox 1776 4981 2094 5036; x_wconf 88' lang='lat' dir='ltr'><strong>intirmitatc</strong></span> 
     </span>
    </p>
   </div>
   <div class='ocr_carea' id='block_1_101' title="bbox 519 5069 2089 5142">
    <p class='ocr_par' dir='ltr' id='par_1_101' title="bbox 519 5069 2089 5142">
     <span class='ocr_line' id='line_1_101' title="bbox 519 5069 2089 5142; baseline 0 -17"><span class='ocrx_word' id='word_1_800' title='bbox 519 5082 735 5142; x_wconf 83' lang='lat' dir='ltr'><strong>captum</strong></span> <span class='ocrx_word' id='word_1_801' title='bbox 769 5072 956 5137; x_wconf 80' lang='lat' dir='ltr'><strong>fuisse,</strong></span> <span class='ocrx_word' id='word_1_802' title='bbox 982 5081 1036 5128; x_wconf 86' lang='lat' dir='ltr'><strong>et</strong></span> <span class='ocrx_word' id='word_1_803' title='bbox 1059 5086 1182 5126; x_wconf 88' lang='lat' dir='ltr'><strong>cum</strong></span> <span class='ocrx_word' id='word_1_804' title='bbox 1216 5070 1420 5124; x_wconf 81' lang='lat' dir='ltr'><strong>invitus</strong></span> <span class='ocrx_word' id='word_1_805' title='bbox 1444 5069 1497 5123; x_wconf 89' lang='lat' dir='ltr'><strong>in</strong></span> <span class='ocrx_word' id='word_1_806' title='bbox 1531 5070 1754 5139; x_wconf 87' lang='lat' dir='ltr'><strong>laqueos</strong></span> <span class='ocrx_word' id='word_1_807' title='bbox 1774 5070 2089 5125; x_wconf 74' lang='lat' dir='ltr'><strong>Judazorum</strong></span> 
     </span>
    </p>
   </div>
   <div class='ocr_carea' id='block_1_102' title="bbox 522 5162 2093 5231">
    <p class='ocr_par' dir='ltr' id='par_1_102' title="bbox 522 5162 2093 5231">
     <span class='ocr_line' id='line_1_102' title="bbox 522 5162 2093 5231; baseline 0 -13"><span class='ocrx_word' id='word_1_808' title='bbox 522 5166 822 5231; x_wconf 87' lang='lat' dir='ltr'><strong>incidisset,</strong></span> <span class='ocrx_word' id='word_1_809' title='bbox 859 5162 1300 5221; x_wconf 86' lang='lat' dir='ltr'><strong>crudelissimam</strong></span> <span class='ocrx_word' id='word_1_810' title='bbox 1332 5169 1559 5216; x_wconf 87' lang='lat' dir='ltr'><strong>mortem</strong></span> <span class='ocrx_word' id='word_1_811' title='bbox 1591 5164 1899 5231; x_wconf 86' lang='lat' dir='ltr'><strong>pertulisse.</strong></span> <span class='ocrx_word' id='word_1_812' title='bbox 1930 5162 2093 5219; x_wconf 87' lang='lat' dir='ltr'><strong>Utilis</strong></span> 
     </span>
    </p>
   </div>
   <div class='ocr_carea' id='block_1_103' title="bbox 520 5252 2090 5325">
    <p class='ocr_par' dir='ltr' id='par_1_103' title="bbox 520 5252 2090 5325">
     <span class='ocr_line' id='line_1_103' title="bbox 520 5252 2090 5325; baseline 0 -16"><span class='ocrx_word' id='word_1_813' title='bbox 520 5270 651 5325; x_wconf 82' lang='lat' dir='ltr'><strong>ergo</strong></span> <span class='ocrx_word' id='word_1_814' title='bbox 707 5265 759 5309; x_wconf 89' lang='lat' dir='ltr'><strong>et</strong></span> <span class='ocrx_word' id='word_1_815' title='bbox 814 5255 883 5312; x_wconf 85' lang='lat' dir='ltr'><strong>ad</strong></span> <span class='ocrx_word' id='word_1_816' title='bbox 910 5252 1376 5323; x_wconf 83' lang='lat' dir='ltr'><strong>dispensationem</strong></span> <span class='ocrx_word' id='word_1_817' title='bbox 1431 5253 1712 5322; x_wconf 87' lang='lat' dir='ltr'><strong>pertinens</strong></span> <span class='ocrx_word' id='word_1_818' title='bbox 1771 5265 2090 5312; x_wconf 87' lang='lat' dir='ltr'><strong>sanctorum</strong></span> 
     </span>
    </p>
   </div>
   <div class='ocr_carea' id='block_1_104' title="bbox 521 5360 726 5404">
    <p class='ocr_par' dir='ltr' id='par_1_104' title="bbox 521 5360 726 5404">
     <span class='ocr_line' id='line_1_104' title="bbox 521 5360 726 5404; baseline 0.01 -2"><span class='ocrx_word' id='word_1_819' title='bbox 521 5360 726 5404; x_wconf 72' lang='grc' dir='ltr'><strong>881³111οο</strong></span> 
     </span>
    </p>
   </div>
   <div class='ocr_carea' id='block_1_105' title="bbox 594 5513 2082 5587">
    <p class='ocr_par' dir='ltr' id='par_1_105' title="bbox 594 5513 2082 5587">
     <span class='ocr_line' id='line_1_105' title="bbox 594 5513 2082 5587; baseline -0.003 -14"><span class='ocrx_word' id='word_1_820' title='bbox 594 5517 738 5584; x_wconf 69' lang='lat' dir='ltr'>XIII,</span> <span class='ocrx_word' id='word_1_821' title='bbox 768 5513 891 5571; x_wconf 66' lang='lat'><strong>2-5.</strong></span> <span class='ocrx_word' id='word_1_822' title='bbox 938 5513 1003 5569; x_wconf 79' lang='lat' dir='ltr'><strong>Et</strong></span> <span class='ocrx_word' id='word_1_823' title='bbox 1038 5531 1182 5569; x_wconf 71' lang='lat' dir='ltr'><strong>caena</strong></span> <span class='ocrx_word' id='word_1_824' title='bbox 1210 5515 1386 5585; x_wconf 80' lang='lat' dir='ltr'><strong>facta,</strong></span> <span class='ocrx_word' id='word_1_825' title='bbox 1425 5533 1541 5572; x_wconf 82' lang='lat' dir='ltr'><strong>cum</strong></span> <span class='ocrx_word' id='word_1_826' title='bbox 1571 5518 1815 5574; x_wconf 78' lang='lat' dir='ltr'><strong>diabolus</strong></span> <span class='ocrx_word' id='word_1_827' title='bbox 1840 5518 1952 5587; x_wconf 79' lang='lat' dir='ltr'><strong>jam</strong></span> <span class='ocrx_word' id='word_1_828' title='bbox 1994 5519 2082 5571; x_wconf 81' lang='lat' dir='ltr'><strong>im-</strong></span> 
     </span>
    </p>
   </div>
   <div class='ocr_carea' id='block_1_106' title="bbox 597 5697 2028 5774">
    <p class='ocr_par' dir='ltr' id='par_1_106' title="bbox 597 5697 2028 5774">
     <span class='ocr_line' id='line_1_106' title="bbox 597 5697 2028 5774; baseline 0.001 -21"><span class='ocrx_word' id='word_1_829' title='bbox 597 5700 641 5731; x_wconf 80' lang='lat'>“</span> <span class='ocrx_word' id='word_1_830' title='bbox 678 5697 843 5760; x_wconf 84' lang='lat' dir='ltr'><strong>Hebr.</strong></span> <span class='ocrx_word' id='word_1_831' title='bbox 878 5717 941 5769; x_wconf 85' lang='lat' dir='ltr'><strong>tt,</strong></span> <span class='ocrx_word' id='word_1_832' title='bbox 979 5701 1065 5757; x_wconf 78' lang='grc'><strong>16.</strong></span> <span class='ocrx_word' id='word_1_833' title='bbox 1144 5701 1188 5734; x_wconf 84' lang='grc'><strong>⁶⁹</strong></span> <span class='ocrx_word' id='word_1_834' title='bbox 1227 5698 1464 5774; x_wconf 84' lang='lat' dir='ltr'><strong>Philipp.</strong></span> <span class='ocrx_word' id='word_1_835' title='bbox 1500 5719 1556 5770; x_wconf 89' lang='grc' dir='ltr'><strong>ιι,</strong></span> <span class='ocrx_word' id='word_1_836' title='bbox 1593 5702 1644 5757; x_wconf 86' lang='grc'>6.</span> <span class='ocrx_word' id='word_1_837' title='bbox 1720 5703 1766 5735; x_wconf 78' lang='grc'><strong>⁷⁰</strong></span> <span class='ocrx_word' id='word_1_838' title='bbox 1809 5701 1944 5758; x_wconf 87' lang='lat' dir='ltr'><strong>ibid.</strong></span> <span class='ocrx_word' id='word_1_839' title='bbox 1978 5700 2028 5755; x_wconf 82' lang='lat'><strong>7.</strong></span> 
     </span>
    </p>
   </div>
   <div class='ocr_carea' id='block_1_107' title="bbox 2193 4616 3777 4689">
    <p class='ocr_par' dir='ltr' id='par_1_107' title="bbox 2193 4616 3777 4689">
     <span class='ocr_line' id='line_1_107' title="bbox 2193 4616 3777 4689; baseline 0.002 -19"><span class='ocrx_word' id='word_1_840' title='bbox 2193 4616 2368 4680; x_wconf 79' lang='grc' dir='ltr'>οὐδεὶς</span> <span class='ocrx_word' id='word_1_841' title='bbox 2439 4616 2569 4687; x_wconf 75' lang='grc' dir='ltr'>ἔχει,</span> <span class='ocrx_word' id='word_1_842' title='bbox 2606 4619 2692 4670; x_wconf 84' lang='grc' dir='ltr'>ἵνα</span> <span class='ocrx_word' id='word_1_843' title='bbox 2730 4636 2811 4680; x_wconf 84' lang='grc' dir='ltr'><strong>τις</strong></span> <span class='ocrx_word' id='word_1_844' title='bbox 2842 4617 2940 4688; x_wconf 77' lang='grc' dir='ltr'><strong>τὴν</strong></span> <span class='ocrx_word' id='word_1_845' title='bbox 2965 4618 3144 4688; x_wconf 73' lang='grc' dir='ltr'>ψυχὴν</span> <span class='ocrx_word' id='word_1_846' title='bbox 3183 4619 3355 4672; x_wconf 86' lang='grc' dir='ltr'>αὑτοῦ</span> <span class='ocrx_word' id='word_1_847' title='bbox 3395 4618 3460 4689; x_wconf 81' lang='grc' dir='ltr'>θῇ</span> <span class='ocrx_word' id='word_1_848' title='bbox 3501 4620 3641 4689; x_wconf 80' lang='grc' dir='ltr'>ὑπὲρ</span> <span class='ocrx_word' id='word_1_849' title='bbox 3668 4621 3777 4674; x_wconf 83' lang='grc' dir='ltr'>τῶν</span> 
     </span>
    </p>
   </div>
   <div class='ocr_carea' id='block_1_108' title="bbox 2195 4706 3777 4778">
    <p class='ocr_par' dir='ltr' id='par_1_108' title="bbox 2195 4706 3777 4778">
     <span class='ocr_line' id='line_1_108' title="bbox 2195 4706 3777 4778; baseline 0.003 -21"><span class='ocrx_word' id='word_1_850' title='bbox 2195 4706 2364 4773; x_wconf 70' lang='grc' dir='ltr'>φίλων</span> <span class='ocrx_word' id='word_1_851' title='bbox 2384 4706 2568 4761; x_wconf 90' lang='grc' dir='ltr'>αὑτοῦ.</span> <span class='ocrx_word' id='word_1_852' title='bbox 2601 4725 2619 4758; x_wconf 71' lang='grc' dir='ltr'><strong>ι</strong></span> <span class='ocrx_word' id='word_1_853' title='bbox 2657 4708 2767 4759; x_wconf 80' lang='grc' dir='ltr'><strong>Καὶ</strong></span> <span class='ocrx_word' id='word_1_854' title='bbox 2814 4707 2937 4760; x_wconf 77' lang='grc' dir='ltr'>καθ’</span> <span class='ocrx_word' id='word_1_855' title='bbox 2978 4709 3163 4778; x_wconf 73' lang='grc' dir='ltr'>ἕτερον</span> <span class='ocrx_word' id='word_1_856' title='bbox 3207 4707 3263 4760; x_wconf 85' lang='grc' dir='ltr'>δὲ</span> <span class='ocrx_word' id='word_1_857' title='bbox 3294 4708 3493 4778; x_wconf 81' lang='grc' dir='ltr'>τρόπον</span> <span class='ocrx_word' id='word_1_858' title='bbox 3528 4709 3615 4761; x_wconf 88' lang='grc' dir='ltr'><strong>ἀεί</strong></span> <span class='ocrx_word' id='word_1_859' title='bbox 3659 4709 3777 4773; x_wconf 83' lang='grc' dir='ltr'>πώς</span> 
     </span>
    </p>
   </div>
   <div class='ocr_carea' id='block_1_109' title="bbox 2194 4796 3837 4867">
    <p class='ocr_par' dir='ltr' id='par_1_109' title="bbox 2194 4796 3837 4867">
     <span class='ocr_line' id='line_1_109' title="bbox 2194 4796 3837 4867; baseline 0.005 -20"><span class='ocrx_word' id='word_1_860' title='bbox 2194 4796 2307 4848; x_wconf 89' lang='grc' dir='ltr'>ἐστι</span> <span class='ocrx_word' id='word_1_861' title='bbox 2334 4796 2421 4849; x_wconf 81' lang='grc' dir='ltr'>διὰ</span> <span class='ocrx_word' id='word_1_862' title='bbox 2453 4798 2691 4866; x_wconf 82' lang='grc' dir='ltr'>σπουδῆς</span> <span class='ocrx_word' id='word_1_863' title='bbox 2726 4799 2949 4865; x_wconf 79' lang='grc' dir='ltr'>γεγονὸς</span> <span class='ocrx_word' id='word_1_864' title='bbox 2978 4802 3089 4861; x_wconf 84' lang='grc' dir='ltr'>τοῖς</span> <span class='ocrx_word' id='word_1_865' title='bbox 3119 4799 3292 4867; x_wconf 81' lang='grc' dir='ltr'>ἁγίοις</span> <span class='ocrx_word' id='word_1_866' title='bbox 3338 4799 3774 4867; x_wconf 84' lang='grc' dir='ltr'>εὑαγγελισταῖς.</span> <span class='ocrx_word' id='word_1_867' title='bbox 3830 4796 3837 4804; x_wconf 72' lang='grc'><strong>’</strong></span> 
     </span>
    </p>
   </div>
   <div class='ocr_carea' id='block_1_110' title="bbox 2199 4887 3826 4960">
    <p class='ocr_par' dir='ltr' id='par_1_110' title="bbox 2199 4887 3826 4960">
     <span class='ocr_line' id='line_1_110' title="bbox 2199 4887 3826 4960; baseline 0.003 -22"><span class='ocrx_word' id='word_1_868' title='bbox 2199 4887 2482 4957; x_wconf 82' lang='grc' dir='ltr'>προειδότα</span> <span class='ocrx_word' id='word_1_869' title='bbox 2537 4887 2804 4942; x_wconf 85' lang='grc' dir='ltr'>δεικνύειν</span> <span class='ocrx_word' id='word_1_870' title='bbox 2834 4890 2925 4941; x_wconf 83' lang='grc' dir='ltr'>τὸν</span> <span class='ocrx_word' id='word_1_871' title='bbox 2962 4890 3057 4942; x_wconf 94' lang='grc' dir='ltr'><strong>τοῦ</strong></span> <span class='ocrx_word' id='word_1_872' title='bbox 3090 4891 3294 4953; x_wconf 90' lang='grc' dir='ltr'>πάθους</span> <span class='ocrx_word' id='word_1_873' title='bbox 3324 4890 3513 4960; x_wconf 82' lang='grc' dir='ltr'>καιρὸν</span> <span class='ocrx_word' id='word_1_874' title='bbox 3548 4890 3638 4943; x_wconf 72' lang='grc' dir='ltr'>τὸν</span> <span class='ocrx_word' id='word_1_875' title='bbox 3665 4890 3773 4943; x_wconf 82' lang='grc' dir='ltr'><strong>Κύ-</strong></span> <span class='ocrx_word' id='word_1_876' title='bbox 3820 4915 3826 4920; x_wconf 94' lang='grc'><strong>·</strong></span> 
     </span>
    </p>
   </div>
   <div class='ocr_carea' id='block_1_111' title="bbox 2203 4966 3770 5050">
    <p class='ocr_par' dir='ltr' id='par_1_111' title="bbox 2203 4966 3770 5050">
     <span class='ocr_line' id='line_1_111' title="bbox 2203 4966 3770 5050; baseline 0.001 -20"><span class='ocrx_word' id='word_1_877' title='bbox 2203 4994 2316 5048; x_wconf 88' lang='grc' dir='ltr'>ριον</span> <span class='ocrx_word' id='word_1_878' title='bbox 2347 4978 2502 5047; x_wconf 81' lang='grc' dir='ltr'>ἡμῶν</span> <span class='ocrx_word' id='word_1_879' title='bbox 2537 4978 2744 5048; x_wconf 75' lang='grc' dir='ltr'>Ἰησοῦν</span> <span class='ocrx_word' id='word_1_880' title='bbox 2768 4980 2858 5031; x_wconf 83' lang='grc' dir='ltr'><strong>τὸν</strong></span> <span class='ocrx_word' id='word_1_881' title='bbox 2888 4980 3122 5049; x_wconf 85' lang='grc' dir='ltr'>Χριστόν</span> <span class='ocrx_word' id='word_1_882' title='bbox 3143 4997 3154 5009; x_wconf 92' lang='grc'>·</span> <span class='ocrx_word' id='word_1_883' title='bbox 3189 4981 3274 5033; x_wconf 80' lang='grc' dir='ltr'>ἵνα</span> <span class='ocrx_word' id='word_1_884' title='bbox 3307 4983 3381 5050; x_wconf 85' lang='grc' dir='ltr'>μή</span> <span class='ocrx_word' id='word_1_885' title='bbox 3413 4998 3493 5042; x_wconf 81' lang='grc' dir='ltr'><strong>τις</strong></span> <span class='ocrx_word' id='word_1_886' title='bbox 3520 4980 3629 5033; x_wconf 83' lang='grc' dir='ltr'><strong>τῶν</strong></span> <span class='ocrx_word' id='word_1_887' title='bbox 3657 4966 3770 5033; x_wconf 69' lang='grc' dir='ltr'>ἐτε-</span> 
     </span>
    </p>
   </div>
   <div class='ocr_carea' id='block_1_112' title="bbox 2206 5066 3826 5139">
    <p class='ocr_par' dir='ltr' id='par_1_112' title="bbox 2206 5066 3826 5139">
     <span class='ocr_line' id='line_1_112' title="bbox 2206 5066 3826 5139; baseline 0.002 -21"><span class='ocrx_word' id='word_1_888' title='bbox 2206 5066 2435 5135; x_wconf 81' lang='grc' dir='ltr'>ροδοξεῖν</span> <span class='ocrx_word' id='word_1_889' title='bbox 2497 5067 2764 5120; x_wconf 84' lang='grc' dir='ltr'>εἰωθότων</span> <span class='ocrx_word' id='word_1_890' title='bbox 2817 5069 2913 5138; x_wconf 87' lang='grc' dir='ltr'><strong>τῆς</strong></span> <span class='ocrx_word' id='word_1_891' title='bbox 2947 5069 3097 5132; x_wconf 87' lang='grc' dir='ltr'>θείας</span> <span class='ocrx_word' id='word_1_892' title='bbox 3137 5069 3303 5123; x_wconf 78' lang='grc' dir='ltr'>αὑτοῦ</span> <span class='ocrx_word' id='word_1_893' title='bbox 3334 5069 3490 5139; x_wconf 79' lang='grc' dir='ltr'>δόξης</span> <span class='ocrx_word' id='word_1_894' title='bbox 3514 5070 3773 5123; x_wconf 84' lang='grc' dir='ltr'>κατεπαί-</span> <span class='ocrx_word' id='word_1_895' title='bbox 3818 5073 3826 5086; x_wconf 86' lang='grc'><strong><em>⁸</em></strong></span> 
     </span>
    </p>
   </div>
   <div class='ocr_carea' id='block_1_113' title="bbox 2204 5158 3776 5231">
    <p class='ocr_par' dir='ltr' id='par_1_113' title="bbox 2204 5158 3776 5231">
     <span class='ocr_line' id='line_1_113' title="bbox 2204 5158 3776 5231; baseline 0.002 -22"><span class='ocrx_word' id='word_1_896' title='bbox 2204 5174 2385 5228; x_wconf 88' lang='grc' dir='ltr'>ρηται,</span> <span class='ocrx_word' id='word_1_897' title='bbox 2421 5158 2616 5226; x_wconf 83' lang='grc' dir='ltr'>λέγων,</span> <span class='ocrx_word' id='word_1_898' title='bbox 2658 5159 2733 5222; x_wconf 71' lang='grc' dir='ltr'>ὥς</span> <span class='ocrx_word' id='word_1_899' title='bbox 2763 5159 2879 5229; x_wconf 81' lang='grc' dir='ltr'><strong>ῆλω</strong></span> <span class='ocrx_word' id='word_1_900' title='bbox 2910 5160 3008 5229; x_wconf 88' lang='grc' dir='ltr'><strong>μέν</strong></span> <span class='ocrx_word' id='word_1_901' title='bbox 3038 5161 3105 5213; x_wconf 59' lang='grc' dir='ltr'><em>δέ</em></span> <span class='ocrx_word' id='word_1_902' title='bbox 3136 5161 3442 5224; x_wconf 80' lang='grc' dir='ltr'>ἀσθένειαν,</span> <span class='ocrx_word' id='word_1_903' title='bbox 3478 5161 3691 5231; x_wconf 80' lang='grc' dir='ltr'>βρόχοις</span> <span class='ocrx_word' id='word_1_904' title='bbox 3720 5161 3776 5212; x_wconf 72' lang='grc' dir='ltr'>δὲ</span> 
     </span>
    </p>
   </div>
   <div class='ocr_carea' id='block_1_114' title="bbox 2200 5247 3778 5321">
    <p class='ocr_par' dir='ltr' id='par_1_114' title="bbox 2200 5247 3778 5321">
     <span class='ocr_line' id='line_1_114' title="bbox 2200 5247 3778 5321; baseline 0.004 -22"><span class='ocrx_word' id='word_1_905' title='bbox 2200 5250 2311 5311; x_wconf 74' lang='grc' dir='ltr'>τοῖς</span> <span class='ocrx_word' id='word_1_906' title='bbox 2363 5247 2631 5302; x_wconf 83' lang='grc' dir='ltr'>Ἰουδαίων</span> <span class='ocrx_word' id='word_1_907' title='bbox 2689 5248 3023 5320; x_wconf 80' lang='grc' dir='ltr'>ἀνεθελήτως</span> <span class='ocrx_word' id='word_1_908' title='bbox 3066 5251 3399 5321; x_wconf 86' lang='grc' dir='ltr'>περιπεσὼν,</span> <span class='ocrx_word' id='word_1_909' title='bbox 3466 5252 3555 5304; x_wconf 69' lang='grc' dir='ltr'>τὸν</span> <span class='ocrx_word' id='word_1_910' title='bbox 3633 5251 3778 5305; x_wconf 74' lang='grc' dir='ltr'>οὕτω</span> 
     </span>
    </p>
   </div>
   <div class='ocr_carea' id='block_1_115' title="bbox 2194 5336 3777 5417">
    <p class='ocr_par' dir='ltr' id='par_1_115' title="bbox 2194 5336 3777 5417">
     <span class='ocr_line' id='line_1_115' title="bbox 2194 5336 3777 5417; baseline 0.005 -27"><span class='ocrx_word' id='word_1_911' title='bbox 2194 5336 2485 5405; x_wconf 30' lang='grc' dir='ltr'>,πάνδεινον</span> <span class='ocrx_word' id='word_1_912' title='bbox 2518 5340 2725 5412; x_wconf 82' lang='grc' dir='ltr'>ὑπέστη</span> <span class='ocrx_word' id='word_1_913' title='bbox 2784 5339 3027 5397; x_wconf 85' lang='grc' dir='ltr'>θάνατον.</span> <span class='ocrx_word' id='word_1_914' title='bbox 3081 5345 3433 5412; x_wconf 72' lang='grc' dir='ltr'>Οἰκονομικὸς</span> <span class='ocrx_word' id='word_1_915' title='bbox 3490 5345 3777 5417; x_wconf 84' lang='grc' dir='ltr'>τοιγαροῦν</span> 
     </span>
    </p>
   </div>
   <div class='ocr_carea' id='block_1_116' title="bbox 2203 5430 3195 5502">
    <p class='ocr_par' dir='ltr' id='par_1_116' title="bbox 2203 5430 3195 5502">
     <span class='ocr_line' id='line_1_116' title="bbox 2203 5430 3195 5502; baseline 0.006 -19"><span class='ocrx_word' id='word_1_916' title='bbox 2203 5432 2298 5483; x_wconf 76' lang='grc' dir='ltr'><strong>καὶ</strong></span> <span class='ocrx_word' id='word_1_917' title='bbox 2328 5430 2602 5502; x_wconf 83' lang='grc' dir='ltr'>ὠφέλιμος</span> <span class='ocrx_word' id='word_1_918' title='bbox 2628 5433 2736 5488; x_wconf 82' lang='grc' dir='ltr'><strong>τῶν</strong></span> <span class='ocrx_word' id='word_1_919' title='bbox 2766 5435 2937 5502; x_wconf 82' lang='grc' dir='ltr'>ἁγίων</span> <span class='ocrx_word' id='word_1_920' title='bbox 2959 5438 2986 5487; x_wconf 90' lang='grc' dir='ltr'>ὁ</span> <span class='ocrx_word' id='word_1_921' title='bbox 3018 5434 3195 5502; x_wconf 85' lang='grc' dir='ltr'>λόγος.</span> 
     </span>
    </p>
   </div>
   <div class='ocr_carea' id='block_1_117' title="bbox 2275 5517 3770 5593">
    <p class='ocr_par' dir='ltr' id='par_1_117' title="bbox 2275 5517 3770 5593">
     <span class='ocr_line' id='line_1_117' title="bbox 2275 5517 3770 5593; baseline 0.005 -21"><span class='ocrx_word' id='word_1_922' title='bbox 2275 5517 2386 5572; x_wconf 78' lang='grc' dir='ltr'><strong>Καὶ</strong></span> <span class='ocrx_word' id='word_1_923' title='bbox 2419 5518 2670 5574; x_wconf 74' lang='grc' dir='ltr'>δείπνου</span> <span class='ocrx_word' id='word_1_924' title='bbox 2692 5521 3018 5592; x_wconf 71' lang='grc' dir='ltr'>γενομένου</span> <span class='ocrx_word' id='word_1_925' title='bbox 3042 5562 3057 5587; x_wconf 89' lang='grc'><strong>,</strong></span> <span class='ocrx_word' id='word_1_926' title='bbox 3091 5522 3197 5576; x_wconf 82' lang='grc' dir='ltr'><strong>τοῦ</strong></span> <span class='ocrx_word' id='word_1_927' title='bbox 3228 5522 3511 5581; x_wconf 67' lang='grc' dir='ltr'>διαϐόλου</span> <span class='ocrx_word' id='word_1_928' title='bbox 3544 5522 3770 5593; x_wconf 75' lang='grc' dir='ltr'>ἤδηβε-</span> 
     </span>
    </p>
   </div>
   <div class='ocr_carea' id='block_1_118' title="bbox 2109 5697 2724 5767">
    <p class='ocr_par' dir='ltr' id='par_1_118' title="bbox 2109 5697 2724 5767">
     <span class='ocr_line' id='line_1_118' title="bbox 2109 5697 2724 5767; baseline 0.003 -14"><span class='ocrx_word' id='word_1_929' title='bbox 2109 5701 2148 5731; x_wconf 78' lang='grc'>⁷⁸</span> <span class='ocrx_word' id='word_1_930' title='bbox 2192 5697 2354 5754; x_wconf 86' lang='lat' dir='ltr'><strong>Jnan.</strong></span> <span class='ocrx_word' id='word_1_931' title='bbox 2390 5717 2478 5767; x_wconf 81' lang='lat' dir='ltr'><strong>xv,</strong></span> <span class='ocrx_word' id='word_1_932' title='bbox 2522 5703 2603 5763; x_wconf 81' lang='lat' dir='ltr'><strong>I5,</strong></span> <span class='ocrx_word' id='word_1_933' title='bbox 2641 5705 2724 5759; x_wconf 71' lang='grc' dir='ltr'>Η.</span> 
     </span>
    </p>
   </div>
  </div>
