4104 6434
341 407 455 465 H3

1398 412 1463 468 ΙΝ
1502 412 1789 469 JOANNIS
1829 411 2282 473 EVANGELIUM
2328 417 2458 475 LIB.
2503 418 2592 475 IX.

3504 424 3603 478 114

338 525 637 593 ᾶιηκότος
705 528 794 593 εὶς
850 527 964 594 τὴν
1008 527 1259 596 καρδίαν
1301 529 1486 585 Ἰούδα
1522 531 1782 597 Σίμωνος
1822 529 1916 584 τοί

2033 534 2260 588 misisset
2295 534 2348 587 in
2378 550 2468 587 cor
2502 542 2557 586 ut
2587 535 2816 591 (raderet
2840 551 2959 589 ειιιιι
2988 534 3162 589 ludas
3190 535 3418 592 Simonis
3452 537 3601 592 Iaca-

348 616 747 684 Ἰσκαριώτου,
823 619 923 672 ἵνα
967 620 1210 687 παραδῴ
1255 620 1475 688 αὐτὸν,
1529 623 1700 688 εἰδὼς
1747 627 1779 676 ὁ
1820 625 1923 691 Ἰη-

336 708 494 774 σοῦς
547 708 638 762 ὅτι
701 708 902 764 πάντα
956 711 1178 765 ἔδωκεν
1201 712 1361 778 αὑτῷ
1390 716 1422 761 ὁ
1454 714 1653 784 Πατὴρ
1703 720 1792 782 εις
1817 717 1922 783 τὰς

334 797 567 866 χεῖρας,
602 800 703 852 καὶ
746 799 835 853 ὅτι
876 801 995 856 ἀπὸ
1038 803 1184 855 Θεοῦ
1221 802 1457 870 ἐξῆλθε,
1503 807 1597 859 καὶ
1637 808 1788 874 πρικς
1816 809 1923 860 τὸν

334 890 491 942 Θεὲν
539 891 775 961 ὑπάγει,
818 892 1101 962 ἐγείρεται
1131 896 1199 948 ἐκ
1249 895 1352 949 τοῦ
1392 896 1661 960 δείπνου,
1697 900 1793 951 καὶ
1834 901 1919 952 τί-

293 964 479 1047 ῗθιισι
524 982 597 1035 τὰ
659 982 889 1052 ἱμάτια·
941 986 1039 1038 καὶ
1085 986 1288 1040 λαϐὼν
1332 988 1594 1052 λέντιον,
1641 988 1921 1051 διέζωσεν

329 1070 576 1123 ἑαυτόν.
608 1068 751 1125 Εἶτα
806 1073 1029 1136 ﬁdite:
1076 1075 1231 1144 ὕδωρ
1251 1079 1337 1141 είς
1361 1076 1467 1131 τὸν
1503 1079 1784 1147 νιπτῆρα,
1820 1080 1920 1133 καὶ

330 1160 562 1227 ἤρξατο
608 1165 845 1215 νίπτειν
894 1165 1035 1231 τοὺς
1089 1166 1280 1231 πόδας
1330 1166 1446 1220 τῶν
1477 1168 1780 1236 μαθητῶν,
1819 1172 1917 1225 καί

326 1252 671 1321 ἐκμάσσειν
691 1253 773 1319 τῷ
798 1257 1014 1320 λεντίῳ
1033 1255 1078 1322 ᾦ
1106 1254 1180 1328 ἦν
1216 1258 1626 1328 διεζωσμένος.

408 1343 741 1423 Πρόῤῥιζον.
769 1349 799 1399 ό
856 1347 1046 1419 Σωτὴρ
1080 1351 1143 1403 ἐκ
1188 1349 1294 1402 τῶν
1320 1351 1605 1422 ἡμετέρων
1646 1353 1916 1419 διανοιῶν,

322 1432 403 1496 ὡς
436 1436 765 1504 νοσημάτων
791 1437 1089 1516 αἴσχιστον,
1119 1441 1212 1493 καὶ
1241 1441 1337 1510 τῆς
1367 1442 1626 1495 ἀπάντων
1656 1443 1918 1498 ἀνωτάτω

324 1523 616 1595 βδελυρίας
664 1526 835 1591 ἀξιον,
873 1531 1238 1602 καταστρέφει
1270 1534 1369 1602 τὴν
1432 1533 1755 1604 ὑπεροψίαν.
1793 1532 1917 1588 Οἷδε

323 1615 439 1686 γὰρ
465 1615 640 1680 οὕτως
668 1618 820 1671 οὐδὲν
842 1620 1049 1674 ἀδικεῖν
1075 1622 1269 1686 εἰωθὸς
1297 1623 1394 1694 τὴν
1416 1623 1709 1693 ἀνθρώπου
1739 1625 1919 1697 ψυχὴν

319 1705 581 1770 ὡςτοῦτο
624 1708 861 1780 μάλιστα
890 1712 951 1764 τὸ
982 1713 1179 1784 μιαρὸν
1210 1715 1301 1768 καὶ
1339 1715 1686 1769 ἀπόπτυστον
1726 1718 1915 1781 πάθος,

318 1791 369 1867 ᾧ
400 1801 497 1852 καὶ
519 1800 681 1864 αὐτὸς
712 1802 742 1855 ὁ
784 1802 1004 1857 πάντων
1054 1806 1352 1872 Δεσπότης,
1382 1806 1457 1871 ὠς
1494 1809 1549 1860 ὲν
1578 1809 1727 1874 τάξει
1757 1810 1916 1862 πολε-

1982 656 1995 675 κ
2029 626 2187 678 riotes
2210 667 2224 686 ,
2276 627 2445 678 sciens
2482 624 2642 680 Iesus
2676 626 2801 695 quia
2847 628 3026 682 omnia
3067 626 3212 682 dedit
3260 628 3308 681 ei
3342 628 3507 684 Pater
3547 632 3602 683 in

2026 733 2233 775 manus.
2266 727 2315 771 et
2344 717 2466 787 quia
2503 734 2534 771 a
2565 715 2671 771 Deo
2696 719 2856 772 exivit
2891 727 2939 774 et
2973 720 3041 773 ad
3078 720 3243 774 Deum
3273 720 3446 787 vadit,
3478 710 3617 775 stt-ri

2020 810 2093 877 git
2130 826 2161 861 α
2194 825 2337 862 urna
2366 850 2379 870 ,
2425 819 2474 865 et
2507 811 2652 875 ponit
2697 811 3005 866 vestimenta
3037 828 3136 866 sua
3174 828 3192 866 :
3222 822 3272 866 et
3300 829 3418 867 cum
3448 829 3598 867 acce-

2020 902 2179 967 pisset
2216 903 2460 965 linteum,
2503 903 2781 971 prwcinxit
2827 921 2902 958 se.
2956 902 3156 959 Deinde
3199 905 3360 959 mittit
3403 921 3600 976 aquam

2022 994 2075 1044 in
2114 992 2336 1060 pelvim,
2385 1003 2433 1046 et
2486 994 2636 1061 erepit
2681 994 2863 1049 lavare
2884 994 3037 1063 pedes
3090 996 3504 1067 discipulorum,
3550 1006 3600 1052 et
3682 1036 3685 1043 ι

2021 1093 2286 1153 extergere
2313 1085 2469 1139 linteo
2495 1102 2597 1155 quo
2627 1095 2743 1140 erat
2771 1088 3108 1155 praecinctus.

2093 1342 2355 1397 Servatur
2392 1359 2457 1399 ex
2503 1345 2706 1400 animis
2738 1348 2947 1403 nostris
2984 1348 3301 1417 superbiam
3337 1354 3598 1418 tauquam

2022 1435 2335 1488 morborum
2359 1436 2606 1490 omnium
2633 1436 3020 1503 foedissimum,
3040 1446 3096 1493 et
3123 1454 3333 1495 summa
3350 1440 3598 1494 omnium

2019 1524 2388 1580 detestatimie
2434 1526 2661 1598 dignum
2717 1527 2989 1585 radicitus
3028 1530 3233 1586 evellit.
3281 1529 3399 1586 Scit
3445 1531 3596 1587 enim

2021 1616 2157 1669 nihil
2200 1632 2355 1685 teque
2393 1619 2631 1674 hominis
2667 1619 2864 1675 animae
2897 1619 3115 1677 allicere
3161 1637 3327 1692 posse
3366 1637 3433 1676 ae
3467 1622 3601 1677 abo-

2022 1708 2338 1763 minandam
2379 1709 2527 1763 illam
2562 1724 2627 1764 ac
2667 1711 3048 1766 detestandam
3079 1713 3553 1783 perturbationem
3582 1752 3597 1775 ,
3686 1758 3687 1765 η

2022 1798 2111 1851 cui
2158 1807 2213 1852 et
2259 1799 2375 1867 ipse
2416 1799 2661 1854 universi
2705 1798 2973 1857 Dominus
3009 1804 3157 1857 velut
3194 1802 3412 1858 infenso
3451 1803 3597 1858 hosti

324 1890 482 1958 μίου,
517 1890 742 1957 δικαίως
767 1894 1171 1950 ἀντανίσταται.
1211 1915 1229 1947 ι
1256 1898 1460 1970 Κύριος
1490 1899 1599 1969 γὰρ
1636 1901 1916 1972 ὑπερηφά-

2016 1887 2143 1956 jure
2191 1887 2540 1944 adversatur.
2596 1907 2614 1940 ι
2655 1889 2924 1948 Dominus
2971 1893 3117 1947 enim
3163 1894 3418 1963 superbis
3459 1895 3600 1949 resi-

320 1997 440 2044 νοις
488 1981 899 2049 ἀντιτάσσεται,
936 2003 957 2037 ι
995 1987 1135 2042 κατὰ
1180 1987 1279 2058 τὴν
1301 1989 1396 2042 τοῦ
1427 1989 1771 2061 Σολομῶντος
1807 2011 1920 2062 φω-

319 2070 447 2140 νήν.
480 2072 831 2126 Ἔδειτοίνυν
873 2078 988 2140 τοῖς
1034 2077 1212 2146 ἁγίοις
1264 2078 1498 2149 μάλιστα
1529 2081 1797 2154 μαθηταῖς
1822 2100 1920 2152 με-

317 2161 481 2229 τρίου
505 2179 566 2215 τε
595 2164 690 2218 καὶ
720 2164 1131 2238 καθυφειμένου
1155 2171 1522 2240 φρονήματος,
1548 2173 1641 2225 καὶ
1668 2173 1917 2229 διακένου

314 2255 495 2325 τιμῆς
528 2255 591 2308 οὐ
626 2256 834 2328 σφόδρα
873 2258 1582 2335 φροντίζοντος,λογισμοῦ·
1630 2265 1691 2318 οὐ
1717 2267 1918 2336 μικρὰς

316 2345 435 2414 γὰρ
468 2343 686 2414 ἔχοντες
718 2348 818 2408 τὰς
871 2349 966 2403 τοῦ
1000 2351 1229 2405 τοιαῦτα
1262 2357 1436 2407 νοσεῖν
1472 2356 1745 2427 ἀφορμὰς,
1782 2376 1917 2414 κατ-

317 2434 559 2488 ὡλισθον
597 2435 664 2493 ἂν
709 2438 974 2507 εὐκόλως,
1018 2443 1066 2494 εί
1114 2442 1188 2515 μὴ
1220 2444 1420 2517 πολλῆς
1455 2449 1643 2519 ἔτυχον
1666 2453 1762 2518 τῆς
1793 2453 1915 2504 ὲπιο

321 2527 577 2598 κουρίας.
610 2528 763 2582 Φιλεῖ
786 2531 895 2603 γάρ
919 2549 1036 2596 πως
1062 2534 1150 2587 ἀεὶ
1178 2538 1290 2600 τοῖς
1320 2536 1502 2608 έχουσι
1529 2540 1590 2593 τὸ
1622 2543 1917 2611 περιφανὲς

319 2616 384 2668 τὸ
426 2617 627 2687 πικρὸν
650 2619 752 2687 τῆς
791 2620 1109 2687 ἀλαζονείας
1136 2624 1444 2695 ἐπιτρέχειν
1479 2626 1684 2697 θηρίον.
1716 2625 1848 2683 Εἶτα
1865 2632 1916 2683 τί

315 2710 435 2763 τῶν
463 2711 639 2779 ἁγίων
668 2712 986 2766 ἀποστόλων
1008 2714 1392 2787 φαιδρότερον;
1420 2716 1453 2787 ἢ
1486 2721 1636 2771 ποῖον
1658 2719 1756 2790 τῆς
1781 2721 1914 2791 πρὸς

316 2803 457 2855 θεὸν
488 2802 675 2874 φιλίας
738 2804 800 2856 τὸ
842 2803 1303 2876 ἀξιολογώτερον;
1358 2808 1462 2861 Τὸν
1496 2808 1596 2877 μὲν
1633 2810 1741 2882 γὰρ
1765 2813 1916 2865 οὐδὲν

315 2894 453 2947 ὅντα
485 2893 630 2948 κατά
654 2894 746 2948 τὸν
797 2895 913 2965 βίον
970 2896 1070 2949 οὐκ
1110 2895 1176 2951 ἂν
1200 2898 1431 2951 εἰσέλθοι
1474 2900 1535 2951 τὸ
1563 2901 1754 2965 πάθος.
1781 2903 1916 2955 Φεῦ-

317 3000 409 3051 γει
456 2985 571 3057 γάρ
625 3004 742 3049 πως
768 2986 859 3040 ἀεὶ
886 2986 976 3039 τὸν
998 2987 1151 3041 οὐδὲν
1189 2988 1381 3060 ἔχοντα
1416 2990 1675 3062 ζηλωτὸν,
1701 2994 1792 3047 καὶ
1825 2995 1916 3049 τὸν

315 3078 375 3128 ὲν
404 3075 486 3145 τῷ
527 3076 719 3147 μηδενὶ
752 3079 1087 3148 τεταγμένον
1120 3080 1476 3134 ἀνεπίϐατον·
1539 3083 1656 3147 πῶς
1690 3084 1799 3155 γὰρ
1850 3087 1915 3139 ἂν

316 3167 544 3220 ἐπέλθοι
600 3168 713 3221 τῶν
764 3168 1022 3223 τοιούτων
1076 3171 1182 3224 τινὶ¹
1235 3170 1294 3224 τὸ
1353 3173 1495 3227 κατά
1535 3190 1588 3226 τι
1621 3174 1750 3244 γοῦν
1778 3176 1914 3242 ὅλως
1941 3218 1985 3278 C

323 3258 481 3278 2,,\_,’-_
535 3259 686 3278 4,0,,1‘
768 3260 891 3278 _.I.\
934 3260 1036 3278 ωδ,
1247 3261 1257 3278 1
1360 3264 1373 3278 ο
1540 3264 1585 3278 οι
1710 3266 1762 3278 ιι-
1826 3267 1877 3278 ι..

315 3258 955 3325 ἀλαζονεύεσθαι;Φιλεῖ
981 3260 1039 3313 δέ
1081 3278 1169 3325 τις
1207 3261 1306 3334 τὴν
1351 3264 1656 3336 ὑπεροψίαν
1698 3266 1917 3340 ἀξιοζὴ-

315 3351 488 3415 λωτος
527 3348 624 3410 ὢν,
660 3351 854 3403 ἑαυτόν
879 3368 938 3404 τε
969 3352 1057 3405 διὰ
1105 3352 1264 3405 τοῦτο
1292 3353 1385 3406 τοῦ
1416 3356 1585 3420 πέλας
1617 3358 1912 3430 προτιθεὶς,

314 3442 412 3495 καὶ
443 3442 585 3494 πολὺ
615 3441 726 3495 τῶν
744 3441 919 3495 ἀλλων
957 3441 1254 3511 διενεγκεῖν
1294 3443 1570 3510 ἀσυνέτως
1604 3447 1912 3516 ὑπολαϐὼν,

312 3534 392 3597 ὼς
456 3532 742 3603 ἐξαίρετόν
776 3549 961 3597 -τινα,
1024 3535 1118 3586 καὶ
1180 3534 1633 3608 ὑπερφυεστάτην
1689 3539 1911 3610 ἀρετὴν,

311 3624 747 3696 κατορθώσαντα
778 3626 869 3678 καὶ
892 3626 1171 3689 πολιτείας
1203 3625 1319 3679 ὁδὸν
1349 3628 1490 3700 ἀήθη
1514 3646 1575 3682 τε
1599 3633 1712 3694 τοῖς
1734 3631 1915 3697 ἄλλοις

310 3717 410 3770 καὶ
475 3717 677 3787 ἀστιϐῆ
719 3716 1072 3770 διανύσαντα.
1127 3721 1251 3772 Ὅτε
1301 3719 1482 3774 τοίνυν
1535 3725 1911 3795 παραπέπηγέ

309 3826 433 3872 πως
453 3811 573 3873 τοῖς
630 3808 814 3880 ἔχουσί
850 3828 904 3863 τι
943 3811 1197 3885 λαμπρὸν
1254 3811 1315 3865 τὸ
1344 3816 1519 3867 νοσεῖν
1553 3814 1667 3867 ἐσθ’
1692 3816 1780 3868 ὅτε
1812 3818 1913 3888 τὴν

311 3899 649 3969 ὑπεροψίαν,
680 3900 799 3963 πῶς
821 3900 926 3954 οὐκ
972 3900 1080 3955 ἔδει
1109 3904 1223 3965 τοῖς
1267 3904 1443 3973 ἁγίοις
1474 3903 1793 3968 ἀποστόλοις
1816 3923 1912 3975 με-

308 3990 472 4062 τρίου
549 3991 907 4061 φρονήματος
961 3992 1328 4064 ὑπογραμμὸν
1362 3993 1619 4063 γενέσθαι
1653 3996 1907 4067 Χριστὸν,

310 4081 400 4134 ῖνα
427 4079 606 4135 τύπον
667 4081 885 4153 ἔχοντες
909 4083 1005 4137 καὶ
1038 4085 1225 4139 είκόνα
1258 4084 1351 4138 τὸν
1394 4085 1651 4139 ἁπάντων
1683 4087 1906 4156 Κύριον,

310 4173 408 4225 καὶ
430 4173 594 4226 αὐτοὶ
644 4176 788 4228 κατά
820 4175 882 4227 τὸ
907 4175 1098 4228 δοκοῦν
1122 4175 1200 4247 τῷ
1230 4176 1349 4248 Θεῷ
1376 4178 1469 4231 τὸν
1505 4180 1704 4232 οἰκεῖον
1739 4196 1910 4248 μετα-

311 4265 616 4318 πλάσσοιεν
646 4264 808 4331 νοῦνος
840 4261 950 4319 Ἶίν
978 4262 1070 4320 οὖν
1096 4268 1204 4339 ἄρα
1237 4269 1335 4335 τὴν
1365 4269 1518 4322 νόσον
1570 4270 1669 4341 οὑχ
1706 4271 1909 4343 ἑτέρως

308 4356 542 4420 ἐξελεῖν,
561 4356 613 4407 εί
632 4355 708 4426 μὴ
732 4355 925 4409 διάτοῦ
947 4357 1154 4424 διδάξαι
1186 4359 1394 4427 σαφῶς,
1417 4361 1673 4416 τοσοῦτον
1697 4363 1906 4418 οἴεσθαι

307 4446 422 4499 τῶν
452 4446 635 4500 ἄλλων
662 4448 927 4517 ἡττᾶσθαι
960 4450 1103 4503 κατὰ
1129 4452 1227 4522 τὴν
1259 4452 1440 4517 δόξαν,
1470 4455 1546 4517 ὡς
1576 4456 1669 4509 καὶ
1701 4456 1759 4509 ὲν
1780 4455 1905 4509 δού-

2022 1979 2160 2044 stit,
2201 1999 2220 2031 ι
2271 1980 2432 2050 juxta
2490 1980 2807 2038 Salomonis
2863 1997 3054 2038 vocem
3088 1984 3157 2038 τ’.
3210 1986 3361 2055 Opus
3413 1986 3601 2055 itaque

2020 2078 2139 2125 erat
2170 2071 2380 2126 sanctis
2409 2071 2697 2143 discipulis
2727 2074 2979 2130 modesto
3013 2090 3077 2131 ac
3100 2074 3345 2133 demisso
3376 2078 3559 2131 animo
3581 2119 3596 2141 ,

2021 2169 2076 2216 et
2131 2176 2285 2216 vana:
2336 2163 2526 2232 gloriae
2599 2163 3027 2235 haudquaquam
3095 2166 3340 2236 cupido:
3397 2169 3602 2239 quippe

2020 2266 2144 2306 enm
2173 2267 2280 2306 non
2312 2268 2490 2323 parvae
2513 2269 2694 2309 causze
2720 2265 2910 2310 essent
2946 2257 3151 2325 quibus
3190 2258 3243 2310 in
3277 2258 3422 2313 hunc
3456 2274 3602 2313 mor-

2021 2345 2151 2399 bum
2187 2345 2499 2401 inciderent
2522 2387 2536 2407 ,
2568 2346 2730 2402 facile
2766 2348 2959 2418 utique
2991 2350 3044 2403 in
3075 2366 3200 2404 etim
3233 2351 3469 2421 prolapsi
3507 2367 3595 2406 es-

2020 2447 2161 2500 sent,
2195 2438 2301 2491 nisi
2332 2454 2491 2506 opem
2526 2437 2794 2494 Servator
2817 2442 2900 2497 eis
2932 2443 3240 2497 attulisset.
3274 2440 3421 2496 Solet
3455 2444 3600 2498 enim

2019 2531 2262 2586 crudelis
2313 2530 2426 2586 fera
2474 2533 2749 2602 superbia:
2800 2549 2897 2591 eos
2951 2545 3008 2588 ιιι
3059 2536 3351 2606 plurimum
3399 2537 3601 2604 quibus

2018 2622 2293 2677 claritatis
2339 2624 2541 2693 aliquid
2591 2625 2738 2680 inest
2786 2625 3064 2681 invadere.
3106 2630 3175 2680 At
3218 2628 3348 2696 quid
3393 2627 3600 2686 sanctis

2019 2713 2285 2782 apostolis
2323 2715 2599 2770 illustrius
2623 2756 2637 2780 ,
2670 2724 2763 2769 aut
2793 2715 3058 2786 quidnam
3090 2726 3175 2771 est
3206 2717 3446 2772 amicitia
3474 2733 3598 2771 cum

2020 2804 2131 2860 Deo
2168 2808 2584 2875 pmstahilius?
2637 2807 2701 2862 Et
2734 2810 2954 2879 quidem
2990 2811 3092 2864 hoc
3123 2809 3314 2863 vitium
3350 2810 3403 2863 in
3440 2810 3599 2865 nihili

2018 2898 2296 2953 hominem
2334 2915 2438 2953 non
2482 2900 2788 2956 intraverit.
2824 2900 2985 2971 Fugit
3028 2903 3176 2957 enim
3222 2917 3346 2957 eum
3395 2901 3449 2956 in
3489 2917 3600 2972 quo

2018 2990 2152 3043 nihil
2184 2999 2268 3046 est
2300 3006 2481 3061 operae
2509 2992 2712 3062 pretii,
2737 3008 2839 3049 nec
2870 2993 2935 3048 ad
2968 3009 3062 3049 eos
3096 2995 3309 3049 accedit
3341 2995 3433 3063 qui
3474 2996 3598 3048 nul-

2019 3081 2130 3135 lum
2173 3083 2316 3139 inter
2350 3085 2488 3140 alios
2530 3085 2761 3154 gradum
2809 3086 3102 3141 obtinent:
3148 3085 3281 3156 quid
3323 3087 3469 3140 enim
3514 3095 3600 3141 est

2019 3190 2128 3244 quo
2163 3175 2476 3231 istiusmodi
2513 3176 2764 3234 homines
2797 3179 3065 3235 tantulum
3115 3179 3389 3249 superbire
3415 3179 3601 3233 conci—

2025 3268 2221 3345 piant?
2272 3266 2376 3323 Sed
2432 3267 2632 3324 fastum
2691 3270 2866 3341 diligit
2917 3271 3235 3341 quicunque
3277 3269 3601 3339 spectabilis

2022 3367 2148 3421 est,
2194 3367 2361 3429 atque
2407 3360 2618 3416 idcirco
2663 3362 2882 3416 ueteris
2934 3378 2994 3417 se
3055 3362 3359 3434 prteponit,
3424 3362 3602 3432 iisque

2021 3449 2182 3520 longe
2213 3465 2274 3506 se
2306 3459 2585 3533 praestare,
2609 3453 2926 3518 existimat,
2973 3463 3032 3508 ut
3067 3454 3159 3522 qui
3192 3454 3391 3509 esimia
3419 3461 3474 3509 et
3501 3469 3601 3508 ex-

2022 3542 2411 3597 cellentissima
2439 3544 2511 3597 sit
2539 3545 2742 3598 virtute
2768 3545 2926 3614 721
2959 3545 3241 3616 praeditus,
3273 3554 3327 3599 et
3352 3544 3478 3600 vitae
3506 3560 3600 3615 ge—

2021 3645 2126 3686 nus
2161 3631 2444 3686 insolitum
2490 3647 2555 3686 ac
2592 3633 2778 3689 minus
2812 3637 3006 3687 tritum
3052 3634 3175 3689 aliis
3218 3633 3421 3688 inierit.
3459 3633 3598 3687 Cum

1986 3738 2155 3801 tergo
2177 3724 2449 3794 superbia:
2485 3726 2679 3780 vitium
2713 3726 2778 3782 iis
2812 3726 3085 3782 interdum
3122 3727 3355 3782 insideat
3388 3728 3442 3782 in
3470 3729 3597 3798 qui-

2021 3815 2124 3870 bus
2154 3815 2405 3869 nonnihil
2446 3823 2529 3869 est
2560 3816 2819 3885 prmeipui
2844 3857 2857 3879 ,
2895 3815 3170 3883 quomodo
3209 3832 3439 3871 necesse
3487 3833 3598 3873 non

2018 3914 2140 3961 erat
2200 3913 2261 3959 ut
2338 3904 2596 3961 Christus
2666 3908 2872 3959 sanctis
2940 3905 3205 3975 apostolis
3268 3905 3599 3961 humilitatis

2018 3996 2275 4064 exemplo
2318 4003 2463 4049 esset
2490 4034 2505 4056 ,
2559 4002 2619 4047 ιιι
2656 4001 2844 4065 typum
2896 4004 2946 4048 et
2994 3993 3288 4063 imaginem
3332 3993 3598 4049 habentes

2020 4084 2406 4139 universorum
2438 4082 2726 4137 Dominum
2760 4081 2861 4152 ipsi
2903 4097 3121 4152 quoque
3159 4082 3225 4135 ad
3267 4070 3361 4135 Dei
3403 4083 3598 4135 volun-

2018 4185 2182 4231 tatem
2213 4191 2370 4231 suam
2406 4186 2644 4229 mentem
2678 4174 3135 4229 conl'onnarent?
3173 4173 3376 4227 Vitium
3429 4174 3598 4245 igitur

2018 4267 2154 4321 illud
2202 4268 2365 4323 aliter
2405 4267 2562 4322 evelli
2611 4281 2721 4321 non
2752 4273 3006 4335 poterat,
3041 4281 3204 4336 quam
3247 4266 3293 4319 si
3323 4266 3501 4335 palam
3543 4272 3599 4319 et

2019 4368 2208 4430 aperte
2247 4360 2472 4415 doceret
2517 4360 2591 4413 ita
2643 4358 2882 4414 den‘tisse
2924 4358 2991 4411 de
3043 4374 3105 4413 se
3155 4357 3402 4422 sentire,
3445 4364 3505 4410 ut
3542 4365 3596 4411 et

2017 4451 2162 4507 servi
2195 4452 2347 4506 vices
2379 4451 2563 4514 obire,
2612 4457 2670 4504 et
2717 4448 3088 4503 ministerium
3140 4447 3327 4501 famuli
3364 4447 3597 4517 implere

310 4540 408 4593 λου
430 4541 590 4607 τάξει
616 4542 1050 4596 κατατάττεσθαι
1082 4544 1214 4606 δεῖν,
1244 4544 1367 4598 οὐδὲ
1404 4546 1574 4617 αὐτὴν
1602 4549 1907 4620 καταφρίτ-

2018 4560 2125 4597 non
2157 4550 2459 4606 vereretur,
2485 4540 2719 4594 fratrum
2753 4541 2915 4609 pedes
2938 4538 3232 4603 abluendo,
3265 4543 3318 4591 et
3342 4536 3509 4590 linteo
3534 4551 3595 4590 se

307 4646 476 4684 ταντα
488 4631 591 4702 τὴν
613 4632 803 4705 οἰκέτῃ
826 4634 1144 4704 πρέπουσαν
1168 4634 1510 4707 λειτουργίαν
1534 4638 1909 4710 ἀποπληροῦν,

306 4718 400 4771 διά
436 4718 536 4772 τοῦ
572 4721 668 4773 καὶ
698 4722 977 4787 ἀπονίζειν
1030 4723 1140 4776 τῶν
1170 4725 1415 4793 ἀδελφῶν
1452 4728 1579 4790 τοὺς
1608 4729 1790 4793 πόδας,
1815 4731 1911 4784 καὶ

307 4809 523 4864 λέντιον
555 4811 878 4881 περιθέσθαι
907 4813 995 4866 διὰ
1035 4816 1132 4884 τὴν
1153 4817 1361 4885 χρείαν.
1398 4817 1585 4887 ’Λθρει
1620 4818 1730 4890 γὰρ
1763 4820 1911 4883 ὅπως

306 4905 732 4976 ἀνδραποδῶδες
761 4907 824 4958 τὸ
852 4906 1046 4977 χρῆμά
1086 4910 1255 4967 ἐστιν,
1279 4910 1402 4962 ὅσον
1424 4910 1503 4973 είς
1532 4909 1625 4980 ἔθη
1657 4912 1803 4981 φημὶ
1840 4913 1908 4966 τὰ

310 4997 369 5046 ὲν
389 4995 614 5066 κόσμῳ,
635 4995 731 5049 καὶ
764 4997 864 5059 τὰς
893 4996 999 5060 ἔξω
1022 4997 1237 5068 τριϐάς.
1257 4999 1656 5069 Ὗπογραμμδς
1679 5018 1904 5072 τοιγαρ-

302 5085 406 5151 οῦν
444 5086 678 5159 μετρίου
690 5105 749 5141 τε
776 5089 872 5141 καὶ
909 5088 1343 5159 συνεσταλμένου
1370 5091 1716 5161 φρονήματος
1732 5090 1907 5146 ἅπασι

304 5185 424 5247 ,οἷς
469 5178 620 5234 κατά
671 5178 763 5231 τὸν
790 5179 926 5248 βίον,
977 5178 1099 5233 οὔτε
1145 5180 1254 5251 γὰρ
1276 5181 1458 5251 μόνοις
1489 5184 1602 5244 τοῖς
1641 5182 1908 5251 μαθηταῖς

352 5275 443 5344 ἑγο
458 5292 543 5326 θεν
585 5274 617 5326 ὁ
661 5273 919 5343 Χριστός.
940 5276 1053 5325 -Διά
1085 5276 1242 5325 τοῦτο
1271 5272 1368 5326 καὶ
1398 5271 1426 5324 ὁ
1450 5272 1735 5338 θεσπέσιος
1758 5275 1897 5328 Παῦ-
1926 5299 1935 5307 σ

313 5386 427 5431 ρος,
459 5365 632 5421 αὑτὸν
668 5366 853 5419 εἰκόνα
903 5362 1261 5434 παραλαὸὼν,
1319 5365 1400 5426 είς
1420 5364 1578 5417 τοῦτο
1606 5366 1907 5436 προτρέπει

309 5459 489 5528 λέγων
510 5475 527 5490 ο
560 5477 581 5507 ι
624 5455 797 5510 Τοῦτο
823 5456 1091 5528 φρονείτω
1146 5454 1376 5513 ἕκαστος
1423 5456 1481 5507 ἐν
1503 5455 1653 5525 ὑμῖν,
1673 5456 1701 5509 ὃ
1725 5457 1821 5511 καὶ
1849 5459 1908 5511 ὲν

306 5548 535 5619 Χριστῷ
594 5547 807 5619 Ἰησοῦ·
851 5569 869 5599 ι
919 5547 1014 5600 καὶ
1048 5546 1233 5609 πάλιν,
1274 5562 1292 5596 ι
1326 5545 1405 5615 ’νῇ
1436 5549 1907 5622 ταπεινοφροσύνῃ
1972 5610 1977 5621 ι

303 5641 575 5711 ἀλλήλους
614 5639 911 5712 ἡγούμενοι
946 5638 1321 5711 ὑπερέχοντας,
1365 5637 1597 5692 ἑαυτῶν.
1639 5659 1657 5690 ι
1696 5641 1906 5712 Θεσμδς

2014 4635 2080 4690 ad
2111 4650 2251 4705 opus
2287 4632 2692 4703 prtecingentlo.
2759 4628 3066 4685 Considera
3110 4630 3254 4682 enim
3294 4638 3351 4681 ut
3392 4628 3592 4683 servile

2012 4727 2081 4782 sit
2111 4725 2243 4780 illud
2276 4725 2668 4787 tninisterinm,
2700 4722 2746 4777 si
2780 4720 3237 4776 consuetudinem
3271 4719 3460 4773 mundi
3490 4720 3590 4773 huc

2007 4819 2141 4888 jus,
2188 4825 2243 4873 et
2285 4817 2471 4873 saeculi
2526 4830 2707 4870 mores
2756 4806 3016 4884 aspicias.
3060 4812 3380 4881 Exemplum
3422 4812 3592 4882 igitur

2010 4911 2241 4967 modesti
2267 4925 2329 4963 ac
2363 4908 2586 4963 demissi
2622 4907 2789 4960 animi
2823 4906 3082 4960 omnibus
3111 4904 3453 4967 hominibus,
3481 4919 3590 4957 non

2011 5009 2224 5056 tantum
2266 5000 2383 5057 suis
2403 4999 2714 5068 discipulis,
2756 4997 2999 5068 seipsum
3035 4996 3290 5066 praebuit.
3320 4994 3591 5049 Proinde-

2012 5110 2122 5163 que
2146 5093 2369 5147 divinus
2410 5090 2609 5143 Paulus
2641 5105 2764 5142 eum
2806 5104 2930 5143 eum
2965 5087 3289 5141 imitandqu
3322 5087 3591 5155 sumpsis-

2011 5192 2116 5249 set,
2152 5185 2401 5238 hortatur
2432 5182 2500 5236 ad
2533 5182 2680 5236 istud
2718 5181 2947 5235 dicens:
2991 5197 3008 5229 ι
3047 5177 3162 5232 Hoc
3215 5178 3592 5245 unuSquis-que

2012 5279 2215 5333 sentite
2261 5277 2315 5330 iu
2352 5275 2507 5329 vobis
2534 5315 2548 5339 ,
2585 5272 2731 5342 quod
2776 5279 2831 5327 et
2871 5273 2927 5325 in
2961 5270 3187 5324 Christo
3216 5268 3348 5324 .lesn
3371 5270 3451 5334 ⁷³,
3488 5288 3506 5318 υ
3537 5274 3592 5321 et

2013 5384 2208 5423 rursus
2249 5383 2264 5421 :
2316 5384 2333 5417 ι
2370 5364 2425 5420 In
2478 5364 2788 5419 humilitate
2829 5360 3147 5430 superiores
3198 5359 3301 5415 sibi
3356 5359 3588 5412 invicem

2015 5457 2353 5511 arbitrantes
2383 5454 2450 5506 “.
2486 5472 2504 5503 ι
2559 5452 2667 5506 Lex
2696 5452 2841 5506 enim
2871 5449 3161 5505 cltaritatis
3188 5456 3242 5503 et
3275 5449 3590 5503 concordiae

2017 5547 2212 5604 humili
2244 5554 2463 5599 constat
2499 5544 2718 5614 spiritu.
2750 5540 2951 5599 Verum
2999 5540 3223 5616 ut'ejus
3257 5539 3334 5594 rei
3368 5539 3589 5609 Opinio-

2016 5655 2138 5695 nem
2179 5637 2473 5702 attolleret,
2516 5651 2695 5705 neque
2726 5635 2948 5706 vulgare
2979 5631 3257 5703 quidpiam
3299 5646 3328 5685 a
3371 5631 3591 5688 Christo

383 5846 425 5876 "
470 5843 635 5897 l‘rov.
677 5856 775 5905 ιιι,
810 5839 920 5905 5t;
959 5838 1072 5895 Jac.
1108 5855 1180 5901 tv,
1211 5837 1264 5891 6.
1342 5839 1386 5870 ’³
1424 5837 1656 5910 Philipp.
1698 5857 1771 5909 tl,
1809 5843 1859 5896 ιε.

2028 5842 2156 5898 ibid.
2193 5842 2245 5894 5.
