4104 6432
511 404 619 463 H3

1505 401 1562 458 8.
1600 398 1879 457 CYRILLI
1917 398 2745 467 ALEXANDRINI’ARCHIEP.

3672 410 3774 466 Ηϐ

500 521 707 575 factum
742 532 867 574 esse
896 525 1242 587 putaremus,
1275 519 1595 575 necessario
1630 531 1828 571 rursus
1861 515 2078 569 divinus

2187 515 2297 589 γὰρ
2351 516 2575 587 ἀγάπης
2609 517 2704 571 καὶ
2755 517 3060 590 όμοψυχίας
3111 521 3169 574 ὲν
3222 506 3532 592 φρονῄιατι
3565 522 3776 593 γίνεται

498 609 839 679 evangelista
869 607 1100 678 gloriam
1129 618 1183 663 et
1212 615 1538 678 potestatem
1565 606 1689 677 ejus
1713 615 1770 662 et
1790 607 2082 676 imperium

499 699 557 753 in
594 713 789 753 omnes
816 699 968 768 prius
994 700 1257 764 miratur,
1291 699 1379 754 his
1406 698 1593 754 verbis
1622 716 1634 751 :
1678 717 1696 748 ι
1729 696 1924 754 Sciens
1955 697 2086 767 quia

499 790 685 844 omnia
721 790 872 845 dedit
909 790 962 845 ei
1008 789 1173 845 Pater
1203 791 1257 844 in
1296 805 1513 847 manus.
1546 808 1566 841 ι
1606 788 1872 855 Quamvis
1902 792 2081 854 enim,

501 881 720 952 inquit,
767 897 876 935 non
924 882 1203 952 ignoraret
1242 883 1494 935 omnium
1542 896 1722 936 rerum
1769 881 1976 936 habere
2024 895 2085 936 se

502 979 851 1039 potestatem,
877 980 929 1027 et
952 989 1012 1029 se
1041 989 1068 1027 a
1094 973 1202 1027 Deo
1223 973 1450 1037 exiissc,
1478 973 1581 1028 hoc
1603 984 1711 1033 est,
1728 988 1795 1028 ex
1827 972 2088 1027 substan-

499 1064 574 1116 tia
605 1065 850 1133 genitum
875 1079 1000 1119 esse
1032 1065 1120 1118 Dei
1155 1078 1220 1118 ac
1254 1063 1456 1130 Patris,
1483 1073 1538 1118 et
1565 1062 1632 1117 ad
1658 1061 1829 1116 Deum
1846 1062 2083 1124 radere,

500 1155 603 1207 hoc
626 1163 713 1209 est
743 1171 936 1210 rursus
962 1156 1017 1209 in
1040 1157 1213 1210 cmlos
1239 1157 1463 1216 reverti,
1495 1170 1893 1209 conscssurum
1927 1154 2086 1208 nilni-

504 1262 621 1299 rum
645 1262 767 1300 cum
795 1263 897 1301 suo
925 1246 1206 1308 Genitore,
1237 1256 1449 1301 tantam
1482 1256 1667 1302 tamen
1694 1246 2083 1302 demissionem

500 1353 610 1406 prte
656 1353 716 1393 se
765 1339 930 1403 tulit,
978 1348 1038 1394 ut
1084 1341 1255 1395 linteo
1302 1340 1638 1410 praevinctus
1682 1337 2081 1408 discipulorum

500 1428 663 1497 pedes
690 1430 946 1485 abluerit.
973 1430 1111 1486 Cum
1140 1434 1306 1503 igitur
1338 1433 1469 1486 hinc
1504 1431 1827 1501 praeclarum
1861 1430 2084 1500 pietatis

499 1524 808 1593 exemplum
855 1535 909 1578 et
949 1523 1269 1580 dilectionis
1322 1533 1525 1579 mutua:
1556 1524 1848 1594 imaginem
1879 1522 2081 1578 habea-

501 1630 625 1669 ""18
646 1655 660 1679 ο
694 1617 941 1673 modeste
973 1618 1041 1673 de
1068 1618 1229 1673 nobis
1256 1618 1563 1673 sentiamus
1585 1656 1600 1681 ,
1634 1615 1947 1671 cltarissimi
1971 1651 1986 1675 ,
2029 1620 2083 1667 et

500 1708 802 1777 majoribus
835 1713 1219 1783 praerogativis
1260 1713 1456 1768 fratres
1496 1711 1751 1781 praeditos
1784 1717 2038 1778 putemus
2065 1747 2081 1773 ,

498 1802 750 1869 quamvis
801 1802 938 1858 boni
985 1804 1183 1859 simus.
1226 1803 1340 1859 Hoc
1385 1805 1531 1858 enim
1581 1812 1638 1856 ut
1686 1801 1990 1855 sentiamus
2028 1807 2083 1852 et

498 1890 733 1948 velimus
766 1908 1025 1964 magnum
1059 1896 1209 1951 istud
1239 1897 1548 1965 exemplum
1582 1909 1680 1947 nos
1715 1891 1905 1962 adigit.

2186 608 2450 679 ταπεινῷ.
2479 610 2597 664 Ἰνα
2638 610 2696 663 δὲ
2746 610 2847 682 τὴν
2875 610 2970 664 τοῦ
3022 613 3347 683 πράγματος
3399 614 3667 684 ὑπόληψιν
3699 619 3776 681 εἰς

2188 698 2321 769 ὑψος
2349 700 2520 774 ἐξάρῃ
2554 702 2720 771 μέγα,
2756 703 2851 755 xai.
2875 707 3004 775 μήτι
3047 704 3155 757 τῶν
3189 704 3460 775 τυχόντων
3488 706 3774 778 δεδρᾶσθαι

2185 792 2499 864 νομίσωμεν
2530 793 2682 865 παρὰ
2706 792 3151 864 Χριστοῦ,πάλιν
3181 796 3496 865 ἀναγκαίως
3528 800 3557 851 6
3580 797 3773 852 θεσπέ-

2188 905 2303 952 σιος
2333 889 2726 960 εὐαγγελιστὴς
2790 890 3339 963 προκαταπλήττεται
3399 891 3497 964 τὴν
3550 893 3774 947 ἐνοῦσαν

2186 980 2337 1051 αὐτῷ
2365 980 2523 1044 δόξαν
2578 998 2638 1033 τε
2695 983 2791 1035 xui
2826 983 3096 1047 ἐξουσίαν,
3162 984 3257 1037 καὶ
3288 987 3350 1037 τδ
3382 986 3525 1039 κατὰ
3557 986 3777 1039 πάντων

2187 1072 2405 1141 κράτος,
2420 1065 2570 1123 δι’ὧν
2584 1089 2653 1141 φη
2665 1090 2767 1140 σιν,
2779 1093 2796 1123 ι
2810 1073 2999 1139 Εἰδὼς,
3012 1075 3093 1127 ὅτι
3106 1076 3282 1127 πάντα
3298 1075 3615 1147 παρέδωκεν
3627 1075 3777 1147 αὐτῷ

2185 1164 2214 1215 6
2265 1163 2455 1233 Πατὴρ
2506 1165 2588 1226 εἰς
2616 1164 2716 1228 τὰς
2754 1169 2965 1236 χεῖρας.
2997 1185 3015 1216 ι
3048 1166 3247 1219 Καίτοι
3277 1165 3405 1236 γὰρ,
3450 1166 3638 1235 φησὶν,
3673 1168 3777 1220 οὐκ

2183 1250 2494 1320 ἠγνοηκὼς,
2554 1253 2634 1305 ὃτι
2693 1256 2913 1306 πάντων
2969 1253 3081 1324 ἔχοι
3111 1256 3209 1324 τὴν
3262 1254 3530 1319 ἐξουσίαν,
3572 1256 3664 1307 καὶ
3694 1257 3777 1308 ὅτι

2184 1340 2294 1393 άπὸ
2334 1340 2471 1394 Θεοῦ
2503 1343 2750 1413 ἐξῆλθεν,
2798 1345 2942 1398 τοῦτ’
2983 1346 3153 1409 ἐστιν,
3179 1348 3244 1400 ὲκ
3275 1348 3374 1417 τῆς
3408 1347 3597 1410 οὐσίας
3619 1350 3775 1414 ἐγεν-

2184 1432 2321 1503 νήθη
2356 1434 2450 1487 τοῦ
2488 1435 2625 1489 Θεοῦ
2678 1437 2773 1489 καὶ
2829 1438 3062 1508 Ματρὸς,
3095 1438 3188 1492 καὶ
3222 1438 3359 1509 πρὸς
3387 1438 3520 1491 Θεὸν
3550 1429 3773 1507 ὑπάγει,

2183 1526 2329 1578 τοῦτ’
2364 1526 2500 1590 ἔστι,
2561 1529 2725 1582 πάλιν
2765 1529 2979 1598 ἀνίησιν
3009 1533 3088 1595 είς
3115 1532 3398 1601 οὐρανοὺς,
3439 1530 3776 1600 συνεδρεύων

2182 1614 2425 1685 δηλονότι
2478 1617 2556 1688 τῷ
2611 1617 2725 1688 ἰδίῳ
2776 1619 3087 1691 Γεννήτορν,
3129 1618 3398 1690 τοσαύτην
3441 1619 3649 1689 ὑπέστη
3674 1618 3775 1691 τὴν

2182 1707 2537 1772 ταπείνωσιν,
2602 1709 2679 1772 ὡς
2731 1710 2924 1782 λεντίῳ
2971 1713 3070 1782 μὲν
3109 1710 3502 1779 διαζώσασθαι,
3563 1712 3672 1765 τῶν
3717 1713 3774 1766 δὲ

2188 1799 2445 1871 μαθητῶν
2492 1803 2772 1868 ἀπονίζειν
2833 1807 2961 1869 τοὺς
3022 1806 3212 1870 πόδας.
3274 1807 3529 1877 Ἔχοντες
3590 1806 3774 1859 τοίνυν

2118 1889 2157 1941 Β
2187 1892 2436 1947 ἐντεῦθεν
2490 1894 2713 1967 ἄριστον
2754 1899 2857 1969 τῆς
2906 1899 3196 1961 εὐλαϐείας
3236 1898 3625 1969 ὑπογραμμὸν,
3675 1898 3775 1951 καὶ

494 1985 598 2056 τῆς
632 1988 709 2052 είς
769 1989 1035 2060 ἀλλήλους
1089 1991 1313 2061 ἀγάπης
1376 1987 1852 2060 περιφανεστάτην
1905 1985 2109 2047 εἰκόνα,
2152 1987 2350 2057 μέτρια
2387 1990 2487 2061 μὲν
2552 1993 2863 2063 φρονῶμεν,
2908 1991 3203 2061 ἀγαπητοὶ,
3249 1989 3514 2062 ἡγώμεθα
3554 1990 3611 2043 δὲ
3647 1989 3774 2054 τούς

496 2079 759 2149 ἀδελφοὺς
785 2082 853 2137 τὶι
889 2082 1062 2153 μείζω
1101 2082 1399 2155 κεκτῆσθαι
1438 2082 1546 2136 τῶν
1572 2083 1631 2133 ἐν
1662 2082 1795 2151 ἡμῖν
1832 2078 2343 2148 πλεονεκτημάτων,
2391 2084 2495 2138 κᾶν
2540 2085 2878 2157 ὑπάρχωμεν
2924 2087 3143 2157 ἀγαθοί.
3210 2085 3385 2140 Τοῦτο
3450 2084 3560 2156 γὰρ
3629 2084 3773 2156 ἡμᾶς

495 2175 525 2226 6
556 2172 730 2242 μέγας
758 2169 912 2238 οὗτος
936 2175 1302 2247 ὑπογραμμδς
1351 2174 1639 2228 ἀναπείθει
1666 2175 1883 2244 φρονεῖν
1905 2188 1963 2223 τε
1986 2171 2080 2223 καὶ
2119 2170 2427 2240 βούλεσθαι.

565 2265 721 2328 Χιιι,
766 2266 880 2324 6-8.
932 2268 1082 2322 Venit
1120 2286 1241 2337 ergo
1283 2268 1354 2322 ad
1399 2268 1669 2321 Simonem
1718 2265 1938 2319 Petrum
1964 2304 1977 2325 ,
2021 2272 2070 2316 et

495 2356 625 2412 dicit
667 2359 715 2413 ei
768 2358 960 2414 Petrus
1010 2377 1028 2414 :
1091 2360 1330 2424 Domine,
1391 2371 1445 2413 tu
1499 2358 1628 2412 mihi
1682 2357 1829 2411 lavas
1873 2357 2075 2426 pedes?

496 2447 781 2519 Respondit
804 2449 994 2519 Iesus,
1031 2462 1081 2506 et
1112 2454 1248 2505 dicit
1278 2452 1438 2522 722
1471 2452 1520 2506 ei
1546 2469 1566 2507 :
1600 2450 1754 2517 Quod
1788 2467 1878 2520 ego
1910 2449 2075 2517 facio,

498 2548 555 2592 tu
578 2542 746 2595 nescis
789 2541 963 2602 modo.
1005 2543 1134 2596 scies
1164 2551 1341 2596 autem
1363 2551 1563 2610 postea.
1593 2540 1738 2594 Dicit
1761 2541 1809 2595 ei
1839 2539 2032 2593 Petrus
2060 2555 2078 2591 :

498 2628 623 2684 Non
663 2631 863 2686 lavabis
904 2633 1033 2687 mihi
1073 2634 1227 2703 pedes
1277 2634 1330 2686 in
1378 2644 1654 2688 a'ternum.
1711 2632 1997 2703 Respondit
2035 2633 2084 2687 ei

492 2723 673 2782 Iesus.
1592 2731 1600 2739 '

565 2816 971 2873 Ferventiorem
1006 2819 1232 2888 ubique,
1266 2826 1325 2871 ut
1353 2817 1519 2873 verbo
1545 2817 1752 2880 dicam,
1774 2815 1923 2872 Petri
1960 2815 2080 2870 ani-

494 2925 645 2965 mum
685 2919 739 2966 et
771 2909 838 2965 ad
871 2910 1130 2981 pietatem
1165 2910 1342 2981 magis
1374 2924 1438 2963 ac
1472 2910 1646 2980 magis
1676 2907 2076 2963 inﬂammatum

492 3002 680 3057 videre
714 3001 865 3057 licet.
886 3002 1098 3058 Idcirco
1133 3017 1337 3056 morem
1365 3011 1419 3056 et
1440 3001 1895 3056 consuetudinem
1918 3015 2073 3056 suam

493 3104 758 3157 secutus,
805 3093 1153 3164 disciplinam
1197 3095 1343 3149 hanc
1387 3109 1619 3149 summm
1664 3093 1994 3147 humilitatis
2023 3102 2077 3148 et

494 3186 785 3241 eharitatis
817 3201 980 3264 quam
1016 3193 1298 3250 servaret,
1344 3186 1572 3257 abiicit,
1624 3197 1807 3240 mente
1855 3184 2073 3254 quidem

2244 2269 2512 2338 Ἔρχεται
2533 2267 2646 2327 οὖν
2662 2290 2750 2339 εις
2774 2274 3008 2343 Σίμωνα
3031 2274 3273 2342 Πέτρον,
3299 2274 3396 2327 καὶ
3418 2273 3580 2345 λέγει
3612 2273 3773 2341 αὑτῷ

2174 2363 2414 2431 Πέτρος·
2448 2366 2646 2433 Κύριε,
2675 2367 2757 2420 σύ
2783 2384 2903 2436 μου
2933 2367 3164 2433 νίπτεις
3196 2367 3340 2434 τοὺς
3374 2368 3605 2434 πόδας;
3645 2370 3773 2421 Ἁπ-

2174 2457 2379 2524 εκρίθη
2420 2456 2670 2525 Ἰησοῦς,
2720 2459 2818 2514 καί
2867 2457 3040 2514 εἶπεν
3092 2459 3283 2526 αὐτῷ’
3321 2462 3382 2513 Ὃ
3429 2461 3545 2531 ἐγὼ
3599 2460 3771 2524 ποιῶ,

2179 2547 2261 2601 σὺ
2298 2550 2410 2601 οὐκ
2445 2545 2614 2615 οἶδας
2644 2549 2795 2618 ἄρτι,
2836 2550 3038 2620 γνώσῃ
3073 2551 3141 2604 δὲ
3170 2551 3321 2621 μετὰ
3363 2551 3572 2605 ταῦτα.
3601 2553 3773 2621 Λέγει

2180 2639 2340 2705 αὐτῷ
2377 2640 2598 2710 Πέτρος
2621 2661 2633 2674 ο
2666 2645 2749 2696 Οὐ
2786 2643 2866 2711 μὴ
2901 2646 3089 2712 νίψῃς
3126 2644 3270 2710 τοὺς
3308 2643 3500 2710 πόδας
3539 2661 3658 2714 μου
3684 2646 3773 2712 είς

2180 2731 2288 2785 τὸν
2318 2731 2523 2787 αἰῶνα.
2558 2734 2868 2803 Ἀπεκρίθη
2903 2733 3064 2799 αὺτῷ
3097 2738 3128 2788 ὀ
3161 2735 3423 2802 Ἰησοῦς.
3756 2742 3759 2743 ⁷

2249 2822 2593 2896 Θερμότερόν
2624 2843 2741 2888 πως
2782 2826 2869 2881 ἀεὶ
2919 2825 3014 2879 τοῦ
3053 2826 3258 2897 Πέτρου
3309 2826 3370 2880 τὸ
3408 2825 3635 2897 κίνημα,
3677 2826 3775 2880 xui.

2180 2914 2314 2969 πολὺ
2342 2917 2667 2987 γοργότερον
2694 2919 2775 2982 είς
2813 2917 3118 2983 εὐλάϐειαν,
3156 2917 3433 2989 θεωρῆσαι
3479 2935 3565 2982 τις
3608 2917 3673 2972 ἂν
3714 2920 3773 2971 ἐν

2175 3006 2443 3072 ὃλοι’ς,.ὡς
2472 3007 2602 3072 ἔπος
2631 3011 2826 3075 εἰπεῖν,
2867 3011 2981 3073 τοῖς
3021 3009 3437 3081 συγγράμμασι.
3480 3009 3778 3080 Τοιγάρτοι

2175 3101 2272 3153 καὶ
2298 3101 2393 3155 νῦν
2445 3100 2556 3156 ἔθει
2604 3100 2682 3173 τῷ
2734 3103 2851 3174 ίδίῳ
2905 3101 3384 3172 κατακολουθήσας
3434 3102 3526 3154 καὶ
3561 3100 3775 3173 τρόπῳ,

2179 3192 2240 3245 τὸ
2278 3195 2620 3263 σεσωσμένον
2657 3196 2722 3265 δὴ
2760 3193 2917 3249 τοῦτο
2948 3195 3050 3264 τῆς
3083 3196 3163 3259 είς
3207 3195 3376 3266 ἄκρον
3406 3190 3649 3265 ἡκούσης
3675 3211 3777 3249 τα-

493 3288 757 3348 reputans
789 3252 1015 3348 quinam
1047 3290 1193 3335 esset
1228 3279 1346 3349 ipse
1372 3252 1593 3340 natura,
1621 3286 1675 3333 et
1700 3278 1826 3347 quis
1859 3252 1948 3333 ille
1982 3278 2074 3347 qui

2182 3252 2613 3357 πεινοφροσύνης
2635 3252 2722 3341 τε⁸
2747 3288 2840 3341 καὶ
2883 3252 3104 3355 ἀγάπης
3143 3252 3483 3356 παρωθεῖται
3519 3252 3773 3357 μάθημα,

422 3370 425 3371 ⁷
495 3369 694 3440 pelvim
748 3369 1050 3440 afferebat,
1095 3386 1160 3427 ac
1208 3372 1398 3426 famuli
1442 3386 1642 3426 munus
1690 3369 1919 3440 implere
1966 3385 2075 3424 non

493 3465 854 3522 detrectabat.
892 3463 1006 3521 Nec
1035 3466 1182 3521 enim
1222 3465 1577 3520 mediocriter
1611 3478 1736 3518 eum
1780 3462 1965 3517 turbat
1989 3478 2077 3517 res

495 3557 889 3628 propemodum
952 3557 1327 3621 incredibilis,
1375 3557 1501 3611 licet
1545 3556 1842 3611 multorum
1898 3555 2076 3610 oculis

413 3636 422 3642 ’
495 3651 925 3720 conspiceretur.
958 3648 1094 3716 Quis
1126 3650 1272 3704 enim
1298 3665 1408 3703 non
1447 3647 1829 3704 exhorruisset
1851 3648 2077 3702 discens

492 3757 618 3797 eum
670 3742 763 3812 qui
794 3758 901 3797 una
948 3757 1073 3797 eum
1128 3741 1292 3797 Patre
1346 3740 1615 3798 Dominus
1656 3754 1743 3800 est
1796 3740 2074 3803 universi,

495 3834 633 3890 adeo
664 3835 1035 3890 miserabilem
1071 3850 1203 3906 erga
1238 3850 1371 3891 suos
1400 3834 1705 3905 discipulos
1743 3834 2072 3889 servitutem

494 3942 604 3995 pra:
623 3939 683 3983 se
708 3928 926 3991 tulisse,
962 3936 1021 3981 ut
1047 3927 1192 3997 quod
1223 3928 1366 3982 inter
1391 3943 1581 3983 servos
1615 3936 1953 3997 postremum
1994 3922 2076 3976 lo-

491 4034 619 4072 cum
635 4027 804 4083 tenet,
826 4020 931 4074 hoc
968 4018 1337 4075 libentissime
1357 4018 1536 4074 facere
1556 4016 1812 4087 voluerit,
1829 4014 2072 4084 seipsum

494 4111 550 4164 in
598 4112 908 4180 exemplum
940 4118 995 4166 et
1032 4119 1221 4182 typum
1267 4112 1499 4181 spiritus
1538 4109 1770 4165 humilis
1805 4106 2077 4162 tradens?

495 4200 684 4256 Metuit
713 4218 843 4271 ergo
876 4203 1180 4272 discipulus
1212 4213 1374 4258 tantae
1410 4203 1488 4258 rei
1523 4202 1736 4273 pondus
1757 4242 1771 4265 ,
1819 4207 1874 4256 et
1906 4200 2076 4255 usita-

494 4300 605 4345 tam
643 4309 710 4347 ac
770 4292 1095 4349 familiarem
1159 4294 1265 4349 sibi
1324 4293 1688 4349 reverentiam
1723 4299 2072 4361 praetexens,

495 4395 751 4439 recusat:
779 4384 978 4454 quippe
1004 4400 1126 4440 cum
1160 4385 1403 4440 nondum
1425 4384 1503 4439 rei
1537 4398 1763 4438 causam
1797 4384 2073 4453 cognitam

495 4475 712 4540 habeat,
749 4475 1039 4532 Dominum
1072 4477 1276 4547 aliquid
1309 4486 1513 4531 temere
1543 4491 1706 4546 agere
1738 4485 1930 4546 putat,
1975 4491 2075 4530 nec

2177 3377 2263 3441 τίς
2300 3378 2400 3448 μὲν
2456 3378 2619 3443 αὐτὸς
2665 3380 2749 3450 εἴη
2797 3379 2937 3433 κατὰ
2997 3379 3159 3449 φύσιν
3209 3380 3436 3444 ἐννοῶν,
3496 3380 3580 3444 τίς
3620 3380 3665 3434 δ’
3699 3375 3774 3435 αὖ

2180 3469 2343 3523 πάλιν
2387 3471 2415 3523 6
2453 3470 2544 3523 τὸν
2585 3472 2824 3543 νιπτῆρα
2872 3472 3269 3542 παρακομίζων
3330 3471 3502 3542 αὐτῷ,
3548 3473 3640 3526 καὶ
3671 3472 3776 3544 τὴν

2178 3560 2391 3615 οἰκέτου
2422 3562 2609 3632 χρείαν
2650 3563 3003 3634 ἀποπληροῦν
3055 3564 3114 3617 οὐ
3158 3563 3612 3636 παραιτούμενος.
3667 3564 3775 3618 Θο-

2181 3652 2338 3723 ρυϐεῖ
2365 3653 2473 3725 γὰρ
2504 3654 2564 3707 οὐ
2616 3654 2853 3724 μετρίως
2899 3654 3062 3708 αὐτὸν
3109 3654 3489 3728 ἀπαράδεκτόν
3532 3672 3649 3718 πως
3691 3657 3777 3719 είς

2181 3746 2362 3796 πίστιν
2408 3744 2653 3815 ὑπάρχον
2698 3745 2758 3798 τὸ
2796 3748 3051 3817 πρᾶγμα,
3089 3747 3183 3800 καὶ
3234 3748 3284 3800 εί
3337 3745 3553 3809 πολλοῖς
3597 3746 3776 3819 ὁρῷτο

2176 3821 2339 3907 τυχύν
2366 3826 2822 3908 ’ὀρθαλμοῖς..Τίς
2851 3838 2961 3911 γὰρ
2995 3840 3060 3893 ἂν
3098 3841 3200 3893 οὐκ
3239 3839 3424 3910 ἔφριξε
3462 3838 3668 3911 μαθὼν,
3696 3838 3778 3903 ὡς

2177 3930 2206 3982 6
2237 3929 2344 3982 τῶν
2377 3930 2515 3984 ὅλων
2551 3932 2692 4002 μετὰ
2738 3933 2950 4004 Πατρὺς
2984 3932 3246 4004 ὑπάρχων
3296 3932 3520 4004 Κύριος,
3555 3935 3775 3999 οἰκτρο-

2176 4018 2346 4090 τάτην
2379 4019 2520 4072 οὕτω
2561 4019 2660 4090 τὴν
2720 4018 2963 4073 δουλείαν
3003 4020 3140 4091 πρὸς
3173 4020 3299 4083 τοὺς
3350 4017 3548 4073 ἑαυτοῦ
3596 4018 3776 4088 μαθη-

2176 4113 2276 4175 τὰς
2308 4113 2638 4180 ἐπεδείξατο,
2683 4113 2760 4175 ὡς
2790 4113 2882 4167 καὶ
2934 4114 3071 4185 ὅπερ
3115 4109 3254 4166 εἶναι
3290 4112 3439 4165 δοκεῖ
3471 4111 3623 4185 παρὰ
3655 4113 3775 4174 τοῖς

2176 4205 2416 4268 οἰκέταις
2443 4206 2540 4276 τὴν
2570 4205 2807 4277 ὲσχάτην
2852 4205 3044 4276 ἐπέχον
3085 4205 3259 4272 τάξιν,
3306 4204 3468 4257 τοῦτο
3493 4204 3589 4257 καὶ
3625 4202 3776 4273 μάλα

2178 4295 2477 4366 προθύμως
2508 4296 2759 4367 ἐθελῆσαι
2790 4297 2923 4368 δρᾷν
2956 4295 3138 4361 αὐτὸν,
3174 4297 3255 4360 είς
3283 4294 3648 4366 ὑπογραμμὸν
3677 4294 3775 4347 καὶ

2177 4386 2347 4440 τύπον
2380 4388 2602 4460 μετρίου
2651 4388 3032 4458 φρονήματος;
3070 4387 3219 4441 Δέδιε
3270 4388 3558 4460 τοιγαροῦν
3608 4390 3635 4441 6
3680 4387 3774 4440 θε-

2181 4478 2402 4542 σπέσιος
2458 4478 2703 4550 μαθητὴς
2742 4479 2804 4532 τὸ
2849 4482 2913 4533 ὲκ
2959 4479 3054 4533 τοῦ
3103 4480 3427 4550 πράγματος
3457 4480 3640 4550 ἄχθος,
3676 4478 3772 4532 καὶ

495 4568 645 4624 aliud
678 4571 730 4625 in
763 4569 948 4624 animo
977 4569 1197 4636 habere,
1232 4585 1395 4639 quam
1432 4578 1493 4621 ut
1526 4570 1777 4637 corporis
1806 4568 2075 4622 duntaxat

2181 4570 2280 4638 τῆς
2311 4569 2574 4641 συνήθους
2606 4570 2700 4623 καὶ
2729 4572 3098 4642 τετριμμένης
3132 4572 3418 4635 εὐλαϐείας
3453 4570 3602 4640 αὐτῷ
3634 4587 3773 4641 καρ-

492 4663 732 4732 quietem
774 4663 854 4718 eis
885 4662 1210 4718 conciliaret
1249 4678 1265 4717 :
1315 4661 1514 4730 pedum
1543 4660 1686 4714 enim
1725 4661 1934 4715 ahlutio
1970 4661 2074 4714 ali-

494 4757 819 4825 quantulum
849 4755 1063 4810 relaxat
1100 4763 1154 4809 et
1183 4753 1409 4809 resolvit
1447 4752 1853 4807 distensionem
1894 4767 1959 4807 ex
1994 4752 2079 4805 in-

493 4863 654 4902 cessu
698 4855 897 4903 ortam.
940 4847 1180 4915 Ideoque
1224 4845 1501 4899 ferventer
1543 4843 1839 4898 admodum
1884 4843 2075 4912 prohi-
2126 4918 2135 4929 λ

497 4942 691 5008 hehat,
733 4941 926 4996 dicens
958 4960 970 4991 :
1025 4958 1044 4991 ι
1082 4937 1340 5002 Domine,
1368 4945 1425 4991 tu
1459 4936 1591 4991 mihi
1624 4936 1776 4991 latas
1812 4935 2017 5006 pedes?
2051 4955 2069 4989 ι

500 5029 724 5086 Deceret
764 5031 933 5093 enim,
991 5029 1204 5099 inquit,
1249 5028 1472 5084 deceret
1513 5044 1615 5083 nos
1651 5039 1846 5083 natura
1881 5044 2073 5085 servos

496 5122 547 5176 id
580 5122 789 5186 facere,
827 5137 935 5175 non
978 5128 1031 5173 te
1060 5117 1442 5173 universorum
1484 5118 1799 5173 Dominum.
1834 5117 1939 5174 Sed
1974 5135 2072 5173 ex-

492 5215 852 5286 p'icationem
896 5211 972 5266 rei
1019 5209 1275 5265 Christus
1312 5209 1535 5280 quidem
1569 5210 1749 5265 differt
1788 5212 1841 5265 in
1869 5228 2072 5281 oppor-

492 5316 687 5359 tunum
721 5314 958 5370 tempus,
992 5301 1238 5369 adeoque
1264 5316 1370 5355 non
1400 5301 1521 5356 sine
1546 5302 1867 5371 gravissima
1903 5319 2071 5357 causa

493 5396 700 5452 iactum
726 5395 779 5448 id
812 5395 881 5448 ah
919 5408 984 5448 eo
1017 5392 1258 5462 posthree
1291 5393 1534 5463 agnitum
1575 5394 1642 5447 iri
1672 5395 1779 5459 ait,
1821 5411 1945 5449 cum
1986 5396 2071 5449 ni-

496 5492 693 5542 mirum
731 5500 848 5540 cam
889 5501 1002 5539 rem
1041 5484 1258 5555 planius
1287 5478 1544 5554 exporfet.
1584 5486 1750 5541 Porro
1796 5504 1904 5541 non
1955 5504 2069 5541 me-

494 5579 742 5632 diocrem
775 5576 1068 5632 utilitatem
1094 5575 1296 5631 isthinc
1321 5579 1485 5631 etiam
1520 5593 1621 5633 nos
1650 5595 1755 5633 una
1792 5595 1915 5635 cum
1945 5581 2070 5636 aliis

2182 4662 2282 4715 πὸν
2324 4664 2555 4716 ποιεῖται
2604 4662 2700 4733 τὴν
2733 4665 3095 4737 παραίτησιν,
3146 4665 3324 4727 συνεῖς
3372 4663 3428 4715 δὲ
3470 4661 3623 4716 οὔπω
3668 4663 3770 4730 τὴν

2173 4754 2351 4806 αἰτίαν
2383 4754 2475 4807 τοῦ
2509 4754 2852 4826 πράγματος,
2898 4755 3067 4809 οἴεταί
3114 4773 3167 4808 τι
3216 4755 3348 4827 δρᾷν
3382 4755 3502 4825 εἰκῆ
3532 4755 3622 4806 τὸν
3654 4754 3768 4806 Κύ-

2175 4863 2306 4913 ριον,
2354 4848 2449 4900 καὶ
2482 4846 2643 4918 ψιλὴν
2681 4849 2864 4911 αὐτοῖς
2902 4847 2997 4900 τοῦ
3048 4847 3296 4917 σώματος
3346 4847 3631 4916 ἐπινοῆσαι
3662 4847 3763 4914 τὴν

2171 4938 2474 4992 ἀνάπαυσιν
2495 4956 2507 4969 ·
2543 4939 2605 4992 τὸ
2634 4939 2741 5011 γὰρ
2785 4938 3137 5003 ἀπονίζεσθαι
3169 4939 3295 5001 τούς
3328 4938 3495 5000 πόδας
3522 4937 3765 4990 συντελεῖ

2174 5048 2291 5095 πως
2341 5034 2421 5095 εἰς
2474 5031 2652 5097 τοῦτο,
2704 5031 2801 5085 καὶ
2854 5032 3091 5101 μετρίως
3137 5030 3387 5101 ἀποχαλᾷ
3420 5029 3518 5099 τὴν
3552 5030 3617 5082 ὲκ
3664 5028 3759 5080 τοῦ

2175 5119 2501 5191 βαδίσματος
2529 5121 2684 5175 τάσιν
2720 5123 2817 5193 (l).
2855 5121 2953 5174 Διὰ
2978 5120 3136 5174 τοῦτο
3168 5119 3262 5173 καὶ
3294 5118 3500 5189 σφόδρα
3540 5117 3760 5189 θερμῶς

2172 5212 2407 5282 ὲνείργει
2455 5212 2664 5278 λέγων’
2706 5230 2723 5262 ι
2760 5211 2952 5283 Κύριε,
2984 5210 3047 5264 σύ
3106 5228 3206 5282 μου
3258 5210 3466 5273 νίπτεις
3499 5209 3625 5271 τοὺς
3666 5207 3758 5260 πό-

2171 5304 2266 5367 δας
2292 5321 2306 5368 ;
2347 5324 2365 5356 ›
2398 5304 2546 5357 Ἔδει
2576 5302 2705 5374 γὰρ,
2734 5304 2860 5368 ἔδει,
2892 5305 3047 5375 φησὶ,
3079 5305 3205 5368 τοὺς
3254 5302 3395 5356 κατὰ
3433 5301 3593 5371 φύσιν
3622 5299 3761 5353 οἰκέ-

2171 5412 2270 5457 τας
2300 5394 2456 5446 τοῦτο
2485 5394 2745 5463 πράττειν
2772 5396 2939 5466 ἡμᾶς,
2970 5394 3090 5466 οὐχὶ
3136 5394 3195 5448 σὲ
3234 5394 3324 5448 τὸν
3354 5394 3608 5447 ἁπάντων
3643 5392 3759 5444 Κύ-

2180 5506 2311 5559 ριον.
2358 5488 2498 5541 Ἀλλ’
2528 5488 2873 5559 ὑπερτίθεται
2914 5488 3010 5556 μὲν
3052 5486 3144 5539 τοῦ
3184 5486 3508 5556 πράγματος
3546 5485 3643 5553 τὴν
3674 5481 3761 5546 ἐξ-

2177 5582 2373 5651 ἥγησιν
2413 5583 2489 5646 εἰς
2530 5582 2721 5654 καιρὸν
2746 5584 2773 5636 6
2810 5564 3062 5652 Χρισέδςν
3110 5579 3191 5632 ὅτι
3228 5597 3292 5648 γε
3323 5579 3429 5649 μὴν
3464 5576 3756 5644 ἀξιολογω-

565 5776 641 5850 (l)
680 5772 897 5850 E_ditum
925 5785 1041 5832 erat
1069 5774 1277 5845 στάσιν,
1302 5786 1358 5833 et
1387 5764 1677 5849 interpres,
1722 5776 1921 5832 Pedum
1960 5778 2098 5832 enim
2138 5779 2339 5837 ablatio
2380 5785 2435 5837 in
2470 5784 2565 5838 hoc
2599 5783 2867 5849 conducit,
2894 5792 2943 5837 et
2970 5781 3125 5837 lassis
3153 5780 3217 5835 de
3252 5781 3337 5834 ria
3392 5779 3613 5850 quietem
3659 5792 3749 5829 ar-

496 5849 674 5902 cessit.
707 5846 858 5900 Ebt'r.
