4104 6430
365 360 465 417 ΗἹ

1426 369 1494 428 ΙΝ
1533 371 1821 431 JOANNIS
1860 374 2315 469 ενΑΝςΕιιυΜ
2359 379 2488 435 LIB.
2528 377 2619 436 IX.

3488 382 3631 457 “iis

351 479 517 552 τέραν
553 480 667 552 ἔχοι
711 482 811 555 τὴν
852 486 1052 551 αἰτίαν,
1087 488 1149 543 τὺ
1180 492 1312 561 παρ’
1349 490 1517 546 αὐτοῦ
1547 493 1769 564 γεγονὸς
1818 511 1943 546 συν-

2049 506 2407 567 percepturos
2450 498 2547 553 ait.
2597 496 2733 552 Vide
2767 498 2913 552 enim
2942 513 3053 567 quo
3079 504 3239 568 pacto
3280 506 3523 567 tempore
3561 499 3629 549 ad

350 570 504 674 ήσειν
533 572 675 674 apan
719 574 861 644 μετὰ
898 576 1094 640 ταῦτα,
1141 582 1272 634 ὅταν
1315 581 1557 653 δηλονότι
1597 584 1942 656 πλατυτέραν

2045 604 2180 659 opus
2206 603 2443 647 vocante
2472 607 2785 647 sermonem
2815 588 3055 657 differat,
3084 599 3140 646 et
3167 606 3361 645 rursus
3389 599 3632 658 tempore

350 661 482 731 περὶ
511 663 677 716 αὑτοῦ
709 669 945 723 ποιεῖται
989 670 1087 742 τὴν
1125 670 1405 744 ἐξήγησιν.
1447 675 1660 746 Ὀνήσει
1712 675 1770 730 δὲ
1822 676 1943 731 λίαν

2045 680 2104 734 ad
2140 696 2450 738 sermonem
2488 683 2778 742 incitante.
2803 684 2871 737 ab
2901 681 3116 753 agendo
3141 681 3394 735 desistat.
3420 679 3629 733 Cuncta

348 751 445 803 καὶ
479 752 641 808 τοῦτο
688 756 853 811 πάλιν
889 761 1037 831 ἡμᾶς
1065 762 1205 830 μετὰ
1247 764 1355 817 τῶν
1399 764 1573 818 ἄλλων
1607 766 1667 819 οὐ
1703 766 1938 838 μικρῶς.

344 838 459 893 Θέα
495 842 605 913 γὰρ
629 845 779 911 ὅπως
835 851 1027 922 καιροῦ
1081 852 1367 918 καλοῦντος
1418 856 1500 920 εἰς
1550 855 1731 928 ἔργον,
1767 856 1941 928 ὑπερ-

338 931 550 989 τίθεται
585 938 675 990 τδν
700 939 879 1007 λόγον,
915 945 1108 1015 καιροῦ
1150 946 1195 998 δ’
1222 942 1289 1001 αὖ
1322 948 1486 1002 πάλιν
1518 949 1828 1017 ἐπείγοντος
1859 949 1939 1012 εἰς

337 1021 506 1092 λόγον
551 1029 841 1087 ἀναδύεται
874 1035 935 1087 τὸ
979 1036 1130 1108 δρᾷν.
1161 1038 1345 1093 Πάντα
1392 1039 1500 1110 γὰρ
1542 1042 1754 1111 καιροῖς
1803 1039 1937 1092 ἀπο-

2039 771 2185 825 enim
2233 773 2580 842 temporibus
2610 773 2874 843 congruis
2907 773 3206 827 tribuebat.
3256 770 3419 824 Petro
3466 767 3633 837 igitur

2037 872 2304 918 renuente
2327 872 2382 918 et
2412 874 2602 934 aperte
2632 875 2864 936 negante
2894 864 3057 935 pedes
3080 864 3183 918 sibi
3208 862 3276 917 ab
3296 877 3361 916 eo
3384 860 3629 914 ablutum

2039 953 2108 1007 iri
2157 954 2212 1008 in
2258 963 2563 1020 aeternum,
2604 956 2864 1011 damnum
2913 956 3040 1013 hinc
3090 958 3335 1011 futurum
3372 950 3625 1007 Servatur,

2043 1044 2282 1114 explicat
2297 1082 2314 1106 ,
2354 1046 2545 1102 dicens
2574 1065 2590 1102 :

335 1118 529 1190 νέμων
592 1127 707 1189 τοῖς
749 1128 954 1182 ἐοικόσι
998 1132 1091 1185 καὶ
1138 1132 1434 1204 πρέπουσιν
1475 1130 1562 1206 ἦν.
1602 1133 1978 1198 Ἀνανεύοντος
2013 1138 2192 1190 τοίνυν
2214 1137 2308 1192 τοῦ
2358 1140 2586 1210 Πέτρου,
2651 1140 2744 1194 καὶ
2787 1141 3197 1210 ἀποφάσκοντος
3238 1133 3628 1211 ἐναργῶς,οὖκ

334 1211 412 1267 ἂν
442 1214 613 1270 αὐτοῦ
642 1218 790 1290 νίψαι
824 1223 952 1287 τοὺς
983 1223 1151 1289 πόδας
1187 1226 1267 1291 εἰς
1303 1227 1394 1281 τὸν
1454 1227 1650 1294 αἰῶνα,
1700 1226 1799 1298 τὴν
1837 1225 2105 1298 ἐσομένην
2154 1230 2358 1293 ζηαίαν
2409 1231 2658 1286 ἐντεῦθεν
2704 1233 2940 1304 φανερὰν
2995 1234 3024 1286 ὁ
3075 1230 3263 1302 Σωτὴρ
3333 1229 3625 1295 καθίστησι

333 1304 521 1376 λέγων
537 1325 550 1339 ·

425 1401 566 1455 Ἐὰν
595 1401 685 1472 μὴ
722 1405 883 1474 νίψω
915 1423 1009 1475 σε,
1038 1410 1152 1464 οὐκ
1198 1409 1359 1481 ἔχεις
1391 1410 1576 1481 μέρος
1605 1411 1736 1482 μετ’
1772 1409 1941 1480 ἐμοῦ.

410 1575 581 1631 Ὅσον
622 1579 723 1650 μὲν
753 1576 848 1637 οῦν
892 1578 1026 1657 ἧκεν
1070 1587 1150 1650 εἰς
1186 1586 1279 1640 τὸν
1311 1588 1529 1661 ἐμφανῆ
1569 1589 1665 1644 καὶ
1718 1591 1942 1663 πρόχει-

332 1685 437 1738 ρον
493 1668 590 1724 τοῦ
655 1672 1025 1744 προκειμέῦου
1081 1679 1303 1744 σκοπὸν,
1336 1681 1397 1733 Εἰ
1453 1681 1529 1751 μὴ
1587 1682 1945 1749 καταδέξαιο,

328 1761 500 1845 φησι,
526 1761 589 1815 τὸ
614 1761 763 1827 ξένον
794 1764 955 1820 τοῦτο
982 1782 1076 1821 και
1114 1768 1282 1840 ἄηθες
1308 1770 1408 1841 τῆς
1435 1774 1937 1845 ταπεινοφροσύνης

331 1852 600 1924 μαθημα,
627 1854 817 1927 μερίδα
846 1860 939 1911 καὶ
974 1858 1175 1931 κλῆρον
1208 1862 1307 1915 οὐκ
1329 1861 1395 1916 ἂν
1426 1861 1608 1935 εὕροις
1637 1866 1752 1934 μετ’
1774 1866 1933 1941 ἐμοῦ.

2114 1409 2274 1481 723
2308 1408 2447 1476 Xlll,
2478 1410 2531 1466 8.
2565 1409 2623 1472 Si
2649 1427 2748 1463 non
2779 1415 2954 1464 lavero
2991 1418 3060 1471 te,
3119 1424 3222 1461 non
3264 1407 3475 1462 habebis
3497 1427 3624 1479 par-

2044 1512 2145 1555 tem
2174 1518 2399 1556 mecum.

2112 1592 2268 1658 Quod
2304 1592 2370 1648 ad
2410 1593 2518 1647 loci
2557 1592 2725 1662 hujus
2751 1590 3107 1646 manifestum
3143 1598 3197 1647 et
3220 1590 3442 1645 obvium
3497 1606 3622 1645 sco-

2040 1698 2170 1753 pum
2202 1685 2423 1748 attinet,
2462 1685 2577 1740 Nisi
2605 1684 2925 1740 inusitatam
2956 1683 3101 1738 hanc
3123 1692 3177 1738 et
3208 1683 3484 1737 insolitam
3519 1682 3622 1735 hu-

2038 1774 2323 1828 militatem
2362 1774 2650 1838 didiceris,
2679 1775 2878 1844 inquit,
2917 1782 3126 1844 partem
3165 1783 3219 1828 et
3256 1782 3458 1827 sortem
3512 1787 3620 1825 non

2038 1862 2297 1919 invenies
2326 1880 2564 1920 mecum.
2603 1864 2709 1919 Sed
2747 1880 2873 1919 cum
2911 1878 3054 1932 smpe
3114 1861 3378 1917 Dominus
3436 1871 3622 1915 noster

340 1945 576 2057 ‘E‘mdi‘h
607 1945 664 2000 δὲ
696 1947 958 2013 πολλάκις
996 1953 1024 2004 ὀ
1054 1952 1257 2024 Κύριος
1288 1955 1445 2024 ἡμῶν
1483 1956 1690 2026 Ἰησοῦς
1729 1959 1758 2012 ό
1800 1959 1937 2031 Χρι-

2045 1953 2201 2011 Iesus
2240 1956 2501 2012 Christus
2538 1955 2783 2024 sumptis
2814 1955 3031 2010 levibus
3094 1954 3261 2006 etiam
3329 1953 3619 2006 verborum

331 2037 483 2101 στος,
526 2039 621 2092 καὶ
652 2038 857 2110 μικρὰς
898 2040 1006 2094 τῶν
1043 2042 1219 2112 λόγων
1256 2045 1439 2099 λαϐὼν
1476 2047 1752 2118 ἀφορμὰς,
1786 2066 1934 2117 γενι-

330 2128 445 2198 κὴν
482 2132 720 2184 ποιεῖται
749 2132 851 2200 τὴν
891 2132 1171 2204 ἐξήγησιν,
1219 2138 1313 2190 καὶ
1355 2139 1437 2201 εἰς
1471 2138 1671 2204 πλάτος
1697 2140 1932 2206 ἐξέλκων

329 2226 402 2280 τὰ
440 2227 531 2295 ἐφ’
565 2227 688 2292 ἐνὸς
734 2230 1082 2301 πράγματος,
1130 2233 1297 2302 ἤγουν
1342 2232 1422 2297 εἷς
1465 2253 1520 2288 τι
1568 2235 1735 2308 μέρος
1788 2237 1933 2302 ἰδίως

331 2319 647 2390 εἰρημένα,
697 2320 959 2376 πλουσίαν
1014 2325 1125 2387 τοῖς
1177 2323 1474 2395 ὁρωμένοις
1536 2327 1781 2396 εἰσφέρει
1834 2327 1934 2398 τὴν

331 2412 550 2481 ὄνησιν,
581 2412 881 2484 οἰησόμεθά
914 2412 1032 2477 πως
1084 2416 1187 2471 κάν
1213 2415 1391 2488 τούτῳ
1432 2417 1610 2487 λέγειν
1646 2419 1829 2484 αὐτὸν,
1859 2419 1934 2483 ὡς

332 2504 383 2556 εἱ
412 2504 491 2573 μή
524 2521 613 2567 τις
655 2503 981 2573 ἀπονίψαιτο
1021 2504 1110 2560 διὰ
1154 2505 1248 2577 τῆς
1285 2506 1449 2560 αὐτοῦ
1475 2512 1695 2580 χάριτος
1728 2509 1820 2561 τὸν
1870 2510 1936 2562 ἐκ

331 2593 436 2663 τῆς
468 2593 750 2664 ἁμαρτίας
787 2594 1008 2647 καὶτοῦ
1045 2595 1385 2666 πλημμελεῖν
1428 2597 1723 2668 μολυσμὸν,
1768 2599 1936 2670 ἀμέτ-

333 2702 463 2755 οχος
495 2685 653 2738 ἐσται
684 2686 784 2755 τῆς
823 2688 952 2757 παρ’
987 2686 1152 2740 αὐτοῦ
1180 2687 1344 2759 ζωῆς,
1370 2690 1465 2743 καὶ
1491 2690 1588 2760 τῆς
1625 2689 1732 2743 τῶν
1772 2692 1937 2761 οὐρα-

334 2777 447 2831 νῶν
486 2776 767 2847 βασιλείας
796 2777 1060 2846 ἄγευστος
1093 2779 1377 2850 ἀπομενεῖ.
1422 2781 1497 2834 Οῦ
1523 2782 1632 2854 γὰρ
1655 2785 1767 2846 τοῖς
1800 2785 1938 2837 ἀκα-

335 2869 561 2943 θάρτοις
586 2871 669 2933 εἰς
696 2870 794 2934 τὰς
834 2871 950 2925 ἄνω
996 2870 1164 2941 μονὰς
1195 2872 1418 2926 εἰσιέναι
1450 2872 1630 2944 θέμις,
1663 2876 1799 2928 ἀλλὰ
1826 2879 1938 2940 τοῖς

333 2963 429 3017 διὰ
448 2964 550 3036 τῆς
580 2965 661 3027 εἰς
693 2964 932 3036 Χριστὸν
962 2965 1183 3036 ἀγάπης
1216 2965 1457 3036 καθαρὸν
1500 2966 1682 3037 έχουσι
1721 2968 1782 3020 τὸ
1816 2985 1940 3023 συν-

334 3058 501 3124 ειδὸς,
541 3059 640 3112 καὶ
668 3058 1024 3130 ἡγιασμένοις
1072 3061 1129 3113 ἐν
1180 3058 1457 3131 Πνεῦματι
1508 3059 1597 3114 διὰ
1638 3060 1730 3114 τοῦ
1781 3060 1939 3129 ἁγίου

337 3150 745 3221 βαπτίσματος.

411 3242 589 3312 Λέγει
634 3241 797 3308 αὐτῷ
838 3242 1037 3309 Σίμων
1089 3243 1341 3311 Πέτρος*
1386 3244 1596 3312 Κύριε,
1652 3243 1740 3313 μὴ
1797 3244 1939 3310 τοὺς

2037 2049 2433 2105 occasionibus
2486 2051 2800 2120 generalem
2866 2048 3268 2119 expositionem
3320 2045 3508 2108 faciat,
3568 2052 3623 2098 et

2035 2156 2158 2211 quae
2192 2140 2261 2195 de
2298 2158 2405 2195 una
2457 2159 2515 2196 re
2576 2151 2671 2195 aut
2741 2150 2894 2213 parte
2944 2156 3048 2194 una
3088 2138 3444 2209 peculiariter
3474 2138 3621 2190 dicta

2035 2240 2167 2287 sunt
2200 2233 2366 2287 latius
2396 2234 2722 2293 extendens.
2759 2233 3100 2288 abundantia
3148 2232 3267 2284 utili
3301 2230 3620 2297 locupletet,

2035 2322 2212 2392 ipsum
2250 2325 2415 2378 etiam
2450 2326 2539 2381 hic
2570 2326 2756 2379 dicere
2784 2323 3104 2394 putabimus
3138 2321 3307 2390 quod,
3340 2320 3448 2375 nisi
3493 2319 3622 2394 quis

2036 2430 2134 2484 per
2150 2416 2276 2484 ejus
2310 2418 2543 2486 gratiam
2574 2416 2767 2470 sordes
2806 2431 2869 2471 ex
2910 2421 3137 2485 peccato
3164 2418 3482 2468 contractas
3527 2410 3623 2464 ab-

2035 2506 2223 2572 luerit,
2266 2509 2546 2578 particeps
2606 2507 2828 2569 futurus
2870 2522 2981 2561 non
3023 2511 3096 2562 sit
3132 2506 3257 2559 vita:
3290 2518 3412 2573 qua:
3450 2502 3520 2556 ab
3556 2515 3625 2554 eo

2039 2605 2246 2663 manat,
2288 2606 2343 2652 et
2379 2598 2530 2670 regni
2566 2599 2833 2653 caelorum
2886 2613 3082 2668 expers
3140 2609 3457 2650 mansurus.
3511 2590 3625 2646 Nec

2036 2692 2184 2747 enim
2218 2691 2300 2747 fas
2340 2703 2427 2747 est
2469 2692 2702 2762 impuris
2748 2693 2807 2747 in
2844 2705 3119 2760 supernas
3174 2688 3490 2742 mansiones
3538 2685 3625 2739 in-

2037 2782 2214 2853 gredi,
2242 2783 2339 2839 sed
2372 2783 2468 2853 qui
2500 2800 2597 2852 per
2626 2782 2986 2837 dilectionem
3016 2781 3068 2834 in
3107 2780 3386 2834 Christum
3429 2791 3621 2846 puram

2041 2873 2248 2928 habent
2280 2873 2708 2938 conscientiam,
2737 2880 2791 2927 et
2823 2869 3157 2927 sanctiticati
3186 2880 3314 2924 sunt
3338 2868 3390 2921 in
3413 2865 3621 2937 Spiritu

2038 2980 2137 3036 per
2163 2974 2423 3021 sanctum
2466 2965 2763 3035 baptisma.

2124 3232 2263 3300 XIII,
2295 3231 2350 3288 9.
2375 3231 2512 3287 Dicit
2540 3232 2588 3287 ei
2613 3230 2798 3286 Simon
2836 3228 3026 3285 Petrus
3053 3242 3071 3281 :
3104 3226 3343 3285 Domine.
3372 3241 3475 3279 non
3504 3234 3625 3277 tan-

335 3337 535 3401 πόδας
561 3354 684 3405 μου
697 3336 922 3406 -μόνον,
953 3335 1115 3391 ἀλλὰ
1156 3335 1255 3390 καί
1284 3336 1391 3403 τὰς
1427 3336 1653 3407 χεῷας,
1680 3336 1779 3392 καί
1826 3337 1942 3407 τὴν

2045 3337 2154 3382 tum
2181 3327 2336 3397 pedes
2366 3342 2529 3394 meos,
2560 3322 2652 3380 sed
2680 3332 2730 3378 et
2762 3339 2950 3377 nmnus
2980 3332 3028 3376 et
3065 3327 3245 3389 caput.

336 3425 643 3496 κεφαλήν.

422 3518 487 3571 '0
518 3518 790 3588 τοσαύτην
828 3520 962 3589 ἡμῖν
995 3517 1196 3589 ἀρτίως
1231 3518 1503 3586 ἐπιδείξας
1529 3521 1627 3592 τὴν
1667 3519 1937 3586 ἔνστασιν,

339 3611 438 3664 καὶ
494 3609 817 3681 ἀπαυδήσας
859 3609 1101 3681 ἐναργῶς
1139 3611 1254 3664 τοῖν
1298 3612 1479 3665 ποδοῖν
1521 3613 1621 3685 τὴν
1661 3612 1939 3683 ἀπόνιψιν,

336 3703 440 3773 οὐχ
498 3702 651 3765 ὅπως
703 3701 904 3763 αὐτοὺς
960 3701 1296 3772 παρατίθησι
1379 3703 1595 3771 μόνους,
1650 3703 1786 3758 ἀλλὰ
1846 3705 1943 3757 καὶ

337 3793 535 3863 χεῖρας
578 3790 674 3845 καὶ
720 3792 984 3862 κεσαλήν.
1025 3792 1089 3846 Εἰ
1134 3791 1244 3864 γὰρ
1293 3793 1563 3865 μέλλοιμι,
1604 3797 1759 3865 φησί,
1801 3797 1941 3850 ἀπο-

338 3883 635 3937 πεσεῖσθαι
683 3884 772 3937 διὰ
822 3882 1015 3937 τούτου
1064 3884 1165 3954 τῆς
1204 3883 1341 3956 πρὸς
1385 3885 1446 3937 σὲ
1499 3886 1804 3954 κοινωνίας,
1850 3890 1945 3942 καὶ

340 3975 570 4046 μακράν
602 3992 703 4028 που
744 3974 959 4028 κεῖσθαι
1004 3975 1112 4031 τῶν
1147 3978 1205 4029 ἐν
1247 3976 1462 4030 ἐλπίσιν
1505 3978 1745 4045 ἀγαθῶν,
1780 3981 1828 4032 εἰ
1866 3982 1941 4050 μή

340 4085 426 4120 σοι
474 4068 573 4119 καὶ
615 4066 776 4120 τοῦτο
806 4068 942 4138 δρᾷν
986 4067 1223 4121 ἐθέλοντι
1259 4069 1352 4121 καὶ
1398 4069 1743 4140 προελομένῳ
1772 4088 1943 4124 κατα-

337 4158 625 4226 νεύσαιμι,
653 4159 746 4209 καὶ
783 4156 1111 4228 ἀπονίψαιμι
1133 4158 1262 4221 τοὺς
1296 4159 1481 4224 πόδας,
1520 4160 1823 4231 παραθήσω
1849 4161 1943 4214 καὶ

338 4251 409 4303 τὰ
437 4248 631 4313 λοιπὰ,
683 4247 781 4319 τὴν
827 4248 971 4301 οὕτω
1016 4246 1458 4320 φρικωδεστάτην
1492 4250 1697 4320 ζημίαν
1743 4268 1953 4323 παραι-·

339 4342 632 4413 τοῦμενος.
670 4341 971 4405 Εὑλαϐείας
995 4338 1087 4395 οὖν
1110 4336 1180 4412 ἦν
1216 4341 1325 4412 ἄρα
1358 4343 1566 4413 καρπὸς
1599 4344 1632 4413 ή
1664 4345 1721 4395 ἐν
1749 4345 1945 4414 ἀρχαῖς

345 4430 717 4506 πιραίτησιςζ
760 4434 856 4487 καὶ
894 4432 955 4485 τὸ
999 4432 1263 4503 δυσαχθές
1282 4414 1526 4497 δεδιότος
1551 4433 1645 4487 τοῦ
1689 4434 1947 4506 πράγμα-

340 4544 455 4590 τος,
490 4526 617 4595 οὐχὶ
643 4526 706 4595 δὴ
735 4526 950 4588 πάντως
991 4526 1442 4595 ἀντιπράττοντος
1467 4528 1577 4589 τοῖς
1595 4527 1945 4589 Δεσποτικοῖς

339 4617 722 4685 ἐπιτάγμασιν
776 4617 1019 4669 -Ὲννοῶν
1059 4635 1118 4670 τε
1149 4617 1278 4687 γὰρ,
1322 4617 1397 4680 ὡς
1435 4617 1592 4688 ἔφην,
1626 4619 1723 4687 τήν
1763 4634 1819 4669 τε
1850 4617 1944 4670 τοῦ

2112 3509 2219 3576 Qui
2260 3511 2424 3564 modo
2459 3515 2748 3577 tantopere
2780 3504 3003 3567 restitit,
3036 3510 3091 3559 et
3128 3502 3294 3574 pedes
3321 3500 3421 3555 sibi
3457 3498 3628 3552 lavari

2043 3613 2235 3674 aperte
2277 3601 2494 3667 renuit,
2531 3616 2641 3655 non
2684 3608 2894 3652 tantum
2931 3612 3026 3652 eos
3062 3596 3208 3649 ultro
3267 3593 3494 3663 profert,
3532 3589 3629 3645 sed

2043 3702 2098 3749 ct
2129 3708 2329 3748 manus
2360 3700 2416 3747 et
2448 3697 2639 3761 caput.
2671 3689 2803 3743 Nam
2836 3688 2882 3743 si
2920 3704 2948 3741 a
2978 3695 3074 3741 tuo
3104 3684 3389 3740 consortio
3424 3681 3631 3737 idcirco

2046 3788 2424 3841 removendus
2464 3799 2613 3849 sum,
2657 3783 2856 3852 inquit,
2898 3791 2952 3836 et
3007 3797 3039 3836 a
3072 3780 3233 3836 bonis
3266 3795 3388 3848 qua:
3449 3780 3629 3845 posita

2045 3886 2179 3934 sinit
2219 3879 2275 3933 in
2314 3893 2413 3948 spe
2449 3874 2856 3935 excludendus,
2897 3875 3001 3928 nisi
3036 3873 3132 3927 tibi
3175 3873 3279 3925 hoc
3339 3886 3504 3939 agere
3536 3884 3630 3923 vo-

2048 3970 2179 4025 lenti
2215 3968 2594 4037 statuentique
2626 3982 2898 4031 annuero,
2922 3974 2975 4019 et
3004 3964 3170 4033 pedes
3192 3963 3438 4025 abluero,
3466 3960 3626 4016 exhi-

2046 4065 2188 4119 bebo
2223 4064 2388 4118 etiam
2424 4062 2658 4131 reliqua.
2696 4060 2893 4114 nolens
2941 4057 3193 4113 terribile
3233 4056 3337 4110 hoc
3363 4055 3631 4108 damnum

2048 4155 2353 4208 incurrere.
2414 4149 2743 4206 Reverentia
2807 4148 2975 4218 igitur
3021 4162 3087 4202 ac
3153 4153 3302 4200 metu
3357 4145 3632 4214 principio

2048 4245 2363 4307 recusabat,
2401 4242 2730 4314 gravitatem
2784 4240 2863 4296 rei
2898 4242 3321 4311 pertimescens,
3375 4254 3485 4293 non
3523 4238 3634 4291 uti-

2047 4352 2156 4407 que
2183 4336 2328 4405 quod
2364 4334 2578 4389 Domini
2628 4332 2906 4387 mandatis
2944 4332 3249 4386 resisteret.
3291 4328 3428 4383 Cum
3486 4328 3631 4383 enim

2049 4430 2193 4499 apud
2239 4444 2298 4483 se
2328 4433 2630 4497 reputaret,
2681 4425 2885 4495 inquit,
2934 4423 3244 4479 Servatoris
3284 4422 3632 4499 dignitatem,

2047 4497 2099 4570 et
2140 4524 2354 4569 naturae
2378 4530 2494 4569 suae
2522 4513 2848 4577 utilitatem,
2881 4511 3155 4581 principio
3188 4497 3409 4580 quidem
3467 4525 3634 4578 nega-

2051 4608 2182 4662 bat:
2234 4606 2329 4660 sed
2364 4621 2490 4660 cum
2533 4604 2795 4658 damnum
2829 4604 3120 4657 imminere
3148 4600 3433 4655 didicisset
3462 4602 3516 4655 ni
3556 4601 3636 4654 Ωι-
3682 4590 3693 4599 “

341 4708 605 4778 Σωτῆρος
637 4706 817 4772 ἀξίαν,
849 4706 946 4759 καὶ
982 4705 1082 4775 τῆς
1123 4704 1317 4776 ἐαυτοῦ
1357 4705 1570 4772 φύσεως
1618 4705 1678 4756 τὸ
1724 4721 1943 4774 σμικρο-

2050 4706 2223 4760 ceret,
2252 4696 2466 4751 Domini
2498 4696 2795 4751 conifestim
2825 4694 3167 4763 obtemperat
3198 4693 3469 4746 voluntati
3527 4690 3630 4745 Iiic

344 4799 586 4870 πρεπές,
618 4800 839 4869 ἠρνεῖτο
869 4797 968 4868 μὲν
993 4798 1051 4850 ἐν
1081 4799 1306 4867 ἀρχαῖςο
1339 4795 1525 4867 μαθὼν
1554 4795 1609 4847 δὲ
1634 4794 1692 4847 τὸ
1730 4794 1946 4865 βλάϐος,

343 4892 518 4955 εὐθὺς
562 4890 888 4961 μετατρέχει
930 4889 1066 4958 πρὸς
1121 4890 1181 4941 τὸ
1245 4887 1529 4957 βούλεσθαι
1581 4887 1641 4939 τὸ
1686 4885 1764 4956 τῷ
1814 4902 1950 4959 κρα-

345 4985 537 5039 τοῦντι
589 4982 804 5036 δοκοῦν.
867 4982 1150 5051 Ἐπιτήρει
1206 4980 1265 5034 δὲ
1311 4978 1495 5043 πάλιν,
1531 4978 1625 5030 καὶ
1672 4977 1826 5046 δέχου
1889 4977 1951 5029 τὸ

354 5075 747 5146 πεπραγμένον
779 5074 858 5137 εἰς
886 5071 1153 5143 ὠφελείας
1186 5068 1571 5142 ὑπογραμμόν.
1616 5068 1804 5121 Καίτοι
1842 5065 1951 5136 γὰρ

354 5166 625 5238 εἰρηκώςο
667 5185 687 5218 ι
726 5166 801 5220 Οὐ
842 5164 933 5236 ’μὴ
982 5163 1144 5238 νίψῃς
1191 5180 1292 5234 μου
1338 5163 1465 5224 τοὺς
1515 5159 1683 5223 πόδας
1733 5159 1812 5222 εἰς
1860 5159 1953 5211 τὸν

358 5259 567 5323 ιξῶνα,
630 5277 650 5308 ι
697 5257 1019 5329 μεθίσταται
1072 5254 1412 5326 παραχρῆμα
1466 5251 1559 5305 τοῦ
1610 5250 1746 5321 πρὸς
1796 5248 1955 5303 τοῦτο

349 5354 648 5425 βλέποντος
698 5349 815 5415 νοῦ,
866 5350 966 5402 οὐκ
1011 5350 1188 5401 ἐκεῖνο
1247 5346 1480 5417 μάλιστα
1540 5346 1820 5414 ἐννοήσας,
1870 5342 1955 5396 ὅτι

343 5424 625 5517 προσήκοι
648 5445 762 5507 τοῖς
798 5424 950 5505 ἰδ’ίοις
987 5439 1152 5493 αὐτὸν
1195 5438 1504 5508 ἐμμένοντα
1550 5435 1725 5503 λόγοις
1777 5432 1953 5504 ἀληθῆ

342 5535 646 5607 φαίνεσθαι
684 5535 814 5605 παρ’
841 5535 996 5605 ἡμῖν,
1043 5530 1157 5586 ἀλλ’
1196 5530 1277 5583 ὅτι
1322 5529 1543 5599 μείζονα
1576 5526 1669 5580 καὶ
1702 5526 1955 5596 χαλεπω-

341 5636 519 5701 τέραν
545 5627 775 5700 εὑρήσει
804 5624 1033 5697 ζημίαν,
1079 5623 1177 5693 τὴν
1218 5623 1282 5675 ἐκ
1305 5620 1399 5673 τοῦ
1433 5621 1671 5691 τηρῆσαι
1699 5617 1759 5672 τὸ
1797 5620 1950 5689 εἰρη-

349 5721 538 5792 μένον.
572 5716 1043 5790 Παραφυλακτέον
1071 5713 1359 5785 τοιγαροῦν
1383 5712 1445 5763 τὸ
1477 5709 1728 5781 προαλῶς
1757 5726 1809 5761 τι
1857 5710 1952 5763 καὶ

346 5812 669 5885 προχείρως
720 5814 918 5877 εἰπεῖν,
964 5810 1101 5881 μήτε
1133 5808 1229 5879 μὲν
1275 5804 1488 5877 ἀγρίοις
1531 5802 1834 5872 ἐπειγέσθω
1867 5820 1951 5868 τις

2050 4789 2431 4843 animadverte
2466 4804 2682 4849 rursus,
2712 4796 2761 4840 et
2800 4785 3010 4840 factum
3049 4785 3228 4854 ipsum
3284 4783 3338 4837 in
3382 4784 3636 4853 praescri-

2052 4891 2202 4952 ptum
2220 4889 2274 4935 et
2298 4881 2539 4951 regulam
2567 4880 2753 4934 utilem
2783 4893 2937 4947 cape.
2954 4877 3218 4943 Quamvis
3244 4877 3387 4930 enim
3410 4876 3635 4939 dixerit,

2056 4992 2075 5024 ι
2123 4971 2243 5027 Non
2280 4972 2491 5027 lavabis
2520 4971 2652 5025 mihi
2682 4971 2852 5040 pedes
2878 4970 2930 5024 in
2956 4976 3249 5032 :cternum,
3284 4987 3303 5019 ι
3342 4969 3635 5022 consilium

2052 5071 2236 5118 tamen
2275 5079 2340 5119 ac
2377 5073 2612 5119 mentem
2638 5063 2827 5117 statim
2865 5068 3077 5143 undat,
3110 5077 3220 5115 non
3241 5060 3356 5129 jam
3388 5061 3636 5129 cogitans

2054 5156 2269 5210 ﬁrmum
2303 5165 2357 5210 et
2385 5161 2733 5211 constantem
2779 5153 2833 5207 in
2879 5152 3044 5207 dictis
3077 5151 3350 5207 manendo
3389 5166 3635 5205 veracem

2052 5248 2224 5303 videri
2260 5255 2533 5317 oportere,
2565 5246 2663 5301 sed
2701 5247 2968 5311 majorem
3007 5245 3432 5314 gravioremqne
3456 5243 3639 5312 jactu—

2053 5355 2168 5393 ram
2206 5339 2313 5393 sibi
2353 5337 2646 5392 imminere
2677 5334 2842 5408 724
2874 5336 2919 5390 si
2961 5335 3129 5390 dictis
3163 5336 3397 5391 steterit.
3421 5334 3638 5388 Caven-

2052 5430 2181 5485 dum
2224 5430 2411 5499 itaque
2458 5446 2528 5485 ne
2560 5430 2689 5499 quid
2742 5444 3088 5499 praepropere
3129 5444 3193 5482 ac
3234 5436 3437 5482 temere
3488 5427 3640 5481 dica-

2058 5540 2183 5580 mus
2211 5541 2224 5577 :
2255 5539 2434 5594 neque
2466 5539 2594 5579 vero
2626 5525 2753 5593 quis
2781 5522 2999 5578 acerbis
3032 5520 3260 5576 vocibus
3296 5519 3558 5581 incessat,
3591 5520 3641 5574 si

2058 5615 2189 5686 quid
2221 5631 2288 5670 ex
2322 5617 2547 5671 levitate
2577 5626 2632 5670 et
2691 5612 3161 5671 inconsiderantia
3218 5611 3484 5683 reiectum
3541 5613 3643 5666 sit-

2059 5711 2153 5775 sed
2189 5710 2234 5764 si
2271 5709 2402 5779 quid
2443 5709 2608 5764 alicui
2649 5707 2944 5769 exciderit,
2975 5722 3040 5761 ac
3103 5721 3228 5760 mox
3292 5720 3389 5776 per
3424 5703 3643 5761 inﬁcia-

2061 5803 2266 5856 tionem
2324 5801 2529 5855 bonum
2561 5799 2785 5871 aliquod
2840 5813 2903 5854 ac
2960 5799 3096 5853 utile
3152 5806 3207 5851 et
3266 5796 3638 5852 necessarium
