4104 6446
491 527 639 597 quod
677 529 804 583 usui
860 528 934 584 sit
999 526 1181 583 facere
1239 526 1453 592 conari,
1507 540 1679 596 quam
1739 524 1915 595 loqui,
1975 530 2071 577 aut

493 618 700 674 frustra
739 618 1108 683 contendere,
1143 619 1301 687 quasi
1335 632 1460 673 cum
1516 618 1731 671 ratione
1783 616 2066 684 loquatur.

490 708 668 763 Nemo
701 709 905 780 quippe
938 725 1045 763 non
1077 709 1445 779 praestabilius
1468 746 1482 772 ,
1514 708 1733 777 opinor,
1785 704 2067 768 fatebitur,

491 800 787 855 verborum
816 816 981 871 quam
1008 815 1192 855 rerum
1229 799 1677 855 necessariarum
1715 796 1862 852 ferre
1890 797 2069 860 iactu-

494 902 635 942 ram.
670 887 776 944 Sed
814 890 1063 958 procula
1094 890 1281 959 lingua
1307 897 1498 944 nostra
1533 888 1911 958 juramentum
1970 885 2066 950 sit,

490 978 563 1033 ob
602 980 815 1034 subitas
841 991 891 1035 et
927 980 1346 1035 inconsideratae
1383 980 1586 1035 mentis
1622 994 1809 1043 voces,
1854 986 1904 1033 et
1947 993 2069 1047 quae

488 1070 640 1123 velut
670 1085 734 1125 ex
771 1072 1100 1126 necessitate
1126 1072 1404 1126 interdum
1430 1071 1688 1125 accidunt
1709 1069 2064 1124 mutationes.

491 1158 744 1230 Magnum
776 1161 923 1216 enim
958 1171 1043 1217 est
1072 1177 1251 1231 operte
1281 1161 1518 1233 pretium
1554 1162 1797 1231 linguam
1829 1162 2065 1217 circum-

490 1261 735 1323 spectant
761 1252 984 1316 habere,
1012 1269 1115 1308 nec
1148 1255 1206 1308 in
1240 1268 1302 1310 ea
1343 1269 1467 1324 qua:
1510 1255 1698 1309 minus
1729 1255 2067 1308 conveniunt

487 1344 887 1415 prolabentem.
931 1344 1037 1399 Sed
1073 1346 1204 1416 quia
1243 1361 1354 1400 rem
1392 1344 1621 1399 arduam
1687 1359 1812 1400 esse
1837 1359 2066 1416 prorsus

486 1433 607 1504 ipse
657 1450 878 1506 quoque
944 1436 1111 1492 nobis
1142 1435 1365 1493 divinus
1419 1450 1604 1493 sermo
1667 1436 2060 1491 demonstrat:

490 1541 510 1575 ι
545 1524 813 1595 Linguam
839 1525 986 1579 enim
1015 1527 1202 1581 nullus
1236 1526 1523 1582 hominum
1552 1527 1779 1581 domare
1803 1534 2005 1597 potest,
2036 1544 2057 1578 ι

485 1624 547 1668 ιιι
580 1617 845 1687 scriptum
895 1627 980 1673 est
1000 1619 1075 1682 ⁷⁸,
1114 1634 1425 1675 sermonem
1490 1619 1629 1674 citra
1677 1619 2060 1688 juramentum

1493 318 1551 376 S.
1592 317 1871 377 CYBILLI
1912 315 2381 372 ALEXANDRINI
2410 314 2731 375 ARCHIEP.

493 442 777 506 appareat,
811 450 878 491 ex
940 434 1049 490 hoc
1104 433 1228 489 loco
1282 433 1543 490 observet
1586 435 1749 506 longe
1802 442 2055 503 praestare

2171 432 2388 495 τόνοις..
2425 470 2439 483 .
2470 470 2485 485 .
2516 470 2530 484 .
2562 470 2575 483 .

3649 310 3759 369 120

2615 469 2628 482 .
2662 429 2722 483 τὸ
2755 431 2819 483 ἐκ
2842 428 3172 500 προπετείας
3196 424 3543 482 ἀποπτυσθέν
3563 462 3578 489 ,
3618 422 3755 478 ἀλλά

2172 524 2274 578 κάν
2318 540 2370 576 τι
2420 521 2673 589 λέγεὰθαι
2719 521 2899 592 συμϐῇ
2949 520 3100 591 παρά
3153 536 3337 581 τινων,
3378 513 3499 571 εῐτά
3543 533 3597 571 τι
3646 517 3754 569 τῶν

2171 612 2393 681 ἀγαθῶν
2457 613 2553 667 καὶ
2617 614 3056 683 ἀναγκαιοτέρων
3111 612 3438 684 ἀφανίζηται
3511 610 3601 666 διὰ
3656 611 3753 679 τῆς

2170 706 2494 770 ἐνστάσεως,
2549 706 2856 774 ἐπαθρείτω
2901 706 2989 760 διὰ
3042 705 3151 760 τῶν
3196 705 3570 778 προκειμένων
3596 745 3612 766 ,
3671 704 3748 757 ὅτι
3790 718 3799 726 ·

2170 796 2305 849 πολὺ
2330 796 2450 850 λίαν
2482 799 2538 850 ἐν
2567 796 2811 867 ἀμείνοσι
2847 798 2908 850 τὸ
2938 798 3012 869 μὴ
3055 797 3234 867 λέγειν
3268 798 3455 865 ἀπλῷς
3510 796 3605 850 καὶ
3636 797 3735 850 δια-

2169 887 2435 941 τείνεσθαι
2468 889 2664 960 μάτην,
2697 890 2778 943 ὅτι
2802 889 3048 953 δεδωκὼς
3083 890 3167 960 εἴη
3194 889 3368 959 λόγον,
3398 889 3658 961 πράττειν
3696 887 3755 939 δὲ

2173 980 2374 1048 μᾶλλον
2421 981 2735 1049 ἐπείγεσθαι
2773 981 2834 1035 τὸ
2862 981 3156 1044 λυσιτελές.
3211 982 3471 1054 Κρεῖττον
3514 982 3643 1049 γὰρ,
3671 975 3755 1032 οἷ-

2173 1087 2290 1141 μαι,
2323 1072 2430 1135 πᾶς
2469 1088 2553 1134 τις
2597 1073 2733 1141 ἐρεῖ,
2785 1071 2843 1125 ἐν
2891 1071 3071 1140 λόγοις
3119 1072 3264 1142 ἡμᾶς
3299 1070 3590 1141 ὑπομεῖναι
3615 1084 3755 1140 γρα-

2170 1162 2358 1236 φὴν.ἦ
2409 1165 2756 1234 πραγμάτων
2807 1164 3121 1232 ἀναγκαίων
3165 1160 3368 1233 ζημίαν
3403 1161 3752 1231 ὑφίστασθαι.

2181 1255 2426 1308 Ἀπέστω
2458 1254 2513 1308 δέ
2542 1255 2786 1326 γλώττης
2824 1256 2921 1326 τῆς
2953 1256 3229 1328 ἡμετέρας
3259 1255 3319 1309 τὸ
3360 1253 3591 1327 ὀμνύναι
3621 1272 3756 1308 παν⁸

2166 1344 2357 1409 τελῶς,
2390 1344 2476 1398 διὰ
2522 1346 2621 1409 τὰς
2672 1344 2995 1416 προχείρους
3036 1361 3096 1398 τε
3148 1343 3242 1398 καὶ
3274 1343 3332 1410 ἐξ
3374 1343 3599 1416 ἀκρίτου
3632 1342 3751 1395 δια-

2166 1436 2313 1499 νοίας
2347 1435 2550 1504 φωνάς.
2598 1436 2693 1488 καὶ
2741 1437 2838 1499 τὰς
2888 1434 2998 1487 ἐσθ’
3033 1435 3122 1488 ὅτε
3156 1431 3559 1504 συμϐαινούσας
3585 1431 3662 1495 ώς
3691 1430 3752 1496 ἐξ

2166 1528 2411 1596 ἀνάγκης
2440 1526 2759 1597 μεταῦολάς.
2796 1526 2980 1591 ’Ἄξιον
3007 1525 3105 1597 μὲν
3130 1524 3238 1596 γὰρ
3266 1525 3361 1579 καὶ
3390 1523 3751 1594 ἀξιοζήλωτον

2164 1620 2330 1682 ὅντως
2358 1619 2473 1692 ἐρεῖ
2498 1636 2582 1681 τις
2614 1618 2675 1671 τὸ
2704 1617 2948 1685 γλῶτταν
2978 1617 3121 1688 ἔχειν
3149 1618 3512 1688 ἐπιστήμονα,
3547 1617 3640 1670 καὶ
3669 1618 3751 1681 είς

483 1708 654 1763 ullum
686 1708 1056 1779 proferamus.
1090 1709 1249 1765 'l‘unc
1278 1713 1425 1766 enim
1455 1711 1500 1766 si
1534 1710 1664 1780 quid
1700 1709 2055 1780 pra-tergredi

2157 1711 2199 1765 ’ἀ
2226 1710 2300 1782 μὴ
2329 1712 2603 1783 προσῆκεν
2639 1711 2886 1779 ὀλιγάκις
2927 1708 3406 1763 διολισθαίνουσαν.
3445 1707 3663 1778 Ἐπειδὴ
3694 1707 3751 1760 δὲ

484 1807 705 1868 tempus
735 1802 1051 1872 contigerit,
1095 1802 1277 1857 minor
1308 1803 1416 1857 erit
1439 1803 1623 1873 culpa,
1655 1809 1709 1856 et
1742 1802 1924 1856 minus
1958 1800 2055 1856 erit

2165 1802 2223 1854 τὸ
2251 1803 2485 1872 πρᾶγμα
2513 1799 3018 1867 δυσκαταγώνιστον
3076 1800 3172 1854 καὶ
3206 1798 3366 1863 αὐτὸς
3397 1799 3529 1870 ἡμῖν
3555 1801 3583 1853 ὁ
3609 1798 3752 1862 θεῖος

485 1888 542 1943 in
585 1889 740 1960 lapsu
766 1890 1239 1959 reprehensionis,
1273 1891 1384 1946 sed
1407 1890 1589 1957 facile,
1624 1899 1683 1944 ut
1716 1905 1862 1955 reor,
1896 1906 1922 1943 a
1957 1889 2055 1945 Dec

2163 1890 2446 1961 παρέδειξε
2487 1890 2671 1959 λόγος·
2707 1912 2722 1942 ιι
2762 1892 2872 1962 Τὴν
2905 1889 3011 1960 γάρ
3051 1889 3295 1958 γλῶτταν
3325 1889 3500 1952 οὐδεὶς
3527 1888 3751 1943 δύναται

485 1980 703 2036 veniam
743 1996 1174 2051 consequemur,
1210 1982 1281 2037 ob
1333 1982 1610 2037 levitatem
1664 1996 1788 2052 qua:
1844 1988 2055 2036 nostras

2161 1982 2462 2054 ἀνθρώπων
2518 1983 2781 2054 δαμάσαι,
2819 2004 2837 2036 ι
2878 1984 3021 2037 κατὰ
3078 1984 3140 2037 τὸ
3197 1980 3515 2053 εἰρημένον·
3568 1981 3747 2050 ὅρκων

484 2071 847 2141 cogitationes
878 2071 996 2127 fere
1044 2073 1362 2127 comitatur.
1407 2091 1425 2124 ι
1470 2071 1684 2128 Delicta
1725 2071 1871 2127 enim
1938 2070 2055 2140 quis

2160 2074 2451 2146 ἐλευθέραν
2481 2075 2579 2146 τὴν
2605 2074 2714 2127 τῶν
2746 2075 2921 2142 λόγων
2965 2072 3248 2145 ποιώμεθα
3277 2072 3580 2145 προφορὰν.
3614 2065 3748 2125 Τότε

484 2164 781 2234 intelliget,
821 2183 840 2218 ι
875 2174 936 2219 ut
976 2165 1245 2234 scriptum
1277 2164 1446 2230 est",
1482 2172 1579 2218 aut
1637 2163 1911 2234 quomodo
1951 2179 2055 2218 non

2158 2165 2265 2235 γὰρ
2315 2165 2369 2218 εῐ
2406 2181 2459 2217 τι
2519 2165 2614 2216 καὶ¹
2653 2164 2942 2235 παρελθεῖν
2980 2165 3289 2233 ἀναγκάσαι
3341 2164 3549 2234 καιρὸς.
3594 2164 3747 2234 μεῖον

481 2256 752 2310 ceciderit
787 2265 1043 2312 terrenus
1082 2257 1273 2321 homo,
1303 2270 1427 2312 cum
1476 2271 1659 2312 sermo
1720 2256 1773 2309 in
1830 2255 2054 2325 quidvis

2161 2256 2312 2310 ἔσται
2343 2256 2404 2308 τὸ
2433 2255 2814 2326 κατηγόρημα,
2847 2256 2940 2308 καὶ
2972 2255 3342 2327 μετριωτέραν
3366 2253 3477 2319 ἕξει
3504 2253 3565 2306 τὸ
3596 2256 3747 2306 πταῖ-

484 2343 642 2400 facile
670 2346 1204 2418 erumpat‘lLingua
1260 2347 1406 2404 enim
1441 2356 1633 2404 nostra
1694 2347 1837 2401 haud
1896 2345 2055 2401 facile

2162 2362 2275 2415 σμα
2322 2347 2424 2416 τὴν
2475 2346 2721 2417 γραφήν·
2778 2345 3012 2409 εὐκόλως
3047 2345 3092 2399 δ’
3126 2343 3214 2411 ἂν,
3266 2342 3438 2414 οἶμαι,
3494 2343 3588 2397 καὶ
3642 2342 3744 2414 τῆς

482 2439 728 2493 coerceri
766 2450 968 2501 potest.

2160 2435 2314 2506 παρά
2344 2434 2481 2489 Θεοῦ
2514 2454 2597 2499 τις
2628 2435 2955 2507 συγγνώμης
2982 2436 3251 2500 τεύξεται,
3278 2436 3364 2490 διὰ
3391 2434 3488 2507 τὴν
3513 2435 3597 2488 ἀεί
3626 2451 3743 2496 πως

480 2529 611 2599 ἡμῖν
638 2535 1030 2606 παρεπομένην
1056 2534 1164 2588 τῶν
1190 2534 1465 2606 λογισμῶν
1488 2534 1770 2606 ἐλαφρίαν.
1808 2553 1826 2585 ι
1867 2530 2301 2603 Παραπτώματα
2337 2531 2443 2602 γὰρ
2480 2531 2564 2596 τίς
2635 2532 2885 2603 mitiﬁcet;
2923 2551 2942 2583 ι
3004 2530 3146 2586 κατὰ
3213 2532 3275 2586 τὸ
3338 2530 3740 2603 γεγραμμένον,

480 2622 513 2694 ἢ
549 2623 667 2687 πῶς
702 2625 802 2679 οὐκ
840 2624 906 2680 ἀν
951 2626 1246 2698 διαπταίσῃ
1288 2628 1477 2699 γήϊνος
1555 2627 1862 2698 ἄνθρωπος,
1902 2624 2185 2696 λειοτάτην
2232 2625 2446 2695 ἔχοντος
2488 2624 2582 2679 τοῦ
2635 2624 2793 2695 λόγου
2841 2624 2940 2696 τὴν
2987 2626 3069 2690 είς
3146 2625 3325 2680 ὁτιοῦν
3388 2625 3743 2697 ἀποδρομήνς

477 2716 698 2772 Γλῶττα
731 2719 837 2792 γὰρ
866 2720 899 2791 ἠ
933 2723 991 2776 ἐν
1022 2722 1157 2791 ἡμῖν
1182 2722 1246 2775 οὐ
1282 2720 1401 2776 λίαν
1424 2721 1736 2791 εὖκάτοχος.

548 2808 691 2874 XIII,
733 2810 820 2873 10,
853 2812 940 2866 II.
979 2811 1116 2865 Dicit
1142 2812 1189 2867 ei
1219 2810 1413 2867 Iesus:
1447 2812 1553 2878 Qui
1604 2813 1746 2867 lotus
1797 2822 1899 2875 est,
1953 2827 2054 2865 non

2232 2805 2399 2876 Λέγει
2425 2806 2586 2871 αὑτῷ
2616 2810 2649 2861 d
2682 2807 2911 2875 Ἰησοῦς
2929 2826 2941 2838 ·
2974 2808 3027 2861 '0
3047 2809 3418 2878 λελουμένος
3444 2811 3516 2863 οὐ
3535 2812 3747 2879 χρείαν

477 2901 675 2973 indiget
703 2904 810 2958 nisi
839 2912 898 2957 ut
927 2905 1081 2974 pedes
1124 2904 1280 2968 lavet,
1312 2905 1403 2959 sed
1427 2914 1504 2960 est
1528 2904 1755 2959 mundus
1784 2914 1946 2960 totus.
1982 2902 2051 2956 Et

2157 2900 2301 2969 ἕχει,
2328 2897 2366 2967 ἢ
2387 2899 2529 2965 τοὺς
2556 2898 2745 2966 πόδας
2778 2900 3092 2969 νίψασθαι,
3132 2901 3270 2956 ἀλλ’
3309 2902 3439 2956 ἐστι
3488 2906 3746 2973 καθαρὸς

476 3006 566 3046 eos
595 2991 777 3047 mundi
808 2988 957 3060 estis,
998 2994 1089 3048 sed
1125 3010 1230 3048 non
1264 3011 1464 3050 omnes.
1497 2995 1711 3050 Sciebat
1733 2996 1875 3048 enim
1905 2992 2054 3063 quis-

2157 2990 2321 3055 ὅλος.
2358 2989 2466 3044 Καὶ
2501 2992 2669 3059 ὑμεῖς
2697 2992 2944 3058 καθαροί
2976 2992 3139 3056 ἐστε,
3167 2994 3308 3048 ἀλλ’
3333 2995 3466 3063 οὐχί
3494 2996 3742 3063 πάντες.

477 3098 602 3138 nam
636 3093 771 3139 esset
799 3085 890 3154 qui
930 3086 1159 3140 traderet
1194 3102 1332 3140 eum.
1368 3086 1657 3155 Propterea
1687 3087 1866 3141 dixit:
1930 3082 2052 3138 Non

475 3175 606 3231 estis
647 3174 834 3228 ntundi
865 3192 1064 3230 omnes.

549 3268 592 3319 A
656 3281 715 3321 re
775 3266 1054 3321 communi
1091 3274 1145 3322 et
1179 3267 1380 3322 usitata
1418 3268 1562 3338 apud
1597 3284 1701 3324 nos
1734 3271 2052 3342 exemplum

477 3357 643 3427 capit,
700 3362 755 3410 et
793 3357 1184 3426 percommode
1235 3358 1721 3428 reprehensionem
1781 3362 2054 3432 proditori

478 3448 668 3511 struit,
697 3447 905 3504 docens
945 3447 1223 3503 hominem
1258 3458 1505 3505 mutasse
1533 3451 1851 3514 consilium,
1883 3459 1940 3506 et
1986 3451 2055 3507 ad

477 3539 755 3595 deteriora
833 3554 1188 3595 conversum.
1267 3540 1509 3598 Tametsi
1583 3544 1729 3598 enim
1809 3543 2053 3599 nondum

478 3640 669 3702 aperte
706 3633 1039 3687 temeritatis
1083 3633 1203 3703 ejus
1232 3633 1466 3688 crimina
1524 3632 1831 3705 redarguit,
1872 3649 2054 3690 acrem

477 3732 666 3778 tamen
692 3723 997 3793 emphasim
1031 3723 1199 3779 habet
1230 3728 1425 3780 oratio.
1462 3724 1569 3781 Per
1600 3740 1722 3795 quae
1770 3726 1918 3780 enim
1950 3741 2056 3781 caa-

479 3815 609 3868 teris
639 3813 938 3884 perfectam
970 3804 1261 3885 puritatem
1291 3817 1509 3879 tribuit,
1548 3832 1645 3888 per
1689 3815 1807 3871 hzec
1863 3816 2052 3871 eadem

429 3915 799 3977 ~~suspectum
829 3906 1007 3962 reddit
1028 3924 1151 3963 eum
1184 3910 1279 3979 qui
1313 3911 1442 3964 talis
1478 3924 1588 3963 non
1631 3909 1739 3974 sit,
1767 3917 1822 3964 et
1865 3909 2054 3980 inqui-

477 4006 664 4052 natmn
699 3998 959 4053 ostendit.
991 3999 1128 4057 Aliis
1159 4002 1306 4056 enim
1332 4003 1452 4072 ejus
1481 4001 1772 4074 discipulis
1810 4011 1865 4059 et
1903 4003 2054 4075 jngis

477 4086 638 4159 725
664 4089 1009 4143 assiduitatis
1031 4091 1204 4161 gloria
1226 4129 1242 4154 ,
1313 4101 1367 4146 et
1389 4093 1776 4149 assectationis
1800 4093 1974 4158 labor,
1997 4102 2053 4149 et

475 4181 533 4233 in
562 4180 669 4235 tide
697 4181 931 4237 ﬁrmitas
970 4190 1136 4254 atque
1164 4184 1500 4247 constantia,
1549 4194 1603 4239 et
1645 4187 1886 4252 perfecta
1920 4201 2050 4256 erga

475 4270 756 4354 (ihristum
796 4271 1040 4327 charitas
1097 4273 1387 4341 puritatem
1447 4273 1743 4328 conciliat:
1779 4274 2049 4344 proditori

2162 3079 2329 3151 ’ῌδει
2358 3080 2467 3149 γὰρ
2494 3083 2602 3134 τὸν
2634 3081 3039 3150 παραδιδόντα
3074 3086 3279 3140 αὐτόν.
3319 3086 3424 3141 Διὰ
3450 3086 3625 3142 τοῦτο
3658 3084 3744 3143 εἴ·

2157 3188 2291 3232 πεν.
2324 3171 2413 3225 ὅτι
2445 3173 2592 3241 Οὐχὶ
2628 3172 2897 3246 [πάντες]
2928 3177 3173 3244 καθαροί
3208 3176 3369 3232 ἐστε.

2227 3262 2452 3332 Δέχεται
2506 3262 2607 3332 μὲν
2653 3265 2719 3316 ἐκ
2761 3264 2870 3316 τῶν
2916 3266 3036 3327 καθ’
3068 3268 3214 3336 ἡμᾶς
3246 3267 3354 3321 ἀπὸ
3386 3268 3568 3324 κοινοῦ
3602 3270 3744 3342 πρά-

2155 3369 2365 3423 γματος
2392 3353 2453 3405 τὸ
2482 3352 2851 3425 παράδειγμα,
2877 3354 3207 3427 εὐαφόρμως
3234 3376 3294 3411 τε
3317 3358 3637 3429 διαπράττει
3662 3361 3743 3433 τῷ

2156 3441 2392 3515 προδότῃ
2423 3442 2514 3495 τὸν
2554 3442 2795 3515 ἔλεγχον,
2834 3445 3328 3514 μεταϐουλεύεσθαί
3360 3465 3419 3502 τε
3448 3448 3739 3517 διδάσκων,

2156 3535 2250 3588 καὶ
2278 3534 2658 3603 μετατίθεσθαι
2689 3539 2768 3600 εἰς
2800 3536 2912 3602 ἕξιν
2945 3538 3043 3609 τὴν
3079 3538 3286 3609 ἀμείνω
3309 3539 3402 3593 τὸν
3428 3540 3739 3611 ἄνθρωπον.

2154 3625 2218 3677 Ei
2250 3624 2359 3696 γὰρ
2393 3625 2485 3678 καὶ
2514 3624 2665 3679 οὔπω
2692 3627 2912 3697 γυμνῶς
2950 3630 3049 3698 τῆς
3078 3628 3303 3700 ἐνούσης
3340 3629 3488 3702 αὐτῷ
3513 3631 3741 3685 δυσϐου-
3794 3700 3799 3703 μ

2154 3713 2274 3779 λίας
2299 3715 2591 3788 ἀπελέγχει
2628 3718 2697 3772 τά
2747 3718 3091 3791 ἐγκλήματα,
3129 3721 3243 3775 ἀλλ’
3276 3718 3368 3775 οὖν
3400 3739 3460 3790 γε
3487 3722 3740 3795 δριμεῖαν

2152 3809 2181 3861 ὁ
2212 3807 2368 3878 λόγος
2398 3808 2510 3879 ἔχει
2537 3809 2635 3882 τὴν
2665 3810 2921 3882 ἔμφασιν.
2948 3814 3026 3866 Δι’
3054 3807 3131 3867 ὧν
3158 3813 3264 3886 γὰρ
3295 3817 3406 3879 τοῖς
3431 3815 3609 3879 ἀλλοις
3638 3814 3739 3887 τὴν

2153 3902 2233 3964 εἰς
2263 3901 2552 3973 ὀλόκληρον
2588 3903 2933 3975 καθαρότητα
2964 3909 3251 3979 μαρτυρεῖ,
3284 3907 3523 3962 ὕποπτον
3550 3907 3736 3978 δηλον·

2151 3993 2236 4046 ότι
2267 3993 2358 4046 τὸν
2397 3995 2473 4065 μὴ
2527 3992 2768 4048 τοιοῦτον
2821 3995 3148 4067 καθίστησι,
3190 3997 3284 4050 καὶ
3328 3997 3736 4068 μεμολυσμένον

2152 4085 2512 4139 ἀποδεικνύει.
2548 4087 2673 4151 Τοῖς
2707 4088 2804 4157 μὲν
2838 4089 2945 4158 γὰρ
2981 4091 3189 4160 ἑτέροις
3227 4090 3391 4144 αὐτοῦ
3432 4092 3734 4163 μαθηταῖς,

2153 4176 2244 4229 καὶ
2275 4176 2336 4228 τὸ
2364 4179 2464 4247 τῆς
2488 4179 2901 4249 ἀπερισπάστου
2938 4181 3293 4252 προσεδρείας
3331 4182 3614 4254 καύχημα,
3643 4182 3735 4235 καὶ

2150 4267 2242 4322 τὸν
2270 4267 2369 4338 τῆς
2405 4269 2813 4340 ἀκολουθήσεως
2847 4272 3028 4339 πόνον,
3074 4274 3168 4327 καὶ
3200 4273 3259 4327 τδ
3295 4274 3510 4344 βέϐαιον
3545 4278 3603 4328 ἐν
3641 4274 3735 4327 πί-

477 4376 606 4416 vero
629 4369 682 4414 et
701 4360 1105 4431 inexplicabilis
1134 4363 1383 4417 avaritize
1398 4362 1629 4422 crimen.
1655 4372 1709 4418 et
1735 4363 2054 4419 dilectionis

2159 4374 2295 4421 στει,
2324 4359 2416 4412 καὶ
2454 4361 2514 4413 τὸ
2553 4361 2757 4432 πλῆρες
2779 4364 2836 4416 ἐν
2866 4363 3054 4438 ἀγάπῃ
3081 4368 3144 4436 τῇ
3181 4365 3308 4435 περὶ
3349 4366 3604 4436 Χριστὸν,
3633 4365 3735 4437 τὴν

474 4466 602 4520 erga
632 4449 923 4505 Dominum
947 4459 1200 4508 nostrum
1234 4453 1419 4507 Jcsum
1449 4451 1729 4507 Christum
1760 4452 2054 4508 infirmitas

475 4548 733 4596 aeternam
766 4540 944 4595 labem
978 4540 1184 4604 inurit,
1238 4548 1291 4594 et
1320 4538 1774 4609 incomparabilis
1831 4537 2054 4593 temeri-

476 4629 607 4685 tatis
670 4636 857 4684 notam
918 4630 1207 4702 imprimit.
1258 4627 1397 4684 Cum
1458 4644 1591 4699 ergo
1649 4629 1905 4684 Christus
1940 4629 2052 4689 ait,

481 4735 501 4769 ι
525 4718 633 4775 Vos
657 4718 849 4775 mundi
875 4719 1032 4779 estis,
1067 4718 1161 4773 sed
1191 4733 1299 4773 non
1334 4732 1549 4781 omnes,
1572 4736 1591 4770 ι
1624 4717 1898 4772 occultam
1930 4717 2054 4787 qni—

475 4810 621 4875 dem,
660 4820 1036 4865 verumtamen
1067 4808 1370 4878 proditoris
1431 4807 1621 4862 utilem
1660 4809 2051 4878 reprehensio-

476 4914 599 4955 nem
629 4901 894 4956 continet.
919 4899 1161 4955 Tametsi
1191 4899 1335 4954 enim
1361 4914 1470 4953 non
1494 4906 1682 4968 aperte
1708 4900 2049 4969 loqueretur,

478 4997 537 5042 ut
571 5005 744 5059 nuper
776 4991 1040 5051 diximus,
1066 4996 1248 5041 tamen
1284 4988 1626 5043 conscientia
1677 5003 2050 5057 unumquem-

474 5095 583 5150 que
632 5090 978 5151 peccatorcm
1038 5081 1338 5149 pungebat,
1392 5087 1447 5133 et
1506 5079 1798 5134 verborum
1836 5081 1944 5133 vim
1983 5079 2049 5134 ad

474 5181 689 5227 sontem
738 5173 916 5241 ipsum
963 5170 1106 5224 velut
1129 5186 1195 5225 ex
1231 5170 1565 5225 necessitate
1589 5169 1827 5239 quadam
1862 5170 2049 5224 trahe-

473 5263 586 5317 hat.
622 5260 871 5317 Observa
905 5266 1090 5313 autem
1128 5259 1217 5314 hic
1250 5261 1554 5331 singularis
1607 5260 2047 5334 dispensationis

472 5365 528 5409 ct
565 5353 676 5408 Deo
706 5351 885 5421 dignm
919 5351 1196 5420 patientia:
1235 5368 1396 5423 opus.
1435 5353 1493 5407 Si
1544 5354 1690 5407 enim
1732 5364 1919 5425 aperte
1964 5357 2044 5409 di-

474 5449 645 5501 xisset
700 5445 825 5515 quis
887 5444 1210 5515 proditurus
1269 5454 1440 5509 esset,
1496 5446 1743 5503 infensos
1788 5449 1853 5501 'ci
1905 5450 2045 5504 alios

477 5537 727 5601 fecisset,
765 5546 819 5591 et
840 5547 1084 5591 extrema
1109 5553 1344 5608 qumque
1375 5538 1558 5593 fersan
1604 5541 1850 5605 tulisset,
1881 5549 2045 5611 atquc

546 5716 593 5749 "
631 5714 747 5773 Jac.
786 5732 874 5782 ut,
905 5718 960 5774 8.
1036 5719 1082 5753 "
1121 5719 1264 5776 Psal.
1298 5736 1430 5775 xvnt
1455 5764 1470 5789 ,
1510 5721 1596 5777 15.

2151 4448 2497 4520 καθαρότητα
2532 4449 2811 4522 προξενεῖ·
2843 4453 2920 4525 τῷ
2967 4471 3030 4523 γε
3079 4456 3187 4526 μὴν
3234 4457 3426 4528 ἑτέρῳ,
3459 4458 3553 4510 καὶ
3602 4457 3735 4510 αὐτὸ

2121 4540 2251 4607 ,τῆς
2297 4540 2573 4612 ἀπλήστου
2623 4543 3061 4616 φιλοχρηματίας
3109 4548 3169 4600 τὸ
3214 4547 3488 4619 ἔγκλημα,
3539 4550 3630 4602 καὶ
3670 4548 3734 4602 τὸ

2150 4631 2374 4695 ἀσθενὲς
2400 4633 2481 4698 εἰς
2505 4634 2744 4689 διάθεσιν
2768 4639 2867 4709 τὴν
2899 4640 3025 4708 περὶ
3074 4641 3165 4692 τὸν
3204 4639 3407 4709 Κύριον
3434 4640 3592 4710 ἡμῶν
3632 4639 3734 4711 Ἰη-

2152 4720 2278 4774 σοῦν
2310 4721 2401 4775 τὸν
2429 4723 2660 4794 Χριστὸν
2700 4727 2798 4797 τὴν
2839 4728 3189 4781 ἀνέκλειπτον
3219 4730 3411 4801 κηλῖδα
3467 4731 3731 4802 προστρί-

2151 4813 2320 4875 ϐεται,
2354 4815 2450 4868 καὶ
2486 4816 2585 4887 τῆς
2616 4818 2947 4889 ἀσυγκρίτου
2975 4820 3293 4886 δυσϐουλίας
3334 4823 3426 4875 τὸν
3458 4823 3732 4893 μολυσμὸν

2148 4903 2384 4974 ἐμποιεῖ.
2419 4906 2585 4961 Ὀταν
2624 4907 2803 4963 τοίνυν
2853 4908 2987 4983 λέγῃ
3030 4912 3299 4984 Χριστός·
3330 4933 3349 4965 ι
3385 4914 3524 4985 Ἤδη
3571 4914 3728 4986 ὑμεῖς

2148 4993 2379 5067 καθαροί
2407 4997 2551 5061 ἐστε,
2584 4997 2699 5051 ἀλλ’
2731 4999 2851 5071 οὐχὶ
2897 5005 3113 5069 πάντως
3144 5025 3160 5055 ι
3201 5003 3315 5076 [γρ.
3360 5004 3602 5078 πάντες],
3622 5024 3727 5065 χε-

2148 5087 2460 5157 κρυμμένον
2515 5090 2614 5159 μέν
2662 5091 2813 5155 ἐστι,
2874 5093 3012 5165 πλὴν
3070 5096 3325 5168 ἐπωφελῆ
3369 5096 3445 5167 τῷ
3493 5097 3731 5173 προδότῃ

2149 5177 2379 5229 ποιεῖται
2418 5175 2510 5229 τὸν
2558 5177 2796 5247 ἔλεγχον.
2849 5181 2910 5233 Et
2955 5182 3062 5254 γὰρ
3101 5184 3195 5238 καὶ
3248 5184 3321 5255 μὴ
3369 5183 3473 5253 ἔψη
3519 5183 3725 5253 σαφῶς,

2146 5263 2397 5334 καθάπερ
2434 5265 2637 5336 ἀρτίως
2669 5268 2970 5339 εἰρήκαμεν
2993 5313 3008 5336 ,
3048 5270 3163 5323 ἀλλ’
3192 5266 3260 5342 ἦν
3306 5272 3363 5324 ἐν
3403 5270 3616 5341 ἑκάστῳ
3647 5269 3728 5322 δι-

2148 5356 2313 5421 κάζον
2340 5355 2403 5409 τὸ
2446 5358 2702 5421 συνειδὸς.
2736 5360 2830 5413 καὶ
2862 5361 3176 5415 διακεντοῢν
3224 5363 3315 5416 τὸν
3352 5364 3724 5435 ἡμαρτηκότα,

2154 5447 2245 5500 καὶ
2278 5445 2374 5516 τὴν
2399 5446 2504 5497 τῶν
2531 5446 2836 5516 εἰρημένων
2858 5448 3087 5520 δύναμιν
3114 5451 3365 5521 καθάπερ
3395 5450 3452 5517 ἐξ
3481 5450 3726 5516 ἀνάγκης

2154 5533 2349 5589 καλοῦν
2378 5535 2468 5588 ἐπὶ
2496 5535 2585 5589 τὸν
2608 5538 2876 5593 ὑπαίτιον.
2920 5540 3118 5594 Ἐννόει
3152 5540 3207 5593 δὲ
3234 5541 3381 5607 ὅπως
3416 5539 3727 5609 οἰκονομίας
