4104 6428
537 349 643 406 ii")

1552 350 1608 402 S.
1639 347 1916 404 (ZYRILLI
1953 346 2420 403 ALEXANDRINI
2446 345 2765 404 AllCHlEP.

3684 353 3785 409 12!

536 467 949 527 documentum,
983 477 1089 517 non
1115 464 1443 533 simpliciter
1473 463 1550 518 ait
1580 482 1591 518 :
1641 464 2116 530 Quemadmodum

2223 460 2418 515 ἑαυτοῦ
2473 460 2763 532 μαθηταῖς,
2812 458 3012 530 μᾶλλον
3056 459 3112 512 δὲ
3153 460 3223 513 δι’
3254 461 3476 516 ἐκείνων
3526 466 3637 527 τοῖς
3702 468 3803 523 ἀνὰ

536 571 638 627 ego
669 556 774 609 lavi
808 557 976 624 pedes
1014 552 1262 621 vestros,
1314 556 1395 610 sic
1423 563 1478 609 et
1510 570 1608 610 vos
1644 554 1823 609 facere
1858 555 2109 610 debetis:

537 644 633 701 sed
689 645 873 714 potius
915 645 1238 714 dignitatem
1285 660 1441 699 suam
1473 646 1625 716 prius
1657 646 1914 713 explicat.
1971 654 2027 700 et
2083 662 2114 700 a

538 747 735 791 natura
785 738 890 791 sibi
943 738 1163 793 insitam
1203 737 1544 790 nobilitatem
1589 752 1931 807 proponens,
1995 740 2113 808 ipsa

538 844 601 885 re
655 830 838 884 inanis
890 830 1078 900 gloriae
1115 828 1347 899 cupidos
1380 828 1696 909 confundit.
1735 850 1752 880 ι
1794 828 1902 884 Vos
1940 831 2109 896 enim,

540 922 742 991 inquit,
776 923 988 977 vocatis
1027 937 1112 975 me
1185 921 1449 975 Dominus
1497 930 1552 976 et
1582 920 1859 991 Magister,
1889 932 1945 976 et
1978 923 2116 977 bene

539 1014 746 1072 dicitis.
783 1029 903 1068 smn
962 1014 1183 1067 etenim.
1227 1032 1245 1064 ι
1280 1011 1525 1068 Observa
1575 1021 1756 1067 autem
1789 1030 1900 1083 quo
1956 1025 2117 1084 pacto

539 1103 748 1157 interea
784 1103 912 1156 dum
943 1102 1208 1169 loquitur,
1238 1102 1589 1156 aediticationi
1621 1117 1843 1172 quoque
1878 1102 2115 1157 creden-

538 1194 672 1246 tium
703 1192 1005 1261 provideat,
1035 1203 1090 1247 et
1122 1193 1415 1262 impiorum
1453 1192 1836 1248 haereticorum
1867 1195 2113 1263 linguam

536 1282 850 1350 petulantiae
888 1283 1100 1350 plenam
1135 1298 1245 1337 non
1275 1284 1515 1353 ignoret.
1557 1283 1694 1337 Cum
1729 1284 1875 1339 enim
1914 1286 1982 1339 ad
2031 1286 2116 1340 di-

536 1372 783 1439 scipulos
821 1388 953 1428 suos
993 1373 1236 1427 dixerit:
1281 1393 1299 1425 ι
1339 1373 1451 1429 Vos
1482 1376 1692 1431 vocatis
1733 1392 1818 1431 me
1850 1376 2115 1434 Dominus

532 1471 589 1518 et
615 1463 896 1533 Magister,
924 1484 943 1516 ι
985 1480 1055 1519 ηε
1095 1466 1222 1534 quis
1251 1467 1596 1521 existimaret
1638 1478 1834 1522 natura
1891 1471 2112 1539 quidem

536 1555 716 1623 ipsum
765 1570 873 1609 non
915 1571 1040 1611 esse
1079 1555 1369 1611 Dominum
1420 1573 1599 1629 neque
1632 1558 1979 1631 Magistrum,
2018 1565 2111 1617 sed

535 1652 796 1714 tanquam
836 1645 1061 1701 humoris
1108 1646 1228 1700 loco
1265 1648 1468 1703 habere
1530 1649 1676 1705 hanc
1731 1666 1762 1704 a
1821 1652 2116 1723 discipulis

536 1737 987 1807 appellationem,
1021 1740 1340 1794 necessario
1391 1740 1625 1805 addidit,
1674 1742 1895 1796 illorum
1934 1746 2116 1816 suspi-

536 1806 724 1884 ciones
752 1821 1028 1896 evertens,
1060 1849 1078 1882 ι
1119 1828 1183 1883 Ει
1223 1832 1362 1886 bene
1390 1832 1621 1888 dicitis:
1659 1849 1780 1889 sum
1822 1837 2046 1890 etenim.
2088 1856 2108 1889 ι
2149 1806 2187 1863 Β

536 1917 649 1973 Nec
687 1920 831 1973 enim
868 1921 1071 1975 nudum
1097 1921 1331 1977 honoris
1359 1938 1559 1978 nomen
1585 1925 1820 1997 adeptus
1846 1936 1929 1983 est
1957 1928 2110 1995 illud,

540 2009 823 2076 Dominus,
846 2013 1007 2068 sicuti
1032 2029 1158 2078 nos,
1182 2017 1274 2086 qui
1302 2015 1490 2071 famuli
1525 2034 1873 2075 remanemus
1896 2032 2113 2088 natura,

538 2105 794 2183 quamvis
826 2121 921 2175 per
975 2108 1136 2177 727
1189 2110 1422 2177 gratiam
1477 2111 1661 2180 dignis
1717 2115 2035 2169 nominibus
2062 2124 2115 2170 et

538 2203 793 2247 naturam
848 2198 1240 2254 excedentibus
1291 2200 1588 2256 illustrati:
1634 2203 1727 2258 sed
1782 2213 1865 2259 est
1916 2215 2115 2261 natura

537 2282 825 2353 Dominus,
858 2288 1132 2345 universis
1164 2290 1334 2345 rebus
1377 2292 1689 2362 imperans,
1727 2304 1786 2348 ut
1828 2296 1991 2359 Deus.
2046 2299 2113 2353 ad

536 2390 700 2444 quem
731 2377 935 2431 dictum
967 2389 1052 2433 est
1099 2380 1307 2437 alicubi
1362 2398 1496 2438 voce
1536 2383 1878 2444 Psalmistae:
1921 2408 1939 2440 ι
1977 2390 2114 2456 Quia

536 2467 720 2519 omnia
750 2468 1002 2522 serviunt
1039 2470 1138 2525 tibi
1161 2472 1226 2524 ⁷³.
1267 2491 1285 2524 ι
1327 2472 1423 2527 Est
1456 2484 1640 2529 autem
1670 2487 1725 2531 et
1769 2487 1967 2534 natura
2000 2498 2112 2535 ma-

534 2557 745 2627 gister:
797 2562 979 2617 omnis
1013 2565 1160 2618 enim
1197 2566 1477 2635 sapientia
1539 2580 1623 2625 est
1688 2586 1717 2623 a
1776 2571 2026 2641 Domino,
2062 2585 2117 2630 et

533 2650 713 2705 omnis
766 2640 1137 2724 intelligentia
1163 2672 1261 2727 per
1318 2660 1519 2729 ipsum.
1579 2660 1919 2732 Sapientiam
1967 2666 2113 2721 enim

534 2740 672 2795 indit
722 2744 1035 2813 spiritibus,
1090 2755 1148 2801 ut
1204 2750 1503 2819 sapientia,
1545 2764 1599 2808 et
1653 2758 1801 2808 omni
1850 2766 2117 2813 creatum

532 2834 809 2899 rationali,
847 2838 1059 2893 caelesti
1089 2853 1153 2893 ac
1191 2847 1427 2896 terrente
1455 2847 1865 2902 convenientem
1902 2848 2115 2903 intelle-

533 2934 681 2979 ctum
722 2928 932 2983 inserit.
986 2930 1464 2995 Quemadmodum
1508 2938 1654 2991 enim
1693 2938 1812 3009 ipse
1869 2955 1991 2994 eum
2043 2941 2116 2996 sit

533 3018 840 3072 secundum
868 3030 1121 3074 naturam
1153 3024 1291 3085 vita,
1320 3027 1503 3080 omnia
1537 3028 1663 3083 vita:
1699 3033 1926 3100 capacia
1972 3033 2113 3087 vivi—

2215 553 2395 604 πᾶσαν
2441 550 2541 621 τὴν
2586 549 2691 619 γῆν
2748 549 2809 602 τὸ
2862 550 2960 619 τῆς
3022 553 3519 624 ταπεινοφροσύνης
3578 555 3803 627 μάθημα

2213 641 2407 707 διδοὺς,
2461 640 2556 710 οὐχ
2605 639 2792 703 ἁπλῶς
2848 657 3032 712 φησιν,
3089 642 3171 695 ὅτι
3220 642 3430 716 Ὠσπερ
3482 642 3594 711 ἐγὼ
3646 644 3803 716 ἔνιψα

2215 732 2369 803 ὑμῶν
2396 732 2523 794 τοὺς
2568 730 2755 797 πόδας,
2788 730 2931 784 οὕτω
2979 732 3073 785 καὶ
3116 732 3274 803 ὑμεῖς
3311 734 3555 802 ὀφείλετε
3596 739 3798 790 πιιεῖν·

2216 823 2599 896 προεξηγεῖται
2639 822 2695 875 δὲ
2738 822 2937 892 μᾶλλον
2981 823 3043 876 τὸ
3095 822 3224 877 ίδιον
3272 823 3507 895 ἀξίωμα,
3563 828 3658 880 καὶ⁸
3702 828 3804 899 τὴν

2213 915 2625 985 ἐνυπάρχουσαν
2682 912 2831 984 αὐτῷ
2895 915 3133 985 φυσικὴν
3181 914 3432 971 εῧκλειαν
3486 918 3805 989 παρατιθεὶς

2213 1005 2455 1059 δυσωπεῖ
2480 1005 2559 1076 τῷ
2586 1004 2872 1075 πράγματι
2924 1007 3016 1059 τὸν
3056 1006 3347 1075 φιλόδοξον.
3382 1028 3400 1059 ι
3446 1009 3635 1079 Ὑμεῖς
3672 1011 3802 1082 γὰρ,

2214 1097 2400 1166 φησιν,
2432 1097 2587 1150 αὐτοὶ
2615 1096 2829 1150 καλεῖτέ
2863 1113 2951 1167 με,
2994 1099 3024 1150 6
3052 1097 3255 1168 Κύριος
3281 1100 3375 1153 καλ¹
3396 1103 3424 1154 6
3451 1100 3804 1166 Διδάσκαλος,

2215 1189 2311 1241 καὶ
2356 1189 2539 1252 καλῶς
2579 1187 2788 1257 λέγετε,
2835 1190 2953 1260 εἰμὶ
2999 1188 3129 1261 γάρ.
3169 1209 3187 1241 ι
3226 1191 3509 1262 Ἑπιτήρει
3555 1192 3613 1246 δὲ
3656 1193 3808 1256 ὅπως

2216 1282 2311 1333 καὶ
2358 1281 2559 1351 μεταξὺ
2601 1279 2699 1333 τοῦ
2748 1279 2912 1348 λόγου
2962 1280 3063 1351 τῆς
3108 1280 3216 1334 τῶν
3268 1284 3633 1338 πιστευόντων
3669 1302 3808 1357 προ-

2215 1373 2436 1443 ενόησεν
2472 1373 2783 1444 οἰκοδομῆς,
2818 1374 2914 1426 καὶ
2963 1372 3060 1436 τάς
3104 1373 3215 1427 τῶν
3247 1376 3477 1429 ἀνοσίων
3510 1378 3807 1449 αἱρετικῶν

2214 1468 2314 1518 οὐκ
2354 1466 2592 1536 ἠγνόησε
2641 1466 3044 1535 γλωσσαλγίας.
3086 1467 3303 1537 Ἐπειδὴ
3363 1469 3473 1539 γάρ
3515 1469 3620 1540 ἔφη
3669 1472 3807 1541 πρὸς

2214 1561 2338 1623 τοὺς
2374 1558 2567 1612 ἑαυτοῦ
2606 1558 2881 1630 μαθητάςο
2928 1578 2947 1609 ι
2995 1558 3184 1627 Ὑμεῖς
3238 1559 3455 1612 καλεῖτέ
3491 1577 3579 1631 με,
3620 1562 3649 1614 6
3693 1562 3811 1615 Κύσ

2220 1667 2331 1720 ριος
2357 1652 2451 1703 καὶ
2482 1650 2878 1715 όΔιδάσκαλος,
2907 1670 2925 1703 ι
2959 1651 3045 1704 ἵνα
3082 1651 3155 1721 μή
3180 1667 3265 1715 τις
3296 1650 3474 1722 οἴηται
3506 1652 3666 1721 φύσει
3706 1655 3811 1723 μὲν

2216 1742 2378 1795 αὑτὸν
2401 1744 2501 1796 οὐκ
2535 1738 2674 1796 εἶναι
2704 1742 2906 1812 Κύριον
2932 1742 3055 1795 οὐδὲ
3081 1742 3418 1808 διδάσκαλον,
3443 1742 3587 1814 ἔχειν
3608 1761 3671 1812 γε
3701 1745 3811 1814 μὴν

2215 1834 2290 1897 ὡς
2337 1836 2393 1887 ὲν
2432 1834 2586 1901 τάξει
2633 1833 2800 1903 τιμῆς
2854 1833 3005 1905 παρά
3051 1832 3161 1886 τῶν
3210 1833 3486 1904 ἐσομένων
3534 1834 3682 1905 αὐτῷ
3711 1835 3811 1903 τὴν

2217 1925 2572 1994 ἐπωνυμίαν,
2640 1924 2950 1992 ἀναγκαίως
3012 1923 3367 1993 προστέθεικε
3424 1923 3523 1988 τὰς
3581 1926 3812 1979 ἐκείνων

2217 2017 2453 2088 ἀναιρῶν
2476 2016 2746 2081 ὑπονοίας,
2786 2035 2804 2067 ι
2830 2017 2939 2070 Καὶ
2987 2015 3170 2079 καλῶς
3216 2015 3425 2083 λέγετε’
3469 2017 3583 2087 εἰμὶ
3612 2017 3740 2088 γάρ.
3786 2035 3807 2067 ι

2216 2111 2290 2162 Ού
2335 2109 2444 2178 γὰρ
2478 2107 2631 2177 ψιλὸν
2685 2108 2855 2179 ὄνομα
2913 2107 3174 2175 κέκτηται
3224 2107 3392 2177 τιμῆς
3441 2107 3522 2170 τὸ,
3569 2109 3811 2175 Κύριος,

2216 2201 2468 2270 καθάπερ
2500 2201 2662 2269 ἡμεῖς
2713 2199 2922 2252 οἰκέται
2972 2197 3225 2269 μένοντες
3262 2197 3361 2268 τὴν
3396 2197 3577 2266 φύσιν,
3608 2198 3818 2269 λελάμ-

2218 2292 2521 2363 πρυσμένοι
2553 2306 2616 2357 γε
2650 2289 2757 2360 μὴν
2785 2288 2925 2341 κατὰ
2947 2289 3107 2360 χάριν
3128 2293 3242 2352 τοῖς
3273 2289 3414 2359 ὑπὲρ
3445 2289 3607 2359 φύσιν
3627 2307 3685 2343 τε
3712 2290 3814 2344 καὶ

2215 2386 2384 2449 ἀξίοις
2420 2383 2709 2453 ὀνόμασιν·
2757 2380 2873 2435 ἀλλ’
2914 2380 3030 2434 ἔστι
3070 2384 3136 2451 τῇ
3186 2380 3348 2451 φύσει
3396 2381 3620 2453 Κύριος,
3671 2398 3815 2435 κατ-

2215 2476 2540 2542 εξουσιὰζων
2570 2475 2679 2527 τῶν
2729 2473 2886 2537 ὅλων,
2913 2473 2988 2537 ὡς
3022 2473 3176 2539 Θεὸς,
3203 2473 3338 2542 πρὸς
3371 2474 3429 2527 ὃν
3458 2473 3675 2544 εἴρηταί
3704 2490 3815 2526 που

2214 2568 2302 2622 διά
2345 2567 2445 2637 τῆς
2472 2566 2567 2619 τοῦ
2605 2564 2900 2635 ψάλλοντος
2935 2562 3150 2633 φωνῆς’
3187 2583 3205 2615 ι
3240 2564 3366 2617 Ὅτι
3407 2564 3476 2617 τά
3515 2564 3817 2635 σύμπαντα

2214 2659 2377 2714 δοῦλά
2407 2675 2520 2710 σου.
2556 2675 2575 2709 ι
2613 2656 2763 2710 Ἔστι
2794 2655 2851 2708 δὲ
2875 2657 2941 2726 τῇ
2972 2653 3131 2723 φύσει
3160 2654 3255 2708 καὶ
3281 2654 3635 2719 διδάσκαλςςο
3660 2656 3819 2708 πᾶσα

2217 2751 2325 2822 γὰρ
2356 2749 2516 2818 σοφία
2545 2747 2698 2819 παρὰ
2726 2746 2953 2817 Κυρίου,
2980 2747 3071 2798 καὶ
3095 2747 3245 2800 πᾶσα
3278 2746 3494 2810 σύνεσις
3521 2746 3589 2799 δι’
3614 2747 3816 2800 αὑτοῦ.

2218 2843 2379 2909 Σοφοῖ
2420 2840 2530 2912 γὰρ
2556 2840 2632 2901 ὡς
2676 2838 2837 2905 σοφία
2871 2838 2940 2891 τά
2986 2837 3175 2909 νοητὰ,
3208 2837 3302 2890 καὶ
3348 2837 3498 2909 πάσῃ
3530 2837 3707 2890 κτίσει
3738 2840 3815 2909 τῇ

2215 2933 2428 3003 λογικῇ,
2462 2928 2770 3001 ἐπουρανίῳ
2796 2945 2857 2981 τε
2894 2931 2991 2981 καὶ
3020 2928 3244 2995 ὲπιγείῳ
3270 2928 3368 2999 τὴν
3398 2929 3537 2999 αὐτῇ
3563 2927 3818 2999 πρέπον-

2219 3043 2316 3079 σαν
2368 3022 2644 3097 ὲνσπείρει
2696 3021 2935 3074 σύνεσιν.
2970 3021 3178 3091 Ὄνπερ
3229 3020 3338 3090 γὰρ
3392 3021 3594 3089 τρόπον
3648 3020 3818 3084 αὐτὸς

536 3108 682 3173 licat,
718 3110 795 3163 ita
827 3125 950 3164 cum
991 3112 1065 3166 sit
1096 3114 1216 3183 ipse
1254 3116 1524 3185 sapientia
1585 3116 1799 3185 Patris,
1857 3124 2116 3181 omnibus

2218 3117 2477 3187 ὑπάρχων
2506 3117 2539 3184 ἡ
2578 3112 2721 3166 κατὰ
2748 3112 2908 3181 φύσιν
2956 3110 3091 3182 ζωὴ,
3141 3110 3401 3179 ζωογονεῖ
3441 3110 3508 3163 τά
3538 3110 3718 3164 πάντα
3748 3112 3819 3164 τὰ

456 3194 461 3199 ’
536 3199 678 3255 indit
712 3201 992 3271 sapientia:
1018 3204 1183 3271 dona,
1219 3222 1439 3262 sensum
1467 3210 1726 3266 videlicet
1782 3221 1836 3267 ct
1888 3229 2106 3270 onmem

2215 3207 2362 3276 ζωῆς
2385 3204 2631 3264 δεκτικὰ,
2662 3203 2836 3266 οὕτως
2883 3202 3115 3274 ἐπείπερ
3157 3202 3319 3264 αὑτός
3371 3203 3519 3254 ἐστιν
3561 3204 3595 3271 ἠ
3648 3204 3818 3271 σοφία

537 3294 904 3363 cognitionem
943 3297 1237 3352 bonorum.
1272 3300 1479 3355 Natura
1507 3303 1694 3373 itaque
1724 3307 2110 3362 universorum

2216 3302 2306 3354 τοῦ
2339 3300 2571 3370 Πατρδς,
2601 3300 2768 3352 πᾶσιν
2800 3298 3037 3368 ἐντίθησι
3075 3298 3143 3351 τά
3181 3297 3375 3366 σοφίας
3396 3297 3568 3368 δῶρα,
3604 3299 3818 3369 φρόνη-

537 3383 804 3442 Dominus
834 3396 917 3441 est
949 3404 1014 3444 ac
1071 3392 1333 3463 magister
1362 3393 1559 3449 Filius.
1595 3395 1733 3451 Cum
1794 3413 1894 3468 ego
1925 3399 2111 3468 igitur,

538 3476 737 3547 inquit,
788 3486 973 3535 tantus
1008 3480 1061 3534 in
1101 3482 1297 3552 gloria,
1332 3484 1400 3539 ad
1460 3494 1667 3540 tantam
1710 3503 1797 3543 me
1827 3488 2116 3546 demittere

539 3569 901 3626 humilitatem
931 3589 1037 3627 non
1070 3574 1170 3629 sim
1234 3574 1582 3647 dedignatus,
1625 3586 1685 3632 ut
1720 3579 1885 3633 etiam
1948 3581 2116 3650 pedes

537 3668 753 3717 vestros
781 3662 1031 3728 laverim,
1055 3666 1332 3735 quomodo
1366 3683 1465 3722 vos
1487 3670 1762 3724 recusatis
1786 3671 1928 3725 alter
1956 3673 2112 3727 alteri

537 3749 591 3804 id
622 3749 843 3807 facere?
872 3751 946 3806 Ex
994 3754 1078 3809 his
1113 3764 1296 3810 autem
1333 3756 1495 3812 docet
1553 3775 1658 3813 non
1692 3760 1894 3817 debere
1923 3780 2116 3832 quem-

537 3858 703 3911 quam
741 3854 931 3898 contra
968 3847 1200 3900 aliorqu
1256 3849 1523 3906 honorem
1575 3852 1879 3909 insolenter
1910 3857 2114 3919 efferri,

539 3934 634 3988 sed
704 3936 1029 3993 existimare
1067 3956 1395 3995 conservum
1438 3943 1778 4013 superiorem
1842 3963 1999 4011 esse,
2063 3957 2118 4001 et

538 4025 735 4092 quavis
794 4027 848 4080 in
909 4043 967 4082 re
1021 4031 1471 4099 praeponendum.
1536 4030 1865 4089 Praeclarum
1929 4038 2119 4108 utique

541 4115 927 4173 documentum
959 4139 972 4173 :
1011 4122 1269 4178 modesta:
1297 4124 1442 4177 enim
1474 4127 1639 4180 menti
1674 4139 1728 4181 et
1759 4144 1882 4197 qum
1916 4128 2116 4184 fastum

541 4218 857 4264 contemnat
900 4212 1036 4266 nihil
1077 4220 1162 4269 est
1200 4217 1659 4283 comparandum,
1707 4227 1762 4274 et
1803 4222 1936 4275 nihil
1967 4239 2121 4291 aeque

545 4299 741 4357 fratres
779 4313 830 4358 et
864 4305 1075 4359 amicos
1103 4306 1245 4359 inter
1274 4322 1334 4361 se
1369 4308 1583 4374 dividit,
1637 4324 1701 4363 ac
1754 4313 1969 4367 misera:
2006 4318 2122 4385 glo-

2216 3410 2300 3445 σιν
2328 3391 2567 3462 δηλονότι
2618 3390 2712 3443 καὶ
2741 3390 2921 3443 πᾶσαν
2950 3388 3158 3473 εῐδησιν
3200 3386 3443 3456 ἀγαθῶν.
3487 3387 3653 3441 Φύσει
3701 3405 3820 3443 τοι·

2215 3482 2419 3553 γαροῦν
2443 3482 2553 3537 τῶν
2577 3482 2715 3535 ὅλων
2752 3480 2956 3552 Κύριός
2986 3482 3102 3534 ἐστι
3127 3478 3221 3533 καὶ
3252 3478 3568 3541 διδάσκαλος
3593 3480 3622 3531 ὁ
3653 3480 3815 3541 Υἱός.

2218 3579 2350 3631 Ὅτε
2404 3576 2586 3629 τοίνυν
2632 3577 2662 3628 ό
2730 3574 2902 3646 μέγας
2967 3575 3024 3626 ὲν
3063 3572 3212 3643 δόξῃ,
3248 3571 3343 3625 καὶ
3394 3569 3647 3634 τοσοῦτος
3698 3570 3821 3640 ἐγὼ

2218 3670 2354 3739 πρὸς
2373 3669 2470 3739 τὴν
2490 3666 2633 3721 οὕτω
2679 3665 3031 3737 μικροπρεπῆ
3064 3661 3440 3719 καθικνεῖσθαι
3479 3662 3822 3716 ταπείνωσιν

2217 3763 2275 3815 οὖ
2320 3761 2661 3830 κατοκνήσας
2705 3757 2990 3827 φαίνομαι,
3036 3756 3113 3820 ὡς
3163 3755 3261 3809 καὶ
3303 3756 3430 3818 τοὺς
3463 3754 3618 3823 ὑμῶν
3666 3754 3817 3809 ἀπο-

2218 3851 2366 3918 νίψαι
2417 3848 2602 3913 πόδας,
2659 3848 2777 3910 πῶς
2832 3847 2899 3900 ἂν
2956 3845 3035 3899 ἔτι
3080 3846 3176 3899 καὶ
3214 3846 3392 3916 ὑμεῖς,
3426 3844 3581 3914 φησὶ,
3611 3862 3822 3914 παραι-

2217 3941 2395 3995 τεῖσθε
2430 3940 2678 4011 ἀλλήλοις
2722 3940 2934 4004 ποιεῖν;
2968 3938 3220 3991 Διδάσκει
3266 3938 3320 3991 δὲ
3357 3937 3449 3990 διὰ
3484 3936 3715 3995 τούτων.
3754 3938 3821 3991 τὸ

2224 4033 2297 4101 μὴ
2330 4033 2426 4103 τῆς
2469 4031 2671 4103 ἐτέρων
2708 4030 2875 4099 τιμῆς
2910 4026 3439 4089 καταλαζονεύεσθαι
3470 4027 3664 4095 φιλεῖν,
3694 4026 3820 4079 ἀλλ’

2220 4122 2555 4191 ὑπερφέρειν
2584 4118 2748 4173 αὑτοῦ
2776 4118 2869 4171 καὶ
2889 4117 3253 4188 προτετάχθαι
3294 4117 3438 4170 κατά
3489 4117 3599 4171 πᾶν
3631 4116 3823 4171 ὁτιοῦν

2220 4213 2424 4267 οἴεσθαι
2450 4211 2538 4265 τὸν
2566 4209 2871 4281 ὁμόδουλον.
2916 4208 3093 4262 Καλόν
3116 4226 3181 4277 γε
3217 4208 3421 4279 σφόδρα
3450 4208 3511 4261 τὸ
3539 4206 3776 4279 μάθημα
3803 4225 3817 4239 ο

2224 4305 2567 4375 φρονήματος
2622 4302 2729 4372 γὰρ
2779 4301 3176 4370 ἀφιλοκομπεῖν
3242 4300 3497 4363 εἰωθότος
3569 4300 3671 4352 οὐκ
3721 4299 3823 4360 ἂν.

544 4392 699 4446 riolze
735 4393 1011 4462 impotens
1065 4394 1252 4448 libido.
1306 4393 1534 4465 Semper
1563 4398 1709 4451 enim
1763 4400 1906 4468 quod
1944 4402 2116 4466 majus

2223 4392 2397 4464 οἶμαι,
2429 4394 2513 4456 τὶς
2543 4391 2807 4457 ἐπιδείξαι
2853 4392 2913 4444 τὸ
2958 4392 3092 4455 ἴσον,
3131 4391 3285 4444 οὐδέν
3318 4407 3376 4443 τε
3403 4389 3546 4443 οὓτω
3577 4390 3823 4460 διίστησι

543 4490 629 4536 est
658 4485 990 4552 appetimus.
1022 4492 1076 4538 et
1106 4485 1232 4538 vani
1287 4485 1410 4539 vita:
1442 4486 1608 4555 hujus
1650 4488 1887 4545 honores
1942 4491 2116 4545 Iuhri-

2225 4488 2317 4540 καὶ
2340 4485 2601 4554 ἀδελφοὺς
2641 4484 2735 4538 καὶ
2775 4483 2985 4553 φίλους,
3017 4484 3148 4553 ώςή
3177 4482 3288 4536 τῶν
3325 4482 3525 4535 ἀθλίων
3551 4481 3825 4552 δοξαρὲιον

545 4590 669 4628 eum
706 4583 958 4630 nostrum
998 4575 1247 4630 animum
1280 4578 1509 4648 adigunt
1544 4587 1602 4633 ut
1630 4580 1963 4636 clarioribus
2007 4597 2116 4635 Ina-

2224 4577 2465 4648 άκρατὴς
2508 4576 2794 4646 ἐπιθυμία.
2831 4576 2943 4630 Ἀεὶ
2991 4576 3100 4646 γάρ
3139 4592 3256 4637 πως
3303 4574 3364 4627 τὸ
3400 4575 3582 4644 μεῖζον
3624 4575 3821 4644 αἱρού-

545 4668 630 4735 gis
656 4681 720 4720 ac
750 4669 922 4737 magis
947 4667 1141 4723 inliict.
1178 4669 1249 4725 Ut
1284 4670 1450 4740 igitur
1483 4678 1638 4725 tanto
1675 4674 1867 4727 morbo
1925 4676 2116 4729 liliere-

2230 4670 2385 4741 μεθα,
2429 4671 2523 4723 καὶ
2562 4672 2673 4733 τοῖς
2716 4669 3119 4740 λαμπροτέροις
3166 4667 3437 4738 ὲπιπηδᾷν
3474 4670 3530 4720 αἱ
3575 4667 3822 4721 διάκενοι

550 4771 695 4821 mur,
756 4767 965 4811 actam
1011 4760 1386 4815 detestandam
1438 4762 1717 4818 libidinem
1786 4767 2116 4821 excutiamus

2224 4762 2318 4815 τοῦ
2347 4762 2459 4832 βίου
2489 4764 2644 4831 τιμαὶ
2672 4761 2763 4814 τὸν
2792 4759 3067 4813 εὐόλισθον
3098 4756 3258 4828 ἡμῶν
3285 4757 3636 4811 ἀναπείθουσι
3664 4756 3818 4812 νοῦν.

550 4842 569 4914 (
596 4844 730 4897 nihil
759 4846 905 4898 enim
936 4847 1083 4902 aliud
1114 4857 1199 4903 est
1227 4848 1318 4903 ille
1348 4850 1671 4905 ambitionis
1702 4854 1928 4907 morbus
1962 4868 2116 4924 quam

2230 4856 2347 4909 Ἵνα
2386 4855 2564 4909 τοίνυν
2610 4854 2707 4923 τῆς
2746 4851 3003 4921 τοιαύτης
3052 4848 3446 4922 καταλήξωμεν
3484 4850 3661 4914 νόσου,
3715 4852 3823 4904 καὶ

474 4948 499 5001 χ
551 4937 904 5006 prmstigim),
956 4938 1132 5008 ipsum
1185 4941 1574 4996 universorum
1634 4958 1813 5013 regem
1846 4943 2116 4999 Christun;

2227 4946 2493 5018 τῆςοῦτω
2520 4945 2780 5016 βδελυρῖκ
2807 4943 3259 5013 ἀποπαυσώμεθα
3290 4941 3586 5011 ἐπιθυμίας
3606 4942 3820 5012 (ἀπάτη

551 5037 667 5083 toto
702 5030 886 5085 animo
917 5033 1373 5101 complectamur,
1407 5034 1500 5104 qui
1552 5035 1952 5104 discipulorum
1996 5053 2116 5091 suo-

2225 5040 2355 5108 γὰρ,
2382 5040 2475 5092 καὶ
2511 5038 2699 5109 ἕτερον
2726 5034 2878 5089 οὐδὲν
2910 5035 2971 5088 τὸ
2999 5035 3274 5103 φιλόδοξον
3302 5032 3517 5098 πάθος),
3545 5032 3707 5085 αὐτὸν
3732 5035 3822 5096 είς

554 5134 672 5173 rum
706 5118 873 5188 pedes
913 5121 1121 5177 idcirco
1161 5124 1312 5187 lavit,
1352 5135 1411 5178 ut
1453 5141 1554 5181 nos
1586 5126 1817 5181 invicem
1854 5128 1905 5182 id
1960 5128 2116 5183 facia-

2229 5134 2424 5185 οἰκεῖον
2469 5129 2755 5201 δεχώμεθα
2793 5127 2916 5181 νοῦν
2968 5129 3060 5183 τὸν
3108 5130 3364 5182 ἁπάντων
3420 5126 3643 5195 βασιλέα
3681 5126 3822 5195 Χρι-

555 5225 695 5265 mus.
722 5208 851 5265 .Hoc
876 5213 1018 5266 enim
1046 5223 1204 5283 pacto
1229 5217 1411 5270 omnis
1439 5219 1711 5285 superbiae
1731 5219 1926 5275 modus
1960 5220 2116 5274 inter-

2228 5222 2371 5282 στὸν,
2405 5220 2494 5273 διὰ
2534 5219 2692 5272 τοῦτο
2734 5218 2964 5287 νίψαντα
3010 5219 3117 5272 τῶν
3159 5217 3415 5289 μαθητῶν
3457 5218 3580 5280 τοὺς
3625 5214 3816 5279 πόδας,

553 5301 824 5367 cludetur,
859 5312 913 5357 et
943 5320 1107 5360 omne
1149 5322 1325 5376 genus
1377 5308 1669 5364 mundana:
1695 5300 2008 5367 ambitionis
2044 5327 2116 5368 re-

2228 5312 2313 5366 ἵνα
2345 5314 2436 5366 καὶ
2462 5313 2622 5383 ἡμεῖς
2659 5311 2784 5374 τοὺς
2816 5311 3079 5381 ἀλλήλων.
3122 5311 3219 5364 Διά
3265 5311 3373 5381 γάρ
3420 5309 3607 5361 τούτου
3650 5306 3818 5359 κολα-

556 5397 811 5465 pellclur.
864 5395 1002 5450 Nam
1057 5398 1102 5451 si
1157 5397 1248 5451 ille
1307 5406 1502 5453 natura
1553 5400 1819 5458 Dominus
1868 5404 2116 5474 tanquam

2231 5405 2491 5475 σθῄσεται
2524 5402 2621 5474 μὲν
2648 5402 2791 5465 ἆπας
2822 5403 3135 5468 ἀλαζονείας
3179 5402 3398 5471 τρόπος,
3421 5401 3563 5454 άπαν
3593 5398 3646 5453 δὲ
3675 5392 3820 5460 £60;

554 5503 746 5543 servus
773 5488 953 5544 factus
978 5497 1084 5554 est,
1115 5489 1392 5560 quomodo
1415 5507 1515 5547 nos
1540 5496 1683 5549 servi
1712 5495 1920 5567 aliquid
1953 5498 2114 5553 istius

2231 5494 2500 5565 κοσμικῆς
2546 5492 2850 5562 φιλοδοξίας
2891 5490 3132 5545 ἐκποδὼν
3182 5492 3481 5561 οἰχήσεται.
3526 5490 3589 5543 Εἰ
3636 5488 3742 5556 γάρ
3786 5489 3819 5539 6

558 5579 704 5631 modi
736 5579 879 5635 ferre
907 5582 1045 5634 citra
1079 5579 1424 5650 gravissima:
1455 5598 1626 5654 ptenae
1680 5586 1983 5654 periculum
2041 5602 2116 5641 re-

2232 5587 2390 5657 φύσει
2435 5585 2638 5657 Κύριος
2704 5587 2781 5649 ὡς
2823 5584 3061 5653 οἰκέτης,
3106 5583 3222 5646 πῶς
3273 5583 3334 5636 τὸ
3374 5581 3558 5636 δοῦλον
3607 5579 3705 5632 οὐκ
3746 5577 3818 5631 ἂν

558 5685 792 5727 nuamus
814 5673 837 5704 ⁹
2232 5680 2406 5733 ἕλοιτο
2433 5696 2485 5732 τι
2517 5679 2711 5733 παθεῖν
2735 5679 2843 5732 τῶν
2868 5675 3016 5745 αὐτῷ
3049 5694 3148 5746 πρε
3160 5677 3534 5737 πωδεστάτων,
3559 5673 3652 5726 καὶ
3692 5671 3817 5741 οὐχ).

2240 5771 2423 5825 λοιπὸν
2448 5771 2544 5844 τὴν
2572 5770 2798 5825 ἀπασῶν
2826 5768 3060 5839 ἐσχάτην
3085 5767 3316 5838 ἀποτίσῃ
3341 5767 3495 5836 δίκην
3518 5782 3533 5829 ;

656 5848 678 5879 ⁸
716 5846 866 5905 Psal.
902 5865 1107 5920 cxvut,
1145 5852 1234 5909 9|.
3043 5867 3055 5877 ’
