4104 6428
323 404 431 459 123

1377 398 1392 411 ’
1422 406 1491 462 IN
1528 401 2310 463 IOANNIS'EVANGELIUM
2350 403 2480 458 LIB.
2522 402 2613 456 IX.

3479 399 3584 454 126

401 519 614 589 Ἀμὴν,
643 521 810 592 ἀμὴν
840 521 998 592 λέγω
1022 521 1184 592 ὑμῖν,
1214 525 1326 578 οὐκ
1356 523 1488 579 ἐστι
1517 524 1736 590 δοῦλος
1769 521 1899 592 μεί-

2071 518 2213 584 ΧΙΙΙ,
2246 518 2335 583 16,
2376 520 2457 572 l7.
2500 519 2668 570 Amen
2702 532 2851 569 amen
2880 516 3001 569 dico
3029 515 3194 578 vobis,
3227 533 3329 569 non
3358 524 3435 569 est
3475 534 3586 570 ser-

313 611 431 674 ζων
473 612 580 666 τοῦ
623 613 836 680 κυρίου
868 615 1074 680 αὐτοῦ,
1116 615 1261 670 οὐδὲ
1306 617 1649 682 ἀπόστολος
1691 612 1902 686 μείζων

309 701 425 757 τοῦ
451 701 808 771 πέμψαντος
836 703 1044 757 αὐτόν.
1073 706 1136 758 El
1164 705 1350 759 ταῦτα
1380 704 1603 771 οἴδατε,
1620 703 1903 773 μακάριοί

308 793 480 856 ἐστε,
515 795 626 849 ἐὰν
656 793 865 863 ποιῆτε
890 794 1064 850 αὐτά.

385 885 596 955 Νόμοις
631 885 755 957 lio.
795 885 1018 956 ὅρκοις]
1061 884 1253 954 ὥσπερ
1297 884 1619 952 ἀναγκαίοις
1671 882 1902 954 ὀχυροῦν

310 973 514 1027 ἕπεται
541 974 779 1045 Χριστὸς
819 974 916 1027 τοῦ
955 973 1352 1044 πεπραγμένου
1385 975 1483 1046 τὴν
1511 973 1764 1043 δύναμιν,
1807 973 1902 1025 καὶ

310 1067 746 1137 σφαλερωτάτην
782 1067 1065 1131 παντελῶς
1107 1068 1401 1137 ἀποφαίνει
1435 1066 1534 1137 τὴν
1587 1065 1901 1137 παράϐασιν

306 1158 411 1227 τῆς
438 1157 823 1228 σωτηριώδους
860 1158 1100 1225 ἐντολῆς.
1143 1159 1216 1211 Τὸ
1252 1158 1361 1227 γὰρ
1418 1159 1566 1227 ὅρκῳ
1606 1156 1902 1227 βεϐαιωθέν

306 1249 413 1299 οὐκ
434 1245 776 1315 ἀνέγκλητον
814 1246 927 1316 ἔχει
953 1247 1052 1316 τὴν
1094 1247 1476 1317 παραδρομὴν.
1520 1246 1903 1316 Κατηγόρημα

304 1339 493 1392 τοίνυν
515 1381 529 1401 ,
561 1340 760 1410 φησὶν,
809 1338 1223 1409 ἀπροφάσιστον
1267 1340 1381 1400 τοῖς
1416 1338 1659 1399 οἰκέταις
1684 1379 1698 1401 ,
1738 1338 1785 1389 εί
1824 1336 1900 1408 μὴ

303 1432 377 1486 τὰ
407 1432 501 1484 ἴσα
528 1433 747 1501 φρονεῖν
778 1428 1014 1483 ἐθέλοιεν
1047 1431 1159 1493 τοῖς
1183 1422 1672 1498 ’ἰδίοις-δεσπόταις.
1708 1427 1903 1479 Πλεον-

305 1524 434 1588 εξία
479 1523 592 1594 γὰρ
636 1524 737 1594 ήδη
771 1523 868 1577 καὶ
897 1522 1084 1593 ἕτερον
1122 1521 1295 1587 οὐδὲν,
1330 1521 1391 1574 τδ
1427 1520 1522 1573 τοῦ
1558 1519 1801 1591 μείζονάς
1840 1535 1898 1572 τε

306 1616 407 1669 καὶ
453 1616 600 1687 ὑπὲρ
646 1614 804 1680 ἀξίαν
854 1616 1020 1686 ὲρᾷνο
1074 1614 1395 1676 ἀποστόλοις
1443 1631 1503 1665 τε
1552 1612 1757 1681 ὁμοίως
1803 1610 1904 1682 τὴν

302 1706 484 1777 αὐτὴν
522 1705 589 1758 ἂν
619 1704 845 1768 είκότως
889 1704 1105 1757 ἐποίσαι
1136 1703 1354 1775 γραφὴν
1378 1746 1391 1768 ,
1430 1706 1491 1756 τὺ
1526 1706 1589 1761 ἐν.
1625 1701 1904 1772 ἀμείνοσιν

304 1792 452 1850 εἶναι
485 1795 675 1868 ζητεῖν
700 1838 715 1863 ,
748 1796 781 1867 ἢ
821 1799 879 1850 ὲν
928 1793 1010 1858 οἷς
1047 1799 1196 1850 ἐστιν
1233 1799 1262 1850 ὀ
1306 1795 1631 1857 ἀποστείλας
1682 1793 1899 1855 αὐτούς.

2002 628 2094 666 vus
2122 611 2296 679 major
2326 610 2540 663 domino
2567 625 2685 674 suo,
2715 623 2878 677 neque
2906 606 3181 673 apostolus
3212 606 3386 673 major
3414 617 3490 660 est
3525 623 3585 661 eo

2000 704 2091 774 qui
2116 705 2259 757 misit
2293 703 2467 756 illum.
2508 699 2568 755 Si
2601 702 2711 755 [nec
2740 700 2911 764 scitis,
2951 699 3092 753 beati
3145 700 3318 765 eritis,
3365 698 3411 751 si
3446 698 3585 767 fece-
3627 766 3630 770 .

2002 796 2122 849 ritis
2143 812 2228 849 ea.
3626 776 3632 785 .

2072 885 2412 941 Juramenlis
2455 886 2621 939 veluti
2664 883 3002 938 necessariis
3071 879 3202 936 l‘ac’ti
3259 881 3367 935 vim
3406 880 3585 934 ﬁrmat

2001 977 2278 1042 Christus,
2334 986 2387 1031 et
2443 976 2955 1045 prmrarieationem
3022 975 3285 1030 salutaris
3325 972 3585 1042 prmcepti

2001 1069 2328 1139 periculosa:
2385 1069 2602 1137 plenam
2682 1067 2814 1119 alea:
2882 1066 3145 1120 ostendit.
3214 1064 3371 1130 Quod
3438 1065 3585 1117 enim

1995 1160 2362 1232 jurejurando
2408 1160 2687 1212 ﬁrmatum
2748 1158 2915 1228 728
2969 1167 3075 1223 est,
3111 1172 3217 1211 non
3253 1159 3375 1210 sine
3422 1156 3585 1224 culpa

2003 1252 2463 1323 praetermittitur.
2492 1250 2717 1305 Crimen
2761 1250 2932 1318 igitur
2963 1249 3347 1303 inexcusabile
3403 1247 3587 1301 fatuu-

2003 1348 2179 1402 lorum
2216 1352 2322 1407 est,
2376 1342 2579 1413 inquit,
2611 1341 2963 1394 dominorum
3027 1340 3298 1395 voluntati
3353 1338 3585 1405 obsequi

2005 1440 2168 1494 nolle.
2211 1436 2574 1505 Prmsumptio
2611 1435 2819 1502 quippe
2862 1414 2967 1495 est,
3024 1431 3236 1499 majora
3272 1447 3435 1498 quam
3489 1445 3588 1498 par

2005 1532 2079 1587 sit
2110 1537 2369 1599 appetere
2396 1547 2409 1582 :
2449 1537 2503 1582 et
2535 1526 2773 1596 apnsmli
2802 1525 3058 1579 similiter
3083 1522 3344 1592 culpandi
3376 1521 3508 1583 sint,
3541 1521 3586 1575 si

2005 1621 2128 1689 plus
2182 1618 2286 1673 sibi
2340 1624 2631 1671 assumant
2678 1629 2843 1683 quam
2898 1613 2949 1668 is
3005 1627 3035 1666 a
3087 1627 3199 1682 quo
3234 1610 3388 1665 missi
3433 1618 3585 1664 sunt.

2007 1710 2249 1765 Suﬁiciet
2277 1708 2424 1764 enim
2477 1707 2557 1761 eis
2592 1707 2661 1760 ad
2700 1705 2882 1759 omnis
2935 1703 3205 1757 claritatis
3248 1716 3587 1764 mensuram,

2006 1820 2129 1859 cum
2162 1819 2227 1858 eo
2270 1816 2298 1855 a
2331 1817 2441 1872 quo
2470 1799 2623 1854 missi
2684 1807 2833 1858 sunt,
2866 1796 3114 1865 ejusdem
3148 1809 3272 1848 esse
3333 1792 3587 1862 spiritus.

317 1890 578 1963 Ἀρκὲσει
624 1890 734 1962 γὰρ
782 1889 989 1953 αὐτοῖς,
1034 1890 1113 1954 είς
1146 1888 1396 1953 εὐκλείας
1427 1887 1644 1958 ἀπάσης
1678 1886 1899 1957 μέτρον,

2010 1895 2123 1949 lloe
2156 1902 2340 1949 autem
2380 1891 2518 1946 nihil
2561 1889 2710 1943 aliud
2755 1896 2877 1941 erat
2933 1902 3096 1957 quam
3155 1884 3361 1948 dicere,
3391 1883 3589 1935 Coram

303 1981 404 2035 τοῦ
459 1981 819 2051 πεπομφότος
864 1980 926 2034 τὸ
964 1981 1239 2053 φρόνημα.
1304 1980 1475 2034 Τοῦτο
1528 1979 1583 2032 δὲ
1636 1975 1704 2049 ἦν
1749 1979 1901 2033 οὐδὲν

304 2074 504 2145 ἕτερον
551 2073 584 2141 ἢ
625 2074 803 2125 ἐκεῖνο
838 2071 1056 2136 πάντως
1090 2074 1267 2124 εἰπεῖν
1294 2111 1308 2136 ,
1358 2072 1441 2124 ὅτι
1488 2071 1902 2143 Γελασθήσεσθε

300 2166 539 2228 δικαίως
570 2164 665 2217 ἐπὶ
704 2164 799 2217 τοῦ
842 2163 985 2217 θείου
1019 2162 1265 2233 βήματος
1290 2204 1304 2227 ,
1352 2165 1401 2217 εί
1445 2163 1619 2217 ταῦτα
1646 2163 1780 2235 δρᾷν
1821 2166 1902 2227 εἰς

303 2257 579 2329 ἀλλήλους
626 2257 780 2310 αὐτοὶ
821 2254 1180 2325 παραιτεῖσθε
1227 2256 1294 2309 δι’
1342 2256 1676 2328 ὑπεροψίαν,
1722 2257 1902 2310 καίτοι

302 2348 367 2403 τὸ
421 2348 525 2419 τῆς
569 2348 813 2412 δουλείας
866 2348 1038 2416 ὄνομα
1085 2347 1343 2417 λαχόντες
1381 2349 1594 2412 κοινὸν,
1646 2347 1790 2420 ἆπερ
1823 2351 1904 2412 εἰς

290 2443 459 2511 ,ὑμᾶς
491 2438 636 2508 ἐγὼ,
683 2439 861 2492 καίτοι
916 2438 1055 2493 κατά
1110 2439 1273 2508 φύσιν
1311 2439 1574 2510 ὑπάρχων
1627 2439 1757 2503 Θεὸς
1810 2441 1905 2493 καὶ

304 2532 542 2603 Κύριος.
589 2530 827 2581 ’Ἄτοπον
863 2527 974 2599 γὰρ
1007 2526 1260 2596 ἀληθῶς,
1314 2526 1514 2597 μᾶλλον
1558 2527 1614 2579 δὲ
1658 2527 1759 2597 ἤδη
1806 2529 1904 2597 τῆς

306 2623 581 2676 ἀνωτάτω
626 2619 821 2691 μανίας
859 2620 960 2673 οὐκ
1004 2617 1308 2689 ἀμοιροῦν,
1364 2618 1582 2681 οἰκέτας
1625 2619 1784 2682 ὄντας
1845 2620 1902 2671 ἐν

304 2714 565 2768 ἐλάττοσι
606 2712 700 2765 τοῦ
731 2711 824 2765 καὶ
856 2711 1127 2765 Δεσπότου
1164 2711 1256 2763 καὶ
1304 2710 1727 2774 ἀποστείλαντος
1751 2753 1765 2776 ,
1808 2712 1903 2764 ἐπ-

303 2805 577 2875 ερυθριᾷν
629 2803 846 2866 ἀτόπως
906 2804 974 2874 τῇ
1031 2802 1169 2872 πρὸς
1221 2801 1484 2872 ἀλλήλους
1550 2801 1784 2872 δουλείᾳ.
1839 2803 1901 2855 Εἰ

301 2898 487 2951 ταῦτα
521 2896 707 2949 τοίνυν
740 2895 855 2947 ἴστε
878 2935 893 2958 ,
935 2894 1072 2965 φησὶ
1099 2934 1112 2956 ,
1147 2893 1294 2946 τοῦτ’
1326 2893 1474 2946 ἔστιν
1497 2934 1511 2958 ,
1544 2897 1592 2948 εί
1625 2898 1763 2948 νοεῖν
1808 2894 1902 2947 δύ-

302 2990 475 3044 νασθε
508 2987 728 3056 σαφῶς,
777 2988 805 3040 ὃ
845 3004 1023 3057 φημι,
1063 3004 1081 3037 ι
1118 2987 1398 3056 Μακάριοί
1430 2988 1552 3039 ἐστε
1585 2987 1680 3040 ἐὰν
1712 2988 1903 3057 ποιῆτε

301 3079 473 3132 αὐτά.
514 3097 534 3130 ι
573 3080 647 3131 05
681 3076 789 3147 γὰρ
840 3077 902 3129 τὸ
937 3076 1136 3129 εἰδέναι
1189 3075 1290 3146 τὴν
1349 3076 1587 3148 ἀρετήν,
1646 3077 1786 3130 ἀλλὰ
1838 3078 1897 3129 τὺ

303 3171 645 3243 ἐργάζεσθαι
680 3170 883 3241 μᾶλλον
915 3168 1240 3239 ἀξιέραστόν
1288 3186 1347 3221 τε
1393 3170 1488 3222 καὶ
1537 3169 1900 3242 ἀξιοζήλωτον

2007 1989 2195 2044 divino
2225 1984 2486 2041 tribunali
2517 1983 2716 2037 merito
2751 1978 3092 2038 ridebimini,
3123 1977 3169 2031 si
3209 1975 3324 2029 haec
3368 1975 3507 2027 alter
3534 1972 3588 2025 in

2008 2080 2239 2133 alterum
2265 2076 2453 2130 facere
2487 2089 2596 2145 pra!
2628 2072 2884 2142 superbia
2915 2069 3125 2130 nolitis,
3148 2067 3276 2121 licet
3301 2076 3594 2119 commune

2008 2169 2292 2224 servitutis
2343 2181 2539 2221 nomen
2602 2162 2807 2225 sortiti,
2858 2176 2982 2230 quae
3030 2160 3083 2212 in
3126 2172 3222 2211 vos
3264 2171 3408 2225 ego,
3464 2153 3595 2206 licet

2010 2259 2313 2315 secundum
2373 2265 2628 2309 naturam
2665 2254 2944 2306 exsistens
2981 2248 3124 2303 Deus
3171 2263 3234 2301 ac
3301 2244 3589 2298 Dominus.

2008 2350 2324 2406 Absurdum
2370 2347 2517 2403 enim
2563 2354 2649 2401 est
2681 2344 2954 2415 proiecto,
3005 2351 3058 2395 et.
3106 2340 3335 2394 extremi
3388 2335 3594 2390 furoris

2009 2445 2250 2514 plenum,
2303 2455 2424 2504 vos,
2461 2453 2586 2492 cum
2647 2435 2795 2491 servi
2864 2434 3008 2496 sitis,
3050 2430 3284 2483 Domino
3319 2435 3373 2481 et
3405 2442 3470 2481 eo
3499 2425 3594 2495 qui

2011 2534 2165 2589 misit
2201 2533 2360 2601 longe
2416 2530 2685 2590 minores,
2715 2513 2971 2580 mutuam
3036 2531 3216 2576 tamen
3272 2519 3593 2575 servitutem

2009 2626 2360 2681 erubescere.
2394 2621 2452 2676 Si
2489 2622 2604 2676 haec
2632 2618 2789 2675 scitis
2824 2617 3014 2688 igitur.
3050 2612 3252 2681 inquit,
3319 2609 3426 2663 hoc
3483 2614 3592 2667 est,

2009 2720 2054 2775 si
2080 2719 2226 2773 clare
2256 2729 2423 2770 nosse
2448 2712 2685 2783 potestis
2713 2709 2862 2779 quod
2896 2707 3054 2766 dico,
3100 2723 3119 2755 ι
3160 2702 3311 2755 Beati
3360 2698 3500 2753 estis
3547 2698 3594 2751 si

2011 2808 2258 2869 feceritis
2284 2822 2370 2861 ea.
2407 2824 2425 2857 ι
2458 2803 2574 2856 Non
2627 2801 2773 2856 enim
2826 2799 2971 2851 scire
3001 2795 3288 2852 virtutem,
3349 2790 3442 2845 sed
3474 2804 3594 2843 eam

2010 2914 2270 2958 exercere
2298 2896 2596 2967 optandum
2629 2899 2712 2947 est
2756 2899 2922 2959 atque
2978 2884 3276 2939 laudabile.
3330 2881 3598 2935 Existimo

2007 3012 2140 3053 vero
2167 3001 2434 3066 praestare
2468 2984 2882 3057 quodammodo
2918 2996 3036 3036 eam
3080 2995 3148 3033 ne
3186 2977 3450 3032 didicisse
3484 2974 3601 3043 qui-

2009 3065 2353 3155 dem,quam
2381 3095 2506 3133 cum
2533 3075 2817 3136 didiceris,
2852 3071 3075 3142 pigritia
3100 3079 3333 3123 mentem
3364 3065 3597 3134 illigare,

2010 3190 2062 3234 et
2099 3191 2221 3247 quae
2273 3183 2430 3228 recta.
2458 3180 2511 3225 et
2542 3170 2682 3223 bona
2713 3180 2836 3221 esse
2888 3163 3065 3223 noris,
3105 3160 3253 3214 nolle
3311 3155 3605 3223 perﬁcere,

300 3264 442 3335 φαίη
484 3281 573 3326 τις
601 3262 689 3316 ἄν.
723 3257 892 3332 Οἶμαι
921 3261 976 3314 δὲ
1022 3262 1104 3315 ὅτι
1130 3262 1273 3331 τάχα
1305 3278 1423 3324 πως
1464 3261 1559 3314 καὶ
1592 3263 1815 3333 ἄμεινον
1842 3262 1903 3316 τὸ

2009 3273 2163 3343 juxta
2194 3265 2507 3322 Servatoris
2536 3277 2770 3316 vocem:
2819 3278 2837 3310 ι
2886 3256 2991 3323 Qui
3040 3271 3150 3309 non
3193 3250 3453 3321 cognovit
3504 3262 3603 3301 vo-

307 3357 435 3429 μηδ’
463 3356 606 3418 ὅλως
648 3354 843 3425 μαθεῖν
872 3393 885 3417 ,
930 3353 962 3425 ἢ
1015 3353 1289 3423 μαθόντας
1341 3354 1485 3425 ὄκνῳ
1531 3353 1763 3423 πεδῆσαι
1814 3354 1905 3407 τὸν

305 3449 435 3503 νοῦν
462 3490 479 3513 ,
517 3447 613 3501 καὶ
644 3446 789 3516 ἆπερ
822 3445 887 3501 ἄν
916 3463 1001 3509 τις
1039 3445 1243 3516 ἄριστά
1286 3464 1346 3500 τε
1396 3447 1494 3501 καὶ
1540 3447 1716 3519 ὀρθῶς
1762 3447 1907 3518 ἔχειν

304 3541 503 3610 εἰδείη,
550 3538 629 3609 μὴ
664 3537 952 3609 βούλεσθαι
990 3535 1314 3608 κατορθοῦν,
1352 3539 1496 3592 κατά
1520 3540 1619 3610 τὴν
1658 3541 1751 3594 τοῦ
1790 3542 1906 3595 Σω-

300 3633 480 3702 τῆρος
504 3631 692 3700 φωνήν
714 3646 729 3661 ο
769 3648 789 3682 ι
830 3629 887 3683 Ὀ
922 3630 996 3701 μὴ
1033 3627 1191 3692 εἰδὼς
1213 3629 1275 3683 τὺ
1308 3628 1521 3701 θέλημα
1562 3632 1657 3685 τοῦ
1699 3634 1907 3705 Κυρίου

304 3722 523 3788 αὐτοῦ,
571 3722 667 3775 καὶ
715 3720 790 3793 μὴ
836 3723 1110 3793 ποιήσας,
1161 3720 1461 3792 δαρήσεται
1510 3722 1726 3793 ὀλίγας·
1784 3727 1811 3778 ὀ
1851 3725 1907 3777 δὲ

305 3813 494 3876 εἰδὼς,
524 3812 622 3866 καὶ
656 3811 734 3883 μὴ
764 3812 1021 3882 ποιήσας,
1051 3811 1345 3883 δαρήσεται
1380 3813 1601 3877 πολλάς.
1640 3834 1658 3865 ι
1693 3813 1783 3884 Τῷ
1808 3815 1908 3886 μὲν

307 3907 422 3976 γὰρ
452 3904 755 3975 ἠγνοηκότι
796 3902 1099 3967 παντελῶς,
1137 3905 1187 3956 εἰ
1216 3905 1312 3957 καὶ
1356 3904 1634 3959 εὐθύνοιτό
1668 3924 1785 3969 πως
1816 3906 1909 3960 ἐπὶ

305 4003 376 4070 τῇ
410 3995 674 4069 ῥᾳστώνῃ
700 3995 882 4066 τυχὸν,
910 3996 970 4049 τὸ
992 3995 1123 4064 γοῦν
1150 3996 1378 4068 μετρίαν
1406 3999 1629 4068 αἰτῆσαι
1658 3999 1908 4068 συγγνώ-

314 4107 424 4162 μην
444 4090 509 4142 οὐ
544 4088 669 4141 λίαν
690 4087 1038 4157 ἀνάρμοστον
1063 4102 1076 4115 ’
1106 4086 1184 4157 τῷ
1209 4104 1273 4157 γε
1305 4087 1410 4159 μὴν
1442 4088 1606 4142 εἰδότι
1628 4092 1688 4142 τὸ
1717 4092 1909 4161 χρῆμα

309 4182 516 4248 γένοιτ’
555 4180 622 4234 ἂν
650 4178 916 4247 δυσαχθὲς
938 4180 1019 4242 είς
1047 4181 1394 4252 κατάκρισιν,
1428 4183 1460 4252 ή
1502 4182 1725 4251 γνῶσις.
1765 4185 1910 4237 Κατ-

311 4275 593 4345 εφρόνησε
631 4270 743 4341 γὰρ
763 4311 777 4331 ,
823 4269 1038 4333 οὐδενὸς
1068 4270 1216 4343 αὑτῷ
1245 4271 1526 4335 λείποντος
1560 4274 1640 4337 είς
1668 4274 1727 4326 τὸ
1753 4273 1911 4327 δύνα-

313 4365 445 4417 σθαι
475 4364 615 4435 δρᾷν
636 4362 707 4415 τὰ
748 4359 899 4431 αῦτῷ
930 4362 1379 4433 πρεπωδέστερα.
1416 4364 1537 4436 Χρὴ
1571 4363 1751 4417 τοίνυν
1774 4364 1912 4417 εἰδό⁸

310 4475 413 4539 τας
440 4453 782 4527 ἐργάζεσθαι
806 4472 835 4532 ἰ
866 4453 1072 4507 τέλειον
1119 4454 1229 4524 γὰρ
1266 4455 1388 4508 τότε
1427 4457 1527 4527 τῆς
1586 4458 1645 4510 ὲν
1687 4456 1911 4528 Χριστῷ

314 4548 601 4610 πολιτείας
644 4546 709 4600 τὸ
742 4545 1005 4617 καύχημα
1063 4548 1469 4618 περικείμενοι,
1525 4549 1911 4621 πληρεστάτην

2009 3366 2277 3419 luntatem
2309 3356 2522 3412 domini
2557 3353 2664 3417 sui,
2697 3360 2750 3407 et
2780 3366 2890 3405 non
2917 3349 3075 3411 fecit,
3117 3343 3405 3415 vapulabit
3458 3356 3601 3411 pau-

2007 3456 2131 3511 cis:
2167 3451 2261 3523 qui
2299 3456 2481 3502 autem
2515 3442 2778 3515 cognovit
2832 3448 2888 3496 et
2946 3453 3059 3494 non
3110 3436 3263 3498 fecit,
3318 3431 3603 3503 vapulabit

2009 3546 2200 3601 multis
2220 3545 2286 3597 7’.
2329 3562 2348 3594 ι
2384 3539 2496 3595 Nec
2522 3538 2667 3592 enim
2697 3535 2931 3589 multum
2961 3520 3191 3587 dedecet
3222 3542 3347 3582 eum
3382 3524 3600 3580 veniam

2008 3635 2343 3691 mediocrem
2370 3639 2557 3699 petere
2590 3625 2685 3695 qui
2722 3637 2954 3694 prorsus
3001 3617 3290 3691 ignorarit,
3345 3615 3477 3669 licet
3532 3612 3605 3668 ob

2011 3724 2284 3795 pigritiam
2324 3720 2465 3775 forte
2499 3733 2627 3772 rcus
2664 3716 2777 3771 sit:
2812 3721 2869 3767 at
2916 3712 2966 3767 ei
3030 3709 3125 3780 qui
3164 3710 3350 3764 sciens
3387 3705 3601 3785 fecerit,

2009 3817 2252 3887 cognitio
2279 3810 2729 3870 condemnationi
2754 3809 2880 3862 erit.
2899 3804 3247 3873 Contempsit
3274 3802 3444 3861 enim,
3475 3815 3602 3853 cum

2010 3911 2077 3965 ad
2129 3907 2367 3962 oﬁicium
2419 3902 2757 3972 implendum
2815 3898 2953 3952 nihil
2995 3895 3043 3966 ei
3094 3895 3332 3948 deesset.
3375 3889 3603 3958 Oportet

2011 4002 2177 4070 igitur
2204 4005 2263 4051 ut
2288 3996 2381 4064 qui
2420 3994 2606 4048 sciunt
2638 3998 2983 4061 operentur:
3021 3995 3155 4039 tunc
3183 3984 3330 4038 enim
3358 3980 3604 4051 perfecta

2014 4096 2133 4147 vitae
2159 4088 2471 4145 in-Christo
2501 4091 2803 4139 transacta:
2836 4081 3012 4152 gloria
3046 4075 3314 4138 redimiti,
3348 4072 3607 4144 plenissi—

2011 4201 2156 4241 mam
2204 4180 2502 4252 aliquaudo
2548 4175 2976 4233 retributionem
3030 4171 3392 4239 recipiemus.
3452 4164 3608 4219 Unde

2014 4276 2271 4330 Servator
2308 4287 2432 4327 eum
2482 4269 2576 4340 qui
2631 4266 2830 4323 fecerit
2887 4272 2942 4318 et
2993 4261 3277 4323 docuerit,
3346 4272 3607 4329 magnum

2013 4368 2194 4422 aiebat
2251 4365 2376 4434 jure
2428 4362 2629 4417 merito
2689 4366 2949 4412 vocatum
2997 4355 3066 4409 iri
3120 4354 3172 4406 iu
3225 4364 3397 4420 regno
3432 4347 3608 4403 caelo-

2016 4476 2134 4514 rum
2161 4458 2228 4514 ⁸ο.
2266 4455 2408 4522 Qnid
2446 4454 2593 4509 enim
2631 4451 2697 4505 ad
2732 4451 2993 4517 pietatem
3028 4447 3078 4502 ei
3119 4445 3438 4500 deest?aut
3472 4456 3609 4511 quo-

2016 4550 2179 4606 modo
2215 4564 2325 4603 non
2361 4546 2630 4601 divinitus
2664 4542 2914 4613 acceptis
2950 4536 3379 4610 perfectissimis
3446 4534 3610 4588 donis

313 4640 463 4695 κατὰ
499 4640 731 4711 καιροὺς
756 4638 1150 4708 ἀποληψόμεθα
1175 4639 1272 4709 τὴν
1303 4638 1598 4693 ἀντίδοσιν.
1637 4642 1746 4694 Καὶ
1775 4640 1906 4709 γοῦν

2013 4642 2302 4714 glorietur,
2333 4640 2427 4709 qui
2465 4654 2691 4708 operum
2745 4636 3015 4689 bonorum
3079 4629 3375 4699 splendore
3410 4642 3608 4681 cumu—

315 4730 574 4801 ὁΣωτὴρ
632 4729 725 4782 τὸν
777 4729 1082 4799 ποιήσαντα
1140 4731 1235 4783 καὶ
1269 4728 1554 4795 διδάξαντα
1599 4731 1775 4801 μέγαν
1804 4730 1909 4803 ἔφη

315 4820 732 4893 κληθήσεσθαι,
791 4821 886 4874 καὶ
926 4821 1070 4891 μάλα
1111 4821 1338 4885 δικαίως
1367 4862 1382 4882 ,
1442 4824 1500 4875 ὲν
1548 4825 1615 4893 τῇ
1663 4821 1913 4895 βασιλείᾳ

313 4914 427 4965 τῶν
454 4912 743 4983 οὐρανῶν.⁴
765 4912 831 4965 Τί
854 4913 963 4983 γὰρ
996 4913 1145 4983 αὐτῷ
1176 4913 1236 4966 τὸ
1268 4913 1451 4967 λεῖπον
1477 4916 1558 4978 είς
1584 4914 1869 4969 εὑσέὸειαν
1895 4934 1910 4982 ;

316 5000 362 5075 ᾧ
401 5007 448 5060 δ’
480 5006 551 5060 ἂν
598 5006 844 5075 φαίνοιτο
890 5006 1092 5077 προσὸν
1138 5007 1197 5060 τὸ
1247 5007 1306 5075 ἐξ
1348 5007 1526 5078 ἔργων
1578 5007 1802 5075 ἀγαθῶν
1854 5009 1913 5061 ὲν

314 5098 607 5169 ὁλοκλήρῳ
638 5096 950 5167 καυχᾶσθαι
971 5097 1050 5168 τῷ
1076 5097 1283 5170 μέτρῳ,
1318 5099 1434 5163 πῶς
1468 5101 1568 5152 οὐκ
1611 5099 1676 5153 ἂν
1704 5101 1913 5167 γένοιτο

316 5190 476 5260 παρὰ
511 5188 650 5242 Θεοῦ
684 5188 744 5242 τὸ
780 5189 1148 5252 τελειοτάταις
1181 5190 1442 5260 ἐπαυχεῖν
1469 5190 1740 5261 δωρεαῖς;
1775 5190 1914 5244 Σύν-

316 5281 525 5351 ὄρομος
554 5274 649 5333 05v
684 5280 796 5352 ἄρα
846 5281 957 5341 τοῖς
988 5279 1170 5349 ἔργοις
1203 5280 1331 5333 ὅταν
1361 5284 1394 5352 ἡ
1436 5282 1637 5350 γνῶσις
1668 5281 1914 5355 γένηται,

316 5375 442 5427 τότε
475 5374 544 5443 δὴ
587 5372 808 5436 πάντως
856 5372 1096 5441 ὀνίνησιν
1142 5373 1204 5425 οὐ
1253 5373 1502 5445 μικρῶς·
1548 5373 1919 5437 ἐλλελοιπότος

319 5466 374 5519 δὲ
406 5463 700 5535 ὁποτέρου,
733 5464 907 5535 χωλὸν
937 5465 1002 5534 δὴ
1038 5448 1264 5527 πάντως
1290 5464 1353 5518 τὺ
1386 5465 1574 5536 ἕτερον
1607 5464 1783 5519 ἔσται.
1820 5466 1858 5517 Γ
1862 5465 1912 5520 ἐκ»

325 5574 573 5629 γραπται
624 5556 718 5620 δὲ,
772 5557 853 5609 ὅτι
903 5559 1013 5610 Καὶ
1062 5560 1095 5628 ή
1131 5556 1315 5620 πίστις
1361 5558 1530 5629 χωρὶς
1577 5558 1686 5611 τῶν
1739 5558 1916 5629 ἔργων

319 5649 498 5723 νεγρά
545 5650 689 5701 ἐστι.
743 5648 936 5702 Καίτοι
975 5649 1033 5702 τὸ
1084 5649 1284 5703 εἰδέναι
1335 5649 1468 5704 Θεὸν
1523 5649 1615 5703 τὸν
1669 5650 1763 5704 ἕνα
1819 5653 1912 5706 καὶ

392 5831 439 5863 ⁷⁸
481 5827 626 5883 Luc.
660 5843 776 5888 xu,
812 5826 901 5881 47.
981 5828 1027 5860 ⁸ο
1070 5827 1260 5890 Matth.
1303 5844 1363 5893 ν,
1402 5830 1490 5885 19.

2009 4738 2117 4791 late
2166 4731 2413 4804 fulgeat?
2462 4732 2695 4798 Quando
2730 4728 2899 4797 igitur
2938 4724 3243 4795 cognitioni
3307 4721 3605 4791 conjuncta

2010 4835 2140 4884 sunt
2169 4842 2363 4896 opera,
2395 4835 2528 4877 tunc
2561 4810 2668 4876 non
2697 4837 2893 4891 parum
2940 4820 3066 4872 inde
3096 4815 3353 4883 utilitatis
3392 4815 3607 4877 oritur;

2010 4923 2282 4977 alterutro
2319 4933 2451 4973 vero
2476 4915 2791 4980 deﬁciente,
2819 4927 3079 4966 mancum
3112 4922 3345 4980 prorsus
3369 4907 3606 4960 alterum

2009 5014 2138 5068 erit.
2162 5011 2438 5080 Scriptum
2459 5021 2539 5062 est
2568 5015 2775 5070 autem,
2821 5004 2979 5058 ﬁdem
3018 5002 3135 5056 sine
3154 4997 3419 5068 operibus
3458 5012 3609 5047 mor-

2013 5111 2163 5157 tuam
2182 5098 2597 5167 esse.Quanivis
2609 5097 2754 5153 enim
2775 5096 2919 5151 scire
2933 5094 3101 5148 Deum
3125 5105 3290 5144 ιιιιιιιιι
3311 5095 3365 5142 et
3384 5095 3604 5146 natura,

2014 5194 2179 5266 729
2232 5207 2469 5262 eumque
2508 5191 2723 5245 sincere
2779 5202 2845 5241 ac
2880 5200 3010 5239 vere
3055 5181 3305 5237 conﬁteri
3344 5178 3478 5233 ﬁdes
3510 5177 3609 5241 sit,

2016 5297 2197 5357 tamen
2238 5285 2387 5342 istud
2446 5298 2671 5355 quoque
2718 5288 3003 5336 mortuum
3062 5284 3170 5340 est,
3234 5271 3340 5327 nisi
3378 5284 3605 5338 operum

2019 5379 2285 5450 splendor
2340 5387 2734 5446 consequatur.
2792 5371 2983 5426 Nonne
3042 5384 3175 5437 ergo
3241 5364 3440 5420 inutile
3520 5367 3608 5415 est

2022 5488 2255 5545 prorsus
2303 5462 2447 5526 scire
2487 5469 2619 5540 quid
2679 5469 2752 5523 sit
2805 5466 3036 5528 bonum,
3081 5460 3189 5515 nisi
3222 5456 3364 5512 illud
3423 5454 3608 5509 colere

2029 5564 2209 5619 velis?
2236 5563 2387 5618 lianc
2419 5565 2603 5633 itaque
2630 5561 2699 5616 ob
2725 5573 2949 5615 causam
2984 5557 3173 5610 beatos
3210 5551 3326 5605 fore
3359 5548 3435 5603 ait
3475 5561 3607 5601 suos

2026 5656 2359 5728 discipulos,
2397 5656 2511 5712 sive
2543 5654 2842 5709 credentes
2870 5650 2923 5704 in
2973 5663 3121 5714 eum,
3162 5644 3207 5701 si
3270 5656 3378 5697 non
3441 5640 3606 5694 modo
