4104 6434
545 364 647 422 19.7

1552 361 1609 415 S.
1639 360 1911 415 CYRILLI
1940 357 2408 413 ALEX.\NDIIINI
2452 358 2771 412 ARCHIEP.

3685 351 3782 405 138

545 475 913 545 cognitionem
952 490 1141 530 eorum
1177 489 1297 544 qua:
1346 472 1537 528 docuit
1588 472 1961 540 susceperint,
2020 471 2112 525 scd

2220 470 2403 537 φύσει.
2440 470 2532 523 καὶ
2564 469 2845 538 ὁμολογεῖν
2890 468 3089 529 ἀδόλως
3132 484 3187 535 τε
3227 466 3319 519 καὶ
3360 464 3591 535 ἀληθῶς.
3634 462 3784 517 τοῦτό

543 566 590 621 si
614 581 678 622 ea
705 583 922 637 quoque
954 567 1206 622 fecerint.

2217 563 2362 617 ἐστιν
2393 564 2425 630 ἡ
2456 561 2658 621 πίστις.
2694 561 2829 614 ἀλλὰ
2870 561 2961 614 καὶ
2991 558 3150 611 τοῦτο
3179 559 3401 627 νεκρὸν,
3436 558 3510 628 μὴ
3542 572 3783 626 παρεπο-

546 657 713 727 μένης
740 658 889 729 αὐτῷ
913 661 1011 729 τῆς
1044 658 1105 722 ἐξ
1133 658 1309 728 ἔργων
1342 644 1716 727 φαιδρότητος.
1743 655 1867 719 Πῶς
1892 651 1984 707 οὖν
2010 654 2110 707 οὐκ
2150 654 2405 723 ἀνόνητον
2456 653 2731 714 παντελῶς
2780 653 2840 705 τὸ
2891 650 3090 704 εἰδέναι
3135 650 3232 718 μὲν
3260 647 3420 717 τυχὸν
3456 646 3506 700 τί
3571 646 3635 700 ἂν
3703 646 3785 715 εἴη

542 749 604 803 τὸ
657 749 897 817 ἀγαθὸν,
956 749 1030 819 μὴ
1106 748 1212 818 μὴν
1282 747 1485 800 ἐθέλειν
1534 747 1652 808 ἔτι,
1708 746 1803 799 καὶ
1854 742 2192 815 ἐπιτηδεύειν
2231 745 2399 809 αύτὸ;
2474 745 2571 797 Διὰ
2639 742 2841 812 ταύτην
2888 739 3177 811 τοιγαροῦν
3227 740 3326 809 τὴν
3378 737 3555 790 αἰτίαν
3612 754 3786 807 μακα-

546 839 696 909 ρίους
757 839 975 892 ἔσεσθαί
1036 856 1170 908 φησι
1229 838 1354 900 τοὺς
1414 835 1606 889 ἐαυτοῦ
1673 836 1954 905 μαθητὰς,
2000 836 2119 904 ἦτοι
2155 834 2277 895 τοὺς
2310 833 2663 895 πιστεύοντας
2704 833 2784 894 εἰς
2835 830 3024 892 αὐτὸν,
3071 829 3133 882 οὐ
3202 827 3361 897 μόνον
3401 826 3619 890 ἑλόντας
3683 827 3790 880 τῶν

546 930 671 1001 παρ’
705 929 871 985 αὐτοῦ
922 928 1270 998 λαλουμένων
1318 927 1416 997 τὴν
1463 927 1669 994 εἴδησιν
1697 970 1710 990 ,
1753 926 1866 979 ἀλλ’
1911 925 1959 977 εἰ
2018 922 2113 976 καὶ
2152 921 2325 992 δρῷεν
2356 923 2516 977 αὐτά.

618 1020 755 1086 XIII,
776 1022 857 1075 18.
889 1018 1005 1073 Νοιι
1029 1019 1092 1072 de
1110 1018 1348 1073 omnibus
1370 1020 1511 1071 vobis
1537 1018 1656 1071 dico
1694 1034 1710 1071 :

544 1203 831 1259 ntanducat
875 1218 1074 1256 mecum
1117 1217 1329 1270 panem,
1375 1202 1561 1255 levavit
1599 1212 1786 1254 contra
1823 1216 1904 1254 me
1934 1200 2121 1253 calca-

545 1309 698 1348 neum
727 1308 905 1347 suum.

614 1382 732 1437 Non
783 1399 976 1452 parum
1022 1382 1380 1437 obscuritatis
1427 1382 1542 1434 lure
1588 1381 1752 1435 verba
1802 1381 2113 1435 continent.

539 1471 677 1528 Nam
715 1475 904 1529 beatos
954 1473 1071 1527 fore
1097 1473 1285 1527 dicens
1320 1488 1415 1527 eos
1460 1472 1552 1541 qui
1586 1473 1713 1525 boni
1745 1473 2115 1541 cognitionem

543 1565 770 1631 habent,
800 1573 855 1621 et
902 1581 1067 1635 opere
1118 1565 1252 1619 illud
1307 1565 1488 1619 facere
1542 1565 1790 1627 student,
1829 1564 2117 1632 subjunin

542 1655 754 1719 statim,
794 1673 812 1706 ι
854 1654 975 1710 Non
1021 1658 1089 1711 de
1118 1656 1382 1709 omnibus
1416 1656 1563 1718 dico,
1606 1675 1624 1709 ι
1662 1656 1994 1725 proditorem
2030 1656 2115 1708 in-

542 1762 741 1812 nuens,
781 1757 841 1802 ut
892 1763 993 1819 ego
1053 1764 1178 1801 cum
1231 1749 1420 1802 multis
1479 1749 1782 1803 existimo:
1819 1764 1919 1801 nec
1975 1748 2116 1803 enim
2151 1758 2193 1814 Β

541 1838 685 1893 inter
723 1839 912 1894 felices
946 1847 1041 1892 aut
1069 1840 1260 1893 beatos
1295 1854 1539 1907 unquam
1579 1841 1962 1894 numerabitur
2025 1840 2117 1908 qtti

544 1937 698 1984 tanta
738 1931 1021 2002 impietate
1073 1939 1311 1983 mentem
1344 1931 1737 1984 obstrinxvrit.
1767 1930 1828 1984 Et
1875 1932 1965 1984 illa
1999 1932 2120 1998 qui-

540 2021 670 2076 dem
701 2032 785 2076 est
832 2021 996 2089 hujus
1041 2021 1145 2075 loci
1195 2020 1335 2089 apud
1392 2024 1596 2077 multos
1647 2023 1774 2076 trita
1824 2024 2115 2076 sententia.

542 2113 701 2166 Alter
728 2119 909 2165 autem
941 2120 1203 2181 praeterea
1253 2128 1452 2167 sensus
1488 2122 1571 2168 est
1619 2113 1952 2167 istiusmodi.
1982 2114 2118 2167 Cum

541 2205 689 2257 enim
731 2203 989 2258 dicturus
1037 2211 1187 2257 esset
1220 2201 1675 2273 Cliristus,juxta
1715 2205 2117 2259 sanctissimam

545 2294 892 2365 Scripturam
926 2314 939 2349 :
977 2315 995 2346 ι
1035 2296 1142 2361 Qui
1197 2296 1393 2351 edebat
1433 2312 1613 2349 meum
1658 2311 1879 2366 panem,
1908 2297 2118 2369 magni-

544 2385 734 2440 ﬁcavit
792 2403 962 2456 super
1022 2404 1109 2442 me
1162 2388 1693 2457 supplantationem,
1730 2390 1868 2451 sive,
1918 2390 2119 2443 levavit

542 2488 739 2532 contra
776 2493 861 2533 me
893 2479 1214 2533 calcanenm
1247 2495 1405 2535 suum
1433 2481 1476 2510 ⁸⁸
1518 2498 1530 2533 :
1575 2499 1592 2530 ι
1633 2480 1959 2550 purgatione
1983 2496 2119 2549 qua-

543 2568 669 2623 dam
707 2568 859 2638 prius
902 2571 1097 2634 utitur,
1130 2580 1185 2623 et
1219 2571 1518 2635 genuinum
1559 2571 1788 2625 aliorum
1820 2571 2119 2641 discipulo-

541 2671 662 2711 rum
693 2667 895 2712 emtum
932 2658 1150 2719 delinit,
1178 2659 1271 2712 uni
1323 2658 1594 2714 duntaxat
1626 2660 1879 2715 criminis
1934 2669 2116 2714 notam

541 2747 872 2818 impingens.
904 2749 1044 2813 Quia
1083 2749 1230 2803 enim
1266 2765 1465 2814 panem
1496 2749 1617 2817 ejus
1651 2766 1845 2804 omnes
1883 2752 2116 2805 mandu-

538 2840 763 2901 cabant.
797 2848 1198 2895 conveseentes
1231 2840 1494 2893 nimirum
1545 2850 1593 2894 et
1638 2856 1742 2894 una
1779 2857 2116 2896 consumen-

541 2940 625 2987 tes
647 2947 769 3001 quae
805 2947 901 3001 per
940 2946 1062 2986 eum
1093 2933 1276 2987 oblata
1320 2941 1502 2995 erant,
1540 2934 1753 2987 idcirco
1790 2935 1940 2989 inani
1971 2946 2115 2991 metu

540 3024 753 3078 conteri
779 3024 1080 3079 liberorum
1109 3033 1345 3078 mentem
1382 3039 1489 3078 non
1524 3025 1677 3091 sinit,
1706 3033 1756 3081 et
1783 3027 2119 3098 suspicionis

1748 1034 1839 1085 ego
1862 1019 1995 1067 enim
2016 1017 2123 1067 seio

543 1129 671 1185 quos
715 1112 996 1181 elegerint,
1032 1111 1121 1163 sed
1162 1119 1217 1162 ut
1266 1110 1623 1176 adimpleatur
1671 1108 1978 1178 Scriptura,
2018 1108 2124 1170 Qui

2298 1016 2378 1066 Οὐ
2427 1014 2560 1084 περὶ
2612 1011 2854 1066 πάντων
2904 1008 3070 1077 ὑμῶν
3117 1007 3271 1075 λέγω
3296 1024 3309 1038 ·
3363 1006 3478 1075 ἐγὼ
3519 1006 3626 1075 γὰρ
3658 1002 3789 1060 οἴδα

2221 1103 2390 1167 τίνας
2418 1100 2810 1169 ἐξελεξάμην,
2851 1098 2988 1152 ἀλλ’
3027 1097 3127 1149 ἵνα
3172 1096 3209 1162 ἡ
3241 1094 3451 1163 Γραφὴ
3484 1094 3787 1162 πληρωθῇ.

2233 1191 2293 1244 Ὀ
2333 1191 2566 1259 τρώγων
2594 1189 2721 1259 μετ’
2746 1186 2894 1257 ἐμοῦ
2922 1185 3028 1239 τὸν
3064 1183 3266 1253 ἄρτον,
3300 1183 3528 1252 ἐπῆρεν
3563 1184 3657 1236 ἐπ’
3686 1184 3792 1253 ἐμὲ

2220 1281 2334 1347 τὴν
2368 1281 2634 1348 πτέρναν
2662 1278 2870 1332 αὑτοῦ.

2293 1372 2365 1424 Οὐ
2400 1371 2603 1441 μικρὰν
2638 1373 2666 1423 6
2692 1370 2850 1435 λόγος
2884 1368 2995 1438 ἔχει
3026 1368 3124 1437 τὴν
3170 1367 3437 1434 ἀσάφειαν
3473 1368 3530 1418 ἐν
3557 1365 3789 1423 τούτοις.

2223 1460 2542 1530 Μακαρίους
2575 1460 2683 1530 γὰρ
2716 1458 2934 1511 ἔσεσθαι
2968 1458 3141 1525 λέγων
3179 1457 3305 1519 τοὺς
3346 1458 3404 1509 ὲν
3445 1456 3643 1525 γνώσει
3693 1458 3794 1527 μὲν

2222 1550 2443 1622 ἔχοντας
2468 1552 2529 1604 τὸ
2562 1551 2785 1619 ἀγαθὸν,
2827 1549 2973 1620 ἔργῳ
3000 1548 3058 1600 δὲ
3084 1545 3245 1599 τοῦτο
3281 1546 3520 1616 πληροῦν
3554 1546 3792 1600 σπουδά-

2221 1642 2431 1708 ζοντας,
2462 1643 2741 1712 ἐπήγαγεν
2778 1639 2959 1703 εὐθὺς,
3005 1659 3023 1691 ι
3057 1640 3132 1693 Οὐ
3164 1638 3292 1709 περὶ
3328 1637 3542 1690 πάντων
3568 1637 3733 1705 λέγω,
3770 1657 3788 1687 ι

2220 1734 2311 1786 τὸν
2344 1733 2606 1803 προδότην
2638 1732 3038 1801 αἰνιττόμενος,
3080 1729 3221 1784 κατά
3259 1746 3323 1796 γε
3364 1728 3424 1780 τὸ
3469 1727 3683 1791 πολλοῖς
3733 1747 3793 1782 τε

2222 1825 2315 1877 καὶ
2337 1826 2457 1893 ἐμοὶ
2478 1822 2669 1876 δοκοῦν
2693 1840 2705 1852 ·
2743 1822 2803 1875 οὐ
2831 1821 2937 1892 γὰρ
2959 1823 3015 1874 ἐν
3042 1823 3154 1884 τοῖς
3173 1820 3431 1890 ζηλωτοῖς
3456 1822 3485 1873 6
3512 1819 3794 1889 θεομισὴς,

2220 1916 2328 1967 οὐδ’
2354 1915 2419 1968 ἂν
2451 1916 2505 1965 ἐν
2549 1917 2658 1975 τοῖς
2689 1912 2977 1983 μακαρίοις
2999 1910 3365 1982 καταταχθείη
3404 1911 3534 1964 ποτὲ
3563 1913 3627 1981 τῇ
3663 1928 3794 1963 τοσ-

2220 2005 2358 2077 αύτῃ
2420 2004 2710 2076 δυσσεϐείᾳ
2756 2004 2856 2074 τὴν
2902 2003 3157 2073 τοιαύτην
3210 2003 3393 2073 ἔνοχον
3443 2005 3796 2073 καταστήσας

2217 2096 2412 2167 ψυχήν.
2450 2097 2557 2150 Καὶ
2600 2097 2695 2165 μία
2744 2096 2843 2164 μὲν
2880 2094 3019 2164 αὓτη
3048 2094 3141 2148 τοῦ
3179 2098 3538 2165 προκειμένου
3583 2094 3796 2149 διάνοια

2218 2186 2556 2257 τετριμμένη
2598 2186 2748 2255 παρᾶ
2778 2188 2889 2247 τοῖς
2917 2184 3178 2239 πλείοσιν.
3220 2185 3415 2255 Ἑτέρα
3440 2185 3495 2238 δὲ
3528 2182 3595 2238 αὖ
3625 2186 3797 2238 πάλιν

2220 2279 2357 2351 πρὸς
2386 2279 2577 2350 ταύτῃ.
2629 2279 2816 2333 Τοιάδε
2855 2279 3063 2349 μέλλων
3117 2278 3225 2350 γὰρ
3272 2280 3418 2349 ἐρεῖν
3464 2280 3492 2331 6
3532 2281 3795 2349 Χριστὸς,

2219 2373 2300 2425 ὅτι
2349 2370 2489 2423 κατὰ
2517 2371 2615 2442 τὴν
2668 2371 2880 2424 τελείαν
2930 2388 2990 2424 τε
3043 2370 3137 2425 καὶ
3186 2372 3486 2442 ἱερωτάτην
3534 2372 3785 2441 Γραφὴν,

2226 2485 2244 2515 ι
2292 2466 2349 2518 '0
2385 2462 2613 2535 τρώγων
2660 2482 2761 2535 μου
2817 2464 2906 2516 τὸν
2956 2464 3119 2533 ἄρτον
3166 2463 3497 2532 ἐμεγάλυνεν
3553 2465 3639 2515 ἐπ’
3691 2464 3798 2533 ἐμὲ

2221 2556 2570 2627 πτερνισμὸν,
2608 2556 2725 2617 ἦτοι
2760 2555 2967 2624 ἐπῆρεν
3010 2555 3098 2605 ἐπ’
3130 2554 3229 2623 ἐμὲ
3263 2554 3494 2623 πτέρναν
3526 2553 3716 2617 αὐτοῦ,
3771 2575 3792 2604 ι

2220 2647 2678 2718 προαπολογεῖται
2726 2646 2926 2717 τρόπον
2969 2644 3122 2712 τινὰ,
3158 2649 3252 2699 καὶ
3286 2645 3379 2698 τὸν
3423 2648 3644 2716 γνήσιον
3682 2647 3798 2698 τῶν

2219 2739 2421 2808 ἐτέρων
2460 2737 2721 2808 μαθητῶν
2747 2736 3039 2807 θεραπεύει
3068 2738 3247 2807 χορὸν,
3283 2737 3364 2795 ἐν)
3400 2737 3493 2791 καὶ
3516 2736 3659 2806 μόνῳ
3694 2736 3799 2807 τὴν

2218 2828 2311 2881 τοῦ
2356 2831 2809 2898 κατηγορήματος
2855 2826 3083 2895 δύναμιν
3134 2827 3375 2891 ἀναθείς.
3420 2827 3645 2896 Ἐπειδὴ
3682 2828 3799 2899 γὰρ

2219 2920 2419 2983 πάντες
2476 2919 2663 2991 ήσθιον
2726 2920 2817 2971 τὸν
2873 2919 3037 2988 ἄρτον
3107 2918 3307 2979 αὐτοῦ,
3373 2917 3799 2987 συνεστ;‹ί›μενοι

2218 3011 2459 3080 δηλονότι
2513 3010 2608 3064 καὶ
2639 3009 3089 3072 συνδαπανῶντες
3122 3008 3189 3063 τὰ
3225 3011 3294 3062 δι’
3330 3008 3496 3063 αὑτοῦ
3527 3026 3799 3077 συγκομι-

541 3112 909 3167 acrimoniam
945 3113 1350 3182 quamprimum
1399 3115 1631 3173 inhibet,
1680 3118 1873 3173 dicens
1904 3135 1917 3172 :
1947 3137 1965 3168 ι
1998 3118 2114 3173 Non

2221 3102 2443 3195 ζέμενα,
2484 3102 2571 3156 διὰ
2613 3102 2772 3156 τοῦτο
2814 3102 3101 3173 χρησίμως
3147 3102 3376 3165 εἰκαίοις
3413 3102 3799 3169 συντρίϐεσθαι

541 3202 614 3258 de
642 3203 900 3257 omnibus
944 3203 1103 3256 vobis
1145 3203 1272 3257 dico
1306 3222 1318 3258 :
1355 3220 1453 3274 ego
1487 3208 1604 3260 seio
1650 3194 1790 3276 quos
1821 3209 2115 3280 elegerint,

542 3295 637 3351 sed
663 3305 721 3348 ut
744 3295 1118 3365 adimpleatur
1143 3294 1453 3362 Scriptura,
1478 3318 1497 3350 ι
1532 3299 1710 3366 inquit
1740 3319 1753 3354 :
1788 3319 1808 3352 ι
1834 3301 1936 3367 Qui
1961 3317 2116 3355 man-

538 3386 709 3442 ducat
747 3402 926 3440 meum
962 3402 1182 3456 panem,
1211 3388 1408 3441 levavit
1442 3400 1635 3444 contra
1673 3407 1758 3447 me
1793 3393 2116 3448 calcaneum

540 3490 727 3539 suum,
761 3476 876 3530 sive
926 3476 1295 3546 magniﬁeavit
1345 3480 1870 3548 supplantationem,
1907 3503 1927 3535 ι
1964 3482 2115 3553 juxta

538 3568 849 3629 Psalmistze
880 3584 1090 3624 vocem.
1120 3570 1333 3636 Quibus
1365 3572 1545 3627 verbis
1592 3572 1907 3628 istiusmodi
1951 3575 2118 3643 quid-

540 3661 666 3715 dam
717 3660 1032 3730 signiﬁcare
1075 3662 1562 3732 autumozdupliei
1608 3665 1794 3732 itaque
1848 3680 2015 3720 sensu
2061 3665 2115 3719 in

539 3752 627 3807 his
681 3753 964 3819 exposito,
1020 3752 1432 3808 meliorem‘ac
1495 3755 1767 3808 veriorem
1836 3755 2117 3810 studiosus

538 3843 827 3912 exploret;
859 3851 1235 3898 verumtamen
1274 3844 1327 3897 in
1382 3844 1485 3899 hoc
1534 3846 1736 3901 dictmn
1785 3846 1933 3901 aliud
1983 3847 2115 3901 all'e-

538 3949 754 3993 ramus.
792 3934 859 3987 ad
930 3934 1339 3989 conﬁrmandos
1408 3937 1807 4007 simpliciorum
1880 3939 2114 3993 animos.

543 4023 766 4077 Duobus
804 4023 948 4078 enim
980 4024 1159 4079 modis
1193 4025 1281 4078 hic
1307 4026 1560 4082 dubitare
1592 4037 1773 4098 potest
1805 4030 2028 4101 aliquis.
2053 4029 2117 4082 Et

541 4114 782 4180 primum
822 4114 1038 4181 quidem
1091 4113 1251 4169 nobis
1284 4116 1529 4185 objiciet,
1569 4118 1801 4173 dicens:
1837 4117 1892 4173 Si
1927 4120 2113 4172 omnia

539 4204 687 4258 scire
714 4203 999 4258 Christum
1032 4207 1335 4272 credimus,
1366 4223 1464 4260 cur
1498 4207 1661 4277 730
1698 4207 1897 4263 Judam
1927 4211 2113 4281 elegit.

538 4302 595 4349 et
641 4310 741 4350 cur
779 4296 901 4352 aliis
954 4296 1256 4351 immiscuit
1300 4297 1609 4367 discipulis,
1636 4314 1759 4351 eum
1798 4315 1910 4353 non
1960 4302 2115 4367 igno-

539 4393 689 4438 raret
740 4386 1074 4455 proditorem
1115 4388 1251 4447 fore.
1288 4398 1342 4443 et
1390 4388 1631 4441 avaritiae
1677 4388 1887 4458 laqueis
1935 4390 2114 4458 impli-

2219 3193 2467 3263 δείμασιν
2488 3195 2587 3247 οὐκ
2617 3196 2680 3265 ἐᾷ
2710 3195 2815 3247 τῶν
2841 3194 3143 3265 ἐλευθέρων
3178 3193 3270 3246 τὸν
3309 3193 3454 3255 νοῦν,
3482 3195 3575 3247 καὶ
3603 3194 3662 3246 τὸ
3689 3194 3800 3263 τῆς

2221 3282 2455 3351 ὑποψίας
2507 3282 2672 3353 δριμὺ
2736 3282 3138 3350 προανακόπτει
3183 3280 3357 3348 λέγων
3396 3298 3408 3311 ·
3470 3301 3488 3331 ι
3533 3282 3608 3335 Οὐ
3664 3285 3800 3352 περὶ

2220 3373 2435 3426 πάντων
2476 3371 2629 3441 ὑμῶν
2679 3371 2858 3438 λέγω·
2908 3370 3021 3438 ἐγὼ
3069 3368 3187 3424 οῖδα
3234 3373 3387 3434 τίνας
3434 3370 3796 3444 ἐξελεξάμην,

2218 3464 2334 3518 ἀλλ’
2369 3463 2478 3527 ἵνα,
2511 3467 2697 3533 φησιν,
2729 3464 2761 3533 ἠ
2794 3462 2985 3535 Γραφὴ
3015 3462 3305 3535 πληρωθῇ·
3355 3463 3413 3516 '0
3455 3463 3650 3517 ἐσθίων
3689 3482 3797 3533 μου

2218 3554 2308 3606 τὸν
2332 3553 2516 3623 ἄρτον,
2553 3554 2758 3623 ἐπῆρεν
2796 3554 2883 3606 ἐπ’
2918 3553 3018 3623 ἐμὲ
3057 3554 3155 3623 τήν
3184 3552 3421 3623 πτέρναν
3451 3554 3638 3616 αὑτοῦ,
3669 3556 3797 3626 ἦτοι

2218 3644 2520 3714 ἐμεγάλυνε
2569 3643 2937 3714 πτερνισμὸν,
2980 3663 2997 3693 ι
3033 3642 3176 3697 κατὰ
3218 3645 3317 3713 τὴν
3355 3644 3448 3699 τοῦ
3494 3645 3799 3715 ψάλλοντος

2218 3738 2422 3805 φωνήν.
2474 3731 2642 3803 Οἶμαί
2690 3752 2741 3787 τι
2791 3734 3034 3787 τοιοῦτον
3086 3736 3422 3803 ὑποδηλοῦν·
3476 3738 3795 3809 ἐκδοθείσης

2218 3830 2350 3898 ἡμῖν
2388 3828 2676 3897 τοιγαροῦν
2712 3828 2771 3879 ἐν
2812 3826 3023 3890 τούτοις
3046 3826 3289 3898 θεωρίας
3325 3830 3539 3899 διπλῆς,
3572 3830 3797 3901 δοκιμα-

2218 3926 2357 3991 ζέτω
2386 3925 2484 3996 τὴν
2514 3924 2725 3994 ἀμείνω
2769 3926 2863 3979 καὶ
2890 3924 3107 3991 ἀληθῶς
3139 3922 3365 3994 ἔχουσαν
3410 3928 3438 3978 6
3462 3925 3792 3996 φιλομαθὴς,

2217 4016 2355 4086 πλὴν
2382 4018 2461 4079 εἰς
2490 4016 2549 4068 τὸ
2598 4015 2761 4085 ῥητὸν
2813 4014 2893 4067 ἔτι
2922 4014 3193 4084 λέγωμεν,
3230 4015 3322 4068 τὸν
3349 4015 3457 4069 τῶν
3493 4017 3796 4070 ἀπλουστὲο

2219 4127 2329 4180 ρων
2359 4110 2786 4179 ἁσφαλιζόμενοι
2826 4109 2971 4164 νοῦν.
3022 4110 3421 4179 Ίίίπαπορήσειε
3468 4113 3575 4179 γὰρ
3612 4113 3676 4165 ἄν
3708 4130 3796 4175 τις

2216 4205 2272 4255 ὲν
2295 4202 2505 4265 τούτοις
2539 4203 2682 4254 κατὰ
2718 4201 2813 4255 δύο
2841 4201 3090 4271 τρόπους.
3122 4203 3232 4255 Καὶ
3260 4203 3475 4273 πρῶτον
3508 4202 3607 4273 μὲν
3648 4206 3785 4275 ἡμῖν

2217 4293 2517 4361 ὑπαντήσει
2545 4292 2737 4360 λέγων’
2766 4293 2827 4344 Εἰ
2855 4292 3032 4346 πάντα
3058 4292 3256 4346 εἰδέναι
3284 4294 3520 4363 Χριστὸν
3541 4295 3796 4349 πιστεύο-

2221 4402 2340 4452 μεν.
2388 4383 2439 4437 τί
2481 4384 2573 4436 τὸν
2616 4383 2813 4436 Ἰούδαν
2852 4383 3154 4451 ἐξελέξατο,
3224 4387 3319 4439 καὶ
3356 4386 3409 4438 τί
3443 4389 3555 4451 τοῖς
3583 4388 3796 4458 ἑτέροις

539 4473 711 4528 citum
750 4475 956 4530 iri?Ad
995 4478 1109 4533 haec
1138 4476 1271 4532 dicit
1306 4496 1318 4533 :
1356 4476 1411 4531 Si
1463 4480 1782 4533 calcaneum
1833 4496 1989 4533 suum
2023 4482 2108 4533 id-

2219 4474 2437 4543 ἀνέμιξε
2483 4474 2784 4545 μαθηταῖς,
2827 4475 2926 4528 οὐκ
2956 4476 3261 4546 ἀγνοήσας,
3304 4478 3386 4531 ὅτι
3430 4479 3524 4532 καὶ
3559 4479 3792 4549 προδοὺς

539 4563 694 4618 circo
723 4566 924 4620 levavit
960 4567 1227 4622 adversus
1259 4568 1564 4631 Clu-istum,
1598 4568 1742 4623 sicut
1779 4569 1855 4622 ait
1890 4569 2025 4639 ipse,
2057 4580 2115 4624 ut

541 4654 934 4724 adimplerctur
978 4655 1287 4727 Scriptura.
1322 4675 1667 4728 nequaquam
1701 4661 1755 4714 in
1796 4662 1957 4728 culpa
1991 4678 2113 4714 esse.

540 4746 660 4812 ipse
694 4749 1034 4810 censebitur.
1065 4749 1158 4804 sed
1202 4753 1504 4804 necessitas
1548 4753 1637 4804 illa
1683 4768 1802 4819 qure
1836 4762 1893 4805 ut
1937 4755 2113 4807 adim-

540 4835 713 4903 pleret
748 4836 1095 4907 Scripturam
1128 4855 1250 4893 eum
1286 4840 1561 4906 adigebat.
1613 4840 1786 4895 Nabis
1820 4856 1999 4895 autem
2048 4847 2113 4899 ad

542 4924 757 4995 singula
795 4941 985 4981 eorum
1036 4942 1158 4997 qua)
1190 4926 1405 4995 objecta
1464 4937 1593 4983 sunt
1640 4930 1842 4985 acriter
1882 4947 2113 5001 l‘CSpmt—

537 5013 775 5070 dendum
841 5025 964 5079 est,
1004 5026 1058 5071 et
1111 5018 1531 5073 convenientem
1593 5012 1893 5091 unicuique
1960 5025 2109 5078 solu-

536 5105 740 5159 tione-u
804 5108 1012 5176 quibus
1067 5109 1372 5178 poterimus
1444 5111 1757 5166 rationibus
1818 5113 2111 5170 subtexere

537 5203 773 5265 oportet,
803 5197 869 5250 ad
900 5197 1323 5251 aedificationem
1366 5209 1420 5252 et
1448 5202 1884 5257 consolationem
1918 5219 2108 5259 eorum

537 5286 630 5354 qui
662 5286 1031 5356 intelligendis
1066 5303 1240 5342 sacra:
1274 5288 1575 5360 Scriptura:
1624 5293 1763 5349 locis
1797 5310 1861 5349 ex
1907 5296 2109 5365 seipsis

540 5393 646 5432 non
681 5386 813 5432 sunt
844 5378 1046 5433 idonei.
1081 5382 1157 5432 Ac
1186 5381 1416 5449 primum
1445 5384 1661 5452 quidem
1693 5385 1932 5443 dicimus
1958 5388 2102 5456 quod

538 5466 584 5521 si
620 5465 685 5521 de
712 5468 949 5536 singulis
979 5485 1102 5538 qua:
1129 5486 1157 5524 a
1194 5470 1300 5526 Deo
1327 5471 1469 5526 facta
1500 5485 1629 5530 sunt
1658 5476 1965 5532 istiusmodi
1996 5495 2108 5534 ser-

539 5560 794 5613 monibus
827 5562 901 5613 uti
938 5562 1484 5635 velimus,nunquam
1516 5584 1615 5622 nos
1651 5570 1809 5625 linem
1861 5571 2107 5625 facturos

615 5733 658 5765 ⁸⁸
697 5732 836 5787 Prii].
879 5752 970 5798 XL,
1011 5738 1109 5793 10.-

2218 4564 2506 4627 ἁλώσεται,
2550 4567 2642 4619 καὶ
2675 4566 2785 4618 τῶν
2816 4567 2915 4635 τῆς
2947 4567 3318 4639 φιλοκερδείας
3367 4571 3499 4622 εἵσω
3540 4572 3791 4624 πεσεῖται

2222 4656 2464 4726 βρόχων;
2509 4657 2659 4726 Ἰζρεῖ
2684 4656 2740 4709 δὲ
2772 4657 2909 4729 πρὸς
2938 4656 3148 4720 τούτοις
3168 4676 3181 4689 ·
3216 4659 3276 4711 Εἰ
3302 4659 3358 4711 δὲ
3393 4659 3481 4712 διὰ
3508 4658 3666 4712 τοῦτο
3690 4661 3791 4731 τὴν

2221 4749 2455 4817 πτέρναν
2496 4748 2667 4818 ἐπῆρε
2700 4747 2842 4801 κατὰ
2887 4749 3122 4818 Χριστοῦ
3148 4788 3161 4810 ,
3199 4749 3342 4802 καθὰ
3388 4767 3552 4819 φησιν
3603 4751 3789 4812 αὐτὸς,

2219 4839 2596 4910 ἵναπληρωθῇ
2630 4841 2663 4908 ἡ
2714 4838 2901 4909 Γραῳὴ
2931 4880 2946 4899 ,
3002 4840 3102 4892 οὐκ
3153 4840 3313 4903 αὐτὸς
3365 4840 3431 4894 ἂν
3481 4844 3654 4901 νοοῖτο
3692 4842 3789 4894 τοῦ

2215 4935 2497 4999 γεγονότος
2555 4930 2840 4993 ὑπαίτιος,
2891 4931 3003 4982 ἀλλ’
3047 4933 3077 4998 ἡ
3128 4932 3513 4999 ἀναγκάζουσα
3560 4932 3792 5002 δύναμις

2216 5022 2551 5092 πληροῦσθαι
2594 5021 2692 5093 τὴν
2720 5022 2964 5092 Γραφήν.
3001 5024 3090 5075 Δεῖ
3116 5023 3172 5076 δὲ
3219 5024 3365 5093 ἡμᾶς
3403 5024 3539 5094 πρὸς
3581 5025 3792 5079 ἕκαστα

2213 5114 2318 5166 τῶν
2354 5115 2662 5185 εἰρημένων
2696 5113 3112 5167 ἀντανίστασθαι
3142 5115 3374 5184 γοργῶς,
3420 5116 3512 5168 καὶ
3542 5116 3636 5186 τὴν
3668 5117 3795 5169 ἐκα-

2212 5203 2355 5274 τέρῳ
2396 5203 2713 5273 πρέπουσαν
2752 5202 3051 5269 ἀπολογίαν
3095 5206 3205 5265 τοῖς
3254 5204 3392 5256 κατὰ
3426 5204 3654 5273 δύναμιν
3699 5205 3780 5269 ἑξο

2216 5298 2417 5364 υφᾶναι
2448 5296 2748 5364 λογισμοῖς.
2791 5295 2926 5364 πρὸς
2961 5295 3251 5365 οἰκοδομὴν
3299 5296 3394 5348 καὶ
3441 5297 3790 5367 παράκλησιν

2215 5388 2322 5440 τῶν
2368 5387 2466 5439 οὐκ
2502 5386 2888 5456 ἐπαρκούντων
2920 5387 3132 5439 οἴκοθεν
3174 5388 3357 5454 σφίσιν
3384 5387 3564 5452 αὐτοῖς
3605 5391 3686 5452 εἰς
3729 5390 3792 5441 τι)

2219 5476 2480 5532 δύνασθαι
2522 5480 2660 5531 νοεῖν
2700 5478 2767 5531 τὰ
2807 5480 2863 5532 ἐν
2906 5481 2970 5546 τῇ
3003 5479 3123 5547 θεία
3168 5480 3378 5551 Γραφῇ.
3431 5481 3538 5534 Καὶ
3570 5482 3788 5551 πρῶτον

2224 5556 2321 5641 μὲν
2348 5570 2519 5623 ἐκεῖνῦ
2551 5587 2751 5638 φαμεν,
2788 5573 2862 5633 ὡς
2908 5573 2953 5621 εἰ
2986 5569 3275 5640 μέλλοιμεν
3306 5574 3391 5641 ἐφ’
3428 5573 3643 5643 ἑκάστῳ
3680 5574 3787 5627 τῶν
