4104 6438
290 357 398 416 σεο

1355 355 1421 414 ιλ
1462 357 1746 417 JO.\NNIS
1781 358 2240 417 EVANGELIUM
2280 360 2410 416 LIB.
2443 324 2542 416 ix.

3461 368 3563 426 130

286 475 600 547 γεγονότων
644 475 795 545 παρὰ
837 473 972 527 Θεοῦ
1006 476 1120 537 τοῖς
1155 474 1422 538 τοιούτοις
1461 472 1870 548 ᾄποκεχρῆσθαι

1982 473 2303 543 increpandi
2359 476 2736 555 earpendique
2787 477 3026 548 opiﬁcis,
3077 478 3401 537 immensam
3440 483 3564 556 eius

284 570 510 638 λόγοις,
583 566 958 638 καταλέξομεν
1040 567 1295 637 ούδαμῶς
1372 568 1732 638 ἐπιτιμῶντες
1801 566 1879 638 τῷ

283 663 531 732 ποιητῇ,
577 659 1069 732 διαλοιδορούμενοί
1100 676 1159 714 τε
1194 659 1273 731 τῷ
1315 661 1454 732 πρὸς
1504 660 1566 714 τὺ
1611 654 1751 714 εἶναι
1806 658 1879 713 τὰ

281 757 389 808 οὐκ
422 755 556 808 ὄντα
605 753 862 809 καλοῦντι
907 753 1061 824 Θεῷ,
1122 756 1215 808 καὶ
1263 753 1362 825 τὴν
1413 756 1653 825 ἄμετρον
1707 751 1873 806 αὐτοῦ

282 845 711 917 φιλανθρωπίαν
741 846 1093 916 διασύροντες
1142 846 1392 917 ἀμαθῶς.
1445 846 1510 898 Τί
1559 845 1667 917 γὰρ
1693 885 1709 910 ,
1754 845 1876 898 εἰπε

286 956 404 1009 μοι,
454 939 553 992 καὶ
583 938 672 990 ἑτέ
682 954 818 1009 ρους
843 937 1134 991 διακωλύει
1168 938 1332 1008 τυχὸν
1362 937 1657 1007 ἐγκαλέσαι
1687 936 1876 1006 λέγον-

279 1050 384 1093 τας
406 1049 419 1061 ·
464 1031 532 1083 Τί
574 1032 666 1083 τὸν
696 1030 872 1084 Σαοὺλ
902 1030 1165 1097 ἐπελέξω,
1199 1032 1295 1084 καὶ
1327 1032 1407 1093 είς
1435 1029 1659 1099 βασιλέα
1690 1029 1877 1100 κέχρι-

283 1140 390 1186 κας
420 1124 521 1175 ἐπὶ
574 1122 668 1175 τὸν
727 1122 983 1194 Ἰσραὴλ,
1031 1121 1186 1185 εἰδὼς
1227 1123 1309 1175 ὅτι
1359 1122 1577 1185 πάντως
1619 1121 1874 1191 ἀθετήσει

278 1213 385 1280 τὴν
420 1213 621 1281 χάρινς
649 1211 763 1265 Καὶ
786 1212 841 1264 τί
868 1210 1027 1265 τοῦτο
1040 1212 1220 1280 λέγω;
1256 1212 1613 1283 ’Λναΰήσεται
1636 1213 1745 1282 γὰρ
1773 1211 1873 1281 τῆς

280 1304 468 1365 αίτίας
495 1305 527 1372 ἡ
556 1304 831 1375 πρόφασις
874 1305 967 1357 ἐπὶ
1012 1306 1103 1357 τὸν
1150 1303 1244 1357 τοῦ
1280 1303 1474 1373 γένους
1530 1302 1870 1374 καθηγητὴν,

279 1397 430 1449 τοῦτ’
468 1396 623 1450 ἐστιν
668 1396 861 1467 Ἀδάμ.
920 1398 1067 1468 Ἐρεῖ
1110 1398 1169 1450 δέ
1213 1414 1296 1460 τις
1347 1396 1510 1467 τυχὸν
1540 1396 1646 1450 τῶν
1687 1398 1873 1450 ἐκεῖνα

279 1487 735 1556 διεσκεμμένων·
785 1487 851 1539 Τί
900 1486 991 1540 τὸν
1040 1485 1258 1556 πρῶτον
1307 1485 1594 1557 ἄνθρωπον
1629 1484 1872 1548 ἔπλασας

278 1577 395 1630 ἀπὸ
431 1581 539 1647 γῆς
592 1580 622 1631 ό
657 1576 726 1631 τὰ
772 1579 952 1632 πάντα
990 1575 1182 1643 είδώς;
1231 1578 1305 1631 Οὐ
1361 1577 1470 1648 γὰρ
1516 1576 1734 1645 ἠγνόεις
1789 1576 1871 1629 ὅτι

276 1670 536 1721 πεσεῖται
601 1667 701 1738 τὴν
755 1667 1007 1721 δοθεῖσαν
1054 1668 1207 1739 αύτῷ
1260 1668 1576 1740 παρελάσας
1626 1668 1867 1739 ἐντολήν.

276 1758 440 1811 Κατά
468 1757 565 1810 τὸν
593 1760 758 1812 αὑτὸν
794 1758 986 1814 τοῦτον
1017 1759 1176 1829 λόγον
1202 1761 1296 1813 καὶ
1333 1760 1426 1813 ἐπὶ
1460 1763 1572 1824 τοῖς
1610 1760 1869 1830 ἀνωτέρω

1984 566 2380 637 benignitatem
2453 570 2624 625 stulte
2697 571 3094 627 convellentes.
3162 572 3304 639 Quid
3372 575 3562 640 enim,

1984 669 2192 725 quaeso,
2240 656 2558 726 prohibebit
2594 658 2764 714 etiam
2815 658 2957 715 alios
2996 658 3255 715 incusare
3298 662 3467 718 Deum
3497 678 3563 719 ac

1982 748 2211 804 dicere:
2245 749 2359 803 Cur
2390 748 2608 805 Saulcm
2641 751 2878 822 elcgisti,
2920 762 2976 808 et
3029 753 3083 807 in
3119 767 3298 824 regem
3355 754 3562 812 tinxisti

1983 854 2150 908 super
2201 837 2401 908 Israel,
2446 857 2610 911 quem
2677 842 2910 912 gratiam
2968 843 3199 899 omnino
3249 853 3562 914 spreturum

1982 933 2237 987 sciebas?
2261 932 2327 986 Et
2352 934 2483 1004 quid
2517 936 2623 989 hoc
2646 932 2769 989 aio?
2792 935 2930 991 Nam
2964 937 3129 1007 hujus
3155 938 3565 998 criminationis

1981 1039 2148 1080 causa
2177 1024 2245 1080 ad
2279 1026 2457 1095 ipsum
2490 1027 2712 1098 generis
2749 1037 3034 1083 auctorem
3069 1030 3351 1095 ascendet,
3380 1030 3432 1086 id
3478 1043 3565 1088 est

1979 1116 2179 1171 Adam.
2216 1118 2373 1184 Quod
2424 1117 2571 1173 dicet
2607 1117 2798 1173 forsan
2855 1119 3056 1190 aliquis
3103 1136 3293 1176 eorum
3334 1123 3428 1192 qui
3487 1123 3563 1177 ita

1981 1208 2228 1262 sentiunt
2249 1226 2262 1263 :
2282 1208 2397 1263 Cur
2424 1209 2665 1277 primum
2695 1209 2972 1265 hominem
3006 1211 3255 1266 formasti
3290 1211 3358 1266 de
3389 1219 3559 1280 terra,
3637 1252 3641 1256 ι

1980 1300 2072 1369 qui
2126 1301 2315 1354 omnia
2357 1299 2545 1356 nosti?
2586 1297 2699 1355 Nec
2748 1300 2893 1355 enim
2958 1300 3256 1370 ignorabas
3297 1315 3559 1357 casurum

1980 1392 2160 1455 illum,
2209 1399 2396 1462 spreto
2453 1391 2602 1463 quod
2661 1400 2954 1462 acceperat
3018 1392 3301 1448 mandato.
3351 1392 3558 1449 Eodem

1979 1484 2142 1538 modo
2182 1491 2239 1539 et
2272 1499 2339 1538 ex
2374 1484 2592 1554 superis
2637 1498 2702 1539 ac
2736 1483 3059 1539 cmlestibus
3096 1498 3286 1539 ansam
3338 1499 3561 1555 quoque

1978 1576 2245 1645 carpendi
2295 1575 2547 1645 arripiet,
2581 1576 2828 1630 clamans
2858 1592 2870 1627 :
2902 1573 3016 1629 Cur
3067 1575 3386 1645 angelorum
3426 1590 3556 1630 con-

1978 1666 2170 1723 didisti
2219 1676 2496 1732 naturam,
2528 1682 2653 1721 eum
2692 1681 2801 1721 non
2835 1668 3142 1736 ignorares,
3172 1675 3232 1722 ut
3265 1665 3428 1731 Deus,
3468 1668 3558 1721 fu-

1976 1767 2160 1813 turam
2217 1760 2528 1829 aliquorum
2579 1756 3110 1813 defeetionem'lNec
3160 1758 3306 1812 enim
3362 1773 3556 1814 serva-

274 1851 371 1902 καὶ
397 1850 648 1919 μείζοσιν
681 1851 763 1904 ἔτι
792 1854 1094 1925 κατηγορεῖ
1120 1852 1259 1923 βοῶν
1284 1869 1296 1881 ·
1325 1853 1479 1907 Διατί
1499 1854 1597 1924 τὴν
1618 1854 1869 1922 ἀγγέλων

1974 1856 2173 1903 verunt
2201 1864 2399 1906 omnes
2433 1864 2599 1903 suum
2638 1849 3032 1919 principatum.
3055 1849 3199 1914 Quid
3237 1864 3402 1918 porro
3428 1850 3558 1905 hinc

273 1941 763 2014 δεδημιούργηκας
792 1944 978 2011 φύσιν,
1001 1945 1114 2019 ,οὐκ
1146 1946 1443 2016 ἀγνοήσας,
1472 1946 1548 2009 ὡς
1577 1946 1730 2010 Θεὸς,
1770 1945 1870 2017 τὴν

273 2033 553 2103 ἐσομένην
582 2033 748 2087 τινῶν
798 2035 1057 2089 ἀπόνοιαν
1104 2036 1187 2100 είς
1246 2038 1592 2103 ἀπόστασιν;
1634 2037 1870 2108 Τετηρή-

273 2141 409 2177 κασι
446 2125 560 2197 γάρ
609 2128 671 2180 οὐ
734 2128 939 2191 πάντες
994 2129 1094 2200 τὴν
1140 2129 1346 2183 οἰκείαν
1391 2129 1585 2200 ἀρχήν.
1644 2125 1777 2183 Εἶτα
1818 2129 1870 2182 τί

270 2216 334 2269 τὸ
390 2217 687 2284 ὲντεῦθεν;
760 2220 824 2273 Ἦ
898 2220 992 2274 τοῦ
1052 2220 1194 2274 Θεοῦ
1261 2222 1574 2291 πρόγνωσις
1631 2223 1734 2276 οὐκ
1803 2222 1869 2276 ἂν

271 2306 446 2359 αὑτὸν
533 2307 964 2381 συγκεχώρηκεν
1026 2310 1258 2383 ὀφθῆναι
1335 2312 1703 2383 δημιουργὸν,
1753 2313 1867 2366 ἀλλ’

270 2398 379 2451 οὐδ’
408 2398 480 2452 ἂν
507 2400 545 2469 ἡ
574 2398 769 2471 λογικὴ
811 2403 994 2466 κτίσις
1026 2403 1310 2474 παρῆλθεν
1347 2404 1484 2467 ὅλως
1510 2405 1590 2467 εἰς
1629 2404 1865 2473 γένεσιν,

272 2488 359 2541 ἵνα
388 2490 566 2559 μόνης
608 2490 711 2561 τῆς
750 2491 951 2561 ἀλόγου
1010 2490 1106 2548 καὶ
1146 2493 1476 2565 ἀναισθήτου
1523 2494 1739 2563 φύσεως
1773 2492 1884 2567 βας

272 2578 463 2649 σιλεύῃ
498 2579 635 2643 Θεὸς
657 2622 672 2642 ,
717 2581 855 2654 μηδὲ
901 2582 985 2635 ὅτι
1022 2582 1157 2646 Θεὸς
1187 2582 1329 2637 κατά
1364 2582 1528 2651 φύσιν
1563 2584 1681 2636 ἐστὶ
1706 2599 1870 2652 γινω·

274 2674 567 2742 σχόμενος.
628 2675 841 2744 Χρῆναι
895 2674 952 2727 δὲ
1018 2669 1175 2745 οἶμαι
1231 2674 1465 2745 μάλιστα
1519 2675 1583 2745 δὴ
1650 2676 1903 2729 πάντωνι

271 2767 454 2817 ἐκεῖνο
502 2766 1002 2836 διασκεπτομένους
1034 2767 1201 2837 ὁρᾷν,
1242 2766 1326 2819 ὅτι
1357 2767 1471 2829 τοῖς
1494 2763 1733 2833 λογικοῖς
1757 2764 1866 2817 τῶν

273 2857 599 2926 κτισμάτων
658 2857 798 2921 ίδίας
857 2859 1236 2928 προαιρέσεως
1273 2856 1537 2927 ἀπένειμε
1575 2856 1675 2922 τὰς
1707 2858 1866 2928 ἡνίας

268 2949 297 3000 ὁ
323 2948 557 3002 πάντων
586 2949 966 3020 Δημιουργὸς,
1015 2948 1109 3004 καὶ
1153 2948 1597 3013 αύτοκελεύστοις
1654 2949 1866 3020 ἀφῆκεν

271 3036 412 3094 εἶναι
454 3042 689 3111 ῥοπαῖς,
735 3042 822 3111 ἐφ’
853 3042 992 3112 ὅπερ
1040 3040 1107 3097 ἂν
1161 3041 1396 3106 ἕκαστος
1426 3040 1667 3110 βούλοιτο
1700 3040 1864 3110 τυχὸν

271 3132 415 3201 ἔχειν
445 3132 651 3203 ἄριστα
674 3131 977 3202 δοκιμάσας
1002 3133 1093 3186 τὸν
1123 3132 1346 3204 τρόπον.
1380 3134 1443 3185 Ol
1478 3131 1577 3202 μὲν
1611 3127 1704 3186 οὖν
1748 3134 1863 3195 τοῖς

270 3198 525 3287 ἀμείνοσι
547 3198 1008 3293 προσνενευκότες
1029 3198 1226 3293 ὀρθιῖις,
1254 3222 1351 3292 τὴν
1374 3198 1511 3275 ἰδίαν
1535 3217 1860 3284 διασώζουσι
1889 3198 1933 3257 C

269 3311 468 3379 δόξαν,
509 3313 606 3366 καὶ
658 3313 720 3366 ἐν
774 3313 990 3384 μεθέξει
1046 3313 1269 3385 μένουσι
1311 3313 1421 3367 τῶν
1481 3312 1860 3383 ἀπονεμηθέν-

270 3419 379 3457 των
405 3403 600 3466 αὐτοῖς
634 3404 891 3473 ἀγαθῶν,
929 3405 1326 3475 ἀμετάπτωτόν
1363 3421 1424 3457 τε
1462 3406 1563 3475 τὴν
1595 3404 1861 3475 εὐθυμίαν

269 3493 628 3563 εὑρίσκουσιν
654 3509 667 3524 ·
728 3495 781 3547 οἱ
848 3494 905 3548 δὲ
968 3497 1077 3559 τοῖς
1149 3494 1300 3559 ἰδίοις
1373 3494 1864 3565 καταφθειρόμενοι

268 3583 599 3654 λογισμοῖς,
647 3587 744 3639 καὶ
789 3586 875 3655 ἐφ’
905 3585 944 3641 ἃ
994 3587 1070 3658 μὴ
1122 3586 1281 3657 θέμις
1322 3586 1645 3649 ἀκαθέκτοις
1675 3584 1863 3658 ὥσπερ

270 3673 546 3744 ῥεύμασιν
572 3674 880 3744 ἐπιθυμιῶν
901 3676 1360 3747 κατασυρόμενοι,
1388 3677 1487 3745 τὴν
1516 3675 1701 3739 αὐτοῖς
1731 3675 1854 3745 πρέ-

273 3783 486 3821 πουσαν
517 3767 856 3836 ὑπομένουσι
893 3767 1070 3836 δίκην.
1101 3766 1196 3819 καὶ
1242 3767 1341 3837 τὴν
1382 3768 1473 3820 ἐπὶ
1517 3768 1637 3830 ταῖς
1672 3768 1867 3837 ἀχαρι-

270 3860 452 3922 στίαις
484 3859 715 3921 εἰκότως
744 3859 1110 3929 ὑπομένοντες
1137 3859 1379 3930 γραφὴν,
1419 3859 1519 3929 τὴν
1548 3859 1733 3929 ἀπηνῆ
1774 3859 1866 3911 καὶ¹

267 3951 589 4021 ἀπέραντον
613 3948 1015 4018 ὑποστήσονται
1055 3948 1298 4004 κόλασιν.
1337 3949 1460 4001 Ἐπὶ
1500 3948 1712 4011 τούτοις
1755 3950 1865 4011 τοῖς

267 4042 523 4111 ὁρισμοῖς
553 4039 859 4109 γενομένην
884 4041 1137 4110 εὑρήσεις
1160 4040 1260 4111 τὴν
1287 4039 1395 4094 τῶν
1416 4039 1663 4108 ἀγγέλων
1683 4038 1864 4108 φύσιν.

269 4133 330 4183 Οἱ
358 4131 464 4202 μὲν
489 4131 605 4201 γὰρ
631 4130 1060 4201 διατηρήσαντες
1087 4129 1186 4202 τὴν
1210 4132 1418 4185 οἰκείαν
1438 4130 1635 4201 ἀρχὴν,
1659 4130 1864 4183 ἀναπό-

268 4222 468 4294 6λητον
502 4221 691 4291 ἔχουσι
716 4222 815 4291 τὴν
855 4222 942 4291 ἐφ’
963 4222 1137 4276 ἅπασι
1168 4227 1282 4287 τοῖς
1314 4223 1541 4292 ἀγαθοῖς
1576 4224 1783 4294 ἴδρυσίν
1809 4241 1866 4277 τε

1977 1943 2272 2011 sequitur?
2297 1942 2435 1997 illud
2469 1942 2755 2009 videlicet,
2785 1951 2843 1996 ut
2896 1942 3347 2012 prmeognitionis
3388 1957 3557 1998 causa

1976 2040 2071 2086 aut
2102 2032 2237 2085 nihil
2282 2032 2509 2086 omnino
2549 2046 2741 2086 creare
2786 2030 3065 2093 debuerit,
3097 2039 3195 2084 aut
3230 2039 3379 2086 certe
3404 2045 3557 2085 crea-

1973 2136 2154 2181 turam
2197 2128 2403 2181 nnllam
2459 2127 2695 2181 rationis
2739 2134 3049 2198 compotem
3088 2128 3316 2179 omnino
3351 2123 3557 2193 produ»

1974 2234 2123 2282 cere,
2174 2228 2231 2273 ut
2283 2220 2596 2274 irrationali
2630 2229 2842 2274 tantum
2881 2228 2934 2275 et
2981 2233 3179 2275 sensus
3210 2217 3418 2286 experti
3452 2231 3556 2271 na-

1974 2320 2112 2367 turae
2144 2311 2290 2367 Deus
2339 2312 2597 2381 imperet,
2636 2326 2737 2366 nec
2784 2311 2903 2382 ipse
2942 2312 3169 2368 omnino
3216 2320 3414 2365 natura
3451 2324 3554 2365 sua

1977 2403 2119 2458 Deus
2148 2412 2540 2474 cognoscatur.
2568 2402 2703 2458 lllud
2734 2410 2915 2457 autem
2944 2403 3183 2457 maxime
3205 2403 3556 2458 consideran-

1971 2481 2105 2548 dum
2127 2494 2197 2548 iis
2229 2494 2503 2558 arbitror,
2532 2493 2776 2549 universi
2808 2493 3058 2563 opificem
3088 2491 3555 2548 intellectualibus

1971 2582 2250 2637 creaturis
2282 2583 2588 2638 voluntatis
2632 2597 2748 2637 sua:
2800 2581 3047 2636 habenas
3099 2581 3470 2644 commisisse,
3499 2590 3556 2636 et

1972 2682 2285 2744 spontaneo
2324 2683 2475 2729 motu
2510 2689 2576 2730 eo
2610 2674 2739 2729 ferri
2778 2671 3126 2743 permisisse,
3159 2688 3269 2742 quo
3317 2673 3558 2743 quisque

1972 2764 2118 2815 velit.
2166 2764 2269 2827 Qui
2313 2778 2448 2834 ergo
2492 2763 2817 2819 melioribus
2865 2773 3016 2815 recte
3047 2775 3108 2816 se
3145 2762 3555 2831 applicuerunt,

1970 2855 2197 2924 gloriam
2240 2869 2395 2908 suam
2448 2861 2696 2917 servant,
2752 2861 2809 2907 et
2855 2853 3129 2906 bonorum
3177 2852 3283 2907 sibi
3317 2866 3553 2909 conces-

1970 2959 2155 2999 sormn
2188 2944 2484 3015 participes
2512 2951 2835 3010 manent,et
2869 2941 3133 2998 felicitate
3164 2958 3272 3014 qua
3298 2944 3554 3000 excidere

1968 3049 2271 3108 nequeant,
2295 3036 2692 3109 perfruuntur;
2714 3036 2807 3107 qui
2832 3050 2963 3090 vero
2995 3035 3237 3106 prepriis
3263 3034 3553 3093 affectibus

1968 3136 2426 3198 corrumpuntur,
2463 3129 2834 3199 cupiditatum
2883 3137 3022 3183 aestu
3056 3142 3166 3198 quo
3225 3125 3384 3184 nefas
3434 3139 3555 3184 erat

1967 3219 2220 3281 abducti,
2254 3207 2411 3291 731
2443 3220 2641 3290 dignas
2695 3219 2999 3275 sceleribus
3045 3220 3164 3276 suis
3216 3234 3411 3290 poenas
3449 3219 3554 3275 da-

1965 3310 2127 3375 bunt,
2166 3320 2221 3363 et
2271 3310 2345 3363 ob
2400 3310 2603 3380 ingrati
2656 3310 2825 3364 animi
2873 3327 3071 3364 noxam
3128 3310 3256 3381 jure
3308 3310 3552 3366 damnati

1965 3415 2129 3470 grave
2171 3407 2225 3455 et
2259 3408 2529 3455 :eternum
2585 3401 2921 3471 supplicium
2970 3402 3143 3457 luent.
3170 3399 3268 3455 llis
3301 3403 3555 3459 terminis

1967 3491 2293 3562 angelorum
2333 3502 2588 3547 naturam
2624 3491 2873 3547 invenies
2911 3492 3206 3548 contineri.
3248 3491 3353 3559 Qui
3402 3493 3550 3549 enim

1967 3592 2262 3638 servarunt
2300 3600 2461 3639 suum
2495 3584 2893 3655 principatum.
2921 3585 3312 3639 inconcussam
3354 3584 3555 3641 habent

1967 3671 2023 3724 in
2056 3671 2315 3727 omnibus
2353 3671 2515 3727 bonis
2575 3672 2890 3728 firmitatem
2931 3682 3097 3743 atque
3144 3676 3552 3741 constantiam;

1966 3764 2064 3833 qui
2093 3778 2226 3818 vero
2264 3764 2317 3817 in
2350 3764 2628 3818 deteriora
2668 3766 2923 3820 conversi
2963 3765 3054 3818 illa
3092 3765 3316 3836 antiqua
3352 3765 3554 3820 nobili-

1970 3864 2080 3910 tate
2120 3852 2467 3921 exciderunt,
2510 3856 2838 3911 rudentibus
2891 3856 3092 3911 inferni
3132 3857 3555 3920 detracti,sicut

1967 3946 2236 4017 scriptum
2283 3956 2389 4012 est,
2429 3947 2484 4001 in
2537 3947 2808 4017 judicium
2864 3964 3077 4019 magna:
3123 3949 3230 4004 diei
3288 3950 3553 4005 reservati

1970 4046 2100 4092 sunt
2129 4035 2330 4093 "..Sie
2373 4037 2554 4093 factus
2585 4050 2669 4093 est
2702 4039 2863 4093 initio
2910 4039 3121 4109 primus
3154 4040 3243 4095 ille
3276 4040 3461 4108 homo,
3499 4041 3555 4097 id

1968 4138 2055 4184 est
2082 4129 2283 4182 Adam.
2312 4128 2443 4183 Erat
2467 4132 2614 4185 enim
2642 4133 2697 4185 in
2731 4132 3009 4201 paradiso,
3029 4140 3082 4186 et
3110 4132 3163 4186 in
3196 4132 3428 4189 summis
3459 4133 3555 4189 de-

1971 4220 2137 4285 liciis,
2174 4219 2521 4289 spiritalibus
2566 4223 2852 4285 nimirum,
2896 4231 2949 4277 et
2980 4224 3151 4294 gloria
3179 4227 3321 4296 apud
3357 4225 3549 4285 Deum.

267 4316 361 4367 καὶ
390 4315 611 4367 στάσιν·
660 4315 709 4367 οῖ
754 4313 811 4367 δὲ
862 4316 976 4378 τοῖς
1035 4316 1126 4368 ἐπὶ
1176 4317 1246 4369 τὰ
1294 4315 1462 4386 χείρω
1496 4315 1727 4386 νεύμασι
1771 4316 1868 4385 τῆς

1972 4313 2038 4365 Et
2088 4314 2489 4381 permansisset
2536 4314 2760 4385 quidem
2803 4316 2855 4369 in
2899 4317 3150 4385 pristinis
3193 4320 3302 4375 illis
3346 4332 3555 4377 natura:

265 4406 506 4474 ἀρχαίας
570 4406 791 4476 ἐκείνης
844 4407 1095 4470 εὐκλείας
1144 4406 1600 4478 διολισθήσαντες,
1660 4409 1869 4476 σειραῖς

1973 4402 2152 4466 bonis,
2182 4403 2287 4458 nisi
2314 4418 2619 4459 conversus
2643 4413 2789 4459 esset
2817 4406 2867 4458 in
2891 4406 3255 4462 defectionem
3283 4418 3337 4464 et
3362 4411 3554 4468 inobe-

266 4495 431 4562 ζόφου
484 4495 992 4566 τεταρταρωμένοι,
1027 4495 1168 4549 κατά
1216 4497 1278 4548 τὸ
1332 4495 1734 4566 γεγραμμένον,
1788 4497 1868 4557 εἰς

1972 4494 2262 4560 dientiam,
2302 4494 2490 4548 datum
2551 4496 2654 4549 sibi
2694 4494 2933 4565 desuper
2965 4500 3280 4552 mandatum
3332 4506 3551 4559 stultis-

264 4586 449 4653 κρίσιν
481 4584 733 4653 μεγάλης
763 4584 979 4655 ἡμέρας
1014 4586 1367 4655 τετήρηνται.
1400 4583 1588 4647 Οὕτως
1642 4581 1869 4652 πεποίη·

1975 4587 2112 4640 sime
2147 4595 2596 4656 prastergressus.
2651 4587 2743 4641 Sic
2790 4589 2946 4641 unxit
2983 4588 3203 4643 Saulcm
3248 4591 3301 4645 in
3341 4609 3547 4665 regem.

265 4690 351 4726 ται
384 4674 539 4727 κατᾶ
565 4672 670 4742 τὴν
698 4673 876 4744 ἀρχὴν
903 4675 932 4727 ό
958 4673 1176 4744 πρῶτος
1210 4672 1521 4744 ἄνθρωπος,
1552 4670 1698 4725 τοῦτ’
1724 4672 1870 4724 ἐστιν

265 4768 290 4816 ὁ
318 4766 520 4833 Ἀδάμ.
554 4760 666 4818 Ἦν
722 4769 822 4836 μὲν
878 4765 988 4837 γὰρ
1038 4767 1096 4818 ὲν
1154 4766 1491 4837 παραδείσῳ,
1527 4766 1621 4819 καὶ
1664 4767 1721 4817 ἐν
1754 4768 1871 4829 ταῖς

266 4856 535 4909 ἀνωτάτω
570 4859 833 4925 τρυφαῖς,
890 4859 1290 4927 πνευματικαῖς
1321 4856 1582 4927 δηλονότι,
1618 4858 1711 4909 καὶ
1742 4856 1868 4927 δόξῃ

262 4951 328 5015 τῇ
358 4947 522 5016 παρὰ
558 4945 700 5015 Θεῷ.
738 4947 851 4999 Καὶ
877 4946 1145 5017 διέμεινεν
1181 4946 1245 4999 ἂν
1268 4948 1326 4999 ὲν
1352 4949 1465 5009 τοῖς
1494 4945 1744 5017 ἀρχαίοις
1769 4944 1870 5013 τῆς

268 5040 487 5101 ῳύσεως
514 5037 769 5105 ἀγαθοῖς,
800 5039 850 5090 εί
875 5037 948 5109 μὴ
978 5037 1253 5109 τέτραπτο
1277 5037 1415 5108 πρὸς
1442 5037 1745 5090 ἀπόστασιν
1773 5036 1868 5089 καὶ

268 5128 582 5199 παρακοήν,
630 5127 968 5182 ἀϐουλότατα
1020 5128 1307 5196 παρελθὼν
1364 5127 1461 5198 τὴν
1504 5126 1868 5197 διορισθεῖσαν

268 5219 492 5288 ἐντολὴν
524 5218 758 5274 ἄνωθεν.
800 5218 958 5271 Οὖτω
992 5219 1217 5289 κέκρικε
1258 5219 1349 5271 τὸν
1380 5218 1554 5271 Σαοὺλ
1598 5219 1677 5281 εἰς
1711 5219 1864 5288 βασι-

266 5309 379 5363 λέα.
407 5305 524 5363 *Ην
552 5309 656 5378 μὲν
681 5312 789 5379 γὰρ
817 5312 875 5362 ἐν
905 5313 1099 5380 ἀρχαῖς
1125 5312 1186 5362 οὐ
1208 5311 1409 5379 φαῦλος
1441 5311 1598 5381 ἀνὴρ,
1632 5309 1865 5380 ὀφθέντα

269 5418 326 5467 γε
360 5402 471 5472 μὴν
500 5403 691 5455 οὐκέτι
743 5402 985 5457 τοιοῦτον
1025 5403 1249 5473 μεθίστη
1298 5404 1395 5473 τῆς
1422 5403 1581 5475 δόξης
1625 5402 1720 5456 καὶ
1762 5392 1861 5471 τῆξ

273 5494 542 5561 βασιλίδος
565 5494 753 5566 τιμῆς.
796 5495 983 5558 Οὕτως
1035 5494 1326 5560 ἐπελέξατο
1376 5496 1467 5547 τὸν
1501 5495 1724 5560 Ἰούδαν,
1767 5494 1862 5546 καὶ

269 5588 375 5645 τοῖς
434 5586 617 5654 αγῑοις
667 5586 828 5640 αὐτὸν
879 5586 1102 5657 ἀνέμιξε
1163 5578 1457 5656 μαθηταῖς,
1525 5586 1854 5657 ἐπιτηδείως

338 5764 383 5794 ⁸³
422 5764 582 5819 Ιιιιξιιε
619 5766 671 5819 6.

1971 4674 2102 4729 Erat
2140 4677 2286 4730 enim
2327 4676 2407 4728 vir
2452 4676 2596 4730 haud
2655 4679 2832 4731 malus
2886 4679 3064 4744 initio,
3101 4683 3192 4735 sed
3224 4696 3348 4736 cum
3388 4689 3550 4742 talem

1972 4781 2031 4821 se
2062 4782 2168 4820 non
2205 4767 2446 4849 amplius
2481 4768 2832 4836 przebuisset,
2862 4770 3035 4839 gloria
3065 4782 3118 4825 et
3145 4774 3297 4843 regni
3343 4773 3554 4835 honore

1969 4858 2200 4917 excidit.
2234 4858 2324 4913 Sic
2354 4857 2551 4912 Judam
2588 4859 2773 4929 elegit,
2799 4871 2847 4914 et
2876 4865 3086 4917 sanctis
3108 4864 3401 4934 discipulis
3430 4885 3553 4925 cum

1970 4951 2289 5019 adscripsit,
2327 4967 2452 5004 cum
2499 4950 2754 5005 idoneum
2804 4969 2862 5007 se
2916 4955 3189 5025 principio
3221 4967 3551 5016 sectatorem

1969 5055 2032 5093 ac
2079 5039 2412 5109 discipulum
2445 5049 2758 5109 praestaret.
2804 5042 2911 5097 Sed
2959 5053 3248 5115 postquam
3288 5050 3550 5117 paulatim

1954 5147 1997 5184 'a
2033 5129 2238 5183 Satana
2291 5139 2540 5187 tentatus
2588 5141 2644 5187 ct
2700 5132 2840 5188 lucri
2873 5137 3063 5191 studio
3112 5137 3360 5197 irretitus
3427 5142 3553 5196 huic

1965 5223 2103 5277 vitio
2136 5223 2453 5286 succubuit,
2489 5223 2692 5278 factum
2733 5228 2804 5281 ob
2850 5226 2903 5281 id
2947 5229 3283 5296 proditorem
3331 5230 3548 5286 deruunt

1965 5314 2189 5384 repulit.
2218 5314 2369 5369 Nihil
2397 5331 2533 5385 ergo
2563 5316 2628 5371 ad
2657 5332 2780 5371 eum
2815 5319 2909 5388 qui
2948 5319 3130 5389 elegit.
3168 5319 3339 5375 Penes
3396 5321 3547 5374 illum

1970 5404 2176 5473 quippe
2197 5413 2316 5457 erat
2350 5419 2461 5458 non
2494 5404 2717 5470 cadere,
2749 5406 2793 5460 si
2828 5406 3054 5460 meliora
3087 5408 3346 5462 nimirum
3391 5423 3547 5463 com-

1973 5494 2133 5565 plecti
2181 5495 2469 5560 voluisset,
2513 5506 2792 5567 totamque
2850 5512 3007 5552 suam
3061 5507 3295 5553 mentem
3337 5498 3406 5552 ad
3458 5515 3549 5554 se-

1971 5584 2252 5654 quendum
2287 5586 2505 5640 sincere
2547 5585 2830 5640 Christum
2868 5588 3268 5644 transtulisset.
3300 5586 3382 5641 Ad
3416 5586 3552 5643 alte-
