4104 6488
569 361 656 417 131

1553 368 1611 421 S.
1647 368 1925 424 UYIIILLI
1967 368 2440 435 ALEXANDIIINI
2467 376 2789 437 ARCIIIEP.

3720 391 3819 446 I3!

563 493 680 531 rtnn
702 494 868 548 porro
894 480 1040 550 quod
1064 484 1408 554 propositum
1442 496 1584 550 erat.
1602 488 1869 551 dicimus.
1894 488 2108 544 Nemini

2206 536 2209 547 ι
2238 493 2430 564 ἔχοντα
2455 497 2697 569 δηλονότι
2729 500 2866 571 πρὸς
2892 502 3249 575 ἀκολούθησιν
3271 506 3328 559 ἐν
3357 506 3574 578 ἀρχαῖς.
3602 506 3815 578 Ἐπειδὴ

557 569 865 623 secundum
897 573 1267 641 quorumdam
1313 578 1543 632 stult-um
1578 587 1980 647 commentum,
2016 581 2137 635 exi-

556 662 895 717 stimandum
940 672 1027 719 est
1089 664 1294 722 idcirco
1354 685 1478 739 qua:
1521 682 1553 722 a
1586 670 1802 725 sanctis
1849 671 2137 742 prophetis

554 751 704 805 dicta
742 765 871 809 sunt
924 756 992 809 ad
1022 758 1228 811 exitum
1284 760 1536 828 perduci,
1568 768 1633 815 ut
1685 760 1992 832 Scriptura:
2035 765 2137 818 im-

557 842 833 911 plcantur.
881 843 1014 900 Nam
1048 848 1097 902 si
1149 849 1224 901 ita
1253 865 1312 904 se
1344 865 1432 904 res
1473 851 1692 915 habeat,
1731 853 1870 907 nihil
1910 855 2136 909 omnino

553 936 759 989 vetabit
810 938 1109 1005 quominus
1147 944 1466 995 necessario
1511 940 1823 1012 Scripturis
1854 943 2064 1000 addicti
2103 960 2134 1000 a

557 1035 786 1096 peccato
832 1040 1191 1094 excusentur,
1223 1031 1333 1085 imo
1387 1048 1521 1087 vero
1570 1035 1890 1090 nullatenus
1940 1051 2135 1102 pecca-

555 1118 756 1171 vet-int.
819 1118 875 1173 Si
930 1119 1076 1172 enim
1136 1135 1230 1175 eas
1290 1121 1507 1191 impleri
1563 1125 1875 1193 oportebat,
1922 1125 2135 1196 inquiet

551 1210 776 1279 aliquis,
810 1217 865 1264 et
911 1224 1008 1279 per
1055 1210 1156 1265 hos
1200 1211 1438 1282 impletae
1472 1224 1624 1279 sunt,
1678 1214 1757 1268 illi
1796 1217 1990 1286 utique
2035 1232 2135 1287 per

548 1316 689 1370 quos
730 1301 970 1371 impleta:
1007 1311 1138 1357 sunt
1182 1306 1332 1357 onmi
1371 1305 1532 1375 culpa
1577 1308 1875 1361 vacabunt.
1909 1308 2132 1379 Alioqui

547 1392 736 1444 divina
768 1393 886 1462 ipsa
923 1391 1210 1463 Scriptura
1262 1398 1474 1463 peccati
1523 1396 1774 1451 ministra
1802 1397 1974 1452 videri
2006 1413 2134 1468 pos-

2238 586 2294 640 δέ
2323 588 2465 641 κατὰ
2490 588 2665 660 βραχὺ
2693 593 2972 663 πειράζων
3012 596 3039 648 ὁ
3067 596 3310 659 Σατανᾶς
3337 599 3459 660 ταῖς
3490 599 3815 669 αίσχροκερο

2237 680 2379 744 δίαις
2408 684 2908 755 προσεχειρώσατο,
2936 687 3230 758 νικηθέντα
3259 688 3338 760 τῷ
3368 689 3533 743 πάθει
3558 692 3654 745 καὶ
3687 708 3816 762 προ-

2234 772 2397 843 δότην
2424 774 2493 828 δι’
2519 776 2652 828 αὐτὸ
2684 778 2947 846 γεγονότα
2986 779 3170 833 λοιπὸν
3192 780 3500 836 ἀπεώσατο.
3535 782 3702 836 Οὐδὲν
3725 778 3817 836 οὖν

2234 863 2345 935 ἄρα
2373 866 2508 937 πρὸς
2539 867 2630 920 τὸν
2664 867 3186 940 ἐπιλεξάμενονῘΗν
3204 872 3314 943 γὰρ
3343 873 3401 925 ἐν
3432 871 3625 943 ἐκείνῳ
3644 872 3707 926 τὸ
3726 872 3816 926 δύ-

2234 957 2432 1012 νασθαι
2465 958 2539 1030 μὴ
2565 960 2865 1025 διαπεσεῖν,
2896 944 3135 1034 ἑλομένῳ
3161 964 3404 1034 δηλονότι
3434 963 3503 1017 τὰ
3534 965 3813 1035 πρεπωδέ-

2235 1064 2425 1118 στερα,
2452 1049 2582 1121 ὃλην
2614 1067 2674 1103 τε
2705 1050 2804 1122 τὴν
2835 1050 2969 1104 ίδίαν
3001 1052 3341 1122 μετατιθέντι
3373 1053 3616 1107 διάνοιαν
3644 1053 3725 1116 είς
3752 1052 3816 1105 τὺ

2233 1140 2433 1211 χρῆναι
2452 1141 2691 1211 γνησίως
2711 1141 3075 1213 ἀκολουθῆσαι
3120 1143 3360 1215 Χριστῷ.
3397 1145 3492 1207 EI;
3518 1143 3577 1197 δέ
3604 1160 3667 1213 γε
3702 1143 3813 1196 τῶν

2234 1232 2613 1303 προκειμένων
2657 1233 2721 1286 τὸ
2769 1234 2955 1305 ἕτερον
2997 1235 3173 1288 ἐκεῖνό
3205 1252 3404 1306 φαμεν.
3453 1237 3546 1306 Μὴ
3585 1238 3696 1307 γάρ
3725 1253 3815 1301 τις

2231 1324 2447 1391 οἰέσθω,
2467 1323 2610 1377 κατά
2631 1325 2729 1397 τήν
2756 1341 2919 1378 τινων
2950 1325 3225 1391 ἀϐουλίαν,
3258 1327 3347 1381 διά
3374 1327 3533 1382 τοῦτο
3561 1327 3811 1397 διεξάγε-

2234 1412 2358 1467 σθαι
2388 1414 2524 1484 πρὸς
2558 1414 2732 1484 πέρας
2778 1416 2847 1469 τὰ
2876 1415 3014 1486 ἔργα
3065 1417 3135 1469 τὰ
3175 1418 3682 1488 κεχρησμῳδημένα
3720 1419 3813 1473 διὰ

545 1483 641 1544 sit,
674 1484 844 1537 veluti
885 1485 936 1536 vi
971 1483 1209 1554 quadam
1242 1499 1306 1539 ac
1353 1487 1688 1543 necessitate
1717 1489 2019 1544 nonnullos
2063 1507 2108 1542 ut

2230 1505 2337 1558 τῶν
2365 1483 2537 1574 ἁγίων
2567 1483 2883 1577 προφητῶν,
2907 1483 3000 1561 -ἴνα
3029 1508 3134 1580 πλη
3146 1483 3368 1576 ρωθεῄῑείν
3387 1483 3459 1563 ‘ai
3490 1483 3721 1581 F'patpai.
3748 1513 3812 1564 Εἰ

545 1575 638 1626 in“
685 1576 1013 1644 Ρθνῑνθκθτίι
1048 1591 1170 1646 ηυδε
1199 1577 1406 1647 scripta
1436 1589 1615 1644 erant:
1644 1588 1703 1633 ιη
1743 1581 1887 1650 Ψιοδ
1927 1583 2129 1650 Ρταέάί’
2229 1596 2339 1668 γὰρ
2372 1597 2530 1652 τοῦτό
2557 1575 2705 1651 ἐστιν
2727 1575 2947 1670 ἀληθὲς,
2989 1575 3309 1665 οὐδὲννόλως
3338 1575 3663 1656 διακωλύσει
3683 1606 3813 1667 τοὺς

540 1677 692 1721 ctum
731 1677 813 1723 est
847 1670 977 1723 olim
1018 1671 1226 1724 exitum
1253 1672 1473 1726 tandem
1521 1674 1837 1728 sortiretur.
1877 1673 2035 1739 Quod
2081 1690 2106 1727 s

2227 1695 2339 1755 τοῖς
2388 1692 2795 1763 γεγραμμένοις
2839 1693 3153 1762 ἀναγκαίως
3205 1694 3678 1765 ὑπηρετήσαντας,
3706 1694 3811 1746 οὐκ

541 1760 717 1822 ιιίριιε,
750 1759 974 1824 stnnmi,
998 1760 1216 1830 opinor,
1250 1760 1399 1815 istud
1431 1769 1512 1816 est
1546 1762 1747 1833 piaculi
1774 1776 1967 1833 genus.
1994 1762 2108 1827 Qui:

2230 1759 2639 1855 ἀπροφάσιστον
2684 1784 2829 1855 ἔχειν
2855 1759 2964 1857 τὴν-
2991 1786 3286 1858 ἁμαρτίαν,
3305 1759 3525 1857 ’μᾶλλον
3559 1786 3616 1839 δὲ
3644 1786 3809 1840 οὐδα-

541 1851 688 1903 enim
716 1850 853 1905 adeo
883 1850 1119 1906 rationis
1171 1859 1228 1905 et
1259 1851 1463 1907 mentis
1496 1852 1656 1922 inops
1706 1852 1836 1917 erit,
1861 1861 1922 1906 ut
1953 1861 2107 1908 sanet

2233 1850 2350 1946 utin;
2390 1850 2942 1946 πεπλημμεληκέναι.
2994 1850 3055 1928 EI
3100 1850 3209 1948 γὰρ
3265 1850 3372 1929 ἔδει
3421 1875 3808 1947 πληρωθῆναι,

542 1951 704 2022 732
732 1952 973 2023 Spiritus
998 1968 1305 2009 sermonem
1329 1954 1612 2010 existimet
1637 1954 1893 2026 cuiquam
1919 1966 2106 2027 peccat

2226 1966 2415 2040 φησὶν,
2446 1969 2561 2041 ἐρεῖ
2605 1986 2710 2033 τις,
2739 1968 3042 2042 ἐπληροῦτο
3083 1969 3141 2037 δὲ
3182 1969 3270 2023 διά
3294 1969 3521 2036 τούτων,
3548 1972 3596 2023 οί
3621 1969 3688 2022 δι’
3727 1964 3809 2024 ὧν

540 2045 717 2099 fuisse
763 2046 1080 2114 Pararium?
1106 2044 1452 2115 ρυθυτυρίθτ
1491 2061 1835 2116 ηοίιιιείιιιειιυ
1871 2047 1944 2101 0b
1966 2047 2125 2101 Ῐειδηι
2224 2062 2332 2132 ἀρα
2354 2061 2764 2133 πεπλήρωνται,
2794 2062 2976 2132 πάσης
3005 2062 3071 2116 ἀν
3097 2057 3206 2117 εἶεν
3240 2061 3471 2133 εὐθύνης
3504 2062 3808 2133 ἐλεύθεροι.

537 2148 761 2189 causam
791 2135 1070 2190 credimus
1095 2135 1235 2189 facta
1259 2149 1386 2190 esse
1416 2135 1485 2190 ab
1509 2136 1786 2205 aliquibus
1807 2151 1996 2207 opera,
2069 2151 2108 2191 u‘

2228 2149 2439 2214 ’Ἄλλως
2464 2166 2525 2202 τε
2556 2151 2661 2224 καὶ.
2677 2150 2923 2216 διάκονος
2950 2153 3229 2224 ἁμαρτίας
3261 2156 3295 2223 ἡ
3328 2151 3449 2206 Θεία
3489 2151 3553 2222 δὴ
3582 2151 3811 2216 πάντως

537 2225 977 2293 adimplerentur
1008 2225 1308 2296 Scriptura:
1346 2243 1361 2280 :
1394 2225 1489 2281 sed
1516 2225 1781 2295 Spiritum
1815 2240 2002 2281 rerum
2047 2226 2102 2280 fu

2224 2241 2582 2311 κατεφαίνετο
2611 2218 2824 2313 ἰδραφὴ,
2876 2218 3118 2298 καλοῦσα
3168 2218 3419 2314 καθάπερ
3469 2218 3684 2313 ὲκβίας
3719 2245 3810 2306 εἰς

537 2328 786 2371 turarum
813 2319 1103 2388 prmscimn
1121 2334 1214 2373 eas
1232 2318 1572 2389 praedixisse,
1591 2326 1651 2372 ut
1667 2333 1792 2373 cum
1811 2319 2108 2386 evenerint1

2221 2335 2404 2388 ἐκεῖνά
2429 2351 2602 2398 τινας,
2630 2334 2665 2388 ἀ
2693 2336 2933 2389 ὲλαλεῖτο
2961 2335 3029 2389 δι’
3052 2336 3241 2405 αὐτῆς,
3272 2336 3360 2388 ἴνα
3388 2335 3483 2387 καὶ
3514 2335 3593 2397 είς
3624 2333 3810 2403 πέρας

537 2411 736 2481 pignus
762 2411 882 2466 ﬁdei
907 2411 1314 2481 praedictionem
1337 2412 1604 2466 habentes
1624 2412 1775 2466 illam
1797 2411 1864 2466 de
1878 2426 1989 2481 quo
2006 2413 2108 2466 hau

2218 2425 2339 2495 ἥκοι
2377 2425 2438 2478 τὸ
2474 2425 2645 2480 πάλαι
2673 2426 3082 2498 πεφωνημένον.
3134 2426 3270 2479 Ἀλλ’
3312 2422 3465 2496 οἶμαι
3500 2425 3668 2489 πολὺς
3705 2426 3811 2479 ἐπὶ

538 2501 745 2570 scripta
775 2509 931 2566 sunt,
953 2512 1107 2557 certo
1135 2501 1355 2556 demum
1382 2511 1437 2557 et
1472 2502 1787 2557 indubitato
1814 2517 2108 2573 cognosca-

2216 2515 2390 2587 τούτῳ
2419 2516 2520 2586 τῆς
2546 2517 2859 2588 δυσφημίας
2886 2521 2914 2571 ό
2942 2518 3119 2586 λόγος.
3146 2519 3240 2580 Τίς
3280 2518 3390 2590 γὰρ
3414 2518 3499 2589 εἴη
3535 2518 3631 2571 τοῦ
3661 2518 3807 2571 καθ-

537 2607 685 2646 mus.
731 2593 837 2647 Sed
873 2607 1001 2648 cum
1051 2593 1106 2647 in
1144 2594 1319 2648 altero
1366 2594 1512 2649 libro
1542 2594 1612 2650 de
1664 2595 1750 2649 bis
1798 2593 1921 2651 fuse
1959 2596 2108 2652 nobis

2217 2606 2445 2677 ήκοντος
2473 2606 2737 2677 λογισμοῦ
2775 2608 3026 2662 τοσοῦτον
3060 2610 3443 2680 ἐστερημένος,
3480 2608 3553 2672 ὡς
3582 2609 3673 2663 τὸν
3701 2608 3808 2661 τοῦ

532 2682 880 2752 disputatum
905 2682 999 2749 sit,
1026 2686 1215 2737 eadem
1241 2698 1411 2754 porro
1434 2691 1684 2754 repetere
1708 2685 2108 2754 quodammodo

2223 2698 2379 2766 ἁγίου
2407 2698 2723 2770 Πνεύματος
2771 2700 2981 2754 οἴεσθαι
3026 2700 3181 2769 λόγον
3205 2701 3476 2771 ἁμαρτίας
3509 2702 3621 2752 τισὶ
3652 2700 3809 2767 γίνε-

530 2789 593 2829 su
605 2773 871 2845 pcrﬂuu-m
900 2790 1024 2830 esse
1056 2774 1290 2830 videtur.

2221 2792 2347 2844 σθαι
2390 2790 2689 2862 πρόξενον;
2732 2791 2942 2846 Οὐκοῦν
2986 2792 3048 2845 οὐ
3083 2793 3169 2846 διὰ
3213 2792 3420 2850 ταύτην
3467 2790 3809 2860 πιστεύομεν

527 2883 623 2955 τὴν
659 2882 837 2936 αἰτίαν
865 2881 1154 2952 δεδρᾶσθαι
1179 2882 1249 2935 τά
1280 2880 1419 2953 ἔργα
1457 2881 1610 2953 παρά
1636 2898 1819 2947 τινων,
1858 2883 1945 2937 ίνα
1979 2884 2317 2957 πληρωθεῖεν
2353 2887 2410 2939 αί
2452 2885 2685 2956 Γραφαί·
2719 2886 2800 2939 ὃτι
2839 2884 2899 2938 δὲ
2948 2886 3165 2948 πάντως
3219 2885 3373 2939 ἔσται
3406 2885 3477 2938 τά
3516 2882 3806 2954 συμϐησό-

528 2992 667 3044 μενα
715 2974 962 3046 προειδὸς
994 2976 1054 3027 τὸ
1086 2975 1310 3046 Πνεῦμα
1338 2975 1652 3047 λελάληκεν,
1690 2975 1757 3029 ἵν’
1791 2977 1920 3031 ὅταν
1950 2977 2194 3046 γίνεσθαι
2233 2979 2436 3051 συμϐῇ,
2496 2981 2730 3044 πίστεως
2768 2981 3022 3052 ἐνέχυρον
3078 2980 3335 3043 λαϐόντες
3392 2979 3490 3051 τὴν
3547 2978 3805 3050 πρόρρη-

531 3085 637 3132 σιν,
673 3068 772 3139 τὴν
797 3069 882 3138 ἐφ’
929 3060 974 3137 ᾧ
1012 3068 1325 3141 γέγραπται
1377 3067 1569 3133 ταῦτα,
1622 3067 1808 3123 λοιπὸν
1850 3071 2130 3143 ἀραρότως
2180 3072 2556 3145 γινώσκωμεν.
2618 3073 2819 3128 Πολλοῦ
2873 3074 2929 3128 δὲ
2974 3076 3106 3146 ήμῖν
3152 3073 3435 3143 γεγονότος
3484 3070 3578 3124 τοῦ
3632 3070 3804 3140 λόγου

523 3162 793 3234 περὶτῶν
822 3160 1079 3216 τοιούτων
1117 3164 1173 3215 ἐν
1208 3160 1381 3233 ἑτέρῳ
1411 3160 1621 3231 βιϐλίῳ,
1671 3160 1733 3214 τὸ
1766 3166 1997 3234 μακροῖς
2046 3164 2126 3218 ἔτι
2164 3167 2295 3238 περὶ
2340 3167 2521 3221 αὐτῶν
2570 3168 2908 3237 ἐνδιατρίψαι
2956 3167 3278 3238 διηγήμασι,
3331 3165 3584 3236 περιττὸν
3644 3161 3797 3218 εἷναί

525 3272 643 3318 πως
671 3256 837 3308 δοκεῖ.

593 3346 857 3411 XIII,19.
916 3344 1122 3399 Δηιοάο
1158 3322 1277 3399 dico
1326 3342 1469 3402 vobis
1514 3344 1826 3418 priusquam
1873 3346 1994 3417 ﬁat,
2045 3355 2102 3399 ut
2132 3355 2174 3413 ο

520 3454 639 3492 cum
665 3437 869 3506 factum
898 3436 1083 3504 fuerit,
1106 3435 1334 3490 credatis
1368 3438 1494 3507 quia
1527 3455 1617 3510 ego
1647 3454 1788 3494 sum.

590 3528 921 3585 Necessario
952 3528 1184 3599 exposui
1253 3544 1377 3599 quae
1430 3545 1556 3584 mox
1592 3531 1777 3585 futura
1818 3537 1974 3598 sunt,
2013 3531 2103 3585 in-

516 3622 662 3692 quit,
698 3629 750 3675 et
786 3630 912 3675 ante
945 3627 1163 3689 tempus
1194 3636 1208 3674 :
1237 3620 1482 3690 proderit
1512 3621 1671 3701 enim
1722 3622 2100 3687 auditoribus,

515 3731 621 3787 nec
657 3729 847 3785 parum
886 3713 1157 3768 conducat
1197 3713 1276 3767 rei
1304 3713 1484 3783 ipsius
1516 3727 1747 3784 scopum
1776 3728 2097 3784 agnoscere.

515 3806 745 3861 Frustra
785 3804 931 3859 enim
970 3803 1246 3859 sermonis
1274 3818 1434 3858 usum
1484 3805 1909 3860 narrationibus
1940 3805 2101 3859 insu-

514 3914 662 3954 mere
697 3912 808 3953 non
830 3898 1016 3953 soleo:
1050 3897 1257 3967 quibus
1283 3904 1469 3951 autem
1511 3910 1619 3950 non
1641 3910 1839 3966 parum
1881 3893 2096 3950 utilita-

511 3995 581 4049 tis
600 3991 1008 4048 inessevidetnr
1030 3991 1076 4045 si
1095 3988 1164 4045 ad
1185 3997 1423 4045 vestram
1454 3986 1705 4043 notitiam
1743 3988 2093 4053 devenerint,

513 4084 628 4138 haec
659 4098 761 4154 ego
796 4082 992 4137 vestris
1033 4080 1264 4137 auribus
1298 4079 1634 4136 infundenda
1666 4080 1926 4136 arbitror.
1961 4078 2094 4134 Dico

513 4175 680 4246 igitur
709 4173 926 4237 amodo,
958 4173 1159 4243 inquit,
1195 4171 1375 4237 vobis,
1410 4187 1535 4246 quae
1568 4176 1667 4241 pro
1702 4171 1913 4227 foribus
1962 4173 2092 4242 qui-

511 4244 634 4322 dem
669 4267 781 4335 jam
814 4276 963 4330 sunt;
994 4265 1089 4321 sed
1125 4263 1392 4319 factorum
1423 4244 1672 4318 nondum
1714 4264 2089 4332 cognitionem

508 4358 666 4413 vobis
706 4356 896 4424 aﬂ‘ero,
930 4364 1010 4421 ut,
1066 4370 1191 4410 cum
1245 4370 1310 4409 ea
1363 4354 1482 4408 ﬁeri
1546 4354 1869 4422 contigerit,
1904 4370 2088 4409 rerum

507 4451 711 4503 exitum
746 4449 882 4503 meis
922 4446 1379 4518 praedictionibus
1410 4452 1688 4514 aptantes,
1716 4444 1873 4498 illum
1907 4445 2086 4514 ipsum

506 4555 594 4593 me
643 4554 768 4593 esse
803 4539 1066 4599 credatis,
1100 4539 1168 4593 de
1217 4552 1327 4608 quo
1384 4536 1511 4590 talia
1566 4533 1858 4605 Scriptura
1898 4535 2086 4589 divina

505 4629 844 4701 praedixerit.
911 4628 1087 4683 Simul
1151 4645 1288 4700 ergo
1349 4627 1617 4681 Dominus
1677 4633 1867 4679 noster
1921 4622 2087 4679 Jesus

2293 3344 2525 3413 Ἀπάρτι
2562 3344 2716 3414 ,λέγω
2748 3345 2892 3414 ὑμῖν
2932 3345 3046 3413 πρὸ
3079 3345 3186 3399 τοῦ
3214 3348 3513 3414 γενέσθαι,
3551 3348 3653 3401 ἵνα
3697 3365 3805 3407 πι-

2209 3438 2526 3505 στεύσητε,
2567 3436 2714 3490 ὅταν
2756 3436 3020 3505 γένηται,
3057 3438 3145 3491 ὅτι
3170 3438 3283 3507 ἐγώ
3305 3439 3442 3507 ειμι.

2290 3526 2751 3597 Ἀναγκαιοτάτην
2782 3527 3105 3597 πεποίημαι,
3140 3525 3293 3595 φησὶ,
3334 3526 3444 3579 τῶν
3475 3527 3598 3579 ὅσον
3629 3527 3796 3580 οὐδέ-

2206 3639 2293 3674 πω
2360 3621 2770 3691 παρεσομένων,
2820 3619 2911 3672 καὶ
2966 3618 3073 3689 πρὸ
3125 3617 3315 3689 καιροῦ
3355 3618 3453 3689 τὴν
3501 3618 3793 3689 ἐξήγησιν·

2203 3713 2432 3784 ᾐσθήσει
2452 3715 2469 3732 ⁸
2490 3712 2600 3783 γὰρ
2631 3713 2757 3774 τοὺς
2787 3711 3192 3781 ἀκροωμένους,
3217 3711 3310 3763 καὶ
3337 3711 3399 3762 οὐ
3420 3711 3616 3780 μικρὸν
3644 3711 3799 3764 οἴσει

2200 3804 2263 3857 τὸ
2292 3804 2503 3875 κέρδος,
2548 3806 2597 3857 εἰ
2625 3803 2716 3857 τὸν
2748 3805 2815 3856 ἐκ
2841 3802 2935 3855 τοῦ
2968 3802 3293 3874 πράγματος
3323 3801 3515 3855 εἰδεῖεν
3555 3801 3795 3857 σκοπόν.

2200 3893 2440 3957 Είκαίως
2493 3895 2592 3964 μὲν
2638 3895 2746 3966 γὰρ
2791 3894 2890 3963 τὴν
2948 3892 3041 3945 τοῦ
3091 3892 3249 3961 λόγου
3298 3892 3489 3963 χρείαν
3531 3891 3796 3964 δαπανᾷυ

2198 3986 2553 4058 διηγήμασιν,
2586 3985 2852 4055 ἀσύνηθές
2877 4001 2937 4037 τε
2965 3984 3061 4039 καὶ
3086 3985 3146 4037 οὐ
3180 3984 3332 4054 φίλον
3367 3983 3509 4054 ἐμοί·
3539 3978 3621 4047 οἷς
3642 3984 3690 4036 δ’
3718 3985 3798 4038 ἂν

2199 4060 2459 4150 φαίνηται
2499 4077 2700 4150 προσὸν
2756 4076 2817 4129 τὸ
2865 4076 3139 4139 λυσιτελὲς
3185 4078 3247 4129 οὐ
3301 4076 3493 4147 μικρὸν
3547 4077 3596 4128 εί
3638 4076 3794 4141 πρὸς

2195 4172 2397 4240 γνῶσιν
2429 4168 2525 4240 [αι.
2560 4170 2610 4222 εί
2659 4170 2738 4231 είς
2773 4166 3105 4239 πρόγνωσιν]
3134 4168 3202 4220 τοι
3228 4166 3326 4238 τὴν
3356 4166 3632 4238 ἡμετέραν
3660 4166 3791 4239 [πρ.

2196 4262 2513 4334 ὑμετέραν],
2548 4260 2718 4314 ταῦτα
2751 4260 2861 4313 δεῖν
2904 4258 3271 4329 ὑπολαμϐάνω
3312 4262 3432 4322 ταῖς
3474 4259 3796 4331 ἡμετέραις

2196 4353 2308 4427 [ἴσ.
2375 4351 2692 4425 ὑμετέραις]
2745 4354 2959 4423 ἐνηχεῖν
3008 4352 3219 4414 ἀκοαῖς.
3268 4351 3428 4420 Λέγω
3486 4352 3794 4423 τοιγαροῦν

2193 4448 2421 4519 ἁπάρτι,
2464 4448 2649 4517 φησὶν,
2692 4448 2822 4517 ὑμῖν
2844 4446 2911 4500 τὰ
2936 4446 3026 4499 ἐπὶ
3046 4446 3238 4515 θύραις
3271 4445 3369 4515 μὲν
3401 4444 3521 4515 ἤδη,
3561 4445 3795 4499 τετελε-

2194 4540 2407 4612 σμένων
2436 4540 2493 4593 δὲ
2523 4539 2676 4593 οὔπω
2707 4538 2807 4611 τὴν
2838 4539 3038 4608 γνῶσιν
3070 4536 3343 4608 ἐντίθημι,
3367 4537 3433 4589 ἵν’
3457 4538 3586 4590 ὅταν
3614 4538 3789 4604 γενέ-

2192 4635 2317 4687 σθαι
2355 4632 2560 4704 συμϐῇ,
2590 4632 3053 4703 συναρμόττοντες
3077 4632 3190 4693 τοῖς
3213 4629 3343 4698 παρ’
3367 4627 3501 4699 ἐμοῦ
3529 4643 3791 4697 προηγο-

501 4724 760 4778 Christus
814 4730 869 4777 et
918 4722 1256 4792 proditorem
1313 4718 1520 4775 sensim
1562 4717 1841 4786 castigare
1885 4731 2084 4786 aggre-

2206 4725 2476 4795 >ευμένοις
2523 4724 2630 4777 τῶν
2664 4725 3006 4795 πραγμάτων
3035 4720 3096 4774 τὸ
3151 4719 3322 4784 τέλος,
3366 4722 3572 4772 ἐκεῖνον
3605 4720 3789 4774 αὑτὸν

380 4871 387 4881 ,
481 4817 674 4880 ditur,
730 4812 1162 4883 increpatiuncm
1212 4808 1709 4886 sub_quibusdam
1780 4807 2080 4862 involucris

500 4908 758 4973 afferens,
791 4914 846 4962 et
878 4904 1209 4976 proditionis
1243 4902 1452 4956 exitum
1487 4902 1541 4955 in
1580 4901 1796 4970 signum
1834 4899 1954 4954 fore
1978 4900 2077 4965 ait,

498 5011 554 5055 et
582 4999 954 5054 clarissimum
994 5002 1382 5065 argumentum
1414 4993 1594 5062 ipsum
1627 5005 1749 5047 esse
1769 4989 2074 5045 Christum.

500 5094 574 5149 Ut
601 5093 746 5147 enim
777 5091 893 5161 jam
927 5098 1086 5143 antea
1120 5087 1382 5151 diximus,
1410 5086 1502 5156 qui
1531 5100 1594 5140 ea
1625 5099 1746 5152 quae
1767 5099 1866 5154 per
1889 5099 2077 5139 sacras
2124 5156 2134 5164 .

499 5185 738 5238 Litteras
800 5180 1063 5252 prandium
1127 5185 1256 5233 sunt
1315 5193 1438 5232 cum
1506 5177 1808 5246 proditoris
1867 5176 2074 5231 scelere

496 5273 926 5344 comparaverit,
959 5270 1493 5332 manifestissimam,
1529 5278 1588 5321 ut
1634 5282 1782 5330 reor,
1811 5274 1866 5321 et
1913 5265 2072 5321 iacil-

496 5367 679 5420 limam
708 5364 828 5433 ejus
866 5361 1417 5431 comprehensionem
1446 5368 1793 5431 assequetur.

2185 4811 2420 4887 εἶναίσμε
2456 4812 2805 4884 πιστεύσητε,
2843 4813 2969 4883 περὶ
2996 4805 3055 4865 οῦ
3084 4810 3151 4863 τά
3182 4808 3402 4863 τοιαῦτα
3434 4809 3784 4881 κεχρησμῴ-

2185 4906 2348 4977 δηκεν
2400 4907 2433 4976 ἡ
2481 4906 2601 4957 θεία
2628 4905 2840 4974 Γραφή.
2860 4904 2948 4955 Ἑν
2972 4900 3153 4971 ταυτῷ
3187 4899 3470 4970 τοιγαροῦν
3501 4901 3530 4951 ὁ
3560 4897 3787 4969 Κύριος

2184 4999 2340 5069 ἡμῶν
2373 4997 2578 5067 Ἰησοῦς
2615 4999 2644 5049 ὁ
2675 4995 2905 5066 Χριστὸς
2972 4994 3067 5046 καὶ
3099 4994 3190 5045 τὸν
3227 4992 3492 5063 προδότην
3530 4991 3785 5059 ἐπανορ-

2183 5087 2309 5142 θοῦν
2358 5087 2756 5158 εὑπεριστόλως
2785 5086 3068 5155 ἐπιχειρεῖ,
3097 5081 3481 5154 κεκρυμμένον
3534 5079 3628 5132 ἐπὶ
3680 5095 3782 5146 μι-

2182 5182 2343 5250 κραῖς
2389 5178 2680 5246 ἀσαφείαις
2714 5178 3061 5248 προκομίζων
3104 5176 3196 5230 τὸν
3242 5176 3481 5245 ἔλεγχον,
3522 5172 3616 5226 καὶ
3662 5171 3778 5242 τὴν

2181 5269 2279 5338 τῆς
2304 5268 2593 5338 προδοσίας
2614 5266 2839 5320 ἑκϐασιν
2868 5267 2948 5329 είς
2979 5267 3204 5336 σημεῖον
3233 5261 3453 5317 ἔσεσθαί
3483 5269 3638 5332 φησι,
3663 5262 3777 5313 καὶ

2173 5363 2253 5423 εἰς
2307 5362 2650 5431 σαφεστάτην
2693 5357 2965 5424 ἀπόδειξιν
3012 5357 3106 5410 τοῦ
3137 5356 3300 5416 αὐτὸν
3328 5351 3468 5408 εἷναι
3499 5351 3770 5425 Χριστόν.

505 5461 593 5520 Ὠς
615 5458 724 5529 γὰρ
756 5458 855 5529 ’ήδη
890 5455 1192 5526 φθάσαντες
1214 5453 1462 5523 εἴπομεν,
1496 5455 1524 5507 ό
1553 5453 1623 5507 τά
1652 5453 1739 5506 διὰ
1768 5449 1876 5504 τῶν
1902 5449 2064 5522 ἱερῶν
2104 5451 2453 5523 Γραμμάτων
2478 5453 2975 5524 προκεκηρυγμένα
3003 5453 3114 5513 τοῖς
3132 5448 3227 5502 τοῦ
3286 5446 3547 5519 προδότου
3617 5460 3774 5513 συμ-

494 5549 673 5605 ϐαλὼν
721 5551 1085 5621 τολμήμασιν,
1149 5548 1618 5619 εὐσυνοπτοτάτην
1660 5547 1747 5611 ἂν,
1794 5545 1970 5616 οἶμαι,
2014 5545 2108 5598 καὶ
2145 5546 2524 5618 ἀταλαίπωρον
2570 5547 2762 5618 κομιδῇ
2802 5545 2898 5616 τὴν
2924 5543 3009 5597 ἐπ’
3036 5543 3186 5614 αὐτῷ
3211 5539 3516 5611 κατάληψιν
3551 5532 3765 5608 ἀληθῆ,

494 5656 588 5697 και
620 5643 763 5697 μάλα
799 5642 992 5714 ῥᾳδίως
1019 5641 1193 5694 ἕλοιτο
1222 5639 1305 5695 ἄν.
