4104 6432
550 355 658 412 135

1554 364 1591 416 S
1641 365 1681 419 C
1696 363 1731 417 Y
1744 364 1925 419 iilLLl
1976 364 2452 430 ALEXANDRINI
2477 373 2795 432 ARCIIIEP.

3732 402 3825 461 136

550 480 656 527 bus
704 479 827 525 tuto
878 480 931 526 et
984 472 1126 526 citra
1181 488 1346 532 casus
1404 478 1713 547 periculum
1754 496 1879 551 qua:
1934 493 2124 537 iratura

2249 485 2318 538 δι’
2349 481 2424 540 ὧν
2454 491 2520 544 ἂν
2551 492 2766 549 δύναιτο
2811 504 2993 570 τυχεῖν
3035 505 3384 578 ἀνεγκλήτως
3440 529 3498 565 τε
3544 512 3639 567 καὶ
3680 519 3823 575 ἀδια-

546 561 752 618 divinae
773 565 999 635 propria
1025 576 1159 621 sunt
1184 568 1366 639 eloqui
1396 571 1610 639 possit?
1634 571 1847 627 Idcirco
1867 573 1991 643 ejus
2024 591 2140 630 scr-

547 655 813 710 monibus
846 657 1101 712 subsidio
1131 673 1274 728 Opus
1303 671 1407 727 est,
1455 663 1521 716 ad
1570 664 1900 719 mediocrem
1944 682 2136 722 eorum

545 762 672 816 qua:
728 757 966 805 mentem
1019 762 1290 821 superant
1330 754 1801 823 explicationem.
1850 757 2139 824 Quomodo

545 842 696 895 enim
734 843 882 898 clare
917 845 1127 915 aliquid
1171 848 1663 918 eloquetur,-quod
1710 850 1885 921 ipsam
1916 867 2141 922 quoque

546 934 945 1004 cogitationem
970 948 1222 993 nosrram
1256 941 1511 995 excedit?
1539 938 1773 1010 Oportet
1802 944 1972 1015 igitur
2012 962 2138 1010 nos,

547 1025 846 1080 verborum
896 1027 1268 1083 humanorum
1310 1031 1571 1087 crassitie
1603 1034 1753 1087 velut
1777 1036 2029 1106 exemplo
2074 1053 2139 1092 ac

548 1127 677 1188 typo
710 1120 1134 1189 conceptionmn
1189 1123 1393 1178 mentis
1431 1133 1717 1195 suscepta,
1750 1126 1819 1181 ad
1859 1129 1985 1184 illas
2022 1129 2141 1185 dei-

547 1211 675 1264 tatis
706 1211 1102 1279 proprietates,
1136 1213 1320 1282 quoad
1357 1216 1410 1269 in
1447 1217 1613 1272 nobis
1663 1225 1771 1279 est,
1811 1221 2135 1287 procedere.

542 1298 886 1356 Gravissime
912 1302 1101 1372 itaque
1134 1303 1281 1362 Deus
1310 1316 1613 1376 peccantes
1639 1312 1845 1381 arguit,
1867 1326 1933 1366 ac
1964 1315 2135 1370 vehe-

545 1393 712 1447 menti
763 1394 892 1448 mali
940 1394 1072 1449 odio
1127 1405 1386 1452 movetur
1427 1401 1482 1453 in
1553 1415 1651 1455 eos
1708 1417 1848 1470 quos
1898 1405 1969 1458 ab
2018 1405 2139 1474 ipso

542 1482 792 1537 damnari
845 1485 1178 1555 contigerit,
1220 1488 1353 1544 licet
1415 1490 1543 1561 plus
1582 1506 1749 1561 quam
1812 1494 1923 1548 dici
1972 1506 2140 1566 queat

542 1571 788 1627 clemens
839 1574 911 1627 sit
962 1590 1026 1628 ac
1068 1578 1318 1635 tolerans
1368 1582 1666 1637 malorum.
1704 1583 1937 1651 Quando
1968 1588 2139 1655 igitur

542 1663 727 1717 divina
753 1666 1045 1736 Scriptura
1084 1678 1296 1725 motum
1332 1672 1475 1739 ejus,
1512 1683 1572 1727 ut
1603 1676 1677 1728 ita
1719 1677 1922 1743 dicam,
1965 1681 2139 1751 signi-

549 1755 716 1810 ﬁcare
781 1759 900 1811 vult
958 1759 1233 1816 adversus
1294 1763 1515 1833 impios,
1561 1782 1762 1823 rursus
1824 1773 2033 1827 nostris
2083 1782 2137 1828 et

2245 579 2475 647 πτώτως
2505 587 2681 640 είπεῖν
2720 591 2786 643 τά
2821 592 2921 661 τῆς
2956 595 3108 660 θείας
3135 616 3195 652 τε
3228 602 3325 655 καὶ
3345 603 3588 674 ἀρρήτου
3622 607 3825 677 φύσεως

2247 670 2353 725 ἴδια
2375 691 2389 738 ;
2414 674 2513 728 Διά
2534 677 2694 731 τοῦτο
2720 684 2831 746 τοῖς
2868 685 2993 737 καθ’
3023 687 3223 760 ἑαυτὴν
3262 670 3825 769 ὑπηρετείτω-λόγοις

2244 763 2382 833 πρὸς
2411 765 2641 836 μετρίαν
2668 768 2931 842 ἐξήγησιν
2961 775 3070 829 τῶν
3110 778 3251 852 ὑπὲρ
3306 780 3450 853 νοῦν.
3486 785 3610 848 Πῶς
3639 763 3744 859 γάρ
3762 763 3825 844 ἄν

2242 871 2296 906 τι
2326 857 2421 909 καὶ
2447 858 2651 929 φράσαι
2681 864 2891 932 σαφῶς,
2916 867 2943 920 ὂ
2974 869 3066 922 καὶ
3087 872 3258 945 αὐτὴν
3290 874 3448 946 ἡμῶν
3480 857 3824 953 ὑπερανίσχει

2242 950 2340 1018 τὴν
2380 951 2625 1017 ἔννοιανς
2658 958 2753 1009 Δεῖ
2777 961 3067 1030 τοιγαροῦν
3097 965 3270 1035 ἡμᾶς,
3312 966 3564 1040 καθάπερ
3590 971 3710 1026 τινά

2244 1060 2345 1097 πον
2377 1044 2485 1098 τῶν
2520 1050 2808 1119 νοημάτων
2846 1053 2946 1124 τὴν
2996 1054 3105 1109 τῶν
3154 1058 3513 1130 ἀνθρωπίνων
3570 1062 3824 1133 ῥημάτων

2243 1136 2533 1210 παχύτητα
2556 1140 2913 1213 δεχομένους,
2941 1149 3029 1201 ἐπ’
3058 1150 3198 1204 αύτά
3234 1154 3530 1224 πειρᾶσθαι
3570 1155 3821 1228 βαδίζειν,

2242 1231 2388 1284 κατά
2420 1249 2483 1298 γε
2525 1234 2617 1288 τὸν
2648 1238 2993 1309 ὲγχωροῦντα
3036 1243 3260 1312 τρόπον,
3294 1247 3368 1301 τὰ
3424 1247 3527 1316 τῆς
3579 1248 3824 1324 θεότητος

2243 1317 2369 1374 ἴδια.
2410 1322 2592 1377 Δεινὸν
2646 1328 2938 1398 τοιγαροῦν
2995 1330 3075 1393 εἰς
3123 1333 3381 1405 ἐλέγχους
3420 1336 3482 1390 τὸ
3511 1338 3687 1406 Θεῖον,
3722 1317 3826 1397 ’καὶ

2240 1412 2466 1484 ἀκράτῳ
2504 1419 2870 1492 μισοπονηρίᾳ
2920 1423 3261 1494 κινούμενον,
3309 1428 3433 1482 καθ’
3466 1424 3541 1483 ῶν
3575 1432 3642 1487 ἂν
3671 1434 3824 1488 τοῦτο

2238 1507 2495 1573 γενέσθαι
2530 1509 2732 1580 πρέποι
2760 1512 2927 1584 ψήφῳ
2980 1519 3046 1586 τῇ
3096 1503 3442 1588 παρίαύτοῦ,
3467 1525 3516 1574 εί
3553 1524 3648 1577 καὶ
3688 1526 3823 1601 ὑπὲρ

2239 1596 2396 1664 λόγον
2426 1599 2759 1664 ἀνεξικακεῖ.
2794 1604 2967 1659 Ὅταν
2999 1602 3091 1660 οὖν
3120 1611 3152 1679 ἡ
3183 1609 3302 1663 θεία
3342 1613 3383 1663 Γ
3390 1614 3532 1685 ραφὴ
3581 1596 3821 1690 κατασηλ

2242 1688 2409 1758 μῆναι
2442 1688 2698 1762 βούληται
2722 1695 2783 1747 τὸ
2817 1696 2955 1750 κατά
2979 1699 3089 1752 τῶν
3119 1702 3527 1762 δυσσεϐούντων
3548 1711 3713 1765 οίονεὶ
3745 1712 3824 1767 κί-

2240 1795 2408 1848 νημα,
2436 1781 2596 1834 πάλιν
2618 1784 2683 1843 ἐκ
2716 1785 2825 1838 τῶν
2856 1787 2977 1841 καθ’
3002 1792 3152 1861 ἡμᾶς
3185 1795 3563 1865 λαμϐάνουσα,
3598 1804 3692 1856 καὶ
3714 1807 3823 1869 τοῖς

543 1847 800 1903 humanis
836 1859 1001 1905 utens
1040 1854 1353 1923 vocabulis,
1397 1857 1536 1912 iram
1572 1867 1627 1914 et
1662 1861 1907 1929 furorem
1943 1867 2124 1936 appel-

543 1938 613 1966 l...
680 1942 937 1966 .......“..:-
971 1943 1023 1966 ε-.
1068 1944 1304 1966 λε-.ε..-η-
1348 1948 1525 1966 ,μιημ
1587 1952 1623 1966 --
1841 1955 1873 1966 ι.
1939 1956 1951 1966 .
2019 1957 2029 1966 .

2236 1847 2602 1941 ἀνθρωπίνοις
2636 1847 3069 1953 ἀποχρησαμένη
3101 1847 3580 1962 ῥημασινῖ-όργίιν

542 1938 640 1998 lat,
678 1930 937 2009 quamvis
971 1943 1026 1997 in
1062 1944 1309 2005 divinam
1343 1948 1718 2005 substantiam
1758 1955 1909 2010 nulla
1939 1930 2133 2012 istius-

543 2028 694 2081 modi
730 2030 1071 2098 perturbatio
1124 2035 1307 2101 cadat,
1338 2037 1433 2091 sed
1498 2040 1882 2110 indignatione
1919 2054 2132 2101 tantum

542 2131 850 2188 moveatur,
884 2139 998 2193 quo
1038 2127 1202 2181 modo
1238 2129 1415 2194 novit,
1450 2139 1507 2185 et
1540 2147 1567 2185 a
1611 2142 1810 2189 natura
1843 2152 1944 2191 sua
1975 2154 2130 2193 com-

541 2219 729 2279 parata
768 2221 855 2268 est
881 2233 895 2269 :
921 2231 1125 2271 arcana
1152 2220 1356 2290 quippe
1401 2225 1707 2279 et'occulta
1737 2238 1866 2282 sunt
1896 2244 2131 2298 prorsus

538 2317 662 2371 quae
688 2302 756 2359 de
789 2303 921 2370 Deo,
948 2308 1045 2363 sed
1067 2325 1137 2363 ex
1160 2314 1374 2367 nostris
1401 2315 1671 2381 moribus,
1704 2325 1764 2371 ut
1797 2321 1959 2374 modo
1980 2322 2130 2378 dixi-

540 2409 689 2462 mus,
738 2396 1030 2468 Scriptura
1093 2402 1282 2457 divina
1342 2406 1486 2461 solet
1532 2410 1812 2478 explicare
1854 2429 1978 2483 quae
2028 2432 2129 2474 nos

537 2485 835 2542 excedunt.
878 2488 1184 2546 Turbatum
1241 2494 1411 2564 igitur
1448 2498 1648 2567 spiritu
1687 2501 1970 2559 Christum
2020 2508 2130 2564 hoc

539 2577 663 2632 loco
722 2578 921 2636 beatus
967 2585 1309 2654 evangelista
1363 2597 1633 2660 testatur,
1678 2605 1888 2650 motum
1929 2615 2130 2670 nempe

536 2669 669 2732 odii,
695 2686 805 2740 quo
829 2674 1062 2742 spiritus
1088 2675 1209 2745 ejus
1246 2678 1449 2733 malum
1482 2685 1870 2752 aversabatur,
1898 2669 2127 2758 pertur-

535 2761 813 2818 bationem
846 2782 1055 2824 vocans
1083 2785 1098 2823 :
1129 2784 1234 2824 nec
1264 2771 1413 2826 enim
1445 2773 1610 2830 aliter
1650 2776 1800 2832 istud
1827 2780 1981 2834 eﬂ'ari
2024 2799 2127 2852 po-

535 2863 696 2909 terat.
732 2856 1016 2913 Credibile
1065 2870 1252 2916 autem
1292 2873 1381 2920 est
1428 2867 1600 2921 etiam
1642 2884 1890 2936 carnem,
1920 2872 2126 2929 divini-

534 2948 664 3002 tatis
731 2950 1031 3006 motionem
1099 2953 1333 3010 minlme
1399 2959 1806 3028 sustinentem,
1869 2968 2125 3021 nonnihil

531 3039 917 3105 exhorruisse,
971 3050 1026 3097 et
1081 3046 1520 3113 perturbationis
1572 3052 1816 3120 speciem
1875 3054 2122 3125 dedisse,

534 3140 702 3201 atque
767 3133 864 3188 ira:
929 3137 1155 3204 signum
1233 3126 1607 3211 ostendisse,
1647 3146 2121 3216 quemadmodum

533 3240 731 3294 nempe
776 3235 832 3279 et
872 3226 940 3281 de
974 3226 1186 3283 Lazaro
1235 3233 1505 3302 scriptum
1549 3245 1654 3299 est,
1690 3234 1880 3292 Jesum
1911 3255 2035 3295 cum
2068 3241 2121 3294 in

533 3316 722 3385 seipse
747 3316 1135 3374 inl‘remuisset
1168 3321 1224 3376 in
1258 3336 1681 3383 monumentum
1713 3330 2023 3400 ingressum
2054 3332 2119 3388 ⁸⁸.

535 3409 691 3463 Sicut
731 3411 878 3464 enim
927 3412 1043 3467 illic
1087 3429 1282 3484 graves
1346 3420 1524 3475 minas
1574 3423 1843 3478 adversus
1890 3436 2124 3480 mortem

536 3499 813 3553 fremitum
853 3502 1175 3570 appellavit,
1216 3504 1294 3558 ita
1320 3507 1409 3562 hic
1460 3517 1674 3564 motum
1707 3512 1975 3567 adversus
2016 3514 2123 3567 im-

535 3589 684 3656 pium
734 3589 1075 3659 proditorem
1143 3594 1483 3651 turbationis
1536 3600 1763 3655 nomine
1815 3600 2120 3658 denotavit.

533 3677 813 3735 Turbatus
848 3690 931 3736 est
962 3692 1147 3737 autem
1190 3688 1319 3754 jure
1355 3688 1577 3752 merito,
1616 3686 1942 3760 indignatus
1970 3691 2124 3750 Juda:

533 3774 974 3838 perversitatem.
1019 3773 1163 3841 Quid
1209 3778 1361 3832 enim
1413 3779 1568 3835 illius
1605 3781 1897 3854 impietate
1944 3789 2123 3857 majus

528 3865 636 3920 dici
680 3875 882 3936 potest,
914 3867 1013 3938 qui
1048 3885 1155 3923 una
1182 3884 1311 3925 cum
1343 3871 1469 3928 aliis
1501 3872 1795 3946 discipulis
1831 3878 2122 3936 immensis

530 3956 763 4012 allectus
793 3958 1121 4027 honoribus,
1145 3972 1200 4016 et
1229 3961 1378 4017 inter
1417 3966 1627 4023 electos
1659 3970 1969 4028 collocatus
2003 3977 2123 4029 exi-

530 4063 637 4115 gua
670 4049 961 4118 pecuniola
992 4052 1349 4109 dilectionem
1381 4072 1510 4125 erga
1545 4058 1833 4117 Christum
1870 4082 2120 4121 commu-

531 4140 687 4205 tavit,
717 4149 772 4193 et
804 4142 895 4211 qui
941 4141 1073 4196 dum
1117 4160 1318 4215 panem
1367 4149 1489 4217 ejus
1521 4153 2119 4223 manducaret,,calea-

531 4247 692 4285 neum
734 4232 786 4286 in
835 4249 960 4288 eum
1000 4236 1221 4302 levavit,
1251 4252 1360 4292 non
1400 4239 1691 4306 honorem,
1717 4262 1828 4299 non
1862 4250 2116 4316 gloriam,

531 4337 637 4374 non
672 4322 989 4378 dilectionis
1018 4324 1211 4395 legem,
1246 4345 1357 4382 non
1390 4330 1638 4387 debitum
1698 4337 1747 4389 ei
1788 4346 1977 4406 utpote
2010 4340 2119 4395 Deo

529 4416 766 4478 cultum,
817 4431 924 4468 non
958 4417 1182 4485 quidvis
1215 4420 1361 4474 aliud
1397 4423 1718 4491 huiusmodi
1751 4429 1895 4498 apud
1933 4446 1995 4485 se
2032 4448 2115 4485 re-

530 4520 755 4575 putans,
796 4508 891 4561 sed
943 4511 1009 4562 ad
1055 4508 1374 4566 Judzeorum
1423 4519 1801 4575 exsecrabiles
1854 4521 2117 4581 denarios

529 4608 799 4652 duntaxat
860 4599 1022 4670 735
1077 4605 1420 4674 respiciens,
1473 4615 1530 4661 et
1588 4611 1806 4681 exiguis
1872 4619 2116 4675 munmis

530 4705 687 4743 suam
718 4690 963 4746 vendens
999 4693 1268 4759 animam,
1302 4698 1766 4772 innocentemque
1798 4719 1862 4759 ac
1899 4705 2115 4777 justum

529 4780 852 4849 Sanguinem
893 4781 1304 4836 homicidarum
1373 4788 1632 4870 manibus
1686 4792 1930 4851 tradens.
1980 4796 2110 4851 Cra-

529 4872 750 4924 vtssima
774 4872 959 4941 itaque
987 4888 1086 4926 cur
1119 4875 1376 4931 turbatus
1404 4880 1477 4933 sit
1514 4894 1819 4941 causaest.
1851 4883 2116 4958 Sequitur

528 4971 712 5017 autem
739 4967 884 5019 acris
915 4968 1301 5035 reprehensio,
1343 4972 1412 5027 ad
1452 4975 1616 5031 unius
1657 4980 1877 5047 quidem
1909 4999 1939 5038 e
1969 4985 2110 5040 duo-

525 5056 705 5109 decim
739 5071 1031 5124 personam
1067 5058 1407 5129 singularem
1444 5068 1746 5136 pertinens,
1783 5073 1879 5127 sed
1929 5083 2110 5133 tamen

527 5146 650 5201 trliis
718 5155 922 5199 metum
998 5150 1381 5208 vehementem
1451 5158 1742 5228 injicicns,
1800 5142 2111 5239 et.cuique

523 5236 683 5304 quasi
723 5237 1051 5306 praecipiens
1071 5250 1130 5294 ut
1157 5258 1273 5299 sua:
1314 5248 1510 5304 anima:
1535 5257 1815 5321 consulat,
1865 5275 1932 5314 nc
1971 5236 2111 5317 forte

529 5342 622 5394 per
680 5326 951 5383 desidiam
1012 5339 1124 5386 tam
1191 5335 1410 5394 infestis
1475 5343 1693 5413 laqueis
1758 5349 2106 5420 involvatur,

524 5423 580 5467 et
618 5416 942 5474 acerbitatis
996 5420 1288 5480 diabolica:
1333 5433 1515 5498 prteda
1552 5433 1666 5490 fiat.
1720 5436 1885 5494 Utilis
1941 5416 2110 5514 igitur

522 5515 609 5559 est
653 5510 1147 5578 reprehensionum
1184 5519 1268 5574 vis
1308 5531 1362 5576 et
1397 5526 1563 5593 ratio,
1592 5546 1757 5597 quam
1812 5533 1972 5588 nilnli
2031 5535 2109 5590 fa-

522 5593 677 5652 ciens
725 5599 1028 5669 proditoris
1069 5609 1307 5678 animus,
1342 5615 1395 5668 in
1447 5621 1729 5690 proposito
1777 5639 1881 5679 suo
1933 5627 2103 5683 haere-

592 5771 640 5808 “
673 5773 832 5834 Joan.
868 5795 954 5872 ru,
988 5784 1076 5839 58.

2234 1962 2316 2027 ζει
2341 1964 2433 2015 καὶ
2464 1965 2655 2035 θυμὸν,
2685 1969 2862 2025 καίτοι
2890 1973 2991 2043 τῆς
3024 1972 3175 2039 θείας
3200 1978 3392 2044 οὐσίας
3421 1984 3543 2037 καθ’
3572 1988 3822 2060 ὁμοιότηι

2231 2076 2300 2113 τα
2359 2060 2456 2131 τὴν
2518 2063 2676 2132 ἡμῶν
2726 2065 2837 2119 τῶν
2895 2068 3152 2125 τοιούτων
3207 2075 3395 2131 παθῶν
3446 2080 3822 2153 ὑπομενούσης

2231 2153 2403 2214 οὒδὲν,
2439 2158 2768 2228 κινουμένης
2799 2159 2857 2212 δὲ
2884 2162 3044 2232 μόνον
3081 2167 3163 2230 είς
3193 2168 3591 2242 ἀγανάκτησιν,
3614 2174 3692 2240 ὡς
3715 2172 3821 2231 οἶδέ

2230 2262 2311 2313 τε,
2342 2247 2435 2299 καὶ
2483 2248 2726 2316 πέφυκεν
2757 2250 2917 2322 αύτή·
2968 2258 3250 2324 παντελῶς
3293 2265 3404 2333 γάρ
3432 2265 3725 2338 ἀπόρρητα
3755 2269 3821 2323 τά

2230 2338 2362 2408 περὶ
2408 2337 2580 2391 Θεοῦ·
2610 2342 2720 2394 ἀπὸ
2771 2344 2830 2398 δὲ
2880 2346 2989 2400 τῶν
3039 2352 3323 2423 ἡμετέρων
3360 2355 3521 2420 ἐθῶν,
3548 2337 3821 2432 καθάπερ

2229 2429 2435 2500 ἀρτίως
2474 2432 2798 2504 εἰρήκαμεν,
2842 2438 2911 2490 τὰ
2938 2439 3078 2512 ὑπὲρ
3120 2443 3270 2513 ἡμᾶς
3293 2449 3675 2518 καταγράφειν
3702 2429 3819 2518 ἔθος

2229 2524 2293 2592 τῇ
2330 2521 2451 2593 θείᾳ
2475 2524 2689 2597 Γραφῇ.
2718 2528 3066 2601 Τεταράχθαι
3103 2537 3391 2609 τοιγαροῦν
3436 2542 3671 2598 κάνθάδε
3716 2562 3820 2615 φη..

2232 2613 2316 2665 civ
2350 2617 2379 2667 ὀ
2409 2614 2695 2682 θεσπέσιος
2728 2619 3124 2696 εὐαγγελιστὴς
3149 2629 3242 2682 τὸν
3273 2631 3513 2701 Χριστὸν
3540 2634 3624 2704 τῷ

2233 2721 2384 2773 ματι,
2414 2705 2476 2759 τὸ
2515 2709 2812 2777 μισόκακον
2842 2712 2938 2766 τοῦ
2972 2716 3284 2787 πνεύματος
3321 2721 3532 2793 κίνημα
3571 2728 3821 2799 ταραχήν

2226 2793 2520 2865 ὀνόμασας·
2582 2800 2642 2852 ού
2700 2801 2808 2874 γάρ
2856 2800 2946 2875 ἦν,
2998 2807 3076 2871 ὡς
3123 2809 3320 2874 ἔοικεν,
3376 2815 3582 2888 ἑτέρως
3619 2793 3819 2876 είπεῖν.

2227 2889 2390 2952 Εἰκὸς
2422 2890 2478 2943 δὲ
2515 2891 2685 2963 δήπου
2741 2897 2835 2949 καὶ
2882 2899 2984 2969 τὴν
3025 2901 3124 2970 τῆς
3154 2902 3410 2975 θεότητος
3446 2909 3670 2980 κίνησιν
3723 2913 3821 2966 οὐκ

2227 2980 2559 3050 ὲνὲγκουσαν
2599 2985 2699 3056 τὴν
2732 2987 2912 3058 σάρκα
2964 2990 3138 3064 βραχύ
3164 3013 3219 3049 τι
3247 2997 3341 3050 καὶ
3376 3000 3700 3073 ὑποφρίξαι,
3729 3007 3822 3061 καὶ

2227 3070 2459 3143 θορύϐου
2491 3075 2678 3146 σχῆμα
2704 3078 2919 3145 παθεῖν,
2942 3085 3038 3137 καὶ
3064 3090 3291 3157 σημεῖον
3320 3090 3495 3161 ὀργῆς
3523 3070 3822 3162 ἐπιδεῖξαι,

2152 3201 2193 3258 c
2228 3164 2481 3258 καθάπερ
2510 3164 2603 3222 οὖν
2630 3170 2824 3242 ἀμέλει
2856 3175 2952 3227 καὶ
2981 3177 3074 3230 ἐπὶ
3100 3179 3339 3251 Λαζάρῳ
3366 3183 3706 3256 γέγραπται,
3740 3189 3822 3242 ὅτι

2226 3240 2883 3334 ἐμϐριμώμενοςνὲαυτῷ
2944 3268 2973 3317 ὁ
3032 3240 3389 3339 Ἰησοῦςιέίς
3550 3240 3824 3348 μνημεῖον

2226 3346 2554 3413 ἐνεϐάδιξεν.
2589 3351 2798 3425 Ὂνπερ
2825 3356 2935 3427 γὰρ
2966 3359 3168 3429 τρόπον
3195 3363 3253 3414 ὲν
3279 3363 3509 3430 ἐκείνοις
3539 3346 3822 3441 τὴνκατάι

2225 3433 2318 3487 τοῦ
2345 3434 2574 3491 θανάτου
2597 3441 2848 3512 δριμεῖαν
2878 3447 3106 3519 ἀπειλὴν
3134 3451 3472 3526 ἑμϐρίμησιν
3498 3433 3630 3530 ἔφη,
3678 3462 3825 3515 οὕτω

2225 3526 2457 3581 κάνθάδε
2517 3531 2580 3585 τὸ
2621 3533 2765 3588 κατά
2810 3538 2906 3591 τοῦ
2947 3540 3245 3609 δυσσεϐοῦς
3303 3526 3566 3620 προδότου
3591 3526 3823 3625 ⁷κίνημα

2225 3616 2304 3687 τῷ
2341 3619 2440 3689 τῆς
2468 3625 2719 3695 ταραχῆς
2755 3627 2983 3698 ὀνόματι
3030 3616 3454 3707 κατεσήμαινεν.
3504 3616 3822 3717 Ἐταράγθη

2223 3707 2281 3761 δὲ
2308 3710 2554 3778 εἰκότως,
2583 3714 2678 3767 ἐπὶ
2703 3719 2826 3782 ταῖς
2868 3720 3038 3776 Ἰούδα
3076 3724 3433 3799 δυστροπίαις
3464 3707 3821 3802 ἀγανακτῶνί

2225 3798 2290 3851 Τί
2330 3801 2438 3872 γάρ
2470 3803 2535 3856 ἂν
2563 3806 2775 3873 γένοιτο
2803 3812 2904 3880 τῆς
2926 3815 3140 3869 ἐκείνου
3161 3818 3478 3888 δυσσεϐείας
3511 3798 3573 3879 τὸ
3592 3828 3824 3883 ἐπέκει-

2223 3910 2310 3960 να,
2336 3896 2435 3950 ὅσα
2465 3914 2528 3965 γε
2549 3903 2663 3963 τοῖς
2695 3900 2878 3968 ἄλλοις
2907 3907 2966 3958 ὲν
3003 3908 3105 3979 ίσῳ
3136 3912 3408 3983 μαθηταῖς
3447 3923 3825 3991 τετιμημένος

2222 4003 2280 4038 τε
2308 3988 2624 4060 ὑπερφυῶς,
2651 3994 2747 4045 καὶ
2783 3995 2840 4046 ὲν
2881 4000 2994 4061 τοῖς
3032 4001 3351 4069 ἀπολέκτοις
3394 4017 3824 4085 κατατεταγμέ-

2223 4093 2332 4141 νος,
2398 4080 2562 4153 ὀλίγῳ
2619 4084 2869 4157 ἀργυρίῳ
2930 4094 3212 4159 παντελῶς
3281 4098 3379 4169 τὴν
3432 4103 3513 4165 είς
3576 4080 3826 4177 Χριστὸν

2223 4169 2445 4239 ἀγάπην
2472 4173 2761 4243 ἠλλάξατο,
2796 4181 2892 4233 καὶ
2927 4183 3125 4238 ἐσθίων
3164 4187 3255 4240 τὸν
3289 4190 3454 4261 ἄρτον
3501 4169 3674 4249 αὐτοῦ
3720 4198 3822 4271 τὴν

2224 4260 2464 4330 πτέρναν
2497 4264 2723 4337 ἐπῆρεν,
2759 4272 2821 4325 οὐ
2842 4274 3029 4347 τιμὴν,
3067 4281 3129 4332 οὐ
3158 4280 3337 4347 δόξαν,
3364 4286 3425 4337 οὐ
3456 4287 3557 4353 τῆς
3585 4260 3824 4358 ἀγάπης

2221 4351 2312 4403 τὸν
2347 4354 2528 4423 νόμον,
2570 4359 2632 4411 ού
2667 4361 2727 4413 τὸ
2763 4368 3207 4439 χρεωστούμενον
3236 4374 3311 4437 ὡς
3346 4375 3465 4447 Θεῷ
3498 4351 3687 4445 σέϐας.
3720 4351 3823 4455 σύγ
3875 4440 3881 4445 ,

2222 4443 2407 4513 ’ἐτερόν
2449 4463 2500 4499 τι
2533 4448 2640 4503 τῶν
2674 4455 2755 4515 είς
2779 4457 2942 4509 αὐτὸν
2986 4462 3291 4531 γενομένων
3320 4466 3820 4541 ὑπολογισάμενος,

2152 4566 2193 4618 D
2224 4537 2303 4598 εἰς
2333 4537 2467 4604 μόνα
2496 4539 2550 4592 δὲ
2583 4541 2807 4621 βλέπων,
2832 4549 2900 4601 τὰ
2937 4552 3087 4620 παρά
3127 4553 3237 4609 τῶν
3275 4557 3545 4613 Ἰουδαίων
3584 4537 3823 4635 μυσαρά

2219 4624 2468 4697 δηνάρια,
2502 4632 2594 4684 καὶ
2625 4632 2821 4701 ὀλίγων
2863 4639 3142 4712 ἀργυρίων
3197 4644 3390 4716 κομιδῇ
3452 4650 3553 4718 τὴν
3584 4624 3820 4708 ’ἑαυτοῦ

2217 4719 2475 4788 πωλήσας
2503 4720 2700 4794 ψυχὴν,
2734 4728 2828 4780 καὶ
2858 4729 2919 4781 τὸ
2952 4731 3130 4802 ἀθῷον
3171 4750 3230 4787 τε
3274 4738 3368 4791 καὶ
3399 4739 3608 4795 δίκαιον
3644 4739 3816 4815 αἷμα,

2214 4900 2496 4974 λογωτάτη
2535 4909 2825 4978 τοιγαροῦν
2882 4912 2915 4981 ἠ
2973 4913 3064 4967 τοῦ
3114 4921 3446 4990 τεταράχθαι
3475 4900 3815 4995 ήπρόφασις.

2227 4992 2616 5049 Ἐπακολουθεῖ
2668 4998 2727 5052 δὲ
2776 5000 2975 5072 δριμὺς
3024 5008 3052 5058 ὁ
3093 5007 3335 5080 ἔλεγχος,
3383 4992 3695 5086 οὕτω-μεν
3733 5023 3821 5084 εἰς

2210 5086 2501 5155 πρόσωπον
2540 5087 2725 5153 ίδικῶς
2763 5092 2823 5145 τὸ
2867 5095 2985 5158 ἐνὸς
3014 5100 3122 5150 τῶν
3152 5100 3381 5165 δώδεκα,
3417 5110 3718 5178 περιιστάς
3748 5128 3818 5180 γε

2213 5176 2319 5246 μὴν
2349 5179 2428 5240 είς
2457 5178 2653 5247 μόνους
2702 5184 2901 5248 αὐτοὺς
2930 5188 2990 5239 τὸ
3026 5188 3169 5243 οὕτω
3202 5196 3645 5263 φρικωδέστατον
3672 5218 3821 5258 κατ-

2209 5268 2487 5339 ηγόρημα,
2517 5272 2613 5323 καὶ
2642 5278 2929 5346 μονονουχὶ
2968 5285 3415 5355 παρεγγυόμενος
3438 5288 3547 5342 τῶν
3580 5292 3818 5364 ἀκροω-

2212 5358 2398 5426 μένων
2418 5360 2633 5433 ἑκάστῳ
2661 5364 2758 5434 τὴν
2787 5366 2921 5421 ἰδίαν
2950 5371 3183 5439 φυλάξαι
3213 5376 3413 5448 ψυχὴν,
3446 5382 3520 5451 μὴ
3546 5358 3818 5451 ἀρα-πως

2209 5450 2274 5501 ἐκ
2301 5451 2577 5523 ῥᾳθυμίας
2609 5460 2721 5521 τοῖς
2740 5458 2882 5513 οὕτω
2910 5463 3097 5528 δεινοῖς
3127 5468 3405 5537 άλώσηται
3438 5472 3684 5544 βρόχοις,
3717 5480 3818 5531 καὶ

2209 5542 2306 5610 τῆς
2361 5542 2453 5596 τοῦ
2511 5545 2759 5602 διαϐόλου
2807 5555 3053 5622 πικρίας·
3086 5557 3259 5625 γλυκὺ
3298 5565 3512 5629 γένοιτο
3545 5566 3814 5640 θήραμα.

2218 5633 2536 5707 Ἐπωςρελὴς
2566 5634 2656 5692 οὖν
2690 5641 2796 5713 ἄρα
2820 5644 2928 5697 τῶν
2963 5646 3198 5719 ἐλέγχων
3230 5655 3259 5721 ἡ
3302 5654 3547 5727 δύναμις,
3573 5657 3643 5729 ἦν
3674 5662 3817 5721 παρ’
