4104 6430
291 439 405 496 I57

1372 443 1435 497 ΙΝ
1470 442 1762 498 ιυΑΝΝιε
1784 440 2237 498 EVANGELIUM
2275 438 2404 495 LIB.
2443 438 2533 494 LX.

3462 435 3567 494 158

282 555 447 609 οὐδὲν
501 543 872 627 ποιησάμενος
927 554 1021 610 τοῦ
1072 556 1364 628 προδόντος
1411 561 1441 612 6
1482 557 1626 623 νοῦς,
1668 557 1777 611 τῶν
1806 557 1870 610 oi-

1987 555 2100 611 bat.
2125 554 2317 625 Magna
2353 555 2541 623 itaque
2569 567 2692 608 cum
2728 552 2978 622 emphasi
3007 552 3272 609 Christus
3308 572 3322 608 :
3359 572 3378 606 ι
3413 553 3564 610 Unus

282 646 457 700 κείων
487 647 667 716 εῖχετο
696 647 1151 719 σπουδασμάτων.
1183 648 1671 719 Ἐμφαντικώτατα
1699 648 1879 702 τοίνυν

276 739 309 790 6
340 737 582 806 Χριστὸς
603 737 686 803 τὺ,
721 756 741 789 ι
774 735 869 802 Εἷς
898 739 958 805 ἐξ
980 738 1135 810 ὑμῶν
1163 738 1475 810 παραδώσει
1506 755 1597 809 με,
1636 757 1655 790 ι
1680 737 1874 807 φησίν.

278 827 360 882 Ἦ
391 828 505 899 γὰρ
532 827 637 898 τῆς
678 829 775 883 τοῦ
818 829 1129 900 τολμῶντος
1169 828 1495 901 ἀχαριστίας
1551 829 1639 882 διὰ
1684 828 1876 883 τούτου

286 922 609 991 κατηγορεῖ,
632 921 667 992 ἢ
690 922 790 992 τῆς
809 921 905 975 τοῦ
930 921 1175 976 διαϐόλου
1200 922 1398 985 κακίας
1425 914 1661 975 δεικνύει
1692 921 1755 973 τὸ
1780 921 1880 991 μέ-

195 1058 205 1065 .
288 1006 469 1076 γεθος,
502 1009 583 1071 ὼς
627 1008 885 1063 τοσοῦτον
936 1009 1277 1081 δυνηθείσης,
1308 1010 1385 1074 ὡς
1428 1010 1524 1065 καὶ
1569 1009 1750 1064 αὐτῶν
1779 1010 1878 1065 ἕνα

277 1099 393 1153 τῶν
431 1100 756 1156 ἀποστόλων
790 1101 1059 1171 ἁρπάσαι.

356 1195 668 1249 Ἐὄλεπον
687 1191 804 1250 οὖν
825 1198 913 1262 είς
935 1195 1251 1263 ἀλλήλους
1282 1200 1336 1250 οἱ
1360 1196 1642 1267 μαθηταὶ,
1670 1196 1878 1252 διαπο-

268 1285 567 1356 ροῦμεν-οι
597 1286 732 1353 περὶ
751 1287 935 1352 ’τίνος
955 1288 1143 1357 λέγει.

254 1412 259 1413 ν
356 1376 668 1448 Ἔκπληξίς
694 1394 756 1430 τε
786 1377 922 1449 ὁμοῦ
965 1380 1059 1432 καὶ
1083 1379 1204 1443 δέος
1229 1380 1502 1452 εἰστρέχει
1530 1381 1659 1444 τοὺς
1700 1380 1878 1452 μαθηε

275 1466 400 1530 τὰς,
431 1469 530 1521 xa‘l
556 1468 811 1539 ἀλλήλοις
855 1469 1107 1541 ἐνορῶσι,
1145 1470 1368 1525 διπλοῦν
1408 1474 1472 1524 ὲκ
1510 1471 1620 1524 τῶν
1649 1471 1879 1544 εἰρημέ-

273 1577 389 1612 νων
418 1559 706 1624 ὠδίνοντες
742 1560 998 1631 θόρυϐον.
1026 1562 1301 1626 Ἕκαστος
1332 1563 1430 1634 μὲν
1463 1561 1595 1634 γὰρ,
1631 1562 1772 1615 κατὰ
1814 1562 1876 1615 τὸ

272 1651 448 1716 εἰκὸς,
476 1652 580 1721 τῆς
607 1653 748 1716 ἰδίας
774 1655 1129 1726 ὑπερτρέχων
1156 1654 1354 1726 ψυχῆς,
1383 1654 1484 1735 οὐκ
1511 1656 1570 1707 ὲν
1587 1653 1754 1725 ὀλίγῳ
1780 1653 1873 1723 γὲ-

270 1758 401 1811 γονε
425 1742 669 1814 δείματι,
700 1744 838 1798 ἀλλὰ
860 1748 957 1800 καὶ
987 1747 1086 1817 τῆς
1103 1748 1183 1811 είς
1209 1747 1272 1800 τὸ
1299 1745 1476 1800 κοινὸν
1498 1744 1712 1817 ὁρώσης
1735 1745 1873 1801 ὐπο-

270 1833 496 1905 λήψεως
525 1837 710 1909 χάριν,
739 1839 840 1891 οὐκ
867 1839 1126 1894 ἐλάττονα
1148 1840 1248 1911 τῆς
1280 1839 1476 1910 ἑτέρας
1500 1840 1601 1910 τὴν
1631 1839 1872 1908 ἀγωνίαν

1981 663 2049 703 es
2080 648 2240 702 vobis
2268 662 2354 701 me
2385 646 2586 710 tradet,
2625 665 2644 696 ι
2677 645 2774 700 ait.
2805 643 2905 700 Vel
2940 646 3089 701 enim
3126 645 3432 716 proditoris
3475 647 3562 702 in-

1979 744 2193 807 gratum
2230 737 2472 791 animum
2518 737 2605 793 bis
2642 738 2832 792 verbis
2874 747 3125 803 accusat,
3149 739 3234 793 vel
3279 737 3567 794 diabolica:

1980 830 2244 900 nequitia:
2272 827 2714 899 magnitudinem
2754 830 3022 893 ostendit,
3056 845 3180 899 qua:
3211 838 3424 884 tantum
3468 845 3566 900 po-

1979 920 2169 984 tuerit,
2227 927 2289 974 ut
2341 920 2504 974 etiam
2541 934 2710 973 unum
2768 934 2835 974 ex
2892 919 3030 1003 ipsis
3080 920 3345 990 apostolis
3388 921 3565 974 corri-

1977 1013 2179 1082 puerit.
2534 1025 2543 1033 '

2051 1181 2208 1251 XIII,
2246 1182 2338 1237 22.
2379 1184 2722 1253 Aspiciebant
2768 1203 2892 1257 ergo
2929 1187 2998 1241 ad
3023 1187 3243 1242 invicem
3282 1188 3557 1259 discipuli,

1975 1273 2282 1330 haesitantes
2312 1275 2378 1330 de
2409 1292 2511 1343 quo
2537 1276 2753 1332 diceret.
2834 1333 2841 1339 ,

2049 1364 2254 1434 Stupor
2283 1367 2450 1420 simul
2484 1380 2548 1421 ac
2572 1366 2739 1421 timor
2764 1367 2977 1422 invadit
3000 1367 3208 1424 Christi
3234 1368 3558 1439 discipulos,

1974 1463 2029 1509 et
2057 1455 2344 1511 intuentur
2374 1456 2465 1509 alii
2494 1457 2547 1510 in
2580 1456 2744 1520 alios,
2776 1458 3053 1528 duplicem
3085 1473 3150 1512 ex
3180 1458 3346 1516 dictis
3371 1462 3561 1528 conci—

1974 1548 2192 1619 pientes
2228 1560 2457 1606 metum.
2486 1548 2882 1621 Unusquisque
2907 1551 3088 1617 enim,
3122 1558 3180 1606 ut
3210 1567 3311 1622 par
3334 1559 3420 1608 est
3440 1593 3456 1617 ,
3490 1552 3561 1606 de

1973 1653 2075 1693 sua
2107 1639 2293 1694 anima
2320 1640 2620 1707 sollicitus,
2654 1657 2764 1696 non
2798 1656 2966 1711 parvo
2994 1652 3115 1698 erat
3159 1642 3214 1696 in
3246 1651 3418 1707 metu,
3460 1643 3556 1698 sed

1972 1740 2028 1785 et
2055 1745 2181 1785 cum
2215 1730 2286 1786 de
2317 1732 2535 1787 caneris
2565 1734 2623 1787 in
2653 1748 2947 1789 commune
2976 1735 3325 1805 cogitarent,
3356 1735 3424 1790 de
3450 1735 3559 1788 alia

1973 1835 2080 1876 non
2114 1822 2298 1877 minus
2331 1823 2482 1877 anxii
2509 1834 2689 1879 erant.
2714 1824 2963 1880 Credunt
2988 1827 3192 1896 quippe
3223 1842 3412 1881 verum
3453 1826 3547 1881 uti-

271 1905 712 1999 éoz'xov'co.;01t
770 1932 872 2003 μὲν
928 1933 1038 2005 γὰρ
1091 1905 1290 2004 ἀληθὲς
1340 1905 1495 1986 ἔσται
1553 1905 1772 1996 πάντως
1812 1932 1870 1986 τὸ

1973 1927 2082 1981 que
2118 1909 2238 1969 fore
2264 1914 2414 1984 quod
2437 1914 2652 1970 dictum
2682 1924 2791 1971 est.
2827 1916 3024 1971 Sciunt
3053 1918 3200 1973 enim
3245 1917 3559 1974 Servatoris

269 2020 574 2091 εἰρημένον
609 2023 983 2079 πιστεύουσιν.
1014 2025 1197 2078 Ἵσασι
1220 2024 1353 2097 γὰρ,
1374 2023 1451 2087 ὡς
1472 2023 1574 2079 οὐκ
1599 2024 1667 2079 ἂν
1683 2020 1877 2078 διαπέ-

268 2123 356 2160 σοι
410 2109 578 2172 κενὸς
624 2108 722 2163 τοῦ
771 2112 1024 2183 Σωτῆρος
1079 2113 1109 2165 6
1146 2112 1324 2181 λόγος,
1355 2112 1418 2165 τό
1458 2112 1520 2166 τὲ
1553 2128 1619 2181 γε
1654 2111 1760 2183 μὴν
1792 2112 1872 2177 είς

265 2199 435 2252 τοῦτο
478 2200 808 2265 δυσσεϐείας
860 2202 1328 2275 κατωλισθηκέναι
1377 2203 1487 2257 τῶν
1518 2204 1578 2257 ὲν
1604 2202 1873 2275 μαθηταῖς

264 2291 762 2363 ἀπηριθμημένων
816 2295 962 2359 τινὰ,
1026 2294 1198 2348 δεινὸν
1267 2295 1364 2349 καὶ
1418 2295 1692 2366 ἀφόρητον
1730 2291 1873 2349 εῖναι

264 2382 642 2453 λογιζόμενοι,
690 2384 753 2438 τὸ
814 2386 916 2455 μὲν
977 2386 1109 2440 ίδιον
1169 2382 1402 2440 ἑκάστου
1456 2387 1698 2452 συνειδὸς
1737 2389 1873 2442 ἀνα-

266 2474 564 2545 κρίνουσι,
626 2475 723 2529 καὶ
781 2476 1140 2548 περιαθροῦσι
1196 2477 1387 2544 δεινῶς
1441 2480 1536 2535 ἐπὶ
1590 2481 1714 2536 τίνα
1773 2481 1873 2551 τῆς

264 2566 554 2629 ἀταυλείας
580 2568 610 2620 6
640 2566 844 2639 κλῆρος
864 2572 1137 2635 πεσεῖται,
1173 2572 1265 2625 καὶ
1290 2572 1474 2638 πόθεν,
1503 2573 1537 2645 ἢ
1565 2572 1685 2638 πῶς
1714 2574 1870 2646 ίσχύ-

266 2672 350 2710 σει
377 2657 644 2712 τοσοῦτον
673 2660 701 2711 6
730 2659 995 2727 Σατανᾶς,
1023 2661 1099 2725 ὡς
1134 2662 1228 2716 καὶ
1256 2663 1436 2717 αὐτῶν
1463 2663 1728 2735 ἐκκλέψαι
1762 2665 1872 2721 τῶν

264 2748 512 2818 γνησίων
543 2749 690 2803 τινα.

333 2838 462 2894 Ἦν
493 2840 569 2894 δὲ
589 2840 987 2909 ἀνακείμενος
1013 2837 1103 2908 εἷς
1130 2842 1199 2897 ἐκ
1231 2842 1350 2896 τῶν
1362 2844 1647 2914 μαθητῶν
1682 2845 1870 2900 αὐτοῦ

262 2930 333 2983 ἐν·
381 2928 470 2997 τῷ
504 2932 721 2999 κόλπῳ
769 2931 879 2986 τοῦ
919 2932 1147 3001 Ἰησοῦ,
1193 2933 1273 2987 ὃν
1300 2935 1504 3004 ἠγάπα
1540 2939 1574 2991 ό
1607 2936 1866 3005 Ἰησοῦς.

261 3022 444 3077 Νεὺει
469 3016 590 3078 οὖν
622 3024 816 3089 τούτῳ
842 3024 1058 3093 Σίμων
1089 3024 1313 3095 Πέτρος
1358 3027 1656 3082 πυθέσθαι
1680 3028 1772 3094 τίς
1793 3028 1872 3081 ἂν

262 3112 356 3180 ειη
400 3115 545 3183 περὶ
592 3108 667 3169 οὗ
692 3114 899 3185 λέγειΤ
925 3117 1267 3171 Ἐπιπεσὼν
1307 3118 1376 3171 δὲ
1401 3118 1635 3187 ἐκεῖνος
1664 3120 1765 3175 ἐπὶ
1799 3121 1868 3175 τὸ

263 3203 500 3274 στῆθος
522 3205 635 3260 τοῦ
669 3206 897 3301 Ἰησρῦ,
915 3207 1080 3277 λέγει
1108 3209 1290 3275 αὐτῷ’
1317 3212 1511 3280 Κύριε,
1537 3213 1630 3278 τίς
1659 3212 1868 3281 sectr;
1895 3242 1939 3301 ο

1830 3295 1857 3318 τ

276 3295 703 3364 Ἀποκρίνεται
748 3292 865 3351 οὖν
900 3299 934 3348 ὁ
974 3298 1237 3364 Ἰησοῦς·
1286 3299 1545 3366 Ἐκεῖνός
1592 3301 1789 3368 ἐστιν,
1817 3295 1867 3369 ᾦ

262 3387 380 3458 ἐγὼ
400 3387 625 3457 ,ϐάψας
651 3391 719 3443 τὸ
748 3390 987 3460 ψωμίον
1012 3390 1186 3444 δώσω

333 3482 747 3553 Θαυμάσαιμεν
801 3482 869 3536 ἂν
917 3484 1143 3548 εἰκότως
1185 3485 1280 3538 καὶ
1310 3488 1369 3540 ὲν
1397 3485 1573 3559 τούτῳ
1599 3487 1665 3560 δὴ
1702 3489 1867 3544 πάλιν

261 3574 379 3628 τῶν,
407 3574 589 3642 ἁγίων
621 3573 880 3646 μαθητῶν
910 3574 973 3628 τὸ
998 3576 1198 3647 γοργὸν
1232 3578 1312 3641 είς
1349 3577 1647 3647 φιλοθιϊαν,
1677 3579 1773 3633 καὶ
1805 3579 1868 3632 τὸ

262 3668 388 3721 λίαν
412 3666 649 3738 ἀκριϐὲς
689 3670 770 3732 είς
796 3668 1105 3722 εὐλάϐειαν.
1146 3669 1221 3723 Οὐ
1262 3669 1373 3741 γὰρ
1406 3669 1621 3741 ἔχοντες
1658 3670 1716 3738 ἐξ
1738 3672 1861 3724 ἐαυ-

261 3759 372 3813 τῶν
436 3760 645 3813 εἰδέναι
710 3759 965 3814 ὑπαίτιόν
1027 3776 1186 3823 τινα,
1243 3761 1359 3814 ἀλλ’
1425 3762 1547 3817 οὐδὲ
1611 3766 1734 3827 ταῖς
1801 3766 1867 3818 ἐκ

264 3850 599 3924 ποχασμῶν
635 3851 876 3915 ἀπάταις
915 3852 1406 3924 ὲπιθαρσήσαντες,
1450 3854 1866 3923 φιλοπευστοῦσι

265 3943 430 3998 πάλιν
452 3982 470 4005 ,
522 3922 637 3996 (xui.
712 3943 1009 4013 μανθάνειν
1070 3922 1387 4014 ἐπείγονται
1465 3922 1537 4000 δι’
1595 3947 1715 4010 ἐνὸς
1770 3946 1864 4000 τοῦ

264 4035 628 4109 προῦχοντος.
682 4036 890 4108 Πέτρος
940 4037 998 4091 δὲ
1052 4030 1208 4100 οὗτος
1257 4033 1347 4109 ἦν,
1398 4038 1458 4102 ὃς
1495 4040 1864 4110 προσεκόμισε

267 4128 365 4197 μὶν
397 4126 665 4197 οὐδαμῶς
711 4127 781 4181 δι’
805 4127 1001 4182 ἑαυτοῦ
1048 4128 1147 4200 τὴν
1184 4129 1379 4183 πεῦσιν
1398 4170 1412 4193 ,
1437 4128 1516 4200 τῷ
1544 4130 1600 4185 δὲ
1639 4130 1866 4201 πλησίον

265 4220 355 4272 καὶ
415 4218 779 4289 ἀγαπωμένῳ
831 4218 922 4272 διὰ
966 4218 1172 4291 τὸτῆς
1222 4221 1446 4289 ἁγνείας
1486 4221 1866 4295 λαμπρότερον

264 4308 322 4362 τὸ
361 4309 644 4380 διερωτᾷν
676 4308 919 4378 ἐφίησιν.
965 4309 1223 4381 Ἰωάννης
1267 4311 1326 4364 δὲ
1377 4306 1533 4375 οὗτος
1573 4306 1642 4384 ἦν
1689 4314 1717 4364 6
1770 4312 1865 4367 τοῦ

262 4396 639 4468 προκειμένου
678 4395 888 4466 βιϐλίου
937 4401 1308 4469 συγγραφεὺς,
1337 4401 1416 4465 ὃς,
1458 4402 1693 4472 ἐπείπερ
1723 4405 1864 4473 ἠγα-

260 4487 477 4559 πῆσθαί
514 4504 688 4558 φησιν
714 4489 928 4554 ἑαυτὸν,
957 4488 1022 4542 τὸ
1045 4491 1245 4545 οἰκεῖον
1292 4492 1636 4563 κατέκρυψεν
1671 4494 1861 4565 ὄνομα.

1975 2019 2289 2060 sermonem
2337 2005 2557 2060 irritum
2588 2022 2714 2063 esse
2754 2022 2866 2063 non
2898 2024 3092 2079 posse,
3135 2010 3232 2065 sed
3265 2025 3333 2064 eo
3364 2010 3561 2079 impie-

1975 2098 2110 2152 tatis
2141 2097 2417 2155 decidisse
2454 2114 2792 2170 quemquam
2837 2116 2870 2156 e
2915 2101 3241 2173 discipulis,
3289 2117 3455 2173 grave
3505 2111 3561 2159 et

1975 2185 2384 2244 intolerandum
2424 2204 2551 2245 esse
2593 2197 2891 2261 putantes,
2932 2206 3090 2246 suam
3132 2192 3375 2262 quisque
3421 2206 3559 2248 con-

1971 2277 2261 2334 scientiam
2293 2280 2632 2349 examinant,
2657 2290 2715 2338 et
2740 2282 2795 2336 in
2825 2298 2988 2353 quem
3014 2283 3169 2336 exitii
3206 2298 3330 2338 sors
3358 2298 3559 2338 casura

1974 2366 2048 2421 sit
2078 2380 2270 2427 exacte
2293 2372 2595 2438 rimantur,
2635 2382 2690 2428 et
2720 2373 2872 2428 unde
2902 2381 2998 2427 aut
3029 2373 3313 2444 quomodo
3343 2382 3558 2428 tantum

1974 2465 2267 2535 potestatis
2293 2464 2588 2521 habiturus
2627 2464 2700 2519 sit
2743 2463 3011 2530 Satanas,
3061 2472 3122 2520 ut
3154 2481 3496 2537 quemquam
3529 2485 3561 2519 e

1973 2553 2231 2624 genuinis
2260 2553 2552 2628 discipulis
2585 2553 2848 2624 abripiat.

2044 2824 2162 2879 XIII
2184 2864 2201 2889 ,
2239 2824 2428 2879 23-26.
2478 2823 2616 2878 Erat
2645 2841 2767 2895 ergo
2794 2824 3099 2880 recumbens
3128 2842 3263 2878 unus
3294 2840 3360 2879 ea:
3389 2824 3557 2879 disci-

1970 2917 2111 2985 pulis
2131 2916 2246 2986 ejus
2277 2918 2334 2970 in
2360 2917 2481 2970 sinu
2505 2915 2658 2981 Iesu,
2687 2933 2838 2988 quem
2867 2916 3119 2989 diligebat
3146 2914 3325 2972 Iesus.
3370 2915 3556 2972 Innuit

1969 3026 2093 3080 ergo
2117 3009 2239 3063 huic
2261 3008 2449 3064 Simon
2473 3008 2689 3078 Petrus,
2717 3018 2769 3064 et
2793 3011 2934 3064 dixit
2966 3011 3015 3064 ei
3045 3027 3065 3067 :
3103 3010 3235 3078 Quis
3264 3019 3344 3066 est
3370 3012 3468 3065 iste
3492 3013 3557 3066 de

1970 3118 2074 3172 quo
2110 3100 2240 3156 dicit
2262 3104 2289 3159 .’
2327 3100 2519 3173 Itaque
2545 3118 2667 3156 cum
2696 3102 3021 3158 recubuisset
3054 3103 3145 3157 ille
3175 3118 3336 3172 supra
3376 3113 3556 3173 pectus

1968 3193 2099 3250 Iesu
2122 3235 2139 3263 ,
2169 3194 2301 3248 dicit
2335 3194 2382 3248 ei
2403 3210 2422 3248 :
2451 3193 2706 3258 Domine,
2746 3196 2863 3265 quis
2892 3205 2968 3249 est
2993 3198 3018 3251 ?
3047 3194 3332 3263 Respondit
3356 3194 3516 3251 Jesus
3537 3213 3556 3250 :

1972 3285 2076 3341 Ille
2097 3295 2176 3341 est
2212 3285 2297 3338 cui
2332 3300 2424 3355 ego
2459 3283 2746 3338 intinctam
2774 3299 2962 3353 panem
2997 3300 3304 3354 porrexero.

2039 3461 2142 3518 Hic
2168 3478 2368 3518 rursus
2388 3462 2557 3517 etiam
2584 3471 2903 3519 sanctorum
2930 3462 3335 3534 discipulorum
3364 3463 3559 3518 arden-

1972 3561 2078 3607 tem
2110 3567 2241 3623 erga
2272 3551 2445 3608 Deum
2481 3566 2726 3608 amorem
2752 3561 2806 3608 et
2832 3552 2999 3625 736
3024 3554 3304 3609 sincerum
3335 3553 3558 3624 pietatis
3630 3602 3633 3606 .

1969 3659 2035 3699 ac
2058 3644 2601 3716 religionisstudium
2619 3646 2810 3699 mirari
2830 3645 2958 3715 jure
2998 3653 3236 3716 oportet.
3267 3645 3401 3701 Nam
3430 3665 3554 3704 cum

1968 3750 2035 3791 ex
2073 3736 2275 3808 seipsis
2320 3752 2431 3791 non
2468 3744 2701 3807 possent
2734 3736 2912 3792 ullum
2947 3747 3164 3792 sontem
3219 3753 3555 3810 agnoscere,

1969 3830 2065 3885 sed
2097 3844 2274 3901 neque
2304 3829 2599 3886 fallacibus
2631 3829 2972 3898 conjecturis
3004 3831 3196 3885 conﬁsi
3218 3870 3233 3894 ,
3263 3834 3558 3887 sciscitan-

1969 3929 2061 3973 tur
2093 3919 2276 3974 denuo
2305 3933 2370 3973 ae
2400 3917 2617 3974 discere
2643 3919 2899 3974 nituntur
2928 3935 3023 3989 per
3049 3935 3220 3973 unum
3252 3922 3405 3975 illum
3439 3926 3554 3993 pri-

1968 4012 2245 4074 marium,
2291 4009 2511 4066 Petrum
2550 4010 2831 4074 videlicet,
2858 4013 2953 4081 qui
2990 4028 3335 4084 nequaquam
3367 4031 3463 4085 per
3495 4032 3556 4071 se

1966 4102 2353 4173 interrOgavit,
2391 4102 2487 4157 sed
2517 4102 2570 4156 ei
2601 4102 2697 4172 qui
2728 4103 3013 4172 proximus
3052 4113 3173 4159 erat
3204 4120 3268 4159 ac
3295 4106 3554 4172 dilectus,

1971 4203 2211 4265 propter.
2234 4196 2516 4251 castitatis
2551 4195 2904 4264 splendorem
2928 4235 2942 4258 ,
2977 4198 3339 4266 quaerendum
3384 4201 3555 4257 relin-

1968 4287 2110 4357 quit.
2142 4285 2389 4342 Joannes
2421 4297 2607 4340 autem
2655 4286 2703 4341 is
2738 4298 2890 4350 erat,
2926 4288 3051 4343 libri
3081 4289 3249 4358 hujus
3282 4292 3554 4363 scriptor,

1967 4378 2063 4447 qui
2103 4377 2365 4447 quoniam
2404 4392 2465 4432 se
2494 4376 2758 4432 dilectum
2793 4376 2965 4434 fuisse
3000 4380 3110 4445 ait,
3150 4379 3362 4436 idcirco
3392 4398 3553 4438 suum

1970 4484 2167 4524 nomen
2210 4469 2470 4533 reticuit,
2509 4483 2579 4523 nc
2624 4468 2887 4539 cuiquam
2936 4469 3086 4524 inani
3134 4470 3306 4540 gloria
3351 4473 3555 4529 ductus

262 4585 389 4654 σιγῇ
461 4582 750 4652 παραδοὺς
765 4612 789 4645 ,-
839 4581 927 4635 ἵνα
991 4582 1065 4653 μή
1128 4601 1207 4655 τῳ
1262 4584 1410 4652 δόξαι
1471 4561 1856 4655 -φιλοκομπείιλ

1970 4561 2271 4616 videretur.
2299 4561 2635 4616 Ambitionis
2666 4562 2874 4631 quippe
2899 4576 3098 4630 expers
3122 4573 3206 4618 est
3232 4574 3552 4620 sanctorum

272 4672 600 4744 Ἐλεύθερος
628 4672 738 4744 γὰρ
765 4672 1068 4741 φιλοδοξίας
1089 4674 1199 4728 τῶν
1220 4675 1391 4743 ἁγίων
1414 4680 1443 4731 6
1467 4676 1610 4741 νοῦς.
1648 4678 1860 4749 Ἠρέμα

260 4767 444 4821 τοίνυν
487 4764 570 4836 τῷ
617 4765 927 4836 διδασκάλῳ
967 4767 1456 4838 προσκεκλιμένος,
1499 4767 1859 4841 διαψιθυρίζει

259 4858 462 4928 λάθρα,
498 4858 600 4909 καὶ
643 4856 937 4926 μανθάνειν
969 4857 1114 4924 ἀξιοῖ
1150 4858 1244 4911 τὸν
1278 4858 1379 4928 τῆς
1412 4859 1688 4920 ἀπωλείας
1723 4859 1861 4911 υίόν·

261 4949 375 5002 ἀλλ’
404 4949 513 5017 οὐχ
544 4945 739 5018 ἔτερόν
782 4964 835 5001 τι
882 4951 1110 5018 σημεῖον
1167 4948 1316 5020 αὐτῷ
1360 4948 1574 5002 δίδωσιν
1613 4950 1642 5001 6
1671 4948 1864 5019 Σωτὴρ

259 5039 352 5094 τοῦ
387 5039 762 5111 πράγματος,
793 5038 828 5110 ἢ
856 5038 919 5092 τδ
955 5038 1044 5092 διὰ
1082 5040 1185 5110 τῆς
1224 5039 1318 5093 τοῦ
1350 5040 1636 5112 Προφήτω
1680 5040 1866 5109 φωνῆς

263 5136 353 5188 καὶ
381 5132 563 5185 πάλαι
588 5129 1132 5202 προκεκηρυγμένον·
1156 5150 1175 5183 ι
1198 5131 1258 5185 '0
1289 5132 1486 5186 ἐσθίων
1512 5133 1711 5202 ἄρτους
1740 5149 1863 5202 μου,

263 5221 612 5293 ἐμεγάλυνεν
640 5220 727 5272 ἐπ’
756 5220 859 5290 ἐμὲ
886 5220 1238 5290 πτερνισμόν.
1278 5240 1296 5272 ι
1328 5220 1517 5290 natea;
1550 5222 1660 5291 γὰρ
1691 5220 1865 5273 ἐπιδί-

262 5309 392 5362 δωσι
432 5307 502 5361 τὸ
528 5306 770 5377 ψωμίον,
798 5309 1018 5371 δεικνὺς
1047 5309 1136 5361 διὰ
1169 5309 1357 5362 τούτου
1388 5311 1478 5363 τὸν
1501 5309 1752 5362 ἐσθίοντα
1774 5309 1866 5363 τὸν

265 5400 430 5473 ἄρτον
498 5399 692 5455 αὐτοῦ.
747 5400 860 5454 Καὶ
919 5401 1011 5454 τὸν
1058 5401 1159 5471 μὲν
1210 5401 1317 5454 τῶν
1370 5403 1543 5470 ἁγίων
1604 5402 1864 5473 μαθητῶν

267 5496 518 5566 ἐξίστησι
547 5492 885 5563 φόϐον,άγει
930 5494 989 5547 δέ
1043 5511 1160 5557 πως
1201 5494 1400 5558 αὐτοὺς
1442 5498 1522 5556 εἰς
1553 5495 1860 5565 ἀνάμνησιν

270 5584 616 5658 προφητείας
667 5584 864 5656 ἐτέρας
913 5584 1339 5658 διαγορευούσης
1390 5585 1507 5639 ὡδί·
1543 5605 1559 5637 ι
1602 5587 1672 5639 Σὺ
1702 5586 1780 5649 δὲ,
1818 5581 1862 5639 ὦ

268 5677 547 5749 ἄνθρωπε,
578 5675 803 5747 ίσόψνχε
834 5678 1061 5750 ἡγεμών
1091 5695 1216 5749 μου,
1258 5678 1354 5732 καὶ
1391 5679 1605 5746 γνωστὲ
1647 5695 1776 5747 μου,
1801 5677 1860 5742 ὃς

337 5861 379 5892 ³³
421 5859 574 5915 Psal.
606 5872 676 5911 xx.
699 5900 714 5922 ,
746 5856 837 5911 Il).

556 5950 561 5955 ’
602 5948 877 6008 ΡΑτιιοι..
920 5944 1036 6004 Gn.
1078 5941 1325 6007 LXXIV.

1969 4654 2214 4708 animus.
2252 4652 2473 4707 Sensim
2508 4667 2644 4722 ergo
2674 4652 2982 4707 inclinatus
3027 4652 3098 4707 ad
3142 4664 3341 4724 pectus
3375 4659 3555 4729 magi-

1969 4747 2069 4801 stri
2110 4746 2254 4800 clam
2289 4745 2490 4816 quaerit
2531 4744 2660 4814 quis
2691 4744 2763 4799 sit
2790 4743 3082 4801 erditionis
3113 4745 3209 4802 ille
3249 4746 3426 4816 ﬁlius;
3458 4751 3554 4804 sed

1969 4854 2080 4892 non
2113 4837 2263 4891 aliud
2291 4836 2388 4891 dat
2423 4837 2472 4891 ei
2507 4835 2772 4891 Servatur
2802 4839 2883 4891 rei
2913 4837 3174 4912 signum,
3214 4855 3379 4908 quam
3406 4842 3553 4911 quod

1972 4951 2069 5003 per
2100 4933 2387 5004 Prophetas
2420 4947 2612 4988 vocem
2643 4932 2777 4987 olim
2814 4931 3141 5002 praedictum
3182 4940 3270 4988 est
3313 4951 3327 4987 :
3390 4952 3409 4985 ι
3445 4934 3551 5000 Qui

1972 5028 2169 5083 edebat
2194 5041 2363 5096 panes
2386 5039 2562 5091 meos,
2588 5022 2960 5095 magniﬁcavit
2983 5038 3155 5093 super
3177 5040 3263 5079 me
3285 5027 3557 5095 supplan-

1968 5120 2326 5175 tationem)!
2364 5139 2382 5172 ι
2432 5117 2730 5172 Iutinctam
2766 5117 2972 5188 quippe
3012 5117 3317 5171 buccellam
3359 5118 3551 5183 tradit,

1969 5230 2065 5285 per
2112 5214 2215 5267 hoc
2261 5229 2387 5268 cum
2434 5213 2737 5267 ostendens
2784 5210 2881 5281 qui
2937 5208 3303 5263 manducaret
3352 5224 3549 5280 panem

1896 5304 1901 5313 ’
1966 5306 2108 5376 ejus.
2143 5306 2208 5360 Et
2241 5313 2564 5367 sanctorum
2605 5303 2830 5373 quidem
2865 5300 3271 5372 discipulorum
3306 5298 3548 5353 formidi-

1968 5414 2096 5453 nem
2128 5406 2371 5453 removet
2393 5438 2407 5459 ,
2444 5396 2541 5452 sed
2575 5397 2657 5451 eis
2694 5396 2750 5449 in
2787 5393 3114 5448 memoriam
3150 5391 3378 5447 adducit
3407 5391 3553 5445 alte-

1969 5507 2086 5545 ram
2120 5491 2500 5562 prophetiam,
2537 5505 2662 5559 qua:
2697 5490 2774 5543 ait
2809 5507 2821 5542 :
2860 5506 2880 5539 ι
2918 5485 3004 5542 Tu
3040 5502 3172 5543 vero
3208 5488 3376 5542 homo
3410 5499 3553 5539 una-

1970 5582 2138 5638 nimis
2163 5581 2274 5637 dux
2319 5597 2508 5645 meus,
2542 5590 2598 5636 et
2625 5588 2796 5636 notus
2824 5594 2983 5635 meus
3014 5579 3111 5650 qui
3142 5577 3305 5635 simul
3334 5590 3550 5630 mecum

1970 5677 2164 5733 dulces
2191 5675 2449 5746 capiehas
2477 5675 2633 5731 cibos
2669 5693 2682 5728 :
2727 5674 2783 5727 in
2809 5673 2975 5728 domo
3009 5671 3105 5728 Dei
3139 5669 3553 5725 ambulavnnus

3114 5938 3151 5999 5
