4104 6450
522 415 643 471 ’1⁸59

1509 411 1568 468 S.
1611 411 1888 469 CYBILLI
1927 409 2407 468 ALEXANDRINI
2447 412 2768 468 AIICIIIEP.

3704 412 3799 468 NO

535 545 669 587 eum
688 544 979 587 consensu
1007 531 1074 586 ⁸⁸.
1111 548 1129 584 ι
1171 530 1470 587 Unanimis
1501 531 1647 586 enim
1670 568 1685 594 ,
1728 545 1792 586 ac
1824 539 2028 598 notus,
2068 540 2124 586 et

2244 537 2318 585 :nl.
2346 532 2404 587 τὸ
2428 534 2561 586 αὐτὸ
2599 531 2904 601 ἐγλύκανάς
2928 549 3017 602 μοι
3047 532 3340 602 ἐδέσματαο
3373 532 3430 583 ἐν
3462 528 3565 601 τῷι
3586 531 3687 601 ῐκῳ
3713 534 3798 586 τοῦ

539 637 746 680 ιηθηενι
775 636 1050 689 consors,
1101 632 1158 679 et
1193 636 1539 693 quaecunque
1568 622 1870 693 genuimun
1903 621 2123 678 elficere

538 720 812 781 mssent,
850 712 955 769 fuit
981 713 1115 767 olim
1158 711 1440 768 Servatori
1480 710 1645 785 etiam
1678 711 1800 782 ipse
1827 712 2120 781 proditor,

542 813 735 877 utpote
780 820 890 861 una
935 820 1063 860 cum
1111 805 1243 860 aliis
1277 804 1489 859 sanctis
1536 805 1829 874 discipulis
1882 806 2120 870 electus,

536 899 637 967 qui
664 898 923 954 eumdem
957 911 1083 951 cum
1131 895 1430 951 Servatore
1462 910 1695 966 scopum
1735 896 2039 961 habentes,
2071 906 2128 955 et

540 997 714 1046 totam
737 1002 841 1044 una
866 1002 990 1042 cum
1025 988 1146 1057 ipso
1164 985 1412 1040 Iudaeam
1434 987 1877 1051 circumeuntes,
1912 988 2127 1041 strenui

543 1081 941 1137 miraculorum
971 1078 1220 1134 ministri
1256 1086 1418 1132 erant
1441 1119 1456 1144 ,
1486 1078 1785 1149 omniaque
1821 1080 2004 1134 facere
2040 1094 2128 1132 ar-

540 1173 745 1229 debant
784 1184 908 1242 qua:
953 1168 1023 1222 ad
1070 1168 1339 1224 honorem
1385 1176 1441 1223 et
1479 1168 1717 1239 gloriam
1759 1168 1882 1237 ejus
1915 1178 2131 1239 specta-

539 1265 703 1330 bant;
737 1262 833 1318 sed
860 1268 1025 1315 notus
1051 1261 1146 1315 ille
1170 1270 1226 1315 et
1251 1260 1533 1315 unanimis
1555 1260 1705 1330 turpi
1730 1270 1943 1330 quaestu
1962 1262 2133 1315 hono-

540 1353 716 1409 rantis
744 1353 981 1424 gratiam
1014 1350 1271 1404 mutavit.
1313 1347 1560 1404 Observa
1589 1364 1755 1418 porro
1790 1348 1976 1405 denuo
2016 1364 2128 1419 quo

453 1432 459 1438 ’
539 1455 704 1514 pacto
732 1458 832 1499 nos
869 1453 1023 1498 recte
1048 1441 1255 1496 excitet
1286 1441 1741 1511 sapientissimus
1766 1442 2129 1511 evangelista,

543 1547 603 1591 ut
634 1537 694 1592 in
722 1537 835 1591 vita
866 1549 1035 1606 quam
1066 1534 1309 1589 maxime
1341 1548 1444 1589 nos
1474 1534 1862 1596 observemus,
1895 1541 1951 1587 et
1979 1533 2134 1604 inge-

543 1632 620 1687 nii
653 1631 830 1686 aciem
856 1643 1220 1685 exerceamus
1254 1627 1322 1681 ad
1357 1627 1863 1697 contemplationes
1904 1626 2132 1681 divinas

546 1723 707 1779 facile
740 1720 1154 1794 assequendasJ
1201 1727 1255 1776 et
1285 1720 1605 1775 divinarum
1638 1734 1823 1774 rerum
1859 1720 2133 1788 cognitio-

543 1832 671 1871 nem
718 1813 900 1886 quoad
942 1813 1074 1869 licet
1120 1809 1559 1881 exprimendam.
1613 1809 1858 1865 Summis
1907 1810 2131 1881 quidem

2230 624 2367 676 Θεοῦ
2407 623 2785 695 ἐπορεύθημεν
2828 623 2886 676 ἐν
2936 623 3177 694 ὁμονοίᾳ.
3220 643 3238 675 ι
3275 623 3549 694 Ἰσόψυχος
3583 623 3804 697 μὲνγὰρ

2228 715 2466 782 γνωστός
2504 732 2562 766 τε
2607 716 2702 767 καὶ
2731 713 3127 786 ὁμοτράπεζος,
3172 715 3267 768 καὶ
3303 702 3365 769 τί
3392 715 3501 787 γὰρ
3549 716 3668 785 οὐχὶ
3702 717 3804 770 τῶν

2227 807 2526 860 τελούντων
2562 808 2647 869 εἰς
2681 808 3031 878 γνησιότητα,
3089 807 3280 875 γέγονέ
3337 824 3469 860 ποτε
3501 807 3583 877 τῷ
3602 808 3807 880 Σωτῆρι

2229 898 2319 949 κα¹ί
2359 897 2521 963 αὐτὸς
2565 898 2594 949 6
2642 897 2925 968 προδότης,
2963 898 3059 951 ἆτε
3088 897 3152 968 δὴ
3185 899 3297 960 τοῖς
3331 897 3540 968 ἑτέροις
3564 899 3802 966 ἐγκατει-

2229 991 2491 1060 λεγμένος
2524 990 2703 1059 ἁγίοις
2741 991 3032 1061 μαθηταῖς.
3077 991 3127 1044 οἳ
3157 991 3250 1044 τὸν
3287 991 3454 1043 αὑτὸν
3485 990 3698 1060 ἔχοντες
3736 991 3808 1061 τῷ

2231 1084 2446 1155 Σωτῆρι
2482 1083 2702 1147 σκοπὸν,
2732 1084 2826 1138 καὶ
2848 1084 2948 1153 τὴν
2971 1082 3080 1136 τῶν
3120 1082 3390 1137 Ἰουδαίων
3419 1082 3806 1152 συμπεριθέον.

2232 1196 2322 1242 τες
2353 1177 2557 1249 χώραν,
2592 1176 2865 1248 ὑπηρέται
2885 1177 3073 1247 γοργοὶ
3099 1175 3207 1229 τῶν
3231 1174 3527 1243 θαυμάτων
3556 1175 3809 1243 ἐγίνοντο,

2234 1270 2326 1322 καὶ
2355 1271 2533 1323 πάντα
2570 1268 2832 1339 πράττειν
2863 1268 3159 1337 ἠπείγοντο
3187 1266 3255 1321 τὰ
3282 1268 3362 1331 εἰς
3391 1264 3557 1337 τιμὴν
3620 1265 3711 1321 καὶ
3734 1265 3813 1321 δό-

2235 1360 2333 1425 ξαν
2366 1359 2553 1415 αὑτοῦ·
2589 1360 2705 1413 ἀλλ’
2728 1362 2757 1413 6
2807 1359 3068 1427 γνωστὸς,
3121 1358 3215 1412 καὶ
3265 1357 3543 1428 ίσόψυχος,
3580 1359 3813 1429 αἰσχρῶν

2233 1453 2537 1523 λημμάτιον
2557 1450 2826 1522 ἠλλάξατο
2852 1451 2950 1520 τὴν
2973 1449 3422 1521 τοῦτιμήσαντος
3455 1449 3638 1522 χάριν.
3675 1449 3815 1503 Ἐπι-

2234 1546 2389 1615 τήρει
2441 1544 2499 1597 δὲ
2553 1543 2738 1607 πάλιν,
2789 1544 2938 1607 ὅπως
2985 1545 3133 1612 ἡμᾶς
3188 1542 3499 1613 παραθήγει
3563 1541 3741 1607 καλῶς
3792 1544 3820 1596 6

2238 1638 2547 1705 σοφώτατος
2569 1635 2962 1705 εὐαγγελιστὴς
2996 1637 3076 1699 εἰς
3105 1636 3165 1690 τὸ
3198 1636 3346 1706 βιοῦν
3373 1635 3579 1691 ἐθέλειν
3609 1636 3693 1688 ὅτι
3721 1652 3821 1705 μα-

2236 1730 2393 1782 λιστα
2429 1728 2793 1795 λογικώτατα,
2843 1728 2936 1780 καὶ
2980 1727 3079 1796 τῆς
3133 1727 3372 1791 διανοίας
3425 1728 3689 1781 ἐπασκεῖν
3726 1726 3820 1798 τὴν

2235 1817 2471 1887 ὀξύτητα
2523 1819 2659 1890 πρὸς
2707 1818 2767 1871 τό
2817 1816 3077 1870 δύνασθαι
3129 1818 3224 1871 καὶ
3273 1818 3394 1871 λίαν
3427 1817 3673 1882 εὐπετῶς
3721 1817 3824 1870 τῶν

546 1906 853 1962 honoribus
890 1912 1148 1958 ornatum
1191 1917 1253 1958 se
1288 1917 1416 1958 esse
1457 1911 1511 1956 et
1542 1916 1571 1955 a
1609 1900 1908 1957 Servatore
1939 1912 2136 1956 nostro

2244 1886 2400 1961 θείων
2429 1886 2805 1961 καθικνεῖσθαι
2839 1906 3237 1978 θεωρημάτων,
3280 1909 3375 1964 καί
3432 1909 3531 1980 τῆς
3572 1907 3824 1969 θεοπτίας

544 1998 769 2054 Christo
798 1996 1063 2051 dilectum
1104 1997 1225 2060 ait,
1271 2002 1330 2047 ut
1375 2002 1430 2048 et
1478 1993 1532 2046 in
1580 1994 1700 2063 ipso
1744 1992 1958 2047 Domini
2008 1995 2136 2049 sinu

548 2089 936 2151 recumberet,
983 2085 1133 2155 quod
1177 2086 1230 2139 in
1279 2085 1483 2140 sun-mi
1523 2084 1727 2139 amoris
1770 2084 1942 2138 trahit
1973 2099 2136 2156 argu-

549 2188 817 2236 mentum.
861 2177 1106 2231 Proximi
1148 2175 1336 2245 itaque
1371 2173 1503 2237 Deo,
1532 2182 1587 2228 et
1629 2173 1828 2244 primis
1863 2174 2137 2244 quodam-

548 2271 716 2326 modo
729 2268 874 2341 apud
892 2284 1018 2324 eum
1043 2267 1179 2322 locis
1207 2267 1444 2321 maxime
1467 2265 1719 2319 omnium
1748 2265 2021 2321 sedebunt
2043 2267 2139 2337 qui

548 2377 747 2435 purum
777 2374 873 2415 cor
899 2359 1119 2423 habent,
1147 2358 1351 2428 quibus
1374 2364 1429 2411 et
1448 2356 1712 2411 eximium
1733 2355 1996 2411 Servator
2013 2357 2133 2428 ipse

550 2458 837 2530 premium
851 2455 1069 2521 tribuit,
1086 2472 1103 2505 ι
1120 2453 1338 2509 beatos»
1364 2449 1486 2504 fore
1499 2450 1689 2506 dicens
1707 2450 1920 2521 737,¢
1934 2451 2143 2507 mundo

549 2548 1002 2620 corde,quoniam
1020 2546 1123 2617 ipsi
1143 2544 1313 2600 Deum
1327 2543 1596 2598 videbunt
1614 2544 1680 2596 ⁸⁷.
1703 2563 1721 2594 ι
1745 2544 1900 2609 Quod
1916 2545 2141 2614 quidem

550 2660 743 2702 verum
781 2659 908 2699 esse
928 2682 942 2706 ,
972 2642 1148 2712 ipsius
1173 2636 1571 2708 sapientissimi
1597 2637 1949 2709 evangelista:
1978 2637 2140 2693 testi-

548 2736 738 2791 monio
758 2732 1229 2789 confirmabimus.
1266 2727 1417 2782 Vidit
1445 2729 1591 2782 enim
1628 2727 1860 2798 gloriam
1892 2727 2140 2789 Christi,

546 2831 706 2901 juxta
763 2825 940 2896 ipsius
990 2836 1203 2876 vocem.
1262 2838 1281 2871 σ
1349 2816 1474 2872 Vidi
1515 2818 1665 2873 enim
1714 2818 1946 2887 gloriam
1997 2817 2141 2901 ejus,

552 2922 764 2994 inquit,
822 2906 1088 2992 gloriam_
1119 2914 1278 2985 quasi
1315 2911 1595 2983 Unigeniti
1629 2926 1658 2964 a
1684 2909 1848 2965 Patre
1873 2950 1888 2975 ,
1921 2911 2142 2981 plenum

551 3014 743 3089 gratia:
770 3020 827 3069 et
856 3010 1110 3066 veritatis
1132 3007 1197 3059 ⁸⁸.
1233 3027 1250 3058 ι
1286 3006 1500 3076 Quippe
1527 3005 1816 3074 corporeis
1843 3004 2022 3059 oculis
2047 3018 2145 3057 ne-

554 3121 644 3160 mo
665 3110 923 3173 spectare
956 3106 1136 3168 potest
1165 3104 1422 3151 naturam
1456 3095 1733 3149 universae
1753 3104 2024 3149 creaturae
2058 3096 2146 3148 in-

552 3193 1011 3264 conspicabilem.
1040 3189 1149 3244 Nec
1171 3188 1316 3273 enim
1344 3189 1638 3257 quisquam
1666 3184 1885 3240 Patrem
1907 3186 2064 3250 vidit,
2089 3196 2149 3243 ut

557 3289 816 3345 Servator
834 3288 912 3341 ait
931 3286 999 3349 ⁸⁸,
1024 3284 1130 3339 nisi
1153 3284 1198 3336 is
1215 3282 1311 3353 qui
1325 3292 1412 3339 est
1431 3297 1459 3334 a
1477 3280 1608 3342 Deo,
1635 3280 1688 3335 id
1712 3287 1799 3334 est
1820 3279 2029 3346 Filius;
2056 3282 2146 3341 hic

556 3383 695 3437 vidit
722 3381 962 3435 Patrem.
987 3374 1377 3431 Verumtamen
1411 3374 1479 3427 iis
1502 3372 1597 3443 qui
1633 3370 1911 3425 mundana
1952 3372 2075 3429 labe
2102 3384 2157 3431 et

558 3477 824 3534 inanibus
852 3475 978 3528 vita:
1001 3471 1169 3541 hujus
1201 3470 1351 3524 curis
1374 3482 1570 3539 puram
1593 3476 1647 3520 et
1664 3480 1892 3520 vacuam
1915 3476 2154 3523 mentem

559 3569 799 3629 habent,
836 3579 932 3637 per
965 3561 1226 3618 subtilem
1264 3560 1457 3630 utique
1485 3566 1706 3627 captum
1744 3571 1962 3611 omnem
1991 3574 2155 3614 exce-

557 3659 774 3714 dentem
800 3651 1320 3722 contemplationem
1346 3662 1500 3704 suam
1535 3649 1768 3717 gloriam
1790 3647 2048 3703 Christus
2068 3664 2154 3704 re-

558 3745 1034 3811 velal,ostendens
1051 3752 1105 3797 et
1129 3741 1310 3796 Patris
1333 3740 1387 3793 in
1413 3754 1475 3793 ea
1500 3739 1751 3809 gloriam.
1773 3737 1981 3794 Idcirco
2003 3742 2146 3793 enim

558 3841 736 3897 aiebat
767 3857 780 3892 :
834 3855 852 3888 ι
883 3836 988 3903 Qui
1020 3832 1158 3888 vidit
1197 3846 1282 3886 me
1302 3870 1317 3895 ,
1357 3830 1494 3884 vid.t
1533 3839 1588 3883 et
1619 3827 1830 3883 Patrem
1855 3828 1921 3884 ".
1958 3848 1974 3880 ι

2240 1997 2564 2070 ἐξακριϐοῦν
2624 2000 2747 2052 ὅσον
2808 1997 2887 2053 ενι
2944 1999 3070 2062 τοὺς
3110 1998 3305 2068 λόγους
3355 1998 3694 2070 ἐπείγεσθαι.
3752 2000 3829 2052 Τὰ

2238 2089 2516 2161 διαπρεπῆ
2548 2090 2894 2160 τετιμῆσθαι,
2936 2091 3030 2143 καὶ
3063 2090 3382 2160 ἡγαπῆσθαί
3427 2110 3594 2163 φησιν
3639 2091 3826 2147 ἑαυτὸν

2241 2182 2394 2252 παρὰ
2446 2180 2542 2234 τοῦ
2602 2182 2853 2252 Σωτῆρος
2907 2180 3064 2252 ἡμῶν
3119 2181 3377 2250 Χριστοῦ,
3428 2183 3505 2246 ὡς
3558 2182 3655 2235 καὶ
3706 2182 3829 2235 ἀνα-

2242 2272 2455 2326 κεῖσθαι
2487 2272 2733 2344 πλησίον,
2765 2272 2859 2325 καί
2890 2271 3040 2342 αὐτῷ
3072 2271 3149 2340 τῷ
3178 2271 3364 2343 κόλπῳ
3388 2273 3467 2344 τῷ
3491 2272 3827 2344 Δεσποτικῷ.

2241 2365 2442 2434 δεῖγμα
2497 2365 2594 2434 τῆς
2647 2366 2727 2427 είς
2778 2363 2942 2418 αὑτὸν
3002 2363 3315 2434 ὑπερφυοῦς
3378 2365 3717 2436 ἀγαπήσεως
3774 2364 3831 2417 τὸ

2244 2459 2477 2529 πρᾶγμα
2503 2456 2848 2526 ποιούμενος.
2893 2456 3127 2525 Πλησίον
3167 2452 3259 2510 οὖν
3306 2456 3416 2526 ἄρα
3449 2456 3610 2520 Θεοῦ,
3659 2458 3751 2510 καὶ
3778 2458 3833 2509 ἐν
3882 2454 3895 2468 ’

2245 2547 2483 2620 πρώτοις
2541 2548 2731 2618 ὥσπερ
2790 2547 3006 2601 ἔσονται
3074 2549 3264 2613 τόποις
3334 2551 3448 2613 τοῖς
3505 2551 3641 2620 παρ’
3691 2548 3836 2617 αὑτῷ

2248 2646 2484 2716 μάλιστα
2508 2642 2572 2713 δὴ
2600 2642 2815 2696 πάντων
2849 2642 2897 2692 οἱ
2926 2640 3025 2711 τὴν
3060 2640 3290 2712 καρδίαν
3318 2638 3532 2709 ἔχοντες
3567 2637 3834 2710 καθαρὰν,

2245 2733 2326 2801 οἷς
2355 2738 2447 2791 καὶ
2478 2735 2754 2805 ἐξαίρετον
2776 2733 3042 2803 ἀπονέμει
3064 2733 3235 2803 γέρας
3261 2733 3356 2785 καὶ
3381 2731 3541 2794 αὐτὸς
3571 2732 3602 2783 ὁ
3626 2730 3835 2801 Σωτὴρ,

2251 2827 2556 2899 μακαρίους
2586 2824 2806 2879 ἔσεσθαι
2850 2824 3027 2893 λέγων
3056 2825 3182 2887 τοὺς
3213 2821 3488 2894 καθαροὺς
3515 2824 3585 2893 τῇ
3620 2820 3837 2893 καρδίᾳ,

2247 2920 2328 2973 ὅτι
2353 2919 2513 2972 αὐτοὶ
2545 2917 2633 2969 τὸν
2661 2915 2793 2970 Θεὸν
2822 2915 3077 2985 ὄψονται.
3110 2915 3222 2971 Καὶ
3248 2914 3587 2986 παροίσομεν
3617 2916 3697 2979 εἰς
3720 2912 3843 2968 617:6-

2247 3008 2412 3075 δειξιν
2439 3009 2533 3063 τοῦ
2563 3007 2781 3079 ἀληθῶς
2814 3008 3068 3080 εἰρῆσθαι
3097 3008 3190 3062 τὸν
3217 3008 3397 3076 λόγον,
3427 3006 3593 3063 αὑτὸν
3628 3006 3695 3077 δὴ
3726 3022 3841 3059 του-

2249 3104 2368 3156 τονὶ
2409 3100 2502 3154 τὸν
2536 3099 2848 3169 σοφώτατον
2881 3099 3295 3169 εὐαγγελιστήν.
3323 3098 3590 3152 Τεθέαται
3621 3099 3731 3169 γὰρ
3751 3096 3844 3167 τὴν

2174 3221 2217 3278 C
2250 3195 2406 3261 δόξαν
2425 3192 2684 3263 Χριστοῦ,
2703 3191 2844 3246 κατὰ
2856 3191 2955 3261 τὴν
2982 3191 3148 3246 αὐτοῦ
3173 3193 3375 3263 φωνήν.
3401 3190 3720 3262 «Τεθέαμαι
3742 3191 3846 3259 γὰρ

2254 3286 2352 3358 τὴν
2379 3285 2537 3353 δόξαν
2565 3284 2754 3345 αὐτοῦ,
2805 3284 2962 3353 φησὶ,
3009 3284 3167 3348 δόξαν
3200 3286 3277 3348 ὼς
3317 3283 3663 3352 Μονογενοῦς
3699 3284 3849 3354 παρὰ

2255 3377 2492 3448 Πατρός,
2540 3375 2752 3446 πλήρης
2781 3376 3003 3447 χάριτος
3037 3376 3133 3429 καὶ
3160 3376 3438 3446 ἀληθείας.
3481 3395 3498 3428 ι
3527 3377 3605 3431 Οὐ
3631 3376 3744 3447 γὰρ
3782 3372 3845 3442 δὴ

2253 3470 2366 3531 τοῖς
2397 3464 2493 3519 τοῦ
2541 3464 2792 3536 σώματος
2822 3465 3121 3535 ὀφθαλμοῖς
3174 3451 3482 3537 ἐπαθβήσαι
3532 3484 3623 3531 τις
3656 3466 3724 3519 ἂν
3752 3462 3846 3534 τὴν

2253 3558 2348 3629 ὅλῃ
2394 3556 2569 3611 κτίσει
2596 3557 2881 3620 παντελῶς
2907 3556 3135 3612 ἀθέατον
3165 3557 3347 3623 φύσιν.
3382 3558 3603 3630 υύγὰρ
3637 3558 3851 3629 ἐώρακέ

2254 3668 2338 3715 τις
2366 3650 2457 3704 τὸν
2478 3651 2719 3720 Πατέρα,
2749 3648 2895 3702 κατὰ
2919 3651 3018 3720 τὴν
3042 3649 3134 3702 τοῦ
3170 3650 3421 3720 Σωτῆρος
3452 3650 3662 3721 φωνὴν,
3694 3651 3745 3704 εἰ
3779 3647 3851 3720 μὴ

2254 3742 2282 3793 6
2306 3739 2383 3793 ὢν
2411 3739 2560 3811 παρᾶ
2590 3738 2682 3793 τοῦ
2709 3738 2867 3805 Θεοῦ,
2891 3739 3033 3793 τοῦτ’
3060 3739 3208 3792 ἐστιν
3229 3742 3257 3793 6
3280 3740 3427 3806 Υἱὸς,
3455 3734 3616 3804 οὗτος
3640 3739 3853 3811 ἑώρακε

2253 3832 2346 3885 τὸν
2376 3830 2618 3902 Πατέρα.
2657 3831 2782 3894 Τοῖς
2825 3849 2889 3900 γε
2936 3831 3041 3901 μὴν
3066 3831 3279 3902 κηλῖδος
3308 3831 3408 3902 τῆς
3440 3833 3721 3903 κοσμικῆς
3762 3830 3855 3885 καὶ

559 3933 841 4009 φροντίδος
874 3929 1090 3993 εἰκαίας
1115 3928 1216 3997 τῆς
1241 3926 1301 3977 ἐν
1328 3922 1465 3993 τῷδε
1498 3921 1577 3992 τῷ
1606 3921 1707 3994 βίῳ
1740 3925 1903 3995 φημὶ,
1932 3923 2025 3977 τὸν
2068 3924 2192 3978 νοῦν
2231 3924 2445 3995 ἔχουσιν
2491 3924 2931 3995 ἀπηλλαγμένον,
2961 3924 3047 3977 διὸ.
3082 3925 3284 3995 λεπτῆς
3312 3925 3421 3998 ἄρα
3452 3926 3548 3979 καὶ
3580 3927 3729 3997 τάχα
3760 3926 3858 3995 τῆς

560 4033 702 4101 ὑπὲρ
765 4027 889 4081 νοῦν
954 4024 1188 4094 θεωρίας
1236 4019 1336 4091 τὴν
1379 4019 1588 4074 οἰκείαν
1635 4020 1794 4084 δόξαν
1845 4021 2222 4092 ἀποκαλύπτει
2264 4020 2520 4091 Χριστὸς,
2574 4021 2786 4083 δεικνὺς
2816 4021 2874 4071 ἐν
2905 4021 3042 4090 αὐτῇ
3069 4020 3163 4072 καὶ
3194 4019 3292 4089 τὴν
3320 4019 3415 4074 τοῦ
3457 4019 3701 4091 Πατρός.
3759 4020 3856 4073 Διὰ

561 4128 669 4196 γὰρ
695 4122 854 4176 τοῦτο
890 4120 1148 4188 ἔφασκεν,
1206 4133 1225 4165 ς
1266 4114 1323 4166 ’0
1351 4113 1615 4185 ἑωρακὼς
1641 4114 1764 4184 ἐμὲ,
1812 4113 2023 4184 ἑώρακε
2057 4117 2148 4168 τὸν
2186 4115 2422 4187 Πατέρα.
2457 4134 2476 4166 ι

634 4217 784 4281 XIII,
828 4214 933 4280 26,
973 4211 1067 4265 27.
1110 4208 1181 4262 Et
1226 4223 1347 4261 cum
1400 4207 1705 4261 intinxiuet
1745 4201 1969 4274 panem.
2010 4208 2155 4260 dedit

561 4311 722 4367 Juda
760 4305 996 4364 Simonis
1035 4299 1341 4358 Iscariotw.
1379 4307 1570 4365 etpost
1602 4296 1891 4350 buccellam
1921 4298 2157 4349 introivit

565 4407 617 4459 in
645 4418 764 4459 eum
791 4397 1051 4455 Satanas.

636 4489 1158 4550 Manifestissimum
1188 4484 1306 4540 suis
1337 4482 1632 4552 discipulis
1673 4478 1937 4534 Senator
1969 4479 2156 4549 prodi.

567 4591 706 4645 toris
738 4587 958 4656 signum
993 4578 1167 4634 dedit.
1211 4577 1503 4631 Intinctam
1537 4574 1686 4628 eui-m
1723 4572 1944 4628 oti‘ulam
1986 4571 2156 4627 tradi-

566 4684 694 4745 dit,
734 4693 834 4750 per
891 4676 995 4728 hoc
1041 4670 1347 4727 ostendens
1408 4681 1534 4721 cum
1580 4665 1674 4735 qui
1721 4665 1917 4720 edebat
1959 4679 2152 4735 panem

567 4788 750 4835 suum,
781 4777 836 4824 et
868 4767 960 4838 qui
987 4766 1272 4820 levaturus
1301 4769 1419 4815 erat
1448 4759 1770 4812 ealeaneum
1802 4772 1990 4812 suum.
2014 4755 2158 4809 Prai—

569 4874 718 4920 terca
754 4856 1060 4931 impietatis
1091 4856 1147 4909 in
1178 4852 1461 4908 Christum
1491 4857 1545 4905 et
1574 4849 1922 4903 crudelitatis
1956 4847 2155 4903 ducem

567 4953 927 5019 omniumque
952 4945 1219 5000 malorum
1245 4942 1512 4995 artitieem
1541 4939 1815 5008 irrupisse
1840 4938 1917 4992 ait
1939 4937 2157 5007 sapien-

567 5047 822 5102 tissimus
864 5036 1201 5110 evangelista
1245 5034 1299 5087 iu
1352 5048 1450 5087 cor
1490 5031 1828 5102 proditoris,
1867 5038 2154 5098 totumque

568 5139 626 5193 in
652 5152 776 5192 eum
809 5135 1123 5203 ingressum
1152 5126 1437 5189 Satanam,
1466 5138 1758 5195 posmuam
1788 5122 2008 5177 offulam
2041 5130 2154 5175 tra-

568 5223 820 5280 didisset.
873 5220 1060 5289 Neque
1110 5231 1245 5270 vero
1292 5216 1585 5285 quisquam
1639 5229 1834 5268 rursus
1877 5214 2157 5267 existimet

569 5311 793 5367 ollulam
846 5309 1009 5364 istam
1052 5304 1314 5360 diabolici
1353 5305 1644 5374 ingressus
1688 5303 1864 5358 fuisse
1901 5317 2151 5357 causam.

570 5404 680 5458 Nec
706 5392 853 5456 enim
888 5415 954 5453 eo
988 5398 1238 5467 stuporis
1260 5398 1547 5453 veniemus
1581 5412 1844 5467 unquam,
1878 5405 1974 5449 aut
2003 5412 2154 5450 men—

571 5506 624 5548 te
677 5494 752 5546 ita
805 5491 1058 5547 destituti
1106 5490 1318 5543 erimus
1349 5528 1363 5549 ,
1431 5499 1489 5541 ut
1538 5490 1813 5559 eulogiam
1870 5488 2156 5558 ingressus

569 5601 793 5641 causam
840 5585 1024 5638 datam
1076 5582 1251 5637 fuisse
1309 5581 1449 5635 Malo
1491 5583 1881 5652 suspicemur,
1931 5581 2064 5648 quin
2103 5581 2153 5633 id

488 5694 495 5697 ·
572 5685 756 5749 potius
792 5690 923 5731 vere
958 5675 1210 5729 dicemus
1273 5673 1443 5744 quod,
1487 5689 1613 5727 cum
1646 5687 1840 5728 omnes
1869 5673 2075 5726 amoris
2103 5682 2155 5725 et

2324 4208 2539 4276 Βάψας
2564 4204 2678 4265 οὗν
2705 4206 2770 4261 τὸ
2798 4203 3056 4273 propior,
3083 4203 3332 4259 δίδωσιν
3366 4202 3563 4271 Ἰούδᾳ
3587 4202 3858 4275 Σίμωνος

2268 4300 2618 4369 Ἰσκαριώτῃ
2644 4340 2659 4361 ,
2698 4298 2799 4353 καὶ
2828 4300 2981 4366 μετὰ
3027 4297 3091 4350 τὸ
3136 4296 3372 4364 ’ψωμίον
3415 4294 3720 4364 εἰσῆλθεν
3775 4296 3861 4359 εις

2252 4389 2486 4455 ἐκεῖνον
2516 4393 2548 4441 ό
2580 4387 2872 4453 Σατανᾶς.

2338 4482 2764 4552 Ἐναργέστατον
2810 4480 2910 4549 μὲν
2954 4481 3066 4541 τοῖς
3111 4477 3309 4533 ἑαυτοῦ
3355 4477 3635 4547 μαθηταῖς
3670 4479 3735 4535 τὸ
3767 4476 3861 4533 τοῦ

2261 4571 2603 4642 προδιδόντος
2661 4572 2888 4641 σημεῖον
2936 4568 3136 4635 ἔδειξεν
3184 4569 3214 4622 6
3254 4568 3467 4638 Σωτήρ.
3520 4569 3717 4639 Βὰψας
3754 4569 3866 4639 γὰρ

2258 4664 2556 4717 ἐπιδέδωκε
2584 4664 2646 4719 τὸ
2677 4662 2916 4732 ψωμίον,
2966 4661 3058 4714 τὸν
3088 4660 3338 4714 ἐσθίοντα
3369 4659 3458 4712 τὸν
3484 4658 3660 4731 ἄρτον
3695 4659 3866 4716 αὐτοῦ

2256 4754 2345 4808 διὰ
2380 4754 2574 4807 τούτου
2602 4753 2868 4816 καθιστὰς
2897 4752 3137 4822 ἐμφανῆ,
3180 4752 3272 4805 καὶ
3304 4750 3396 4803 τὸν
3429 4753 3690 4820 ἐπαίρειν
3730 4751 3867 4822 μέλ-

2255 4846 2417 4899 λοντα
2443 4847 2540 4916 τὴν
2573 4844 2811 4915 πτέρναν
2829 4844 3014 4898 αὐτοῦ.
3046 4844 3149 4896 Τόν
3172 4859 3235 4911 γε
3260 4843 3366 4913 μὴν
3385 4842 3484 4912 τῆς
3510 4845 3592 4907 εἰς
3620 4843 3867 4915 Χριστὸν

2254 4936 2574 4999 δυσσεϐείας
2593 4937 2685 4989 καὶ
2705 4935 3016 5005 μιαιφονίας
3038 4934 3306 5006 ἡγεμόνα,
3326 4935 3421 4991 καὶ
3448 4934 3757 5004 πρύτανιν,
3767 4933 3864 4988 καὶ

2254 5028 2365 5081 τῶν
2375 5028 2509 5082 ὅλων
2525 5025 2712 5080 κακῶν
2726 5025 3172 5096 κατασκευαστὴν
3187 5023 3660 5095 είσπεπηδηκέναι
3692 5024 3867 5096 φησὶν

2254 5122 2282 5173 6
2307 5118 2617 5189 σοφώτατος
2647 5118 3039 5190 εὐαγγελιστὴς
3066 5121 3147 5181 είς
3175 5117 3273 5190 τὴν
3301 5116 3397 5171 τοῦ
3420 5115 3698 5191 προδότου
3728 5131 3868 5186 καρ-

2256 5215 2398 5274 δίαν,
2449 5214 2545 5265 καὶ
2576 5212 2697 5264 ὅλον
2742 5214 2801 5264 ἐν
2847 5212 2995 5281 αὐτῷ
3023 5210 3278 5278 γενέσθαι
3309 5209 3401 5264 τὸν
3430 5209 3690 5265 Σατανᾶν
3723 5205 3869 5281 μετὰ

2256 5307 2356 5375 τὴν
2387 5305 2628 5357 ἐπίδοσιν
2658 5302 2751 5357 τοῦ
2787 5304 3026 5374 ψωμίου.
3059 5304 3171 5356 Καὶ
3219 5305 3292 5377 μή
3321 5319 3405 5366 τις
3430 5300 3863 5363 οἰέσθω“πάλιν,

2257 5397 2352 5449 τοῦ
2382 5395 2625 5466 δεδέχθαι
2653 5396 2744 5449 τὸν
2772 5397 3015 5449 Σατανᾶν
3044 5394 3103 5447 τὸ
3125 5394 3339 5464 ψωμίον
3368 5391 3627 5461 γενέσθαι
3658 5388 3864 5461 παραίσ

2258 5507 2374 5542 τιον
2402 5490 2481 5558 τῷ
2529 5489 2783 5560 προδότῃ.
2836 5490 2911 5541 Οὐ
2944 5487 3054 5556 γὰρ
3095 5488 3175 5549 εἰς
3206 5472 3459 5540 τοσοῦτον
3503 5482 3867 5554 ἀποπληξίας

2259 5581 2463 5650 ἥξομεν
2512 5581 2730 5652 μέτρον,
2786 5580 2899 5633 ἀλλ’
2934 5580 3058 5631 οὐδὲ
3101 5580 3201 5647 τῆς
3248 5574 3604 5646 καθηκούσης
3658 5575 3867 5645 ἔρημοι

2259 5672 2545 5740 γεγονότες
2598 5672 2836 5743 φρενὸς,
2885 5669 3090 5722 εἰσόδου
3142 5669 3419 5734 πρόφασιν
3472 5663 3737 5727 δεδόσθαι
3788 5662 3868 5732 τῷ

642 5859 689 5892 ⁸⁵
736 5858 882 5914 Psai.
918 5873 1026 5922 Liv,
1066 5856 1148 5910 15.
1227 5854 1274 5888 ⁸⁷
1316 5854 1506 5910 Matth.
1549 5869 1607 5915 ν,
1657 5852 1721 5904 8.
1766 5852 1811 5881 ⁸⁸
1851 5850 2011 5904 Joan.
2056 5866 2105 5909 ι,

2313 5852 2357 5882 ⁸9
2396 5848 2554 5903 Joan.
2594 5863 2682 5913 vt,
2712 5848 2801 5900 46.
2880 5849 2924 5879 ⁹⁰
2964 5847 3123 5902 Joan.
3168 5862 3279 5909 xw,
3313 5846 3365 5901 9.
