4104 6430
274 372 366 433 ιιι

1345 363 1412 418 IN
1451 362 1740 427 JOANNIS
1763 363 2218 421 EVANGELIUM
2254 352 2382 421 LIB.
2418 325 2535 420 ιχῖ

3448 378 3550 434 ΗΞ

268 485 502 559 Πανηρῷ
528 486 627 555 τήν
652 482 908 559 εὐλογίαν
938 481 1333 555 ὑπονοήσομεν,
1367 482 1542 535 ἐκεῖνο
1567 481 1624 535 δὲ
1663 482 1863 550 μᾶλλον

1994 480 2285 539 lilcctionis
2319 484 2533 543 numeri
2570 498 2700 559 erga
2735 500 2858 545 eum
2902 488 3110 559 impleti
3159 488 3432 556 fuissent,
3468 498 3553 555 ni-

264 578 511 652 ὲροῦμεν
564 577 664 630 ούκ
710 575 817 640 ἔξω
862 574 963 644 τῆς
1007 573 1265 643 ἀληθείας
1310 573 1401 628 τὸν
1432 573 1518 631 ἐπ’
1557 574 1706 644 αὑτῷ
1737 573 1869 641 καθ-

270 672 524 733 ιστάντες
559 669 718 738 λόγον
740 685 753 700 ·
792 667 1012 737 Ἐπειδὴ
1041 665 1149 736 γὰρ
1176 664 1394 735 ἀπάσης
1422 665 1642 739 ἀγάπης
1668 668 1748 730 εἰς
1774 667 1871 721 αύ-

226 767 361 823 ιτὺν
392 762 816 835 τετελεσμένης,
866 760 959 814 καὶ
1003 758 1220 822 οὐδενὸς
1270 758 1331 811 τὸ
1379 758 1642 829 παράπαν
1696 758 1869 815 ἐλλεί-

264 855 475 926 ψαντος
525 852 635 909 τῶν
663 850 963 909 τελούντων
993 850 1073 911 εἰς
1106 848 1272 923 τιμὴν
1304 849 1397 901 καὶ
1436 847 1677 903 διάθεσιν
1697 889 1711 912 ,
1759 847 1870 901 τῶν

268 947 457 1004 αὐτῶν
490 948 671 1017 εἴχετο
700 941 1159 1013 σποώασμὰτων,
1210 940 1271 993 ού
1317 942 1439 1004 ταῖς
1488 939 1868 1015 μεταγνώσεσι

264 1040 329 1093 τὺ
359 1038 552 1101 κακῶς
596 1035 757 1101 δόξαν
786 1031 1279 1103 ἐπανορθούμενος,
1309 1030 1371 1083 ού
1418 1030 1739 1100 μεθίσταται
1770 1029 1869 1100 τὴν

272 1132 505 1204 καρδίαν
552 1131 619 1184 ὲκ
645 1129 748 1198 τῆς
798 1126 1042 1196 ἀθέσμου
1090 1123 1308 1194 βουλῆς,
1355 1123 1415 1176 οὐ
1448 1123 1870 1194 δακρνρροήσας

270 1225 409 1293 ὅλως
434 1222 526 1297 ἐφ’
552 1215 634 1287 οἷς
657 1220 752 1273 καὶ
780 1218 939 1290 μόνον
968 1215 1344 1286 ἐνθυμηθῆναι
1372 1214 1729 1287 τετόλμηκεν,
1756 1213 1868 1266 ἀλλ’

270 1317 354 1370 ἔτι
382 1313 646 1386 χειρόνως
677 1311 913 1385 διψήσας
945 1310 1042 1380 τῆς
1072 1306 1390 1368 δυσσεϐείας
1432 1305 1494 1359 τὸ
1538 1306 1733 1375 πέρας,
1781 1305 1868 1363 διὰ

270 1407 644 1479 τολμημάτων
694 1402 961 1476 ἡττῆσθαι
996 1398 1203 1467 κακῶν,
1243 1397 1462 1471 εἰσῆλθε
1488 1396 1674 1451 λοιπὸν
1705 1396 1735 1449 ό
1766 1397 1869 1450 Σα-

270 1502 463 1569 τανᾶς,
510 1498 768 1570 καθάπερ
818 1494 940 1549 τινὰ
992 1493 1171 1563 πύλην
1219 1492 1320 1563 τῆς
1366 1489 1462 1545 τοῦ
1511 1489 1870 1559 φυλάττοντος

272 1594 495 1665 ἐρήμην
519 1590 737 1664 νήψεως
786 1585 1257 1643 ἀναπετασθείσαν
1296 1581 1461 1639 αὑτοῦ
1500 1582 1599 1651 τὴν
1644 1581 1870 1651 καρδίαν

269 1682 476 1754 εὑρὼν,
517 1682 614 1735 καὶ
639 1679 921 1750 ἀθύρωτον
959 1675 1090 1730 ὄντα
1118 1674 1406 1746 θεωρήσας
1434 1671 1525 1724 τὸν
1554 1670 1700 1736 νοῦν,
1748 1669 1871 1741 θερ-

275 1777 376 1848 μόν
408 1793 471 1829 τε
502 1775 606 1849 ήδη
638 1773 774 1846 πρὸς
807 1771 869 1829 τὺ
919 1767 1205 1841 βούλεσθαι
1233 1769 1388 1843 δρᾷν,
1422 1766 1567 1835 ἀπερ
1614 1763 1680 1818 ἂν
1711 1763 1871 1835 ἐθέλῃ

272 1868 374 1923 καὶ
404 1863 795 1935 διασκέψηται.
841 1859 1216 1935 Τετριμμένον
1266 1858 1323 1911 δὲ
1368 1856 1557 1927 ὥσπερ
1591 1854 1748 1913 τοῦτο
1795 1854 1872 1925 τῷ

272 1957 532 2031 Πονηρῷ,
579 1958 669 2017 διὰ
716 1954 898 2025 πάσης
942 1953 1131 2025 ῶσπερ
1179 1950 1351 2012 ἰόντες
1382 1952 1481 2020 τῆς
1516 1948 1875 2004 θεοπνεύστου

273 2052 314 2105 Γ
320 2052 508 2124 ραφῆς
535 2050 870 2122 εὑρήσομεν.
906 2045 1161 2116 Πρόσεισι
1193 2044 1293 2115 μὲν
1322 2042 1431 2114 γὰρ
1460 2043 1518 2094 ἐν
1549 2042 1746 2111 ἀρχαῖς
1778 2039 1877 2107 τὴν

273 2143 386 2197 τῶν
420 2141 735 2213 σεϐομένων
783 2138 875 2192 τὸν
924 2137 1056 2190 Θεὸν
1099 2134 1411 2205 δοκιμάζων
1462 2130 1732 2204 καρδίαν,
1785 2131 1878 2184 καὶ

274 2236 558 2307 πονηροὺς
604 2234 664 2286 ὲν
720 2230 958 2302 πρώτοις
1019 2227 1379 2296 κατασπείρει
1419 2223 1735 2294 λογισμοὺς,
1787 2224 1880 2277 καὶ

274 2330 399 2389 ταῖς
449 2327 534 2388 εἰς
578 2323 641 2377 τὸ
685 2321 892 2391 φαῦλον
942 2319 1157 2389 ἡδοναῖς
1211 2318 1349 2391 πρὸς
1400 2317 1507 2371 πᾶν
1548 2309 1690 2378 εἶδος
1731 2316 1879 2385 ἡμᾶς

275 2418 521 2490 ἐρεθίζει
552 2415 915 2486 πταισμάτων
942 2430 957 2445 ο
1014 2412 1248 2482 μάλιστα
1297 2410 1356 2463 δὲ
1386 2409 1521 2481 πρὸς
1559 2409 1734 2461 ἐκεῖνο
1782 2406 1876 2459 πίσ-

252 2514 405 2566 ’πτει
432 2509 632 2582 βαρὺς,
661 2508 796 2579 πρὸς
827 2508 964 2576 ὅπερ
994 2504 1059 2559 ἂν
1094 2504 1266 2575 βλέπῃ
1301 2501 1744 2573 προπεπονθότας
1777 2501 1876 2571 ήδη

278 2606 375 2660 καὶ
424 2600 910 2675 προηττωμένους.
976 2595 1324 2668 Συνεργάτην
1371 2594 1478 2666 γὰρ
1520 2593 1710 2663 ὥσπερ
1759 2594 1881 2656 ταῖς

279 2695 480 2752 ἑαυτοῦ
513 2693 872 2765 δυστροπίαις
904 2688 987 2744 ἀεί
1037 2706 1154 2752 πως
1203 2688 1417 2759 δέχεται
1450 2686 1550 2752 τὴν
1601 2684 1880 2756 ἡμετέραν

280 2789 599 2852 ἀσθένειαν,
654 2786 749 2841 καὶ
776 2784 838 2837 τὸ
867 2781 1244 2852 προαδικήσαν
1292 2778 1465 2840 πάθος
1493 2778 1585 2832 τὸν
1614 2776 1881 2848 ἡμέτερον

279 2879 428 2933 νοῦν.
481 2874 614 2933 Οἷον
657 2875 792 2947 φέρε
838 2874 1050 2929 εἰπεῖν·
1108 2872 1443 2947 Παρενοχλεῖ
1489 2871 1588 2942 μὲν
1623 2869 1700 2941 τῷ
1746 2848 1903 2927 δεῖνι.

280 2976 473 3047 τυχὸν,
520 2974 617 3028 καὶ
656 2969 865 3043 θερμὴν
897 2968 1092 3035 ἐπάγει
1120 2966 1216 3038 τὴν
1243 2966 1495 3035 αἴσθησιν
1522 2965 1584 3019 τὸ
1612 2965 1710 3036 τῆς
1752 2980 1884 3039 σαρ-

282 3069 449 3138 κικῆς
495 3066 695 3137 ἡδονῆς
742 3062 1145 3134 βδελυρώτατον
1190 3060 1400 3130 κίνημα
1429 3073 1441 3086 ·
1498 3058 1671 3132 ἑτέρῳ
1717 3057 1774 3110 δὲ
1823 3057 1884 3111 τὸ

1975 574 2159 640 ΙιίΙιςυο
2187 576 2413 632 honoris
2442 585 2494 631 et
2524 575 2754 635 affectus
2781 595 2910 649 erga
2940 597 3065 639 eam
3096 583 3350 641 relictum
3381 600 3551 652 esset,

1971 666 2104 734 quia
2136 677 2316 723 tamen
2346 667 2400 725 in
2431 668 2623 724 eodem
2656 670 2846 729 studio
2872 686 2936 725 ac
2962 674 3245 743 preposito
3274 677 3551 742 manebat,

1971 756 2109 823 mala
2143 757 2378 814 consilia
2419 759 2765 827 paenitudine
2797 776 2905 819 non
2945 764 3269 827 emendans,
3301 782 3401 823 nec
3437 771 3557 823 aui-

1972 861 2121 903 tuum
2159 847 2227 903 ab
2268 849 2455 918 iniqua
2498 851 2784 905 molitione
2828 867 3100 921 avocans,
3142 871 3242 913 nec
3281 857 3555 928 Iacrymas

1974 934 2214 994 fundens
2246 938 2318 992 ob
2343 955 2406 993 ea
2442 957 2566 1010 qua:
2602 939 2656 997 in
2703 942 2887 996 animo
2921 959 3149 1000 versare
3190 962 3362 1004 ausus
3401 961 3515 1005 erat
3539 989 3554 1012 ,

1968 1028 2068 1081 sed
2127 1029 2379 1097 patrandi
2426 1031 2652 1089 sceleris
2689 1031 2934 1101 graviori
2965 1034 3055 1088 siti
3096 1045 3359 1101 aestuans,
3401 1040 3555 1108 quia,

1973 1118 2218 1203 inquam,
2241 1119 2465 1178 nefariis
2497 1123 2725 1178 ausibus
2747 1125 3065 1188 succubuit,
3094 1126 3301 1182 idcirco
3324 1129 3556 1186 Satanas

1974 1211 2030 1264 in
2060 1229 2183 1265 eum
2221 1213 2440 1269 tandem
2477 1213 2761 1284 ingressus
2795 1224 2900 1279 est,
2934 1231 3030 1270 cor
3062 1218 3183 1287 ejus
3212 1221 3554 1289 ceujanuani

1975 1310 2224 1374 apertam
2257 1305 2521 1375 omnique
2554 1307 2803 1363 custodia
2831 1308 3152 1369 destitutam
3191 1314 3356 1384 738
3398 1331 3554 1384 repe-

1977 1401 2158 1462 riens,
2201 1408 2253 1455 et
2298 1401 2541 1454 animum
2587 1412 2743 1471 porta
2788 1418 3021 1460 vacuum
3055 1410 3368 1477 aspiciens,
3403 1421 3458 1467 et
3490 1413 3558 1468 ad

1975 1491 2244 1561 agendum
2272 1490 2418 1561 quod
2446 1492 2601 1547 vellet
2627 1507 2691 1547 ac
2714 1502 2986 1551 statueret
3015 1500 3218 1569 oppido
3245 1509 3554 1569 strenuum.

1976 1579 2131 1646 Quod
2175 1582 2400 1655 quidem
2440 1584 2631 1639 tritum
2677 1599 2741 1638 ac
2780 1568 3059 1645 familiare
3102 1606 3224 1646 csse
3258 1591 3442 1658 Malo,
3503 1568 3556 1649 in

1976 1671 2281 1747 Scripturis
2337 1673 2538 1729 divinis
2594 1675 2803 1749 passim
2854 1680 3281 1751 compcriemus.
3334 1683 3560 1740 Accedit

1978 1762 2126 1817 enim
2156 1763 2395 1833 primum
2426 1771 2646 1823 tentans
2681 1765 2851 1821 corda
2881 1768 3156 1826 cultorum
3191 1770 3283 1826 Dei
3309 1813 3322 1835 ,
3360 1783 3416 1828 et
3441 1791 3558 1828 ma-

1982 1856 2060 1910 las
2108 1855 2383 1925 imprimis
2424 1856 2797 1926 cotgitationes
2832 1859 3060 1924 inserit,
3104 1870 3270 1931 atque
3312 1865 3562 1921 libidini-

1982 1947 2086 2003 bus
2114 1945 2382 2016 improbis
2420 1946 2488 2001 ad
2525 1962 2687 2003 omne
2723 1964 2898 2023 genus
2930 1954 3142 2019 peccati
3178 1971 3278 2009 nos
3310 1955 3560 2031 impellit,

1982 2044 2077 2098 sed
2114 2058 2181 2098 eo
2212 2043 2452 2099 maxime
2489 2043 2727 2101 infestus
2765 2045 2877 2098 ruit
2901 2084 2916 2107 ,
2957 2063 3064 2116 qua
3107 2060 3261 2118 parte
3301 2067 3404 2109 nos
3439 2064 3567 2109 ante

1984 2136 2267 2191 sauciatos
2295 2151 2359 2190 ac
2394 2136 2716 2193 debilitatos
2750 2138 2970 2194 viderit.
3002 2138 3386 2203 Infirmitatem
3411 2147 3567 2217 quip.

1983 2242 2050 2295 pe
2100 2235 2384 2292 nostram,
2423 2236 2477 2282 et
2520 2228 2774 2284 affectum
2806 2233 2895 2287 eui
2936 2235 3156 2288 animus
3192 2244 3324 2291 ante
3367 2252 3565 2311 suoqu-

1983 2320 2189 2383 buerit,
2213 2322 2595 2389 perversitatis
2614 2338 2727 2377 suae
2760 2324 3085 2394 adjntrieem
3115 2330 3284 2397 capit.
3317 2328 3565 2402 Exempli

1984 2414 2197 2484 gratia:
2226 2413 2459 2480 Quidam
2482 2416 2723 2471 carnalis
2741 2419 3046 2488 voluptatis
3072 2419 3390 2476 detestabili
3413 2432 3565 2478 motu

1983 2513 2182 2560 aestuat
2220 2524 2230 2559 :
2271 2506 2409 2560 alter
2445 2507 2627 2576 turpis
2672 2508 2810 2563 lucri
2857 2517 2913 2562 et
2960 2511 3252 2579 impiarum
3309 2515 3572 2582 pecunia-

1985 2613 2107 2655 rum
2156 2597 2630 2669 cupiditatem'in
2680 2600 2861 2669 pretio
2908 2601 3091 2657 habet.
3145 2601 3285 2661 Cum
3336 2621 3468 2676 ergo
3501 2608 3569 2662 ad

1986 2705 2224 2760 pugnam
2258 2692 2562 2747 accesserit
2587 2735 2602 2758 ,
2657 2694 3130 2767 perturbationem
3167 2696 3317 2751 illam
3352 2714 3473 2766 quae
3514 2700 3570 2754 in

1984 2781 2152 2839 nobis
2181 2783 2467 2852 praevaluit
2499 2798 2562 2837 ac
2592 2778 2742 2851 vicit,
2770 2784 2838 2838 ad
2865 2800 2970 2842 nos
2998 2788 3403 2857 expugnandos
3431 2790 3574 2847 arri~

1985 2874 2094 2945 pit,
2133 2881 2185 2928 et
2222 2889 2317 2944 per
2344 2890 2466 2931 eam
2502 2875 2690 2947 utique
2723 2875 2886 2930 nobis
2916 2876 3076 2932 exitii
3106 2877 3330 2933 modum
3357 2879 3575 2935 machi—

1986 2973 2171 3050 natur.
2203 2964 2679 3031 Quemadmodum
2710 2967 2856 3021 enim
2879 2969 3130 3038 egregius
3155 2970 3266 3024 dux
3297 2978 3355 3026 et
3398 2972 3576 3041 impe-

1990 3067 2137 3115 rator
2169 3057 2473 3125 exercitus,
2491 3072 2618 3113 cum
2649 3057 2841 3114 urbem
2867 3058 3105 3128 aliquam
3138 3060 3432 3121 obsidione
3452 3063 3579 3119 cin-

286 3163 501 3236 κερδῶν
556 3157 825 3233 ἡττᾶσθαι
876 3155 1099 3219 κακῶν,
1157 3153 1253 3208 καὶ
1301 3150 1532 3205 ἀνοσίων
1586 3149 1885 3223 χρημάτων

1995 3148 2092 3215 xit,
2118 3148 2489 3209 debilioribus
2521 3150 2663 3204 muri
2703 3149 2954 3220 partibus
2984 3151 3271 3209 machinas
3304 3152 3577 3218 animm-et.

284 3253 567 3327 πορισμὸν
592 3250 815 3327 ἄριστον
843 3244 983 3301 εἶναι
1005 3247 1150 3300 δοκεῖ
1178 3262 1320 3312 πως,
1358 3243 1453 3297 καὶ
1481 3241 1639 3295 τοῦτο
1666 3241 1891 3312 τετίμη-
1938 3232 1943 3233 ⁷

285 3368 397 3403 ται.
437 3349 616 3401 Ὅταν
644 3341 747 3398 οὖν·
767 3341 970 3415 προσίῃ
1000 3338 1331 3413 μαχόμενος,
1361 3335 1625 3389 σύνοπλον
1660 3324 1893 3389 ποιεῖται

285 3444 350 3497 τὸ
385 3439 788 3512 προκρατῆσαν
838 3436 898 3487 ὲν
933 3435 1087 3504 ἡμῖν,
1120 3430 1214 3486 καὶ
1240 3427 1667 3501 προπολεμῆσαν
1698 3424 1891 3491 πάθος,

286 3533 386 3589 καὶ
412 3518 489 3584 δι’
514 3529 727 3584 ἐκείνου
754 3525 973 3588 πάντως
1004 3525 1135 3594 ἡμῖν
1163 3521 1258 3574 τὸν
1284 3521 1384 3589 τῆς
1412 3517 1686 3579 ἀπωλείας
1713 3532 1895 3589 μηχα-

286 3628 452 3683 νᾶται
498 3622 724 3694 τρόπον.
761 3620 977 3688 ’Ὥσπερ
1021 3614 1132 3686 γὰρ
1162 3615 1215 3667 εἴ
1242 3630 1324 3676 τις
1355 3609 1463 3664 τῶν
1505 3610 1706 3680 ἄριστα
1738 3608 1897 3661 πολε-

292 3718 537 3788 μαρχεῖν
564 3711 860 3775 εἰωθότων,
915 3708 1070 3761 πόλιν
1101 3704 1222 3759 τινὰ
1252 3702 1439 3774 κύκλῳ
1473 3699 1770 3773 περισχὼν,
1804 3699 1900 3753 καὶ

287 3787 381 3861 διὰ
432 3804 618 3871 πάσης
669 3796 924 3871 μηχανῆς
973 3792 1239 3849 εἰσελθεῖν
1289 3792 1387 3857 ἐπὶ
1434 3790 1503 3844 τὰ
1550 3788 1646 3843 τοῦ
1688 3787 1900 3858 τείχους

290 3891 648 3962 ἡσθενηκότα
680 3880 846 3960 μέρη,
894 3880 1363 3959 προσκομίζεσθαι
1395 3878 1605 3934 κελεύει
1636 3876 1734 3941 τὰς
1782 3876 1901 3930 ἑλε-

292 3982 508 4043 πόλεις,
546 3976 826 4048 εὐκαίρως
849 3974 1100 4044 αἱρήσειν
1129 3967 1380 4025 ἐντεῦθεν
1412 3967 1568 4029 εἰδώς
1594 3983 1607 3997 ο
1641 3963 1786 4019 κατά
1811 3964 1902 4018 τὸν

292 4068 488 4133 αὐτον,
525 4060 706 4136 οἶμαι,
733 4062 934 4132 τρόπον
973 4060 1002 4112 ό
1036 4057 1303 4124 Σατανᾶς,
1333 4055 1422 4108 ὅτε
1470 4053 1569 4124 τὴν
1613 4050 1902 4123 ἀνθρώπου

292 4155 479 4226 ψυχὴν
530 4150 963 4220 ἐκπολιορκῆσαι
1003 4145 1287 4217 βούλεται,
1335 4142 1472 4213 πρὸς
1523 4141 1584 4193 τὸ
1636 4140 1904 4208 ἀτονῆσαν

302 4246 472 4320 μέρος
504 4245 566 4296 ἐν
600 4241 740 4311 αὐτῇ
787 4240 977 4312 χωρεῖ,
1030 4232 1430 4304 καταστρέψειν
1466 4229 1637 4291 οὕτως
1666 4227 1905 4290 εὐκόλως

297 4314 576 4404 οἰόμενος.
610 4330 740 4382 ὅταν
775 4327 859 4398 ἴδῃ
912 4324 1147 4394 μάλιστα
1201 4319 1470 4391 μηδεμίαν
1514 4314 1906 4404 ἐπιδεχομένην

298 4424 399 4493 τὴν
425 4419 642 4489 ὄνησιν,
673 4415 739 4468 δι’
766 4407 843 4467 ὧν
871 4408 939 4483 ἦν
970 4411 1119 4487 εἰκὸς
1154 4406 1455 4465 ἀδικεῖσθαι
1484 4405 1545 4457 τὸ
1578 4402 1770 4466 πάθος,
1796 4398 1907 4454 οἷον

1994 3239 2200 3311 quibus
2234 3239 2550 3311 ingressum
2586 3240 2641 3294 in
2671 3239 2862 3295 urbem
2908 3242 3133 3312 parari,
3180 3258 3413 3313 eamque
3456 3245 3579 3315 capi

1996 3332 2286 3392 commode
2317 3347 2485 3402 posse
2511 3331 2691 3397 novit,
2720 3333 2936 3403 eodem,
2973 3334 3194 3403 opinor,
3235 3337 3398 3393 modo
3425 3335 3583 3397 Sata-

1998 3439 2139 3489 nas,
2193 3437 2321 3477 cum
2364 3438 2682 3497 expugnare
2724 3424 2843 3479 vult
2896 3423 3137 3483 hominis
3185 3425 3468 3491 animum,
3513 3427 3582 3483 ad

1998 3516 2328 3574 debiliorem
2360 3514 2487 3587 ejus
2513 3524 2724 3584 partem
2760 3530 2819 3569 se
2848 3516 3095 3577 confert,
3135 3530 3367 3588 sperans
3395 3531 3454 3570 se
3483 3516 3586 3573 hac

2003 3610 2215 3669 ratione
2244 3608 2405 3687 facile
2435 3623 2557 3665 eam
2596 3621 2923 3665 eversurum
2950 3645 2965 3668 ,
3001 3607 3239 3663 maxime
3276 3624 3401 3663 cum
3430 3608 3587 3663 vide-

2001 3702 2076 3759 rit
2122 3699 2250 3757 inde
2286 3699 2493 3757 nullam
2547 3696 2841 3752 utilitatem
2880 3711 3115 3771 capere,
3169 3697 3315 3751 unde
3360 3714 3457 3768 par
3503 3710 3589 3754 est

2002 3791 2478 3865 perturbationem
2512 3787 2778 3861 reprimi,
2814 3787 3125 3859 cujusntodi
3172 3799 3301 3845 sunt
3339 3789 3590 3845 admoni-

2003 3890 2186 3947 tiones
2208 3886 2386 3949 bouaz,
2416 3884 2483 3939 ad
2519 3883 2920 3946 fortitudinem,
2945 3892 2999 3937 et
3030 3881 3096 3936 ad
3128 3864 3405 3951 pietatem,
3437 3892 3492 3936 et
3521 3884 3590 3937 ad

2004 3976 2297 4049 mysticam
2322 3971 2591 4039 eulogiam
2624 3968 3065 4025 exhortationes.
3101 3966 3213 4023 Hoc
3242 3970 3387 4023 enim
3422 3970 3590 4024 maxi-

2005 4083 2092 4122 me
2119 4063 2323 4141 diaboli
2352 4061 2599 4129 jacnlum
2630 4059 2768 4115 illud
2805 4058 3136 4113 homicidam
3162 4059 3392 4128 repellit.
3421 4060 3592 4127 Igitur

2008 4157 2261 4235 proditor
2310 4169 2418 4208 non
2476 4150 3012 4222 reprehensionum,
3069 4165 3191 4221 quae
3247 4150 3593 4206 subobscure

2007 4249 2186 4304 adhuc
2223 4245 2462 4311 tiebant,
2501 4243 2712 4315 pudore
2747 4251 2931 4297 tactus
2965 4251 3083 4306 est,
3117 4239 3211 4296 sed
3247 4257 3421 4311 neque
3451 4242 3592 4296 dile-

2008 4340 2212 4399 ctionis
2233 4340 2365 4401 vim,
2399 4352 2506 4392 non
2540 4335 2826 4396 honorem,
2855 4333 3109 4404 gloriam,
3136 4342 3301 4402 atque
3333 4334 3589 4403 gratiam,

2011 4450 2120 4491 non
2152 4431 2426 4503 eulogiam
2475 4442 2639 4496 quam
2689 4441 2718 4501 τι
2757 4424 2981 4480 Christo
3019 4423 3232 4492 accepit
3283 4424 3587 4487 reveritus,

300 4510 629 4582 εἰσηγήσεις
678 4501 913 4569 ἀγαθὰς,
958 4502 1084 4562 τοὺς
1117 4497 1203 4550 ἐπ’
1240 4494 1464 4566 ἀνδρείᾳ
1498 4491 1892 4564 παροξυσμοὺς.

2010 4539 2197 4581 verum
2241 4530 2446 4576 temere
2493 4526 2549 4572 et
2588 4513 2993 4575 contumaciter
3030 4515 3080 4567 in
3129 4530 3196 4568 eo
3244 4514 3455 4567 haerens
3500 4515 3590 4568 cui

298 4578 511 4659 esset:
546 4594 608 4646 εὐ
622 4590 836 4644 σέϐειαν
867 4587 1226 4656 ὑπομνήσεις,
1270 4582 1362 4636 καὶ
1385 4581 1483 4649 τὴν
1518 4578 1785 4649 μυστικὴν
1814 4578 1907 4629 εὐ-

299 4685 520 4754 λογίαν.
549 4679 840 4749 Καταργεϊ
873 4676 982 4746 γὰρ
1016 4672 1251 4743 μάλιστα
1274 4669 1337 4740 δὴ
1364 4668 1523 4721 τοῦτο
1546 4664 1641 4720 τοῦ
1663 4664 1912 4719 διαϐόλου

301 4752 397 4826 τὸν
452 4765 817 4838 ἀνδροκτόνον
868 4762 946 4815 ἱόν
993 4760 1093 4830 (l).
1154 4756 1365 4811 Οὐκοῦν
1426 4757 1455 4808 ό
1506 4753 1773 4824 προδότης
1815 4752 1916 4805 οὐκ

303 4860 576 4928 ἐλέγχους
602 4851 931 4921 ἐδυσωπήθη
951 4849 1078 4911 τοὺς
1103 4845 1185 4899 ἔτι
1205 4842 1506 4914 λεληθότως
1536 4841 1632 4928 καὶ
1658 4842 1716 4891 ὲν
1747 4855 1919 4910 παρα-

305 4925 500 5016 ϐύστῳ
536 4936 1110 5014 προκεκομισμένους,
1144 4932 1257 4986 ἀλλ’
1292 4930 1411 4983 οὐδὲ
1436 4928 1536 4999 τὴν
1569 4926 1782 5016 ἀμαχον
1819 4925 1920 4993 τῆς

305 5012 540 5103 ἀγάπης
576 5012 755 5099 ίσχὺν,
806 5026 869 5079 ού
903 5023 1093 5094 τιμὴν,
1145 5020 1243 5073 καὶ
1286 5017 1466 5082 δόξαν,
1502 5014 1599 5067 καὶ
1631 5013 1814 5103 χάριν,

308 5126 411 5195 τὴν
444 5098 707 5187 εὐλογίαν
735 5117 837 5186 τὴν
871 5111 1027 5182 παρά
1056 5105 1296 5180 Χριστοῦ
1320 5122 1334 5134 ·
1394 5102 1819 5174 ἀπερισκέπτως
1865 5098 1923 5151 δὲ

308 5188 509 5281 ὥσπερ
541 5208 641 5261 καὶ
673 5201 1070 5274 ἀπερικλὰστῳ
1095 5197 1234 5265 τόνῳ
1265 5192 1405 5264 πρὸς
1433 5193 1609 5244 ἐκεῖνο
1636 5189 1733 5242 καὶ
1765 5188 1925 5257 μόνον

313 5274 488 5367 ὀπῶν,
536 5300 618 5358 εἰς
667 5295 807 5362 ὅπερ
861 5290 964 5360 ήδη
1009 5286 1349 5358 προήττητο,
1403 5281 1503 5350 τῆς
1551 5274 1927 5367 φιλοκερδείας

312 5365 540 5459 νόσημα
570 5401 737 5454 φημι,
783 5379 972 5440 λοιπὸν
1000 5374 1312 5445 ὁλοκλήρως
1337 5370 1454 5439 ἥλω
1482 5386 1543 5420 τε
1571 5367 1667 5420 καὶ
1693 5365 1916 5459 πέπτω-

318 5451 707 5544 κενΓΟύίγάρ
737 5469 820 5522 ἔτι
872 5463 1179 5535 σύμὸουλον
1208 5460 1323 5530 ἔχει
1353 5457 1443 5544 τόν
1489 5454 1753 5515 Σατανᾶν,
1802 5451 1918 5504 ἀλλ’

321 5564 450 5633 ἴλης
478 5562 583 5633 ήδη
614 5539 724 5628 τῆς
752 5554 987 5626 καρδίας
1022 5548 1291 5617 δεσπότην
1325 5541 1420 5598 καὶ
1465 5539 1922 5633 κατεξουσιια-στὴν

324 5655 568 5705 ποιεῖται
608 5648 706 5718 τῆς
753 5641 946 5699 ἑαυτοῦ
990 5635 1251 5698 διανοίας,
1288 5633 1378 5685 τὸν
1404 5633 1460 5683 ἐν
1494 5631 1687 5699 ἀρχαῖς
1710 5623 1926 5696 ψιθυρί·

2009 4627 2139 4676 ante
2169 4611 2538 4669 succubuerat
2565 4605 2812 4660 avaritia:
2841 4603 3056 4663 morbo.
3076 4602 3290 4655 tandem
3323 4611 3468 4657 totus
3502 4619 3596 4657 ca-

2012 4717 2140 4779 ptus
2172 4711 2258 4757 est
2295 4716 2360 4754 ac
2408 4697 2627 4751 cecidit.
2680 4690 2793 4747 Nec
2837 4691 2983 4743 enim
3028 4690 3270 4759 amplius
3307 4706 3595 4745 suasorem

2014 4796 2178 4851 habet
2202 4792 2483 4846 Satanam.
2517 4784 2610 4841 sed
2632 4783 2748 4851 jam
2777 4781 2949 4834 totius
2979 4780 3166 4833 cordis
3191 4781 3274 4834 sui
3309 4781 3594 4835 dominum

2018 4905 2082 4943 ac
2114 4884 2314 4940 mentis
2343 4895 2455 4953 sua:
2484 4884 2753 4932 rectorem
2787 4872 2918 4926 facit
2940 4888 3068 4924 eum
3099 4873 3191 4942 qui
3222 4873 3459 4942 primum
3489 4874 3601 4929 fuc-

2019 4989 2107 5039 rat
2153 4979 2556 5034 iususurrator.
2604 4968 2890 5038 Ingressus
2927 4965 3073 5019 enim
3115 4972 3202 5018 est
3249 4964 3303 5018 in
3345 4981 3468 5018 eum
3498 5007 3512 5029 ,
3547 4977 3606 5018 ut

2020 5073 2185 5129 estin
2219 5066 2535 5138 Evangelia.
2565 5060 2836 5117 Cavenda:
2868 5059 3053 5125 itaque
3088 5066 3141 5112 et
3171 5057 3319 5111 omni
3360 5073 3466 5126 0pc
3518 5074 3604 5110 ι-ρ-

2023 5163 2307 5219 movenda:
2352 5164 2481 5214 sunt
2518 5154 2856 5225 cupiditates
2897 5149 3061 5223 739
3099 5149 3266 5202 animi
3295 5190 3308 5211 ,
3341 5149 3483 5202 unde
3515 5163 3604 5202 sc-
3649 5166 3660 5176 ·

2024 5266 2219 5312 cutura
2267 5251 2599 5306 detrimenta
2656 5245 2913 5300 novimus
2958 5260 2971 5295 :
3038 5242 3130 5295 sed
3185 5249 3239 5295 et
3282 5232 3607 5297 inetninisse

2025 5354 2243 5419 oportet
2266 5342 2503 5398 dicentis
2547 5359 2560 5394 :
2620 5338 2677 5391 Si
2726 5326 2953 5405 spiritus
2988 5340 3315 5404 potestatem
3350 5329 3607 5389 habentis

2030 5438 2341 5497 ascenderit
2371 5449 2539 5504 super
2574 5440 2649 5493 te,
2691 5431 2869 5485 locum
2917 5437 3071 5480 tuum
3114 5440 3184 5480 ne
3212 5421 3494 5476 dimiseris
3532 5420 3608 5479 ei,

2033 5536 2161 5605 quia
2189 5531 2404 5588 sanatio
2429 5541 2650 5582 cessare
2679 5524 2842 5576 faciet
2869 5526 3092 5590 peccata
3125 5529 3342 5586 magna.
3374 5514 3613 5568 Necesse

2034 5601 2120 5679 cst
2181 5621 2325 5674 enim
2393 5618 2444 5670 vi
2505 5613 2897 5685 cogitationum
2957 5609 3011 5662 in
3082 5604 3290 5661 nostris
3348 5601 3613 5657 cordibus

402 5836 483 5907 (Η
526 5831 626 5887 Ed.
666 5830 836 5893 Attb.,
877 5824 968 5878 τοῦ
998 5822 1247 5878 διαϐόλου
1281 5822 1369 5874 τὸν
1415 5814 1762 5885 ἀνδροκτόνον
1792 5811 1892 5864 υίόε

1994 5806 2169 5863 liaboli
2200 5803 2369 5870 ﬁlium
2401 5798 2549 5853 illum
2584 5792 2923 5847 homicidam.
2957 5786 3114 5843 Eutr.

1692 5904 1725 5928 Ι
