4104 6446
557 374 661 431 1εό

1556 370 1613 427 S.
1635 369 1917 427 CH’RILLI
1952 364 2429 424 ALEXANDRINI
2469 365 2795 423 ARCHIEP.

3622 400 3631 404 έ
3710 375 3795 430 lii

552 491 843 549 corrobari
900 489 1238 547 dominantis
1286 490 1568 563 spiritum.
1612 490 1751 547 Nam
1801 492 1932 547 licet
1984 499 2137 561 pote-

2244 491 2423 555 ζοντα.
2446 490 2677 561 Εἰσῆλθε
2693 491 2890 562 γάρείς
2907 490 3089 555 αὑτὸν,
3109 490 3252 546 κατὰ
3264 493 3362 565 τὴν
3383 492 3476 548 τοῦ
3496 496 3797 567 Εύαγγελίου

554 587 722 641 statis
766 593 969 641 nostra:
1027 599 1139 641 non
1187 585 1260 639 sit
1295 582 1510 650 facere,
1550 600 1621 640 ne
1660 585 1803 641 tales
1856 586 2087 655 spiritus
2118 625 2135 651 ,

554 676 608 731 id
649 683 736 732 est
763 676 1130 747 cogitationes
1156 675 1211 730 in
1242 682 1480 731 mentem
1515 684 1762 731 nostram
1793 675 2136 742 ascendant,

555 781 852 833 possumus
879 774 1064 821 tamen
1093 765 1238 836 quod
1272 765 1584 821 ascenderit
1608 766 1832 836 ejicere,
1865 782 1966 823 nec
1989 782 2143 823 com-

555 857 777 911 mittere
822 865 880 911 ut
920 872 1151 928 magnas
1192 866 1419 928 pr0pter
1457 856 1847 927 negligentiam
1878 867 2138 922 ,nostram

557 948 613 1002 iu
644 956 826 1003 mente
855 959 1043 1004 nostra
1080 957 1203 1020 agat
1228 948 1449 1004 radices
1472 966 1493 1003 ι
1531 947 1630 1004 sed
1659 949 1828 1004 veluti
1859 949 2138 1020 quoddam

555 1040 947 1096 amaritudinis
991 1041 1214 1095 initium
1274 1039 1573 1096 confestim
1637 1042 1971 1098 exscindere
2003 1083 2020 1108 ,
2073 1055 2139 1096 ac

556 1141 795 1189 mentem
821 1132 1075 1188 molestia
1098 1147 1323 1187 vacuam
1345 1132 1609 1189 reddere:
1641 1133 1850 1204 alioqui
1874 1133 2138 1189 dubitan-

554 1228 683 1279 dum
710 1240 819 1279 non
845 1234 928 1279 est
967 1225 1100 1295 quin
1134 1226 1400 1294 paulatim
1436 1223 1676 1281 Satanas
1702 1226 1887 1282 vincat
1915 1225 2138 1281 blandi-

555 1316 670 1380 tiis,
688 1315 1024 1385 nobisquetd
1052 1317 1430 1387 eveniatquod
1451 1318 1526 1371 ait
1548 1317 1845 1375 Psalmista
1873 1338 1885 1374 :
1915 1338 1934 1371 ι
1960 1317 2145 1374 Prius-

553 1422 719 1476 quam
789 1408 1113 1463 humiliarer
1156 1423 1260 1480 ego
1299 1409 1507 1481 deliqui
1542 1412 1613 1466 ⁸⁸.
1652 1430 1671 1464 ι
1737 1411 1880 1467 Ante
1932 1412 2142 1483 peccati

552 1498 703 1552 enim
751 1501 1291 1556 consummationem
1333 1501 1704 1573 delinquimus
1740 1504 2142 1575 cogitationum

556 1590 922 1656 conscientia,
976 1591 1111 1646 illud
1167 1592 1541 1661 honorantes,
1614 1608 1680 1651 ac
1741 1596 2139 1667 suscipientes,

555 1694 611 1739 et
672 1699 773 1754 per
826 1684 934 1739 hoc
975 1685 1258 1754 ingressus
1309 1686 1497 1742 locum
1544 1672 1766 1743 satana:
1801 1689 2139 1746 tribuentes.

556 1774 731 1845 Cujus
773 1776 855 1832 rei
903 1775 1076 1849 ﬁgura
1133 1779 1298 1834 nobis
1350 1786 1406 1834 et
1453 1778 1637 1852 imago
1678 1780 1784 1837 erit
1838 1781 2141 1853 proditoris

558 1881 750 1923 casus.

2243 583 2448 654 φωνήν.
2478 582 2782 637 Φυλακτέον
2807 578 2901 637 οῦν
2930 584 3060 653 ἀρα,
3092 585 3187 637 καὶ
3217 585 3383 639 παντὶ
3417 585 3588 640 σθένει
3622 607 3802 661 παραι-

2238 675 2430 747 τητέον
2457 677 2557 739 τὰς
2586 678 2652 729 ὲκ
2681 674 2789 729 τῶν
2824 674 3213 747 προσπαθειῶν
3247 676 3450 747 ζημίας
3475 695 3490 708 ο
3537 680 3722 752 χρῆναι
3752 684 3801 737 δὲ

2238 765 2350 820 δεῖν
2391 764 2801 837 ’διαμεμνῆσθαι
2828 766 2923 819 τοῦ
2957 765 3211 836 λέγοντος
3237 784 3252 798 ·
3310 768 3436 822 Ἐἀν
3471 770 3679 842 πνεῦμα
3720 773 3829 826 τοῦ·

2238 857 2648 923 ὲξουσιάζοντος
2675 857 2850 928 ἀναϐῇ
2882 842 2976 912 ἐπὶ
3011 861 3093 923 σὲ,
3122 859 3285 913 τόπον
3324 877 3416 913 σου
3451 861 3524 932 μὴ
3551 863 3708 935 ἀφῇς,
3734 866 3807 919 ὅτι

2234 950 2381 1022 -ίαμα
2409 948 2753 1004 καταπαύσει
2799 950 3078 1022 ἁμαρτίας
3128 951 3391 1022 μεγάλας.
3453 953 3685 1025 Ἀνάγκη
3720 955 3808 1024 μὲν

2241 1043 2353 1115 γὰρ
2395 1041 2781 1106 ἀνακτίζεσθαί
2816 1033 2957 1105 ’πως
3007 1042 3066 1095 ὲν
3110 1042 3341 1115 δυνάμει
3388 1045 3657 1116 λογισμῶν
3701 1048 3808 1110 ταῖς

2240 1137 2541 1208 ἡμετέραις
2566 1136 2819 1207 καρδίαις
2847 1134 2909 1188 τὸ
2932 1133 3026 1188 τοῦ
3060 1134 3464 1201 ὲξουσιάζοντος
3494 1136 3721 1208 πνεῦμα.
3751 1137 3809 1190 El

2251 1229 2362 1300 γάρ
2398 1230 2454 1281 ὲν
2483 1230 2618 1299 ἡμῖν
2659 1226 2720 1280 τὸ
2752 1226 3012 1282 δύνασθαι
3040 1227 3385 1292 διακωλύειν,
3415 1227 3570 1282 τοῦτό
3595 1246 3655 1298 γε
3683 1228 3810 1297 πλὴν

2249 1324 2308 1376 ὲν
2340 1323 2474 1393 ἡμῖν
2492 1323 2531 1382 ‘,
2550 1319 2610 1373 τδ
2630 1319 2880 1383 κολάζειν
2910 1320 3254 1392 παραχρῆμα
3280 1319 3340 1375 τὸ
3364 1319 3602 1385 ἀνελθὸν,
3623 1320 3716 1375 καὶ
3745 1322 3812 1393 μὴ

2243 1413 2561 1486 ἐπιτρέπειν
2610 1409 2895 1483 ῥιζοῦσθαι
2939 1413 3060 1475 ταῖς
3105 1413 3170 1464 ὲκ
3220 1411 3494 1484 ῥᾳθυμίας
3540 1411 3812 1480 ὲνδόσεσιν,

2244 1505 2360 1562 ἀλλ’
2406 1503 2597 1576 ὥσπερ
2642 1502 2765 1557 τινὰ
2816 1502 3043 1574 πικρίας
3093 1502 3267 1574 ἀρχὴν
3310 1503 3634 1575 ἀποτέμνειν
3673 1505 3812 1557 ἐπεί-

2242 1600 2462 1668 γεσθαι,
2506 1598 2603 1651 καὶ
2633 1597 3076 1668 ἀπαρενόχλητον
3106 1596 3243 1650 ἱέναι
3271 1595 3496 1667 θελῆσαι
3546 1596 3638 1648 τὸν
3661 1594 3776 1650 νοῦν
3799 1613 3810 1626 ·

2245 1692 2414 1763 ἤγουν
2449 1689 2650 1743 εἰδέναι
2685 1687 2894 1758 σαφῶς,
2925 1688 3006 1741 δτι
3037 1687 3251 1758 νικήσει
3284 1686 3427 1739 κατά
3466 1685 3637 1758 βραχὺ
3663 1686 3812 1739 κολα-

2248 1781 2424 1836 κεύων
2455 1780 2484 1832 ὀ
2518 1778 2784 1842 Σατανᾶς,
2821 1776 2915 1830 καὶ
2947 1775 3216 1847 πάθοιμεν
3257 1776 3324 1831 ἂν
3351 1777 3614 1843 τοιοῦτον,
3648 1778 3816 1831 ὁποῖον

2167 1893 2215 1953 Β
2240 1874 2269 1927 ὁ
2303 1871 2539 1926 Ψάλλων
2586 1867 2753 1940 φησί’
2812 1886 2831 1919 ι
2862 1868 2977 1938 Πρὸ
3021 1867 3118 1922 τοῦ
3171 1886 3238 1940 με
3276 1868 3679 1940 ταπεινωθῆναι
3714 1868 3816 1936 ἐγὼ

559 1957 980 2030 ὲπλημμέλησα.
1009 1975 1030 2011 ι
1082 1958 1198 2031 Πρδ
1237 1960 1345 2033 γὰρ
1396 1959 1493 2014 τοῦ
1554 1962 1746 2017 παθεῖν
1790 1962 2012 2029 τελείως
2057 1966 2156 2038 τὴν
2204 1963 2517 2039 ἁμαρτίαν,
2577 1957 3116 2032 προπλημμελοῦμεν
3154 1960 3315 2030 ἡμεῖς
3356 1962 3425 2031 τῇ
3472 1959 3679 2013 συνέσει
3716 1960 3814 2012 τῶν

560 2050 856 2121 λογισμῶν,
891 2051 1158 2122 τιμῶντες
1194 2053 1386 2124 αὐτὴν,
1427 2054 1522 2108 καὶ
1576 2056 2014 2129 καταδεχόμενοι,
2045 2062 2144 2114 καὶ
2175 2062 2343 2115 τόπον
2369 2053 2576 2110 εἰσόδου
2596 2052 2831 2119 διδόντες
2864 2051 2952 2108 διὰ
2980 2051 3172 2140 τούτου
3203 2052 3279 2123 τῷ
3338 2053 3573 2124 Σατανᾷ.
3637 2053 3814 2107 Ἔσται

561 2148 620 2201 δὲ
650 2147 820 2211 τύπος
849 2146 944 2199 καὶ
968 2144 1134 2202 εἰκὼν
1167 2147 1263 2201 τοῦ
1298 2150 1627 2221 πράγματος
1664 2151 1758 2205 τοῦ
1789 2152 2049 2224 προδότου
2081 2154 2145 2209 τὸ
2180 2154 2381 2229 πάθος.

630 2282 770 2348 XIII,
797 2284 890 2351 27,
915 2283 1009 2340 28.
1059 2283 1129 2338 Et
1166 2284 1307 2339 dixit
1343 2287 1393 2341 ei
1425 2286 1586 2343 Iesus
1618 2304 1637 2343 :
1669 2287 1825 2354 Quod
1853 2290 2014 2360 facis,
2052 2292 2144 2360 fac

561 2377 743 2434 titius.
788 2375 901 2432 Hoc
950 2384 1128 2432 autem
1174 2393 1326 2433 nemo
1372 2380 1525 2434 scivit
1579 2380 2026 2438 discumbentium
2072 2385 2144 2438 ad

560 2471 687 2540 quid
716 2471 913 2526 dixerit
949 2472 1020 2526 ei.

634 2606 903 2664 Dissonus
943 2606 1105 2672 forte,
1142 2623 1244 2664 nec
1279 2608 1513 2663 multum
1538 2618 1953 2666 consentaneus
1991 2617 2144 2667 ante-

560 2701 726 2756 dictis
777 2701 956 2756 videri
1001 2701 1182 2772 possit
1216 2707 1402 2756 textus
1442 2702 1782 2771 propositus.
1818 2701 1932 2758 Cur
1968 2703 2142 2771 enim,

561 2792 709 2848 dicet
756 2792 981 2863 aliquis,
1041 2809 1223 2865 neque
1278 2795 1336 2850 id
1391 2796 1490 2852 abs
1551 2813 1636 2861 re,
1688 2812 1816 2852 cum
1865 2799 2008 2853 clam
2057 2813 2148 2854 ar-

561 2889 772 2951 gueret,
807 2897 909 2938 nec
957 2884 1107 2940 clare
1159 2884 1432 2942 Dominus
1491 2887 1561 2943 ab
1621 2889 1791 2958 impia
1826 2889 1977 2946 caede
2015 2904 2147 2961 pro-

562 2970 798 3027 ditorem
829 2981 1128 3037 averteret,
1161 2990 1310 3029 nunc
1333 2975 1400 3030 ad
1435 2991 1556 3031 eam
1607 2977 1876 3048 instigare
1905 2978 2147 3049 videtur,

561 3072 618 3116 et
650 3063 859 3118 hortari
894 3073 953 3118 ut
990 3065 1322 3121 detestabile
1367 3074 1593 3136 tamque
1647 3069 1876 3140 impium
1931 3070 2148 3127 facinus

564 3163 789 3209 strenue
816 3154 1208 3225 aggrediatur?
1230 3155 1304 3211 At
1332 3156 1464 3226 quid
1505 3173 1737 3214 necesse
1772 3170 1913 3225 erat,
1942 3161 2144 3230 inquit,

2320 2292 2491 2364 Λέγει
2516 2291 2679 2357 αὑτῷ
2707 2293 2740 2345 ὁ
2778 2287 3019 2357 Ἰησοῦς
3037 2304 3052 2319 ·
3104 2287 3175 2341 "0
3195 2285 3407 2353 ποιεῖς,
3448 2288 3707 2356 ποίησον
3733 2290 3820 2343 τά-

2246 2401 2404 2455 χιον.
2463 2383 2644 2439 Τοῦτο
2692 2381 2762 2435 δὲ
2807 2380 3010 2444 οὐδεὶς
3060 2377 3215 2449 ἔγνω
3267 2376 3389 2452 τῷν
3430 2380 3821 2452 ἀνακειμένων

2247 2476 2398 2547 πρὸς
2429 2475 2488 2530 τι
2529 2471 2700 2529 εἶπεν
2727 2471 2908 2538 αὐτῷ.
3670 2482 3682 2491 ⁸

2331 2611 2564 2683 Ἀπᾷδον
2604 2610 2705 2681 μὲν
2746 2611 2899 2675 ῐσως,
2939 2610 3033 2665 καὶ
3060 2612 3122 2664 ού
3167 2612 3375 2685 σφόδρα
3406 2630 3469 2667 συ
3479 2612 3697 2685 μῦαῖνον
3723 2612 3822 2673 τοῖς

2246 2705 2349 2775 ήδη
2375 2701 2799 2775 προειρημένοις
2842 2700 3044 2767 δόξειεν
3069 2703 3136 2757 ἂν
3165 2698 3304 2757 εἶναί
3326 2721 3407 2776 τῳ
3434 2705 3594 2776 τυχὸν
3622 2704 3679 2759 τὸ
3706 2720 3822 2775 προ·

2241 2794 2513 2863 κείμενον.
2550 2790 2799 2845 Ἀνθότου
2836 2792 2944 2864 γάρ
2978 2792 3065 2863 δὴ,
3097 2794 3322 2863 φήσειεν
3340 2795 3431 2859 ἂν,
3471 2796 3567 2848 καὶ
3601 2795 3699 2849 ούκ
3728 2792 3824 2848 ἀπὸ

2243 2882 2474 2947 σκοποῦ,
2520 2882 2813 2953 διελέγχων
2860 2884 3283 2955 κεκρυμμένως,
3325 2886 3426 2939 καὶ
3461 2887 3563 2941 οὐκ
3595 2884 3825 2956 ὲναργῶς

2244 2973 2573 3046 ἀποτρέπων
2617 2975 2646 3028 ὁ
2692 2974 2897 3045 Κύριος
2931 2974 3028 3045 τῆς
3072 2974 3154 3037 είς
3181 2975 3345 3028 αὐτὸν
3394 2975 3706 3045 μιαιφονίας
3744 2973 3824 3026 τὸν

2246 3066 2552 3138 προδιδόναι
2578 3065 2972 3132 σπουδάζοντα,
3004 3064 3100 3120 νῦν
3135 3066 3271 3138 πρὸς
3301 3067 3479 3137 αὐτὴν
3506 3066 3827 3138 παραθήγων

2247 3160 2463 3229 ὁρᾶται,
2493 3157 2761 3230 ἀμελλητὶ
2797 3156 2853 3210 δὲ
2896 3156 3133 3227 βαδίζειν
3165 3157 3303 3229 πρὸς
3333 3158 3400 3211 τδ
3434 3159 3578 3214 οῦτω
3604 3157 3827 3229 μυσαρόν

566 3243 841 3297 hominem
884 3258 983 3312 per
1003 3260 1062 3300 se
1084 3245 1225 3301 satis
1263 3246 1555 3300 incitatum
1587 3261 1656 3301 eo
1691 3247 1996 3318 impellere,
2018 3263 2143 3303 cum

2248 3270 2307 3307 τε
2339 3254 2435 3313 καὶ
2477 3253 2690 3307 ἀνόσιον
2739 3251 3112 3307 διακελεύεται
3144 3254 3513 3325 σπούδασμα;
3570 3253 3755 3309 Καίτοι
3782 3250 3829 3303 τί

566 3341 859 3403 ιονεειοτεῑ
903 3335 1382 3393 admonitionibus
1431 3336 1487 3393 in
1524 3338 1722 3395 melius
1761 3354 2048 3407 revocare,
2095 3348 2150 3396 et

565 3445 595 3481 a
646 3427 932 3499 proposito
980 3428 1163 3499 ipsum
1217 3429 1461 3485 consilio
1508 3430 1792 3486 avertere?
1821 3429 1887 3484 Et
1922 3430 2145 3499 quidem

564 3521 671 3577 erit
720 3520 818 3592 qui
848 3521 1151 3579 absurdum
1194 3536 1320 3579 esse
1359 3520 1604 3578 fateatur
1644 3521 1794 3593 quod
1845 3522 1936 3579 hic
1969 3523 2148 3577 incla-

568 3624 683 3670 mat
710 3615 970 3671 Christus
998 3634 1010 3670 :
1042 3622 1425 3671 verumtamen
1476 3615 1524 3671 si
1572 3615 1843 3686 propositi
1875 3614 1981 3670 lori
2017 3631 2150 3671 sen-

566 3724 687 3763 sum
717 3708 937 3764 acutius
972 3707 1297 3778 inspexerit,
1321 3707 1459 3762 nihil
1486 3705 1730 3763 absurde
1751 3708 1963 3763 dictum
1995 3721 2147 3762 com-

567 3802 759 3871 periet,
792 3801 887 3858 sed
935 3816 1118 3857 acrem
1175 3802 1359 3873 potius
1403 3802 1634 3858 subesse
1690 3816 1945 3866 sensum,
1981 3815 2148 3871 quem

459 3971 466 3978 .
562 3910 664 3967 ego
701 3910 805 3967 pro
834 3894 980 3950 virili
1029 3894 1222 3966 paucis
1270 3893 1519 3951 conabor
1558 3893 1865 3964 explicare.
1896 3893 2149 3948 Pruden-

564 3988 784 4044 tissime
818 3988 1003 4060 itaque
1055 3987 1277 4058 sapiens
1326 3987 1664 4058 evangelista
1707 3988 1966 4058 superius
2005 3986 2149 4042 dixit

567 4082 742 4150 ipsum
764 4081 1021 4135 Satanam
1051 4081 1103 4133 in
1129 4095 1226 4135 cor
1258 4080 1555 4149 proditoris
1577 4080 1731 4151 prius
1758 4079 2032 4149 irrupisse
2067 4084 2152 4132 at-

565 4187 672 4241 que
693 4158 974 4235 introisse,
1006 4180 1067 4226 ut
1097 4171 1377 4226 videretur
1403 4170 1628 4225 tandem
1655 4167 1923 4224 Dominus
1958 4178 2150 4223 noster

563 4261 727 4319 Jesus
751 4262 1007 4318 Christus
1026 4262 1131 4331 ipsi
1152 4262 1337 4331 potius
1358 4276 1525 4332 quam
1543 4261 1593 4316 ei
1612 4261 1703 4331 qui
1728 4256 1921 4330 reapse
1938 4275 2002 4314 ac
2017 4274 2150 4315 vere

566 4354 636 4409 ab
666 4354 789 4424 ipso
808 4369 904 4424 per
926 4353 1088 4424 740
1111 4352 1500 4424 negligentiam
1529 4353 1708 4407 victus
1738 4351 1917 4406 fuerat
1940 4351 2147 4416 dicere,

571 4466 590 4499 ι
625 4445 782 4514 Quod
808 4444 967 4511 facis,
988 4444 1077 4498 fac
1104 4445 1237 4498 cito.
1268 4462 1288 4495 ι
1317 4442 1470 4498 Idem
1496 4443 1645 4498 enim
1678 4450 1762 4497 est
1791 4458 1855 4496 ac
1894 4442 1941 4497 si
1962 4450 2150 4513 aperte

2252 3346 2453 3416 μᾶλλον
2485 3345 2576 3415 τὸν
2598 3344 2811 3398 οἴκοθεν
2838 3344 2949 3399 ἔδει
2989 3345 3257 3400 νοσοῦντα
3282 3346 3653 3419 παροτρῦναι,
3685 3344 3826 3416 φησὶ,

2249 3434 2597 3508 πρὸς,τοῦτο,
2651 3435 2746 3489 καὶ
2798 3435 3138 3507 τεθηγμένον
3191 3436 3252 3501 ἐξ
3304 3437 3529 3501 ἑαυτοῦ,
3581 3437 3675 3491 καὶ
3718 3434 3830 3504 ούχὶ

2252 3525 2447 3596 μᾶλλον
2488 3524 2866 3596 ἀνασειράζειν
2902 3528 3024 3589 ταῖς
3044 3525 3352 3590 νουθεσίαις
3385 3526 3486 3581 ἐπὶ
3509 3527 3571 3580 τὸ
3602 3527 3829 3597 ἄμεινον,

2249 3616 2344 3668 καὶ
2380 3615 2482 3684 τῆς
2521 3614 2878 3687 προτεθείσης
2925 3615 3085 3671 αὐτὸν
3128 3616 3403 3688 ἀνακόψαι
3456 3618 3686 3690 βουλῆς;
3730 3617 3831 3671 Καὶ

2246 3707 2364 3778 δοίη
2412 3708 2510 3779 μὲν
2553 3708 2619 3763 ἄν
2649 3724 2736 3772 τις
2772 3708 2979 3780 σφόδρα
3026 3709 3120 3763 τοῦ
3169 3710 3486 3781 πρέποντος
3524 3712 3833 3783 διαμαρτεῖν

2247 3798 2510 3870 λογισμοῦ
2539 3798 2638 3871 τήν
2675 3800 2769 3854 ἐπὶ
2792 3800 2969 3872 τούτῳ
3002 3801 3303 3874 καταϐοήν·
3330 3801 3745 3876 όξυωπέστερόν
3775 3816 3833 3871 γε

2252 3893 2360 3960 μὴν
2403 3892 2516 3954 τοῖς
2547 3892 2606 3943 ὲν
2647 3890 2725 3962 τῷ
2752 3890 3099 3964 πρὸκειμένῳ
3127 3893 3454 3966 θεωρήματι
3482 3895 3696 3967 ὲνείρας
3726 3892 3830 3966 [γρ.

2248 3981 2548 4055 ἐνερείσας]
2610 3983 2701 4036 τὸν
2754 3984 2901 4047 νοῦν,
2957 3984 3175 4060 ἀτόπως
3217 3985 3316 4055 μὲν
3353 3987 3514 4041 οὐδὲν
3553 3985 3831 4059 εἰρημένον

2249 4074 2493 4145 εὑρήσει,
2543 4074 2797 4145 δριμεῖαν
2847 4075 2904 4128 δὲ
2946 4076 3144 4147 μᾶλλον
3186 4076 3375 4141 αὐτοῖς
3426 4079 3833 4149 ἐνυπάρχουσαν

2251 4168 2487 4232 σύνεσιν,
2506 4167 2573 4239 ἢν
2591 4168 2708 4230 καὶ,
2737 4167 2885 4230 ὅπως
2904 4167 2969 4220 ἂν
2987 4167 3252 4239 δύνωμαι,
3278 4166 3369 4221 διά
3394 4168 3648 4241 βραχέων
3670 4168 3832 4220 εἰπεῖν

2250 4258 2606 4330 πειράσομαι.
2646 4257 3135 4329 Προνοητικώτατα
3181 4259 3360 4313 τοίνυν
3400 4264 3460 4315 ὲν
3490 4263 3603 4325 τοῖς
3643 4257 3834 4329 προλα·

2250 4351 2435 4404 δοῦσιν
2455 4351 2483 4403 ὁ
2503 4349 2664 4418 σοφὸς
2687 4349 3076 4421 εύαγγελιστὴς
3097 4352 3538 4424 προεισπηδῆσαι
3560 4351 3654 4405 καὶ
3672 4348 3834 4405 εἰσελ-

2252 4444 2365 4497 θεῖν
2413 4444 2493 4505 είς
2535 4442 2632 4513 τὴν
2679 4442 2774 4495 τοῦ
2828 4441 3090 4514 προδότου
3122 4443 3353 4514 καρδίαν
3395 4445 3565 4499 αὐτὸν
3598 4444 3701 4516 ἔφη
3750 4443 3834 4496 τὸν

564 4539 811 4594 diceret:
838 4535 1018 4592 Tuum
1051 4550 1214 4606 opus,
1258 4534 1411 4605 quod
1447 4550 1618 4590 unum
1658 4535 1809 4590 nosti
1850 4542 1904 4588 et
1962 4533 2143 4589 facere

2252 4535 2514 4598 Σατανᾶν,
2552 4533 2640 4586 ἵνα
2669 4532 2926 4605 φαίνηται
2952 4532 3134 4587 λοιπὸν
3160 4534 3187 4586 ὁ
3212 4532 3417 4606 Κύριος
3439 4534 3604 4606 ήμῶν
3639 4535 3833 4606 Ἰησοῦς

438 4696 461 4707 _
564 4633 733 4693 soles,
766 4645 800 4684 ο
852 4630 1078 4690 Satana,
1106 4627 1193 4684 fac
1228 4628 1363 4683 cito.
1393 4625 1661 4683 Occidisti
1698 4628 2019 4698 prophetas,
2054 4625 2145 4681 Ju-

563 4721 696 4775 daeis
728 4720 932 4790 quippe
959 4718 1026 4773 ad
1063 4718 1400 4789 impietatem
1430 4718 1629 4774 ducem
1665 4727 1715 4774 te
1745 4719 2055 4788 praebuisti,
2089 4725 2146 4773 et

565 4809 889 4881 lapidandos
913 4810 1118 4863 curasti
1143 4810 1236 4879 qui
1278 4810 1579 4865 salutarem
1616 4807 1803 4863 lsraeli
1831 4808 2142 4863 doctrinam

566 4900 918 4964 nuntiabant,
955 4898 1160 4954 nemini
1208 4915 1401 4954 eorum
1444 4899 1537 4970 qui
1583 4913 1613 4952 a
1652 4898 1762 4953 Deo
1810 4899 1965 4954 missi
2013 4907 2146 4955 sunt

565 4992 1106 5064 pepercistizomue
1165 4992 1515 5047 crmlelitatis
1567 4998 1620 5046 et
1686 4992 1890 5046 furoris
1964 5006 2141 5062 genus

564 5084 712 5139 ultra
769 5083 995 5138 modum
1048 5082 1372 5137 exercuisti.
1411 5081 1583 5138 Venio
1637 5083 1804 5151 igitur
1851 5093 1974 5152 post
2019 5082 2146 5137 illos

491 5154 513 5193 "
560 5190 685 5249 ego,
730 5177 1049 5231 errantibus
1086 5175 1323 5229 daturus
1361 5182 1421 5228 ut
1478 5190 1589 5229 non
1640 5175 1878 5244 amplius
1932 5186 2142 5238 errent,

565 5268 623 5323 in
664 5266 912 5323 tenebris
951 5250 1218 5337 degentes
1261 5265 1316 5319 in
1360 5264 1481 5319 luce
1512 5265 1701 5319 divina
1739 5266 2143 5328 collocaturus,

563 5359 619 5414 in
647 5367 771 5415 tuos
801 5358 1030 5429 laqueos
1071 5358 1255 5428 lapsos
1294 5371 1359 5411 ac
1391 5368 1499 5410 tuae
1529 5356 1875 5412 crudelitatis
1902 5357 2140 5428 pra-dam

568 5450 744 5508 factos
791 5450 905 5505 tuis
964 5447 1202 5504 vinculis
1262 5446 1640 5516 expediturus.
1686 5445 1859 5502 Venio
1926 5449 2143 5518 peccati

566 5549 792 5612 propter
822 5548 876 5596 te
904 5540 1190 5612 regnantis
1214 5554 1513 5595 eversurus
1541 5538 1909 5610 tyrannidem,
1938 5551 1991 5594 et
2017 5540 2145 5610 quis

565 5636 635 5689 sit
682 5641 882 5689 natura
916 5631 1059 5687 Deus
1094 5632 1245 5693 omni
1309 5631 1514 5706 homipi
1574 5628 1974 5700 patefacturus.
2024 5628 2130 5687 Sed

633 5811 674 5842 ⁹¹
717 5803 863 5862 Ρείςιί.
901 5822 1105 5873 cxvm,
1148 5810 1237 5863 (i7.

2252 4628 2280 4680 ὁ
2318 4625 2552 4696 Χριστὸς
2589 4623 2741 4695 αύτῷ
2784 4624 3006 4695 μᾶλλον,
3035 4626 3181 4696 ήπερ
3209 4625 3379 4690 ὅντως
3401 4644 3465 4680 τε
3505 4628 3603 4681 καὶ
3628 4622 3836 4696 ἀληθῶς

2253 4719 2331 4789 τῷ
2368 4719 2496 4789 παρ’
2520 4716 2685 4772 αὐτοῦ
2715 4718 2779 4771 δι’
2821 4717 3156 4789 ἀπροσεξίας
3192 4722 3602 4792 κεκρατημένῳ
3631 4720 3832 4788 λέγειν·

2261 4830 2277 4861 ι
2297 4811 2360 4863 "0
2378 4813 2571 4873 ποιεῖς,
2593 4809 2819 4881 ποίησον
2836 4810 3039 4879 τάχιον.
3067 4828 3086 4860 ι
3118 4810 3343 4880 Ὅμοιον
3366 4812 3503 4884 γὰρ,
3524 4812 3604 4875 ὡς
3626 4814 3675 4865 εί
3697 4810 3836 4877 λέγοι

2258 4900 2441 4972 σαφῶς
2468 4919 2481 4932 ο
2510 4901 2583 4954 Τὸ
2610 4900 2702 4953 σὺν
2728 4899 2888 4971 ἔργον
2921 4901 3059 4971 ὅπερ
3087 4895 3245 4954 οἶσθα
3275 4901 3458 4970 μόνον,
3487 4903 3585 4956 καὶ
3609 4902 3739 4973 δρᾷν
3757 4897 3843 4966 ἀεί,

2254 5012 2338 5047 σοι
2384 4993 2558 5063 φίλον,
2588 4990 2634 5045 ὦ
2671 4992 2905 5057 Σατανᾶ,
2950 4994 3176 5065 ποίησον
3218 4995 3429 5064 τάχιον.
3485 4995 3837 5055 Ἀπὲκτεινας

2244 5088 2371 5148 τοὺς
2402 5084 2690 5156 προφήτας
2721 5084 3100 5155 (ἐστρατήγεις
3141 5085 3249 5159 γάρ
3288 5088 3366 5148 είς
3412 5087 3676 5140 ἀσέϐειαν
3715 5085 3836 5137 Ἰου-

2242 5175 2459 5245 δαίοις),
2494 5177 2588 5229 καὶ
2612 5174 2730 5229 τότε
2762 5174 3192 5246 καταλευσθῆναι
3243 5178 3683 5247 παρασκευάσας
3721 5191 3835 5236 τους

2242 5267 2335 5321 τὸν
2363 5268 2627 5337 σωτήριον
2667 5263 2763 5317 τοῦ
2819 5265 3034 5337 Ἰσραὴλ
3077 5266 3490 5338 πρεσϐεύοντας
3525 5269 3705 5337 λόγον,
3753 5266 3835 5318 ούο

2242 5358 2389 5420 δενὸς
2410 5357 2613 5426 ἐφείσω
2643 5355 2749 5407 τῶν
2777 5355 3206 5428 ἀπεσταλμένων
3241 5359 3394 5431 παρὰ
3429 5360 3571 5415 Θεοῦ
3599 5377 3613 5392 °
3662 5361 3836 5413 πᾶσαν

2247 5449 2329 5510 εἰς
2371 5446 2569 5509 αὐτοὺς
2600 5443 2869 5508 ἁπεδείξω
2907 5445 3006 5513 τὴν
3048 5445 3191 5515 ὑπὲρ
3222 5445 3382 5515 λόγον
3432 5447 3699 5518 ὠμότητα
3747 5445 3836 5497 καὶ

2250 5538 2448 5611 μανίας
2498 5538 2823 5609 ὑπερϐολήν.
2869 5539 3029 5592 ’Ἥκω
3071 5538 3363 5610 τοιγαροῦν
3427 5540 3548 5609 μετ’
3599 5530 3869 5597 ἐκείνους

2244 5630 2375 5699 ἐγὼ,
2410 5632 2521 5695 τοῖς
2560 5632 2656 5701 μὲν
2692 5633 2767 5685 ἔτι
2799 5631 3170 5701 πλανωμένοις
3202 5633 3261 5685 τὸ
3298 5632 3506 5703 μηκέτι
3531 5628 3834 5685 πλανᾶσθαι
