4104 6466
288 388 383 443 Ηὸ

1328 399 1393 454 ΙΝ
1434 397 1721 455 JOANNIS
1747 396 2200 457 EVANGELIUH
2241 400 2372 458 LIB.
2421 397 2541 458 IX.)

3458 409 3559 468 146

285 510 488 575 ὀιδοὺς,
523 512 635 576 τοῖς
665 512 725 567 ὲν
756 515 940 570 σκότει
971 510 1253 588 κατορθῶν
1275 519 1337 572 τὸ
1362 520 1420 572 ὲν
1446 519 1587 587 φωτὶ
1621 518 1873 588 γενέσθαι

1991 520 2226 590 ipprime
2256 523 2383 577 novi
2418 522 2707 579 elieratum
2746 531 2900 578 tuum
2939 526 3211 581 animum.
3244 526 3403 593 Quod
3431 544 3567 600 ergo

282 602 362 674 τῷ
390 600 543 672 θείφν
573 604 686 667 τοῖς
718 604 800 669 εἰς
821 605 921 677 τὴν
951 607 1053 679 σὴν
1079 609 1284 677 παγίδα
1324 609 1747 687 κατολισθήσασι
1787 609 1883 663 καίΙ

282 690 514 764 θήραμα
537 691 640 762 τῆς
665 694 768 765 σῆς
789 696 1103 769 γενομένοις
1121 696 1427 769 ὠμότητος,
1455 700 1515 753 τὸ
1542 699 1647 767 ἔξω
1672 699 1883 773 βρόχων

253 783 542 851 ,γενέσθαι
573 783 942 857 δωρούμενος.
977 788 1137 843 Ἥκω
1172 789 1273 860 τῆς
1303 789 1392 845 διά
1421 790 1480 844 σὲ
1512 790 1879 862 τυραννοόσης

278 876 567 947 ἁμαρτίας
597 879 922 934 καταλύσων
942 879 1004 934 τὸ
1022 881 1243 954 κράτος,
1278 883 1373 937 καὶ
1403 883 1484 957 τίς
1509 884 1539 937 ὁ
1569 883 1730 954 φύσει
1749 883 1882 948 Θεὸς

277 968 572 1034 ἐπιδείξων
613 969 889 1044 ἀνθρώπῳ
917 973 1099 1027 παντί.
1137 974 1276 1027 Ἀλλ’
1308 971 1427 1031 οἴδα
1451 976 1639 1030 λοιπὸν
1675 976 1738 1031 οὐ
1781 994 1881 1046 με·

277 1057 452 1129 τρίινς
485 1059 589 1131 τὴν
621 1062 724 1132 σὴν
755 1062 1050 1116 ἀτίθασσον
1089 1063 1283 1134 φρένα.
1313 1063 1494 1137 Ὅπερ
1522 1061 1616 1119 οὖν
1645 1064 1765 1130 ἑθος
1798 1082 1881 1123 σοι

276 1149 517 1221 τολμᾷν,
574 1152 669 1206 ἐπὶ
729 1156 843 1219 τοῖς
886 1154 957 1209 τὰ
991 1154 1220 1208 τοιαῦτα
1268 1155 1570 1227 κατορθοῦν
1608 1155 1879 1220 ἐθέλουσι,

278 1241 496 1313 πρᾶττε
529 1244 628 1297 καὶ
669 1243 785 1300 νῦν.
849 1246 1119 1313 ’Δνιάσεις
1145 1247 1256 1319 γὰρ
1283 1248 1538 1320 οὐδαμῶς
1566 1250 1881 1304 ἐπιπίπτων

274 1333 433 1399 ὀξὺς,
462 1335 563 1390 καὶ
599 1337 809 1409 σφόδρα
835 1338 1034 1409 δριμὺς
1074 1339 1415 1410 ἐγκείμενος,
1453 1342 1579 1396 ὅσον
1623 1343 1690 1396 ἂν
1725 1341 1880 1396 ἔσται

273 1426 338 1480 τὸ
370 1426 553 1491 πάθος
594 1428 662 1482 δι’
691 1429 828 1499 ἐμοῦ
854 1429 1080 1501 βαδίσαν
1117 1434 1176 1486 ἐν
1213 1433 1378 1505 ἀρχῇ.
1428 1433 1540 1488 Καὶ
1578 1434 1739 1488 ταυτὶ
1780 1434 1882 1505 μὲν

272 1521 463 1589 ἔγωγε
494 1518 592 1573 τοῦ
623 1521 874 1592 Σωτῆρος
902 1520 969 1575 τὰ
993 1523 1236 1594 ῥήματα,
1259 1525 1361 1594 τὴν
1389 1523 1486 1579 τοῦ
1514 1528 1881 1598 προκειμένου

270 1609 522 1678 δύναμιν
559 1611 975 1667 ὑπαινίττεσθαί
1008 1631 1126 1678 πως
1163 1615 1535 1687 ὑπολαμϐάνω
1557 1634 1574 1648 θ
1616 1618 1881 1688 ἐπιταχύ-

268 1702 475 1756 νεσθαι
503 1702 564 1756 δὲ
586 1704 677 1757 διὰ
713 1704 875 1758 τοῦτο
913 1706 1240 1777 προστάττει
1268 1707 1339 1762 τά
1366 1708 1716 1781 τολμήματα,
1749 1710 1881 1781 φέρε

266 1795 340 1864 δὴ
372 1793 549 1848 πάλιν
582 1794 1064 1866 διαπεπτὼμεθα.
1110 1798 1308 1855 Καίτοι
1352 1801 1634 1856 πάνδεινον
1684 1802 1784 1874 μὲν
1820 1803 1882 1856 τὸ

1982 607 2188 664 audere
2223 610 2393 674 soles,
2432 609 2520 667 fac
2551 611 2881 667 etiamnum.
2909 612 3268 685 Nequaquam
3299 617 3446 672 enim
3478 633 3565 674 mc

1982 697 2170 762 laedes,
2206 701 2427 757 tametsi
2495 701 2736 758 infestus
2803 719 2963 769 ruas,
3027 705 3207 761 donec
3278 707 3561 763 advenerit

1981 792 2187 861 passio.
2224 792 2409 865 Atque
2444 794 2534 850 his
2572 810 2678 867 ego
2712 796 2898 853 verbis
2946 796 3272 854 Scrvatoris
3293 798 3400 853 loci
3438 814 3562 869 pro-

1982 883 2145 951 positi
2178 898 2403 940 sensum
2441 887 2853 955 quodammodo
2876 889 3157 945 subinnni-
3181 890 3431 959 opinor:
3469 891 3580 945 sed

1980 987 2085 1027 cur
2111 975 2325 1031 fucinus
2356 978 2664 1034 accelerari
2711 979 2927 1049 jubeat,
2968 996 3077 1052 age
3099 983 3280 1036 denuo
3311 982 3567 1037 cumide-

1979 1080 2181 1121 remus.
2205 1063 2550 1123 Gravissima
2578 1069 2784 1140 quippe
2803 1081 2889 1125 est
2912 1069 3237 1127 Iudaeorum
3274 1073 3565 1143 impiorum

1980 1156 2235 1223 audacia,
2281 1158 2617 1217 incredibili.
2653 1162 2845 1219 furore
2892 1163 2947 1218 in
2984 1181 3111 1220 eum
3148 1165 3569 1221 saevire-medi—

1982 1250 2235 1304 tantium.
2262 1250 2460 1323 Flagra
2483 1253 2660 1320 enim,
2683 1266 2739 1310 et
2766 1255 3190 1312 maledictorum
3228 1257 3387 1311 turba
3422 1256 3565 1310 into-

1981 1341 2250 1405 lerabilis,
2293 1344 2489 1414 plagae,
2520 1353 2709 1416 sputa,
2749 1347 2817 1403 ad
2861 1354 3174 1404 extremum
3230 1348 3568 1407 miserabilis

1982 1448 2136 1489 mors
2167 1434 2225 1490 in
2257 1436 2430 1509 ligno,
2477 1439 2643 1504 clavi,
2676 1454 2839 1507 crux,
2888 1449 3128 1507 acetum,
3164 1449 3213 1496 et
3268 1442 3361 1507 l‘el,
3390 1449 3457 1496 et-
3499 1455 3563 1495 ex

1980 1523 2138 1577 hasta
2176 1525 2383 1581 vulnus
2415 1542 2541 1582 eum
2595 1529 2912 1585 manebant;
2944 1529 3087 1596 Quid
3134 1544 3283 1600 ergo»
3316 1528 3565 1592 festinat,

1979 1614 2184 1685 inquit,
2202 1631 2268 1671 ac
2290 1616 2413 1672 sine
2440 1633 2597 1674 mora
2626 1620 2748 1674 vult
2778 1635 2808 1674 a
2830 1620 3053 1676 diabolo
3075 1620 3267 1690 peragi
3287 1619 3568 1690 passionis

1982 1704 2252 1762 nefarium
2308 1705 2567 1763 facinus?
2620 1708 2861 1765 Ministri
2898 1709 3047 1764 enim
3104 1716 3161 1763 ct
3212 1710 3568 1763 exsecutorcs

1984 1798 2254 1854 malorum
2280 1799 2478 1855 horum
2505 1799 2881 1861 tuere-Judaei.
2900 1800 3008 1872 ipsi
3034 1810 3215 1855 tamen
3240 1809 3299 1854 ut
3318 1801 3566 1853 omnium

267 1887 389 1940 τῶν
421 1887 661 1955 ἀνοσίων
694 1887 1013 1960 εὑρίσκεται
1042 1889 1265 1962 θράσος,
1294 1893 1651 1963 ὲμπαροινεῖν
1709 1895 1884 1949 ἀκαθ-

1991 1887 2113 1943 duci
2139 1896 2195 1943 et
2237 1889 2293 1943 in
2323 1889 2526 1947 eadem
2567 1888 2775 1947 Christi
2803 1864 3222 1961 eonjuralorum
3252 1898 3417 1958 atque
3454 1887 3569 1958 pri-
3654 1943 3662 1949 .

270 1978 465 2041 ἐκτως
496 1977 775 2049 ἑλομένων
798 1978 970 2047 αὐτῷ.
989 1981 1304 2053 Προσδοκᾷν
1335 1983 1444 2053 γὰρ
1469 1978 1537 2054 ἦν
1556 1984 1881 2056 αἰκίσματα,

272 2071 378 2122 καὶ
408 2068 717 2141 δυσφὴμων
763 2071 922 2142 ὄχλον
968 2073 1029 2126 οὐ
1076 2075 1334 2146 φορητὸν,
1373 2075 1588 2147 πληγὰς
1656 2081 1753 2133 καὶ
1781 2081 1883 2149 ὲμ-

270 2159 608 2231 πτύσματα,
638 2163 734 2215 καὶ
762 2162 827 2216 τὸ
869 2164 1175 2219 τελευταῖον
1218 2167 1449 2220 ἐλεεινὸν
1477 2168 1571 2222 τὸν
1608 2170 1702 2223 ἐπὶ
1742 2169 1885 2242 ξύλῳ

269 2253 542 2318 θάνατον,
578 2253 763 2323 ἥλους,
812 2256 909 2309 καὶ
957 2257 1209 2329 σταυρὸν,
1249 2257 1391 2323 ὅξος,
1443 2260 1539 2313 καὶ
1570 2260 1757 2333 χολὴν,
1789 2262 1889 2318 καὶ

268 2345 346 2399 τὰ
391 2346 465 2398 ἐκ
516 2345 721 2416 λόγχης
761 2346 1076 2419 τραύματα.
1133 2348 1198 2402 Τί
1228 2350 1517 2420 τοιγαροῦν
1543 2352 1882 2418 ὲπισπεὺδει,

271 2437 440 2507 φησι,
474 2435 575 2490 καὶ
601 2436 874 2508 ἀμελλητὶ
898 2438 1130 2509 δρᾶσθαι
1180 2439 1431 2511 βούλεται
1464 2443 1613 2515 παρά
1642 2443 1738 2498 τοῦ
1768 2444 1885 2499 δια-

270 2528 441 2582 ϐόλου
475 2528 547 2583 τά
572 2530 668 2583 ἐπὶ
701 2530 779 2602 τῷ
807 2530 973 2585 πάθει
1001 2531 1330 2604 τολμήματα
1357 2552 1373 2601 ;
1406 2536 1517 2590 Καὶ
1544 2536 1654 2609 γὰρ
1681 2537 1890 2609 ὑπηρέ-

272 2636 369 2673 ται
415 2619 715 2688 γεγόνασιν
775 2620 1021 2676 Ἰουδαῖοι
1069 2624 1164 2677 καὶ
1201 2625 1469 2698 ὑπουργοὶ
1519 2626 1637 2681 τῶν.
1671 2629 1881 2685 κακῶν.

286 2709 439 2762 Ἀλλ’
470 2710 671 2781 ἐκείνῳ
718 2710 781 2765 τὸ
814 2713 924 2767 πᾶν
956 2714 1291 2787 ἐπιθήσομεν
1322 2718 1715 2789 στρατηγοῦντι
1746 2721 1885 2792 πρὸς

278 2801 628 2872 μιαιφονίαν,
652 2802 747 2856 καὶ
769 2803 1036 2874 ἀπαρχῶν
1058 2803 1343 2877 ἐξάρχοντι
1363 2806 1472 2860 τῶν
1496 2806 1703 2863 κακῶν.
1743 2802 1887 2867 Ἀλλ’

274 2892 328 2945 εί
375 2891 479 2946 καὶ
525 2891 737 2964 σφόδρα
785 2892 937 2949 δεινά
976 2894 1046 2948 τά
1096 2897 1178 2961 είς
1224 2898 1457 2970 Χριστὸν
1509 2898 1620 2952 τῶν
1652 2899 1884 2953 ἀνοσίων

288 2983 575 3039 Ἰουδαίων
620 2986 969 3059 τολμήματα,
1017 2989 1112 3043 καὶ
1156 2988 1427 3061 ἀφόρητος
1475 2988 1586 3044 τῶν
1634 3007 1883 3063 σταυρω-

278 3078 498 3133 σάντων
528 3080 564 3150 η
595 3078 779 3149 ῦόρις,
820 3079 936 3134 ἀλλ’
964 3080 1084 3152 ᾔδει
1114 3079 1210 3134 τοῦ
1246 3081 1451 3146 πάθους
1478 3082 1539 3136 τὸ
1566 3082 1884 3151 πέρας,’καὶ

1987 1980 2265 2035 mitiarum
2326 1983 2598 2037 malorum
2655 1982 2913 2053 principi-
2958 1991 3138 2038 totum
3198 1980 3566 2038 ascribemms.

1984 2070 2172 2142 Αιίιιιῖν
2201 2072 2333 2127 licet
2361 2072 2726 2133 acerbissima
2755 2088 2986 2143 quaeque
3005 2070 3180 2126 ,ιιιόωί
3213 2070 3268 2124 in
3286 2067 3570 2123 Christum

1985 2164 2461 2231 machinarentur,
2479 2175 2534 2221 et
2550 2165 2920 2221 intolerabilis
2951 2170 3102 2220 esset
3123 2158 3567 2232 cruciﬁgentium

1986 2252 2163 2319 furor,
2192 2254 2473 2326 passionis
2505 2263 2689 2310 tamen
2719 2240 2955 2321 exitum,
2976 2261 3034 2309 et
3073 2252 3207 2323 quid
3245 2251 3377 2306 hinc
3401 2265 3569 2305 even-

1985 2354 2170 2400 turum
2201 2353 2348 2402 esset
2379 2352 2634 2402 noverat.
2671 2345 2941 2400 Eversum
2982 2345 3050 2400 iri
3079 2357 3279 2413 nempe
3320 2340 3572 2395 funditus

1980 2451 2084 2507 per
2112 2437 2484 2493 venerandam
2510 2453 2734 2493 crucem
2777 2437 2986 2492 diaboli
3029 2434 3402 2508 tyrannidem,
3424 2447 3573 2510 mor-

1987 2536 2098 2583 tem
2141 2528 2489 2585 destructum
2529 2529 2621 2594 iri,
2646 2536 2705 2585 et
2734 2529 3112 2599 corruptionis
3146 2524 3441 2582 delendum
3471 2522 3574 2576 im-

1984 2620 2227 2692 perium,
2252 2628 2308 2676 et
2334 2627 2521 2678 vetere
2550 2622 2645 2676 illo
2673 2621 2975 2677 maledicto
3014 2617 3366 2676 liberandum
3397 2629 3575 2686 genus

1985 2711 2331 2776 humanum,
2389 2711 2639 2782 adeoque
2695 2711 3040 2783 benignitate
3090 2719 3142 2764 et
3201 2707 3377 2778 gratia
3444 2703 3571 2758 Ser»

1983 2804 2196 2860 vatoris
2248 2804 2426 2860 nostri
2477 2802 2684 2859 Christi
2712 2810 3067 2859 cessaturum
3101 2800 3292 2857 illud.:
3345 2818 3366 2850 ι
3397 2798 3572 2852 Terra

1984 2910 2065 2962 es,
2121 2906 2176 2953 et
2232 2896 2290 2952 in
2338 2906 2541 2952 terram
2613 2895 2909 2952 reverteris
2941 2895 3024 2960 ”;
3066 2914 3085 2946 ι
3143 2891 3305 2964 741
3352 2902 3573 2945 omnem

1986 2987 2340 3059 iniquitatem
2376 2989 2750 3060 oppilaturam
2777 3003 2841 3043 os
2874 3002 3058 3052 suum,
3090 2985 3250 3056 juxta
3289 2982 3578 3051 Propheta:

1986 3064 2178 3136 vocem
2226 3081 2304 3145 ⁸³,
2366 3097 2469 3137 nec
2535 3081 2773 3153 amplius
2828 3080 2935 3137 sibi
3001 3076 3278 3133 obnoxios
3342 3088 3575 3129 accusa-

273 3168 329 3222 τξ
356 3169 421 3223 τὸ
460 3168 720 3225 ἐντεῦθεν
766 3170 1201 3242 ἀποϐησόμενον.
1236 3172 1469 3243 Ἔμελλε
1518 3172 1629 3244 γὰρ
1657 3173 1882 3228 διά“τοῦ

1992 3181 2203 3238 turam,
2236 3184 2291 3228 ct
2330 3174 2598 3230 delendos
2638 3175 2803 3242 plane
2837 3179 3110 3243 quotquot
3169 3169 3224 3223 in
3280 3168 3412 3223 orbe
3467 3174 3578 3220 ter-

275 3263 467 3334 τιμίου
501 3263 747 3337 σταυροῦ
774 3264 1061 3318 πεσεῖσθαι
1103 3266 1202 3337 μὲν
1229 3266 1309 3330 είς
1332 3266 1395 3320 τὸ
1433 3266 1696 3331 παντελὲς
1727 3269 1760 3338 ἡ
1790 3269 1885 3322 τοῦ

276 3353 533 3408 διαϐόλου
579 3355 863 3425 τυραννὶς,
904 3354 1298 3426 ηταργεῖσθαι
1332 3355 1391 3409 δὲ
1417 3355 1667 3421 θάνατος,
1702 3358 1797 3410 καὶ
1827 3357 1890 3410 τὸ

278 3448 378 3519 τῆς
409 3446 633 3518 φθορᾶς
670 3446 1034 3516 ἀφανίζεσθαι
1083 3447 1306 3518 κράτος,
1337 3434 1672 3503 ἀπολύεσθαι
1698 3466 1763 3523 τε
1790 3449 1890 3520 τῆς

277 3540 522 3614 ἀρχαίας
554 3539 776 3609 ἐκείνης
800 3538 941 3611 ἀρᾶς
963 3539 1025 3593 τὸ
1057 3538 1398 3612 ἀνθρώπινον
1424 3540 1599 3609 γένος,
1628 3540 1890 3613 ἀργήσειν

279 3635 668 3709 προσεδοκᾶτο
722 3632 912 3686 λοιπὸν
947 3624 1474 3704 ὲκιφιλανθρωπίας
1525 3633 1621 3687 καὶ
1667 3633 1892 3703 χάριτος

279 3728 376 3783 τοῦ
410 3725 682 3798 Σωτῆρος
713 3726 747 3797 ἡ
758 3723 875 3796 μῶν
897 3723 1138 3796 Χριστοῦ
1164 3726 1225 3778 τό
1247 3742 1261 3755 ο
1295 3742 1314 3775 ι
1344 3724 1421 3796 Γῆ
1451 3719 1522 3789 εἴ,
1546 3726 1642 3779 καὶ
1671 3727 1753 3790 εἰς
1788 3727 1892 3796 γῆν

282 3817 596 3891 ἀπελεύσῃ.
627 3835 646 3869 ι
684 3815 953 3887 Ἐμελλεν
985 3814 1190 3886 ἀνομία
1235 3806 1419 3879 πᾶσα,
1477 3817 1620 3872 κατά
1651 3817 1750 3890 τὴν
1795 3818 1891 3873 τοῦ

284 3910 586 3981 Προφήτου
621 3905 826 3978 φωνὴν,
853 3904 1157 3975 ἐμφράξειν
1183 3905 1362 3977 στόμα
1389 3905 1579 3978 αὐτῆς,
1622 3908 1717 3962 καὶ
1758 3925 1892 3963 κατ-

286 4003 518 4073 ηγορεῖν
536 3999 641 4071 μὲν
669 3998 854 4053 οὐκέτι
880 3996 990 4052 τῶν
1016 3998 1109 4051 ὑπ’
1137 3998 1311 4069 αὐτὴν
1337 3999 1661 4067 γεγονότων,
1692 4000 1893 4068 ἀφανίο

289 4092 483 4158 ζεσθαι
519 4091 581 4145 δὲ
615 4088 898 4152 παντελῶς
926 4087 1151 4158 ἔμελλον
1189 4088 1241 4141 οἱ
1270 4087 1414 4142 κατά
1454 4089 1635 4143 πᾶσαν
1677 4088 1778 4161 τὴν
1814 4090 1893 4143 ol-

292 4182 574 4257 καομένην
604 4181 699 4235 τὸν
739 4181 956 4253 ἀληθῶς
985 4180 1146 4250 φύσει
1193 4180 1289 4234 καὶ
1338 4179 1501 4250 μόνον
1539 4179 1642 4233 οὐκ
1689 4179 1894 4245 εἰδότες

291 4277 446 4344 Θεὸν,
503 4275 557 4329 οἳ
592 4276 662 4345 τῇ
691 4274 772 4337 είς
802 4271 1039 4345 Χριστὸν
1084 4270 1460 4325 δεδικαίωνται
1509 4271 1712 4336 πίστει,
1747 4272 1894 4326 ἀνοι-

274 4368 600 4442 ’χθήσεσθαι
660 4366 849 4420 λοιπὸν
901 4366 933 4437 ἡ
991 4363 1087 4418 τοῦ
1144 4362 1476 4437 παραδείσου
1526 4364 1895 4434 προσεδοκᾶτο

295 4464 460 4535 πύλη.
502 4461 745 4533 Ἔμελλε
788 4462 904 4524 τοῖς
932 4458 1194 4513 ἀνωτάτω
1219 4457 1290 4511 τὰ
1318 4457 1472 4511 κάτω
1500 4456 1890 4526 συνάπτεσθαι,

1992 3279 2180 3320 rarum
2238 3266 2411 3321 Deum
2462 3281 2680 3332 verum,
2710 3263 3043 3328 naturalem,
3079 3274 3134 3317 et
3185 3260 3412 3315 unicum
3466 3273 3576 3312 non

1991 3366 2216 3422 norant,
2249 3363 2526 3428 quotquot
2559 3371 2693 3413 vero
2730 3356 2837 3412 ﬁde
2866 3355 2922 3410 in
2957 3354 3242 3410 Christum
3286 3348 3579 3421 iustificati

1991 3456 2145 3515 sunt,
2178 3449 2247 3504 iis
2294 3449 2541 3520 paradisi
2593 3448 2824 3524 januam
2879 3446 3255 3516 operiendam.
3292 3442 3581 3513 Supremis

1991 3540 2255 3597 inferiora
2280 3541 2397 3597 haec
2427 3540 2844 3614 conjungenda.
2875 3547 2932 3596 et
2961 3546 3215 3611 apertum
3254 3535 3475 3608 quidem
3512 3535 3579 3589 iri

1992 3634 2221 3700 caelum,
2249 3633 2409 3704 juxta
2444 3632 2761 3690 Servatoris
2792 3648 3011 3695 vocem,
3043 3640 3363 3687 sanctorqu
3393 3638 3578 3684 autem

1992 3726 2316 3797 angelorum
2349 3724 2580 3782 ordines
2621 3740 2958 3781 ascensurus
2984 3740 3050 3780 ac
3076 3724 3453 3781 descensuros
3493 3737 3583 3775 sn-

1993 3835 2091 3890 pra
2113 3818 2312 3874 Filium
2338 3818 2585 3874 hominis
2614 3820 2685 3875 °‘.
2714 3818 2853 3874 Cum
2887 3825 2969 3873 tot
2999 3817 3175 3888 igitur
3205 3817 3349 3872 bona
3380 3829 3577 3883 exspe-

1993 3920 2304 3979 ctarentur,
2338 3927 2406 3967 ac
2447 3921 2557 3967 tam
2588 3911 2740 3965 clara
2792 3924 2923 3980 spes
2960 3909 3123 3964 nobis
3156 3923 3252 3977 per
3279 3906 3580 3963 salutarem

1995 4017 2220 4058 crucem
2273 4017 2473 4058 NII‘SIIS
2503 4000 2862 4066 excitaretur,
2897 3999 3177 4070 quomodo
3211 4012 3439 4054 necesse
3471 4013 3580 4052 non

1993 4090 2114 4151 erat
2142 4101 2203 4149 ut
2229 4094 2322 4165 qui
2356 4103 2607 4149 nostram
2640 4093 2877 4148 salutem
2910 4100 3198 4162 tantopere
3232 4088 3585 4161 optabat,at-

1993 4204 2102 4260 que
2123 4171 2246 4243 eam
2263 4187 2335 4243 ob
2358 4202 2471 4243 rem
2502 4186 2684 4242 factus
2711 4193 2831 4240 erat
2854 4185 3025 4240 homo
3047 4184 3209 4240 sicuti
3234 4199 3356 4248 nos,
3377 4182 3588 4253 absque

1994 4287 2246 4351 peccato,
2278 4278 2691 4349 optatissimum
2742 4278 2850 4332 hoc
2883 4287 3099 4347 tempus
3142 4274 3332 4330 videre
3389 4290 3585 4344 percn-

1997 4373 2187 4445 peret?
2227 4371 2335 4439 Qui
2377 4387 2512 4427 vero
2569 4387 2801 4427 necesse
2852 4387 2963 4426 non
3016 4376 3140 4425 erat
3192 4376 3252 4424 ut
3306 4368 3399 4438 qui
3457 4367 3586 4421 mali

2000 4462 2141 4517 nihil
2172 4468 2431 4526 noverat,
2470 4459 2761 4517 diabolicae
2808 4460 3074 4531 nequitia:
3102 4458 3419 4519 molit‘iones
3453 4471 3586 4511 con-

296 4559 385 4612 καὶ
409 4554 739 4626 ἀνοίγεσθαι
782 4554 879 4625 μὲν
915 4550 1203 4623 οὐρανοὺς,
1229 4549 1371 4604 κατά
1397 4548 1496 4620 τὴν
1519 4547 1616 4603 τοῦ
1646 4549 1891 4622 Σωτῆρος

2002 4563 2294 4618 temneret,
2317 4562 2372 4608 et
2396 4553 2462 4608 ad
2490 4562 2601 4607 tam
2635 4554 2801 4607 clara:
2825 4550 3147 4608 festivitatis
3176 4548 3584 4620 optatissimum

297 4652 485 4721 φωνήν
509 4667 527 4682 ·
570 4647 646 4702 τά
671 4647 729 4701 δὲ
753 4646 865 4700 τῶν
899 4645 1072 4714 ἁγίων
1102 4642 1353 4712 ἀγγέλων
1377 4642 1638 4712 τάγματα
1669 4641 1898 4696 ἀναϐαί-

297 4760 424 4808 νειν,
477 4742 580 4795 καὶ
621 4740 976 4795 καταϐαίνειν
1013 4741 1106 4813 ἐπὶ
1136 4741 1230 4796 τὸν
1272 4742 1403 4795 Υίὸν
1443 4741 1538 4796 τοῦ
1582 4740 1894 4814 ἀνθρώπου.

298 4828 432 4889 Εἶτα
478 4830 778 4897 τοσούτων,
832 4830 957 4884 είπέ
1005 4820 1116 4902 μοι,
1152 4831 1623 4903 προσδοκωμένων
1652 4832 1896 4900 ἀγαθῶν,

298 4927 390 4981 καὶ
419 4925 696 4996 λαμπρᾶς
726 4922 899 4993 οὕτως
933 4924 1149 4991 ἐλπίδος
1192 4921 1625 4995 ἀνατικτομένης
1653 4926 1790 4995 ἡμῖν
1813 4924 1902 4977 διά

298 5017 390 5072 τοῦ
416 5015 697 5089 σωτηρίου
726 5014 964 5088 σταυροῦ
989 5032 1003 5044 '
1036 5014 1155 5080 πῶς
1188 5015 1288 5069 οὐκ
1312 5014 1420 5068 ἔδει
1447 5014 1541 5069 τὸν
1573 5015 1672 5087 τὴν
1702 5015 1903 5086 ἡμετέ-

304 5129 402 5181 ραν
442 5111 760 5182 διψήσαντα
813 5108 1111 5181 σωτηρίαν,
1162 5108 1252 5163 διά
1298 5125 1358 5163 τε
1390 5108 1553 5163 τοῦτο
1596 5109 1720 5163 καθ’
1754 5110 1901 5182 ἡμᾶς

300 5203 567 5272 γεγονότα
593 5202 763 5272 popl;
788 5199 1088 5271 ἁμαρτίας,
1120 5198 1212 5253 τὸν
1232 5196 1376 5261 οὓτω
1401 5196 1729 5268 τριπόθητον
1753 5198 1906 5251 ἐπεί-

302 5297 498 5366 γεσθαι
547 5295 769 5364 βλέπειν
818 5294 920 5364 ἤδη
977 5292 1220 5365 παρόντα
1264 5289 1489 5361 καιρόν;
1545 5288 1669 5353 Πῶς
1705 5289 1763 5343 δὲ
1803 5291 1906 5346 οὐκ

305 5386 474 5457 ἐχρῆν
525 5386 623 5438 τὸν
672 5384 825 5437 οὐδὲν
887 5383 1068 5437 εἰδότα
1128 5381 1297 5435 κακὸν
1345 5381 1761 5452 καταφρονῆσαι
1806 5382 1907 5450 μὲν

305 5478 412 5530 τῶν
444 5479 513 5530 ὲκ
547 5474 865 5545 διαϐολικῆς
899 5473 1237 5545 κακουργίας
1277 5471 1717 5541 ἐσκευασμένων,
1753 5471 1907 5525 ὲπεί-

307 5570 503 5638 γεσθαι
557 5569 615 5622 δὲ
653 5567 857 5639 μᾶλλον
901 5565 1077 5620 ἐλθεῖν
1120 5566 1201 5628 εἰς
1240 5564 1333 5617 τὸν
1360 5561 1686 5634 τριπόθητον
1716 5563 1908 5634 καιρὸν

307 5665 400 5736 τῆς
428 5661 580 5716 οὕτω
608 5649 873 5733 λαμπρᾶς
900 5661 1094 5731 ἑορτῆς
1118 5675 1132 5721 ;
1174 5659 1290 5712 Οὐκ
1328 5656 1490 5711 εἰδότι
1518 5656 1807 5728 τοιγαροῦν
1831 5656 1909 5727 τῷ

2002 4660 2223 4720 tempus
2273 4647 2633 4719 properaret?
2679 4644 2960 4715 lgnoranti
3018 4657 3153 4713 ergo
3207 4642 3429 4697 Satanae
3481 4639 3587 4694 sibi

2001 4741 2209 4797 bellum
2278 4740 2483 4810 parari,
2540 4737 2924 4806 nescientique
2992 4750 3227 4804 prorsus
3278 4735 3589 4805 patibulum

2002 4833 2186 4889 crucis
2209 4831 2474 4887 struendo
2502 4830 2635 4885 dare
2660 4829 2904 4898 seipsum
2944 4827 3303 4898 praecipitem,
3329 4826 3593 4885 Servator

2002 4925 2184 4980 aiebat
2223 4950 2235 4979 ι
2279 4941 2298 4974 ι
2333 4921 2492 4990 Quod
2545 4920 2705 4984 facis,
2744 4919 2831 4973 fac
2879 4918 3071 4974 citius.
3110 4938 3130 4970 ι
3179 4918 3593 4976 Inter-minantis

2003 5017 2150 5072 enim
2206 5013 2392 5084 potius
2430 5028 2595 5084 quam
2648 5000 2998 5066 adhortantis
3041 5018 3128 5067 est
3171 5011 3367 5066 oratio.
3395 5010 3593 5077 Quem-

2006 5105 2305 5167 admodum
2368 5105 2541 5171 enim,
2570 5104 2616 5159 si
2684 5103 2810 5172 quis
2864 5101 3087 5171 juvenis
3131 5102 3330 5174 insigni
3397 5102 3596 5157 robore

2006 5198 2271 5270 praeditus
2319 5199 2625 5252 irruentem
2670 5210 2871 5266 magno
2922 5194 3135 5267 impetu
3183 5194 3480 5265 quemdam
3515 5194 3598 5247 vi~

2008 5292 2177 5353 derit.
2216 5300 2273 5347 et
2319 5299 2482 5344 acuta
2525 5288 2706 5345 securi
2748 5288 2959 5343 dextrae
2988 5293 3198 5357 aptata,
3232 5300 3442 5356 gnarus
3474 5298 3504 5336 a
3536 5297 3597 5340 se

2010 5383 2358 5439 interfectum
2379 5382 2444 5435 iri
2461 5377 3178 5444 adversarium,,exclamet,
3207 5395 3226 5427 ‹
3258 5374 3414 5441 Quod
3434 5372 3593 5436 facis,

2011 5472 2099 5527 fac
2147 5473 2333 5537 citius,
2373 5491 2394 5524 ι
2431 5470 2718 5541 experiere
2753 5470 2900 5525 enim
2942 5469 3150 5523 dextrae
3200 5480 3336 5522 mea;
3386 5466 3593 5529 robur.

2014 5581 2176 5621 nemo
2210 5574 2359 5621 certe
2387 5564 2597 5620 dixerit
2621 5578 2811 5619 vocem
2842 5563 2983 5617 hanc
3011 5575 3137 5616 esse
3166 5558 3305 5614 mori
3332 5557 3595 5621 volentis.

2015 5657 2109 5714 sed
2147 5658 2486 5725 praescientis
2542 5657 2722 5726 potius
2762 5655 2831 5712 de
2862 5647 3182 5710 adversario
3205 5649 3498 5707 victoriam
3537 5665 3600 5707 Μ

378 5850 422 5880 "
463 5847 608 5903 Gen.
651 5860 755 5903 ut.
790 5843 876 5899 l9.
958 5841 1003 5873 ”
1046 5841 1195 5898 l’sal.
1227 5859 1352 5907 cu,
1382 5842 1473 5898 l2.
1547 5840 1593 5873 ’δ
1631 5837 1788 5894 Joan.
1830 5852 1880 5903 ι,
1917 5831 2008 5888 51.
