4104 6450
583 388 679 442 M7

1582 385 1639 442 s.
1675 385 1961 441 CYRILLI
2000 384 2474 443 ALEXANDRINI
2508 370 2830 442 ARCHIEP.
3746 386 3832 445 ιιι

580 508 990 571 reportaturum
1026 520 1039 555 ι
1072 501 1148 556 ita
1186 502 1455 557 Dominus
1487 512 1677 558 noster
1707 502 1868 559 Jesus
1897 504 2156 558 Christus

2263 504 2500 574 Σατανᾷ,
2554 503 2636 556 ὅτι
2665 504 2762 573 τῆς
2808 499 3006 555 ἑαυτοῦ
3046 496 3550 566 καταστρατεύεται
3592 497 3836 570 κεφαλῆς,

578 590 915 646 contendere
950 607 1118 646 cursu
1149 592 1557 662 quodammodo
1601 592 1760 660 jubet
1795 592 2054 649 Satanam
2090 592 2159 647 ad

580 683 854 739 nefarium
911 700 1074 738 suum
1132 684 1369 739 facinus.
1401 683 1522 738 Jam
1556 684 1703 738 enim
1753 685 1955 739 eﬂieiet
1994 692 2055 739 ut
2082 686 2158 739 vi-

579 774 778 831 deatur
824 777 879 830 in
936 792 1183 847 praeceps
1226 777 1391 831 datus
1448 778 1735 832 hominum
1794 778 2063 848 perditor,
2106 787 2163 833 et

580 868 735 923 orbis
763 878 1030 922 terrarum
1062 869 1279 939 tyranni
1311 870 1459 924 illius
1490 884 1555 923 ac
1578 869 1807 924 victoris
1836 870 2161 940 impotentia

582 960 870 1026 liberetur,
902 974 1062 1028 quem
1111 960 1301 1015 fraude
1344 978 1444 1015 sua
1471 962 1772 1031 oppressit,
1797 972 1855 1017 ut
1886 972 1938 1017 et
1966 978 1998 1017 a
2030 977 2161 1018 vera

581 1054 636 1106 in
676 1051 844 1106 Deum
902 1052 1007 1106 tide
1045 1064 1320 1107 avocaret.
1358 1054 1617 1124 Ignorant
1674 1071 1842 1124 porro
1901 1055 2160 1124 discipuli

582 1144 686 1196 vim
717 1145 1010 1199 sermonis.
1040 1161 1153 1199 non
1186 1147 1307 1201 sine
1336 1148 1539 1212 divina,
1573 1154 1633 1200 ut
1657 1148 1898 1214 videtur,
1935 1149 2161 1203 ordina-

580 1235 726 1288 tione
777 1235 999 1290 Christo
1056 1235 1200 1290 hanc
1250 1237 1366 1293 illis
1420 1253 1530 1292 non
1596 1238 2064 1293 revelantemam
2109 1247 2164 1295 et

579 1327 706 1380 alibi
741 1336 1176 1396 prtemonstrare
1213 1329 1431 1384 videtur
1462 1345 1524 1385 se
1550 1331 1818 1385 traditum
1849 1331 1919 1385 iri
1956 1332 2012 1385 in
2047 1346 2165 1385 ma-

579 1422 683 1471 nus
720 1428 1098 1487 peccatorum,
1120 1428 1173 1474 et
1198 1421 1633 1491 cruciﬁgendum
1672 1437 1755 1483 se,
1791 1427 1957 1489 atque
1986 1421 2165 1476 inter-

581 1508 900 1574 ﬁciendum,
932 1512 1131 1582 dieque
1171 1513 1335 1567 tertia
1376 1519 1820 1567 resurrecturqu
1850 1513 1934 1578 ";
1972 1527 2164 1566 verum

582 1602 911 1672 prmripiens
942 1606 1052 1660 illis
1103 1607 1181 1660 uti
1238 1607 1442 1661 nemini
1482 1621 1710 1676 prorsus
1748 1605 1865 1677 haec
1895 1603 2160 1659 dicereut.

581 1692 742 1767 742
775 1696 1090 1768 Principem
1120 1700 1323 1768 quippe
1349 1697 1534 1752 saeuli
1585 1696 1751 1764 hujus
1799 1696 1978 1750 celare
2007 1709 2162 1750 suam

579 1796 835 1843 naturam
876 1792 980 1845 sibi
1035 1799 1421 1862 proposuerat,
1448 1798 1507 1844 ut
1543 1798 1597 1845 et
1628 1789 1848 1844 veniens
1877 1787 2161 1858 cruciﬁge-

2263 596 2594 667 ἀγνοήσαντί
2642 611 2703 647 τε
2753 593 3055 656 παντελῶς,
3091 594 3173 647 ὅτι
3205 589 3350 645 κατὰ
3379 586 3628 661 κρημνοῦ
3650 590 3837 660 τρέχει,

2262 690 2355 743 τὸν
2394 689 2488 741 ἐπὶ
2522 688 2615 741 τοῦ
2663 687 2898 755 σταυροῦ
2935 685 3204 759 διαπήξας
3246 685 3512 748 θάνατον,
3567 682 3790 751 ἔφασκεν
3813 686 3841 738 ό

2264 781 2456 851 Σωτήρ
2483 798 2498 811 ·
2541 797 2560 830 ι
2588 781 2653 832 Ὃ
2682 782 2878 843 ποιεῖς,
2922 780 3150 849 ποίησον
3177 777 3387 847 τάχιον.
3419 792 3439 826 ι
3483 774 3841 840 Ἀπειλοῦντος

2263 874 2375 944 γὰρ
2406 871 2665 942 μᾶλλονῆ
2715 871 3119 942 προτρέποντος
3159 871 3188 923 ὁ
3237 868 3397 937 λόγος
3443 865 3611 920 ἐστίν.
3646 866 3843 937 Ὠσπερ

2264 964 2374 1035 γὰρ
2416 964 2634 1027 νεανίας
2679 963 2786 1033 πρὸ
2825 962 2985 1035 ἥϐης,
3038 962 3134 1016 καὶ
3171 961 3358 1025 καλὸς,
3398 960 3495 1013 καὶ
3539 958 3842 1030 σφριγῶσαν

2264 1058 2405 1127 ἔχων
2450 1057 2508 1109 ὲν
2551 1055 2630 1124 τῷ
2683 1054 2896 1124 σώματι
2941 1053 3191 1123 δύναμιν,
3238 1052 3383 1121 δρῶν
3431 1051 3529 1120 μὲν
3559 1050 3645 1116 ἐφ’
3677 1049 3842 1120 ἑαυτῷ

2264 1147 2521 1218 δρομαῖον
2552 1145 2698 1199 ἰόντα
2721 1145 2861 1207 τινὰ,
2889 1144 3002 1209 ὀξεῖ
3026 1144 3083 1196 δὲ
3117 1142 3338 1197 πελέκει
3365 1141 3465 1210 τὴν
3491 1138 3671 1205 δεξιὰν
3699 1140 3820 1208 ὲναρ

2268 1238 2461 1309 μόσας,
2513 1237 2606 1290 καὶ
2684 1234 2842 1299 εἰδὼς
2902 1237 2985 1289 δτι
3042 1235 3353 1305 τεθνήξεται
3404 1233 3624 1295 πάντως
3667 1229 3840 1296 ἐλθὼν,

2266 1329 2668 1399 ἀναφθέγγοιτο
2711 1328 2894 1398 τυχὸν,
2951 1330 3018 1381 Ὃ
3049 1330 3250 1390 ποιεῖς,
3293 1330 3435 1379 ποίει
3464 1325 3651 1394 τάχιον
3677 1340 3691 1354 ·
3738 1322 3845 1391 ὕψει

2264 1422 2377 1493 γὰρ
2405 1422 2505 1490 τῆς
2558 1421 2699 1490 ὲμῆς
2730 1420 2911 1485 δεξιᾶς
2938 1420 3038 1491 τὴν
3073 1419 3307 1490 δύναμιν
3333 1435 3347 1450 ο
3398 1419 3493 1472 καί
3527 1417 3588 1470 οὐ
3632 1415 3700 1485 ’δή
3753 1431 3844 1467 που

2265 1514 2522 1567 τεθνᾶναι
2555 1513 2949 1578 σπουδάζοντος
2990 1512 3107 1583 ἐρεῖ
3134 1528 3218 1574 τις
3243 1510 3305 1563 τὸ
3337 1510 3510 1580 ῥῆμα,
3550 1507 3849 1578 προειδότος

2266 1605 2324 1659 δὲ
2359 1605 2561 1675 μᾶλλον
2608 1607 2690 1658 ὃτι
2738 1606 2974 1676 νικήσει,
3024 1604 3121 1658 καλ⁸
3169 1603 3458 1674 περιέσται
3511 1599 3605 1654 τοῦ
3656 1597 3850 1653 κακοῦν

2266 1696 2543 1761 ἐθέλοντος
2594 1697 2758 1751 αὐτόν
2781 1712 2796 1728 ⁸
2841 1696 3015 1761 οὕτως
3068 1698 3096 1749 ὁ
3138 1695 3342 1766 Κύριος
3397 1693 3556 1764 ήμῶν
3594 1691 3799 1762 Ἰησοῦς
3824 1692 3851 1744 ό

2266 1789 2532 1860 Χριστὸς,
2587 1787 2829 1859 ὀξυτέρῳ
2871 1789 3076 1859 τρόπον
3121 1787 3244 1840 τινὰ
3297 1785 3600 1856 κεχρῆσθαι
3650 1783 3851 1837 κελεύει
3894 1822 3907 1837 κ

578 1892 756 1945 retur,
806 1893 861 1937 et
916 1885 971 1937 in
1017 1898 1238 1939 crucem
1300 1891 1459 1937 actus
1498 1890 1731 1936 mortem
1779 1888 2071 1943 everteret,
2110 1889 2156 1934 et

2264 1878 2450 1949 δρόμῳ
2494 1878 2587 1930 τὸν
2639 1878 2884 1932 Σατανᾶν
2930 1879 3013 1940 εἰς
3065 1876 3136 1929 τὰ
3183 1878 3270 1929 ἐπ’
3316 1875 3466 1944 αὐτῷ
3513 1874 3850 1944 τολμήματα.

578 1974 935 2030 credentibus
990 1976 1045 2029 in
1101 1988 1226 2030 eum
1280 1978 1515 2030 salutem
1576 1973 1883 2043 perliceret.
1914 1971 2156 2026 Occultal

2263 1971 2439 2037 Δείξει
2487 1971 2595 2040 γὰρ
2639 1970 2741 2041 ήδη
2802 1970 3039 2023 πεσόντα
3090 1967 3356 2037 γελᾶσθαι
3413 1966 3506 2019 τὸν
3559 1965 3850 2035 ἀλιτήριον,

580 2064 752 2133 igitur
781 2068 1049 2136 singulari
1081 2083 1144 2122 ac
1182 2067 1374 2121 divino
1404 2067 1638 2121 consilio
1672 2067 1937 2135 pleraque
1974 2079 2156 2118 eorum

2262 2064 2556 2133 ἐλευθέραν
2588 2079 2649 2115 τε
2684 2063 2786 2132 τὴν
2811 2059 3138 2133 οἰκουμένην
3172 2060 3299 2111 ἰδεῖν
3328 2058 3422 2111 τοῦ
3452 2056 3625 2110 πάλαι
3657 2054 3851 2126 κρατή·
3918 2074 3931 2085 ·

577 2170 700 2221 quae
727 2157 1007 2212 dicuntur.
1039 2158 1263 2215 Sciebat
1315 2159 1487 2222 enim,
1524 2166 1580 2211 ut
1616 2156 1781 2222 Dens,
1820 2171 2156 2226 quaecunque

2264 2172 2456 2217 σαντος
2481 2157 2545 2208 ὲκ
2577 2153 2891 2218 πλεονεξίας
2922 2152 3016 2206 καὶ
3038 2151 3407 2221 νενικηκότος,
3434 2150 3509 2212 ὡς
3530 2148 3590 2213 ἐξ
3619 2148 3848 2216 ἀπάτης,

577 2248 977 2306 conducerent.

574 2354 641 2405 γε
687 2340 795 2411 μὴν
827 2344 876 2395 εἰ
951 2342 1192 2416 μαθηταὶ
1261 2346 1357 2398 τοῦ
1404 2345 1565 2414 λόγου
1610 2343 1711 2415 τὴν
1787 2342 2038 2413 δύναμιν,
2085 2339 2480 2411 οἰκονομικῶς,
2529 2339 2605 2402 ὡς
2655 2339 2824 2403 εἰκὸς,
2872 2338 2973 2392 οὐκ
3023 2335 3473 2405 ἀποκαλύψαντος
3530 2335 3717 2398 αὐτοῖς
3765 2330 3852 2385 τοῦ

575 2431 834 2500 Χριστοῦ,
872 2436 992 2489 ἐπεὶ
1026 2439 1117 2490 καὶ
1152 2440 1210 2490 ἐν
1244 2438 1455 2506 ἑτέροις
1485 2438 1735 2508 φαίνεται
1785 2434 2158 2507 προδιδάσκων
2199 2433 2318 2504 μὲν,
2352 2433 2435 2485 ὅτι
2482 2431 2922 2503 παραδοθήσεται
2968 2433 3047 2494 εἰς
3113 2432 3301 2501 χεῖρας
3335 2427 3703 2500 ἁμαρτω)ῶν,
3761 2422 3852 2478 καὶ

574 2523 658 2576 ὅτι
687 2529 1156 2599 σταυρωθήσεται,
1179 2531 1271 2583 καὶ
1292 2530 1788 2599 ἀποκτανοήσεται,
1811 2529 1905 2581 καὶ
1930 2527 2292 2597 ἀναστήσεται
2323 2526 2388 2593 τῇ
2416 2522 2602 2594 ἡμέρᾳ
2628 2524 2691 2593 τῇ
2757 2523 2915 2593 τρίτῃ
2942 2538 2955 2552 '
3026 2521 3493 2592 παρεγγυώμενος
3528 2518 3586 2572 δὲ
3660 2514 3842 2590 μηδενὶ

572 2619 638 2670 τὸ
671 2623 933 2692 παράπαν
961 2622 1188 2677 τοιαῦτα
1218 2624 1418 2678 λαλεῖν.
1457 2623 1667 2693 Σκοπὸς
1702 2622 1811 2691 γὰρ
1836 2616 1905 2690 ἦν
1976 2616 2124 2687 αὐτῷ
2189 2615 2371 2668 λαθεῖν
2410 2615 2499 2667 τὸν
2547 2613 2785 2683 ἄρχοντα
2836 2607 2931 2665 τοῦ
2979 2612 3175 2675 αἰῶνος
3218 2611 3413 2664 τούτου
3437 2652 3452 2674 ,
3505 2611 3594 2673 τίς
3644 2605 3853 2677 ἀληθῶς

2258 2246 2335 2310 ὡς
2360 2247 2456 2300 καὶ
2498 2248 2597 2313 τῆς
2643 2247 2722 2308 εἰς
2756 2243 2889 2298 Θεὸν
2921 2242 3233 2313 ἀποστῆσαι
3266 2242 3522 2304 πίστεως.
3565 2234 3841 2308 ’Λγνοοῦσί
3946 2242 3949 2247 ’

573 2709 717 2781 atat-35
770 2711 933 2780 φύσιν
982 2714 1151 2779 ἐστὶν,
1203 2713 1290 2766 ἵνα
1341 2712 1437 2765 καὶ
1487 2710 1658 2764 ἐλθὼν
1713 2709 2023 2781 σταυρωθῇ,
2070 2705 2165 2759 καὶ
2204 2703 2542 2773 σταυρωθείς
2602 2704 2769 2774 ἀνέλῃ
2813 2703 2906 2756 τὸν
2951 2702 3202 2763 θάνατον,
3252 2702 3348 2753 καί
3387 2704 3502 2764 τοῖς
3546 2702 3632 2764 εἰς
3699 2699 3854 2753 αὑτὸν

573 2805 889 2859 πιστεύουσι
940 2804 1266 2879 κατορθώσῃ
1312 2805 1411 2874 τὴν
1458 2803 1753 2874 σωτηρίαν.
1787 2799 2181 2872 Κατακρύπτει
2221 2795 2509 2867 τοιγαροῦν
2572 2797 2929 2868 οἰκονομικῶς
2966 2795 3036 2849 τὰ
3080 2794 3310 2849 πλεῖστα
3356 2795 3467 2849 τῶν
3525 2795 3853 2868 λεγομένων.

573 2902 759 2955 Πάντα
796 2899 904 2970 γὰρ
938 2892 1095 2962 οἶδεν,
1125 2898 1201 2961 ὡς
1234 2897 1387 2959 Θεὸς,
1416 2897 1487 2950 τὰ
1516 2897 1887 2967 συμφέροντα.

642 2992 785 3054 Xlll,
812 2991 906 3047 ἓξ).
935 2990 1163 3056 Quidam
1186 2993 1325 3046 enim
1363 2990 1644 3058 putabant,
1673 2991 1798 3059 quia
1832 2990 2032 3043 (oculos
2068 2987 2165 3040 Ita-

573 3084 748 3142 Debet,
790 3080 929 3151 quod
978 3081 1203 3135 dixisset
1249 3081 1296 3134 ei
1334 3079 1542 3134 Jews:
1583 3078 1709 3132 Eme
1758 3095 1821 3133 ea
1861 3094 1979 3149 quis
2029 3091 2157 3145 opus

572 3186 695 3229 sunt
730 3175 879 3228 nobis
932 3174 1001 3227 ad
1047 3174 1185 3226 diem
1224 3174 1418 3242 festum
1456 3189 1474 3226 :
1501 3181 1593 3226 aut
1630 3175 1805 3243 egenis
1853 3183 1908 3226 ut
1951 3171 2157 3237 aliquid

572 3268 749 3319 duret.

2340 2982 2504 3048 Τινὲς
2536 2981 2605 3035 δὲ
2635 2981 2912 3044 ἐδόκουν,
2946 2981 3077 3036 ἐπεὶ
3112 2984 3182 3037 τὸ
3216 2982 3669 3052 γλωσσόκομον
3699 2977 3856 3052 εἶχεν

2267 3076 2300 3127 ό
2346 3073 2595 3140 Ἰούδας,
2618 3074 2706 3126 ὄτι
2735 3070 2905 3126 εἶπεν
2928 3073 3091 3138 αὐτῷ
3116 3075 3151 3127 ὁ
3194 3071 3437 3139 Ἰησοῦς
3460 3088 3472 3101 ’
3526 3070 3856 3140 Ἀγόρασον

2263 3157 2586 3235 ὤν’γρείαν
2614 3164 2837 3233 ἔχομεν
2881 3167 2969 3231 εἰς
3019 3165 3136 3235 τὴν
3167 3164 3421 3234 ἑορτὴν,
3457 3165 3495 3235 ἣ
3537 3167 3668 3234 τοῖς
3699 3183 3848 3220 nunc

2268 3258 2401 3328 χοῖς
2434 3260 2535 3311 ἵνα
2564 3275 2617 3311 τι
2648 3258 2751 3322 δῷ.

642 3357 779 3411 Cum
813 3372 921 3410 non
958 3354 1329 3428 intelligerent
1361 3356 1624 3426 discipuli
1656 3357 1787 3426 quid
1818 3355 1923 3410 sibi
1956 3356 2156 3409 vellent

2337 3350 2412 3403 Οὐ
2455 3351 2730 3413 συνιέντες
2762 3353 2812 3403 οἰ
2860 3350 3099 3422 μαθηταί
3146 3350 3242 3404 τοῦ
3277 3351 3438 3419 λόγου
3474 3350 3573 3421 τὴν
3606 3352 3854 3423 δύναμιν,

573 3448 739 3501 verba
787 3445 1125 3513 Scrvatoris,
1152 3447 1219 3501 at]
1259 3446 1558 3501 familiares
1591 3454 1645 3501 et
1675 3447 1925 3516 vulgatas
1972 3446 2157 3514 suspi-

573 3542 764 3595 ciones
814 3548 1102 3595 vertuntur
1135 3541 1306 3607 illico,
1334 3548 1389 3594 et
1430 3556 1552 3610 qua:
1590 3539 1851 3593 Servatur
1891 3540 2160 3605 imperare

574 3634 809 3697 solebat,
842 3633 957 3687 hinc
1004 3648 1202 3690 rursus
1233 3649 1357 3690 eum
1396 3633 1641 3687 indicare
1674 3631 2019 3686 existimant.
2064 3627 2160 3681 Die

572 3737 812 3791 namque
856 3722 997 3778 festo
1034 3722 1357 3777 imminente
1391 3721 1746 3776 crediderunt
1775 3719 1823 3772 ei
1865 3717 1961 3786 qui
2007 3730 2159 3769 mar-

572 3817 791 3885 s‘upium
845 3816 1087 3871 habebat
1141 3815 1458 3869 mandatum
1503 3821 1563 3866 ut
1618 3810 1870 3867 nonnihil
1924 3815 2155 3871 erueret,

571 3908 718 3976 quod
747 3909 813 3962 ad
848 3907 1046 3962 festum
1074 3915 1224 3963 esset
1254 3906 1512 3963 idoneum
1549 3922 1560 3957 :
1592 3912 1689 3959 aut
1721 3912 1891 3968 certe,
1925 3900 2071 3970 quod
2105 3898 2155 3953 ei

572 4012 783 4068 magnae
830 3998 1102 4068 imprimis
1130 4012 1279 4055 cura:
1312 4006 1452 4061 erat,
1497 3996 1826 4065 imperatum
1871 4001 1928 4046 ut
1966 3991 2157 4061 egenis

571 4100 638 4141 ex
676 4086 876 4142 oblatis
916 4088 1081 4144 rebus
1125 4104 1226 4158 pro
1269 4102 1459 4143 earum
1492 4085 1944 4141 subministraret
1992 4084 2157 4137 modo

572 4179 910 4234 necessaria.
942 4180 1129 4234 Bonus
1155 4180 1299 4235 enim
1331 4195 1395 4234 ac
1424 4177 1747 4234 misericors
1780 4176 2068 4237 Dominus,
2099 4180 2157 4227 ut

573 4272 846 4340 scriptum
878 4281 960 4326 est
997 4272 1063 4326 ⁸⁸.
1092 4271 1428 4327 Prmclarum
1466 4283 1597 4324 vero
1623 4268 1785 4323 nobis
1817 4268 1983 4321 etiam
2018 4265 2155 4335 ipsis

570 4365 884 4434 exemplum
925 4364 1056 4418 hinc
1110 4365 1456 4435 proponitur.
1494 4359 1765 4430 Oportere
1817 4357 2021 4427 quippe
2068 4372 2158 4409 ar-

573 4455 747 4508 bitror
786 4464 844 4508 ut
874 4456 966 4525 qui
1016 4470 1153 4525 pure
1199 4464 1251 4511 et
1295 4456 1452 4525 juxta
1496 4454 1589 4509 Dei
1640 4453 1902 4523 placitum
1953 4451 2153 4505 festum

569 4547 714 4600 diem
733 4563 895 4617 agere
927 4551 1137 4607 volunt.
1159 4564 1267 4603 non
1298 4550 1475 4602 solum
1511 4547 1714 4601 ketitize
1746 4559 1860 4599 sua:
1882 4545 2154 4598 rationem

572 4640 829 4704 habeant,
869 4654 1047 4709 neque
1079 4640 1401 4708 provideant
1430 4636 1708 4707 quomodo
1745 4634 1848 4690 soli
1887 4634 1989 4703 ipsi
2029 4649 2153 4687 eum

2262 3443 2356 3495 ἐπὶ
2387 3442 2485 3506 τὰς
2534 3443 2787 3513 συνήθεις
2833 3443 3093 3504 ὑπονοίας
3134 3442 3526 3513 εὐπετέστερον
3572 3444 3854 3515 τρέχουσι,

2263 3534 2357 3587 καί
2395 3535 2540 3604 ἅπερ
2593 3530 2662 3604 ἦν
2701 3534 2821 3596 ἔθος
2857 3532 2936 3603 τῷ
2989 3534 3202 3605 Σωτῆρι
3233 3537 3595 3603 προστάττειν
3622 3577 3635 3599 ,
3687 3535 3856 3589 ταῦτα

2261 3626 2426 3679 πάλιν
2462 3627 2625 3679 αὑτὸν
2655 3626 2860 3680 οἴονται
2891 3626 3108 3693 δηλοῦν.
3162 3627 3361 3695 Ἐγγὺς
3387 3628 3495 3699 γὰρ
3539 3628 3717 3700 οὔσης
3759 3628 3855 3699 τῆς

2261 3717 2477 3787 ἑορτῆς,
2523 3717 2937 3785 προσεδόκησαν
2982 3716 3165 3770 τιτῶν
3198 3718 3277 3780 εἰς
3317 3718 3490 3790 αὐτὴν
3532 3719 3857 3788 ἐπιτηδείων

2262 3808 2594 3880 ὲκπρίασθαι
2639 3810 2883 3862 κε-λεύειν
2926 3810 3077 3882 αὐτῷ
3107 3809 3184 3881 τῷ
3219 3809 3614 3881 γλωσσόκομον
3658 3811 3855 3882 ἔχοντι,

2261 3901 2431 3971 ήγουν
2482 3903 2719 3972 μάλιστα
2770 3902 2832 3955 τὸ
2870 3902 3020 3972 αὑτῷ
3073 3902 3548 3975 περισπούδαστον
3600 3904 3857 3970 ἐξανύσαι

2262 3994 2641 4064 προστάττειν,
2676 3994 2823 4046 τοῦτ’
2846 3993 2984 4057 ἔστι,
3010 3993 3079 4047 τὰ
3103 3996 3220 4056 τοῖς
3244 3993 3519 4064 δεομένοις
3546 3996 3859 4067 ἐπαρκέσαι

2259 4084 2556 4154 δυνάμενα,
2587 4085 2730 4137 κατά
2762 4101 2827 4152 γε
2850 4085 2911 4137 τὸ
2935 4085 3049 4138 τῶν
3078 4084 3610 4157 προσκομιζομένων
3635 4089 3856 4158 μέτρον.

2258 4176 2511 4247 Χρηστδς
2556 4178 2664 4247 γὰρ
2704 4177 2800 4229 καὶ
2850 4176 3100 4246 ἐλεήμων
3126 4177 3154 4229 ὁ
3185 4176 3430 4248 Κύριος,
3476 4179 3623 4233 κατὰ
3667 4178 3729 4232 τὸ
3764 4193 3856 4246 γε·

2259 4268 2597 4339 γραμμένον.
2653 4269 2909 4339 ’Ἄριστος
2938 4269 2993 4321 δὲ
3034 4268 3242 4341 σφόδρα
3294 4269 3389 4323 καὶ
3430 4270 3565 4340 ἡμῖν
3605 4271 3799 4333 αὐτοῖς
3830 4270 3858 4322 ό

2258 4358 2351 4412 τοῦ
2410 4360 2739 4431 πράγματος
2788 4360 3147 4430 εὑρεθήσεται
3220 4360 3411 4424 τύπος.
3470 4363 3694 4434 Χρῆναι
3749 4361 3857 4431 γὰρ

2258 4446 2413 4520 οἶμαι
2453 4453 2580 4515 τοὺς
2626 4453 2907 4521 ἑορτάζειν
2957 4452 3277 4515 ἐθέλοντας,
3339 4435 3616 4524 καθαρῶς.
3651 4472 3717 4507 τε
3763 4455 3859 4506 καὶ

2259 4543 2604 4614 ἀρεσκόντως
2635 4544 2775 4614 Θεῷ.
2810 4546 2929 4614 οὐχὶ
2964 4544 3131 4614 μόνης
3157 4547 3261 4616 τῆς
3296 4540 3447 4613 σφῶν
3478 4546 3668 4599 αὐτῶν
3702 4545 3859 4598 εὐθυ-

2265 4633 2392 4705 μίμς
2431 4634 2700 4688 ποιεῖσθαι
2744 4636 2921 4705 λόγον,
2950 4636 3072 4688 οὐδὲ
3101 4638 3249 4699 ὅπως
3282 4637 3349 4691 ἂν
3379 4639 3535 4691 αὐτοί
3572 4640 3671 4692 καὶ
3704 4639 3855 4707 μόνοι

569 4725 851 4780 hilaritate
882 4742 1007 4780 cum
1041 4736 1326 4797 peragant,
1353 4726 1450 4781 sed
1490 4726 1557 4779 ad
1589 4740 1779 4777 curam
1808 4740 1964 4779 suam
1994 4725 2155 4779 mise—

2261 4725 2550 4780 διατελοῖεν
2585 4726 2785 4798 ἰλαρῶς
2820 4730 3090 4798 προνοεῖν,
3142 4729 3573 4784 συναναπλέκειν
3610 4730 3673 4783 δὲ
3719 4728 3850 4799 μᾶλ-

571 4820 869 4873 ricordiam
895 4821 948 4874 in
976 4836 1181 4889 egenos
1207 4821 1533 4889 adiungant.
1557 4817 1712 4871 Tunc
1739 4818 1883 4871 enim
1917 4818 2152 4870 aliorum

2261 4817 2344 4870 λον
2381 4820 2446 4889 τῇ
2475 4819 2652 4888 οἰκείᾳ
2690 4818 2970 4890 φροντίδι,
3008 4822 3104 4873 καὶ
3147 4820 3249 4891 τὴν
3284 4822 3375 4873 ἐπὶ
3422 4824 3536 4884 τοῖς
3567 4821 3857 4892 δεομένοις

569 4925 699 4981 erga
734 4912 873 4967 alios
905 4912 1223 4965 dilectionis
1268 4912 1442 4981 legem
1474 4908 1787 4978 itnplentes.
1829 4908 2030 4963 festum
2068 4925 2154 4962 re-

2261 4908 2439 4979 φειδώ.
2474 4910 2608 4962 Τότε
2641 4910 2772 4980 γὰρ,
2799 4910 2924 4962 τότε
2950 4912 3040 4963 τὸν
3082 4912 3183 4981 τῆς
3215 4913 3296 4975 εἰς
3327 4912 3592 4982 ἀλλήλους
3622 4913 3854 4981 ἀγάπης

572 5020 699 5058 mra
752 5006 999 5075 spiritale
1056 5004 1340 5059 Servatori
1390 5002 1619 5057 Christo
1664 5017 2011 5073 peragemus.
2066 5000 2153 5055 lal-

2261 5002 2705 5075 ὶποπληροῦντες
2741 5001 2976 5072 θεσμὸν,
3012 5005 3207 5075 ἑορτὴν
3246 5005 3417 5069 ὅντως
3461 5005 3856 5076 πνευματικὴν

568 5097 725 5150 rirco
757 5108 811 5152 et
846 5098 931 5152 lex
966 5097 1100 5151 olim
1145 5094 1352 5150 Iudaeis
1401 5094 1600 5149 tradita
1639 5094 1708 5150 de
1742 5110 1941 5148 manna
1995 5095 2153 5148 colli-

565 5188 768 5255 gendo,
813 5203 922 5242 non
959 5187 1140 5242 solum
1182 5187 1286 5242 sibi
1341 5187 1913 5257 colligere—permittit
1945 5186 2016 5241 iis
2058 5187 2150 5257 qui

569 5284 751 5334 tacere
784 5280 933 5335 istud
976 5279 1239 5349 possint:
1279 5278 1670 5352 Unusquisque
1715 5279 1886 5344 enim,
1937 5280 2149 5350 inquit,

2251 5093 2641 5162 ἐπιτελέσομεν
2681 5092 2761 5163 τῷ
2792 5093 3006 5165 Σωτῆρι
3050 5096 3294 5167 Χριστῷ.
3343 5097 3642 5168 Τοιγάρτοι
3690 5098 3789 5150 καὶ
3828 5097 3858 5148 ὁ

2256 5187 2428 5241 πάλαι
2459 5188 2575 5248 τοῖς
2617 5186 2891 5250 Ἰουδαίοις
2922 5187 3328 5251 διακελευσθείς
3361 5187 3528 5257 νόμος
3557 5188 3620 5241 ὲν
3658 5191 3731 5259 τῇ
3758 5184 3853 5241 τοῦ

2259 5279 2434 5349 μάννα
2472 5276 2798 5348 συγκομιδῇ,
2820 5280 2879 5332 ού
2910 5279 3095 5351 μόνοις
3124 5281 3312 5344 αὐτοῖς
3340 5280 3530 5349 ἐφίησι
3562 5280 3857 5349 συλλέγειν

565 5382 619 5425 et
650 5371 1145 5427 contubernalibus
1178 5373 1381 5428 vestris
1418 5372 1657 5442 colligite
1686 5373 1752 5429 '7.
1784 5372 1918 5426 Nam
1957 5373 2001 5427 si
2045 5373 2150 5426 ali-

2261 5371 2380 5431 τοὺς
2434 5368 2595 5422 τοῦτο
2648 5370 2909 5440 πράττειν
2978 5371 3264 5443 ἰσχύοντας
3291 5389 3305 5403 ⁶
3366 5372 3650 5436 Ἕκαστος
3717 5373 3852 5441 γὰο,

567 5462 693 5530 quis
729 5464 1209 5517 contubernalium
1246 5464 1455 5519 viribus
1492 5464 1788 5525 caruisset,
1812 5464 2020 5532 quibus
2058 5476 2146 5515 ro-

567 5644 1007 5711 commodantes,
1045 5663 1151 5703 uua
1197 5664 1459 5704 mensura
1497 5662 1596 5702 sua
1635 5647 1800 5700 etiam
1838 5647 1986 5715 quod
2019 5645 2146 5699 aliis

565 5734 837 5789 sulliceret
877 5742 1321 5809 comportabant,
1372 5747 1454 5799 ut,
1491 5739 1644 5807 juxta
1674 5736 2024 5804 Srripturam
2059 5737 2127 5799 98,

2254 5463 2421 5530 φησί,
2458 5461 2691 5525 καὶτοῖς
2734 5468 3026 5532 συσκήνοις
3074 5465 3231 5534 ὑμῶν
3276 5463 3592 5527 συλλέξατε.
3635 5464 3706 5517 Εἰ
3750 5470 3855 5535 γέρ

567 5553 675 5606 bur
727 5554 999 5625 integrum
1062 5564 1202 5622 erat,
1244 5557 1353 5610 vim
1407 5571 1562 5611 suam
1618 5556 1669 5611 ei
1736 5556 2146 5625 quodammodo

2261 5571 2333 5615 τις
2385 5554 2615 5623 ὴτόνησε
2658 5555 2766 5609 τῶν
2813 5559 3137 5627 ὁμοσκήνων
3187 5557 3411 5623 αὐτοῖς,

2254 5648 2603 5712 πεπονθότες,
2629 5650 2925 5721 κιχρῶντες
2946 5650 3137 5723 ῶσπερ
3166 5651 3317 5721 αὐτῷ
3339 5651 3438 5721 τὴν
3483 5651 3627 5705 ἰδίαν
3664 5652 3850 5721 ἰσχὺν,

2247 5739 2599 5809 συνεκόμιζον
2640 5741 2717 5811 τῷ
2752 5743 2940 5813 οἰκείῳ
2970 5743 3186 5815 μέτρω,
3219 5744 3314 5798 καί
3365 5744 3428 5797 τὸ
3466 5745 3583 5806 τοῖς
3621 5742 3843 5816 ἑτέροις

3456 5559 3505 5609 οἱ
3561 5557 3645 5626 μὴ
3689 5556 3855 5609 τούτο

638 5830 681 5860 *⁸
727 5828 914 5887 Matth.
951 5849 1095 5899 xvn,
1128 5834 1231 5902 '21,
1265 5835 1381 5901 9.2-,
1416 5833 1548 5887 Luc.
1588 5846 1734 5894 χχιιι,
1775 5831 1805 5881 7
1905 5833 1948 5862 9“
1991 5831 2105 5886 .loel

2287 5834 2365 5885 l5.
2447 5834 2494 5865 ’7‘
2532 5833 2703 5888 Exod.
2744 5851 2831 5887 ιινι
2857 5875 2869 5897 ,
2908 5836 2991 5890 16.
3073 5837 3118 5871 ’⁸
3157 5837 3293 5891 ibid.
3339 5837 3422 5891 18.
