4104 6424
319 311 431 370 149

1359 323 1424 377 ΙΝ
1448 322 1735 380 JOANNIS
1770 316 2225 376 EVANGELIUM
2255 318 2385 373 LIB.
2424 318 2515 375 IX.

3473 322 3610 379 I50"-

314 428 552 523 dpxefav,
583 430 690 494 ἵνα,
728 432 872 486 κατὰ
900 434 962 488 τὸ
998 438 1385 523 γεγραμμένον
1404 480 1418 502 ,
1462 442 1490 492 ὁ
1519 441 1618 510 μὲν
1647 439 1707 492 τὺ
1746 437 1903 502 πολὺ,

2026 436 2102 505 ιιιί
2140 435 2398 500 multum,
2423 435 2473 491 ei
2504 450 2613 490 non
2646 447 3000 506 superesset;
3037 436 3133 506 qui
3162 446 3349 491 autem
3378 437 3584 502 minus,

319 519 401 587 μὴ
438 518 715 594 πλεονάσῃ
740 560 755 583 ,
791 525 819 576 ὁ
844 524 899 577 δὲ
935 525 998 577 τὸ
1029 525 1269 590 ἔλαττον,
1311 518 1386 599 μὴ
1420 528 1718 599 ὲλαττωθῇ.
1750 526 1908 581 υῦτω

2026 543 2114 582 non
2148 526 2387 582 deesset.
2427 526 2522 581 Sic
2566 528 2714 582 enim
2760 527 2866 583 hoc
2898 526 3066 583 veluti
3099 526 3345 598 quodam
3376 535 3580 598 tempe-

313 610 433 678 γὰρ
475 605 567 682 ἦν,
595 612 958 683 ἀνακράσεως
1010 615 1199 687 ὥσπερ
1249 619 1396 681 τινὸς
1439 617 1778 688 γενομένης,
1816 615 1907 668 τὸν

2026 625 2260 672 ἰιηιεηιο
2299 619 2636 689 ιειιυειίιειίε
2667 619 2811 673 ratio
2850 620 3067 674 cunctis
3096 618 3312 674 servari
3345 626 3585 688 poterat.

312 700 420 772 τῆς
480 702 724 773 ἰσότητος
778 706 950 760 ἅπασι
1010 707 1275 774 σώζεσθαι
1319 711 1495 781 λόγον.
1549 711 1750 765 Ἀδικεῖ
1794 727 1907 763 τοι-

311 791 531 862 γαροῦν
587 795 681 847 τὸν
728 800 851 862 ταῖς
893 800 1078 868 ἁγίαις
1121 802 1334 874 ἑορταῖς
1380 804 1663 874 πρέποντα
1715 802 1908 865 τύπον,

310 888 343 936 ὁ
388 885 471 957 μὴ
519 889 588 959 τῇ
640 890 820 963 οἰκείᾳ
873 893 1117 962 φροντίδι
1163 894 1262 965 τὴν
1321 895 1430 948 τῶν
1474 895 1751 968 δεομένων
1786 912 1908 947 συν-

314 978 654 1047 αναμιγνύς.
715 981 817 1053 Εἶη
870 982 980 1054 γάρ
1040 983 1106 1038 ἂν
1160 986 1334 1050 δντως
1395 986 1558 1056 ἑορτὴ
1621 984 1799 1038 τελεία
1848 986 1907 1037 τὸ

318 1084 611 1141 συναμμσ.

390 1162 612 1217 Λαϐὼν
643 1164 712 1218 δὲ
744 1165 811 1219 τὸ
846 1170 1102 1237 ψωμίον,
1140 1171 1325 1236 εὐθὺς
1346 1170 1612 1239 ἐξῆλθεν
1651 1168 1905 1234 ἐκεῖνος.

314 1247 443 1308 Ἠν
468 1252 543 1307 δὲ
570 1255 708 1320 νὺξ,
736 1256 837 1311 ὅτε
871 1259 1150 1325 ἐξῆλθεν.

392 1347 668 1415 Δρομαῖος
700 1345 921 1401 ἄπεισιν
950 1351 1041 1403 ἐπὶ
1074 1350 1135 1403 τὸ
1162 1350 1239 1421 τῷ
1265 1351 1498 1421 διαϐόλῳ
1537 1350 1750 1413 δοκοῦν,
1817 1350 1913 1404 καὶ

2004 710 2266 765 Ordinem
2316 710 2485 781 igitur
2518 720 2578 766 et
2606 711 2898 767 formulam
2933 711 3145 767 sanctis
3190 709 3350 766 festis
3382 724 3589 764 conve-

2008 801 2248 855 nientent
2293 801 2484 867 violat,
2534 803 2630 870 qui
2682 818 2796 859 suae
2855 818 3002 859 curae
3039 818 3343 875 pauperum
3397 817 3587 858 curam

2014 907 2123 947 non
2157 892 2442 948 admiscet.
2468 894 2565 948 Illa
2597 895 2803 965 quippe
2834 894 3158 965 conjunctio
3196 892 3444 964 perfecta
3466 882 3593 949 vere

2016 992 2099 1039 cst
2132 983 2426 1041 festivitas.

2080 1159 2218 1225 XIII,
2253 1160 2344 1216 50.
2384 1162 2517 1216 Cum
2546 1179 2668 1233 ergo
2699 1164 2983 1230 accepisset
3019 1163 3111 1218 ille
3142 1163 3457 1232 bucellam,
3501 1177 3596 1216 (κο

2009 1252 2099 1303 ivit
2130 1250 2554 1305 continuo.Erat
2591 1262 2771 1307 autem
2800 1268 2927 1317 nox,
2960 1254 3172 1323 quando
3201 1254 3381 1309 exivit.

2082 1342 2243 1424 7.53
2276 1325 2509 1399 Diabolo
2540 1344 2728 1399 statim
2756 1344 3104 1415 obsequitur,
3137 1352 3192 1401 et
3217 1354 3395 1401 αδδιτο
3425 1344 3598 1400 veluti

317 1434 583 1505 καθάπερ
623 1438 859 1511 οίστρῶν
902 1441 996 1494 καὶ
1030 1442 1384 1512 δεδονημένος
1425 1443 1524 1513 τῆς
1574 1442 1675 1512 μὲν
1730 1441 1913 1505 ἑστίας

2026 1436 2250 1505 quodam
2306 1451 2371 1490 ac
2414 1436 2659 1491 stimulis
2696 1436 2962 1491 incitatus
2997 1436 3162 1491 domo
3191 1436 3398 1502 exsilit,
3431 1436 3600 1490 nihil-

315 1526 611 1592 ἐξάλλεται
644 1546 658 1560 ⁸
693 1533 941 1602 κρεῖττον
969 1533 1024 1586 δὲ
1056 1534 1192 1597 ὅλως
1222 1533 1371 1587 οὐδὲν
1396 1533 1493 1604 τῆς
1539 1532 1913 1602 φιλοκερδείας

324 1620 454 1689 ὁρᾷ,
475 1621 571 1673 καὶ
591 1621 652 1673 τό
668 1639 733 1691 γε
764 1623 1092 1693 παράδοξον,
1114 1624 1264 1677 οὐδὲν
1290 1625 1354 1677 ὲκ
1377 1623 1475 1693 τῆς
1502 1622 1749 1691 εὐλογίας
1765 1622 1911 1691 ὠφέ-

316 1710 482 1782 λιμον
513 1712 935 1784 εὑρήσομεν,ὃιά
955 1715 1055 1786 τὴν
1076 1714 1302 1769 ἐνοῦσαν
1323 1714 1474 1787 αὐτῷ
1504 1715 1745 1786 δηλονότι
1784 1715 1912 1767 δυσ-

317 1804 596 1857 κάθεκτον
646 1805 728 1868 είς
765 1805 826 1859 τὸ
857 1806 1292 1877 χρηματίζεσθαι
1341 1808 1537 1878 ῥοπήν.
1591 1789 1910 1876 Προκεκρα-

318 1894 566 1963 τημένος
617 1895 722 1966 γὰρ
778 1896 857 1967 τῷ
912 1876 1099 1962 πάθει,
1170 1896 1265 1950 καὶ
1302 1876 1598 1968 ὁλόκλήρον
1622 1895 1801 1967 ἑαυτῷ
1828 1896 1918 1948 τὸν
1949 1876 1995 1935 Β

318 1986 551 2056 ἀπάσης
570 1987 801 2058 ἀνομίας
834 1988 1040 2043 ὠδίνων
1069 1988 1300 2059 πατέρα,
1329 1990 1449 2044 οὐδὲ
1477 1991 1599 2043 ὅποι
1631 1989 1761 2043 ποτὲ
1792 1988 1918 2059 τρέ-

318 2096 411 2149 χει
444 2079 636 2133 λοιπὸν
662 2081 691 2134 ὁ
727 2080 962 2145 δείλαιος
994 2082 1404 2157 διασκέπτεται.
1462 2081 1652 2135 Νύκτα
1689 2080 1798 2152 γάρ
1828 2077 1920 2135 οὖν

315 2171 519 2242 ὥσπερ
546 2171 690 2234 τινὰ,
714 2172 810 2227 καὶ
841 2171 1057 2243 ζοφώδη
1091 2172 1460 2244 διαλογισμῶν
1495 2172 1728 2227 ἀνοσίων
1755 2173 1921 2244 ὲσμδν

316 2264 382 2316 ὲν
434 2262 683 2335 στέρνοις
711 2262 871 2331 ἐλὼν,
902 2266 982 2328 είς
1018 2264 1146 2336 ᾅδου
1186 2265 1437 2336 πυθμένα
1484 2264 1578 2318 καὶ
1612 2265 1693 2329 εἰς
1722 2264 1921 2318 πεταυ-

320 2372 421 2426 ρον
442 2356 712 2427 καταντᾷ,
748 2355 845 2410 καὶ
869 2356 1013 2410 κατά
1052 2356 1143 2409 τὸν
1171 2357 1230 2411 ὲν
1263 2357 1588 2427 Παροιμίαις
1619 2355 1799 2425 λόγον,
1845 2356 1921 2420 ὼς

318 2448 530 2518 ἔλαφος
553 2445 875 2501 ὲπισπεύδει
910 2448 1211 2519 πεπληγὼς
1235 2451 1315 2513 είς
1352 2449 1413 2503 τὸ
1460 2443 1616 2521 ἧπαρ
1665 2446 1925 2517 τοξεύμα·

318 2558 401 2603 τι,
429 2540 464 2612 ἢ
489 2538 567 2603 ὡς
586 2538 734 2593 κύων
759 2539 854 2592 ἐπὶ
901 2539 1161 2611 δεσμοὺς,
1204 2541 1305 2594 οὐκ
1335 2540 1491 2604 εἰδὼς
1524 2541 1605 2593 ὅτι
1654 2540 1783 2610 περὶ
1824 2540 1924 2609 ψυ-

322 2632 431 2702 χῆς
462 2631 674 2702 τρέχει.
705 2628 815 2684 Καί
843 2647 935 2700 μοι
974 2631 1051 2702 μὴ
1110 2632 1288 2702 μάτην
1330 2632 1504 2684 εἰπεῖν
1552 2633 1582 2684 ὁ
1641 2629 1924 2691 Θεσπέσιος

320 2719 743 2791 εὐαγγελιστὴς,
782 2720 865 2773 ὅτι
922 2738 941 2771 ι
976 2719 1173 2775 Λαϐὼν
1215 2721 1275 2773 τὸ
1309 2719 1527 2789 ψωμίον
1569 2717 1790 2790 ἐξῆλθεν
1836 2719 1925 2771 εὐ-

323 2810 446 2875 θύς.
484 2830 503 2862 ι
544 2810 727 2873 Δεινὺς
754 2813 864 2879 γὰρ
891 2812 919 2863 ὁ
954 2811 1198 2874 Σατανᾶς
1227 2812 1308 2874 εἰς
1332 2811 1395 2864 τὸ
1436 2813 1552 2874 τοῖς
1581 2794 1728 2876 ἅπαξ
1763 2808 1925 2862 ἀλοῦ-

325 2922 378 2957 σι
411 2904 511 2956 καὶ
534 2902 628 2956 ὑπ’
665 2903 829 2956 αὐτὸν
853 2903 1103 2972 γεγονόσι
1138 2902 1501 2974 προστάττειν
1528 2902 1691 2967 εὐθὺς
1736 2901 1923 2969 ἐξανύ-

320 3014 408 3048 ειν
435 2996 505 3048 τὰ
541 2994 773 3065 πονηρὰ,
795 2995 890 3048 καὶ
910 2996 1225 3066 μελλήσεως
1248 2995 1468 3065 ἁπάσης
1500 2995 1624 3066 δίχα
1644 2994 1706 3047 τὸ
1733 2993 1924 3047 δοκοῦν

320 3084 478 3155 αὐτῷ
530 3078 989 3155 κατεργάζεσθαι,
1035 3086 1130 3139 καὶ
1174 3086 1272 3156 οὐχ
1320 3087 1544 3149 ἑκόντας
1590 3087 1922 3154 ἀναγκάσαι.

323 3170 514 3225 Δέδιεν
545 3172 697 3236 ἴσως,
731 3173 1023 3244 πικρόνους
1051 3191 1110 3227 τε
1137 3174 1399 3248 ὑπάρχων
1424 3175 1532 3240 ἀεὶ,
1568 3176 1665 3229 καὶ
1724 3176 1923 3249 δριμὺς
1949 3217 1992 3273 C

325 3266 408 3326 είς
430 3264 792 3335 κακουργίαν,
827 3265 902 3336 μὴ
924 3265 1031 3335 ἀρα
1068 3283 1151 3330 τις
1180 3267 1238 3319 ὲν
1270 3269 1391 3330 ταῖς
1421 3266 1748 3337 ὑπερθέσεσι
1784 3285 1923 3339 παρ-

324 3355 704 3425 εισδραμοῦσα
742 3356 1083 3427 μετάγνωσις
1128 3357 1664 3429 μεταδουλεύσασθαί
1713 3377 1767 3412 τι
1814 3360 1923 3413 τῶν

323 3445 557 3515 ἀγαθῶν
595 3447 994 3521 παρασκευάσῃ
1045 3450 1135 3502 τὸν
1182 3448 1488 3520 ἄνθρωπον,
1533 3451 1631 3503 καὶ
1674 3450 1924 3522 καθάπερ

326 3536 459 3590 τι.νά
510 3536 685 3608 μέθην
730 3537 1033 3592 ἀποθέσθαι
1066 3538 1161 3592 τοῦ
1212 3538 1304 3592 νοῦ
1357 3540 1455 3609 τὴν
1506 3541 1586 3604 εἰς
1648 3541 1925 3611 ἁμαρτίαν

252 3704 261 3709 _
326 3630 551 3701 ἡδονὴν,
581 3628 688 3695 ἔξω
721 3646 784 3683 τε
822 3629 1053 3698 παγίδος
1097 3631 1302 3705 ἐλκύσῃ
1325 3632 1427 3702 τῆς
1465 3634 1595 3704 παρ’
1625 3633 1791 3687 αὑτοῦ
1833 3634 1925 3686 τὸν

327 3721 436 3792 ἠδη
485 3720 950 3793 κατειλημμένον.
1003 3724 1100 3777 Διά
1155 3724 1361 3795 ταύτην
1411 3721 1566 3797 οἶμαι
1609 3727 1707 3797 τὴν
1745 3727 1925 3781 αἰτίαν

328 3813 651 3867 ἐπικεῖσθαι
685 3814 777 3868 τὸν
816 3815 1094 3886 ἀλιτήριον
1137 3819 1250 3880 τοῖς
1294 3817 1385 3870 ὑπ’
1427 3818 1589 3872 αὑτὸν
1619 3819 1922 3887 γεγονόσιν,

328 3906 413 3969 είς
440 3905 504 3957 τὸ
534 3904 669 3976 δρᾷν
694 3905 1015 3974 ἐπείγεσθαι
1046 3909 1140 3963 καὶ
1182 3909 1328 3978 μάλα
1353 3909 1573 3981 γοργῶς
1595 3911 1656 3963 τὸ
1688 3912 1926 3983 ἀρέσκον

328 3995 505 4067 αὐτῷ.
540 3996 654 4049 Καὶ
680 3997 811 4064 γοὶν
845 3998 937 4050 τὸν
994 3999 1197 4053 Ἰούδαν
1228 4001 1372 4071 μετά
1402 4002 1463 4055 τὸ
1504 4002 1741 4073 ψωμίονκ
1762 4003 1925 4066 εὐθὺς

326 4087 643 4156 ἀναγκάζει
686 4087 910 4152 λοιπὸν,
952 4088 1027 4151 ὡς
1072 4089 1177 4142 ὑπὸ
1235 4095 1395 4160 χεῖρα
1440 4090 1623 4143 λαόὼν
1650 4130 1665 4153 ,
1702 4091 1796 4143 ἐπὶ
1828 4091 1927 4160 τὴν

326 4179 510 4243 οὕτως
569 4180 786 4233 ἀνόσιον
838 4180 976 4234 ἱέναι
1029 4182 1269 4253 πρᾶξιν,
1306 4182 1530 4246 δεδιὼς,
1569 4180 1711 4237 κατά
1753 4200 1815 4250 γε
1866 4185 1928 4235 τὸ

328 4276 504 4335 είκδς,
530 4272 670 4343 ὁμοῦ
710 4275 776 4342 τῇ
811 4272 1153 4343 μεταγνώσει
1195 4275 1289 4328 καὶ
1325 4275 1423 4343 τὴν
1455 4277 1517 4328 ἐκ
1541 4276 1640 4345 τῆς
1676 4276 1929 4344 εὐλογίας

325 4364 601 4434 δύναμιν,
650 4365 724 4436 μὴ
772 4364 883 4436 ἄρα
913 4381 1029 4428 πως
1071 4368 1127 4419 ἐν
1161 4368 1226 4438 τῇ
1257 4366 1351 4419 τοῦ
1385 4366 1674 4438 ἀνθρώπου
1712 4366 1924 4439 καρδία,

327 4458 515 4527 φωτὸς
573 4458 946 4527 ἀναλάμψασα
986 4458 1180 4530 δίκην,
1228 4459 1593 4532 ἀγαθουργείν
1654 4462 1927 4532 ἀναπείσῃ

2020 1544 2127 1598 que
2177 1527 2283 1583 sibi
2337 1528 2635 1598 persuadet
2688 1528 2826 1582 lucri
2880 1527 3067 1583 studio
3120 1526 3509 1597 praestabilius,
3545 1533 3602 1580 et

2018 1619 2169 1690 quod
2229 1619 2452 1682 mirere,
2494 1618 2631 1673 nihil
2678 1619 2937 1677 utilitatis
2985 1634 3113 1674 eum
3153 1635 3219 1674 ex
3249 1618 3467 1689 eulogia
3506 1632 3603 1673 ce-

2019 1713 2168 1784 pisse
2193 1713 2622 1782 comperiemus,
2644 1727 2756 1782 prae
2776 1711 3040 1768 eﬂ'renato
3062 1713 3323 1767 nimirum
3355 1711 3606 1783 pecunia:

2020 1804 2229 1860 studio.
2255 1803 2473 1873 Quippe
2507 1818 2632 1859 cum
2676 1803 2870 1859 morbo
2905 1803 2998 1858 illo
3028 1803 3182 1874 prius
3217 1810 3617 1870 tenereturret:

2023 1896 2234 1967 peccati
2296 1904 2507 1966 patrem
2546 1896 2602 1950 in
2649 1897 2835 1966 seipso
2893 1902 3068 1949 totum
3110 1894 3464 1965 exprimeret,
3490 1910 3605 1965 quo

2022 2000 2268 2057 praeceps
2284 1994 2408 2039 ruat
2431 2000 2502 2041 ne
2527 1984 2641 2052 jam
2667 1979 2888 2055 quidem
2917 1984 3088 2039 miser
3108 1984 3357 2053 dispicit.
3374 1981 3603 2040 Noctem

2022 2079 2225 2151 quippe
2257 2077 2423 2133 veluti
2459 2076 2756 2149 quamdam
2788 2085 2843 2132 et
2877 2077 3171 2147 impiarum
3206 2077 3605 2148 cogitationum

2024 2172 2133 2236 vim
2166 2178 2281 2226 toto
2316 2178 2536 2242 pectore
2577 2170 2890 2241 suscipiens
2932 2169 2987 2223 in
3027 2167 3365 2239 profundunt
3405 2169 3607 2224 inferni

2026 2260 2158 2327 ruit,
2187 2268 2261 2326 et,
2301 2269 2359 2316 ut
2384 2260 2437 2315 in
2460 2258 2778 2316 Proverbiis
2806 2260 3076 2331 scriptum
3101 2268 3192 2317 est
3215 2262 3285 2329 ”,
3310 2261 3469 2332 quasi
3493 2276 3608 2317 cer-

2023 2368 2129 2407 vus
2157 2358 2439 2422 properat,
2465 2353 2669 2422 sagitta
2691 2351 3016 2407 vulneratus
3043 2345 3098 2406 in
3126 2352 3339 2423 iecore,
3371 2360 3467 2407 aut
3486 2359 3610 2407 tan-

2024 2456 2194 2513 quam
2229 2443 2388 2499 canis
2431 2443 2499 2497 ad
2532 2443 2773 2508 vincula,
2814 2444 3074 2500 nesciens
3111 2444 3239 2515 quia
3280 2459 3382 2514 pro
3425 2444 3609 2499 anima

2025 2533 2222 2589 currit.
2269 2532 2459 2603 Neque
2517 2549 2647 2589 vero
2704 2533 2911 2589 frustra
2964 2536 3100 2590 mihi
3148 2536 3361 2592 dixisse
3391 2534 3612 2591 videtur

2024 2626 2387 2698 evangelista,
2410 2646 2428 2678 ι
2465 2626 2603 2682 Cum
2622 2627 2930 2697 accepisset
2947 2628 3276 2694 buccellam,
3290 2629 3461 2684 exivit
3478 2643 3613 2684 con-

2025 2719 2200 2773 tinuo.
2241 2738 2260 2770 ι
2312 2717 2466 2774 Solet
2495 2720 2643 2776 enim
2688 2719 2923 2776 Satanas
2968 2734 3067 2775 eos
3116 2735 3261 2790 quos
3313 2721 3485 2776 semel
3518 2735 3614 2777 ce-

2026 2810 2194 2880 perit,
2222 2811 2443 2882 sibique
2481 2811 2756 2868 obnoxios
2811 2811 3025 2877 fecerit,
3055 2814 3243 2867 acrius
3293 2827 3511 2883 urgere,
3551 2823 3614 2868 ut

2026 2900 2300 2956 continuo
2335 2901 2479 2956 mala
2509 2912 2793 2971 peragant,
2828 2912 2884 2957 et
2913 2909 2973 2956 ut
3005 2902 3127 2958 sine
3161 2915 3314 2956 mora
3343 2902 3613 2972 imperata

2029 2990 2236 3046 faciant
2286 3006 2488 3063 cogere
2513 2992 2597 3047 vel
2643 2993 2919 3048 nolentes.
2948 2990 3128 3048 Timet
3159 3006 3354 3062 nempe
3400 2991 3613 3054 forsan,

2028 3097 2135 3152 qua
2189 3089 2277 3138 est
2317 3082 2385 3136 ad
2426 3080 2757 3136 maleficium
2808 3082 3182 3152 peragendum
3235 3082 3441 3137 mentis
3470 3083 3617 3137 acri-

2026 3171 2234 3238 monia,
2271 3186 2343 3227 ne
2368 3170 2498 3226 dum
2528 3178 2849 3237 cunctatur,
2872 3172 3150 3228 subeunte
3170 3171 3520 3242 paenitentia,
3548 3174 3615 3227 ad

2027 3263 2308 3319 meliorem
2367 3262 2582 3332 frugem
2622 3263 2787 3319 homo
2836 3278 2898 3319 se
2932 3263 3184 3333 recipiat,
3209 3270 3264 3319 et
3316 3278 3385 3319 ex
3432 3263 3620 3318 animo

2025 3355 2368 3424 voluptatem
2393 3370 2516 3425 quae
2558 3354 2624 3410 ad
2667 3366 2957 3425 peccatum
3009 3356 3243 3426 impellit
3273 3371 3375 3411 ceu
3417 3371 3619 3426 crapu-

2028 3447 2133 3499 lam
2167 3445 2430 3516 deponat,
2456 3454 2511 3502 et
2537 3462 2605 3502 ex
2637 3446 2761 3518 ejus
2798 3448 3010 3518 laqueis
3050 3463 3173 3504 sese
3204 3448 3426 3504 tandem
3450 3463 3619 3518 expe‘

2025 3536 2162 3601 diat.
2220 3535 2374 3592 Hanc
2417 3538 2488 3594 ob
2531 3553 2760 3595 causam
2811 3540 3021 3595 instare
3078 3540 3418 3611 perditorem
3458 3540 3618 3595 illum

2027 3627 2146 3681 suis
2179 3626 2421 3683 subditis
2454 3628 2676 3699 opinor,
2724 3645 2936 3701 eosque
2983 3631 3052 3686 ad
3109 3645 3252 3703 opus
3300 3632 3486 3688 acrius
3525 3648 3621 3686 ur-

2027 3734 2155 3791 gere
2177 3720 2323 3789 quod
2365 3721 2470 3787 sibi
2520 3722 2813 3793 placuerit.
2858 3722 2925 3777 Et
2955 3723 3179 3793 quidem
3209 3722 3410 3780 Judam
3455 3726 3621 3781 simul

2029 3828 2095 3868 ac
2134 3812 2359 3868 offulam
2394 3815 2729 3887 sumpsisset
2784 3816 2932 3885 cogit
2972 3816 3145 3877 illico,
3188 3824 3247 3870 ut
3274 3816 3369 3887 qui
3414 3816 3530 3885 jam
3564 3816 3623 3870 in

2029 3904 2297 3961 ditionem
2328 3920 2486 3960 suam
2517 3909 2836 3970 transisset,
2863 3907 2932 3965 ad
2982 3916 3093 3960 tam
3136 3905 3365 3975 impium
3401 3905 3622 3961 facinus

2031 4013 2091 4053 se
2130 3999 2543 4066 quamprimum
2601 3999 2915 4069 accingere,
2965 3998 3201 4064 veritus,
3249 4006 3307 4053 ut
3351 3998 3622 4058 credibile

2029 4097 2135 4156 est,
2170 4090 2335 4144 simul
2370 4104 2495 4144 cum
2527 4090 2857 4160 poenitentia
2882 4089 2991 4143 vim
3021 4104 3244 4161 quoque
3270 4090 3525 4163 eulogiae,
3553 4107 3622 4146 ne

2032 4184 2221 4252 utique
2256 4182 2308 4236 in
2351 4182 2501 4239 illius
2549 4183 2792 4239 hominis
2828 4183 2998 4238 corde
3043 4184 3186 4238 lucis
3242 4184 3418 4239 instar
3462 4181 3623 4238 πίτυι-

2029 4288 2167 4344 gens
2215 4288 2339 4329 eum
2392 4272 2462 4328 ad
2524 4273 2664 4329 bene
2734 4273 2934 4345 agendi
2995 4272 3246 4328 studium
3311 4281 3620 4334 revocaret,

2030 4367 2193 4440 eique
2248 4366 2525 4422 saniorem
2586 4373 2827 4422 mentem
2894 4366 3134 4428 inderet,
3170 4364 3265 4434 qui
3320 4362 3620 4419 consilium

2028 4460 2141 4527 jam
2166 4468 2392 4530 ceperat
2420 4459 2688 4526 prodendi
2716 4458 3054 4513 Servatoris.
3075 4458 3388 4511 Damonem
3417 4455 3623 4525 quippe

329 4547 666 4619 προελέσθαι
726 4549 927 4618 μᾶλλον
979 4551 1176 4616 αὐτὸν,
1236 4552 1405 4622 ἤγουν
1459 4552 1520 4606 τὸ
1559 4553 1820 4624 φρόνημα
1869 4553 1926 4605 τὸ

2036 4550 2090 4605 id
2124 4558 2317 4606 contra
2373 4566 2475 4605 nos
2528 4548 2711 4605 facere
2751 4548 2974 4602 solitum
3013 4563 3079 4602 ex
3126 4548 3194 4600 iis
3229 4561 3351 4616 qua:
3392 4544 3622 4615 figurate

327 4642 562 4713 γνήσιον
595 4640 812 4713 ἐντέκῃ.
849 4641 926 4712 τῷ
1076 4643 1370 4719 προδοῦναι
1400 4645 1588 4699 λοιπὸν
1621 4646 1926 4699 ἀναπεπει-

330 4712 546 4805 σμένῳ.
579 4712 843 4806 Ὅτιιγάρ
879 4734 999 4798 ἔθος
1024 4712 1190 4789 τοῦτο
1215 4712 1474 4806 πράττειν
1496 4738 1584 4790 ἀεὶ
1615 4737 1736 4791 καθ’
1772 4737 1933 4808 ἡμῶν

330 4827 411 4897 τῷ
441 4826 686 4895 δαίμονι,
720 4827 813 4880 καὶ
852 4826 940 4880 διὰ
972 4827 1080 4881 τῶν
1122 4829 1181 4881 ὲν
1206 4829 1366 4899 τύπῳ
1397 4829 1699 4898 γεγονότων
1727 4831 1932 4897 γνωσό-

330 4919 503 5003 μεθα.
544 4919 875 4988 Ἐποιήσατο
894 4919 995 4989 μὲν
1020 4920 1129 4990 γὰρ
1162 4920 1267 4973 ὑπὸ
1289 4923 1447 4993 χεῖρα
1472 4922 1597 4986 τοὺς
1642 4920 1931 4985 Ἰουδαίους

340 5006 599 5081 ὁφαραὼ
636 5012 758 5067 κατ’
803 5009 1083 5078 Αἴγυπτον
1134 5011 1296 5076 ὄντας
1348 5012 1462 5075 ἔτι,
1521 5012 1678 5084 πηλῷ
1734 5012 1789 5065 δὲ
1834 5014 1931 5065 καὶ

336 5101 618 5171 πλινθεία,
651 5102 746 5155 καὶ
787 5104 908 5165 ταῖς
944 5101 1053 5155 τῶν
1080 5102 1258 5173 ἔργων
1290 5104 1558 5172 ἀνάγκαις
1589 5105 1932 5176 ὲγκατατρύ-

333 5194 530 5263 χεσθαι
558 5194 774 5265 πικρῶς
796 5194 1060 5259 ἐπιτάξας
1090 5197 1307 5262 αὐτοὺς,
1339 5197 1531 5250 οὐδένα
1559 5215 1618 5250 τε
1648 5201 1768 5261 ταῖς
1796 5198 1934 5269 πρὸς

333 5286 475 5340 Θεὸν
510 5286 773 5351 ἱκετείαις
823 5286 1258 5361 ὲδίδουκκαιρόν.
1304 5290 1414 5341 Καὶ
1458 5288 1590 5356 γοῦν
1639 5290 1775 5360 πρὸς
1806 5290 1932 5351 τοὺς

336 5379 450 5432 τῶν
480 5378 664 5449 ἔργων
692 5379 1062 5445 ὲπιστάτας,-ι
1101 5379 1446 5450 Βαρυνέσθω,
1487 5382 1643 5450 φησὶ,
1682 5381 1749 5434 τὰ
1794 5379 1934 5451 ἔργα

336 5470 450 5525 τῶν
480 5468 793 5538 ἀνθρώπων
827 5470 1055 5535 τούτων,
1083 5471 1177 5524 καὶ
1211 5470 1287 5540 μὴ
1311 5473 1736 5542 μεριμνάτωσαν
1756 5471 1935 5539 λόγοις

334 5562 543 5624 κενοῖς,
580 5579 598 5610 ι
630 5559 823 5626 λόγους
859 5563 1048 5624 κενοὺς
1076 5560 1359 5634 ὀνομάζων
1397 5563 1497 5635 τὴν
1526 5566 1604 5627 εἰς
1634 5563 1926 5633 ἐλευθέραν

415 5739 465 5772 ν’
504 5740 670 5796 Prov.
710 5757 816 5808 vn,
850 5742 938 5796 25.
1020 5741 1034 5772 ¹
1081 5740 1253 5797 Exod.
1288 5759 1338 5812 v,
1373 5743 1425 5799 9.

2032 4654 2187 4715 gesta
2222 4653 2350 4699 sunt
2390 4659 2777 4716 agnoscemtts.
2831 4642 3105 4699 Submisit
3135 4642 3338 4712 quippe
3369 4640 3475 4695 sibi
3522 4638 3622 4695 Ju-

2033 4739 2181 4794 daeos
2210 4736 2427 4791 Pharao
2476 4738 2530 4790 in
2568 4735 2806 4807 Egyptn
2852 4734 3138 4804 degentes,
3176 4748 3387 4803 eosque
3417 4733 3536 4787 luto
3565 4743 3623 4788 et

2034 4829 2322 4893 lateribus,
2345 4827 2580 4898 aliisque
2614 4827 2956 4883 necessariis
2985 4826 3249 4890 operibus
3276 4833 3389 4879 tam
3424 4825 3623 4881 acerbe

2034 4920 2219 4977 vexari
2253 4921 2448 4991 jussit,
2478 4929 2537 4975 ut
2568 4920 2781 4975 nullum
2814 4917 3018 5003 orandi
3049 4917 3146 4974 Dei
3182 4926 3402 4989 tempus
3423 4918 3506 4974 eis
3531 4932 3621 4973 re-

2033 5012 2329 5083 linqueret.
2372 5013 2455 5067 Atl
2503 5027 2733 5083 operum
2780 5013 2985 5082 quippe
3038 5009 3331 5080 praefectos
3369 5027 3382 5064 :
3417 5027 3437 5061 ι
3479 5007 3621 5064 Gra-

2030 5113 2250 5170 veutur,
2300 5106 2513 5176 inquit,
2561 5120 2728 5175 Opera
2784 5104 3071 5159 hominum
3123 5102 3394 5167 istorum,
3438 5116 3620 5172 neque

2030 5206 2229 5253 vacent
2266 5199 2425 5253 vanis
2458 5197 2813 5253 sermonibus
2842 5198 2896 5261 ';
2939 5216 2956 5246 ι
2996 5209 3170 5250 vanos
3198 5206 3484 5251 sermones
3519 5206 3617 5263 ap»

2031 5277 2242 5356 pellans
2286 5286 2557 5343 libertatis
2602 5285 2872 5346 studium,
2926 5285 3431 5352 vehementemque
3470 5280 3618 5335 illius

2030 5377 2423 5447 recuperandae
2481 5378 2761 5442 ardorem,
2795 5375 2959 5449 744
3006 5373 3294 5432 servitutis
3361 5370 3617 5442 deplora-

2031 5472 2260 5537 tionem,
2303 5488 2371 5529 ac
2420 5473 2711 5529 meliorum
2744 5470 3107 5527 desiderium.
3151 5464 3272 5521 Non
3326 5464 3619 5537 ignorabat

2037 5566 2213 5628 enim,
2243 5567 2286 5622 si
2321 5566 2633 5623 istiusmodi
2657 5564 2821 5621 rebus
2838 5560 3172 5619 meditandis
3192 5566 3621 5629 occupat-eumn,
