4104 6444
538 296 632 353 hii
1496 301 1554 356 S.
1580 300 1854 358 CYRILLI
1899 303 2370 361 ALEXANDRINI
2408 305 2731 364 ARCHIEP.
3705 307 3806 366 {32

531 430 642 470 non
673 429 864 485 parum
899 415 981 471 eis
1014 416 1142 480 inde
1183 417 1440 474 utilitatis
1475 421 1815 477 adfuturum.
1850 425 1890 475 Α
1932 424 2114 494 Iiguris

2223 424 2335 491 ἕξιν
2360 425 2700 499 ἀναδρομὴν,
2731 424 2824 479 καὶ
2861 423 2953 478 τὸν
2977 425 3072 478 ἐπὶ
3101 426 3167 497 τῇ
3204 424 3422 500 δουλεία
3455 424 3676 499 θρῆνον,
3717 428 3810 481 καὶ

535 507 703 577 igitur
754 507 824 563 ad
876 509 1131 583 veritatis
1169 511 1506 580 agnitionem
1559 514 1749 579 delati,
1782 515 2126 584 reperiemus

2215 516 2314 586 τὴν
2354 519 2446 571 ἐπὶ
2476 517 2585 570 τῶν
2618 517 2927 572 καλλίστων
2958 520 3289 589 προσευχήν.
3343 519 3458 572 Οὑκ
3491 520 3676 589 ἠγνόει
3698 520 3811 591 γὰρ

536 600 796 655 Satanam
851 602 1032 672 ipsmn
1089 604 1314 659 assidue
1366 621 1561 675 urgere
1613 622 1711 661 eos
1758 624 1901 677 quos
1953 610 2114 665 semel

2215 608 2301 661 διὰ
2348 608 2450 678 τῆς
2495 610 2555 662 ὲν
2609 609 2826 673 τούτοις
2870 608 3070 680 σχολῆς
3115 610 3177 663 οὑ
3226 609 3433 681 μικρὰν
3478 610 3810 683 εὑρήσοντας

532 690 675 745 intra
722 706 820 746 sua
858 692 996 748 retia
1044 693 1334 759 clauserit,
1363 703 1417 750 et
1469 696 1521 748 in
1577 695 1906 767 obsequium
1947 713 2110 753 suum

532 783 756 850 penitus
791 783 1086 839 adduxerit

2220 699 2430 772 ὄνησιν.
2475 701 2610 755 Ἀπὸ
2646 701 2712 772 δὴ
2746 700 2855 754 τῶν
2882 700 3072 755 τύπων
3099 701 3194 754 ἐπὶ
3226 701 3326 773 τὴν
3364 700 3476 754 τῶν
3513 702 3811 773 ἀληθεστέ-

2232 800 2342 863 ρων
2381 791 2759 864 θεωρημάτων
2808 793 2980 858 ίόντες
3027 792 3367 862 ἐπίγνωσιν,
3413 794 3810 863 κατεπείγοντα

532 874 735 946 σφόδρα
781 877 874 931 τὸν
923 878 1168 933 Σατανᾶν
1217 880 1556 952 εὑρήσομεν,
1604 882 1744 952 πρὸς
1791 882 1855 936 τὺ
1902 884 2101 955 κρῆναι
2140 884 2406 956 πράττειν
2444 885 2512 939 τὰ
2548 887 2765 957 πονηρά
2812 887 2940 951 τοὺς
3002 886 3147 941 οείσω
3210 888 3481 952 πεσόντας
3524 887 3635 940 τῶν
3676 889 3809 961 παρ’

527 966 696 1022 αὑτοῦ
746 968 982 1023 δικτύων
1004 1010 1021 1036 ,
1064 972 1159 1023 καὶ
1183 971 1498 1043 ὁλοκλήρως
1529 972 1630 1044 ήδη
1672 977 2123 1048 κεκρατημένους
2158 979 2240 1042 εἰς
2270 979 2576 1050 ὑπουργίαν
2600 978 2711 1034 τῶν
2746 980 3093 1053 ἀρεσκόντων
3126 981 3296 1054 αὐτῷ.

610 1059 748 1125 XIII,
784 1062 875 1124 5i,
910 1061 1000 1115 52.
1033 1061 1164 1118 Cum
1187 1080 1310 1133 ergo
1341 1066 1556 1126 exisset,
1577 1065 1718 1119 dixit
1742 1065 1902 1122 Iesus
1922 1083 1940 1120 :
1962 1066 2122 1125 Nunc

526 1151 868 1219 clari/iratus
894 1159 974 1204 est
1016 1149 1195 1207 Filius
1223 1153 1474 1219 hominis,
1510 1164 1559 1208 et
1598 1154 1741 1210 Deus
1784 1156 2123 1226 clariﬁcatus

523 1251 599 1294 est
624 1242 675 1295 in
699 1257 780 1294 eo.
807 1243 867 1296 Si
895 1240 1034 1296 Deus
1057 1242 1389 1314 clariﬁcatus
1424 1255 1504 1300 est
1536 1247 1589 1299 in
1628 1263 1711 1310 eo,
1745 1256 1797 1323 et
1832 1247 1976 1302 Deus
2006 1248 2124 1302 cla-

525 1331 756 1401 riﬁcabit
807 1348 927 1387 eum
980 1334 1035 1387 in
1067 1337 1367 1406 semetipsa,
1392 1346 1442 1390 et
1499 1340 1748 1392 continuo
1790 1338 2106 1407 clari/icabit

520 1439 666 1478 euut.

596 1516 719 1569 Exit
766 1510 988 1586 quidem
1051 1517 1305 1586 proditor
1347 1517 1557 1575 diaboli
1605 1522 1817 1577 artibus
1879 1523 2115 1593 obsecu-

525 1614 689 1662 turus
727 1626 740 1664 :
775 1607 1036 1663 Christus
1103 1625 1238 1665 vero
1300 1626 1613 1668 sermonem
1673 1614 1934 1680 inchoat,
1989 1615 2117 1671 hinc

524 1700 756 1768 ﬁgurate
805 1700 1219 1770 quodammodo
1270 1702 1512 1760 innuens
1560 1719 1671 1759 non
1701 1720 1822 1762 esse
1853 1707 2113 1763 erunibus

525 1794 732 1862 passim
782 1795 1095 1865 evulganda
1149 1811 1273 1865 qtue
1320 1798 1457 1851 solis
1504 1796 1778 1853 debentur
1829 1799 2108 1870 ingenuis.

522 1884 636 1941 Nec
664 1886 812 1940 enim
838 1887 997 1941 decet
1023 1881 1289 1942 sanctum
1314 1887 1436 1942 dari
1468 1889 1722 1953 canibus,
1751 1889 1911 1959 juxta
1938 1890 2112 1960 ipsius
2146 1873 2187 1927 Β

523 1981 790 2042 vocem',
820 1977 920 2033 scd
970 1993 1151 2050 neque
1204 1966 1534 2051 margaritas
1588 1984 1901 2053 proculcari
1948 1998 2110 2039 suum

527 2069 784 2138 pedibus.
827 2070 983 2138 Quod
1021 2072 1194 2142 igitur
1220 2074 1386 2128 etiam
1421 2076 1576 2146 prius
1618 2075 1807 2146 specie
1834 2075 2114 2146 parabolae

522 2166 692 2228 dixit,
727 2166 833 2221 hoc
863 2167 1069 2222 docere
1096 2180 1330 2223 conatur
1364 2177 1615 2239 tempore
1642 2168 1710 2224 ad
1741 2185 1880 2239 opus
1907 2178 1962 2225 et
1992 2170 2113 2224 cla-

521 2261 729 2315 riorem
756 2258 1290 2317 demonstrationem
1318 2270 1569 2317 vocante.
1592 2261 1724 2318 Post
1747 2261 2111 2318 defectionem

522 2351 697 2421 igitur
727 2351 1150 2422 aqdiscessum
1197 2353 1517 2423 proditoris,
1563 2355 1941 2410 communicat
1992 2363 2114 2408 tan-

522 2430 650 2497 dem
687 2451 749 2497 ut
792 2459 1041 2514 congruo
1081 2445 1344 2499 nimirum
1381 2456 1631 2516 tempore
1662 2447 1917 2516 genuinis
1942 2445 2116 2501 disci-

521 2533 672 2603 pulis
717 2539 1004 2607 mysteria,
1035 2544 1091 2592 et
1133 2538 1248 2592 ait:
1280 2556 1299 2590 ι
1330 2536 1488 2593 Nunc
1527 2539 1867 2594 clariﬁcatus
1902 2547 1986 2594 est
2026 2536 2118 2593 Fi-

524 2628 633 2683 lius
667 2627 933 2693 hominis,
976 2648 995 2681 »
1040 2639 1096 2684 et
1127 2644 1224 2699 per
1254 2629 1359 2684 hoc
1390 2628 1615 2700 quidem
1649 2630 1949 2683 salutarem
1991 2644 2117 2698 pas-

523 2721 739 2775 sionem
776 2720 1055 2791 signiﬁcat
1083 2721 1221 2791 ipsis
1250 2721 1363 2791 jam
1394 2721 1613 2777 foribus
1652 2721 2032 2775 imminentem
2060 2729 2117 2776 et

524 2812 688 2882 paulo
727 2821 853 2883 post
900 2813 1167 2869 futuram.
1199 2812 1579 2869 Clariiicatum
1605 2828 1739 2869 vero
1779 2810 1978 2867 Filium
2020 2813 2116 2867 ho-

522 2905 695 2961 minis
739 2905 838 2965 ait.
882 2921 995 2960 non
1037 2906 1318 2961 diversum
1345 2921 1374 2959 a
1406 2921 1467 2962 se
1505 2906 1677 2959 alium
1713 2903 2008 2975 quemdam
2040 2905 2130 2958 εἰσιν

517 2996 819 3063 ᾳηίίὶοεηε,
841 3015 948 3052 non
971 2997 1219 3062 divisim,
1240 3006 1301 3052 ut
1322 2999 1501 3053 visum
1530 3006 1613 3053 est
1641 2997 1946 3061 nonnullis,
1976 3012 2116 3053 unus

464 3113 481 3126 -
517 3090 664 3144 enim
718 3089 895 3146 Filius
955 3089 1238 3153 Christus,
1291 3097 1347 3144 et
1402 3098 1532 3144 ante
1578 3103 1826 3154 carnem,
1878 3095 1932 3143 et
1990 3104 2115 3143 cum

2295 1070 2438 1126 Ὀτε
2468 1067 2585 1127 οὖν
2621 1072 2875 1143 ἐξῆλθε,
2920 1074 3085 1142 λέγει
3121 1075 3156 1128 ό
3199 1072 3477 1142 Ἰησοῦς’
3512 1072 3649 1129 Νῦν
3677 1074 3810 1130 ἐδο-

2223 1162 2423 1231 ξάσθη
2463 1166 2497 1219 ό
2555 1164 2692 1231 Υιὸς
2732 1165 2841 1219 τοῦ
2885 1163 3237 1233 ἀνθρώπου,
3287 1165 3388 1220 καὶ
3426 1167 3460 1218 ὁ
3495 1164 3641 1230 Θεὸς
3674 1165 3808 1219 ἐδο-

2223 1255 2423 1324 ξάσθη
2458 1255 2531 1310 ἐν
2571 1255 2754 1322 αὐτῷ.
2791 1258 2862 1310 El
2901 1259 2935 1311 ὀ
2968 1255 3116 1322 Θεὸς
3169 1254 3474 1325 ἐδοξάσθη
3521 1256 3591 1310 ἐν
3625 1255 3806 1321 αὐτῷ,

2223 1347 2320 1401 καὶ
2354 1348 2540 1414 αὐτὸς
2579 1346 2831 1413 δοξάσει
2878 1349 3070 1404 αὑτὸν
3105 1348 3177 1403 ἐν
3206 1347 3431 1415 ἐαυτῷ,
3475 1348 3576 1403 καί
3627 1348 3813 1415 εὐθὺς

2221 1435 2473 1502 δοξάσει
2503 1440 2717 1493 αὐτόν.
3581 1477 3585 1481 ι

2295 1530 2504 1594 Ἔξεισι
2548 1529 2648 1601 μὲν
2685 1533 2714 1583 ὁ
2750 1529 3019 1602 προδότης
3045 1530 3160 1593 τοῖς
3195 1527 3292 1581 τοῦ
3332 1527 3578 1583 διαϐόλου
3610 1546 3813 1603 στρατ-

2219 1622 2502 1694 ηγήμασιν
2532 1621 2916 1693 ὑπηρετήσων·
2964 1620 3194 1692 ἄρχεται
3240 1618 3299 1673 δὲ
3338 1618 3434 1673 τοῦ
3473 1619 3635 1688 λόγου
3677 1621 3815 1693 Χρι-

2219 1715 2364 1781 στὸς,
2393 1714 2494 1768 οὑκ
2535 1714 2617 1777 εἰς
2644 1713 2745 1777 τὰς
2769 1714 2990 1767 πάντων
3016 1712 3188 1777 ἀκοὰς
3212 1711 3282 1766 τά
3322 1712 3509 1783 μόνοις
3529 1713 3814 1784 πρέποντα

2216 1810 2329 1872 τοῖς
2360 1806 2606 1879 γνησίοις
2646 1804 2928 1860 λαλεῖσθαι
2967 1805 3079 1859 δεῖν
3099 1846 3113 1865 .
3158 1804 3235 1867 ὡς
3266 1804 3324 1857 ὲν
3352 1804 3511 1875 τύπῳ
3533 1844 3549 1869 ,
3600 1806 3696 1860 καὶ
3721 1804 3816 1858 διὰ

2216 1882 2411 1955 τούτου
2437 1898 2727 1953 διδάσκων.
2763 1899 2839 1952 Οὑ
2869 1897 2980 1968 γάρ
3010 1897 3212 1951 διδόναι
3242 1896 3511 1967 προσήκει
3548 1895 3609 1949 τὸ
3649 1895 3813 1965 άγιον

2215 1995 2329 2056 τοῖς
2356 1992 2503 2055 κυσὶ,
2535 1991 2679 2046 κατά
2717 1989 2816 2062 τὴν
2845 1988 3013 2044 αὑτοῦ
3038 1988 3243 2060 φωνὴν,
3273 1987 3389 2042 ἀλλ’
3407 1986 3531 2041 οὐδὲ
3556 1990 3671 2052 τοῖς
3695 1987 3811 2042 ὑῶν
3862 2024 3871 2029 -
3930 2063 3945 2079 0

2216 2080 2601 2153 ὲνυϐρίζεσθαι
2633 2080 2761 2135 ποσὶ
2789 2080 2919 2144 τοὺς
2956 2079 3304 2151 μαργαρίτας
3344 2079 3464 2149 ὲᾷν.
3500 2078 3680 2150 ὀπερ
3712 2075 3812 2133 οὖν

2218 2172 2321 2245 ἔφη
2357 2172 2455 2226 καὶ
2499 2173 2803 2245 πρότερον,
2853 2172 2931 2237 ὡς
2975 2174 3034 2226 ἐν
3063 2171 3192 2225 εἴδει
3237 2170 3597 2243 παραϐολῆς,
3649 2170 3816 2225 τοῦτο

2217 2266 2479 2338 πειρᾶται
2517 2265 2806 2321 διδάσκειν
2838 2264 3037 2337 καιροῦ
3080 2264 3378 2330 καλοῦντος
3406 2265 3489 2329 είς
3518 2263 3682 2335 ἔργον
3712 2265 3815 2318 καὶ

2220 2356 2565 2428 σαφεστέραν
2616 2356 2900 2422 ἐπίδειξιν.
2954 2357 3112 2411 Μετὰ
3155 2356 3336 2410 τοίνυν
3386 2355 3480 2409 τοῦ
3535 2355 3807 2427 προδότου

2218 2447 2318 2516 τὴν
2348 2447 2652 2501 ἀπόστασιν
2691 2449 2786 2502 καὶ
2813 2449 2915 2520 τῆς
2952 2441 3144 2513 ἑστίας
3184 2448 3286 2520 τὴν
3309 2448 3648 2522 ἀποδρομὴν,
3673 2450 3815 2503 ἀνα-

2217 2538 2497 2593 κοινοῦται
2535 2539 2753 2605 λοιπὸν,
2789 2539 2867 2604 ὡς
2912 2540 2972 2595 έν
3002 2538 3182 2613 καιρῷ
3228 2539 3310 2612 τῷ
3347 2540 3644 2612 πρέποντι,
3691 2543 3817 2604 τοῖς

2216 2632 2464 2703 γνησίοις
2511 2631 2622 2685 τῶν
2679 2630 2944 2702 μαθητῶν
2995 2630 3065 2684 τά
3107 2633 3424 2703 μυστήρια,
3472 2631 3567 2683 καί
3624 2647 3809 2702 φησιυ

2224 2743 2243 2776 ι
2275 2722 2390 2778 Νῦν
2410 2721 2672 2794 ἐδοξάσθη
2688 2725 2717 2778 ό
2737 2723 2867 2787 Υἱὸς
2891 2722 2986 2776 τοῦ
3012 2722 3302 2796 ἀνθρώπου
3326 2740 3339 2753 ·
3372 2742 3393 2775 ι
3423 2722 3521 2776 καὶ
3551 2723 3820 2793 σημαίνει

2222 2816 2323 2889 μὲν
2342 2815 2433 2869 διά
2453 2815 2645 2869 τούτου
2671 2815 2732 2869 τὸ
2764 2817 3032 2887 σωτήριον
3066 2816 3258 2881 πάθος,
3292 2815 3369 2879 ὡς
3394 2814 3455 2869 ὃν
3486 2815 3580 2869 ἐπὶ
3617 2814 3819 2885 θύραις

2218 2926 2281 2963 τε
2333 2911 2428 2963 καὶ
2473 2908 2574 2979 ἤδη
2611 2908 2990 2980 παρεσόμενον
3039 2906 3178 2979 μετὰ
3227 2907 3422 2979 βραχύ.
3475 2906 3815 2974 Δεδοξάσθαι

2220 3018 2284 3072 γε
2319 3000 2427 3072 μὴν
2469 3000 2564 3055 τὸν
2605 2999 2737 3055 Υίδν
2776 2999 2870 3053 τοῦ
2921 2999 3214 3072 ἀνθρώπου
3245 2999 3448 3070 φησὶν,
3478 3000 3576 3070 οὑχ
3619 3000 3816 3070 ἕτερόν

2219 3107 2341 3144 τινα
2380 3089 2558 3159 λέγων
2606 3090 2739 3161 παρ’
2784 3090 3001 3157 ἑαυτὸν,
3046 3090 3107 3143 οὑ
3140 3088 3515 3163 διῃρημένως,
3546 3089 3812 3160 καθάπερ

520 3197 713 3249 carne,
751 3192 805 3238 et
856 3183 1182 3254 priusquam
1239 3184 1406 3237 homo
1465 3181 1621 3261 ﬁeret
1668 3181 1832 3236 sicuti
1893 3197 2020 3249 nos,
2063 3197 2114 3239 et

2226 3180 2376 3247 ἔδοξέ
2401 3197 2573 3235 τισιν·
2605 3176 2687 3245 είς
2724 3180 2835 3252 γὰρ
2866 3180 2995 3244 Υἱὸς
3019 3181 3050 3234 ό
3080 3180 3316 3253 Χριστὸς
3340 3222 3356 3246 ,
3387 3180 3483 3234 καὶ
3526 3179 3635 3252 πρὸ
3676 3195 3818 3252 σαρ-

521 3282 817 3345 postquam
852 3274 1031 3330 factus
1069 3285 1156 3330 est
1199 3274 1389 3331 homo.
1418 3256 1708 3338 Quomodo
1739 3288 1870 3328 vero
1907 3273 2108 3327 clariﬁ-

520 3377 709 3422 catum
763 3381 826 3421 se
866 3381 994 3422 esse
1027 3365 1282 3427 allirmet,
1312 3365 1678 3435 quaerendum
1726 3372 1833 3421 est.
1868 3364 2120 3421 Dixerint

519 3457 665 3512 enim
705 3456 895 3513 forsan
931 3457 1103 3528 aliqui
1130 3477 1144 3513 :
1175 3456 1367 3513 Nonne
1393 3468 1446 3513 et
1473 3457 1627 3528 prius
1663 3455 2004 3511 clariﬁcatus
2031 3463 2119 3511 est

518 3563 646 3602 cum
680 3547 948 3603 miracula
980 3546 1364 3604 faceret?Nam
1387 3562 1498 3602 uno
1516 3547 1684 3603 verbo
1709 3547 1925 3619 placato
1948 3547 2113 3611 mari,

518 3649 574 3694 et
597 3640 912 3695 vehementi
933 3648 1225 3695 ventorum
1268 3641 1472 3711 impetu
1500 3643 2115 3711 compresso,adoratus

518 3742 603 3790 est
636 3732 858 3803 quidem
885 3734 955 3789 ab
983 3734 1053 3789 iis
1089 3733 1182 3803 qui
1211 3734 1266 3787 in
1295 3733 1515 3804 navigio
1543 3743 1676 3790 tunc
1699 3744 1879 3801 erant,
1913 3733 2117 3789 audiit-

517 3836 658 3894 que:
678 3843 697 3877 ι
724 3822 1055 3881 VereFilius
1072 3824 1167 3880 Dei
1190 3842 1252 3881 cs
1270 3826 1311 3881 ³.
1340 3845 1357 3878 ι
1386 3825 1679 3893 Praeterea,
1697 3842 1822 3883 cum
1842 3826 2112 3882 Lazarum

518 3916 587 3971 ad
637 3916 807 3970 vitam
846 3916 1051 3972 reverti
1091 3917 1379 3985 jussisset,
1416 3918 1557 3974 adeo
1614 3918 1834 3974 celebre
1868 3916 1972 3971 fuit
2010 3916 2115 3970 mi-

518 4007 796 4069 raculum,
843 4017 904 4062 ut
956 4018 1011 4064 et
1067 4008 1219 4063 circa
1253 4008 1379 4065 festi
1414 4018 1632 4079 tempus
1669 4008 2111 4082 Hierosolymam

518 4096 841 4151 ascendenti
893 4112 1088 4154 omnes
1152 4099 1203 4154 ei
1261 4116 1371 4154 una
1427 4115 1553 4155 cum
1618 4101 1806 4170 pueris
1845 4114 2111 4156 occurre-

520 4186 654 4252 rint,
673 4196 728 4242 et
758 4186 960 4244 faustis
983 4189 1264 4247 ominibus
1293 4207 1419 4247 eum
1452 4192 1727 4262 persecuti
1756 4191 1893 4257 sint,
1915 4190 2109 4247 dicen-

518 4285 604 4334 tes
636 4295 649 4331 :
690 4299 711 4331 ι
749 4277 1080 4335 Benedictus
1129 4285 1224 4352 qui
1252 4284 1402 4339 venit
1428 4284 1482 4338 in
1512 4283 1739 4338 nomine
1770 4282 2045 4337 Domini‘.
2086 4301 2105 4336 ι

518 4369 681 4442 745
708 4369 813 4424 Sed
859 4377 914 4425 et
964 4370 1156 4428 fractis
1187 4376 1434 4445 quinque
1478 4376 1717 4445 panibus
1765 4389 1830 4428 ac
1884 4358 2106 4430 duobus

521 4461 809 4531 pisciculis
846 4463 1162 4518 universam
1199 4464 1613 4522 multitudinem
1664 4478 1879 4518 eorum‘
1906 4465 2002 4535 qui
2038 4466 2106 4520 ad

2227 3273 2341 3338 κδς,
2378 3274 2472 3326 καὶ
2501 3271 2639 3343 μετὰ
2680 3271 2904 3342 σαρκὸς,
2955 3270 3051 3325 καὶ
3097 3270 3229 3341 πρὶν
3264 3269 3551 3342 ἄνθρωπος
3580 3271 3817 3341 γένηται

2221 3362 2345 3417 καθ’
2374 3363 2542 3433 ἡμᾶς,
2575 3361 2673 3415 καὶ
2698 3362 2790 3415 ὅτε
2820 3361 3045 3430 γέγονεν
3088 3360 3399 3432 ἄνθρωπος.
3448 3360 3525 3416 Τὸ
3552 3359 3612 3413 δὲ
3656 3360 3816 3424 ὅπως

2217 3452 2535 3520 δεδοξάσθαι
2559 3452 2978 3525 διῖσχυρίζεται,
3009 3452 3291 3524 ζητητέον.
3329 3453 3493 3505 Φαῖεν
3532 3452 3641 3523 γάρ
3675 3451 3816 3516 ἴσως

2215 3546 2394 3612 τινές’
2425 3547 2497 3600 Ἦ
2527 3546 2636 3617 γὰρ
2666 3545 2939 3617 οὐχὶ,”καὶ
2974 3545 3242 3619 πρότερον
3280 3543 3658 3616 τερατοποιῶν
3684 3544 3810 3598 ὲδο-

2217 3639 2443 3707 edicto;
2499 3638 2697 3693 Καίτοι
2768 3637 3048 3693 θάλασσαν
3103 3636 3204 3708 μὲν
3262 3635 3659 3708 ἀγριαίνουσαν
3729 3636 3815 3690 ἑνὶ

2214 3733 2546 3805 δυσωπήσας
2568 3730 2734 3803 λόγῳ,
2768 3731 2865 3785 καὶ
2897 3728 3221 3801 βιαιοτάτων
3244 3729 3575 3800 πνευμάτων
3606 3728 3816 3785 ἀνακόρ

2214 3824 2323 3894 ψας
2361 3822 2574 3898 φορὰν,
2635 3820 3018 3893 προσεηνήθη
3077 3820 3176 3892 μὲν
3231 3818 3387 3889 παρὰ
3452 3817 3563 3873 τῶν
3620 3819 3679 3879 ὲν
3730 3815 3815 3888 τῷ

2215 3918 2388 3990 πλοίῳ
2432 3919 2577 3981 τότε,
2615 3917 2816 3987 ἤκουσε
2849 3914 2938 3981 δὲ,
2990 3914 3073 3967 δτι
3126 3931 3146 3964 ι
3200 3911 3445 3982 ’Δληθῶς
3486 3911 3623 3981 Θεοῦ
3675 3911 3815 3978 Υίὸς

2213 4010 2283 4069 εἴ.
2330 4032 2349 4065 ι
2386 4012 2497 4066 Καὶ
2550 4010 2658 4083 μὴν
2709 4009 2807 4063 καὶ
2869 4006 2962 4060 τὸν
3006 4007 3066 4059 ὲν
3131 4007 3198 4077 τῇ
3251 4003 3497 4075 Βηθανίᾳ
3544 4002 3813 4077 Λάζαρον

2214 4103 2651 4177 παλινδρομῆσαι
2717 4096 3033 4171 προστάξας
3099 4097 3181 4161 είς
3251 4094 3442 4164 ζωὴν,
3514 4094 3813 4166 διαϐόητον

2212 4198 2341 4270 ἔσχε
2390 4196 2453 4250 τὸ
2484 4195 2707 4266 θαῦμα,
2758 4192 2835 4257 ὡς
2881 4192 2976 4245 καὶ
3002 4188 3347 4244 ἀναϐαίνοντι
3394 4187 3539 4243 κατά
3574 4188 3669 4242 τὸν
3703 4189 3812 4260 τῆς

2213 4289 2407 4361 ἑορτῆς
2482 4286 2675 4357 καιρὸν
2759 4286 2841 4347 εἰς
2937 4281 3293 4353 Ἰεροσόλυμα
3374 4280 3809 4354 προῦπαντῆσαι

2213 4381 2540 4450 σύμπαντας
2591 4373 2728 4446 ὁμοῦ
2787 4376 2902 4437 τοῖς
2978 4374 3230 4443 νηπίοις,
3311 4370 3406 4425 καὶ
3468 4371 3811 4441 ἀξιάγαστον

2211 4467 2364 4539 αὐτῷ
2409 4466 2510 4538 τὴν
2562 4463 2841 4535 εὐφημίαν
2894 4461 3226 4517 ἀναπλέκειν
3288 4461 3588 4530 λέγοντας⁶
3618 4466 3665 4514 ⁸(
3698 4461 3812 4517 Εὐ-

520 4569 581 4610 se
614 4553 1002 4611 conﬂuxerant
1040 4558 1263 4612 satiavit
1297 4560 1512 4628 absque
1548 4558 1736 4627 pueris
1776 4566 1832 4612 et
1856 4557 2106 4613 mulieri-

2215 4559 2510 4631 λογημένος
2535 4559 2565 4611 ὁ
2597 4555 2889 4628 ἐρχόμενος
2919 4555 2978 4607 ὲν
3015 4553 3241 4624 ὀνόματι
3301 4554 3529 4625 Κυρίου.
3568 4574 3589 4606 ι
3642 4553 3810 4609 Ἀλλά

522 4647 643 4711 hus,
676 4646 743 4701 ad
773 4647 1020 4717 quinque
1048 4649 1296 4704 virorum
1329 4650 1523 4704 millia.
1554 4648 1690 4703 Tant
1725 4649 1945 4704 illustre
1975 4662 2106 4703 vero

520 4738 852 4793 miraculum
892 4741 1039 4796 istud
1090 4743 1374 4806 nonnullis
1427 4743 1607 4797 visum
1655 4750 1765 4808 est,
1802 4747 1864 4794 ut
1921 4755 1986 4796 ea
2051 4755 2111 4795 re

492 4826 497 4831 ’
522 4830 820 4900 plurimum
856 4833 1071 4887 attoniti
1103 4850 1285 4906 regem
1307 4850 1433 4890 eum
1461 4850 1651 4890 creare
1676 4834 1920 4889 vellent“
1948 4847 1963 4887 :
2003 4833 2109 4886 hoc

519 4922 667 4976 cnim
703 4925 1040 4994 evangelista
1062 4925 1226 4980 nobis
1256 4933 1496 4982 testatus
1524 4932 1633 4987 est.
1694 4924 1921 4980 Diﬂicile
1975 4939 2108 4979 vero

525 5028 632 5068 non
665 5023 752 5069 est
787 5015 1127 5085 ejuscemodi
1162 5017 1414 5088 exempla
1446 5031 1782 5087 congerere,
1815 5016 1990 5070 nihilo
2042 5017 2109 5072 iis

521 5119 648 5176 qua:
703 5107 999 5164 retulimus
1056 5106 1344 5166 inferiora.
1386 5108 1678 5176 Quomodo
1737 5108 1905 5179 igitur
1964 5124 2112 5163 nunc

525 5196 886 5254 elariﬁcatum
924 5216 984 5257 se
1009 5199 1166 5265 dicit,
1207 5202 1302 5272 qui
1339 5208 1395 5256 et
1426 5202 1558 5256 olim
1603 5200 1945 5256 clariﬁcatus
1980 5201 2111 5258 est?

523 5290 1047 5349 Clariticatus'enim
1099 5302 1184 5349 est
1206 5294 1372 5348 etiam
1404 5308 1474 5348 ex
1520 5293 1668 5357 aliis,
1709 5301 1764 5348 et
1797 5293 1982 5347 divina
2009 5309 2110 5364 po-

523 5390 722 5439 testate
751 5384 1014 5454 prreditus
1039 5385 1389 5440 credebatur.
1443 5382 1653 5439 Tamen
1699 5385 2111 5440 consummatio

523 5472 714 5542 gloria;
741 5473 797 5528 in
830 5474 1090 5545 passione
1128 5476 1234 5530 sita
1263 5486 1404 5540 erat,
1435 5489 1599 5545 quam
1635 5490 1736 5544 pro
1768 5474 1956 5529 mundi
1993 5478 2101 5529 vita

525 5563 810 5629 sustinuit,
840 5574 895 5620 et
926 5566 979 5619 in
1008 5580 1074 5620 eo
1102 5566 1248 5636 quod
1284 5581 1382 5637 per
1409 5566 1651 5635 scipsum
1675 5566 2101 5622 resurrectionis

602 5748 622 5779 ²
662 5745 852 5803 Matth.
887 5763 959 5803 νη
984 5787 997 5811 ,
1034 5746 1086 5801 6.
1168 5745 1187 5777 ³
1228 5744 1419 5801 Matth.
1458 5764 1570 5815 xw,
1601 5748 1688 5804 35.

2207 4652 2302 4708 καὶ
2352 4650 2514 4704 πέντε
2578 4645 2877 4709 διακλάσας
2938 4644 3139 4716 ἄρτους
3210 4643 3342 4697 ποτὲ
3365 4685 3380 4711 ,
3444 4644 3538 4697 καὶ
3597 4642 3810 4716 ὀψάρια

2204 4744 2317 4809 δύο,
2351 4740 2677 4814 κορεσθῆναι
2744 4737 3122 4809 παρεσκεύασε
3164 4736 3264 4805 τὴν
3323 4737 3434 4790 τῶν
3497 4738 3584 4790 ἐπ’
3637 4739 3809 4792 αὑτὸν

2207 4833 2725 4906 συνδεδραμηκότων
2773 4830 3018 4901 πληθὺν,
3048 4830 3171 4900 δίχα
3221 4831 3430 4902 νηπίων
3479 4831 3573 4884 καὶ
3603 4847 3808 4899 γυναι-

2205 4926 2340 4988 κῶν,
2367 4927 2450 4989 είς
2479 4925 2640 4978 πέντε
2661 4922 3040 4976 συντείνουσαν
3064 4921 3312 4992 χιλιάδας
3331 4921 3560 4993 ἀνδρῶν.
3596 4922 3808 4978 Ἐδόκει

2205 5018 2264 5071 δὲ
2299 5015 2474 5079 οὕτως
2511 5011 2732 5075 εὐκλεὲς
2769 5011 2831 5064 τὸ
2876 5013 3414 5082 τερατουργούμενον
3458 5006 3600 5064 εἷναί
3634 5029 3804 5078 τισιν,

2206 5109 2281 5171 ὡς
2308 5107 2406 5179 τὴν
2433 5104 2529 5161 τοῦ
2561 5104 2889 5177 πράγματος
2920 5103 3482 5173 καταπεπληγμένους
3503 5105 3803 5176 ὑπεροχὴν,

2208 5200 2393 5271 ζητεῖν
2422 5198 2585 5254 αὑτὸν
2623 5196 2896 5263 ἀναδεῖξαι
2950 5198 3045 5250 καὶ
3074 5195 3299 5266 βασιλέα
3321 5210 3335 5226 ·
3374 5194 3533 5249 τοῦτο
3564 5196 3674 5267 γὰρ
3700 5198 3806 5250 αὑ-

2206 5292 2298 5355 τὸς
2326 5292 2459 5363 ἡμῖν
2499 5291 2529 5342 ὁ
2553 5287 2944 5358 εὑαγγελιστὴς
2991 5287 3415 5358 διεμαρτύρατο.
3456 5288 3709 5342 Χαλεπὸν
3742 5288 3804 5341 δὲ

2208 5383 2382 5446 οὐδὲν,
2410 5382 2504 5436 καὶ
2528 5380 2597 5434 δι’
2625 5381 2829 5451 ἑτέρων
2865 5380 3007 5434 ὅσων
3049 5380 3144 5456 καί
3179 5379 3389 5447 σφόδρα
3424 5379 3634 5434 πλατὺν
3663 5380 3805 5435 ίέναι

2212 5476 2302 5529 τὸν
2329 5472 2632 5544 λόγον,τῶν
2659 5473 2862 5544 ἀρτίως
2890 5475 3023 5542 ἡμῖν
3039 5472 3511 5543 ἀπηριθμημένων
3539 5473 3805 5543 πραγμά-

2206 5585 2316 5622 των
2356 5567 2479 5620 κατ’
2525 5565 2679 5621 οὐδὲν
2707 5564 3030 5638 ἡττωμένην
3068 5564 3168 5636 τὴν
3191 5562 3350 5631 δόξαν
3382 5565 3637 5636 ἑχόντων.
3675 5563 3802 5636 Πῶς

1770 5749 1788 5780 ι
1828 5746 2022 5804 Matth.
2059 5764 2147 5804 xu
2175 5792 2190 5817 ,
2221 5750 2273 5807 9.
2351 5751 2370 5782 ⁵
2420 5748 2573 5805 Ioan.
2613 5763 2701 5809 γι,
2739 5747 2826 5803 i5.
