4104 6470
314 374 423 433 163

1287 379 1355 434 ιΝ
1400 378 1687 439 JOANNIS
1740 380 2190 438 EVANGELIUM
2237 381 2367 437 LIB.
2409 382 2498 440 IX.

3496 386 3604 442 158

306 488 408 547 οὖν
452 494 565 566 ἀρα
628 495 808 552 λοιπὸν
838 497 868 552 6
897 498 991 553 καὶ
1046 496 1216 551 πάλαι
1273 497 1689 570 δεδοξασμένος,
1720 498 1880 553 ἑαυτὸ

1980 538 1987 558 .
2019 500 2266 554 omnium
2306 498 2530 554 modum
2565 496 2871 554 innovavit.
2908 497 3042 553 Nam
3091 499 3137 556 si
3184 499 3450 556 rationem
3483 518 3602 572 my-

304 587 432 640 νυνὶ
464 585 779 652 δεδοξάσθαι
810 588 947 660 φησί
975 606 991 654 ;
1022 587 1351 655 Δεδόξασται
1380 589 1492 660 γὰρ
1549 591 1645 644 καὶ
1692 590 1760 644 δι’
1796 592 1914 645 ἑτέι

303 689 447 744 ρων,
498 674 598 729 καὶ
627 673 971 749 θεοπρεποῦς
1000 678 1252 744 ἐξουσίας
1294 679 1563 751 ὑπόληψιν
1590 679 1730 752 ἔχων
1755 681 1912 751 ἐφαί-

299 781 450 818 νετο.
465 765 541 820 Τό
568 783 633 835 γε
663 768 773 838 μὴν
813 769 918 840 τῆς
945 770 1106 841 δόξης
1142 771 1370 839 τέλειον,
1397 773 1491 827 καὶ⁸
1516 773 1618 844 τῆς
1655 771 1908 839 εὐκλείας

296 853 364 906 τὸ
394 854 610 927 πλῆρες
627 857 688 911 ὲν
716 858 914 931 ἐκείνῳ
947 860 1164 928 πάντως
1202 858 1272 934 ἦν
1309 866 1369 918 ὲν
1398 864 1479 935 τῷ
1515 863 1708 918 παθεῖν
1739 864 1908 918 αὑτὸν

299 944 449 1017 ὑπὲρ
481 947 586 1018 τῆς
603 948 702 1002 τοῦ
723 949 929 1022 κόσμου
958 952 1127 1024 ζωῆς,
1155 954 1250 1007 καὶ
1285 952 1352 1008 δι’
1376 954 1570 1008 ἑαυτοῦ
1603 958 1704 1027 τῆς
1729 955 1906 1009 ἁπάν-

296 1052 410 1089 των
460 1038 821 1105 ἀναστάσεως
871 1046 1266 1116 καινοτομῆσαι
1290 1045 1384 1099 τὸν
1420 1044 1642 1117 τρόπον.
1669 1046 1903 1100 Baceni-

296 1129 489 1193 ξοντες
517 1129 631 1202 γάρ
648 1172 664 1198 ,
692 1131 770 1196 ὡς
801 1131 904 1198 ἔνι,
931 1133 1112 1198 καλῶς
1134 1134 1228 1189 τοῦ
1262 1135 1385 1191 κατ’
1412 1134 1573 1191 αὐτὸν
1604 1136 1904 1209 μυστηρίου

292 1216 387 1272 τὸν
417 1218 605 1288 λόγον,
639 1220 739 1293 οὐχ
769 1223 950 1295 ἑαυτῷ
993 1225 1178 1297 τυχὸν,
1214 1226 1337 1281 οὐδὲ
1371 1227 1579 1300 κυρίως
1607 1228 1674 1282 δι’
1711 1229 1904 1282 ἑαυτὸν

287 1308 578 1366 τεθνεῶτα
599 1316 974 1386 κατοψόμεθα,
999 1306 1115 1372 ἀλλ’
1140 1319 1281 1391 ὑπὲρ
1310 1319 1530 1391 ἀπάσης
1568 1321 1670 1391 τῆς
1696 1319 1903 1392 ἀνθρωο

284 1400 556 1471 πότητος,
594 1404 785 1461 παθεῖν
810 1424 872 1461 τε
897 1409 990 1463 καὶ
1015 1409 1234 1480 δρᾶσαι,
1258 1410 1320 1464 τό
1338 1428 1400 1465 τε
1427 1410 1600 1476 πάθος
1623 1410 1776 1477 αὐτὸ,
1805 1413 1901 1467 καὶ

286 1492 412 1559 μετ’
457 1493 639 1548 ἐκεῖνο
666 1496 766 1568 τὴν
816 1498 1137 1555 ἀνάστασιν.
1189 1501 1438 1573 Τέθνηκε
1483 1502 1582 1573 μὲν
1615 1501 1723 1575 γὰρ
1755 1501 1901 1557 κατά

279 1583 386 1654 τὴν
422 1585 618 1660 σάρκα
636 1589 738 1661 τῆς
770 1583 1030 1648 ἁπάντων
1074 1594 1222 1666 ζωῆς
1258 1595 1590 1667 ἀντίρροπον
1619 1595 1719 1666 τὴν
1757 1594 1897 1650 ίδίαν

276 1677 661 1745 ἀποδεικνὺς,
693 1682 790 1736 καὶ
845 1685 946 1757 ﬁ;
999 1686 1234 1757 ἀρχαίας
1289 1687 1508 1759 ἐκείνης
1556 1686 1894 1758 ἀποπληρῶν

273 1765 435 1836 ἀρᾶς
488 1768 550 1822 ὲν
596 1769 778 1840 ἑαυτῷ
839 1772 941 1844 τὴν
1001 1774 1233 1845 δύναμιν
1269 1777 1299 1829 6
1350 1774 1570 1829 πάντων
1619 1775 1890 1849 ἀντάξιος.

2018 592 2173 646 sterii
2208 591 2395 657 istius,
2428 589 2608 661 quoad
2645 590 2793 654 licet,
2839 598 2988 646 recte
3050 591 3445 660 expendamus,
3490 609 3598 647 non

2015 682 2119 736 sibi
2159 680 2263 751 ipsi
2290 695 2470 750 neque
2499 679 2724 750 proprie
2760 688 2986 750 propter
3028 680 3273 750 seipsum
3317 690 3598 736 mortuum

2012 767 2347 830 videbimus,
2378 767 2470 822 sed
2503 782 2602 837 pro
2635 767 2896 823 universa
2930 768 3293 833 humanitate,
3338 779 3395 826 et
3429 772 3597 826 susti-

2013 858 2202 914 nuisse
2236 873 2301 913 ac
2333 858 2533 914 fecisse
2566 858 2885 929 passionem
2921 859 3120 930 ipsam,
3152 868 3207 915 et
3247 869 3371 930 post
3424 863 3595 926 illam,

2011 950 2495 1005 resurrectionem.
2528 948 2778 1006 Mortuus
2813 950 2959 1005 enim
2997 959 3082 1006 est
3130 952 3437 1007 secundum
3468 967 3596 1007 rar-

2010 1056 2155 1107 nem,
2189 1025 2359 1095 vitam
2416 1056 2574 1097 suam
2624 1058 2724 1113 pro
2785 1043 2897 1097 vita
2934 1043 3183 1097 omnium
3249 1044 3495 1109 tradens,
3540 1057 3595 1100 ct

2006 1131 2210 1187 veteris
2241 1131 2517 1205 maledicti
2550 1132 2606 1187 in
2636 1133 2826 1203 seipso
2855 1133 2965 1187 vim
3001 1132 3310 1205 adimpleus
3364 1136 3458 1190 ille
3490 1152 3593 1207 pro

2005 1222 2263 1278 omnibus
2291 1222 2650 1279 aestimandus
2677 1225 2718 1278 ⁸.
2750 1224 3036 1280 Excitatus
3068 1232 3250 1280 autem
3278 1221 3365 1282 est
3393 1243 3591 1284 rursus

2003 1327 2068 1367 ex
2103 1313 2338 1368 mortuis
2367 1312 2423 1366 in
2456 1312 2626 1366 vitam
2675 1311 3154 1380 incorruptibilem
3183 1323 3238 1369 et
3284 1323 3548 1371 aeternam
3569 1360 3587 1385 ,

2002 1410 2173 1457 totam
2204 1401 2260 1457 in
2290 1401 2478 1473 seipso
2500 1403 2781 1458 suscitans
2836 1412 3111 1459 naturam.
3146 1423 3165 1455 ι
3206 1403 3386 1460 Semel
3436 1408 3584 1462 enim

2001 1503 2276 1559 mortuus,
2300 1503 2359 1550 ut
2390 1495 2661 1564 scriptum
2701 1505 2810 1562 est,
2838 1493 2950 1566 jam
2979 1511 3088 1551 non
3121 1497 3357 1553 moritur
3384 1517 3400 1556 :
3437 1515 3586 1555 mors

2001 1589 2076 1644 illi
2106 1603 2212 1643 non
2253 1589 2398 1643 ultra
2452 1587 2854 1643 dominabitur.
2909 1587 3068 1654 Quod
3125 1591 3273 1644 enim
3332 1600 3584 1648 mortuus

1997 1688 2084 1735 est
2110 1686 2361 1750 peccato,
2405 1685 2657 1733 mortuus
2686 1688 2769 1732 est
2799 1679 2968 1734 semel
2997 1695 3012 1744 ;
3046 1679 3194 1749 quod
3219 1691 3400 1734 autem
3426 1681 3579 1746 vivit,

1996 1772 2131 1826 vivit
2165 1770 2334 1826 Deo'.
2378 1789 2397 1822 ι
2441 1769 2682 1839 Idipsum
2720 1779 2773 1824 et
2824 1769 2891 1825 de
2946 1770 3113 1826 nobis
3168 1787 3390 1842 quoque
3445 1772 3582 1843 ipsis

287 1856 636 1928 Ἐγήγερται
682 1860 739 1913 δὲ
783 1861 945 1916 πάλιν
981 1863 1048 1916 ἐκ
1075 1861 1287 1935 νεκρῶν
1335 1865 1416 1928 εἰς
1463 1846 1740 1935 ἀκήρατόν
1772 1881 1880 1917 τινα

1999 1877 2187 1918 verum
2216 1862 2324 1917 erit
2352 1870 2575 1932 propter
2603 1858 2913 1917 Christum.
2951 1859 3063 1915 Nec
3112 1866 3259 1916 enim
3315 1863 3458 1919 ultra
3495 1880 3580 1919 re-

272 1949 381 2001 καὶ
414 1948 806 2022 ἀκατάληκτον
847 1953 1161 2027 ζωὴν,ὄλην
1194 1956 1252 2009 ὲν
1281 1954 1459 2027 ἑαυτῷ
1490 1954 1764 2020 διανιστάς
1793 1955 1892 2027 τὴν

275 2034 475 2100 φύσιν.
508 2056 530 2091 ι
562 2037 746 2107 Ἆπαξ
774 2042 883 2113 γὰρ
904 2043 1211 2112 ἀποθανὼν,
1232 2046 1373 2100 κατά
1395 2045 1458 2100 τὸ
1484 2046 1889 2118 γεγραμμένον,

270 2127 474 2187 οὖκέτι
508 2129 850 2203 ἀποθνήσκει
887 2150 903 2165 ⁶
932 2135 1158 2201 θάνατος
1193 2138 1361 2191 αὐτοῦ
1401 2139 1587 2193 οὐκέτι
1621 2138 1888 2210 κυριεύει.

275 2222 351 2273 Ὅ
380 2220 500 2293 γὰρ
527 2222 796 2289 ἀπέθανε,
826 2228 896 2297 τῇ
928 2227 1176 2301 ἁμαρτίᾳ
1208 2229 1484 2284 ἀπέθανεν
1510 2230 1753 2299 ἐφάπαξ,
1783 2230 1811 2284 6
1834 2230 1891 2284 δὲ

267 2311 370 2383 ζῇ.
398 2314 471 2385 ζῇ
504 2314 589 2385 τῷ
609 2314 751 2387 Θεῷ.
785 2337 805 2372 ι
836 2318 1007 2373 Τοῦτο
1050 2321 1147 2375 καὶ
1179 2322 1265 2391 ἐφ’
1296 2324 1428 2393 ήμίν
1465 2324 1649 2387 αὐτοῖς
1690 2322 1890 2393 ἀληθὲς

271 2404 437 2461 ἔσται
468 2407 561 2462 διὰ
592 2409 851 2479 Χριστόν.
894 2411 1340 2485 Ἐγερθησόμεθα
1366 2415 1476 2487 γὰρ
1498 2415 1579 2469 ἔτι
1612 2418 1693 2480 είς
1718 2416 1885 2471 θάνα-

269 2512 370 2550 τον
388 2496 555 2565 οὐχὶ,
590 2497 709 2552 ἀλλ’
733 2500 813 2564 είς
847 2500 995 2573 ζωήν
1035 2503 1136 2572 τήν
1174 2493 1503 2577 ἀπέραντον,
1551 2510 1600 2561 εί
1629 2509 1724 2562 καὶ
1751 2507 1885 2563 πολὺ

274 2588 425 2657 μετά
454 2589 621 2643 τοῦτο
647 2590 760 2645 τῶν
787 2593 1166 2666 ἀνισταμένων
1200 2600 1234 2669 ἡ
1266 2598 1522 2668 διαφορὰ,
1562 2599 1706 2654 κατά
1729 2618 1791 2668 γε
1825 2601 1887 2657 τὸ

270 2681 337 2734 ἐν
378 2680 538 2754 δόξῃ,
565 2685 742 2757 φημὶ,
769 2686 864 2740 καὶ
911 2687 1011 2759 τὴν
1054 2692 1163 2754 τοῖς
1197 2689 1428 2744 ἑκάστου
1456 2691 1681 2763 τρόποις
1708 2710 1883 2765 χρεω-

272 2772 597 2844 στουμένην
642 2775 933 2835 ἀντίδοσιν.
983 2778 1284 2850 Γενόμενος
1321 2783 1502 2835 τοίνυν
1533 2783 1775 2856 ὑπήκοος
1802 2785 1883 2857 τῷ

269 2860 398 2932 Θεῷ
429 2864 532 2918 καὶ
560 2865 741 2937 [Ia-:91
774 2867 938 2939 μέχρι
967 2867 1223 2935 θανάτου,
1250 2870 1485 2927 θανάτου
1510 2875 1567 2929 δὲ
1616 2877 1877 2949 σταυροῦ,

268 2953 421 3008 κατά
460 2954 564 3027 τὴν
588 2957 687 3011 τοῦ
715 2958 933 3013 Παύλου
966 2961 1172 3035 φωνὴν,
1207 2965 1540 3039 ὑπερυψώθη
1582 2968 1746 3025 πάλιν
1778 2970 1878 3024 λα-

266 3047 386 3102 ϐὼν
409 3048 478 3103 τὸ
500 3050 680 3122 ὄνομα
714 3050 777 3105 τὸ
824 3051 967 3123 ὑπὲρ
997 3054 1106 3107 πᾶν
1131 3054 1323 3127 ὄνομα.
1370 3057 1431 3111 Ὀ
1459 3060 1568 3130 γάρ
1599 3061 1876 3131 νομισθεὶς

602 3138 746 3248 εἶναι
767 3142 955 3248 φιλός,
972 3147 1379 3248 ύπερεδοξάσθη
1395 3149 1536 3214 λίαν,
1552 3151 1684 3217 Θεὸς
1705 3153 1875 3218 ὅντως
1902 3190 1944 3248 C

262 3233 361 3285 καὶ
390 3231 529 3295 Υἱὸς
551 3231 651 3286 τοῦ
672 3233 808 3287 Θεοῦ
829 3235 968 3290 κατά
998 3226 1264 3308 ἀλήθειαν
1286 3240 1754 3312 ἀναδεδειγμένος,
1775 3244 1876 3298 οὐκ

263 3324 347 3387 εἰς
374 3322 575 3376 καινὸν
621 3322 842 3396 ἀξίωμα
893 3328 1232 3400 κεκλημένος
1268 3329 1330 3384 τὸ
1359 3327 1499 3386 εἶναι
1527 3333 1685 3403 φύσει
1719 3334 1871 3401 Θεὸς,

261 3412 382 3468 ἀλλ’
405 3414 493 3477 είς
523 3413 669 3486 ὅπερ
715 3411 785 3485 ἦν
830 3417 930 3470 καὶ
967 3418 1075 3488 πρὸ
1105 3419 1307 3490 σαρκὸς
1341 3422 1421 3491 είς
1451 3423 1611 3476 τοῦτο
1636 3423 1702 3495 δὴ
1736 3424 1874 3478 πάν-

258 3521 374 3569 τως
402 3503 505 3563 καὶ
567 3504 688 3575 μετ’
732 3506 907 3581 αὐτῆς
955 3509 1289 3581 ἀναδραμὼν
1327 3512 1428 3584 τῆς
1472 3514 1696 3587 σαρκὸς,
1731 3515 1875 3570 κατὰ

255 3594 423 3649 τοῦτο
477 3595 802 3661 δεδοξάσθαι
830 3598 1131 3672 νομιοῦμεν
1162 3602 1350 3666 αὐτὸν,
1369 3604 1551 3659 καίτοι
1580 3605 1682 3677 τῆς
1711 3605 1872 3678 δόξης

255 3688 391 3742 δντα
413 3688 509 3743 διὰ
533 3691 739 3755 παντὸς
765 3690 992 3762 Κύριον.
1012 3694 1213 3749 Καινὸν
1238 3694 1348 3767 γὰρ
1374 3696 1527 3751 οὐδὲν
1559 3699 1620 3752 ὲν
1648 3700 1873 3772 Χριστῷ

255 3776 368 3831 τῶν
397 3776 732 3850 θεοπρεπῶν
747 3778 1075 3851 ἀξιωμάτων
1094 3783 1429 3855 εὑρίσκεται,
1448 3786 1587 3858 ἔχων
1606 3787 1664 3841 δὲ
1693 3789 1871 3843 πάντα

254 3868 633 3938 φυσικῶς,ὡς
661 3871 818 3937 Θεὸς,
845 3872 941 3927 καὶ
973 3874 1081 3946 πρὸ
1101 3874 1202 3947 τῆς
1229 3874 1532 3948 λεγομένης
1562 3879 1867 3945 κενώσεως.

266 3959 435 4013 Ἀλλὰ
484 3961 585 4015 καὶ
632 3962 735 4032 τῆς
782 3963 1084 4035 ληφθείσης
1110 3964 1206 4019 τοῦ
1226 3965 1415 4021 δούλου
1448 3969 1685 4041 μορφῆς,
1714 3971 1869 4024 ἐπει-

253 4051 434 4125 δήπερ
488 4052 688 4107 ἑαυτὸν
716 4054 1042 4110 ἀνεϐίϐασεν
1088 4057 1170 4120 είς
1201 4058 1386 4113 ἐκεῖνα
1415 4060 1578 4114 πάλιν
1600 4101 1616 4127 ,
1653 4061 1749 4114 καὶ
1778 4061 1866 4114 ὅτε

256 4145 489 4215 γέγονεν
510 4145 826 4218 ἄνθρωπος,
859 4148 1181 4216 δεδοξάσθαι
1208 4154 1436 4216 νοεῖται,
1465 4154 1560 4207 καὶ
1582 4153 1866 4226 εἰληφέναι

257 4238 506 4306 λέγεται.
566 4238 958 4312 Δεδοξασμένῳ
1006 4241 1298 4314 τοιγαροῦν
1345 4242 1425 4314 τῷ
1473 4246 1696 4316 Χριστῷ
1733 4263 1857 4300 συν-

257 4329 586 4397 δεδόξαοται
615 4330 839 4395 πάντως
879 4332 975 4386 καὶ
1005 4335 1033 4387 6
1056 4332 1189 4397 Θεὸς
1222 4336 1314 4389 καὶ
1346 4336 1564 4408 Πατήρ·
1600 4337 1862 4410 ἐδοξάσθη

255 4421 327 4476 δὲ’
350 4423 416 4474 ὲν
455 4420 597 4493 Υίῷ,
628 4423 692 4476 ού
731 4422 894 4493 δόξης
932 4425 1055 4480 τινὰ
1098 4427 1422 4498 προσθήκην
1477 4427 1659 4482 λαϐὼν
1709 4430 1864 4503 παρά

1998 1968 2290 2026 surgemus
2315 1951 2372 2006 in
2405 1962 2660 2017 mortem,
2694 1951 2790 2007 sed
2845 1951 2900 2005 in
2933 1951 3100 2006 vitam
3131 1959 3418 2016 aeternam,
3454 1955 3581 2010 licet

1996 2060 2191 2117 tnagna
2227 2043 2412 2098 futura
2446 2044 2520 2098 sit
2541 2043 2761 2098 demunt
2797 2042 3128 2109 diﬂercntia,
3173 2043 3323 2114 quod
3354 2044 3421 2099 ad
3457 2047 3579 2117 glo-

1994 2138 2131 2192 riam
2161 2138 2448 2202 nimirum,
2475 2146 2531 2191 et
2561 2136 2800 2192 debitam
2834 2135 3107 2206 cujusque
3139 2139 3388 2192 moribus
3415 2140 3579 2194 retri--

1993 2227 2298 2287 butionem.
2348 2225 2552 2283 Factus
2611 2226 2782 2298 igitur
2832 2226 3099 2283 obediens
3150 2225 3262 2282 Deo
3311 2243 3377 2282 ac
3425 2227 3574 2283 Patri

1990 2333 2168 2389 usque
2220 2317 2287 2371 ad
2323 2328 2592 2380 mortem,
2629 2324 2863 2371 mortem
2915 2325 3100 2371 autent
3158 2318 3367 2384 crucis,
3415 2319 3573 2388 juxta

1988 2406 2145 2462 Pauli
2170 2405 2424 2468 vocem",
2453 2405 2903 2475 superexaltatus
2933 2414 3020 2461 est
3051 2395 3271 2474 rursus,
3297 2408 3578 2479 accipiens

1988 2516 2190 2557 nomen
2232 2496 2382 2571 quod
2428 2506 2516 2554 est
2552 2512 2717 2569 super
2765 2512 2937 2553 omne
2986 2513 3187 2553 nomen
3211 2501 3259 2557 '.
3291 2499 3395 2566 Qui
3426 2502 3573 2556 enim

1986 2594 2172 2650 nudus
2205 2596 2374 2648 homo
2429 2605 2554 2646 esse
2585 2589 2908 2660 putabatur,
2943 2604 3110 2660 supra
3147 2592 3371 2647 modum
3404 2593 3575 2660 glori-

1986 2684 2185 2739 ﬁcatus
2218 2681 2343 2746 fuit,
2374 2694 2506 2736 vere
2542 2677 2690 2734 Deus
2716 2686 2772 2734 et
2831 2675 3008 2733 Filius
3040 2695 3231 2735 revera
3300 2680 3393 2736 Dei
3446 2698 3575 2752 pro-

1968 2778 2157 2840 .ditns,
2188 2789 2294 2831 nec
2315 2773 2382 2827 ad
2407 2787 2604 2828 novam
2636 2772 2930 2842 quamdam
2965 2771 3289 2843 dignitatem
3317 2784 3570 2839 vocatus,

1967 2868 2075 2940 .qui
2109 2875 2308 2922 natura
2341 2865 2486 2922 Deus
2514 2872 2656 2947 erat,
2715 2863 2810 2919 sed
2864 2862 2931 2917 ad
2987 2863 3040 2918 id
3087 2865 3233 2935 quod
3271 2873 3391 2919 erat
3442 2862 3571 2920 ante

1980 2975 2231 3024 carnem,
2260 2960 2426 3014 etiam
2488 2973 2616 3013 cum
2668 2957 2786 3029 ipsa
2840 2973 3009 3013 carne
3065 2958 3309 3039 rediens,
3361 2958 3573 3012 idcirco

1978 3050 2354 3108 clarissimum
2381 3063 2507 3104 esse
2530 3047 2715 3119 ipsum
2744 3048 3086 3119 putabimus,
3113 3048 3329 3104 tametsi
3351 3064 3571 3120 semper

1979 3143 2166 3215 gloriae
2211 3141 2478 3196 Dominus
2524 3139 2818 3195 exstiterit.
2853 3138 3014 3194 Nulla
3052 3140 3198 3195 enim
3261 3155 3402 3194 nova
3449 3157 3574 3211 qua:

1981 3235 2077 3291 Dei
2115 3234 2187 3290 sit
2217 3233 2460 3304 dignitas
2511 3231 2570 3286 in
2631 3231 2858 3285 Christo
2913 3231 3220 3301 reperitur,
3254 3229 3421 3303 746
3458 3232 3569 3287 sed

1979 3327 2190 3382 habens
2255 3324 2443 3395 omnia
2502 3322 2867 3387 naturaliter,
2901 3330 2964 3377 ut
2998 3320 3170 3389 Deus,
3228 3323 3394 3378 etiam
3442 3332 3571 3378 ante

1975 3433 2100 3474 eam
2135 3431 2302 3487 quam
2332 3415 2574 3471 dicimus
2610 3414 2997 3469 inanitionem.
3049 3413 3155 3469 Sed
3204 3422 3260 3469 et
3287 3425 3566 3483 assumpta

1975 3510 2120 3564 servi
2179 3508 2358 3562 forma
2382 3507 2451 3573 '°,
2509 3490 2964 3577 quandoquidem
3034 3506 3276 3577 seipsum
3337 3507 3407 3561 ad
3476 3507 3568 3560 illa

1973 3616 2174 3658 rursus
2202 3586 2626 3662 extulitaetiam
2659 3614 2786 3658 cum
2821 3598 2990 3654 homo
3030 3598 3217 3656 laetus
3265 3608 3374 3666 est,
3404 3599 3569 3654 clari-

1975 3693 2172 3749 ﬁcatus
2204 3692 2559 3761 intelligitur,
2588 3699 2646 3746 et
2694 3691 3001 3760 sumpsisse
3034 3691 3258 3748 dicitur.
3300 3690 3422 3747 Una
3463 3693 3569 3747 ita-

1972 3801 2082 3856 que
2113 3800 2239 3840 cunt
2270 3783 2496 3841 Christo
2523 3782 2833 3839 clariﬁcato
2866 3782 3207 3840 clarilit-atus
3233 3791 3318 3840 est
3340 3785 3566 3839 omnino

1971 3876 2119 3932 Deus
2145 3890 2211 3931 ac
2243 3874 2403 3930 l'ater
2429 3891 2444 3930 :
2479 3873 2823 3930 clarilicatus
2855 3888 2989 3929 vero
3043 3881 3130 3929 est
3162 3872 3218 3927 in
3250 3872 3415 3939 Filio,
3452 3890 3562 3928 non

1969 3976 2194 4033 accepta
2245 3966 2356 4022 ulla
2407 3965 2600 4036 gloriae
2656 3965 2979 4045 accessione
3013 3981 3044 4019 a
3080 3979 3183 4020 suo
3216 3965 3497 4034 genimine
3530 3982 3546 4019 :

1968 4059 2153 4114 divina
2193 4058 2398 4129 quippe
2429 4063 2484 4112 et
2511 4054 2809 4111 ineﬂ'abilis
2847 4063 3049 4110 natura
3084 4071 3148 4112 ea
3185 4071 3418 4127 prorsus
3452 4071 3561 4111 non

1970 4150 2228 4222 indiget;
2268 4148 2365 4207 sed
2401 4148 2532 4221 quia
2581 4147 2823 4202 innotuit
2856 4148 3019 4218 cujus
3075 4146 3202 4202 Filii
3247 4149 3320 4204 sit
3375 4147 3561 4205 Pater.

1968 4240 2451 4311 Quemadmodum
2477 4240 2626 4296 enim
2653 4240 2833 4312 gloria
2856 4249 2942 4298 est
2968 4240 3131 4306 Filio,
3164 4241 3327 4296 talem
3357 4240 3564 4296 habere

1968 4313 2278 4393 secundum
2312 4341 2572 4389 naturam
2594 4333 2925 4404 genitorem,
2952 4331 3146 4388 eodem
3172 4333 3337 4397 modo
3360 4347 3565 4388 censeo

1965 4429 2132 4485 etiam
2187 4427 2243 4481 in
2279 4424 2492 4480 “Patris
2533 4424 2765 4496 gloriam
2805 4423 3025 4489 cedere,
3075 4422 3224 4494 quod
3270 4423 3438 4479 talem
3492 4440 3560 4478 ex

254 4511 345 4566 τοῦ
376 4513 520 4567 ίδίου
548 4515 911 4587 γεννήματος·
952 4517 1208 4591 ἀνενδεὴς
1237 4520 1344 4592 γάρ
1382 4520 1626 4575 τοιούτου
1658 4523 1857 4588 παντὸς

1980 4520 2152 4590 ιθῑιιεο
2178 4516 2382 4573 habeat
2420 4514 2643 4572 Filium.
2694 4515 2990 4585 Propterea
3021 4515 3201 4570 dicit:
3243 4533 3263 4567 ι
3305 4513 3363 4568 Si
3415 4512 3560 4571 Dens

259 4604 430 4674 ήθεία
454 4622 519 4658 τε
574 4606 669 4659 καὶ
700 4606 939 4680 ἀρρητος
966 4608 1126 4678 φύσις
1157 4625 1174 4644 ’
1199 4610 1315 4665 ἀλλ’
1339 4610 1570 4684 ἐπείπερ
1608 4613 1855 4686 ἐγνώσθη

251 4696 397 4760 τίνος
421 4697 548 4751 ἐστὶ
580 4698 793 4771 Πατήρ.
826 4698 1034 4773 Ὅνπερ
1066 4700 1174 4773 γὰρ
1205 4701 1408 4770 τρόπον
1439 4702 1566 4770 δόξα
1601 4704 1698 4757 καὶ
1729 4704 1859 4759 καύ-

250 4804 408 4857 χημα
457 4789 523 4842 τὸ
564 4790 808 4844 τοιοῦτον
849 4789 994 4861 ἔχειν
1037 4792 1180 4846 κατὰ
1224 4792 1386 4864 φύσιν
1420 4796 1742 4866 γεννήτορά,
1756 4797 1857 4850 ’τὸν

251 4880 416 4934 αὐτὸν
450 4876 618 4950 οἶμαι
682 4882 885 4955 τρόπον
917 4885 1013 4937 καὶ
1047 4883 1197 4954 αὑτῷ
1233 4883 1313 4957 τῷ
1372 4887 1548 4958 Πατρὶ
1579 4886 1707 4953 δόξα
1761 4889 1858 4943 καὶ

251 4970 525 5041 καύχημα
562 4970 625 5024 τὸ
655 4971 899 5028 τοιοῦτον
928 4972 1074 5045 ἔχειν
1101 4975 1163 5040 ἐξ
1201 4975 1397 5030 ἑαυτοῦ
1424 4977 1517 5032 τὸν
1540 4979 1673 5034 ἴδιον
1705 4980 1857 5038 Υίόν.

251 5059 349 5112 Διά
376 5059 546 5113 τοῦτό
581 5076 781 5131 φησιν’
814 5081 833 5114 σ
858 5062 919 5115 El
949 5066 978 5116 6
1006 5063 1139 5128 Θεὸς
1178 5065 1441 5138 ἐδοξάσθη
1482 5067 1541 5121 ὲν
1567 5067 1737 5140 αὐτῷ,
1761 5070 1859 5124 καὶ

250 5152 278 5203 6
304 5150 445 5214 Θεὸς
481 5149 698 5216 δοξάσει
749 5152 934 5210 αὐτόν.
961 5174 980 5208 ι
1023 5155 1178 5228 ’Ἅμα
1216 5156 1327 5229 γὰρ
1371 5158 1634 5233 ἐδοξάσθη
1667 5162 1858 5234 Πατὴρ

250 5241 337 5295 διὰ
378 5242 481 5295 τὸν
520 5241 673 5307 Υἰδν,
718 5245 814 5298 καὶ
859 5244 1214 5311 ἀντεδόξασεν
1263 5248 1425 5314 εὐθὺς
1456 5250 1548 5304 τὸν
1572 5251 1725 5305 Υἱόν·
1767 5238 1854 5306 ἐπί

250 5333 420 5403 ἄμφω
463 5333 578 5404 γὰρ
621 5334 690 5388 δι’
717 5337 924 5407 ἀμφοῖν
961 5338 1023 5392 τὸ
1058 5341 1158 5412 τῆς
1212 5340 1373 5412 δόξης
1419 5343 1593 5414 ὄνομα
1644 5344 1849 5415 τρέχει.
1890 5408 1891 5411 η

255 5425 395 5500 Πλὴν
426 5426 517 5481 τνα
548 5430 645 5482 καὶ
684 5431 743 5484 ὲν
777 5433 891 5495 τοῖς
924 5433 1047 5487 καθ’
1071 5435 1221 5506 ἡμᾶς
1246 5434 1343 5506 τὴν
1369 5440 1465 5490 τοῦ
1498 5436 1660 5505 λόγου
1684 5455 1854 5492 κατα-

253 5517 577 5591 ϐιϐἀσωμεν
604 5521 858 5595 δύναμιν,
889 5524 1156 5596 ὠφελείας
1199 5530 1314 5592 τοῖς
1347 5529 1723 5601 ἀκροωμένοις
1772 5529 1851 5583 τί·

256 5624 475 5675 κτοντες
503 5610 787 5685 ἀφορμὴν,
818 5616 996 5669 ὲκεῖνο
1023 5618 1236 5682 τούτοις
1263 5619 1575 5690 ἐποίσομεν.
1602 5621 1664 5674 Εἰ
1691 5619 1848 5687 δοξά-

323 5789 344 5819 ⁶
381 5789 568 5846 Galat.
602 5807 696 5846 ιιι.
736 5790 819 5849 l3.
895 5793 914 5825 ⁷
942 5790 1103 5851 Rom.
1140 5811 1213 5864 τι,
1244 5797 1308 5863 9,
1349 5796 1432 5851 ll).

1570 5796 1809 5872 Philipp.
1848 5817 1888 5858 ιι
1909 5840 1924 5870 ,

1954 4610 2291 4668 clariﬁcatus
2328 4616 2414 4663 est
2443 4607 2498 4662 in
2529 4623 2617 4672 eo,
2664 4618 2719 4663 et
2754 4607 2900 4664 Deus
2949 4606 3283 4661 clariﬁcabit
3318 4622 3447 4662 eum
3501 4607 3557 4661 itt

1956 4704 2277 4772 semetipso.
2318 4722 2337 4754 ι
2388 4701 2566 4757 Simul
2623 4698 2771 4757 enim
2845 4701 3184 4758 clariﬁcatus
3244 4709 3333 4757 est
3395 4698 3558 4757 Pater

1956 4803 2186 4868 propter
2217 4794 2449 4856 Filium,
2487 4801 2543 4849 et
2580 4794 2768 4848 statim
2800 4791 3001 4848 Filium
3045 4794 3295 4849 vicissim
3347 4793 3557 4858 clariﬁ-

1957 4888 2149 4945 cavit:
2182 4886 2253 4942 ad
2303 4895 2609 4957 utrumque
2655 4885 2846 4956 gloriae
2894 4901 3102 4942 nomen
3153 4886 3418 4957 pertinet.
3455 4884 3532 4942 Ve

1958 4987 2273 5037 rumtamen
2302 4986 2363 5032 ιιι
2392 4987 2448 5034 et
2481 4976 2547 5032 ad
2575 4992 2678 5033 nos
2715 4994 2893 5049 usque
2918 4979 3195 5035 sermonis
3230 4978 3340 5034 vim
3373 4977 3551 5049 depri-

1958 5086 2200 5135 mamus,
2231 5069 2489 5126 utilitatis
2542 5069 2894 5125 occasionem
2959 5069 3316 5126 auditoribus
3357 5077 3553 5141 partu-

1953 5161 2184 5225 rientes,
2212 5160 2347 5215 illud
2374 5159 2463 5216 his
2485 5159 2780 5215 addemus.
2811 5156 2870 5214 Si
2897 5159 3275 5216 clarilicamus
3303 5160 3359 5214 in
3390 5159 3553 5215 nobis

1954 5252 2092 5323 ipsis
2126 5250 2319 5317 Deum,
2342 5251 2678 5322 sperandum
2707 5258 2794 5307 est
2841 5266 2944 5307 nos
2978 5252 3343 5306 clariﬁcatum
3378 5250 3447 5305 iri
3480 5250 3550 5305 ab

1955 5360 2044 5400 eo.
2079 5361 2099 5395 ι
2140 5342 2278 5398 Vivo
2311 5345 2458 5399 enim
2489 5358 2612 5415 ego,
2644 5343 2784 5399 dixit
2829 5341 3119 5410 Dominus,
3171 5341 3303 5413 quia
3335 5341 3546 5411 gloriﬁ-

1958 5444 2153 5492 cantes
2186 5451 2272 5491 me
2289 5434 2635 5506 gloriﬁcabo,
2661 5444 2718 5492 et
2770 5452 2880 5492 non
2914 5442 3250 5508 spernentur
3277 5433 3342 5486 “.
3373 5451 3392 5485 ι
3429 5431 3550 5486 Cla-

1957 5528 2205 5583 rilicatur
2250 5537 2433 5584 autem
2473 5544 2573 5599 per
2612 5543 2716 5583 nos
2774 5538 2831 5584 et
2868 5527 2924 5583 in
2983 5526 3147 5583 nobis
3211 5522 3378 5591 Deus,
3417 5539 3546 5579 cum

1958 5622 2204 5693 depulsis
2234 5622 2493 5680 sordibus
2551 5622 2758 5693 peccati
2790 5637 2886 5693 per
2943 5634 3108 5677 omne
3138 5633 3282 5689 opus
3333 5616 3542 5674 bonum

1962 5801 2017 5858 8.
2093 5802 2113 5835 ο
2158 5802 2285 5859 ibid.
2330 5804 2381 5860 9.
2462 5800 2507 5833 ιο
2548 5799 2684 5857 ibid.
2719 5797 2772 5854 6.
2813 5798 2852 5830 ιι
2895 5796 2914 5853 l
2950 5795 3083 5870 Reg.
3124 5812 3200 5863 ιι.
3231 5796 3289 5853 a.
