4104 6432
550 361 660 418 155

1517 364 1574 418 S.
1612 364 1893 420 CYRILLI
1933 360 2413 418 ALEXANDBINI
2452 358 2778 416 ARCIIIEP.

3714 364 3811 420 156

540 482 792 529 nostram
822 473 991 529 vitam
1031 473 1398 530 illustramus.
1426 471 1679 530 Vivimus
1710 477 1855 530 enim
1893 476 1995 532 hoc
2027 489 2125 546 pa-

2233 475 2398 546 ζομεν
2422 478 2479 528 ὲν
2503 475 2716 535 ἑαυτοῖς
2756 471 2846 526 τὸν
2879 472 3031 539 Θεὸν,
3069 475 3533 548 προσδοκήσωμεν
3560 477 3644 532 ὅτι
3665 474 3807 546 δοξα»

540 573 632 620 eto
665 568 719 619 in
754 565 986 635 gloriam
1016 566 1161 635 ejus.

2240 565 2555 637 σθησόμεθα
2584 562 2715 635 παρ’
2740 562 2928 617 αὑτοῦ.
2968 582 2988 615 ι
3028 562 3115 635 Ζῶ
3138 565 3249 636 γὰρ
3280 566 3573 636 ὲγὼ,λέγει
3598 567 3814 641 Κύριος,

539 657 623 709 ὅτι
667 659 790 721 τοὺς
842 657 1165 723 δοξάζοντάς
1209 676 1273 728 με
1346 657 1589 723 δοξάσω,
1625 660 1720 712 καὶ
1785 661 1885 715 οὐκ
1958 660 2504 730 ὲξουδενωθήσονται.
2549 676 2568 710 ι
2625 657 2921 722 Δοξάζεται
2979 657 3038 711 δὲ
3086 656 3155 711 δι’
3214 658 3374 728 ήμῶν
3433 660 3530 713 καὶ
3584 661 3644 713 ὲν
3694 663 3819 733 ἡμῖν

540 751 569 804 6
601 748 772 814 Θεὸς,
847 752 974 804 ὅταν
1032 752 1121 804 τὸν
1171 753 1234 805 ὲκ
1288 751 1390 822 τῆς
1441 752 1715 823 ἁμαρτίας
1770 756 2164 826 παρωσάμενοι
2241 752 2433 824 ῥύπον,
2478 752 2569 806 διὰ
2616 753 2798 824 πάσης
2850 751 3216 824 ἀγαθοεργίας
3265 753 3357 807 τὸν
3415 755 3613 809 οἰκεῖον
3659 770 3821 812 κατα-

542 841 923 912 φαιδρύνωμεν
977 841 1110 912 βίον.
1139 842 1329 913 Ζῶμεν
1370 843 1478 917 γὰρ
1521 842 1695 909 οὕτως
1735 846 1816 908 είς
1843 844 2002 912 δόξαν
2032 843 2218 900 αὑτοῦ.

615 928 757 993 XIII,
787 930 875 985 33.
909 929 1120 995 Filiolt’,
1154 932 1327 985 adhuc
1364 936 1630 988 modicum
1678 935 1945 990 vobiscum
1978 954 2119 993 sum.

618 1019 910 1077 lnI‘antium
940 1029 995 1077 et
1026 1037 1218 1078 recens
1241 1023 1518 1079 editorum
1549 1027 1672 1081 Ioco
1699 1034 1753 1082 et
1782 1029 1976 1083 ordine
2012 1028 2116 1084 eol-

2301 937 2529 1003 Τεκνία,
2559 936 2647 990 ἔτι
2668 936 2886 1006 μικρὸν
2909 938 3137 1007 χρόνον
3164 938 3293 1008 μεθ’
3323 937 3492 1007 ὑμῶν
3518 940 3659 1009 ειμι.

2307 1030 2395 1083 Ἐν
2431 1033 2497 1101 τῇ
2530 1028 2641 1084 τῶν
2682 1030 2913 1084 τεκνίων
2952 1029 3127 1096 τάξει,
3153 1033 3248 1085 καί⁵
3271 1031 3331 1085 ὲν
3361 1032 3478 1096 τοῖς
3519 1033 3822 1105 ἀρτιτόκοις

546 1112 689 1166 locat
709 1112 1034 1181 discipulos,
1063 1112 1195 1168 licet
1217 1113 1284 1168 ad
1316 1123 1528 1170 tantam
1554 1118 1778 1176 virtutis
1806 1134 2122 1175 mensuram

2231 1119 2453 1192 βρέφεσι
2474 1122 2803 1176 κατατάττει
2831 1124 2961 1186 τοὺς
2988 1123 3257 1195 μαθητὰς,
3270 1123 3447 1178 καίτοι
3469 1124 3608 1197 πρὸς
3636 1125 3822 1181 τοσοῦ-

542 1210 786 1267 evectos,
822 1211 1087 1274 tantaque
1139 1207 1439 1275 prudentia
1489 1207 1755 1277 prreditos
1823 1219 2031 1281 quanta
2068 1210 2122 1265 in

544 1293 732 1364 paucis
770 1294 1106 1360 inveniatur,
1174 1297 1301 1352 hinc
1359 1300 1707 1368 apertissime
1759 1300 1969 1358 docens
2000 1318 2125 1359 eum

542 1386 639 1455 qui
667 1385 827 1441 valde
855 1386 1021 1440 etlam
1055 1387 1339 1457 perfectus
1362 1389 1508 1445 inter
1530 1392 1786 1449 homines
1817 1401 2130 1461 censeatur,

542 1476 812 1533 infantem
838 1493 964 1534 esse
998 1489 1052 1533 et
1081 1480 1274 1535 rudem
1301 1481 1446 1552 apud
1476 1480 1668 1539 Deum.
1700 1483 1841 1551 Quid
1875 1487 2021 1542 enim
2047 1496 2132 1542 est

542 1570 837 1640 prudentia
864 1568 1127 1636 hominis,
1160 1574 1208 1629 si
1244 1588 1371 1628 cum
1406 1577 1653 1633 universi
1683 1577 1882 1647 opiIIee
1910 1579 2132 1649 sapien-

543 1663 620 1716 tia
661 1664 1058 1731 comparetur?
1086 1663 1300 1721 Idcirco
1334 1666 1629 1724 Psalmista
1666 1667 1735 1724 ad
1768 1670 1938 1725 Deum
1981 1672 2131 1727 diee-

540 1749 669 1807 hat:
708 1774 725 1804 ι
764 1752 835 1807 Ut
880 1754 1195 1823 jumcntum
1253 1754 1433 1812 factus
1460 1773 1582 1811 sum
1616 1759 1764 1827 apud
1792 1768 1845 1814 te
1871 1760 1935 1812 ¹².
1973 1780 1991 1813 ι
2028 1760 2129 1815 Ne—

2225 1228 2316 1266 τον
2377 1214 2580 1285 ἀρετῆς
2652 1214 3112 1286 ἀναπηδήσαντας
3173 1215 3374 1286 μέτρον
3400 1253 3417 1281 ,
3453 1215 3551 1269 καὶ
3610 1215 3822 1270 σύνεσιν

2225 1305 2451 1376 ἔχοντας
2480 1308 2579 1378 τὴν
2612 1305 2813 1376 ὀλίγοις
2840 1306 3308 1378 κατωρθωμένην,
3336 1307 3554 1372 δεικνὺς
3579 1308 3667 1363 διὰ
3700 1307 3825 1363 τού·

2225 1412 2318 1451 του
2338 1437 2353 1460 ,
2383 1397 2481 1451 καὶ
2534 1399 2680 1468 μάλα
2722 1397 2931 1467 σαφῶς,
2976 1398 3060 1451 ὅτι
3089 1397 3185 1451 καὶ
3216 1398 3245 1452 6
3294 1397 3502 1469 σφόδρα
3532 1396 3742 1463 τέλειος
3769 1401 3825 1453 έν

2225 1487 2538 1559 ἀνθρώποις
2572 1489 2959 1553 ὑποπτευθεὶς,
2998 1488 3191 1561 νήπιρς
3220 1489 3339 1543 ἐστι
3389 1488 3542 1562 παρὰ
3580 1487 3660 1561 τῷ
3683 1486 3821 1561 Θεῷ,

2228 1580 2322 1632 καὶ
2371 1578 2578 1650 βραχὺς
2624 1579 2723 1643 τὰς
2764 1579 2988 1650 φρένας.
3037 1580 3102 1632 Τί
3135 1581 3245 1650 γὰρ
3277 1581 3313 1652 ἡ
3363 1581 3654 1652 ἀνθρώπου
3699 1581 3826 1636 σύνι

2226 1688 2344 1733 εσις
2369 1711 2383 1733 ,
2413 1669 2490 1733 ὡς
2533 1670 2674 1739 πρὸς
2724 1669 2822 1740 τήν
2848 1669 2957 1723 τῶν
3013 1671 3151 1724 ὃλων
3196 1672 3433 1741 τεχνῖτιν
3470 1672 3701 1740 σοφίαν;
3733 1672 3830 1724 Διᾶ

2228 1760 2386 1815 τοῦτό
2431 1778 2516 1826 τις
2564 1760 2785 1831 ψάλλων
2831 1760 2987 1830 ἔλεγε
3048 1761 3186 1833 πρὸς
3240 1762 3374 1815 Θεόν
3417 1779 3431 1793 ⁸
3473 1780 3493 1815 ι
3533 1760 3830 1834 Κτηνὼδης

541 1858 649 1909 que
695 1858 825 1898 vero
887 1859 1037 1899 sana;
1069 1848 1270 1903 mentis
1334 1849 1481 1904 ullus
1515 1851 1721 1904 dixerit
1774 1852 2124 1907 Psalmistam

2231 1852 2527 1924 ἐγεννήθην
2562 1852 2715 1924 παρὰ
2741 1854 2842 1909 σοί.
2883 1872 2901 1906 ι
2943 1852 3053 1907 Καὶ
3080 1854 3201 1925 ούχὶ
3235 1855 3455 1917 παντως
3485 1852 3608 1925 ἐρεῖ
3629 1866 3744 1918 τις,
3782 1856 3831 1907 εί

537 1934 848 2003 jumcntum
876 1937 998 1992 ideo
1035 1940 1221 1993 vocari
1249 1942 1395 2009 quod
1433 1941 1545 1998 Deo
1573 1942 1868 1999 adhaeserit
1926 1964 1937 1999 :
1977 1953 2126 2000 esset

540 2026 686 2078 enim
723 2029 909 2097 gravis
943 2028 1048 2083 ista
1081 2031 1135 2084 in
1172 2040 1429 2087 naturam
1479 2035 1722 2089 divinam
1767 2036 2122 2102 contumelia,

543 2132 906 2189 magnamque
939 2121 991 2174 in
1030 2137 1090 2177 se
1124 2125 1412 2179 continere
1455 2123 1857 2182 absurditatem
1906 2128 2122 2183 videre-

544 2204 654 2263 tur.
685 2210 820 2264 Nam
861 2212 952 2281 qui
1010 2214 1217 2269 homini
1275 2217 1510 2286 sapienti
1571 2218 1836 2283 adhaeret,
1872 2227 1926 2275 et
1979 2222 2124 2289 apud

543 2317 668 2355 eum
704 2301 883 2358 factus
914 2314 999 2359 est
1023 2304 1305 2376 (aptanda
1336 2309 1480 2363 enim
1511 2320 1615 2369 est.
1650 2320 1707 2365 ιιι
1744 2327 1890 2375 reor,
1928 2313 2125 2382 psalmi

542 2391 735 2458 dictio,
771 2404 995 2465 propter
1045 2404 1271 2466 usum),
1306 2417 1653 2472 nequaquam
1708 2412 1767 2457 ut
1816 2404 2123 2471 jumcntum

549 2484 742 2548 fuerit,
775 2488 872 2541 sed
923 2503 1089 2557 sagax
1118 2490 1325 2559 potius.
1357 2500 1410 2544 ct
1454 2494 1723 2563 prudens.
1760 2510 1824 2548 ac
1860 2495 2124 2565 singulari

545 2578 774 2632 solertia
813 2581 1097 2650 praeditus.
1126 2582 1284 2648 Quod
1316 2583 1361 2638 si
1395 2585 1520 2653 quis
1552 2601 1657 2641 non
1697 2586 1900 2656 injuria
1937 2602 2125 2641 verum

542 2669 705 2742 ’147
742 2670 797 2725 id
830 2687 953 2726 esse
994 2673 1235 2739 dixerit,
1300 2674 1579 2743 quomodo
1637 2694 1746 2731 non
1811 2677 1987 2733 futilis
2022 2678 2125 2732 erit

541 2762 796 2832 quisquis
827 2764 1110 2819 existimet
1150 2764 1428 2821 hominem
1477 2768 1781 2841 sapientem
1824 2769 2125 2825 belluinum

540 2861 595 2905 et
626 2851 877 2909 insanum
914 2856 1050 2921 fore,
1079 2856 1207 2911 licet
1242 2857 1344 2929 ipsi
1370 2858 1465 2914 Dei
1492 2858 1781 2930 sapientia:
1811 2860 2128 2916 adha’reat?

541 2943 681 3010 Quid
724 2962 856 3016 ergo
882 2954 991 3012 est,
1025 2948 1225 3018 inquit,
1260 2951 1408 3021 quod
1460 2952 1623 3006 etiam
1683 2953 1825 3007 inter
1876 2954 2126 3008 homines

540 3037 1009 3105 sapientissimus,
1058 3038 1105 3092 si
1135 3055 1259 3093 cum
1307 3039 1400 3096 Dei
1430 3041 1701 3111 sapientia
1752 3054 2123 3113 comparetur,

543 3135 602 3179 ut
646 3126 957 3195 jumcntum
1007 3131 1319 3185 censendus
1362 3134 1459 3195 sit,
1516 3141 1569 3187 et
1604 3134 1749 3187 inter
1778 3133 2006 3189 insanos
2042 3150 2129 3189 re-
2158 3168 2199 3225 ρ

544 3223 871 3288 putandus?
931 3223 1414 3289 Quemadmodum
1468 3226 1616 3280 enim
1689 3227 1977 3280 minimum
2037 3228 2126 3281 in-

546 3323 627 3364 ter
673 3320 823 3365 astra
874 3331 1225 3384 nequaquam
1286 3331 1413 3369 cum
1467 3317 1603 3371 solis
1660 3317 1832 3372 radiis
1864 3317 2122 3381 certabit,

549 3419 725 3473 neque
755 3420 922 3475 grave
960 3421 1157 3461 saxum
1193 3423 1317 3461 cum
1374 3416 1562 3461 monte
1615 3407 1861 3462 omnium
1926 3408 2133 3462 altissi-

545 3512 659 3562 mo,
698 3498 779 3553 sic
823 3498 1111 3552 hominum
1166 3498 1461 3569 prudentia
1515 3516 1800 3571 nunquam
1860 3514 1988 3555 cum
2036 3500 2129 3555 Dei

546 3588 818 3659 sapientia
869 3590 1076 3659 poterit
1112 3591 1445 3660 comparari,
1485 3591 1598 3645 imo
1635 3607 1770 3648 vero
1822 3590 1967 3646 nihil
2026 3591 2131 3647 erit

550 3697 779 3750 prorsus
828 3681 896 3735 ad
955 3680 1106 3736 illam
1164 3693 1504 3754 comparata.
1569 3682 1763 3738 Infans
1811 3683 1981 3753 igitur
2047 3692 2132 3740 est

546 3774 713 3827 etiam
747 3774 1043 3845 perfectus.
1078 3774 1292 3829 Modico
1322 3791 1455 3830 vero
1485 3783 1733 3847 tempore
1783 3790 1908 3831 cum
1966 3774 2133 3831 disci-

548 3866 693 3934 pulis
730 3865 846 3922 suis
879 3866 996 3922 fore
1023 3883 1082 3923 se
1111 3866 1371 3923 Christus
1402 3869 1605 3933 aiebat,
1632 3882 1740 3923 non
1774 3867 1936 3938 quasi
1972 3868 2133 3938 planc

549 3973 893 4025 receSSurus,
928 3975 1110 4029 neque
1144 3960 1368 4015 omnino
1425 3959 1752 4016 alienandos
1791 3979 1805 4014 :
1842 3960 2131 4035 nobiscum

546 4049 694 4102 enim
730 4059 811 4105 est
850 4052 1107 4106 omnibus
1142 4050 1356 4118 diebus,
1376 4054 1539 4107 etiam
1570 4069 1744 4123 usque
1776 4051 1842 4107 ad
1874 4066 2133 4108 consum-

548 4141 841 4195 mationcm
872 4144 1082 4208 SZBCtIli,
1107 4143 1273 4213 juxta
1317 4159 1507 4199 vocem
1549 4144 1727 4214 ipsius
1749 4140 1791 4176 ¹³
1823 4162 1835 4199 :
1877 4141 1974 4199 sed
2002 4144 2131 4215 quia

547 4234 603 4286 in
635 4247 804 4287 carne
857 4251 964 4288 non
1007 4237 1079 4291 sit
1109 4252 1233 4291 cum
1291 4237 1358 4294 iis
1420 4237 1664 4303 futurus,
1728 4239 1875 4293 sicut
1925 4239 2042 4294 heri
2080 4249 2133 4294 et

547 4325 978 4395 nudiustertius,
1032 4330 1273 4385 instabat
1330 4347 1461 4385 vero
1532 4330 1768 4397 foribus,
1828 4334 1937 4385 imo
1987 4333 2134 4386 intra

546 4428 736 4487 portas
774 4429 891 4474 erat
925 4429 1141 4492 tempus
1198 4423 1538 4478 reversionis
1570 4421 1637 4478 ad
1670 4422 1884 4478 Patrem
1924 4439 1990 4479 ex
2027 4424 2132 4479 hoc

2228 1960 2291 2011 γε
2325 1942 2449 1996 νοῦν
2474 1942 2608 2013 ἔχοι,
2653 1944 2741 1997 διὰ
2777 1944 2871 1997 τοῦ
2921 1943 3279 2014 κεκολλῆσθαι
3309 1942 3387 2015 τῷ
3415 1942 3556 2015 Θεῷ,
3578 1942 3830 2014 κτηνώὂη

2227 2034 2479 2102 λέγεσθαι
2521 2036 2613 2090 τὸν
2653 2034 2928 2105 ψάλλοντα
2971 2052 2985 2063 ·
3020 2033 3106 2104 εἴη
3156 2034 3267 2105 γὰρ
3313 2032 3380 2089 ἂν
3429 2034 3590 2089 τοῦτο
3632 2033 3833 2107 πικρὸν

2227 2127 2325 2198 τῆς
2356 2126 2508 2191 θείας
2542 2127 2758 2197 φύσεως
2807 2125 3173 2198 κατηγόρημα
3195 2166 3209 2188 ,
3234 2125 3332 2180 ’καὶ
3369 2125 3573 2198 πολλὴν
3602 2126 3668 2180 ἂν
3709 2125 3833 2198 ἕχον

2226 2215 2403 2286 ὁρῷτο
2437 2216 2538 2288 τὴν
2572 2216 2825 2270 ἀτοπίαν.
2865 2215 2922 2269 '0
2962 2215 3060 2285 μὲν
3090 2214 3199 2285 γὰρ
3236 2213 3515 2286 ἀνθρώπῳ
3554 2212 3833 2287 κολλώμε·

2226 2324 2316 2370 νος
2345 2307 2514 2379 σοφῷ,
2543 2309 2638 2361 καὶ
2676 2308 2807 2380 παρ’
2845 2306 2994 2378 αὐτῷ
3039 2308 3326 2377 γινόμενος
3361 2307 3465 2373 (δεῖ
3500 2307 3629 2377 γὰρ,
3651 2304 3828 2379 οἶμαι,

2227 2401 2326 2477 τὴν
2344 2399 2492 2468 λέξιν
2520 2400 2615 2454 τοῦ
2636 2398 2855 2470 ᾴαλμοῦ
2894 2399 3344 2471 συναρμόσασθαι
3365 2399 3457 2453 διὰ
3477 2398 3576 2471 τὴν
3593 2384 3829 2470 χρείαν),

2230 2492 2515 2564 κτηνώδης
2555 2494 2655 2547 οὐκ
2695 2492 2761 2546 ἂν
2813 2492 3023 2561 γένοιτό
3060 2504 3215 2557 ποτε,
3253 2489 3507 2562 ἀγχίνους
3531 2491 3590 2544 δὲ
3628 2488 3832 2561 μᾶλλον

2229 2584 2326 2636 καὶ
2376 2583 2621 2647 συνετὸς,
2670 2583 2765 2636 καὶ
2800 2581 2999 2654 δριμὺς
3037 2583 3116 2644 είς
3160 2580 3445 2651 φρόνησιν.
3477 2578 3539 2634 Εἰ
3567 2579 3631 2651 δή
3672 2580 3835 2634 τοῦτο

2230 2676 2363 2747 φαίη
2390 2693 2475 2739 τις
2506 2675 2594 2739 ἂν,
2618 2676 2714 2728 καὶ
2737 2674 2885 2745 μάλα
2915 2674 3141 2737 δικαίως
3174 2673 3445 2744 ὑπάρχειν
3465 2672 3686 2743 ἀληθὲς,
3709 2674 3834 2736 πῶς

2228 2766 2328 2817 οὐκ
2363 2764 2430 2818 ἂν
2461 2764 2628 2818 οίοιτο
2652 2763 2837 2835 Αηρῶν
2862 2805 2876 2826 ,
2908 2762 2998 2816 τὸν
3049 2756 3161 2830 ᾧγε
3194 2764 3426 2833 πάρεστι
3465 2763 3706 2831 φρονεῖν,
3748 2762 3835 2815 ὅτι

2230 2857 2507 2928 κτηνώδης
2534 2856 2705 2922 ἔσται,
2725 2857 2815 2909 καὶ
2834 2856 3017 2917 ἄνους,
3045 2858 3074 2908 6
3102 2857 3234 2925 παρ’
3263 2855 3399 2926 αὐτῇ
3432 2852 3723 2924 γενόμενος
3768 2854 3832 2922 τῇ

2233 2951 2393 3021 σοφία
2429 2949 2524 3002 τοῦ
2572 2948 2744 3014 Θεοῦ;
2780 2947 2845 3001 Τί
2891 2938 2985 3000 οὖν
3011 2948 3149 3018 ἄρα,
3180 2946 3366 3017 φησιν,
3398 2946 3481 2999 ὅτι
3523 2946 3617 2998 καὶ
3645 2946 3674 2997 6
3705 2945 3834 2999 λίαν

2233 3043 2397 3114 σοφὸς
2438 3044 2496 3096 ὲν
2548 3039 2876 3113 ἀνθρώποις,
2914 3041 2961 3091 εί
2993 3041 3059 3110 τῇ
3093 3037 3189 3090 τοῦ
3233 3034 3371 3089 Θεοῦ
3412 3034 3573 3107 σοφία
3602 3035 3835 3105 συγκρί-

2233 3150 2395 3197 νοιτο,
2438 3132 2720 3203 κτηνώδης
2768 3148 2828 3184 τε
2877 3129 2954 3183 ῶν
3009 3128 3308 3200 ὀφθήσεται
3331 3162 3346 3192 ,
3377 3127 3471 3181 καὶ
3499 3129 3559 3180 έν
3588 3128 3706 3190 τοῖς
3734 3128 3835 3180 οὐκ

2233 3226 2417 3296 ἔχουσι
2475 3224 2599 3278 νοῦν
2648 3223 3083 3293 λογισθήσεται;
3128 3221 3339 3291 Ὅνπερ
3394 3220 3503 3290 γὰρ
3563 3219 3771 3290 τρόπον
3805 3220 3835 3272 6

2214 3315 2563 3393 ,μικρότατος
2600 3316 2709 3367 τῶν
2741 3315 2984 3383 ἀστέρων
3016 3314 3117 3366 οὐκ
3160 3311 3227 3365 ἂν
3259 3313 3380 3374 ταῖς
3408 3310 3559 3379 ήλίου
3596 3309 3835 3378 φιλονειο

2233 3408 2357 3475 κοίη
2381 3406 2584 3477 βολαῖς,
2619 3407 2734 3461 ἀλλ’
2764 3406 2887 3459 οὐδὲ
2923 3404 3070 3468 λίθος
3100 3407 3129 3457 6
3157 3402 3326 3474 βαρὺς
3358 3401 3475 3474 ὄρει
3496 3402 3576 3472 τῷ
3608 3404 3835 3457 πάντων

2235 3500 2553 3570 ύπερφερεῖ,
2585 3498 2759 3561 οὕτως
2792 3496 3098 3568 ἀνθρώπων
3132 3496 3349 3559 σύνεσις
3401 3494 3502 3547 οὐκ
3519 3492 3585 3546 ἂν
3610 3492 3836 3549 δύναιτό

2236 3610 2367 3646 ποτε
2414 3595 2480 3664 τῇ
2533 3591 2627 3645 τοῦ
2676 3590 2812 3644 Θεοῦ
2875 3590 3038 3660 σοφίᾳ
3096 3588 3508 3659 συγκρίνεσθαι,
3543 3587 3836 3658 μᾶλλονᾶ

2234 3684 2387 3740 οὐδὲν
2427 3685 2563 3748 ὅλως
2614 3670 2767 3737 ἔσται
2811 3682 2950 3752 πρὸς
3007 3682 3225 3751 ἐκείνην
3273 3678 3575 3744 παντελῶς.
3604 3679 3839 3734 Τεκνίον

2234 3777 2341 3849 ἄρα
2386 3774 2479 3829 καὶ
2517 3777 2545 3829 6
2588 3773 2812 3837 τέλειος.
2856 3772 3071 3842 Μικρόν
3111 3786 3175 3839 γε
3219 3771 3328 3842 μὴν
3365 3771 3444 3824 ἔτι
3476 3771 3667 3841 χρόνον
3704 3788 3839 3826 συνο

2235 3867 2453 3921 ἐσεσθαι
2486 3867 2599 3929 τοῖς
2639 3863 2834 3917 ἑαυτοῦ
2866 3862 3138 3933 μαθηταῖς
3184 3860 3295 3931 ἔφη
3324 3861 3583 3934 Χριστὸς,
3617 3861 3721 3933 οὐχ
3763 3861 3841 3926 ὡς

2182 3960 2187 3969 “
2234 3956 2557 4030 ἀφεστήξων
2595 3955 2896 4018 παντελῶς,
2930 3954 3054 4007 οὐδὲ
3093 3955 3174 4017 είς
3204 3955 3352 4008 ἅπαν
3393 3952 3489 4007 καὶ
3519 3953 3839 4026 ὁλοκλήρως

2234 4052 2713 4124 ἀλλοτριούμενος·
2748 4047 2867 4121 μεθ’
2887 4049 3043 4121 ήμῶν
3074 4048 3182 4119 γάρ
3209 4050 3326 4102 ὲστι
3357 4048 3541 4111 πάσας
3560 4046 3660 4111 τὰς
3690 4049 3835 4120 apt-

2236 4162 2358 4217 ρας,
2389 4144 2481 4198 καὶ
2506 4143 2612 4207 ἓως
2668 4140 2769 4210 τῆς
2799 4140 3113 4204 συντελείας
3140 4138 3232 4192 τοῦ
3286 4139 3485 4203 αἰῶνος
3510 4178 3524 4203 ,
3557 4138 3698 4192 κατὰ
3734 4140 3840 4209 τὴν

2235 4237 2401 4291 αὑτοῦ
2462 4237 2684 4307 φωνήνο
2721 4234 2835 4288 ἀλλ’
2870 4233 2952 4286 ὅτι
3009 4236 3147 4303 μετὰ
3206 4232 3410 4305 σαρκὸς
3459 4231 3521 4284 οὐ
3558 4231 3838 4296 συνέσται,

2236 4329 2489 4398 καθάπερ
2542 4327 2732 4398 ἐχθὲς,
2793 4326 2890 4380 καὶ
2944 4325 3173 4397 τρίτηνο
3219 4319 3288 4395 ἦν
3341 4323 3400 4377 δὲ
3452 4322 3546 4376 ἐπὶ
3597 4321 3837 4393 θύραις,

2240 4422 2438 4492 μᾶλλον
2470 4421 2526 4475 δὲ
2555 4418 2687 4474 εἴσω
2723 4418 2902 4489 θυρῶν
2932 4416 2960 4472 6
2999 4416 3190 4489 καιρὸς
3232 4416 3334 4487 τῆς
3395 4414 3648 4470 ἐντεῦθεν
3693 4404 3842 4468 ἀπο-

549 4509 774 4572 mundo,
812 4518 865 4566 et
896 4512 1103 4568 reditus
1126 4514 1179 4565 in
1206 4514 1430 4567 cwlum.
1460 4512 1740 4583 Quotquot
1771 4521 1951 4566 autem
1983 4520 2132 4567 recte

2236 4512 2439 4585 δημίας
2486 4512 2614 4584 πρὸς
2661 4513 2751 4565 τον
2807 4505 3045 4583 Πατέρα,
3085 4510 3179 4564 καὶ⁵
3219 4508 3320 4579 τῆς
3374 4507 3564 4561 ἀνόδου
3611 4507 3713 4578 τῆς
3755 4507 3840 4570 είς

548 4603 814 4670 sentiunt,
852 4620 915 4659 ac
952 4605 1163 4659 tirmam
1202 4606 1362 4658 Iidem
1402 4604 1627 4669 habent,
1660 4605 1715 4658 in
1756 4604 1999 4659 animum
2031 4604 2133 4659 sibi

549 4694 810 4749 inducere
842 4695 1045 4752 debent
1082 4696 1253 4768 quod,
1311 4698 1438 4751 licet
1487 4697 1633 4752 absit
1670 4713 1699 4751 a
1748 4698 1910 4752 nobis
1940 4712 2135 4760 carne,

548 4783 616 4838 ad
648 4779 816 4840 Deum
856 4802 1051 4858 nempe
1082 4805 1144 4842 ac
1176 4787 1394 4842 Patrem
1443 4800 1718 4855 reversus,
1757 4799 2134 4844 verumtamen

548 4877 732 4932 divina
783 4881 833 4933 vi
885 4892 950 4933 ac
1010 4887 1285 4948 potestate
1322 4881 1505 4934 omnia
1543 4876 1836 4951 gubernat,
1885 4888 1935 4935 et
1978 4880 2136 4935 adeSt

547 4956 904 5042 diligentibus
965 4982 1043 5025 5e.
1105 4969 1318 5026 Idcirco
1370 4973 1518 5027 enim
1574 4972 1797 5028 aiebat:
1841 4991 1858 5024 ι
1922 4974 2128 5037 Amen,

546 5079 704 5117 amen
734 5063 859 5117 dico
890 5063 1063 5127 vobis,
1107 5064 1198 5117 ubi
1230 5063 1338 5119 duo
1374 5050 1453 5119 vel
1495 5064 1603 5119 tres
1627 5072 1758 5120 sunt
1794 5067 2128 5137 congregati

550 5156 605 5209 in
662 5155 889 5209 nomine
940 5169 1101 5211 meo.
1154 5156 1231 5209 ibi
1284 5171 1404 5210 sum
1467 5157 1521 5210 in
1565 5156 1747 5212 medio
1783 5170 1973 5212 eorum
2000 5157 2065 5211 ¹⁶.
2110 5177 2127 5209 ι

549 5242 1022 5310 Quemadmodum
1064 5246 1208 5299 enim
1268 5262 1392 5301 cum
1457 5246 1602 5303 inter
1645 5247 1900 5304 homines
1952 5246 2134 5304 adhuc

551 5344 1002 5402 conversaretur,
1037 5348 1091 5393 et
1143 5339 1198 5393 in
1233 5346 1377 5394 terra
1432 5356 1556 5394 cum
1613 5357 1781 5396 carne
1814 5342 2134 5407 exsisteret,

556 5427 817 5498 implebat
873 5427 1096 5499 quidem
1130 5432 1321 5494 caelos,
1357 5436 1409 5487 el
1459 5446 1584 5488 eum
1644 5433 1854 5488 sanctis
1923 5435 2138 5503 angelis

557 5518 906 5582 versabatur,
939 5534 1042 5575 nec
1076 5536 1311 5592 superna
1350 5522 1467 5577 loca
1522 5523 1910 5594 relinquebat:
1951 5516 2026 5577 ita
2081 5532 2136 5578 et

556 5620 703 5662 nunc
754 5609 810 5663 in
851 5613 1007 5667 cmlis
1045 5629 1171 5667 cum
1233 5630 1330 5691 sua
1364 5630 1532 5671 carne
1592 5616 1867 5673 exsistens
1930 5625 2131 5671 terram

2232 4606 2481 4679 οὐρανόν.
2521 4605 2835 4659 Διακείσθαι
2888 4602 2945 4658 δὲ
2990 4604 3105 4656 δεῖν
3146 4600 3444 4669 ἀναγκαῖον
3477 4595 3618 4655 εἶναί
3666 4617 3839 4673 φημι,

2237 4702 2363 4762 τοὺς
2401 4698 2457 4752 οῖ
2485 4716 2549 4768 γε
2590 4702 2879 4769 φρονοῦσιν
2928 4694 3140 4767 ὀρθῶς,
3172 4692 3268 4747 καὶ
3320 4692 3616 4765 ἱδρυμένην
3648 4692 3841 4763 ἔχουσι

2233 4793 2333 4864 τὴν
2382 4791 2586 4854 πίστιν,
2620 4789 2691 4853 ὡς
2722 4791 2770 4842 εί
2818 4788 2913 4842 καὶ
2946 4786 3174 4841 ἄπεστιν
3200 4782 3357 4854 ήμῶν
3492 4783 3658 4854 σαρκὶ
3682 4823 3696 4848 ,
3736 4782 3843 4854 τὴν

2239 4884 2374 4955 πρὸς
2433 4883 2567 4937 Θεὸν
2633 4883 2729 4935 καὶ
2789 4881 3009 4950 Πατέρα
3074 4876 3426 4947 στειλάμενος
3484 4873 3838 4944 ἀποδημίαν,

2236 4970 2352 5027 ἀλλ’
2386 4967 2479 5025 οὖν
2528 4973 2594 5041 τῇ
2635 4968 2755 5039 θείᾳ
2798 4967 3025 5036 δυνάμει
3077 4965 3330 5037 περιέπει
3385 4963 3453 5017 τὰ
3501 4964 3837 5032 σύμπαντα,

2242 5065 2333 5120 καὶ
2374 5064 2721 5134 συμπάρεστι
2750 5062 2867 5125 τοῖς
2904 5057 3195 5128 ἀγαπῶσιν
3245 5057 3429 5111 αὐτόν.
3477 5048 3576 5109 Άιὰ
3608 5054 3718 5126 γάρ
3750 5072 3840 5109 τοι

2236 5152 2393 5209 τοῦτο
2439 5153 2535 5207 καὶ
2578 5151 2817 5222 ἔφασκεν
2846 5167 2859 5181 ·
2903 5170 2921 5201 ι
2988 5148 3195 5220 Ἀμὴν,
3252 5146 3399 5218 ἀμὴν
3425 5187 3439 5210 ,
3471 5145 3616 5214 λέγω
3666 5144 3838 5214 ὑμῖν,

2239 5248 2373 5301 ὅπου
2406 5246 2501 5300 ἐὰν
2531 5240 2885 5315 συναχθέντες
2917 5236 3019 5296 ὦσι
3059 5240 3152 5295 δύο
3186 5241 3219 5311 ἥ
3263 5236 3413 5311 τρεῖς
3462 5240 3544 5302 είς
3587 5237 3649 5291 τδ
3702 5235 3842 5307 ἐμὸν

2239 5340 2408 5408 ὄνομα
2429 5379 2443 5403 ,
2477 5339 2594 5391 ἐκεῖ
2634 5336 2747 5407 εἰμι
2802 5336 2859 5389 ὲν
2896 5331 3045 5407 μέσῳ
3075 5333 3276 5387 αὐτῶν.
3309 5346 3327 5384 ι
3358 5328 3573 5402 ’Ὥσπερ
3595 5328 3703 5401 γὰρ
3736 5329 3838 5382 ἀν-

2239 5430 2481 5503 θρώποις
2530 5428 2611 5481 ἔτι
2650 5427 3127 5497 συνδιαιτώμενος,
3161 5426 3256 5479 καὶ
3290 5424 3385 5477 ἐπὶ
3432 5424 3535 5495 γῆς
3569 5423 3838 5492 ὑπάρχων

2245 5523 2383 5594 μετὰ
2419 5524 2623 5593 σαρκὸς
2643 5564 2654 5585 ,
2689 5522 2930 5593 ἐπλήρου
2966 5522 3063 5591 μὲν
3092 5517 3357 5589 οὐρανοὺς
3376 5558 3390 5581 ,
3425 5516 3591 5585 συνῆν
3620 5512 3677 5566 δὲ
3709 5509 3836 5565 τότε

2245 5619 2360 5681 τοῖς
2404 5616 2578 5685 ἁγίοις
2630 5610 2899 5684 ἀγγέλοις,
2932 5614 3031 5667 οὐκ
3090 5608 3413 5666 ἀπελείπετο
3456 5626 3513 5661 τε
3560 5604 3672 5660 τῶν
3721 5602 3838 5658 ἄνω

634 5783 677 5814 ¹²
714 5780 858 5839 Psal.
893 5801 1037 5842 Lxxu
1067 5830 1079 5855 ,
1111 5789 1203 5844 ‘23.
1285 5794 1325 5823 ‘3
1367 5790 1556 5846 Matth.
1600 5808 1767 5847 xxvm
1793 5833 1805 5856 ,
1841 5792 1933 5847 9.0.
2002 5794 2043 5824 "
2086 5790 2275 5845 Matth.
2315 5808 2480 5855 xvttt,
2513 5791 2601 5847 2t).
