4104 6494
362 419 470 476 157

1402 423 1468 480 iN
1522 423 1806 481 ιοΑΝΝιδ
1842 424 2293 481 EVANGELIUM
2338 428 2465 482 LIB.
2503 428 2572 483 IX

3538 431 3642 487 158

350 532 588 605 χῴρων·
617 533 759 587 οὕτω
784 535 877 588 καλ⁵
901 534 997 588 νῦν
1017 535 1278 607 ὑπάρχων
1306 537 1366 589 ἐν
1390 537 1639 607 οὐρανοῖς
1682 540 1821 610 μετὰ
1846 540 1945 609 τῆς

2051 542 2270 610 quidem
2307 542 2519 611 implet,
2560 550 2614 596 et
2653 556 2778 597 cum
2812 544 2930 598 suis
2966 550 3355 598 conversatur.
3388 541 3638 600 Observa

354 626 500 688 ιδίας
525 624 750 696 σαρκὸς,
768 626 970 697 πληροῖ
992 627 1090 698 μὲν
1114 628 1213 698 τὴν
1230 627 1356 698 γῆν,
1375 628 1588 682 σύνεστι
1606 631 1661 684 δὲ
1683 636 1794 695 τοῖς
1827 634 1954 685 ἐαυ-

347 716 451 770 τοῦ
480 717 805 788 γνωρίμοις.
825 719 1103 790 Ἐπιτήρει
1139 719 1197 773 δὲ
1215 721 1386 787 ὅπως,
1406 721 1582 777 καίτοι
1613 725 1757 777 κατά
1794 725 1959 796 μόνην

347 807 457 878 τὴν
496 807 682 879 σάρκα
718 807 1049 878 χωρίζεσθαι
1087 811 1405 881 προσδοκῶν
1428 813 1665 883 (σύνεστι
1687 815 1797 887 γὰρ
1826 817 1958 887 ἡμῖν

347 902 420 968 τῇ
441 898 674 969 δυνάμει
705 903 804 971 τῆς
836 899 1090 973 θεότητος
1118 901 1208 956 διὰ
1234 903 1476 974 παντὸς),
1498 905 1579 960 ἔτι
1612 908 1809 978 μικρὸν
1828 908 1956 980 χρό-

348 1004 445 1041 νον
480 988 610 1058 μεθ’
637 990 793 1059 ήμῶν
827 989 1049 1046 ἔσεσθαί
1084 1010 1236 1063 φησι,
1265 996 1486 1061 τελείως
1521 1015 1583 1051 τε
1605 1001 1699 1052 καὶ
1734 1000 1958 1071 ὁλοκλή-

351 1094 464 1148 ρως
494 1076 695 1131 ἑαυτὸν
716 1078 823 1133 ἀπὸ
847 1080 938 1134 τοῦ
966 1081 1168 1153 μέρους
1197 1086 1502 1155 σημαίνων,
1531 1088 1618 1142 ἵνα
1652 1092 1724 1161 μή
1758 1109 1843 1154 τις
1874 1092 1957 1156 εἰς

348 1168 487 1221 υἱῶν
512 1169 684 1224 δυάδα
710 1171 1021 1241 δια-τέμνειν
1038 1178 1290 1249 ἐπιχειρῇ
1321 1178 1412 1233 τὸν
1439 1179 1537 1232 ἕνα
1562 1180 1817 1252 Χριστὸν,
1836 1175 1954 1236 ἀλλ’

343 1259 427 1322 ὡς
459 1258 523 1312 ἓν
563 1276 619 1313 τι
658 1265 777 1333 νοῇ,
815 1265 906 1317 καὶ
929 1263 1138 1335 δέχοιτο
1157 1304 1173 1330 ,
1199 1268 1410 1323 καὶτὸν
1461 1272 1526 1323 ἐκ
1553 1271 1691 1324 Θεοῦ
1741 1274 1955 1343 Πατρὸς

346 1353 689 1422 γεννηθέντα
721 1355 890 1425 Λόγον
914 1399 930 1423 ,
966 1361 1063 1413 καὶ
1106 1361 1198 1415 τὸν
1241 1363 1308 1416 ὲκ
1342 1366 1442 1434 τῆς
1469 1364 1633 1433 ἁγίας
1675 1365 1951 1438 Παρθένου

346 1441 638 1510 ληφθέντα
674 1445 821 1510 ναὸν,
854 1448 953 1518 οὐχ
986 1450 1069 1502 ὅτι
1106 1448 1209 1520 τῆς
1238 1450 1408 1521 αὐτῆς
1428 1452 1616 1517 οὐσίας
1643 1456 1802 1518 εἰσὶν,
1836 1450 1950 1509 ἀλλ⁴

343 1531 434 1585 ὅτι
462 1534 609 1603 μετὰ
637 1537 736 1606 τὴν
759 1538 1001 1609 ἄρρητον
1029 1540 1247 1604 ἕνωσιν,
1275 1544 1304 1596 ὁ
1324 1543 1418 1597 τοῦ
1456 1545 1770 1600 διακόπτειν
1792 1548 1952 1618 λόγος

340 1624 450 1678 οὐκ
476 1626 714 1698 εὐσεϐής
746 1644 760 1658 ·
795 1623 877 1693 εἷς
901 1630 1011 1703 γὰρ
1043 1632 1100 1698 ἐξ
1123 1634 1326 1704 ἀμφοῖν
1357 1637 1385 1689 ὁ
1414 1637 1666 1708 Χριστός.

416 1717 737 1784 Ζητήσετέ
759 1737 857 1789 με,
884 1722 985 1775 καὶ
1013 1725 1207 1791 καθὼς
1233 1723 1410 1781 εἶπον
1442 1729 1570 1794 τοῖς
1610 1729 1944 1799 Ἰουδαίοις,

2063 646 2250 703 porro,
2288 643 2368 693 ,ιιι
2422 634 2726 688 secundum
2783 648 3011 689 carnem
3067 634 3339 688 duntaxat
3390 635 3641 692 abiturus

2063 722 2259 791 (adest
2312 725 2460 778 enim
2516 724 2678 780 nobis
2727 738 2947 795 semper
3012 725 3216 780 virtute
3260 724 3572 780 divinitatis
3596 740 3639 796 ι,

2060 812 2241 869 adhuc
2268 814 2547 869 modicum
2575 823 2793 886 tempus
2824 817 3116 871 nobiscum
3171 815 3290 872 fore
3352 833 3413 872 se
3468 818 3639 884 dicat,

2060 907 2302 975 perfecte
2332 908 2684 977 semetipsum
2712 922 2777 964 ac
2811 909 3051 964 totaliter
3082 924 3112 962 a
3134 917 3291 979 parte
3322 909 3638 975 nominans,
3688 978 3707 1003 ι

2058 1013 2127 1053 ne
2156 998 2282 1068 quis
2340 998 2395 1052 in
2426 999 2567 1055 duos
2625 1000 2767 1055 ﬁlios
2818 1000 3098 1056 Christum
3154 1001 3382 1062 dividat,
3447 999 3544 1055 sed
3582 1009 3642 1053 ut

2057 1102 2227 1143 unum
2260 1094 2486 1144 omnino
2515 1104 2637 1146 esse
2670 1090 2860 1146 credat
2894 1100 2948 1147 et
2986 1091 3225 1146 fateatur
3281 1091 3418 1146 illud
3488 1092 3637 1161 quod

2055 1196 2119 1235 ex
2148 1181 2311 1236 Patre
2342 1189 2531 1234 natum
2563 1189 2648 1236 est
2691 1180 2952 1249 Verbum,
3015 1190 3068 1238 et
3108 1183 3255 1252 quod
3290 1198 3356 1237 ex
3413 1181 3641 1253 Virgine

2054 1279 2397 1341 assumptum
2425 1280 2511 1328 est
2560 1273 2864 1343 templum:
2906 1290 3017 1329 non
3047 1276 3175 1345 quia
3209 1274 3458 1343 ejusdem
3506 1276 3641 1329 suh-

2054 1364 2273 1418 stantiae
2333 1365 2423 1430 sit,
2463 1365 2559 1421 sed
2595 1365 2728 1433 quia
2769 1374 2893 1435 post
2955 1366 3291 1421 ineﬂ‘abilem
3350 1365 3633 1427 unionem,

2054 1457 2234 1526 ipsum
2258 1456 2501 1512 dividere
2527 1457 2804 1532 piaculum
2831 1458 2905 1514 sit
2932 1476 2944 1513 :
2976 1473 3121 1514 unus
3150 1460 3298 1513 enim
3340 1473 3407 1512 ex
3441 1458 3637 1512 ambo-

2052 1547 2156 1605 bus
2193 1547 2454 1606 Christus
2491 1558 2598 1605 est.

2120 1725 2261 1791 XIII;
2288 1728 2376 1782 55.
2407 1727 2672 1795 Quantis
2698 1744 2802 1791 me.
2840 1734 2910 1791 et,
2949 1730 3087 1782 sicut
3116 1728 3233 1782 dixi
3256 1725 3493 1787 Judwis.
3529 1743 3633 1796 quo

339 1806 507 1863 ὅπου
559 1808 676 1879 ἐγὼ
707 1811 948 1882 ὐπιίγω,
975 1815 1150 1884 ὑμεῖς
1185 1819 1260 1872 οὐ
1287 1818 1556 1875 δύνασθε
1591 1821 1815 1890 ἐλθεῖν,
1850 1822 1945 1876 καὶ

2051 1818 2216 1890 748
2256 1832 2346 1886 ego
2386 1821 2540 1884 vado,
2577 1835 2666 1874 vos
2713 1836 2816 1873 non
2870 1821 3091 1888 potestis
3139 1820 3312 1874 venire
3340 1859 3355 1883 ,
3396 1826 3447 1873 et
3486 1820 3634 1873 vobis

338 1899 495 1969 ὑμῖν
519 1900 657 1968 ἄρτι
693 1903 870 1971 λέγω.

415 1993 537 2046 Οὐκ
574 1992 813 2064 ἀζήμιον
842 1997 1126 2063 παντελῶς
1151 2000 1371 2056 ἔσεσθαι
1396 2007 1508 2068 τοῖς
1547 2006 1743 2060 ἑαυτοῦ
1775 2007 1951 2078 μαθη-

336 2086 467 2148 ταῖς
488 2084 592 2151 τὴν
615 2085 927 2157 ἀποδημίαν
949 2090 1105 2161 φησὶ,
1121 2091 1220 2163 τὴν
1238 2095 1430 2148 ἑαυτοῦ
1458 2096 1949 2170 δηλονότι.Πρῶτον

340 2175 558 2245 μὲν,ὅτι
586 2178 731 2251 λύπῃ
760 2182 827 2251 τῇ
858 2181 952 2235 ἐπὶ
972 2183 1151 2254 τούτῳ
1177 2189 1675 2258 κιτατακὴσονται,
1699 2191 1794 2245 καὶ
1821 2190 1950 2245 δύσ-

334 2283 525 2322 οιστον
575 2270 756 2335 ἕξουσι
788 2273 888 2342 τῆς
913 2273 1161 2328 ἐντεῦθεν
1188 2277 1412 2348 πικρίας
1433 2279 1493 2333 τὸ
1515 2280 1950 2352 βάρος.Συνεῖναι

341 2358 455 2429 γὰρ
487 2361 556 2432 δὴ
606 2362 707 2415 καὶ
757 2363 923 2417 πάλιν
962 2364 1114 2435 αὐτῷ
1155 2365 1405 2438 διψήσειν
1433 2407 1448 2433 ,
1485 2371 1586 2424 οὐκ
1621 2372 1948 2443 ἀμφίϐολον,

341 2452 439 2504 καὶ
461 2452 879 2509 συνδιαιτᾶσθαι
898 2456 990 2510 διὰ
1016 2459 1196 2513 πάντα
1226 2459 1433 2514 ἐθέλειν
1456 2463 1675 2528 αὐτοὺς,
1694 2463 1947 2535 καθάπερ

336 2543 543 2612 ἀμέλει
573 2544 669 2598 καὶ
691 2547 722 2597 ό
744 2544 1034 2612 θεσπέσιος
1070 2550 1304 2615 Παῦλος,
1343 2553 1435 2606 καὶ
1465 2554 1636 2625 αὐτῆς
1665 2554 1945 2626 προτιθεὶς

340 2636 444 2706 τῆς
482 2636 676 2692 ἐνθάδε
699 2638 848 2711 ζωῆς
875 2640 938 2693 τὸ
966 2645 1207 2697 συνεῖναι
1243 2644 1486 2716 Χριστῷ,
1527 2650 1774 2718 κρεῖττον
1807 2647 1942 2717 ἔφα-

343 2744 476 2781 σκεν
504 2722 652 2784 εἶναι
682 2730 745 2784 τὺ
764 2731 1055 2800 ἀναλῦσαι,
1079 2734 1174 2788 καὶ
1194 2735 1292 2789 σὺν
1322 2737 1543 2809 Χριστῷ
1573 2736 1730 2793 εἶναι.
1760 2739 1946 2794 Ταῦτα

340 2822 715 2892 συνεωρακὼς
741 2824 771 2876 ό
794 2823 1051 2895 Χριστὸς,
1091 2825 1186 2879 καὶ
1213 2816 1313 2891 τὰς
1340 2828 1449 2901 τῶν
1476 2830 1816 2897 ἀγαπώντων
1848 2833 1947 2886 αὐο

339 2914 431 2968 τὸν
459 2914 566 2969 οὐκ
588 2915 866 2987 ἀγνοήσας
891 2917 1138 2988 καρδίας,
1170 2919 1233 2972 οὐ
1256 2918 1380 2990 δίχα
1399 2920 1575 2992 λύπης
1598 2922 1816 2977 ἔσεσθαι
1832 2926 1943 2988 τοῖς

341 3005 623 3077 μαθηταῖς
670 3006 774 3078 ἔφη
821 3008 924 3078 τὴν
966 3008 1162 3062 ἑαυτοῦ
1194 3010 1381 3065 ἄνοδον
1418 3028 1434 3042 ο
1464 3012 1581 3066 ἀλλ’
1624 3009 1693 3085 ἦν
1718 3008 1809 3077 ’τις
1851 3016 1943 3068 ἐπὶ

336 3096 647 3171 toﬁ-captata).
691 3098 854 3170 ἑτέρα
893 3098 1168 3169 πρόφασις
1204 3101 1426 3173 ἀληθὴς,
1477 3102 1659 3174 ζητεῖν
1696 3107 1943 3174 ἀναγκά-

338 3186 515 3250 ζουσα
576 3187 639 3240 τὸ
693 3191 934 3243 συνεῖναι
987 3190 1210 3262 Χριστῷ
1256 3192 1384 3255 τοὺς
1429 3194 1617 3262 ἁγίους
1668 3194 1935 3266 μαθητάς.
1967 3221 2011 3278 ρ

348 3282 679 3353 ὀμιλήσειν
723 3282 825 3352 μὲν
857 3283 966 3354 γὰρ
1000 3285 1124 3336 ὅσον
1156 3284 1369 3338 οὐδέπω
1407 3286 1672 3351 κινδύνοις
1718 3289 1944 3359 ἔμελλον

336 3376 399 3428 οὐ
429 3378 676 3446 μικροῖς,
699 3374 795 3428 καὶ
834 3378 951 3438 ταῖς
1005 3375 1276 3430 Ἰουδαίων
1304 3377 1631 3442 ἀκαθέκτοις
1663 3381 1945 3445 ἁπονοίαις

339 3465 890 3534 κατασφενδονᾶσθαι
923 3467 1155 3539 συχνῶς,
1186 3467 1322 3522 ἀλλὰ
1350 3471 1447 3522 καὶ
1491 3473 1611 3533 ταῖς
1648 3470 1708 3536 ἐξ
1740 3472 1944 3543 ἐτέρων

338 3559 507 3613 τινῶν
531 3557 961 3629 περιπεσεῖσθαι
1009 3560 1252 3628 μανίαις,
1285 3559 1415 3629 ὃλην
1463 3559 1810 3630 περιθέοντες
1845 3562 1944 3632 τὴν

334 3651 693 3722 οἰκουμένην,
727 3650 957 3713 καὶτοῖς
986 3649 1067 3704 ἔτι
1096 3651 1473 3722 πλανωμένοις
1505 3652 1596 3706 τὸν
1626 3653 1722 3706 τοῦ
1757 3655 1942 3725 Σωτῆ-

341 3761 437 3814 ρος
487 3742 951 3814 διακηρύττοντες
983 3742 1144 3812 λόγον
1165 3783 1179 3808 ,
1206 3743 1283 3807 ὼς
1321 3743 1716 3817 δεσμωτηρίων
1756 3747 1946 3816 πειρᾶ-

335 3834 487 3898 σθαι,
522 3831 739 3905 ὕϐρεώς
764 3851 823 3887 τε
847 3835 941 3887 καὶ
959 3834 1146 3897 αἰκίας
1175 3835 1274 3888 οὐκ
1308 3836 1580 3907 ἀμοιρεῖν,
1615 3838 1706 3890 καὶ
1736 3839 1942 3908 ἑτέρων

333 3928 493 3982 οὐδὲν
524 3922 695 4000 ἦττον
726 3927 1115 3996 στρεδλώσεων
1165 3929 1246 3989 εἰς
1276 3930 1476 3998 πεῖραν
1528 3929 1703 3982 ἐλθεῖν
1724 3945 1735 3957 ·
1762 3931 1941 3984 καίτοι

335 4018 449 4070 τῶν
480 4016 746 4070 τοιούτων
777 4017 992 4080 οὐδενὸς
1024 4019 1424 4089 πεπειραμένοι
1463 4019 1731 4090 πρότερον
1760 4022 1818 4072 ὲν
1861 4021 1940 4092 τῷ

335 4109 589 4160 συνεῖναι
641 4104 885 4177 Χριστῷ.
920 4106 1219 4177 Ζητήσετε,
1263 4107 1422 4178 φησὶ,
1459 4107 1641 4162 τοίνυν
1686 4110 1809 4163 τότε
1840 4112 1939 4182 τὴν

331 4199 478 4270 ἐμὴν
512 4197 756 4269 μάλιστα
805 4198 1094 4251 συνουσίαν
1118 4238 1133 4262 ,
1159 4199 1290 4251 ὅταν
1320 4200 1467 4269 ὑμᾶς
1507 4197 1579 4251 τὰ
1619 4199 1942 4271 πολύτροπα

330 4293 442 4345 τῶν
480 4290 814 4361 πειρασμῶν
854 4291 1162 4363 ἐκταράττῃ
1194 4290 1433 4362 κύματα.
1466 4291 1638 4346 Τοῦτο
1669 4293 1725 4347 δὲ
1748 4289 1849 4365 ἦν,
1875 4294 1937 4347 οὐ

332 4382 476 4452 πρὸς
520 4380 730 4434 δειλίαν
763 4379 989 4449 ἄγοντος
1008 4419 1024 4443 ,
1055 4379 1088 4451 ἢ
1120 4380 1647 4453 προσκατακλῶντος
1671 4383 1750 4454 τῷ
1784 4382 1937 4455 φόϐῳ

328 4480 464 4538 τοὺς
516 4473 771 4545 μαθητάς
791 4490 803 4501 ·
847 4473 1231 4542 ὲπαλείφοντος
1258 4474 1313 4528 δὲ
1353 4474 1553 4545 μᾶλλον
1577 4477 1658 4539 εἰς
1690 4475 1938 4540 εὐτονίας

1981 1886 2021 1941 Β
2050 1886 2381 1964 ἇίε-οήτηοάο.

2120 2000 2438 2056 Discessum
2470 2001 2613 2056 haud
2652 2001 2885 2070 jactura:
2930 2014 3159 2073 prorsus
3190 1982 3470 2072 expertem
3518 2000 3636 2054 fore

2051 2090 2341 2163 discipulis
2387 2093 2507 2148 suis
2559 2094 2636 2147 ait
2682 2111 2694 2146 :
2738 2094 2975 2162 primqu
3036 2091 3282 2162 quidem,
3334 2090 3463 2161 quia
3511 2089 3635 2159 ejus

2049 2184 2244 2239 dolore
2300 2177 2725 2248 contabescenl;
2760 2191 2817 2238 et
2862 2183 3287 2239 acerbissimum
3326 2181 3453 2236 inde
3500 2195 3636 2235 uim-

2049 2289 2230 2330 rorem
2280 2275 2615 2345 concipient.
2653 2275 2765 2330 Nec
2807 2274 2958 2329 enim
3025 2275 3255 2330 dubium
3292 2282 3379 2329 est
3415 2272 3635 2344 gravis-

2047 2367 2190 2422 simo
2240 2366 2362 2438 ejus
2411 2367 2689 2423 desiderio
2747 2366 3031 2422 detentum
3075 2367 3176 2429 iri,
3229 2374 3283 2421 et
3334 2378 3636 2419 conversa-

2048 2461 2252 2514 tionem
2293 2459 2416 2528 ejus
2463 2459 2855 2529 requisituros,
2913 2456 3384 2528 quemadmodum
3441 2468 3637 2525 nempe

2046 2552 2268 2606 divinus
2297 2550 2387 2605 ille
2421 2548 2627 2605 Paulus
2653 2548 2756 2619 ipsi
2787 2548 2954 2604 etiam
2980 2549 3237 2619 corporis
3266 2548 3394 2602 vitae
3422 2545 3634 2601 versari

2046 2657 2172 2696 cum
2220 2640 2444 2697 Christo
2494 2654 2841 2712 praeponens,
2879 2641 3079 2696 melius
3128 2641 3237 2695 sibi
3273 2640 3457 2694 aiebat
3510 2653 3635 2693 esse
3708 2640 3713 2645 ’

2045 2732 2294 2798 dissolvi,
2324 2740 2526 2788 etesse
2562 2745 2687 2787 cum
2715 2732 2939 2787 Christo
2962 2731 3026 2786 ¹⁸.
3066 2730 3190 2786 Haec
3217 2729 3475 2785 Christus
3505 2742 3631 2782 eum

2044 2824 2386 2897 praevideret,
2408 2839 2512 2881 nec
2533 2825 2703 2879 corda
2721 2824 3068 2894 diligentium
3094 2838 3154 2878 se
3189 2823 3491 2891 ignoraret,
3519 2836 3632 2875 non

2043 2924 2325 2987 expertem
2361 2916 2620 2972 maeroris
2659 2915 2948 2985 discipulis
2985 2914 3104 2970 fore
3134 2914 3276 2969 dixit
3306 2928 3470 2970 suum
3507 2914 3631 2966 dis-

2043 3022 2282 3063 cessum.
2332 3005 2439 3063 Sed
2470 3015 2527 3062 et
2561 3006 2669 3061 alia
2700 3017 2961 3077 praeterea
3000 3021 3128 3062 vera
3158 3019 3326 3062 causa
3356 3014 3475 3062 erat
3508 3020 3631 3076 qua:

2044 3108 2270 3155 sanctos
2301 3099 2607 3169 discipulos
2632 3095 2889 3170 adigebat
2915 3108 2977 3153 ut
3001 3114 3126 3153 cum
3160 3098 3384 3155 Christo
3413 3102 3624 3154 versari

2045 3200 2328 3263 cuperent.
2362 3190 2574 3263 Quippe
2603 3205 2731 3246 mox
2771 3191 2959 3262 gravia
3014 3192 3258 3261 pericula
3313 3193 3628 3262 perpessuri

2044 3295 2223 3350 erant,
2260 3300 2390 3340 cum
2426 3291 2480 3339 et
2506 3281 2788 3339 eiirenatis
2813 3282 3131 3338 Iudaeorum
3161 3282 3306 3352 saepe
3340 3282 3505 3353 objici
3545 3281 3633 3336 fu-

2044 3377 2292 3442 roribus,
2329 3386 2444 3431 tum
2475 3377 2713 3431 aliorum
2744 3375 3111 3447 quorumdam
3162 3375 3504 3445 intemperiei
3538 3389 3636 3446 pa-

2045 3475 2161 3524 tere
2183 3468 2474 3531 debebant,
2512 3475 2686 3520 totum
2721 3465 2912 3520 orbem
2939 3472 3212 3521 terrarum
3255 3466 3546 3529 obeuntes,
3577 3472 3632 3520 et

2043 3544 2363 3617 errantibus
2396 3560 2577 3615 adhuc
2630 3559 2942 3615 Servatoris
2972 3559 3282 3613 doctrinam
3331 3546 3634 3629 praedican-

2043 3660 2149 3717 tes,
2187 3651 2323 3707 adeo
2382 3652 2438 3705 ut
2495 3662 2597 3706 nec
2635 3664 2891 3706 carceres
2942 3650 3221 3712 deessent,
3287 3662 3390 3704 nec
3439 3648 3629 3722 ﬂagra,

2045 3761 2150 3802 nec.
2178 3744 2505 3816 iniuriarum
2539 3758 2603 3799 ac
2658 3751 3068 3800 tormentorum
3097 3756 3271 3812 genus
3308 3742 3480 3795 ullum
3542 3741 3631 3795 in-

2043 3848 2332 3909 expertum
2388 3826 2676 3902 h‘abereut,
2739 3848 2978 3906 quorum
3018 3834 3229 3887 nullum
3282 3834 3439 3902 prius
3497 3832 3629 3887 dum

2045 3935 2400 3984 versarentur
2467 3938 2594 3981 cum
2648 3925 2878 3980 Christo
2915 3924 3286 3994 pertulerunt.
3335 3922 3626 3989 Quaeretis,

2041 4020 2240 4090 inquit,
2272 4025 2405 4072 tunc
2440 4026 2616 4072 meam
2667 4017 2908 4071 maxime
2961 4015 3330 4085 praesentiam,
3375 4028 3500 4068 cum
3530 4029 3631 4069 vos

2044 4111 2413 4171 tentationum
2441 4108 2578 4163 varii
2633 4106 2836 4163 ﬂuctus
2876 4106 3244 4162 turbaverint.
3278 4104 3391 4160 lioc
3443 4114 3627 4160 autem

2040 4211 2127 4259 est
2165 4215 2275 4258 non
2308 4200 2623 4256 inducentis
2649 4199 2718 4253 ad
2750 4194 3134 4262 formidinem,
3197 4206 3294 4251 aut
3325 4197 3630 4268 discipulos

2042 4294 2240 4349 timore
2269 4291 2599 4364 frangentis,
2641 4291 2738 4347 sed
2803 4291 2872 4345 ad
2908 4286 3080 4345 robur
3136 4297 3194 4346 ct
3250 4288 3626 4345 euastantiam

2040 4384 2228 4455 potius
2263 4382 2546 4452 ungentis,
2581 4389 2636 4436 et
2661 4379 2728 4434 ad
2760 4392 2954 4434 eorum
2984 4394 3108 4450 quae
3134 4386 3399 4434 eventura
3435 4376 3629 4433 crede-

2040 4479 2241 4533 bantur
2270 4464 2617 4530 tolerantiam
2648 4474 3011 4530 iustitueutis.
3067 4471 3182 4528 Nec
3209 4471 3355 4527 enim
3400 4482 3627 4540 compe-

329 4566 631 4637 ἀνὰληψιν,
684 4565 778 4618 καὶ
808 4565 971 4618 οἱονεὶ
1013 4564 1151 4637 πρὸς
1207 4566 1308 4638 τὴν
1354 4564 1464 4619 τῶν
1496 4565 1716 4621 ἔσεσθαι
1770 4582 1940 4638 προσ-

2045 4570 2252 4625 riemus
2276 4567 2472 4622 inutile
2501 4580 2647 4632 esse,
2678 4565 2790 4619 imo
2818 4579 2950 4621 vero
2979 4578 3238 4634 magnam
3264 4562 3318 4616 in
3372 4576 3433 4616 se
3472 4560 3627 4614 utili-

328 4658 671 4727 ὃοκωμένων
691 4657 974 4729 ὑπομονὴν
1008 4657 1544 4728 προευτρεπισθῆναι
1570 4658 1934 4724 διδάσκοντος.

330 4751 407 4805 Οὐ
440 4750 556 4819 γὰρ
596 4750 908 4820 εὑρήσομεν
933 4749 1163 4821 ἀκερδὲς
1182 4789 1197 4811 ,
1222 4750 1424 4819 μᾶλλον
1444 4750 1501 4803 δὲ
1534 4750 1736 4822 πολλὴν
1763 4750 1831 4805 ἄν
1857 4766 1939 4816 τις

330 4842 434 4894 ἴδοι
466 4841 572 4910 τὴν
599 4840 787 4911 ὄνησιν
808 4840 932 4910 ἕχον
956 4840 1017 4894 τὸ
1046 4843 1104 4893 ὲν
1127 4842 1378 4912 Ψαλμοῖς
1397 4842 1678 4912 ᾀδόμενον,
1707 4861 1726 4892 ι
1763 4842 1941 4896 Ἤτοι-

334 4930 583 5001 μάσθην,
612 4933 708 4984 καὶ
741 4930 844 4983 οὐκ
876 4930 1205 5001 ἐταράχθην.
1239 4951 1259 4982 ι
1298 4931 1371 4984 Τὸ
1406 4933 1506 5003 μὲν
1530 4931 1642 5003 γὰρ
1673 4930 1815 4995 ὅλως
1836 4933 1938 4986 οὐκ

331 5024 596 5078 ἐλπισθὲν
624 5022 733 5076 τῶν
767 5023 977 5077 ἀδικεῖν
1006 5022 1280 5077 εἰωθότων
1334 5024 1506 5078 δεινὸν
1538 5026 1618 5089 είς
1648 5022 1933 5098 θορύϐους,

331 5118 430 5171 καὶ
464 5115 731 5186 ἀδόκητον
773 5133 892 5179 πως
918 5115 1032 5185 ἔχει
1058 5116 1159 5187 τὴν
1180 5115 1370 5185 ἔφοδον
1396 5133 1409 5147 ·
1437 5117 1499 5170 τὸ
1519 5117 1577 5170 δὲ
1599 5120 1720 5182 ταῖς
1761 5132 1934 5190 προσ-

327 5209 571 5272 δοκίαις,
597 5208 694 5261 καὶ
730 5208 794 5261 τὸ
832 5207 913 5279 τῷ
945 5207 1325 5279 προεγνῶσθαί
1351 5226 1460 5262 τισι
1504 5208 1933 5281 προδαπανῆσαν

329 5303 436 5371 ἠδη
480 5300 579 5354 τοῦ
608 5300 778 5370 φόϐου
811 5301 875 5354 τὸ
924 5301 1108 5364 πλέον,
1135 5301 1238 5353 οὐκ
1275 5301 1515 5373 ἄκρατον
1545 5301 1660 5373 ἔχει
1680 5304 1779 5374 τὴν
1809 5304 1932 5358 καθ’

329 5386 408 5445 ὧν
431 5390 503 5444 ἂν
528 5388 676 5444 ἐπίοι
725 5390 980 5461 δύναμιν,
1003 5390 1492 5462 προμελετησάσης
1522 5392 1655 5445 αὐτύ
1686 5393 1785 5463 τῆς
1811 5392 1930 5447 δια-

328 5484 507 5546 νοίας,
541 5483 639 5537 καὶ
684 5481 761 5546 ῶς
799 5482 903 5554 ἤδη
947 5484 1122 5552 natpr
1166 5481 1465 5553 δεξαμένης
1495 5481 1776 5548 πολλάκις,
1805 5483 1928 5539 ὅσον

330 5577 413 5640 εἰς
465 5573 683 5638 ἐννοίας
720 5573 970 5644 δύναμιν.
1004 5574 1218 5643 Ὥσπερ
1262 5573 1372 5644 γὰρ
1404 5572 1476 5626 .εῐ
1517 5590 1600 5638 τις
1637 5575 1934 5647 αἱμοόόρος

331 5668 432 5722 καὶ
481 5665 679 5736 ἄγριος
720 5665 855 5737 θὴρ,
882 5667 949 5718 ἐκ
982 5665 1148 5735 μέσου
1197 5663 1398 5726 ἀναδὺς
1426 5664 1709 5734 εὐδένδρου
1740 5685 1798 5721 τε
1837 5672 1930 5725 καὶ

400 5850 444 5882 ⁸⁵
480 5848 721 5922 Philipp.
756 5866 795 5916 ι,
833 5848 923 5905 23.
991 5850 1054 5882 ’δ’
1097 5847 1241 5901 Psal.
1284 5851 1590 5917 cxvm,60.

2037 4666 2203 4715 tatem
2226 4656 2430 4712 habere
2453 4655 2602 4724 quod
2649 4655 2703 4708 iu
2732 4654 2971 4708 Psalmis
3030 4652 3290 4707 canitur:
3326 4668 3345 4701 ι
3387 4648 3627 4704 Paratus

2036 4766 2181 4812 sum,
2215 4756 2271 4804 et
2297 4764 2409 4803 non
2439 4763 2561 4803 sum
2591 4745 2848 4800 turbatus
2868 4745 2960 4798 "‘.
2989 4762 3009 4795 ι
3047 4742 3248 4798 Malum
3273 4741 3420 4797 enim
3439 4743 3625 4812 inspe-

2034 4848 2214 4895 ratum
2248 4838 2436 4892 turbat
2484 4850 2587 4890 nos
2627 4833 3026 4897 vehementius,
3069 4842 3125 4889 et
3172 4831 3365 4903 pungit
3399 4831 3621 4895 acrius;

2034 4931 2183 5002 quod
2219 4939 2399 4984 autem
2451 4927 2746 4997 praevisum
2782 4930 2838 4980 et
2878 4931 3262 4994 exspectatum
3313 4933 3421 4987 est,
3462 4922 3623 4993 quasi

2037 5037 2234 5092 magna
2258 5021 2372 5090 jam
2400 5029 2552 5090 parte
2581 5029 2759 5074 metus
2788 5024 3146 5087 consumpta,
3172 5015 3433 5071 lentiores
3459 5014 3625 5070 habet

2035 5115 2295 5184 impetus,
2356 5108 2661 5180 auticipata‘
2693 5108 2957 5162 nimirum
2993 5108 3144 5162 illius
3171 5107 3533 5178 cogitatione,
3564 5114 3622 5159 et

2033 5206 2205 5263 animi
2231 5204 2438 5259 virtute
2463 5211 2592 5258 ante
2617 5212 2894 5271 suscepta.
2920 5199 2991 5257 Ut
3019 5202 3169 5256 enim
3194 5208 3351 5255 atrox
3382 5198 3563 5255 bellua
3587 5214 3621 5253 ο

2033 5297 2222 5354 densis
2248 5295 2495 5351 latibulis
2527 5309 2591 5349 ac
2620 5295 2810 5350 lustris
2835 5294 3126 5364 inopinato
3151 5302 3472 5361 erumpens,
3506 5300 3617 5343 non

2036 5389 2201 5446 modo
2230 5390 2393 5445 valde
2417 5403 2544 5443 eum
2572 5388 2759 5441 turbat
2801 5388 2855 5441 in
2888 5403 3051 5457 quem
3108 5384 3388 5447 insilierit,
3425 5381 3524 5437 sed
3562 5390 3620 5435 et

2035 5483 2365 5553 imparatum
2430 5478 2699 5536 dilaniat:
2782 5478 3003 5534 eminus
3093 5488 3229 5531 vero
3315 5480 3617 5545 conspecta

2041 5574 2207 5646 749
2234 5580 2398 5643 atque
2453 5571 2671 5642 cognita
2730 5578 3002 5623 armatum
3048 5573 3144 5622 aut
3189 5566 3374 5620 minus
3424 5563 3616 5620 forsan

2041 5667 2219 5732 laedet,
2244 5674 2338 5721 aut
2370 5663 2528 5720 irrito
2552 5670 2752 5717 conatu
2774 5662 2996 5716 recedet
3023 5678 3037 5715 :
3064 5659 3146 5715 sic
3176 5658 3364 5723 etiam,
3390 5655 3610 5729 opinor,
