4104 6426
476 347 582 406 059

1434 352 1490 408 S.
1511 351 1791 408 CYRILLI
1834 349 2301 407 ALEXANDRINI
2331 350 2649 408 ARCIIIEP.

3651 347 3751 403 160

474 477 540 513 ex
567 460 982 524 tentationibus,
1008 460 1290 530 insperata
1321 461 1704 516 vehementius
1729 477 1792 525 ac
1820 461 2068 515 ferocius

2188 463 2388 525 iaosia;
2435 463 2532 533 τῆς
2559 461 2796 531 λόχμης,
2823 457 3111 528 ἐφάλλοιτό
3132 473 3239 508 τινι
3268 455 3378 508 τῶν
3399 455 3498 527 οὐχ
3519 456 3765 528 ὁρώντων

474 553 681 606 invadit
736 567 902 621 quam
932 562 1173 622 sperata.
1212 552 1608 608 Percommode
1661 555 1850 622 itaque
1883 551 2068 605 Domi-

474 660 582 701 nus
616 656 804 699 noster
833 629 996 699 Jesus
1045 642 1307 698 Christus
1339 645 1426 700 his
1483 645 1688 708 verbis,
1739 663 1756 695 ι
1787 645 2066 710 Quaeretis

477 752 585 799 me,
625 755 642 787 ι
677 753 797 806 quae
821 737 1107 804 discipulis
1133 747 1396 791 eventura
1435 745 1625 791 essent
1679 751 1745 790 ex
1809 752 1912 789 suo
1944 737 2062 792 dis-

477 843 666 891 cessu,
698 839 753 884 et
801 829 1070 882 tumultus
1102 829 1390 881 subinnuit
1433 829 1502 880 ab
1534 827 1874 882 adversariis
1913 827 2069 882 exci-

481 921 718 982 tandos,
777 921 842 973 ad
908 920 1168 972 virtutem
1236 927 1292 973 et
1344 921 1516 974 robur
1573 919 1901 990 capiendum
1968 919 2071 974 hac

445 1014 840 1082 ‘praadictione
871 1013 996 1066 illos
1034 1011 1312 1067 excitans.
1346 1012 1442 1067 llis
1479 1028 1644 1081 porro
1677 1012 1888 1066 utiliter
1938 1013 2072 1065 sub-

476 1105 658 1172 jungit
697 1102 824 1170 quid
868 1102 1195 1170 imprzesens
1226 1117 1323 1157 ens
1378 1102 1535 1171 sequi
1566 1102 1882 1170 prohibeat.
1914 1101 2071 1168 Quod

480 1197 624 1249 enim
653 1195 763 1248 dixi
790 1192 1019 1258 Judazis,
1049 1195 1252 1263 inquit,
1279 1195 1385 1247 hoc
1423 1206 1479 1249 et
1520 1195 1587 1248 ad
1621 1211 1718 1250 vos
1751 1195 1915 1248 modo
1948 1197 2070 1249 aio:

488 1307 505 1336 ι
545 1286 665 1352 Quo
705 1287 866 1350 vado,
900 1303 997 1341 vos
1033 1302 1142 1340 non
1184 1288 1418 1355 potestis
1454 1288 1662 1340 venire.
1705 1305 1722 1338 ι
1781 1285 1890 1340 Nec
1925 1287 2070 1340 enim

401 1447 406 1452 _
483 1388 699 1448 tempus
755 1377 941 1431 adhuc
995 1386 1116 1432 erat
1153 1387 1384 1431 sanctos
1445 1377 1770 1446 discipulos,
1831 1377 2074 1430 nondum

407 1453 412 1458 ’
485 1470 797 1524 ministerio
821 1485 924 1523 suo
957 1479 1375 1530 consummato,
1411 1467 1478 1522 ad
1527 1485 1802 1540 supernas
1836 1470 2078 1524 transire

484 1560 807 1615 mansiones
834 1577 848 1613 :
884 1575 947 1614 ea
975 1559 1180 1629 quippe
1212 1560 1468 1629 migratio
1504 1559 1558 1612 in
1589 1573 1892 1628 congruum
1937 1567 2078 1612 tem-

485 1667 589 1719 pus
621 1651 968 1705 servabatur.
1001 1649 1418 1705 Observandum
1439 1661 1622 1705 tamen
1657 1657 1742 1704 est
1765 1666 1918 1715 eum,
1945 1665 2074 1704 cum

486 1742 726 1812 idipsum
780 1742 1141 1811 significaret,
1191 1741 1400 1798 .Indzeis
1445 1742 1676 1808 dixisse,
1741 1761 1759 1793 ι
1803 1741 2079 1808 Quaeretis

495 1943 512 1974 ι
551 1924 827 1990 Quagretis
858 1941 963 1989 me,
1007 1945 1025 1977 ι
1060 1928 1236 1980 soluat
1269 1926 1476 1988 dicere,
1512 1941 1615 1980 nec
1665 1927 1797 1980 illud
1845 1927 2070 1991 addere,

487 2016 608 2070 Non
649 2017 963 2073 invenietis.
1004 2018 1178 2084 Quam
1216 2018 1286 2071 ob
1339 2017 1499 2072 rem?
1560 2018 1777 2089 Quippe
1841 2021 1895 2072 in
1948 2019 2074 2073 illos

483 2108 612 2175 jure
645 2109 881 2177 quadrat
925 2109 1072 2179 quod
1125 2125 1231 2162 non
1264 2110 1550 2164 inveniant
1590 2127 1738 2175 eum,
1771 2112 1842 2166 ob
1877 2113 2068 2166 innua-

402 2227 409 2236 -
489 2217 625 2256 nem-
658 2202 913 2257 videlicet
963 2201 1429 2268 incredulitatem,
1463 2211 1517 2256 et
1556 2203 1895 2270 impietatem
1946 2217 2074 2271 erga

489 2294 670 2361 ipsum
730 2294 1151 2349 incredibilem:
1189 2295 1449 2365 genuinis
1486 2305 1666 2348 autem
1720 2309 1786 2348 ac
1839 2295 2076 2350 sinceris

2170 554 2353 615 αὐτὸν,
2393 553 2698 624 σπαράττει
2874 547 3160 619 ταράττει]
3199 548 3297 618 μὲν
3327 547 3447 600 λίαν
3485 549 3547 601 οὐ
3597 567 3760 620 προσ-

2169 643 2412 696 δοκῶντα
2447 642 2546 713 τὴν
2577 640 2784 710 ἔφοδον,
2814 641 3030 709 ἀναιρεῖ
3056 638 3112 690 δὲ
3160 637 3295 706 πρὸς
3333 637 3513 708 μάχην
3553 637 3654 690 οὐκ
3683 640 3768 690 εὐ-

2170 733 2536 804 τρεπισθέντα
2581 731 2793 786 λαϐὼν⁹
2841 733 2870 784 6
2903 731 2960 784 δὲ
3012 730 3295 802 πόρρωθεν
3321 729 3529 797 ὀφθεὶς,
3565 730 3660 782 καὶ
3690 730 3770 783 ὅτι

2171 827 2444 898 παρέσται
2511 823 2911 894 διεγνωσμένος
2939 865 2953 887 ,
2984 821 3318 892 ὡπλισμένῳ
3373 821 3669 890 συμϐαλὼν
3692 863 3706 884 ,
3739 811 3796 890 η’

2173 915 2396 968 ἔλαττον
2428 915 2678 984 ἀδικήσει
2729 913 2890 984 τυχὸν
2914 953 2930 978 ,
2963 912 2995 983 ἢ
3045 912 3141 964 καὶ
3179 911 3346 982 μηδὲν
3377 911 3602 981 ἰσχύσας
3624 912 3775 980 οἰχή-

2175 1024 2357 1060 σεται·
2391 1007 2482 1060 τὸν
2521 1007 2685 1061 αὐτὸν
2707 1046 2722 1068 ,
2748 1001 2908 1076 οἶμαι
2935 1045 2950 1068 ,
2977 1004 3178 1074 τρόπον
3211 1003 3307 1056 καὶ
3326 1003 3419 1055 ἐπὶ
3445 1002 3552 1055 τῶν
3579 997 3775 1072 πειρα-

2177 1101 2352 1170 σμῶν,
2385 1101 2413 1152 ὁ
2459 1099 2709 1170 μηδόλως
2760 1098 2982 1151 ἔσεσθαι
3032 1095 3428 1168 προσῶκηθείς
3458 1094 3554 1148 τοῦ
3603 1111 3775 1167 προσ-

2172 1193 2504 1264 δοκηθέντοςΔ
2534 1193 2633 1263 ἥδη
2687 1191 3022 1264 θερμότερόν
3065 1207 3125 1242 τε
3153 1192 3250 1243 καὶ
3285 1187 3623 1259 ἀγριώτερον
3644 1189 3776 1257 ημῖν

2176 1287 2493 1357 προσϐαλεῖ.
2557 1285 2861 1356 Χρησίμως
2915 1281 3208 1353 τοιγαροῦν
3257 1283 3286 1334 ὁ
3351 1279 3556 1350 Κύριος
3621 1279 3780 1349 ἡμῶν

2190 1377 2395 1449 Ἰησοῦς
2424 1377 2452 1429 6
2485 1377 2741 1448 Χριστὸς,
2768 1377 2860 1429 διὰ
2906 1375 3001 1428 τοῦ
3045 1375 3236 1442 φάναι,
3272 1391 3291 1423 ι
3333 1371 3607 1443 Ζητήσετέ
3637 1388 3725 1441 με,
3757 1390 3773 1421 ι

2175 1467 2243 1522 τά
2284 1471 2347 1522 ὲκ
2379 1467 2473 1520 τοῦ
2517 1467 2714 1536 μηκέτι
2752 1468 2990 1520 συνεῖναι
3019 1467 3129 1528 τοῖς
3153 1462 3346 1517 ἑαυτοῦ
3376 1461 3771 1532 συμϐησόμενα

2182 1561 2494 1630 μαθηταῖς.’
2528 1560 2622 1612 καὶ
2661 1557 2926 1627 θορύϐους
2977 1556 3376 1617 ὑπαινίττεται,
3421 1555 3547 1617 τοὺς
3579 1553 3643 1605 ὲκ
3672 1551 3782 1604 τῶν

2181 1651 2623 1721 πολεμησόντων,
2659 1649 2859 1711 αὐτοὺς
2911 1647 3330 1718 προετοιμάζων
3378 1647 3468 1700 διά
3510 1644 3606 1698 τοῦ
3651 1661 3784 1715 προ-

2187 1746 2362 1796 ειπεῖν
2410 1745 2489 1806 εἰς
2549 1743 2802 1813 ἀνδρείας
2835 1739 3124 1810 ἀνάληψιν.
3173 1738 3450 1808 Ἐπιλέγει
3484 1739 3543 1792 δὲ
3571 1737 3785 1800 τούτοις

488 1850 594 1898 me,
628 1843 682 1888 et
710 1851 817 1888 non
850 1834 1146 1890 invenietis
1179 1851 1302 1889 me:
1346 1854 1362 1886 ι
1400 1834 1691 1904 discipulis
1727 1848 1911 1890 autem
1945 1837 2084 1892 suis.

2195 1835 2482 1905 χρησίμως
2515 1836 2608 1887 καὶ
2647 1834 2698 1887 τί
2733 1832 2887 1903 παρά
2931 1833 3096 1895 πόδας
3127 1830 3370 1884 κείσεται
3399 1829 3606 1884 κωλύον
3649 1831 3786 1882 ἀκο-

2179 1927 2391 1980 λουθεῖν
2419 1929 2499 1990 εἰς
2531 1926 2593 1978 τὸ
2625 1925 2802 1995 παρὸν
2837 1924 3060 1988 αὐτούς.
3097 1927 3276 1995 Ὅπερ
3310 1924 3417 1995 γάρ
3454 1923 3639 1990 ἔλεγον
3672 1923 3786 1984 τοῖς

2194 2020 2505 2082 Ἰουδαίοις,
2535 2019 2693 2090 φησὶ,
2725 2017 2881 2072 τοῦτο
2933 2018 3030 2071 καὶ
3081 2016 3221 2089 πρὸς
3255 2017 3400 2086 ὑμᾶς
3445 2015 3571 2085 ἄρτι
3617 2013 3784 2083 φημί.

2181 2115 2208 2164 ἰ
2253 2114 2428 2166 Ὅπου
2463 2112 2573 2180 ἐγὼ
2611 2111 2807 2178 ὑπάγω
2829 2151 2844 2175 ,
2875 2111 3034 2180 ὑμεῖς
3052 2111 3114 2162 οὐ
3150 2108 3381 2161 δύνασθε
3435 2107 3628 2160 ἐλθεῖν.
3657 2125 3675 2156 ι
3709 2106 3788 2158 Οὐ

2183 2206 2292 2276 γάρ
2340 2223 2427 2258 πω
2459 2207 2638 2276 παρῆν
2670 2205 2698 2256 6
2736 2203 2928 2274 καιρὸς
2966 2201 3060 2256 τοῦ
3097 2203 3231 2272 πρὸς
3261 2202 3361 2265 τάς
3392 2201 3506 2255 ἀνω
3532 2198 3789 2268 γενέσθαι

2188 2298 2356 2368 μονὰς
2387 2298 2512 2360 τοὺς
2541 2296 2730 2364 ἁγίους
2765 2296 3101 2358 ἀποστόλους
3148 2297 3303 2349 οὔπω
3336 2290 3790 2362 λελειτουργηκὸ-

488 2387 612 2452 ejus
645 2389 952 2442 cultoribus
984 2388 1381 2443 convenienter
1413 2387 1521 2443 dici
1576 2403 1687 2442 non
1721 2395 1927 2458 potest,
1958 2387 2077 2443 Non

2188 2408 2276 2454 τας
2297 2407 2310 2420 ⁸
2333 2391 2582 2459 ἐτηρεῖτο
2602 2387 2709 2456 γὰρ
2732 2388 2972 2457 μάλιστα
2999 2389 3061 2442 τὸ
3087 2388 3182 2441 καὶ
3205 2387 3284 2451 εἰς
3310 2385 3469 2439 τοῦτο
3495 2381 3792 2454 παρελθεῖν

490 2479 786 2534 invenietis
820 2496 924 2534 me.
962 2480 1134 2534 Adest
1165 2481 1314 2535 enim
1348 2480 1428 2532 eis
1459 2495 1785 2549 semperque
1820 2479 2018 2536 aderit.

2188 2482 2377 2543 αὐτοὺς
2423 2478 2602 2550 καιρῷ
2653 2477 2731 2549 τῷ
2762 2478 3086 2547 καθήκοντι.
3121 2477 3522 2550 Ἐπιτηρητέον
3574 2491 3637 2542 γε
3680 2473 3792 2542 μὴν

490 2571 669 2622 έκεῖνο
705 2570 891 2637 πάλιν,
923 2573 1003 2624 ὃτι
1036 2575 1148 2634 τοῖς
1183 2572 1281 2641 μὲν
1316 2571 1592 2636 Ἰουδαίοις
1631 2571 1951 2641 προσλαλῶν
1990 2574 2084 2628 καὶ
2122 2575 2254 2629 αὐτὸ
2321 2573 2384 2643 δὴ
2409 2572 2567 2625 τοῦτο
2593 2572 2876 2642 σημαίνων
2897 2571 3100 2636 ἔφασκε
3123 2585 3137 2600 ⁸
3169 2590 3186 2620 ‹
3228 2568 3499 2640 Ζητήσετέ
3539 2584 3630 2638 με,
3693 2572 3794 2622 καὶ

463 2660 587 2728 ὀὐχ
614 2660 879 2731 εὑρήσετέ
905 2678 970 2728 με
992 2677 1006 2690 ⁸
1056 2679 1074 2712 ι
1109 2663 1219 2724 τοῖς
1244 2678 1305 2728 γε
1346 2661 1450 2731 μὴν
1490 2659 1684 2714 ἑαυτοῦ
1715 2661 2004 2732 μαθηταῖς,
2047 2665 2130 2728 τὸ,
2175 2683 2194 2714 ι
2223 2662 2499 2734 Ζητήσετέ
2537 2680 2626 2731 με,
2656 2681 2673 2713 ι
2715 2662 2878 2730 μόνον
2908 2663 3093 2730 φησὶν,
3123 2663 3416 2730 ἀποσιωπᾷ
3453 2661 3511 2713 δὲ
3552 2659 3795 2730 ape-mir

487 2767 594 2813 τως
621 2751 702 2814 τὸ,
735 2769 752 2801 t
779 2752 890 2825 Οὐχ
919 2751 1202 2822 εὑρήσετε.
1229 2771 1246 2800 ι
1285 2752 1393 2803 Καὶ
1423 2751 1512 2804 διὰ
1542 2751 1702 2805 ποίαν
1741 2752 1919 2806 αἰτίαν
1950 2769 1966 2820 ;
1997 2753 2257 2826 Ἀρμόσει
2285 2754 2388 2824 μὲν
2430 2752 2540 2823 γάρ
2585 2752 2818 2814 ἐκείνοις
2856 2751 2916 2805 τὸ
2955 2751 3029 2822 μὴ
3062 2753 3338 2823 εὑρίσκειν
3376 2752 3560 2816 αὐτὸν,
3601 2751 3691 2805 διά
3726 2769 3793 2805 τε

488 2846 586 2914 τὴν
620 2846 858 2917 ἄμετρον
889 2846 1168 2907 ἀπιστίαν,
1205 2845 1298 2898 καὶ
1331 2845 1430 2914 τῆς
1459 2845 1540 2908 εἰς
1571 2845 1734 2898 αὐτὸν
1803 2846 2123 2912 δυσσεϐείας
2190 2849 2292 2918 τὴν
2333 2848 2672 2919 ὑπερϐολήνο
2709 2850 2820 2910 τοῖς
2849 2847 2906 2900 δὲ
2935 2849 3160 2917 γνήσιον
3211 2849 3292 2910 εἰς
3320 2847 3483 2900 αὐτὸν
3510 2847 3693 2918 ἔχουσι
3727 2851 3794 2903 τὸ

491 2937 768 3008 φρόνημα.
809 2939 904 2990 καὶ
949 2938 1332 3008 ἀκαπήλευτον
1376 2936 1700 2992 άποσώσασι
1731 2939 1830 3010 τὴν
1868 2941 2172 3012 ἀγάπησιν,
2210 2943 2398 2996 οὐκέτι
2445 2942 2763 3014 πρεπόντως
2809 2939 2876 2995 ἂν
2923 2940 3133 3010 λέγοιτο
3173 2941 3266 3006 τὸ,
3321 2958 3339 2991 t
3376 2939 3488 3011 Οὐχ
3525 2941 3794 3012 εὑρήσετὲ

493 3048 584 3101 με.
634 3048 653 3081 ι
692 3028 868 3098 Συνῆν
892 3030 1002 3098 γὰρ
1030 3030 1232 3093 αὐτοῖς,
1268 3031 1362 3082 καὶ
1393 3029 1652 3082 συνέσται
1679 3030 1768 3085 διὰ
1796 3034 2021 3097 παντός.

566 3119 702 3175 XIII.
735 3120 822 3173 54.
861 3117 1181 3171 Mandatum
1205 3135 1395 3172 novum
1426 3118 1494 3172 do
1549 3121 1712 3185 vobis,
1751 3132 1810 3176 ut
1834 3123 2078 3194 diligatis
2109 3132 2150 3190 (Ζ

494 3213 751 3276 iuuit-esu,
812 3214 950 3263 sicut
985 3209 1151 3263 dilexi
1211 3226 1322 3274 ros,
1381 3219 1437 3263 ut
1501 3222 1551 3265 et
1605 3228 1690 3268 ros
1730 3213 1968 3286 diligatis
2002 3217 2080 3270 iu-

495 3305 680 3357 vicem.

571 3394 742 3449 Recte
771 3410 835 3448 ac
869 3408 998 3447 vere
1033 3392 1260 3448 divinus
1293 3393 1497 3451 Paulus
1559 3397 1756 3452 scribit
1788 3416 1802 3452 :
1846 3419 1865 3450 ι
1901 3399 2083 3466 Quare

495 3488 542 3541 si
568 3487 694 3557 quis
722 3487 775 3540 in
805 3487 1029 3541 Christo
1062 3496 1166 3547 est,
1224 3502 1362 3540 nova
1394 3497 1648 3543 creatura
1700 3498 1786 3544 est
1821 3510 1834 3545 :
1881 3501 2068 3548 vetera

497 3579 859 3642 transierunt,
878 3595 1008 3633 ecce
1025 3577 1169 3632 facta
1191 3588 1321 3634 sunt
1337 3581 1520 3634 omnia
1549 3597 1688 3635 nova
1713 3583 1811 3639 ⁸⁸.»
1834 3583 2084 3638 Renovat

496 3674 643 3726 enim
694 3689 794 3728 nos
849 3688 913 3727 ac
969 3671 1184 3742 relingit
1218 3673 1631 3742 quodammodo
1678 3676 1744 3730 ad
1788 3677 2082 3731 novitatem

497 3767 640 3830 vitae,
675 3765 768 3819 sed
803 3765 1007 3818 inviam
1043 3780 1141 3820 nec
1174 3766 1358 3819 tritam
1392 3767 1520 3821 aliis
1555 3775 1830 3838 quotquot
1869 3771 1923 3823 in
1966 3769 2086 3839 lege

495 3857 680 3910 vivere
739 3864 960 3919 amant,
1016 3865 1071 3910 et
1121 3854 1384 3911 Mosaicis
1439 3859 1732 3927 praeceptis
1789 3861 2083 3914 inhaerere.

499 3946 642 4001 Nihil
673 3948 876 4017 quippe
907 3948 991 4001 lex
1025 3949 1264 4016 perlicit,
1297 3957 1360 4001 ut
1415 3949 1687 4017 scriptum
1719 3960 1805 4004 est
1831 3951 1872 3980 ’⁷
1907 3967 1920 4016 ;
1977 3951 2091 4020 plc-

499 4040 787 4094 nissimam
835 4047 1018 4093 autem
1063 4040 1285 4108 pietatis
1318 4041 1372 4094 in
1426 4041 1598 4098 Deum
1662 4058 1980 4096 mensuram
2033 4045 2088 4098 in

501 4131 816 4185 Scrvatoris
849 4131 1023 4185 nostri
1053 4130 1327 4186 mandatis
1353 4133 1540 4189 videre
1564 4145 1669 4190 est.
1693 4135 1910 4191 idcirco
1939 4136 2089 4189 enim

499 4231 555 4274 et
584 4222 702 4291 ipse
737 4221 806 4274 ad
843 4236 944 4275 nos
972 4222 1174 4276 alicubi
1200 4225 1283 4277 sic
1313 4226 1422 4279 ait:
1464 4242 1483 4274 ι
1517 4226 1713 4290 Amen,
1759 4242 1918 4281 amen
1965 4225 2092 4280 dico

501 4313 680 4373 vobis.
710 4312 814 4368 nisi
850 4312 1213 4369 abundaverit
1261 4315 1478 4382 iustitia
1524 4326 1705 4372 vestra
1743 4319 1865 4387 plus
1927 4333 2090 4388 quam

504 4406 830 4460 Scribarum
889 4415 937 4462 et
970 4405 1404 4473 Pharisaeorum,
1438 4425 1548 4464 non
1603 4410 1889 4465 intrabitis
1920 4410 1973 4464 in
2011 4425 2095 4464 re-

2269 3124 2565 3193 Ἐντολῖιν
2621 3123 2846 3192 καινὴν
2893 3122 3112 3190 δίδωμι,
3152 3121 3316 3192 ὑμῖν,
3367 3122 3469 3175 ἵνα
3520 3119 3794 3190 ἀγαπᾶτε

2183 3218 2521 3284 ἀλλήλους,
2570 3216 2766 3282 καθὼς
2811 3215 2927 3285 ἐγὼ
2972 3215 3264 3284 ἠγάπησα
3313 3212 3491 3284 ὑμᾶς,
3531 3215 3633 3266 ἵνα
3690 3215 3792 3268 καί

2183 3311 2357 3380 ὑμεῖς
2387 3307 2658 3379 ἀγαπᾶτε
2685 3307 3018 3374 ἀλλιΜουςκ

2253 3402 2453 3464 Καλῶς
2481 3418 2537 3453 τε
2563 3401 2658 3454 καὶ
2687 3400 2910 3471 άληθῶς
2937 3403 2966 3454 6
2988 3399 3276 3463 θεσπέσιος
3308 3399 3511 3470 γράφει
3529 3399 3748 3463 Παῦλος
3771 3417 3787 3432 ·

2191 3495 2383 3547 (Ὥστε
2402 3493 2539 3557 εἴτις
2555 3495 2614 3546 ὲν
2635 3491 2880 3564 Χριστῷ,
2902 3491 3065 3562 καινὴ
3094 3491 3273 3555 κτίσις
3295 3509 3310 3524 ο
3329 3492 3397 3545 τά
3417 3493 3624 3563 ἀρχαῖα
3649 3511 3798 3560 παρ-

2185 3586 2372 3655 ῆλθεν,
2397 3585 2504 3638 ἰδοῦ
2536 3585 2728 3652 γέγονε
2753 3584 2823 3637 τά
2841 3584 3018 3638 πάντα
3043 3586 3231 3637 καινά.
3248 3604 3265 3636 ι
3289 3584 3652 3648 Ἀνακαινίζει
3679 3587 3798 3658 γὰρ

2185 3680 2357 3748 ἡμᾶς,
2386 3677 2481 3731 καί
2508 3677 2838 3730 ἀναπλάττει
2885 3677 3090 3746 τρόπον
3141 3676 3263 3729 τινὰ
3305 3676 3443 3746 πρὸς
3493 3677 3798 3747 καινότητα

2189 3767 2358 3838 ζωῆς,
2407 3766 2608 3836 ἀστιϐῆ
2655 3766 2713 3819 δὲ
2769 3765 2864 3819 καί
2921 3767 3034 3828 τοῖς
3082 3765 3264 3828 ἄλλοις
3313 3767 3372 3818 οὐ
3421 3766 3799 3837 τετριμμένην

2189 3860 2336 3922 ὅσοις
2363 3859 2426 3912 τὸ
2473 3859 2531 3913 ἐν
2579 3858 2731 3928 νόμῳ
2773 3857 3157 3912 πολιτεύεσθαι
3188 3859 3376 3927 φίλον,
3412 3859 3507 3912 καὶ
3539 3862 3660 3922 ταῖς
3701 3859 3800 3913 διὰ

2190 3949 2436 4013 Μωσέως
2493 3948 2884 4020 προσεδρεύειν
2937 3949 3202 4013 ἐντολαῖς.
3241 3949 3452 4002 Τελειοῖ
3489 3950 3590 4019 μὲν
3625 3949 3739 4020 γάρ
3769 3955 3798 4004 6

2191 4042 2355 4109 νόμος.-
2387 4042 2562 4106 οὐδὲν,
2601 4041 2742 4095 κατά
2773 4041 2834 4094 τὸ
2866 4041 3256 4113 γεγραμμένον
3279 4059 3293 4074 ·
3325 4041 3696 4112 πληρέστατον
3735 4043 3796 4098 δὲ

2191 4131 2293 4202 τῆς
2323 4133 2404 4195 εἰς
2436 4132 2569 4184 Θεὸν
2616 4131 2899 4196 εὐσεϐείας
2920 4132 2982 4185 τὸ
3009 4133 3208 4203 μέτρον
3237 4133 3295 4184 ἐν
3320 4134 3433 4195 τοῖς
3479 4131 3574 4184 τοῦ
3602 4133 3790 4202 Σωτῆ-

2199 4226 2352 4306 ροςπή
2365 4223 2480 4293 μῶν
2509 4224 2717 4278 κατίδοι
2756 4242 2840 4288 τις
2876 4223 2943 4278 ἂν
2971 4223 3327 4294 διατάγμασι.
3361 4223 3461 4277 Διά
3493 4223 3604 4295 γάρ
3633 4223 3800 4278 τοῦτο

2195 4317 2292 4368 καὶ
2329 4315 2491 4378 αὐτός
2529 4333 2644 4368 ,που
2694 4315 2831 4385 πρὸς
2859 4317 3008 4386 ἡμᾶς
3057 4309 3160 4369 ὧδέ
3213 4317 3287 4386 πή
3318 4332 3516 4388 φησιν’
3550 4335 3568 4367 ι
3595 4315 3794 4388 Ἀμὴν,

2197 4402 2347 4473 ἀμὴν
2390 4402 2534 4469 λέγω
2567 4403 2717 4472 ὑμῖν,
2763 4403 2860 4456 ὲάν
2902 4403 2977 4476 μὴ
3030 4405 3367 4476 περισσεύσῃ
3400 4407 3434 4476 ἡ
3473 4405 3794 4478 δικαιοσύνη

501 4513 669 4568 guunt
698 4497 862 4568 750
888 4501 1153 4553 caelorum
1181 4501 1246 4554 ¹⁸.
1284 4521 1302 4552 ι
1343 4501 1462 4554 Non
1496 4501 1640 4556 enim
1678 4499 1883 4556 Judzeis
1913 4516 2084 4554 moros

2199 4495 2228 4548 ὑ
2237 4494 2355 4565 μῶν
2383 4495 2564 4548 πλεῖον
2591 4494 2700 4547 τῶν
2729 4495 3110 4566 Γραμματὲων
3135 4497 3230 4549 καὶ
3257 4497 3589 4569 Φαρισαίων,
3625 4498 3686 4550 οὐ
3716 4501 3796 4569 μὴ

506 4606 571 4645 ac
600 4592 738 4646 ritus
771 4608 903 4645 suos
931 4593 1263 4658 invidemus,
1308 4595 1421 4648 imo
1453 4594 1559 4649 nisi
1616 4595 1819 4665 oppido
1868 4595 2096 4664 legalem

499 4682 776 4752 justitiam
835 4687 1212 4756 prmtergressi
1267 4685 1583 4749 fuerimus,
1641 4701 1930 4756 nunquam
1980 4699 2098 4738 mea

506 4776 782 4829 sententia
816 4776 867 4830 in
907 4793 1138 4848 regnum
1170 4777 1438 4832 caelorum
1473 4778 1874 4849 ingrcdiemur.
1912 4775 2100 4845 Neque

506 4874 686 4922 tamen
731 4884 925 4922 vanam
961 4885 1197 4938 prorsus
1229 4885 1293 4924 ac
1323 4869 1573 4924 inutilem
1603 4885 1727 4924 esse
1755 4869 1930 4938 legem
1981 4867 2097 4920 Mo-

509 4959 716 5014 saieam
773 4961 1118 5016 statuimus:
1159 4963 1381 5028 tametsi
1440 4963 1588 5015 enim
1662 4963 1869 5014 bonum
1937 4959 2098 5015 nobis

511 5049 717 5104 invexit
779 5051 962 5106 minus
1033 5067 1168 5105 sane
1244 5050 1530 5119 perfecte,
1584 5060 1963 5103 verumtamen
2031 5050 2098 5104 ad

509 5144 841 5213 evangelica:
905 5145 1348 5199 conversationis
1407 5143 1761 5213 disciplinam
1834 5143 2098 5211 magistra

512 5233 675 5288 nobis
721 5235 959 5298 exstitit,
1014 5242 1069 5288 et
1103 5250 1202 5301 per
1232 5235 1524 5305 aenigmata
1581 5250 1646 5288 ac
1697 5235 1902 5304 ﬁguras
1957 5251 2100 5291 vera:

513 5323 731 5392 pietatis
766 5325 1036 5378 inducens
1092 5325 1414 5394 imaginem,
1446 5327 1654 5380 nostris
1689 5326 2099 5394 quodammodo

514 5415 792 5470 mentibus
839 5415 1114 5470 doctrina:
1141 5415 1474 5470 Christianae
1507 5416 1756 5469 umbram
1807 5415 2103 5486 impressit.

513 5503 786 5570 Quocirca
823 5513 879 5560 et
909 5507 1030 5576 ipse
1057 5507 1272 5561 aiebat:
1327 5525 1346 5559 ‹
1384 5507 1520 5563 Dico
1553 5508 1699 5563 enim
1756 5510 1934 5570 vobis.
1972 5511 2100 5580 quia

516 5595 701 5649 omnis
731 5595 914 5649 seriba
951 5596 1152 5652 doctus
1179 5598 1234 5652 in
1268 5614 1436 5669 regno
1465 5599 1735 5656 coalorum
1767 5602 1971 5656 similis
2011 5612 2100 5656 cst

591 5771 632 5803 “
672 5769 710 5826 ll
749 5773 876 5827 Cor.
911 5791 964 5833 ν.
1009 5773 1092 5827 l7.
1176 5778 1217 5808 "
1261 5776 1423 5834 llcbr.
1462 5795 1568 5845 vn,
1614 5779 1676 5834 I9

2199 4585 2480 4655 εἰσέλθητε
2523 4590 2603 4652 εἰς
2633 4588 2733 4659 τὴν
2767 4589 3050 4659 βασιλείαν
3079 4588 3186 4642 τῶν
3215 4589 3485 4660 οὐρανῶν.
3526 4609 3544 4640 ι
3574 4592 3646 4643 Οὐ
3681 4591 3796 4662 γὰρ

2199 4683 2313 4742 τοῖς
2355 4679 2622 4734 Ἰουδαίων
2667 4681 3029 4752 ἁμιλλώμεθα
3070 4681 3329 4752 τρόποις,
3360 4681 3476 4734 ἀλλ’
3509 4683 3556 4735 εξ
3595 4683 3670 4752 μὴ
3699 4685 3798 4737 καὶ

2202 4775 2406 4844 σφόδρα
2455 4775 2916 4847 παραδράμοιμεν
2953 4775 3052 4844 τὴν
3107 4777 3167 4829 ὲν
3201 4777 3354 4846 νόμῳ
3401 4775 3754 4845 δικαιοσύνην
3780 4817 3798 4842 ,

2199 4865 2300 4918 οὐκ
2331 4865 2396 4918 ἂν
2427 4861 2582 4930 οἶμαί
2613 4883 2742 4919 ποτε
2783 4866 2920 4936 πρὸς
2951 4867 3050 4936 τὴν
3084 4869 3192 4918 τῶν
3217 4865 3466 4936 οὐρανῶν
3490 4866 3800 4919 εἰσελάσειν

2199 4955 2347 5025 ἡμᾶς
2378 4954 2678 5024 βασιλείαν.
2723 4957 2833 5008 Καὶ
2867 4956 2967 5026 οὐχ
3016 4957 3092 5018 ὡς
3125 4956 3397 5027 ἄχρηστον
3456 4957 3796 5028 παντελῶςῆ

2197 5047 2457 5119 ἀνόνητον
2502 5049 2594 5101 τὸν
2637 5048 2725 5101 διὰ
2763 5049 3010 5112 Μωσέως
3043 5045 3185 5102 εἶναι
3224 5049 3572 5120 διοριζόμεθα
3597 5051 3793 5120 νόμον·

2198 5141 2550 5210 εἰσκεκόμικε
2577 5141 2685 5211 γὰρ
2709 5139 2866 5210 ἡμῖν,
2893 5142 2941 5193 εἰ
2980 5143 3077 5195 καὶ
3107 5142 3180 5211 μὴ
3219 5141 3465 5206 τελείως,
3493 5142 3554 5194 τὸ
3571 5143 3795 5210 ἀγαθον.

2197 5231 2312 5285 ἀλλ’
2342 5229 2436 5285 οὖν
2461 5250 2522 5300 γε
2556 5233 2906 5300 παιδαγωγὸς
2934 5233 3028 5286 ἐπὶ
3057 5235 3156 5304 τὴν
3179 5237 3274 5306 τῆς
3308 5233 3674 5304 εὐαγγελικῆς
3710 5252 3800 5287 πο.

2206 5325 2411 5388 λιτείας
2454 5327 2771 5396 εὐρίσκεται
2824 5327 3082 5397 μάθησιν,
3116 5330 3209 5381 καὶ
3245 5329 3312 5380 δι’
3342 5329 3680 5399 αἰνιγμάτων
3707 5329 3800 5380 καὶ

2214 5418 2402 5472 τύπων
2429 5420 2613 5472 εἰκόνα
2649 5423 2748 5491 τῆς
2777 5420 3012 5492 ἀληθοῦς
3059 5421 3345 5485 εὐσεϐείας
3382 5421 3674 5492 εἰσφέρων,
3710 5422 3797 5473 ὲν-

2210 5510 2445 5581 εχάραξέ
2495 5527 2612 5574 πως
2661 5515 2782 5578 ταῖς
2807 5515 3107 5583 ἡμετέραις
3132 5513 3396 5578 διανοίαις
3421 5515 3520 5584 τῆς
3545 5513 3633 5566 διὰ
3661 5513 3704 5565 Χ
3714 5530 3797 5584 ρι-

2209 5601 2337 5654 στοῦ
2386 5604 2726 5668 παιδεύσεως
2768 5605 2867 5675 τὴν
2911 5605 3086 5659 σκιάν.
3133 5606 3232 5660 Διά
3270 5607 3379 5678 γάρ
3413 5623 3495 5660 τοι
3520 5605 3677 5660 τοῦτο
3707 5607 3797 5659 καὶ

1785 5780 1827 5809 "
1874 5780 2064 5835 illeilli.
2102 5799 2154 5844 γ,
2193 5783 2282 5837 ’20.
