4104 6420
279 359 381 415 {Gl

1347 357 1416 415 ΙΝ
1451 356 1738 415 JOANNIS
1771 354 2220 416 EVANGELIUM
2263 361 2388 416 LIB.
2424 359 2510 416 ΙΧ.

3464 369 3568 423 46⁸2

274 473 526 542 ἔφασκεν
551 471 713 536 αὑτός
736 487 750 502 ο
791 491 810 524 ι
845 471 1004 542 Λέγω
1029 473 1136 544 γὰρ
1171 475 1320 545 ὑμῖν,
1355 475 1438 528 ὅτι
1467 477 1577 538 πᾶς
1607 475 1874 546 Γραμμα-

1985 471 2191 528 homini
2224 476 2402 540 diviti,
2428 478 2522 546 qui
2555 478 2767 548 profert
2815 477 2881 534 de
2907 478 3172 535 thesauro
3203 497 3305 536 suo
3337 498 3474 537 nova
3513 496 3570 540 et

272 571 410 632 τεὺς
463 567 828 640 μαθητευθεὶς
862 571 930 640 τῇ
967 570 1219 641 βασιλείᾳ
1265 570 1374 624 τῶν
1399 568 1669 642 οὐρανῶν,
1694 568 1879 639 ὅμοιός

273 661 431 712 ἐστιν
467 658 745 731 ἀνθρώπῳ
779 659 1043 731 πλουσίῳ,
1082 662 1234 725 ὅστις
1279 661 1534 714 ὲκδάλλει
1571 663 1637 714 ὲκ
1664 659 1756 713 τοῦ
1783 660 1882 730 θη-

276 750 488 820 σαυροῦ
517 751 687 804 αὑτοῦ
725 753 892 807 καινά
921 754 1013 807 καὶ
1054 754 1281 809 παλαιά.
1326 775 1344 807 ι
1379 755 1614 820 Πλοῦτος
1645 756 1742 826 μὲν
1772 756 1881 826 γὰρ

272 843 455 905 ὃντως
503 844 878 913 πνευματικός
918 862 978 898 τε
1009 847 1104 900 καὶ
1135 847 1258 902 λίαν
1295 848 1353 900 ὲν
1385 851 1498 911 τοῖς
1527 847 1616 901 διὰ
1637 849 1881 912 Μωσέως

274 932 572 1003 τετρῖφθαι
604 935 808 1004 λόγοις,
842 938 938 990 καὶ
969 937 1067 1010 τὴν
1095 939 1156 1004 ἐξ
1203 939 1385 993 αὑτῶν
1423 940 1690 1010 ὠφέλειαν
1715 941 1880 1011 τεθη-

278 1026 664 1097 σαυρισμένην
704 1027 846 1098 ἔχειν
902 1029 1112 1103 διανοίᾳ
1136 1031 1226 1085 τὸν
1253 1033 1563 1104 ἄνθρωπον,
1590 1034 1881 1106 προσειλη-

279 1119 420 1185 φότα
454 1136 521 1187 γε
561 1119 670 1192 μὴν
726 1122 823 1174 καὶ
863 1122 925 1176 τὸ
977 1123 1080 1192 τῆς
1139 1125 1504 1196 εὑαγγελικῆς
1545 1126 1881 1190 παιδεύσεως

277 1208 478 1274 καλλος
507 1251 522 1274 ,
559 1210 953 1284 ἐναϐρύνεσθαι
1002 1213 1240 1283 διπλῶς,
1268 1219 1335 1287 τῇ
1380 1234 1439 1269 τε
1477 1217 1587 1270 τῶν
1635 1218 1881 1289 ἀρχαίων

277 1301 372 1353 καὶ
409 1301 526 1356 τῶν
570 1302 707 1355 νέων
755 1304 1020 1373 ὲνειδήσει
1051 1306 1251 1376 νόμων.
1288 1310 1515 1372 Δεικνὺς
1535 1309 1824 1381 τοιγαροῦν
1852 1311 1880 1362 ὁ

275 1390 489 1464 Κύριος
532 1393 694 1465 ἡμῶν
755 1394 963 1466 Ἰησοῦς
1005 1398 1034 1450 ὁ
1078 1398 1352 1468 Χριστὸς,
1380 1399 1463 1452 ὅτι
1505 1402 1605 1472 τῆς
1645 1400 1881 1471 ἀρχαίας

272 1488 526 1558 ἀμείνων
552 1489 778 1560 ἐντολῆς
802 1491 836 1562 ή
868 1491 998 1561 παρ’
1021 1491 1214 1556 αὑτοῦ,
1254 1493 1349 1546 καὶ
1377 1493 1457 1546 ὅτι
1480 1495 1595 1556 τοῖς
1631 1495 1690 1546 ὲν
1730 1495 1880 1566 νόμῳ

273 1581 729 1652 πολιτευομένοις
754 1583 980 1654 ἀτριόές
1020 1601 1138 1647 πως
1179 1580 1247 1654 ἦν
1275 1583 1353 1637 ἔτι
1383 1585 1445 1637 τὸ
1487 1587 1753 1657 σωτήριον
1783 1590 1882 1658 κή-

275 1661 472 1744 ρυγμα
497 1716 514 1738 ,
544 1674 756 1745 μέλλων
798 1675 1113 1730 ἀναϐαίνειν
1170 1679 1250 1742 εἰς
1299 1679 1564 1749 οὐρανοὺς
1583 1717 1598 1743 ,
1629 1679 1879 1750 θεμέλιόν

271 1781 400 1819 τινα.
427 1765 624 1837 ὥσπερ
651 1767 746 1820 καὶ
767 1767 1008 1839 κρηπῖδα
1029 1770 1230 1832 παντὸς
1258 1769 1462 1842 ἀγαθοῦ
1490 1771 1582 1824 τὸν
1608 1771 1707 1840 τῆς
1740 1772 1878 1840 ἀγόι⁶

272 1873 388 1925 πης
417 1858 938 1928 προκαταϐάλλεται
967 1859 1150 1930 νόμον,
1175 1862 1396 1931 ἀγάπης
1415 1863 1493 1928 δὲ,
1519 1864 1580 1916 οὑ
1603 1864 1700 1934 τῆς
1736 1865 1877 1918 κατὰ

271 1948 461 2018 νόμον,
481 1950 623 2003 ἀλλά
649 1951 749 2021 τῆς
783 1951 924 2022 ὑπὲρ
949 1953 1132 2025 νόμον.
1163 1954 1264 2008 Διά
1287 1955 1445 2009 τοῦτό
1468 1973 1634 2024 φησιν
1661 1974 1674 1988 ·
1699 1975 1718 2008 ι
1764 1959 1880 2011 Ἐν-

271 2041 437 2112 τολὴν
468 2044 670 2112 καινὴν
710 2043 902 2114 δίδωμι
936 2047 1085 2117 ὑμῖν,
1121 2048 1204 2101 ἴνα
1236 2049 1488 2116 ἀγαπᾶτε
1537 2048 1820 2120 ἀλλήλους.
1854 2070 1874 2102 ι

273 2129 414 2188 Εἶτα
447 2135 591 2198 πῶς.
625 2137 748 2188 εἰπέ
775 2154 888 2207 μοι,
918 2141 1141 2209 φήσειεν
1168 2141 1233 2196 ἄν
1260 2158 1342 2204 τις
1364 2143 1548 2212 τυχὸν,
1577 2137 1716 2196 εἶναι
1745 2143 1879 2196 ταὺ-

269 2237 372 2289 την
425 2221 529 2291 τὴν
569 2223 792 2295 ἐντολὴν
825 2226 1020 2297 καινὴν
1052 2229 1272 2298 εἴρηκεν
1313 2230 1341 2281 ὁ
1379 2231 1466 2284 διὰ
1496 2233 1742 2296 Μωσέως
1767 2236 1879 2296 τοῖς

269 2313 661 2385 ἀρχαιοτέροις
699 2315 870 2370 εἰπών
897 2334 911 2347 '
957 2336 976 2368 ι
1021 2319 1353 2391 Ἀγαπήσεις
1378 2321 1584 2392 Κύριον
1623 2325 1713 2376 τὸν
1747 2324 1879 2377 Θεόν

274 2421 389 2468 σου,
441 2405 506 2470 ἐξ
535 2406 665 2477 ὅλης
705 2409 805 2478 τῆς
837 2409 1064 2480 καρδίας
1099 2428 1217 2477 σου,
1261 2414 1356 2466 καὶ
1381 2413 1441 2479 ἐξ
1489 2415 1618 2486 ὅλης
1649 2416 1749 2485 τῆς
1764 2417 1878 2469 δια-

270 2493 427 2560 νοίαξ
476 2515 574 2551 σου
599 2539 616 2563 ,
648 2501 744 2554 καὶ
775 2503 866 2554 τὸν
895 2505 1122 2574 πλησίον
1162 2521 1278 2565 σου,
1325 2505 1401 2569 ὡς
1433 2507 1626 2560 ἑαυτὸν
1653 2524 1667 2571 ;
1708 2526 1726 2558 ι
1748 2507 1877 2580 Ἰδοὺ

269 2588 404 2655 γὰρ,
440 2589 555 2643 ἰδοὺ
583 2591 864 2660 προτάξας
891 2592 1001 2645 τῶν
1033 2592 1213 2648 ἄλλων
1246 2599 1342 2648 καὶ
1375 2595 1770 2667 προτεθεικὼς,
1803 2597 1880 2661 ὡς

270 2678 442 2742 εἰκὸς,
461 2677 567 2748 τὴν
590 2683 670 2743 εἰς
690 2680 824 2734 Θεὸν
839 2682 1122 2753 ἀγάπησιν
1139 2725 1154 2748 ,
1172 2688 1638 2757 παρεισκεκόμικε
1661 2689 1879 2755 γείτονα

270 2768 371 2836 τὴν
398 2768 486 2830 είς
514 2767 809 2838 ἀλλήλους.
838 2773 931 2823 καὶ
951 2769 1257 2842 παρέζευξε
1284 2789 1399 2836 πως
1419 2776 1487 2845 τῇ
1514 2776 1594 2838 είς
1617 2775 1750 2829 Θεὸν
1777 2775 1877 2847 τὴν

269 2861 350 2923 εἰς
379 2860 537 2931 ἡμᾶς
569 2863 792 2926 αὑτοὺς,
828 2863 906 2926 ὠς
945 2864 1044 2916 οὑκ
1078 2864 1144 2918 ἂν
1189 2865 1396 2937 ἑτέρως
1421 2867 1655 2938 ἐχούσης
1677 2868 1874 2938 ὀρθῶς,

269 2949 394 3002 οὐδὲ
420 2950 525 3020 τῆς
572 2952 654 3014 εἰς
687 2950 823 3004 Θεὸν
865 2953 1089 3024 ἀγάπης
1113 2994 1126 3018 ,
1159 2955 1209 3006 εί
1266 2956 1340 3027 μὴ
1376 2956 1676 3027 παρέποιτο
1703 2958 1874 3030 ταύτῃ

271 3040 364 3094 καὶ
395 3042 433 3112 ή
487 3040 570 3112 τῷ
621 3042 796 3106 πέλας
830 3045 1276 3117 χρεωστουμένη.
1311 3049 1520 3112 Πάντες
1551 3049 1659 3120 γάρ
1707 3051 1877 3120 ἐσμεν

1985 574 2170 619 vetera
2189 567 2253 618 η.
2270 587 2288 618 ι
2310 566 2562 637 ingentes
2594 571 2794 639 quippe
2827 570 3031 626 divitiae
3057 580 3186 627 sunt
3205 588 3268 626 ac
3292 578 3570 643 spiritales

1982 672 2107 710 cum
2141 659 2195 712 in
2228 659 2450 730 scriptis
2485 660 2744 717 Mosaicis
2770 663 3018 733 apprime
3041 675 3318 719 versatum
3343 681 3490 731 esse,
3514 679 3569 721 et

1981 751 2347 822 quodcunque
2364 754 2619 810 utilitatis
2636 771 2700 810 ex
2722 755 2790 810 iis
2821 758 3040 826 capitur
3067 759 3227 826 quasi
3248 760 3566 813 thesaurum

1981 841 2037 895 in
2062 843 2247 896 animo
2281 844 2627 899 reconditum
2660 846 2880 910 habere,
2919 860 3033 898 tum
3065 848 3399 917 evangelica:
3450 847 3554 901 do-

1981 935 2173 989 ctrina:
2233 936 2651 1005 pulchritudine
2706 938 2893 991 animo
2936 946 3221 1008 suscepta,
3275 939 3568 1008 dupliciter

1981 1027 2374 1092 inclarescere,
2417 1037 2664 1082 veterum
2699 1044 2897 1098 nempe
2927 1043 2990 1082 ac
3055 1045 3322 1083 novat-um
3387 1030 3567 1100 legum

1983 1119 2326 1189 cognitione.
2356 1119 2670 1174 Ostendens
2698 1122 2886 1190 itaque
2913 1119 3177 1175 Dominus
3200 1128 3391 1175 noster
3409 1119 3571 1176 Jesus

1983 1211 2240 1266 Christus
2274 1213 2594 1265 mandatum
2643 1229 2806 1265 suum
2860 1212 3030 1266 veteri
3068 1221 3351 1281 praestare,
3407 1221 3459 1266 et
3513 1213 3569 1266 in

1984 1303 2104 1374 lege
2153 1305 2466 1360 viventibus
2525 1310 2822 1360 salutarem
2885 1305 3331 1374 praedicationem
3388 1306 3568 1359 adhuc

1985 1397 2332 1452 inaccessam
2369 1409 2421 1453 et
2456 1398 2659 1452 inviam
2708 1414 2852 1463 esse,
2888 1414 3229 1454 ascensurus
3261 1399 3315 1452 in
3345 1399 3564 1463 ccelutn,

1985 1488 2403 1543 fundamentum
2445 1474 2615 1543 veluti
2659 1472 2936 1557 quoddam
2969 1491 3152 1543 omnis
3189 1488 3340 1551 boni,
3382 1488 3567 1541 chari-

1983 1580 2111 1636 tatis
2141 1580 2316 1650 legem
2343 1582 2647 1650 praemittit,
2668 1581 2977 1647 eharitatis,
3000 1582 3249 1652 inquam,
3279 1596 3387 1635 non
3420 1582 3566 1652 lega-

1983 1671 2073 1736 lis,
2106 1671 2204 1727 sed
2229 1687 2349 1742 qua:
2376 1687 2545 1742 supra
2576 1676 2750 1743 legem
2796 1673 2889 1729 sit.
2929 1673 3142 1728 idcirco
3175 1675 3290 1729 ait:
3329 1691 3346 1724 ι
3408 1673 3567 1726 Man-

1985 1765 2173 1819 datum
2221 1779 2424 1819 novum
2463 1765 2536 1819 do
2561 1764 2739 1829 vobis,
2776 1773 2836 1818 ut
2867 1765 3112 1835 diligatis
3149 1753 3404 1820 invicem.
3444 1785 3462 1817 ι
3499 1767 3569 1818 At

1982 1857 2281 1928 quomodo,
2315 1872 2522 1928 quieso,
2554 1856 2698 1910 dicet
2733 1855 2922 1910 forsan
2966 1857 3193 1924 aliquis,
3225 1858 3328 1910 hoc
3363 1871 3565 1911 novum

1985 1947 2312 2002 mandatum
2355 1962 2479 2002 esse
2535 1946 2694 2012 dixit,
2747 1946 2841 2015 qui
2890 1962 2988 2015 per
3044 1945 3231 2001 Mosen
3293 1948 3569 2001 veteribus

1982 2039 2284 2111 praecepit:
2327 2057 2346 2090 ι
2383 2037 2590 2110 Diliges
2621 2037 2918 2093 Dominum
2953 2037 3124 2091 Deum
3162 2047 3318 2092 tuum
3355 2056 3418 2094 ex
3455 2049 3570 2092 toto

1979 2132 2148 2186 corde
2201 2139 2318 2192 tuo.
2353 2139 2408 2186 et
2455 2146 2522 2186 ex
2561 2138 2676 2184 tota
2732 2138 2916 2185 mente
2971 2137 3100 2194 tua,
3138 2139 3194 2184 et
3249 2131 3567 2199 proximum

1981 2231 2159 2287 tuum,
2195 2224 2340 2278 sicut
2366 2223 2605 2294 teipsum
2627 2222 2718 2274 ὀἳ
2749 2241 2768 2273 ι
2797 2220 2937 2276 Ecce
2963 2221 3110 2276 enim
3141 2221 3416 2276 charitate
3439 2237 3568 2292 erga

1982 2317 2151 2372 Deum
2173 2321 2353 2388 primo
2371 2317 2492 2371 loco
2515 2317 2716 2386 posita,
2746 2322 2993 2369 mutuam
3017 2315 3252 2367 aliorum
3272 2329 3399 2382 erga
3429 2315 3564 2370 alios

1981 2410 2333 2464 dilectionem
2359 2408 2679 2471 subintnlit,
2702 2409 3046 2476 alteramque
3065 2406 3221 2460 alteri
3255 2406 3567 2474 conjunxit,

1977 2501 2138 2570 quasi
2173 2500 2308 2555 alias
2336 2511 2485 2555 recte
2517 2514 2576 2554 se
2633 2498 2835 2553 habere
2885 2506 3127 2568 nequeat
3152 2498 3378 2551 dilectio
3438 2513 3569 2566 erga

1981 2592 2174 2658 Deum,
2218 2593 2324 2647 nisi
2357 2594 2498 2646 hanc
2545 2592 2985 2661 subsequeretur
3032 2605 3095 2643 ea
3138 2605 3262 2658 qua:
3318 2588 3570 2657 proximo

1979 2684 2232 2740 debetur.
2265 2683 2470 2739 Omnes
2505 2685 2651 2738 enim
2677 2682 2912 2736 invicem
2946 2680 3150 2740 fratres
3173 2697 3385 2735 sumus.
3417 2679 3571 2734 Unde

1979 2775 2420 2845 sapientissimus
2445 2773 2713 2837 Joannes,
2747 2773 2842 2842 qui
2879 2781 2933 2825 et
2969 2771 3022 2824 id
3057 2771 3265 2839 Optime
3291 2779 3474 2832 uorat,
3514 2779 3570 2824 et

1978 2875 2212 2921 emeres
2261 2866 2572 2929 edocebat,
2631 2882 2650 2915 ι
2698 2864 2803 2929 Qui
2843 2862 3045 2932 diligit,
3102 2862 3302 2930 inquit,
3341 2863 3566 2916 fratrem

1979 2972 2165 3020 suum,
2195 2963 2251 3011 et
2283 2955 2452 3010 Deum
2487 2955 2668 3025 diligit
2689 2957 2759 3007 ¹¹.
2798 2973 2816 3004 ι
2848 2952 3140 3017 Quomodo
3163 2953 3331 3021 igitur
3365 2967 3567 3006 novum

1979 3057 2062 3104 est
2085 3048 2218 3103 illud
2237 3048 2557 3102 mandatum
2580 3061 2675 3115 per
2689 3043 3154 3112 Christum,quod
3179 3051 3266 3096 est
3288 3043 3568 3096 veteribus

272 3131 526 3202 ἀλλήλων
583 3133 827 3202 ἀδελφοί.
867 3137 976 3188 Καὶ
1010 3135 1142 3204 γοῦν
1191 3139 1220 3190 ὁ
1252 3136 1565 3206 σοφώτατος
1601 3138 1873 3210 Ἰωάννης,

1983 3126 2196 3210 legibus
2220 3137 2625 3194 constitutum?
2645 3134 2752 3191 Seu
2776 3135 2924 3200 vide,
2945 3150 3153 3204 quaeso,
3169 3149 3276 3203 qua
3316 3134 3570 3187 cautione

271 3223 547 3277 κάλλιστά
568 3240 628 3276 τε
660 3223 947 3290 εἰδὼς,κα“ι
965 3225 1233 3279 διδάσκων
1251 3227 1525 3296 ἐτέρους,ι
1548 3228 1605 3282 ⁸0
1623 3228 1874 3296 ἀγαπῶν,

270 3318 409 3385 φησὶ
429 3355 446 3380 ,
475 3317 574 3369 τὸν
610 3317 840 3385 ἀδελφὸν
875 3317 1064 3381 αὑτοῦ,
1097 3320 1188 3372 τὸν
1210 3318 1341 3372 Θεὸν
1364 3320 1608 3390 ἀγαπᾷ.»
1629 3321 1752 3384 Πῶς
1785 3317 1878 3374 οὖν

271 3410 464 3482 ἐντολὴ
487 3411 658 3481 καινὴ
685 3410 773 3463 διὰ
808 3411 1066 3479 Χριστοῦ,
1084 3411 1264 3464 καίτοι
1284 3414 1396 3474 τοῖς
1420 3412 1668 3476 παλαιοῖς
1693 3414 1880 3484 νόμοις

269 3499 719 3571 διηγορευμένη;
750 3500 892 3552 Ἀλλ’
913 3502 1014 3570 ὅρα
1045 3518 1136 3572 μοι
1188 3500 1288 3572 τὴν
1317 3501 1618 3570 ἀσφάλειαν
1641 3544 1656 3566 ,
1713 3503 1879 3574 βλέπε

269 3593 371 3663 τὴν
397 3593 727 3664 ὲπαγωγήν.
755 3593 830 3646 Οὑ
861 3576 1230 3664 γὰρ’ὴρκέσθη
1261 3593 1338 3665 τῷ
1365 3597 1566 3649 εἰπεῖν’
1587 3615 1604 3648 ι
1631 3597 1879 3667 Ἐντολὴν

271 3689 476 3760 καινὴν
531 3690 731 3758 δίδωμι
764 3690 916 3759 ὑμῖν,
964 3689 1052 3743 ἵνα
1094 3691 1346 3757 ἀγαπᾶτε
1373 3690 1658 3761 ἀλλήλους,
1685 3710 1703 3741 ι
1741 3689 1878 3743 ἀλλά

270 3781 366 3835 τοῦ
399 3781 569 3850 λόγου
601 3781 702 3852 τὴν
749 3781 1051 3850 καινότητα
1094 3781 1311 3842 δεικνὺς
1331 3819 1346 3842 ,
1389 3781 1484 3834 καὶ
1512 3780 1613 3850 τῆς
1645 3781 1880 3850 ἀρχαίας

271 3876 499 3945 ἐκείνης
526 3875 888 3945 ἀγαπήσεως,
920 3875 1021 3943 τῆς
1052 3875 1132 3936 είς
1167 3872 1430 3944 ἀλλήλους
1457 3875 1630 3945 φημὶ,
1661 3875 1796 3928 πολύ
1821 3891 1878 3929 τι

271 3967 334 4020 τὸ
365 3966 560 4038 μεῖζον
593 3967 829 4037 ἔχουσαν
855 3967 959 4038 τὴν
996 3967 1214 4032 ἑαυτοῦ,
1248 3967 1637 4038 προστέθεικεν
1676 3967 1838 4032 εὑθὺς
1861 3985 1877 4001 ο

281 4080 300 4111 ι
331 4058 539 4122 Καθὼς
573 4059 688 4127 ἐγὼ
713 4059 984 4130 ἠγάπησα
1014 4059 1179 4130 ὑμᾶς,
1208 4059 1295 4112 ἵνα
1323 4060 1414 4112 καὶ
1443 4061 1602 4129 ὑμεῖς
1626 4060 1879 4128 ἀγαπᾶτε

276 4154 576 4224 ἀλλήλους.
612 4172 629 4203 ι
690 4151 1043 4223 Ἐρευνητέον
1074 4151 1365 4223 τοιγαροῦν
1403 4152 1544 4222 ὑπὲρ
1574 4152 1670 4206 τοῦ
1705 4153 1880 4206 συνιέ-

274 4265 362 4299 ναι
397 4244 601 4313 σαφῶς
636 4243 747 4296 τῶν
794 4244 1106 4314 εἰρημένων
1141 4245 1240 4315 τὴν
1287 4242 1542 4313 δύναμιν,
1587 4243 1707 4307 πῶς
1736 4245 1877 4314 ἡγάτ

276 4357 456 4409 πησεν
510 4341 665 4409 ἡμᾶς
711 4339 739 4390 ὁ
782 4337 1042 4410 Χριστός.
1101 4337 1236 4390 Τότε
1269 4337 1400 4408 γὰρ,
1426 4337 1586 4402 -τότε,
1623 4338 1716 4392 καὶ
1759 4336 1880 4392 λίαν

276 4432 525 4494 εὐκόλως
553 4429 1046 4502 ἐπαριθμήσαιμεν
1095 4430 1160 4484 ἂν
1203 4431 1262 4483 τὸ
1309 4429 1495 4484 καινὸν
1530 4431 1624 4484 καὶ
1675 4431 1881 4501 παρηλ-

1985 3248 2120 3288 usus
2135 3233 2358 3296 sit,vide
2372 3230 2502 3301 quid
2516 3229 2799 3298 subjiciat.
2817 3226 2936 3282 Non
2951 3238 3249 3283 contentus
3264 3235 3349 3280 est
3363 3226 3565 3280 dicere:

1987 3340 2006 3374 ι
2032 3321 2346 3377 Mandatum
2368 3336 2567 3375 novum
2588 3321 2658 3373 do
2677 3319 2856 3382 vobis,
2893 3325 2952 3372 ut
2972 3317 3216 3387 diligatis
3243 3315 3513 3380 invicem;
3545 3333 3566 3366 ι
3657 3322 3661 3345 ¹

1983 3414 2078 3469 sed
2119 3409 2414 3470 novitatem
2447 3413 2606 3483 751
2633 3411 2909 3468 sermonis
2938 3408 3274 3470 ostendens,
3304 3422 3571 3476 suamque

1981 3506 2330 3561 dilectionem
2394 3505 2602 3574 aliquid
2639 3505 2819 3573 majus
2879 3519 2944 3556 ac
2986 3501 3307 3571 praeclarius
3364 3499 3571 3553 habere

1982 3615 2146 3670 quam
2179 3608 2338 3653 vetus
2387 3599 2479 3652 illa
2537 3598 2589 3652 in
2646 3598 2930 3668 proximos
2975 3596 3232 3655 dilectio,
3284 3592 3572 3660 subjunxit

1982 3693 2198 3746 statim:
2227 3711 2245 3741 ι
2276 3690 2428 3744 Sicut
2451 3704 2552 3759 ego
2569 3688 2736 3742 dilexi
2757 3703 2872 3751 vos,
2896 3696 2950 3741 ut
2969 3694 3023 3742 et
3051 3701 3148 3740 vos
3170 3685 3411 3754 diligatis
3432 3684 3572 3737 invi-

1982 3799 2125 3839 cem.
2166 3802 2186 3834 ι
2223 3781 2644 3851 investigandus
2681 3780 2866 3848 itaque
2899 3779 3094 3832 horum
3123 3775 3418 3830 verborum
3443 3789 3571 3828 sen-

1982 3893 2100 3941 sus,
2141 3875 2612 3946 quaerendumque
2636 3871 2914 3942 quomodo
2940 3884 3042 3923 nos
3071 3868 3332 3922 Christus
3357 3867 3570 3920 dilexe-

1981 3969 2076 4024 rit.
2108 3965 2266 4021 Tunc
2295 3967 2465 4028 enim,
2503 3973 2636 4017 tunc
2663 3963 2797 4031 quid
2835 3959 3101 4015 novitatis
3130 3974 3193 4012 ac
3227 3957 3570 4012 discriminis

1981 4061 2143 4116 sit.in
2169 4075 2236 4114 eo
2258 4057 2409 4128 quod
2440 4070 2591 4111 nunc
2615 4059 2779 4108 datur
2821 4055 3080 4106 mandato
3111 4052 3271 4104 facile
3312 4064 3568 4103 recense-

1981 4153 2188 4209 bimus.
2239 4148 2412 4221 lgitur
2469 4168 2488 4201 ι
2524 4151 2580 4202 in
2616 4148 2792 4200 forma
2834 4144 2929 4199 Dei
2961 4159 3089 4198 cum
3126 4151 3297 4209 esset,
3334 4157 3442 4195 non
3482 4156 3570 4196 ra.-

1982 4245 2166 4314 pinam
2214 4241 2520 4296 arbitratus
2562 4249 2644 4293 est
2687 4252 2811 4291 esse
2877 4250 2936 4290 se
2983 4233 3248 4302 aequalem
3290 4231 3426 4296 Deo,
3473 4231 3566 4286 sed

1982 4334 2338 4404 semetipsum
2363 4331 2690 4389 exinanivit,
2721 4328 2952 4382 formam
2983 4326 3130 4380 servi
3163 4323 3469 4392 accipiens,
3514 4323 3568 4374 in

1984 4428 2402 4485 similitudinem
2437 4424 2722 4479 hominum
2755 4421 2956 4483 factus,
2988 4427 3043 4473 et
3083 4417 3272 4470 habitu
3315 4417 3569 4469 inventus

275 4525 559 4595 λαγμένον
623 4523 723 4593 τῆς
757 4523 876 4577 νυνὶ
928 4521 1179 4592 δοθείσης
1213 4521 1452 4590 ἐντολῆς.
1488 4521 1699 4574 Οὐκοῦν
1756 4540 1774 4574 ι
1818 4524 1876 4575 ὲν

1991 4532 2050 4577 ιιι
2097 4523 2287 4575 homo.
2321 4516 2642 4571 Humiliavit
2678 4513 3038 4581 semetipsum
3073 4511 3254 4562 factus
3303 4506 3569 4561 nhediens

281 4620 469 4687 μορφῇ
507 4615 647 4668 Θεοῦ
687 4615 986 4685 ὑπάρχων,
1047 4615 1145 4685 οὑχ
1193 4613 1492 4684 ἁρπαγμὸν
1533 4613 1780 4683 ἡγήσατο
1819 4613 1882 4667 τὸ

279 4701 420 4757 εἶναι
475 4706 568 4756 ῖσα
604 4703 726 4774 Θεῴ
751 4743 765 4767 ,
801 4703 915 4757 ἀλλ’
950 4702 1143 4765 ἑαυτὸν
1173 4702 1409 4754 ἐκένωσε
1441 4701 1630 4755 δούλου
1665 4703 1883 4774 μορφὴν

278 4794 490 4859 λαϐὼν,
525 4796 587 4848 ὲν
607 4793 918 4865 ὁμοιώματι
948 4793 1254 4864 ἀνθρώπων
1284 4792 1600 4862 γενόμενος,
1636 4801 1732 4847 καὶ
1752 4795 1884 4864 σχή-

281 4906 414 4958 ματι
465 4887 721 4960 εὑρεθεὶς
769 4887 848 4951 ὡς
903 4886 1227 4957 ἄνθρωπος,
1279 4885 1646 4938 ἐταπείνωσεν
1692 4885 1883 4940 ἑαυτὸν

280 4981 585 5051 γενόμενος
610 4980 854 5050 ὑπήκοος
886 4979 1048 5051 μέχρι
1077 4979 1333 5040 θανάτου,
1368 4977 1603 5032 θανάτου
1634 4978 1690 5030 δὲ
1721 4995 1886 5032 σταυ-

283 5072 398 5144 ροῦ.
437 5092 459 5124 ι
529 5072 695 5125 Ἀλλά
744 5074 852 5126 καὶ
893 5071 1149 5132 πλούσιος
1199 5068 1275 5122 ὢν
1330 5069 1683 5140 ἐπτώχευσε,
1744 5070 1888 5125 καθά

282 5167 455 5220 πάλιν
480 5169 509 5218 ὸ
541 5163 755 5228 Παῦλος
778 5166 908 5235 ἡμῖν
937 5163 1366 5234 διεμαρτύρατο.
1417 5161 1581 5233 Ὁρᾷς
1609 5163 1670 5216 τὸ
1700 5164 1886 5218 καινὸν

291 5261 380 5330 τῆς
422 5261 511 5321 εἰς
554 5258 703 5327 ἡμᾶς
736 5257 1111 5327 ἀγαπήσεως;
1161 5255 1220 5309 ’0
1255 5255 1354 5326 μὲν
1390 5254 1500 5326 γὰρ
1541 5256 1707 5325 νόμος
1750 5257 1887 5324 ἀγα-

283 5356 460 5423 πῆσαι
503 5351 618 5404 δεῖν
663 5351 758 5404 τὸν
786 5349 1027 5417 ’ἀδελφὸν
1057 5348 1345 5401 ἐκέλευσεν
1383 5348 1457 5409 ὡς
1503 5349 1695 5401 ἑαυτόν
1721 5365 1734 5377 ·
1768 5353 1796 5402 ό
1825 5351 1884 5403 δὲ

286 5445 495 5516 Κύριος
527 5443 688 5513 ἡμῶν
733 5439 939 5510 Ἰησοῦς
969 5439 1516 5518 Χριστὸςὶήγάπησεν
1550 5441 1699 5511 ἡμᾶς
1742 5443 1882 5514 ὑπὲρ

286 5537 483 5590 ἑαυτόν
507 5554 520 5565 σ
563 5536 626 5588 οὑ
657 5534 769 5605 γὰρ
813 5533 880 5587 ἂν
922 5535 982 5586 ἐν
1025 5533 1208 5602 μορφῇ
1250 5531 1346 5584 καὶ
1378 5533 1587 5600 ἰσότητι
1617 5534 1714 5587 τοῦ
1743 5535 1880 5589 Θεοῦ

287 5631 382 5681 καὶ
429 5627 652 5697 Πατρὸς
686 5626 950 5695 ὑπάρχων
1004 5623 1143 5694 πρὸς
1201 5626 1300 5692 τὴν
1347 5623 1622 5694 ἡμετέραν
1671 5629 1878 5701 κατέϐη

360 5743 405 5774 '-'
432 5741 627 5796 Matth.
668 5755 790 5804 xttl,
821 5738 910 5794 52.

296 5828 388 5867 vm
411 5855 424 5880 ,
457 5813 515 5868 9.

997 5741 1043 5772 “
1086 5740 1242 5796 Deut.
1279 5757 1351 5805 γι,
1393 5740 1454 5807 5;
1495 5740 1682 5800 Matth.
1718 5763 1859 5817 xxii,
1893 5749 1982 5803 57.

1983 4629 2160 4684 usque
2188 4611 2256 4666 ad
2287 4603 2546 4671 mortem,
2577 4614 2808 4659 mortem
2835 4613 3018 4656 autem
3050 4601 3243 4654 crucis
3278 4601 3346 4650 ".
3381 4617 3399 4649 ι
3427 4596 3568 4663 Quin

1981 4708 2138 4760 dives
2188 4719 2311 4758 cum
2355 4707 2524 4763 esset,
2562 4713 2768 4767 pauper
2802 4695 2982 4748 factus
3023 4700 3153 4756 est,,
3177 4691 3337 4745 sicuti
3374 4705 3571 4744 rursus

1983 4799 2145 4854 nobis
2206 4795 2408 4849 Paulus
2470 4799 2703 4846 testatus
2777 4796 2860 4841 est
2913 4785 2977 4837 ’³.
3033 4781 3204 4836 Vides
3254 4781 3571 4836 dilectionis

1983 4902 2112 4958 erga
2141 4899 2244 4938 nos
2278 4881 2622 4937 novitatem?
2660 4877 2770 4932 Lex
2821 4876 2970 4956 enim
3028 4872 3291 4944 praecepit
3337 4870 3571 4940 diligere

1985 4980 2234 5042 fratrem,
2287 4975 2433 5029 sicut
2483 4972 2724 5041 seipsum
2766 4985 2782 5034 ;
2832 4966 3101 5022 Dominus
3149 4973 3331 5018 autem
3385 4969 3572 5016 noster

1983 5071 2146 5127 Jesus
2200 5067 2458 5123 Christus
2505 5063 2701 5118 dilexit
2756 5075 2859 5116 nos
2908 5060 3030 5127 plus
3071 5073 3232 5126 quam
3282 5055 3568 5123 seipsum:

1986 5179 2089 5218 nec
2119 5161 2265 5216 enim
2301 5160 2355 5212 in
2392 5157 2569 5211 forma
2605 5164 2658 5209 et
2690 5153 3006 5223 aequalitate
3038 5149 3130 5204 Dei
3167 5163 3231 5202 ac
3264 5145 3444 5201 Patris
3472 5161 3573 5200 ex-

1986 5256 2212 5318 sistens,
2243 5251 2309 5305 ad
2355 5257 2606 5304 nostram
2637 5245 3006 5300 humilitatem
3039 5237 3439 5299 descendisset,
3475 5251 3573 5289 ne-

1991 5368 2101 5423 que
2125 5359 2233 5404 tam
2279 5347 2533 5402 acerbam
2569 5335 2823 5412 corporis
2855 5345 3089 5394 mortem
3125 5349 3223 5402 pro
3253 5333 3411 5385 nobis
3445 5345 3571 5398 per-

1993 5447 2238 5500 tulisset.
2271 5455 2378 5494 non
2431 5436 2695 5506 colaphos
2741 5432 3025 5490 Judaicos.
3073 5443 3187 5500 non
3237 5436 3442 5478 sannas
3515 5429 3570 5474 et

1991 5535 2376 5595 contumelias,
2410 5545 2519 5584 uno
2553 5529 2723 5584 verbo
2768 5533 2968 5580 cmtera
3004 5519 3210 5578 omnia,
3243 5523 3302 5568 ut
3343 5529 3412 5568 ne
3453 5514 3572 5568 sin-

1993 5631 2119 5702 gula
2153 5642 2275 5697 quae
2307 5639 2503 5696 passus
2534 5629 2620 5676 est
2651 5615 2992 5674 numerando
3039 5614 3093 5666 in
3136 5606 3410 5663 inﬁnitum
3455 5620 3572 5659 ser-

2077 5749 2116 5778 "
2162 5743 2319 5799 Joan.
2355 5757 2433 5804 tv,
2469 5738 2560 5791 9i.
2642 5736 2687 5766 “
2729 5718 2969 5803 Philipp.
3001 5745 3062 5794 ιι,
3095 5727 3217 5782 6-8.
3300 5724 3344 5754 "
3371 5723 3413 5777 ll
3441 5723 3569 5778 Cor.
