4006 6426
513 345 625 407 1173

1486 349 1544 406 S.
1573 348 1853 406 CYRILIJ
1888 344 2367 403 ALEXANDRINI
2399 344 2717 403 A’RCHIEP.

3674 352 3769 411 I66

517 479 738 523 munem
779 460 1153 533 proferamus,
1192 462 1518 533 pertulisset
1555 481 1569 517 :
1616 462 1711 517 sed
1745 475 1921 530 neque
1949 460 2104 514 dives

2209 461 2575 523 ταπείνωσιν,
2622 458 2732 511 οὐδ’
2778 458 2845 513 ἂν
2902 459 3108 531 ὑπέστη
3167 460 3363 532 πικρὸν
3416 459 3587 524 οὕτως
3641 463 3771 535 ὑπὲρ

516 565 644 613 cum
686 566 835 611 esset
885 570 1092 625 pauper
1143 555 1260 610 ﬁeri
1300 556 1594 617 voluisset,
1646 554 1754 608 nisi
1792 568 1894 607 nos
1926 551 2105 621 magis

519 649 803 704 dilexisset
845 661 1012 715 quam
1060 648 1327 716 seipsum.
1371 646 1664 705 Iuauditus
1695 646 1880 715 itaque
1911 659 1975 697 ac
2006 659 2107 697 no-

521 754 622 794 vus
657 747 742 795 est
772 738 939 804 hujus
980 738 1296 793 dilectionis
1334 737 1550 792 modus.
1605 736 1684 790 Ita
1730 747 1785 791 et
1834 750 1936 789 nos
1963 733 2106 789 allici

515 830 694 898 jubet,
729 829 867 884 nihil
915 831 1067 898 prius
1116 829 1343 883 omnino
1390 827 1689 881 dilectione
1720 842 1852 895 erga
1907 825 2105 879 fratres

519 921 810 985 habentes,
836 938 942 975 non
967 922 1219 991 gloriam,
1247 936 1354 974 non
1388 920 1631 982 divitias,
1659 921 1752 973 sed
1775 934 1873 972 nec
1905 919 2103 986 ipsam,

521 1015 567 1069 si
592 1029 679 1067 res
709 1014 779 1066 ita
810 1013 970 1077 ferat,
1006 1013 1260 1081 corporis
1304 1023 1539 1066 mortem
1582 1020 1841 1081 oppetere
1875 1011 2102 1071 veritos.

520 1119 580 1160 ut
622 1106 855 1175 proximi
896 1106 1173 1159 lucremur
1208 1106 1443 1159 salutem
1492 1120 1506 1157 :
1558 1104 1704 1172 quod
1750 1108 1918 1157 etiam
1964 1103 2106 1157 lece-

517 1208 650 1252 runt
720 1197 862 1252 beati
911 1194 1225 1250 SerVator'is
1260 1196 1441 1251 nostri
1488 1196 1765 1265 discipuli,
1803 1211 1855 1249 et
1885 1196 1978 1265 qui
2009 1213 2105 1249 eu-

517 1301 638 1340 rum
668 1287 901 1355 vestigia
929 1297 1062 1341 sunt
1091 1288 1293 1351 εει-ηιξ,
1325 1289 1419 1356 qui
1448 1287 1683 1343 aliorum
1715 1290 1946 1343 salutem
1980 1289 2107 1342 vita:

516 1393 631 1434 sua:
659 1380 1049 1446 praetulerunt,
1096 1379 1418 1447 nullumque
1473 1379 1716 1437 laborem
1752 1388 2103 1441 recusarunt,

516 1467 765 1536 adeoque
802 1476 1046 1522 extrema
1083 1468 1270 1523 subire
1299 1469 1440 1523 mala
1488 1485 1598 1523 non
1631 1470 1908 1538 dedignati
1952 1481 2103 1533 sunt,

519 1569 579 1613 ut
606 1561 955 1629 pereuntiunt
981 1560 1195 1615 animas
1221 1568 1529 1615 servarent.
1572 1559 1724 1614 Unde
1753 1560 1960 1615 Paulus
1992 1577 2106 1615 mo-

517 1652 612 1714 do,
672 1670 691 1702 ι
730 1650 993 1716 Quotidie
1045 1653 1291 1716 morior,
1328 1670 1347 1702 ι
1402 1651 1585 1720 inquit
1627 1654 1708 1716 ²“;
1742 1655 1906 1707 modo
1937 1669 2102 1707 vero:

521 1757 539 1791 ι
583 1741 718 1805 Quis
752 1741 1089 1803 inlirmatur,
1122 1750 1178 1795 et
1199 1756 1302 1811 ego
1324 1757 1435 1799 non
1466 1742 1755 1795 inlirmor?
1780 1742 1914 1807 Quis
1945 1759 2104 1798 scau-

2209 551 2365 622 ἡμῶν
2397 550 2490 605 τὸν
2538 552 2638 621 τῆς
2697 551 2901 622 σαρκὸς
2953 553 3181 611 θάνατον
3204 594 3219 615 .
3272 554 3383 609 οὐδ’
3415 553 3480 608 ἂν
3529 556 3774 627 ἠνέσχετο

2208 644 2571 714 ραπισμάτων
2609 643 2941 707 Ἰουδαϊκῶν,
2967 644 3253 718 αἰσχύνης.
3280 645 3376 699 καὶ
3405 645 3662 713 γέλωτος,
3686 651 3770 703 καὶ

2205 735 2315 787 τῶν
2348 734 2524 791 ἄλλων
2560 734 2836 796 ἁπάντων,
2871 734 2959 789 ἵνα
3003 735 3078 806 μὴ
3118 736 3325 793 ἕκαστα
3361 735 3472 791 τῶν
3515 739 3593 801 είς
3623 739 3774 795 αὐτὸν

2206 826 2512 895 γεγονότων
2582 824 3080 895 ἐξαριθμούμενοι,
3137 826 3274 895 πρὸς
3334 826 3640 896 ἀπέραντον
3690 835 3776 885 τὸν

2206 919 2363 986 λόγον
2393 918 2728 984 ἐκτείνωμεν
2753 932 2766 944 ·
2802 918 2916 971 ἀλλ’
2941 917 3049 970 οὐδ’
3089 918 3155 976 ἂν
3185 919 3500 988 ἐπτώχευσε
3536 920 3774 984 πλούσιος

2206 1008 2303 1075 ῶν,
2342 1011 2391 1060 εί
2433 1008 2508 1078 μὴ
2538 1009 2670 1062 πολύ
2700 1008 2820 1060 λίαν
2865 1006 3156 1077 ἠγάπησεν
3204 1012 3351 1080 ἡμᾶς
3395 1011 3535 1080 ὑπὲρ
3573 1013 3773 1067 ἑαυτόν.

2206 1084 2365 1153 Ξένον
2395 1097 2487 1151 οὖν
2536 1099 2648 1169 ἄρα
2690 1104 2789 1170 τῆς
2834 1101 3055 1172 ἀγάπης
3118 1102 3177 1157 τὸ
3226 1102 3443 1170 μέτρον.
3480 1100 3638 1157 Οὖτω
3688 1105 3775 1161 καὶ

2206 1192 2352 1261 ἡμᾶς
2393 1191 2703 1247 διακεῖσθαι
2739 1192 2991 1258 κελεύει,
3040 1194 3190 1251 οὐδὲν
3220 1196 3356 1256 ὅλως
3388 1195 3485 1265 τῆς
3530 1196 3609 1257 εἰς
3636 1195 3774 1251 ἀδελ-

2207 1286 2340 1351 φοὺς
2391 1285 2741 1353 προτιθέντας
2792 1286 3047 1355 ἀγάπης,
3096 1287 3158 1341 οὐ
3204 1287 3395 1352 δόξαν,
3441 1288 3500 1339 οὐ
3535 1286 3774 1348 πλοῦτον,

2207 1375 2322 1428 ἀλλ’
2352 1376 2475 1429 οὐδὲ
2509 1376 2807 1440 ὀκνοῦντας
2849 1380 2942 1435 καὶ
2988 1381 3069 1440 είς
3100 1377 3285 1443 αὐτόν,
3315 1379 3362 1429 εἰ
3397 1377 3527 1441 δέοι,
3568 1377 3659 1433 τὸν
3687 1377 3779 1447 τῆς

2207 1468 2411 1538 σαρκὸς
2442 1468 2752 1539 καταϐῆναι
2785 1469 3048 1533 θάνατον,
3089 1470 3177 1525 ἵνα
3206 1470 3305 1538 τὴν
3339 1468 3432 1527 τοῦ
3480 1468 3646 1529 πέλας
3680 1482 3778 1519 σω-

2204 1559 2401 1630 τηρίαν
2448 1560 2948 1629 ἀποκερδάνωμεν·
2999 1559 3028 1612 δ
3082 1559 3147 1629 δὴ
3198 1560 3293 1612 καὶ
3333 1560 3679 1630 πεπράχασιν
3733 1559 3779 1610 οἱ

2209 1652 2472 1722 μακάριοι
2504 1652 2598 1704 τοῦ
2632 1652 2886 1722 Σωτῆρος
2932 1651 3088 1722 ἡμῶν
3136 1652 3402 1721 μαθηταὶ,
3437 1651 3531 1704 καὶ
3580 1652 3632 1703 oi
3670 1652 3779 1712 ’τοῖς

2206 1745 2432 1797 ἐκείνων
2460 1744 2661 1814 ἴχνεσιν
2686 1743 3176 1813 ἀκολουθήσαντες,
3213 1738 3436 1813 ἄμεινὸν
3459 1742 3556 1810 τῆς
3578 1741 3778 1803 οἰκείας

516 1833 810 1895 dalizatur,
842 1843 898 1888 et
939 1848 1042 1903 ego
1086 1850 1197 1887 non
1241 1849 1375 1888 uror
1401 1834 1488 1887 ’5?
1526 1853 1543 1887 ι
1589 1834 1738 1889 Ilanc
1767 1836 1931 1905 igitur
1971 1836 2101 1890 dile-

2209 1836 2354 1905 ζωῆς
2389 1838 2449 1889 τὸ
2495 1838 2715 1907 ἐτέρους
2752 1836 3022 1901 σώζεσθαι
3062 1836 3442 1905 λογισάμενοι,
3475 1837 3568 1891 καὶ
3611 1833 3782 1887 πάντα

517 1910 760 1980 ctionem
799 1927 955 1995 legali
1005 1930 1180 1980 multo
1218 1927 1484 1997 majorem
1524 1928 1940 1996 perfectissima:
1980 1943 2107 1997 erga

517 2014 691 2073 Deum
725 2019 944 2087 pietatis
985 2020 1225 2075 radicem
1271 2022 1451 2075 colere
1487 2036 1590 2076 nos
1633 2019 1891 2075 Senator
1919 2022 2104 2088 jussit,

519 2108 755 2176 ideoque
797 2123 923 2162 cum
981 2111 1152 2168 sciret
1201 2124 1313 2163 non
1358 2109 1521 2165 aliter
1576 2127 1676 2165 nos
1731 2113 1910 2165 claros
1960 2111 2104 2181 apud

516 2198 689 2255 Deum
715 2201 854 2265 fore,
885 2208 940 2255 et
976 2201 1290 2256 dilectionis
1319 2202 1387 2257 ab
1412 2203 1532 2270 ipso
1564 2202 1618 2256 in
1660 2219 1761 2257 nos
1793 2213 2104 2272 propagata:

517 2293 801 2361 sequendo
839 2294 1308 2362 pulchritudinem
1359 2309 1556 2363 magna
1589 2302 1643 2349 et
1677 2297 1919 2364 perfecta
1958 2297 2102 2351 bona

516 2394 944 2439 COUSCCUIUI‘OS.

2209 1930 2307 1998 μὲν
2334 1928 2662 1993 ἀνατλάντες
2693 1928 2875 1993 πόνον,
2907 1930 2966 1981 ἐν
2993 1929 3050 1981 δὲ
3079 1932 3189 1992 τοῖς
3221 1928 3470 1997 ἐσχάτοις
3503 1924 3780 1994 γεγονότες

2204 2026 2395 2086 κακοῖς
2422 2064 2437 2084 ,
2497 2023 2582 2075 ἵνα
2641 2023 2741 2085 τὰς
2800 2022 2907 2074 τῶν
2976 2022 3366 2092 ἀπολλυμένων
3420 2017 3780 2091 περισώσειαν

2202 2114 2399 2183 ψυχάς.
2433 2113 2541 2165 Καὶ
2564 2112 2694 2180 γοῦν
2717 2115 2744 2165 ὁ
2767 2114 2976 2176 Παύλός
2999 2130 3154 2181 φησι,
3182 2112 3311 2166 ποτὲ
3339 2111 3458 2182 μὲν,
3485 2111 3565 2162 ὅτι
3601 2129 3622 2160 ι
3654 2106 3781 2160 Καθ’

2204 2206 2416 2276 ἡμέραν
2442 2205 2792 2276 ἀποθνήσκω,
2834 2225 2853 2257 ι
2890 2207 3015 2259 ποτὲ
3054 2207 3108 2258 δὲ
3137 2206 3322 2267 πάλιν,
3359 2224 3377 2255 ι
3417 2204 3512 2266 Τίς
3550 2201 3780 2262 ἀσθενεῖ,

2208 2300 2303 2352 καὶ
2342 2300 2442 2351 οὐκ
2475 2298 2715 2361 ἀσθενῶ;
2771 2298 2866 2359 Τίς
2895 2298 3343 2361 σκανδαλίζεται,
3394 2297 3486 2349 καὶ
3533 2294 3637 2347 οὐκ
3683 2289 3786 2359 ἐγὼ

2213 2390 2524 2460 πυροῦμαι;
2581 2408 2597 2438 ι
2651 2389 2835 2454 Ῥίζαν
2881 2388 2973 2443 οὖν
3024 2392 3133 2461 ἀρα
3173 2391 3271 2459 τῆς
3315 2389 3662 2456 τελειοτάτης
3711 2386 3786 2446 είς

514 2474 650 2528 Θεὸν
703 2476 987 2528 εὐσέϐειαν
1075 2476 1201 2547 [γρ.
1253 2477 1570 2550 εὐσεϐείας]
1630 2480 1728 2549 τὴν
1785 2480 1926 2550 ὑπὲρ
1975 2481 2137 2550 νόμον
2212 2483 2492 2553 ἀγάπησιν
2538 2481 2878 2547 ἐπιτηδεύειν
2913 2485 3062 2551 ἡμᾶς
3101 2485 3131 2535 ὁ
3173 2480 3363 2551 Σωτὴρ
3392 2479 3782 2533 διεκελεύσατο,

513 2567 810 2639 ταύτῃτοι,
865 2570 958 2620 καὶ
983 2569 1081 2638 οὐχ
1111 2570 1312 2640 ἑτέρως
1343 2571 1498 2633 εἰδὼς
1524 2572 1928 2641 δοκιμωτάτους
1976 2574 2196 2627 ἔσεσθαι
2230 2577 2380 2644 παρὰ
2427 2575 2505 2644 τῷ
2553 2574 2706 2644 Θεῷ,
2779 2575 2872 2628 καὶ
2931 2574 3035 2644 τῆς
3103 2576 3231 2643 παρ’
3274 2572 3442 2627 αὐτοῦ
3522 2587 3789 2640 πεφυτευ·

516 2660 687 2731 μένης
713 2662 793 2723 είς
823 2661 969 2729 ἡμᾶς
996 2661 1329 2731 ἀγαπήσεως
1361 2663 1776 2732 ίχνηλατοῦντας
1825 2665 1884 2716 τὸ
1914 2665 2126 2728 ’καλλος
2167 2669 2226 2720 ἐν
2268 2668 2524 2736 μεγάλοις
2556 2669 2775 2723 ἔσεσθαι
2813 2670 2905 2722 καὶ
2942 2668 3167 2730 τελείοις
3195 2667 3442 2735 ἀγαθοῖς.

586 2754 749 2823 752
791 2752 940 2817 XIII,
1000 2754 1091 2824 55.
1131 2753 1198 2807 1η
1244 2755 1341 2808 hoc
1395 2769 1705 2826 cognoscent
1759 2775 1936 2813 omnes
1980 2758 2107 2826 quia

511 2847 767 2914 discipuli
800 2848 900 2901 mei
927 2851 1057 2903 estis
1080 2888 1093 2910 ,
1133 2849 1181 2901 si
1211 2849 1549 2905 dilectionem
1585 2850 1883 2906 habueritis
1915 2853 1984 2906 ad
2023 2853 2108 2905 iu-

511 2956 698 2993 mrem.

585 3031 837 3101 Signum,
874 3032 1072 3101 inquit,
1106 3035 1481 3090 certissimum
1522 3046 1578 3091 et
1606 3036 1974 3091 indubitatum
2003 3036 2112 3090 erit

2291 2761 2387 2812 Ἐν
2416 2762 2606 2825 τούτῳ
2632 2762 2967 2830 γνώσονται
3003 2760 3229 2825 πάντες
3261 2759 3350 2812 ὅτι
3379 2758 3507 2828 ἐμοὶ
3531 2755 3789 2827 μαθηταί

2205 2852 2366 2916 ἐστε,
2407 2852 2517 2907 ἐὰν
2542 2853 2812 2923 ἀγαπᾶτε
2846 2852 3187 2920 ἀλλήλους.

2279 3037 2318 3089 Γ
2321 3034 2611 3108 νῶρισμα,
2654 3035 2821 3105 φησὶν
2847 3073 2862 3098 ,
2909 3035 3124 3106 ἄμαχόν
3175 3051 3234 3087 τε
3276 3037 3371 3088 καὶ
3415 3033 3787 3103 ἀναμφίλογον

512 3137 616 3176 vos
645 3137 797 3175 meos
818 3136 942 3177 esse
983 3123 1319 3193 discipulos,
1354 3128 1426 3189 si,
1469 3137 1738 3197 quantum
1781 3138 1975 3180 natura
2013 3142 2106 3181 ve-

2211 3131 2329 3191 ταῖς
2352 3128 2561 3181 ἑαυτῶν
2583 3128 2914 3198 ἐπιγράᾥετε
2945 3126 3210 3195 κεφαλαῖς
3246 3124 3307 3178 τὸ
3335 3143 3399 3195 με
3410 3123 3791 3196 μαθητιῦσθαι

517 3220 631 3269 stra
685 3222 740 3267 et
793 3214 1157 3271 humanitatis
1203 3219 1451 3272 conditio
1482 3236 1687 3289 capere
1730 3229 1941 3289 potest,
1975 3234 2111 3277 meae

515 3307 642 3361 vitae
668 3307 901 3376 vestigia
938 3311 1277 3375 sequamini.
1316 3320 1374 3363 ut
1410 3313 1486 3364 ita
1515 3326 1544 3364 a
1580 3318 1787 3365 mutua:
1818 3310 2109 3364 charitatis

516 3402 739 3455 vinculo
778 3418 888 3455 non
941 3402 1361 3473 disjungamini,
1400 3413 1456 3459 et
1505 3405 1735 3458 alterius
1774 3406 1828 3457 in
1870 3405 2108 3457 alterum

517 3508 707 3548 amore
749 3509 814 3548 ac
854 3504 1057 3548 mutua-
1102 3495 1420 3551 dilectionis
1465 3495 1891 3565 incomparabili
1937 3496 2109 3563 gloria

519 3586 684 3640 simul
720 3594 869 3640 recte
913 3587 1315 3641 consociemini
1353 3605 1366 3641 :
1406 3586 1460 3639 id
1504 3587 1652 3640 enim
1696 3587 1946 3655 magistri
1989 3587 2107 3656 glo~

517 3680 655 3733 riam
697 3684 957 3733 accurate
991 3677 1153 3733 vobis
1184 3679 1478 3746 exprimet.
1514 3675 1621 3731 Sed
1668 3669 1879 3745 quan-et
1922 3679 2107 3733 forsan

517 3772 719 3841 aliquis
751 3772 1112 3840 quamobrem
1143 3770 1387 3823 charitas
1427 3767 1644 3838 signum
1679 3769 1751 3823 sit
1790 3771 1857 3822 ad
1893 3770 2108 3825 discer-

518 3864 757 3919 nendum
811 3863 1018 3919 Christi
1086 3860 1460 3929 discipulum,
1516 3869 1571 3914 et
1626 3861 1680 3914 in
1727 3877 1793 3914 eo
1836 3862 2105 3916 virtutum

516 3956 764 4011 omnium
799 3966 972 4026 genus
1011 3954 1290 4007 elucescat
1332 3966 1440 4005 non
1474 3953 1659 4007 studio
1684 3962 2104 4022 comparatum,

520 4065 699 4118 neque
726 4049 913 4101 labore
960 4058 1013 4100 et
1044 4044 1388 4109 assiduitate,
1429 4046 1573 4100 sicut
1605 4048 1657 4100 in
1706 4047 1929 4101 homine
1952 4062 2107 4101 com-

517 4142 882 4212 prehensum,
933 4138 1028 4193 sed
1095 4139 1429 4192 naturaliter
1477 4139 1527 4192 ei
1588 4139 1839 4193 insitum.
1900 4137 2108 4194 Divina:

519 4234 730 4305 quippe
790 4242 1008 4287 natura:
1043 4230 1283 4283 maxime
1338 4231 1561 4300 propria
1594 4269 1609 4292 ,
1664 4231 1831 4299 eique
1886 4234 2109 4300 proprie

520 4339 587 4378 ac
644 4338 775 4378 vere
822 4322 1016 4376 insunt
1054 4335 1176 4389 qua:
1212 4334 1435 4375 omnem
1467 4320 1902 4375 admirationem
1947 4323 2108 4395 longe

520 4425 812 4486 superant.
875 4407 1177 4477 Praiclare,
1222 4413 1480 4480 inquam,
1540 4425 1573 4463 ο
1639 4410 1827 4464 boue:
1889 4404 2137 4467 fructus

516 4512 663 4565 enim
730 4520 1011 4578 suprema:
1072 4504 1405 4563 substantia:
1461 4509 1592 4558 sunt
1660 4517 1725 4556 ea
1790 4518 1914 4572 quae
1971 4519 2097 4573 pro-

516 4605 640 4673 prie
670 4618 733 4657 ac
767 4616 896 4655 vere
919 4600 969 4653 ei
1007 4605 1205 4652 natura
1238 4596 1450 4649 insunt.
1502 4595 1608 4649 Sed
1641 4596 1685 4649 si
1724 4611 1838 4650 rem
1873 4598 2103 4667 prepius

517 4693 870 4753 consideres,
901 4690 1092 4743 videre
1125 4687 1253 4741 licet
1279 4686 1498 4740 virtutis
1532 4702 1705 4755 genus
1734 4702 1897 4743 omne
1927 4688 2112 4743 chari—

515 4787 622 4841 tati
674 4781 1022 4852 complenda:
1079 4784 1311 4843 servire,
1376 4786 1433 4833 et
1482 4779 1860 4849 quodcunque
1905 4781 2110 4835 bonum

520 4877 730 4946 agitur,
761 4874 828 4925 ad
862 4887 983 4924 eam
1009 4877 1266 4938 spectare
1319 4883 1385 4922 ac
1417 4869 1665 4924 tendere.
1712 4868 1949 4940 Ideoque
1992 4871 2112 4925 exi—

522 4966 700 5019 mium
744 4962 968 5032 quidem
1008 4974 1074 5013 ac
1121 4960 1363 5028 primum
1396 4961 1700 5016 secundum
1748 4963 1922 5030 legem
1958 4977 2114 5015 man-

518 5057 711 5112 datum
737 5064 844 5120 est,
864 5053 1101 5122 diligere
1131 5051 1425 5106 Dominum
1458 5051 1626 5107 Deum
1657 5069 1725 5109 ex
1755 5063 1870 5109 tota
1896 5053 2103 5118 anima,

516 5154 571 5201 et
597 5160 667 5200 ex
697 5153 816 5198 toto
843 5144 1034 5209 corde,
1073 5153 1127 5198 et
1152 5160 1217 5197 ex
1251 5151 1365 5198 tota
1401 5153 1585 5199 mente
1612 5162 1626 5211 ;
1668 5147 1905 5203 alterum
1934 5146 1984 5199 ei
2013 5161 2107 5200 co-

516 5251 745 5311 gnatum
779 5255 845 5293 ac
877 5240 1150 5305 vicinum.
1210 5239 1443 5307 diligere
1497 5242 1835 5308 proximum,
1885 5240 1940 5293 in
1996 5255 2105 5307 quo

515 5333 658 5404 legis
687 5333 949 5387 consistit
993 5332 1176 5386 omnis
1217 5330 1505 5400 perfectio.
1558 5330 1710 5386 Unde
1740 5330 1935 5384 beatus
1963 5329 2105 5382 Pau-

515 5424 604 5480 lus
635 5424 701 5478 ad
751 5438 873 5477 eam
911 5424 1145 5494 proximi
1195 5422 1551 5477 dilectionem
1589 5420 1906 5474 universum
1943 5434 2099 5472 mau-

513 5512 703 5566 datum
750 5526 1046 5578 revocans,
1086 5512 1285 5567 scribit
1328 5529 1342 5563 :
1381 5529 1401 5561 ι
1461 5508 1671 5563 Etenim
1728 5509 1859 5561 illud
1905 5528 1916 5562 :
1981 5506 2098 5563 Non

514 5605 920 5667 mmehaheris,
970 5604 1085 5660 Non
1144 5602 1388 5665 occides,
1428 5598 1549 5653 Non
1603 5598 1900 5668 pejerabis,
1942 5609 1995 5655 et
2052 5600 2096 5656 si

582 5782 629 5815 ³⁸
668 5781 686 5839 I
720 5781 843 5839 Cor.
880 5801 968 5849 xv,
1004 5785 1094 5839 3!.
1174 5782 1219 5813 ³⁸
1260 5781 1301 5835 Il
1333 5782 1460 5838 Cor.
1493 5796 1570 5847 XI,
1619 5780 1706 5835 29-

2214 3221 2340 3289 παρ⁹
2380 3221 2537 3287 ἐμοὶ.
2585 3221 2633 3272 εἰ
2672 3220 2792 3272 κατ’
2837 3219 2982 3289 ίχνος
3008 3219 3107 3288 τῆς
3137 3220 3276 3288 ἐμῆς
3308 3216 3594 3285 ἐπείγεσθε
3640 3215 3788 3268 πολι-

2211 3311 2381 3375 τείας,
2423 3312 2566 3363 κατά
2608 3327 2669 3377 γε
2713 3310 2774 3362 τὸ
2806 3309 3083 3381 ἐγχωροῦν
3113 3313 3178 3381 τῇ
3215 3310 3460 3381 ὑμετέρᾳ
3501 3308 3667 3378 φύσει
3703 3306 3792 3360 καὶ

2209 3407 2324 3466 τοῖς
2370 3403 2470 3472 τῆς
2510 3403 2931 3474 ἀνθρωπότητος
2981 3404 3239 3473 μέτροις,
3293 3402 3368 3465 ὡς
3423 3403 3791 3455 ἀδιάσπαστον

2210 3494 2355 3562 ἔχειν
2382 3492 2482 3561 τῆς
2526 3495 2606 3556 είς
2637 3488 2900 3564 ἀλλήλοὺς
2936 3495 3157 3563 ἀγάπης
3189 3494 3281 3545 τὸν
3327 3492 3632 3562 σύνδεσμον
3655 3532 3670 3552 ,
3701 3490 3791 3545 καὶ

2213 3586 2271 3637 ἐν
2306 3585 2560 3655 ἀλλήλοις
2595 3585 2972 3655 συνηρμόσθαι
3018 3568 3220 3649 καλῶς,
3266 3585 3408 3639 κατά
3458 3602 3521 3653 γε
3557 3584 3653 3638 τὸν
3696 3584 3792 3648 τῆς

2211 3677 2564 3749 φιλαλληλίας
2586 3678 2746 3745 λόγον
2770 3678 2863 3731 καὶ⁵
2894 3679 2954 3730 τὸ
2987 3681 3053 3731 ἐκ
3079 3679 3178 3749 τῆς
3207 3678 3594 3747 φιλοστοργίας
3625 3675 3791 3742 ἀσύγ-

2210 3786 2397 3838 κριτον
2469 3769 2766 3839 καύχημαο
2804 3770 2962 3822 τοῦτο
3009 3769 3115 3842 γάρ
3157 3771 3290 3840 ἡμῖν
3336 3770 3584 3838 ἀκριϐιῖς
3624 3784 3793 3838 χαρα-

2209 3865 2426 3933 κτηριεῖ
2457 3863 2550 3915 τοῦ
2593 3863 2914 3934 διδασκάλου
2948 3864 3047 3932 τὴν
3088 3864 3268 3929 δόξαν.
3314 3862 3476 3924 Ἀλλ’,
3507 3858 3688 3932 οἶμαι.
3713 3861 3793 3921 τὶς

2209 3959 2325 4026 ἐρεῖ
2353 3957 2489 4029 πρὸς
2517 3956 2695 4020 τοῦτο,
2732 3957 2826 4009 καὶ
2854 3956 3107 4023 ἀφίξεται
3150 3955 3335 4025 τυχὸν,
3385 3956 3563 4007 ἐκεῖνο
3599 3955 3791 4024 διερω-

2207 4047 2347 4112 τῶν,
2379 4046 2524 4100 διατί
2568 4046 2668 4115 τῆς
2700 4045 2807 4099 ὐπὸ
2841 4043 3065 4115 Χριστῷ
3101 4043 3404 4113 μαθητείας
3437 4044 3470 4115 ἡ
3499 4044 3696 4111 ἀγάπη
3734 4039 3793 4092 τὸ

2208 4136 2517 4207 γνώρισμα,
2557 4137 2650 4189 καὶ
2694 4136 2755 4188 τὸ
2786 4136 2978 4188 πασῶν
3005 4130 3144 4196 εἶδος
3187 4133 3398 4206 ἀρετῶν
3430 4134 3487 4185 ἐν
3524 4134 3678 4204 αὐτῷ
3714 4132 3792 4186 δι-

2207 4230 2482 4298 εφαίνετο,
2515 4231 2615 4283 οὐκ
2642 4229 2703 4292 ἐξ
2730 4228 3032 4289 ἐπιεικείας
3071 4228 3496 4299 πεπορισμένον,
3524 4227 3643 4282 ἀλλ’
3675 4212 3797 4280 οὐδὲ

2211 4320 2360 4390 πόνῳ
2388 4320 2483 4373 καὶ
2512 4321 2779 4390 προσοχῇ.
2815 4317 3068 4388 καθάπερ
3107 4319 3165 4370 ἐν
3191 4317 3468 4389 ἀνθρώπῳ
3499 4317 3795 4386 συνειλημ-

2214 4413 2395 4482 μένον,
2426 4411 2542 4464 ἀλλ’
2566 4411 2642 4473 ὡς
2678 4412 2744 4480 τῇ
2770 4409 2936 4463 αὐτοῦ
2979 4410 3369 4480 προσπεφυκὸς
3408 4409 3592 4477 φύσει.
3631 4408 3795 4470 Θείας

2210 4507 2320 4571 γὰρ
2369 4501 2607 4572 μάλιστα
2641 4500 2857 4568 φύσεως
2900 4498 3027 4561 ἴδια,
3060 4500 3156 4554 καὶ
3188 4500 3326 4569 αὐτῇ
3371 4498 3647 4570 προσόντα
3694 4514 3792 4549 κυ-

2186 4582 2343 4664 ’ρίως
2376 4612 2435 4647 τε
2462 4594 2557 4646 καὶ
2586 4592 2804 4663 ἀληθῶς
2843 4591 2914 4647 τὰ
2962 4592 3459 4655 παντὰιέπέκεινα
3491 4590 3794 4662 θαύματος.

2212 4684 2324 4739 Καὶ
2359 4682 2468 4752 μὴν
2497 4682 2768 4751 ὀρθότατά
2795 4700 2859 4750 γε
2883 4721 2898 4745 ,
3019 4682 3118 4734 τᾶν
3140 4721 3154 4744 ,
3195 4680 3429 4750 ἐροῦμεν
3469 4682 3670 4751 ἡμεῖς,
3706 4680 3797 4737 τὸν

2212 4776 2307 4827 ἐπὶ
2349 4775 2562 4838 τούτοις
2603 4773 2807 4827 ἐποίσω
2838 4772 2993 4841 λόγον
3019 4790 3033 4805 ο
3068 4772 3279 4843 καρπὸς
3320 4772 3432 4843 γάρ
3469 4772 3666 4836 οὐσίας
3699 4773 3796 4840 τῆς

2211 4868 2507 4932 ἀνωτάτω,
2560 4868 2631 4922 τὰ
2684 4868 2830 4931 tam;
2888 4885 2947 4920 τε
2995 4868 3090 4921 καὶ
3128 4867 3331 4936 κυρίως
3361 4865 3798 4937 προσπεφυκότα

2211 4964 2372 5032 αὐτῇ.
2417 4961 2556 5014 Ἀλλ’
2600 4961 2716 5014 ἐστι
2744 4978 2860 5023 πως
2884 4960 3250 5028 δοκιμάζοντα
3276 4957 3536 5021 κατιδεῖν,
3569 4958 3654 5012 ὅτι
3686 4958 3797 5011 πᾶν

2213 5050 2354 5116 εἶδος
2389 5052 2590 5123 ἀρετῆς
2621 5052 2723 5122 τῆς
2759 5053 2980 5122 ἀγάπης
3018 5051 3134 5105 ἐστὶ
3175 5050 3659 5121 συμπληρωτικὸν,
3702 5051 3799 5104 καὶ

2215 5147 2321 5200 πᾶν
2353 5146 2490 5216 ὅπερ
2520 5144 2585 5198 ἂν
2617 5144 2800 5215 δοκοίη
2823 5161 2905 5207 τις
2926 5140 3067 5198 εἶναι
3098 5142 3531 5214 κατορθούμενον
3563 5141 3797 5209 ἀγαθὸν,

2211 5239 2292 5302 είς
2332 5236 2501 5307 αὐτὴν
2551 5237 2654 5306 ὁρᾷ
2700 5254 2816 5299 πως
2865 5237 2958 5291 καὶ
3013 5237 3334 5306 τέτραπται.
3370 5236 3469 5291 Διά
3498 5250 3582 5297 τοι
3634 5233 3799 5287 τοῦτ)

2213 5328 2529 5398 προῦχουσα
2560 5329 2659 5398 μὲν
2703 5327 2913 5399 ἐντολὴ,
2939 5328 3034 5383 καὶ
3075 5326 3271 5397 πρώτη
3303 5327 3446 5379 κατά
3478 5326 3570 5380 τὸν
3599 5323 3794 5394 νόμον,

2210 5419 2274 5472 τὸ
2306 5420 2528 5490 ἀγαπᾷν
2560 5420 2708 5475 ἐστιν
2753 5418 2958 5490 Κύριον
2997 5419 3089 5471 τὸν
3146 5418 3281 5471 Θεὸν
3312 5416 3372 5484 ἐξ
3405 5418 3534 5488 ὅλης
3561 5416 3662 5486 τῆς
3688 5415 3796 5484 ψυ-

2206 5512 2332 5582 χῆς,
2369 5512 2461 5565 καὶ
2488 5511 2551 5576 ἐξ
2576 5512 2705 5583 ὅλης
2736 5512 2837 5582 τῆς
2879 5511 3129 5582 καρδίας,
3178 5510 3273 5564 καὶ
3302 5510 3361 5576 ἐξ
3388 5509 3514 5580 ὅλης
3549 5504 3644 5575 τῆς
3676 5507 3794 5560 δια·

2207 5603 2387 5666 νοίας’
2420 5603 2672 5675 δευτέρα,
2705 5604 2797 5658 καὶ
2818 5602 3052 5681 ἀδελφὴ,
3090 5602 3186 5660 καὶ
3212 5601 3409 5671 γείτων
3440 5601 3621 5670 ἐκείνῃ
3653 5601 3688 5668 ἡ
3711 5598 3794 5663 εἰς
