4006 6422
264 370 381 426 185

1307 372 1374 427 ιΝ
1413 365 1702 426 JOANNIS
1752 362 2205 419 EVANGELIUM
2258 336 2386 418 LIB.
2427 362 2520 419 ιιι.

3441 366 3541 421 1⁸66

254 458 354 535 τὸν
406 480 643 554 πλησίον
672 480 863 554 ἀγάπη
898 482 1122 553 σύμπαν
1181 483 1383 557 ἔχουσα
1432 483 1528 538 τοῦ
1580 482 1746 552 νόμου
1794 477 1854 531 τὺ

1980 477 2104 548 mod
2136 478 2391 552 aliud/est
2414 477 2757 542 mandatum,
2789 477 2845 533 in
2880 475 2989 532 hoc
3014 477 3503 547 comprehenditur
3532 499 3547 537 :

254 573 567 646 πλήρωμα.
622 572 736 628 Καὶ
780 574 972 642 γοῦνὸ
1013 575 1301 639 θεσπέσιος
1340 576 1574 640 Παῦλος,
1608 575 1687 636 είς
1717 572 1851 626 ταύ-

253 681 362 733 την
392 664 976 737 συγκεφαλαιούμενος
1017 668 1238 723 ἃπασαν
1266 666 1489 738 ἐντολὴν
1523 664 1849 719 ἐπιστέλλει⁸

265 775 284 806 ι
320 755 399 808 Τὸ
432 755 548 827 γάρ
568 797 583 816 ,
617 756 694 811 Οὐ
724 756 1037 827 μοιχεύσεις
1062 797 1078 822 ,
1110 760 1185 811 Οὐ
1229 757 1512 827 φονεύσεις
1534 798 1550 823 ,
1586 757 1702 811 Οὐκ
1729 758 1852 810 ὲπι-

251 847 527 919 ορκήσεις
548 887 564 903 .
614 849 711 905 καὶ
744 851 796 909 εί
821 868 906 915 τις
937 852 1101 921 ἑτέρα
1136 851 1284 905 ἐστὶν
1327 850 1548 920 ἐντολὴ,
1592 852 1650 902 ὲν
1681 850 1855 920 τούτῳ

254 935 338 1004 τῷ
381 934 534 1006 λόγῳ
572 937 1105 1007 ἀνακεφαλαιοῦται,
1149 942 1208 995 ὲν
1245 940 1345 1011 τῷ,
1387 942 1719 1018 Ἀγαπήσεις
1764 940 1856 994 τὸν

261 1026 504 1096 πλησίον
552 1044 689 1096 σου,
736 1028 813 1095 ὡς
862 1031 1079 1089 ἑαυτόν.
1141 1032 1423 1102 Πλήρωμα
1469 1027 1563 1084 οὖν
1622 1031 1786 1101 νόμου
1820 1033 1857 1101 ἡ

259 1114 483 1187 ἀγάπη.
520 1136 541 1169 ι
583 1117 707 1171 Ὂτι
736 1118 794 1173 δὲ
825 1120 918 1175 καὶ
943 1121 1163 1191 ἀπάσης
1184 1121 1387 1192 ἀρετῆς
1421 1121 1567 1175 ἰδέαν
1589 1120 1722 1175 εἵσω
1747 1120 1858 1175 τῶν

260 1209 488 1263 οἰκείων
541 1209 687 1281 ὅρων
745 1212 1066 1282 ἐποιήσατο,
1107 1213 1324 1284 συνέχει
1361 1214 1419 1267 δὲ
1451 1212 1641 1284 ὥσπερ
1687 1214 1860 1282 ἀγκά-

261 1297 386 1360 λαις
412 1297 617 1352 ἑλοῦσα
643 1298 713 1352 τὰ
740 1298 944 1367 ἀγαθὰ,
982 1299 1190 1364 Παῦλος
1229 1301 1394 1355 πάλιν
1426 1301 1590 1369 αὐτὸς
1615 1302 1645 1354 6
1683 1298 1862 1368 σοφώ-

260 1404 431 1453 τατος
484 1390 933 1462 ἐπιμαρτυρήσει
992 1390 1133 1462 βοῶν
1162 1409 1173 1421 ·
1217 1411 1235 1445 ι
1284 1393 1348 1445 Ἦ
1382 1392 1570 1464 ἀγάπη
1619 1393 1678 1446 οὐ
1727 1409 1861 1462 περ·

264 1476 591 1551 περεύεται,
629 1479 692 1535 οῦ
726 1479 1051 1552 φυσιοῦται.
1089 1480 1191 1535 οὐκ
1233 1482 1570 1555 ἀσχημονεῖ,
1611 1483 1673 1541 οὐ
1706 1480 1863 1553 ζητεῖ

262 1570 335 1627 τά
384 1570 628 1646 ἑαυτῆς,
667 1590 684 1623 ι
732 1573 828 1629 καὶ
882 1573 953 1626 τὰ
1009 1573 1219 1638 τούτοις
1251 1577 1614 1647 συνημμένα·
1651 1576 1863 1648 μακρὸν

262 1661 599 1740 γὰρ-είπείν
629 1665 732 1734 τῆς
757 1664 985 1737 ἀγάπης
1013 1666 1075 1720 τὸ
1111 1667 1333 1738 μέτρον.
1372 1669 1584 1732 Ἀλλως
1620 1669 1682 1723 τὲ
1720 1687 1862 1740 φημι

262 1754 331 1825 δὴ
361 1738 610 1824 μάλιστα
637 1757 875 1828 πρέπειν
896 1776 955 1817 τε
990 1762 1086 1814 καὶ
1114 1762 1449 1832 ἐνυπάρχειν
1487 1765 1601 1825 τοῖς
1639 1738 1863 1833 ἀγαπᾷν

1960 588 1979 622 ι
2020 570 2223 641 Diliges
2292 570 2608 640 proximum
2666 577 2822 625 tuum
2884 571 3029 626 sicut
3068 569 3328 639 teipsum.
3375 570 3540 625 Com»

1953 663 2293 733 plementmn
2351 663 2541 734 itaque
2573 663 2712 733 legis
2755 670 2842 718 est
2894 662 3142 718 charitas
3196 663 3261 715 ".
3311 682 3329 713 ι
3387 661 3542 728 Quod

1954 764 2139 811 autem
2170 772 2335 811 omne
2370 757 2594 811 virtutis
2620 771 2807 829 genus,
2829 755 2973 810 intra
3005 771 3064 811 se
3090 755 3546 824 comprehendat,

1955 846 2253 915 omniaque
2312 845 2459 901 bona
2532 846 2649 902 suis
2707 844 3119 915 quodammodo
3179 845 3549 914 amplectatur

1967 936 2356 1000 ulnis,Paulus
2389 939 2506 1008 ipse
2535 938 2983 1008 sapientiSsimus
3014 952 3208 991 rursus
3234 937 3549 1003 testabitur,

1956 1031 2254 1089 clamans:
2299 1048 2317 1081 ι
2356 1029 2610 1086 Charitas
2642 1046 2754 1085 non
2798 1029 2912 1099 agit
2946 1044 3258 1098 perperam,
3306 1043 3418 1081 non
3466 1028 3548 1080 in-

1958 1120 2145 1186 ﬂatur,
2186 1138 2295 1179 non
2338 1131 2445 1181 est
2477 1122 2803 1187 ambitiosa,
2853 1136 2963 1177 non
3008 1122 3211 1190 quaerit
3270 1135 3394 1189 qum
3453 1133 3553 1174 sua

1961 1218 2115 1276 sunt,
2159 1230 2178 1262 ι
2211 1219 2269 1266 et
2300 1227 2425 1281 quae
2459 1223 2770 1280 sequuntur
2817 1211 2862 1241 ³⁷
2893 1229 2907 1264 :
2953 1210 3172 1280 longum
3223 1213 3369 1263 enim
3405 1217 3554 1263 esset

1962 1312 2171 1373 quanta
2212 1303 2286 1359 sit
2332 1303 2621 1361 charitatis
2675 1317 2931 1357 mensura
2986 1303 3238 1354 oratione.
3271 1298 3551 1369 persequi.

1960 1393 2233 1451 Caeterum
2264 1394 2563 1451 convenire
2592 1394 2837 1449 tuaxime
2887 1393 2954 1449 iis
2998 1391 3123 1446 dico
3165 1390 3260 1460 qui
3295 1390 3554 1443 omnibus
3643 1383 3658 1396 ’

1964 1481 2169 1549 ubique
2215 1491 2402 1552 patere
2435 1483 2629 1537 volunt
2677 1496 2736 1536 se
2773 1479 2983 1535 Christi
3038 1492 3162 1534 esse
3192 1476 3547 1542 discipulos.

1962 1574 2252 1629 cbaritatis
2296 1573 2458 1644 753
2494 1587 2701 1629 corona
2759 1570 3011 1642 gloriari,
3071 1584 3136 1622 ac
3184 1568 3335 1621 velut
3393 1565 3555 1621 istius

1963 1666 2046 1722 rei
2073 1667 2417 1737 signaculum
2466 1665 2743 1736 quoddam
2801 1662 3060 1734 praeferre
3115 1670 3361 1717 mutuam
3418 1657 3557 1711 dile-

1965 1758 2243 1815 ctionem:
2276 1771 2441 1826 quam
2476 1756 2547 1813 ob
2576 1770 2831 1816 causam,
2875 1752 3072 1824 paucis
3102 1751 3311 1820 aperio.
3357 1748 3556 1803 Nonne

265 1845 575 1917 ἑλομένοις,
605 1849 690 1903 ὃτι
717 1850 956 1922 Χριστοῦ
987 1853 1247 1922 γεγόνασι
1281 1854 1522 1925 μαθηταὶ
1551 1858 1663 1925 τοῖς
1686 1858 1866 1911 ἀπανο

1980 1849 2018 1905 si
2046 1849 2174 1919 quis
2200 1857 2450 1905 nostrum
2481 1855 2655 1901 artem
2692 1845 2946 1903 aerariam
2984 1842 3387 1900 auttextoriam
3425 1854 3556 1910 pro-

263 1938 471 2007 ταχόσε
520 1940 887 2011 γνωρίζεσθαι
914 1985 929 2009 ,
984 1945 1045 1996 τὸ
1097 1945 1177 2015 τῷ
1229 1947 1480 2018 στεφάνῳ
1515 1948 1615 2016 τῆς
1645 1949 1866 2020 ἀγάπης

270 2030 764 2105 ἒνπισεμνύνεσοαι,
811 2036 907 2088 καὶ
938 2036 1192 2109 καθάπερ
1222 2057 1274 2092 τι
1318 2041 1633 2113 σήμαντρον
1672 2043 1869 2112 ἐπι.φέ-

268 2120 470 2192 ρεσθαι
503 2120 600 2174 τοῦ
637 2123 970 2195 πράγματος
1002 2128 1105 2199 τὴν
1159 2129 1514 2201 φιλαλληλίαν
1534 2150 1546 2161 θ
1583 2132 1675 2185 τοῦ
1704 2132 1762 2187 δὲ
1803 2132 1869 2205 δὴ

268 2212 461 2283 χάριν,
497 2214 785 2272 καὶτοῦτο
820 2218 967 2288 μημὶ
995 2216 1119 2290 [γρ.
1159 2221 1431 2294 μηνύσω]
1469 2223 1865 2296 διὰ-βραχέων,

268 2301 427 2375 ’Ἆρα
452 2304 567 2376 γὰρ
595 2305 650 2359 εἴ
673 2324 761 2370 τις
786 2307 897 2361 τῶν
919 2310 1041 2367 καθ’
1067 2313 1215 2383 ἡμᾶς
1239 2313 1675 2386 χαλκουργικὴν,
1700 2318 1870 2386 ἤγουν

267 2395 373 2467 τὴν
406 2396 651 2469 ύφάντου
695 2399 860 2474 μετίῃ
884 2401 1115 2472 τέχνην,
1155 2404 1256 2457 οὐκ
1293 2404 1360 2461 ἂν
1387 2406 1596 2477 ὁρῷτο,
1638 2409 1733 2465 καὶ
1767 2410 1874 2479 μά-

273 2487 439 2543 λιστα
488 2488 716 2557 σαφῶς,
770 2491 847 2552 ὡς
898 2492 1245 2562 χαλκοτύπον
1301 2499 1447 2563 τινὸς
1472 2538 1487 2561 ,
1542 2501 1577 2570 ἢ
1633 2501 1872 2570 ὑφάντου

277 2579 474 2649 γέγονε
512 2579 807 2653 μαθητής;
838 2584 904 2640 Τί
945 2584 1003 2639 δὲ
1040 2587 1069 2640 6
1110 2589 1430 2660 τεκτονικῆς
1459 2593 1752 2664 ἐμπειρίας
1776 2596 1876 2650 οὐκ

276 2673 568 2747 ἀμοιρῶν;
606 2678 725 2730 Οὐκ
757 2671 867 2746 ἆρα
902 2677 1150 2749 βοήσειεν
1193 2680 1261 2736 ἂν
1297 2682 1386 2737 διά
1419 2684 1576 2738 τοῦτο
1613 2685 1876 2743 δύνασθαι

276 2764 591 2836 κατορθοῦν
620 2767 690 2821 τὰ
718 2767 777 2822 ὲν
824 2771 890 2839 τῇ
933 2768 1100 2843 τέχνῃ
1146 2771 1328 2836 καλῶς
1350 2814 1366 2839 ,
1398 2775 1481 2827 ὅτι
1511 2775 1739 2831 τέκτονα
1779 2778 1878 2849 τῆς

281 2857 585 2929 ἐμπειρίας
637 2857 761 2929 ἔσχε
809 2859 901 2914 τὸν
943 2861 1287 2933 ήγούμενον;
1341 2865 1501 2919 Κατά
1544 2867 1635 2921 τὸν
1692 2869 1875 2935 αὐτὸν,

279 2945 460 3020 οἶμαι.
500 2949 663 3020 λόγον
705 2952 755 3004 οἱ
784 2955 884 3023 τῆς
919 2952 1204 3023 θεοφιλοῦς
1232 2957 1453 3026 ἀγάπης
1490 2959 1879 3032 πληρουμένην

281 3043 339 3094 ὲν
374 3042 598 3105 ἑαυτοῖς
637 3042 735 3115 τὴν
759 3043 994 3116 δύναμιν
1020 3046 1258 3117 ἔχοντες,
1293 3049 1503 3104 ἀκονιτὶ
1528 3052 1877 3123 γνωριοῦσιν,

1971 1941 2214 2004 ﬁtentur,
2251 1942 2335 1997 vel
2370 1942 2499 1997 hinc
2522 1941 2761 1994 maxime
2791 1937 3056 2009 prodatur
3086 1936 3226 1989 labri
3268 1933 3554 2003 cujusdam

1968 2035 2149 2093 tmarii
2197 2041 2295 2091 aut
2331 2034 2566 2093 textoris
2618 2032 2793 2089 fuisse
2840 2027 3193 2099 discipulus?
3232 2025 3377 2095 Quid
3427 2038 3561 2079 vero

1972 2126 2188 2185 fabrilis
2237 2127 2373 2183 artis
2424 2125 2680 2194 peritus?
2718 2121 2909 2179 Nonne
2949 2120 3072 2175 ideo
3123 2135 3182 2175 sc
3237 2128 3409 2172 artem
3463 2131 3559 2186 ap-

1972 2221 2149 2290 prime
2172 2218 2622 2280 callere’dixerit.
2650 2217 2781 2286 quia
2815 2214 2973 2271 labro
2999 2228 3135 2269 usus
3166 2211 3239 2265 sit
3264 2208 3564 2277 magistro?

1972 2313 2205 2377 Eodem,
2246 2313 2468 2382 opinor,
2510 2310 2674 2365 modo
2730 2310 2823 2378 qui
2879 2306 3172 2363 charitatis
3209 2319 3336 2374 erga
3392 2303 3561 2358 Duum

1973 2406 2191 2477 plenam
2244 2407 2300 2461 in
2350 2403 2552 2472 selpsis
2582 2402 2692 2461 vim
2744 2400 2976 2461 habent.
3027 2398 3182 2452 nullo
3216 2394 3435 2465 negotio
3463 2409 3566 2445 co-

1977 2499 2351 2572 gnoscendum
2376 2496 2698 2567 praebebunt
2712 2510 2779 2549 se
2794 2492 3089 2549 charitatis
3102 2488 3379 2546 exstitisse
3400 2485 3568 2543 disci-

1978 2595 2161 2664 pulos,
2195 2593 2311 2648 sive
2347 2589 2581 2651 Christi,
2614 2588 2706 2657 qui
2741 2585 3199 2657 perfectissimam
3251 2582 3304 2634 in
3344 2595 3404 2633 se
3432 2578 3567 2631 cha-

1977 2686 2197 2742 rltatcm
2238 2681 2504 2737 continet.
2549 2680 2638 2733 Sic
2672 2679 2818 2735 enim
2853 2677 3044 2730 dilexit
3078 2672 3367 2729 mundum.
3413 2680 3471 2723 ut
3513 2676 3569 2723 et

1980 2776 2157 2846 ipsum
2202 2790 2302 2844 pro
2336 2788 2404 2829 eo
2451 2774 2692 2826 animam
2752 2768 2999 2840 posuerit
3035 2767 3112 2830 ’⁸,
3145 2774 3197 2819 ct
3232 2762 3448 2817 Judaici
3484 2760 3566 2814 lu-

1981 2869 2126 2927 roris
2171 2865 2571 2923 immanitatem
2620 2861 2927 2932 pertulerit.
2980 2858 3137 2924 Quod
3178 2858 3296 2927 ipse
3340 2853 3567 2924 quidem

1982 2959 2280 3017 testabitur
2309 2957 2376 3015 ad
2414 2955 2718 3025 discipulos
2749 2968 2903 3014 suos.
2950 2951 3182 3007 dicens:
3227 2967 3246 2998 ‹
3283 2947 3420 3013 Quia
3449 2959 3570 3000 ma-

1979 3054 2159 3124 jorem
2195 3052 2301 3113 hac
2323 3050 2596 3107 charitate
2636 3061 2799 3103 nemo
2827 3045 3016 3106 habet,
3047 3050 3105 3097 ut
3142 3040 3382 3094 animam
3414 3052 3570 3093 suam

282 3135 364 3237 δτι
390 3132 501 3204 τῆς
535 3132 762 3237 ἀγάπης
789 3137 1054 3237 γεγόνασί
1089 3137 1353 3213 μαθηταὶ,
1385 3141 1505 3212 ἤτοι
1543 3142 1639 3195 τοῦ
1666 3143 1763 3215 τὴν
1799 3146 1878 3208 είς

1988 3151 2157 3215 ponat
2186 3142 2313 3212 quis
2353 3155 2455 3211 pro
2482 3139 2678 3197 amicis
2724 3137 2843 3192 suis
2890 3136 2959 3195 ’°.
3004 3153 3023 3187 ι
3070 3132 3208 3188 Cum
3250 3130 3397 3191 enim
3429 3127 3575 3183 Deus

280 3223 466 3299 ἄκραν
527 3226 754 3297 ἀγάπην
817 3227 1034 3301 ἔχοντος
1104 3232 1366 3302 Χριστοῦ.
1429 3233 1710 3304 Ἠγάπησε
1771 3235 1881 3308 γὰρ

282 3312 434 3367 οῦτω
473 3314 569 3367 τὸν
609 3315 837 3385 κόσμον,
866 3316 943 3380 ὡς
987 3322 1082 3373 καὶ
1127 3319 1297 3389 αὐτὴν
1332 3322 1471 3391 ὑπὲρ
1503 3323 1666 3377 αὐτοῦ
1712 3342 1884 3379 κατα-

286 3406 466 3460 θεῖναι
498 3406 603 3478 τὴν
631 3406 844 3480 ψυχὴν,
882 3410 976 3463 καὶ
1020 3410 1130 3465 τῶν
1165 3412 1476 3467 Ἰουδαϊκῶν
1514 3415 1883 3488 τολμημάτων

284 3500 589 3571 ὑπομεῖναι
645 3500 746 3567 τὴν
794 3502 1119 3574 ἀγριότητα.
1154 3506 1265 3558 Καὶ
1314 3509 1661 3579 μαρτυρήσει
1710 3509 1884 3578 λέγων

287 3593 455 3656 αὐτὸς
502 3592 645 3664 πρὸς
688 3594 817 3656 τοὺς
860 3594 1056 3649 ἑαυτοῦ
1110 3597 1361 3669 μαθητὰς
1386 3636 1403 3663 ,
1455 3600 1536 3653 ὅτι
1585 3619 1604 3652 ι
1645 3601 1887 3666 Μείζονα

283 3687 500 3756 ταύτης
526 3685 631 3765 τῆς
656 3687 882 3758 ἀγάπης
912 3687 1089 3754 οὐδεὶς
1129 3688 1244 3760 ἔχει
1266 3729 1281 3754 ,
1327 3690 1416 3746 ἵνα
1453 3708 1540 3755 τις
1567 3692 1665 3762 τὴν
1708 3692 1886 3764 ψυχὴν

286 3778 462 3833 αὐτοῦ
500 3779 571 3849 θῇ
612 3778 756 3848 ὑπὲρ
797 3779 907 3839 τῶν
948 3780 1118 3848 φίλων
1168 3782 1357 3839 αὐτοῦ.
1394 3802 1413 3834 ι
1465 3784 1686 3857 Ἐπειδὴ
1718 3785 1828 3861 γὰρ
1857 3787 1887 3840 6

287 3870 428 3934 Θεὸς
455 3870 652 3942 ἀγάπη
679 3871 820 3937 ἐστὶ,
846 3870 988 3925 κατὰ
1012 3871 1114 3942 τὴν
1156 3873 1406 3928 Ἰωάννου
1429 3876 1634 3945 φωνὴν,
1665 3878 1888 3949 ἀγάπης

288 3962 371 4016 ὢν
426 3962 597 4027 Υἱὸς,
650 3960 796 4015 τοῦτ’
859 3961 975 4016 ἔστι
1033 3962 1130 4017 τοῦ
1173 3966 1316 4019 κατά
1362 3966 1525 4035 φύσιν
1572 3968 1742 4031 Θεοῦ,
1794 3972 1890 4027 καὶ

293 4054 487 4125 μόνον,
512 4054 611 4107 καὶ
632 4052 915 4124 ἀληθινοῦ,
951 4054 1143 4128 ἀγάπη
1174 4058 1270 4111 καὶ
1289 4058 1453 4122 αὐτὸς
1484 4060 1887 4130 ἀναπέφανται,

286 4147 351 4200 οὐ
404 4146 594 4215 λόγοις
645 4143 1024 4218 ἐξησκημένον
1073 4149 1168 4203 καὶ
1217 4149 1307 4203 διὰ
1355 4151 1619 4221 ῥημάτιον
1674 4154 1890 4224 κόμπου

288 4235 805 4307 λελαμπρυσμὲνον
832 4234 972 4306 ἔχων
996 4238 1057 4290 τὸ
1077 4237 1314 4309 ἀξίωμα,
1342 4238 1456 4293 ἀλλ’
1480 4238 1662 4311 ἔργοις
1683 4241 1888 4306 αὐτοῖς,

290 4328 388 4381 καὶ
420 4329 723 4399 πράγμασι
747 4369 764 4392 ,
808 4329 1026 4400 καρπὸν
1072 4329 1206 4385 ὄντα
1249 4331 1348 4401 τῆς
1378 4332 1473 4385 τοῦ
1511 4334 1763 4398 τεκόντος
1808 4336 1892 4387 οὐ.

292 4421 421 4483 σίας
476 4420 674 4473 ἑαυτὸν
744 4421 1040 4491 ἐπιδείξας.
1103 4421 1419 4493 Οἰησόμεθα
1473 4422 1583 4493 γάρ
1637 4424 1891 4496 οὐδαμῶς

288 4510 561 4582 δεκτικὴν
610 4506 752 4565 εἶναι
798 4511 910 4564 τῶν
958 4512 1181 4580 ἀγαθῶν
1234 4513 1334 4583 τὴν
1382 4515 1646 4570 ἀνωτάτω
1700 4518 1894 4571 πασῶν

287 4603 528 4671 οὐσίαν,
572 4603 690 4657 ἀλλ’
725 4603 847 4656 οὐδὲ
892 4603 1190 4673 ἐπίκτητον
1233 4603 1468 4675 ἐροῦμεν
1513 4608 1570 4658 ἐν
1620 4606 1894 4678 atriis-tv

291 4694 568 4748 ἁπάντων
598 4693 712 4747 τῶν
757 4692 979 4762 ἀγαθῶν
1023 4692 1187 4758 ἰδέαν,
1222 4694 1477 4765 καθάπερ
1504 4698 1562 4751 ἐν
1594 4697 1747 4767 ἡμῖν,
1778 4697 1894 4750 ἀλλ’

291 4784 420 4840 οὐδὲ
446 4782 525 4846 ὥς
558 4799 613 4837 τι
642 4782 805 4853 τυχὸν
842 4781 1034 4853 ἕτερον
1063 4783 1120 4835 ἐν
1146 4783 1318 4854 ἑτέρῳ
1350 4785 1664 4857 νοούμενον,
1703 4784 1895 4858 ὥσπερ

291 4872 391 4931 οὖν
427 4877 490 4931 ἐν
519 4873 798 4946 ἀνθρώπῳ
839 4874 975 4947 φαίη
1010 4892 1093 4938 τις
1125 4874 1192 4929 ἂν
1234 4877 1331 4947 τήν
1363 4894 1508 4940 τινος
1559 4880 1891 4951 ἐπιστήμην.

296 4970 372 5026 Οὐ
402 4968 517 5039 γὰρ
545 4967 834 5038 ἐπιστήμη
870 4967 995 5021 καθ’
1023 4969 1218 5025 ἑαυτὸν
1251 4970 1280 5021 ὀ
1315 4968 1634 5040 ἄνθρωπος,
1667 4972 1895 5043 ἐπιστή-

298 5077 413 5130 μης
438 5057 501 5112 δὲ
530 5058 738 5130 μᾶλλον
768 5058 1017 5122 δεκτικὸς
1036 5077 1050 5091 '
1099 5060 1217 5114 ἀλλ’
1265 5061 1399 5115 αὐτὸ
1441 5062 1503 5115 τὸ
1536 5064 1644 5116 πᾶν
1671 5065 1897 5132 ἀγαθὸν,

294 5151 441 5210 ὅπερ
479 5148 550 5203 ἂν
592 5144 734 5203 εἶναι
761 5148 1115 5220 πιστεύηται,
1139 5149 1297 5204 τοῦτο
1326 5151 1531 5223 κυρίως
1557 5152 1726 5222 αὐτὴν
1760 5150 1899 5209 εἷναί

299 5256 490 5311 φαμεν
523 5238 624 5311 τὴν
656 5239 808 5295 θείαν
847 5241 944 5295 καὶ
977 5240 1218 5311 ἄρῥητον
1265 5240 1449 5311 φύσιν,
1489 5244 1675 5315 πηγὴν
1705 5244 1897 5318 ὥσπερ

295 5330 425 5384 τινὰ
472 5330 581 5385 πᾶν
630 5327 772 5393 εἶδος
816 5330 1024 5408 ἀρετῆς
1068 5328 1298 5402 ἔχουσαν
1337 5333 1396 5385 ὲν
1435 5334 1640 5407 ἑαυτῇ,
1697 5336 1793 5392 καὶ
1837 5337 1899 5402 ἐξ

299 5425 513 5493 ἑαυτῆς
539 5423 975 5488 ἀναδλύζουσαν.
1010 5423 1374 5492 Εὐλογώτατα
1401 5427 1582 5482 τοίνυν
1608 5430 1771 5494 αὐτός
1790 5449 1898 5505 περ

300 5514 464 5569 ἔσται
492 5514 597 5585 τῆς
620 5514 847 5586 ἀγάπης
870 5517 898 5569 6
928 5516 1361 5588 καρπὸς,ἀγάπη
1398 5520 1492 5574 καὶ
1525 5522 1689 5586 αὐτὸς
1721 5524 1900 5596 ὑπάρ-

301 5624 440 5676 χων,
477 5605 622 5660 κατά
650 5606 743 5661 τὸν
772 5606 834 5670 ἐξ
859 5599 1032 5679 οὗπέρ
1058 5609 1174 5662 ἐστι
1212 5609 1425 5681 Πατρὸς
1448 5613 1477 5663 ὁ
1508 5614 1653 5681 Υἱὸς,
1681 5616 1768 5671 διά
1798 5618 1899 5689 τῆς

372 5721 431 5791 εξ
466 5720 631 5776 Rom,
666 5736 799 5781 xm.
834 5721 1007 5785 9,10.
1088 5722 1131 5753 ⁸⁷
1174 5722 1345 5777 lCor.
1383 5740 1522 5787 xm,
1558 5727 1620 5791 4,
1657 5729 1710 5783 5.

303 5792 345 5826 ²¹
389 5790 602 5867 Ephes.
655 5807 727 5856 ιι,
765 5793 953 5847 14-18.

1789 5730 1833 5764 ³⁸
1875 5729 2083 5785 lJoan.
2128 5744 2219 5791 ιν,
2253 5726 2339 5779 16.
2417 5727 2460 5756 ε’
2514 5721 2676 5775 Joan.
2738 5733 2827 5783 xv,
2873 5715 2959 5769 15.

1988 3238 2062 3296 sit
2094 3235 2360 3295 Charitas.
2394 3232 2564 3317 juxta
2605 3230 2839 3289 Joannis
2869 3242 3059 3283 vocem
3108 3225 3188 3289 ³ο,
3234 3221 3438 3292 quippe
3480 3218 3575 3288 qui

1987 3329 2061 3385 sit
2090 3298 2534 3387 charitatisjhoc
2558 3329 2665 3388 est,
2701 3321 2973 3381 naturalis
2999 3327 3052 3374 et
3081 3317 3227 3371 unici
3260 3329 3324 3368 ac
3346 3313 3459 3368 veri
3481 3311 3575 3367 Dei
3603 3298 3610 3308 ’

1988 3414 2184 3483 Filius,
2206 3416 2451 3477 charitas
2471 3415 2637 3475 etiam
2675 3413 2793 3483 ipse
2829 3409 3126 3473 manifesto
3151 3415 3255 3471 est,
3287 3421 3397 3461 non
3423 3418 3578 3474 pom-

1986 3525 2056 3581 pa
2092 3509 2387 3567 verborum
2428 3506 2789 3575 conspicuam
2831 3502 3039 3561 habens
3097 3500 3440 3571 dignitatem,
3482 3497 3579 3551 sed

1986 3601 2249 3672 operibus
2264 3600 2401 3670 ipsis
2411 3613 2477 3657 ac
2493 3599 2656 3653 rebus
2669 3595 2911 3665 seipsum
2930 3593 3170 3648 fructum
3187 3606 3314 3649 esse
3327 3589 3580 3645 substan-
3660 3652 3675 3666 .

1989 3696 2081 3753 tiae
2109 3693 2291 3751 Patris
2320 3687 2648 3751 ostendens.
2667 3688 3028 3758 Nequaquam
3056 3684 3201 3747 enim
3229 3681 3578 3739 censebimus

1992 3798 2309 3857 supremam
2360 3783 2512 3842 illam
2577 3779 2823 3845 omnium
2877 3776 3246 3835 substantiam
3304 3772 3576 3828 bonorum

1991 3892 2115 3934 esse
2142 3887 2425 3945 capacem.
2453 3869 2547 3929 sed
2584 3886 2688 3925 nec
2713 3867 3076 3929 adventitium
3099 3864 3147 3919 ei
3174 3876 3298 3917 esse
3327 3861 3580 3917 dicemus

1990 3966 2244 4020 omnium
2282 3961 2773 4027 bonorumgenus,
2810 3956 2956 4011 sicut
2982 3954 3038 4023 in
3063 3951 3246 4014 nobis,
3281 3964 3382 4005 nec
3415 3956 3475 4003 ut
3495 3947 3581 4007 di-

1991 4071 2216 4112 versum
2260 4052 2542 4125 quidpiam
2595 4051 2650 4104 in
2694 4048 2803 4103 alio
2830 4044 3071 4109 censeri,
3108 4042 3577 4115 quemadmodum

1994 4144 2302 4203 inhomine
2353 4142 2641 4198 scientiam
2675 4137 2906 4193 dixeris.
2956 4134 3069 4191 Nec
3101 4136 3250 4190 enim
3282 4133 3447 4187 homo
3484 4146 3582 4203 per

1996 4254 2056 4295 se
2107 4245 2193 4294 est
2244 4234 2495 4299 scientia,
2547 4232 2643 4289 sed
2692 4229 2940 4295 scientia:
2981 4228 3166 4297 potius
3209 4240 3424 4295 capax:
3483 4223 3579 4279 sed

1995 4330 2371 4401 quodcunque
2399 4326 2607 4381 bonum
2641 4329 2896 4378 censetur
2945 4320 3125 4389 ipsum
3175 4318 3398 4387 proprie
3440 4316 3581 4371 divi-
3642 4352 3649 4357 .

1995 4435 2122 4475 nam
2155 4427 2209 4475 et
2240 4416 2567 4497 ineffabilem
2617 4423 2868 4467 naturam
2910 4425 3035 4465 esse
3080 4408 3336 4473 dicimus,
3372 4408 3579 4463 fontem

1929 4521 1971 4575 D
2003 4513 2167 4569 veluti
2200 4511 2492 4582 quemdam
2531 4521 2693 4561 omne
2723 4518 2897 4573 genus
2934 4500 3152 4554 virtutis
3187 4499 3241 4551 in
3270 4499 3451 4569 seipsa
3480 4497 3580 4551 ha-

2001 4606 2242 4667 bentem,
2282 4610 2337 4657 et
2369 4617 2436 4655 ex
2472 4600 2654 4668 seipsa
2685 4593 3080 4649 eﬂundentem.
3121 4589 3254 4645 Jure
3285 4589 3469 4661 itaque
3501 4587 3587 4656 ip-

1998 4704 2172 4752 semet
2200 4695 2308 4752 erit
2338 4690 2626 4748 charitatis
2657 4688 2893 4747 fructus.
2934 4693 2989 4741 et
3019 4700 3142 4738 cum
3174 4683 3247 4738 sit
3278 4681 3442 4739 etiam
3466 4679 3585 4750 ipse

2001 4785 2272 4848 charitas,
2302 4781 2466 4837 sicuti
2499 4779 2663 4834 Pater
2688 4794 2754 4835 ex
2778 4793 2888 4848 quo
2908 4784 2992 4832 est
3020 4773 3220 4836 Filius,
3254 4772 3461 4829 nostris
3489 4785 3585 4842 per

2001 4879 2330 4936 charitatem
2372 4874 2572 4929 animis
2618 4870 2972 4942 insignietur,
3018 4876 3073 4922 et
3117 4875 3361 4920 mutuam
3403 4862 3587 4921 chari-

2002 4981 2169 5029 tatem
2206 4968 2490 5025 mordicus
2516 4964 2798 5039 amplecti,
2829 4958 3246 5031 coniunctionis
3273 4964 3327 5013 et
3352 4955 3586 5013 familia-

1997 5065 2181 5123 ritatis
2209 5078 2334 5118 cum
2365 5061 2488 5130 ipso
2518 5069 2681 5115 notas
2711 5056 2870 5111 honis
2905 5050 3193 5124 imprimit.
3239 5047 3482 5118 Alioqui.
3514 5047 3586 5108 si,

1994 5159 2154 5228 juxta
2179 5155 2335 5211 Pauli
2364 5167 2557 5208 vocem
2593 5152 2637 5183 ³⁸
2665 5190 2681 5216 ,
2717 5164 2823 5220 pax
2866 5154 3059 5203 nostra
3093 5143 3347 5201 Christus
3378 5149 3464 5197 cst
3506 5140 3584 5208 (in

2004 5251 2126 5321 ipso
2147 5249 2294 5305 enim
2328 5245 2592 5301 inferiora
2619 5239 3004 5312 superioribus
3026 5236 3319 5305 conjuncta
3348 5238 3501 5293 sunt,
3530 5237 3586 5285 et

2005 5357 2104 5413 per
2136 5340 2317 5410 ipsum
2342 5334 2685 5403 reconciliati
2722 5345 2915 5387 sumus
2954 5328 3066 5385 Deo
3095 5342 3159 5380 ac
3185 5323 3355 5382 Patri.
3390 5336 3584 5395 quame

2008 5435 2091 5489 vis
2123 5432 2286 5487 initio
2313 5430 2547 5485 multum
2572 5427 2779 5493 dissiti,
2803 5422 3165 5479 conversione
3199 5416 3265 5470 ad
3301 5414 3505 5467 malum
3530 5420 3587 5466 et

2008 5526 2061 5580 in
2095 5521 2261 5594 755.
2284 5522 2425 5578 duos
2450 5520 2683 5591 populos
2705 5518 2834 5571 olim
2863 5512 3047 5571 divisi.
3083 5519 3271 5581 gentes
3302 5504 3586 5565 nimirum,

2004 5628 2061 5674 et
2108 5616 2412 5680 lsraelitas,
2464 5613 2517 5667 in
2553 5626 2726 5666 unum
2775 5621 2977 5662 novum
3020 5601 3294 5655 hominem
3330 5594 3587 5653 aediﬁcati

3038 5714 3081 5743 ³ο
3134 5710 3151 5764 l
3198 5708 3458 5774 Joan.tv,
3502 5707 3579 5765 l6-
