4006 6428
482 381 583 437 ιθτ

1485 373 1546 429 S.
1587 368 1868 426 CYRlLLl
1913 361 2383 421 ALEXANDRINI
2416 361 2736 419 ARCHIEP.

3651 362 3745 419 168

478 507 673 550 sumus
710 493 765 550 in
811 491 934 561 ipso
967 509 980 545 :
1021 490 1202 546 soluta
1253 503 1339 545 est
1382 489 1528 545 enim
1580 489 1842 551 maceria,
1878 494 1933 540 et
1961 484 2059 538 de-

2168 481 2387 551 άγάπης
2430 481 2666 552 μάλιστα
2711 482 2830 542 ταῖς
2878 479 3176 560 ἡμετέραις
3225 475 3428 546 ψυχαῖς
3478 457 3750 544 ὲνσημανί

479 591 688 637 structa
726 594 808 634 est
843 579 1148 633 inimicitiae
1180 579 1262 634 vis
1294 579 1566 648 dogmatis
1592 576 1946 647 evangelicis,
1984 573 2064 626 si-

484 675 656 727 lenuo
689 672 791 742 legi
827 670 1133 740 imposito),
1167 670 1444 740 quomodo
1489 668 1754 739 cognosci
1794 667 2065 736 potuisset

477 780 573 819 eos
607 779 729 818 esse
759 763 911 831 pacis
943 762 1271 829 discipulos,
1309 760 1354 814 si
1392 774 1580 827 pacem
1624 766 1873 811 mutuam
1923 756 2068 808 inter

478 871 538 908 se
565 869 670 908 non
702 851 1003 906 haberent?
1029 850 1170 916 Quid
1204 851 1349 904 enim
1385 848 1554 910 aliud,
1577 861 1788 917 quaeso,
1815 855 1899 900 est
1931 847 2067 898 cha-

481 945 657 998 ritatis
695 941 1022 1010 disjunctio,
1065 953 1227 1007 quam
1263 940 1419 1010 origo
1459 939 1609 1002 belli,
1646 939 1800 1008 pacis
1825 936 2064 999 eversio,

477 1045 531 1090 et
565 1035 730 1088 animi
759 1031 1090 1100 duplicitas‘l
1124 1027 1599 1095 Quemadmodum
1631 1029 1776 1082 enim
1809 1028 1865 1081 in
1905 1026 2066 1080 firmo

475 1125 766 1180 cbaritatis
801 1121 1022 1175 vinculo
1061 1121 1216 1190 pacis
1259 1120 1398 1173 bona
1442 1119 1604 1174 nobis
1633 1125 2065 1178 conservantur,

476 1217 576 1281 sic,
620 1217 838 1285 opinor,
889 1215 1018 1268 dum
1067 1212 1312 1265 Charitas
1345 1212 1703 1276 rescinditur,
1741 1210 1870 1264 belli
1925 1209 2065 1262 mala

375 1373 391 1387 .
474 1309 732 1362 subeunt.
775 1305 840 1358 Et
878 1305 1010 1375 quid
1040 1314 1155 1359 tum
1193 1304 1355 1358 inde?
1390 1303 1628 1371 Injurize,
1655 1302 2067 1365 contentiones,

473 1399 869 1460 aemulationes,
897 1398 1015 1455 irae.
1053 1397 1290 1456 furores,
1323 1395 1718 1456 detractiones,
1748 1393 2064 1457 maledicta,

472 1494 527 1538 et
593 1485 849 1547 invidim,
904 1486 1088 1537 omnia
1141 1485 1381 1553 denique
1444 1483 1813 1553 improbitatis
1867 1497 2066 1553 genera

473 1578 748 1630 oriuntur.
777 1577 911 1629 Cum
936 1577 1122 1645 itaque
1141 1576 1316 1630 virtus
1334 1575 1514 1629 omnis
1534 1576 1587 1628 in
1603 1575 1870 1629 cbaritate
1887 1575 2069 1627 conti-

473 1678 672 1722 neatur
702 1668 1129 1738 impleaturque,
1165 1681 1324 1722 nemo
1367 1675 1615 1720 nostrum
1646 1667 1754 1721 cibi
1795 1667 2071 1720 abstinen-

473 1762 569 1824 tia,
595 1769 686 1812 aut
713 1761 860 1828 quod
897 1760 1047 1812 humi
1084 1760 1270 1822 cubet,
1296 1767 1390 1811 aut
1421 1759 1546 1812 aliis
1577 1757 1871 1813 laboriosis
1895 1758 2068 1828 pieta-

2170 575 2415 646 θήσεται,
2459 575 2554 626 καὶ
2593 574 2692 642 τῆς
2735 571 3066 640 οἰκειότητος
3090 569 3190 640 τῆς
3223 569 3380 647 πρδςρ
3402 568 3564 621 αὐτον
3588 567 3751 636 ἐγχα-

2170 667 2356 736 ράττει
2379 667 2490 726 τοῖς
2517 664 2742 732 ἀγαθοῖς
2766 663 2836 714 τά
2851 660 3230 731 γνωρίσματα,
3253 660 3314 712 τὸ
3335 659 3505 729 ἀπρὶξ
3529 655 3752 728 ἔχεσθαι

2168 757 2270 827 τῆς
2299 755 2676 826 φιλαλληλίας.
2713 753 2926 814 Ἀλλως
2951 769 3034 817 τε,
3070 753 3141 814 εἰ,
3172 751 3314 804 κατά
3348 750 3447 821 τὴν
3473 749 3565 801 τοῦ
3601 748 3753 802 [lad-

2169 847 2262 902 λοῦ
2292 847 2498 918 φωνὴν,
2535 848 2563 898 ό
2588 845 2822 917 Χριστός
2845 844 3048 914 ὲστινή
3082 843 3273 914 εἰρήνη
3296 842 3456 912 ἡμῶν
3492 840 3571 912 (ὲν
3602 839 3754 909 αὐτῷ

2168 939 2278 1010 γάρ
2315 938 2559 1010 συνήφθη
2589 937 2658 990 τά
2687 937 2840 991 κάτω
2867 939 2981 998 τοῖς
3025 936 3161 999 ἀνω,
3196 936 3293 987 καὶ
3329 935 3396 986 δι’
3429 933 3593 986 αὐτοῦ
3623 949 3756 985 κατ-

2169 1032 2486 1103 ηλλάγημεν
2524 1029 2603 1100 τῷ
2643 1028 2764 1099 Θεῷ
2803 1028 2898 1082 καὶ
2953 1028 3159 1098 Πατρὶ,
3206 1025 3384 1078 καίτοι
3434 1023 3638 1093 πολλὴν
3695 1025 3756 1075 έν

2169 1123 2367 1193 ἀρχαῖς
2411 1119 2864 1190 ἐπιτηδεύσαντες
2893 1118 2992 1188 τὴν
3033 1117 3369 1180 ἀπόστασιν,
3410 1115 3498 1168 διά
3529 1117 3628 1185 τὴν
3671 1117 3758 1176 εἰς

2169 1215 2229 1268 τὸ
2255 1213 2458 1282 φαῦλον
2482 1211 2820 1282 ἀποδρομὴν,
2849 1211 2944 1263 καὶ
2973 1210 3054 1272 εἰς
3075 1208 3170 1262 δύο
3201 1208 3330 1261 ποτὲ
3357 1207 3755 1278 μεμερισμένοι

2168 1307 2354 1370 λαοὺς,
2395 1305 2477 1369 εἷς
2507 1322 2564 1358 τε
2593 1304 2662 1358 τά
2695 1303 2844 1373 ἔθνη,
2874 1303 2969 1355 καὶ
2990 1302 3082 1354 τὸν
3122 1299 3361 1371 Ἰσραὴλ,
3391 1301 3471 1363 εἰς
3491 1300 3586 1352 ἕνα
3623 1316 3745 1352 και-

2171 1399 2260 1453 νὸν
2307 1397 2595 1468 ἄνθρωπον
2624 1393 2954 1464 ὲκτίσθημεν
2992 1394 3050 1445 ὲν
3082 1390 3261 1461 αὐτῷ’
3298 1389 3515 1442 λέλυται
3544 1387 3653 1459 γὰρ
3691 1387 3759 1439 τὸ

2174 1494 2484 1564 μεσότοιχον
2543 1488 2638 1543 τοῦ
2709 1485 3002 1558 φραγμοῦ,
3080 1484 3176 1538 καλ⁸
3233 1483 3578 1552 κατήργηται
3651 1480 3758 1550 τῆς

2170 1582 2369 1655 ἔχθρας
2412 1583 2445 1651 ἡ
2477 1579 2727 1650 δύναμις,
2761 1577 3028 1648 δόγμασιν
3074 1574 3489 1643 εὐαγγελικοίς,
3523 1587 3758 1624 κατασι-

2169 1672 2462 1742 γασθέντος
2491 1671 2587 1724 τοῦ
2620 1667 2846 1740 νόμου),
2893 1669 3013 1730 πῶς
3046 1666 3112 1719 ἂν
3145 1663 3497 1733 ἐγνώσθησαν
3535 1662 3617 1715 ὅτι
3653 1662 3757 1730 τῆς

2171 1768 2394 1838 εἰρήνης
2423 1765 2680 1833 γεγόνασι
2714 1761 2956 1834 μαθηταὶ
2997 1757 3094 1830 τὴν
3125 1759 3206 1820 εἰς
3233 1757 3494 1829 ἀλλήλους
3525 1756 3758 1826 εἰρήνην

477 1853 548 1903 tis
575 1852 1072 1906 exercitationibus
1109 1851 1379 1920 glorietur
1400 1889 1414 1912 ,
1444 1849 1548 1903 uisi
1589 1849 1912 1903 charitatem
1941 1863 2064 1918 erga

2173 1860 2273 1912 οὐκ
2305 1857 2546 1927 ἔχοντες
2578 1855 2644 1908 Τί
2673 1855 2782 1924 γὰρ
2814 1854 3002 1923 ἕτερον
3034 1852 3118 1922 εἴη
3150 1850 3311 1920 τυχὸν
3348 1850 3376 1902 ό
3401 1849 3500 1918 τῆς
3529 1848 3758 1917 ἀγάπης

473 1941 698 1996 fratrem
733 1954 879 1996 recte
911 1950 1151 1996 tueatur.
1203 1939 1370 1993 Extra
1404 1949 1564 1995 meta:
1601 1939 1802 1994 flexum
1837 1940 2065 2010 perinde

470 2050 537 2088 ac
586 2035 875 2103 imperitus
907 2035 1098 2104 auriga
1131 2034 1307 2087 fertur
1359 2041 1412 2085 et
1449 2033 1836 2103 gubernatoris
1891 2033 2066 2087 instar

473 2124 716 2186 aberrat,
747 2125 840 2194 qui
871 2127 1028 2180 navis
1054 2125 1274 2194 quidem
1302 2124 1520 2178 clavum
1553 2133 1723 2186 tenet,
1747 2123 1842 2178 sed
1866 2138 2065 2193 propo-

473 2217 639 2271 situm
675 2218 1047 2288 navigationis
1082 2232 1310 2286 scopum
1337 2232 1449 2286 praa
1475 2217 1694 2271 inscitia
1719 2231 1826 2271 non
1855 2224 2060 2271 servat.

470 2308 742 2375 Quocirca
769 2320 823 2363 et
852 2309 945 2378 qui
978 2324 1148 2364 ausus
1180 2316 1265 2362 est
1293 2309 1478 2362 dicere
1504 2327 1516 2362 :
1559 2327 1576 2359 ι
1603 2307 1686 2362 Αη
1719 2308 2065 2378 experimen-

473 2406 589 2451 tum
618 2401 864 2468 quaeritis
897 2400 1017 2468 ejus
1051 2399 1144 2469 qui
1186 2399 1239 2452 in
1283 2413 1370 2452 me
1405 2399 1648 2468 loquitur
1677 2399 1885 2454 Christi
1925 2399 2006 2451 “1'
2039 2417 2058 2450 ι

471 2489 717 2556 divinus,
758 2493 1004 2560 inquam,
1035 2492 1125 2545 ille
1150 2491 1380 2554 Paulus,
1409 2505 1516 2543 non
1561 2490 1890 2561 simpliciter
1917 2490 2062 2561 quod

473 2591 805 2649 sectaretur,
848 2587 944 2640 sed
973 2584 1121 2655 quod
1155 2582 1210 2637 id
1256 2582 1511 2638 faciendo
1543 2593 1693 2639 recta
1735 2585 1802 2638 ad
1833 2601 2062 2655 scopum

471 2675 744 2740 tenderet,
775 2678 1124 2748 gloriabatur
1171 2678 1238 2733 ³³.
1289 2678 1530 2733 Labores
1568 2679 1774 2747 quippe
1813 2678 2065 2747 corporis

472 2766 772 2834 venditare,
817 2769 947 2823 dum
985 2769 1204 2824 interim
1240 2770 1537 2840 prmeipuis
1568 2779 1621 2824 et
1658 2769 1835 2840 magis
1873 2786 2066 2826 neces-

471 2853 636 2914 sa'riis
665 2860 901 2926 excidis,
957 2862 1062 2917 hoc
1117 2877 1226 2915 non
1280 2871 1366 2916 est
1416 2862 1482 2914 ad
1535 2875 1764 2930 scopum
1818 2861 2062 2917 tendere.

475 2952 697 3006 Sciebat
731 2960 914 3007 autem
953 2954 1284 3008 charitatem
1312 2953 1611 3006 virtutibus
1642 2952 1903 3008 omnibus
1933 2953 2058 3008 vel—

471 3045 548 3096 uti
584 3043 909 3098 coronidem
961 3045 1259 3114 quamdam
1304 3045 1386 3099 sic
1421 3045 1761 3114 impositam,
1798 3051 1856 3098 ut
1901 3052 1956 3097 et
1998 3043 2067 3098 de

2165 1948 2537 2020 διασπασμδς,
2575 1948 2608 2019 ἦ
2649 1945 2888 2016 πολέμου
2936 1943 3150 2012 γένεσις
3175 1982 3189 2007 ,
3231 1941 3326 1993 κιιί⁵
3365 1941 3588 2010 εἰρήνης
3621 1940 3759 1992 ἀνα-

2166 2039 2376 2112 τροπὴ,
2420 2038 2516 2091 καὶ
2557 2037 2808 2106 διψυχίας
2841 2033 3060 2102 ἀπάσης
3107 2030 3357 2102 εὖρεσιςς
3391 2030 3602 2100 Ὥσπερ
3642 2028 3759 2098 γὰρ

2167 2131 2224 2182 ὲν
2255 2131 2490 2202 ἀρραγεῖ
2513 2129 2611 2197 τῆς
2633 2127 2854 2195 ἀγάπης
2885 2124 3168 2193 συνδέσμῳ
3192 2123 3261 2174 τά
3295 2125 3359 2174 ὲκ
3396 2121 3496 2189 τῆς
3527 2120 3759 2189 εἰρήνης

2167 2224 2299 2293 ἡμῖν
2331 2221 2513 2288 ἀγαθά
2554 2219 2882 2283 διασώζεται
2908 2231 2921 2245 ’
2953 2217 3046 2269 τὸν
3077 2215 3238 2268 αὑτὸν
3263 2253 3278 2276 ,
3323 2207 3478 2283 οἶμαι
3501 2254 3512 2274 ,
3546 2211 3759 2281 τρόπον

2168 2318 2226 2369 ὲν
2251 2317 2318 2387 τῇ
2347 2313 2450 2383 τῆς
2475 2311 2696 2380 ἀγάπης
2733 2310 2970 2378 διακοπῇ
2998 2307 3058 2360 τὸ
3095 2309 3159 2360 ὲκ
3189 2305 3285 2358 τοῦ
3311 2306 3550 2374 πολέμου
3583 2303 3758 2356 κακὸν

2167 2406 2578 2480 παρεισδύεται.
2634 2404 2745 2458 Καὶ
2786 2403 2840 2456 τί
2890 2403 2952 2455 τὸ
3009 2399 3300 2466 ὲντεῦθεν;
3351 2397 3612 2468 ’Υδρ;ις,
3658 2396 3758 2449 καὶ

2168 2497 2526 2570 φιλονεικίαι,
2562 2498 2658 2550 καὶ
2701 2495 2854 2566 ζῆλοι
2875 2533 2888 2557 ,
2919 2493 3016 2546 κα)⁸
3057 2493 3219 2560 δργαί⁵
3240 2531 3254 2555 ,
3300 2491 3394 2543 καὶ
3423 2488 3588 2560 θυμοὶ
3613 2527 3628 2550 ,
3658 2489 3760 2542 καὶ

2165 2590 2527 2662 ψιθυρισμοὶ,
2576 2591 2670 2642 καὶ
2718 2587 3075 2649 καταλαλιαὶ,
3123 2586 3218 2638 καὶ
3261 2583 3483 2654 φθόνοι,
3513 2583 3611 2636 καὶ
3647 2583 3760 2636 πᾶν

2167 2679 2308 2747 εἶδος
2351 2683 2688 2752 φαυλότητος
2732 2679 3111 2748 ἀναφαίνεται.
3165 2677 3414 2746 Ἀπάσης
3460 2674 3758 2742 τοιγαροῦν

2167 2766 2369 2846 ἀρετῆς
2395 2777 2453 2827 ὲν
2489 2773 2568 2844 τῷ
2607 2774 2708 2843 τῆς
2753 2771 2976 2842 ἀγάπης
3008 2770 3138 2822 εῖδει
3165 2785 3226 2821 τε
3259 2769 3355 2822 καὶ
3393 2767 3584 2838 τρόπῳ
3625 2780 3761 2832 συγ-

2168 2867 2646 2938 κεφαλαιουμένης
2690 2882 2750 2918 τε
2799 2867 2890 2918 καὶ
2936 2863 3352 2935 πληρουμένης,
3389 2862 3463 2930 μὴ
3501 2858 3644 2928 μέγα
3672 2873 3756 2919 τις

2169 2960 2436 3029 φρονείτω
2457 2958 2566 3011 τῶν
2606 2962 2665 3011 ἐν
2689 2960 2819 3028 ἡμῖν
2854 2957 2941 3010 ἐπ’
2979 2955 3238 3017 ἀσιτίαις,
3273 2953 3368 3005 καὶ
3405 2949 3756 3021 χαμευνίαις,

2169 3053 2340 3124 ἤγουν
2383 3053 2469 3121 ἐφ’
2499 3053 2710 3122 ἑτέροις
2736 3051 2848 3104 τισὶ
2893 3050 3002 3132 τῶν
3039 3049 3099 3113 ἐξ
3133 3050 3420 3118 ἀσκήσεως
3464 3045 3673 3106 πόνοις,
3707 3043 3758 3094 εἰ

373 3648 382 3654 ,
470 3593 728 3655 habeam,
781 3596 960 3648 factus
994 3612 1114 3650 sum
1153 3597 1298 3650 velut
1339 3613 1416 3652 aes
1443 3611 1672 3660 sonans,
1715 3605 1810 3651 aut
1843 3597 2070 3666 cymba-

471 3150 537 3189 ea
575 3136 838 3206 praeclare
888 3136 1144 3190 diceret:
1189 3156 1206 3188 ι
1244 3137 1356 3192 Etsi
1412 3137 1752 3192 distribuere
1805 3137 1860 3190 in
1910 3137 2064 3191 cibos

2174 3145 2248 3216 μὴ
2292 3144 2548 3208 διασώξοι
2579 3143 2760 3207 καλῶς
2797 3144 2896 3214 τὴν
2936 3145 3014 3205 εἰς
3047 3143 3138 3194 τὸν
3179 3139 3409 3208 ἀδελφὺν
3447 3139 3754 3206 ἀγάπησιν.

471 3241 777 3296 pauperum
815 3241 1024 3282 omnes
1061 3227 1352 3283 facultates
1383 3243 1554 3291 meas,
1607 3237 1662 3282 et
1709 3229 1754 3282 si
1785 3227 2064 3283 tradidero

2173 3231 2320 3297 Ἔξω
2350 3234 2458 3304 γὰρ
2486 3232 2580 3286 τοῦ
2605 3234 2932 3304 καμπτῆρος
2957 3234 3057 3302 τῆς
3083 3231 3287 3300 νύσσης
3330 3231 3577 3301 φέρεται,
3613 3227 3761 3280 κατά

428 3331 681 3386 .corpus
737 3332 942 3382 meum,
987 3318 1061 3371 ita
1112 3327 1169 3372 ut
1221 3320 1468 3384 ardeam,
1517 3320 1846 3374 charitatem
1886 3331 2064 3375 autem

2168 3325 2295 3387 τοὺς
2311 3325 2418 3377 τῶν
2433 3326 2666 3394 ἡνιόχων
2682 3324 2959 3394 ἀμαθεστέ
2969 3340 3114 3394 ρους,
3132 3319 3308 3392 ὑποῙπ
3319 3320 3562 3392 ιλανᾶται
3587 3316 3644 3370 δὲ
3659 3334 3758 3368 κυ-

470 3425 578 3461 non
615 3408 871 3472 habeam,
910 3410 1045 3464 nihil
1085 3411 1216 3465 mihi
1257 3412 1499 3482 prodest.
1553 3411 1610 3465 Si
1655 3413 1856 3482 linguis
1894 3413 2064 3467 homi-

2168 3415 2435 3488 δερνήτου
2466 3417 2624 3486 δίκην
2644 3457 2659 3480 ,
2687 3417 2746 3479 ὃς
2772 3417 2885 3486 ἔχει
2925 3416 3023 3486 μὲν
3056 3414 3156 3484 τῆς
3193 3412 3329 3475 νεὼς
3374 3412 3434 3464 τὸ
3471 3408 3756 3479 πηδάλιον,

471 3515 606 3552 num
655 3501 852 3570 loquar
881 3510 938 3556 et
981 3503 1328 3574 angelorum,
1379 3504 1709 3558 cbaritatem
1744 3513 1929 3560 autem
1962 3521 2064 3560 non

2169 3509 2263 3562 τόν
2298 3526 2362 3578 γε
2394 3508 2500 3580 μὴν
2532 3509 2868 3580 προτεθέντα
2909 3507 2988 3576 τῷ
3027 3505 3238 3574 διάπλῳ
3279 3503 3484 3556 σκοπὸν
3523 3501 3582 3566 ἐξ
3614 3502 3761 3569 ἀμα-

2171 3601 2294 3664 θίας
2320 3601 2382 3654 οὗ
2413 3600 2729 3654 διεσώσατο.
2754 3601 2853 3652 Διά
2879 3599 3038 3653 τοῦτο
3065 3601 3159 3651 καὶ
3181 3600 3209 3650 ὁ
3243 3596 3527 3666 θαρσήσας
3556 3594 3754 3650 εἰπεῖν,

2177 3713 2198 3746 ι
2233 3695 2296 3747 Εἰ
2319 3695 2550 3763 δοκιμὴν
2571 3693 2786 3762 ζητεῖτε
2809 3690 2903 3744 τοῦ
2927 3694 2983 3744 ὲν
3003 3691 3125 3760 ἐμοὶ
3147 3688 3432 3748 λαλοῦντος
3449 3681 3686 3756 Χριστοῦ
3705 3699 3750 3745 ;-

2173 3785 2315 3853 φημὶ
2342 3782 2398 3834 δὲ
2437 3783 2502 3854 δὴ
2535 3782 2626 3834 τὸν
2659 3781 2943 3834 θεσπέσιον
2976 3779 3216 3844 Παῦλον,
3270 3777 3370 3829 οὐκ
3399 3776 3493 3840 ἐπὶ
3524 3772 3602 3843 τῷ
3631 3771 3757 3824 διώ·

471 3685 581 3735 lum
623 3685 864 3740 tinniens
897 3685 960 3738 “.
1004 3705 1023 3736 ›
1063 3685 1288 3757 Species
1330 3689 1516 3758 itaque
1547 3694 1602 3742 et
1642 3676 1824 3757 imago
1857 3672 2086 3742 Christi.

471 3774 784 3833 Servatoris
824 3778 876 3831 in
920 3779 1082 3834 nobis
1117 3788 1201 3833 est
1228 3780 1519 3834 cbaritatis
1551 3779 1826 3851 gloriatio.

466 3884 585 3920 κειν
648 3869 868 3935 ἁπλῶς,
914 3869 1030 3923 ἀλλ’
1061 3873 1118 3923 ὲν
1161 3871 1240 3941 τῷ
1293 3872 1436 3925 κατά
1487 3872 1689 3924 σκοπὸν
1735 3871 1898 3926 τοῦτο
1937 3873 2070 3944 δρᾷν
2121 3874 2464 3944 ἐσεμνύνετο.
2533 3872 2607 3924 Τὸ
2644 3872 2778 3942 γὰρ,
2821 3865 3008 3940 οἶμαι,
3066 3871 3406 3939 ’σωματικοῖς
3448 3864 3758 3933 ὲπαυχῆσαι
3861 3891 3868 3900 --

469 3959 689 4025 πόνοις,
768 3961 877 4013 τῶν
923 3960 1477 4034 κεφαλαιωδεστέρων
1539 3963 1636 4016 καὶ
1679 3965 2124 4037 ἀναγκαιοτέρων
2163 3966 2388 4035 ἀγαθῶν
2423 3966 2783 4028 ἐκπίπτοντα,
2811 3963 2958 4016 τοῦτ’
2991 3962 3107 4014 ἔστι
3137 3962 3196 4013 τὸ
3251 3963 3326 4031 μὴ
3365 3959 3583 4012 διώκειν
3615 3958 3790 4010 κατά’

469 4052 692 4104 σκοπόν.
737 4047 859 4104 Οἰδε
900 4052 955 4104 δὲ
1002 4054 1146 4105 οὕτω
1197 4055 1294 4123 τὴν
1339 4056 1592 4124 ἀγάπην,
1642 4056 1896 4127 καθάπερ
1937 4060 2060 4111 τινὰ
2101 4059 2374 4130 κορωνίδα
2451 4058 2656 4120 πάσαις
2701 4055 3010 4108 ἐπικεῖσθαι
3058 4057 3179 4116 ταῖς
3219 4055 3473 4126 ἀρεταῖς,
3524 4055 3600 4116 ώς
3659 4055 3760 4108 καὶ

468 4143 733 4196 κάλλιστα
780 4143 907 4214 περὶ
942 4145 1109 4216 αὐτῆς
1149 4147 1610 4216 φιλονεικήσαντα
1638 4148 1854 4216 λέγειν’
1892 4165 1912 4198 ι
1949 4148 2068 4201 Κάν
2109 4150 2346 4220 ψωμίσω
2374 4151 2550 4204 πάντα
2581 4149 2648 4202 τά
2712 4147 3028 4217 ὑπάρχοντά
3072 4163 3173 4216 μου
3199 4187 3213 4206 ,
3256 4145 3358 4198 κᾶν
3404 4145 3630 4216 παραδῶ
3697 4148 3760 4199 τὸ

469 4235 632 4304 σῶμά
679 4250 809 4299 μου.
864 4232 950 4285 ἵνα
995 4236 1385 4305 καυθήσομαι,
1430 4236 1654 4306 ἀγάπην
1697 4237 1754 4288 δὲ
1812 4235 1886 4306 μὴ
1929 4236 2057 4306 ἔχω,
2137 4241 2293 4294 οὐδὲν
2353 4241 2698 4311 ὠφελοῦμαι.
2758 4240 2884 4292 Ἐὰν
2933 4240 3052 4300 ταῖς
3100 4235 3375 4306 γλώσσαις
3405 4236 3514 4289 τῶν
3544 4238 3757 4308 ἀνθρώ-

469 4346 586 4380 πων
634 4330 779 4381 λαλῶ
826 4328 923 4380 καὶ
968 4325 1074 4378 τώ)
1127 4328 1407 4394 ἀγγέλων,
1457 4327 1683 4396 ἀγάπην
1724 4327 1781 4379 δὲ
1819 4329 1894 4397 μὴ
1930 4329 2058 4397 ἔχω,
2101 4332 2304 4400 γέγονα
2354 4333 2555 4402 χαλκὸς
2585 4334 2756 4403 ἠχῶν,
2788 4333 2820 4403 ἢ
2847 4330 3129 4402 κύμϐαλον
3190 4329 3479 4394 ἀλαλάζον.
3519 4351 3536 4381 ι
3569 4333 3755 4404 Πρόσ-

467 4441 620 4476 ωπον
660 4419 754 4478 οὖν
792 4425 900 4496 ἀρα
925 4465 940 4486 ,
991 4423 1086 4474 καὶ
1127 4420 1293 4474 εἰκὼν
1345 4424 1402 4474 ὲν
1447 4423 1579 4490 ἡμῖν
1625 4422 1720 4473 τοῦ
1771 4421 2026 4492 Σωτῆρος
2065 4425 2323 4494 Χριστοῦ.
2364 4431 2462 4497 τῆς
2498 4427 2718 4497 ἀγάπης
2745 4426 2806 4480 τὸ
2831 4427 3111 4495 καύχημα.

541 4514 695 4580 Χιίἰ,
731 4516 821 4572 36.
870 4515 1008 4568 Dicit
1037 4514 1087 4566 ei
1124 4512 1310 4568 Simon
1367 4510 1600 4565 Petrus:
1651 4511 1913 4574 Domine,
1964 4527 2064 4578 quo

2243 4518 2413 4588 Λέγει
2447 4516 2611 4583 αὐτῷ
2661 4520 2859 4587 Σίμων
2915 4518 3172 4586 Πέτρος·
3228 4518 3434 4584 Κύριε,
3471 4518 3588 4570 ποῦ
3636 4523 3759 4574 ὐπ-

471 4606 622 4660 vadis
645 4608 670 4661 γ

2168 4607 2368 4677 ﬁrme;

543 4698 873 4752 Sciscitatur
929 4713 1128 4752 rursus
1191 4696 1386 4751 Petrus
1445 4695 1698 4750 discendi
1750 4695 1962 4757 studio,
2010 4703 2064 4749 et

2238 4700 2592 4752 Φιλοπευστεί
2625 4699 2690 4770 δὴ
2731 4700 2892 4754 πάλιν
2943 4700 3005 4752 ὲκ
3051 4698 3408 4769 φιλομαθείας
3451 4700 3479 4751 ὁ
3524 4700 3755 4769 Πέτρος,

469 4791 744 4847 sermonis
779 4792 886 4842 vim
916 4799 970 4844 et
1001 4791 1272 4843 rationem
1300 4787 1521 4843 curiose
1551 4786 1795 4857 indagat,
1822 4787 2064 4841 nondum

2168 4791 2262 4842 καὶ
2320 4790 2745 4860 περιεργάζεται
2797 4788 2891 4842 τοῦ
2933 4790 3094 4858 λόγου
3142 4791 3239 4860 τὴν
3273 4790 3531 4860 δύναμιν,
3573 4793 3758 4852 συνεὶς

472 4881 806 4950 intelligens,
844 4879 1006 4950 755
1035 4889 1094 4932 ut
1129 4879 1375 4943 videtur,
1422 4879 1552 4949 quid
1579 4880 1684 4934 sibi
1721 4879 1886 4934 vellet
1915 4881 2062 4948 quod

2172 4882 2271 4951 μὲν
2312 4881 2465 4934 οῦπω
2491 4925 2504 4947 ,
2561 4882 2704 4934 κατὰ
2752 4881 2812 4935 τὸ
2856 4881 3035 4945 εἰκὸς,
3076 4881 3153 4945 ώς
3195 4882 3306 4952 ἔχει
3337 4883 3397 4934 τὸ
3438 4882 3753 4953 εἰρημένον.

468 4975 678 5028 dictum
709 4982 816 5037 est,
840 4971 1382 5027 vehementissimum
1409 4979 1592 5024 tamen
1617 4973 1886 5040 sequendi
1907 4971 2064 5024 Chri-

2170 4972 2514 5043 θερμοτάτην
2549 4990 2612 5040 γε
2644 4973 2750 5043 μὴν
2789 4975 2870 5036 είς
2901 4974 2962 5026 τὸ
2999 4973 3108 5026 δεῖν
3138 4973 3367 5027 ἕπεσθαι
3411 4975 3489 5045 τῷ
3528 4973 3754 5045 Χριστῷ

468 5065 538 5119 sti
578 5063 916 5118 desiderium
952 5080 1063 5134 pra:
1099 5079 1158 5118 se
1207 5062 1418 5118 ferens.
1452 5062 1510 5119 In
1541 5079 1650 5134 quo
1695 5064 2064 5119 admiratione

2168 5065 2264 5134 τὴν
2308 5064 2616 5134 προθυμίαν
2661 5065 2953 5135 εἰσφέρων.
3001 5066 3110 5118 Καὶ
3157 5065 3486 5134 ἀξιάγαστος
3541 5067 3643 5138 μὲν
3695 5068 3757 5119 ὲν

470 5158 635 5228 digna
686 5168 773 5212 est
805 5159 947 5211 ratio
982 5167 1036 5212 et
1081 5157 1218 5211 ordo
1269 5157 1694 5228 discipulorum.
1754 5157 1865 5212 Nec
1916 5157 2062 5210 enim

2168 5155 2337 5225 τούτῳ
2367 5156 2476 5208 τῶν
2545 5154 2802 5224 μαθητῶν
2833 5159 2865 5228 ἡ
2898 5157 3072 5221 τάξις.
3118 5159 3191 5210 Οὐ
3243 5159 3351 5229 γὰρ
3395 5159 3568 5226 δήπου
3616 5165 3752 5231 φαίη

467 5251 613 5304 ullus
638 5249 840 5304 dixerit
869 5247 1112 5314 Petrum,
1140 5251 1232 5319 qui
1274 5251 1509 5320 primum
1554 5250 1695 5303 inter
1725 5257 1954 5304 caeteros
1984 5249 2064 5303 lo-

2168 5261 2245 5308 τις
2272 5246 2358 5306 ἂν,
2378 5247 2459 5299 ὅτι
2479 5247 2587 5298 τῶν
2614 5247 2817 5318 ἐτέρων
2852 5249 3140 5314 συνέντων,
3167 5251 3328 5320 τυχὸν
3361 5251 3521 5321 μόνος
3551 5252 3757 5322 ἠγνόη-

464 5358 590 5398 cum
621 5343 862 5405 tenebat,
906 5342 1114 5396 idcirco
1151 5343 1495 5410 interrogare
1538 5343 1683 5412 quod
1717 5341 1933 5397 caeteris
1974 5342 2062 5394 in-

467 5437 850 5505 telligentibus
889 5436 1006 5506 ipse
1042 5435 1227 5490 forsan
1279 5438 1580 5508 ignoraret,
1617 5436 1712 5510 sed
1747 5438 1793 5491 ei
1825 5445 1882 5490 ut
1919 5451 2058 5505 prae—

466 5529 626 5595 cipuo
673 5543 736 5580 ac
793 5527 1125 5596 praecellenti
1181 5528 1390 5596 primas
1453 5527 1712 5598 loquendi
1771 5542 1836 5581 ac
1887 5527 2058 5581 libere

468 5617 847 5687 interrogandi
901 5627 1086 5689 partes
1131 5620 1463 5675 concedunt.
1515 5619 1570 5673 lu
1623 5634 1812 5673 aurem
1852 5619 2058 5688 quippe

547 5799 642 5852 ’τι
688 5801 815 5855 Cor.
851 5817 965 5866 xm,
997 5803 1052 5854 ὅ.
1132 5801 1176 5830 ³³
1227 5799 1240 5851 Ι
1289 5797 1417 5854 Cor.
1473 5815 1583 5860 xw,
1625 5799 1641 5851 ι
1679 5813 1832 5867 seqq.

2164 5353 2258 5389 σεν
2283 5341 2311 5390 ό
2337 5340 2796 5409 προτεταγμένος,
2844 5341 2934 5394 διά
2969 5359 3027 5393 τε
3063 5341 3221 5394 τοῦτο
3245 5341 3510 5413 διερωτᾷν
3534 5359 3548 5374 ο
3583 5360 3758 5411 παρα-

2166 5430 2404 5499 χωροῦσι
2446 5430 2501 5482 δὲ
2554 5431 2754 5500 μᾶλλον
2800 5432 2874 5496 ώς
2918 5433 3212 5504 προῦχοντι
3268 5435 3327 5486 τὸ
3376 5434 3754 5504 κατάρχεσθαι

2165 5524 2344 5592 λόγου,
2400 5524 2496 5576 καὶ
2540 5525 2854 5596 παρρησίας
2899 5525 2994 5595 τῆς
3046 5527 3103 5578 ἐν
3144 5524 3222 5594 τῷ
3266 5524 3749 5581 διαπυνθάνεσθαι.

2166 5616 2328 5685 φημί.
2365 5616 2436 5668 Τὸ
2466 5617 2574 5687 γὰρ
2604 5619 2682 5680 εἰς
2703 5617 3023 5671 διδασκάλου
3055 5617 3236 5670 λαλεῖν
3265 5619 3452 5681 ἀκοὰς,
3493 5617 3613 5670 οὐδὲ
3640 5619 3750 5681 τοῖς

1943 5797 1982 5826 ³⁸
2020 5797 2034 5848 l
2076 5796 2202 5850 Cor.
2261 5765 2380 5859 ,xtn,
2424 5796 2534 5851 ἰοί.
