  <div class='ocr_page' id='page_1' title='image "/cluster/home/n/w/nwhite01/storage/ocr_20150623/74:no.7/coo.31924054869684/092.png"; bbox 0 0 4006 6420; ppageno 0'>
   <div class='ocr_carea' id='block_1_1' title="bbox 260 345 367 402">
    <p class='ocr_par' dir='ltr' id='par_1_1' title="bbox 260 345 367 402">
     <span class='ocr_line' id='line_1_1' title="bbox 260 345 367 402; baseline 0.028 -3"><span class='ocrx_word' id='word_1_1' title='bbox 260 345 367 402; x_wconf 71' lang='lat' dir='ltr'><strong>I69</strong></span> 
     </span>
    </p>
   </div>
   <div class='ocr_carea' id='block_1_2' title="bbox 1316 353 2476 417">
    <p class='ocr_par' dir='ltr' id='par_1_2' title="bbox 1316 353 2476 417">
     <span class='ocr_line' id='line_1_2' title="bbox 1316 353 2476 417; baseline 0.006 -7"><span class='ocrx_word' id='word_1_2' title='bbox 1316 354 1384 410; x_wconf 91' lang='lat' dir='ltr'><strong>IN</strong></span> <span class='ocrx_word' id='word_1_3' title='bbox 1422 353 1711 412; x_wconf 75' lang='lat' dir='ltr'><strong>JOANNIS</strong></span> <span class='ocrx_word' id='word_1_4' title='bbox 1744 355 2194 416; x_wconf 78' lang='lat' dir='ltr'><strong>EVANGELIUM</strong></span> <span class='ocrx_word' id='word_1_5' title='bbox 2223 359 2351 416; x_wconf 81' lang='lat' dir='ltr'><strong>LIB.</strong></span> <span class='ocrx_word' id='word_1_6' title='bbox 2383 359 2476 417; x_wconf 75' lang='lat' dir='ltr'><strong>IX.</strong></span> 
     </span>
    </p>
   </div>
   <div class='ocr_carea' id='block_1_3' title="bbox 3436 372 3536 428">
    <p class='ocr_par' dir='ltr' id='par_1_3' title="bbox 3436 372 3536 428">
     <span class='ocr_line' id='line_1_3' title="bbox 3436 372 3536 428; baseline 0.01 -2"><span class='ocrx_word' id='word_1_7' title='bbox 3436 372 3536 428; x_wconf 67' lang='grc' dir='ltr'><strong>ΠΕ</strong></span> 
     </span>
    </p>
   </div>
   <div class='ocr_carea' id='block_1_4' title="bbox 257 459 1857 559">
    <p class='ocr_par' dir='ltr' id='par_1_4' title="bbox 257 459 1855 559">
     <span class='ocr_line' id='line_1_4' title="bbox 257 459 1855 559; baseline 0.008 -42"><span class='ocrx_word' id='word_1_8' title='bbox 257 459 406 559; x_wconf 66' lang='grc' dir='ltr'>εἷναί</span> <span class='ocrx_word' id='word_1_9' title='bbox 454 481 510 520; x_wconf 92' lang='grc' dir='ltr'><strong>τι</strong></span> <span class='ocrx_word' id='word_1_10' title='bbox 541 465 823 535; x_wconf 80' lang='grc' dir='ltr'>δοκοῦσιν,</span> <span class='ocrx_word' id='word_1_11' title='bbox 875 471 1177 528; x_wconf 81' lang='grc' dir='ltr'>ἀκίνδυνον.</span> <span class='ocrx_word' id='word_1_12' title='bbox 1219 474 1545 546; x_wconf 80' lang='grc' dir='ltr'><strong>Θαυμαστὸς</strong></span> <span class='ocrx_word' id='word_1_13' title='bbox 1595 477 1652 530; x_wconf 82' lang='grc' dir='ltr'><strong>δέ</strong></span> <span class='ocrx_word' id='word_1_14' title='bbox 1701 477 1855 531; x_wconf 84' lang='grc' dir='ltr'>οὐδὲν</span> 
     </span>
    </p>
   </div>
   <div class='ocr_carea' id='block_1_5' title="bbox 1961 459 3541 559">
    <p class='ocr_par' dir='ltr' id='par_1_5' title="bbox 1961 479 3541 559">
     <span class='ocr_line' id='line_1_5' title="bbox 1961 479 3541 559; baseline 0.008 -28"><span class='ocrx_word' id='word_1_15' title='bbox 1961 479 2214 549; x_wconf 78' lang='lat' dir='ltr'><strong>magistri</strong></span> <span class='ocrx_word' id='word_1_16' title='bbox 2248 480 2424 552; x_wconf 88' lang='lat' dir='ltr'><strong>loqui,</strong></span> <span class='ocrx_word' id='word_1_17' title='bbox 2457 496 2527 537; x_wconf 92' lang='lat' dir='ltr'><strong>ne</strong></span> <span class='ocrx_word' id='word_1_18' title='bbox 2562 481 2628 537; x_wconf 91' lang='lat' dir='ltr'><strong>iis</strong></span> <span class='ocrx_word' id='word_1_19' title='bbox 2660 480 2883 552; x_wconf 87' lang='lat' dir='ltr'><strong>quidem</strong></span> <span class='ocrx_word' id='word_1_20' title='bbox 2933 483 3028 552; x_wconf 92' lang='lat' dir='ltr'><strong>qui</strong></span> <span class='ocrx_word' id='word_1_21' title='bbox 3073 499 3133 539; x_wconf 88' lang='lat' dir='ltr'><strong>se</strong></span> <span class='ocrx_word' id='word_1_22' title='bbox 3176 485 3390 556; x_wconf 84' lang='lat' dir='ltr'><strong>aliquos</strong></span> <span class='ocrx_word' id='word_1_23' title='bbox 3440 505 3541 559; x_wconf 80' lang='lat' dir='ltr'><strong>pu-</strong></span> 
     </span>
    </p>
   </div>
   <div class='ocr_carea' id='block_1_6' title="bbox 254 552 1854 641">
    <p class='ocr_par' dir='ltr' id='par_1_6' title="bbox 254 552 1854 641">
     <span class='ocr_line' id='line_1_6' title="bbox 254 552 1854 641; baseline 0.009 -31"><span class='ocrx_word' id='word_1_24' title='bbox 254 552 427 629; x_wconf 85' lang='grc' dir='ltr'>ἦττον</span> <span class='ocrx_word' id='word_1_25' title='bbox 452 559 483 612; x_wconf 87' lang='grc' dir='ltr'><strong>ὁ</strong></span> <span class='ocrx_word' id='word_1_26' title='bbox 507 560 736 632; x_wconf 82' lang='grc' dir='ltr'><strong>Πέτρος,</strong></span> <span class='ocrx_word' id='word_1_27' title='bbox 770 563 872 617; x_wconf 89' lang='grc' dir='ltr'><strong>οὐκ</strong></span> <span class='ocrx_word' id='word_1_28' title='bbox 899 565 1041 619; x_wconf 83' lang='grc' dir='ltr'>αἰδοῖ</span> <span class='ocrx_word' id='word_1_29' title='bbox 1071 566 1166 620; x_wconf 81' lang='grc' dir='ltr'>τοῦ</span> <span class='ocrx_word' id='word_1_30' title='bbox 1199 567 1274 639; x_wconf 82' lang='grc' dir='ltr'>μὴ</span> <span class='ocrx_word' id='word_1_31' title='bbox 1299 568 1476 622; x_wconf 78' lang='grc' dir='ltr'>δοκεῖν</span> <span class='ocrx_word' id='word_1_32' title='bbox 1502 564 1644 623; x_wconf 75' lang='grc' dir='ltr'>εἶναι</span> <span class='ocrx_word' id='word_1_33' title='bbox 1677 569 1854 641; x_wconf 81' lang='grc' dir='ltr'>νωθὴς</span> 
     </span>
    </p>
   </div>
   <div class='ocr_carea' id='block_1_7' title="bbox 254 650 1850 730">
    <p class='ocr_par' dir='ltr' id='par_1_7' title="bbox 254 650 1850 730">
     <span class='ocr_line' id='line_1_7' title="bbox 254 650 1850 730; baseline 0.008 -28"><span class='ocrx_word' id='word_1_34' title='bbox 254 650 364 722; x_wconf 75' lang='grc' dir='ltr'>τὴν</span> <span class='ocrx_word' id='word_1_35' title='bbox 393 651 604 722; x_wconf 73' lang='grc' dir='ltr'>εἴδησιν</span> <span class='ocrx_word' id='word_1_36' title='bbox 635 652 746 706; x_wconf 84' lang='grc' dir='ltr'><strong>τῶν</strong></span> <span class='ocrx_word' id='word_1_37' title='bbox 774 654 1153 725; x_wconf 80' lang='grc' dir='ltr'><strong>ἀγνοηθέντων</strong></span> <span class='ocrx_word' id='word_1_38' title='bbox 1197 657 1550 730; x_wconf 83' lang='grc' dir='ltr'>ζητούμενος,</span> <span class='ocrx_word' id='word_1_39' title='bbox 1581 661 1697 714; x_wconf 86' lang='grc' dir='ltr'>ἀλλ’</span> <span class='ocrx_word' id='word_1_40' title='bbox 1725 661 1850 728; x_wconf 79' lang='grc' dir='ltr'>ὀξὺς</span> 
     </span>
    </p>
   </div>
   <div class='ocr_carea' id='block_1_8' title="bbox 254 743 1852 825">
    <p class='ocr_par' dir='ltr' id='par_1_8' title="bbox 254 743 1852 825">
     <span class='ocr_line' id='line_1_8' title="bbox 254 743 1852 825; baseline 0.009 -31"><span class='ocrx_word' id='word_1_41' title='bbox 254 743 352 795; x_wconf 78' lang='grc' dir='ltr'><strong>ἐπὶ</strong></span> <span class='ocrx_word' id='word_1_42' title='bbox 381 743 445 795; x_wconf 90' lang='grc' dir='ltr'>τὸ</span> <span class='ocrx_word' id='word_1_43' title='bbox 478 745 679 814; x_wconf 82' lang='grc' dir='ltr'>χρῆναι</span> <span class='ocrx_word' id='word_1_44' title='bbox 714 746 1008 815; x_wconf 83' lang='grc' dir='ltr'>σοφοῦσθαι</span> <span class='ocrx_word' id='word_1_45' title='bbox 1035 749 1264 819; x_wconf 86' lang='grc' dir='ltr'><strong>τρέχων,</strong></span> <span class='ocrx_word' id='word_1_46' title='bbox 1290 752 1384 805; x_wconf 79' lang='grc' dir='ltr'>καὶ</span> <span class='ocrx_word' id='word_1_47' title='bbox 1405 753 1667 825; x_wconf 75' lang='grc' dir='ltr'><strong>αἰσχύνης</strong></span> <span class='ocrx_word' id='word_1_48' title='bbox 1695 755 1852 808; x_wconf 89' lang='grc' dir='ltr'>ἀκαί-</span> 
     </span>
    </p>
   </div>
   <div class='ocr_carea' id='block_1_9' title="bbox 259 835 1853 918">
    <p class='ocr_par' dir='ltr' id='par_1_9' title="bbox 259 835 1853 918">
     <span class='ocr_line' id='line_1_9' title="bbox 259 835 1853 918; baseline 0.009 -33"><span class='ocrx_word' id='word_1_49' title='bbox 259 849 356 904; x_wconf 86' lang='grc' dir='ltr'><strong>ρου</strong></span> <span class='ocrx_word' id='word_1_50' title='bbox 398 835 690 906; x_wconf 87' lang='grc' dir='ltr'>κρείττονα</span> <span class='ocrx_word' id='word_1_51' title='bbox 725 837 825 908; x_wconf 79' lang='grc' dir='ltr'>τὴν</span> <span class='ocrx_word' id='word_1_52' title='bbox 859 840 924 892; x_wconf 91' lang='grc' dir='ltr'><strong>ἐκ</strong></span> <span class='ocrx_word' id='word_1_53' title='bbox 949 842 1048 911; x_wconf 85' lang='grc' dir='ltr'>τῆς</span> <span class='ocrx_word' id='word_1_54' title='bbox 1087 842 1446 913; x_wconf 79' lang='grc' dir='ltr'>φιλομαθείας</span> <span class='ocrx_word' id='word_1_55' title='bbox 1473 845 1660 916; x_wconf 75' lang='grc' dir='ltr'>ὄνησιν</span> <span class='ocrx_word' id='word_1_56' title='bbox 1697 863 1853 918; x_wconf 87' lang='grc' dir='ltr'>ποιη-</span> 
     </span>
    </p>
   </div>
   <div class='ocr_carea' id='block_1_10' title="bbox 259 927 1854 1009">
    <p class='ocr_par' dir='ltr' id='par_1_10' title="bbox 259 927 1854 1009">
     <span class='ocr_line' id='line_1_10' title="bbox 259 927 1854 1009; baseline 0.007 -29"><span class='ocrx_word' id='word_1_57' title='bbox 259 927 539 996; x_wconf 88' lang='grc' dir='ltr'>σάμενος,</span> <span class='ocrx_word' id='word_1_58' title='bbox 594 929 683 983; x_wconf 82' lang='grc' dir='ltr'><strong>ἶνα</strong></span> <span class='ocrx_word' id='word_1_59' title='bbox 722 929 896 996; x_wconf 82' lang='grc' dir='ltr'><strong>τύπος</strong></span> <span class='ocrx_word' id='word_1_60' title='bbox 940 935 1054 996; x_wconf 88' lang='grc' dir='ltr'>τοῖς</span> <span class='ocrx_word' id='word_1_61' title='bbox 1105 935 1226 1005; x_wconf 89' lang='grc' dir='ltr'>μεθ’</span> <span class='ocrx_word' id='word_1_62' title='bbox 1267 936 1463 990; x_wconf 80' lang='grc' dir='ltr'>ἑαυτὸν</span> <span class='ocrx_word' id='word_1_63' title='bbox 1523 939 1626 992; x_wconf 83' lang='grc' dir='ltr'><strong>κάν</strong></span> <span class='ocrx_word' id='word_1_64' title='bbox 1680 938 1854 1009; x_wconf 87' lang='grc' dir='ltr'>τούτῳ</span> 
     </span>
    </p>
   </div>
   <div class='ocr_carea' id='block_1_11' title="bbox 256 1021 1854 1102">
    <p class='ocr_par' dir='ltr' id='par_1_11' title="bbox 256 1021 1854 1102">
     <span class='ocr_line' id='line_1_11' title="bbox 256 1021 1854 1102; baseline 0.008 -29"><span class='ocrx_word' id='word_1_65' title='bbox 256 1021 510 1092; x_wconf 83' lang='grc' dir='ltr'>γένηται.</span> <span class='ocrx_word' id='word_1_66' title='bbox 541 1025 667 1076; x_wconf 83' lang='grc' dir='ltr'>Δεῖν</span> <span class='ocrx_word' id='word_1_67' title='bbox 709 1026 818 1097; x_wconf 85' lang='grc' dir='ltr'>γὰρ</span> <span class='ocrx_word' id='word_1_68' title='bbox 850 1022 1008 1096; x_wconf 72' lang='grc' dir='ltr'>οἶμαι</span> <span class='ocrx_word' id='word_1_69' title='bbox 1066 1027 1141 1098; x_wconf 84' lang='grc' dir='ltr'>μὴ</span> <span class='ocrx_word' id='word_1_70' title='bbox 1175 1030 1545 1100; x_wconf 75' lang='grc' dir='ltr'>παρατρέχειν</span> <span class='ocrx_word' id='word_1_71' title='bbox 1594 1032 1688 1102; x_wconf 84' lang='grc' dir='ltr'>ἐᾷν</span> <span class='ocrx_word' id='word_1_72' title='bbox 1725 1033 1854 1096; x_wconf 86' lang='grc' dir='ltr'>τοὺς</span> 
     </span>
    </p>
   </div>
   <div class='ocr_carea' id='block_1_12' title="bbox 255 1113 1852 1195">
    <p class='ocr_par' dir='ltr' id='par_1_12' title="bbox 255 1113 1852 1195">
     <span class='ocr_line' id='line_1_12' title="bbox 255 1113 1852 1195; baseline 0.008 -29"><span class='ocrx_word' id='word_1_73' title='bbox 255 1113 371 1167; x_wconf 83' lang='grc' dir='ltr'><strong>τῶν</strong></span> <span class='ocrx_word' id='word_1_74' title='bbox 403 1114 772 1170; x_wconf 84' lang='grc' dir='ltr'>διδασκόντων</span> <span class='ocrx_word' id='word_1_75' title='bbox 805 1115 1029 1186; x_wconf 82' lang='grc' dir='ltr'><strong>λόγους,</strong></span> <span class='ocrx_word' id='word_1_76' title='bbox 1080 1118 1241 1189; x_wconf 85' lang='grc' dir='ltr'>εῐπερ</span> <span class='ocrx_word' id='word_1_77' title='bbox 1288 1121 1354 1174; x_wconf 82' lang='grc' dir='ltr'><strong>ἂν</strong></span> <span class='ocrx_word' id='word_1_78' title='bbox 1403 1117 1514 1176; x_wconf 77' lang='grc' dir='ltr'>εἷεν</span> <span class='ocrx_word' id='word_1_79' title='bbox 1554 1124 1616 1176; x_wconf 83' lang='grc' dir='ltr'><strong>οὐ</strong></span> <span class='ocrx_word' id='word_1_80' title='bbox 1645 1123 1852 1195; x_wconf 83' lang='grc' dir='ltr'>σφόδρα</span> 
     </span>
    </p>
   </div>
   <div class='ocr_carea' id='block_1_13' title="bbox 257 1203 1848 1281">
    <p class='ocr_par' dir='ltr' id='par_1_13' title="bbox 257 1203 1848 1281">
     <span class='ocr_line' id='line_1_13' title="bbox 257 1203 1848 1281; baseline 0.008 -25"><span class='ocrx_word' id='word_1_81' title='bbox 257 1206 456 1273; x_wconf 73' lang='grc' dir='ltr'>σαφεῖς</span> <span class='ocrx_word' id='word_1_82' title='bbox 478 1244 495 1269; x_wconf 92' lang='grc'><strong>,</strong></span> <span class='ocrx_word' id='word_1_83' title='bbox 545 1205 633 1258; x_wconf 83' lang='grc' dir='ltr'>ἵνα</span> <span class='ocrx_word' id='word_1_84' title='bbox 665 1205 812 1269; x_wconf 83' lang='grc' dir='ltr'>τινὲς</span> <span class='ocrx_word' id='word_1_85' title='bbox 841 1203 983 1260; x_wconf 84' lang='grc' dir='ltr'>εἶναι</span> <span class='ocrx_word' id='word_1_86' title='bbox 1028 1207 1308 1278; x_wconf 85' lang='grc' dir='ltr'>δοκῶμεν,</span> <span class='ocrx_word' id='word_1_87' title='bbox 1358 1211 1572 1281; x_wconf 84' lang='grc' dir='ltr'>ἀγχίνοι</span> <span class='ocrx_word' id='word_1_88' title='bbox 1615 1231 1674 1266; x_wconf 90' lang='grc' dir='ltr'><strong>τε</strong></span> <span class='ocrx_word' id='word_1_89' title='bbox 1709 1213 1848 1279; x_wconf 87' lang='grc' dir='ltr'>λίαν,</span> 
     </span>
    </p>
   </div>
   <div class='ocr_carea' id='block_1_14' title="bbox 255 1295 1849 1376">
    <p class='ocr_par' dir='ltr' id='par_1_14' title="bbox 255 1295 1849 1376">
     <span class='ocr_line' id='line_1_14' title="bbox 255 1295 1849 1376; baseline 0.007 -26"><span class='ocrx_word' id='word_1_90' title='bbox 255 1295 352 1350; x_wconf 77' lang='grc' dir='ltr'>καὶ</span> <span class='ocrx_word' id='word_1_91' title='bbox 382 1295 605 1366; x_wconf 83' lang='grc' dir='ltr'>δριμεῖς</span> <span class='ocrx_word' id='word_1_92' title='bbox 639 1299 720 1358; x_wconf 86' lang='grc' dir='ltr'><strong>είς</strong></span> <span class='ocrx_word' id='word_1_93' title='bbox 750 1296 969 1351; x_wconf 91' lang='grc' dir='ltr'>σύνεσιν</span> <span class='ocrx_word' id='word_1_94' title='bbox 994 1316 1008 1330; x_wconf 71' lang='grc' dir='ltr'><strong>ι</strong></span> <span class='ocrx_word' id='word_1_95' title='bbox 1045 1299 1506 1357; x_wconf 84' lang='grc' dir='ltr'>διαπυνθάνεσθαι</span> <span class='ocrx_word' id='word_1_96' title='bbox 1532 1304 1589 1357; x_wconf 88' lang='grc' dir='ltr'>δὲ</span> <span class='ocrx_word' id='word_1_97' title='bbox 1627 1307 1849 1376; x_wconf 80' lang='grc' dir='ltr'>μᾶλλον,</span> 
     </span>
    </p>
   </div>
   <div class='ocr_carea' id='block_1_15' title="bbox 255 1387 1854 1468">
    <p class='ocr_par' dir='ltr' id='par_1_15' title="bbox 255 1387 1854 1468">
     <span class='ocr_line' id='line_1_15' title="bbox 255 1387 1854 1468; baseline 0.008 -29"><span class='ocrx_word' id='word_1_98' title='bbox 255 1387 354 1440; x_wconf 74' lang='grc' dir='ltr'>καὶ</span> <span class='ocrx_word' id='word_1_99' title='bbox 382 1387 786 1442; x_wconf 82' lang='grc' dir='ltr'>ἀνασκαλεύειν</span> <span class='ocrx_word' id='word_1_100' title='bbox 831 1390 1217 1461; x_wconf 79' lang='grc' dir='ltr'>ἐπιστημόνως</span> <span class='ocrx_word' id='word_1_101' title='bbox 1258 1393 1322 1446; x_wconf 82' lang='grc' dir='ltr'><strong>τὸ</strong></span> <span class='ocrx_word' id='word_1_102' title='bbox 1368 1394 1428 1446; x_wconf 90' lang='grc' dir='ltr'><strong>ἐν</strong></span> <span class='ocrx_word' id='word_1_103' title='bbox 1485 1395 1628 1468; x_wconf 83' lang='grc' dir='ltr'>ἀρχῇ</span> <span class='ocrx_word' id='word_1_104' title='bbox 1677 1415 1854 1468; x_wconf 89' lang='grc' dir='ltr'>παρα-</span> 
     </span>
    </p>
   </div>
   <div class='ocr_carea' id='block_1_16' title="bbox 253 1478 1854 1559">
    <p class='ocr_par' dir='ltr' id='par_1_16' title="bbox 253 1478 1854 1559">
     <span class='ocr_line' id='line_1_16' title="bbox 253 1478 1854 1559; baseline 0.006 -27"><span class='ocrx_word' id='word_1_105' title='bbox 253 1478 452 1551; x_wconf 83' lang='grc' dir='ltr'>δεχθὲν</span> <span class='ocrx_word' id='word_1_106' title='bbox 495 1481 579 1544; x_wconf 80' lang='grc' dir='ltr'><strong>είς</strong></span> <span class='ocrx_word' id='word_1_107' title='bbox 631 1479 842 1552; x_wconf 83' lang='grc' dir='ltr'>δνησιν.</span> <span class='ocrx_word' id='word_1_108' title='bbox 889 1482 1034 1535; x_wconf 87' lang='grc' dir='ltr'>Πολὺ</span> <span class='ocrx_word' id='word_1_109' title='bbox 1065 1483 1175 1553; x_wconf 84' lang='grc' dir='ltr'><strong>γὰρ</strong></span> <span class='ocrx_word' id='word_1_110' title='bbox 1218 1484 1458 1556; x_wconf 85' lang='grc' dir='ltr'>ἀμείνων</span> <span class='ocrx_word' id='word_1_111' title='bbox 1494 1488 1527 1557; x_wconf 85' lang='grc' dir='ltr'>ἠ</span> <span class='ocrx_word' id='word_1_112' title='bbox 1566 1488 1662 1540; x_wconf 80' lang='grc' dir='ltr'>τοῦ</span> <span class='ocrx_word' id='word_1_113' title='bbox 1712 1504 1854 1559; x_wconf 86' lang='grc' dir='ltr'>συμ-</span> 
     </span>
    </p>
   </div>
   <div class='ocr_carea' id='block_1_17' title="bbox 255 1572 1853 1648">
    <p class='ocr_par' dir='ltr' id='par_1_17' title="bbox 255 1572 1853 1648">
     <span class='ocr_line' id='line_1_17' title="bbox 255 1572 1853 1648; baseline 0.006 -23"><span class='ocrx_word' id='word_1_114' title='bbox 255 1572 526 1645; x_wconf 73' lang='grc' dir='ltr'>φέροντος</span> <span class='ocrx_word' id='word_1_115' title='bbox 553 1574 759 1644; x_wconf 86' lang='grc' dir='ltr'>γνῶσις</span> <span class='ocrx_word' id='word_1_116' title='bbox 795 1573 1186 1645; x_wconf 84' lang='grc' dir='ltr'>δοκησισοφίας</span> <span class='ocrx_word' id='word_1_117' title='bbox 1209 1578 1394 1648; x_wconf 86' lang='grc' dir='ltr'>κενῆς,</span> <span class='ocrx_word' id='word_1_118' title='bbox 1430 1580 1524 1633; x_wconf 76' lang='grc' dir='ltr'><strong>καὶ</strong></span> <span class='ocrx_word' id='word_1_119' title='bbox 1553 1580 1649 1633; x_wconf 83' lang='grc' dir='ltr'>τοῦ</span> <span class='ocrx_word' id='word_1_120' title='bbox 1679 1580 1853 1634; x_wconf 83' lang='grc' dir='ltr'>δοκεῖν</span> 
     </span>
    </p>
   </div>
   <div class='ocr_carea' id='block_1_18' title="bbox 251 1665 1853 1744">
    <p class='ocr_par' dir='ltr' id='par_1_18' title="bbox 251 1665 1853 1744">
     <span class='ocr_line' id='line_1_18' title="bbox 251 1665 1853 1744; baseline 0.004 -24"><span class='ocrx_word' id='word_1_121' title='bbox 251 1665 654 1732; x_wconf 81' lang='grc' dir='ltr'>ἐξεπίστασθαί</span> <span class='ocrx_word' id='word_1_122' title='bbox 676 1685 752 1734; x_wconf 87' lang='grc' dir='ltr'><strong>τι,</strong></span> <span class='ocrx_word' id='word_1_123' title='bbox 777 1669 1026 1740; x_wconf 86' lang='grc' dir='ltr'>κρεῖττον</span> <span class='ocrx_word' id='word_1_124' title='bbox 1056 1667 1123 1722; x_wconf 88' lang='grc' dir='ltr'><strong>ἂν</strong></span> <span class='ocrx_word' id='word_1_125' title='bbox 1151 1668 1238 1739; x_wconf 87' lang='grc' dir='ltr'><strong>είη</strong></span> <span class='ocrx_word' id='word_1_126' title='bbox 1265 1668 1362 1722; x_wconf 82' lang='grc' dir='ltr'>τοῦ</span> <span class='ocrx_word' id='word_1_127' title='bbox 1402 1671 1514 1742; x_wconf 81' lang='grc' dir='ltr'>[γρ.</span> <span class='ocrx_word' id='word_1_128' title='bbox 1542 1671 1626 1744; x_wconf 78' lang='grc' dir='ltr'>τὸ]</span> <span class='ocrx_word' id='word_1_129' title='bbox 1660 1673 1853 1744; x_wconf 85' lang='grc' dir='ltr'>μαθεῖν</span> 
     </span>
    </p>
   </div>
   <div class='ocr_carea' id='block_1_19' title="bbox 252 1760 496 1831">
    <p class='ocr_par' dir='ltr' id='par_1_19' title="bbox 252 1760 496 1831">
     <span class='ocr_line' id='line_1_19' title="bbox 252 1760 496 1831; baseline 0 -16"><span class='ocrx_word' id='word_1_130' title='bbox 252 1760 496 1831; x_wconf 83' lang='grc' dir='ltr'>ἀληθῶς.</span> 
     </span>
    </p>
   </div>
   <div class='ocr_carea' id='block_1_20' title="bbox 1958 572 3542 635">
    <p class='ocr_par' dir='ltr' id='par_1_20' title="bbox 1958 572 3542 635">
     <span class='ocr_line' id='line_1_20' title="bbox 1958 572 3542 635; baseline 0.007 -12"><span class='ocrx_word' id='word_1_131' title='bbox 1958 578 2077 626; x_wconf 87' lang='lat' dir='ltr'><strong>tant</strong></span> <span class='ocrx_word' id='word_1_132' title='bbox 2117 580 2299 627; x_wconf 92' lang='lat' dir='ltr'><strong>tutum</strong></span> <span class='ocrx_word' id='word_1_133' title='bbox 2336 574 2410 630; x_wconf 92' lang='lat' dir='ltr'><strong>sit</strong></span> <span class='ocrx_word' id='word_1_134' title='bbox 2439 588 2504 629; x_wconf 89' lang='lat' dir='ltr'><strong>ac</strong></span> <span class='ocrx_word' id='word_1_135' title='bbox 2534 587 2819 629; x_wconf 89' lang='lat' dir='ltr'><strong>securum.</strong></span> <span class='ocrx_word' id='word_1_136' title='bbox 2850 572 3036 628; x_wconf 85' lang='lat' dir='ltr'><strong>Nihilo</strong></span> <span class='ocrx_word' id='word_1_137' title='bbox 3068 590 3200 632; x_wconf 86' lang='lat' dir='ltr'><strong>vero</strong></span> <span class='ocrx_word' id='word_1_138' title='bbox 3234 578 3416 635; x_wconf 90' lang='lat' dir='ltr'><strong>minus</strong></span> <span class='ocrx_word' id='word_1_139' title='bbox 3447 582 3542 634; x_wconf 86' lang='lat' dir='ltr'><strong>ad-</strong></span> 
     </span>
    </p>
   </div>
   <div class='ocr_carea' id='block_1_21' title="bbox 1954 661 3538 738">
    <p class='ocr_par' dir='ltr' id='par_1_21' title="bbox 1954 661 3538 738">
     <span class='ocr_line' id='line_1_21' title="bbox 1954 661 3538 738; baseline 0.007 -23"><span class='ocrx_word' id='word_1_140' title='bbox 1954 661 2222 719; x_wconf 83' lang='lat' dir='ltr'><strong>mirabilis</strong></span> <span class='ocrx_word' id='word_1_141' title='bbox 2252 671 2339 720; x_wconf 92' lang='lat' dir='ltr'><strong>est</strong></span> <span class='ocrx_word' id='word_1_142' title='bbox 2370 663 2589 727; x_wconf 86' lang='lat' dir='ltr'><strong>Petrus,</strong></span> <span class='ocrx_word' id='word_1_143' title='bbox 2629 667 2724 734; x_wconf 92' lang='lat' dir='ltr'><strong>qui</strong></span> <span class='ocrx_word' id='word_1_144' title='bbox 2773 665 2912 720; x_wconf 87' lang='lat' dir='ltr'><strong>nihil</strong></span> <span class='ocrx_word' id='word_1_145' title='bbox 2955 665 3170 722; x_wconf 84' lang='lat' dir='ltr'><strong>veritus</strong></span> <span class='ocrx_word' id='word_1_146' title='bbox 3217 669 3538 738; x_wconf 83' lang='lat' dir='ltr'><strong>opinionem</strong></span> 
     </span>
    </p>
   </div>
   <div class='ocr_carea' id='block_1_22' title="bbox 1955 757 3538 830">
    <p class='ocr_par' dir='ltr' id='par_1_22' title="bbox 1955 757 3538 830">
     <span class='ocr_line' id='line_1_22' title="bbox 1955 757 3538 830; baseline 0.005 -20"><span class='ocrx_word' id='word_1_147' title='bbox 1955 757 2275 825; x_wconf 72' lang='lat' dir='ltr'><strong>tarditatis,</strong></span> <span class='ocrx_word' id='word_1_148' title='bbox 2334 773 2458 828; x_wconf 84' lang='lat' dir='ltr'><strong>quae</strong></span> <span class='ocrx_word' id='word_1_149' title='bbox 2498 758 2795 830; x_wconf 81' lang='lat' dir='ltr'><strong>ignorabat</strong></span> <span class='ocrx_word' id='word_1_150' title='bbox 2860 760 3056 829; x_wconf 76' lang='lat' dir='ltr'><strong>quaerit</strong></span> <span class='ocrx_word' id='word_1_151' title='bbox 3125 759 3388 827; x_wconf 90' lang='lat' dir='ltr'><strong>edoceri,</strong></span> <span class='ocrx_word' id='word_1_152' title='bbox 3441 765 3538 818; x_wconf 86' lang='lat' dir='ltr'><strong>sed</strong></span> 
     </span>
    </p>
   </div>
   <div class='ocr_carea' id='block_1_23' title="bbox 1955 849 3538 924">
    <p class='ocr_par' dir='ltr' id='par_1_23' title="bbox 1955 849 3538 924">
     <span class='ocr_line' id='line_1_23' title="bbox 1955 849 3538 924; baseline 0.003 -20"><span class='ocrx_word' id='word_1_153' title='bbox 1955 864 2173 904; x_wconf 91' lang='lat' dir='ltr'><strong>summo</strong></span> <span class='ocrx_word' id='word_1_154' title='bbox 2205 849 2394 906; x_wconf 91' lang='lat' dir='ltr'><strong>studio</strong></span> <span class='ocrx_word' id='word_1_155' title='bbox 2427 867 2486 906; x_wconf 91' lang='lat' dir='ltr'><strong>se</strong></span> <span class='ocrx_word' id='word_1_156' title='bbox 2519 866 2586 907; x_wconf 90' lang='lat' dir='ltr'><strong>eo</strong></span> <span class='ocrx_word' id='word_1_157' title='bbox 2617 850 2857 916; x_wconf 89' lang='lat' dir='ltr'><strong>confert,</strong></span> <span class='ocrx_word' id='word_1_158' title='bbox 2903 853 3292 922; x_wconf 87' lang='lat' dir='ltr'><strong>intempestivo</strong></span> <span class='ocrx_word' id='word_1_159' title='bbox 3339 855 3538 924; x_wconf 89' lang='lat' dir='ltr'><strong>pudori</strong></span> 
     </span>
    </p>
   </div>
   <div class='ocr_carea' id='block_1_24' title="bbox 1953 942 3539 1015">
    <p class='ocr_par' dir='ltr' id='par_1_24' title="bbox 1953 942 3539 1015">
     <span class='ocr_line' id='line_1_24' title="bbox 1953 942 3539 1015; baseline 0.003 -19"><span class='ocrx_word' id='word_1_160' title='bbox 1953 942 2252 999; x_wconf 84' lang='lat' dir='ltr'><strong>utilitatem</strong></span> <span class='ocrx_word' id='word_1_161' title='bbox 2287 943 2622 1000; x_wconf 88' lang='lat' dir='ltr'><strong>eruditionis</strong></span> <span class='ocrx_word' id='word_1_162' title='bbox 2657 943 2981 1015; x_wconf 66' lang='lat' dir='ltr'><strong>praeferens,</strong></span> <span class='ocrx_word' id='word_1_163' title='bbox 3019 953 3080 999; x_wconf 92' lang='lat' dir='ltr'><strong>ut</strong></span> <span class='ocrx_word' id='word_1_164' title='bbox 3126 945 3180 1000; x_wconf 93' lang='lat' dir='ltr'><strong>in</strong></span> <span class='ocrx_word' id='word_1_165' title='bbox 3223 945 3329 1000; x_wconf 88' lang='lat' dir='ltr'><strong>hoc</strong></span> <span class='ocrx_word' id='word_1_166' title='bbox 3371 947 3539 1000; x_wconf 88' lang='lat' dir='ltr'><strong>etiam</strong></span> 
     </span>
    </p>
   </div>
   <div class='ocr_carea' id='block_1_25' title="bbox 1953 1035 3542 1107">
    <p class='ocr_par' dir='ltr' id='par_1_25' title="bbox 1953 1035 3542 1107">
     <span class='ocr_line' id='line_1_25' title="bbox 1953 1035 3542 1107; baseline 0 -15"><span class='ocrx_word' id='word_1_167' title='bbox 1953 1035 2076 1092; x_wconf 83' lang='lat' dir='ltr'><strong>suis</strong></span> <span class='ocrx_word' id='word_1_168' title='bbox 2121 1037 2359 1106; x_wconf 88' lang='lat' dir='ltr'><strong>posteris</strong></span> <span class='ocrx_word' id='word_1_169' title='bbox 2411 1037 2666 1107; x_wconf 81' lang='lat' dir='ltr'><strong>exemplo</strong></span> <span class='ocrx_word' id='word_1_170' title='bbox 2717 1052 2784 1092; x_wconf 91' lang='lat' dir='ltr'><strong>ac</strong></span> <span class='ocrx_word' id='word_1_171' title='bbox 2831 1037 3166 1093; x_wconf 89' lang='lat' dir='ltr'><strong>documento</strong></span> <span class='ocrx_word' id='word_1_172' title='bbox 3217 1049 3386 1094; x_wconf 88' lang='lat' dir='ltr'><strong>esset.</strong></span> <span class='ocrx_word' id='word_1_173' title='bbox 3427 1037 3542 1094; x_wconf 82' lang='lat' dir='ltr'><strong>Nec</strong></span> 
     </span>
    </p>
   </div>
   <div class='ocr_carea' id='block_1_26' title="bbox 1952 1127 3540 1198">
    <p class='ocr_par' dir='ltr' id='par_1_26' title="bbox 1952 1127 3540 1198">
     <span class='ocr_line' id='line_1_26' title="bbox 1952 1127 3540 1198; baseline 0.001 -16"><span class='ocrx_word' id='word_1_174' title='bbox 1952 1127 2101 1182; x_wconf 88' lang='lat' dir='ltr'><strong>enim</strong></span> <span class='ocrx_word' id='word_1_175' title='bbox 2165 1127 2410 1183; x_wconf 83' lang='lat' dir='ltr'><strong>arbitror</strong></span> <span class='ocrx_word' id='word_1_176' title='bbox 2468 1129 2850 1198; x_wconf 67' lang='lat' dir='ltr'><strong>praetereunda</strong></span> <span class='ocrx_word' id='word_1_177' title='bbox 2888 1128 3058 1184; x_wconf 85' lang='lat' dir='ltr'><strong>verba</strong></span> <span class='ocrx_word' id='word_1_178' title='bbox 3117 1129 3441 1184; x_wconf 88' lang='lat' dir='ltr'><strong>docentium</strong></span> <span class='ocrx_word' id='word_1_179' title='bbox 3491 1130 3540 1185; x_wconf 89' lang='lat' dir='ltr'><strong>si</strong></span> 
     </span>
    </p>
   </div>
   <div class='ocr_carea' id='block_1_27' title="bbox 1953 1218 3543 1289">
    <p class='ocr_par' dir='ltr' id='par_1_27' title="bbox 1953 1218 3543 1289">
     <span class='ocr_line' id='line_1_27' title="bbox 1953 1218 3543 1289; baseline 0 -17"><span class='ocrx_word' id='word_1_180' title='bbox 1953 1219 2120 1289; x_wconf 86' lang='lat' dir='ltr'><strong>paulo</strong></span> <span class='ocrx_word' id='word_1_181' title='bbox 2157 1218 2270 1274; x_wconf 90' lang='lat' dir='ltr'><strong>sint</strong></span> <span class='ocrx_word' id='word_1_182' title='bbox 2311 1219 2660 1285; x_wconf 79' lang='lat' dir='ltr'><strong>obscuriora,</strong></span> <span class='ocrx_word' id='word_1_183' title='bbox 2695 1226 2756 1274; x_wconf 90' lang='lat' dir='ltr'><strong>ut</strong></span> <span class='ocrx_word' id='word_1_184' title='bbox 2790 1218 3076 1274; x_wconf 82' lang='lat' dir='ltr'><strong>videamur</strong></span> <span class='ocrx_word' id='word_1_185' title='bbox 3103 1233 3230 1275; x_wconf 83' lang='lat' dir='ltr'><strong>esse</strong></span> <span class='ocrx_word' id='word_1_186' title='bbox 3259 1218 3454 1288; x_wconf 88' lang='lat' dir='ltr'><strong>aliqui,</strong></span> <span class='ocrx_word' id='word_1_187' title='bbox 3487 1227 3543 1274; x_wconf 89' lang='lat' dir='ltr'><strong>et</strong></span> 
     </span>
    </p>
   </div>
   <div class='ocr_carea' id='block_1_28' title="bbox 1954 1309 3542 1382">
    <p class='ocr_par' dir='ltr' id='par_1_28' title="bbox 1954 1309 3542 1382">
     <span class='ocr_line' id='line_1_28' title="bbox 1954 1309 3542 1382; baseline 0 -16"><span class='ocrx_word' id='word_1_188' title='bbox 1954 1311 2140 1380; x_wconf 78' lang='lat' dir='ltr'><strong>sagaci</strong></span> <span class='ocrx_word' id='word_1_189' title='bbox 2178 1318 2343 1382; x_wconf 89' lang='lat' dir='ltr'><strong>atque</strong></span> <span class='ocrx_word' id='word_1_190' title='bbox 2377 1309 2542 1366; x_wconf 85' lang='lat' dir='ltr'><strong>acuto</strong></span> <span class='ocrx_word' id='word_1_191' title='bbox 2579 1310 2850 1380; x_wconf 88' lang='lat' dir='ltr'><strong>imprimis</strong></span> <span class='ocrx_word' id='word_1_192' title='bbox 2899 1311 3123 1381; x_wconf 86' lang='lat' dir='ltr'><strong>ingenio</strong></span> <span class='ocrx_word' id='word_1_193' title='bbox 3150 1310 3408 1381; x_wconf 69' lang='lat' dir='ltr'><strong>praediti,</strong></span> <span class='ocrx_word' id='word_1_194' title='bbox 3444 1311 3542 1366; x_wconf 89' lang='lat' dir='ltr'><strong>sed</strong></span> 
     </span>
    </p>
   </div>
   <div class='ocr_carea' id='block_1_29' title="bbox 1955 1403 3543 1478">
    <p class='ocr_par' dir='ltr' id='par_1_29' title="bbox 1955 1403 3543 1478">
     <span class='ocr_line' id='line_1_29' title="bbox 1955 1403 3543 1478; baseline 0 -20"><span class='ocrx_word' id='word_1_195' title='bbox 1955 1403 2355 1459; x_wconf 87' lang='lat' dir='ltr'><strong>sciscitandum</strong></span> <span class='ocrx_word' id='word_1_196' title='bbox 2391 1406 2599 1476; x_wconf 88' lang='lat' dir='ltr'><strong>potius,</strong></span> <span class='ocrx_word' id='word_1_197' title='bbox 2645 1415 2700 1461; x_wconf 89' lang='lat' dir='ltr'><strong>et</strong></span> <span class='ocrx_word' id='word_1_198' title='bbox 2725 1407 2889 1462; x_wconf 86' lang='lat' dir='ltr'><strong>docte</strong></span> <span class='ocrx_word' id='word_1_199' title='bbox 2924 1405 3246 1478; x_wconf 83' lang='lat' dir='ltr'><strong>agitandum</strong></span> <span class='ocrx_word' id='word_1_200' title='bbox 3294 1405 3442 1477; x_wconf 89' lang='lat' dir='ltr'><strong>quod</strong></span> <span class='ocrx_word' id='word_1_201' title='bbox 3473 1405 3543 1459; x_wconf 91' lang='lat' dir='ltr'><strong>ad</strong></span> 
     </span>
    </p>
   </div>
   <div class='ocr_carea' id='block_1_30' title="bbox 1955 1495 3545 1568">
    <p class='ocr_par' dir='ltr' id='par_1_30' title="bbox 1955 1495 3545 1568">
     <span class='ocr_line' id='line_1_30' title="bbox 1955 1495 3545 1568; baseline 0.002 -20"><span class='ocrx_word' id='word_1_202' title='bbox 1955 1495 2248 1550; x_wconf 88' lang='lat' dir='ltr'><strong>utilitatem</strong></span> <span class='ocrx_word' id='word_1_203' title='bbox 2283 1495 2446 1550; x_wconf 91' lang='lat' dir='ltr'><strong>initio</strong></span> <span class='ocrx_word' id='word_1_204' title='bbox 2474 1497 2822 1567; x_wconf 91' lang='lat' dir='ltr'><strong>propositum</strong></span> <span class='ocrx_word' id='word_1_205' title='bbox 2857 1497 2950 1553; x_wconf 90' lang='lat' dir='ltr'><strong>sit.</strong></span> <span class='ocrx_word' id='word_1_206' title='bbox 2984 1497 3156 1552; x_wconf 87' lang='lat' dir='ltr'><strong>Multo</strong></span> <span class='ocrx_word' id='word_1_207' title='bbox 3184 1496 3330 1553; x_wconf 89' lang='lat' dir='ltr'><strong>enim</strong></span> <span class='ocrx_word' id='word_1_208' title='bbox 3361 1499 3545 1568; x_wconf 90' lang='lat' dir='ltr'><strong>potior</strong></span> 
     </span>
    </p>
   </div>
   <div class='ocr_carea' id='block_1_31' title="bbox 1954 1586 3544 1659">
    <p class='ocr_par' dir='ltr' id='par_1_31' title="bbox 1954 1586 3544 1659">
     <span class='ocr_line' id='line_1_31' title="bbox 1954 1586 3544 1659; baseline 0.002 -19"><span class='ocrx_word' id='word_1_209' title='bbox 1954 1593 2036 1641; x_wconf 91' lang='lat' dir='ltr'><strong>est</strong></span> <span class='ocrx_word' id='word_1_210' title='bbox 2068 1587 2146 1641; x_wconf 89' lang='lat' dir='ltr'><strong>rei</strong></span> <span class='ocrx_word' id='word_1_211' title='bbox 2172 1586 2326 1643; x_wconf 89' lang='lat' dir='ltr'><strong>utilis</strong></span> <span class='ocrx_word' id='word_1_212' title='bbox 2363 1587 2606 1657; x_wconf 79' lang='lat' dir='ltr'><strong>cognitio</strong></span> <span class='ocrx_word' id='word_1_213' title='bbox 2632 1603 2797 1659; x_wconf 90' lang='lat' dir='ltr'><strong>quam</strong></span> <span class='ocrx_word' id='word_1_214' title='bbox 2829 1604 2969 1644; x_wconf 87' lang='lat' dir='ltr'><strong>vana</strong></span> <span class='ocrx_word' id='word_1_215' title='bbox 3000 1588 3288 1659; x_wconf 67' lang='lat' dir='ltr'><strong>sapientia:</strong></span> <span class='ocrx_word' id='word_1_216' title='bbox 3317 1603 3544 1657; x_wconf 90' lang='lat' dir='ltr'><strong>persua-</strong></span> 
     </span>
    </p>
   </div>
   <div class='ocr_carea' id='block_1_32' title="bbox 1956 1679 3542 1754">
    <p class='ocr_par' dir='ltr' id='par_1_32' title="bbox 1956 1679 3542 1754">
     <span class='ocr_line' id='line_1_32' title="bbox 1956 1679 3542 1754; baseline 0.001 -20"><span class='ocrx_word' id='word_1_217' title='bbox 1956 1679 2063 1743; x_wconf 92' lang='lat' dir='ltr'><strong>sio,</strong></span> <span class='ocrx_word' id='word_1_218' title='bbox 2119 1685 2176 1734; x_wconf 90' lang='lat' dir='ltr'><strong>et</strong></span> <span class='ocrx_word' id='word_1_219' title='bbox 2213 1695 2344 1735; x_wconf 84' lang='lat' dir='ltr'><strong>vere</strong></span> <span class='ocrx_word' id='word_1_220' title='bbox 2395 1681 2605 1752; x_wconf 92' lang='lat' dir='ltr'><strong>aliquid</strong></span> <span class='ocrx_word' id='word_1_221' title='bbox 2661 1681 2931 1739; x_wconf 87' lang='lat' dir='ltr'><strong>didicisse</strong></span> <span class='ocrx_word' id='word_1_222' title='bbox 2983 1683 3182 1739; x_wconf 88' lang='lat' dir='ltr'><strong>melius</strong></span> <span class='ocrx_word' id='word_1_223' title='bbox 3237 1696 3323 1738; x_wconf 88' lang='lat' dir='ltr'><strong>est</strong></span> <span class='ocrx_word' id='word_1_224' title='bbox 3376 1697 3542 1754; x_wconf 86' lang='lat' dir='ltr'><strong>quam</strong></span> 
     </span>
    </p>
   </div>
   <div class='ocr_carea' id='block_1_33' title="bbox 1960 1771 2337 1826">
    <p class='ocr_par' dir='ltr' id='par_1_33' title="bbox 1960 1771 2337 1826">
     <span class='ocr_line' id='line_1_33' title="bbox 1960 1771 2337 1826; baseline 0 0"><span class='ocrx_word' id='word_1_225' title='bbox 1960 1771 2103 1826; x_wconf 90' lang='lat' dir='ltr'><strong>scire</strong></span> <span class='ocrx_word' id='word_1_226' title='bbox 2134 1771 2337 1826; x_wconf 88' lang='lat' dir='ltr'><strong>videri.</strong></span> 
     </span>
    </p>
   </div>
   <div class='ocr_carea' id='block_1_34' title="bbox 340 1853 1857 1938">
    <p class='ocr_par' dir='ltr' id='par_1_34' title="bbox 340 1853 1849 1929">
     <span class='ocr_line' id='line_1_34' title="bbox 340 1853 1849 1929; baseline 0.003 -22"><span class='ocrx_word' id='word_1_227' title='bbox 340 1853 658 1922; x_wconf 77' lang='grc' dir='ltr'>Ἀπεκρίθη</span> <span class='ocrx_word' id='word_1_228' title='bbox 678 1855 842 1920; x_wconf 84' lang='grc' dir='ltr'><strong>αὐτῷ</strong></span> <span class='ocrx_word' id='word_1_229' title='bbox 879 1860 912 1911; x_wconf 79' lang='grc' dir='ltr'><em>ὁ</em></span> <span class='ocrx_word' id='word_1_230' title='bbox 946 1857 1189 1928; x_wconf 85' lang='grc' dir='ltr'>Ἰησοῦς</span> <span class='ocrx_word' id='word_1_231' title='bbox 1213 1875 1226 1889; x_wconf 72' lang='grc' dir='ltr'><strong><em>ο</em></strong></span> <span class='ocrx_word' id='word_1_232' title='bbox 1260 1859 1443 1913; x_wconf 84' lang='grc' dir='ltr'>Ὅπου</span> <span class='ocrx_word' id='word_1_233' title='bbox 1480 1859 1595 1928; x_wconf 68' lang='grc' dir='ltr'><strong>ἐγὼ</strong></span> <span class='ocrx_word' id='word_1_234' title='bbox 1617 1860 1849 1929; x_wconf 82' lang='grc' dir='ltr'><strong>ὑπάγω,</strong></span> 
     </span>
    </p>
   </div>
   <div class='ocr_carea' id='block_1_35' title="bbox 1961 1853 3543 1938">
    <p class='ocr_par' dir='ltr' id='par_1_35' title="bbox 2031 1861 3543 1938">
     <span class='ocr_line' id='line_1_35' title="bbox 2031 1861 3543 1938; baseline 0.005 -22"><span class='ocrx_word' id='word_1_235' title='bbox 2031 1862 2183 1928; x_wconf 78' lang='lat' dir='ltr'><strong>XIII,</strong></span> <span class='ocrx_word' id='word_1_236' title='bbox 2221 1863 2314 1920; x_wconf 75' lang='lat'><strong>56.</strong></span> <span class='ocrx_word' id='word_1_237' title='bbox 2355 1861 2650 1934; x_wconf 80' lang='lat' dir='ltr'><strong>Respondit</strong></span> <span class='ocrx_word' id='word_1_238' title='bbox 2687 1865 2893 1921; x_wconf 75' lang='lat' dir='ltr'><strong>Jews:</strong></span> <span class='ocrx_word' id='word_1_239' title='bbox 2937 1866 3055 1932; x_wconf 84' lang='lat' dir='ltr'><strong>Quo</strong></span> <span class='ocrx_word' id='word_1_240' title='bbox 3093 1884 3186 1938; x_wconf 85' lang='lat' dir='ltr'><strong>ego</strong></span> <span class='ocrx_word' id='word_1_241' title='bbox 3237 1869 3394 1933; x_wconf 72' lang='lat' dir='ltr'><strong>vado,</strong></span> <span class='ocrx_word' id='word_1_242' title='bbox 3438 1883 3543 1923; x_wconf 84' lang='lat' dir='ltr'><strong>non</strong></span> 
     </span>
    </p>
   </div>
   <div class='ocr_carea' id='block_1_36' title="bbox 251 1942 1854 2016">
    <p class='ocr_par' dir='ltr' id='par_1_36' title="bbox 251 1942 1854 2016">
     <span class='ocr_line' id='line_1_36' title="bbox 251 1942 1854 2016; baseline 0.003 -19"><span class='ocrx_word' id='word_1_243' title='bbox 251 1944 329 1997; x_wconf 79' lang='grc' dir='ltr'>οὐ</span> <span class='ocrx_word' id='word_1_244' title='bbox 347 1942 618 2000; x_wconf 72' lang='grc' dir='ltr'>δύνασαι</span> <span class='ocrx_word' id='word_1_245' title='bbox 635 1963 740 2015; x_wconf 85' lang='grc' dir='ltr'><strong>μοι</strong></span> <span class='ocrx_word' id='word_1_246' title='bbox 764 1946 884 2002; x_wconf 75' lang='grc' dir='ltr'><strong>νῦν</strong></span> <span class='ocrx_word' id='word_1_247' title='bbox 905 1948 1285 2015; x_wconf 79' lang='grc' dir='ltr'>ἀκολουθεῖν,</span> <span class='ocrx_word' id='word_1_248' title='bbox 1316 1949 1762 2016; x_wconf 74' lang='grc' dir='ltr'>ἀκολουθήσεις</span> <span class='ocrx_word' id='word_1_249' title='bbox 1784 1948 1854 2002; x_wconf 83' lang='grc' dir='ltr'>δὲ</span> 
     </span>
    </p>
   </div>
   <div class='ocr_carea' id='block_1_37' title="bbox 251 2037 544 2104">
    <p class='ocr_par' dir='ltr' id='par_1_37' title="bbox 251 2037 544 2104">
     <span class='ocr_line' id='line_1_37' title="bbox 251 2037 544 2104; baseline -0.003 -12"><span class='ocrx_word' id='word_1_250' title='bbox 251 2037 544 2104; x_wconf 76' lang='grc' dir='ltr'>ὕστερον.</span> 
     </span>
    </p>
   </div>
   <div class='ocr_carea' id='block_1_38' title="bbox 329 2129 1856 2208">
    <p class='ocr_par' dir='ltr' id='par_1_38' title="bbox 329 2129 1856 2208">
     <span class='ocr_line' id='line_1_38' title="bbox 329 2129 1856 2208; baseline 0.005 -25"><span class='ocrx_word' id='word_1_251' title='bbox 329 2129 504 2194; x_wconf 79' lang='grc' dir='ltr'>Εἰδὼς</span> <span class='ocrx_word' id='word_1_252' title='bbox 533 2131 618 2184; x_wconf 83' lang='grc' dir='ltr'>ὅτι</span> <span class='ocrx_word' id='word_1_253' title='bbox 645 2130 872 2206; x_wconf 83' lang='grc' dir='ltr'>βαρεῖάν</span> <span class='ocrx_word' id='word_1_254' title='bbox 900 2151 959 2188; x_wconf 88' lang='grc' dir='ltr'><strong>τε</strong></span> <span class='ocrx_word' id='word_1_255' title='bbox 990 2134 1085 2188; x_wconf 76' lang='grc' dir='ltr'><strong>καὶ</strong></span> <span class='ocrx_word' id='word_1_256' title='bbox 1108 2133 1350 2206; x_wconf 86' lang='grc' dir='ltr'>δυσαχθῆ</span> <span class='ocrx_word' id='word_1_257' title='bbox 1378 2136 1492 2199; x_wconf 87' lang='grc' dir='ltr'>τοῖς</span> <span class='ocrx_word' id='word_1_258' title='bbox 1524 2136 1720 2191; x_wconf 79' lang='grc' dir='ltr'>ἐαυτοῦ</span> <span class='ocrx_word' id='word_1_259' title='bbox 1751 2154 1856 2208; x_wconf 89' lang='grc' dir='ltr'>μα-</span> 
     </span>
    </p>
   </div>
   <div class='ocr_carea' id='block_1_39' title="bbox 251 2223 1855 2298">
    <p class='ocr_par' dir='ltr' id='par_1_39' title="bbox 251 2223 1855 2298">
     <span class='ocr_line' id='line_1_39' title="bbox 251 2223 1855 2298; baseline 0.006 -22"><span class='ocrx_word' id='word_1_260' title='bbox 251 2223 453 2294; x_wconf 82' lang='grc' dir='ltr'>θηταῖς</span> <span class='ocrx_word' id='word_1_261' title='bbox 475 2223 694 2295; x_wconf 77' lang='grc' dir='ltr'>ἐνθήσει</span> <span class='ocrx_word' id='word_1_262' title='bbox 716 2226 818 2296; x_wconf 86' lang='grc' dir='ltr'>τὴν</span> <span class='ocrx_word' id='word_1_263' title='bbox 843 2226 1041 2298; x_wconf 83' lang='grc' dir='ltr'>λύπην,</span> <span class='ocrx_word' id='word_1_264' title='bbox 1077 2228 1382 2297; x_wconf 83' lang='grc' dir='ltr'>ἀναφανδὸν</span> <span class='ocrx_word' id='word_1_265' title='bbox 1411 2228 1584 2283; x_wconf 81' lang='grc' dir='ltr'>εἰπὼν</span> <span class='ocrx_word' id='word_1_266' title='bbox 1617 2229 1694 2294; x_wconf 83' lang='grc' dir='ltr'>ὡς</span> <span class='ocrx_word' id='word_1_267' title='bbox 1721 2231 1855 2284; x_wconf 89' lang='grc' dir='ltr'>ἀνα-</span> 
     </span>
    </p>
   </div>
   <div class='ocr_carea' id='block_1_40' title="bbox 251 2315 1853 2394">
    <p class='ocr_par' dir='ltr' id='par_1_40' title="bbox 251 2315 1853 2394">
     <span class='ocr_line' id='line_1_40' title="bbox 251 2315 1853 2394; baseline 0.004 -25"><span class='ocrx_word' id='word_1_268' title='bbox 251 2315 488 2387; x_wconf 75' lang='grc' dir='ltr'>ϐήσεται</span> <span class='ocrx_word' id='word_1_269' title='bbox 545 2319 648 2388; x_wconf 82' lang='grc' dir='ltr'><strong>μὲν</strong></span> <span class='ocrx_word' id='word_1_270' title='bbox 680 2320 762 2381; x_wconf 87' lang='grc' dir='ltr'><strong>εἰς</strong></span> <span class='ocrx_word' id='word_1_271' title='bbox 800 2320 1068 2393; x_wconf 81' lang='grc' dir='ltr'>οὐρανοὺς</span> <span class='ocrx_word' id='word_1_272' title='bbox 1093 2360 1108 2385; x_wconf 86' lang='grc'><strong>,</strong></span> <span class='ocrx_word' id='word_1_273' title='bbox 1153 2322 1396 2393; x_wconf 81' lang='grc' dir='ltr'>ἐρήμους</span> <span class='ocrx_word' id='word_1_274' title='bbox 1424 2322 1482 2376; x_wconf 88' lang='grc' dir='ltr'><strong>δέ</strong></span> <span class='ocrx_word' id='word_1_275' title='bbox 1511 2322 1615 2394; x_wconf 83' lang='grc' dir='ltr'>τῆς</span> <span class='ocrx_word' id='word_1_276' title='bbox 1657 2323 1853 2376; x_wconf 83' lang='grc' dir='ltr'>ἐαυτοῦ</span> 
     </span>
    </p>
   </div>
   <div class='ocr_carea' id='block_1_41' title="bbox 251 2408 1854 2484">
    <p class='ocr_par' dir='ltr' id='par_1_41' title="bbox 251 2408 1854 2484">
     <span class='ocr_line' id='line_1_41' title="bbox 251 2408 1854 2484; baseline 0.005 -22"><span class='ocrx_word' id='word_1_277' title='bbox 251 2408 569 2479; x_wconf 83' lang='grc' dir='ltr'>παρουσίας</span> <span class='ocrx_word' id='word_1_278' title='bbox 598 2409 751 2464; x_wconf 80' lang='grc' dir='ltr'>ἐάσει</span> <span class='ocrx_word' id='word_1_279' title='bbox 777 2413 920 2465; x_wconf 85' lang='grc' dir='ltr'>κατὰ</span> <span class='ocrx_word' id='word_1_280' title='bbox 945 2411 1044 2484; x_wconf 77' lang='grc' dir='ltr'>τὴν</span> <span class='ocrx_word' id='word_1_281' title='bbox 1070 2413 1198 2484; x_wconf 83' lang='grc' dir='ltr'>γῆν,</span> <span class='ocrx_word' id='word_1_282' title='bbox 1219 2415 1268 2466; x_wconf 88' lang='grc' dir='ltr'><strong>εί</strong></span> <span class='ocrx_word' id='word_1_283' title='bbox 1295 2415 1390 2468; x_wconf 71' lang='grc' dir='ltr'><strong>καὶ</strong></span> <span class='ocrx_word' id='word_1_284' title='bbox 1412 2415 1666 2470; x_wconf 83' lang='grc' dir='ltr'>συνέσται</span> <span class='ocrx_word' id='word_1_285' title='bbox 1691 2416 1854 2470; x_wconf 88' lang='grc' dir='ltr'>πάλιν</span> 
     </span>
    </p>
   </div>
   <div class='ocr_carea' id='block_1_42' title="bbox 250 2499 1855 2579">
    <p class='ocr_par' dir='ltr' id='par_1_42' title="bbox 250 2499 1855 2579">
     <span class='ocr_line' id='line_1_42' title="bbox 250 2499 1855 2579; baseline 0.006 -27"><span class='ocrx_word' id='word_1_286' title='bbox 250 2499 332 2564; x_wconf 81' lang='grc' dir='ltr'>ὡς</span> <span class='ocrx_word' id='word_1_287' title='bbox 365 2500 525 2566; x_wconf 81' lang='grc' dir='ltr'>Θεὸς,</span> <span class='ocrx_word' id='word_1_288' title='bbox 563 2501 970 2572; x_wconf 83' lang='grc' dir='ltr'>εὐπεριστόλως</span> <span class='ocrx_word' id='word_1_289' title='bbox 987 2506 1126 2576; x_wconf 79' lang='grc' dir='ltr'>πρὸς</span> <span class='ocrx_word' id='word_1_290' title='bbox 1153 2506 1217 2560; x_wconf 82' lang='grc' dir='ltr'>τὸ</span> <span class='ocrx_word' id='word_1_291' title='bbox 1247 2506 1421 2577; x_wconf 75' lang='grc' dir='ltr'>παρὸν</span> <span class='ocrx_word' id='word_1_292' title='bbox 1446 2507 1757 2579; x_wconf 83' lang='grc' dir='ltr'>ἀποχρῆται</span> <span class='ocrx_word' id='word_1_293' title='bbox 1776 2507 1855 2578; x_wconf 80' lang='grc' dir='ltr'>τῷ</span> 
     </span>
    </p>
   </div>
   <div class='ocr_carea' id='block_1_43' title="bbox 250 2591 1856 2671">
    <p class='ocr_par' dir='ltr' id='par_1_43' title="bbox 250 2591 1856 2671">
     <span class='ocr_line' id='line_1_43' title="bbox 250 2591 1856 2671; baseline 0.005 -27"><span class='ocrx_word' id='word_1_294' title='bbox 250 2591 426 2662; x_wconf 86' lang='grc' dir='ltr'>λόγῳ,</span> <span class='ocrx_word' id='word_1_295' title='bbox 461 2593 809 2648; x_wconf 86' lang='grc' dir='ltr'>διακλέπτων</span> <span class='ocrx_word' id='word_1_296' title='bbox 835 2595 1020 2666; x_wconf 80' lang='grc' dir='ltr'>ἠρέμα</span> <span class='ocrx_word' id='word_1_297' title='bbox 1040 2596 1135 2650; x_wconf 81' lang='grc' dir='ltr'>τοῦ</span> <span class='ocrx_word' id='word_1_298' title='bbox 1164 2598 1256 2652; x_wconf 81' lang='grc' dir='ltr'>νοῦ</span> <span class='ocrx_word' id='word_1_299' title='bbox 1285 2597 1384 2671; x_wconf 83' lang='grc' dir='ltr'>τὴν</span> <span class='ocrx_word' id='word_1_300' title='bbox 1408 2599 1714 2671; x_wconf 82' lang='grc' dir='ltr'>ἀκρίϐειαν.</span> <span class='ocrx_word' id='word_1_301' title='bbox 1743 2599 1856 2654; x_wconf 80' lang='grc' dir='ltr'>Καὶ</span> 
     </span>
    </p>
   </div>
   <div class='ocr_carea' id='block_1_44' title="bbox 251 2683 1856 2766">
    <p class='ocr_par' dir='ltr' id='par_1_44' title="bbox 251 2683 1856 2766">
     <span class='ocr_line' id='line_1_44' title="bbox 251 2683 1856 2766; baseline 0.007 -30"><span class='ocrx_word' id='word_1_302' title='bbox 251 2683 390 2752; x_wconf 80' lang='grc' dir='ltr'>γοῦν</span> <span class='ocrx_word' id='word_1_303' title='bbox 420 2684 523 2738; x_wconf 84' lang='grc' dir='ltr'><strong>οὐκ</strong></span> <span class='ocrx_word' id='word_1_304' title='bbox 547 2684 756 2750; x_wconf 77' lang='grc' dir='ltr'>εἰδότας</span> <span class='ocrx_word' id='word_1_305' title='bbox 783 2685 950 2757; x_wconf 84' lang='grc' dir='ltr'>ὁρῶν,</span> <span class='ocrx_word' id='word_1_306' title='bbox 971 2689 1031 2741; x_wconf 83' lang='grc' dir='ltr'><strong>ἐν</strong></span> <span class='ocrx_word' id='word_1_307' title='bbox 1062 2688 1212 2760; x_wconf 86' lang='grc' dir='ltr'>αὑτῷ</span> <span class='ocrx_word' id='word_1_308' title='bbox 1241 2689 1424 2761; x_wconf 86' lang='grc' dir='ltr'>μένειν</span> <span class='ocrx_word' id='word_1_309' title='bbox 1449 2693 1534 2763; x_wconf 84' lang='grc' dir='ltr'>ἐᾷ.</span> <span class='ocrx_word' id='word_1_310' title='bbox 1553 2691 1636 2747; x_wconf 87' lang='grc' dir='ltr'><strong>Τά</strong></span> <span class='ocrx_word' id='word_1_311' title='bbox 1661 2691 1856 2766; x_wconf 81' lang='grc' dir='ltr'>γάρτοι</span> 
     </span>
    </p>
   </div>
   <div class='ocr_carea' id='block_1_45' title="bbox 251 2776 1856 2851">
    <p class='ocr_par' dir='ltr' id='par_1_45' title="bbox 251 2776 1856 2851">
     <span class='ocr_line' id='line_1_45' title="bbox 251 2776 1856 2851; baseline 0.007 -22"><span class='ocrx_word' id='word_1_312' title='bbox 251 2776 452 2830; x_wconf 79' lang='grc' dir='ltr'>λυπεῖν</span> <span class='ocrx_word' id='word_1_313' title='bbox 491 2777 756 2844; x_wconf 79' lang='grc' dir='ltr'>εἰωθότα,</span> <span class='ocrx_word' id='word_1_314' title='bbox 815 2779 1138 2851; x_wconf 85' lang='grc' dir='ltr'>βαρυτέροις</span> <span class='ocrx_word' id='word_1_315' title='bbox 1179 2782 1292 2836; x_wconf 81' lang='grc' dir='ltr'>ἔσθ’</span> <span class='ocrx_word' id='word_1_316' title='bbox 1326 2784 1416 2838; x_wconf 84' lang='grc' dir='ltr'><strong>ὅτε</strong></span> <span class='ocrx_word' id='word_1_317' title='bbox 1461 2781 1856 2851; x_wconf 72' lang='grc' dir='ltr'>καταόκιάξειν</span> 
     </span>
    </p>
   </div>
   <div class='ocr_carea' id='block_1_46' title="bbox 252 2869 1856 2948">
    <p class='ocr_par' dir='ltr' id='par_1_46' title="bbox 252 2869 1856 2948">
     <span class='ocr_line' id='line_1_46' title="bbox 252 2869 1856 2948; baseline 0.004 -24"><span class='ocrx_word' id='word_1_318' title='bbox 252 2869 440 2938; x_wconf 85' lang='grc' dir='ltr'>λόγοις</span> <span class='ocrx_word' id='word_1_319' title='bbox 488 2870 593 2924; x_wconf 82' lang='grc' dir='ltr'>οὒκ</span> <span class='ocrx_word' id='word_1_320' title='bbox 643 2870 978 2943; x_wconf 81' lang='grc' dir='ltr'>ἀμελέτητον</span> <span class='ocrx_word' id='word_1_321' title='bbox 1018 2876 1131 2938; x_wconf 87' lang='grc' dir='ltr'>τοῖς</span> <span class='ocrx_word' id='word_1_322' title='bbox 1164 2877 1368 2945; x_wconf 86' lang='grc' dir='ltr'>σοφοῖς.</span> <span class='ocrx_word' id='word_1_323' title='bbox 1414 2877 1479 2930; x_wconf 82' lang='lat' dir='ltr'><strong>El</strong></span> <span class='ocrx_word' id='word_1_324' title='bbox 1507 2877 1616 2948; x_wconf 82' lang='grc' dir='ltr'>γὰρ</span> <span class='ocrx_word' id='word_1_325' title='bbox 1649 2878 1746 2932; x_wconf 78' lang='grc' dir='ltr'><strong>καὶ</strong></span> <span class='ocrx_word' id='word_1_326' title='bbox 1774 2878 1856 2931; x_wconf 83' lang='grc' dir='ltr'>ὅτι</span> 
     </span>
    </p>
   </div>
   <div class='ocr_carea' id='block_1_47' title="bbox 257 2963 1856 3041">
    <p class='ocr_par' dir='ltr' id='par_1_47' title="bbox 257 2963 1856 3041">
     <span class='ocr_line' id='line_1_47' title="bbox 257 2963 1856 3041; baseline 0.007 -27"><span class='ocrx_word' id='word_1_327' title='bbox 257 2963 504 3035; x_wconf 77' lang='grc' dir='ltr'>μάλιστα</span> <span class='ocrx_word' id='word_1_328' title='bbox 524 2964 626 3035; x_wconf 78' lang='grc' dir='ltr'>τῆς</span> <span class='ocrx_word' id='word_1_329' title='bbox 649 2963 1074 3039; x_wconf 81' lang='grc' dir='ltr'>ᾁνθρωπότητος</span> <span class='ocrx_word' id='word_1_330' title='bbox 1097 2968 1356 3039; x_wconf 87' lang='grc' dir='ltr'>ἀπαρχὴν</span> <span class='ocrx_word' id='word_1_331' title='bbox 1378 2970 1570 3024; x_wconf 80' lang='grc' dir='ltr'>ἑαυτὸν</span> <span class='ocrx_word' id='word_1_332' title='bbox 1589 2970 1856 3041; x_wconf 87' lang='grc' dir='ltr'>ἀνακομί-</span> 
     </span>
    </p>
   </div>
   <div class='ocr_carea' id='block_1_48' title="bbox 258 3056 1858 3132">
    <p class='ocr_par' dir='ltr' id='par_1_48' title="bbox 258 3056 1858 3132">
     <span class='ocr_line' id='line_1_48' title="bbox 258 3056 1858 3132; baseline 0.002 -20"><span class='ocrx_word' id='word_1_333' title='bbox 258 3057 367 3122; x_wconf 84' lang='grc' dir='ltr'>ζων</span> <span class='ocrx_word' id='word_1_334' title='bbox 394 3056 480 3130; x_wconf 83' lang='grc' dir='ltr'><strong>τῷ</strong></span> <span class='ocrx_word' id='word_1_335' title='bbox 503 3056 626 3128; x_wconf 89' lang='grc' dir='ltr'><strong>Θεῷ</strong></span> <span class='ocrx_word' id='word_1_336' title='bbox 644 3060 738 3113; x_wconf 76' lang='grc' dir='ltr'><strong>καὶ</strong></span> <span class='ocrx_word' id='word_1_337' title='bbox 766 3059 965 3132; x_wconf 75' lang='grc' dir='ltr'>Πατρὶ,</span> <span class='ocrx_word' id='word_1_338' title='bbox 985 3059 1084 3131; x_wconf 81' lang='grc' dir='ltr'>τὴν</span> <span class='ocrx_word' id='word_1_339' title='bbox 1105 3061 1187 3124; x_wconf 90' lang='grc' dir='ltr'><strong>εἰς</strong></span> <span class='ocrx_word' id='word_1_340' title='bbox 1211 3060 1274 3114; x_wconf 84' lang='grc' dir='ltr'><strong>τὸ</strong></span> <span class='ocrx_word' id='word_1_341' title='bbox 1295 3061 1430 3127; x_wconf 80' lang='grc' dir='ltr'>ἀνω,</span> <span class='ocrx_word' id='word_1_342' title='bbox 1463 3061 1560 3115; x_wconf 76' lang='grc' dir='ltr'><strong>καὶ</strong></span> <span class='ocrx_word' id='word_1_343' title='bbox 1587 3063 1668 3126; x_wconf 90' lang='grc' dir='ltr'><strong>εἰς</strong></span> <span class='ocrx_word' id='word_1_344' title='bbox 1691 3062 1858 3132; x_wconf 84' lang='grc' dir='ltr'>οὐρα-</span> 
     </span>
    </p>
   </div>
   <div class='ocr_carea' id='block_1_49' title="bbox 260 3150 1857 3225">
    <p class='ocr_par' dir='ltr' id='par_1_49' title="bbox 260 3150 1857 3225">
     <span class='ocr_line' id='line_1_49' title="bbox 260 3150 1857 3225; baseline 0.003 -22"><span class='ocrx_word' id='word_1_345' title='bbox 260 3151 383 3214; x_wconf 72' lang='grc' dir='ltr'>νοὺς</span> <span class='ocrx_word' id='word_1_346' title='bbox 417 3150 738 3221; x_wconf 86' lang='grc' dir='ltr'>ἀποδημίαν</span> <span class='ocrx_word' id='word_1_347' title='bbox 771 3150 1086 3217; x_wconf 86' lang='grc' dir='ltr'>ἐστέλλετο,</span> <span class='ocrx_word' id='word_1_348' title='bbox 1136 3151 1232 3206; x_wconf 81' lang='grc' dir='ltr'><strong>καὶ</strong></span> <span class='ocrx_word' id='word_1_349' title='bbox 1276 3152 1420 3223; x_wconf 82' lang='grc' dir='ltr'>ὑπὲρ</span> <span class='ocrx_word' id='word_1_350' title='bbox 1455 3154 1554 3225; x_wconf 82' lang='grc' dir='ltr'>τῆς</span> <span class='ocrx_word' id='word_1_351' title='bbox 1601 3153 1857 3208; x_wconf 84' lang='grc' dir='ltr'>ἁπάντων</span> 
     </span>
    </p>
   </div>
   <div class='ocr_carea' id='block_1_50' title="bbox 257 3238 1855 3317">
    <p class='ocr_par' dir='ltr' id='par_1_50' title="bbox 257 3238 1855 3317">
     <span class='ocr_line' id='line_1_50' title="bbox 257 3238 1855 3317; baseline 0.003 -23"><span class='ocrx_word' id='word_1_352' title='bbox 257 3241 604 3307; x_wconf 85' lang='grc' dir='ltr'>λυσιτελείας</span> <span class='ocrx_word' id='word_1_353' title='bbox 657 3242 721 3295; x_wconf 86' lang='grc' dir='ltr'>τὺ</span> <span class='ocrx_word' id='word_1_354' title='bbox 753 3241 1031 3314; x_wconf 85' lang='grc' dir='ltr'>δρώμενον</span> <span class='ocrx_word' id='word_1_355' title='bbox 1079 3238 1149 3314; x_wconf 79' lang='grc' dir='ltr'>ἦν</span> <span class='ocrx_word' id='word_1_356' title='bbox 1182 3243 1511 3314; x_wconf 85' lang='grc' dir='ltr'>(ἐνεκαίνισε</span> <span class='ocrx_word' id='word_1_357' title='bbox 1565 3244 1676 3316; x_wconf 82' lang='grc' dir='ltr'>γὰρ</span> <span class='ocrx_word' id='word_1_358' title='bbox 1722 3247 1855 3317; x_wconf 82' lang='grc' dir='ltr'>ἡμῖν</span> 
     </span>
    </p>
   </div>
   <div class='ocr_carea' id='block_1_51' title="bbox 257 3335 1858 3408">
    <p class='ocr_par' dir='ltr' id='par_1_51' title="bbox 257 3335 1858 3408">
     <span class='ocr_line' id='line_1_51' title="bbox 257 3335 1858 3408; baseline 0.001 -16"><span class='ocrx_word' id='word_1_359' title='bbox 257 3336 398 3400; x_wconf 75' lang='grc' dir='ltr'>ὁδὸν,</span> <span class='ocrx_word' id='word_1_360' title='bbox 435 3336 507 3406; x_wconf 72' lang='grc' dir='ltr'>ἢν</span> <span class='ocrx_word' id='word_1_361' title='bbox 535 3336 639 3390; x_wconf 81' lang='grc' dir='ltr'><strong>οὐκ</strong></span> <span class='ocrx_word' id='word_1_362' title='bbox 658 3335 776 3407; x_wconf 74' lang='grc' dir='ltr'>ᾔδει</span> <span class='ocrx_word' id='word_1_363' title='bbox 809 3336 1076 3408; x_wconf 88' lang='grc' dir='ltr'>πρότερον</span> <span class='ocrx_word' id='word_1_364' title='bbox 1107 3339 1142 3408; x_wconf 79' lang='grc' dir='ltr'><strong>ἡ</strong></span> <span class='ocrx_word' id='word_1_365' title='bbox 1171 3336 1464 3408; x_wconf 86' lang='grc' dir='ltr'>ἀνθρώπου</span> <span class='ocrx_word' id='word_1_366' title='bbox 1497 3337 1702 3408; x_wconf 79' lang='grc' dir='ltr'>φύσις),</span> <span class='ocrx_word' id='word_1_367' title='bbox 1721 3338 1858 3394; x_wconf 89' lang='grc' dir='ltr'>ἀλλά</span> 
     </span>
    </p>
   </div>
   <div class='ocr_carea' id='block_1_52' title="bbox 255 3428 1857 3500">
    <p class='ocr_par' dir='ltr' id='par_1_52' title="bbox 255 3428 1857 3500">
     <span class='ocr_line' id='line_1_52' title="bbox 255 3428 1857 3500; baseline 0.002 -18"><span class='ocrx_word' id='word_1_368' title='bbox 255 3444 321 3494; x_wconf 80' lang='grc' dir='ltr'><strong>γε</strong></span> <span class='ocrx_word' id='word_1_369' title='bbox 352 3431 475 3492; x_wconf 89' lang='grc' dir='ltr'>τοῖς</span> <span class='ocrx_word' id='word_1_370' title='bbox 507 3428 688 3496; x_wconf 82' lang='grc' dir='ltr'>ἁγίοις</span> <span class='ocrx_word' id='word_1_371' title='bbox 725 3428 1000 3500; x_wconf 87' lang='grc' dir='ltr'>μαθηταῖς</span> <span class='ocrx_word' id='word_1_372' title='bbox 1043 3429 1132 3483; x_wconf 80' lang='grc' dir='ltr'>ἀεὶ</span> <span class='ocrx_word' id='word_1_373' title='bbox 1166 3432 1408 3485; x_wconf 89' lang='grc' dir='ltr'>συνεῖναι</span> <span class='ocrx_word' id='word_1_374' title='bbox 1442 3431 1857 3499; x_wconf 79' lang='grc' dir='ltr'>σπουδάζουσιν,</span> 
     </span>
    </p>
   </div>
   <div class='ocr_carea' id='block_1_53' title="bbox 252 3516 1856 3596">
    <p class='ocr_par' dir='ltr' id='par_1_53' title="bbox 252 3516 1856 3596">
     <span class='ocr_line' id='line_1_53' title="bbox 252 3516 1856 3596; baseline 0.003 -23"><span class='ocrx_word' id='word_1_375' title='bbox 252 3521 318 3574; x_wconf 75' lang='grc' dir='ltr'>οὐ</span> <span class='ocrx_word' id='word_1_376' title='bbox 349 3520 592 3592; x_wconf 78' lang='grc' dir='ltr'>φορητὸν</span> <span class='ocrx_word' id='word_1_377' title='bbox 614 3516 757 3574; x_wconf 74' lang='grc' dir='ltr'>εἶναι</span> <span class='ocrx_word' id='word_1_378' title='bbox 785 3521 1091 3591; x_wconf 83' lang='grc' dir='ltr'>διεφαίνετο</span> <span class='ocrx_word' id='word_1_379' title='bbox 1133 3523 1196 3577; x_wconf 84' lang='grc' dir='ltr'>τὸ</span> <span class='ocrx_word' id='word_1_380' title='bbox 1232 3523 1564 3594; x_wconf 78' lang='grc' dir='ltr'>χωρίζεσθαι</span> <span class='ocrx_word' id='word_1_381' title='bbox 1592 3525 1856 3596; x_wconf 78' lang='grc' dir='ltr'>Χριστοῦ,</span> 
     </span>
    </p>
   </div>
   <div class='ocr_carea' id='block_1_54' title="bbox 254 3613 1860 3687">
    <p class='ocr_par' dir='ltr' id='par_1_54' title="bbox 254 3613 1860 3687">
     <span class='ocr_line' id='line_1_54' title="bbox 254 3613 1860 3687; baseline 0.001 -18"><span class='ocrx_word' id='word_1_382' title='bbox 254 3614 443 3669; x_wconf 72' lang='grc' dir='ltr'>καίτοι</span> <span class='ocrx_word' id='word_1_383' title='bbox 482 3613 740 3678; x_wconf 89' lang='grc' dir='ltr'>συνόντος</span> <span class='ocrx_word' id='word_1_384' title='bbox 777 3613 965 3678; x_wconf 81' lang='grc' dir='ltr'>αὐτοῖς</span> <span class='ocrx_word' id='word_1_385' title='bbox 991 3614 1081 3668; x_wconf 86' lang='grc' dir='ltr'><strong>διὰ</strong></span> <span class='ocrx_word' id='word_1_386' title='bbox 1104 3616 1305 3680; x_wconf 81' lang='grc' dir='ltr'>παντὸς</span> <span class='ocrx_word' id='word_1_387' title='bbox 1325 3619 1393 3687; x_wconf 83' lang='grc' dir='ltr'>τῇ</span> <span class='ocrx_word' id='word_1_388' title='bbox 1423 3614 1516 3669; x_wconf 79' lang='grc' dir='ltr'>τοῦ</span> <span class='ocrx_word' id='word_1_389' title='bbox 1539 3616 1683 3669; x_wconf 92' lang='grc' dir='ltr'>Πνεύ</span> <span class='ocrx_word' id='word_1_390' title='bbox 1691 3634 1860 3687; x_wconf 86' lang='grc' dir='ltr'>ματος</span> 
     </span>
    </p>
   </div>
   <div class='ocr_carea' id='block_1_55' title="bbox 255 3708 1860 3782">
    <p class='ocr_par' dir='ltr' id='par_1_55' title="bbox 255 3708 1860 3782">
     <span class='ocr_line' id='line_1_55' title="bbox 255 3708 1860 3782; baseline 0.001 -20"><span class='ocrx_word' id='word_1_391' title='bbox 255 3709 492 3780; x_wconf 80' lang='grc' dir='ltr'>δυνάμει</span> <span class='ocrx_word' id='word_1_392' title='bbox 513 3725 574 3761; x_wconf 91' lang='grc' dir='ltr'><strong>τε</strong></span> <span class='ocrx_word' id='word_1_393' title='bbox 599 3710 694 3762; x_wconf 72' lang='grc' dir='ltr'>καὶ</span> <span class='ocrx_word' id='word_1_394' title='bbox 717 3709 1032 3780; x_wconf 82' lang='grc' dir='ltr'>συνεργείᾳ.</span> <span class='ocrx_word' id='word_1_395' title='bbox 1079 3708 1405 3779; x_wconf 83' lang='grc' dir='ltr'>Ἀγνοοῦντα</span> <span class='ocrx_word' id='word_1_396' title='bbox 1424 3710 1604 3764; x_wconf 88' lang='grc' dir='ltr'>τοίνυν</span> <span class='ocrx_word' id='word_1_397' title='bbox 1631 3709 1724 3764; x_wconf 83' lang='grc' dir='ltr'><strong>τὸν</strong></span> <span class='ocrx_word' id='word_1_398' title='bbox 1752 3727 1860 3782; x_wconf 86' lang='grc' dir='ltr'>μα-</span> 
     </span>
    </p>
   </div>
   <div class='ocr_carea' id='block_1_56' title="bbox 256 3801 1858 3874">
    <p class='ocr_par' dir='ltr' id='par_1_56' title="bbox 256 3801 1858 3874">
     <span class='ocr_line' id='line_1_56' title="bbox 256 3801 1858 3874; baseline 0.001 -19"><span class='ocrx_word' id='word_1_399' title='bbox 256 3801 458 3871; x_wconf 84' lang='grc' dir='ltr'>κάριον</span> <span class='ocrx_word' id='word_1_400' title='bbox 501 3801 711 3872; x_wconf 81' lang='grc' dir='ltr'>Πέτρον</span> <span class='ocrx_word' id='word_1_401' title='bbox 763 3801 875 3855; x_wconf 81' lang='grc' dir='ltr'><strong>τῶν</strong></span> <span class='ocrx_word' id='word_1_402' title='bbox 915 3803 1225 3873; x_wconf 87' lang='grc' dir='ltr'>εἰρημένων</span> <span class='ocrx_word' id='word_1_403' title='bbox 1257 3802 1359 3874; x_wconf 82' lang='grc' dir='ltr'>τὴν</span> <span class='ocrx_word' id='word_1_404' title='bbox 1411 3802 1667 3873; x_wconf 87' lang='grc' dir='ltr'>δύναμιν,</span> <span class='ocrx_word' id='word_1_405' title='bbox 1719 3801 1858 3872; x_wconf 81' lang='grc' dir='ltr'>ὁμοῦ</span> 
     </span>
    </p>
   </div>
   <div class='ocr_carea' id='block_1_57' title="bbox 257 3892 1861 3966">
    <p class='ocr_par' dir='ltr' id='par_1_57' title="bbox 257 3892 1861 3966">
     <span class='ocr_line' id='line_1_57' title="bbox 257 3892 1861 3966; baseline 0.001 -20"><span class='ocrx_word' id='word_1_406' title='bbox 257 3897 374 3956; x_wconf 85' lang='grc' dir='ltr'>τοῖς</span> <span class='ocrx_word' id='word_1_407' title='bbox 396 3893 582 3958; x_wconf 79' lang='grc' dir='ltr'>ἄλλοις</span> <span class='ocrx_word' id='word_1_408' title='bbox 618 3892 920 3965; x_wconf 86' lang='grc' dir='ltr'>μαθηταῖς,</span> <span class='ocrx_word' id='word_1_409' title='bbox 967 3895 1025 3947; x_wconf 89' lang='grc' dir='ltr'><strong>ἐν</strong></span> <span class='ocrx_word' id='word_1_410' title='bbox 1071 3894 1254 3966; x_wconf 89' lang='grc' dir='ltr'>ταυτῷ</span> <span class='ocrx_word' id='word_1_411' title='bbox 1288 3895 1470 3966; x_wconf 91' lang='grc' dir='ltr'>μένειν</span> <span class='ocrx_word' id='word_1_412' title='bbox 1504 3897 1588 3966; x_wconf 79' lang='grc' dir='ltr'>ἐᾷ,</span> <span class='ocrx_word' id='word_1_413' title='bbox 1639 3896 1734 3950; x_wconf 74' lang='grc' dir='ltr'><strong>καὶ</strong></span> <span class='ocrx_word' id='word_1_414' title='bbox 1761 3895 1861 3949; x_wconf 86' lang='grc' dir='ltr'><strong>ούκ</strong></span> 
     </span>
    </p>
   </div>
   <div class='ocr_carea' id='block_1_58' title="bbox 258 3985 1861 4058">
    <p class='ocr_par' dir='ltr' id='par_1_58' title="bbox 258 3985 1861 4058">
     <span class='ocr_line' id='line_1_58' title="bbox 258 3985 1861 4058; baseline -0.001 -18"><span class='ocrx_word' id='word_1_415' title='bbox 258 3988 426 4050; x_wconf 76' lang='grc' dir='ltr'>εὐθὺς</span> <span class='ocrx_word' id='word_1_416' title='bbox 470 3987 729 4057; x_wconf 80' lang='grc' dir='ltr'>ἐφίστησι</span> <span class='ocrx_word' id='word_1_417' title='bbox 768 3989 837 4058; x_wconf 79' lang='grc' dir='ltr'>τῇ</span> <span class='ocrx_word' id='word_1_418' title='bbox 883 3985 993 4040; x_wconf 82' lang='grc' dir='ltr'>τῶν</span> <span class='ocrx_word' id='word_1_419' title='bbox 1017 3985 1328 4058; x_wconf 75' lang='grc' dir='ltr'>εἰρημένων</span> <span class='ocrx_word' id='word_1_420' title='bbox 1361 3987 1638 4058; x_wconf 77' lang='grc' dir='ltr'>ἀκριϐείᾳ,</span> <span class='ocrx_word' id='word_1_421' title='bbox 1665 3987 1861 4058; x_wconf 86' lang='grc' dir='ltr'>χρησί-</span> 
     </span>
    </p>
   </div>
   <div class='ocr_carea' id='block_1_59' title="bbox 265 4072 1862 4147">
    <p class='ocr_par' dir='ltr' id='par_1_59' title="bbox 265 4072 1862 4147">
     <span class='ocr_line' id='line_1_59' title="bbox 265 4072 1862 4147; baseline 0.003 -22"><span class='ocrx_word' id='word_1_422' title='bbox 265 4090 408 4143; x_wconf 87' lang='grc' dir='ltr'>μως,</span> <span class='ocrx_word' id='word_1_423' title='bbox 447 4072 612 4143; x_wconf 75' lang='grc' dir='ltr'>ἄχρις</span> <span class='ocrx_word' id='word_1_424' title='bbox 667 4073 735 4127; x_wconf 82' lang='grc' dir='ltr'><strong>ἂν</strong></span> <span class='ocrx_word' id='word_1_425' title='bbox 786 4074 972 4138; x_wconf 85' lang='grc' dir='ltr'>αὐτοῖς</span> <span class='ocrx_word' id='word_1_426' title='bbox 1021 4075 1114 4128; x_wconf 81' lang='grc' dir='ltr'><strong>τὸν</strong></span> <span class='ocrx_word' id='word_1_427' title='bbox 1163 4076 1508 4131; x_wconf 85' lang='grc' dir='ltr'>ἀνακτᾶσθαι</span> <span class='ocrx_word' id='word_1_428' title='bbox 1562 4075 1862 4147; x_wconf 86' lang='grc' dir='ltr'>δυνάμενον</span> 
     </span>
    </p>
   </div>
   <div class='ocr_carea' id='block_1_60' title="bbox 261 4161 1863 4237">
    <p class='ocr_par' dir='ltr' id='par_1_60' title="bbox 261 4161 1863 4237">
     <span class='ocr_line' id='line_1_60' title="bbox 261 4161 1863 4237; baseline 0.004 -23"><span class='ocrx_word' id='word_1_429' title='bbox 261 4163 592 4233; x_wconf 81' lang='grc' dir='ltr'>διαπερανεῖ</span> <span class='ocrx_word' id='word_1_430' title='bbox 615 4161 795 4232; x_wconf 87' lang='grc' dir='ltr'>λόγον.</span> <span class='ocrx_word' id='word_1_431' title='bbox 827 4163 999 4218; x_wconf 83' lang='grc' dir='ltr'>Τοῦτο</span> <span class='ocrx_word' id='word_1_432' title='bbox 1034 4167 1131 4220; x_wconf 72' lang='grc' dir='ltr'><strong>καὶ</strong></span> <span class='ocrx_word' id='word_1_433' title='bbox 1153 4167 1212 4218; x_wconf 85' lang='grc' dir='ltr'><strong>ἐν</strong></span> <span class='ocrx_word' id='word_1_434' title='bbox 1240 4169 1354 4229; x_wconf 87' lang='grc' dir='ltr'>τοῖς</span> <span class='ocrx_word' id='word_1_435' title='bbox 1381 4166 1580 4237; x_wconf 81' lang='grc' dir='ltr'>ἐφεξῆς</span> <span class='ocrx_word' id='word_1_436' title='bbox 1605 4166 1863 4222; x_wconf 80' lang='grc' dir='ltr'>ποιοῦντα</span> 
     </span>
    </p>
   </div>
   <div class='ocr_carea' id='block_1_61' title="bbox 263 4253 1857 4330">
    <p class='ocr_par' dir='ltr' id='par_1_61' title="bbox 263 4253 1857 4330">
     <span class='ocr_line' id='line_1_61' title="bbox 263 4253 1857 4330; baseline 0.002 -22"><span class='ocrx_word' id='word_1_437' title='bbox 263 4253 648 4326; x_wconf 86' lang='grc' dir='ltr'>θεωρήσομεν.</span> <span class='ocrx_word' id='word_1_438' title='bbox 666 4255 831 4325; x_wconf 82' lang='grc' dir='ltr'>Λέγει</span> <span class='ocrx_word' id='word_1_439' title='bbox 851 4256 962 4328; x_wconf 85' lang='grc' dir='ltr'><strong>γὰρ</strong></span> <span class='ocrx_word' id='word_1_440' title='bbox 979 4257 1116 4328; x_wconf 83' lang='grc' dir='ltr'>πρὸς</span> <span class='ocrx_word' id='word_1_441' title='bbox 1137 4257 1356 4322; x_wconf 83' lang='grc' dir='ltr'>αὐτούς·</span> <span class='ocrx_word' id='word_1_442' title='bbox 1377 4277 1394 4308; x_wconf 82' lang='grc' dir='ltr'><strong>ι</strong></span> <span class='ocrx_word' id='word_1_443' title='bbox 1421 4258 1695 4330; x_wconf 87' lang='grc' dir='ltr'>Συμφέρει</span> <span class='ocrx_word' id='word_1_444' title='bbox 1709 4260 1857 4330; x_wconf 83' lang='grc' dir='ltr'>ὑμῖν,</span> 
     </span>
    </p>
   </div>
   <div class='ocr_carea' id='block_1_62' title="bbox 264 4346 1862 4421">
    <p class='ocr_par' dir='ltr' id='par_1_62' title="bbox 264 4346 1862 4421">
     <span class='ocr_line' id='line_1_62' title="bbox 264 4346 1862 4421; baseline 0.004 -22"><span class='ocrx_word' id='word_1_445' title='bbox 264 4347 355 4400; x_wconf 81' lang='grc' dir='ltr'>ἶνα</span> <span class='ocrx_word' id='word_1_446' title='bbox 386 4346 503 4416; x_wconf 80' lang='grc' dir='ltr'>ἐγὼ</span> <span class='ocrx_word' id='word_1_447' title='bbox 537 4347 782 4402; x_wconf 83' lang='grc' dir='ltr'>ἀπέλθω.</span> <span class='ocrx_word' id='word_1_448' title='bbox 829 4348 958 4402; x_wconf 86' lang='grc' dir='ltr'>Ἐἀν</span> <span class='ocrx_word' id='word_1_449' title='bbox 997 4349 1104 4421; x_wconf 87' lang='grc' dir='ltr'>γὰρ</span> <span class='ocrx_word' id='word_1_450' title='bbox 1142 4349 1255 4418; x_wconf 85' lang='grc' dir='ltr'><strong>ἐγὼ</strong></span> <span class='ocrx_word' id='word_1_451' title='bbox 1305 4349 1380 4421; x_wconf 79' lang='grc' dir='ltr'><strong>μὴ</strong></span> <span class='ocrx_word' id='word_1_452' title='bbox 1412 4351 1658 4415; x_wconf 88' lang='grc' dir='ltr'>ἀπέλθω,</span> <span class='ocrx_word' id='word_1_453' title='bbox 1689 4353 1718 4405; x_wconf 88' lang='grc' dir='ltr'><strong>ὁ</strong></span> <span class='ocrx_word' id='word_1_454' title='bbox 1749 4353 1862 4405; x_wconf 86' lang='grc' dir='ltr'><strong>Πα-</strong></span> 
     </span>
    </p>
   </div>
   <div class='ocr_carea' id='block_1_63' title="bbox 265 4437 1859 4512">
    <p class='ocr_par' dir='ltr' id='par_1_63' title="bbox 265 4437 1859 4512">
     <span class='ocr_line' id='line_1_63' title="bbox 265 4437 1859 4512; baseline 0.003 -21"><span class='ocrx_word' id='word_1_455' title='bbox 265 4437 546 4509; x_wconf 85' lang='grc' dir='ltr'>ράκλητος</span> <span class='ocrx_word' id='word_1_456' title='bbox 567 4438 630 4491; x_wconf 77' lang='grc' dir='ltr'>οὐ</span> <span class='ocrx_word' id='word_1_457' title='bbox 674 4439 750 4510; x_wconf 83' lang='grc' dir='ltr'>μὴ</span> <span class='ocrx_word' id='word_1_458' title='bbox 786 4437 917 4512; x_wconf 73' lang='grc' dir='ltr'>ἔλθῃ</span> <span class='ocrx_word' id='word_1_459' title='bbox 961 4439 1099 4510; x_wconf 84' lang='grc' dir='ltr'>πρὸς</span> <span class='ocrx_word' id='word_1_460' title='bbox 1145 4439 1308 4509; x_wconf 77' lang='grc' dir='ltr'>ὑμᾶς.</span> <span class='ocrx_word' id='word_1_461' title='bbox 1340 4460 1359 4493; x_wconf 71' lang='grc' dir='ltr'><strong>ι</strong></span> <span class='ocrx_word' id='word_1_462' title='bbox 1387 4440 1581 4496; x_wconf 79' lang='grc' dir='ltr'>Φθάνει</span> <span class='ocrx_word' id='word_1_463' title='bbox 1625 4458 1690 4510; x_wconf 90' lang='grc' dir='ltr'><strong>γε</strong></span> <span class='ocrx_word' id='word_1_464' title='bbox 1732 4439 1859 4512; x_wconf 82' lang='grc' dir='ltr'>μὴν,</span> 
     </span>
    </p>
   </div>
   <div class='ocr_carea' id='block_1_64' title="bbox 261 4530 1861 4603">
    <p class='ocr_par' dir='ltr' id='par_1_64' title="bbox 261 4530 1861 4603">
     <span class='ocr_line' id='line_1_64' title="bbox 261 4530 1861 4603; baseline 0.001 -19"><span class='ocrx_word' id='word_1_465' title='bbox 261 4532 340 4594; x_wconf 85' lang='grc' dir='ltr'>ὡς</span> <span class='ocrx_word' id='word_1_466' title='bbox 373 4530 514 4594; x_wconf 77' lang='grc' dir='ltr'>Θεὸς</span> <span class='ocrx_word' id='word_1_467' title='bbox 538 4570 554 4595; x_wconf 93' lang='grc'><strong>,</strong></span> <span class='ocrx_word' id='word_1_468' title='bbox 597 4530 1033 4600; x_wconf 87' lang='grc' dir='ltr'>ἐπαγγείλασθαι</span> <span class='ocrx_word' id='word_1_469' title='bbox 1082 4530 1306 4586; x_wconf 88' lang='grc' dir='ltr'>θέλοντα</span> <span class='ocrx_word' id='word_1_470' title='bbox 1346 4531 1438 4585; x_wconf 81' lang='grc' dir='ltr'>τὸν</span> <span class='ocrx_word' id='word_1_471' title='bbox 1483 4532 1751 4603; x_wconf 84' lang='grc' dir='ltr'>μαθητὴν,</span> <span class='ocrx_word' id='word_1_472' title='bbox 1777 4535 1861 4586; x_wconf 85' lang='grc' dir='ltr'>ὃτι</span> 
     </span>
    </p>
   </div>
   <div class='ocr_carea' id='block_1_65' title="bbox 1955 1955 3326 2029">
    <p class='ocr_par' dir='ltr' id='par_1_65' title="bbox 1955 1955 3326 2029">
     <span class='ocr_line' id='line_1_65' title="bbox 1955 1955 3326 2029; baseline 0.003 -19"><span class='ocrx_word' id='word_1_473' title='bbox 1955 1965 2100 2024; x_wconf 79' lang='lat' dir='ltr'><strong>potes</strong></span> <span class='ocrx_word' id='word_1_474' title='bbox 2127 1972 2207 2010; x_wconf 86' lang='lat' dir='ltr'><strong>me</strong></span> <span class='ocrx_word' id='word_1_475' title='bbox 2237 1955 2392 2010; x_wconf 87' lang='lat' dir='ltr'><strong>modo</strong></span> <span class='ocrx_word' id='word_1_476' title='bbox 2421 1959 2568 2028; x_wconf 80' lang='lat' dir='ltr'><strong>sequi</strong></span> <span class='ocrx_word' id='word_1_477' title='bbox 2589 1997 2602 2022; x_wconf 94' lang='lat'><strong>,</strong></span> <span class='ocrx_word' id='word_1_478' title='bbox 2637 1959 2872 2029; x_wconf 78' lang='lat' dir='ltr'><strong>sequeris</strong></span> <span class='ocrx_word' id='word_1_479' title='bbox 2912 1968 3087 2013; x_wconf 88' lang='lat' dir='ltr'><strong>autem</strong></span> <span class='ocrx_word' id='word_1_480' title='bbox 3127 1969 3326 2028; x_wconf 81' lang='lat' dir='ltr'><strong>postea.</strong></span> 
     </span>
    </p>
   </div>
   <div class='ocr_carea' id='block_1_66' title="bbox 2027 2137 3543 2209">
    <p class='ocr_par' dir='ltr' id='par_1_66' title="bbox 2027 2137 3543 2209">
     <span class='ocr_line' id='line_1_66' title="bbox 2027 2137 3543 2209; baseline 0.001 -15"><span class='ocrx_word' id='word_1_481' title='bbox 2027 2137 2164 2194; x_wconf 83' lang='lat' dir='ltr'><strong>Cum</strong></span> <span class='ocrx_word' id='word_1_482' title='bbox 2195 2138 2368 2194; x_wconf 87' lang='lat' dir='ltr'><strong>sciret</strong></span> <span class='ocrx_word' id='word_1_483' title='bbox 2394 2139 2544 2209; x_wconf 85' lang='lat' dir='ltr'><strong>gravi</strong></span> <span class='ocrx_word' id='word_1_484' title='bbox 2573 2147 2628 2194; x_wconf 88' lang='lat' dir='ltr'><strong>et</strong></span> <span class='ocrx_word' id='word_1_485' title='bbox 2649 2139 2985 2196; x_wconf 86' lang='lat' dir='ltr'><strong>intolerabili</strong></span> <span class='ocrx_word' id='word_1_486' title='bbox 3015 2153 3256 2196; x_wconf 81' lang='lat' dir='ltr'><strong>maerore</strong></span> <span class='ocrx_word' id='word_1_487' title='bbox 3289 2140 3543 2197; x_wconf 84' lang='lat' dir='ltr'><strong>affectum</strong></span> 
     </span>
    </p>
   </div>
   <div class='ocr_carea' id='block_1_67' title="bbox 1956 2233 3542 2306">
    <p class='ocr_par' dir='ltr' id='par_1_67' title="bbox 1956 2233 3542 2306">
     <span class='ocr_line' id='line_1_67' title="bbox 1956 2233 3542 2306; baseline 0.003 -18"><span class='ocrx_word' id='word_1_488' title='bbox 1956 2233 2024 2288; x_wconf 92' lang='lat' dir='ltr'><strong>iri</strong></span> <span class='ocrx_word' id='word_1_489' title='bbox 2048 2248 2181 2289; x_wconf 85' lang='lat' dir='ltr'><strong>suos</strong></span> <span class='ocrx_word' id='word_1_490' title='bbox 2200 2233 2532 2306; x_wconf 88' lang='lat' dir='ltr'><strong>discipulos,</strong></span> <span class='ocrx_word' id='word_1_491' title='bbox 2565 2235 2612 2290; x_wconf 91' lang='lat' dir='ltr'><strong>si</strong></span> <span class='ocrx_word' id='word_1_492' title='bbox 2635 2243 2824 2305; x_wconf 89' lang='lat' dir='ltr'><strong>aperte</strong></span> <span class='ocrx_word' id='word_1_493' title='bbox 2847 2235 3056 2291; x_wconf 90' lang='lat' dir='ltr'><strong>diceret</strong></span> <span class='ocrx_word' id='word_1_494' title='bbox 3085 2252 3146 2292; x_wconf 87' lang='lat' dir='ltr'><strong>se</strong></span> <span class='ocrx_word' id='word_1_495' title='bbox 3178 2251 3542 2293; x_wconf 90' lang='lat' dir='ltr'><strong>ascensurum</strong></span> 
     </span>
    </p>
   </div>
   <div class='ocr_carea' id='block_1_68' title="bbox 1965 2324 3545 2397">
    <p class='ocr_par' dir='ltr' id='par_1_68' title="bbox 1965 2324 3545 2397">
     <span class='ocr_line' id='line_1_68' title="bbox 1965 2324 3545 2397; baseline 0.003 -19"><span class='ocrx_word' id='word_1_496' title='bbox 1965 2324 2023 2378; x_wconf 91' lang='lat' dir='ltr'><strong>in</strong></span> <span class='ocrx_word' id='word_1_497' title='bbox 2057 2324 2236 2380; x_wconf 79' lang='lat' dir='ltr'><strong>caelos</strong></span> <span class='ocrx_word' id='word_1_498' title='bbox 2281 2332 2338 2380; x_wconf 91' lang='lat' dir='ltr'><strong>et</strong></span> <span class='ocrx_word' id='word_1_499' title='bbox 2373 2341 2474 2381; x_wconf 90' lang='lat' dir='ltr'><strong>sua</strong></span> <span class='ocrx_word' id='word_1_500' title='bbox 2521 2328 2818 2396; x_wconf 84' lang='lat' dir='ltr'><strong>praesentia</strong></span> <span class='ocrx_word' id='word_1_501' title='bbox 2855 2342 2952 2382; x_wconf 89' lang='lat' dir='ltr'><strong>eos</strong></span> <span class='ocrx_word' id='word_1_502' title='bbox 2985 2327 3358 2397; x_wconf 87' lang='lat' dir='ltr'><strong>privaturum,</strong></span> <span class='ocrx_word' id='word_1_503' title='bbox 3413 2329 3545 2384; x_wconf 87' lang='lat' dir='ltr'><strong>licet</strong></span> 
     </span>
    </p>
   </div>
   <div class='ocr_carea' id='block_1_69' title="bbox 1957 2417 3544 2493">
    <p class='ocr_par' dir='ltr' id='par_1_69' title="bbox 1957 2417 3544 2493">
     <span class='ocr_line' id='line_1_69' title="bbox 1957 2417 3544 2493; baseline 0.003 -19"><span class='ocrx_word' id='word_1_504' title='bbox 1957 2435 2156 2475; x_wconf 87' lang='lat' dir='ltr'><strong>rursus</strong></span> <span class='ocrx_word' id='word_1_505' title='bbox 2190 2428 2250 2473; x_wconf 91' lang='lat' dir='ltr'><strong>ut</strong></span> <span class='ocrx_word' id='word_1_506' title='bbox 2272 2417 2420 2475; x_wconf 90' lang='lat' dir='ltr'><strong>Deus</strong></span> <span class='ocrx_word' id='word_1_507' title='bbox 2443 2419 2738 2477; x_wconf 85' lang='lat' dir='ltr'><strong>adfuturus</strong></span> <span class='ocrx_word' id='word_1_508' title='bbox 2767 2430 2937 2486; x_wconf 85' lang='lat' dir='ltr'><strong>esset,</strong></span> <span class='ocrx_word' id='word_1_509' title='bbox 2973 2422 3290 2478; x_wconf 89' lang='lat' dir='ltr'><strong>obscuriori</strong></span> <span class='ocrx_word' id='word_1_510' title='bbox 3326 2424 3544 2493; x_wconf 86' lang='lat' dir='ltr'><strong>imprae-</strong></span> 
     </span>
    </p>
   </div>
   <div class='ocr_carea' id='block_1_70' title="bbox 1959 2512 3544 2587">
    <p class='ocr_par' dir='ltr' id='par_1_70' title="bbox 1959 2512 3544 2587">
     <span class='ocr_line' id='line_1_70' title="bbox 1959 2512 3544 2587; baseline 0.001 -18"><span class='ocrx_word' id='word_1_511' title='bbox 1959 2513 2266 2569; x_wconf 89' lang='lat' dir='ltr'><strong>sentiarum</strong></span> <span class='ocrx_word' id='word_1_512' title='bbox 2299 2512 2478 2568; x_wconf 90' lang='lat' dir='ltr'><strong>utitur</strong></span> <span class='ocrx_word' id='word_1_513' title='bbox 2526 2529 2805 2578; x_wconf 87' lang='lat' dir='ltr'><strong>sermone,</strong></span> <span class='ocrx_word' id='word_1_514' title='bbox 2860 2526 3113 2570; x_wconf 80' lang='lat' dir='ltr'><strong>exactam</strong></span> <span class='ocrx_word' id='word_1_515' title='bbox 3167 2516 3289 2587; x_wconf 89' lang='lat' dir='ltr'><strong>ejus</strong></span> <span class='ocrx_word' id='word_1_516' title='bbox 3337 2516 3544 2572; x_wconf 89' lang='lat' dir='ltr'><strong>intelli-</strong></span> 
     </span>
    </p>
   </div>
   <div class='ocr_carea' id='block_1_71' title="bbox 1956 2607 3543 2680">
    <p class='ocr_par' dir='ltr' id='par_1_71' title="bbox 1956 2607 3543 2680">
     <span class='ocr_line' id='line_1_71' title="bbox 1956 2607 3543 2680; baseline 0.003 -18"><span class='ocrx_word' id='word_1_517' title='bbox 1956 2607 2198 2678; x_wconf 80' lang='lat' dir='ltr'><strong>gentiam</strong></span> <span class='ocrx_word' id='word_1_518' title='bbox 2230 2607 2439 2664; x_wconf 87' lang='lat' dir='ltr'><strong>sensim</strong></span> <span class='ocrx_word' id='word_1_519' title='bbox 2474 2608 2810 2679; x_wconf 89' lang='lat' dir='ltr'><strong>subripiens.</strong></span> <span class='ocrx_word' id='word_1_520' title='bbox 2837 2607 2903 2662; x_wconf 89' lang='lat' dir='ltr'><strong>Et</strong></span> <span class='ocrx_word' id='word_1_521' title='bbox 2931 2609 3153 2680; x_wconf 89' lang='lat' dir='ltr'><strong>quidem</strong></span> <span class='ocrx_word' id='word_1_522' title='bbox 3180 2610 3401 2666; x_wconf 89' lang='lat' dir='ltr'><strong>nescios</strong></span> <span class='ocrx_word' id='word_1_523' title='bbox 3419 2611 3543 2666; x_wconf 92' lang='lat' dir='ltr'><strong>illos</strong></span> 
     </span>
    </p>
   </div>
   <div class='ocr_carea' id='block_1_72' title="bbox 1957 2700 3544 2771">
    <p class='ocr_par' dir='ltr' id='par_1_72' title="bbox 1957 2700 3544 2771">
     <span class='ocr_line' id='line_1_72' title="bbox 1957 2700 3544 2771; baseline 0 -14"><span class='ocrx_word' id='word_1_524' title='bbox 1957 2701 2173 2768; x_wconf 87' lang='lat' dir='ltr'><strong>videns,</strong></span> <span class='ocrx_word' id='word_1_525' title='bbox 2204 2700 2259 2755; x_wconf 91' lang='lat' dir='ltr'><strong>in</strong></span> <span class='ocrx_word' id='word_1_526' title='bbox 2289 2701 2483 2756; x_wconf 88' lang='lat' dir='ltr'><strong>eodem</strong></span> <span class='ocrx_word' id='word_1_527' title='bbox 2531 2707 2679 2757; x_wconf 88' lang='lat' dir='ltr'><strong>statu</strong></span> <span class='ocrx_word' id='word_1_528' title='bbox 2731 2700 2856 2755; x_wconf 92' lang='lat' dir='ltr'><strong>illos</strong></span> <span class='ocrx_word' id='word_1_529' title='bbox 2907 2701 3190 2770; x_wconf 87' lang='lat' dir='ltr'><strong>relinquit.</strong></span> <span class='ocrx_word' id='word_1_530' title='bbox 3249 2700 3544 2771; x_wconf 84' lang='lat' dir='ltr'><strong>Sapientes</strong></span> 
     </span>
    </p>
   </div>
   <div class='ocr_carea' id='block_1_73' title="bbox 1955 2790 3544 2864">
    <p class='ocr_par' dir='ltr' id='par_1_73' title="bbox 1955 2790 3544 2864">
     <span class='ocr_line' id='line_1_73' title="bbox 1955 2790 3544 2864; baseline -0.001 -16"><span class='ocrx_word' id='word_1_531' title='bbox 1955 2794 2162 2864; x_wconf 87' lang='lat' dir='ltr'><strong>quippe</strong></span> <span class='ocrx_word' id='word_1_532' title='bbox 2195 2791 2547 2863; x_wconf 85' lang='lat' dir='ltr'><strong>gravioribus</strong></span> <span class='ocrx_word' id='word_1_533' title='bbox 2597 2790 2873 2846; x_wconf 81' lang='lat' dir='ltr'><strong>interdum</strong></span> <span class='ocrx_word' id='word_1_534' title='bbox 2919 2791 3109 2847; x_wconf 85' lang='lat' dir='ltr'><strong>verbis</strong></span> <span class='ocrx_word' id='word_1_535' title='bbox 3143 2791 3452 2846; x_wconf 88' lang='lat' dir='ltr'><strong>obscurant</strong></span> <span class='ocrx_word' id='word_1_536' title='bbox 3478 2807 3544 2846; x_wconf 84' lang='lat' dir='ltr'><strong>ea</strong></span> 
     </span>
    </p>
   </div>
   <div class='ocr_carea' id='block_1_74' title="bbox 1963 2882 3544 2958">
    <p class='ocr_par' dir='ltr' id='par_1_74' title="bbox 1963 2882 3544 2958">
     <span class='ocr_line' id='line_1_74' title="bbox 1963 2882 3544 2958; baseline -0.002 -16"><span class='ocrx_word' id='word_1_537' title='bbox 1963 2902 2086 2958; x_wconf 76' lang='lat' dir='ltr'><strong>quae</strong></span> <span class='ocrx_word' id='word_1_538' title='bbox 2128 2899 2421 2941; x_wconf 78' lang='lat' dir='ltr'><strong>mcerorem</strong></span> <span class='ocrx_word' id='word_1_539' title='bbox 2454 2883 2654 2940; x_wconf 77' lang='lat' dir='ltr'><strong>aﬂerre</strong></span> <span class='ocrx_word' id='word_1_540' title='bbox 2700 2884 2902 2938; x_wconf 91' lang='lat' dir='ltr'><strong>solent.</strong></span> <span class='ocrx_word' id='word_1_541' title='bbox 2940 2882 3056 2939; x_wconf 87' lang='lat' dir='ltr'><strong>Etsi</strong></span> <span class='ocrx_word' id='word_1_542' title='bbox 3093 2883 3236 2938; x_wconf 87' lang='lat' dir='ltr'><strong>enim</strong></span> <span class='ocrx_word' id='word_1_543' title='bbox 3273 2883 3544 2954; x_wconf 89' lang='lat' dir='ltr'><strong>primitias</strong></span> 
     </span>
    </p>
   </div>
   <div class='ocr_carea' id='block_1_75' title="bbox 1961 2973 3544 3048">
    <p class='ocr_par' dir='ltr' id='par_1_75' title="bbox 1961 2973 3544 3048">
     <span class='ocr_line' id='line_1_75' title="bbox 1961 2973 3544 3048; baseline -0.003 -13"><span class='ocrx_word' id='word_1_544' title='bbox 1961 2978 2325 3035; x_wconf 86' lang='lat' dir='ltr'><strong>humanitatis</strong></span> <span class='ocrx_word' id='word_1_545' title='bbox 2350 2977 2594 3048; x_wconf 89' lang='lat' dir='ltr'><strong>seipsum</strong></span> <span class='ocrx_word' id='word_1_546' title='bbox 2630 2976 2742 3031; x_wconf 90' lang='lat' dir='ltr'><strong>Deo</strong></span> <span class='ocrx_word' id='word_1_547' title='bbox 2766 2991 2832 3030; x_wconf 89' lang='lat' dir='ltr'><strong>ac</strong></span> <span class='ocrx_word' id='word_1_548' title='bbox 2865 2974 3012 3030; x_wconf 82' lang='lat' dir='ltr'><strong>Patri</strong></span> <span class='ocrx_word' id='word_1_549' title='bbox 3041 2973 3296 3040; x_wconf 80' lang='lat' dir='ltr'><strong>offerens,</strong></span> <span class='ocrx_word' id='word_1_550' title='bbox 3339 2975 3392 3028; x_wconf 93' lang='lat' dir='ltr'><strong>in</strong></span> <span class='ocrx_word' id='word_1_551' title='bbox 3426 2989 3544 3030; x_wconf 85' lang='lat' dir='ltr'><strong>coe-</strong></span> 
     </span>
    </p>
   </div>
   <div class='ocr_carea' id='block_1_76' title="bbox 1959 3067 3547 3141">
    <p class='ocr_par' dir='ltr' id='par_1_76' title="bbox 1959 3067 3547 3141">
     <span class='ocr_line' id='line_1_76' title="bbox 1959 3067 3547 3141; baseline -0.005 -12"><span class='ocrx_word' id='word_1_552' title='bbox 1959 3076 2044 3129; x_wconf 89' lang='lat' dir='ltr'><strong>los</strong></span> <span class='ocrx_word' id='word_1_553' title='bbox 2077 3071 2348 3136; x_wconf 86' lang='lat' dir='ltr'><strong>ascendit,</strong></span> <span class='ocrx_word' id='word_1_554' title='bbox 2412 3070 2580 3141; x_wconf 90' lang='lat' dir='ltr'><strong>idque</strong></span> <span class='ocrx_word' id='word_1_555' title='bbox 2634 3083 2738 3140; x_wconf 90' lang='lat' dir='ltr'><strong>pro</strong></span> <span class='ocrx_word' id='word_1_556' title='bbox 2787 3069 3038 3124; x_wconf 90' lang='lat' dir='ltr'><strong>omnium</strong></span> <span class='ocrx_word' id='word_1_557' title='bbox 3086 3068 3331 3123; x_wconf 89' lang='lat' dir='ltr'><strong>utilitate</strong></span> <span class='ocrx_word' id='word_1_558' title='bbox 3381 3067 3547 3122; x_wconf 85' lang='lat' dir='ltr'><strong>ﬁebat</strong></span> 
     </span>
    </p>
   </div>
   <div class='ocr_carea' id='block_1_77' title="bbox 1921 3159 3659 3236">
    <p class='ocr_par' dir='ltr' id='par_1_77' title="bbox 1921 3159 3659 3236">
     <span class='ocr_line' id='line_1_77' title="bbox 1921 3159 3659 3236; baseline -0.003 -17"><span class='ocrx_word' id='word_1_559' title='bbox 1921 3217 1924 3220; x_wconf 76' lang='lat'><strong>.</strong></span> <span class='ocrx_word' id='word_1_560' title='bbox 1963 3164 2132 3236; x_wconf 86' lang='lat' dir='ltr'><strong>(viam</strong></span> <span class='ocrx_word' id='word_1_561' title='bbox 2163 3163 2328 3218; x_wconf 90' lang='lat' dir='ltr'><strong>nobis</strong></span> <span class='ocrx_word' id='word_1_562' title='bbox 2358 3162 2708 3229; x_wconf 85' lang='lat' dir='ltr'><strong>instauravit,</strong></span> <span class='ocrx_word' id='word_1_563' title='bbox 2745 3169 2962 3216; x_wconf 79' lang='lat' dir='ltr'><strong>naturae</strong></span> <span class='ocrx_word' id='word_1_564' title='bbox 3005 3159 3249 3215; x_wconf 87' lang='lat' dir='ltr'><strong>hominis</strong></span> <span class='ocrx_word' id='word_1_565' title='bbox 3277 3160 3430 3229; x_wconf 89' lang='lat' dir='ltr'><strong>prius</strong></span> <span class='ocrx_word' id='word_1_566' title='bbox 3469 3159 3550 3214; x_wconf 85' lang='lat' dir='ltr'><strong>in-</strong></span> <span class='ocrx_word' id='word_1_567' title='bbox 3653 3175 3659 3182; x_wconf 78' lang='lat'><strong><em>&#39;</em></strong></span> 
     </span>
    </p>
   </div>
   <div class='ocr_carea' id='block_1_78' title="bbox 1884 3247 3550 3337">
    <p class='ocr_par' dir='ltr' id='par_1_78' title="bbox 1884 3247 3550 3337">
     <span class='ocr_line' id='line_1_78' title="bbox 1884 3247 3550 3337; baseline -0.006 -26"><span class='ocrx_word' id='word_1_568' title='bbox 1884 3275 1931 3337; x_wconf 74' lang='grc' dir='ltr'><strong>ρ</strong></span> <span class='ocrx_word' id='word_1_569' title='bbox 1957 3253 2288 3325; x_wconf 82' lang='lat' dir='ltr'><strong>cognitam),</strong></span> <span class='ocrx_word' id='word_1_570' title='bbox 2321 3262 2700 3308; x_wconf 85' lang='lat' dir='ltr'><strong>verumtamen</strong></span> <span class='ocrx_word' id='word_1_571' title='bbox 2728 3249 2946 3307; x_wconf 89' lang='lat' dir='ltr'><strong>sanctis</strong></span> <span class='ocrx_word' id='word_1_572' title='bbox 2972 3247 3267 3328; x_wconf 87' lang='lat' dir='ltr'><strong>discipulis</strong></span> <span class='ocrx_word' id='word_1_573' title='bbox 3298 3247 3394 3319; x_wconf 87' lang='lat' dir='ltr'><strong>qui</strong></span> <span class='ocrx_word' id='word_1_574' title='bbox 3421 3264 3550 3318; x_wconf 85' lang='lat' dir='ltr'><strong>per-</strong></span> 
     </span>
    </p>
   </div>
   <div class='ocr_carea' id='block_1_79' title="bbox 1962 3326 3548 3417">
    <p class='ocr_par' dir='ltr' id='par_1_79' title="bbox 1962 3326 3548 3417">
     <span class='ocr_line' id='line_1_79' title="bbox 1962 3326 3548 3417; baseline -0.004 -15"><span class='ocrx_word' id='word_1_575' title='bbox 1962 3357 2129 3417; x_wconf 87' lang='lat' dir='ltr'><strong>petuo</strong></span> <span class='ocrx_word' id='word_1_576' title='bbox 2157 3360 2281 3400; x_wconf 92' lang='lat' dir='ltr'><strong>cum</strong></span> <span class='ocrx_word' id='word_1_577' title='bbox 2317 3360 2383 3399; x_wconf 91' lang='lat' dir='ltr'><strong>eo</strong></span> <span class='ocrx_word' id='word_1_578' title='bbox 2413 3342 2627 3399; x_wconf 87' lang='lat' dir='ltr'><strong>versari</strong></span> <span class='ocrx_word' id='word_1_579' title='bbox 2674 3342 2947 3407; x_wconf 87' lang='lat' dir='ltr'><strong>volebant,</strong></span> <span class='ocrx_word' id='word_1_580' title='bbox 2997 3326 3354 3396; x_wconf 89' lang='lat' dir='ltr'><strong>intolerabile</strong></span> <span class='ocrx_word' id='word_1_581' title='bbox 3390 3341 3548 3396; x_wconf 82' lang='lat' dir='ltr'><strong>vide-</strong></span> 
     </span>
    </p>
   </div>
   <div class='ocr_carea' id='block_1_80' title="bbox 1960 3430 3551 3505">
    <p class='ocr_par' dir='ltr' id='par_1_80' title="bbox 1960 3430 3551 3505">
     <span class='ocr_line' id='line_1_80' title="bbox 1960 3430 3551 3505; baseline -0.004 -10"><span class='ocrx_word' id='word_1_582' title='bbox 1960 3440 2125 3495; x_wconf 90' lang='lat' dir='ltr'><strong>batur</strong></span> <span class='ocrx_word' id='word_1_583' title='bbox 2153 3453 2184 3493; x_wconf 92' lang='lat' dir='ltr'><strong>a</strong></span> <span class='ocrx_word' id='word_1_584' title='bbox 2219 3436 2448 3492; x_wconf 88' lang='lat' dir='ltr'><strong>Christo</strong></span> <span class='ocrx_word' id='word_1_585' title='bbox 2481 3433 2720 3505; x_wconf 86' lang='lat' dir='ltr'><strong>sejungi,</strong></span> <span class='ocrx_word' id='word_1_586' title='bbox 2764 3434 2894 3488; x_wconf 90' lang='lat' dir='ltr'><strong>licet</strong></span> <span class='ocrx_word' id='word_1_587' title='bbox 2927 3433 3012 3488; x_wconf 89' lang='lat' dir='ltr'><strong>eis</strong></span> <span class='ocrx_word' id='word_1_588' title='bbox 3059 3430 3304 3504; x_wconf 87' lang='lat' dir='ltr'><strong>Spiritus</strong></span> <span class='ocrx_word' id='word_1_589' title='bbox 3343 3432 3551 3488; x_wconf 87' lang='lat' dir='ltr'><strong>virtute</strong></span> 
     </span>
    </p>
   </div>
   <div class='ocr_carea' id='block_1_81' title="bbox 1959 3523 3546 3598">
    <p class='ocr_par' dir='ltr' id='par_1_81' title="bbox 1959 3523 3546 3598">
     <span class='ocr_line' id='line_1_81' title="bbox 1959 3523 3546 3598; baseline -0.006 -10"><span class='ocrx_word' id='word_1_590' title='bbox 1959 3541 2014 3589; x_wconf 91' lang='lat' dir='ltr'><strong>et</strong></span> <span class='ocrx_word' id='word_1_591' title='bbox 2048 3530 2291 3587; x_wconf 75' lang='lat' dir='ltr'><strong>efﬁcacia</strong></span> <span class='ocrx_word' id='word_1_592' title='bbox 2323 3543 2540 3598; x_wconf 90' lang='lat' dir='ltr'><strong>semper</strong></span> <span class='ocrx_word' id='word_1_593' title='bbox 2574 3527 2815 3582; x_wconf 89' lang='lat' dir='ltr'><strong>adesset.</strong></span> <span class='ocrx_word' id='word_1_594' title='bbox 2850 3525 3078 3580; x_wconf 87' lang='lat' dir='ltr'><strong>Beatum</strong></span> <span class='ocrx_word' id='word_1_595' title='bbox 3110 3525 3295 3596; x_wconf 88' lang='lat' dir='ltr'><strong>itaque</strong></span> <span class='ocrx_word' id='word_1_596' title='bbox 3323 3523 3546 3580; x_wconf 88' lang='lat' dir='ltr'><strong>Petrum</strong></span> 
     </span>
    </p>
   </div>
   <div class='ocr_carea' id='block_1_82' title="bbox 1959 3617 3548 3690">
    <p class='ocr_par' dir='ltr' id='par_1_82' title="bbox 1959 3617 3548 3690">
     <span class='ocr_line' id='line_1_82' title="bbox 1959 3617 3548 3690; baseline -0.003 -13"><span class='ocrx_word' id='word_1_597' title='bbox 1959 3625 2073 3678; x_wconf 88' lang='lat' dir='ltr'><strong>vim</strong></span> <span class='ocrx_word' id='word_1_598' title='bbox 2114 3630 2168 3679; x_wconf 91' lang='lat' dir='ltr'><strong>et</strong></span> <span class='ocrx_word' id='word_1_599' title='bbox 2191 3637 2413 3678; x_wconf 89' lang='lat' dir='ltr'><strong>sensum</strong></span> <span class='ocrx_word' id='word_1_600' title='bbox 2443 3635 2636 3676; x_wconf 91' lang='lat' dir='ltr'><strong>eorum</strong></span> <span class='ocrx_word' id='word_1_601' title='bbox 2662 3633 2786 3690; x_wconf 69' lang='lat' dir='ltr'><strong>qua:</strong></span> <span class='ocrx_word' id='word_1_602' title='bbox 2826 3617 3154 3674; x_wconf 86' lang='lat' dir='ltr'><strong>dicebantur</strong></span> <span class='ocrx_word' id='word_1_603' title='bbox 3186 3632 3299 3672; x_wconf 90' lang='lat' dir='ltr'><strong>non</strong></span> <span class='ocrx_word' id='word_1_604' title='bbox 3336 3618 3548 3672; x_wconf 88' lang='lat' dir='ltr'><strong>intelli-</strong></span> 
     </span>
    </p>
   </div>
   <div class='ocr_carea' id='block_1_83' title="bbox 1961 3706 3547 3788">
    <p class='ocr_par' dir='ltr' id='par_1_83' title="bbox 1961 3706 3547 3788">
     <span class='ocr_line' id='line_1_83' title="bbox 1961 3706 3547 3788; baseline -0.007 -17"><span class='ocrx_word' id='word_1_605' title='bbox 1961 3723 2177 3788; x_wconf 89' lang='lat' dir='ltr'><strong>gentem</strong></span> <span class='ocrx_word' id='word_1_606' title='bbox 2208 3727 2318 3768; x_wconf 91' lang='lat' dir='ltr'><strong>una</strong></span> <span class='ocrx_word' id='word_1_607' title='bbox 2358 3726 2483 3767; x_wconf 92' lang='lat' dir='ltr'><strong>cum</strong></span> <span class='ocrx_word' id='word_1_608' title='bbox 2529 3711 2656 3765; x_wconf 90' lang='lat' dir='ltr'><strong>aliis</strong></span> <span class='ocrx_word' id='word_1_609' title='bbox 2701 3707 3002 3780; x_wconf 88' lang='lat' dir='ltr'><strong>discipulis</strong></span> <span class='ocrx_word' id='word_1_610' title='bbox 3052 3707 3108 3761; x_wconf 93' lang='lat' dir='ltr'><strong>in</strong></span> <span class='ocrx_word' id='word_1_611' title='bbox 3154 3706 3348 3762; x_wconf 89' lang='lat' dir='ltr'><strong>eodem</strong></span> <span class='ocrx_word' id='word_1_612' title='bbox 3397 3713 3547 3762; x_wconf 87' lang='lat' dir='ltr'><strong>statu</strong></span> 
     </span>
    </p>
   </div>
   <div class='ocr_carea' id='block_1_84' title="bbox 1960 3799 3545 3879">
    <p class='ocr_par' dir='ltr' id='par_1_84' title="bbox 1960 3799 3545 3879">
     <span class='ocr_line' id='line_1_84' title="bbox 1960 3799 3545 3879; baseline -0.008 -15"><span class='ocrx_word' id='word_1_613' title='bbox 1960 3806 2251 3879; x_wconf 89' lang='lat' dir='ltr'><strong>relinquit,</strong></span> <span class='ocrx_word' id='word_1_614' title='bbox 2285 3819 2389 3860; x_wconf 91' lang='lat' dir='ltr'><strong>nec</strong></span> <span class='ocrx_word' id='word_1_615' title='bbox 2438 3803 2627 3859; x_wconf 89' lang='lat' dir='ltr'><strong>statim</strong></span> <span class='ocrx_word' id='word_1_616' title='bbox 2668 3809 2840 3857; x_wconf 91' lang='lat' dir='ltr'><strong>totam</strong></span> <span class='ocrx_word' id='word_1_617' title='bbox 2894 3815 3010 3855; x_wconf 90' lang='lat' dir='ltr'><strong>rem</strong></span> <span class='ocrx_word' id='word_1_618' title='bbox 3044 3801 3093 3856; x_wconf 92' lang='lat' dir='ltr'><strong>ei</strong></span> <span class='ocrx_word' id='word_1_619' title='bbox 3138 3799 3304 3870; x_wconf 78' lang='lat'><strong>756</strong></span> <span class='ocrx_word' id='word_1_620' title='bbox 3347 3799 3545 3868; x_wconf 87' lang='lat' dir='ltr'><strong>aperit,</strong></span> 
     </span>
    </p>
   </div>
   <div class='ocr_carea' id='block_1_85' title="bbox 1959 3889 3550 3966">
    <p class='ocr_par' dir='ltr' id='par_1_85' title="bbox 1959 3889 3550 3966">
     <span class='ocr_line' id='line_1_85' title="bbox 1959 3889 3550 3966; baseline -0.007 -11"><span class='ocrx_word' id='word_1_621' title='bbox 1959 3899 2172 3955; x_wconf 88' lang='lat' dir='ltr'><strong>utiliter</strong></span> <span class='ocrx_word' id='word_1_622' title='bbox 2203 3897 2258 3952; x_wconf 91' lang='lat' dir='ltr'><strong>id</strong></span> <span class='ocrx_word' id='word_1_623' title='bbox 2292 3895 2539 3966; x_wconf 87' lang='lat' dir='ltr'><strong>quidem,</strong></span> <span class='ocrx_word' id='word_1_624' title='bbox 2564 3895 2741 3949; x_wconf 91' lang='lat' dir='ltr'><strong>donec</strong></span> <span class='ocrx_word' id='word_1_625' title='bbox 2775 3905 3084 3948; x_wconf 87' lang='lat' dir='ltr'><strong>sermonem</strong></span> <span class='ocrx_word' id='word_1_626' title='bbox 3126 3891 3207 3945; x_wconf 89' lang='lat' dir='ltr'><strong>eis</strong></span> <span class='ocrx_word' id='word_1_627' title='bbox 3254 3905 3365 3960; x_wconf 90' lang='lat' dir='ltr'><strong>quo</strong></span> <span class='ocrx_word' id='word_1_628' title='bbox 3397 3889 3550 3944; x_wconf 88' lang='lat' dir='ltr'><strong>refo-</strong></span> 
     </span>
    </p>
   </div>
   <div class='ocr_carea' id='block_1_86' title="bbox 1960 3978 3549 4054">
    <p class='ocr_par' dir='ltr' id='par_1_86' title="bbox 1960 3978 3549 4054">
     <span class='ocr_line' id='line_1_86' title="bbox 1960 3978 3549 4054; baseline -0.005 -14"><span class='ocrx_word' id='word_1_629' title='bbox 1960 3985 2141 4041; x_wconf 90' lang='lat' dir='ltr'><strong>cillari</strong></span> <span class='ocrx_word' id='word_1_630' title='bbox 2171 3986 2392 4054; x_wconf 89' lang='lat' dir='ltr'><strong>possint</strong></span> <span class='ocrx_word' id='word_1_631' title='bbox 2424 3980 2718 4052; x_wconf 81' lang='lat' dir='ltr'><strong>peregerit.</strong></span> <span class='ocrx_word' id='word_1_632' title='bbox 2763 3979 2920 4046; x_wconf 85' lang='lat' dir='ltr'><strong>Quod</strong></span> <span class='ocrx_word' id='word_1_633' title='bbox 2954 3978 3178 4049; x_wconf 85' lang='lat' dir='ltr'><strong>quidem</strong></span> <span class='ocrx_word' id='word_1_634' title='bbox 3226 3978 3280 4032; x_wconf 88' lang='lat' dir='ltr'><strong>in</strong></span> <span class='ocrx_word' id='word_1_635' title='bbox 3313 3993 3549 4048; x_wconf 89' lang='lat' dir='ltr'><strong>sequen-</strong></span> 
     </span>
    </p>
   </div>
   <div class='ocr_carea' id='block_1_87' title="bbox 1962 4068 3542 4141">
    <p class='ocr_par' dir='ltr' id='par_1_87' title="bbox 1962 4068 3542 4141">
     <span class='ocr_line' id='line_1_87' title="bbox 1962 4068 3542 4141; baseline -0.002 -13"><span class='ocrx_word' id='word_1_636' title='bbox 1962 4073 2112 4130; x_wconf 89' lang='lat' dir='ltr'><strong>tibus</strong></span> <span class='ocrx_word' id='word_1_637' title='bbox 2139 4072 2322 4127; x_wconf 89' lang='lat' dir='ltr'><strong>facere</strong></span> <span class='ocrx_word' id='word_1_638' title='bbox 2351 4071 2533 4141; x_wconf 91' lang='lat' dir='ltr'><strong>ipsum</strong></span> <span class='ocrx_word' id='word_1_639' title='bbox 2564 4069 2895 4125; x_wconf 84' lang='lat' dir='ltr'><strong>videbimus.</strong></span> <span class='ocrx_word' id='word_1_640' title='bbox 2922 4068 3014 4122; x_wconf 87' lang='lat' dir='ltr'><strong>Ait</strong></span> <span class='ocrx_word' id='word_1_641' title='bbox 3048 4068 3255 4138; x_wconf 89' lang='lat' dir='ltr'><strong>quippe</strong></span> <span class='ocrx_word' id='word_1_642' title='bbox 3286 4069 3353 4124; x_wconf 88' lang='lat' dir='ltr'><strong>ad</strong></span> <span class='ocrx_word' id='word_1_643' title='bbox 3380 4069 3542 4124; x_wconf 90' lang='lat' dir='ltr'><strong>illos:</strong></span> 
     </span>
    </p>
   </div>
   <div class='ocr_carea' id='block_1_88' title="bbox 1965 4158 3548 4236">
    <p class='ocr_par' dir='ltr' id='par_1_88' title="bbox 1965 4158 3548 4236">
     <span class='ocr_line' id='line_1_88' title="bbox 1965 4158 3548 4236; baseline -0.001 -19"><span class='ocrx_word' id='word_1_644' title='bbox 1965 4184 1986 4217; x_wconf 73' lang='grc' dir='ltr'><strong>ι</strong></span> <span class='ocrx_word' id='word_1_645' title='bbox 2021 4164 2254 4236; x_wconf 84' lang='lat' dir='ltr'><strong>Expedit</strong></span> <span class='ocrx_word' id='word_1_646' title='bbox 2284 4163 2444 4219; x_wconf 89' lang='lat' dir='ltr'><strong>vobis</strong></span> <span class='ocrx_word' id='word_1_647' title='bbox 2472 4171 2536 4218; x_wconf 89' lang='lat' dir='ltr'><strong>ut</strong></span> <span class='ocrx_word' id='word_1_648' title='bbox 2563 4176 2666 4234; x_wconf 82' lang='lat' dir='ltr'><strong>ego</strong></span> <span class='ocrx_word' id='word_1_649' title='bbox 2693 4162 2915 4217; x_wconf 85' lang='lat' dir='ltr'><strong>vadam.</strong></span> <span class='ocrx_word' id='word_1_650' title='bbox 2963 4158 3021 4214; x_wconf 93' lang='lat' dir='ltr'><strong>Si</strong></span> <span class='ocrx_word' id='word_1_651' title='bbox 3054 4162 3202 4216; x_wconf 92' lang='lat' dir='ltr'><strong>enim</strong></span> <span class='ocrx_word' id='word_1_652' title='bbox 3249 4174 3357 4215; x_wconf 93' lang='lat' dir='ltr'><strong>non</strong></span> <span class='ocrx_word' id='word_1_653' title='bbox 3394 4160 3548 4216; x_wconf 87' lang='lat' dir='ltr'><strong>abie-</strong></span> 
     </span>
    </p>
   </div>
   <div class='ocr_carea' id='block_1_89' title="bbox 1960 4252 3548 4326">
    <p class='ocr_par' dir='ltr' id='par_1_89' title="bbox 1960 4252 3548 4326">
     <span class='ocr_line' id='line_1_89' title="bbox 1960 4252 3548 4326; baseline -0.005 -12"><span class='ocrx_word' id='word_1_654' title='bbox 1960 4274 2048 4326; x_wconf 89' lang='lat' dir='ltr'><strong>ro,</strong></span> <span class='ocrx_word' id='word_1_655' title='bbox 2084 4257 2406 4313; x_wconf 87' lang='lat' dir='ltr'><strong>Paracletus</strong></span> <span class='ocrx_word' id='word_1_656' title='bbox 2445 4270 2557 4311; x_wconf 92' lang='lat' dir='ltr'><strong>non</strong></span> <span class='ocrx_word' id='word_1_657' title='bbox 2592 4253 2776 4311; x_wconf 78' lang='lat' dir='ltr'><strong>veniet</strong></span> <span class='ocrx_word' id='word_1_658' title='bbox 2830 4253 2900 4309; x_wconf 92' lang='lat' dir='ltr'><strong>ad</strong></span> <span class='ocrx_word' id='word_1_659' title='bbox 2944 4266 3043 4308; x_wconf 89' lang='lat' dir='ltr'><strong>vos</strong></span> <span class='ocrx_word' id='word_1_660' title='bbox 3087 4252 3154 4308; x_wconf 79' lang='grc'><strong>³⁸.</strong></span> <span class='ocrx_word' id='word_1_661' title='bbox 3208 4271 3227 4304; x_wconf 73' lang='grc' dir='ltr'><strong>ι</strong></span> <span class='ocrx_word' id='word_1_662' title='bbox 3275 4252 3548 4309; x_wconf 86' lang='lat' dir='ltr'><strong>Praevenit</strong></span> 
     </span>
    </p>
   </div>
   <div class='ocr_carea' id='block_1_90' title="bbox 1959 4345 3547 4417">
    <p class='ocr_par' dir='ltr' id='par_1_90' title="bbox 1959 4345 3547 4417">
     <span class='ocr_line' id='line_1_90' title="bbox 1959 4345 3547 4417; baseline -0.005 -11"><span class='ocrx_word' id='word_1_663' title='bbox 1959 4359 2169 4415; x_wconf 91' lang='lat' dir='ltr'><strong>tamen,</strong></span> <span class='ocrx_word' id='word_1_664' title='bbox 2200 4359 2260 4404; x_wconf 92' lang='lat' dir='ltr'><strong>ut</strong></span> <span class='ocrx_word' id='word_1_665' title='bbox 2294 4348 2463 4413; x_wconf 87' lang='lat' dir='ltr'><strong>Deus,</strong></span> <span class='ocrx_word' id='word_1_666' title='bbox 2516 4347 2852 4417; x_wconf 88' lang='lat' dir='ltr'><strong>discipulum</strong></span> <span class='ocrx_word' id='word_1_667' title='bbox 2904 4345 3240 4401; x_wconf 88' lang='lat' dir='ltr'><strong>denuntiare</strong></span> <span class='ocrx_word' id='word_1_668' title='bbox 3269 4345 3547 4400; x_wconf 86' lang='lat' dir='ltr'><strong>volentem</strong></span> 
     </span>
    </p>
   </div>
   <div class='ocr_carea' id='block_1_91' title="bbox 1962 4436 3547 4515">
    <p class='ocr_par' dir='ltr' id='par_1_91' title="bbox 1962 4436 3547 4515">
     <span class='ocr_line' id='line_1_91' title="bbox 1962 4436 3547 4515; baseline -0.005 -17"><span class='ocrx_word' id='word_1_669' title='bbox 1962 4459 2022 4499; x_wconf 90' lang='lat' dir='ltr'><strong>se</strong></span> <span class='ocrx_word' id='word_1_670' title='bbox 2043 4443 2279 4515; x_wconf 88' lang='lat' dir='ltr'><strong>impigre</strong></span> <span class='ocrx_word' id='word_1_671' title='bbox 2301 4448 2654 4506; x_wconf 89' lang='lat' dir='ltr'><strong>secuturum,</strong></span> <span class='ocrx_word' id='word_1_672' title='bbox 2688 4447 2742 4493; x_wconf 90' lang='lat' dir='ltr'><strong>et</strong></span> <span class='ocrx_word' id='word_1_673' title='bbox 2774 4437 2926 4493; x_wconf 91' lang='lat' dir='ltr'><strong>illico</strong></span> <span class='ocrx_word' id='word_1_674' title='bbox 2955 4436 3302 4504; x_wconf 86' lang='lat' dir='ltr'><strong>adfuturum,</strong></span> <span class='ocrx_word' id='word_1_675' title='bbox 3327 4436 3547 4490; x_wconf 89' lang='lat' dir='ltr'><strong>nemine</strong></span> 
     </span>
    </p>
   </div>
   <div class='ocr_carea' id='block_1_92' title="bbox 1961 4529 3548 4602">
    <p class='ocr_par' dir='ltr' id='par_1_92' title="bbox 1961 4529 3548 4602">
     <span class='ocr_line' id='line_1_92' title="bbox 1961 4529 3548 4602; baseline -0.006 -11"><span class='ocrx_word' id='word_1_676' title='bbox 1961 4535 2299 4602; x_wconf 86' lang='lat' dir='ltr'><strong>retardante,</strong></span> <span class='ocrx_word' id='word_1_677' title='bbox 2346 4541 2403 4588; x_wconf 91' lang='lat' dir='ltr'><strong>et</strong></span> <span class='ocrx_word' id='word_1_678' title='bbox 2439 4535 2556 4588; x_wconf 88' lang='lat' dir='ltr'><strong>ait:</strong></span> <span class='ocrx_word' id='word_1_679' title='bbox 2597 4551 2616 4584; x_wconf 78' lang='grc' dir='ltr'><strong>ι</strong></span> <span class='ocrx_word' id='word_1_680' title='bbox 2647 4531 2769 4598; x_wconf 85' lang='lat' dir='ltr'><strong>Quo</strong></span> <span class='ocrx_word' id='word_1_681' title='bbox 2805 4545 2908 4601; x_wconf 85' lang='lat' dir='ltr'><strong>ego</strong></span> <span class='ocrx_word' id='word_1_682' title='bbox 2939 4529 3102 4596; x_wconf 85' lang='lat' dir='ltr'><strong>vado,</strong></span> <span class='ocrx_word' id='word_1_683' title='bbox 3135 4542 3245 4582; x_wconf 90' lang='lat' dir='ltr'><strong>non</strong></span> <span class='ocrx_word' id='word_1_684' title='bbox 3277 4535 3430 4596; x_wconf 85' lang='lat' dir='ltr'><strong>potes</strong></span> <span class='ocrx_word' id='word_1_685' title='bbox 3459 4542 3548 4582; x_wconf 87' lang='lat' dir='ltr'><strong>me</strong></span> 
     </span>
    </p>
   </div>
   <div class='ocr_carea' id='block_1_93' title="bbox 261 4615 1857 4707">
    <p class='ocr_par' dir='ltr' id='par_1_93' title="bbox 261 4622 1857 4697">
     <span class='ocr_line' id='line_1_93' title="bbox 261 4622 1857 4697; baseline 0.003 -21"><span class='ocrx_word' id='word_1_686' title='bbox 261 4624 360 4676; x_wconf 77' lang='grc' dir='ltr'><strong>καὶ</strong></span> <span class='ocrx_word' id='word_1_687' title='bbox 383 4622 746 4693; x_wconf 81' lang='grc' dir='ltr'>ἀκολουθήσει</span> <span class='ocrx_word' id='word_1_688' title='bbox 799 4622 1121 4695; x_wconf 85' lang='grc' dir='ltr'>προθύμως,</span> <span class='ocrx_word' id='word_1_689' title='bbox 1163 4624 1260 4678; x_wconf 76' lang='grc' dir='ltr'>καὶ</span> <span class='ocrx_word' id='word_1_690' title='bbox 1307 4625 1562 4678; x_wconf 88' lang='grc' dir='ltr'>συνέσται</span> <span class='ocrx_word' id='word_1_691' title='bbox 1605 4625 1857 4697; x_wconf 86' lang='grc' dir='ltr'>γοργῶς,</span> 
     </span>
    </p>
   </div>
   <div class='ocr_carea' id='block_1_94' title="bbox 1961 4615 3547 4707">
    <p class='ocr_par' dir='ltr' id='par_1_94' title="bbox 1966 4615 3547 4696">
     <span class='ocr_line' id='line_1_94' title="bbox 1966 4615 3547 4696; baseline -0.009 -13"><span class='ocrx_word' id='word_1_692' title='bbox 1966 4625 2130 4682; x_wconf 87' lang='lat' dir='ltr'><strong>modo</strong></span> <span class='ocrx_word' id='word_1_693' title='bbox 2169 4627 2347 4696; x_wconf 88' lang='lat' dir='ltr'><strong>sequi,</strong></span> <span class='ocrx_word' id='word_1_694' title='bbox 2382 4623 2637 4694; x_wconf 85' lang='lat' dir='ltr'><strong>sequeris</strong></span> <span class='ocrx_word' id='word_1_695' title='bbox 2668 4627 2851 4676; x_wconf 89' lang='lat' dir='ltr'><strong>autem</strong></span> <span class='ocrx_word' id='word_1_696' title='bbox 2887 4625 3103 4690; x_wconf 86' lang='lat' dir='ltr'><strong>postea.</strong></span> <span class='ocrx_word' id='word_1_697' title='bbox 3147 4637 3166 4670; x_wconf 85' lang='grc'><strong>›</strong></span> <span class='ocrx_word' id='word_1_698' title='bbox 3215 4616 3349 4682; x_wconf 87' lang='lat' dir='ltr'><strong>Quae</strong></span> <span class='ocrx_word' id='word_1_699' title='bbox 3377 4615 3547 4670; x_wconf 84' lang='lat' dir='ltr'><strong>verba</strong></span> 
     </span>
    </p>
   </div>
   <div class='ocr_carea' id='block_1_95' title="bbox 260 4713 1861 4788">
    <p class='ocr_par' dir='ltr' id='par_1_95' title="bbox 260 4713 1861 4788">
     <span class='ocr_line' id='line_1_95' title="bbox 260 4713 1861 4788; baseline 0.002 -21"><span class='ocrx_word' id='word_1_700' title='bbox 260 4714 484 4777; x_wconf 81' lang='grc' dir='ltr'>οὐδενὸς</span> <span class='ocrx_word' id='word_1_701' title='bbox 527 4713 678 4786; x_wconf 81' lang='grc' dir='ltr'>αὐτῷ</span> <span class='ocrx_word' id='word_1_702' title='bbox 726 4714 826 4785; x_wconf 85' lang='grc' dir='ltr'><strong>τὴν</strong></span> <span class='ocrx_word' id='word_1_703' title='bbox 878 4715 1187 4788; x_wconf 83' lang='grc' dir='ltr'>προθυμίαν</span> <span class='ocrx_word' id='word_1_704' title='bbox 1241 4716 1729 4786; x_wconf 77' lang='grc' dir='ltr'>ἀνασειράζοντος,</span> <span class='ocrx_word' id='word_1_705' title='bbox 1766 4717 1861 4771; x_wconf 86' lang='grc' dir='ltr'><strong>καί</strong></span> 
     </span>
    </p>
   </div>
   <div class='ocr_carea' id='block_1_96' title="bbox 262 4807 1861 4880">
    <p class='ocr_par' dir='ltr' id='par_1_96' title="bbox 262 4807 1861 4880">
     <span class='ocr_line' id='line_1_96' title="bbox 262 4807 1861 4880; baseline 0.004 -21"><span class='ocrx_word' id='word_1_706' title='bbox 262 4823 437 4878; x_wconf 73' lang='grc' dir='ltr'>φησιν</span> <span class='ocrx_word' id='word_1_707' title='bbox 455 4823 470 4838; x_wconf 89' lang='grc'>·</span> <span class='ocrx_word' id='word_1_708' title='bbox 514 4825 534 4858; x_wconf 79' lang='grc' dir='ltr'><strong>ι</strong></span> <span class='ocrx_word' id='word_1_709' title='bbox 565 4807 743 4861; x_wconf 88' lang='grc' dir='ltr'>Ὅπου</span> <span class='ocrx_word' id='word_1_710' title='bbox 778 4807 974 4876; x_wconf 80' lang='grc' dir='ltr'>ὑπάγω</span> <span class='ocrx_word' id='word_1_711' title='bbox 996 4807 1125 4876; x_wconf 84' lang='grc' dir='ltr'>ἐγὼ,</span> <span class='ocrx_word' id='word_1_712' title='bbox 1153 4808 1216 4862; x_wconf 82' lang='grc' dir='ltr'><strong>οὐ</strong></span> <span class='ocrx_word' id='word_1_713' title='bbox 1239 4807 1466 4862; x_wconf 87' lang='grc' dir='ltr'>δύνασαί</span> <span class='ocrx_word' id='word_1_714' title='bbox 1499 4826 1590 4880; x_wconf 93' lang='grc' dir='ltr'><strong>μοι</strong></span> <span class='ocrx_word' id='word_1_715' title='bbox 1611 4808 1708 4865; x_wconf 78' lang='grc' dir='ltr'>νῦν</span> <span class='ocrx_word' id='word_1_716' title='bbox 1728 4812 1861 4865; x_wconf 85' lang='grc' dir='ltr'>ἀκο-</span> 
     </span>
    </p>
   </div>
   <div class='ocr_carea' id='block_1_97' title="bbox 262 4901 1863 4976">
    <p class='ocr_par' dir='ltr' id='par_1_97' title="bbox 262 4901 1863 4976">
     <span class='ocr_line' id='line_1_97' title="bbox 262 4901 1863 4976; baseline 0.003 -22"><span class='ocrx_word' id='word_1_717' title='bbox 262 4901 554 4973; x_wconf 77' lang='grc' dir='ltr'>λουθῆσαι.</span> <span class='ocrx_word' id='word_1_718' title='bbox 586 4901 972 4973; x_wconf 80' lang='grc' dir='ltr'>ἀκολουθήσεις</span> <span class='ocrx_word' id='word_1_719' title='bbox 1018 4904 1076 4958; x_wconf 84' lang='grc' dir='ltr'>δὲ</span> <span class='ocrx_word' id='word_1_720' title='bbox 1122 4902 1368 4971; x_wconf 80' lang='grc' dir='ltr'>ὕστερον.</span> <span class='ocrx_word' id='word_1_721' title='bbox 1408 4922 1427 4956; x_wconf 71' lang='grc' dir='ltr'><strong>ι</strong></span> <span class='ocrx_word' id='word_1_722' title='bbox 1464 4904 1576 4958; x_wconf 79' lang='grc' dir='ltr'><strong>Καὶ</strong></span> <span class='ocrx_word' id='word_1_723' title='bbox 1612 4904 1798 4976; x_wconf 84' lang='grc' dir='ltr'>διττὴν</span> <span class='ocrx_word' id='word_1_724' title='bbox 1833 4907 1863 4959; x_wconf 87' lang='grc' dir='ltr'><strong>ό</strong></span> 
     </span>
    </p>
   </div>
   <div class='ocr_carea' id='block_1_98' title="bbox 261 4988 1862 5068">
    <p class='ocr_par' dir='ltr' id='par_1_98' title="bbox 261 4988 1862 5068">
     <span class='ocr_line' id='line_1_98' title="bbox 261 4988 1862 5068; baseline 0.003 -22"><span class='ocrx_word' id='word_1_725' title='bbox 261 4993 429 5062; x_wconf 85' lang='grc' dir='ltr'>λόγος</span> <span class='ocrx_word' id='word_1_726' title='bbox 471 4992 652 5047; x_wconf 83' lang='grc' dir='ltr'>ὼδίνει</span> <span class='ocrx_word' id='word_1_727' title='bbox 683 4994 784 5065; x_wconf 82' lang='grc' dir='ltr'>τὴν</span> <span class='ocrx_word' id='word_1_728' title='bbox 817 4993 1057 5049; x_wconf 73' lang='grc' dir='ltr'>έννοιανο</span> <span class='ocrx_word' id='word_1_729' title='bbox 1104 4988 1181 5049; x_wconf 83' lang='grc' dir='ltr'>ὧν</span> <span class='ocrx_word' id='word_1_730' title='bbox 1233 4997 1266 5065; x_wconf 82' lang='grc' dir='ltr'><strong>ἡ</strong></span> <span class='ocrx_word' id='word_1_731' title='bbox 1302 4996 1402 5066; x_wconf 81' lang='grc' dir='ltr'>μὲν</span> <span class='ocrx_word' id='word_1_732' title='bbox 1433 4995 1530 5065; x_wconf 89' lang='grc' dir='ltr'><strong>μία</strong></span> <span class='ocrx_word' id='word_1_733' title='bbox 1575 5013 1862 5068; x_wconf 89' lang='grc' dir='ltr'>προχειρο-</span> 
     </span>
    </p>
   </div>
   <div class='ocr_carea' id='block_1_99' title="bbox 259 5084 1861 5159">
    <p class='ocr_par' dir='ltr' id='par_1_99' title="bbox 259 5084 1861 5159">
     <span class='ocr_line' id='line_1_99' title="bbox 259 5084 1861 5159; baseline 0.003 -22"><span class='ocrx_word' id='word_1_734' title='bbox 259 5086 407 5156; x_wconf 85' lang='grc' dir='ltr'>τὰτη</span> <span class='ocrx_word' id='word_1_735' title='bbox 436 5085 532 5137; x_wconf 79' lang='grc' dir='ltr'><strong>καὶ</strong></span> <span class='ocrx_word' id='word_1_736' title='bbox 559 5084 682 5138; x_wconf 84' lang='grc' dir='ltr'>λίαν</span> <span class='ocrx_word' id='word_1_737' title='bbox 709 5085 988 5157; x_wconf 78' lang='grc' dir='ltr'>εὐτριδὴς,</span> <span class='ocrx_word' id='word_1_738' title='bbox 1027 5086 1375 5157; x_wconf 81' lang='grc' dir='ltr'>ἀφανεστέρα</span> <span class='ocrx_word' id='word_1_739' title='bbox 1404 5086 1462 5139; x_wconf 89' lang='grc' dir='ltr'><strong>δέ</strong></span> <span class='ocrx_word' id='word_1_740' title='bbox 1494 5105 1610 5151; x_wconf 89' lang='grc' dir='ltr'><strong>πως</strong></span> <span class='ocrx_word' id='word_1_741' title='bbox 1633 5090 1668 5159; x_wconf 85' lang='grc' dir='ltr'>ὴ</span> <span class='ocrx_word' id='word_1_742' title='bbox 1698 5088 1861 5158; x_wconf 87' lang='grc' dir='ltr'>ἐτέρα</span> 
     </span>
    </p>
   </div>
   <div class='ocr_carea' id='block_1_100' title="bbox 263 5174 1862 5245">
    <p class='ocr_par' dir='ltr' id='par_1_100' title="bbox 263 5174 1862 5245">
     <span class='ocr_line' id='line_1_100' title="bbox 263 5174 1862 5245; baseline 0.001 -17"><span class='ocrx_word' id='word_1_743' title='bbox 263 5175 366 5228; x_wconf 75' lang='grc' dir='ltr'>καὶ</span> <span class='ocrx_word' id='word_1_744' title='bbox 395 5175 458 5227; x_wconf 86' lang='grc' dir='ltr'><strong>ἐν</strong></span> <span class='ocrx_word' id='word_1_745' title='bbox 485 5174 798 5244; x_wconf 87' lang='grc' dir='ltr'>αἰνίγμασι.</span> <span class='ocrx_word' id='word_1_746' title='bbox 823 5176 1026 5229; x_wconf 83' lang='grc' dir='ltr'>Φάσκει</span> <span class='ocrx_word' id='word_1_747' title='bbox 1057 5176 1156 5244; x_wconf 82' lang='grc' dir='ltr'><strong>μὲν</strong></span> <span class='ocrx_word' id='word_1_748' title='bbox 1175 5176 1305 5245; x_wconf 88' lang='grc' dir='ltr'>γὰρ,</span> <span class='ocrx_word' id='word_1_749' title='bbox 1322 5175 1398 5240; x_wconf 85' lang='grc' dir='ltr'><strong>ὡς</strong></span> <span class='ocrx_word' id='word_1_750' title='bbox 1417 5177 1518 5228; x_wconf 85' lang='grc' dir='ltr'>οὐκ</span> <span class='ocrx_word' id='word_1_751' title='bbox 1541 5175 1608 5230; x_wconf 82' lang='grc' dir='ltr'><strong>ἀν</strong></span> <span class='ocrx_word' id='word_1_752' title='bbox 1643 5175 1862 5230; x_wconf 86' lang='grc' dir='ltr'>δύναιτο</span> 
     </span>
    </p>
   </div>
   <div class='ocr_carea' id='block_1_101' title="bbox 262 5266 1861 5339">
    <p class='ocr_par' dir='ltr' id='par_1_101' title="bbox 262 5266 1861 5339">
     <span class='ocr_line' id='line_1_101' title="bbox 262 5266 1861 5339; baseline 0.001 -19"><span class='ocrx_word' id='word_1_753' title='bbox 262 5267 364 5320; x_wconf 79' lang='grc' dir='ltr'><strong>νῦν</strong></span> <span class='ocrx_word' id='word_1_754' title='bbox 399 5266 717 5320; x_wconf 86' lang='grc' dir='ltr'>ἀκολουθεῖν</span> <span class='ocrx_word' id='word_1_755' title='bbox 752 5267 892 5339; x_wconf 85' lang='grc' dir='ltr'>πρὸς</span> <span class='ocrx_word' id='word_1_756' title='bbox 926 5268 991 5321; x_wconf 86' lang='grc' dir='ltr'>τὸ</span> <span class='ocrx_word' id='word_1_757' title='bbox 1042 5267 1156 5322; x_wconf 78' lang='grc' dir='ltr'><strong>ἀνω</strong></span> <span class='ocrx_word' id='word_1_758' title='bbox 1191 5267 1480 5337; x_wconf 80' lang='grc' dir='ltr'>βαδίζοντι,</span> <span class='ocrx_word' id='word_1_759' title='bbox 1518 5269 1613 5322; x_wconf 73' lang='grc' dir='ltr'>καὶ</span> <span class='ocrx_word' id='word_1_760' title='bbox 1669 5269 1861 5322; x_wconf 87' lang='grc' dir='ltr'>παλιν-</span> 
     </span>
    </p>
   </div>
   <div class='ocr_carea' id='block_1_102' title="bbox 262 5357 1863 5432">
    <p class='ocr_par' dir='ltr' id='par_1_102' title="bbox 262 5357 1863 5432">
     <span class='ocr_line' id='line_1_102' title="bbox 262 5357 1863 5432; baseline 0.002 -20"><span class='ocrx_word' id='word_1_761' title='bbox 262 5357 567 5431; x_wconf 81' lang='grc' dir='ltr'>δρομοῦντι</span> <span class='ocrx_word' id='word_1_762' title='bbox 595 5357 732 5430; x_wconf 82' lang='grc' dir='ltr'>πρὸς</span> <span class='ocrx_word' id='word_1_763' title='bbox 759 5359 993 5430; x_wconf 79' lang='grc' dir='ltr'>οὐρανόν</span> <span class='ocrx_word' id='word_1_764' title='bbox 1015 5374 1029 5388; x_wconf 90' lang='grc'><strong>·</strong></span> <span class='ocrx_word' id='word_1_765' title='bbox 1068 5358 1427 5431; x_wconf 78' lang='grc' dir='ltr'>ἀκολουθήσει</span> <span class='ocrx_word' id='word_1_766' title='bbox 1463 5376 1528 5427; x_wconf 88' lang='grc' dir='ltr'><strong>γε</strong></span> <span class='ocrx_word' id='word_1_767' title='bbox 1559 5361 1666 5431; x_wconf 80' lang='grc' dir='ltr'><strong>μὴν</strong></span> <span class='ocrx_word' id='word_1_768' title='bbox 1723 5362 1863 5432; x_wconf 82' lang='grc' dir='ltr'>μετὰ</span> 
     </span>
    </p>
   </div>
   <div class='ocr_carea' id='block_1_103' title="bbox 264 5451 1862 5525">
    <p class='ocr_par' dir='ltr' id='par_1_103' title="bbox 264 5451 1862 5525">
     <span class='ocr_line' id='line_1_103' title="bbox 264 5451 1862 5525; baseline 0.002 -20"><span class='ocrx_word' id='word_1_769' title='bbox 264 5452 469 5518; x_wconf 77' lang='grc' dir='ltr'>ταῦτα,</span> <span class='ocrx_word' id='word_1_770' title='bbox 501 5451 1022 5523; x_wconf 84' lang='grc' dir='ltr'>ἀποκαθισταμένης</span> <span class='ocrx_word' id='word_1_771' title='bbox 1053 5452 1299 5521; x_wconf 87' lang='grc' dir='ltr'>δηλονότι</span> <span class='ocrx_word' id='word_1_772' title='bbox 1339 5455 1452 5515; x_wconf 86' lang='grc' dir='ltr'>τοῖς</span> <span class='ocrx_word' id='word_1_773' title='bbox 1497 5453 1674 5523; x_wconf 79' lang='grc' dir='ltr'>ἁγίοις</span> <span class='ocrx_word' id='word_1_774' title='bbox 1708 5454 1862 5525; x_wconf 85' lang='grc' dir='ltr'><strong>παρά</strong></span> 
     </span>
    </p>
   </div>
   <div class='ocr_carea' id='block_1_104' title="bbox 267 5543 1865 5616">
    <p class='ocr_par' dir='ltr' id='par_1_104' title="bbox 267 5543 1865 5616">
     <span class='ocr_line' id='line_1_104' title="bbox 267 5543 1865 5616; baseline 0.002 -19"><span class='ocrx_word' id='word_1_775' title='bbox 267 5543 519 5616; x_wconf 76' lang='grc' dir='ltr'>Χριστοῦ</span> <span class='ocrx_word' id='word_1_776' title='bbox 553 5544 656 5615; x_wconf 85' lang='grc' dir='ltr'>τῆς</span> <span class='ocrx_word' id='word_1_777' title='bbox 703 5547 762 5598; x_wconf 84' lang='grc' dir='ltr'><strong>ἐν</strong></span> <span class='ocrx_word' id='word_1_778' title='bbox 794 5545 976 5599; x_wconf 79' lang='grc' dir='ltr'>ἐλπίσι</span> <span class='ocrx_word' id='word_1_779' title='bbox 1025 5545 1194 5616; x_wconf 82' lang='grc' dir='ltr'>τιμῆς</span> <span class='ocrx_word' id='word_1_780' title='bbox 1221 5561 1282 5598; x_wconf 89' lang='grc' dir='ltr'><strong>τε</strong></span> <span class='ocrx_word' id='word_1_781' title='bbox 1313 5546 1408 5599; x_wconf 76' lang='grc' dir='ltr'>καὶ</span> <span class='ocrx_word' id='word_1_782' title='bbox 1435 5545 1615 5616; x_wconf 77' lang='grc' dir='ltr'>δόξης,</span> <span class='ocrx_word' id='word_1_783' title='bbox 1667 5549 1756 5601; x_wconf 83' lang='grc' dir='ltr'>ὅτε</span> <span class='ocrx_word' id='word_1_784' title='bbox 1785 5549 1865 5611; x_wconf 88' lang='grc' dir='ltr'><strong>εἰς</strong></span> 
     </span>
    </p>
   </div>
   <div class='ocr_carea' id='block_1_105' title="bbox 266 5635 1864 5708">
    <p class='ocr_par' dir='ltr' id='par_1_105' title="bbox 266 5635 1864 5708">
     <span class='ocr_line' id='line_1_105' title="bbox 266 5635 1864 5708; baseline 0.003 -20"><span class='ocrx_word' id='word_1_785' title='bbox 266 5635 370 5706; x_wconf 79' lang='grc' dir='ltr'>τὴν</span> <span class='ocrx_word' id='word_1_786' title='bbox 421 5636 538 5692; x_wconf 80' lang='grc' dir='ltr'><strong>ἀνω</strong></span> <span class='ocrx_word' id='word_1_787' title='bbox 583 5637 909 5707; x_wconf 82' lang='grc' dir='ltr'>γενήσονται</span> <span class='ocrx_word' id='word_1_788' title='bbox 966 5635 1145 5701; x_wconf 84' lang='grc' dir='ltr'>πόλιν,</span> <span class='ocrx_word' id='word_1_789' title='bbox 1196 5635 1293 5689; x_wconf 75' lang='grc' dir='ltr'><strong>καὶ</strong></span> <span class='ocrx_word' id='word_1_790' title='bbox 1335 5636 1864 5708; x_wconf 76' lang='grc' dir='ltr'>συμΰασιλεύσουσιν</span> 
     </span>
    </p>
   </div>
   <div class='ocr_carea' id='block_1_106' title="bbox 377 5810 1461 5879">
    <p class='ocr_par' dir='ltr' id='par_1_106' title="bbox 377 5810 1461 5879">
     <span class='ocr_line' id='line_1_106' title="bbox 377 5810 1461 5879; baseline -0.003 -8"><span class='ocrx_word' id='word_1_791' title='bbox 377 5814 427 5847; x_wconf 84' lang='grc'><strong>⁸⁸</strong></span> <span class='ocrx_word' id='word_1_792' title='bbox 461 5811 628 5871; x_wconf 73' lang='lat' dir='ltr'><strong>Joan.</strong></span> <span class='ocrx_word' id='word_1_793' title='bbox 671 5827 784 5879; x_wconf 72' lang='lat' dir='ltr'><strong>1m,</strong></span> <span class='ocrx_word' id='word_1_794' title='bbox 816 5813 870 5866; x_wconf 87' lang='lat'><strong>7.</strong></span> <span class='ocrx_word' id='word_1_795' title='bbox 948 5811 994 5845; x_wconf 73' lang='lat'>&quot;</span> <span class='ocrx_word' id='word_1_796' title='bbox 1029 5810 1161 5866; x_wconf 82' lang='lat' dir='ltr'><strong>Luc.</strong></span> <span class='ocrx_word' id='word_1_797' title='bbox 1188 5828 1340 5878; x_wconf 72' lang='lat' dir='ltr'><strong>xxiv,</strong></span> <span class='ocrx_word' id='word_1_798' title='bbox 1373 5812 1461 5870; x_wconf 68' lang='grc'>49.</span> 
     </span>
    </p>
   </div>
   <div class='ocr_carea' id='block_1_107' title="bbox 603 5905 1347 5969">
    <p class='ocr_par' dir='ltr' id='par_1_107' title="bbox 603 5905 1347 5969">
     <span class='ocr_line' id='line_1_107' title="bbox 603 5905 1347 5969; baseline -0.005 0"><span class='ocrx_word' id='word_1_799' title='bbox 603 5907 876 5969; x_wconf 71' lang='grc' dir='ltr'>ΡΑτιιοῐ..</span> <span class='ocrx_word' id='word_1_800' title='bbox 924 5905 1040 5967; x_wconf 81' lang='lat' dir='ltr'><strong>Gn.</strong></span> <span class='ocrx_word' id='word_1_801' title='bbox 1087 5906 1347 5966; x_wconf 79' lang='lat' dir='ltr'><strong>LXXIV.</strong></span> 
     </span>
    </p>
   </div>
   <div class='ocr_carea' id='block_1_108' title="bbox 1966 4705 3546 4787">
    <p class='ocr_par' dir='ltr' id='par_1_108' title="bbox 1966 4705 3546 4787">
     <span class='ocr_line' id='line_1_108' title="bbox 1966 4705 3546 4787; baseline -0.009 -13"><span class='ocrx_word' id='word_1_802' title='bbox 1966 4717 2239 4787; x_wconf 89' lang='lat' dir='ltr'><strong>duplicem</strong></span> <span class='ocrx_word' id='word_1_803' title='bbox 2297 4727 2524 4769; x_wconf 91' lang='lat' dir='ltr'><strong>sensum</strong></span> <span class='ocrx_word' id='word_1_804' title='bbox 2560 4710 2810 4782; x_wconf 86' lang='lat' dir='ltr'><strong>pariunt,</strong></span> <span class='ocrx_word' id='word_1_805' title='bbox 2863 4721 3101 4778; x_wconf 90' lang='lat' dir='ltr'><strong>quorum</strong></span> <span class='ocrx_word' id='word_1_806' title='bbox 3150 4721 3297 4762; x_wconf 90' lang='lat' dir='ltr'><strong>unus</strong></span> <span class='ocrx_word' id='word_1_807' title='bbox 3348 4705 3546 4760; x_wconf 84' lang='lat' dir='ltr'><strong>obvius</strong></span> 
     </span>
    </p>
   </div>
   <div class='ocr_carea' id='block_1_109' title="bbox 1962 4797 3549 4870">
    <p class='ocr_par' dir='ltr' id='par_1_109' title="bbox 1962 4797 3549 4870">
     <span class='ocr_line' id='line_1_109' title="bbox 1962 4797 3549 4870; baseline -0.009 -5"><span class='ocrx_word' id='word_1_808' title='bbox 1962 4818 2048 4865; x_wconf 88' lang='lat' dir='ltr'><strong>est</strong></span> <span class='ocrx_word' id='word_1_809' title='bbox 2081 4823 2147 4862; x_wconf 90' lang='lat' dir='ltr'><strong>ac</strong></span> <span class='ocrx_word' id='word_1_810' title='bbox 2186 4805 2502 4870; x_wconf 87' lang='lat' dir='ltr'><strong>familiaris,</strong></span> <span class='ocrx_word' id='word_1_811' title='bbox 2542 4803 2681 4859; x_wconf 85' lang='lat' dir='ltr'><strong>alter</strong></span> <span class='ocrx_word' id='word_1_812' title='bbox 2710 4800 3006 4857; x_wconf 89' lang='lat' dir='ltr'><strong>obscurior</strong></span> <span class='ocrx_word' id='word_1_813' title='bbox 3034 4805 3090 4854; x_wconf 89' lang='lat' dir='ltr'><strong>et</strong></span> <span class='ocrx_word' id='word_1_814' title='bbox 3120 4797 3430 4870; x_wconf 86' lang='lat' dir='ltr'><strong>aenigmatis</strong></span> <span class='ocrx_word' id='word_1_815' title='bbox 3464 4797 3549 4851; x_wconf 81' lang='lat' dir='ltr'><strong>in-</strong></span> 
     </span>
    </p>
   </div>
   <div class='ocr_carea' id='block_1_110' title="bbox 1963 4888 3549 4964">
    <p class='ocr_par' dir='ltr' id='par_1_110' title="bbox 1963 4888 3549 4964">
     <span class='ocr_line' id='line_1_110' title="bbox 1963 4888 3549 4964; baseline -0.009 -8"><span class='ocrx_word' id='word_1_816' title='bbox 1963 4903 2211 4958; x_wconf 87' lang='lat' dir='ltr'><strong>volutus.</strong></span> <span class='ocrx_word' id='word_1_817' title='bbox 2248 4897 2397 4952; x_wconf 89' lang='lat' dir='ltr'><strong>Dicit</strong></span> <span class='ocrx_word' id='word_1_818' title='bbox 2428 4895 2574 4951; x_wconf 90' lang='lat' dir='ltr'><strong>enim</strong></span> <span class='ocrx_word' id='word_1_819' title='bbox 2611 4892 2757 4964; x_wconf 89' lang='lat' dir='ltr'><strong>quod</strong></span> <span class='ocrx_word' id='word_1_820' title='bbox 2805 4906 2916 4946; x_wconf 90' lang='lat' dir='ltr'><strong>non</strong></span> <span class='ocrx_word' id='word_1_821' title='bbox 2950 4889 3134 4961; x_wconf 83' lang='lat' dir='ltr'><strong>possit</strong></span> <span class='ocrx_word' id='word_1_822' title='bbox 3167 4888 3322 4959; x_wconf 86' lang='lat' dir='ltr'><strong>sequi</strong></span> <span class='ocrx_word' id='word_1_823' title='bbox 3354 4902 3549 4944; x_wconf 86' lang='lat' dir='ltr'><strong>ascen-</strong></span> 
     </span>
    </p>
   </div>
   <div class='ocr_carea' id='block_1_111' title="bbox 1966 4983 3551 5049">
    <p class='ocr_par' dir='ltr' id='par_1_111' title="bbox 1966 4983 3551 5049">
     <span class='ocr_line' id='line_1_111' title="bbox 1966 4983 3551 5049; baseline -0.009 0"><span class='ocrx_word' id='word_1_824' title='bbox 1966 4994 2184 5049; x_wconf 91' lang='lat' dir='ltr'><strong>dentem</strong></span> <span class='ocrx_word' id='word_1_825' title='bbox 2218 5004 2284 5045; x_wconf 89' lang='lat' dir='ltr'><strong>ac</strong></span> <span class='ocrx_word' id='word_1_826' title='bbox 2307 4992 2674 5044; x_wconf 87' lang='lat' dir='ltr'><strong>revertentem</strong></span> <span class='ocrx_word' id='word_1_827' title='bbox 2704 4984 2760 5038; x_wconf 94' lang='lat' dir='ltr'><strong>in</strong></span> <span class='ocrx_word' id='word_1_828' title='bbox 2782 4983 3011 5044; x_wconf 72' lang='lat' dir='ltr'><strong>omium,</strong></span> <span class='ocrx_word' id='word_1_829' title='bbox 3035 4989 3331 5037; x_wconf 89' lang='lat' dir='ltr'><strong>secuturus</strong></span> <span class='ocrx_word' id='word_1_830' title='bbox 3362 4987 3551 5034; x_wconf 89' lang='lat' dir='ltr'><strong>tamen</strong></span> 
     </span>
    </p>
   </div>
   <div class='ocr_carea' id='block_1_112' title="bbox 1967 5070 3551 5155">
    <p class='ocr_par' dir='ltr' id='par_1_112' title="bbox 1967 5070 3551 5155">
     <span class='ocr_line' id='line_1_112' title="bbox 1967 5070 3551 5155; baseline -0.011 -14"><span class='ocrx_word' id='word_1_831' title='bbox 1967 5086 2039 5143; x_wconf 91' lang='lat' dir='ltr'><strong>sit</strong></span> <span class='ocrx_word' id='word_1_832' title='bbox 2098 5091 2315 5155; x_wconf 86' lang='lat' dir='ltr'><strong>postea,</strong></span> <span class='ocrx_word' id='word_1_833' title='bbox 2375 5078 2624 5150; x_wconf 89' lang='lat' dir='ltr'><strong>reposito</strong></span> <span class='ocrx_word' id='word_1_834' title='bbox 2668 5075 2936 5131; x_wconf 85' lang='lat' dir='ltr'><strong>nimirum</strong></span> <span class='ocrx_word' id='word_1_835' title='bbox 2986 5071 3198 5129; x_wconf 87' lang='lat' dir='ltr'><strong>sanctis</strong></span> <span class='ocrx_word' id='word_1_836' title='bbox 3245 5085 3275 5124; x_wconf 90' lang='lat' dir='ltr'><strong>a</strong></span> <span class='ocrx_word' id='word_1_837' title='bbox 3325 5070 3551 5126; x_wconf 85' lang='lat' dir='ltr'><strong>Christo</strong></span> 
     </span>
    </p>
   </div>
   <div class='ocr_carea' id='block_1_113' title="bbox 1971 5164 3548 5243">
    <p class='ocr_par' dir='ltr' id='par_1_113' title="bbox 1971 5164 3548 5243">
     <span class='ocr_line' id='line_1_113' title="bbox 1971 5164 3548 5243; baseline -0.012 -10"><span class='ocrx_word' id='word_1_838' title='bbox 1971 5179 2178 5233; x_wconf 88' lang='lat' dir='ltr'><strong>honore</strong></span> <span class='ocrx_word' id='word_1_839' title='bbox 2229 5176 2284 5229; x_wconf 91' lang='lat' dir='ltr'><strong>in</strong></span> <span class='ocrx_word' id='word_1_840' title='bbox 2329 5188 2426 5243; x_wconf 89' lang='lat' dir='ltr'><strong>spe</strong></span> <span class='ocrx_word' id='word_1_841' title='bbox 2476 5176 2534 5227; x_wconf 86' lang='lat' dir='ltr'><strong>et</strong></span> <span class='ocrx_word' id='word_1_842' title='bbox 2589 5168 2803 5241; x_wconf 88' lang='lat' dir='ltr'><strong>gloria,</strong></span> <span class='ocrx_word' id='word_1_843' title='bbox 2861 5164 3090 5236; x_wconf 87' lang='lat' dir='ltr'><strong>quando</strong></span> <span class='ocrx_word' id='word_1_844' title='bbox 3147 5165 3202 5218; x_wconf 86' lang='lat' dir='ltr'><strong>in</strong></span> <span class='ocrx_word' id='word_1_845' title='bbox 3251 5175 3548 5232; x_wconf 89' lang='lat' dir='ltr'><strong>supernam</strong></span> 
     </span>
    </p>
   </div>
   <div class='ocr_carea' id='block_1_114' title="bbox 1973 5252 3546 5323">
    <p class='ocr_par' dir='ltr' id='par_1_114' title="bbox 1973 5252 3546 5323">
     <span class='ocr_line' id='line_1_114' title="bbox 1973 5252 3546 5323; baseline -0.011 -3"><span class='ocrx_word' id='word_1_846' title='bbox 1973 5266 2319 5322; x_wconf 88' lang='lat' dir='ltr'><strong>ascisceutur</strong></span> <span class='ocrx_word' id='word_1_847' title='bbox 2361 5261 2664 5323; x_wconf 89' lang='lat' dir='ltr'><strong>civitatem,</strong></span> <span class='ocrx_word' id='word_1_848' title='bbox 2713 5267 2768 5313; x_wconf 88' lang='lat' dir='ltr'><strong>et</strong></span> <span class='ocrx_word' id='word_1_849' title='bbox 2803 5272 2915 5311; x_wconf 88' lang='lat' dir='ltr'><strong>una</strong></span> <span class='ocrx_word' id='word_1_850' title='bbox 2950 5269 3075 5311; x_wconf 90' lang='lat' dir='ltr'><strong>cum</strong></span> <span class='ocrx_word' id='word_1_851' title='bbox 3105 5269 3173 5308; x_wconf 90' lang='lat' dir='ltr'><strong>eo</strong></span> <span class='ocrx_word' id='word_1_852' title='bbox 3214 5252 3546 5323; x_wconf 80' lang='lat' dir='ltr'><strong>regnabant.</strong></span> 
     </span>
    </p>
   </div>
   <div class='ocr_carea' id='block_1_115' title="bbox 1971 5341 3551 5422">
    <p class='ocr_par' dir='ltr' id='par_1_115' title="bbox 1971 5341 3551 5422">
     <span class='ocr_line' id='line_1_115' title="bbox 1971 5341 3551 5422; baseline -0.011 -11"><span class='ocrx_word' id='word_1_853' title='bbox 1971 5355 2076 5412; x_wconf 90' lang='lat' dir='ltr'><strong>Sed</strong></span> <span class='ocrx_word' id='word_1_854' title='bbox 2109 5362 2164 5410; x_wconf 86' lang='lat' dir='ltr'><strong>et</strong></span> <span class='ocrx_word' id='word_1_855' title='bbox 2206 5353 2355 5408; x_wconf 89' lang='lat' dir='ltr'><strong>aliud</strong></span> <span class='ocrx_word' id='word_1_856' title='bbox 2400 5365 2567 5422; x_wconf 91' lang='lat' dir='ltr'><strong>porro</strong></span> <span class='ocrx_word' id='word_1_857' title='bbox 2616 5349 2912 5420; x_wconf 72' lang='lat' dir='ltr'><strong>significat,</strong></span> <span class='ocrx_word' id='word_1_858' title='bbox 2955 5345 3103 5417; x_wconf 91' lang='lat' dir='ltr'><strong>quod</strong></span> <span class='ocrx_word' id='word_1_859' title='bbox 3131 5343 3298 5413; x_wconf 89' lang='lat' dir='ltr'><strong>quale</strong></span> <span class='ocrx_word' id='word_1_860' title='bbox 3331 5342 3427 5407; x_wconf 77' lang='lat' dir='ltr'><strong>sit,</strong></span> <span class='ocrx_word' id='word_1_861' title='bbox 3462 5341 3551 5395; x_wconf 89' lang='lat' dir='ltr'><strong>di-</strong></span> 
     </span>
    </p>
   </div>
   <div class='ocr_carea' id='block_1_116' title="bbox 1968 5431 3546 5505">
    <p class='ocr_par' dir='ltr' id='par_1_116' title="bbox 1968 5431 3546 5505">
     <span class='ocr_line' id='line_1_116' title="bbox 1968 5431 3546 5505; baseline -0.013 0"><span class='ocrx_word' id='word_1_862' title='bbox 1968 5463 2112 5505; x_wconf 89' lang='lat' dir='ltr'><strong>cam.</strong></span> <span class='ocrx_word' id='word_1_863' title='bbox 2149 5445 2407 5502; x_wconf 82' lang='lat' dir='ltr'><strong>Nondum</strong></span> <span class='ocrx_word' id='word_1_864' title='bbox 2443 5443 2618 5498; x_wconf 92' lang='lat' dir='ltr'><strong>induti</strong></span> <span class='ocrx_word' id='word_1_865' title='bbox 2639 5441 2844 5496; x_wconf 89' lang='lat' dir='ltr'><strong>virtute</strong></span> <span class='ocrx_word' id='word_1_866' title='bbox 2871 5454 2936 5494; x_wconf 78' lang='lat' dir='ltr'><strong>ex</strong></span> <span class='ocrx_word' id='word_1_867' title='bbox 2968 5439 3084 5491; x_wconf 86' lang='lat' dir='ltr'><strong>alto</strong></span> <span class='ocrx_word' id='word_1_868' title='bbox 3116 5436 3195 5502; x_wconf 84' lang='lat'><strong>“,</strong></span> <span class='ocrx_word' id='word_1_869' title='bbox 3221 5448 3396 5503; x_wconf 90' lang='lat' dir='ltr'><strong>neque</strong></span> <span class='ocrx_word' id='word_1_870' title='bbox 3419 5431 3546 5486; x_wconf 86' lang='lat' dir='ltr'><strong>dum</strong></span> 
     </span>
    </p>
   </div>
   <div class='ocr_carea' id='block_1_117' title="bbox 1971 5529 3552 5611">
    <p class='ocr_par' dir='ltr' id='par_1_117' title="bbox 1971 5529 3552 5611">
     <span class='ocr_line' id='line_1_117' title="bbox 1971 5529 3552 5611; baseline -0.013 -12"><span class='ocrx_word' id='word_1_871' title='bbox 1971 5550 2230 5611; x_wconf 85' lang='lat' dir='ltr'><strong>suscepto</strong></span> <span class='ocrx_word' id='word_1_872' title='bbox 2265 5545 2460 5594; x_wconf 89' lang='lat' dir='ltr'><strong>sancto</strong></span> <span class='ocrx_word' id='word_1_873' title='bbox 2508 5535 2722 5606; x_wconf 92' lang='lat' dir='ltr'><strong>Spiritu</strong></span> <span class='ocrx_word' id='word_1_874' title='bbox 2773 5531 2868 5602; x_wconf 90' lang='lat' dir='ltr'><strong>qui</strong></span> <span class='ocrx_word' id='word_1_875' title='bbox 2924 5529 3279 5584; x_wconf 79' lang='lat' dir='ltr'><strong>confirmaret</strong></span> <span class='ocrx_word' id='word_1_876' title='bbox 3330 5540 3448 5589; x_wconf 89' lang='lat' dir='ltr'><strong>eos,</strong></span> <span class='ocrx_word' id='word_1_877' title='bbox 3496 5532 3552 5580; x_wconf 88' lang='lat' dir='ltr'><strong>et</strong></span> 
     </span>
    </p>
   </div>
   <div class='ocr_carea' id='block_1_118' title="bbox 1972 5617 3549 5694">
    <p class='ocr_par' dir='ltr' id='par_1_118' title="bbox 1972 5617 3549 5694">
     <span class='ocr_line' id='line_1_118' title="bbox 1972 5617 3549 5694; baseline -0.014 -2"><span class='ocrx_word' id='word_1_878' title='bbox 1972 5634 2214 5694; x_wconf 86' lang='lat' dir='ltr'><strong>hominis</strong></span> <span class='ocrx_word' id='word_1_879' title='bbox 2249 5640 2502 5687; x_wconf 88' lang='lat' dir='ltr'><strong>naturam</strong></span> <span class='ocrx_word' id='word_1_880' title='bbox 2536 5628 2602 5683; x_wconf 91' lang='lat' dir='ltr'><strong>ad</strong></span> <span class='ocrx_word' id='word_1_881' title='bbox 2634 5621 3014 5681; x_wconf 86' lang='lat' dir='ltr'><strong>fortitudinem</strong></span> <span class='ocrx_word' id='word_1_882' title='bbox 3051 5617 3406 5683; x_wconf 82' lang='lat' dir='ltr'><strong>reformaret,</strong></span> <span class='ocrx_word' id='word_1_883' title='bbox 3438 5632 3549 5671; x_wconf 88' lang='lat' dir='ltr'><strong>nou</strong></span> 
     </span>
    </p>
   </div>
   <div class='ocr_carea' id='block_1_119' title="bbox 3067 5897 3100 5954">
    <p class='ocr_par' dir='ltr' id='par_1_119' title="bbox 3067 5897 3100 5954">
     <span class='ocr_line' id='line_1_119' title="bbox 3067 5897 3100 5954; baseline 0 0"><span class='ocrx_word' id='word_1_884' title='bbox 3067 5897 3100 5954; x_wconf 83' lang='lat'><strong>6</strong></span> 
     </span>
    </p>
   </div>
  </div>
