4006 6434
464 361 558 419 ΠΙ
1459 354 1519 410 S.
1560 350 1839 409 CYRILLI
1881 345 2355 405 ALEXANDRINI
2392 344 2714 402 ARCHIEP.
3633 343 3728 401 I79

463 479 718 545 poterant
748 479 979 527 mortem
1009 484 1352 543 expugnare,
1387 483 1452 525 ac
1484 470 1755 525 adversus
1782 475 1894 522 tam
1923 467 2055 522 hor-

2169 464 2325 535 ιύτῷ.
2359 463 2627 534 Σημαίνει
2675 460 2733 515 δέ
2762 478 2815 514 τι
2858 459 2997 531 πρὸς
3038 460 3214 531 τούτῳ
3257 458 3351 513 καὶ
3387 457 3595 526 ἕτερον,
3643 462 3732 515 καὶ

464 562 630 618 ribile
666 562 1053 633 spectaculum
1104 575 1166 617 se
1215 560 1535 631 accingere.
1588 557 1725 614 Nam
1765 573 1893 612 cum
1944 557 2051 613 soli

463 654 691 710 Christo
746 661 1109 725 competeret,
1164 653 1331 722 eique
1384 653 1478 706 uni
1512 659 1856 706 reservatum
1906 655 2056 705 esset

465 746 671 803 mortis
702 748 1005 817 potentiam
1042 745 1417 815 confringere,
1457 743 1745 814 probabile
1788 758 1904 797 non
1935 751 2057 797 erat

469 842 612 900 alios
649 851 779 897 ante
814 844 995 912 ipsum
1040 840 1098 895 id
1145 854 1310 912 agere
1357 855 1543 910 posse.
1590 839 1819 896 Mortem
1849 840 2057 911 quippe

469 952 585 993 non
628 944 895 1002 metuere,
926 933 1056 1004 quid
1085 932 1255 999 aliud,
1283 948 1492 1003 quaeso,
1536 948 1663 989 esse
1696 941 1901 1000 potest,
1943 930 2057 987 nisi

470 1038 731 1092 mortem,
761 1027 919 1098 quasi
969 1025 1106 1080 nihil
1149 1040 1350 1081 nocere
1379 1027 1542 1081 nobis
1568 1026 1771 1096 possit,
1804 1034 2058 1081 contem-

471 1121 645 1177 nere?
676 1118 890 1174 Idcirco
921 1134 1043 1173 meo
1086 1118 1301 1188 judicio
1353 1118 1457 1190 ipsi
1502 1134 1726 1190 quoque
1771 1119 2058 1189 pr0pheta2

473 1221 703 1268 mortem
740 1211 1089 1281 ingruentem
1121 1210 1624 1277 exhorrescebant,
1646 1210 1810 1280 quasi
1843 1224 1940 1279 per
1966 1224 2057 1264 re-

472 1305 873 1361 surrectionem
917 1303 1123 1360 Christi
1174 1303 1422 1359 nondum
1477 1304 1844 1359 destructam.
1898 1300 2058 1368 Quod

470 1412 596 1452 cum
642 1407 799 1452 recte
846 1403 1039 1452 nosset
1083 1394 1317 1462 Paulus,
1352 1395 1573 1450 diccbat
1606 1393 1851 1450 Verbum
1908 1392 2060 1464 quod

467 1502 538 1542 ex
562 1488 671 1542 Deo
707 1486 871 1541 Patre
899 1494 954 1542 et
994 1486 1049 1540 in
1084 1486 1197 1541 Deo
1226 1493 1335 1544 cst.
1371 1485 1606 1541 Abrahae
1638 1500 1829 1540 semen
1858 1497 2059 1553 appre-

473 1580 755 1645 hendisse,
801 1588 863 1634 ut
915 1594 1013 1649 per
1064 1585 1299 1633 mortem
1354 1586 1563 1634 sancta:
1600 1577 1787 1633 carnis
1824 1585 2059 1632 mortem

474 1672 825 1744 proﬂigaret,
882 1687 1093 1742 eosque
1148 1673 1410 1727 liberaret
1475 1671 1799 1742 quicunque
1863 1671 2063 1725 timore

473 1768 670 1823 mortis
741 1766 821 1822 rci
882 1781 1103 1836 semper
1156 1773 1318 1821 erant
1366 1764 1588 1820 vivendi
1649 1763 1935 1821 servitutis
1992 1764 2059 1817 ³⁷.

2158 561 2332 622 ποῖον,
2358 558 2488 629 ἐρῶ.
2513 554 2680 609 υὺπω
2696 554 2797 625 τήν
2820 553 2880 618 ἐξ
2910 552 3077 623 ὕψους
3106 552 3463 623 ἐνδυσάμενοι
3488 550 3729 621 δύναμιν,

2155 650 2278 704 οὑδὲ
2314 652 2375 703 τὸ
2404 648 2651 720 ὲνισχύον
2684 648 2904 710 αὑτοὺς,
2942 647 3036 700 καὶ
3063 646 3143 709 είς
3182 644 3438 715 ἀνδρείαν
3466 644 3732 698 ἀναπλάτ-

2155 760 2248 795 τον
2271 741 2370 813 τὴν
2404 740 2697 812 ἀνθρώπου
2730 739 2896 808 φύσιν
2933 737 3321 808 κομισάμενοι,
3349 736 3576 807 Πνεῦμά
3598 752 3735 805 φημι

2156 832 2221 903 δὴ
2240 833 2303 886 τὸ
2327 832 2505 901 ἀγιον,
2534 832 2633 901 οὑχ
2670 825 2772 885 οἷοί
2810 848 2870 884 τε
2906 825 3052 901 ἦσαν
3096 829 3329 884 θανάτου
3371 830 3735 898 καταγωνίζε-

2160 926 2306 993 σθαι,
2354 926 2451 980 καὶ
2496 928 2611 989 τοῖς
2658 925 2803 977 οὕτω
2868 924 3223 995 δυσαντήτοις
3267 923 3736 977 ἀνταποδύσασθαι

2158 1017 2431 1088 δείμασιν.
2454 1012 2564 1070 Ἦν
2588 1016 2698 1088 γάρ
2722 1016 2820 1071 καὶ
2844 1015 3021 1079 ἄλλως
3042 1015 3308 1069 ἀπίθανον
3336 1015 3483 1087 μόνῳ
3502 1015 3735 1088 πρέπον-

2158 1126 2251 1172 τος
2286 1107 2382 1162 καὶ
2415 1106 2792 1179 τετηρημένου
2836 1106 2916 1175 τῷ
2959 1106 3173 1177 Σωτῆρι
3214 1107 3438 1177 Χριστῷ
3490 1107 3585 1161 τοῦ
3617 1124 3737 1161 συν-

2160 1199 2384 1271 θραύειν
2427 1198 2688 1253 δύνασθαι
2734 1199 2829 1252 τοῦ
2874 1199 3109 1253 θανάτου
3161 1199 3223 1252 τὸ
3271 1199 3494 1269 κράτος,
3525 1199 3739 1272 ἑτέρους

2160 1293 2268 1365 πρὸ
2297 1291 2465 1345 αὑτοῦ
2490 1292 2648 1345 τοῦτο
2673 1291 2924 1362 δρῶντας
2946 1291 3201 1362 ὁρᾶσθαι.
3230 1291 3304 1345 Τὸ
3338 1291 3447 1363 γάρ
3488 1291 3563 1363 μή
3584 1309 3742 1347 κατα-

2159 1384 2535 1456 δειμαίνεσθαι
2562 1384 2811 1451 θάνατον,
2843 1384 2894 1438 τί
2934 1385 3002 1438 ἂν
3042 1385 3232 1456 ἕτερον
3259 1385 3345 1455 είη
3380 1386 3564 1456 τυχὸν,
3596 1385 3743 1457 ἢθα-

2162 1477 2324 1531 νάτου
2354 1478 2738 1547 καταφρονεῖν,
2762 1476 2840 1539 ὡς
2867 1476 3022 1529 οὐδὲν
3050 1478 3257 1530 ἀδικεῖν
3303 1476 3614 1548 ίσχύοντος;
3649 1479 3743 1531 Διά

2160 1586 2244 1621 τοι
2270 1567 2450 1632 τοῦτο,
2480 1569 2623 1623 κατά
2658 1562 2738 1637 ’γε
2792 1568 2887 1622 τὸν
2936 1568 3211 1640 ἡμέτερον
3252 1568 3399 1633 νοῦν,
3451 1570 3547 1623 καὶ
3592 1570 3744 1624 αὑτοὶ

2163 1664 2527 1735 κατέφριττον
2581 1663 2632 1715 οί
2677 1663 2941 1735 μακάριοι
2987 1665 3268 1734 προφῆται
3309 1663 3608 1734 προσιόντα
3655 1663 3745 1717 τὸν

2165 1754 2420 1819 θάνατον,
2447 1753 2523 1817 ὡς
2542 1753 2697 1807 ούπω
2717 1771 2967 1826 κατηργη
2978 1755 3139 1825 μένον
3166 1755 3255 1809 διά
3278 1755 3379 1825 τῆς
3399 1754 3747 1821 ἀναστάσεως

473 1856 660 1912 Prima
691 1859 895 1927 quippe
930 1858 1127 1912 mortis
1158 1856 1455 1913 dissolutio
1487 1855 1592 1911 fuit
1617 1856 1807 1926 passio
1850 1856 2059 1911 saluta.

2169 1845 2259 1898 τοῦ
2293 1844 2554 1917 Χριστοῦ.
2599 1845 2805 1916 Ὀρθῶς
2830 1846 2888 1900 δὲ
2920 1845 3080 1900 τοῦτο
3106 1848 3286 1911 συνεὶς
3345 1849 3436 1902 καὶ
3459 1852 3488 1903 6
3517 1848 3744 1912 Παῦλος,

474 1949 577 2017 ris,
612 1959 668 2006 et
699 1950 920 2005 initium
967 1951 1178 2006 sanctis
1215 1957 1457 2005 strenua:
1492 1948 1758 2005 adversus
1787 1963 1909 2005 eam
1942 1949 2055 2002 vir-

474 2041 613 2095 tutis
646 2042 986 2097 resurrectio
1022 2039 1235 2098 Christi
1271 2040 1395 2095 l‘uit.
1427 2040 1568 2096 Cum
1608 2040 1776 2113 igitur
1804 2056 1927 2112 qua:
1959 2054 2059 2096 sua

475 2139 676 2187 natura
706 2132 819 2189 vita
848 2139 935 2189 est
958 2140 1194 2187 mortem
1216 2133 1462 2188 nondum
1493 2140 1837 2197 evacuasset,
1875 2147 2060 2201 neque

474 2240 643 2295 porro
680 2224 831 2281 illius
871 2223 1219 2279 formidinem
1262 2224 1468 2280 nostris
1502 2223 1704 2279 animis
1729 2222 2057 2278 incumben-

476 2320 589 2369 tem
643 2312 993 2383 infregisset,
1050 2312 1387 2369 inﬁrmiores
1440 2311 1850 2382 quodammodo
1903 2321 2063 2367 erant

478 2403 749 2460 adversus
774 2405 1022 2475 pericula
1053 2405 1333 2476 discipuli.
1359 2404 1598 2476 Ideoque
1636 2405 1773 2461 scite
1797 2404 2063 2462 Dominus

480 2496 779 2568 aliquando
815 2496 1039 2553 Petrum
1079 2499 1135 2553 in
1166 2512 1389 2553 crucem
1419 2508 1603 2552 actum
1645 2496 1754 2559 iri,
1783 2506 1838 2551 et
1866 2496 1923 2551 in
1958 2496 2065 2552 hoc

479 2595 803 2643 secuturum
849 2602 930 2652 se,
962 2588 1143 2642 innuit
1185 2586 1351 2643 simul
1379 2601 1444 2641 ac
1482 2586 1649 2652 dicit;
1691 2584 1840 2654 quod
1882 2594 2065 2641 autem

478 2691 628 2733 nunc
658 2678 724 2733 ad
754 2684 968 2731 tantum
995 2684 1277 2733 certamen
1302 2675 1589 2732 infractam
1626 2674 1788 2747 757
1823 2683 2062 2733 mentem

478 2787 591 2827 nou
638 2769 863 2837 habeat,
922 2768 1175 2825 ostendit
1212 2769 1453 2825 dicens:
1502 2788 1522 2821 ι
1571 2768 1691 2835 Quo
1733 2784 1835 2841 ego
1886 2769 2063 2835 vado,

479 2880 592 2919 non
621 2872 779 2935 potes
826 2861 993 2917 modo
1029 2862 1210 2933 sequi,
1256 2862 1507 2933 sequeris
1553 2872 1737 2918 autem
1784 2869 1994 2934 postea.
2037 2880 2058 2916 ι

477 2953 595 3012 Nisi
641 2954 789 3009 enim
830 2951 981 3009 Petri
1030 2959 1268 3008 mortem
1324 2954 1383 3009 in
1437 2954 1525 3011 his
1575 2954 1763 3010 verbis
1810 2952 2066 3009 Christus

2170 1937 2276 2007 ἔφη
2308 1938 2401 1991 τὸν
2438 1939 2504 1990 ὲκ
2544 1934 2682 1991 Θεοῦ
2726 1937 2942 2009 Πατρὸς
2995 1938 3091 1992 καὶ
3118 1939 3176 1993 ὲν
3202 1938 3323 2011 Θεῷ
3372 1940 3503 1994 ὄντα
3553 1941 3746 2009 Λόγον,

2167 2031 2483 2102 σπέρματος
2516 2030 2767 2103 Ἀϐραάμ
2798 2030 3211 2102 ἐπιδράξασθαι,
3232 2033 3318 2086 ἵνα
3338 2033 3425 2087 διά
3452 2033 3547 2087 τοῦ
3583 2032 3751 2088 θανά-

2163 2140 2259 2176 του
2289 2122 2391 2193 τῆς
2420 2122 2583 2191 ἁγίας
2610 2123 2816 2194 σαρκὸς
2866 2124 3191 2196 καταργήσῃ
3227 2124 3321 2179 τὸν
3354 2124 3583 2180 θάνατον
3606 2168 3624 2192 ,
3660 2125 3749 2177 καὶ

2163 2216 2449 2288 ἀπαλλάξῃ
2494 2216 2724 2281 τούτους
2749 2255 2765 2281 ,
2799 2217 2917 2271 ὅσοι
2963 2217 3115 2288 φόϐῳ
3155 2217 3387 2272 θανάτου
3416 2218 3507 2272 διὰ
3545 2219 3747 2283 παντὸς

2161 2304 2257 2358 τοῦ
2286 2304 2385 2377 ζῇν
2421 2306 2597 2377 ένοχοι
2632 2301 2774 2377 ἦσαν
2816 2306 3081 2371 δουλείας.
3123 2306 3321 2379 Πρώτη
3368 2308 3479 2380 γὰρ
3517 2308 3747 2364 θανάτου

2162 2394 2335 2462 λύσις,
2358 2396 2421 2449 τὸ
2441 2398 2714 2469 σωτήριον
2734 2397 2927 2462 πάθος,
2962 2398 3058 2454 καὶ
3104 2400 3248 2472 ἀρχὴ
3294 2402 3409 2465 τοῖς
3442 2402 3636 2471 ἁγίοις,
3655 2401 3750 2473 τῆς

2162 2490 2283 2543 κατ’
2317 2488 2485 2543 αὑτοῦ
2508 2490 2735 2559 γέγονεν
2759 2493 3073 2564 εὐτολμίας,
3106 2498 3139 2566 ή
3170 2495 3469 2561 ἀνάστασις
3494 2498 3589 2551 τοῦ
3622 2499 3752 2570 Χρι-

2164 2581 2315 2637 στοῦ.
2358 2580 2526 2637 Οὔπω
2564 2584 2748 2639 τοίνυν
2792 2587 3230 2659 καταργησάσης
3264 2589 3358 2643 τὸν
3388 2588 3625 2645 θάνατον
3653 2591 3751 2661 τῆς

2164 2672 2308 2732 κατὰ
2334 2673 2498 2744 φύσιν
2523 2672 2691 2747 ζωῆς,
2718 2680 2855 2750 μήτε
2885 2680 2995 2751 μὴν
3019 2679 3437 2753 συνθραυσάσης
3458 2682 3548 2737 τὸν
3567 2683 3635 2749 ἐξ
3660 2684 3754 2738 αὑ-

2164 2766 2261 2823 τοῦ
2286 2770 2409 2834 ταῖς
2430 2770 2734 2842 ἡμετέραις
2762 2771 2967 2843 ψυχαῖς
3005 2772 3353 2843 ἐμπίπτοντα
3375 2775 3560 2844 φόϐον,
3585 2776 3751 2829 ἀσθε-

2166 2861 2418 2934 νέστεροί
2444 2879 2566 2929 πως
2601 2862 2683 2919 ἔτι
2727 2864 2867 2937 πρὸς
2909 2865 3189 2931 κινδύνους
3230 2862 3371 2939 ἦσαν
3403 2870 3451 2922 οί
3488 2867 3751 2941 μαθηταί.

2167 2950 2269 3005 Διά
2297 2952 2455 3007 τοῦτο
2492 2954 2793 3025 χαριέντως
2830 2958 2858 3010 6
2905 2956 3131 3027 Κύριος,
3174 2957 3257 3012 ὅτι
3308 2959 3757 3031 σταυρωθήσεται

483 3045 644 3103 nobis
682 3044 1076 3112 subinnueret,
1103 3059 1268 3114 quam
1302 3045 1374 3099 ob
1402 3060 1625 3101 causam
1663 3046 1731 3100 ad
1767 3046 1932 3100 unius
1964 3044 2064 3101 Pe-

2169 3045 2313 3100 κατά
2340 3047 2568 3118 καιροὺς
2594 3047 2623 3100 6
2652 3048 2859 3119 Πέτρος
2880 3089 2895 3114 ,
2930 3048 3121 3119 ἕψεταί
3141 3066 3202 3103 τε
3232 3052 3373 3106 κατὰ
3416 3050 3577 3105 τοῦτο
3608 3051 3756 3122 αὑτῷ

486 3139 553 3193 tri
591 3150 883 3208 personam
912 3151 1225 3192 sermonem
1260 3140 1555 3205 convertit,
1587 3154 1715 3193 cum
1764 3138 1888 3195 aliis
1932 3153 2064 3194 san-

2175 3138 2650 3204 συνεπινεύει,καί
2680 3156 2866 3211 φησιν·
2896 3139 3125 3197 ι”Οτιδὲ
3136 3142 3253 3196 νυνὶ
3270 3142 3604 3214 πρὺςάγῶνα
3625 3144 3759 3207 τέως

480 3230 588 3285 etis
635 3229 927 3299 discipulis
980 3229 1281 3299 promissio
1323 3228 1466 3285 facta
1503 3231 1576 3286 sit
1632 3238 2066 3286 conversaturos

480 3327 537 3375 ct
563 3326 853 3374 secuturos
879 3335 1030 3384 eum,
1067 3322 1497 3376 resurrectionis
1529 3321 1788 3376 nimirum
1820 3329 2068 3391 tempore

481 3412 727 3483 reposita
760 3410 841 3467 eis
875 3420 1080 3467 aeterna
1114 3414 1249 3479 vita,
1282 3424 1335 3469 et
1365 3414 1529 3469 bonis
1558 3429 1683 3485 quae
1727 3415 2069 3483 sperantur?

481 3505 652 3575 Atqui
683 3503 1034 3561 manifestum
1068 3513 1154 3561 est
1182 3521 1309 3561 eum
1347 3516 1407 3561 ut
1446 3504 1611 3561 Petro
1646 3506 1976 3575 praenuntiet
2014 3504 2070 3560 id

487 3598 631 3669 quod
666 3598 716 3652 ei
774 3597 985 3654 ultimis
1041 3599 1388 3669 temporibus
1437 3604 1765 3653 eventurum
1810 3604 1977 3665 esset,
2015 3597 2070 3652 id

488 3691 830 3761 aenigmatice
857 3691 1236 3748 subindicare.
1276 3689 1343 3744 Et
1379 3690 1600 3761 quidem
1639 3690 1783 3746 alias
1830 3691 2069 3760 idipsum

488 3782 692 3838 clarius
745 3781 1035 3850 indicavit,
1093 3784 1333 3837 dicens:
1384 3799 1403 3833 ι
1460 3780 1599 3836 Cum
1650 3796 1805 3837 esses
1856 3780 2068 3852 junior,

483 3872 746 3943 cingebas
785 3881 858 3939 te,
905 3880 959 3927 et
1004 3870 1336 3926 ambulabas
1370 3869 1467 3924 ubi
1497 3870 1722 3927 volebas
1754 3888 1768 3927 :
1808 3886 1933 3926 cum
1965 3886 2071 3926 au-

484 3968 594 4015 tem
629 3962 905 4029 senueris,
961 3962 1229 4017 extendes
1266 3976 1470 4018 manus
1522 3970 1671 4029 tuas,
1717 3973 1773 4020 et
1823 3964 1918 4018 alii
1953 3965 2073 4020 cin-

484 4061 617 4124 gent
641 4061 718 4119 te,
753 4062 809 4110 et
839 4055 1044 4111 ducent
1085 4065 1138 4110 te
1181 4068 1296 4125 quo
1347 4063 1406 4110 tu
1459 4071 1569 4112 non
1598 4058 1703 4113 vis.
1740 4055 1855 4114 Hoc
1885 4064 2068 4113 autem

485 4142 649 4209 dixit,
682 4143 886 4215 inquit,
927 4144 1248 4216 signiﬁcans
1284 4159 1395 4215 qua
1440 4155 1616 4203 morte
1658 4148 2071 4204 clariﬁcaturus

484 4245 633 4291 esset
662 4235 829 4291 Deum
863 4236 928 4291 ³⁸.
979 4256 1000 4289 ι
1050 4236 1165 4291 Etsi
1207 4238 1353 4292 enim
1387 4234 1694 4307 jucundum
1731 4247 1819 4295 est
1859 4239 2071 4296 sanctis

488 4328 602 4398 pati
636 4342 737 4398 pro
775 4328 1026 4395 Christo,
1058 4329 1373 4398 periculum
1408 4338 1593 4386 tamen
1636 4345 1747 4385 non
1787 4332 1936 4387 ultro
1977 4346 2071 4386 ar-

488 4419 840 4485 cessendum,
878 4419 979 4477 sed
1018 4419 1308 4475 ferendum
1337 4420 1697 4478 nihilominus
1726 4436 1853 4478 cum
1883 4424 1952 4478 ab
1978 4423 2073 4477 ali-

2172 3228 2265 3281 τὴν
2288 3227 2544 3283 τοσοῦτον
2571 3231 2672 3285 οὐκ
2699 3230 3006 3303 ἄθραυστον
3034 3231 3148 3303 ἔχει
3176 3232 3271 3286 τὸν
3300 3232 3426 3287 νοῦν
3447 3274 3462 3299 ,
3501 3234 3760 3306 ὑποδηλοῖ

2170 3319 2344 3387 λέγων
2368 3335 2383 3351 ⁸
2417 3338 2437 3371 ι
2480 3321 2657 3374 Ὅπου
2712 3322 2824 3391 ἐγὼ
2880 3323 3079 3394 ὑπάγω
3103 3364 3118 3389 ,
3162 3324 3224 3377 οὑ
3267 3322 3499 3378 δύνασαί
3538 3341 3635 3395 μοι
3666 3324 3759 3377 νῦν

2170 3410 2560 3489 ἀκολουθῆσαι,
2597 3410 2990 3485 ἀκολουθήσεις
3023 3413 3081 3467 δὲ
3106 3413 3355 3483 ὕστερον.
3393 3432 3411 3465 ι
3442 3412 3503 3466 Et
3534 3413 3649 3485 γὰρ
3684 3411 3756 3483 μὴ

2170 3502 2262 3556 τὸν
2289 3503 2383 3556 τοῦ
2409 3504 2617 3575 Πέτρου
2641 3504 2871 3560 θανάτου
2896 3504 3011 3577 [πρ.
3031 3504 3282 3577 θάνατον]
3312 3506 3375 3559 ὲν
3392 3503 3608 3568 τούτοις
3628 3506 3757 3576 ἡμῖν

2171 3594 2201 3646 6
2232 3592 2467 3664 Χριστὸς
2502 3594 2854 3665 ὑπῃνίττετο,
2881 3594 2979 3650 τοῦ
3005 3595 3071 3668 δὴ
3095 3595 3277 3668 χάριν,
3305 3596 3486 3649 καίτοι
3513 3594 3628 3649 τῶν
3660 3594 3757 3650 άλ-

2171 3681 2289 3735 λων-
2310 3683 2482 3751 ἁγίων
2502 3683 2819 3737 ἀποστόλων
2858 3685 3093 3755 ἑχόντων
3136 3688 3194 3739 έν
3226 3684 3518 3755 ὑποσχέσει
3541 3684 3607 3738 τὸ
3630 3702 3755 3738 συν-

2170 3774 2392 3828 έσεσθαί
2417 3793 2476 3829 τε
2505 3777 2602 3830 καὶ
2646 3776 2958 3832 ἀκολουθεῖν
2986 3776 3136 3849 αὑτῷ
3173 3778 3316 3832 κατά
3347 3778 3439 3831 τὸν
3479 3777 3581 3847 τῆς
3625 3780 3758 3832 ἀνα-

2174 3866 2417 3930 στάσεως
2442 3867 2685 3939 δηλονότι
2714 3869 2905 3940 καιρὸν
2929 3909 2945 3934 ,
3001 3870 3523 3941 ἀποκαθισταμένης
3572 3871 3759 3931 αὐτοῖς

2171 3961 2269 4031 τῆς
2291 3960 2572 4032 ἀκηράτου
2603 3961 2881 4033 ζωῆς,καὶ
2917 3962 3026 4017 τῶν
3070 3964 3129 4017 ὲν
3169 3963 3380 4016 έλπίσιν
3404 3961 3653 4031 ἀγαθῶν,
3678 3963 3757 4025 είς

2175 4053 2336 4125 μόνον
2361 4054 2422 4107 τὸ
2447 4053 2541 4107 τοῦ
2566 4054 2775 4125 Πέτρου
2809 4055 3123 4124 πρόσωπον,
3154 4056 3255 4127 τὴν
3283 4054 3378 4108 τοῦ
3404 4054 3562 4122 λόγου
3595 4071 3757 4125 περι-

2174 4145 2355 4215 ίστησι
2390 4143 2651 4216 δύναμιν;
2688 4144 2827 4199 Ἀλλ’
2868 4146 2983 4199 ἐστι
3015 4146 3280 4216 πρόδηλον
3311 4148 3417 4211 ὅτι,
3450 4144 3529 4216 τῷ
3561 4147 3759 4217 Πέτρῳ

2172 4238 2559 4309 προαγγέλλων
2579 4238 2641 4291 τὸ
2667 4239 2725 4290 ὲν
2746 4238 2994 4308 ὑστέροις
3015 4239 3165 4310 αὑτῷ
3188 4238 3606 4311 συμϐησόμενον
3628 4238 3760 4309 χρό-

2179 4346 2317 4393 νοις,
2345 4328 2763 4399 αίνιγματωδῶς
2788 4329 3144 4399 ὑπεμφαίνει.
3166 4330 3277 4384 Καὶ
3299 4329 3429 4399 γοῦν
3451 4329 3521 4383 δι’
3553 4330 3761 4400 ἑτέρων

2175 4420 2510 4490 σαφέστερον
2552 4419 2684 4474 αὑτὸ
2713 4420 3017 4492 δεδήλωκεν
3040 4420 3214 4475 εἰπών
3238 4437 3251 4452 ·
3306 4439 3326 4473 ι
3368 4421 3499 4475 Ὅτε
3530 4416 3599 4492 ἧς
3628 4420 3763 4475 νεώ»

488 4510 688 4580 quibus
720 4512 773 4566 vi
798 4526 863 4567 ac
902 4513 1236 4568 necessitate
1268 4512 1523 4569 infertur.
1563 4512 1779 4570 Idcirco
1816 4522 1872 4571 et
1908 4528 2064 4570 orare

2173 4527 2349 4581 τερος,
2382 4509 2649 4575 ἐζώννυες
2672 4513 2921 4580 σεαυτὸν,
2945 4514 3040 4569 καὶ
3062 4513 3417 4586 περιεπάτεις
3455 4513 3593 4567 ὅπου
3627 4510 3760 4583 ήθε-

482 4602 662 4673 jubet,
691 4619 760 4659 ne
786 4604 840 4658 in
878 4605 1245 4660 tentationem
1280 4605 1609 4661 incidamus.

2176 4602 2287 4667 λες·
2321 4603 2452 4657 ὅταν
2487 4602 2545 4656 δὲ
2572 4603 2845 4678 γηράσῃς,
2875 4606 3115 4669 ἐκτενεῖς
3157 4606 3257 4671 τὰς
3286 4606 3475 4678 χεῖράς
3505 4622 3625 4669 σου,
3664 4603 3763 4658 καὶ

489 4693 638 4748 ἄλλοι
678 4694 913 4759 ζώσουσί
956 4712 1036 4760 σε,
1080 4696 1178 4750 καὶ
1202 4696 1488 4750 ἀποίσουσι
1510 4713 1570 4750 σε
1599 4696 1734 4750 ὅπου
1773 4696 1835 4752 οὑ
1869 4697 2066 4761 θέλεις.
2103 4694 2275 4750 Τοῦτο
2302 4695 2359 4748 δὲ
2388 4690 2531 4761 εἷπε,
2557 4697 2711 4766 φησὶ,
2744 4698 3027 4767 σημαίνων
3084 4699 3226 4771 ποίῳ
3267 4699 3477 4770 θανάτῳ
3538 4697 3762 4761 δοξάσει

490 4783 581 4837 τδν
608 4784 761 4839 Θεόν.
809 4803 830 4838 ι
874 4785 938 4838 Εἰ
968 4784 1076 4854 γάρ
1110 4785 1205 4838 καὶ
1227 4784 1375 4839 ἔστιν
1404 4786 1500 4857 ήδὺ
1533 4789 1645 4851 τοῖς
1674 4787 1850 4857 ἁγίοις
1878 4788 1941 4842 τὸ
1969 4788 2201 4859 πάσχειν
2221 4786 2363 4859 ὑπὲρ
2387 4785 2651 4858 Χριστοῦ,
2706 4786 2820 4841 ἀλλ’
2849 4790 2877 4840 6
2910 4788 3157 4853 κίνδυνος
3214 4790 3278 4843 οὑ
3341 4789 3564 4861 θελητδς
3633 4791 3761 4860 μὲν,

491 4876 727 4947 φορητὸς
755 4876 799 4930 δ’
821 4872 915 4930 οὖν
948 4877 1098 4945 ὅμως
1122 4877 1249 4930 ὅταν
1291 4877 1353 4944 ἐξ
1394 4879 1639 4951 ἀνάγκης
1677 4881 1840 4936 τινῶν
1874 4880 2225 4953 ἐπιφέρηται.
2250 4880 2352 4935 Διά
2399 4879 2558 4934 τοῦτο
2591 4879 2687 4934 καὶ
2752 4882 3082 4953 προστάττει
3159 4882 3598 4954 προσεύχεσθαι,
3673 4886 3764 4939 ἴνα

493 4967 570 5039 μὴ
592 4968 923 5038 ἐμπέσωμεν
954 4968 1035 5030 είς
1067 4968 1394 5038 πειρασμόν.
1802 4982 1806 4986 ’

563 5056 708 5111 Dicit
747 5057 794 5111 ei
848 5054 1079 5111 Petrus:
1109 5054 1352 5125 Domine,
1406 5075 1571 5131 quare
1599 5078 1705 5117 non
1754 5079 1972 5134 possum
2020 5071 2067 5119 te

488 5151 636 5221 sequi
660 5147 816 5203 modo
839 5149 864 5201 ?
886 5148 1124 5203 animum
1154 5166 1324 5205 meam
1350 5168 1446 5222 pro
1478 5161 1527 5207 te
1556 5167 1769 5223 ponam.

2238 5057 2412 5128 Λέγει
2449 5058 2610 5125 αὐτῷ
2638 5060 2671 5113 δ
2699 5058 2920 5128 Πέτρος
2942 5075 2957 5091 °
2987 5061 3186 5130 Κύριε,
3215 5060 3373 5116 διατι
3398 5062 3471 5117 οὐ
3493 5060 3767 5134 δύναμαι

2169 5164 2272 5204 σοι
2303 5150 2422 5205 νῦν
2450 5150 2910 5223 ἁκολουθῆσαι;
2936 5154 3052 5223 τὴν
3070 5152 3281 5224 ψυχήν
3302 5171 3423 5225 μου
3449 5155 3606 5224 ὑπὲρ
3635 5153 3762 5210 σοῦ

2169 5241 2359 5310 θήσω.

2242 5332 2307 5385 Τί
2334 5333 2396 5387 τὸ
2426 5333 2657 5401 κωλύον,
2682 5336 2871 5409 φησὶν,
2896 5337 2930 5407 ἢ
2963 5337 3017 5392 τί
3044 5337 3107 5392 τὸ
3135 5338 3381 5409 ἐξεῖργον
3410 5335 3757 5400 ἀκολουθεῖν,

2168 5422 2261 5478 τὸν
2288 5417 2332 5493 ᾧ
2369 5425 2730 5496 προτεθνάναι
2762 5428 2857 5482 τοῦ
2902 5429 3224 5484 διδασκάλου
3277 5428 3501 5496 σκοπὸς,
3555 5427 3655 5482 καὶ
3696 5427 3761 5479 ἑν

2168 5517 2525 5589 καυχήματος
2557 5518 2707 5586 τάξει
2727 5521 3035 5591 λελόγισται
3066 5539 3081 5587 ;
3137 5522 3306 5585 Τέλος
3347 5520 3445 5592 μὲν
3488 5519 3597 5591 γὰρ
3630 5533 3757 5571 κιν-

2170 5606 2327 5664 δύνου
2350 5612 2570 5681 παντὸς,
2606 5615 2783 5670 καὶτὸ
2807 5615 3110 5688 ἀκρότατον
3139 5613 3329 5690 ὥσπερ
3360 5614 3461 5687 τῆς
3485 5608 3593 5669 τῶν
3622 5610 3762 5667 διω-

560 5322 704 5390 Quid
730 5320 1003 5393 prohibet,
1032 5322 1243 5397 inquit,
1269 5327 1571 5398 quominus
1601 5334 1865 5400 sequatur
1911 5328 1961 5385 is
1982 5329 2073 5385 cui

491 5429 594 5483 pro
623 5413 887 5485 magistro
933 5416 1074 5472 mori
1115 5420 1456 5489 propositum
1487 5428 1591 5485 est,
1642 5420 1851 5490 quique
1901 5433 1968 5476 ea
2014 5434 2074 5477 re

492 5506 730 5563 maxime
757 5507 1066 5578 gloriatur?
1112 5510 1286 5568 Omne
1325 5514 1473 5569 enim
1504 5513 1833 5584 periculum,
1864 5520 1919 5567 et
1970 5514 2076 5568 im-

492 5598 672 5652 manis
720 5602 1170 5673 persequentium
1218 5605 1494 5676 tyrannis,
1521 5618 1745 5660 carnem
1800 5604 2067 5664 duntaxat

563 5775 608 5809 ⁸⁷
641 5774 807 5836 Hebr.
842 5796 896 5849 I,
947 5781 1133 5838 15-18.
1212 5780 1255 5813 ³⁸
1285 5777 1447 5837 Joan.
1495 5795 1622 5848 xxi,
1666 5781 1754 5842 18.
1795 5783 1877 5842 I9.
