4006 6420
277 363 381 420 I73

1305 353 1370 410 IN
1406 353 1693 412 JOANNIS
1730 353 2182 412 EVANGELIUM
2221 353 2350 411 LIB.
2388 355 2478 410 IX.

3449 367 3549 426 174

267 477 486 532 κόντων
516 471 813 528 ἀτιθάσσου
845 470 1181 536 πλεονεξίας,
1212 470 1374 543 μέχρι
1408 470 1577 544 μόνης
1603 472 1862 543 στήσεται

1964 469 2211 541 respicit,
2241 486 2391 528 mors
2430 471 2578 528 enim
2607 469 2875 528 adversus
2900 489 3019 530 eam
3047 493 3061 541 ;
3123 477 3218 548 qui
3251 494 3380 537 vero
3410 481 3554 538 mori

265 568 374 637 τῆς
406 565 610 637 σαρκός
631 581 645 597 ο
673 566 794 618 κατ’
825 564 998 634 αὐτῆς
1031 564 1140 636 γὰρ
1169 567 1198 619 6
1236 563 1494 629 θάνατος·
1547 566 1578 618 6
1622 564 1681 618 δὲ
1727 565 1865 634 πρὸς

268 661 434 714 τοῦτο
480 659 716 729 ἑτοίμως
753 657 894 728 έχων
920 657 1022 729 ήδη
1081 658 1178 711 καὶ
1230 656 1707 726 διεσκευασμένος,
1758 656 1864 710 ὑπὸ

269 753 418 816 τίνος
443 751 513 806 ἂν
540 748 918 815 διακωλύοιτο,
950 749 1136 820 φησὶν,
1161 749 1406 823 ἀπολέσῃ
1437 748 1494 802 δὲ
1518 747 1636 812 πῶς
1653 749 1715 802 τὸ
1742 748 1867 803 σύν-

268 860 429 898 τονον
457 842 721 915 φρόνημα
764 842 894 914 περὶ
916 841 978 895 τὸ
1009 840 1208 914 χρῆναι
1245 841 1468 904 πάντως
1511 838 1863 903 ἀκολουθεῖν;

267 933 604 1006 Θερμοτάτη
638 934 738 1006 μὲν
763 932 872 1004 γὰρ
903 935 936 1004 ἡ
971 931 1252 1004 προθυμία
1288 931 1385 986 τοῦ
1414 931 1649 1003 Πέτρου,
1680 931 1776 985 καὶ
1803 929 1867 984 τὸ

268 1027 369 1099 τῆς
398 1025 754 1102 ὑποσχέσεως
776 1025 977 1096 μέτρον
1015 1022 1407 1079 πλεονεκτοῦψ
1439 1023 1501 1077 ού
1543 1021 1746 1095 μικρὰν
1765 1022 1866 1093 τὴν

266 1119 506 1172 ἐνοῦσαν
533 1117 684 1189 αὐτῷ
714 1119 944 1187 δύναμιν
991 1116 1270 1187 θεωρήσαι
1311 1133 1396 1180 τις
1430 1117 1519 1180 ἀν,
1578 1115 1779 1186 μᾶλλον
1806 1114 1864 1168 δὲ

265 1213 363 1265 καὶ
390 1211 580 1266 αὐτῶν
606 1211 956 1284 πραγμάτων
985 1208 1181 1281 ἤλεγξε
1207 1209 1268 1264 τὸ
1291 1208 1464 1273 τέλος.
1501 1207 1650 1279 Πλὴν
1687 1207 1865 1262 έκεῖνο

263 1303 637 1358 διασκεπτέον
659 1319 674 1335 ·
707 1301 806 1355 τοῦ
844 1301 957 1372 γάρ
1005 1301 1258 1372 Σωτῆρος
1304 1299 1464 1371 ἡμῶν
1497 1297 1736 1371 Χριστοῦ
1765 1297 1864 1370 τὴν

264 1396 350 1458 είς
379 1393 654 1466 ούρανοὺς
687 1392 1048 1463 ἀναφοίτησιν
1077 1393 1189 1448 άνω
1218 1391 1746 1462 κατασημαίνοντος,
1768 1391 1863 1444 καὶ

261 1485 350 1539 ὅτι
386 1483 492 1554 μὲν
525 1482 622 1538 νῦν
655 1483 755 1554 οὐχ
780 1483 972 1553 ἕψεται
1017 1481 1270 1550 λέγοντος
1294 1519 1311 1544 ,
1367 1480 1758 1552 ἀκολουθήσειν
1800 1496 1866 1548 γε

263 1574 378 1646 μὴν
409 1573 554 1646 μετά
589 1574 766 1627 ταῦτα
788 1613 804 1638 ,
848 1571 1235 1644 πληρωθείσης
1279 1569 1445 1625 αὐτοῦ
1482 1569 1725 1642 δηλονότι
1763 1569 1863 1641 τῆς

1967 561 2081 630 jam
2114 573 2342 633 paratus
2387 570 2492 629 est,
2525 578 2556 618 a
2589 579 2833 635 quonam
2886 566 3294 637 prohibebitur,
3353 574 3552 644 inquit.

1972 652 2249 722 quomodo
2289 651 2558 723 sequendi
2622 653 2923 710 vehemens
2979 655 3222 712 studium
3290 660 3556 730 abjiciet‘!

1973 741 2052 798 Ex
2095 743 2505 800 ferventissimo
2560 746 2834 816 siquidem
2895 745 3044 803 Petri
3099 749 3311 819 studio,
3372 761 3429 808 et
3486 769 3556 810 ex

1974 835 2315 892 abundantia
2349 837 2535 895 cordis
2579 848 2904 910 erumpente
2934 843 3323 912 promissione,
3373 849 3551 902 maxi-

1972 941 2120 983 mam
2185 929 2236 985 ei
2273 929 2382 984 vim
2451 929 2677 985 insitam
2735 931 3193 1002 deprehenderis,
3251 942 3308 991 et
3367 952 3552 993 rerum

1973 1019 2218 1090 ipsarum
2255 1021 2418 1076 ﬁnem
2465 1022 2798 1092 conjeceris.
2851 1022 3245 1082 Verumtamen
3295 1029 3554 1085 conside-

1943 1113 2204 1169 .randum
2245 1121 2331 1169 est
2375 1115 2522 1184 quod
2569 1130 2695 1170 cum
2754 1112 3018 1172 Servator
3076 1126 3265 1175 noster
3309 1121 3550 1178 reditum

1973 1218 2137 1260 suum
2197 1205 2264 1261 ad
2296 1206 2469 1263 caelos
2535 1221 2703 1278 supra
2738 1207 3033 1279 significet,
3092 1218 3148 1265 et
3199 1225 3552 1284 nequaquam

1971 1303 2290 1349 secuturum
2320 1310 2381 1352 se
2414 1295 2569 1351 illum
2621 1296 2790 1361 dicat,
2833 1305 3154 1355 secuturum
3182 1308 3368 1360 tamen
3395 1313 3552 1373 post-

1969 1400 2054 1450 ea,
2096 1387 2322 1457 impleta
2360 1388 2573 1444 scilicet
2621 1403 2722 1445 sua
2779 1389 3064 1456 missione,
3115 1398 3364 1463 tempore
3413 1410 3550 1452 con-

1969 1491 2109 1548 gruo
2139 1487 2362 1533 sanctos
2397 1477 2454 1532 in
2492 1492 2791 1548 supernam
2825 1479 3102 1536 civitatem
3136 1491 3387 1550 vocante,
3431 1485 3552 1554 ipse

1973 1565 2038 1620 ad
2068 1566 2315 1636 pericula
2352 1565 2645 1623 subeunda
2693 1575 2950 1638 paratum
2989 1585 3049 1626 se
3079 1585 3204 1627 esse
3232 1571 3548 1641 denuntiat,

259 1666 605 1736 ἀποστολῆς,
629 1662 826 1735 καιροῦ
851 1665 946 1718 τοῦ
979 1664 1283 1735 πρέποντος
1311 1663 1404 1716 ἐπὶ
1439 1663 1541 1734 τὴν
1570 1663 1682 1718 ἀνω
1709 1662 1862 1717 πόλιν

1971 1656 2080 1712 alio
2107 1657 2259 1713 velut
2282 1657 2568 1729 abreptus,
2604 1673 2706 1714 nec
2735 1668 2942 1715 rectam
2999 1661 3166 1733 758
3211 1678 3400 1719 eorum
3428 1681 3551 1736 qua:

256 1757 367 1821 τὰς
415 1757 528 1811 τῶν
584 1757 758 1825 ἁγίων
791 1756 1090 1819 καλοῦντος
1135 1753 1401 1825 κεφαλὰς,
1452 1753 1688 1824 ἑτοίμως
1717 1754 1863 1826 ἔχειν

262 1849 458 1912 αὐτὸς,
489 1847 587 1902 καὶ
621 1846 1069 1918 προκινδυνεύειν
1097 1845 1643 1918 έπαγγέλλεται,τὴν
1669 1845 1864 1918 ἑτέραν

261 1939 464 2011 ὥσπερ
488 1933 646 2010 οἷμον
674 1937 792 2004 ἰὼν,
827 1938 922 1993 καὶ
959 1937 1035 2010 μὴ
1079 1938 1201 1992 κατ’
1246 1937 1376 1992 εὐθὺ
1413 1937 1522 1991 τῶν
1556 1936 1863 2008 λεγομένων

261 2031 570 2103 ἐρχόμενος
605 2031 707 2102 τὴν
739 2029 1004 2086 διάνοιαν.
1040 2024 1210 2101 Οἶμαι
1239 2029 1295 2084 δὲ
1321 2030 1432 2084 δεῖν
1474 2031 1533 2082 ὲν
1575 2029 1756 2098 λόγοις
1786 2031 1864 2083 εί-

262 2124 416 2187 πεῖν,
454 2121 609 2177 οὔπω
639 2125 754 2188 τοῖς
795 2121 1110 2194 εἰρημένοις
1140 2121 1384 2193 ἀκριϐῶς
1427 2123 1732 2193 ἐπιστήσας
1772 2122 1865 2177 τὸν

261 2211 418 2275 νοῦν,
459 2211 636 2266 οῖεται
674 2211 818 2282 τάχα
843 2228 947 2265 που
981 2211 1076 2264 τὸν
1103 2209 1331 2282 Κύριον,
1363 2211 1396 2282 ἢ
1426 2211 1564 2281 πρός
1585 2229 1736 2277 τινας
1753 2211 1864 2266 τῶν

258 2303 410 2359 κατά
440 2302 544 2374 τὴν
585 2303 850 2358 Ἰουδαίαν
885 2301 1233 2374 ἀγριωτέρας
1261 2301 1616 2373 διαϐήσεσθαι
1645 2303 1860 2376 κώμας,

259 2395 294 2464 ἢ
323 2395 422 2447 καὶ
449 2395 533 2459 είς
555 2393 776 2467 ἑτέρους
789 2393 1039 2465 οἴχεσθαι
1065 2393 1250 2459 λαοὺς,
1275 2394 1326 2448 οἳ
1355 2394 1612 2451 τοσοῦτον
1633 2395 1692 2461 ὲξ
1707 2397 1864 2469 ἀκρι-

260 2485 395 2551 ϐοῦς
423 2487 602 2558 ἀκοῆς
638 2486 1120 2541 ἀποδιακείσονται
1154 2485 1293 2558 πρὸς
1316 2486 1388 2541 τὰ
1409 2487 1542 2559 παρ’
1572 2487 1738 2542 αὐτοῦ
1762 2492 1864 2560 ρηο

261 2577 537 2649 θήσεσθαι
557 2576 847 2649 μέλλοντα,
868 2577 944 2642 ὡς
969 2577 1145 2648 μικρά
1172 2578 1271 2650 μὲν
1293 2577 1489 2650 κομιδῇ
1513 2579 1650 2651 πρὸς
1666 2579 1734 2634 τὰ
1756 2581 1866 2635 τῶν

260 2670 444 2725 ἄλλων
489 2669 765 2724 Ἰουδαίων
788 2668 1120 2741 τολμήματα
1137 2685 1152 2701 ο
1177 2670 1313 2724 πολὺ
1338 2670 1397 2725 δὲ
1425 2669 1548 2727 λίαν
1574 2673 1866 2744 ἡμερωτά-

260 2779 366 2832 την
384 2761 492 2832 τὴν
535 2758 769 2814 ἐνοῦσαν
806 2759 921 2822 τοῖς
951 2757 1268 2831 Φαρισαίοις
1313 2759 1594 2826 ἀποδεῖξαι
1641 2759 1860 2832 μανίαν.

260 2853 452 2906 Διάτοι
486 2855 652 2906 τοῦτο
684 2850 1187 2923 κατακολουθήσειν
1205 2851 1666 2926 ἀπαραποδίστως
1688 2854 1864 2922 ἐπαγ-

261 2945 548 3014 γέλλεται,
575 2943 702 3015 οὐχὶ
725 2938 820 2998 οῦν
847 2941 1103 2998 τεθνάναι
1133 2943 1315 3014 μόνον,
1343 2942 1460 2998 ἀλλ’
1485 2943 1534 2996 εί
1561 2945 1655 2998 καὶ
1677 2943 1863 2998 τεθνά-

1967 1746 2297 1803 dicebantur
2327 1763 2556 1804 sensum
2586 1758 2900 1808 assecutus.
2927 1750 3086 1818 Quod
3120 1754 3342 1824 quidem
3397 1757 3550 1812 arbi-

1965 1846 2086 1894 tror
2130 1853 2256 1894 eum
2321 1840 2530 1906 dicere,
2600 1839 2749 1912 quod
2802 1857 2929 1896 cum
2983 1845 3227 1899 nondum
3291 1855 3551 1904 accurate

1963 1926 2185 1983 Domini
2240 1929 2592 1984 sermonibus
2648 1929 2894 1984 animum
2953 1933 3338 2003 applicuisset,
3423 1952 3548 1992 eum

1965 2019 2156 2078 forsan
2205 2022 2436 2094 putabat
2481 2021 2566 2079 vel
2615 2023 2684 2078 ad
2731 2022 3072 2081 etferatiores
3131 2024 3337 2083 Judaeze
3374 2043 3548 2101 pagos

1967 2113 2352 2179 transiturum,
2391 2113 2480 2170 vel
2532 2113 2601 2169 ad
2655 2113 2798 2171 alios
2856 2116 3090 2187 populos
3154 2118 3545 2191 migraturum,

1964 2205 2060 2276 qui
2109 2205 2231 2276 ejus
2265 2207 2623 2263 sermonibus
2682 2207 2765 2264 sic
2817 2209 3184 2280 exasperandi
3241 2219 3452 2278 essent,
3487 2221 3549 2268 ut

1963 2312 2157 2352 eorum
2233 2298 2494 2366 audacia,
2540 2307 2870 2356 ceterorum
2934 2301 3250 2358 Judarorum
3299 2303 3548 2360 audacia:

1965 2396 2283 2460 comparata
2314 2405 2486 2462 parva
2527 2406 2651 2449 esse
2695 2393 2998 2459 videretur,
3036 2400 3091 2451 et
3142 2394 3545 2452 Pharisaeorum

1964 2480 2124 2536 furor
2159 2482 2319 2554 longe
2349 2483 2681 2541 mitissimus
2711 2493 3018 2556 appareret.
3053 2485 3349 2558 Propterea
3388 2504 3548 2546 secu-

1965 2582 2150 2630 turum
2185 2590 2246 2633 se
2275 2576 2509 2633 omnino
2538 2578 2856 2649 pollicetur,
2903 2593 3014 2634 non
3056 2579 3223 2636 modo
3255 2581 3394 2637 mori
3434 2597 3545 2637 non

1965 2666 2305 2733 detrectans,
2334 2668 2431 2725 sed
2461 2670 2508 2726 si
2540 2669 2886 2726 moriendum
2923 2671 3016 2736 sit,
3046 2681 3272 2729 strenue
3315 2672 3370 2728 id
3404 2674 3547 2728 arri-

1967 2758 2140 2829 piens.
2180 2758 2370 2815 Simile
2395 2759 2678 2832 quidpiam
2711 2769 2766 2817 et
2811 2761 2867 2816 in
2929 2762 3313 2832 superioribus
3361 2764 3548 2821 videre

1965 2851 2112 2906 licet.
2163 2849 2422 2908 Christus
2476 2852 2608 2907 olim
2643 2850 2961 2908 Iudaeorum
2999 2855 3280 2910 vesaniam
3339 2863 3395 2911 et
3451 2856 3548 2913 iraa

1965 2943 2350 3016 impotentiam
2400 2957 2466 2999 ac
2501 2943 2702 3016 linguas
2758 2944 3118 3015 petulantiam
3172 2944 3448 3011 devitans,
3489 2947 3544 3002 in

264 3055 353 3091 ναι
389 3036 586 3108 δεήσει
611 3036 687 3108 μὴ
720 3034 1027 3091 κατοκνῶν.
1066 3035 1220 3106 Ἔχει
1251 3034 1310 3089 δὲ
1347 3034 1526 3106 τούτῳ
1565 3034 1860 3106 παραπλησ

1964 3035 2186 3093 Galilaaa
2241 3037 2514 3109 degebat,
2563 3037 2754 3108 ibique
2807 3038 2988 3093 multa
3049 3038 3319 3095 miracula
3372 3041 3546 3097 edens

267 3132 418 3196 σίως,
450 3130 550 3184 καὶ
580 3131 641 3184 έν
670 3131 788 3193 τοῖς
818 3127 1096 3201 ἀνωτέρω,
1114 3128 1208 3183 καὶ
1224 3129 1348 3184 ὅποι
1367 3127 1529 3183 πάλιν
1557 3127 1688 3200 ὲρῶ.
1710 3128 1862 3201 Παρ-

261 3225 594 3296 σιτούμενος
638 3223 751 3295 γάρ
798 3239 932 3276 ποτε
963 3222 1065 3288 τάς
1109 3221 1219 3276 τῶν
1273 3221 1545 3276 Ἰουδαίων
1607 3221 1862 3293 ἀποπλη-

263 3317 408 3384 ξίας,
437 3312 536 3370 καὶ
554 3314 620 3369 τὸ
651 3314 894 3386 ἀκρατὲς
919 3313 1016 3368 τοῦ
1044 3312 1242 3382 θυμοῦ,
1272 3313 1365 3367 καὶ
1396 3311 1459 3366 τὸ
1477 3311 1579 3383 τῆς
1608 3309 1861 3382 γλώττης

261 3407 523 3477 ἐξήνιον,
569 3407 686 3468 τοῖς
733 3403 879 3458 κατά
930 3403 1032 3476 τὴν
1085 3402 1378 3458 Γαλιλαίαν
1426 3399 1806 3474 ὲπεχωρίαζεν
1829 3401 1858 3454 6

263 3497 530 3570 Χριστὸς,
561 3495 736 3551 πολλά
767 3512 829 3549 τε
857 3496 988 3567 παρ’
1025 3494 1257 3558 ἐκείνοις
1284 3493 1667 3566 τερατουργῶν
1691 3491 1854 3545 ὲθαυ-

263 3590 499 3660 μάζετο.
540 3586 762 3659 Ἐπειδὴ
777 3586 835 3640 δὲ
856 3587 885 3640 6
919 3586 1020 3657 τῆς
1045 3585 1284 3658 Μαριὰμ
1306 3585 1402 3639 καὶ
1437 3586 1466 3638 6
1497 3585 1596 3656 τῆς
1626 3582 1859 3655 Μάρθας

261 3682 534 3752 τέθνηκεν
563 3679 816 3750 ἀδελφὸς,
842 3679 988 3751 φημὶ
1014 3677 1079 3750 δὴ
1099 3677 1190 3732 τὸν
1211 3676 1483 3746 Λάζαρον,
1525 3674 1666 3742 ἔγνω
1694 3674 1858 3728 πάλιν

256 3772 334 3838 ὡς
363 3772 524 3837 Θεὸς,
547 3768 670 3826 εἶτα
689 3771 839 3837 λέγει
866 3773 979 3835 τοῖς
1002 3770 1273 3842 μαθηταῖς
1293 3786 1306 3799 ·
1332 3787 1351 3821 t
1375 3767 1628 3840 Λάζαρος
1651 3769 1680 3820 6
1705 3766 1858 3836 φίλος

267 3866 426 3940 ήμῶν
455 3865 812 3937 κεκοίμηται,
845 3863 982 3919 άλλά
1007 3862 1314 3935 πορεύομαι
1344 3860 1436 3916 ἵνα
1465 3859 1740 3925 ἐξυπνίσω
1758 3858 1858 3914 αύ-

257 3959 378 4014 τόν.
424 3976 444 4010 ι
479 3959 626 4030 Πρὸς
649 3958 708 4012 δὲ
744 3956 908 4011 τοῦτό
941 3971 1106 4026 φασιν
1135 3954 1447 4034 ὲξ-ἀγάπης
1476 3953 1528 4006 oi
1579 3950 1853 4023 μαθηταί⁹

267 4073 286 4104 ι
320 4048 442 4105 Νῦν
477 4050 710 4123 ἐζήτουν
743 4066 804 4103 σε
861 4049 1108 4104 Ἰουδαῖοι
1148 4047 1405 4109 λιθάσαι,
1434 4045 1530 4100 καὶ
1560 4043 1723 4098 πάλιν
1753 4042 1857 4096 ὑπ-

265 4144 422 4213 άγεις
444 4144 606 4208 snsi;
647 4160 668 4195 ι
727 4140 1122 4213 ’Δνισταμένου
1154 4139 1213 4194 δὲ
1232 4139 1326 4192 τοῦ
1355 4135 1594 4207 Χριστοῦ
1616 4175 1632 4200 ,
1673 4135 1770 4190 καὶ
1796 4133 1857 4188 τὸ

1962 3128 2316 3185 admirationi
2364 3129 2583 3187 cunctis
2637 3137 2776 3186 erat.
2822 3128 3041 3186 Mortuo
3097 3145 3228 3187 vero
3274 3130 3460 3187 Mariae
3491 3142 3548 3187 et

1961 3219 2191 3276 Martha:
2219 3219 2395 3277 fratre
2436 3221 2671 3284 Lazaro,
2705 3221 2760 3277 id
2787 3236 2985 3279 rursus
3008 3223 3234 3295 agnovit
3268 3230 3330 3278 ut
3377 3222 3542 3288 Deus,

1961 3311 2194 3382 suisque
2228 3309 2523 3384 discipulis
2551 3311 2734 3368 dixit:
2775 3331 2795 3365 ‹
2833 3311 3078 3369 Lazarus
3109 3313 3322 3370 amicus
3358 3323 3547 3370 noster

1960 3405 2202 3474 dormit,
2236 3405 2331 3462 sed
2383 3405 2527 3461 vado
2581 3413 2699 3462 uta
2733 3421 2931 3463 somno
2983 3407 3219 3463 excitem
3258 3421 3386 3463 eum
3412 3408 3479 3463 ³⁹.
3520 3427 3540 3460 ι

1957 3498 2042 3553 Ad
2072 3497 2220 3570 quod
2251 3497 2510 3570 discipuli
2548 3513 2661 3570 prae
2691 3498 2964 3569 singulari
2992 3513 3122 3570 erga
3153 3514 3281 3556 eum
3313 3499 3500 3556 studio
3529 3519 3542 3554 :

1964 3611 1984 3645 ι
2023 3592 2185 3649 modo
2217 3593 2537 3664 quaerebant
2581 3601 2636 3649 te
2681 3589 2858 3648 Judaei
2913 3591 3182 3664 lapidare,
3237 3599 3294 3649 et
3344 3593 3542 3650 iterum

1957 3685 2116 3741 vadis
2142 3684 2275 3740 illuc
2294 3683 2386 3738 ‘°?
2420 3701 2441 3737 ι
2491 3683 2738 3740 Instante
2776 3697 2910 3740 vero
2945 3682 3189 3750 Christo,
3221 3691 3278 3741 et
3307 3683 3544 3740 redeun-

1957 3774 2087 3831 dum
2127 3788 2255 3831 esse
2276 3773 2332 3829 in
2359 3771 2604 3828 Iudaeam
2637 3772 2864 3828 omnino
2891 3771 3115 3828 dicente
3173 3785 3238 3827 ac
3285 3771 3541 3843 iubente,

1959 3866 2201 3924 Thomas
2238 3867 2335 3937 qui
2359 3865 2646 3921 dicebatur
2679 3864 2966 3937 Didymus,
2999 3864 3126 3918 aliis
3145 3863 3543 3934 condiscipulis

1959 3957 2135 4013 dixit:
2177 3974 2196 4008 ι
2235 3955 2442 4010 Eamus
2468 3962 2524 4010 et
2551 3969 2675 4019 nos,
2725 3963 2790 4010 ut
2815 3954 3124 4009 moriamur
3158 3967 3287 4007 cum
3319 3968 3385 4008 eo
3409 3953 3477 4007 δ’.
3517 3972 3536 4006 ι

1957 4050 2161 4106 Eodem
2197 4054 2452 4119 spectare
2496 4045 2644 4103 Petri
2679 4059 2992 4103 sermonem
3039 4044 3303 4100 arbitror.
3338 4043 3544 4101 Existi-

1958 4149 2072 4197 mat
2103 4140 2251 4197 enim
2274 4137 2488 4205 forsan,
2515 4146 2571 4194 et
2589 4137 2707 4209 jam
2742 4136 2858 4193 dixi
2887 4143 3078 4204 antea,
3118 4134 3330 4201 Jesum,
3360 4135 3542 4191 abitu-

259 4237 462 4308 χρῆναι
495 4235 717 4298 πάντως
757 4234 852 4288 ἐπὶ
896 4233 996 4304 τὴν
1033 4231 1145 4287 τῶν
1186 4229 1459 4286 Ἰουδαίων
1491 4227 1857 4298 ύπονοστῆσαι

1964 4249 2081 4290 rum
2107 4247 2252 4301 esse,
2293 4240 2354 4287 ut
2380 4231 2528 4302 apud
2578 4231 2720 4286 alios
2753 4228 3038 4301 praedicet,
3073 4228 3216 4300 apud
3250 4243 3392 4298 quos
3439 4227 3543 4282 im-

258 4327 452 4397 χώραν
479 4323 937 4396 διακελευομένου
968 4341 1028 4377 τε
1055 4325 1151 4378 καὶ
1178 4323 1452 4393 λέγοντος,
1486 4320 1690 4391 Θωμᾶς
1716 4320 1746 4373 6
1769 4319 1858 4372 λε·-

1964 4327 2167 4382 mineat
2188 4325 2239 4380 ei
2270 4322 2616 4395 periculum:
2649 4320 2882 4392 ideoque
2930 4321 3048 4392 ipse
3078 4327 3228 4376 totus
3257 4319 3315 4373 in
3359 4317 3544 4374 chari-

253 4419 503 4491 γόμενος
563 4418 796 4489 Δίδυμος
851 4420 967 4482 τοῖς
1016 4417 1229 4489 ἑτέροις
1276 4414 1381 4487 ἔφη
1429 4412 1850 4485 συμμαθηταῖς·

1964 4426 2126 4474 tatem
2153 4414 2385 4483 eﬂ'usus,
2421 4424 2690 4472 constans
2724 4420 2780 4470 et
2829 4412 3126 4469 infractum
3168 4410 3237 4466 ad
3267 4411 3373 4467 hoc
3423 4418 3543 4467 stu-

263 4530 284 4562 ι
306 4513 578 4582 Ἄγωμεν
609 4511 706 4564 καὶ
735 4511 921 4582 ἡμεῖς,
964 4510 1052 4564 ἵνα
1081 4508 1446 4579 ἀποθάνωμεν
1478 4507 1595 4579 μετ’
1617 4504 1805 4560 αὐτοῦ.
1831 4524 1851 4559 ι

1964 4509 2116 4565 dium
2145 4508 2444 4563 allaturum
2479 4521 2540 4562 se
2566 4504 2883 4576 pollicetur,
2914 4503 3056 4558 nihil
3077 4502 3192 4572 jam
3244 4515 3542 4571 superesse

264 4601 523 4656 Τοιοῦτον
560 4597 716 4674 οἶμαί
736 4619 791 4656 τι
817 4603 915 4656 καὶ
947 4601 1040 4655 τὸν
1064 4600 1174 4656 τῶν
1203 4599 1414 4670 Πέτρου
1451 4598 1714 4671 ῥημάτων
1732 4595 1856 4652 ὠδί-

1964 4599 2154 4656 dicens
2185 4613 2216 4654 a
2247 4611 2359 4669 quo
2385 4595 2668 4667 prohiberi
2700 4595 2877 4666 possit
2899 4593 3200 4664 quominus
3249 4597 3536 4662 sequatur,

253 4713 370 4750 νειν
393 4695 625 4750 σκοπόν.
653 4696 841 4750 Οτεται
882 4694 992 4766 γὰρ
1029 4694 1195 4759 ἴσως,
1227 4692 1480 4764 καθάπερ
1517 4691 1621 4764 ἤδη
1669 4692 1856 4764 προεῖο

1965 4705 2091 4748 cum
2119 4691 2172 4747 ei
2200 4703 2303 4761 pro
2331 4688 2598 4760 magistro
2619 4687 2761 4742 mori
2787 4685 3125 4756 propositum
3161 4683 3254 4740 sit.

256 4806 386 4854 πον,
431 4782 876 4858 ἀποδραμεῖσθαί
907 4803 1000 4840 ποι
1047 4783 1447 4856 διακηρύξοντα
1479 4783 1574 4838 τὸν
1618 4781 1847 4853 Ἰησοῦν,
1889 4782 1985 4836 καὶ
2005 4779 2336 4836 κινδυνεύειν
2375 4777 2538 4832 αὐτὸν
2609 4774 2740 4848 παρ’
2771 4774 3045 4843 ,ἐκείνοιςο
3086 4773 3175 4828 διά
3213 4773 3374 4828 τοῦτο
3442 4774 3539 4830 καὶ

253 4881 450 4945 αὐτὸς,
477 4877 714 4950 ἐπείπερ
748 4876 899 4932 ἐστὶν
925 4876 988 4941 ἐξ
1011 4876 1233 4946 ἀγάπης
1269 4874 1606 4939 ἀκάθεκτος,
1641 4873 1854 4946 ἄμαχόν
1890 4891 2014 4929 τινα
2079 4873 2177 4928 καὶ
2236 4867 2738 4939 δυσανταγώνιστον
2768 4868 2868 4942 τὴν
2913 4868 2994 4932 είς
3033 4866 3194 4922 τοῦτο
3231 4866 3544 4939 προθυμίαν

253 4979 432 5030 οῖσειν
470 4971 906 5041 ἐπαγγέλλεται,
949 4970 1105 5024 οὐδὲν
1135 4969 1216 5024 έτι
1258 4967 1539 5033 παντελῶς
1568 4967 1954 5039 ὑπολελεῖφθαι
1980 4967 2154 5038 λέγων
2175 4967 2238 5022 τὺ
2292 4965 2616 5022 διακωλύειν
2648 4964 2854 5036 ἰσχύον,
2915 4963 3092 5018 καίτοι
3148 4962 3374 5018 ἕπεσθαι
3432 4963 3542 5018 δεῖν

253 5073 368 5144 agn
378 5067 565 5140 μένον,
592 5065 825 5136 ἐπείπερ
852 5063 1003 5136 αὐτῷ
1029 5063 1126 5119 καὶ
1163 5062 1526 5135 προτεθνάναι
1557 5062 1650 5117 τοῦ
1681 5061 2002 5118 διδασκάλου
2023 5062 2247 5125 σκοπός.

341 5156 660 5226 Ἀπεκρίθη
697 5154 861 5221 αὑτῷ
899 5157 934 5209 ὁ
982 5153 1249 5222 Ἰησοῦςο
1313 5153 1439 5222 Τὴν
1476 5148 1690 5224 ψυχήν
1739 5168 1858 5208 σου

2028 5152 2169 5220 XIII,
2204 5153 2293 5210 58.
2318 5150 2610 5221 Respondit
2639 5151 2687 5205 ei
2715 5147 2875 5205 Iesus
2899 5165 2918 5204 :
2963 5149 3216 5203 Animam
3256 5155 3404 5201 tuam
3441 5161 3538 5216 pro

252 5251 420 5319 ὑπὲρ
456 5249 607 5318 ἐμοῦ
636 5248 886 5319 θήσεις;
930 5245 1132 5317 Ἀμὴν,
1159 5246 1324 5317 ἀμὴν
1348 5245 1508 5317 λέγω
1533 5261 1655 5313 σοι,
1681 5247 1754 5300 οὺ
1769 5243 1857 5316 μὴ

1964 5263 2038 5301 me
2058 5245 2259 5314 pones?
2279 5245 2471 5310 Amen,
2504 5259 2658 5298 amen
2685 5243 2803 5297 dico
2832 5241 2947 5311 tibi,
2974 5258 3079 5296 non
3099 5236 3334 5296 cantabit
3357 5237 3537 5308 gallus

255 5343 538 5412 ἀλέκτωρ
575 5340 847 5412 φωνήσει
870 5381 886 5404 ,
915 5338 1029 5407 ἕως
1060 5333 1133 5395 οὗ
1164 5337 1496 5408 ἀπαρνήσῃ
1518 5354 1598 5409 με
1635 5338 1784 5406 τρίς.

1964 5338 2121 5394 donec
2157 5348 2236 5394 ter
2265 5354 2344 5392 me
2374 5353 2550 5409 neges.

329 5434 585 5498 Μείζονα
619 5433 740 5504 μὲν,
777 5432 810 5504 ἢ
850 5431 974 5487 καθ’
1006 5430 1199 5484 ἑαυτὸν
1236 5433 1266 5485 6
1289 5431 1492 5502 Πέτρος
1525 5427 1860 5498 ἐπαγγέλλε-

2029 5430 2237 5502 Majora
2266 5430 2489 5501 quidem
2524 5442 2690 5501 quam
2742 5425 2923 5498 possit
2971 5422 3169 5480 Petrus
3218 5419 3535 5493 pollicetur,

256 5546 376 5592 ται,
405 5527 515 5580 κᾶν
535 5525 866 5594 ἀξιάγαστον
892 5521 994 5597 ἔχῃ
1027 5521 1126 5593 τὴν
1141 5523 1234 5575 ἐπὶ
1261 5521 1440 5592 τούτῳ
1472 5522 1738 5591 σπουδήν·
1759 5518 1855 5573 τοῦ

1964 5523 2216 5596 quamvis
2245 5523 2486 5579 miriﬁco
2513 5521 2683 5577 animi
2726 5517 2912 5575 studio
2971 5515 3274 5587 praeditus:
3329 5519 3537 5582 tempe—

259 5637 325 5688 γε
355 5619 468 5692 μὴν
499 5617 764 5689 ἐσομένου
795 5615 1060 5687 χειμῶνος
1085 5615 1148 5668 τὸ
1169 5614 1389 5686 ἀμειδὲς
1409 5652 1425 5680 ,
1454 5615 1550 5668 καὶ
1577 5613 1858 5668 δύσοιστον

1964 5617 2122 5676 statis
2157 5615 2522 5674 nihilominus
2549 5613 2925 5676 acerbitatem,
2958 5616 3011 5665 et
3046 5607 3154 5665 vim
3213 5603 3533 5663 tentationis

340 5807 388 5837 "
427 5800 594 5858 Joan.
643 5815 738 5869 XI,
794 5801 879 5856 II.
957 5801 1002 5838 '°
1033 5800 1169 5858 ibid.
1207 5806 1262 5858 8.
1339 5801 1382 5836 "
1410 5801 1543 5859 ibid.
1578 5801 1659 5857 I6.
