4006 6422
477 326 584 381 175

1499 319 1558 376 S.
1577 317 1858 376 CYRILLI
1881 314 2351 376 ALEXANDRINI
2388 318 2718 378 ARCHIEP.

3637 318 3735 376 {76

478 437 884 498 intolerabilem
924 449 988 491 ac
1021 431 1424 506 persecutionis
1448 432 1879 503 magnitudinem
1897 431 2032 486 Chri
2049 460 2064 472 -

2179 433 2263 489 τοῦ
2290 437 2620 508 πειρασμοῦ,
2649 434 2745 490 καὶ
2768 435 2862 490 τοῦ
2878 434 3122 508 διωγμοῦ
3143 433 3203 489 τὸ
3240 433 3472 506 μέγεθος
3493 434 3744 506 ἐννοήσας

482 542 603 590 stus
636 530 786 602 apud
834 543 895 585 se
945 535 1232 598 reputans,
1290 534 1457 596 caput
1519 532 1733 581 tantum
1767 523 1931 595 759
1958 539 2069 579 non

484 633 696 690 movet,
727 629 1056 692 tantumque
1085 617 1345 674 atfectum
1397 615 1580 670 oculis
1633 615 1943 686 explicans,
1973 613 2070 671 Ju-

485 717 660 772 daicae
691 714 986 771 dementiae
1014 710 1408 767 immanitatem
1453 708 1822 779 perspiciens,
1849 715 1905 764 et
1949 723 2072 778 qua:

486 819 621 864 tunc
665 807 934 878 temporis
982 812 1246 861 eventura
1300 813 1461 857 erant
1524 802 1896 874 prospiciens.
1963 801 2072 856 tale

487 903 626 972 quid
663 901 852 956 forsan
884 899 1178 953 inclamat:
1223 894 1478 948 Animam
1530 909 1630 964 pro
1686 909 1773 949 me
1805 893 1986 964 ponis,
2037 908 2072 948 ο

489 996 671 1057 Petre.
705 1001 762 1050 et
806 989 1036 1063 periculi
1072 998 1276 1045 metum
1326 1005 1432 1061 pro
1476 987 1651 1042 nihilo
1699 987 1892 1052 habes,
1927 1001 1991 1043 ac
2020 994 2074 1042 te

490 1091 877 1157 superaturum
907 1080 1042 1135 illud
1066 1080 1396 1136 existimas?
1423 1081 1495 1133 At
1525 1078 1712 1135 nescis
1738 1079 2070 1149 gravitatem

489 1172 840 1235 tentationis,
871 1185 976 1226 nec
1007 1170 1156 1226 enim
1189 1169 1483 1240 potestatis
1513 1169 1568 1223 in
1601 1166 1845 1239 patiendi
1874 1181 2076 1237 propo-

491 1268 620 1332 sito,
653 1264 750 1320 sed
781 1262 881 1317 tibi
913 1261 1000 1317 vel
1031 1260 1241 1316 nolenti
1271 1259 1459 1314 animo
1509 1258 1743 1314 deiicere
1769 1257 2072 1328 continget,

491 1365 546 1412 et
579 1354 806 1427 negabis
837 1367 924 1407 me
971 1361 1074 1415 ter,
1110 1350 1278 1420 idque
1309 1357 1472 1405 nocte
1531 1363 1662 1402 una.
1719 1344 1836 1401 Hoc
1885 1344 2074 1402 Jesum

489 1448 679 1503 dicere
702 1445 844 1500 velle
875 1440 1214 1498 credendum
1244 1448 1348 1497 est.
1382 1438 1490 1494 Sed
1523 1453 1704 1509 operae
1731 1437 1968 1509 pretium
1991 1445 2078 1492 est

495 1543 585 1596 hic
611 1552 832 1610 quoque
862 1550 1056 1590 rursus
1084 1533 1208 1604 ejus
1233 1546 1364 1603 erga
1395 1547 1496 1587 nos
1529 1531 1716 1586 mirari
1742 1529 2070 1585 bonitatem:

494 1647 621 1686 nam
649 1644 774 1685 cum
795 1627 957 1699 prius
979 1625 1215 1681 dixisset
1237 1621 1728 1679 vehementissimo
1749 1621 1868 1690 eius
1891 1620 2077 1677 studio

495 1722 665 1780 animi
696 1721 809 1776 vim
845 1734 953 1774 non
980 1730 1401 1788 responsuram,
1440 1713 1536 1771 sed
1589 1713 1954 1778 deiecturum,
2012 1726 2077 1767 ac

2169 527 2198 581 ὁ
2229 527 2484 599 Χριστὸς,
2512 528 2799 598 μονονουχὶ
2828 528 3108 583 κατασείει
3130 528 3231 600 τὴν
3254 527 3498 599 κεφαλὴν
3518 567 3534 592 ,
3555 528 3671 582 ὅλον
3690 530 3745 582 δέ

2171 613 2361 685 ὥσπερ
2396 616 2454 669 ἐν
2486 615 2785 686 ὀφθαλμοῖς
2806 616 3069 681 ἀπλὼσας
3089 616 3152 670 τὸ
3181 617 3375 683 πάθος,
3398 618 3494 672 καὶ
3518 616 3748 688 τῆςἸου·

2171 705 2338 758 δαίων
2373 706 2562 770 ἀνοίας
2589 705 2872 778 θεωρήσας
2905 708 3005 779 τὴν
3027 707 3355 780 ὑπερϐολὴν,
3379 707 3748 781 διασιωπήσας

2171 796 2230 850 δὲ
2251 796 2322 850 τά
2361 797 2594 869 ἐσόμενα
2623 797 2746 852 κατ’
2776 798 2953 854 ἐκεῖνο
2996 799 3221 870 καιροῦ,
3257 799 3400 870 τάχα
3431 817 3485 853 τι
3515 799 3749 854 τοιοῦτον

2173 889 2483 959 ἀναφωνεῖ·
2518 889 2630 961 Τὴν
2657 890 2856 962 ψυχήν,
2879 885 2926 945 ὦ
2965 891 3172 964 Πέτρε,
3206 891 3346 962 ὑπὲρ
3382 889 3517 962 ἐμοῦ
3560 890 3748 957 τίθεις,

2175 979 2271 1032 καὶ
2300 979 2362 1032 τὸ
2393 979 2558 1050 μηδὲν
2587 976 2728 1035 εἶναι
2757 981 2864 1053 φὴς
2889 982 2981 1035 τὸν
3006 982 3101 1035 ἐπὶ
3129 980 3334 1034 τούτων
3371 979 3566 1050 φόϐονο
3589 981 3670 1034 ὅτι
3694 999 3749 1035 τε

2176 1069 2444 1142 κρείττων
2488 1071 2590 1144 ἔσῃ
2632 1071 2742 1126 τῶν
2775 1071 3052 1144 ἐσομένων
3102 1071 3540 1144 ὐπολαμϐἀνεις;
3596 1072 3751 1128 Ἀλλά

2173 1161 2270 1215 τοῦ
2297 1161 2607 1234 πειρασμοῦ
2636 1162 2699 1217 τὸ
2723 1163 2889 1238 βάρος
2917 1164 3019 1219 οὐκ
3049 1165 3360 1220 ἐπίστασαιο
3397 1165 3458 1218 ού
3493 1163 3602 1236 γὰρ
3628 1167 3755 1235 ἀρα-

2179 1256 2351 1328 ρότως
2385 1257 2740 1328 προκείσεται
2768 1257 2828 1312 τὸ
2849 1258 3064 1324 παθεῖν,
3098 1261 3184 1314 σοὶ
3233 1258 3291 1313 δὲ
3323 1257 3386 1313 τὸ
3425 1260 3755 1331 μικροψυχῆ-

2179 1365 2269 1401 σαι
2289 1348 2436 1414 λίαν,
2470 1350 2566 1403 καὶ
2603 1350 2702 1420 οὐχ
2723 1350 2904 1405 ἑκοντὶ
2932 1349 3296 1423 συμϐήσεται,
3320 1350 3415 1404 καὶ
3447 1352 3658 1424 ἀρνήσῃ
3691 1369 3754 1424 με

2175 1441 2316 1510 τρὶς.
2349 1442 2442 1496 καὶ¹
2473 1443 2532 1495 ἐν
2557 1443 2713 1496 νυκτὶ
2735 1441 2894 1496 τοῦτο
2921 1443 3055 1497 αὐτὸ
3102 1444 3220 1514 μιᾷ.
3275 1443 3443 1496 Ταυτί
3482 1461 3600 1507 πως
3650 1443 3756 1496 οίε-

2179 1533 2302 1587 σθαι
2328 1533 2505 1602 λέγειν
2553 1534 2926 1606 ὑποτοπητέον
2970 1534 3063 1588 τὸν
3106 1535 3336 1606 Ἰησοῦν.
3375 1535 3671 1607 Θαυμάσαι
3698 1552 3758 1605 γε

2183 1627 2290 1698 μὴν
2319 1627 2424 1680 κάν
2444 1624 2620 1697 τούτῳ
2657 1624 2722 1697 δὴ
2774 1625 2939 1680 πάλιν
2976 1625 3074 1698 τὴν
3118 1625 3345 1680 ἐνοῦσαν
3375 1627 3524 1698 αύτῷ
3575 1627 3760 1698 φιλαν-

2180 1715 2428 1785 θρωπίαν
2459 1716 2646 1783 ἄξιον·
2683 1716 3031 1789 προειρηκὼς
3057 1717 3188 1790 γὰρ,
3228 1718 3310 1772 ὅτι
3359 1718 3439 1790 τῷ
3483 1719 3623 1790 τόνῳ
3665 1719 3760 1791 τῆς

494 1826 647 1884 terga
673 1811 957 1875 datur-um,
989 1807 1126 1863 adeo
1164 1817 1225 1862 ut
1257 1805 1326 1862 ad
1353 1806 1533 1861 solum
1587 1804 1823 1876 periculi
1866 1811 2074 1859 metum

2179 1808 2407 1881 ἐνούσης
2459 1807 2611 1880 αὐτῷ
2655 1809 2990 1882 προθυμίας,
3035 1812 3068 1879 ή
3100 1810 3200 1882 τῆς
3233 1810 3412 1881 ψυχῆς
3444 1812 3544 1882 οὐχ
3572 1811 3762 1881 ἕψεται

495 1922 557 1963 se
592 1911 895 1975 negaturus
943 1899 1036 1964 sit,
1089 1898 1233 1953 nihil
1282 1899 1670 1954 interminatus
1715 1905 1821 1952 est.
1865 1894 2078 1950 Idcirco

496 2013 600 2053 nec
628 1997 684 2052 in
714 1995 958 2050 divinam
987 1991 1122 2046 iram
1153 1991 1508 2046 incursurum
1530 1990 1630 2054 ait,
1658 2003 1835 2059 neque
1857 2001 2076 2058 pinnam

496 2086 644 2158 quod
694 2082 1016 2140 humanitus
1050 2091 1373 2137 eventurum
1401 2079 1454 2134 id
1486 2081 1538 2136 ei
1596 2087 1764 2146 esset,
1820 2079 2074 2135 intentat.

501 2177 722 2233 Sciebat
750 2174 897 2230 enim
929 2172 1203 2228 infirmam
1233 2171 1416 2225 adhuc
1467 2186 1591 2227 esse
1641 2180 1916 2238 naturam,
1974 2185 2079 2226 nec

498 2267 696 2324 mortis
725 2266 904 2322 minas
929 2264 1078 2320 ferre
1109 2278 1292 2334 posse.
1333 2259 1589 2318 Nondum
1621 2262 1768 2318 enim
1800 2277 1898 2333 per
1957 2262 2080 2332 ejus

500 2358 967 2417 resurrectionem
1000 2357 1286 2428 abrogata,
1321 2364 1655 2410 cunctorum
1687 2362 1925 2410 mentem
1955 2370 2080 2425 pre-

497 2453 704 2518 mebat,
733 2451 962 2519 soloque
988 2455 1141 2504 metu
1174 2447 1262 2504 vel
1297 2445 1662 2504 fortissimum
1718 2461 1994 2517 quemque
2025 2453 2080 2502 et

497 2543 931 2600 audacissimum
963 2538 1218 2610 frangere
1255 2538 1401 2610 potis
1434 2546 1577 2594 erat.
1625 2535 1835 2592 Natura
1878 2537 2082 2609 quippe

501 2647 702 2708 praeter
732 2642 990 2688 naturam
1050 2639 1284 2686 mortem
1331 2630 1571 2702 patiens,
1621 2630 1674 2685 ei
1728 2628 1874 2684 cedit
1906 2636 1967 2682 ut
2003 2628 2082 2683 vi-

499 2725 684 2790 ctrici,
716 2724 824 2779 imo
853 2736 983 2777 vero
1013 2731 1144 2776 tunc
1183 2719 1439 2775 cedebat.
1468 2717 1577 2774 Sed
1608 2735 1638 2774 a
1658 2729 1849 2774 nostro
1884 2715 2084 2772 Serva-

500 2827 616 2873 tore
636 2813 915 2887 perruptis
946 2811 1096 2867 illius
1141 2809 1380 2866 vinculis
1415 2809 1603 2866 suavis
1637 2808 1778 2864 facta
1821 2813 1906 2864 est
1953 2806 2083 2862 dili-

497 2908 757 2981 gentibus
787 2904 1092 2970 Christum,
1116 2903 1250 2959 licet
1276 2902 1473 2959 acerbe
1504 2899 1726 2956 invadat
1754 2919 1768 2954 :
1795 2899 1916 2970 ejus
1936 2898 2080 2954 enim

499 3002 623 3056 loco
652 3007 858 3055 aeterna
896 2996 1009 3051 vita
1046 2995 1342 3064 successit,
1365 2993 1742 3066 corruptionis
1773 2991 2084 3050 dissolvens

2178 1895 2430 1966 δύναμις,
2477 1895 2698 1951 ὀκλάσει
2727 1913 2792 1964 γε
2833 1896 2940 1968 μὴν
2965 1938 2980 1962 ,
3011 1895 3110 1950 καὶ
3136 1895 3440 1951 ὑπενδὼσει
3484 1895 3760 1959 τοσοῦτον,

2180 1987 2320 2041 ὥστε
2355 1989 2450 2042 καὶ
2484 1988 2622 2060 πρὸς
2659 1987 2817 2060 μόνον
2845 1990 3102 2043 ἀπειπεῖν
3129 1989 3222 2044 τὸν
3247 1989 3344 2044 τοῦ
3385 1991 3632 2045 κινδύνου
3672 1990 3767 2060 φό-

2180 2077 2294 2145 δον,
2327 2078 2481 2132 οὐδὲν
2511 2079 2870 2150 ἐπηπείλησε,
2904 2079 2995 2134 διὰ
3023 2079 3182 2134 τοῦτο
3207 2080 3390 2152 τυχὸν,
3423 2081 3500 2144 ὡς
3520 2081 3629 2134 οὐδ’
3663 2080 3766 2134 ὑπὸ

2181 2167 2330 2222 θείαν
2359 2167 2512 2221 ἐσται
2546 2168 2760 2240 κίνησιν
2798 2167 2970 2237 λέγει.
3001 2170 3113 2223 Καὶ
3148 2169 3237 2224 διὰ
3258 2169 3417 2224 ποίαν
3449 2169 3649 2226 αἰτίαν.
3691 2211 3708 2226 .
3751 2211 3764 2226 .

2183 2349 2407 2403 παθόντι
2435 2348 2493 2403 δέ
2516 2365 2569 2402 τι
2595 2348 2704 2404 τῶν
2729 2349 3116 2421 ἀνθρωπίνων,
3157 2353 3259 2406 οὐκ
3292 2352 3635 2408 ἐπανατείνει
3670 2354 3766 2425 τὴν

2181 2440 2424 2496 κόλασιν.
2469 2440 2624 2512 ᾝδει
2669 2440 2779 2513 γὰρ
2814 2440 3150 2498 ἀσθενοῦσαν
3183 2442 3265 2497 ἔτι
3303 2443 3402 2515 τὴν
3443 2443 3606 2514 φύσιν
3628 2485 3645 2510 ,
3675 2446 3769 2498 καὶ

2181 2534 2243 2587 ού
2277 2532 2584 2605 δυναμένην
2633 2533 2878 2602 ἐνεγκεῖν
2927 2532 3023 2587 τοῦ
3079 2534 3316 2589 θανάτου
3362 2536 3461 2608 τὴν
3509 2537 3765 2610 ἀπειλήν.

2183 2623 2348 2679 Οῦπω
2373 2623 2503 2694 γὰρ,
2527 2623 2680 2678 οὔπω
2715 2626 3134 2698 κατηργημένος
3172 2628 3261 2682 διὰ
3290 2629 3389 2700 τῆς
3419 2629 3768 2693 ἀναστάσεως

2182 2713 2348 2768 αὑτοῦ
2374 2758 2388 2782 ,
2437 2717 2537 2788 τῆς
2589 2716 2848 2772 ἁπάντων
2893 2717 3134 2784 διανοίας
3183 2720 3647 2793 κατεθρασύνετο,
3680 2725 3770 2778 καὶ

2183 2807 2367 2872 ἱκανὸς
2396 2802 2466 2879 ἦν
2500 2807 2601 2875 έτι,
2633 2809 2728 2863 καὶ
2763 2809 2910 2882 μόνῳ
2942 2809 3277 2883 συνθραῦσαι
3307 2813 3386 2885 τῷ
3411 2814 3657 2886 δείματι,
3678 2816 3771 2871 καὶ

2182 2897 2274 2952 τὸν
2305 2898 2512 2972 σφόδρα
2536 2902 2804 2966 νεανικὸν,
2833 2901 2930 2956 καὶ
2959 2903 3132 2957 δεινὸν
3175 2905 3258 2968 είς
3294 2905 3611 2977 εὐτολμίαν.
3654 2909 3770 2962 Πα-

2184 2989 2352 3045 θοῦσα
2380 2991 2488 3063 γὰρ
2510 2992 2662 3064 παρὰ
2700 2992 2863 3064 φύσιν
2890 2996 2924 3066 ή
2953 2995 3115 3064 φύσις
3139 2995 3229 3050 τὸν
3257 2995 3507 3066 θάνατον,
3528 2999 3608 3064 ὡς
3628 3017 3771 3056 νενι-

501 3093 820 3164 imperium.
857 3087 1032 3144 Nemo
1069 3095 1254 3142 autem
1298 3087 1387 3142 hic
1423 3103 1620 3144 rursus
1652 3085 1934 3142 existimet
1983 3083 2078 3140 Pe-

2185 3085 2378 3158 κηκότι
2416 3089 2759 3160 παραχωρεῖ,
2785 3088 2986 3159 μᾶλλον
3005 3089 3064 3144 δὲ
3091 3090 3404 3162 παρεχώρει
3432 3091 3575 3146 τότε.
3604 3093 3772 3164 Διαρ-

501 3192 651 3238 trum
675 3181 746 3237 ob
777 3179 986 3236 Christi
1014 3179 1225 3234 dictum
1259 3193 1511 3250 negasse,
1569 3187 1737 3251 atque
1765 3179 1950 3234 animo
1983 3177 2078 3235 de-

2187 3178 2446 3251 ρήξαντος
2475 3181 2532 3235 δὲ
2586 3181 2680 3234 τοῦ
2720 3183 2975 3254 Σωτῆρος
3013 3183 3175 3253 ήμῶν
3219 3184 3288 3238 τά
3334 3184 3545 3240 ἐκείνου
3569 3184 3770 3257 δεσμὰ,

503 3275 735 3341 fecisse;
762 3286 866 3328 uec
903 3271 1049 3326 enim
1078 3269 1464 3326 necessitatem
1496 3271 1664 3326 ullam
1697 3271 1950 3339 imponit,
1986 3277 2084 3325 aut

503 3367 574 3422 ad
607 3367 722 3421 haec
753 3364 1107 3435 suscipienda
1137 3365 1186 3419 vi
1216 3364 1469 3435 impellit,
1504 3363 1602 3420 sed
1649 3363 1795 3434 quod
1846 3372 1906 3418 ut
1937 3363 2083 3420 Deus

504 3457 890 3530 proculdubio
923 3454 1171 3510 futurum
1218 3455 1396 3520 novit,
1454 3454 1587 3510 illud
1636 3454 1909 3525 discipulo
1943 3471 2085 3527 pra:-

502 3553 656 3607 dicit.
686 3550 959 3617 Quoniam
990 3559 1172 3605 autem
1213 3563 1336 3619 quae
1379 3549 1665 3605 veteribus
1703 3548 2080 3615 contigerunt,

500 3646 566 3701 ad
600 3652 950 3716 posterorum
989 3640 1418 3696 admonitionem
1471 3638 1684 3709 scripta
1737 3639 1951 3705 sunt",
1986 3655 2085 3711 age

503 3739 755 3794 nonnihil
785 3737 1038 3792 utilitatis
1067 3753 1132 3790 ex
1167 3736 1271 3790 hoc
1303 3734 1486 3803 capite
1521 3733 1936 3803 depromamus.
1961 3733 2082 3789 Non

499 3833 756 3889 existimo
788 3839 998 3886 temere
1050 3828 1311 3900 quiddam
1342 3827 1544 3882 debere
1575 3840 1678 3882 nos
1708 3825 1820 3882 Deo
1851 3828 2084 3898 promit-

499 3934 650 3989 tere,
707 3938 809 3978 nec
857 3919 1002 3992 quod
1056 3920 1204 3975 vires
1254 3915 1532 3970 interdum
1587 3923 1810 3972 nostras
1867 3917 2084 3972 excedit

501 4013 821 4069 faciendum
855 4012 1124 4082 recipere,
1174 4007 1338 4079 quasi
1397 4022 1581 4062 rerum
1635 4015 1878 4078 potestas
1911 4023 2082 4080 penes

503 4121 606 4161 nos
641 4105 734 4168 sit,
779 4119 905 4159 cum
968 4117 1066 4172 spe
1113 4107 1304 4155 nostra
1353 4099 1677 4170 plerumque
1728 4100 2080 4156 frustremur.

497 4195 716 4264 Alioqui
745 4192 1004 4264 superbia
1040 4204 1234 4245 carere
1280 4202 1392 4242 non
1452 4188 1692 4243 arbitror
1743 4189 1817 4244 ita
1874 4189 2080 4257 dicere,

500 4286 619 4343 Hoc
636 4286 939 4358 perficiant,
977 4291 1072 4338 aut
1095 4280 1252 4335 illud.
1277 4279 1334 4334 In
1355 4280 1614 4336 omnibus
1639 4281 1785 4336 enim
1810 4296 1932 4351 quae
1957 4282 2084 4352 quis

495 4379 712 4452 agenda
739 4377 903 4449 160
944 4375 1050 4431 sibi
1083 4373 1452 4445 proposuerit,
1490 4371 1624 4426 illud
1672 4373 1909 4427 maxime
1945 4390 2084 4444 prae-

499 4466 831 4523 mittendum
872 4461 1023 4535 quod
1057 4460 1197 4515 dixit
1239 4461 1688 4532 sapientissimus
1731 4461 2076 4533 discipulus:

2185 3270 2388 3340 γλυκὺς
2437 3272 2822 3342 ἀναπέφανται
2858 3276 2972 3338 τοῖς
3006 3275 3262 3344 ἀγαπῶσι
3302 3277 3562 3348 Χριστὸν,
3596 3279 3649 3331 εί
3681 3279 3774 3333 κα)⁵

2185 3364 2402 3436 προσίοι
2432 3366 2678 3437 πικρῶςο
2729 3367 3119 3439 ἀντεισϐέϐηκε
3165 3368 3274 3442 γὰρ
3300 3371 3334 3440 ή
3373 3370 3592 3436 αἰώνιος
3632 3369 3774 3443 ζωὴ,

2183 3457 2247 3511 τὸ
2271 3457 2372 3528 τῆς
2404 3459 2610 3532 φθορᾶς
2644 3459 2999 3533 παραλύουσα
3032 3461 3255 3534 κράτος.
3289 3463 3499 3518 υίέσθω
3518 3465 3575 3518 δέ
3605 3465 3774 3519 πάλιν

2185 3550 2424 3606 ἐνταῦθα
2474 3553 2665 3624 μηδεὶς
2709 3554 2982 3625 ἠρνῆσθαί
3013 3571 3074 3608 τε
3113 3554 3209 3608 καὶ
3251 3557 3513 3628 ἀτονῆσαι
3543 3557 3637 3611 τὸν
3672 3560 3777 3612 Πέ-

2184 3657 2332 3712 τρον,
2359 3641 2446 3696 διὰ
2477 3643 2537 3696 τὸ
2568 3644 2722 3716 ῥῆμα
2746 3644 2986 3718 Χριστοῦ
3005 3661 3018 3676 ·
3075 3646 3137 3700 ού
3176 3645 3284 3719 γὰρ
3324 3648 3571 3720 ἀνάγκην
3595 3651 3778 3704 ἐπιτι-

2185 3729 2320 3796 θεὶς,
2348 3731 2462 3786 ἀλλ’
2476 3733 2599 3787 ούδέ
2626 3736 2690 3788 ἐκ
2713 3734 2835 3805 βίας
2854 3736 3027 3792 ἐλκων
3049 3740 3130 3803 είς
3152 3739 3213 3793 τὸ
3235 3737 3429 3793 παθεῖν
3447 3739 3516 3792 τὰ
3541 3740 3776 3795 τοιαῦτά

2185 3840 2352 3894 φησιν
2369 3839 2386 3856 ο
2425 3825 2540 3879 ἀλλ’
2569 3828 2706 3900 ὅπερ
2734 3824 2895 3896 οἶδεν,
2919 3831 2995 3895 ὡς
3021 3831 3176 3898 Θεὸς,
3209 3831 3430 3896 πάντως
3469 3832 3563 3885 καὶ
3587 3833 3774 3906 ἀναμ-

2185 3914 2425 3984 φιλόγως
2463 3919 2721 3989 ἐσόμενον
2751 3922 3010 3994 προλέγει
3048 3923 3124 3995 τῷ
3169 3924 3409 3998 μαθητῇ.
3459 3924 3686 3997 Ἐπειδὴ
3719 3927 3776 3981 δὲ

2181 4007 2250 4061 τὰ
2274 4011 2382 4072 τοῖς
2429 4009 2810 4083 ἀρχαιοτέροις
2851 4014 3261 4088 συμόεϐηκότα,
3317 4017 3455 4087 πρὸς
3485 4016 3775 4072 νουθεσίαν

2181 4097 2290 4151 τῶν
2321 4101 2440 4171 μετ’
2474 4102 2673 4167 αὐτοὺς
2699 4104 3138 4176 ἀναγέγραπται,
3189 4107 3321 4179 φέρε
3349 4107 3412 4179 δή
3444 4125 3498 4161 τι
3521 4106 3776 4179 λέγωμεν

2183 4189 2294 4244 τῶν
2325 4192 2642 4260 ἀναγκαίων
2668 4197 2749 4259 εἰς
2777 4195 2964 4266 ὄνησιν
3004 4200 3069 4251 ἐκ
3093 4196 3188 4252 τοῦ
3221 4197 3518 4267 κεφαλαίου
3548 4215 3778 4269 κεκινη-

2187 4281 2359 4352 μένοι.
2391 4284 2466 4336 Ού
2497 4284 2605 4356 γὰρ
2655 4281 2808 4358 οἶμαι
2843 4287 2954 4342 δεῖν
2980 4288 3415 4358 ἐπαγγέλλεσθαί
3453 4306 3507 4342 τι
3548 4289 3778 4360 προχείο

2188 4391 2296 4444 ρως
2327 4373 2405 4445 τῷ
2442 4375 2581 4447 Θεῷ,
2614 4378 2736 4431 οὺδέ
2771 4379 3074 4450 κατορθοῦν
3113 4382 3490 4452 ὑπισχνεῖσθαι
3527 4382 3589 4436 τὺ
3626 4383 3778 4455 ὑπὲρ

2182 4463 2413 4536 δύναμιν
2433 4465 2545 4521 ἐσθ’
2578 4469 2667 4522 ὅτε
2687 4511 2703 4537 ,
2729 4469 2806 4534 ὡς
2832 4472 3352 4538 κατεξουσιάζοντας
3372 4475 3480 4528 τῶν
3508 4475 3778 4546 πραγμά-

499 4559 557 4615 Si
591 4557 858 4614 Dominus
879 4554 1149 4619 voluerit,
1179 4561 1274 4619 et,
1301 4553 1346 4609 si
1394 4552 1721 4608 vixerimus.
1759 4552 2078 4625 Promptum

2183 4571 2313 4622 των,
2335 4557 2428 4609 καὶ
2444 4555 2604 4612 τοῦτό
2626 4577 2768 4632 φημι
2792 4563 2931 4633 πρὸς
2952 4565 3020 4616 τά
3045 4565 3108 4617 ἐκ
3129 4564 3229 4636 τῆς
3252 4564 3554 4635 ἀποτυχίας
3569 4565 3778 4638 ἐγκλή-

495 4654 701 4722 quippe
725 4650 866 4706 bene
891 4646 1088 4717 agendi
1119 4643 1361 4702 studium
1397 4644 1612 4714 piorum
1658 4644 1862 4701 animis
1891 4646 2076 4700 inesse

495 4743 700 4799 debere
727 4741 838 4805 aio,
871 4738 1207 4809 virtutisque
1240 4743 1360 4790 toto
1394 4736 1583 4791 animo
1608 4737 1854 4792 colenda:
1881 4737 2080 4792 volun-

497 4841 684 4897 tatem,
712 4833 859 4888 viam
913 4836 1100 4885 autem
1157 4843 1349 4884 eorum
1397 4827 1739 4898 agendorum
1799 4843 1832 4882 a
1888 4828 2076 4884 divina

494 4926 748 4983 bonitate
771 4920 1088 4995 petendam,
1126 4935 1237 4975 non
1284 4927 1490 4975 temere
1522 4919 1685 4991 quasi
1738 4920 1886 4976 illam
1939 4920 1994 4974 in
2027 4931 2080 4976 te

497 5016 702 5072 habeas
726 5012 1000 5086 polliceri.
1038 5010 1134 5066 Sic
1164 5010 1310 5066 enim
1333 5024 1518 5065 veram
1547 5011 1601 5065 in
1631 5010 1890 5067 omnibus
1916 5009 2078 5068 bonis

492 5108 920 5180 promissionem
971 5101 1084 5160 Deo
1141 5101 1512 5168 servabimus,
1553 5109 1610 5156 et
1639 5112 1798 5157 extra
1857 5104 2075 5175 culpam

492 5201 687 5271 pedem
717 5195 1064 5260 habebimus,
1100 5200 1164 5248 ut
1209 5189 1529 5250 Graecorum
1583 5192 1778 5248 tritum
1813 5203 1898 5251 est
1944 5211 2075 5266 pro-

490 5287 701 5348 verbio.
761 5285 982 5359 Alioqui
1043 5285 1220 5343 satius
1283 5294 1371 5342 est
1436 5299 1550 5340 non
1623 5299 1824 5358 vovere
1876 5289 2074 5357 alicui,

489 5399 656 5456 quam
687 5395 912 5446 vovere,
939 5386 996 5434 et
1028 5394 1139 5434 non
1171 5377 1404 5434 reddere
1428 5376 1500 5433 “.

2187 4663 2334 4717 ματα
2364 4647 2598 4718 βλέπων.
2655 4651 2865 4718 ’Ἄλλως
2895 4671 2957 4708 τε
2983 4655 3078 4709 καὶ
3108 4656 3410 4728 ὑπεροψίας
3444 4657 3546 4711 ούκ
3585 4659 3772 4731 ἀπηλ-

2183 4737 2377 4810 λάχθαι
2395 4741 2599 4812 νομίζω
2615 4741 2677 4797 τὸ
2699 4744 3098 4817 προαλέστερον
3117 4749 3311 4813 εἰπεῖν,
3327 4749 3409 4802 ὅτι
3433 4749 3773 4820 κατορθώσω

2180 4831 2302 4886 τόδε
2329 4849 2384 4887 τι
2412 4835 2598 4905 τυχὸν,
2630 4835 2664 4906 ἢ
2711 4836 2832 4890 τόδε
2869 4855 2942 4893 τι.
2989 4841 3100 4894 Καὶ
3137 4840 3247 4912 γὰρ
3279 4841 3368 4912 ἐφ’
3405 4842 3645 4907 ἅπασιν,
3685 4840 3774 4908 οἷς

2179 4923 2244 4977 ἄν
2298 4941 2382 4989 τις
2417 4924 2613 4996 δρᾶσαι
2668 4927 2948 4999 προέλοιτο
2996 4933 3091 4985 καὶ
3141 4931 3398 5003 βούληται
3435 4933 3766 5005 κατορθοῦν,

2172 5014 2350 5069 ἐκεῖνο
2380 5016 2614 5086 μάλιστα
2639 5017 2722 5071 δεῖ
2747 5021 2965 5088 φωνεῖν,
2987 5023 3125 5094 ὅπερ
3157 5023 3378 5094 εἴρηκεν
3397 5023 3426 5076 ὁ
3451 5023 3770 5094 σοφώτατος

2174 5103 2457 5177 μαθητής·
2505 5105 2630 5160 Ἐὰν
2657 5109 2686 5160 ὁ
2714 5107 2918 5180 Κύριος
2939 5110 3092 5186 θέλῃ,
3119 5114 3214 5166 καὶ
3235 5112 3512 5185 ζήσωμεν.
3547 5114 3770 5188 Προθυ-

2174 5197 2304 5270 μίαν
2337 5197 2441 5270 μὲν
2487 5197 2596 5270 γάρ
2633 5201 2732 5273 τὴν
2781 5202 3129 5275 ἀγαθουργὸν
3161 5223 3304 5277 φημι
3343 5207 3456 5262 δεῖν
3506 5209 3628 5272 ταῖς
3647 5207 3766 5262 τῶν

2172 5290 2437 5360 φιλοθέων
2471 5293 2670 5347 ἐνεῖναι
2703 5293 2923 5365 ψυχαῖς,
2960 5295 3055 5350 καὶ⁹
3097 5297 3159 5350 τὸ
3199 5299 3500 5370 κατορθοῦν
3547 5299 3763 5353 ἐθέλειν

2169 5382 2270 5452 τὴν
2302 5381 2502 5454 ἀρετὴν
2538 5383 2597 5450 ἐξ
2639 5384 2768 5456 ὅλης
2824 5387 3007 5458 ίσχύος
3048 5389 3385 5458 ἐπείγεσθαι,
3442 5391 3543 5462 τὴν
3571 5389 3627 5444 δὲ
3662 5391 3764 5444 ἐπὶ

494 5479 696 5541 τούτοις
726 5473 842 5528 ὁδὸν
865 5472 954 5527 διὰ
972 5473 1073 5545 τὴν
1111 5471 1316 5528 ἀνωθεν
1357 5475 1593 5540 ἐξαιτεῖν
1634 5479 1946 5552 εὐμένειαν,
2000 5483 2099 5554 οὐχ
2175 5483 2250 5546 ὡς
2293 5480 2487 5552 ἔχοντα
2535 5483 2791 5555 προαλῶς
2845 5486 3301 5555 ἐπαγγέλλεσθαι.
3370 5488 3598 5561 Ἀψευδῆ
3646 5488 3765 5562 γὰρ

483 5571 626 5624 οὕτω
661 5567 740 5639 τῷ
771 5566 892 5638 Θεῷ
928 5566 1025 5639 τὴν
1059 5567 1144 5637 ἐφ’
1172 5569 1343 5624 ἆπασι
1382 5573 1494 5636 τοῖς
1535 5574 1778 5646 ἀρίστοις
1819 5579 2155 5648 ἐπαγγελίαν
2182 5579 2514 5651 τηρήσομεν,
2577 5578 2683 5646 ἐξω
2704 5597 2764 5634 τε
2792 5582 2929 5637 πόδα
2953 5583 3132 5648 αἰτίας
3185 5583 3398 5656 ἓξομεν,
3465 5586 3608 5640 κατά
3662 5584 3763 5643 τὸν

493 5663 614 5732 παρ’
651 5661 877 5734 Ἕλλησι
893 5661 1074 5732 λόγον.
1110 5664 1267 5719 Ἐστι
1308 5665 1366 5720 δέ
1401 5667 1494 5722 καὶ
1526 5670 1730 5744 ἑτέρως
1766 5674 1971 5746 ἀγαθὸν
2003 5675 2064 5730 τὸ
2101 5675 2176 5747 μὴ
2202 5673 2466 5742 εὔξασθαί
2487 5691 2652 5742 τισιν,
2680 5674 2714 5746 ἢ
2739 5672 3022 5744 εὔξασθαι,
3059 5676 3154 5733 καὶ
3189 5676 3266 5750 μὴ
3293 5675 3610 5735 ἀποδοῦναι.

551 5784 598 5815 δ’
625 5780 644 5837 1
676 5780 804 5838 Cor.
835 5797 892 5849 ι,
934 5780 1024 5836 il.
1099 5782 1146 5816 ιδ
1185 5784 1366 5844 Eccle.
1413 5805 1463 5858 v,
1498 5789 1551 5859 '5,
1585 5791 1640 5846 4.
