4006 6450
215 485 325 544 477

285 596 390 665 Μὴ
419 596 819 666 ταρασσέσθω
854 597 1023 668 ὑμῶν
1057 598 1096 666 ἡ
1129 597 1362 668 καρδία.

288 685 387 749 Είς
415 684 578 739 τοῦτο
618 686 984 758 μικροψυχίας
1027 687 1455 759 κατοιχήσεσθαι
1483 689 1574 743 τὸν
1603 689 1811 762 Πέτρον

206 776 413 842 είπὼν,
449 776 527 841 ὡς
552 778 900 850 ἀρνήσασθαι
922 779 1066 850 τρὶς,
1108 780 1203 833 καὶ
1233 783 1293 834 ἐν
1323 782 1423 852 μιᾷ
1448 781 1607 836 τοῦτο
1631 783 1813 836 πείσε-

213 868 342 920 σθαι
382 870 564 933 νυκτὶ,
602 873 670 941 τῇ
711 869 808 925 τοῦ
848 872 1177 943 πράγματος
1215 872 1492 945 ὑπερϐολῇ
1531 874 1814 945 μονονουχὶ

213 959 306 1011 τὸν
338 959 720 1030 ἀκμαιότατον
752 961 862 1016 τῶν
885 962 1147 1017 κινδύνων
1181 963 1430 1030 ὑπέδειξε
1463 963 1628 1034 φόϐον
1647 981 1662 995 ⁸
1690 962 1814 1018 ὅθεν

213 1046 282 1121 ἦν
300 1051 368 1123 δή
403 1069 548 1117 που,
589 1054 686 1107 καὶ
718 1055 866 1126 μάλα
898 1056 1125 1120 εἰκότως
1151 1096 1167 1121 ,
1206 1057 1334 1120 τοὺς
1365 1056 1588 1128 ἐτέρους
1636 1073 1816 1128 παρα-

218 1143 416 1212 χρῆμα
441 1143 848 1214 διαλογίζεσθαι
885 1144 1158 1218 μαθητὰς,
1187 1146 1274 1211 τίς
1305 1146 1413 1217 ἄρα
1439 1146 1537 1199 καὶ
1564 1146 1753 1211 πόσος,
1780 1146 1814 1218 ἢ

217 1237 376 1290 ποῖον
400 1234 516 1300 ἕξει
543 1236 605 1290 τὸ
631 1237 864 1306 μέγεθος
882 1237 993 1292 τῶν
1015 1237 1290 1310 ἐσομένων
1323 1241 1352 1292 ὁ
1384 1237 1548 1308 φόϐος
1569 1278 1585 1304 ,
1611 1238 1807 1293 δυσκα-

214 1323 547 1396 ταμάχητος
577 1326 635 1380 δέ
655 1326 833 1392 οὕτως
855 1327 885 1380 ὁ
915 1328 1221 1400 πειρασμὸς
1241 1368 1258 1393 ,
1299 1327 1376 1392 ὡς
1400 1327 1543 1382 ἐλεῖν
1583 1327 1684 1398 μὲν
1723 1327 1816 1383 τὸν

214 1415 558 1489 προῦχοντα,
583 1418 914 1474 καταϐαλεῖν
937 1419 996 1474 δέ
1031 1421 1131 1491 οὐχ
1160 1418 1327 1488 ἅπαξ,
1357 1420 1471 1474 ἀλλ’
1501 1422 1559 1473 ἐν
1589 1420 1672 1474 ἐνὶ
1716 1419 1816 1492 μὲν

214 1509 514 1576 πολλάκις,
555 1511 651 1566 καὶ
679 1513 740 1565 ἐν
769 1510 933 1584 ὀλίγῳ
967 1511 1166 1584 καιρῷ.
1192 1512 1290 1576 Τίς
1332 1507 1428 1567 οῦν
1455 1510 1564 1583 ἀρα
1596 1514 1656 1567 ἐν
1684 1513 1816 1584 ἡμῖν

210 1603 278 1657 rb
305 1604 368 1656 ἐν
399 1605 520 1667 τοῖς
546 1602 629 1657 ἔτι
669 1604 882 1676 χείροσι
929 1605 1184 1673 γενέσθαι
1215 1603 1595 1674 διαφεύξεται,
1630 1603 1664 1674 ἢ
1700 1603 1818 1668 πῶς

214 1691 440 1757 ἀνθέξει
463 1709 550 1757 τις
587 1692 814 1763 ἔτερος,
851 1693 948 1746 τοῦ
986 1693 1195 1763 Πέτρου
1229 1693 1575 1764 κινουμένου,
1605 1693 1700 1747 καὶ
1734 1691 1816 1763 τῷ

216 1786 383 1859 βάρει
403 1785 518 1839 τῶν
533 1784 990 1859 συμϐεϐηκότων,
1009 1785 1084 1849 ὡς
1101 1784 1162 1850 ἐξ
1177 1785 1444 1858 ἀνάγκης,
1464 1784 1813 1852 ὑπείκοντος;

212 1878 422 1949 Μάτην
454 1872 550 1932 οὖν
587 1876 718 1948 ἄρα,
760 1876 888 1940 τοὺς
930 1875 1025 1929 ἐπὶ
1060 1874 1140 1946 τῷ
1176 1876 1375 1948 χρῆναι
1397 1875 1818 1930 κατακολουθεῖν

1293 486 1362 543 IN
1387 483 1676 546 .IOANNIS
1712 487 2166 545 EVANGELIUM
2209 488 2338 545 LiB.
2383 489 2473 547 IX.

3401 492 3506 550 I78

1771 647 1774 650 .
1836 602 1894 662 Α
1989 599 2128 668 XIV,
2154 600 2205 656 I.
2242 601 2366 656 Non
2397 602 2636 656 turbetur
2661 620 2753 659 cor
2776 611 3027 660 vestrum.

1987 692 2287 767 Postquam
2315 697 2456 752 dixit
2482 712 2548 753 co
2577 698 2915 757 inﬁrmitatis
2950 714 3214 758 casurum
3254 699 3500 769 Petrum,

1919 792 1980 841 ut
2004 794 2091 842 ter
2116 795 2423 860 negaturus
2451 789 2545 853 sit,
2578 790 2748 862 idque
2779 808 2889 848 una
2919 793 2972 850 in
3001 802 3166 849 nocte
3195 793 3246 850 ei
3275 805 3504 850 eventu-

1920 894 2071 946 rum,
2106 882 2656 938 vehementissimum
2710 884 3089 954 periculorum
3141 896 3344 940 metum
3379 901 3506 955 pm-

1921 973 2216 1044 pemodum
2244 973 2508 1030 indicavit
2527 977 2605 1032 rei
2627 975 2948 1048 hyperbole,
2972 977 3121 1034 unde
3145 977 3272 1048 jure
3305 978 3521 1033 merito

1922 1062 2017 1118 alii
2044 1065 2231 1119 statim
2262 1065 2524 1137 discipuli
2545 1067 2690 1138 apud
2721 1084 2781 1124 se
2812 1069 3060 1140 cogitare
3092 1078 3353 1140 poterant
3382 1071 3507 1140 qui-

1922 1167 2050 1209 nam
2076 1161 2132 1210 et
2164 1164 2409 1228 quantus
2435 1165 2584 1214 esset
2629 1174 2816 1213 rerum
2854 1160 3168 1215 futurarum
3208 1169 3414 1226 metus,
3452 1169 3508 1216 et

1922 1260 2089 1317 quam
2119 1247 2303 1318 gravis
2336 1255 2392 1305 et
2447 1258 2765 1321 expugnatu
2812 1251 3048 1310 diﬁicilis
3088 1253 3344 1318 tentatio,
3382 1268 3508 1324 quae

1923 1339 2264 1409 praecipuum
2295 1347 2350 1396 et
2404 1340 2672 1397 eximium
2713 1342 2870 1398 illum
2929 1345 3192 1401 invasura
3245 1353 3414 1410 esset,
3451 1353 3508 1401 et

1922 1429 2204 1500 dejectura
2261 1446 2376 1488 non
2443 1433 2656 1500 semel,
2708 1434 2804 1490 sed
2843 1436 2900 1491 in
2952 1452 3066 1491 uno
3118 1452 3284 1507 saepe,
3330 1453 3508 1506 eoque

1923 1522 2076 1579 brevi
2103 1529 2373 1592 tempore.
2403 1523 2541 1591 Quis
2562 1535 2812 1580 nostrum
2840 1527 3011 1599 igitur
3033 1529 3306 1584 deteriore
3327 1527 3508 1582 adhuc

1924 1615 2048 1671 loco
2074 1629 2187 1671 non
2216 1615 2344 1680 erit,
2385 1625 2481 1671 aut
2513 1618 2797 1688 quomodo
2848 1620 3069 1676 resistet
3097 1620 3241 1676 alius
3274 1620 3423 1676 ullus
3459 1620 3506 1676 si

1923 1705 2121 1764 Petrus
2151 1708 2496 1774 concutitur,
2526 1717 2583 1764 et
2639 1724 2872 1766 casuum
2933 1712 3192 1784 gravitati
3237 1713 3388 1769 velut
3439 1729 3509 1768 ex

1924 1798 2259 1856 necessitate
2307 1801 2668 1857 succumbit?
2724 1801 2952 1858 Frustra
2987 1803 3156 1876 igitur
3220 1805 3278 1859 in
3319 1821 3387 1861 eo
3421 1821 3510 1859 se-

1925 1890 2147 1963 quendo
2174 1890 2392 1947 labores
2423 1893 2790 1963 pertulimus,
2826 1901 2883 1951 et
2934 1895 2994 1950 in
3049 1909 3221 1951 vanos
3277 1896 3508 1952 sudores

212 1969 375 2039 αὐτῷ
425 1967 838 2039 διηντλήκαμεν
872 1967 1092 2030 πόνους,
1122 1967 1218 2020 καὶ
1238 1969 1318 2030 είς
1345 1965 1551 2038 ζημίαν
1579 1966 1822 2040 ἱδρώτων

1930 1981 2130 2038 abeunt
2153 1981 2329 2038 nostri
2356 1989 2618 2047 conatus,
2651 1984 2906 2054 quamvis
2939 1983 3086 2055 apud
3134 1984 3306 2040 Deum
3339 1987 3509 2040 vitam

211 2061 527 2132 ἐκτελευτᾷ
554 2061 618 2114 τὸ
646 2059 1008 2132 ἐπιχείρημα,
1031 2057 1210 2113 καίτοι
1233 2058 1380 2130 ζωῆς
1401 2060 1500 2130 τῆς
1528 2059 1682 2132 παρά
1703 2057 1821 2130 Θεῷ

209 2154 492 2227 πρόξενον
520 2148 663 2207 εῖναι
688 2151 903 2207 δοκοῦν.
930 2151 1121 2207 Ταῦτά
1145 2169 1228 2206 τοι
1274 2151 1396 2205 καθ’
1427 2153 1655 2217 ἑαυτοὺς
1683 2151 1825 2206 διεν-

210 2245 521 2318 θυμεῖσθαι
547 2246 676 2309 τοὺς
707 2244 961 2316 μαθητὰς
987 2245 1048 2299 rb
1075 2245 1305 2310 ἀπεικὸς
1332 2246 1486 2300 οὐδέν
1505 2262 1519 2276 ’
1547 2245 1736 2316 ἐπειδὴ
1767 2245 1825 2300 δὲ

209 2338 564 2410 κεκλιμένην
588 2339 776 2401 αὐτοῖς
807 2336 906 2408 τὴν
938 2337 1180 2392 διάνοιαν
1200 2335 1541 2408 ἐπανορθοῦν
1579 2334 1686 2389 ἔδει
1716 2335 1823 2390 πά-

209 2433 321 2499 λιν,
345 2433 661 2502 ἀναγκαῖον
691 2429 883 2502 ὥσπερ
915 2433 1029 2494 τοῖς
1069 2428 1322 2483 ἐντεῦθεν
1355 2428 1728 2499 διαλογισμοῖς
1765 2445 1826 2481 τε

213 2526 315 2578 καὶ
353 2523 638 2594 δείμασιν,
681 2523 1014 2591 ἀντεπάγειν
1059 2521 1122 2575 rb
1187 2521 1503 2593 φάρμακον,
1550 2520 1715 2574 ὅπλον
1763 2535 1826 2572 τε

211 2616 504 2670 ποιεῖσθαι
531 2615 631 2686 τὴν
663 2613 970 2686 ἀταραξίαν
1001 2614 1310 2679 ἐπιτάττει,
1335 2612 1546 2682 λέγωνῗ
1577 2629 1595 2662 ι
1615 2609 1709 2682 Μὴ
1730 2628 1826 2664 τα-

215 2709 522 2782 ρασσέσθω
554 2707 710 2780 ὑμῶν
741 2710 776 2779 ἡ
798 2707 1016 2780 καρδία.
1052 2725 1072 2760 ι
1113 2707 1260 2778 Ὅρα
1286 2723 1352 2774 γε
1385 2704 1517 2777 μὴν,
1551 2705 1702 2768 ὅπως
1734 2706 1828 2757 ἐπ-

213 2803 612 2875 εσκιασμένως
665 2803 851 2866 αὐτοῖς
901 2801 1002 2872 τῆς
1039 2799 1308 2872 ἐσομένης
1338 2799 1526 2862 αὐτοῖς
1559 2796 1830 2869 μικροψυ-

215 2897 344 2968 χίας
387 2895 744 2966 ύπισχνεῖται
777 2892 876 2964 τήν
905 2893 1123 2961 ἄφεσιν.
1185 2889 1691 2954 ’Λκατακαλύπτως
1728 2888 1829 2960 μὲν

219 2989 328 3060 γὰρ
368 2985 434 3040 οὔ
469 3001 664 3055 φησιν,
702 2987 786 3038 ὅτι
811 2982 1211 3054 Συγγνώσομαι
1241 2983 1338 3037 καὶ
1365 2980 1753 3053 ήσθενηκόσιν,
1793 2980 1829 3052 ἢ

222 3084 300 3135 ὅτι
329 3079 651 3149 Συνέσομαι
671 3077 836 3131 πάλιν
868 3077 1021 3130 ούδέν
1051 3069 1215 3147 ⁴ἧττον
1239 3072 1642 3147 ἀρνησαμένοις
1670 3071 1703 3142 ἢ
1730 3089 1830 3125 πε-

227 3169 513 3240 φευγόσιν,
539 3168 630 3221 ἵνα
655 3167 732 3237 μὴ
753 3167 846 3221 τὸν
865 3167 931 3219 ἐκ
946 3163 1041 3219 τοῦ
1064 3164 1330 3234 γελᾶσθαι
1348 3167 1366 3188 '
1386 3162 1552 3234 φόϐον
1567 3161 1831 3228 ὁλοτελῶς

221 3263 569 3334 ἀποστήσας,
628 3259 726 3313 καὶ
755 3259 854 3331 τὴν
904 3261 970 3312 ἐκ
1015 3257 1109 3311 τοῦ
1165 3255 1535 3330 προσκρούειν
1569 3254 1830 3308 ὑπόνοιαν

1924 2070 2228 2128 conciliare
2257 2069 2574 2127 videantur.
2607 2075 2736 2128 Hzec
2765 2073 2911 2144 apud
2934 2088 2994 2130 se
3021 2073 3329 2144 discipulos
3359 2075 3512 2146 cogi-

1924 2170 2045 2219 tare
2075 2177 2189 2218 non
2219 2163 2320 2220 abs
2343 2180 2405 2221 re
2439 2165 2674 2222 dixerim
2705 2185 2719 2221 :
2766 2166 2865 2222 sed
2915 2181 3042 2221 cum
3090 2166 3371 2224 labantem
3399 2167 3513 2222 aui-

1923 2271 2074 2311 mum
2110 2271 2307 2314 rursus
2338 2257 2554 2330 erigere
2593 2267 2743 2314 esset
2773 2259 2855 2315 eis
2887 2273 3068 2330 operae
3101 2260 3362 2330 pretium,
3411 2274 3512 2314 ne-

1925 2348 2228 2404 cessarium
2257 2349 2671 2421 quodammodo
2699 2351 2788 2408 his
2830 2350 3264 2422 cogitationibus
3297 2366 3362 2406 ac
3395 2358 3510 2407 ter-

1923 2439 2148 2496 roribus
2179 2439 2341 2496 oﬂert
2368 2443 2701 2509 remedium,
2725 2458 2937 2515 eosque
2987 2443 3290 2500 securitate
3341 2442 3515 2498 animi

1926 2530 2132 2585 armari
2161 2530 2318 2602 jubet
2339 2531 2563 2589 dicens:
2593 2551 2614 2586 ι
2644 2531 2764 2589 Non
2791 2533 3047 2589 turbetur
3069 2548 3166 2589 cor
3187 2541 3456 2588 vestrum.
3489 2551 3507 2584 ι

1925 2621 2065 2677 Vide
2096 2637 2266 2692 porro
2305 2631 2366 2677 ut
2392 2624 2477 2679 eis
2503 2624 2830 2681 adumbrate
2859 2624 3201 2680 infirmitatis
3230 2624 3514 2680 remissio-

1925 2729 2052 2770 nem
2083 2715 2434 2786 polliceatur.
2477 2715 2589 2771 Nec
2617 2717 2762 2772 enim
2815 2724 3004 2787 aperte
3067 2717 3144 2770 ait
3185 2731 3246 2772 se
3292 2716 3512 2770 veniam

1928 2803 2190 2860 daturum
2237 2806 2404 2860 etiam
2457 2804 2732 2870 inﬁrmis,
2782 2812 2878 2858 aut
2915 2803 3102 2860 denuo
3167 2810 3512 2860 versaturum

1929 2909 2056 2950 cum
2092 2895 2164 2952 iis
2195 2911 2227 2950 a
2255 2895 2463 2966 quibus
2495 2905 2730 2967 negatus
2759 2895 2948 2960 fuerit,
2976 2904 3070 2950 aut
3097 2895 3196 2966 qui
3244 2893 3510 2966 fugerint,

1928 3002 2000 3044 ne
2030 2995 2179 3044 metu
2216 2988 2472 3060 supplicii
2495 2989 2510 3010 ¹
2543 2987 2788 3055 sublato,
2812 2996 2868 3044 et
2891 2985 3216 3044 offensionis
3246 2985 3511 3057 opinione

1929 3095 2164 3152 prorsus
2201 3079 2495 3136 amandata
2519 3080 2782 3151 perfacile
2802 3081 2887 3137 eis
2917 3086 3206 3152 peccatum
3229 3078 3511 3142 redderet,

1932 3179 1988 3227 et
2015 3170 2324 3242 negationis
2363 3170 2584 3242 culpam
2611 3184 2713 3242 pro
2743 3170 2918 3226 nihilo
2953 3170 3235 3226 aestimare
3273 3169 3512 3225 doceret.

1936 3261 2076 3316 Cum
2125 3268 2309 3318 autem
2373 3260 2596 3318 dicebat
2645 3261 2861 3317 turbari
2893 3276 3004 3318 non
3049 3267 3326 3332 oportere,
3371 3260 3517 3315 inter

215 3351 489 3417 ὁλατελῶς
546 3347 769 3421 ἀφελὼν
794 3389 810 3412 ,
878 3347 1020 3404 λεῖον
1069 3348 1257 3411 αὐτοῖς
1318 3345 1712 3418 ἀπεργάσηται
1766 3343 1825 3398 rb

1934 3351 2096 3424 761
2139 3366 2292 3422 spem
2329 3366 2395 3406 ac
2419 3358 2627 3408 metum
2661 3365 2760 3409 eos
2792 3351 3052 3423 ponebat,
3085 3360 3148 3407 ut
3175 3349 3412 3405 inﬁrmis
3450 3349 3519 3404 iis

217 3445 621 3517 πλημμέλημα
645 3485 660 3509 ,
700 3443 798 3496 καὶ
827 3440 961 3512 παρ’
1000 3441 1153 3495 οὐδὲν
1182 3439 1460 3494 ποιεῖσθαι
1504 3437 1692 3510 διδάξῃ
1726 3437 1827 3510 τὴν

216 3540 286 3592 ἐκ
305 3539 405 3608 τῆς
423 3537 717 3608 ἀρνήσεως
749 3533 981 3606 μέμψιν.
1005 3533 1080 3588 Τὸ
1112 3533 1171 3588 δέ
1202 3531 1266 3602 δὴ
1289 3530 1365 3603 μή
1389 3531 1591 3602 χρῆναι
1623 3529 1830 3602 ταράτ-

213 3630 414 3686 τεσθαι
444 3630 652 3698 λέγων,
687 3627 886 3700 μέσους
906 3627 1105 3691 αὐτοὺς
1136 3624 1354 3689 ἐλπίδος
1378 3623 1548 3678 ἐτίθει
1601 3624 1698 3678 καὶ⁸
1719 3622 1829 3678 δεί-

219 3740 418 3796 ματος,
454 3723 526 3777 ἵν’
567 3719 906 3792 ἠσθενηκόσι
960 3719 1060 3789 μὲν
1104 3717 1198 3772 καὶ
1240 3715 1509 3772 παθοῦσιν
1553 3715 1737 3780 αὐτοῖς
1769 3715 1832 3770 τὸ

214 3813 581 3886 ἀνθρώπινον
612 3814 648 3884 ή
679 3814 780 3884 τῆς
811 3809 1154 3882 ἡμερότητος
1200 3807 1356 3872 ἐλπὶς
1403 3806 1543 3879 πρὸς
1601 3805 1666 3862 rb
1697 3807 1831 3862 ἀνα-

219 3907 432 3978 σφῆλαι
450 3905 749 3975 συμμαχῇ,
766 3901 1016 3970 ὀλιγάκις
1030 3900 1086 3954 δὲ
1100 3898 1314 3953 πταίειν
1324 3896 1456 3953 ότοῦ
1471 3895 1834 3971 προσκρούειν

217 4000 425 4063 αὐτοὺς
455 3995 740 4067 ἐπιτρέπῃ
775 3993 962 4064 φόϐος,
985 3991 1218 4064 ἐπείπερ
1250 3990 1438 4054 αὐτοῖς
1465 3987 1630 4042 οὔπω
1659 3987 1833 4060 μετῆν

218 4096 282 4148 τὸ
306 4094 385 4166 μὴ
413 4090 688 4146 δύνασθαι
706 4086 1018 4142 διαπίπτειν
1048 4084 1207 4150 ὅλως,
1235 4082 1389 4137 οὔπω
1415 4083 1836 4153 κατημφιεσμέ-

224 4204 338 4249 νοις
369 4186 479 4255 τὴν
523 4180 737 4238 ἄνωθεν
787 4179 890 4234 καὶ
929 4178 1030 4250 τὴν
1081 4177 1141 4242 ἐξ
1173 4175 1344 4247 ὕψους
1392 4174 1646 4244 δύναμιν,
1684 4172 1833 4228 τοῦτ’

223 4278 364 4343 ἔστι,
395 4277 503 4348 τὴν
536 4274 631 4329 διά
662 4272 757 4328 τοῦ
793 4271 1115 4343 Πνεύματος
1135 4271 1319 4342 χάριν.
1372 4267 1683 4322 Ἐπιτάττει
1719 4285 1834 4321 τοι-

224 4368 437 4442 γαροῦν
472 4367 553 4438 μὴ
582 4362 976 4437 ταράττεσθαι,
1019 4361 1155 4433 ὁμοῦ
1185 4361 1286 4431 μὲν
1317 4359 1607 4422 διδάσκων,
1643 4359 1838 4431 ὅτιπερ

223 4463 510 4535 προσήκοι
565 4458 633 4530 δὴ
669 4457 891 4520 πάντως
947 4455 1207 4526 ἀμείνους
1249 4446 1392 4506 εἶναι
1425 4450 1627 4515 δειλίας
1654 4492 1670 4518 ,
1708 4451 1840 4515 τοὺς

224 4551 611 4624 ἀγωνίζεσθαι
647 4549 955 4620 μέλλοντας,
994 4546 1242 4609 καὶτοὺς
1269 4544 1410 4616 ὑπὲρ
1444 4544 1543 4615 τῆς
1568 4544 1648 4607 είς
1668 4543 1839 4615 ἀκρον

225 4645 492 4708 εὐκλείας
512 4640 870 4712 είσϐήσεσθαι
889 4639 1106 4702 πόνους.
1133 4637 1296 4706 Μέγα
1318 4636 1428 4707 γὰρ
1446 4637 1528 4700 εἰς
1548 4635 1838 4706 εὐτολμίαν

1933 3454 1990 3502 et
2016 3443 2246 3500 humani
2305 3443 2565 3515 quiddam
2598 3443 2939 3514 patientibus
2969 3441 3238 3498 bonitatis
3286 3455 3414 3513 spes
3451 3440 3530 3494 ad

1931 3535 2318 3605 respirandum
2369 3534 2759 3607 opitularetur,
2811 3541 2869 3590 et
2921 3549 3050 3590 raro
3090 3533 3292 3590 cadere
3347 3530 3522 3588 offen-

1933 3626 2100 3682 dendi
2131 3637 2310 3683 metus
2335 3641 2434 3684 eos
2479 3627 2825 3693 admoneret,
2871 3624 3319 3698 quandoquidem
3351 3638 3523 3696 penes

1933 3734 2032 3776 eos
2081 3719 2330 3776 nondum
2383 3726 2507 3776 erat
2553 3725 2616 3774 ut
2677 3719 2878 3775 cadere
2937 3733 3050 3774 non
3078 3723 3337 3788 possent,
3394 3729 3535 3770 cum.

1936 3810 2181 3868 nondum
2206 3812 2414 3868 virtute
2440 3825 2687 3883 superna
2715 3817 2772 3866 et
2794 3825 2864 3867 ex
2894 3811 3007 3865 alto
3036 3807 3215 3864 induti
3247 3805 3520 3871 essent“,

1937 3905 2044 3962 hoc
2081 3913 2167 3962 est
2191 3904 2435 3975 Spiritus
2463 3904 2664 3974 gratia.
2697 3901 2864 3959 Iubet
2895 3903 3083 3972 itaque
3113 3907 3176 3956 ut
3231 3915 3345 3955 non
3402 3905 3521 3952 tur-

1935 3997 2158 4062 bentur,
2197 4010 2309 4051 non
2358 3995 2527 4052 modo
2560 3993 2784 4066 quidem
2837 3991 3043 4048 docens
3092 3997 3246 4046 metu
3295 3987 3524 4044 omnino

1938 4088 2251 4160 superiores
2283 4102 2409 4144 esse
2439 4086 2641 4143 debere
2670 4085 2764 4157 qui
2797 4083 3066 4141 certaturi
3097 4093 3251 4147 sunt,
3313 4089 3383 4137 ει-
3422 4079 3522 4153 qui

1938 4195 2041 4252 pro
2092 4193 2308 4236 summa
2341 4179 2515 4251 gloria
2569 4177 2796 4234 labores
2835 4185 2967 4234 sunt
3023 4174 3236 4231 inituri.
3268 4172 3524 4245 Magnum

1939 4272 2124 4343 itaque
2175 4271 2243 4327 ad
2296 4270 2469 4326 animi
2523 4269 2789 4325 virtutem
2837 4265 3149 4324 subsidium
3213 4271 3319 4321 est-
3367 4277 3568 4331 mens,

1940 4365 2350 4437 imperterrita:
2388 4379 2582 4422 verum
2622 4363 2792 4419 etiam
2838 4361 3139 4419 obscurius
3196 4372 3300 4414 nec
3327 4355 3524 4412 admoy

1942 4460 2073 4516 dum
2104 4467 2313 4530 aperte,
2340 4456 2690 4514 remissionis
2732 4465 2914 4511 tamen
2952 4467 3107 4524 spem
3143 4451 3524 4512 subinserens,

1941 4547 2076 4602 licet
2117 4562 2186 4602 ex
2238 4546 2562 4602 inﬁrmitate
2613 4545 2856 4601 humana
2900 4544 2957 4598 in
3012 4541 3364 4597 timiditatem
3413 4539 3526 4593 labi

1945 4634 2261 4706 contigerit.
2297 4635 2533 4691 Animus
2596 4635 2744 4690 enim
2799 4645 3037 4703 superna
3072 4630 3252 4701 gratia
3277 4628 3542 4684 nondum

228 4739 453 4808 ἐφόδιον
483 4738 513 4790 ὀ
541 4734 822 4806 ἀτάραχος
846 4731 971 4795 νοῦς
1000 4747 1014 4760 ο
1041 4729 1180 4801 ὁμοῦ
1208 4729 1267 4782 δὲ
1306 4722 1373 4782 αὖ
1406 4726 1568 4781 πάλιν
1594 4726 1825 4799 ἀμυδρό-

1947 4727 2222 4794 ﬁrmatus,
2255 4725 2484 4781 timidus
2517 4732 2625 4794 est,
2655 4739 2722 4780 ac
2749 4724 2914 4779 facile
2945 4723 3194 4787 concuti,
3229 4721 3531 4790 statimque

227 4846 418 4902 τερον,
457 4827 560 4880 καὶ
593 4826 654 4878 ού
683 4823 894 4894 σφόδρα
922 4819 1203 4890 διαφανῶς
1225 4859 1240 4886 ,
1282 4816 1634 4888 ὑποσπείρων
1662 4817 1707 4871 δ’
1745 4811 1825 4872 οῦι

1950 4818 2166 4874 turbari
2233 4818 2393 4875 solet.
2429 4816 2781 4888 Proindeque
2818 4815 3029 4871 Paulus
3083 4812 3532 4885 sapientissimus

229 4923 382 4993 ὅμως
443 4918 549 4988 τῆς
591 4915 846 4986 ἀφέσεως
878 4913 978 4984 τὴν
1011 4911 1224 4979 ἐλπίδα,
1252 4909 1347 4964 καὶ
1393 4911 1444 4963 εί
1480 4909 1690 4978 γένοιτό
1722 4927 1825 4974 πως

1952 4911 2095 4969 bene
2119 4926 2354 4982 precans
2383 4910 2671 4967 nonnullis
2694 4909 2932 4967 scribit:
2984 4927 3010 4961 ι-
3044 4907 3113 4963 Et
3144 4921 3251 4978 pax
3297 4903 3531 4968 Christi,

232 5017 426 5078 αὐτοῖς
471 5012 537 5066 rb
580 5010 642 5076 ἐξ
680 5007 1037 5081 ἀνθρωπίνης
1088 5002 1460 5077 μικροψυχίας
1499 5001 1825 5057 κατολισθεῖι

1941 5018 2065 5075 qua:
2117 5012 2417 5076 exsuperat
2465 5018 2687 5059 omnem
2737 5018 2990 5068 sensum,
3047 5000 3330 5058 custodiat
3361 4998 3534 5054 corda

233 5111 320 5171 είς
353 5105 594 5160 δειλίαν.
627 5101 777 5166 Νοῦς
820 5101 932 5172 γὰρ
979 5097 1137 5152 οὔπω
1184 5097 1254 5168 τῇ
1291 5094 1504 5151 ἀνωθεν
1555 5093 1825 5166 ἱδρυμένος

1941 5101 2130 5151 vestra
2151 5095 2224 5152 ".
2274 5114 2294 5149 ι
2343 5094 2403 5151 ld
2430 5095 2580 5154 enim
2624 5103 2730 5163 est,
2779 5102 2846 5148 ιιι·
2872 5108 2983 5150 non
3014 5091 3276 5150 turbetur
3315 5104 3415 5146 cor
3440 5102 3549 5144 ver

233 5202 450 5271 χάριτι,
493 5195 670 5257 δειλός
698 5211 762 5248 τε
813 5194 909 5248 καὶ
930 5189 1359 5261 εύανάτρεπτος,
1400 5185 1495 5240 καὶ
1524 5185 1606 5249 είς
1626 5185 1690 5240 rb
1717 5185 1844 5239 κλο-
1947 5195 2148 5245 suum.

233 5268 451 5344 νεῖσθαι
481 5284 676 5356 ταχύς.
700 5282 800 5339 Διά
820 5299 904 5336 τοι
931 5278 1127 5344 τοῦτο,
1161 5275 1258 5331 καὶ
1291 5277 1321 5329 ὁ
1384 5273 1702 5346 σοφώτατος
1760 5273 1975 5341 Παῦλος
2036 5280 2406 5353 ἐπευχόμενός
2447 5297 2593 5337 τισιν
2641 5277 2950 5334 ἐπιστέλλει
2973 5295 2987 5312 ο
3049 5297 3070 5332 ι
3103 5277 3216 5334 Καὶ
3262 5275 3297 5345 ή
3342 5268 3555 5343 είρήνηι

234 5380 332 5436 τοῦ
365 5377 620 5451 Χριστοῦ
645 5417 662 5440 ,
701 5377 736 5446 ή
770 5372 1119 5446 ὑπερέχουσα
1155 5371 1338 5426 πάντα
1365 5367 1491 5424 νοῦν
1539 5369 1848 5443 φρουρήσει
1876 5369 1984 5436 τὰς
2003 5373 2233 5444 καρδίας
2254 5371 2432 5445 ὑμῶν.
2469 5392 2488 5425 ι
2525 5371 2699 5430 Τοῦτο
2723 5376 2833 5448 γάρ
2853 5375 2972 5427 ἐστι
3003 5369 3064 5425 rb
3123 5367 3200 5441 μὴ
3265 5363 3534 5436 ταράττιέ

241 5476 367 5530 σθαι
397 5474 507 5545 τὴν
535 5469 791 5541 καρδίαν.

312 5565 645 5622 Πιστεύετε
684 5563 774 5627 είς
799 5559 909 5613 τὸν
939 5555 1108 5622 Θεὸν,
1131 5553 1231 5610 καί
1259 5553 1349 5618 είς
1376 5551 1480 5623 ἐμὲ
1503 5558 1821 5613 πιστεύετε

2025 5551 2145 5608 XIV
2165 5592 2184 5620 ,
2227 5554 2282 5610 I.
2316 5551 2526 5608 Credite
2551 5552 2606 5608 in
2631 5549 2797 5606 Deum
2815 5592 2831 5619 ,
2860 5551 2986 5606 etin
3015 5563 3096 5602 me
3120 5545 3328 5600 credite.

321 5657 598 5726 Ὁπλίτην
619 5653 920 5726 ἐργάζεται
957 5649 1052 5704 τὸν
1077 5647 1204 5718 ἄρτι
1233 5641 1429 5709 δειλὸν,
1455 5646 1550 5700 καὶ
1573 5647 1663 5702 διά
1699 5667 1825 5722 πρα.

2025 5646 2129 5714 Qui
2155 5646 2322 5703 modo
2349 5646 2577 5702 timidus
2600 5655 2720 5702 erat
2746 5656 2897 5698 nunc
2923 5640 3184 5695 audacem
3218 5635 3545 5693 bellatorem

252 5751 475 5824 γμάτων
500 5750 568 5802 ἐκ
591 5745 764 5817 φόϐου
787 5742 1122 5817 τραυμάτων
1153 5733 1428 5791 ποιεῖσθαι
1457 5737 1670 5795 κελεύει
1693 5741 1754 5796 rb
1786 5745 1825 5797 ἐκ

1956 5737 2127 5804 facit,
2181 5746 2237 5795 et
2281 5753 2379 5810 per
2417 5749 2615 5808 opera,
2662 5748 2730 5790 ex
2775 5731 2999 5787 timoris
3047 5727 3371 5785 vulneribus
3419 5742 3542 5784 ere-

328 5931 369 5962 “
399 5929 537 5984 Luc.
582 5939 712 5978 XXIV
770 5920 860 5976 49.
941 5921 984 5952 "
1025 5919 1262 5993 Philipp.
1301 5939 1374 5993 tv,
1423 5925 1473 5978 7.
