4006 6418
503 440 602 495 179

1546 443 1602 498 S.
1642 441 1918 499 CYRILLI
1950 442 2427 503 ALEXANDRINI
2460 448 2781 507 ARCHIEP.

3666 461 3758 515 180

504 566 653 613 ctum
682 565 737 615 et
769 558 966 615 fortem
996 559 1243 616 animum
1267 560 1322 615 in
1348 559 1453 616 ﬁde
1482 560 1596 615 ﬁeri
1624 559 1801 629 jubet.
1826 557 1918 615 Sic
1940 559 2088 615 enim

2216 562 2376 617 τίστει
2415 567 2635 638 γοργόν.
2684 567 2982 639 Σωζόμεθα
3027 569 3138 642 γὰρ
3163 569 3358 635 οὑτως,
3403 571 3496 625 καὶ
3545 573 3641 644 οὑχ
3667 575 3775 628 ὲτὲ-

507 653 815 720 salvamur,
850 667 916 708 ac
952 669 1061 710 non
1099 654 1280 720 aliter,
1304 653 1465 725 juxta
1497 653 1632 708 illud
1667 653 1816 724 quod
1849 654 1906 708 in
1937 651 2094 708 Psal-

511 750 614 804 mis
644 748 864 805 canitur
909 763 924 802 :
979 767 999 800 ι
1039 746 1310 803 Dominus
1360 745 1695 803 illuminatio
1724 759 1848 801 mea
1881 753 1939 802 et
1971 742 2094 800 Sal-

509 849 671 895 vator
709 855 868 897 meus
913 858 927 895 :
977 854 1142 912 quem
1199 839 1452 896 timebo?
1494 837 1767 895 Dominus
1811 842 2097 908 protector

506 933 634 988 vitae
659 948 814 997 meae,
849 947 880 987 a
912 947 1024 1004 quo
1051 931 1338 1002 trepidabo
1366 929 1450 987 “‘2
1487 931 1916 1003 Cunctipotente
1944 931 2096 987 enim

507 1025 617 1081 Deo
644 1040 744 1097 pro
769 1024 930 1080 nobis
954 1031 1235 1094 pugnante
1260 1031 1428 1095 atque
1451 1037 1553 1079 nos
1572 1031 1931 1094 protegente,
1964 1023 2093 1094 quis

506 1118 666 1173 nobis
708 1103 907 1172 nocere
947 1114 1173 1188 possit?
1209 1113 1348 1183 Quis
1377 1122 1590 1171 tantum
1617 1115 1837 1172 roboris
1863 1115 2098 1173 habitu-

509 1223 604 1263 rus
626 1215 711 1265 est
733 1223 976 1278 unquam
1003 1247 1020 1275 ,
1061 1214 1124 1263 ut
1165 1207 1378 1264 electos
1423 1207 1535 1264 sibi
1566 1207 1829 1279 subjiciat
1855 1248 1870 1274 ,
1899 1216 1955 1264 et
1983 1223 2102 1265 sua

508 1299 888 1366 perversitatis
943 1297 1217 1355 obnoxios
1266 1296 1489 1354 faciat?
1534 1296 1648 1354 Aut
1689 1298 1818 1370 quis
1847 1299 2101 1370 captivos

509 1391 677 1446 faciat
710 1405 806 1449 eos
848 1391 944 1462 qui
979 1390 1168 1448 divina
1200 1389 1450 1461 undique
1485 1390 1689 1446 muniti
1734 1398 1867 1448 sunt
1913 1405 2100 1446 arma-

511 1482 674 1537 tura?
721 1479 884 1539 Fides
921 1482 1109 1554 itaque
1153 1489 1437 1537 armatura
1479 1488 1570 1538 cst
1602 1481 1842 1539 infracta
1871 1491 1927 1540 et
1951 1482 2102 1550 lata,

510 1590 634 1646 quae
678 1575 952 1647 ignaviam
1001 1589 1069 1630 ac
1119 1581 1394 1631 terrorem
1435 1575 1686 1641 avertit,
1733 1584 1789 1633 et
1840 1579 2106 1649 nequitiae

511 1667 622 1724 tela
643 1666 800 1721 irrita
829 1674 883 1722 et
913 1665 1136 1722 inutilia
1165 1680 1400 1737 prorsus
1425 1665 1610 1724 eﬁicit.
1639 1666 1780 1722 Cum
1815 1682 1948 1740 ergo
1978 1667 2104 1724 ﬁdei

512 1761 658 1815 ratio
682 1760 758 1814 ita
792 1774 853 1815 se
884 1758 1088 1815 habeat
1109 1797 1126 1824 ,
1157 1757 1564 1814 observandum
1587 1766 1676 1814 est
1696 1773 1897 1816 rursus
1913 1759 2104 1831 iussos

2199 671 2333 726 ρως,
2367 657 2488 710 κατ’
2519 658 2696 711 έκεῖνο
2717 657 2780 729 δή
2829 675 2931 712 που
2959 657 3020 711 τὸ
3051 659 3108 710 ὲν
3155 657 3408 729 Ψαλμοῖς
3443 658 3775 730 μελῳδούμε-

2196 763 2316 804 νον⁶
2361 766 2382 800 ι
2422 747 2629 821 Κύριος
2683 747 2965 820 φωτισμός
2996 764 3100 820 μου
3151 749 3246 802 καὶ
3291 749 3477 820 σωτήρ
3509 765 3631 819 μου,
3663 749 3776 802 τίνα

2198 840 2615 913 φοϐηθήσομαι;
2656 839 2864 912 Κύριος
2907 839 3325 912 ὑπερασπιστὴς
3353 839 3453 910 τῆς
3480 838 3626 911 ζωῆς
3657 859 3775 912 μου,

2198 933 2308 989 ἀπὸ
2333 932 2478 998 τίνος
2495 932 2783 998 δειλιάσω;
2809 951 2827 984 ι
2847 930 3338 1003 ’Υπερμαχομένου
3361 929 3492 1003 γὰρ,
3509 931 3604 984 καὶ
3628 932 3780 1002 ὑπερ-

2198 1023 2528 1090 ασπίζοντος
2567 1023 2728 1096 ἡμῶν
2767 1022 2862 1076 τοῦ
2894 1022 3072 1077 πάντα
3117 1021 3394 1093 ἰσχύοντος
3425 1020 3584 1087 Θεοῦ,
3606 1023 3685 1085 τίς
3719 1022 3780 1078 ἂν

2198 1117 2349 1188 ἡμᾶς
2372 1113 2590 1171 δύναιτο
2617 1111 2860 1180 κακοῦν;
2904 1111 3002 1177 Τίς
3033 1112 3090 1166 δὲ
3127 1111 3312 1184 ίσχύος
3352 1114 3433 1177 είς
3468 1111 3625 1167 τοῦτο
3659 1113 3782 1185 δρα-

2205 1209 2388 1279 μεῖται
2430 1205 2617 1278 τυχὸν,
2682 1207 2757 1272 ὡς
2813 1205 2919 1262 ὑπὸ
2964 1207 3124 1277 χεῖρα
3179 1205 3404 1277 ποιῆσαι
3465 1207 3593 1271 τοὺς
3637 1207 3784 1263 ἐκλε-

2203 1300 2390 1364 κτοὺς,
2413 1299 2510 1353 καὶ
2537 1301 2650 1364 τοῖς
2673 1297 2776 1368 τῆς
2796 1297 2992 1353 ἑαυτοῦ
3009 1297 3340 1369 δυστροπίας
3367 1297 3648 1352 ὑποθεῖναι
3689 1317 3783 1353 κα-

2204 1394 2359 1460 κοῖς;
2405 1392 2477 1446 Ἥ
2512 1392 2598 1456 τίς
2629 1391 2697 1446 ἂν
2730 1391 2925 1458 ἕλοιτο,
2961 1393 3057 1446 καὶ
3092 1391 3461 1464 δορυκτήτους
3504 1393 3786 1464 ποιήσαιτο

2203 1487 2333 1549 τοὺς
2374 1485 2475 1556 τὴν
2509 1482 2662 1538 θείαν
2709 1484 2932 1556 ἔχοντας
2983 1484 3345 1556 παντευχίαν;
3387 1485 3589 1540 Ὀπλον
3627 1481 3717 1539 οὖν
3753 1487 3784 1558 ἡ

2208 1575 2415 1640 πίστις,
2446 1574 2692 1648 ἀρῤαγές
2716 1591 2776 1629 τε
2797 1574 2895 1628 καὶ
2923 1574 3122 1638 πλατὺ,
3148 1574 3242 1626 καὶ
3269 1573 3370 1644 τὴν
3400 1575 3465 1628 ὲκ
3482 1573 3578 1627 τοῦ
3603 1573 3785 1628 παθεῖν

2205 1669 2412 1724 οἴεσθαί
2468 1686 2520 1723 τι
2569 1669 2731 1737 τυχὸν
2782 1667 3094 1738 ἀποτρέπον
3138 1665 3362 1733 δειλίαν,
3423 1665 3684 1737 ἄπρακτα
3730 1684 3787 1721 τε

2209 1759 2493 1824 παντελῶς
2529 1761 2624 1814 καὶ
2657 1759 2892 1831 ἀνόνητα
2912 1757 3192 1822 παντελῶς
3213 1761 3326 1822 τοῖς
3353 1758 3697 1830 πειράζουσι,
3724 1757 3789 1811 τὰ

514 1865 641 1907 esse
669 1849 978 1921 discipulos
1009 1865 1120 1905 non
1156 1850 1214 1905 in
1254 1848 1426 1906 Deum
1454 1858 1668 1906 tantum
1708 1853 1937 1909 credere
1958 1893 1974 1920 ,
2007 1853 2103 1910 sed

2216 1853 2308 1924 τῆς
2336 1851 2606 1924 πονηρίας
2633 1851 2813 1906 αὐτῶν
2840 1849 3136 1906 ἀποτελοῦν
3165 1849 3319 1920 βέλη.
3354 1849 3614 1920 Ἐχοντος
3636 1848 3691 1902 δὲ
3715 1847 3790 1901 οῦ-

516 1955 573 2000 et
603 1945 657 1998 in
688 1943 869 2013 ipsum
897 1941 1182 1998 Christum
1207 1982 1224 2010 ,
1265 1959 1376 1998 non
1410 1944 1556 2014 quod
1595 1945 1714 2016 ipse
1747 1945 1898 2002 aliud
1935 1949 2101 2019 quid-

518 2037 644 2090 dam
697 2036 779 2092 sic
819 2049 884 2092 ac
922 2034 1205 2092 diversum
1246 2051 1276 2090 a
1310 2035 1422 2092 Deo
1460 2039 1769 2094 secundum
1802 2048 2057 2098 naturam
2083 2083 2100 2106 ,

519 2127 804 2184 identitate
836 2127 1102 2184 nimirum
1136 2128 1463 2186 substantiae
1489 2148 1505 2198 ;
1538 2130 1635 2187 sed
1666 2133 1820 2203 quia,
1849 2134 1936 2192 his
1963 2135 2103 2191 dun-

519 2228 672 2275 taxat
699 2219 924 2278 credere
955 2220 1013 2276 in
1039 2219 1234 2285 Deum,
1271 2221 1395 2278 ﬁdei
1421 2223 1755 2294 completam
1777 2241 1904 2283 esse
1929 2229 2102 2283 ratio-

521 2330 647 2371 nem
706 2314 1032 2372 existimare
1061 2356 1078 2382 ,
1125 2313 1372 2371 Judaicae
1417 2315 1829 2386 quodammodo
1869 2319 2107 2376 levitatis

525 2408 806 2479 proprium
840 2407 1000 2480 762
1033 2417 1149 2475 est,
1179 2407 1284 2464 ﬁde
1311 2423 1444 2465 vero
1469 2409 1523 2464 in
1549 2407 1722 2465 Deum
1749 2408 1873 2466 Filii
1905 2426 2104 2468 nomen

525 2498 850 2564 includere,
909 2496 1319 2570 praedicationis
1378 2499 1716 2570 evangelicae
1771 2511 2107 2572 praeceptum

523 2605 649 2648 esse
677 2590 915 2646 videtur.
942 2590 1229 2661 Quotquot
1256 2589 1404 2646 enim
1430 2597 1584 2646 recte
1615 2590 1902 2656 sentiunt,
1936 2592 2108 2649 Deum

523 2698 590 2739 ac
617 2681 836 2739 Patrem
877 2683 1104 2739 credere
1140 2690 1396 2755 oportet,
1446 2698 1627 2755 neque
1676 2685 2004 2757 simpliciter
2054 2687 2110 2742 in

523 2773 725 2830 Filium
750 2815 766 2841 ,
801 2774 898 2832 sed
941 2781 998 2831 et
1047 2774 1205 2831 illum
1243 2776 1594 2832 incarnatum
1620 2816 1636 2843 ,
1681 2784 1737 2833 et
1766 2778 1822 2833 in
1856 2787 2112 2836 sanctum

526 2867 818 2940 Spiritum.
865 2865 1068 2924 Sancta
1116 2867 1265 2923 enim
1311 2875 1367 2922 et
1408 2867 1903 2926 consubstantialis
1925 2867 2118 2926 Trini-

524 2967 614 3014 tas
639 3000 655 3026 ,
691 2964 746 3015 et
773 2958 1063 3016 nominum
1091 2955 1457 3023 differentiis,
1501 2966 1556 3012 et
1583 2972 1946 3028 personarum
1979 2974 2117 3031 qua-

526 3050 782 3105 litatibus
835 3063 900 3104 ac
961 3047 1400 3119 proprietatibus
1456 3046 1824 3121 distinguitur
1869 3065 1883 3103 :
1953 3049 2118 3106 Pater

527 3139 675 3193 enim
714 3147 800 3195 est
843 3137 1044 3202 Pater,
1089 3151 1157 3192 ac
1209 3149 1322 3190 non
1363 3132 1542 3191 Filius
1568 3174 1585 3201 ,
1629 3146 1685 3192 et
1716 3135 1890 3194 Filius
1919 3153 2118 3194 rursus

528 3239 626 3286 est
642 3228 844 3294 Filius,
878 3242 946 3283 ac
975 3242 1090 3282 non
1138 3224 1338 3291 Pater,
1373 3231 1432 3280 et
1462 3225 1706 3296 Spiritus
1754 3235 1840 3283 est
1875 3227 2116 3298 Spiritus
2144 3231 2188 3290 C

529 3328 760 3375 sanctus
800 3317 1108 3374 divinitatis
1155 3318 1458 3389 proprius:
1499 3329 1555 3374 et
1593 3320 1652 3375 in
1691 3320 1942 3376 eamdem
1982 3322 2115 3379 sub-

531 3409 752 3468 stantiae
796 3408 1075 3465 rationem
1113 3409 1408 3474 coalescit.
1455 3425 1568 3465 non
1621 3418 1736 3467 tres
1777 3411 1974 3478 nobis,
2020 3411 2118 3468 sed

531 3513 704 3556 unum
753 3496 930 3554 Deum
987 3498 1328 3569 exprimens.
1387 3498 1663 3558 Distincte
1715 3502 1907 3572 itaque
1956 3503 2118 3561 nobis

531 3588 805 3645 edendam
843 3603 968 3646 esse
997 3588 1157 3646 ﬁdem
1191 3591 1301 3659 aio,
1338 3607 1451 3648 non
1481 3593 1812 3664 simpliciter
1840 3593 2076 3650 dicendo
2101 3613 2114 3650 :

531 3678 823 3738 Credimus
853 3680 911 3736 in
943 3679 1140 3751 Deum,
1175 3683 1272 3739 sed
1300 3685 1705 3742 confessionem
1734 3686 2117 3756 extendendo,

533 3779 589 3827 et
635 3772 836 3841 cuique
887 3787 1135 3843 persona:
1171 3776 1423 3832 eamdem
1467 3775 1656 3848 gloriae
1697 3778 1966 3834 rationem
2018 3781 2122 3836 tri-

533 3862 778 3920 buendo.
804 3861 1118 3922 Diﬁ'erentia
1145 3867 1352 3938 quippe
1385 3868 1508 3925 ﬁdei
1535 3869 1689 3924 nulla
1713 3879 1801 3926 est
1825 3870 1884 3926 in
1915 3873 2078 3928 nobis
2102 3891 2116 3926 :

537 3969 636 4010 nec
663 3956 814 4010 enim
840 3957 1020 4028 major
1041 3965 1128 4016 est
1163 3960 1220 4014 in
1251 3960 1416 4017 nobis
1449 3959 1583 4018 ﬁdes
1616 3976 1740 4032 quae
1769 3962 1826 4018 in
1864 3962 2082 4020 Patrem
2103 4004 2120 4031 ,

537 4049 721 4102 minor
755 4056 936 4105 autem
963 4065 1087 4121 quae
1118 4051 1174 4107 in
1198 4051 1422 4120 Filium,
1453 4061 1510 4108 et
1534 4064 1785 4111 sanctum
1815 4054 2118 4128 Spiritum:

538 4137 636 4192 sed
705 4152 816 4194 una
880 4139 1186 4212 eademque
1228 4142 1600 4201 confessionis
1635 4147 1781 4202 ratio
1817 4162 1884 4203 ac
1922 4149 2124 4205 modus

541 4243 634 4299 per
664 4227 773 4284 tria
805 4229 922 4286 haec
960 4232 1184 4288 nomina
1225 4233 1515 4304 aequaliter
1541 4236 1860 4292 extenditur
1881 4278 1900 4305 ,
1951 4247 2010 4294 ut
2055 4239 2124 4295 ad

539 4321 809 4376 unitatem
843 4330 1056 4378 naturae
1087 4324 1252 4379 etiam
1284 4339 1382 4396 per
1408 4325 1524 4382 hac
1554 4327 1674 4398 ipsa
1700 4329 2020 4387 coalescere
2045 4331 2126 4386 vi-

540 4411 740 4468 deatur
772 4424 963 4469 sancta
1011 4413 1293 4480 Trinitas,
1327 4425 1384 4473 et
1408 4417 1688 4488 inculpata
1713 4435 1946 4491 prorsus
1973 4422 2126 4478 circa

542 4505 719 4576 ipsam
749 4505 1016 4578 effulgens
1041 4506 1240 4577 gloria,
1264 4515 1434 4580 atque
1464 4510 1520 4566 in
1545 4511 1747 4568 animis
1769 4515 1979 4570 nostris
2006 4529 2122 4572 cer-

2203 1963 2283 2000 τω
2307 1945 2402 2000 τοῦ
2424 1947 2524 2016 τῆς
2554 1944 2791 2008 πίστεως
2811 1943 2996 2013 λόγου,
3025 1941 3187 1996 πάλιν
3214 1945 3391 1996 ἐκεῖνο
3417 1941 3788 1996 διασκεπτέονο

2202 2038 2584 2096 διεκελεύσατο
2603 2037 2715 2109 γὰρ
2738 2035 3014 2091 πιστεύειν
3041 2036 3260 2100 αὐτοὺς,
3289 2034 3389 2088 οὑκ
3421 2035 3502 2098 είς
3519 2033 3680 2104 μόνον
3706 2031 3790 2085 τὸν

2204 2133 2362 2197 Θεὸν,
2405 2131 2543 2186 ἀλλὰ
2591 2131 2687 2185 καὶ
2723 2131 2805 2196 είς
2848 2130 3030 2198 αὑτὸν,
3082 2129 3183 2200 οὑχ
3221 2128 3296 2192 ὡς
3326 2127 3514 2199 ἔτερόν
3556 2145 3612 2181 τι
3648 2126 3791 2196 παρὰ

2205 2227 2298 2282 τὸν
2344 2226 2474 2280 ὄντα
2504 2224 2667 2295 φύσει
2707 2222 2841 2278 Θεὸν
2889 2223 3149 2292 ὑπάρχων
3197 2220 3380 2286 αὐτὸς,
3431 2220 3558 2273 ὅσον
3607 2220 3685 2281 είς
3715 2218 3793 2272 οὑ-

2208 2320 2332 2384 σίας
2373 2318 2680 2389 ταυτότητα
2715 2316 2892 2385 λέγω,
2925 2313 3040 2369 ἀλλ’
3068 2315 3148 2368 ὃτι
3177 2313 3239 2367 τὸ
3268 2313 3349 2376 είς
3391 2311 3528 2365 Θεὸν
3581 2309 3791 2365 πιστεῦ-

2210 2429 2323 2474 σαι.
2362 2409 2420 2465 ἐν
2453 2426 2512 2463 τε
2547 2406 2722 2479 τούτῳ
2759 2406 2904 2478 μόνῳ
2936 2405 3015 2474 τῷ
3050 2405 3274 2476 ῥήματι,
3305 2403 3398 2456 τὸν
3428 2404 3528 2473 τῆς
3568 2401 3792 2462 πίστεως

2207 2501 2414 2558 οἴεσθαι
2447 2501 2559 2556 δεῖν
2611 2499 3072 2571 συμπεπερᾶσθαι
3117 2497 3298 2566 λόγον,
3351 2494 3651 2564 Ἰουδαϊκῆς
3683 2491 3792 2556 πώς

2209 2597 2359 2649 ἐστιν
2391 2591 2646 2655 ὑπονοίας
2679 2591 2832 2656 ῑδιον,
2857 2591 2918 2645 τὸ
2942 2590 2999 2644 δὲ
3019 2592 3084 2662 τῇ
3112 2591 3192 2653 είς
3219 2589 3352 2642 Θεὸν
3372 2587 3556 2641 πίστει
3591 2602 3792 2640 συνεισ-

2211 2682 2443 2758 άγεσθαι
2475 2686 2537 2740 τὸ
2567 2685 2741 2756 ὄνομα
2770 2685 2867 2739 τοῦ
2906 2684 3063 2750 Υἱοῦ,
3104 2680 3480 2754 κηρυγμάτων
3515 2678 3794 2749 εὐαγγελι-

2211 2783 2325 2839 κῶν
2349 2781 2632 2854 ἐπίταγμα
2656 2781 2929 2849 φαίνεται.
2962 2780 3055 2830 Δεῖ
3071 2775 3181 2847 γὰρ
3202 2774 3485 2829 πιστεύειν
3519 2773 3650 2836 τοὺς
3669 2771 3721 2826 οῖ
3736 2787 3795 2839 γε

2213 2873 2504 2948 φρονοῦσιν
2567 2871 2779 2945 ὀρθῶς,
2835 2870 2913 2934 είς
2957 2885 3022 2938 γε
3068 2868 3203 2922 Θεὸν
3260 2867 3504 2936 Πατέρα,
3561 2864 3660 2919 καὶ
3705 2861 3797 2932 οὑχ

2215 2965 2403 3030 ἁπλῶς
2424 2966 2505 3031 είς
2539 2965 2690 3029 Υίὸν,
2720 2963 2858 3018 ἀλλὰ
2895 2963 2990 3015 καὶ
3023 2959 3549 3031 ὲνανθρωπήσαντα,
3593 2957 3687 3011 καὶ
3724 2956 3798 3019 εἰς

2215 3059 2275 3113 τὸ
2301 3057 2524 3130 Πνεῦμα
2552 3055 2614 3111 τὸ
2641 3055 2817 3126 ἅγιον.
2852 3055 2918 3107 Ἡ
2967 3053 3067 3124 μὲν
3092 3051 3202 3124 γὰρ
3236 3049 3369 3120 ἁγία
3405 3065 3466 3103 τε
3495 3049 3595 3101 καὶ
3613 3043 3797 3118 όμοού-

2221 3167 2335 3216 σιος
2366 3149 2558 3221 Τριὰς,
2591 3148 2687 3202 καὶ
2734 3148 2857 3210 ταῖς
2895 3145 3005 3200 τῶν
3037 3143 3318 3214 ὀνομάτων
3364 3141 3675 3210 διαφοραῖς,
3713 3134 3801 3191 καὶ

2219 3243 2330 3296 τῶν
2358 3241 2669 3314 προσώπων
2687 3238 2940 3309 ποιότησί
2961 3255 3020 3292 τε
3044 3236 3140 3291 καὶ
3164 3235 3388 3306 ἰδιότησι
3415 3231 3798 3286 διαστέλλεται.

2219 3334 2410 3406 Πατὴρ
2460 3333 2570 3405 γάρ
2604 3335 2756 3386 ἐστιν
2802 3332 2832 3385 ὁ
2860 3329 3052 3402 Πατὴρ
3093 3329 3189 3384 καὶ
3233 3328 3333 3398 οὑχ
3362 3325 3511 3392 Υἱὸς,
3557 3323 3657 3379 καὶ
3684 3321 3803 3385 Υίὸς

2218 3428 2380 3483 πάλιν
2399 3430 2429 3482 ὸ
2454 3425 2580 3490 Υἱὸς
2618 3423 2715 3479 καὶ
2746 3424 2806 3478 οὑ
2857 3422 3071 3494 Πατὴρ,
3103 3421 3198 3476 καὶ
3229 3417 3459 3490 Πνεῦμα
3485 3417 3547 3471 τὸ
3590 3413 3805 3484 Πνεῦμα

2216 3519 2278 3572 τὸ
2313 3517 2469 3586 ἅγιον
2503 3515 2636 3569 ῖδιον
2673 3513 2775 3585 τῆς
2818 3511 3096 3583 θεότητος·
3137 3509 3232 3564 καὶ
3268 3511 3349 3572 είς
3389 3508 3483 3562 τὸν
3515 3505 3688 3561 αὑτὸν
3715 3503 3806 3573 τῆς

2219 3609 2408 3673 οὑσίας
2454 3604 2949 3676 ἀνακεφαλαιοῦται
2997 3602 3174 3672 λόγον,
3197 3601 3260 3655 οὑ
3293 3602 3444 3672 τρεῖς
3486 3598 3647 3669 ἡμῖν,
3697 3592 3805 3650 ἀλλ’

2218 3700 2314 3754 ἕνα
2333 3697 2466 3753 Θεὸν
2515 3696 2921 3769 ὲπιγράφουσα.
2959 3693 3110 3765 Πλὴν
3137 3689 3492 3753 εὑδιαστόλως
3537 3689 3688 3760 φημὶ
3705 3686 3807 3740 δεῖν

2219 3792 2368 3863 ἡμᾶς
2412 3787 2682 3844 ποιεῖσθαι
2726 3787 2827 3858 τὴν
2881 3786 3087 3848 πίστιν,
3133 3783 3233 3854 οὑχ
3297 3780 3484 3844 ἁπλῶς
3527 3780 3804 3850 λέγοντας·

2220 3879 2558 3952 Πιστεύομεν
2597 3881 2676 3943 είς
2710 3878 2868 3942 Θεὸν,
2921 3875 3036 3932 ἀλλ’
3081 3872 3448 3942 ὲξαπλοῦντας
3481 3871 3585 3943 τὴν
3627 3869 3810 3942 ὁμολο-

2220 3974 2366 4045 γίαν,
2397 3972 2494 4028 καὶ
2516 3972 2732 4042 ἑκάστῳ
2757 3968 3036 4041 προσώπῳ
3063 3967 3155 4021 τὸν
3178 3965 3342 4021 αὑτὸν
3369 3965 3470 4036 τῆς
3487 3963 3656 4037 δόξης
3687 3965 3811 4022 ἀνα-

2219 4067 2468 4130 τιθέντας
2505 4064 2686 4133 λόγον.
2733 4059 2980 4132 Διαφορὰ
3016 4059 3126 4130 γὰρ
3163 4059 3400 4120 πίστεως
3444 4055 3678 4128 οὐδεμία
3717 4053 3811 4125 μὲν

2221 4159 2281 4210 ὲν
2309 4159 2463 4228 ἡμῖν,
2484 4155 2546 4208 οὑ
2575 4153 2687 4225 γὰρ
2731 4149 2935 4223 μείζων
2965 4150 3062 4220 μὲν
3091 4149 3150 4202 ὲν
3174 4149 3308 4218 ἡμῖν
3338 4147 3372 4216 ἡ
3398 4145 3589 4209 πίστις
3617 4146 3676 4197 ὲν
3707 4144 3811 4196 Πα-

2221 4248 2333 4318 τρὶ,
2363 4246 2603 4301 ἐλάττων
2627 4243 2684 4296 δὲ
2715 4245 2774 4297 ὲν
2799 4240 2936 4312 Υἱῷ,
2968 4240 3002 4311 ἢ
3034 4238 3130 4293 καὶ
3159 4239 3218 4293 ὲν
3247 4237 3325 4309 τῷ
3348 4235 3487 4308 ἁγίῳ
3511 4234 3808 4306 Πνεύματι·

2225 4337 2343 4392 ἀλλ’
2365 4333 2448 4400 εἷς
2483 4351 2544 4387 τε
2569 4334 2665 4387 καὶ
2707 4331 2870 4394 αὑτὸς
2895 4331 2996 4400 τῆς
3022 4327 3313 4401 ὁμολογίας
3340 4327 3466 4398 ὄρος
3479 4342 3542 4379 τε
3566 4326 3662 4379 καὶ
3695 4321 3815 4394 τρό-

2225 4445 2328 4493 πος
2350 4425 2442 4481 διὰ
2467 4424 2635 4498 τριῶν
2659 4422 2953 4493 ἐρχόμενος
2976 4417 3258 4490 ὀνομάτων
3281 4417 3340 4471 ὲν
3366 4415 3468 4486 ίσῳ
3497 4414 3579 4486 τῷ
3613 4413 3812 4486 μέτρῳ,

2230 4523 2320 4576 ἵνα
2345 4519 2482 4590 πρὸς
2513 4517 2742 4588 ἑνότητα
2782 4514 3000 4583 φύσεως
3027 4513 3124 4568 καὶ
3151 4509 3241 4566 διὰ
3267 4508 3474 4564 τούτων
3506 4507 3666 4565 ἰοῦσα
3692 4503 3815 4575 φαί-

541 4605 708 4652 natur
743 4597 799 4652 in
832 4597 1052 4655 Patrem
1092 4607 1149 4655 et
1177 4598 1378 4656 Filium
1411 4601 1586 4671 ﬁdes,
1625 4605 1792 4660 etiam
1829 4614 2115 4677 postquam

2230 4631 2391 4687 νηται
2426 4611 2589 4667 πάλιν
2621 4611 2657 4681 ἡ
2716 4609 2848 4678 ἁγία
2883 4606 3079 4679 Τριὰς,
3120 4600 3538 4673 ἀκατηγόρητὸς
3578 4617 3642 4654 τε
3686 4613 3820 4652 παν-

543 4687 728 4745 factus
753 4697 840 4746 est
876 4689 1042 4746 homo
1067 4729 1084 4756 ,
1136 4699 1192 4748 et
1240 4692 1299 4748 in
1330 4701 1588 4750 sanctum
1625 4695 1913 4768 Spiritum.
1938 4697 2130 4770 Neque

545 4794 735 4848 sanus,
777 4781 996 4853 opinor,
1034 4783 1309 4855 quispiam
1347 4799 1379 4840 a
1417 4783 1513 4842 Dei
1548 4787 1733 4844 Verbo
1767 4789 2034 4860 templum
2061 4806 2128 4847 ex

544 4871 772 4946 Virgine
799 4881 1148 4946 assumptum
1175 4877 1518 4946 separaverit
1539 4878 1688 4950 quod
1713 4879 1783 4936 ad
1808 4879 2130 4939 ﬁliatiouem

543 4964 812 5020 nimirum
856 4963 1095 5020 attinet:
1154 4981 1174 5017 ι
1217 4963 1377 5022 Unus
1417 4967 1568 5024 enim
1615 4968 1888 5030 Dominus
1943 4983 2132 5032 noster

545 5055 705 5114 Jesus
730 5055 1019 5125 Christus,
1051 5075 1072 5111 ι
1104 5056 1265 5128 juxta
1288 5058 1446 5114 Pauli
1468 5075 1659 5118 vocem
1681 5063 1760 5118 ".
1804 5063 2134 5140 Quicunque

547 5162 678 5204 vero
721 5149 780 5204 in
813 5147 954 5204 duos
986 5148 1128 5205 ﬁlios
1157 5165 1328 5205 unum
1363 5152 1519 5207 illum
1558 5167 1626 5208 ac
1671 5155 1853 5212 solum
1897 5157 2129 5230 dividit,

554 5238 710 5298 ﬁdem
736 5237 928 5309 utique
947 5253 1149 5311 negare
1168 5255 1228 5297 se
1249 5255 1482 5312 prorsus
1505 5241 1795 5317 intelligat.
1821 5245 1886 5302 Et
1905 5249 2126 5320 quidem

550 5329 753 5389 Paulus
791 5331 1014 5389 divinus
1047 5332 1312 5406 praeclare
1341 5332 1412 5390 de
1436 5334 1522 5392 his
1554 5352 1865 5396 sermonem
1899 5347 2132 5407 texens,

548 5438 660 5480 non
697 5424 907 5478 nudum
949 5424 1018 5480 ad
1059 5425 1219 5482 ﬁdem
1249 5426 1466 5482 induxit
1505 5426 1857 5502 Unigenitum
1883 5475 1900 5497 ,
1940 5434 2035 5490 sed
2078 5444 2135 5491 et

549 5515 728 5571 nostri
758 5515 1028 5585 similem,
1073 5517 1130 5573 id
1167 5526 1257 5575 est
1287 5518 1565 5576 hominem
1591 5561 1608 5589 ,
1653 5524 1748 5593 qui
1793 5533 1848 5580 et
1880 5534 2131 5583 mortuus

515 5675 518 5678 Α
551 5615 605 5662 et
625 5607 898 5664 excitatus
925 5620 1009 5666 est
1041 5624 1071 5664 a
1102 5611 1382 5669 mortuis:
1433 5631 1452 5664 ι
1480 5613 1626 5680 Quid
1678 5615 1862 5682 enim,
1910 5617 2131 5688 inquit,

554 5700 688 5756 dicit
743 5698 1082 5771 Scriptura?
1120 5703 1297 5776 Prope
1339 5713 1392 5762 te
1428 5713 1512 5762 est
1541 5706 1768 5763 verbum
1797 5708 1854 5764 in
1891 5724 1986 5767 ore
2016 5722 2132 5781 tuo,

624 5882 670 5916 ⁸⁸
710 5883 849 5942 Psal.
895 5901 1040 5957 τινι,
1081 5887 1166 5948 l0.
1247 5888 1336 5942 "l
1378 5889 1502 5946 Cor.
1545 5905 1669 5960 vm,
1709 5891 1762 5946 6.

2231 4704 2403 4770 τελῶς
2461 4705 2497 4777 ἡ
2553 4702 2684 4775 περὶ
2737 4699 2907 4772 αὑτὴν
2959 4697 3349 4767 διαλάμπουσα
3407 4691 3556 4759 δόξα,
3621 4691 3720 4744 atat
3765 4689 3822 4741 ὲν

2232 4800 2354 4862 ταῖς
2407 4795 2710 4868 ἡμετέραις
2759 4790 2934 4864 ὁρῷτο
2984 4789 3185 4859 ψυχαῖς
3229 4786 3311 4848 είς
3354 4780 3581 4852 Πατέρα
3621 4777 3721 4833 καὶ
3747 4777 3824 4838 είς

2235 4891 2364 4945 Υἱὸν
2401 4890 2436 4960 ἡ
2473 4887 2683 4952 πίστις,
2733 4883 2825 4938 καὶ
2865 4883 2956 4936 ὅτε
2999 4879 3223 4949 γέγονεν
3265 4874 3571 4945 ἄνθρωπος,
3607 4869 3710 4925 καὶ
3749 4869 3825 4929 είς

2233 4983 2296 5037 τὸ
2329 4981 2555 5051 Πνεῦμα
2576 4979 2637 5034 τὸ
2658 4977 2834 5046 ἅγιον.
2868 4973 2979 5028 Καὶ
2999 4972 3102 5026 οὑκ
3137 4969 3225 5035 ἂν,
3249 4964 3422 5038 οἶμαι,
3456 4961 3692 5018 διέλοιτό
3719 4975 3822 5021 τις,

2235 5075 2290 5130 ετ
2328 5091 2393 5146 γε
2428 5069 2755 5143 σωφρονοίη,
2787 5066 2882 5121 τοῦ
2913 5063 3050 5120 Θεοῦ
3089 5064 3264 5132 Λόγου
3297 5060 3389 5115 τὸν
3429 5059 3496 5112 ὲκ
3538 5053 3824 5126 Παρθένου

2232 5166 2380 5231 ναὸν,
2433 5165 2558 5218 ὅσον
2609 5157 2744 5234 ἧκεν
2795 5160 2876 5223 είς
2901 5157 2962 5211 τὸ
3007 5157 3108 5228 τῆς
3142 5153 3389 5225 υῖότητος
3435 5147 3630 5242 χρῆμά
3648 5153 3824 5242 μφημιζ

2240 5277 2260 5310 ι
2296 5251 2393 5321 Εἷς
2416 5258 2527 5327 γὰρ
2577 5251 2784 5326 Κύριος
2829 5249 3038 5320 Ἰησοῦς
3079 5245 3336 5319 Χριστὸς,
3371 5259 3392 5294 ι
3438 5238 3585 5295 κατὰ
3606 5237 3710 5308 τὴν
3733 5237 3833 5327 τοῦ,

2233 5349 2449 5406 Παύλου
2483 5325 2690 5418 ᾁωνήν.
2743 5344 2802 5398 '0
2831 5343 2888 5398 δὲ
2915 5339 3219 5411 διατέμνων
3251 5337 3332 5400 είς
3361 5335 3494 5388 υἱῶν
3537 5329 3708 5384 δυάδα
3736 5325 3828 5379 τὸν

2235 5441 2335 5495 ἕνα
2361 5440 2457 5495 καὶ
2493 5438 2674 5509 μόνον,
2706 5437 2837 5491 ῐστω
2878 5435 2941 5505 δὴ
2966 5434 3185 5494 πάντως
3214 5429 3312 5500 τὴν
3341 5425 3524 5482 πίστιν
3551 5419 3827 5494 ἀρνούμε-

2240 5549 2350 5595 νος.
2391 5531 2504 5585 Καὶ
2532 5529 2663 5600 γοῦν
2697 5530 2726 5582 ὁ
2769 5529 3057 5591 θεσπέσιος
3081 5524 3296 5587 Παῦλος
3339 5521 3433 5574 τὸν
3468 5513 3827 5589 περὶτούτων

2241 5622 2442 5696 ἄριστὰ
2463 5641 2522 5677 τε
2551 5622 2646 5676 καί⁸
2671 5621 2792 5676 λίαν
2820 5617 2996 5690 ὀρθῶς
3020 5615 3323 5685 ὲξυφαίνων
3346 5611 3522 5681 λόγον,
3541 5607 3604 5661 οὑ
3621 5600 3827 5696 γυμνὸν

2242 5694 2321 5780 είς
2352 5715 2537 5772 πίστιν
2587 5712 2936 5784 εἰσκεκόμικε
2975 5709 3066 5764 τὸν
3109 5708 3412 5778 Μονογενῆ,
3453 5699 3593 5760 ἀλλὰ
3635 5695 3733 5752 καὶ
3770 5694 3830 5747 ὲν
