4006 6422
323 385 428 441 181

1407 404 1476 460 ΙΝ
1509 405 1801 464 JOANNIS
1833 403 2289 466 EVANGELIUM
2334 409 2467 467 LIB.
2511 409 2602 467 1X.

3497 421 3604 476 182

307 503 444 606 τοῖς.
457 503 582 558 καθ’
614 506 762 578 ἡμᾶς
783 512 1065 579 γεγονότα,
1093 513 1238 569 τοῦτ’
1267 516 1434 586 ἔστιν,
1457 520 1744 594 ἄνθρωπον
1774 523 1910 577 ἁποο

2024 534 2066 582 at
2086 525 2142 582 in
2171 527 2340 583 corde
2363 534 2498 584 tuo:
2531 529 2638 584 hoc
2669 535 2756 586 est
2789 528 3018 585 verbum
3044 529 3204 598 ﬁdei,
3231 533 3377 604 quod
3407 539 3608 606 pradi-

308 593 551 650 θανόντα
586 615 648 652 τε
690 601 787 656 καὶ
840 603 1220 678 ἐγηγερμένον
1249 610 1314 664 ὲκ
1367 593 1598 684 νεκρῶν.
1641 632 1662 668 ι
1701 614 1766 669 Τί
1803 615 1914 688 γάρ

304 703 482 758 φησιν
501 705 518 754 ;
535 688 736 759 Ἐγγύς
762 709 857 747 σου
884 695 946 749 τὸ
967 696 1124 769 ῥῆμά
1150 701 1320 768 ἐστιν,
1349 703 1409 756 ἐν
1435 703 1514 774 τῷ
1533 705 1763 776 στόματί
1794 723 1911 774 σου,

303 781 402 834 καὶ
418 783 479 836 ὲν
503 786 572 855 τῇ
594 784 790 858 καρδίᾳ
813 804 930 854 σου,
973 789 1120 844 τοῦτ’
1135 791 1348 860 ἐστι,τὸ
1371 797 1524 868 ῥῆμα
1537 798 1636 870 τῆς
1656 798 1913 869 πίστεως,

302 873 330 926 ὅ
361 874 746 949 κηρύσσομεν.
774 879 923 935 Διότι
973 882 1068 939 ἐὰν
1111 886 1277 958 εῐπῃς
1327 887 1388 942 ὲν
1417 889 1496 961 τῷ
1527 891 1760 963 στόματί
1791 910 1911 961 σου,

301 967 385 1020 ὃτι
409 967 623 1040 Κύριος
665 971 893 1042 Ἰησοῦς,
925 974 1023 1029 καὶ⁵
1058 979 1358 1054 πιστεύσῃς
1389 982 1449 1034 ὲν
1471 984 1537 1054 τῇ
1563 984 1765 1055 καρδίᾳ
1794 1002 1912 1053 σου,

303 1058 385 1111 ὅτι
419 1062 450 1114 ό
479 1059 616 1125 Θεὸς
657 1062 847 1137 ἤγειρε
879 1067 1043 1121 αὐτὸν
1067 1069 1131 1122 ὲκ
1157 1069 1391 1142 νεκρῶν,
1424 1073 1667 1149 σωθήσῃ.
1699 1076 1915 1148 Καρδίᾳ

303 1149 416 1220 γὰρ
449 1150 772 1207 πιστεύεται
805 1156 886 1220 είς
915 1156 1286 1230 δικαιοσύνην,
1327 1161 1557 1234 στόματι
1622 1164 1680 1218 δὲ
1719 1166 1914 1237 ὁμολο-

303 1243 490 1309 γεῖται
516 1243 599 1307 είς
637 1247 937 1317 σωτηρίαν.
981 1267 1000 1304 ι
1051 1251 1116 1305 Εί
1163 1251 1221 1306 δὲ
1270 1254 1600 1324 πιστεύομεν
1639 1258 1721 1322 είς
1760 1259 1911 1325 Υίὸν,

301 1332 382 1397 ὡς
438 1335 840 1408 ἐγηγερμένον,
885 1340 971 1402 τίς
1005 1342 1034 1396 ὁ
1072 1342 1330 1411 τεθνεὼς,
1387 1346 1474 1400 ἵνα
1521 1349 1616 1403 καὶ
1666 1350 1911 1423 ἀναστῇς

315 1423 464 1478 Ἀλλ’
497 1426 616 1481 ἔστι
651 1427 832 1500 δῆλον,
865 1431 949 1486 ὅτι
977 1433 1233 1490 τεθνάναι
1252 1439 1453 1493 νοεῖται
1479 1440 1622 1494 κατά
1654 1441 1754 1514 τὴν
1781 1443 1914 1514 σάρ-

302 1532 401 1570 κα.
425 1517 810 1592 Κατεκλεὶσθη
838 1523 949 1593 γάρ
989 1525 1069 1589 είς
1101 1525 1330 1583 θάνατον
1363 1529 1423 1583 τὸ
1449 1531 1580 1586 ίδιον
1609 1532 1776 1586 αὑτοῦ
1807 1533 1914 1587 σῶ-

303 1625 408 1676 μα,
453 1609 550 1663 καὶ
566 1609 770 1666 ἀνεϐίω
793 1614 980 1670 πάλιν·
1016 1615 1180 1689 σῶμα
1203 1618 1313 1691 γὰρ
1340 1615 1410 1693 ἦν
1442 1622 1540 1694 τῆς
1572 1624 1717 1679 κατά
1747 1625 1914 1696 φύσιν

299 1701 478 1772 ζωῆς.
518 1702 653 1774 ὅλην
686 1704 784 1759 τοῦ
815 1707 874 1760 ὲν
918 1708 1066 1781 αὐτῷ
1099 1713 1551 1786 κατοικήσαντος,
1597 1719 1690 1773 καὶ
1733 1720 1914 1792 ἀρῤή-

297 1809 414 1855 τως
463 1793 749 1865 ήνωμένου
796 1796 898 1869 τὴν
959 1799 1200 1873 ἰδιότητα
1259 1805 1494 1876 φοροῦν,
1545 1807 1692 1862 τοῦτ’
1741 1809 1910 1876 ἔστιν,

2017 638 2232 678 camus.
2260 623 2400 690 Quia
2432 624 2481 680 si
2509 624 2830 681 conﬁtearis
2863 626 2918 680 in
2948 641 3043 682 ore
3073 636 3168 682 tuo
3195 626 3484 685 Dominum
3514 631 3608 687 Je-

2016 731 2171 781 sum,
2212 722 2272 771 et
2312 717 2367 770 in
2400 716 2571 774 corde
2611 725 2710 774 tuo
2739 719 3046 777 credideris
3099 721 3229 792 quia
3263 720 3412 779 Deus
3452 725 3606 780 illum

2015 807 2307 863 suscitavit
2339 822 2371 863 a
2405 811 2642 868 mortuis
2665 853 2680 879 ,
2717 812 2905 868 salvus
2925 813 3064 870 eris.
3091 813 3273 870 Corde
3301 817 3450 870 enim
3487 834 3610 873 cre-

2015 898 2171 954 ditur
2199 900 2267 956 ad
2291 899 2560 972 justitiam
2587 921 2602 959 ι
2634 917 2732 958 ore
2755 912 2937 960 autem
2968 906 3251 963 confessio
3277 906 3338 962 ﬁt
3363 908 3432 963 ad
3455 909 3610 963 salu-

2017 1000 2127 1048 tem
2156 991 2222 1046 “.
2261 1011 2282 1046 ι
2323 993 2481 1061 Quod
2511 997 2558 1052 si
2593 996 2876 1055 credimus
2907 996 2964 1052 in
2997 997 3232 1067 Filium,
3271 1006 3331 1054 ut
3356 999 3452 1070 qui
3485 1016 3608 1056 sur-

2015 1085 2182 1151 rexit,
2212 1088 2339 1156 quis
2373 1096 2458 1144 est
2488 1087 2584 1143 ille
2626 1097 2907 1154 mortuus,
2937 1097 2998 1144 ut
3037 1101 3092 1145 et
3122 1091 3472 1163 resurgeret?
3504 1093 3607 1146 At-

2016 1177 2113 1248 qui
2162 1178 2525 1236 mauil‘estum
2563 1189 2650 1236 est
2702 1181 3009 1237 secundum
3045 1197 3275 1238 carnem
3330 1191 3609 1239 mortuum

2015 1270 2256 1326 censeri.
2285 1270 2632 1327 Conclusum
2653 1272 2802 1329 enim
2835 1283 2923 1330 est
2961 1273 3018 1327 in
3052 1282 3287 1330 mortem
3319 1276 3609 1346 proprium

2015 1364 2140 1434 ejus
2166 1378 2374 1436 corpus
2397 1405 2414 1432 ,
2456 1372 2624 1436 atque
2655 1364 2858 1421 iterum
2887 1366 3088 1421 revixit
3121 1383 3136 1420 :
3167 1381 3378 1438 corpus
3402 1368 3610 1438 quippe

2015 1463 2137 1511 erat
2173 1457 2300 1513 vitae
2336 1458 2640 1514 secundum
2670 1469 2951 1522 naturam,
2977 1465 3147 1512 totam
3180 1458 3302 1528 ejus
3330 1459 3424 1529 qui
3451 1459 3509 1512 in
3538 1473 3608 1513 eo

2017 1547 2310 1616 habitavit,
2341 1559 2399 1606 et
2430 1548 2789 1606 ineffabiliter
2827 1548 2990 1620 763
3019 1556 3107 1604 est
3137 1549 3330 1605 unitus
3360 1550 3610 1620 proprie-

2016 1648 2186 1697 tatem
2231 1642 2523 1698 continens
2547 1680 2564 1705 ,
2614 1641 2722 1696 hoc
2753 1651 2839 1696 est
2866 1640 2974 1696 vim
3001 1650 3056 1695 et
3086 1638 3390 1696 eﬂicaciam
3424 1640 3609 1695 viviﬁ-

2017 1747 2160 1788 cam.
2191 1731 2250 1788 Si
2281 1733 2410 1804 quis
2438 1748 2574 1804 ergo
2607 1733 2850 1800 dividat,
2887 1741 2939 1788 et
2969 1733 3203 1788 seorsim
3235 1747 3450 1803 ponens
3479 1747 3606 1788 car-

2017 1840 2144 1881 nem
2171 1865 2188 1891 ,
2239 1833 2296 1881 et
2332 1825 2429 1896 qui
2475 1825 2747 1881 habitavit
2795 1825 2853 1878 in
2897 1839 2962 1879 ea
3019 1825 3384 1895 corporaliter
3412 1863 3429 1889 ,
3466 1824 3608 1880 duos

299 1882 598 1996 ivfpyitaLv
645 1886 748 1996 τὴν
795 1886 1083 1953 ζωοποιόν.
1111 1892 1283 1948 Ὅταν
1329 1891 1423 1952 οὖν
1467 1915 1554 1963 τις
1591 1899 1763 1974 διέλῃ,
1815 1902 1913 1956 καὶ

2024 1915 2206 1971 dicere
2235 1915 2378 1972 ﬁlios
2405 1913 2638 1979 audeat,
2667 1914 2814 1970 sciat
2841 1929 2902 1969 se
2935 1914 2991 1968 in
3019 1913 3197 1969 solam
3226 1928 3452 1969 carnem
3481 1929 3606 1970 cre-

302 1973 426 2039 θεὶς
477 1976 604 2080 ἀνὰ.
617 1977 786 2050 μέρος
830 1983 929 2051 τήν
961 1999 1023 2036 τε
1078 1984 1259 2055 σάρκα
1293 1987 1388 2042 καὶ
1423 1989 1518 2045 τὸν
1557 1991 1915 2064 ὲνοικὴσαντα

2024 2008 2172 2066 dere.
2214 2007 2427 2064 Divinas
2451 1973 2654 2080 quippe
2685 2005 2991 2077 Scripturte
3019 2006 3248 2063 credere
3273 2021 3379 2064 nos
3407 2007 3613 2064 docent

300 2072 645 2141 σωματικῶς
673 2073 731 2126 ὲν
756 2074 920 2147 αὐτῇ,
947 2075 1041 2132 δύο
1071 2077 1317 2152 τολμήσῃ
1344 2080 1523 2153 λέγειν
1548 2085 1717 2152 υἱοὺς,
1745 2103 1912 2155 γινω-

300 2163 490 2216 σκέτω
510 2164 795 2220 πιστεύειν
810 2169 892 2231 είς
929 2168 1100 2239 μόνην
1129 2171 1229 2243 τὴν
1253 2172 1454 2245 σάρκα.
1487 2175 1778 2232 Πιστεύειν
1806 2179 1915 2252 γὰρ

296 2256 458 2326 ἡμᾶς
488 2258 546 2310 ai
586 2255 729 2313 θεῖαι
763 2259 1074 2317 διδάσκουσι
1109 2263 1326 2335 Γραφαὶ
1350 2267 1430 2330 είς
1453 2267 1544 2322 τὸν
1572 2270 1916 2343 σταυρωθέν-

297 2367 373 2402 τα
407 2367 470 2403 τε
495 2352 593 2404 καὶ
626 2353 988 2420 ἀποθανόντα,
1035 2358 1131 2412 καὶ⁹
1171 2359 1545 2432 ἐγηγερμένον
1581 2364 1645 2417 ὲκ
1681 2364 1913 2437 νεκρῶν,

297 2441 400 2511 οὐχ
425 2440 508 2505 ὡς
535 2441 725 2514 ἓτερον
747 2444 880 2499 ὅντα
909 2447 1060 2517 παρά
1085 2445 1179 2502 τὸν
1213 2451 1271 2502 ὲν
1290 2451 1428 2522 αὐτῇ
1452 2450 1585 2506 Θεὸν
1601 2453 1794 2523 Λόγον,
1816 2456 1916 2528 οὐχ

295 2531 431 2585 ὅσον
465 2533 548 2596 εἰς
573 2533 762 2600 οὐσίας
781 2536 1091 2608 ταυτότητά
1119 2555 1287 2610 φημι·
1315 2540 1476 2613 σῶμα
1505 2542 1616 2614 γὰρ
1642 2544 1704 2598 τὸ
1729 2544 1912 2618 σῶμα,

300 2625 400 2677 καὶ
428 2624 495 2678 οὐ
527 2625 724 2694 Λόγος,
774 2630 822 2680 εἰ
850 2629 948 2682 καὶ
976 2629 1140 2701 σῶμα
1166 2631 1262 2686 τοῦ
1307 2633 1505 2704 Λόγου,
1537 2635 1656 2690 ἀλλ’
1682 2637 1808 2692 ὅσον
1833 2639 1914 2704 είς

297 2716 367 2767 τὸ
390 2715 495 2785 τῆς
526 2715 768 2788 ἀληθοῦς
799 2719 1048 2790 υίότητος
1079 2720 1294 2793 χρῆμα.
1322 2725 1386 2779 Et
1416 2725 1475 2779 δέ
1512 2744 1590 2798 τῳ
1620 2726 1914 2800 δοκοίημεν

299 2809 407 2862 οὐκ
427 2808 634 2880 ἄριστα
656 2810 860 2881 λέγειν,
879 2813 1241 2870 ἐπιδεικνύτω
1271 2818 1562 2890 παρελθὼν
1584 2822 1678 2878 τὸν
1698 2825 1764 2879 ὲκ
1774 2825 1914 2880 Θεοῦ

301 2901 586 2957 τεθνεῶτα
625 2903 801 2975 Λόγον
831 2907 969 2961 καθὸ
992 2911 1200 2964 ’νοεῖται
1227 2910 1382 2978 Θεὸς,
1417 2914 1558 2987 ὅπερ
1602 2917 1755 2973 ἐστὶν
1783 2919 1912 2975 ἀδύ-

301 3011 492 3062 νατον,
525 2995 731 3067 μᾶλλον
757 2997 816 3053 δὲ
836 2999 931 3053 καὶ
961 3000 1122 3071 μόνον
1148 3002 1402 3074 ἐννοῆσαι
1433 3006 1714 3074 δυσσεϐἐς.

387 3087 499 3141 Ἑν
525 3085 606 3157 τῇ
635 3090 798 3158 οἰκίᾳ
855 3091 963 3147 τοῦ
997 3095 1228 3163 Πατρός
1265 3113 1387 3166 μου
1462 3100 1646 3169 μοναὶ
1687 3103 1916 3158 πολλαί

300 3181 486 3234 εἰσιν·
527 3184 580 3236 ει
619 3182 692 3236 δὲ
725 3183 838 3254 μὴ,
879 3181 1055 3241 εἷπον
1113 3187 1193 3243 ἂν
1235 3188 1403 3259 ὑμῖνο
1453 3189 1546 3246 ὅτι
1585 3195 1914 3265 πορεύομαι

300 3269 622 3342 ἑτοιμάσω
651 3275 843 3330 τόπον
868 3277 1034 3348 ὑμῖν.
1057 3279 1170 3334 Kal
1189 3279 1302 3334 ἐὰν
1328 3283 1621 3353 πορευθῶ,
1643 3286 1742 3340 καί
1757 3287 1912 3342 ἐτοι-

296 3361 483 3432 μάσω
519 3365 712 3420 τόπον
743 3367 906 3437 ὑμῖν,
945 3369 1135 3426 πάλιν
1177 3373 1449 3444 ἔρχομαι,
1506 3376 1608 3431 καὶ
1643 3379 1916 3448 παραλή-

300 3459 502 3527 ψομαι
528 3458 688 3529 ὑμᾶς
700 3459 832 3532 μετ’
861 3461 1146 3533 ἐμαυτοῦ,
1185 3465 1288 3521 ἵνα
1317 3465 1474 3524 ὅπου
1502 3469 1618 3540 εἰμί
1643 3471 1782 3542 ἐγὼ,
1814 3473 1916 3528 καὶ

302 3546 485 3613 ὑμεῖς
521 3547 648 3613 ἦτε.

341 3547 743 3687 “ﬁngite;
760 3623 944 3688 αὐτοῖς
971 3624 1032 3678 τὸ
1055 3624 1131 3699 μὴ
1163 3627 1363 3698 χρῆναι
1391 3630 1756 3702 ταράττεσθαι
1778 3631 1916 3687 διει-

304 3706 456 3774 πὼν,
494 3711 777 3768 πιστεύειν
805 3732 866 3768 τε
913 3715 1137 3788 μᾶλλον,
1191 3719 1286 3774 καὶ
1319 3721 1401 3786 εἷς
1452 3739 1514 3775 τε
1562 3723 1784 3795 Πατέρα
1822 3725 1917 3780 τὸν

303 3799 446 3854 Θεὸν
498 3805 596 3858 καὶ
630 3805 826 3861 ἑαυτὸν
858 3809 1145 3877 ἐπιτάξας,
1177 3811 1271 3865 καὶ
1309 3812 1616 3884 ἀναφανδὸν
1646 3816 1746 3888 ἤδη
1780 3817 1917 3889 φησὶ

307 3893 796 3968 μικραίιυχοῦντας
830 3902 1348 3974 παραμυθούμενος,
1387 3905 1464 3972 ὡς
1513 3907 1615 3961 οὐκ
1647 3907 1753 3973 ἔξω
1818 3927 1916 3980 με·

304 3983 466 4039 νοῦσι
509 3987 614 4057 τῆς
665 3989 822 4054 ὁσίας
879 3991 1074 4063 αὐλῆς,
1129 3993 1246 4047 ἀλλ’
1298 3997 1764 4068 ὲνοικισθήσονται
1814 4001 1916 4072 μὲν

303 4080 432 4142 ταῖς
463 4077 582 4133 ἄνω
623 4083 836 4150 μονατς,
868 4085 926 4138 ὲν
959 4084 1017 4138 δὲ
1041 4087 1110 4157 τῇ
1139 4087 1250 4144 τῶν
1280 4089 1643 4158 πρωτοτόκων
1691 4091 1918 4164 Ἐκκλη-

307 4169 405 4240 sig.
455 4169 554 4223 τὸν
609 4173 936 4244 μακραίωνα
985 4176 1239 4248 τρίψουσι
1269 4179 1404 4250 βίον,
1448 4181 1543 4237 καὶ
1583 4184 1645 4237 ὲν
1699 4183 1920 4239 ἀτελευ-

304 4262 498 4332 τήτοις
554 4261 774 4319 ἔσονται
814 4268 930 4332 τοῖς
975 4267 1223 4338 ἀγαθοῖς.
1266 4272 1476 4339 Πολλάς
1510 4290 1575 4342 γε
1616 4273 1725 4347 μὴν
1778 4271 1920 4331 εἶναι

306 4371 446 4425 φησι
480 4353 583 4420 τὰς
617 4358 789 4429 μονὰς
827 4361 887 4414 ὲν
917 4362 984 4433 τῇ
1017 4361 1110 4416 τοῦ
1141 4363 1354 4436 Πατρὸς
1401 4366 1567 4439 οἰκίᾳ,
1606 4367 1922 4441 πολυχώρη-

302 4446 401 4500 τόν
427 4463 557 4500 τινα
588 4447 860 4505 διδάσκων
889 4447 1029 4509 εἶναι
1057 4454 1151 4509 τὸν
1191 4454 1442 4527 οὐρανὸν,
1478 4457 1571 4513 καὶ
1598 4459 1922 4532 προσθήκης

304 4538 580 4610 οὐδεμιᾶς
607 4541 817 4597 δεῖσθαι
841 4545 1117 4611 παντελῶς
1137 4548 1238 4617 τὴν
1259 4548 1397 4622 παρ’
1418 4549 1586 4604 αὐτοῦ
1614 4552 1920 4624 γενομένην

305 4632 492 4686 κτίσιν
527 4635 608 4698 είς
635 4635 696 4689 τὸ
721 4634 986 4691 δύνασθαι
1015 4637 1202 4693 λαϐεῖν
1221 4641 1348 4705 τοὺς
1372 4643 1704 4711 ἀγαπῶντας
1732 4646 1916 4702 αὐτόν.

306 4726 477 4793 Εἰκὸς
507 4728 590 4796 δὲ,
616 4729 701 4784 ὅτι
733 4731 829 4785 καὶ
857 4731 921 4785 τὸ
961 4732 1218 4806 διάφορον
1261 4735 1364 4806 τῆς
1388 4736 1577 4808 τιμῆς,
1603 4738 1682 4810 τῷ
1715 4739 1919 4805 πολλὰς

305 4819 456 4878 εἶναι
539 4822 724 4894 λέγειν
800 4823 901 4890 τὰς
963 4827 1153 4897 μονὰς,
1222 4829 1576 4901 ὑωσημῆναι
1647 4831 1921 4903 βούλεται,

307 4917 550 4970 ἑκάστου
601 4916 699 4973 τοῦ
741 4915 936 4988 διαζῇν
1004 4916 1334 4990 βουλομένου
1393 4922 1453 4975 ὲν
1511 4923 1706 4996 ἀρετῇ,
1757 4925 1924 4980 τόπον

307 5005 506 5079 ὥσπερ
553 5005 678 5062 τινὰ
723 5006 818 5060 τὸν
871 5007 1001 5062 ἴδιον
1039 5009 1480 5085 ἀποληψομένου,
1531 5013 1625 5068 καὶ
1661 5013 1761 5088 τὴν
1809 5017 1924 5084 τοῖς

308 5100 483 5155 αὐτοῦ
519 5098 843 5171 πρέπουσαν
892 5101 1280 5174 κατορθώμασι
1308 5104 1486 5172 δόξαν.
1524 5106 1588 5161 Εἰ
1619 5107 1695 5180 μὴ
1724 5107 1921 5164 πολλαὶ

307 5191 610 5264 τοιγαροῦν
657 5187 800 5263 ἦσαν
840 5193 898 5247 αἱ
931 5194 1086 5266 παρά
1120 5195 1198 5268 τῷ
1243 5197 1367 5270 Θεῷ
1394 5199 1488 5253 καὶ
1530 5199 1706 5272 Πατρὶ
1734 5199 1918 5272 μοναὶ,

307 5283 525 5356 ταύτης
560 5283 626 5339 ἂν
679 5285 868 5342 ἕνεκεν
894 5285 997 5358 τῆς
1034 5287 1215 5354 αἰτίας
1248 5291 1736 5364 προαποδημήσειν
1786 5290 1915 5363 ἔφη,

310 5378 388 5440 ὡς
427 5375 677 5449 δηλονότι
730 5379 1129 5451 προετοιμάσαι
1156 5381 1227 5436 τὰ
1275 5381 1382 5437 τῶν
1435 5383 1607 5452 ἁγίων
1651 5384 1923 5456 ὲνδιαιτή-

315 5483 489 5538 ματα·
564 5469 768 5535 πολλὰς
833 5471 891 5526 δὲ
939 5471 1108 5538 οὔσας
1175 5473 1336 5540 εἰδὼς
1395 5477 1924 5549 προητοιμασμένας

312 5559 443 5631 ἤδη,
482 5560 580 5614 καὶ
608 5560 718 5616 τῶν
739 5563 1078 5633 ἀγαπώντων
1104 5563 1238 5620 Θεὸν
1269 5570 1672 5640 περιμενούσας
1695 5570 1795 5643 τὴν
1828 5569 1928 5641 ἀφ-

317 5651 450 5719 ιξιν,
494 5653 635 5724 Οὐχὶ
693 5654 902 5726 ταύτης
959 5657 1126 5713 ἕνεκα
1171 5659 1275 5730 τῆς
1308 5660 1488 5725 αίτίας
1519 5662 1920 5735 ἀποδημήσων,

315 5742 512 5812 φησιν,
565 5742 704 5798 ἀλλὰ
758 5745 858 5817 τῆς
917 5748 1105 5804 ἀνόδου
1155 5753 1253 5824 τῆς
1287 5752 1419 5823 πρὸς
1462 5752 1522 5806 τὸ
1575 5752 1708 5822 ἄνω,
1754 5751 1922 5826 μονὴν

393 5857 440 5888 ⁵³
477 5855 642 5912 Rom.
675 5875 730 5925 ι,
764 5859 924 5917 8-10.

2018 2101 2076 2156 in
2135 2099 2488 2164 cruciﬁxum,
2515 2107 2571 2156 et
2590 2101 2881 2155 'mortuum
2902 2139 2919 2165 ,
2949 2107 3006 2154 et
3029 2097 3332 2154 excitatum
3359 2113 3429 2154 ex
3459 2111 3613 2154 mor-

2021 2192 2160 2256 tuis,
2186 2208 2300 2248 non
2330 2192 2494 2264 quasi
2534 2192 2678 2248 alius
2713 2192 2788 2248 sit
2822 2206 2854 2246 a
2889 2190 3003 2247 Deo
3032 2191 3215 2248 Verbo
3235 2191 3385 2262 quod
3424 2197 3512 2247 est
3554 2191 3610 2246 in

2018 2286 2175 2358 ipsa,
2225 2286 2371 2358 quod
2423 2287 2492 2341 ad
2553 2285 2884 2343 substantiae
2945 2283 3211 2340 nimirum
3263 2284 3610 2340 identitatem

2019 2387 2235 2452 spectat
2267 2398 2282 2436 :
2327 2393 2536 2450 corpus
2584 2381 2734 2434 enim
2776 2392 2984 2449 corpus
3013 2385 3133 2445 est,
3175 2392 3292 2434 non
3324 2376 3567 2432 Verbum
3592 2417 3610 2442 ,

2019 2474 2148 2528 licet
2181 2487 2386 2544 corpus
2414 2473 2488 2528 sit
2513 2471 2721 2537 Verbi,
2753 2470 2851 2527 sed
2877 2478 3148 2541 quantum
3185 2469 3256 2525 ad
3286 2469 3610 2524 ﬁliationem

2019 2573 2252 2636 spectat.
2302 2565 2463 2633 Quod
2503 2565 2652 2621 sicut
2693 2563 2879 2620 minus
2919 2569 3070 2619 recte
3105 2562 3254 2633 loqui
3285 2561 3609 2627 videamur,

2019 2657 2116 2712 Dei
2148 2655 2393 2713 Verbum
2433 2664 2715 2712 mortuum
2751 2670 2876 2712 esse
2913 2655 3262 2711 demonstret
3284 2694 3300 2718 ,
3337 2659 3612 2724 quatenus

2018 2749 2349 2821 intelligitur
2383 2747 2567 2805 Deus:
2599 2747 2749 2820 quod
2774 2754 2862 2804 est
2890 2746 3269 2818 impossibile,
3293 2745 3408 2802 imo
3441 2745 3611 2804 etiam

2017 2841 2264 2911 cogitatu
2296 2838 2552 2911 impium.

2087 3097 2230 3162 XIV,
2267 3098 2304 3152 2
2323 3141 2338 3164 ,
2378 3098 2434 3151 5.
2473 3096 2542 3152 1η
2565 3098 2724 3153 domo
2749 3096 2934 3152 Patris
2962 3099 3065 3152 mei
3097 3099 3399 3152 mansiones
3427 3097 3611 3152 multis

2019 3201 2192 3256 sunt;
2221 3192 2269 3246 si
2303 3192 2618 3262 quominus,
2652 3191 2912 3246 dixissem
2957 3190 3104 3245 vobis
3137 3207 3154 3246 :
3186 3190 3314 3259 quia
3344 3189 3481 3244 vado
3515 3205 3612 3258 pa-

2019 3301 2141 3338 rare
2169 3283 2314 3338 vobis
2338 3281 2536 3337 locum.
2564 3281 2633 3336 Et
2673 3283 2721 3337 si
2749 3281 2951 3344 abiero,
2978 3291 3028 3337 et
3068 3296 3434 3350 preparauero
3468 3279 3613 3336 vobis

2019 3376 2195 3431 locum
2217 3417 2233 3441 ,
2257 3377 2452 3430 iterum
2479 3376 2628 3430 venio
2649 3413 2665 3440 ,
2699 3384 2749 3430 et
2781 3376 3046 3445 accipiam
3079 3391 3168 3430 vos
3207 3373 3278 3429 ad
3317 3375 3576 3443 meipsum
3595 3410 3615 3434 .

2017 3478 2076 3525 ut
2102 3470 2193 3525 ubi
2221 3485 2340 3524 sum
2359 3486 2488 3540 ego,
2523 3479 2576 3524 et
2608 3484 2697 3524 vos
2727 3468 2870 3524 sitis.

2090 3625 2395 3697 Postquam
2419 3625 2501 3682 eis
2529 3625 2794 3697 praecepit
2824 3639 2894 3680 ne
2919 3625 3281 3680 turbarentur
3299 3666 3314 3685 .
3353 3621 3452 3680 sed
3493 3637 3616 3680 cre-

2017 3716 2215 3773 derent
2239 3717 2424 3788 potius
2457 3717 2513 3772 in
2543 3716 2762 3772 Patrem
2791 3715 2963 3772 Deum
2982 3756 2996 3781 ,
3033 3723 3089 3772 et
3117 3715 3386 3787 seipsum,
3420 3722 3616 3786 aperte

2019 3809 2188 3866 modo
2215 3824 2313 3867 eos
2344 3809 2536 3864 animo
2565 3807 2887 3864 deﬁcientes
2921 3808 3266 3874 consolatur,
3291 3806 3489 3863 dicens
3519 3821 3616 3862 eos

2019 3901 2346 3972 neutiquam
2377 3907 2534 3955 extra
2563 3906 2816 3956 sanctam
2853 3899 3040 3954 aulam
3074 3913 3436 3955 remansuros
3459 3941 3478 3968 ,
3517 3898 3618 3954 sed

2020 3994 2078 4050 in
2111 4007 2386 4064 supernas
2423 3991 2746 4047 mansiones
2784 3989 3254 4058 introducendos,
3308 3998 3364 4047 et
3407 3990 3464 4046 in
3497 3989 3617 4062 pri-

2019 4083 2430 4156 mogenitorum
2461 4079 2710 4137 Ecclesia
2746 4095 3048 4151 perennem
3078 4081 3248 4137 vitam
3274 4088 3525 4146 acturos,
3551 4091 3649 4155 ac.

2021 4177 2081 4233 in
2108 4175 2332 4232 aeternis
2357 4174 2520 4231 bouis
2556 4189 2878 4230 mansuros.
2921 4171 3097 4230 Porro
3130 4173 3338 4229 multas
3363 4173 3616 4229 mansio-
3641 4172 3658 4211 '-

2021 4283 2122 4325 nes
2151 4268 2210 4322 in
2239 4265 2407 4322 domo
2436 4265 2624 4322 Patris
2648 4279 2771 4323 esse
2798 4264 2961 4333 dicit,
2989 4265 3156 4337 longe
3182 4264 3620 4336 capacissimum
3645 4259 3651 4265 ’

2023 4363 2226 4420 coelum
2266 4376 2391 4418 esse
2428 4359 2638 4416 docens
2660 4401 2676 4428 ,
2725 4373 2830 4416 nec
2864 4359 3189 4416 accessione
3216 4373 3451 4430 prorsus
3505 4358 3622 4414 ulla

2023 4470 2165 4526 opus
2200 4469 2328 4511 esse
2359 4461 2633 4508 creatura:
2665 4450 2736 4507 ab
2766 4450 2895 4522 ipso
2930 4449 3173 4506 conditae
3208 4449 3276 4504 ad
3305 4448 3620 4520 suscipien-

2025 4548 2129 4604 dos
2175 4546 2272 4618 qui
2313 4544 2554 4616 diligunt
2589 4542 2799 4614 ipsum.
2846 4541 2986 4597 Cum
3034 4546 3222 4596 autem
3276 4539 3358 4594 ait
3407 4541 3620 4597 multas

2028 4656 2150 4698 esse
2178 4637 2521 4704 mansiones,
2551 4634 2818 4692 credibile
2842 4640 2928 4691 est
2955 4633 3189 4688 innuere
3217 4630 3358 4688 velle
3389 4631 3621 4689 honoris

2025 4729 2412 4789 excellentiam
2453 4743 2568 4799 quo
2604 4725 2891 4782 ornandus
2929 4731 3013 4779 est
3035 4721 3293 4794 quisquis
3322 4722 3379 4778 in
3412 4723 3622 4778 virtute

2028 4824 2227 4896 degere
2274 4821 2510 4886 statuit,
2554 4817 2843 4891 proprium
2879 4815 3176 4888 quemdam
3225 4814 3397 4871 veluti
3435 4815 3623 4872 locum

2027 4921 2541 4988 congruentemque
2580 4909 2700 4966 suis
2749 4905 2912 4964 factis
2973 4907 3209 4981 gloriam
3264 4915 3618 4978 recepturus.

2027 5008 2146 5065 Nisi
2175 5007 2362 5062 multae
2384 5005 2554 5076 igitur
2580 5009 2772 5060 essent
2802 5001 2911 5058 illa:
2937 5001 3085 5072 apud
3115 4998 3288 5057 Deum
3319 5009 3376 5056 et
3398 4998 3622 5056 Patrem

2029 5099 2369 5163 mansiones,
2400 5097 2547 5152 hanc
2576 5096 2650 5152 ob
2678 5109 2931 5161 causam,
2965 5093 3288 5166 inquiebat,
3341 5092 3497 5164 prior
3524 5092 3622 5147 ab-

2029 5193 2169 5249 irem
2194 5191 2262 5247 ad
2294 5189 2544 5262 paranda
2577 5187 2842 5244 nimirum
2879 5186 3092 5243 sanctis
3119 5183 3437 5240 habitacula
3471 5201 3486 5237 :
3524 5179 3621 5238 sed

2032 5300 2156 5341 cum
2181 5283 2434 5340 noverim
2471 5281 2677 5336 multas
2703 5279 2819 5351 jam
2851 5293 2975 5336 esse
3000 5284 3357 5350 praeparatas,
3385 5288 3511 5344 quae
3535 5272 3621 5329 di-

2036 5374 2329 5448 ligentium
2363 5373 2537 5430 Deum
2585 5371 2880 5427 adventum
2929 5369 3339 5440 praestolamur,
3386 5362 3507 5420 Non
3546 5363 3620 5418 ob

2034 5467 2179 5524 hanc
2201 5480 2433 5523 causam
2464 5462 2748 5520 discedam
2772 5504 2788 5530 ,
2817 5461 3033 5534 inquit,
3067 5459 3164 5516 sed
3201 5465 3262 5514 ut
3303 5455 3513 5513 reditus
3561 5456 3620 5512 in

2033 5575 2333 5633 supernam
2380 5557 2528 5614 viam
2569 5555 2740 5612 veluti
2772 5552 3071 5625 quamdam
3119 5559 3177 5606 et
3223 5551 3404 5607 locum
3460 5544 3620 5608 vobis

2032 5660 2462 5727 praeparaturus,
2495 5657 2550 5705 et
2581 5647 2730 5719 quod
2768 5645 3118 5702 inaccessum
3145 5644 3278 5700 olim
3311 5652 3432 5700 erat
3463 5657 3621 5698 com-

2035 5747 2384 5818 planaturus.
2441 5741 2656 5799 luvium
2700 5739 2907 5812 quippe
2957 5753 3191 5810 prorsus
3231 5747 3354 5798 erat
3415 5737 3619 5796 caelum
