2003 3208
227 194 277 220 133

720 191 749 218 S.
770 190 907 219 CYIULLI
923 191 1163 219 ALEXANURINI
1182 193 1343 222 ARCliiEP.

1809 195 1858 223 184

223 251 394 285 hominibus,
407 250 490 286 76E.
505 258 592 286 neque
609 250 687 285 prius
704 258 825 286 unquam
835 259 900 279 caro
914 258 1010 286 purum

1066 250 1160 288 ὥσπερ
1178 253 1250 285 τινὰ,
1278 254 1326 280 καὶ
1342 253 1425 280 τόπον
1443 255 1665 290 προευτρεπίσων
1681 255 1755 290 ὑμῖν,
1776 255 1861 282 καὶτὸ

222 298 300 325 illum
317 301 344 326 et
363 298 571 326 sanctissimum
593 298 754 333 angelorum
777 298 868 325 locum
882 298 1012 332 triverat,

222 344 273 372 sed
293 345 401 379 primus
412 352 562 372 ascensum
582 343 616 371 ad
636 343 704 372 illud
722 343 851 371 Christus
869 344 949 371 nobis
972 345 1015 372 in-

222 392 369 424 stauravit,
384 391 552 426 modumque
563 398 596 419 eo
612 390 779 418 ascendendi
795 390 874 417 carni
887 390 1012 424 tradidit,

222 438 361 472 primitias
379 438 462 466 veluti
476 437 609 473 quasdam
625 440 797 464 mortuorum
810 457 817 469 ,
840 440 867 464 et
891 437 919 464 in
940 441 1015 464 terra

218 484 373 518 jacentium
385 484 505 520 seipsum
520 483 637 511 oli‘erens
652 483 707 511 Deo
721 491 754 510 ac
767 483 855 515 Patri,
868 487 896 511 et
906 483 1014 518 primus

221 530 305 558 homo
326 530 519 558 manifestatus
543 530 578 558 iis
598 531 646 564 qui
667 530 696 557 in
720 529 792 557 ccelo
809 533 885 557 sunt.
908 529 1014 556 Idcirco

222 580 372 611 augustum
395 581 423 604 et
444 583 573 611 magnum
595 576 663 604 illud
688 576 824 605 adventus
842 584 905 604 cum
929 583 1014 604 carne

222 622 385 657 mysterium
408 622 569 658 ignorantes
589 623 717 650 cmlestes
738 622 845 658 angeli,
860 622 1014 650 ascenden-

222 673 276 696 tem
293 669 469 696 mirabantur
482 669 614 702 attoniti,
640 673 667 697 et
688 677 761 697 novo
782 673 864 704 atque
880 669 1012 696 inusitato

221 716 381 750 spectaculo
405 715 509 743 turbati
532 719 638 742 tantum
658 723 711 743 non
731 716 809 743 aiunt
828 725 835 743 :
854 725 863 741 ι
881 715 949 748 Quis
970 719 1014 743 est

221 762 274 790 iste
286 763 334 797 qui
349 762 425 790 venit
440 763 475 790 de
492 762 578 790 Edom
591 762 637 789 ὀἳ
655 772 664 789 ι
687 762 741 790 hoc
752 766 795 790 est
811 763 845 790 de
860 767 944 790 terra.
958 761 1012 789 Sed

220 808 346 843 ignaram
369 808 542 836 admirabilis
568 809 615 836 Dei
639 816 673 836 ac
692 808 785 837 Patris
802 808 945 844 sapientia;I
964 816 1012 836 su-

220 862 335 889 pernam
354 854 428 881 illam
446 855 652 883 multitudinem
670 855 793 891 Spiritus
812 863 867 882 non
888 854 1010 887 dimisit,

220 899 348 934 quinimo
360 901 444 935 jussit
458 905 487 928 ut
502 901 527 929 ei
544 906 674 937 tanquam
691 901 748 937 regi
768 908 801 928 ac
817 901 940 929 universi
959 901 1012 928 Do—

1065 300 1151 327 πάλαι
1176 300 1310 327 δύσϐατον
1332 301 1494 336 ὲξομαλιῶν.
1526 301 1646 334 Ἀδατος
1668 301 1724 337 γὰρ
1749 299 1783 337 ἦν
1811 302 1860 328 ἁν-

1066 346 1185 382 θρώποις
1213 347 1355 379 παντελῶς
1382 348 1397 374 6
1420 348 1546 383 οὐρανὸς,
1577 348 1624 375 καὶ
1654 348 1685 375 οὐ
1718 348 1861 384 πεπάτηκε

1065 394 1198 429 πρότερον
1222 393 1332 420 πώποτε
1357 394 1426 430 σὰρξ
1440 394 1470 421 τὺ
1485 394 1605 430 καθαρὸν
1626 395 1714 421 ἐκεῖνο
1726 395 1772 421 καὶ
1794 394 1864 421 πάν-

1064 447 1147 473 αγνον
1175 438 1230 466 τών
1259 439 1383 473 ἀγγέλων
1406 440 1515 476 χωρίον,
1539 440 1690 467 ὲνεκαίνισε
1706 439 1734 466 δὲ
1755 439 1864 475 πρῶτος

1065 485 1131 520 ἡμῖν
1145 484 1193 520 τὴν
1211 486 1250 516 εἰς
1261 484 1342 512 αὐτὸν
1351 486 1446 513 ἄνοδον
1456 487 1470 513 6
1482 486 1610 522 Χριστὸς,
1618 486 1666 513 καὶ
1680 486 1780 521 τρόπον
1795 485 1861 511 ἔδω-

1064 539 1112 557 κεν
1125 531 1219 558 ἀνόδου
1231 531 1282 566 τῆς
1292 532 1332 562 είς
1346 531 1461 567 ούρανὺν
1475 533 1508 567 τῇ
1524 531 1754 567 σαρκὶ,ἀπαρχὴν
1765 531 1862 566 ὥσπερ

1064 576 1125 603 τινὰ
1137 577 1190 603 τῶν
1204 577 1425 612 κεκοιμημένων,
1433 577 1479 604 καὶ
1491 578 1519 604 ἐν
1529 577 1581 613 γῆς
1592 577 1699 613 χώματι
1715 577 1862 612 κειμένων,

1064 622 1161 649 ἑαυτὸν
1183 623 1356 658 ἀνακομίσας
1383 623 1423 658 τῷ
1442 623 1502 659 Θεῷ
1525 624 1573 650 καὶ
1592 623 1689 659 Πατρὶ,
1718 623 1765 649 καὶ
1782 623 1862 658 πρῶ-

1063 677 1110 700 τος
1120 669 1262 704 ἄνθρωπος
1279 669 1373 704 ὀφθεὶς
1390 671 1446 702 τοῖς
1469 671 1498 697 ὲν
1513 669 1630 706 οὐρανῷ.
1646 669 1792 705 Τοιγάρτοι
1815 670 1865 696 καὶ

1063 715 1094 742 τὸ
1110 717 1210 743 σεπτὸν
1221 716 1268 743 καὶ
1285 716 1355 752 μέγα
1370 716 1420 752 τῆς
1441 716 1589 751 ἐπιδημίας
1603 716 1655 752 τῆς
1673 715 1742 752 μετά
1759 715 1863 751 σαρκός

1066 762 1215 798 μυστήριον
1232 763 1281 789 οὐκ
1291 763 1390 795 ειδότες
1405 763 1429 790 οἱ
1445 764 1505 790 κατ’
1520 763 1634 799 οὐρανὸν
1643 763 1719 794 ὄντες
1737 762 1862 797 ἄγγελοι,

1063 808 1173 835 ἀνιόντα
1197 808 1431 844 κατετεθήπεσαν,
1454 809 1501 835 ἐπὶ
1519 808 1548 835 δὲ
1569 807 1608 844 τῷ
1626 807 1693 843 ξένῳ
1716 807 1763 834 καὶ
1781 806 1863 843 ἀήθει

1065 855 1207 890 πράγματι
1237 854 1379 890 μονονουχὶ
1400 853 1625 889 τεθορυὸημένοι,
1660 853 1737 888 φασί·
1771 862 1780 878 ι
1812 852 1864 884 Τίς

1063 898 1142 934 οὗτος
1154 901 1169 927 6
1188 901 1407 937 παραγενόμενος
1431 900 1460 934 ἐξ
1486 900 1589 935 Ἐδώμ;
1610 909 1620 926 ι
1636 899 1710 926 τοῦτ’
1728 899 1812 930 ἔστιν,
1831 899 1865 925 ὲκ

220 947 296 974 mino
312 946 440 975 cmlestes
455 951 549 982 portas
560 947 711 983 aperirent,
727 948 905 975 exclamans:
924 957 933 973 ι
950 947 1010 975 Tol-

1064 948 1126 983 γῆς.
1147 948 1218 975 Ἀλλ’
1231 948 1281 974 οὐκ
1303 947 1445 974 ἀδίδακτον
1467 946 1517 982 τῆς
1531 945 1579 973 τοῦ
1600 945 1668 972 Θεοῦ
1692 945 1739 972 καὶ
1755 944 1865 979 ῐῖατρδς

220 992 391 1028 liteportas,
407 993 559 1028 principes,
572 1000 691 1024 vestras,
707 998 735 1021 et
749 994 906 1026 eievamini,
925 998 1011 1029 portae

219 1038 374 1071 teter-nales,
398 1042 426 1066 et
443 1038 569 1066 introibit
586 1039 644 1067 Rex
661 1039 755 1075 gloriae
773 1040 808 1066 ει.
829 1048 838 1066 ι
864 1039 1011 1067 innovavit

219 1084 307 1115 igitur
326 1084 407 1112 nobis
423 1084 558 1114 Dominus
580 1089 676 1113 noster
690 1085 772 1113 Jesus
790 1085 920 1114 Christus
938 1086 1010 1113 viam

220 1134 360 1158 recentem
375 1137 408 1158 ac
421 1130 523 1164 vivam,
546 1135 576 1158 ut
589 1130 693 1159 Paulus
707 1131 745 1158 ait
756 1132 791 1164 ",
807 1138 863 1158 non
876 1131 903 1158 in
916 1136 1012 1159 sancta

219 1175 390 1208 manufacta,
406 1176 454 1204 sed
466 1176 494 1204 in
506 1176 606 1204 coelum
619 1177 708 1212 ipsum
725 1177 879 1212 ingressus,
894 1183 924 1205 ut
938 1185 1012 1205 nunc

219 1228 314 1248 coram
336 1222 412 1249 vultu
436 1222 486 1250 Dei
511 1230 561 1258 pro
586 1223 666 1250 nobis
690 1228 832 1258 appareat.
857 1222 914 1251 Nec
937 1223 1012 1251 enim

220 1267 346 1295 ascendit
364 1267 512 1301 Christus,
531 1272 561 1296 ut
584 1269 707 1303 seipsum
728 1268 889 1304 conspectui
908 1267 957 1296 Dei
980 1276 1013 1296 ac

219 1313 309 1342 Patris
326 1314 516 1342 manifestaret
536 1326 542 1342 :
565 1320 623 1342 erat
640 1315 760 1350 quippe,
775 1319 804 1343 et
827 1319 886 1347 est,
903 1315 1012 1350 eritque

218 1368 328 1396 semper
345 1361 373 1388 iu
389 1360 488 1393 Patre,
507 1366 536 1389 et
555 1362 583 1389 in
602 1362 693 1390 oculis
713 1361 756 1389 sui
772 1361 931 1397 genitoris:
953 1361 1012 1396 ipse

219 1406 293 1434 enim
314 1410 356 1435 est
381 1415 435 1442 quo
458 1415 565 1442 semper
583 1407 703 1443 gaudet;
724 1408 773 1435 sed
792 1407 918 1435 ascendit
940 1414 1015 1435 nune

218 1454 297 1488 quasi
314 1453 397 1481 homo
422 1454 535 1482 insolita
558 1454 679 1489 quadam
703 1457 730 1482 et
753 1454 888 1482 inusitata
905 1454 1014 1481 ratione

218 1499 446 1534 conspiciendum
459 1507 488 1527 se
505 1500 629 1534 praebens
649 1499 769 1528 Verbum
785 1500 860 1536 quod
875 1500 941 1528 olim
961 1500 1013 1527 hu-

218 1546 352 1573 manitate
363 1553 483 1574 vacuum
501 1550 573 1574 erat.
589 1547 675 1582 idque
695 1552 807 1583 propter
821 1555 873 1575 nos
884 1567 892 1580 ,
918 1551 945 1574 et
963 1555 1014 1582 pro

1066 993 1231 1028 ἀξιαγάστου
1252 994 1359 1029 σοφίας,
1373 993 1422 1029 τὴν
1435 993 1492 1020 ἀνω
1505 993 1609 1028 πληθὺν
1623 992 1712 1027 ἀφῆκε
1727 991 1758 1017 τὺ
1778 990 1867 1018 Πνεῦ-

1068 1050 1117 1076 μα,
1138 1040 1308 1068 διεκελεύετο
1318 1040 1346 1067 δὲ
1371 1040 1472 1075 μᾶλλον
1491 1040 1529 1072 ὼς
1545 1039 1651 1074 βασιλεῖ
1663 1038 1711 1065 καλ⁵
1722 1038 1777 1064 τῶν
1793 1037 1866 1064 ὅλων

1065 1087 1188 1124 Δεσπότῃ
1202 1086 1251 1119 τὰς
1263 1086 1407 1122 οὐρανίους
1417 1085 1573 1120 ἀνοιγνύναι
1592 1084 1678 1116 πύλας
1693 1083 1863 1118 ἀναφωνοῦν·

1069 1143 1079 1160 ι
1113 1134 1215 1168 Ἄρατε
1241 1132 1338 1165 πύλας,
1366 1133 1390 1159 οι
1424 1133 1563 1167 ἄρχοντες,
1588 1131 1676 1166 ὑμῶν,
1697 1131 1746 1157 καὶ
1776 1129 1865 1165 ὲπάρσ

1065 1179 1142 1213 θητε,
1152 1178 1235 1205 πύλαι
1249 1177 1365 1209 αἰώνιοι,
1382 1177 1429 1204 καὶ
1440 1176 1626 1203 είσελεύσεται
1640 1177 1654 1203 6
1666 1175 1797 1207 Βασιλεὺς
1812 1174 1863 1209 τῆς

1064 1225 1153 1260 δόξης.
1177 1234 1185 1250 ι
1219 1224 1385 1251 Ἐνεκαίνισε
1418 1224 1507 1250 τοίνυν
1534 1224 1600 1259 ἡμῖν
1622 1222 1636 1249 ό
1658 1222 1761 1256 Κύριος
1782 1221 1863 1257 ἡμῶν

1071 1270 1174 1304 Ἰησοῦς
1199 1269 1318 1305 Χριστὸς
1340 1268 1399 1296 όδὸν
1424 1268 1580 1304 πρόσφατον
1601 1268 1648 1295 καὶ
1671 1267 1773 1300 ζῶσαν,
1795 1266 1862 1297 ώςό

1065 1315 1171 1347 Παῦλός
1198 1323 1292 1351 φησιν,
1308 1315 1358 1341 οὐκ
1378 1315 1417 1346 είς
1433 1314 1610 1350 χειροποίητα
1631 1313 1696 1347 ἀγια
1721 1312 1862 1345 εἰσελθὼν,

1064 1362 1122 1389 ἀλλ’
1147 1362 1188 1393 είς
1213 1361 1294 1388 αὑτὸν
1314 1361 1359 1388 τὸν
1380 1361 1504 1397 οὐρανὸν,
1530 1360 1578 1387 νῦν
1602 1359 1804 1395 ἐμφανισθῆναι
1823 1359 1863 1394 τῷ

1063 1408 1204 1445 προσώπῳ
1213 1408 1260 1435 τοῦ
1287 1408 1356 1435 Θεοῦ
1374 1408 1445 1444 ὑπὲρ
1462 1407 1553 1443 ὴμῶν.
1569 1407 1607 1434 Οὐ
1625 1407 1680 1442 γὰρ
1693 1406 1788 1433 ἑαυτὸν
1811 1406 1862 1441 έμ-

1064 1455 1183 1490 φανίσων
1207 1455 1247 1491 τῷ
1269 1454 1407 1491 προσώπῳ
1428 1454 1475 1481 τοῦ
1488 1452 1557 1480 Θεοῦ
1584 1452 1632 1480 καὶ
1647 1451 1753 1487 Πατρδς
1765 1452 1863 1479 ἀναϐέ-

1064 1501 1148 1537 ϐηκεν
1161 1502 1176 1528 6
1190 1500 1317 1536 Χριστός·
1345 1497 1379 1535 ἦν
1404 1499 1469 1534 γὰρ,
1496 1498 1544 1525 καὶ
1567 1497 1636 1530 ἐστι,
1656 1497 1704 1524 καὶ
1725 1497 1802 1523 ἔσται
1817 1496 1862 1524 διὰ

1063 1546 1174 1579 παντὸς,
1190 1547 1220 1573 ὲν
1235 1545 1334 1580 Πατρὶ,
1350 1545 1398 1572 καὶ
1411 1544 1442 1571 ὲν
1454 1544 1603 1579 ὀφθαλμοῖς
1619 1542 1665 1570 τοῦ
1683 1543 1748 1570 [δίου
1762 1542 1862 1579 γεννή-

219 1591 313 1623 nobis,
329 1595 359 1619 ut
371 1595 398 1619 et
414 1592 545 1620 inventus
561 1596 590 1619 ut
609 1592 692 1620 homo
704 1592 737 1609 ⁵³·
749 1612 756 1625 ,
776 1596 906 1628 tanquam
922 1592 1010 1620 Filius

1063 1600 1150 1628 τορος·
1166 1591 1248 1624 αὐτὸς
1260 1591 1313 1625 γάρ
1329 1592 1413 1622 ἐστιν,
1425 1586 1620 1625 ᾧπροσχαίρει
1634 1588 1679 1615 διά
1689 1588 1801 1620 παντός·
1813 1588 1862 1614 ἀν-

218 1638 247 1665 in
263 1637 364 1665 virtute
377 1657 384 1668 ,
407 1643 435 1666 et
454 1638 501 1673 qui
518 1645 581 1666 cum
602 1645 687 1667 carne
707 1639 794 1667 audiit
814 1639 843 1666 in
867 1639 987 1667 solidum
1003 1648 1010 1666 :

221 1693 230 1709 ι
252 1683 323 1711 Sede
338 1690 353 1710 a
370 1683 476 1712 dextris
493 1684 562 1713 meis
577 1685 599 1700 “
610 1705 618 1718 ,
637 1695 646 1711 ι
670 1685 812 1713 ﬁliationis
827 1685 943 1720 gloriam
960 1686 1011 1713 toti

219 1730 341 1757 humano
354 1730 447 1765 generi
467 1737 516 1765 per
535 1730 658 1766 seipsum
674 1731 824 1766 adoptione
836 1731 1013 1759 transmitte-

218 1779 270 1803 ret.
290 1774 369 1803 Unus
392 1776 466 1804 enim
491 1781 535 1805 est
555 1784 588 1804 ex
612 1777 694 1805 nobis
707 1797 715 1810 ,
734 1778 764 1805 in
780 1782 913 1813 quantum
929 1777 1012 1805 homo

217 1821 356 1856 apparuit,
373 1829 388 1848 a
398 1820 503 1850 dextris
516 1822 561 1849 Del
579 1828 605 1849 et
620 1822 721 1856 Patris,
733 1822 797 1850 licet
808 1830 891 1858 supra
902 1830 1011 1850 omnem

217 1872 374 1895 creaturam
401 1868 457 1900 sit,
482 1873 510 1896 et
528 1869 778 1897 consubstantialis
798 1877 850 1897 suo
872 1870 1010 1905 genitori,

216 1918 354 1949 quatenus
375 1914 478 1943 ell'ulsit
491 1924 525 1944 ex
544 1917 623 1951 ipso,
642 1916 713 1943 Deus
730 1916 765 1943 de
781 1915 836 1944 Deo
849 1936 856 1949 ,
875 1920 902 1944 et
917 1917 1011 1944 lumen

216 1959 250 1987 de
262 1967 327 1988 vero
338 1960 451 1988 lumine.
464 1961 599 1997 Apparuit
611 1962 705 1995 itaque
718 1965 849 1996 tanquam
864 1961 948 1989 homo
960 1969 1011 1998 pro

216 2006 296 2034 nobis
311 2005 407 2039 Patri,
419 2010 451 2034 ut
465 2015 516 2035 nos
532 2008 579 2043 qui
592 2008 627 2034 ab
641 2008 699 2041 ejus
712 2008 790 2035 vultu
806 2012 920 2043 propter
933 2012 1010 2036 vete-

215 2058 274 2078 rem
290 2053 546 2087 praavaricationem
563 2054 667 2088 repulsi
681 2053 833 2087 fueramus,
847 2061 948 2081 rursus
965 2060 1011 2081 co-

216 2104 275 2124 ram
299 2096 379 2125 Patre
398 2098 528 2132 sisteret;
547 2099 642 2132 sedit,
670 2103 699 2126 ut
717 2098 821 2131 Filius,
845 2103 875 2126 ut
896 2103 924 2126 et
941 2106 1008 2132 nos,

215 2144 347 2176 tanquam
360 2142 419 2174 lilii,
440 2150 490 2178 per
506 2150 570 2171 eum
587 2151 815 2179 nuncuparemur
841 2151 873 2171 ac
886 2143 932 2171 Dei
949 2144 1007 2172 ﬁlii.

214 2185 333 2222 ideoque
348 2186 450 2216 Paulus
476 2188 524 2224 qui
539 2189 683 2217 contendit
696 2189 798 2217 habere
813 2196 843 2217 se
866 2188 1009 2217 Christum

214 2233 373 2268 loquentem
388 2235 416 2261 in
432 2235 524 2270 seipso
535 2235 568 2267 ",
583 2236 742 2263 communia
761 2243 823 2264 esse
834 2240 941 2263 naturae
956 2235 1009 2263 hu-

1066 1638 1117 1673 ἐ6η
1131 1637 1159 1665 δὲ
1180 1637 1240 1669 νῦν,
1262 1637 1300 1669 ὼς
1317 1636 1461 1672 ἄνθρωπος
1488 1635 1631 1671 ἀσυνήθως
1654 1643 1685 1660 τε
1708 1633 1756 1661 καὶ
1778 1633 1863 1666 ξένως

1064 1682 1276 1718 ἐμφανισθῆναι,
1302 1683 1317 1709 6
1343 1681 1428 1708 πάλαι
1446 1681 1550 1716 γυμνὸς
1573 1679 1785 1716 ἀνθρωπότητος
1808 1679 1863 1706 Δό-

1063 1739 1121 1765 γος.
1137 1730 1176 1756 Δι’
1187 1729 1262 1765 ἡμᾶς
1283 1729 1311 1755 δὲ
1325 1727 1413 1760 τοῦτο,
1429 1728 1478 1754 καὶ
1493 1727 1564 1763 ὑπὲρ
1578 1728 1594 1762 ἡ
1600 1726 1670 1762 μῶν,
1692 1726 1735 1753 ἵνα
1763 1725 1810 1753 καὶ
1823 1725 1863 1758 ὡς

1063 1775 1207 1811 ἄνθρωπος
1220 1773 1353 1810 εὑρεθεὶς,
1375 1773 1413 1804 ὡς
1432 1772 1496 1804 Υίὺς
1513 1773 1542 1799 ὲν
1566 1771 1691 1807 δυνάμει,
1718 1770 1766 1797 καὶ
1792 1770 1863 1806 μετά

1064 1821 1166 1857 σαρκὸς
1183 1820 1304 1851 ἀκούσας
1322 1818 1450 1852 καθόλου,
1469 1827 1478 1844 ι
1505 1817 1599 1845 Κάθου
1614 1818 1646 1844 ὲκ
1656 1816 1750 1850 δεξιῶν
1769 1825 1832 1851 μου,
1850 1826 1859 1843 ι

1062 1867 1112 1902 τῆς
1129 1864 1265 1897 υἱοθεσίας
1282 1865 1331 1900 τὴν
1342 1863 1431 1897 δόξαν,
1446 1863 1500 1898 ὅλῳ
1521 1863 1555 1889 δι’
1571 1862 1668 1890 ἑαυτοῦ
1685 1861 1862 1899 παρα-πέμψῃ

1061 1911 1102 1947 τῷ
1111 1911 1196 1947 γένει.
1215 1908 1261 1942 Εἷς
1280 1911 1334 1946 γάρ
1349 1911 1423 1936 ἐστιν
1440 1909 1528 1945 ἡμῶν,
1549 1908 1618 1936 καθὸ
1629 1908 1748 1943 πέερηνεν
1758 1907 1863 1943 ἀνθρω-

1062 1968 1124 1992 πος,
1135 1960 1168 1986 ὲκ
1179 1958 1274 1991 δεξιῶν
1286 1958 1334 1986 τοῦ
1347 1957 1416 1985 Θεοῦ
1428 1958 1475 1985 καὶ
1492 1957 1609 1993 Πατρδς,
1623 1958 1647 1984 εί
1659 1957 1705 1984 καὶ
1719 1956 1789 1992 ὑπὲρ
1805 1957 1861 1983 πᾶ-

1062 2006 1113 2033 σάν
1133 2006 1207 2032 ἐστιν
1230 2006 1280 2041 τὴν
1305 2004 1405 2038 κτίσιν,
1422 2004 1470 2031 καὶ
1491 2003 1636 2039 ὁμοούσιος
1661 2003 1700 2038 τῷ
1722 2003 1779 2039 [δίῳ
1798 2011 1862 2037 γεν-

1061 2053 1166 2088 νήτορι,
1196 2051 1265 2078 καθὸ
1295 2051 1418 2087 πέφηνεν
1449 2050 1480 2083 ὲξ
1508 2049 1591 2077 αὑτοῦ
1624 2050 1690 2082 Θεὸς
1717 2051 1749 2077 ὲκ
1777 2049 1860 2082 Θεοῦ,

1061 2099 1108 2126 καὶ
1122 2098 1179 2133 φῶς
1188 2099 1219 2124 ὲκ
1231 2097 1319 2132 φωτὸς
1330 2097 1401 2123 κατὰ
1411 2096 1552 2132 ἀλήθειαν.
1568 2096 1745 2131 Ἑνεφανίσθη
1756 2096 1859 2129 τοίνυν,

1061 2147 1099 2177 ὡς
1113 2145 1257 2180 ἄνθρωπος
1282 2144 1352 2180 ὑπὲρ
1364 2143 1443 2179 ἡμῶν
1456 2144 1497 2179 τῷ
1517 2144 1615 2179 Πατρὶ,
1641 2143 1685 2170 ἵνα
1699 2144 1773 2178 ἡμᾶς
1794 2143 1860 2176 τοὺς

1060 2192 1093 2218 ὲκ
1114 2190 1262 2226 προσώπου
1305 2190 1445 2225 γεγονότας
1470 2190 1514 2216 διά
1543 2189 1593 2225 τὴν
1620 2189 1736 2225 ἀρχαίαν
1768 2190 1860 2225 παρά-

1061 2238 1158 2270 δασιν,
1196 2238 1282 2273 στήσῃ
1311 2237 1392 2264 πάλιν
1419 2236 1458 2268 ὡς
1487 2236 1516 2263 ὲν
1545 2235 1685 2271 προσώπῳ
1720 2235 1767 2262 τοῦ
1799 2236 1858 2262 Πα-

214 2286 303 2306 manae
318 2279 421 2308 d0cens
437 2288 469 2308 ea
484 2289 545 2317 qure
561 2289 626 2317 erga
636 2282 728 2317 ipsum
746 2282 922 2316 peculiariter
934 2281 1005 2309 facta

1062 2286 1132 2321 τρός’
1148 2284 1304 2318 κεκάθικεν,
1317 2283 1354 2316 ὡς
1365 2284 1440 2316 Υἱὸς,
1467 2283 1510 2309 ῐνα
1522 2283 1569 2309 καὶ
1580 2283 1671 2318 ἡμεῖς,
1696 2282 1734 2314 ὼς
1748 2281 1803 2308 υἱοὶ
1823 2280 1859 2309 δι’

214 2329 280 2352 sunt
298 2326 355 2360 ait,
372 2327 438 2362 quia
453 2331 480 2355 et
507 2337 516 2353 ι
533 2328 767 2357 conresuscitavit
787 2335 853 2360 nos.
869 2331 896 2356 et
912 2336 1010 2356 conse-

213 2371 280 2399 dere
306 2371 372 2400 fecit
395 2374 424 2400 in
448 2374 612 2402 ecelestibus
632 2374 660 2402 in
683 2373 797 2403 Christo
811 2375 844 2401 ".
862 2385 871 2401 ι
889 2375 1010 2411 Propria

212 2424 333 2453 namque
347 2422 389 2447 est
409 2418 490 2455 765
505 2419 618 2448 Christo
632 2439 640 2453 ,
664 2425 695 2448 ut
710 2420 864 2448 secundum
882 2425 1008 2450 naturam

213 2461 284 2490 Filio
296 2483 304 2496 ,
320 2470 471 2492 consessus
494 2463 614 2500 dignitas
638 2469 667 2492 et
687 2465 794 2500 gloria,
817 2472 900 2501 quam
918 2466 943 2494 ei
961 2467 1009 2495 uni

212 2512 399 2544 congruenter
411 2516 443 2536 ae
456 2516 520 2537 vere
536 2509 710 2537 tribuendam
724 2518 786 2538 esse
801 2510 920 2539 dicimus
934 2521 941 2539 :
957 2512 1006 2540 sed

212 2556 277 2589 quia
292 2556 444 2584 considens
459 2556 548 2584 nostri
565 2556 666 2584 similis
686 2561 748 2591 est,
765 2563 904 2593 quatenus
923 2568 1007 2596 appa-

212 2602 269 2629 ruit
283 2602 383 2636 homo,
398 2602 527 2637 Deusque
547 2602 629 2630 simul
649 2603 683 2631 de
703 2602 759 2631 Deo
773 2604 951 2640 intelligitur,
970 2606 1006 2634 ad

211 2657 263 2677 nos
283 2649 367 2677 etiam
391 2648 594 2684 quodammodo
621 2649 764 2685 dignitatis
790 2652 864 2680 illius
888 2652 1004 2688 gratiam

211 2695 385 2723 transmittit.
411 2694 471 2722 Etsi
503 2695 577 2722 enim
603 2703 663 2724 cum
693 2705 726 2725 eo
749 2697 823 2726 Patri
843 2701 1005 2728 consessuri

212 2749 267 2768 non
291 2740 378 2768 simus
412 2741 572 2776 (quomodo
600 2743 674 2770 enim
697 2752 795 2773 servus
822 2754 944 2781 unquam
969 2747 1004 2774 ad

210 2786 344 2821 aequalem
358 2794 421 2814 cum
436 2787 547 2815 domino
562 2787 692 2818 honorem
707 2791 1004 2828 ascendet?),verum-

211 2837 302 2860 tamen
329 2833 435 2861 sanctis
460 2833 605 2869 discipulis
634 2844 762 2865 sessuros
788 2846 871 2873 super
894 2838 1002 2867 thronis

1059 2331 1142 2359 αὑτοῦ
1168 2330 1399 2367 χρηματίσωμεν,
1427 2328 1474 2355 καὶ
1508 2328 1592 2355 τέκνα
1628 2327 1706 2355 Θεοῦ.
1740 2328 1791 2355 Διά
1815 2336 1858 2355 τοι

1059 2378 1148 2411 τοῦτο,
1161 2377 1209 2404 καὶ
1225 2378 1239 2404 6
1263 2375 1379 2409 Παῦλος,
1405 2376 1419 2402 6
1436 2375 1481 2401 τὸν
1494 2375 1611 2411 Χριστδν
1627 2374 1701 2409 ἔχειν
1724 2375 1752 2401 ὲν
1766 2373 1858 2409 ἑαυτῷ

1058 2425 1192 2453 λαλοῦντα
1211 2423 1423 2458 διατεινόμενος,
1445 2421 1522 2448 κοινά
1538 2422 1572 2457 τῇ
1595 2421 1676 2456 φύσει
1698 2421 1731 2456 τῇ
1749 2420 1852 2456 ἀνθρω-

1059 2471 1122 2507 πεία
1139 2471 1174 2498 τὰ
1193 2471 1233 2502 εἰς
1249 2469 1330 2496 αὐτὸν
1349 2467 1441 2500 ίδικῶς
1459 2467 1592 2502 γεγονότα
1606 2466 1742 2494 διδάσκων
1758 2466 1856 2502 φησὶν,

1059 2518 1100 2545 ὅτι
1118 2518 1164 2545 καὶ
1181 2526 1190 2543 ι
1213 2516 1377 2551 Συνὴγειρεν
1402 2514 1483 2550 ἡμᾶς,
1501 2514 1548 2540 καὶ
1569 2512 1746 2540 συνεκάθισεν
1758 2513 1787 2539 ἐν
1798 2513 1857 2544 τοῖς

1059 2562 1232 2598 ἐπουρανίοις
1258 2561 1286 2587 ὲν
1319 2558 1440 2595 Χριστῷ.
1461 2569 1471 2585 ι
1494 2559 1574 2586 Ἴδιον
1594 2559 1643 2594 μὲν
1662 2558 1717 2595 γὰρ
1736 2559 1775 2591 ὡς
1796 2558 1856 2594 Υίῷ

1059 2608 1131 2636 κατὰ
1143 2607 1224 2642 φύσιν
1242 2605 1359 2641 ὑπάρχει
1371 2605 1481 2641 Χριστῷ
1494 2605 1525 2631 τὸ
1537 2604 1588 2640 τῆς
1599 2605 1755 2640 συνεδρείας
1770 2605 1855 2639 ἀξίω-

1060 2664 1110 2691 μα,
1122 2654 1170 2681 καὶ
1179 2653 1228 2688 τὴν
1245 2652 1293 2679 τοῦ
1308 2651 1498 2687 συγκαθῆσθαι
1518 2651 1607 2683 δόξαν,
1632 2651 1706 2687 αὐτῷ
1731 2660 1760 2678 τε
1787 2661 1855 2687 πρε-

1060 2700 1165 2730 πόντως
1183 2697 1230 2725 καὶ
1247 2697 1320 2732 μόνῳ
1337 2696 1445 2732 ἀληθῶς
1472 2696 1632 2723 ἀνακεῖσθαι
1658 2698 1781 2732 φήσομεν
1793 2705 1799 2711 ·
1824 2696 1855 2723 τὸ

1058 2744 1086 2771 δὲ
1097 2744 1165 2775 ὅλως
1180 2742 1240 2769 καθ’
1254 2742 1327 2777 ἡμᾶς
1345 2740 1479 2777 ὑπάρχειν
1496 2740 1543 2767 τὸν
1561 2740 1765 2775 συνεδρεύοντα,
1785 2741 1855 2767 καθὸ
1873 2754 1876 2757 -

1057 2791 1177 2826 πέφηνεν
1198 2789 1340 2824 ἄνθρωπος
1353 2788 1422 2823 μετά
1443 2787 1489 2814 τοῦ
1517 2786 1635 2813 νοεῖσθαι
1653 2786 1700 2814 καὶ
1722 2786 1789 2813 Θεὸν
1821 2788 1856 2814 ὲκ

1054 2837 1133 2870 Θεοῦ,
1159 2835 1339 2871 παραπέμπει
1371 2842 1430 2866 πως
1455 2833 1504 2859 καὶ
1530 2834 1570 2865 είς
1588 2834 1662 2868 ἡμᾶς
1691 2833 1740 2867 τὴν
1758 2833 1791 2860 ἐκ
1805 2833 1854 2860 τοῦ

246 2888 269 2903 ¹¹⁰
356 2890 472 2932 inlini.
513 2890 534 2906 θ’
554 2890 627 2932 Psai.
647 2901 715 2921 xxm
730 2914 736 2925 ,
753 2893 776 2921 7.
817 2894 839 2910 "
857 2893 939 2923 llcbr.
958 2903 995 2928 lx,

1100 2896 1122 2912 "
1141 2895 1258 2932 Philipp.
1274 2903 1310 2928 ιι,
1332 2894 1356 2921 7.
1397 2891 1428 2907 ⁵⁸·
1450 2891 1520 2919 i‘sal.
1539 2899 1593 2926 cur,
1611 2891 1636 2919 l.
1675 2891 1698 2907 “
1715 2890 1737 2917 li
1751 2890 1816 2919 Cor.

210 2930 259 2951 xui
272 2944 278 2958 ,
293 2924 319 2952 5.
355 2925 378 2941 ⁵³
407 2924 505 2961 Ephcs.
523 2934 553 2958 II,
569 2927 595 2953 6.
