4006 6422
278 399 386 456 185

273 603 354 676 τῷ
389 607 570 678 [la-:91
603 604 744 676 (πῶς
766 605 876 677 7&9
898 605 962 658 τὸ
984 604 1193 669 δοῦλον,
1226 607 1308 668 είς
1341 605 1441 677 τὴν
1489 607 1616 680 ίσην
1664 609 1743 680 τῷ
1791 610 1875 662 δε-

276 699 459 769 σπότῃ
517 699 684 769 τιμὴν
744 699 884 752 ἀνίοι
951 699 1083 752 ποτέ
1112 716 1126 764 ;
1155 698 1198 770 ),
1249 698 1378 752 ἀλλ’
1401 695 1496 754 οῦν
1523 718 1608 771 γε,
1649 701 1752 774 τὴν
1781 703 1874 756 ἐπὶ

275 790 488 861 θρόνων
524 790 740 844 κάθισιν
783 793 894 854 τοῖς
941 790 1119 860 ἁγίοις
1161 792 1526 862 ἐπηγγείλατο
1583 794 1870 865 μαθηταῖς.

285 900 303 932 ι
325 882 503 936 Ὅταν
560 882 694 952 γὰρ,
762 883 952 954 φησὶν,
998 884 1027 936 ό
1077 883 1206 947 Υἱὸς
1233 882 1326 937 τοῦ
1351 884 1642 956 ἀνθρώπου
1673 887 1876 960 καθίσῃ

281 971 371 1027 ἐπὶ
403 970 605 1044 θρόνου
638 974 800 1046 δόξης
830 974 1022 1040 αὐτοῦ,
1040 976 1136 1029 καὶ
1163 975 1324 1046 ὑμεῖς
1353 978 1646 1032 καθίσεσθε
1673 980 1766 1032 ἐπὶ
1779 979 1876 1032 δώ-

275 1064 409 1116 δεκα
432 1063 683 1135 θρόνους,
713 1064 994 1135 κρίνοντες
1030 1065 1130 1130 τὰς
1162 1065 1372 1121 δώδεκα
1420 1068 1595 1138 φυλὰς
1637 1068 1733 1122 τοῦ
1779 1069 1876 1123 Ἰσ-

280 1154 443 1224 ραήλ.
487 1174 508 1206 ι
543 1153 754 1209 Οὐκοῦν
785 1156 1168 1228 ἁνοιχήσομαι,
1217 1157 1403 1227 φησὶν,
1442 1159 1506 1213 οὐ
1543 1158 1711 1230 μονὰς
1746 1160 1874 1229 ὑμῖν

275 1247 592 1317 ἐτοιμὰσων
625 1248 757 1317 (eis!
789 1248 899 1324 7&9
920 1250 1024 1321 ήδη
1053 1250 1293 1322 πολλαὶ),
1329 1252 1424 1306 καὶ
1451 1252 1514 1305 τὸ
1543 1255 1876 1308 ἐπικαινοτο·

275 1341 504 1411 μεῖσθαι
532 1340 601 1410 τῇ
635 1341 814 1396 κτίσει
842 1342 1116 1414 περιττὸν,
1151 1345 1601 1416 προευτρεπίσων
1625 1345 1683 1399 δὲ
1709 1346 1874 1400 τόπον

271 1435 406 1504 ὑμῖν
463 1433 559 1487 τοῦ
610 1429 752 1487 εἷναι
781 1433 1041 1488 δύνασθαι
1078 1436 1262 1490 λοιπὸν
1307 1437 1510 1508 ἀναμὶξ
1561 1439 1676 1502 τοῖς
1699 1438 1875 1508 ἁγίοις

268 1526 533 1596 ἀγγέλοις
565 1527 694 1590 τοὺς
723 1527 884 1591 ὄντας
933 1529 1026 1582 ἐπὶ
1050 1529 1150 1600 τῆς
1175 1529 1297 1600 γῆς,
1333 1530 1422 1583 διὰ
1449 1530 1547 1599 τὴν
1573 1530 1876 1602 μεωλαὸή-

267 1635 450 1672 σασαν
477 1619 758 1692 ἁμαρτίαν
783 1635 800 1653 ο
823 1621 886 1673 οὐ
910 1618 1020 1691 γὰρ
1059 1620 1127 1674 ἂν
1154 1621 1356 1694 ἐμίχθη
1393 1624 1506 1687 τοῖς
1528 1621 1674 1676 οὕτω
1708 1622 1875 1696 βεδήο

263 1711 382 1776 λοις
408 1714 443 1784 ή
471 1712 606 1780 ἀγία
633 1711 742 1765 τῶν
775 1713 890 1767 ἄνω
921 1712 1150 1784 πληθύς.
1187 1713 1561 1786 Κατορθώσας
1594 1714 1650 1768 δὲ
1692 1715 1870 1781 τοῦτο,

262 1803 364 1857 κα)⁵
401 1803 651 1873 συνάψας
688 1805 802 1867 τοῖς
845 1803 960 1858 ἁνω
988 1803 1058 1857 τὰ
1096 1804 1270 1868 κάτω,
1317 1805 1484 1859 τόπον
1522 1805 1580 1860 δὲ
1624 1806 1747 1871 δοὺς
1788 1808 1876 1862 ἁν-

1005 453 1009 457 ,
1463 395 1527 452 ΙΝ
1553 394 1841 456 JOANNIS
1879 399 2332 461 EVANGELIUM
2362 403 2493 460 LIB.
2524 405 2617 461 IX.

277 511 598 584 ἀξιώματος
623 514 806 585 χάριν.
831 513 895 568 Ei
921 512 1030 585 γὰρ
1052 511 1147 568 καὶ
1179 511 1254 585 μὴ
1281 512 1431 585 αὐτῷ
1455 515 1881 588 συνεδρεύσομεν

1985 521 2265 590 promisit.
2302 539 2322 572 ι
2358 487 2594 589 Quando
2650 523 2840 591 enim,
2901 523 3107 596 inqutt,
3161 527 3338 588 Filius
3391 532 3568 590 homi-

3463 421 3559 477 186

1978 614 2064 669 nis
2101 615 2308 670 sederit
2340 614 2394 669 in
2424 615 2556 671 sede
2581 616 2891 687 majestatis
2925 635 3058 685 suae,
3092 622 3354 679 sedebitis
3384 635 3438 680 et
3469 644 3568 684 vos

1979 721 2144 775 super
2199 707 2433 763 thronos
2499 709 2834 776 duodecim,
2889 711 3212 781 judicantes
3270 716 3568 774 duodecim

1981 798 2158 855 tribus
2201 798 2458 855 Israel“.
2491 819 2509 853 ι
2549 799 2719 873 Igitur
2758 803 3044 859 discedam
3067 846 3082 868 ,
3123 805 3326 877 inquit,
3353 824 3570 880 nequa-
3599 821 3603 824 ‘

1977 907 2140 962 quam
2192 893 2353 947 vobis
2405 893 2729 950 mansiones
2777 905 3125 965 paraturus:
3178 900 3365 954 multae
3419 903 3566 956 enim

1977 994 2142 1050 sunt,
2189 991 2248 1038 et
2292 984 2499 1054 aliquid
2533 987 2659 1040 novi
2692 987 2858 1042 rebus
2893 989 3096 1044 creatis
3125 989 3329 1046 addere
3357 1001 3443 1048 est
3469 1008 3568 1048 su-
3599 985 3609 1002 ‘

1975 1074 2279 1146 perfluum,
2327 1075 2422 1133 sed
2464 1087 2876 1148 prmparaturus
2913 1080 3070 1136 vobis
3104 1081 3286 1136 locum
3309 1125 3324 1148 ,
3369 1091 3428 1138 ut
3459 1098 3566 1138 una

1977 1181 2104 1220 cum
2131 1167 2342 1223 sanctis
2379 1168 2593 1240 angelis
2621 1169 2846 1224 demum
2875 1186 3000 1227 esse
3027 1173 3277 1243 possitis,
3310 1175 3407 1245 qui
3439 1191 3568 1246 pro-

1977 1267 2095 1329 pter
2131 1268 2415 1328 peccatum
2443 1259 2589 1330 quod
2625 1276 2722 1316 vos
2750 1262 2821 1318 ab
2857 1263 2939 1319 eis
2969 1263 3213 1336 seiungit
3235 1307 3251 1333 ,
3285 1266 3468 1322 adhuc
3510 1268 3566 1322 in

1975 1357 2123 1404 terra
2167 1349 2363 1418 degitis
2415 1366 2430 1402 :
2485 1367 2586 1407 nec
2625 1353 2772 1408 enim
2815 1369 2940 1409 cum
2977 1363 3087 1410 tam
3118 1358 3350 1428 impuris
3375 1369 3568 1416 sancta

1977 1442 2224 1496 coalitum
2263 1443 2464 1500 cohors
2491 1443 2815 1500 misceatur.
2843 1445 3002 1512 Quod
3033 1462 3158 1503 cum
3197 1465 3482 1522 peregero,
3514 1460 3570 1506 et

1977 1534 2194 1605 superis
2220 1533 2484 1591 inferiora
2515 1538 2886 1608 conjunxero,
2919 1541 3261 1613 modumque
3298 1558 3569 1604 ascensus

1976 1628 2030 1682 in
2059 1643 2356 1697 supernam
2390 1629 2673 1685 civitatem
2705 1631 2860 1688 vobis
2885 1633 3172 1689 tradidero
3190 1677 3206 1700 ,
3231 1636 3380 1692 circa
3408 1654 3571 1708 rege-

1975 1720 2285 1777 nerationis
2317 1732 2535 1793 tempus
2560 1723 2743 1779 denuo
2772 1735 3041 1791 revertar,
3068 1733 3124 1782 et
3159 1742 3441 1784 assumam
3468 1745 3570 1785 vos

1975 1827 2227 1875 mecum,
2275 1832 2294 1864 ι
2333 1822 2396 1867 ιιι
2440 1815 2535 1869 ubi
2577 1830 2699 1870 sum
2736 1829 2877 1886 ego,
2922 1826 2976 1872 et
3008 1832 3108 1874 vos
3148 1818 3294 1875 sitis.
3346 1839 3367 1873 ι
3405 1820 3570 1887 Quod

260 1898 393 1952 όδου
445 1897 550 1968 τῆς
577 1899 658 1961 είς
689 1897 788 1968 τὴν
840 1898 954 1953 ἁνω
999 1897 1157 1950 πόλιν
1189 1899 1340 1970 ὑμῖν,
1388 1897 1550 1954 πάλιν
1592 1898 1869 1972 ἐπανήξω,

1975 1918 2098 1958 cum
2149 1903 2587 1990 nossetPaulus
2611 1945 2626 1970 ,
2663 1906 2719 1960 in
2752 1907 2872 1963 suis
2902 1906 3164 1978 Epistolis
3195 1908 3280 1965 sic
3324 1910 3519 1965 scribit
3551 1929 3568 1966 :

258 1991 409 2045 κατὰ
441 1991 536 2044 τὸν
562 1990 665 2060 τῆς
688 1989 1113 2059 παλιγγενεσίας
1145 1990 1356 2061 καιρὸν,
1403 1991 1498 2044 καὶ
1548 1991 1874 2063 παραλήψοο·

1980 2016 2000 2051 ι
2033 1997 2147 2052 [Ioc
2181 1999 2331 2053 enim
2360 1989 2525 2055 vobis
2556 1999 2796 2056 dicimus
2837 2000 2892 2055 in
2931 2001 3099 2056 verbo
3131 2000 3396 2068 Domini,
3439 2001 3572 2072 quia

261 2101 367 2153 μαι
403 2084 555 2155 ὑμᾶς
580 2083 699 2152 μεθ’
721 2081 944 2150 ἑαυτοῦ,
981 2101 1000 2134 ι
1033 2083 1121 2136 ἵνα
1153 2083 1286 2136 ὅπου
1314 2083 1430 2154 εἰμὶ
1454 2081 1585 2152 ἐγὼ,
1611 2084 1872 2155 καὶὺμεῖς

1975 2105 2074 2146 nos
2100 2132 2114 2155 ,
2151 2091 2246 2162 qui
2272 2092 2511 2147 vivimus
2537 2133 2552 2157 ,
2587 2093 2682 2162 qui
2706 2093 2920 2148 residui
2953 2109 3149 2149 sumus
3179 2093 3235 2148 in
3267 2093 3572 2148 adventum

253 2171 384 2247 ἦτε.
430 2195 449 2228 s
492 2177 560 2228 Ὀ
596 2176 693 2229 καὶ
727 2175 912 2238 συνεὶς
947 2176 976 2228 ό
1004 2174 1221 2238 Παῦλος
1263 2175 1323 2229 ὲν
1347 2175 1576 2240 οἰκείαις
1618 2177 1868 2231 Ἐπιστο-

1967 2181 2226 2248 Domini,
2279 2200 2390 2238 non
2447 2186 2852 2255 praereniemus
2903 2201 3001 2242 eos
3053 2185 3150 2257 qui
3194 2185 3568 2241 dormierunt.

252 2268 400 2333 λαῖς,
440 2267 590 2320 οὕτω
614 2267 748 2340 φησί
777 2285 791 2301 ο
827 2285 847 2318 ι
877 2267 1048 2321 Τοῦτο
1073 2268 1184 2339 γὰρ
1209 2269 1338 2339 ὑμῖν
1374 2267 1606 2340 λέγομεν
1629 2271 1688 2322 ἐν
1721 2270 1864 2343 λόγῳ

1975 2274 2234 2342 Quoniam
2261 2275 2378 2346 ipse
2403 2275 2672 2332 Dominus
2702 2277 2761 2332 in
2787 2278 2950 2348 jussu
2977 2287 3031 2334 et
3063 2279 3121 2333 in
3154 2293 3294 2334 voce
3330 2278 3572 2332 archano

255 2359 496 2427 Κυρίου,
521 2360 606 2412 ὃτι
633 2361 793 2429 ἡμεῖς
818 2360 867 2411 oi
889 2356 1112 2425 ζῶντες,
1171 2361 1221 2413 oi
1281 2360 1728 2432 περιλειπόμενοι
1781 2365 1863 2427 είς

253 2451 356 2522 τὴν
384 2451 695 2522 παρουσίαν
713 2451 810 2505 τοῦ
834 2451 1061 2523 Κυρίου,
1089 2452 1151 2506 οὐ
1190 2453 1264 2524 μὴ
1293 2453 1572 2525 φθάσομεν
1606 2455 1863 2516 τοὺςκοι-

257 2544 563 2615 μηθέντας.
594 2545 717 2596 Ὅτι
740 2544 904 2608 αὐτὸς
926 2546 954 2597 ὁ
984 2545 1192 2616 Κύριος
1216 2548 1274 2601 ὲν
1297 2545 1652 2617 κελεύσματι,
1674 2549 1732 2600 ἐν
1754 2565 1866 2617 φω-

253 2639 321 2707 νῇ
347 2635 724 2706 ἀρχαγγέλου,
771 2636 866 2690 καὶ
897 2639 956 2691 ἐν
999 2637 1262 2707 σάλπιγγι
1307 2639 1442 2693 Θεοῦ
1489 2639 1864 2711 καταϐήσεται

251 2729 367 2782 ἀπὸ
390 2729 653 2799 οὐρανοῦ,
677 2730 772 2783 καὶ
797 2730 848 2781 oi
873 2729 1058 2799 νεκροὶ
1088 2732 1148 2785 ἐν
1188 2729 1411 2802 Χριστῷ
1462 2731 1864 2801 ἀναστήσονται

1969 2369 2110 2440 geli,
2137 2376 2193 2424 et
2227 2369 2282 2423 in
2321 2369 2450 2423 tuba
2484 2368 2580 2426 Dei
2611 2369 2908 2426 descendet
2952 2370 3022 2426 de
3054 2371 3197 2426 coelo
3225 2388 3238 2424 :
3276 2377 3330 2425 et
3366 2369 3568 2424 mortui

1970 2460 2065 2530 qui
2100 2459 2152 2514 in
2180 2459 2407 2515 Christo
2443 2469 2574 2516 sunt
2611 2469 2910 2531 resurgent
2943 2461 3130 2531 primi.
3178 2459 3391 2516 Deinde
3431 2476 3570 2528 nos,

1971 2552 2065 2622 qui
2119 2551 2360 2605 vivimus
2389 2594 2404 2617 ,
2454 2552 2550 2622 qui
2598 2551 3011 2620 relinquimur,
3068 2552 3239 2618 simul
3286 2551 3574 2622 rapiemur

1971 2658 2096 2698 cum
2138 2643 2248 2700 illis
2284 2644 2339 2698 in
2373 2645 2620 2701 nubibus
2646 2644 2869 2699 obviam
2895 2646 3120 2701 Christo
3144 2644 3200 2699 in
3230 2659 3381 2713 aera,
3409 2651 3462 2699 et
3490 2643 3574 2700 sic

1972 2749 2194 2805 semper
2225 2751 2351 2791 cum
2382 2736 2619 2792 Domino
2648 2737 2858 2792 erimus
2883 2736 2952 2791 ⁸⁷.
2991 2755 3010 2788 ι

255 2821 502 2892 πρῶτον.
541 2823 778 2876 Ἔπειτα
815 2824 978 2894 ἡμεῖς
1017 2825 1065 2877 oi
1107 2823 1331 2890 ζῶντες,
1373 2826 1420 2878 oi
1459 2825 1926 2898 περιλειπόμενοι,
1961 2829 2077 2900 ἅμα
2139 2830 2236 2884 σὺν
2296 2831 2483 2895 αὐτοῖς
2557 2830 2998 2902 ἁρπαγησόμεθα
3039 2831 3098 2887 ἐν
3147 2829 3422 2902 νεφέλαις,
3489 2831 3571 2894 είς

253 2917 572 2987 ἀπάντησιν
601 2916 699 2970 τοῦ
729 2916 940 2989 Κυρίου
978 2917 1058 2981 είς
1093 2917 1256 2989 ἀέρα,
1295 2918 1392 2972 κα)⁵
1440 2918 1586 2972 οὕτω
1633 2920 1866 2975 πάντοσε
1908 2920 2006 2974 σὺν
2035 2922 2225 2993 Κυρίῳ
2259 2923 2514 2994 ἐσόμεθα.
2559 2943 2580 2977 s

328 3013 440 3068 Kal
473 3011 631 3068 ὅπου
670 3011 788 3082 ἐγὼ
814 3011 1025 3082 ὑπάγω
1057 3011 1280 3080 οῖδατε,
1305 3011 1407 3066 καί
1443 3011 1562 3083 τὴν
1595 3012 1742 3068 ὁδὸν
1772 3014 1862 3068 ol-

265 3107 424 3164 δατε.

2041 3015 2159 3072 XIV
2227 3019 2280 3074 4.
2315 3019 2384 3072 Et
2411 3035 2513 3090 quo
2540 3035 2634 3091 ego
2660 3018 2793 3074 vado
2821 3059 2836 3084 ,
2873 3019 3048 3084 scitis,
3075 3028 3126 3073 et
3155 3021 3296 3075 viam
3323 3020 3496 3075 scitis.

329 3200 800 3273 Προαποδημήσω
852 3200 953 3271 μὲν
1021 3199 1236 3271 ἔγωγε,
1292 3199 1494 3273 φησιν,
1568 3199 1874 3273 ἐτοιμὰσων

2064 3200 2355 3258 Discedam
2384 3217 2486 3273 ego
2514 3201 2736 3273 quidem
2774 3199 3022 3272 primus,
3069 3201 3249 3272 nquit,
3279 3211 3339 3256 ut
3363 3216 3575 3272 praepa-

258 3296 388 3366 ὗμῖν
429 3294 536 3366 τῆς
591 3294 782 3348 ἀνόδου
823 3293 992 3347 τόπον
1040 3295 1140 3365 τῆς
1201 3297 1283 3360 είς
1337 3293 1621 3368 οὐρανούςο
1662 3293 1778 3348 ἀλλ’
1825 3295 1874 3348 εί

259 3387 546 3459 βούλεσθε,
591 3386 687 3440 καὶ
731 3385 887 3456 φίλον
933 3386 1064 3458 ὑμῖν
1093 3386 1154 3440 τδ
1183 3389 1242 3440 ἐν
1283 3387 1525 3451 ἐκείναις
1567 3386 1874 3441 καταλῦσαι

255 3482 381 3544 ταῖς
412 3481 632 3550 μοναῖς,
669 3478 763 3531 καὶ
808 3478 938 3548 περὶ
989 3477 1188 3532 πολλοῦ
1222 3479 1525 3551 πεποίησθε
1565 3478 1616 3533 τὸ
1651 3480 1738 3543 είς
1773 3479 1873 3550 τὴν

255 3574 372 3628 ἀνω
411 3572 673 3642 γενέσθαι
712 3573 902 3634 πόλιν,
945 3573 1042 3626 καὶ
1079 3574 1194 3636 τοῖς
1232 3573 1410 3642 ἁγίοις
1454 3571 1874 3644 συναυλισθῆναι

259 3667 601 3738 πνεύμασιν,
658 3666 845 3722 οἴδατε
903 3666 1003 3738 τὴν
1045 3667 1185 3732 ὁδὸν,
1232 3665 1382 3720 τοῦτ’
1429 3665 1598 3730 ἔστιν,
1629 3665 1751 3735 ἐμέ.
1792 3666 1872 3718 At‘

258 3761 396 3832 ἐμοῦ
421 3762 536 3833 γὰρ
575 3759 819 3824 πάντως,
844 3759 940 3813 καὶ
971 3759 1033 3813 οὐ
1063 3759 1129 3812 δι’
1165 3758 1355 3824 ἐτέρου
1372 3757 1538 3824 τινὸς,
1569 3757 1669 3829 τὴν
1700 3756 1873 3821 οὕτως

258 3852 600 3921 ἀξιὰγαστον
635 3850 1062 3922 ἀποκερδανεῖτε
1089 3850 1270 3921 χάρινο
1299 3850 1359 3904 οὑ
1389 3850 1500 3921 γὰρ
1530 3849 1718 3922 ἕτερος
1741 3849 1872 3919 ὑμῖν

258 3943 466 4010 ἀνοίξει
508 3943 639 4005 τοὺς
683 3941 968 4013 οὐρανοὺς,
1017 3941 1140 3994 οὐδὲ
1186 3941 1350 4011 βατδν
1409 3933 1684 4008 ἀποδείξει
1733 3941 1869 3994 ποτέ

259 4036 318 4090 τὸ
351 4034 643 4098 παντελῶς
675 4033 898 4097 ἀστιόές
928 4050 989 4086 τε
1025 4033 1121 4087 καὶ
1161 4031 1329 4104 ἄηθες
1357 4034 1471 4096 τοῖς
1498 4033 1608 4086 ἁπὺ
1644 4033 1746 4102 τῆς
1767 4033 1872 4102 γῆς

260 4128 486 4200 χωρίον,
521 4129 571 4180 εί
617 4126 694 4198 μὴ
726 4125 888 4196 μόνος
930 4125 1064 4195 ἐγὼ,
1099 4125 1196 4178 καὶ
1221 4123 1427 4196 ἀληθὴς
1450 4125 1479 4176 ὁ
1528 4124 1722 4193 Λόγος.
1769 4123 1872 4177 Διὰ

261 4223 368 4292 γὰρ
406 4237 496 4274 τοι
534 4219 722 4283 τοῦτο,
753 4219 849 4272 καὶ
879 4217 908 4270 ὁ
955 4219 1243 4291 προφήτης
1296 4217 1571 4288 Ἱερεμίας
1610 4217 1668 4270 ἐν
1698 4214 1871 4269 Πνεύ-

263 4330 419 4384 ματι,
447 4309 658 4380 ταύτην
687 4310 836 4381 ἡμᾶς
859 4307 958 4380 τὴν
985 4308 1102 4362 ὁδὸν
1119 4309 1200 4362 ὅτι
1250 4307 1486 4379 μάλιστα
1513 4304 1694 4379 ζητεῖν
1723 4323 1871 4378 παρ-

262 4403 577 4466 εκελεύετο,
608 4401 806 4469 λέγων·
852 4418 871 4451 ι
901 4400 1074 4469 Στῆτε
1103 4399 1194 4452 ἐπὶ
1215 4400 1333 4461 ταῖς
1358 4397 1517 4463 ὁδοῖς,
1543 4397 1638 4449 καὶ
1661 4395 1870 4466 ἐρωτή-

261 4514 393 4550 σατε
428 4493 658 4566 τρίδους
697 4493 906 4564 Κυρίου
949 4491 1222 4555 αἰωνίους,
1245 4490 1340 4544 xal.
1379 4490 1518 4543 ἴδετε
1547 4487 1676 4542 ποία
1722 4487 1870 4540 ἐστὶν

1974 3310 2088 3351 rem
2119 3294 2278 3350 vobis
2309 3294 2494 3349 locum
2526 3309 2797 3350 ascensus
2828 3296 2885 3349 in
2919 3293 3092 3350 caelos
3121 3313 3134 3348 :
3171 3293 3265 3350 sed
3301 3295 3347 3350 si
3385 3295 3440 3348 in
3464 3294 3576 3351 illis

1975 3387 2364 3443 mansionibus
2401 3388 2610 3442 morari
2643 3402 2742 3442 vos
2770 3387 2955 3456 juvat,
2980 3395 3037 3442 et
3074 3387 3132 3442 in
3167 3402 3463 3458 supernam
3497 3387 3576 3442 ci-

1973 3480 2198 3536 vitatem
2243 3479 2458 3552 ingredi
2491 3480 2716 3550 plurimi
2747 3479 2957 3537 ducitis
2979 3500 3012 3549 ,ί
3033 3495 3098 3535 ac
3124 3495 3234 3535 una
3275 3495 3403 3535 cum
3447 3495 3577 3535 san-

1974 3573 2084 3628 ctis
2119 3572 2413 3643 spiritibus
2438 3571 2711 3628 diversari
2733 3614 2750 3641 ,
2781 3573 2928 3627 viam
2953 3613 2968 3636 ,
3010 3573 3063 3628 id
3103 3581 3189 3628 est
3215 3588 3336 3640 me,
3367 3573 3573 3628 nostis.

1973 3661 2078 3718 Per
2119 3679 2204 3719 me
2232 3663 2380 3718 enim
2409 3663 2603 3734 utique
2624 3703 2640 3727 ,
2673 3678 2738 3718 ac
2769 3679 2880 3718 non
2909 3679 3008 3734 per
3043 3663 3213 3718 alium
3252 3663 3429 3718 ullum
3461 3673 3573 3718 tam

1974 3755 2362 3812 admirabilem
2422 3759 2659 3828 gratiam
2715 3757 3200 3822 consequemini:
3263 3772 3367 3812 nec
3425 3757 3572 3812 enim

1974 3848 2115 3904 alius
2138 3849 2299 3904 vobis
2325 3850 2498 3904 ccelos
2524 3849 2758 3920 aperiet,
2782 3857 2877 3904 aut
2905 3849 3251 3904 inaccessum
3277 3855 3331 3903 et
3363 3848 3572 3902 invium

1973 3941 2137 4011 plane
2171 3941 2413 3997 terrenis
2439 3941 2649 4008 locum,
2681 3955 2914 3997 accessu
2943 3940 3159 3996 facilem
3191 3939 3381 3995 reddet
3407 3980 3422 4005 ,
3463 3939 3573 3996 nisi

1973 4032 2139 4104 766
2178 4048 2280 4103 ego
2317 4033 2501 4088 solum
2535 4047 2599 4087 ac
2631 4048 2824 4088 verum
2861 4030 3106 4087 Verbum
3127 4074 3142 4100 ,
3170 4031 3407 4103 ideoque
3440 4047 3572 4103 pro-

1972 4127 2139 4198 pheta
2175 4126 2448 4182 Jeremias
2482 4125 2537 4179 in
2583 4124 2792 4196 Spiritu
2829 4126 2972 4181 hanc
3006 4140 3110 4183 nos
3144 4126 3388 4181 maxime
3427 4125 3572 4181 viam

1971 4231 2216 4286 quaerere
2240 4216 2470 4286 jubebat
2494 4257 2511 4281 ,
2551 4215 2790 4272 dicens:
2853 4235 2872 4269 ι
2912 4216 3067 4272 State
3106 4233 3275 4288 super
3309 4218 3470 4284 vias,
3508 4225 3566 4272 et

1970 4309 2173 4373 videte,
2201 4316 2255 4363 et
2282 4308 2626 4380 interrogate
2662 4308 2895 4363 semitas
2927 4308 3143 4363 Domini
3178 4323 3301 4380 quae
3336 4323 3365 4362 a
3398 4322 3575 4362 sarcu-

1973 4403 2026 4458 lo
2053 4421 2068 4458 :
2093 4409 2148 4458 et
2176 4400 2356 4459 videte
2384 4401 2570 4471 qualis
2597 4408 2682 4456 est
2705 4401 2795 4455 via
2825 4401 2991 4467 bona,
3016 4411 3071 4456 et
3094 4401 3373 4456 ambulate
3405 4401 3459 4454 in
3483 4416 3572 4464 ea,

1972 4502 2027 4550 et
2063 4493 2360 4548 invenietis
2413 4493 2852 4562 purificationem
2892 4493 3186 4547 animabus
3233 4496 3434 4548 vestris
3455 4492 3522 4545 ⁸⁸.
3550 4511 3569 4542 ι

259 4589 294 4660 ἡ
318 4588 441 4651 ὁδὸς
475 4589 512 4657 ὴ
539 4585 741 4657 ἀγαθὴ,
787 4585 880 4639 καὶ
912 4583 1158 4654 βαδίζετε
1197 4583 1256 4637 ἐν
1277 4583 1436 4654 αὐτῇ,
1469 4581 1565 4636 καί
1602 4581 1865 4653 εὑρήσετε

1977 4583 2086 4639 Viae
2113 4583 2384 4653 siquidem
2415 4596 2479 4636 ac
2503 4583 2716 4636 semita:
2738 4581 2980 4646 Domini,
3004 4580 3314 4637 secundum
3341 4581 3577 4652 prophe-

259 4680 539 4750 ἁγνισμὸν
565 4681 687 4740 ταῖς
719 4677 920 4748 ψυχαῖς
942 4675 1116 4747 ὑμῶν.
1161 4694 1179 4727 ι
1225 4673 1368 4727 Ὀδοὶ
1392 4671 1494 4744 μὲν
1526 4671 1636 4742 7&9
1659 4672 1868 4742 Κυρίου

1975 4684 2105 4742 tam,
2137 4685 2266 4732 sunt
2295 4675 2575 4730 salutares
2601 4674 3002 4745 prOphetarum
3035 4674 3160 4728 libri
3196 4695 3210 4730 :
3243 4673 3338 4730 sed
3373 4674 3418 4729 si
3449 4676 3574 4745 quis

259 4773 358 4828 ml.
400 4771 606 4844 τρίὸοι,
654 4770 798 4824 κατά
838 4769 930 4823 τὸν
987 4768 1300 4840 προφήτην,
1349 4766 1419 4819 τὰ
1464 4766 1707 4837 σωτήρια
1759 4763 1870 4818 τῶν

1975 4769 2056 4826 eis
2086 4769 2333 4822 animum
2351 4767 2707 4837 applicuerit,
2727 4766 2871 4820 viam
2891 4765 3138 4821 inveniet
3154 4765 3384 4828 bonam,
3415 4765 3469 4820 id
3489 4772 3578 4821 est

259 4865 440 4934 ἁγίων
489 4863 789 4935 προφητῶν
831 4862 1264 4932 συγγράμματαο
1310 4859 1428 4914 ἀλλ’
1469 4858 1642 4922 εἴτις
1685 4857 1873 4921 αὐτοῖς

1975 4861 2256 4918 Christum
2279 4899 2295 4924 ,
2329 4875 2426 4930 per
2448 4875 2614 4930 quem
2661 4866 2718 4916 et
2764 4859 3010 4929 perfecta
3048 4857 3422 4915 sanctificatio
3449 4859 3578 4914 ani-

259 4957 353 5011 τὸν
391 4955 523 5010 νοῦν
563 4955 906 5026 ἐπιστήσειε,
945 4955 1045 5024 τὴν
1076 4952 1196 5007 ὁδὸν
1240 4952 1464 5025 εὑρήσει
1508 4951 1609 5025 τὴν
1633 4949 1868 5023 ἀγαθὴν,

1977 4953 2174 5008 mabus
2199 4952 2408 5008 nostris
2433 4951 2670 5007 inditur.
2694 4949 3079 5007 .Iustillcamur
3100 4952 3244 5007 enim
3268 4968 3364 5023 per
3389 4951 3576 5017 ﬁdem,

259 5051 412 5105 τοῦτ’
466 5049 586 5102 ἐστι
631 5048 888 5119 Χριστὸν,
937 5047 1004 5101 δι’
1045 5041 1107 5101 οῦ
1150 5047 1245 5100 καὶ
1288 5047 1317 5099 ὁ
1362 5046 1566 5108 τέλειος
1609 5044 1875 5115 ἁγνισμδς

1979 5055 2035 5103 et
2065 5047 2266 5102 divinae
2293 5053 2585 5102 consortes
2609 5053 2825 5100 natura:
2853 5046 3142 5101 reddimur
3160 5048 3206 5079 ⁸³
3229 5087 3246 5114 ,
3281 5045 3578 5117 participa-

259 5146 388 5208 ταῖς
424 5143 727 5214 ἡμετέραις
769 5140 970 5212 ψυχαῖς
1003 5137 1305 5208 ἐγγίνεται.
1355 5135 1726 5207 Δικαιούμεθα
1765 5135 1876 5206 γὰρ

1977 5143 2131 5196 tione
2168 5140 2349 5196 saneti
2386 5138 2655 5210 Spiritus.
2691 5138 2800 5194 Sed
2831 5150 2889 5194 et
2923 5139 3044 5211 ipse
3076 5156 3275 5210 magna
3306 5157 3441 5196 voce
3467 5139 3578 5194 cla-

262 5232 356 5286 διά
406 5231 510 5301 τῆς
553 5230 814 5296 πίστεως,
856 5231 952 5283 καὶ
987 5229 1138 5292 θείας
1178 5227 1617 5299 ἀναδεικνύμεθα
1659 5225 1877 5297 φύσεως

265 5326 523 5379 κοινωνοὶ
563 5327 629 5396 τῇ
685 5324 904 5396 μεθέξει
959 5322 1053 5377 τοῦ
1099 5321 1255 5391 ἁγίου
1309 5321 1649 5393 Πνεύματος.
1717 5320 1878 5374 Ἀλλὰ

265 5420 362 5473 καὶ
402 5417 569 5481 αὐτὸς
626 5417 655 5470 ὁ
715 5415 1234 5487 μεγαλοφωνότατος
1286 5415 1574 5486 προφήτης
1642 5413 1873 5477 Ἡσαΐας

263 5514 446 5576 οὕτως
482 5513 620 5582 ἡμῖν
639 5510 732 5565 τὸν
753 5511 988 5582 Χριστὸν
1015 5510 1360 5580 διεκήρυττε,
1391 5508 1587 5578 λέγων·
1621 5527 1640 5560 ι
1675 5506 1871 5562 Ἔσται

263 5607 386 5660 ἐκεῖ
444 5603 564 5666 ὁδὸς
629 5602 867 5674 καθαρὰ,
917 5603 1013 5656 καὶ
1061 5601 1178 5666 ὁδὸς
1231 5599 1366 5670 ἁγία
1430 5599 1789 5672 κληθήσεται.
1847 5617 1866 5652 s

275 5695 443 5752 Ἐκεῖ
461 5695 523 5750 δὲ
535 5696 655 5751 ποῦ
676 5712 866 5767 φησιν,
885 5696 944 5748 ὲν
964 5696 1079 5758 τοῖς
1101 5692 1318 5765 χρόνοις
1338 5691 1583 5765 δηλονότι
1607 5693 1708 5763 τῆς
1737 5690 1874 5764 μετά

1981 5249 2140 5289 mans
2189 5231 2363 5291 Isaias
2411 5233 2681 5304 propheta
2731 5231 2840 5287 hoc
2885 5232 3053 5288 modo
3090 5233 3253 5289 nobis
3291 5231 3576 5288 Christum

1981 5325 2365 5398 praedicabat:
2428 5344 2447 5378 ι
2482 5324 2599 5380 Erit
2641 5324 2718 5379 ibi
2769 5324 2860 5380 via
2896 5327 3102 5380 munda
3127 5364 3142 5388 ,
3180 5335 3236 5379 et
3257 5323 3346 5377 via
3382 5329 3578 5378 sancta

1982 5419 2276 5474 vocabitur
2305 5419 2374 5473 ‘°.
2406 5437 2424 5470 ι
2481 5417 2567 5472 Ibi
2596 5432 2731 5473 vero
2753 5434 2856 5488 pro
2881 5417 3171 5489 aliquando
3201 5417 3404 5480 sumit,
3436 5424 3577 5470 tem-

1983 5511 2213 5583 poribus
2246 5511 2508 5565 nimirum
2542 5510 2948 5567 incarnationis
2972 5508 3276 5580 Unigeniti.
3301 5507 3403 5562 Via
3426 5509 3575 5563 enim

1983 5603 2147 5661 nobis
2178 5602 2328 5658 facta
2354 5611 2441 5659 est
2466 5618 2602 5675 pura
2632 5610 2686 5657 et
2718 5610 2943 5668 sancta,
2975 5618 3072 5672 per
3104 5617 3270 5672 quam
3295 5603 3385 5674 qui
3425 5603 3578 5657 ince-

1983 5695 2158 5762 dunt,
2200 5701 2520 5750 sanctorum
2564 5690 2906 5762 splendidam
2938 5691 3218 5748 civitatem
3251 5708 3315 5748 ac
3347 5692 3576 5749 liberam

334 5873 384 5907 ⁸⁸
443 5875 638 5934 Matth.
697 5894 809 5942 xxx,
853 5878 940 5934 ‘28.
1022 5877 1064 5910 δτ
1108 5877 1356 5932 I'I‘hcss.
1411 5893 1484 5944 iv,
1525 5875 1714 5932 Ii-Iti.
1796 5871 1839 5905 ⁵⁸
1878 5869 2077 5928 Jcrem.
2113 5886 2188 5942 vl,
2243 5870 2328 5926 I6.
2407 5870 2452 5904 ⁸³
2490 5869 2530 5924 II
2570 5868 2714 5926 I‘ctr.
2760 5884 2808 5936 ι,
2846 5869 2899 5927 I.
2938 5871 2982 5906 δ’
3023 5872 3129 5930 Isa.
3180 5891 3347 5939 xxxv,
3379 5875 3434 5930 8.
