4006 6470
476 385 574 439 187
1465 386 1524 444 S.
1567 387 1846 444 CYRILLI
1881 387 2354 445 ALEXANDRINI
2391 385 2711 444 ARCHIEP.
3619 388 3722 446 188

470 498 774 555 Jerusalem
821 500 1064 558 definitis
1101 502 1275 560 visuri
1323 513 1454 562 sunt
1503 505 1864 574 temporibus.
1901 503 2043 570 Quin

2167 504 2354 578 ταρκὺς
2388 503 2699 574 οἰκονομίας
2732 499 2828 556 τοῦ
2865 498 3221 570 Μονογενοῦς.
3265 500 3415 566 Ὀδὺς
3454 501 3561 574 γὰρ
3590 506 3724 575 ἡμῖν

470 596 524 643 et
559 588 674 658 ipse
702 605 898 646 rursus
930 591 1150 650 divinus
1171 593 1462 651 Psalmista
1490 602 1750 664 tanquam
1785 594 1852 648 ad
1878 591 2050 648 Deum

469 678 693 735 Patrem
747 682 866 738 ait:
912 701 931 734 ι
964 681 1162 754 Legem
1213 699 1353 755 pone
1375 685 1528 748 mihi,
1563 683 1814 748 Domine,
1863 683 1918 738 in
1963 684 2052 738 via

420 831 423 834 _
471 781 562 826 tua
586 772 699 829 ".p
731 773 898 846 Cupit
945 775 1092 830 enim
1143 773 1351 852 Christi
1402 775 1615 846 legibus
1661 774 1907 838 erudiri,
1940 789 2052 830 non

473 865 735 933 ignorans
783 865 850 920 ad
899 882 1195 937 supernam
1246 867 1524 922 civitatem
1578 883 1638 924 se
1683 883 2051 924 ascensurum

473 956 520 1010 si
556 973 653 1027 per
680 959 1050 1030 evangelicam
1095 958 1402 1015 doctrinam
1433 966 1586 1016 recta
1627 975 1729 1031 per
1766 975 1931 1017 omne
1958 959 2056 1016 bo-

475 1064 606 1102 num
637 1047 868 1102 feratur.
908 1047 1136 1104 Diflicile
1190 1064 1300 1104 non
1341 1058 1428 1105 est
1468 1049 1578 1104 alia
1616 1064 1842 1121 quoque
1881 1049 2055 1105 multa

474 1154 540 1192 ex
585 1138 864 1208 prophetis
903 1139 957 1192 in
1012 1139 1254 1194 medium
1295 1139 1495 1196 afl‘erre
1543 1140 1864 1196 testimonia
1893 1180 1910 1206 ,
1959 1153 2056 1210 per

475 1243 597 1297 qua:
620 1228 748 1282 licet
772 1243 1075 1300 agnoscere
1097 1231 1240 1284 viam
1265 1239 1517 1286 sanctam
1546 1229 1734 1286 Iesum
1761 1245 1886 1286 esse
1911 1245 2056 1284 nun-

475 1330 733 1390 cupatum
771 1340 784 1376 :
822 1320 918 1377 sed
947 1338 1056 1377 non
1089 1330 1174 1378 est
1199 1338 1426 1380 necesse
1450 1365 1466 1390 ,
1512 1330 1574 1378 ut
1603 1329 1758 1394 puto,
1788 1321 1859 1377 de
1892 1321 2056 1377 rebus

474 1412 610 1468 adeo
638 1414 940 1483 perspicuis
962 1415 1195 1470 multum
1218 1415 1496 1470 laborare.
1523 1414 1690 1470 Scitis
1719 1428 1852 1484 ergo
1883 1413 2052 1480 viam,

474 1520 571 1574 per
593 1519 760 1574 quam
791 1505 1146 1569 ascenderis,
1181 1507 1394 1576 inquit,
1439 1514 1494 1562 et
1529 1506 1637 1578 ipsi
1669 1506 1738 1561 ad
1776 1519 2057 1578 supernas

475 1597 817 1664 mansiones,
846 1597 986 1653 nihil
1017 1597 1166 1653 aliud
1198 1599 1452 1654 indicans
1479 1613 1642 1668 quam
1667 1598 1907 1669 plurima
1933 1612 2060 1654 esse

473 1703 646 1758 eaque
687 1689 952 1759 praeclara
990 1691 1134 1761 apud
1170 1689 1344 1745 Deum
1378 1704 1444 1745 ac
1479 1689 1699 1745 Patrem
1736 1688 2016 1744 domicilia
2039 1728 2056 1756 ,

473 1788 528 1834 et
567 1781 725 1852 prius
772 1782 1070 1837 ascendam
1122 1782 1340 1850 locum,
1382 1782 1528 1838 viam
1565 1781 1724 1838 vobis
1761 1790 2058 1852 paraturus

2151 595 2344 664 γέγονε
2387 591 2606 665 καθαρά
2639 592 2732 647 καί
2765 593 2915 662 ἀγία,
2965 592 3032 646 δι’
3069 588 3138 661 ἦς
3186 593 3236 646 οί
3280 592 3582 662 βαδίζοντες
3627 594 3727 666 τὴν

2151 686 2411 759 λαμπρὰν
2452 685 2561 740 τῶν
2604 685 2777 755 ἁγίων
2802 684 3119 740 καλλίπολιν
3156 685 3250 738 καί.
3294 684 3394 755 τὴν
3436 684 3727 757 ἐλευθέραν

2163 777 2520 851 Ἰερουσαλὴμ
2540 778 2597 832 έν
2617 781 2732 842 τοῖς
2755 777 3082 849 ὡρισμένοις
3110 775 3330 847 ὗψονται
3361 777 3590 848 χρόνοις.
3616 778 3729 831 Καὶ

2153 871 2316 936 αὐτὸς
2366 871 2423 924 δὲ
2453 870 2615 925 πάλιν
2640 872 2669 925 ό
2707 869 2994 934 θεσπέσιος
3025 869 3156 940 ἡμῖν
3184 867 3458 939 Μελῳδὸς,
3481 869 3556 931 ὡς
3593 868 3729 941 πρὸς

2153 963 2287 1018 Θεὸν
2321 963 2544 1036 Πατέρα
2566 964 2721 1035 φησι·
2764 983 2785 1016 ι
2827 962 3209 1036 Νομοθέτησόν
3238 979 3328 1033 με,
3359 961 3552 1033 Κύριε,
3580 963 3640 1015 ὲν
3662 965 3729 1034 τῇ

2153 1054 2258 1127 ὁδῷ
2292 1073 2411 1110 σου.
2443 1074 2462 1109 ι
2505 1055 2792 1128 Ἐπιθυμεῖ
2817 1055 2925 1128 γὰρ
2965 1057 3080 1120 τοῖς
3105 1054 3196 1110 διὰ
3219 1053 3457 1126 Χριστοῦ
3483 1054 3733 1108 παιδεύε-

2155 1148 2284 1202 σθαι
2321 1148 2527 1220 νόμοις,
2549 1149 2652 1203 οὐκ
2684 1149 2959 1220 ἀγνόησας
2985 1165 3071 1212 τις
3101 1149 3185 1202 ὅτι
3214 1146 3310 1202 καὶ
3338 1146 3477 1219 πρὸς
3500 1147 3600 1218 τὴν
3619 1146 3733 1201 ἀνω

2157 1238 2420 1310 βαδιεῖται
2466 1241 2641 1309 πόλιν,
2687 1239 2776 1294 διὰ
2815 1240 2915 1312 τῆς
2973 1237 3336 1310 εὐαγγελικῆς
3371 1236 3732 1303 παιδεύσεως,

2158 1333 2279 1384 κατ’
2299 1330 2430 1384 εὐθὺ
2461 1331 2660 1395 παντὸς
2679 1331 2974 1403 ἐρχόμενος
2991 1327 3221 1398 ἀγαθοῦ.
3250 1329 3362 1383 Καὶ
3379 1329 3737 1399 παρενεγκεῖν

2160 1419 2259 1492 μὲν
2289 1420 2351 1474 οὐ
2383 1419 2638 1491 χαλεπὸν,
2669 1421 2763 1474 καὶ
2798 1419 2991 1492 ἑτέρας
3013 1418 3096 1472 ἔτι
3122 1417 3325 1482 πολλὰς
3353 1418 3420 1471 ὲκ
3445 1415 3738 1490 προφητῶν

2162 1512 2489 1584 μαρτυρίας,
2530 1512 2597 1565 δι’
2629 1504 2705 1566 ῶν
2730 1510 2796 1565 ἂν
2825 1510 3096 1580 εἰδείημεν
3125 1509 3243 1564 ὁδὸν
3270 1508 3372 1579 τὴν
3413 1509 3574 1577 ἁγίαν
3605 1508 3739 1562 ἀποο

2159 1603 2493 1674 κεκλημένον
2538 1601 2631 1655 τὸν
2671 1601 2899 1674 Ἰησοῦν,
2935 1601 3049 1656 ἀλλ’
3081 1600 3256 1667 οὐδὲν,
3277 1596 3453 1671 οἶμαι,
3479 1599 3541 1652 τὸ
3575 1600 3742 1666 ἀναγ-

2160 1696 2314 1750 καῖον
2354 1698 2467 1760 τοῖς
2497 1692 2640 1749 οὕτω
2685 1695 2873 1766 σαφῶς
2905 1693 3263 1765 ὲγκειμένοις,
3304 1694 3385 1756 εἰς
3420 1691 3608 1762 ὄνησιν
3649 1692 3741 1743 ὲπ-

2163 1785 2526 1857 αγωνίζεσθαι
2549 1788 2774 1858 σφόδρα.
2796 1789 2942 1841 Ἴστε
2977 1785 3160 1839 τοίνυν
3187 1783 3288 1855 τὴν
3307 1782 3446 1849 ὁδὸν,
3477 1781 3546 1836 δι’
3579 1775 3648 1852 ἧς
3676 1779 3741 1834 ἂν

474 1888 586 1942 quo
630 1873 803 1929 libere
846 1882 902 1929 et
936 1873 1213 1945 intrepide
1242 1875 1454 1931 versari
1493 1873 1548 1929 in
1587 1874 1701 1931 illis
1741 1873 2062 1946 regionibus

2167 1878 2320 1946 ίοιτε,
2356 1879 2492 1950 φησί
2514 1921 2530 1947 ,
2573 1880 2668 1934 καὶ
2721 1879 2878 1934 αὐτοὶ
2919 1877 3058 1948 πρὸς
3105 1875 3205 1940 τὰς
3247 1876 3360 1932 ἀνω
3409 1873 3581 1946 μονὰς
3623 1871 3742 1944 (ἤδη

475 1963 728 2032 possitis.
763 1961 929 2021 Scitis
969 1981 1098 2020 vero
1123 2004 1138 2030 ,
1188 1965 1404 2036 inquit,
1460 1967 1737 2022 neminem
1766 1981 1863 2038 per
1893 1967 2061 2022 alium

476 2069 638 2124 quam
688 2070 784 2127 per
834 2072 922 2113 me
961 2073 1132 2113 unum
1165 2073 1230 2114 eo
1265 2058 1564 2114 ascendere
1592 2074 1837 2131 unquam
1872 2074 2058 2131 posse.

474 2147 677 2214 Quare,
724 2149 768 2205 si
813 2151 938 2220 quis
967 2150 1034 2206 ab
1075 2165 1264 2206 amore
1291 2150 1504 2207 Christi
1537 2151 1872 2210 deturbatus
1900 2195 1917 2221 ,
1965 2161 2062 2209 aut

476 2240 722 2310 profanis
772 2257 973 2298 vocum
1033 2244 1378 2300 novitatibus
1422 2245 1497 2313 ",
1544 2253 1600 2302 et
1639 2245 2060 2317 peregrinorum

475 2334 869 2390 vocabulorum
923 2338 1336 2408 impuritatibus
1389 2339 1784 2410 syc0pliantias
1841 2339 2061 2410 paranti

475 2425 765 2484 adhzerens
786 2468 801 2493 ,
837 2427 1167 2487 ineffabilem
1201 2440 1256 2486 et
1286 2432 1904 2503 incomprehensibilem
1939 2433 2061 2504 ejus

475 2525 731 2574 naturam
769 2520 916 2577 inter
948 2537 1139 2580 servos
1170 2525 1404 2580 collocet
1428 2565 1444 2591 ,
1495 2535 1590 2580 aut
1632 2527 1863 2583 liberum
1908 2535 1962 2583 et
1995 2543 2062 2584 ex

476 2611 639 2681 767
673 2610 855 2669 Patris
882 2616 1198 2672 substantia
1229 2618 1471 2687 genitum
1506 2617 1747 2674 Verbum
1784 2620 2063 2676 creaturis

474 2705 818 2770 adnumeret,
856 2715 950 2762 aut
981 2708 1090 2764 alio
1128 2710 1332 2779 quovis
1366 2710 1534 2766 modo
1560 2712 1749 2778 violet,
1795 2713 2062 2785 intelligat

475 2813 535 2852 se
571 2798 714 2854 viam
753 2799 822 2855 ad
858 2817 1098 2872 superna
1133 2803 1448 2860 tendentem
1487 2802 1798 2875 perdidisse
1822 2846 1838 2871 ,
1890 2812 1946 2862 et
1990 2807 2062 2862 ab

2163 1972 2320 2027 τοῦτο
2348 1971 2698 2045 παραδηλῶν,
2727 1972 2823 2026 καὶ
2855 1971 3042 2043 ἕτερον
3073 1968 3247 2035 οὐδὲν,
3270 1967 3305 2039 ἢ
3330 1968 3414 2022 ὅτι
3447 1963 3623 2020 πολλά
3647 1965 3743 2037 μὲν

2163 2065 2305 2133 λίαν,
2333 2065 2430 2120 καὶ
2466 2065 2718 2136 εὐπρεπῆ
2753 2065 2823 2119 τὰ
2843 2063 2994 2135 παρά
3033 2059 3154 2133 Θεῷ
3182 2060 3276 2116 καὶ
3302 2059 3478 2129 Πατρί
3509 2055 3744 2112 καταλύ-

2166 2155 2361 2228 ματα),
2377 2157 2473 2212 καὶ
2496 2157 2660 2212 τόπον
2684 2155 2815 2227 ὑμῖν
2847 2151 3162 2224 παρρησίας
3183 2150 3278 2205 τοῦ
3304 2150 3398 2204 καί
3419 2150 3478 2202 ὲν
3515 2148 3745 2210 ἐκείνοις

2162 2248 2416 2319 γενέσθαι
2464 2250 2577 2312 τοῖς
2625 2247 2846 2318 χωρίοις
2906 2243 3216 2314 ὲτοιμάσων
3268 2239 3744 2314 προαναϐήσομαι.

2164 2340 2312 2410 Πλὴν
2365 2338 2500 2406 ῐστε,
2545 2338 2731 2411 φησὶν,
2763 2337 2839 2401 ὡς
2859 2336 2959 2389 οὐκ
2984 2334 3050 2389 ἄν
3086 2351 3169 2397 τις
3194 2332 3244 2386 δι
3296 2331 3486 2403 ἑτέρου
3515 2330 3663 2393 τινὸς
3690 2327 3747 2382 τὸ

2163 2437 2343 2489 ἐκεῖσε
2373 2430 2624 2502 γενέσθαι
2666 2429 2843 2494 λάϐοι,
2871 2428 3013 2500 πλὴν
3029 2427 3095 2480 δι’
3123 2425 3256 2497 ἐμοῦ
3293 2426 3388 2478 καὶ
3435 2423 3622 2494 μόνου.
3645 2423 3747 2474 00--

2164 2525 2293 2582 κοῦν
2331 2525 2386 2578 εί
2407 2541 2491 2589 τις
2512 2523 2737 2577 ὲκπέσοι
2768 2520 2863 2576 τοῦ
2889 2517 3208 2589 ἀγαπᾶσθαι
3237 2515 3389 2589 παρά
3425 2512 3687 2587 Χριστοῦ,
3714 2511 3746 2583 ἢ

2165 2619 2415 2690 βεϐήλοις
2439 2615 2820 2687 κενοφωνίαις,
2861 2615 2956 2668 καὶ
2983 2611 3290 2668 ἀλλοκότων
3318 2609 3582 2679 ῥημάτων
3617 2607 3750 2660 ἀκα-

2165 2710 2417 2782 θαρσίαις
2435 2708 2717 2780 προσέχων
2733 2707 3089 2776 συκοφαντεῖν
3109 2700 3372 2775 ἑλομένῳ,
3395 2699 3494 2772 τὴν
3513 2699 3750 2769 ἄρρητον

2164 2802 2330 2859 αὑτοῦ
2353 2803 2448 2856 καὶ
2479 2799 2839 2872 ἀπερινόητον
2883 2796 3045 2868 φύσιν
3071 2795 3147 2858 ὡς
3171 2795 3228 2849 έν
3256 2791 3460 2855 δούλοις
3489 2788 3751 2844 κατατάτο

2163 2913 2267 2964 τει,
2302 2894 2536 2957 καὶτοῖς
2587 2891 2903 2962 γενομένοις
2957 2885 3291 2960 καταριθμεῖ
3331 2883 3424 2937 τὸν
3467 2881 3752 2951 ἐλεύθερον

474 2989 530 3033 et
575 2995 766 3050 poenas
813 2982 868 3036 in
914 2983 1108 3041 inferis
1150 2985 1483 3057 degentibus
1531 2987 1750 3042 debitas
1790 2987 2059 3044 luiturum

2167 2989 2258 3044 καὶ
2299 2989 2363 3041 ὲκ
2407 2986 2508 3057 τῆς
2554 2983 2744 3048 οὐσίας
2786 2981 2881 3036 τοῦ
2919 2979 3133 3051 Πατρδς
3165 2975 3496 3046 γεννηθέντα
3541 2973 3748 3042 Λόγον,

474 3087 620 3128 esse.
665 3075 936 3140 Quocirca
961 3078 1414 3148 sapientissimus
1448 3079 1656 3138 Paulus
1690 3098 1788 3138 eos
1825 3082 1921 3154 qui
1951 3095 2063 3152 prae

2167 3083 2333 3152 ῆγουν
2366 3077 2487 3132 καθ’
2510 3076 2700 3148 ἕτερόν
2735 3091 2859 3128 τινα
2885 3073 3149 3143 λυπήσειε
3179 3068 3403 3140 τρόπον,
3434 3063 3754 3134 γινωσκέτω

476 3164 738 3218 vecordia
772 3167 970 3222 nolunt
1001 3169 1056 3223 in
1086 3169 1309 3226 Christo
1340 3171 1562 3240 vivere,
1608 3172 1706 3229 sed
1740 3174 1809 3229 ad
1854 3173 2061 3244 legales

2167 3172 2355 3228 λοιπὸν
2397 3171 2499 3243 τῆς
2535 3169 2674 3240 πρὸς
2701 3169 2762 3222 τὸ
2793 3167 2906 3222 ἄνω
2928 3164 3156 3236 πορείας
3188 3162 3288 3233 τὴν
3317 3158 3436 3214 ὁδὸν
3458 3156 3752 3220 ἀπολέσας,

478 3255 707 3312 umbras
747 3256 1012 3328 redeunt,
1073 3262 1284 3320 alienos
1315 3261 1495 3318 factos
1527 3278 1651 3320 esse
1694 3271 1750 3319 et
1788 3280 1819 3319 a
1856 3263 2063 3320 Christi

2170 3265 2264 3317 καὶ
2282 3260 2698 3332 πεπλανημένος
2721 3258 2819 3329 μὲν
2834 3257 2926 3310 τοῦ
2953 3256 3082 3310 ἰδίου
3095 3252 3363 3326 γεωργίου
3386 3251 3514 3314 τοὺς
3528 3249 3725 3314 ἄξονας
3739 3287 3753 3314 ,

479 3347 656 3416 gratia
687 3348 963 3406 excidisse
1003 3352 1080 3407 ait
1125 3368 1192 3408 ex
1230 3369 1297 3410 eo
1354 3354 1501 3426 quod
1546 3355 1740 3413 volunt
1767 3355 2063 3426 iustificari

2171 3353 2316 3411 κατά
2337 3353 2399 3408 τὸ
2431 3350 2722 3424 εἰρημένον
2751 3349 2856 3403 ὑπό
2898 3365 3063 3415 τινος,
3089 3345 3302 3417 ὑφέξων
3333 3343 3392 3398 δὲ
3422 3341 3645 3406 πάντως
3666 3339 3757 3410 τὴν

477 3451 546 3493 ex
613 3438 730 3512 lege
765 3441 830 3496 “.
873 3439 1349 3509 Quemadmodum
1389 3449 1536 3503 enim
1578 3447 1626 3504 is
1665 3448 1756 3518 qui
1791 3463 1821 3502 a
1853 3447 1983 3502 trita
2012 3453 2065 3502 et

2169 3447 2283 3509 τοῖς
2315 3444 2466 3500 κάτω
2496 3443 2716 3515 μένουσι
2736 3441 3052 3516 πρέπουσαν
3079 3439 3255 3510 δίκην.
3282 3436 3380 3490 Διά
3415 3434 3575 3489 τοῦτο
3613 3435 3706 3488 καὶ
3730 3438 3758 3486 ό

479 3540 629 3587 recta
655 3533 742 3588 via
771 3535 1014 3602 excidit,
1047 3539 1258 3594 erroris
1295 3539 1524 3594 omnino
1559 3539 1763 3594 damna
1794 3554 2064 3611 passurus

2176 3537 2486 3608 σοφώτατος
2516 3534 2728 3599 Παῦλος
2751 3535 2878 3598 τοὺς
2915 3531 3330 3605 ἀρνησαμένους
3365 3531 3430 3583 ὲκ
3469 3525 3760 3599 φρενοϐλα-

478 3633 566 3679 est
611 3644 625 3679 :
680 3625 760 3680 sic
809 3627 901 3698 qui
935 3629 1224 3699 repudiata
1253 3629 1700 3700 Christijustitia
1733 3630 2065 3701 evangelicae

2173 3629 2322 3693 ὁείας
2362 3628 2422 3682 τὸ
2461 3629 2519 3681 ὲν
2558 3623 2781 3700 Χριστῷ
2822 3623 3228 3688 πολιτεύεσθαι,
3263 3616 3760 3691 παλινδρομοῦντας

479 3718 923 3777 conversationis
963 3720 1278 3777 doctrinam
1314 3721 1451 3777 nihil
1480 3721 1693 3776 faciunt
1719 3761 1734 3786 ,
1768 3737 2063 3793 supernam

2176 3719 2234 3775 δὲ
2264 3719 2402 3792 πρὸς
2439 3720 2538 3784 τὰς
2569 3721 2633 3773 ἐκ
2662 3717 2829 3789 νόμου
2857 3715 3037 3781 σκιάς,
3065 3710 3544 3787 ἀπηλλοτριῶσθαί
3595 3722 3762 3778 φησιν

478 3811 760 3865 civitatem
799 3827 910 3867 non
947 3812 1254 3882 videbunt,
1297 3829 1479 3885 neque
1515 3829 1685 3883 porro
1727 3813 1896 3871 etiam
1938 3829 2065 3870 cum

2173 3812 2282 3866 ἀπὸ
2332 3811 2569 3882 Χριστοῦ
2617 3811 2714 3864 καὶ
2754 3810 2855 3881 τῆς
2897 3809 3119 3881 χάριτος
3180 3807 3472 3870 ἐκπεσεῖν,
3524 3801 3620 3856 διὰ
3672 3799 3762 3854 τοῦ

478 3904 690 3958 sanctis
729 3905 934 3962 vivent.
972 3905 1075 3962 Via
1100 3908 1250 3964 enim
1280 3923 1404 3978 quae
1433 3907 1569 3962 illuc
1593 3906 1769 3976 ducit,
1805 3907 2064 3966 Christus

2172 3903 2512 3958 δικαιοῦσθαι
2537 3903 2715 3972 φιλεῖν
2737 3904 2801 3956 ὲκ
2825 3902 3233 3973 νόμου.”ονπερ
3256 3899 3366 3972 γάρ
3385 3896 3588 3970 τρόπον
3621 3897 3650 3949 ὁ
3669 3891 3763 3964 τῆς

477 4013 625 4053 unus
661 4006 767 4054 est.
2169 3995 2547 4068 τετριμμένης
2598 4012 2659 4049 τε
2709 3994 2805 4050 καὶ
2842 3995 3056 4058 εὐθείας
3092 3993 3373 4048 ἐκπίπτων
3418 3988 3564 4054 ὁδοῦ,
3600 3987 3670 4042 τά
3700 3988 3761 4039 ἐκ

475 4091 571 4144 τοῦ
616 4093 920 4148 πλανᾶσθαι
971 4093 1188 4158 πάντως
1213 4093 1579 4163 ὑποστήσεται
1625 4093 1817 4166 βλά6η’
1864 4093 2059 4160 οὕτως,
2099 4091 2273 4164 οίμαι,
2299 4092 2399 4147 καὶ
2430 4091 2530 4162 οὐχ
2557 4090 2780 4161 ἑτέρως,
2819 4089 2869 4142 oi
2907 4088 3006 4161 τὴν
3066 4089 3126 4142 έν
3166 4085 3388 4158 Χριστῷ
3415 4079 3762 4149 δικαιοσύνην

477 4185 904 4258 παρωσάμενοι,
959 4187 1054 4241 καί
1111 4188 1210 4257 τῆς
1247 4185 1608 4258 εὐαγγελικῆς
1651 4187 1926 4252 πολιτείας
1967 4187 2068 4258 τὴν
2107 4187 2391 4241 παίδευσιν
2433 4187 2491 4240 ὲν
2557 4183 2636 4255 τῷ
2699 4181 2892 4256 μηδενὶ
2940 4180 3269 4244 τεθεικότες,
3305 4179 3404 4251 τὴν
3445 4176 3559 4231 ἀνω
3613 4172 3762 4229 πόλιν

476 4278 576 4330 οὐκ
647 4277 889 4347 ὄψονται,
929 4279 1043 4334 ἀλλ’
1087 4279 1208 4332 οὐδὲ
1245 4281 1355 4342 τοῖς
1395 4279 1572 4348 ἁγίοις
1612 4279 2102 4349 συνδιαιτήσονται.
2153 4279 2304 4343 Ὁδὸς
2341 4278 2451 4351 γὰρ
2491 4278 2526 4349 ἡ
2571 4275 2709 4348 πρὸς
2752 4274 2911 4329 τοῦτο
2977 4273 3304 4346 κομίζουσα,
3343 4270 3504 4342 μόνος
3549 4267 3699 4323 ἐστὶν
3736 4265 3765 4317 ὁ

477 4370 736 4442 Χριστός.

548 4463 690 4532 XIV,
726 4465 779 4533 5,
795 4463 852 4522 6.
879 4463 1021 4520 Dicit
1042 4465 1090 4520 ei
1125 4463 1354 4520 Thomas
1381 4481 1398 4520 :
1427 4451 2062 4535 Dominemescimus'quo

2237 4454 2406 4525 Λέγει
2439 4450 2599 4516 αὐτῷ
2628 4449 2852 4522 Θωμᾶς-ο
2892 4453 3014 4505 Οὐκ
3058 4449 3306 4518 οἴδαμεν
3330 4446 3449 4501 ποῦ
3491 4447 3759 4518 ὑπάγεις,

477 4553 651 4620 vadis,
695 4563 744 4608 et
796 4554 1058 4625 quomodo
1096 4571 1380 4624 possumus
1437 4556 1578 4609 viam
1619 4555 1804 4610 scire?
1845 4553 1988 4607 Dicit
2025 4556 2065 4608 ei

2179 4545 2428 4611 καὶπῶς
2465 4545 2714 4614 οἴδαμεν
2757 4544 2874 4612 τὴν
2928 4543 3112 4609 ὁδόν;
3150 4544 3321 4611 Λέγει
3375 4539 3536 4606 αὐτῷ
3574 4546 3609 4596 ό
3667 4543 3766 4608 ἰηο

473 4645 639 4700 Jews
665 4663 684 4700 :
722 4643 836 4717 Ego
880 4664 999 4702 sum
1035 4648 1117 4701 via
1139 4689 1154 4714 ,
1195 4657 1244 4702 et
1275 4648 1469 4702 veritas
1497 4687 1512 4712 ,
1556 4657 1606 4702 et
1641 4648 1788 4701 vita:
1832 4657 1882 4702 et
1922 4663 2065 4701 nemo

2180 4638 2351 4704 σοῧς’
2387 4635 2528 4706 Ἐγώ
2555 4637 2671 4705 εἶμι
2704 4637 2741 4705 ἦ
2767 4633 2928 4702 ὁδὸς,
2953 4632 3053 4687 καὶ
3081 4635 3120 4701 ἡ
3144 4631 3416 4700 ἀλήθεια,
3448 4630 3544 4684 καὶ
3564 4633 3603 4700 ἠ
3634 4629 3762 4696 ζωή·

480 4739 620 4793 venit
655 4739 724 4792 ad
763 4738 1004 4805 Patrem,
1046 4739 1152 4793 nisi
1185 4756 1278 4810 per
1311 4755 1412 4793 me.

2179 4730 2383 4796 οὐδεὶς
2436 4729 2673 4799 ἔρχεται
2739 4727 2889 4796 πρὸς
2958 4725 3066 4780 τὸν
3128 4722 3396 4793 Πατέρα,
3448 4725 3504 4776 εἰ
3555 4721 3646 4793 μὴ
3695 4720 3765 4773 δι’

2179 4822 2350 4895 ἐμοῦ.

2244 4914 2414 4969 Οὔπω
2468 4911 2771 4986 διαρρήδην
2824 4911 3004 4964 εἰπεῖν
3055 4908 3377 4982 ἐθελήσαντι
3423 4906 3501 4979 τῷ
3549 4902 3768 4978 Χριστῷ

475 2890 592 2944 arvi
624 2890 797 2947 sulcis
827 2894 1154 2960 aberrasse,
1187 2905 1250 2951 ut
1289 2911 1319 2951 a
1351 2897 1594 2967 quodam
1627 2896 1898 2967 scriptum
1933 2905 2059 2966 est,

555 4921 838 4978 Christum
884 4919 1003 4976 suis
1047 4919 1342 4991 discipulis
1384 4918 1630 4974 nondum
1673 4927 1861 4990 aperte
1888 4916 2073 4973 dicere

483 5015 757 5070 volentem
794 5013 862 5068 ad
899 5012 1068 5068 cmlos
1101 5028 1161 5068 se
1205 5027 1601 5077 ascensurum,
1637 5019 1689 5067 et
1736 5011 1803 5066 ad
1847 5009 2068 5065 Patrem

487 5105 858 5176 migraturum
883 5145 900 5169 ,
937 5102 1034 5157 sed
1063 5103 1414 5176 aznigmatice
1447 5102 1629 5157 adhuc
1657 5111 1711 5157 et
1747 5101 1917 5156 multa
1944 5117 2071 5156 cum

485 5196 737 5267 emphasi
770 5212 886 5252 rem
917 5196 1324 5268 significantem
1351 5192 1594 5249 Thomas
1625 5192 1934 5265 discipulus
1963 5192 2071 5248 sci-

485 5291 746 5355 scitatur,
775 5299 828 5342 et
849 5295 1268 5359 argumentatur
1297 5284 1706 5356 quodammodo
1730 5292 1943 5340 tantum
1965 5299 2077 5339 non

485 5382 656 5438 etiam
696 5394 898 5451 cogens
945 5379 1183 5434 invitum
1237 5377 1423 5434 dicere
1459 5393 1700 5449 quonam
1734 5377 1957 5434 demum
2006 5376 2081 5432 sit

487 5474 777 5537 abiturus,
812 5480 866 5528 et
904 5487 1016 5542 quo
1051 5471 1243 5527 tendat
1272 5471 1422 5527 illius
1467 5470 1756 5527 discessus
1796 5469 1922 5526 iter.
1967 5465 2081 5523 Nec

487 5564 636 5618 (nim
671 5564 901 5629 scimus,
931 5564 1130 5635 inquit,
1163 5579 1274 5635 quo
1299 5563 1454 5618 vadis
1488 5582 1501 5619 :
1539 5571 1593 5619 et
1621 5560 1898 5634 quomodo
1934 5561 2080 5614 viam

492 5657 866 5713 sciverimus?
895 5655 957 5712 Et
991 5671 1120 5712 vero
1157 5657 1381 5712 nimiam
1412 5656 1796 5713 curiositatem
1825 5650 2080 5722 discipuli

2169 5009 2284 5072 τοῖς
2317 5004 2511 5060 ἑαυτοῦ
2554 5003 2846 5076 μαθηταῖς,
2880 5002 2962 5056 ὃτι
2993 5000 3258 5071 βαδιεῖται
3300 4999 3439 5072 πρὸς
3485 4998 3585 5068 τὴν
3632 4999 3765 5060 ἄνω,

2169 5099 2266 5154 καὶ
2315 5097 2661 5167 ἀποδημήσει
2717 5093 2856 5164 πρὸς
2913 5092 3004 5147 τδν
3049 5092 3306 5164 Πατέρα,
3351 5088 3769 5162 αἰνιγματωδῶς

2169 5206 2234 5260 γε
2279 5185 2386 5260 μὴν
2433 5185 2514 5240 ἔτι
2568 5185 2663 5238 καί.
2707 5183 2796 5238 διὰ
2833 5183 3045 5238 πολλῶν
3093 5185 3387 5255 ἐμφάσεων
3429 5183 3490 5236 τὸ
3537 5183 3769 5253 πρᾶγμα

2189 5278 2533 5350 σημαίνοντι,
2591 5274 2958 5348 προσεκόμισε
3011 5274 3110 5348 τὴν
3164 5272 3355 5327 πεῦσιν
3409 5275 3439 5326 ό
3499 5272 3766 5343 μαθητήςο

2188 5373 2390 5444 Θωμᾶς
2423 5370 2479 5424 δὲ
2495 5365 2562 5442 ἦν
2579 5365 2753 5434 οῦτοςο
2778 5369 2872 5422 καὶ
2913 5367 3304 5422 συναναπλέκει
3337 5366 3459 5420 τινά
3487 5364 3767 5436 λογισμὸν,

2191 5461 2478 5535 μονονουχὶ
2519 5459 2614 5513 καὶ
2654 5460 2754 5531 οὐχ
2794 5459 2987 5514 ἑκόντα
3023 5459 3200 5526 λέγειν
3229 5455 3638 5529 ἐκϐιαζόμενος,
3677 5455 3772 5508 καὶ

2187 5557 2312 5611 ὅποι
2339 5554 2469 5608 ποτὲ
2507 5552 2854 5624 πορεύσεται,
2883 5553 2977 5607 καὶ
3004 5543 3064 5604 οὗ
3097 5552 3199 5622 τῆς
3233 5551 3543 5622 ἀποδημίας
3587 5551 3621 5622 ἡ
3653 5546 3770 5611 ὁδὸς

2191 5645 2543 5703 συντείνεται.
2591 5646 2667 5701 Οὐ
2704 5645 2812 5717 γὰρ
2845 5645 3022 5716 ίσμεν,
3051 5642 3177 5715 ἔφη,
3213 5642 3317 5696 ποῦ
3353 5643 3606 5713 ὑπάγεις,
3655 5634 3770 5694 εἶτα

609 5847 648 5878 ⁵³
686 5845 827 5905 l’sal.
858 5863 1007 5916 χχιι,
1043 5847 1127 5903 Η..
1206 5847 1248 5878 ⁸³
1274 5846 1292 5901 ι
1321 5843 1464 5899 Tim.
1491 5856 1566 5908 γι,
1598 5840 1687 5896 20.
1768 5839 1812 5870 ⁸³
1842 5837 2020 5895 Galat.
2055 5854 2105 5905 ν,
2147 5840 2188 5893 δ.
