  <div class='ocr_page' id='page_1' title='image "/cluster/home/n/w/nwhite01/storage/ocr_20150623/74:no.7/coo.31924054869684/102.png"; bbox 0 0 4006 6422; ppageno 0'>
   <div class='ocr_carea' id='block_1_1' title="bbox 286 459 390 514">
    <p class='ocr_par' dir='ltr' id='par_1_1' title="bbox 286 459 390 514">
     <span class='ocr_line' id='line_1_1' title="bbox 286 459 390 514; baseline -0.019 0"><span class='ocrx_word' id='word_1_1' title='bbox 286 459 390 514; x_wconf 75' lang='grc'><strong>189</strong></span> 
     </span>
    </p>
   </div>
   <div class='ocr_carea' id='block_1_2' title="bbox 1340 417 2612 489">
    <p class='ocr_par' dir='ltr' id='par_1_2' title="bbox 1340 417 2612 489">
     <span class='ocr_line' id='line_1_2' title="bbox 1340 417 2612 489; baseline -0.012 -1"><span class='ocrx_word' id='word_1_2' title='bbox 1340 431 1404 488; x_wconf 79' lang='lat' dir='ltr'><strong>IN</strong></span> <span class='ocrx_word' id='word_1_3' title='bbox 1435 427 1724 488; x_wconf 75' lang='lat' dir='ltr'><strong>JOANNIS</strong></span> <span class='ocrx_word' id='word_1_4' title='bbox 1763 419 2221 481; x_wconf 77' lang='lat' dir='ltr'><strong>EVANGELIUM</strong></span> <span class='ocrx_word' id='word_1_5' title='bbox 2253 418 2386 476; x_wconf 86' lang='lat' dir='ltr'><strong>LIB.</strong></span> <span class='ocrx_word' id='word_1_6' title='bbox 2424 417 2520 474; x_wconf 79' lang='lat' dir='ltr'><strong>IX.</strong></span> <span class='ocrx_word' id='word_1_7' title='bbox 2604 475 2612 489; x_wconf 60' lang='grc'><strong>,</strong></span> 
     </span>
    </p>
   </div>
   <div class='ocr_carea' id='block_1_3' title="bbox 3461 399 3569 456">
    <p class='ocr_par' dir='ltr' id='par_1_3' title="bbox 3461 399 3569 456">
     <span class='ocr_line' id='line_1_3' title="bbox 3461 399 3569 456; baseline -0.028 1"><span class='ocrx_word' id='word_1_8' title='bbox 3461 399 3569 456; x_wconf 72' lang='grc' dir='ltr'><strong>ιθῡ</strong></span> 
     </span>
    </p>
   </div>
   <div class='ocr_carea' id='block_1_4' title="bbox 277 523 1914 632">
    <p class='ocr_par' dir='ltr' id='par_1_4' title="bbox 277 545 1889 632">
     <span class='ocr_line' id='line_1_4' title="bbox 277 545 1889 632; baseline -0.015 -10"><span class='ocrx_word' id='word_1_9' title='bbox 277 566 406 631; x_wconf 72' lang='grc' dir='ltr'><strong>πῶς</strong></span> <span class='ocrx_word' id='word_1_10' title='bbox 457 565 528 620; x_wconf 74' lang='grc' dir='ltr'>ἂν</span> <span class='ocrx_word' id='word_1_11' title='bbox 577 561 855 632; x_wconf 72' lang='grc' dir='ltr'><strong>εἰδείημεν</strong></span> <span class='ocrx_word' id='word_1_12' title='bbox 910 557 1011 631; x_wconf 83' lang='grc' dir='ltr'><strong>τὴν</strong></span> <span class='ocrx_word' id='word_1_13' title='bbox 1061 555 1220 621; x_wconf 81' lang='grc' dir='ltr'>ὁδόν;</span> <span class='ocrx_word' id='word_1_14' title='bbox 1276 553 1390 608; x_wconf 75' lang='grc' dir='ltr'><strong>Καὶ</strong></span> <span class='ocrx_word' id='word_1_15' title='bbox 1440 550 1500 605; x_wconf 79' lang='grc' dir='ltr'>τὸ</span> <span class='ocrx_word' id='word_1_16' title='bbox 1538 549 1636 622; x_wconf 79' lang='grc' dir='ltr'>μὲν</span> <span class='ocrx_word' id='word_1_17' title='bbox 1683 545 1889 616; x_wconf 82' lang='grc' dir='ltr'>σφόδρα</span> 
     </span>
    </p>
   </div>
   <div class='ocr_carea' id='block_1_5' title="bbox 2016 523 3577 632">
    <p class='ocr_par' dir='ltr' id='par_1_5' title="bbox 2016 523 3577 599">
     <span class='ocr_line' id='line_1_5' title="bbox 2016 523 3577 599; baseline -0.01 -5"><span class='ocrx_word' id='word_1_18' title='bbox 2016 541 2252 598; x_wconf 73' lang='grc' dir='ltr'>Ξὶιτίειυε</span> <span class='ocrx_word' id='word_1_19' title='bbox 2296 538 2558 595; x_wconf 85' lang='lat' dir='ltr'><strong>amolitur</strong></span> <span class='ocrx_word' id='word_1_20' title='bbox 2599 552 2615 590; x_wconf 87' lang='lat'><strong>:</strong></span> <span class='ocrx_word' id='word_1_21' title='bbox 2667 547 2771 590; x_wconf 88' lang='lat' dir='ltr'><strong>nec</strong></span> <span class='ocrx_word' id='word_1_22' title='bbox 2813 529 2961 587; x_wconf 88' lang='lat' dir='ltr'><strong>enim</strong></span> <span class='ocrx_word' id='word_1_23' title='bbox 2999 525 3299 599; x_wconf 78' lang='lat' dir='ltr'><strong>respondet</strong></span> <span class='ocrx_word' id='word_1_24' title='bbox 3344 523 3410 579; x_wconf 93' lang='lat' dir='ltr'><strong>ad</strong></span> <span class='ocrx_word' id='word_1_25' title='bbox 3453 523 3577 593; x_wconf 83' lang='lat' dir='ltr'><strong>ejus</strong></span> 
     </span>
    </p>
   </div>
   <div class='ocr_carea' id='block_1_6' title="bbox 277 637 1889 732">
    <p class='ocr_par' dir='ltr' id='par_1_6' title="bbox 277 637 1889 732">
     <span class='ocr_line' id='line_1_6' title="bbox 277 637 1889 732; baseline -0.015 -17"><span class='ocrx_word' id='word_1_26' title='bbox 277 659 586 732; x_wconf 82' lang='grc' dir='ltr'>περίεργον</span> <span class='ocrx_word' id='word_1_27' title='bbox 608 653 705 710; x_wconf 88' lang='grc' dir='ltr'><strong>τοῦ</strong></span> <span class='ocrx_word' id='word_1_28' title='bbox 735 651 983 726; x_wconf 82' lang='grc' dir='ltr'><strong>μαθητοῦ</strong></span> <span class='ocrx_word' id='word_1_29' title='bbox 1014 645 1349 720; x_wconf 86' lang='grc' dir='ltr'>παρελαύνει</span> <span class='ocrx_word' id='word_1_30' title='bbox 1381 643 1640 716; x_wconf 85' lang='grc' dir='ltr'>Χριστός·</span> <span class='ocrx_word' id='word_1_31' title='bbox 1675 640 1738 694; x_wconf 89' lang='grc' dir='ltr'><strong>ού</strong></span> <span class='ocrx_word' id='word_1_32' title='bbox 1777 637 1889 709; x_wconf 85' lang='grc' dir='ltr'>γὰρ</span> 
     </span>
    </p>
   </div>
   <div class='ocr_carea' id='block_1_7' title="bbox 278 733 1891 818">
    <p class='ocr_par' dir='ltr' id='par_1_7' title="bbox 278 733 1891 818">
     <span class='ocr_line' id='line_1_7' title="bbox 278 733 1891 818; baseline -0.015 -10"><span class='ocrx_word' id='word_1_33' title='bbox 278 749 650 818; x_wconf 74' lang='grc' dir='ltr'>ἀποκρίνεταί</span> <span class='ocrx_word' id='word_1_34' title='bbox 681 764 736 800; x_wconf 89' lang='grc' dir='ltr'><strong>τι</strong></span> <span class='ocrx_word' id='word_1_35' title='bbox 774 745 916 817; x_wconf 83' lang='grc' dir='ltr'>πρὸς</span> <span class='ocrx_word' id='word_1_36' title='bbox 944 744 1083 812; x_wconf 75' lang='grc' dir='ltr'>ὅπερ</span> <span class='ocrx_word' id='word_1_37' title='bbox 1111 740 1306 813; x_wconf 72' lang='grc' dir='ltr'>ἢθελεν</span> <span class='ocrx_word' id='word_1_38' title='bbox 1339 737 1524 804; x_wconf 83' lang='grc' dir='ltr'>αὐτὸς,</span> <span class='ocrx_word' id='word_1_39' title='bbox 1555 735 1672 790; x_wconf 84' lang='grc' dir='ltr'>ἀλλ’</span> <span class='ocrx_word' id='word_1_40' title='bbox 1711 733 1891 787; x_wconf 61' lang='lat' dir='ltr'><strong>sum</strong></span> 
     </span>
    </p>
   </div>
   <div class='ocr_carea' id='block_1_8' title="bbox 279 823 1890 915">
    <p class='ocr_par' dir='ltr' id='par_1_8' title="bbox 279 823 1890 915">
     <span class='ocr_line' id='line_1_8' title="bbox 279 823 1890 915; baseline -0.012 -18"><span class='ocrx_word' id='word_1_41' title='bbox 279 845 348 915; x_wconf 84' lang='grc' dir='ltr'>τῇ</span> <span class='ocrx_word' id='word_1_42' title='bbox 390 841 504 913; x_wconf 78' lang='grc' dir='ltr'>ίδίᾳ</span> <span class='ocrx_word' id='word_1_43' title='bbox 540 837 741 910; x_wconf 84' lang='grc' dir='ltr'><strong>γνώσει</strong></span> <span class='ocrx_word' id='word_1_44' title='bbox 778 838 1046 908; x_wconf 85' lang='grc' dir='ltr'><strong>τηρήσας,</strong></span> <span class='ocrx_word' id='word_1_45' title='bbox 1076 833 1174 888; x_wconf 75' lang='grc' dir='ltr'>καὶ</span> <span class='ocrx_word' id='word_1_46' title='bbox 1206 829 1386 903; x_wconf 81' lang='grc' dir='ltr'>καιρῷ</span> <span class='ocrx_word' id='word_1_47' title='bbox 1430 827 1630 900; x_wconf 82' lang='grc' dir='ltr'>μᾶλλον</span> <span class='ocrx_word' id='word_1_48' title='bbox 1669 823 1890 888; x_wconf 71' lang='grc' dir='ltr'>ἀναθεὶς</span> 
     </span>
    </p>
   </div>
   <div class='ocr_carea' id='block_1_9' title="bbox 284 912 1890 1009">
    <p class='ocr_par' dir='ltr' id='par_1_9' title="bbox 284 912 1890 1009">
     <span class='ocr_line' id='line_1_9' title="bbox 284 912 1890 1009; baseline -0.012 -20"><span class='ocrx_word' id='word_1_49' title='bbox 284 912 360 1009; x_wconf 56' lang='grc' dir='ltr'>τίς)</span> <span class='ocrx_word' id='word_1_50' title='bbox 401 912 850 1006; x_wconf 54' lang='grc' dir='ltr'>πρεπωδεστψῳ</span> <span class='ocrx_word' id='word_1_51' title='bbox 889 925 1281 983; x_wconf 87' lang='grc' dir='ltr'>διεκκαλύπτει</span> <span class='ocrx_word' id='word_1_52' title='bbox 1320 922 1634 996; x_wconf 82' lang='grc' dir='ltr'><strong>χρησίμως,</strong></span> <span class='ocrx_word' id='word_1_53' title='bbox 1661 919 1800 990; x_wconf 85' lang='grc' dir='ltr'>ὅπερ</span> <span class='ocrx_word' id='word_1_54' title='bbox 1821 912 1890 989; x_wconf 84' lang='grc' dir='ltr'>ἦν</span> 
     </span>
    </p>
   </div>
   <div class='ocr_carea' id='block_1_10' title="bbox 287 1008 1888 1092">
    <p class='ocr_par' dir='ltr' id='par_1_10' title="bbox 287 1008 1888 1092">
     <span class='ocr_line' id='line_1_10' title="bbox 287 1008 1888 1092; baseline -0.012 -12"><span class='ocrx_word' id='word_1_55' title='bbox 287 1008 478 1089; x_wconf 81' lang='grc' dir='ltr'>αὐτοῖς</span> <span class='ocrx_word' id='word_1_56' title='bbox 524 1023 830 1092; x_wconf 83' lang='grc' dir='ltr'>ἀναγκαῖον</span> <span class='ocrx_word' id='word_1_57' title='bbox 878 1023 959 1084; x_wconf 84' lang='grc' dir='ltr'><strong>είς</strong></span> <span class='ocrx_word' id='word_1_58' title='bbox 1012 1017 1272 1091; x_wconf 85' lang='grc' dir='ltr'>μάθησιν.</span> <span class='ocrx_word' id='word_1_59' title='bbox 1332 1013 1476 1084; x_wconf 87' lang='grc' dir='ltr'><strong>Ἐγὼ</strong></span> <span class='ocrx_word' id='word_1_60' title='bbox 1521 1013 1704 1067; x_wconf 80' lang='grc' dir='ltr'><strong>τοίνυν</strong></span> <span class='ocrx_word' id='word_1_61' title='bbox 1748 1008 1888 1080; x_wconf 78' lang='grc' dir='ltr'>είμὶ,</span> 
     </span>
    </p>
   </div>
   <div class='ocr_carea' id='block_1_11' title="bbox 288 1100 1892 1186">
    <p class='ocr_par' dir='ltr' id='par_1_11' title="bbox 288 1100 1892 1186">
     <span class='ocr_line' id='line_1_11' title="bbox 288 1100 1892 1186; baseline -0.019 -3"><span class='ocrx_word' id='word_1_62' title='bbox 288 1114 482 1186; x_wconf 65' lang='grc' dir='ltr'>φησιν.</span> <span class='ocrx_word' id='word_1_63' title='bbox 517 1115 554 1185; x_wconf 83' lang='grc' dir='ltr'>ὴ</span> <span class='ocrx_word' id='word_1_64' title='bbox 593 1111 734 1177; x_wconf 80' lang='grc' dir='ltr'>ὁδὸς,</span> <span class='ocrx_word' id='word_1_65' title='bbox 775 1110 890 1179; x_wconf 76' lang='grc' dir='ltr'>ἐγὼ</span> <span class='ocrx_word' id='word_1_66' title='bbox 919 1111 952 1180; x_wconf 84' lang='grc' dir='ltr'>ή</span> <span class='ocrx_word' id='word_1_67' title='bbox 988 1107 1237 1180; x_wconf 86' lang='grc' dir='ltr'>ἀλήθεια,</span> <span class='ocrx_word' id='word_1_68' title='bbox 1277 1104 1389 1176; x_wconf 74' lang='grc' dir='ltr'><strong>ἐγὼ</strong></span> <span class='ocrx_word' id='word_1_69' title='bbox 1421 1106 1456 1175; x_wconf 76' lang='grc' dir='ltr'><strong>ἡ</strong></span> <span class='ocrx_word' id='word_1_70' title='bbox 1493 1103 1629 1174; x_wconf 81' lang='grc' dir='ltr'><strong>ζωή.</strong></span> <span class='ocrx_word' id='word_1_71' title='bbox 1663 1100 1776 1157; x_wconf 75' lang='grc' dir='ltr'>Καὶ</span> <span class='ocrx_word' id='word_1_72' title='bbox 1809 1100 1892 1154; x_wconf 85' lang='grc' dir='ltr'><strong>ὅτι</strong></span> 
     </span>
    </p>
   </div>
   <div class='ocr_carea' id='block_1_12' title="bbox 292 1193 1894 1275">
    <p class='ocr_par' dir='ltr' id='par_1_12' title="bbox 292 1193 1894 1275">
     <span class='ocr_line' id='line_1_12' title="bbox 292 1193 1894 1275; baseline -0.008 -16"><span class='ocrx_word' id='word_1_73' title='bbox 292 1205 395 1275; x_wconf 76' lang='grc' dir='ltr'>μὲν</span> <span class='ocrx_word' id='word_1_74' title='bbox 425 1203 639 1274; x_wconf 83' lang='grc' dir='ltr'>ἀληθὴς</span> <span class='ocrx_word' id='word_1_75' title='bbox 657 1203 790 1274; x_wconf 72' lang='grc' dir='ltr'><strong>πιερῖ¹</strong></span> <span class='ocrx_word' id='word_1_76' title='bbox 817 1199 1014 1256; x_wconf 81' lang='grc' dir='ltr'>ἑαυτοῦ</span> <span class='ocrx_word' id='word_1_77' title='bbox 1033 1200 1206 1254; x_wconf 89' lang='grc' dir='ltr'>ταῦτα</span> <span class='ocrx_word' id='word_1_78' title='bbox 1227 1199 1400 1268; x_wconf 84' lang='grc' dir='ltr'>λέγων</span> <span class='ocrx_word' id='word_1_79' title='bbox 1420 1198 1450 1251; x_wconf 87' lang='grc' dir='ltr'><strong><em>ὁ</em></strong></span> <span class='ocrx_word' id='word_1_80' title='bbox 1468 1195 1694 1268; x_wconf 86' lang='grc' dir='ltr'>Κύριος,</span> <span class='ocrx_word' id='word_1_81' title='bbox 1715 1193 1894 1258; x_wconf 81' lang='grc' dir='ltr'>οὐδεὶς</span> 
     </span>
    </p>
   </div>
   <div class='ocr_carea' id='block_1_13' title="bbox 289 1287 1893 1364">
    <p class='ocr_par' dir='ltr' id='par_1_13' title="bbox 289 1287 1893 1364">
     <span class='ocr_line' id='line_1_13' title="bbox 289 1287 1893 1364; baseline -0.005 -13"><span class='ocrx_word' id='word_1_82' title='bbox 289 1299 359 1351; x_wconf 81' lang='grc' dir='ltr'><strong>ἂν</strong></span> <span class='ocrx_word' id='word_1_83' title='bbox 386 1336 404 1361; x_wconf 95' lang='grc'><strong>,</strong></span> <span class='ocrx_word' id='word_1_84' title='bbox 459 1290 640 1363; x_wconf 77' lang='grc' dir='ltr'>οἶμαι,</span> <span class='ocrx_word' id='word_1_85' title='bbox 683 1294 793 1349; x_wconf 85' lang='grc' dir='ltr'>τῶν</span> <span class='ocrx_word' id='word_1_86' title='bbox 849 1292 1258 1364; x_wconf 86' lang='grc' dir='ltr'>εὐφρονούντων</span> <span class='ocrx_word' id='word_1_87' title='bbox 1314 1289 1566 1361; x_wconf 74' lang='grc' dir='ltr'>ὲνδοιάσῃ</span> <span class='ocrx_word' id='word_1_88' title='bbox 1648 1287 1893 1343; x_wconf 84' lang='grc' dir='ltr'>πώποτε.</span> 
     </span>
    </p>
   </div>
   <div class='ocr_carea' id='block_1_14' title="bbox 288 1376 1893 1458">
    <p class='ocr_par' dir='ltr' id='par_1_14' title="bbox 288 1376 1893 1458">
     <span class='ocr_line' id='line_1_14' title="bbox 288 1376 1893 1458; baseline -0.004 -19"><span class='ocrx_word' id='word_1_89' title='bbox 288 1386 447 1458; x_wconf 78' lang='grc' dir='ltr'>Πλὴν</span> <span class='ocrx_word' id='word_1_90' title='bbox 494 1388 674 1440; x_wconf 78' lang='grc' dir='ltr'>ἐκεῖνο</span> <span class='ocrx_word' id='word_1_91' title='bbox 706 1386 820 1440; x_wconf 78' lang='grc' dir='ltr'>δεῖν</span> <span class='ocrx_word' id='word_1_92' title='bbox 870 1385 1241 1456; x_wconf 82' lang='grc' dir='ltr'>ὑπολαμὸἀνω</span> <span class='ocrx_word' id='word_1_93' title='bbox 1279 1382 1513 1453; x_wconf 82' lang='grc' dir='ltr'>ζητῆσαι</span> <span class='ocrx_word' id='word_1_94' title='bbox 1543 1376 1893 1452; x_wconf 74' lang='grc' dir='ltr'>φιλομαθῶςο</span> 
     </span>
    </p>
   </div>
   <div class='ocr_carea' id='block_1_15' title="bbox 287 1471 1895 1549">
    <p class='ocr_par' dir='ltr' id='par_1_15' title="bbox 287 1471 1895 1549">
     <span class='ocr_line' id='line_1_15' title="bbox 287 1471 1895 1549; baseline -0.003 -19"><span class='ocrx_word' id='word_1_95' title='bbox 287 1478 387 1530; x_wconf 88' lang='grc' dir='ltr'><strong>τοῦ</strong></span> <span class='ocrx_word' id='word_1_96' title='bbox 418 1479 534 1548; x_wconf 81' lang='grc' dir='ltr'>γὰρ</span> <span class='ocrx_word' id='word_1_97' title='bbox 556 1478 620 1548; x_wconf 82' lang='grc' dir='ltr'>δὴ</span> <span class='ocrx_word' id='word_1_98' title='bbox 638 1478 824 1549; x_wconf 83' lang='grc' dir='ltr'>χάριν,</span> <span class='ocrx_word' id='word_1_99' title='bbox 846 1478 1026 1533; x_wconf 85' lang='grc' dir='ltr'>καίτοι</span> <span class='ocrx_word' id='word_1_100' title='bbox 1049 1477 1188 1546; x_wconf 83' lang='grc' dir='ltr'>φῶς,</span> <span class='ocrx_word' id='word_1_101' title='bbox 1206 1475 1302 1530; x_wconf 76' lang='grc' dir='ltr'><strong>καὶ</strong></span> <span class='ocrx_word' id='word_1_102' title='bbox 1320 1475 1505 1545; x_wconf 90' lang='grc' dir='ltr'>σοφία,</span> <span class='ocrx_word' id='word_1_103' title='bbox 1531 1475 1626 1529; x_wconf 74' lang='grc' dir='ltr'>καὶ</span> <span class='ocrx_word' id='word_1_104' title='bbox 1643 1471 1895 1542; x_wconf 88' lang='grc' dir='ltr'>δύναμις,</span> 
     </span>
    </p>
   </div>
   <div class='ocr_carea' id='block_1_16' title="bbox 289 1563 1984 1642">
    <p class='ocr_par' dir='ltr' id='par_1_16' title="bbox 289 1563 1984 1642">
     <span class='ocr_line' id='line_1_16' title="bbox 289 1563 1984 1642; baseline -0.004 -18"><span class='ocrx_word' id='word_1_105' title='bbox 289 1572 392 1624; x_wconf 80' lang='grc' dir='ltr'><strong>καὶ</strong></span> <span class='ocrx_word' id='word_1_106' title='bbox 429 1570 643 1642; x_wconf 77' lang='grc' dir='ltr'>ἑτέροις</span> <span class='ocrx_word' id='word_1_107' title='bbox 672 1571 729 1624; x_wconf 84' lang='grc' dir='ltr'>δὲ</span> <span class='ocrx_word' id='word_1_108' title='bbox 761 1571 908 1634; x_wconf 78' lang='grc' dir='ltr'>ὅσοις</span> <span class='ocrx_word' id='word_1_109' title='bbox 939 1571 1168 1640; x_wconf 83' lang='grc' dir='ltr'>ὀνόμασι</span> <span class='ocrx_word' id='word_1_110' title='bbox 1198 1567 1353 1640; x_wconf 78' lang='grc' dir='ltr'>παρὰ</span> <span class='ocrx_word' id='word_1_111' title='bbox 1378 1568 1500 1631; x_wconf 84' lang='grc' dir='ltr'>ταῖς</span> <span class='ocrx_word' id='word_1_112' title='bbox 1519 1563 1900 1629; x_wconf 88' lang='grc' dir='ltr'>θεοπνεύστοις</span> <span class='ocrx_word' id='word_1_113' title='bbox 1972 1605 1984 1617; x_wconf 93' lang='grc'><strong>.</strong></span> 
     </span>
    </p>
   </div>
   <div class='ocr_carea' id='block_1_17' title="bbox 288 1655 1901 1734">
    <p class='ocr_par' dir='ltr' id='par_1_17' title="bbox 288 1655 1901 1734">
     <span class='ocr_line' id='line_1_17' title="bbox 288 1655 1901 1734; baseline -0.004 -18"><span class='ocrx_word' id='word_1_114' title='bbox 288 1663 696 1734; x_wconf 82' lang='grc' dir='ltr'><strong>ὠνομασμένος</strong></span> <span class='ocrx_word' id='word_1_115' title='bbox 715 1663 984 1734; x_wconf 83' lang='grc' dir='ltr'>Γραφαίς,</span> <span class='ocrx_word' id='word_1_116' title='bbox 1014 1661 1417 1732; x_wconf 78' lang='grc' dir='ltr'>ὲξειλεγμένοις</span> <span class='ocrx_word' id='word_1_117' title='bbox 1433 1657 1624 1730; x_wconf 81' lang='grc' dir='ltr'>ὥσπερ</span> <span class='ocrx_word' id='word_1_118' title='bbox 1646 1656 1781 1722; x_wconf 75' lang='grc' dir='ltr'>τισὶ,</span> <span class='ocrx_word' id='word_1_119' title='bbox 1803 1655 1901 1710; x_wconf 77' lang='grc' dir='ltr'><strong>καὶ</strong></span> 
     </span>
    </p>
   </div>
   <div class='ocr_carea' id='block_1_18' title="bbox 292 1747 1897 1824">
    <p class='ocr_par' dir='ltr' id='par_1_18' title="bbox 292 1747 1897 1824">
     <span class='ocr_line' id='line_1_18' title="bbox 292 1747 1897 1824; baseline -0.005 -16"><span class='ocrx_word' id='word_1_120' title='bbox 292 1754 438 1808; x_wconf 81' lang='grc' dir='ltr'>πολὺ</span> <span class='ocrx_word' id='word_1_121' title='bbox 467 1755 588 1808; x_wconf 83' lang='grc' dir='ltr'>λίαν</span> <span class='ocrx_word' id='word_1_122' title='bbox 617 1754 835 1824; x_wconf 72' lang='grc' dir='ltr'>ἔχουσιν</span> <span class='ocrx_word' id='word_1_123' title='bbox 853 1753 983 1808; x_wconf 77' lang='grc' dir='ltr'>ὄντα</span> <span class='ocrx_word' id='word_1_124' title='bbox 1008 1753 1188 1822; x_wconf 88' lang='grc' dir='ltr'>λόγον,</span> <span class='ocrx_word' id='word_1_125' title='bbox 1219 1752 1418 1824; x_wconf 80' lang='grc' dir='ltr'>χρῆται</span> <span class='ocrx_word' id='word_1_126' title='bbox 1449 1750 1586 1821; x_wconf 81' lang='grc' dir='ltr'>πρὸς</span> <span class='ocrx_word' id='word_1_127' title='bbox 1612 1749 1674 1803; x_wconf 83' lang='grc' dir='ltr'><strong>τὸ</strong></span> <span class='ocrx_word' id='word_1_128' title='bbox 1701 1747 1897 1819; x_wconf 82' lang='grc' dir='ltr'>παρὸν,</span> 
     </span>
    </p>
   </div>
   <div class='ocr_carea' id='block_1_19' title="bbox 288 1839 1896 1918">
    <p class='ocr_par' dir='ltr' id='par_1_19' title="bbox 288 1839 1896 1918">
     <span class='ocr_line' id='line_1_19' title="bbox 288 1839 1896 1918; baseline -0.007 -16"><span class='ocrx_word' id='word_1_129' title='bbox 288 1849 417 1902; x_wconf 80' lang='grc' dir='ltr'>όδὸν</span> <span class='ocrx_word' id='word_1_130' title='bbox 477 1846 699 1912; x_wconf 77' lang='grc' dir='ltr'>ἑαυτὸν,</span> <span class='ocrx_word' id='word_1_131' title='bbox 751 1847 846 1901; x_wconf 66' lang='grc' dir='ltr'><strong>καὶ</strong></span> <span class='ocrx_word' id='word_1_132' title='bbox 900 1845 1183 1918; x_wconf 85' lang='grc' dir='ltr'>ἀλήθειαν,</span> <span class='ocrx_word' id='word_1_133' title='bbox 1229 1845 1322 1898; x_wconf 78' lang='grc' dir='ltr'><strong>καὶ</strong></span> <span class='ocrx_word' id='word_1_134' title='bbox 1375 1843 1523 1913; x_wconf 76' lang='grc' dir='ltr'>ζωὴν</span> <span class='ocrx_word' id='word_1_135' title='bbox 1557 1839 1896 1904; x_wconf 87' lang='grc' dir='ltr'>ἀποκαλῶν;</span> 
     </span>
    </p>
   </div>
   <div class='ocr_carea' id='block_1_20' title="bbox 1989 616 3576 698">
    <p class='ocr_par' dir='ltr' id='par_1_20' title="bbox 1989 616 3576 698">
     <span class='ocr_line' id='line_1_20' title="bbox 1989 616 3576 698; baseline -0.014 -9"><span class='ocrx_word' id='word_1_136' title='bbox 1989 634 2232 698; x_wconf 90' lang='lat' dir='ltr'><strong>libitum,</strong></span> <span class='ocrx_word' id='word_1_137' title='bbox 2264 632 2362 689; x_wconf 87' lang='lat' dir='ltr'><strong>sed</strong></span> <span class='ocrx_word' id='word_1_138' title='bbox 2394 630 2528 686; x_wconf 91' lang='lat' dir='ltr'><strong>illud</strong></span> <span class='ocrx_word' id='word_1_139' title='bbox 2553 642 2670 686; x_wconf 69' lang='lat' dir='ltr'><strong>sua:</strong></span> <span class='ocrx_word' id='word_1_140' title='bbox 2714 623 3022 696; x_wconf 85' lang='lat' dir='ltr'><strong>cognitioni</strong></span> <span class='ocrx_word' id='word_1_141' title='bbox 3047 632 3342 676; x_wconf 80' lang='lat' dir='ltr'><strong>reservans</strong></span> <span class='ocrx_word' id='word_1_142' title='bbox 3365 655 3381 681; x_wconf 91' lang='lat'><strong>,</strong></span> <span class='ocrx_word' id='word_1_143' title='bbox 3412 616 3576 687; x_wconf 78' lang='lat' dir='ltr'><strong>quin-</strong></span> 
     </span>
    </p>
   </div>
   <div class='ocr_carea' id='block_1_21' title="bbox 1987 703 3580 794">
    <p class='ocr_par' dir='ltr' id='par_1_21' title="bbox 1987 703 3580 794">
     <span class='ocr_line' id='line_1_21' title="bbox 1987 703 3580 794; baseline -0.014 -15"><span class='ocrx_word' id='word_1_144' title='bbox 1987 723 2101 780; x_wconf 87' lang='lat' dir='ltr'><strong>imo</strong></span> <span class='ocrx_word' id='word_1_145' title='bbox 2143 721 2379 794; x_wconf 96' lang='lat' dir='ltr'><strong>tempori</strong></span> <span class='ocrx_word' id='word_1_146' title='bbox 2427 715 2809 791; x_wconf 89' lang='lat' dir='ltr'><strong>opportuniori</strong></span> <span class='ocrx_word' id='word_1_147' title='bbox 2847 712 3100 767; x_wconf 76' lang='lat' dir='ltr'><strong>tribuens</strong></span> <span class='ocrx_word' id='word_1_148' title='bbox 3127 748 3145 776; x_wconf 91' lang='lat'><strong>,</strong></span> <span class='ocrx_word' id='word_1_149' title='bbox 3189 703 3580 780; x_wconf 86' lang='lat' dir='ltr'><strong>percommode</strong></span> 
     </span>
    </p>
   </div>
   <div class='ocr_carea' id='block_1_22' title="bbox 1987 796 3582 888">
    <p class='ocr_par' dir='ltr' id='par_1_22' title="bbox 1987 796 3582 888">
     <span class='ocr_line' id='line_1_22' title="bbox 1987 796 3582 888; baseline -0.016 -14"><span class='ocrx_word' id='word_1_150' title='bbox 1987 817 2217 888; x_wconf 90' lang='lat' dir='ltr'><strong>exponit</strong></span> <span class='ocrx_word' id='word_1_151' title='bbox 2234 814 2287 870; x_wconf 93' lang='lat' dir='ltr'><strong>id</strong></span> <span class='ocrx_word' id='word_1_152' title='bbox 2307 812 2456 885; x_wconf 87' lang='lat' dir='ltr'><strong>quod</strong></span> <span class='ocrx_word' id='word_1_153' title='bbox 2474 813 2543 867; x_wconf 92' lang='lat' dir='ltr'><strong>ad</strong></span> <span class='ocrx_word' id='word_1_154' title='bbox 2568 809 2925 881; x_wconf 86' lang='lat' dir='ltr'><strong>disciplinam</strong></span> <span class='ocrx_word' id='word_1_155' title='bbox 2944 811 3030 862; x_wconf 90' lang='lat' dir='ltr'><strong>est</strong></span> <span class='ocrx_word' id='word_1_156' title='bbox 3046 799 3447 858; x_wconf 87' lang='lat' dir='ltr'><strong>necessarium.</strong></span> <span class='ocrx_word' id='word_1_157' title='bbox 3469 796 3582 867; x_wconf 80' lang='lat' dir='ltr'><strong>Ego</strong></span> 
     </span>
    </p>
   </div>
   <div class='ocr_carea' id='block_1_23' title="bbox 1989 885 3584 978">
    <p class='ocr_par' dir='ltr' id='par_1_23' title="bbox 1989 885 3584 978">
     <span class='ocr_line' id='line_1_23' title="bbox 1989 885 3584 978; baseline -0.014 -18"><span class='ocrx_word' id='word_1_158' title='bbox 1989 885 2181 978; x_wconf 76' lang='lat' dir='ltr'><strong>igitur,</strong></span> <span class='ocrx_word' id='word_1_159' title='bbox 2214 905 2414 974; x_wconf 84' lang='lat' dir='ltr'><strong>inquit,</strong></span> <span class='ocrx_word' id='word_1_160' title='bbox 2453 917 2577 958; x_wconf 91' lang='lat' dir='ltr'><strong>sum</strong></span> <span class='ocrx_word' id='word_1_161' title='bbox 2609 900 2722 963; x_wconf 90' lang='lat' dir='ltr'><strong>via,</strong></span> <span class='ocrx_word' id='word_1_162' title='bbox 2753 912 2855 968; x_wconf 88' lang='lat' dir='ltr'><strong>ego</strong></span> <span class='ocrx_word' id='word_1_163' title='bbox 2883 895 3114 958; x_wconf 85' lang='lat' dir='ltr'><strong>veritas,</strong></span> <span class='ocrx_word' id='word_1_164' title='bbox 3147 906 3249 962; x_wconf 88' lang='lat' dir='ltr'><strong>ego</strong></span> <span class='ocrx_word' id='word_1_165' title='bbox 3276 888 3413 944; x_wconf 85' lang='lat' dir='ltr'><strong>vita.</strong></span> <span class='ocrx_word' id='word_1_166' title='bbox 3448 885 3584 952; x_wconf 67' lang='lat' dir='ltr'><strong>Quae</strong></span> 
     </span>
    </p>
   </div>
   <div class='ocr_carea' id='block_1_24' title="bbox 1991 979 3586 1068">
    <p class='ocr_par' dir='ltr' id='par_1_24' title="bbox 1991 979 3586 1068">
     <span class='ocr_line' id='line_1_24' title="bbox 1991 979 3586 1068; baseline -0.018 -16"><span class='ocrx_word' id='word_1_167' title='bbox 1991 995 2213 1068; x_wconf 87' lang='lat' dir='ltr'><strong>quidem</strong></span> <span class='ocrx_word' id='word_1_168' title='bbox 2243 1007 2371 1048; x_wconf 89' lang='lat' dir='ltr'><strong>vere</strong></span> <span class='ocrx_word' id='word_1_169' title='bbox 2406 991 2475 1047; x_wconf 89' lang='lat' dir='ltr'><strong>de</strong></span> <span class='ocrx_word' id='word_1_170' title='bbox 2513 989 2698 1060; x_wconf 90' lang='lat' dir='ltr'><strong>seipso</strong></span> <span class='ocrx_word' id='word_1_171' title='bbox 2734 985 3027 1040; x_wconf 90' lang='lat' dir='ltr'><strong>Dominum</strong></span> <span class='ocrx_word' id='word_1_172' title='bbox 3057 980 3245 1037; x_wconf 89' lang='lat' dir='ltr'><strong>dicere</strong></span> <span class='ocrx_word' id='word_1_173' title='bbox 3266 1018 3281 1041; x_wconf 93' lang='lat'><strong>,</strong></span> <span class='ocrx_word' id='word_1_174' title='bbox 3316 989 3499 1038; x_wconf 90' lang='lat' dir='ltr'><strong>nemo,</strong></span> <span class='ocrx_word' id='word_1_175' title='bbox 3523 979 3586 1025; x_wconf 87' lang='lat' dir='ltr'><strong>ut</strong></span> 
     </span>
    </p>
   </div>
   <div class='ocr_carea' id='block_1_25' title="bbox 1991 1065 3588 1152">
    <p class='ocr_par' dir='ltr' id='par_1_25' title="bbox 1991 1065 3588 1152">
     <span class='ocr_line' id='line_1_25' title="bbox 1991 1065 3588 1152; baseline -0.016 -9"><span class='ocrx_word' id='word_1_176' title='bbox 1991 1102 2139 1152; x_wconf 90' lang='lat' dir='ltr'><strong>reor,</strong></span> <span class='ocrx_word' id='word_1_177' title='bbox 2177 1099 2351 1140; x_wconf 85' lang='lat' dir='ltr'><strong>sanus</strong></span> <span class='ocrx_word' id='word_1_178' title='bbox 2391 1083 2448 1137; x_wconf 91' lang='lat' dir='ltr'><strong>in</strong></span> <span class='ocrx_word' id='word_1_179' title='bbox 2480 1081 2710 1136; x_wconf 90' lang='lat' dir='ltr'><strong>dubium</strong></span> <span class='ocrx_word' id='word_1_180' title='bbox 2745 1091 2990 1148; x_wconf 89' lang='lat' dir='ltr'><strong>unquam</strong></span> <span class='ocrx_word' id='word_1_181' title='bbox 3022 1069 3389 1128; x_wconf 84' lang='lat' dir='ltr'><strong>revocaverit.</strong></span> <span class='ocrx_word' id='word_1_182' title='bbox 3430 1065 3588 1132; x_wconf 74' lang='lat' dir='ltr'><strong>Qua:-</strong></span> 
     </span>
    </p>
   </div>
   <div class='ocr_carea' id='block_1_26' title="bbox 1992 1156 3586 1235">
    <p class='ocr_par' dir='ltr' id='par_1_26' title="bbox 1992 1156 3586 1235">
     <span class='ocr_line' id='line_1_26' title="bbox 1992 1156 3586 1235; baseline -0.016 0"><span class='ocrx_word' id='word_1_183' title='bbox 1992 1177 2230 1235; x_wconf 88' lang='lat' dir='ltr'><strong>rendum</strong></span> <span class='ocrx_word' id='word_1_184' title='bbox 2279 1175 2643 1230; x_wconf 83' lang='lat' dir='ltr'><strong>nihilominus</strong></span> <span class='ocrx_word' id='word_1_185' title='bbox 2682 1170 2932 1227; x_wconf 83' lang='lat' dir='ltr'><strong>studiose</strong></span> <span class='ocrx_word' id='word_1_186' title='bbox 2981 1165 3252 1228; x_wconf 74' lang='lat' dir='ltr'><strong>arbitror,</strong></span> <span class='ocrx_word' id='word_1_187' title='bbox 3301 1173 3471 1232; x_wconf 87' lang='lat' dir='ltr'><strong>quam</strong></span> <span class='ocrx_word' id='word_1_188' title='bbox 3513 1156 3586 1212; x_wconf 90' lang='lat' dir='ltr'><strong>ob</strong></span> 
     </span>
    </p>
   </div>
   <div class='ocr_carea' id='block_1_27' title="bbox 1993 1253 3588 1336">
    <p class='ocr_par' dir='ltr' id='par_1_27' title="bbox 1993 1253 3588 1336">
     <span class='ocr_line' id='line_1_27' title="bbox 1993 1253 3588 1336; baseline -0.015 -7"><span class='ocrx_word' id='word_1_189' title='bbox 1993 1286 2245 1336; x_wconf 86' lang='lat' dir='ltr'><strong>causam,</strong></span> <span class='ocrx_word' id='word_1_190' title='bbox 2277 1283 2404 1325; x_wconf 91' lang='lat' dir='ltr'><strong>cum</strong></span> <span class='ocrx_word' id='word_1_191' title='bbox 2436 1268 2555 1332; x_wconf 89' lang='lat' dir='ltr'><strong>lux,</strong></span> <span class='ocrx_word' id='word_1_192' title='bbox 2593 1275 2649 1321; x_wconf 88' lang='lat' dir='ltr'><strong>et</strong></span> <span class='ocrx_word' id='word_1_193' title='bbox 2682 1261 2995 1334; x_wconf 86' lang='lat' dir='ltr'><strong>sapientia,</strong></span> <span class='ocrx_word' id='word_1_194' title='bbox 3033 1268 3091 1314; x_wconf 90' lang='lat' dir='ltr'><strong>et</strong></span> <span class='ocrx_word' id='word_1_195' title='bbox 3118 1256 3320 1321; x_wconf 88' lang='lat' dir='ltr'><strong>virtus,</strong></span> <span class='ocrx_word' id='word_1_196' title='bbox 3347 1253 3588 1322; x_wconf 80' lang='lat' dir='ltr'><strong>aliisque</strong></span> 
     </span>
    </p>
   </div>
   <div class='ocr_carea' id='block_1_28' title="bbox 1996 1344 3590 1426">
    <p class='ocr_par' dir='ltr' id='par_1_28' title="bbox 1996 1344 3590 1426">
     <span class='ocr_line' id='line_1_28' title="bbox 1996 1344 3590 1426; baseline -0.015 -4"><span class='ocrx_word' id='word_1_197' title='bbox 1996 1360 2318 1423; x_wconf 82' lang='lat' dir='ltr'><strong>istiusmodi</strong></span> <span class='ocrx_word' id='word_1_198' title='bbox 2362 1358 2690 1416; x_wconf 87' lang='lat' dir='ltr'><strong>nominibus</strong></span> <span class='ocrx_word' id='word_1_199' title='bbox 2721 1355 2866 1426; x_wconf 91' lang='lat' dir='ltr'><strong>apud</strong></span> <span class='ocrx_word' id='word_1_200' title='bbox 2905 1353 3226 1422; x_wconf 88' lang='lat' dir='ltr'><strong>Scripturas</strong></span> <span class='ocrx_word' id='word_1_201' title='bbox 3255 1349 3476 1403; x_wconf 89' lang='lat' dir='ltr'><strong>divinas</strong></span> <span class='ocrx_word' id='word_1_202' title='bbox 3512 1344 3590 1401; x_wconf 88' lang='lat' dir='ltr'><strong>sit</strong></span> 
     </span>
    </p>
   </div>
   <div class='ocr_carea' id='block_1_29' title="bbox 1995 1438 3590 1526">
    <p class='ocr_par' dir='ltr' id='par_1_29' title="bbox 1995 1438 3590 1526">
     <span class='ocr_line' id='line_1_29' title="bbox 1995 1438 3590 1526; baseline -0.014 -13"><span class='ocrx_word' id='word_1_203' title='bbox 1995 1462 2388 1526; x_wconf 90' lang='lat' dir='ltr'><strong>nuncupatus,</strong></span> <span class='ocrx_word' id='word_1_204' title='bbox 2437 1449 2664 1508; x_wconf 81' lang='lat' dir='ltr'><strong>eximiis</strong></span> <span class='ocrx_word' id='word_1_205' title='bbox 2711 1461 2862 1502; x_wconf 88' lang='lat' dir='ltr'><strong>nunc</strong></span> <span class='ocrx_word' id='word_1_206' title='bbox 2915 1444 3087 1500; x_wconf 86' lang='lat' dir='ltr'><strong>veluti</strong></span> <span class='ocrx_word' id='word_1_207' title='bbox 3134 1438 3468 1512; x_wconf 85' lang='lat' dir='ltr'><strong>quibusdam</strong></span> <span class='ocrx_word' id='word_1_208' title='bbox 3521 1451 3590 1492; x_wconf 87' lang='lat' dir='ltr'><strong>ac</strong></span> 
     </span>
    </p>
   </div>
   <div class='ocr_carea' id='block_1_30' title="bbox 1998 1532 3591 1621">
    <p class='ocr_par' dir='ltr' id='par_1_30' title="bbox 1998 1532 3591 1621">
     <span class='ocr_line' id='line_1_30' title="bbox 1998 1532 3591 1621; baseline -0.014 -17"><span class='ocrx_word' id='word_1_209' title='bbox 1998 1545 2298 1621; x_wconf 63' lang='lat' dir='ltr'><strong>praecipuis</strong></span> <span class='ocrx_word' id='word_1_210' title='bbox 2329 1550 2543 1606; x_wconf 85' lang='lat' dir='ltr'><strong>utatur,</strong></span> <span class='ocrx_word' id='word_1_211' title='bbox 2583 1539 2831 1609; x_wconf 87' lang='lat' dir='ltr'><strong>seipsum</strong></span> <span class='ocrx_word' id='word_1_212' title='bbox 2866 1536 3036 1600; x_wconf 87' lang='lat' dir='ltr'><strong>viam,</strong></span> <span class='ocrx_word' id='word_1_213' title='bbox 3073 1542 3131 1589; x_wconf 89' lang='lat' dir='ltr'><strong>et</strong></span> <span class='ocrx_word' id='word_1_214' title='bbox 3161 1532 3451 1588; x_wconf 89' lang='lat' dir='ltr'><strong>veritatem</strong></span> <span class='ocrx_word' id='word_1_215' title='bbox 3473 1566 3488 1592; x_wconf 91' lang='lat'><strong>,</strong></span> <span class='ocrx_word' id='word_1_216' title='bbox 3523 1542 3591 1583; x_wconf 86' lang='lat' dir='ltr'><strong>ac</strong></span> 
     </span>
    </p>
   </div>
   <div class='ocr_carea' id='block_1_31' title="bbox 1997 1620 3590 1701">
    <p class='ocr_par' dir='ltr' id='par_1_31' title="bbox 1997 1620 3590 1701">
     <span class='ocr_line' id='line_1_31' title="bbox 1997 1620 3590 1701; baseline -0.018 -1"><span class='ocrx_word' id='word_1_217' title='bbox 1997 1620 2169 1701; x_wconf 78' lang='lat' dir='ltr'><strong>vitam</strong></span> <span class='ocrx_word' id='word_1_218' title='bbox 2200 1638 2520 1694; x_wconf 90' lang='lat' dir='ltr'><strong>nominans.</strong></span> <span class='ocrx_word' id='word_1_219' title='bbox 2551 1635 2714 1688; x_wconf 84' lang='lat' dir='ltr'><strong>Altus</strong></span> <span class='ocrx_word' id='word_1_220' title='bbox 2742 1629 2918 1695; x_wconf 90' lang='lat' dir='ltr'><strong>enim,</strong></span> <span class='ocrx_word' id='word_1_221' title='bbox 2948 1625 3291 1688; x_wconf 90' lang='lat' dir='ltr'><strong>utarbitror,</strong></span> <span class='ocrx_word' id='word_1_222' title='bbox 3311 1635 3417 1676; x_wconf 91' lang='lat' dir='ltr'><strong>nec</strong></span> <span class='ocrx_word' id='word_1_223' title='bbox 3446 1620 3590 1674; x_wconf 90' lang='lat' dir='ltr'><strong>mul-</strong></span> 
     </span>
    </p>
   </div>
   <div class='ocr_carea' id='block_1_32' title="bbox 2000 1717 3593 1804">
    <p class='ocr_par' dir='ltr' id='par_1_32' title="bbox 2000 1717 3593 1804">
     <span class='ocr_line' id='line_1_32' title="bbox 2000 1717 3593 1804; baseline -0.017 -12"><span class='ocrx_word' id='word_1_224' title='bbox 2000 1744 2119 1792; x_wconf 89' lang='lat' dir='ltr'><strong>tum</strong></span> <span class='ocrx_word' id='word_1_225' title='bbox 2145 1733 2427 1804; x_wconf 84' lang='lat' dir='ltr'><strong>explicatu</strong></span> <span class='ocrx_word' id='word_1_226' title='bbox 2461 1725 2647 1783; x_wconf 80' lang='lat' dir='ltr'><strong>facilis</strong></span> <span class='ocrx_word' id='word_1_227' title='bbox 2673 1731 2762 1780; x_wconf 89' lang='lat' dir='ltr'><strong>est</strong></span> <span class='ocrx_word' id='word_1_228' title='bbox 2787 1719 3060 1780; x_wconf 87' lang='lat' dir='ltr'><strong>sermonis</strong></span> <span class='ocrx_word' id='word_1_229' title='bbox 3093 1717 3258 1773; x_wconf 84' lang='lat' dir='ltr'><strong>istius</strong></span> <span class='ocrx_word' id='word_1_230' title='bbox 3297 1729 3498 1770; x_wconf 86' lang='lat' dir='ltr'><strong>sensus</strong></span> <span class='ocrx_word' id='word_1_231' title='bbox 3537 1717 3593 1766; x_wconf 89' lang='lat' dir='ltr'><strong>et</strong></span> 
     </span>
    </p>
   </div>
   <div class='ocr_carea' id='block_1_33' title="bbox 2004 1805 3596 1893">
    <p class='ocr_par' dir='ltr' id='par_1_33' title="bbox 2004 1805 3596 1893">
     <span class='ocr_line' id='line_1_33' title="bbox 2004 1805 3596 1893; baseline -0.017 -12"><span class='ocrx_word' id='word_1_232' title='bbox 2004 1825 2148 1882; x_wconf 83' lang='lat' dir='ltr'><strong>ratio</strong></span> <span class='ocrx_word' id='word_1_233' title='bbox 2184 1842 2198 1879; x_wconf 90' lang='lat'><strong>:</strong></span> <span class='ocrx_word' id='word_1_234' title='bbox 2239 1820 2407 1893; x_wconf 77' lang='lat'><strong>768</strong></span> <span class='ocrx_word' id='word_1_235' title='bbox 2442 1817 2617 1873; x_wconf 90' lang='lat' dir='ltr'><strong>nihilo</strong></span> <span class='ocrx_word' id='word_1_236' title='bbox 2647 1823 2829 1869; x_wconf 82' lang='lat' dir='ltr'><strong>tamen</strong></span> <span class='ocrx_word' id='word_1_237' title='bbox 2856 1809 3043 1866; x_wconf 89' lang='lat' dir='ltr'><strong>minus</strong></span> <span class='ocrx_word' id='word_1_238' title='bbox 3083 1806 3152 1861; x_wconf 91' lang='lat' dir='ltr'><strong>ad</strong></span> <span class='ocrx_word' id='word_1_239' title='bbox 3190 1805 3343 1860; x_wconf 90' lang='lat' dir='ltr'><strong>illum</strong></span> <span class='ocrx_word' id='word_1_240' title='bbox 3378 1811 3463 1858; x_wconf 90' lang='lat' dir='ltr'><strong>est</strong></span> <span class='ocrx_word' id='word_1_241' title='bbox 3497 1816 3596 1872; x_wconf 87' lang='lat' dir='ltr'><strong>ag-</strong></span> 
     </span>
    </p>
   </div>
   <div class='ocr_carea' id='block_1_34' title="bbox 293 1895 1914 2012">
    <p class='ocr_par' dir='ltr' id='par_1_34' title="bbox 293 1895 1898 2012">
     <span class='ocr_line' id='line_1_34' title="bbox 293 1895 1898 2012; baseline -0.008 -16"><span class='ocrx_word' id='word_1_242' title='bbox 293 1942 507 1996; x_wconf 83' lang='grc' dir='ltr'>Βαθεῖα</span> <span class='ocrx_word' id='word_1_243' title='bbox 539 1941 649 2012; x_wconf 81' lang='grc' dir='ltr'>γὰρ</span> <span class='ocrx_word' id='word_1_244' title='bbox 683 1895 769 2004; x_wconf 48' lang='grc' dir='ltr'>ίὶις</span> <span class='ocrx_word' id='word_1_245' title='bbox 819 1895 1059 2010; x_wconf 79' lang='grc' dir='ltr'>ὲγῷμάι,</span> <span class='ocrx_word' id='word_1_246' title='bbox 1223 1895 1443 1989; x_wconf 41' lang='grc' dir='ltr'><strong>’λιᾶν</strong></span> <span class='ocrx_word' id='word_1_247' title='bbox 1478 1895 1824 1994; x_wconf 72' lang='grc' dir='ltr'>ἐύκάτοπτος</span> 
     </span>
    </p>
   </div>
   <div class='ocr_carea' id='block_1_35' title="bbox 2016 1895 3595 2012">
    <p class='ocr_par' dir='ltr' id='par_1_35' title="bbox 2016 1895 3595 2012">
     <span class='ocr_line' id='line_1_35' title="bbox 2016 1895 3595 1989; baseline -0.018 -17"><span class='ocrx_word' id='word_1_248' title='bbox 2016 1913 2389 1989; x_wconf 80' lang='lat' dir='ltr'><strong>grediendum.</strong></span> <span class='ocrx_word' id='word_1_249' title='bbox 2416 1908 2607 1963; x_wconf 86' lang='lat' dir='ltr'><strong>Dicam</strong></span> <span class='ocrx_word' id='word_1_250' title='bbox 2646 1907 2794 1961; x_wconf 87' lang='lat' dir='ltr'><strong>enim</strong></span> <span class='ocrx_word' id='word_1_251' title='bbox 2823 1900 2972 1973; x_wconf 88' lang='lat' dir='ltr'><strong>quod</strong></span> <span class='ocrx_word' id='word_1_252' title='bbox 3006 1897 3142 1954; x_wconf 89' lang='lat' dir='ltr'><strong>mihi</strong></span> <span class='ocrx_word' id='word_1_253' title='bbox 3172 1895 3322 1951; x_wconf 89' lang='lat' dir='ltr'><strong>venit</strong></span> <span class='ocrx_word' id='word_1_254' title='bbox 3356 1895 3413 1948; x_wconf 90' lang='lat' dir='ltr'><strong>in</strong></span> <span class='ocrx_word' id='word_1_255' title='bbox 3439 1908 3595 1948; x_wconf 87' lang='lat' dir='ltr'><strong>men-</strong></span> 
     </span>
     <span class='ocr_line' id='line_1_36' title="bbox 2313 1983 3595 2012; baseline -0.017 16"><span class='ocrx_word' id='word_1_256' title='bbox 2313 2003 2344 2012; x_wconf 49' lang='grc' dir='ltr'><strong>’ί</strong></span> <span class='ocrx_word' id='word_1_257' title='bbox 2447 2001 2460 2012; x_wconf 88' lang='grc'><strong>·</strong></span> <span class='ocrx_word' id='word_1_258' title='bbox 2581 1999 2593 2011; x_wconf 71' lang='grc' dir='ltr'><strong><em>ο</em></strong></span> <span class='ocrx_word' id='word_1_259' title='bbox 2659 1998 2671 2010; x_wconf 76' lang='grc' dir='ltr'><strong>ο</strong></span> <span class='ocrx_word' id='word_1_260' title='bbox 2763 2010 2795 2012; x_wconf 54' lang='grc' dir='ltr'><em>η</em></span> <span class='ocrx_word' id='word_1_261' title='bbox 2864 1991 3091 2012; x_wconf 51' lang='grc' dir='ltr'><strong>--Αιεηη</strong></span> <span class='ocrx_word' id='word_1_262' title='bbox 3152 1987 3470 2012; x_wconf 71' lang='grc' dir='ltr'><strong>..-ιε...,...,...,,</strong></span> <span class='ocrx_word' id='word_1_263' title='bbox 3526 1983 3595 2012; x_wconf 65' lang='grc' dir='ltr'><strong>ιι,</strong></span> 
     </span>
    </p>
   </div>
   <div class='ocr_carea' id='block_1_36' title="bbox 292 2022 1902 2104">
    <p class='ocr_par' dir='ltr' id='par_1_36' title="bbox 292 2022 1902 2104">
     <span class='ocr_line' id='line_1_37' title="bbox 292 2022 1902 2104; baseline -0.009 -14"><span class='ocrx_word' id='word_1_264' title='bbox 292 2034 396 2090; x_wconf 76' lang='grc' dir='ltr'><strong>τοῦ</strong></span> <span class='ocrx_word' id='word_1_265' title='bbox 445 2034 609 2104; x_wconf 82' lang='grc' dir='ltr'>λόγου</span> <span class='ocrx_word' id='word_1_266' title='bbox 648 2032 903 2104; x_wconf 88' lang='grc' dir='ltr'>δύναμις·</span> <span class='ocrx_word' id='word_1_267' title='bbox 935 2031 1037 2084; x_wconf 88' lang='grc' dir='ltr'><strong>οὐκ</strong></span> <span class='ocrx_word' id='word_1_268' title='bbox 1068 2029 1331 2100; x_wconf 80' lang='grc' dir='ltr'><strong>ὀκνητέον</strong></span> <span class='ocrx_word' id='word_1_269' title='bbox 1363 2027 1409 2080; x_wconf 83' lang='grc' dir='ltr'>δ’</span> <span class='ocrx_word' id='word_1_270' title='bbox 1437 2022 1532 2080; x_wconf 82' lang='grc' dir='ltr'>οὖν</span> <span class='ocrx_word' id='word_1_271' title='bbox 1568 2027 1719 2096; x_wconf 84' lang='grc' dir='ltr'>ὅμως</span> <span class='ocrx_word' id='word_1_272' title='bbox 1762 2023 1902 2096; x_wconf 78' lang='grc' dir='ltr'>πρὸς</span> 
     </span>
    </p>
   </div>
   <div class='ocr_carea' id='block_1_37' title="bbox 291 2116 1902 2200">
    <p class='ocr_par' dir='ltr' id='par_1_37' title="bbox 291 2116 1902 2200">
     <span class='ocr_line' id='line_1_38' title="bbox 291 2116 1902 2200; baseline -0.007 -19"><span class='ocrx_word' id='word_1_273' title='bbox 291 2128 400 2200; x_wconf 80' lang='grc' dir='ltr'>τὴν</span> <span class='ocrx_word' id='word_1_274' title='bbox 449 2127 789 2198; x_wconf 78' lang='grc' dir='ltr'><strong>ἐγχείρησιν.</strong></span> <span class='ocrx_word' id='word_1_275' title='bbox 841 2124 984 2196; x_wconf 83' lang='grc' dir='ltr'>Ἐρῶ</span> <span class='ocrx_word' id='word_1_276' title='bbox 1011 2122 1120 2194; x_wconf 90' lang='lat'><strong>1&amp;9</strong></span> <span class='ocrx_word' id='word_1_277' title='bbox 1163 2122 1301 2193; x_wconf 81' lang='grc' dir='ltr'>ὅπερ</span> <span class='ocrx_word' id='word_1_278' title='bbox 1331 2121 1412 2184; x_wconf 87' lang='grc' dir='ltr'><strong>είς</strong></span> <span class='ocrx_word' id='word_1_279' title='bbox 1441 2118 1582 2190; x_wconf 73' lang='grc' dir='ltr'>ἐμὴν</span> <span class='ocrx_word' id='word_1_280' title='bbox 1621 2116 1902 2171; x_wconf 76' lang='grc' dir='ltr'>ἀναϐαίνει</span> 
     </span>
    </p>
   </div>
   <div class='ocr_carea' id='block_1_38' title="bbox 290 2208 1902 2289">
    <p class='ocr_par' dir='ltr' id='par_1_38' title="bbox 290 2208 1902 2289">
     <span class='ocr_line' id='line_1_39' title="bbox 290 2208 1902 2289; baseline -0.009 -14"><span class='ocrx_word' id='word_1_281' title='bbox 290 2221 565 2283; x_wconf 69' lang='grc' dir='ltr'>διάνοιαν,</span> <span class='ocrx_word' id='word_1_282' title='bbox 608 2219 785 2289; x_wconf 74' lang='grc' dir='ltr'>ἐφιεὶς</span> <span class='ocrx_word' id='word_1_283' title='bbox 820 2216 1069 2288; x_wconf 88' lang='grc' dir='ltr'>δηλονότι</span> <span class='ocrx_word' id='word_1_284' title='bbox 1109 2214 1179 2269; x_wconf 84' lang='grc' dir='ltr'>τὰ</span> <span class='ocrx_word' id='word_1_285' title='bbox 1206 2213 1418 2285; x_wconf 83' lang='grc' dir='ltr'>ἀμείνω</span> <span class='ocrx_word' id='word_1_286' title='bbox 1448 2213 1590 2266; x_wconf 77' lang='grc' dir='ltr'>νοεῖν</span> <span class='ocrx_word' id='word_1_287' title='bbox 1620 2212 1735 2274; x_wconf 88' lang='grc' dir='ltr'>τοῖς</span> <span class='ocrx_word' id='word_1_288' title='bbox 1765 2208 1902 2262; x_wconf 90' lang='grc' dir='ltr'>θεω-</span> 
     </span>
    </p>
   </div>
   <div class='ocr_carea' id='block_1_39' title="bbox 295 2299 1905 2383">
    <p class='ocr_par' dir='ltr' id='par_1_39' title="bbox 295 2299 1905 2383">
     <span class='ocr_line' id='line_1_40' title="bbox 295 2299 1905 2383; baseline -0.008 -17"><span class='ocrx_word' id='word_1_289' title='bbox 295 2315 418 2383; x_wconf 83' lang='grc' dir='ltr'>ρεῖν</span> <span class='ocrx_word' id='word_1_290' title='bbox 477 2309 730 2365; x_wconf 89' lang='grc' dir='ltr'>είωθόσιν</span> <span class='ocrx_word' id='word_1_291' title='bbox 778 2308 1211 2378; x_wconf 74' lang='grc' dir='ltr'>ὁξυωπέστερον.</span> <span class='ocrx_word' id='word_1_292' title='bbox 1255 2305 1356 2360; x_wconf 82' lang='grc' dir='ltr'>Διά</span> <span class='ocrx_word' id='word_1_293' title='bbox 1400 2303 1567 2375; x_wconf 83' lang='grc' dir='ltr'>τριῶν</span> <span class='ocrx_word' id='word_1_294' title='bbox 1613 2299 1905 2372; x_wconf 80' lang='grc' dir='ltr'>τοιγαροῦν</span> 
     </span>
    </p>
   </div>
   <div class='ocr_carea' id='block_1_40' title="bbox 299 2393 1904 2475">
    <p class='ocr_par' dir='ltr' id='par_1_40' title="bbox 299 2393 1904 2475">
     <span class='ocr_line' id='line_1_41' title="bbox 299 2393 1904 2475; baseline -0.007 -18"><span class='ocrx_word' id='word_1_295' title='bbox 299 2405 656 2475; x_wconf 79' lang='grc' dir='ltr'>πραγμάτων</span> <span class='ocrx_word' id='word_1_296' title='bbox 709 2405 830 2466; x_wconf 84' lang='grc' dir='ltr'>ταῖς</span> <span class='ocrx_word' id='word_1_297' title='bbox 858 2404 972 2457; x_wconf 80' lang='grc' dir='ltr'>ἄνω</span> <span class='ocrx_word' id='word_1_298' title='bbox 1012 2402 1108 2455; x_wconf 77' lang='grc' dir='ltr'>καὶ</span> <span class='ocrx_word' id='word_1_299' title='bbox 1141 2399 1317 2463; x_wconf 86' lang='grc' dir='ltr'>θείαις</span> <span class='ocrx_word' id='word_1_300' title='bbox 1345 2393 1748 2468; x_wconf 63' lang='grc' dir='ltr'>πῳσόαλοῦσιν</span> <span class='ocrx_word' id='word_1_301' title='bbox 1787 2393 1904 2466; x_wconf 89' lang='grc' dir='ltr'><strong>[γρ.</strong></span> 
     </span>
    </p>
   </div>
   <div class='ocr_carea' id='block_1_41' title="bbox 295 2485 1909 2568">
    <p class='ocr_par' dir='ltr' id='par_1_41' title="bbox 295 2485 1909 2568">
     <span class='ocr_line' id='line_1_42' title="bbox 295 2485 1909 2568; baseline -0.009 -17"><span class='ocrx_word' id='word_1_302' title='bbox 295 2492 754 2568; x_wconf 65' lang='grc' dir='ltr'>πφσόαλοῦμεν]</span> <span class='ocrx_word' id='word_1_303' title='bbox 782 2493 998 2556; x_wconf 80' lang='grc' dir='ltr'><strong>αὐλαῖς,</strong></span> <span class='ocrx_word' id='word_1_304' title='bbox 1024 2493 1120 2546; x_wconf 73' lang='grc' dir='ltr'>καὶ</span> <span class='ocrx_word' id='word_1_305' title='bbox 1145 2493 1226 2555; x_wconf 87' lang='grc' dir='ltr'><strong>είς</strong></span> <span class='ocrx_word' id='word_1_306' title='bbox 1257 2491 1358 2561; x_wconf 85' lang='grc' dir='ltr'>τὴν</span> <span class='ocrx_word' id='word_1_307' title='bbox 1391 2487 1500 2541; x_wconf 83' lang='grc' dir='ltr'>τῶν</span> <span class='ocrx_word' id='word_1_308' title='bbox 1542 2485 1909 2560; x_wconf 81' lang='grc' dir='ltr'><strong>πρωτοτόκων</strong></span> 
     </span>
    </p>
   </div>
   <div class='ocr_carea' id='block_1_42' title="bbox 307 2574 1908 2660">
    <p class='ocr_par' dir='ltr' id='par_1_42' title="bbox 307 2574 1908 2660">
     <span class='ocr_line' id='line_1_43' title="bbox 307 2574 1908 2660; baseline -0.01 -16"><span class='ocrx_word' id='word_1_309' title='bbox 307 2589 652 2660; x_wconf 78' lang='grc' dir='ltr'>Ἐκκλησίαν</span> <span class='ocrx_word' id='word_1_310' title='bbox 682 2584 1096 2658; x_wconf 69' lang='grc' dir='ltr'>ἀναϐησόμεθω</span> <span class='ocrx_word' id='word_1_311' title='bbox 1127 2583 1218 2636; x_wconf 80' lang='grc' dir='ltr'>διὰ</span> <span class='ocrx_word' id='word_1_312' title='bbox 1245 2581 1500 2654; x_wconf 83' lang='grc' dir='ltr'>πράξεως</span> <span class='ocrx_word' id='word_1_313' title='bbox 1527 2579 1591 2649; x_wconf 86' lang='grc' dir='ltr'>δή</span> <span class='ocrx_word' id='word_1_314' title='bbox 1621 2594 1788 2649; x_wconf 88' lang='grc' dir='ltr'>φημι,</span> <span class='ocrx_word' id='word_1_315' title='bbox 1807 2574 1908 2646; x_wconf 82' lang='grc' dir='ltr'>τῆς</span> 
     </span>
    </p>
   </div>
   <div class='ocr_carea' id='block_1_43' title="bbox 297 2669 1909 2754">
    <p class='ocr_par' dir='ltr' id='par_1_43' title="bbox 297 2669 1909 2754">
     <span class='ocr_line' id='line_1_44' title="bbox 297 2669 1909 2754; baseline -0.011 -17"><span class='ocrx_word' id='word_1_316' title='bbox 297 2682 448 2754; x_wconf 78' lang='grc' dir='ltr'>κατὰ</span> <span class='ocrx_word' id='word_1_317' title='bbox 482 2681 742 2752; x_wconf 81' lang='grc' dir='ltr'>ποικίλην</span> <span class='ocrx_word' id='word_1_318' title='bbox 779 2676 1002 2750; x_wconf 79' lang='grc' dir='ltr'>ἀρετὴν,</span> <span class='ocrx_word' id='word_1_319' title='bbox 1033 2675 1130 2730; x_wconf 75' lang='grc' dir='ltr'><strong>καὶ</strong></span> <span class='ocrx_word' id='word_1_320' title='bbox 1156 2673 1396 2737; x_wconf 85' lang='grc' dir='ltr'>πίστεως</span> <span class='ocrx_word' id='word_1_321' title='bbox 1416 2673 1516 2742; x_wconf 84' lang='grc' dir='ltr'><strong>τῆς</strong></span> <span class='ocrx_word' id='word_1_322' title='bbox 1549 2671 1607 2725; x_wconf 79' lang='grc' dir='ltr'>ὲν</span> <span class='ocrx_word' id='word_1_323' title='bbox 1632 2669 1909 2741; x_wconf 78' lang='grc' dir='ltr'>ὀρθότητι,</span> 
     </span>
    </p>
   </div>
   <div class='ocr_carea' id='block_1_44' title="bbox 297 2757 1912 2841">
    <p class='ocr_par' dir='ltr' id='par_1_44' title="bbox 297 2757 1912 2841">
     <span class='ocr_line' id='line_1_45' title="bbox 297 2757 1912 2841; baseline -0.011 -12"><span class='ocrx_word' id='word_1_324' title='bbox 297 2774 398 2830; x_wconf 80' lang='grc' dir='ltr'><strong>καὶ</strong></span> <span class='ocrx_word' id='word_1_325' title='bbox 433 2772 656 2836; x_wconf 75' lang='grc' dir='ltr'>ἐλπίδος</span> <span class='ocrx_word' id='word_1_326' title='bbox 698 2771 798 2841; x_wconf 85' lang='grc' dir='ltr'>τῆς</span> <span class='ocrx_word' id='word_1_327' title='bbox 831 2770 892 2822; x_wconf 77' lang='grc' dir='ltr'>ὲν</span> <span class='ocrx_word' id='word_1_328' title='bbox 931 2767 1070 2838; x_wconf 75' lang='grc' dir='ltr'><strong>ζωῇ.</strong></span> <span class='ocrx_word' id='word_1_329' title='bbox 1096 2761 1226 2838; x_wconf 79' lang='lat' dir='ltr'><strong>&#39;Ap’</strong></span> <span class='ocrx_word' id='word_1_330' title='bbox 1266 2759 1362 2818; x_wconf 85' lang='grc' dir='ltr'>οῦν</span> <span class='ocrx_word' id='word_1_331' title='bbox 1399 2763 1589 2834; x_wconf 68' lang='grc' dir='ltr'>ἕτερος</span> <span class='ocrx_word' id='word_1_332' title='bbox 1631 2761 1765 2832; x_wconf 79' lang='grc' dir='ltr'>ἡμῖν</span> <span class='ocrx_word' id='word_1_333' title='bbox 1814 2757 1912 2813; x_wconf 90' lang='grc' dir='ltr'><strong>τοῦ</strong></span> 
     </span>
    </p>
   </div>
   <div class='ocr_carea' id='block_1_45' title="bbox 297 2851 1918 2933">
    <p class='ocr_par' dir='ltr' id='par_1_45' title="bbox 297 2851 1918 2933">
     <span class='ocr_line' id='line_1_46' title="bbox 297 2851 1918 2933; baseline -0.01 -11"><span class='ocrx_word' id='word_1_334' title='bbox 297 2864 570 2922; x_wconf 84' lang='grc' dir='ltr'>δύνασθαι</span> <span class='ocrx_word' id='word_1_335' title='bbox 601 2862 831 2917; x_wconf 86' lang='grc' dir='ltr'>τοιαῦτα</span> <span class='ocrx_word' id='word_1_336' title='bbox 858 2861 994 2933; x_wconf 81' lang='grc' dir='ltr'>δρᾷν</span> <span class='ocrx_word' id='word_1_337' title='bbox 1023 2859 1313 2931; x_wconf 86' lang='grc' dir='ltr'>γενήσεται</span> <span class='ocrx_word' id='word_1_338' title='bbox 1362 2855 1621 2928; x_wconf 85' lang='grc' dir='ltr'>χορηγὸς,</span> <span class='ocrx_word' id='word_1_339' title='bbox 1655 2854 1689 2925; x_wconf 78' lang='grc' dir='ltr'>ἢ</span> <span class='ocrx_word' id='word_1_340' title='bbox 1718 2851 1918 2925; x_wconf 82' lang='grc' dir='ltr'>πρόξε-</span> 
     </span>
    </p>
   </div>
   <div class='ocr_carea' id='block_1_46' title="bbox 299 2944 1915 3029">
    <p class='ocr_par' dir='ltr' id='par_1_46' title="bbox 299 2944 1915 3029">
     <span class='ocr_line' id='line_1_47' title="bbox 299 2944 1915 3029; baseline -0.009 -14"><span class='ocrx_word' id='word_1_341' title='bbox 299 2977 414 3024; x_wconf 86' lang='grc' dir='ltr'>νος,</span> <span class='ocrx_word' id='word_1_342' title='bbox 469 2958 509 3029; x_wconf 81' lang='grc' dir='ltr'>ἢ</span> <span class='ocrx_word' id='word_1_343' title='bbox 551 2956 725 3020; x_wconf 88' lang='grc' dir='ltr'>αίτία,</span> <span class='ocrx_word' id='word_1_344' title='bbox 770 2954 805 3025; x_wconf 83' lang='grc' dir='ltr'>ἢ</span> <span class='ocrx_word' id='word_1_345' title='bbox 859 2953 1134 3025; x_wconf 87' lang='grc' dir='ltr'>πρόφασις</span> <span class='ocrx_word' id='word_1_346' title='bbox 1173 2949 1326 3020; x_wconf 72' lang='grc' dir='ltr'>παρὰ</span> <span class='ocrx_word' id='word_1_347' title='bbox 1365 2949 1460 3002; x_wconf 83' lang='grc' dir='ltr'><strong>τὸν</strong></span> <span class='ocrx_word' id='word_1_348' title='bbox 1502 2946 1712 3018; x_wconf 84' lang='grc' dir='ltr'>Κύριον</span> <span class='ocrx_word' id='word_1_349' title='bbox 1753 2944 1915 3018; x_wconf 85' lang='grc' dir='ltr'>ἡμῶν</span> 
     </span>
    </p>
   </div>
   <div class='ocr_carea' id='block_1_47' title="bbox 312 3037 1918 3124">
    <p class='ocr_par' dir='ltr' id='par_1_47' title="bbox 312 3037 1918 3124">
     <span class='ocr_line' id='line_1_48' title="bbox 312 3037 1918 3124; baseline -0.009 -18"><span class='ocrx_word' id='word_1_350' title='bbox 312 3050 532 3124; x_wconf 81' lang='grc' dir='ltr'>Ἰησοῦν</span> <span class='ocrx_word' id='word_1_351' title='bbox 555 3049 650 3104; x_wconf 68' lang='grc' dir='ltr'>τὸν</span> <span class='ocrx_word' id='word_1_352' title='bbox 680 3045 953 3118; x_wconf 82' lang='grc' dir='ltr'>Χριστόν;</span> <span class='ocrx_word' id='word_1_353' title='bbox 984 3045 1058 3099; x_wconf 88' lang='grc' dir='ltr'><strong>υύ</strong></span> <span class='ocrx_word' id='word_1_354' title='bbox 1089 3043 1188 3116; x_wconf 82' lang='grc' dir='ltr'>μὲν</span> <span class='ocrx_word' id='word_1_355' title='bbox 1212 3038 1327 3097; x_wconf 82' lang='grc' dir='ltr'>οὖν.</span> <span class='ocrx_word' id='word_1_356' title='bbox 1357 3041 1451 3112; x_wconf 83' lang='grc' dir='ltr'><strong>Μὴ</strong></span> <span class='ocrx_word' id='word_1_357' title='bbox 1493 3040 1604 3111; x_wconf 85' lang='grc' dir='ltr'>γάρ</span> <span class='ocrx_word' id='word_1_358' title='bbox 1635 3056 1718 3093; x_wconf 88' lang='grc' dir='ltr'><strong>τοι</strong></span> <span class='ocrx_word' id='word_1_359' title='bbox 1750 3037 1918 3109; x_wconf 88' lang='grc' dir='ltr'>νομί-</span> 
     </span>
    </p>
   </div>
   <div class='ocr_carea' id='block_1_48' title="bbox 306 3129 1917 3216">
    <p class='ocr_par' dir='ltr' id='par_1_48' title="bbox 306 3129 1917 3216">
     <span class='ocr_line' id='line_1_49' title="bbox 306 3129 1917 3216; baseline -0.01 -17"><span class='ocrx_word' id='word_1_360' title='bbox 306 3161 426 3216; x_wconf 78' lang='grc' dir='ltr'>σῃς.</span> <span class='ocrx_word' id='word_1_361' title='bbox 461 3141 638 3204; x_wconf 75' lang='grc' dir='ltr'>Αὐτὸς</span> <span class='ocrx_word' id='word_1_362' title='bbox 669 3143 781 3210; x_wconf 83' lang='grc' dir='ltr'>γὰρ</span> <span class='ocrx_word' id='word_1_363' title='bbox 830 3140 965 3209; x_wconf 80' lang='grc' dir='ltr'><strong>ἡμῖν</strong></span> <span class='ocrx_word' id='word_1_364' title='bbox 997 3133 1393 3206; x_wconf 84' lang='grc' dir='ltr'>νενομοτέθηκε</span> <span class='ocrx_word' id='word_1_365' title='bbox 1434 3131 1504 3187; x_wconf 84' lang='grc' dir='ltr'>τὰ</span> <span class='ocrx_word' id='word_1_366' title='bbox 1554 3132 1696 3203; x_wconf 85' lang='grc' dir='ltr'>ὑπὲρ</span> <span class='ocrx_word' id='word_1_367' title='bbox 1726 3129 1917 3200; x_wconf 69' lang='grc' dir='ltr'>νόμον,</span> 
     </span>
    </p>
   </div>
   <div class='ocr_carea' id='block_1_49' title="bbox 301 3219 1914 3301">
    <p class='ocr_par' dir='ltr' id='par_1_49' title="bbox 301 3219 1914 3301">
     <span class='ocr_line' id='line_1_50' title="bbox 301 3219 1914 3301; baseline -0.01 -11"><span class='ocrx_word' id='word_1_368' title='bbox 301 3237 470 3300; x_wconf 83' lang='grc' dir='ltr'>αὐτὸς</span> <span class='ocrx_word' id='word_1_369' title='bbox 507 3223 761 3298; x_wconf 78' lang='grc' dir='ltr'>ὑπέδειξε</span> <span class='ocrx_word' id='word_1_370' title='bbox 795 3229 896 3301; x_wconf 81' lang='grc' dir='ltr'>τὴν</span> <span class='ocrx_word' id='word_1_371' title='bbox 923 3228 1064 3294; x_wconf 84' lang='grc' dir='ltr'>ὁδὸν,</span> <span class='ocrx_word' id='word_1_372' title='bbox 1089 3228 1156 3300; x_wconf 75' lang='grc' dir='ltr'><strong>ἢν</strong></span> <span class='ocrx_word' id='word_1_373' title='bbox 1181 3225 1268 3291; x_wconf 82' lang='grc' dir='ltr'><strong>ἂν,</strong></span> <span class='ocrx_word' id='word_1_374' title='bbox 1294 3220 1474 3296; x_wconf 76' lang='grc' dir='ltr'>οἶμαι,</span> <span class='ocrx_word' id='word_1_375' title='bbox 1507 3225 1594 3288; x_wconf 77' lang='grc' dir='ltr'>τὶς</span> <span class='ocrx_word' id='word_1_376' title='bbox 1614 3219 1799 3286; x_wconf 83' lang='grc' dir='ltr'>καλῶς</span> <span class='ocrx_word' id='word_1_377' title='bbox 1831 3223 1914 3286; x_wconf 89' lang='grc' dir='ltr'><strong>είς</strong></span> 
     </span>
    </p>
   </div>
   <div class='ocr_carea' id='block_1_50' title="bbox 301 3316 1160 3398">
    <p class='ocr_par' dir='ltr' id='par_1_50' title="bbox 301 3316 1160 3398">
     <span class='ocr_line' id='line_1_51' title="bbox 301 3316 1160 3398; baseline -0.013 -17"><span class='ocrx_word' id='word_1_378' title='bbox 301 3328 406 3398; x_wconf 85' lang='grc' dir='ltr'>τὴν</span> <span class='ocrx_word' id='word_1_379' title='bbox 450 3325 576 3379; x_wconf 86' lang='grc' dir='ltr'>κατ’</span> <span class='ocrx_word' id='word_1_380' title='bbox 622 3319 910 3392; x_wconf 73' lang='grc' dir='ltr'>ἐνέργειαν</span> <span class='ocrx_word' id='word_1_381' title='bbox 955 3316 1160 3390; x_wconf 85' lang='grc' dir='ltr'>ἀρετὴν</span> 
     </span>
    </p>
   </div>
   <div class='ocr_carea' id='block_1_51' title="bbox 306 3405 1912 3492">
    <p class='ocr_par' dir='ltr' id='par_1_51' title="bbox 306 3405 1912 3492">
     <span class='ocr_line' id='line_1_52' title="bbox 306 3405 1912 3492; baseline -0.009 -18"><span class='ocrx_word' id='word_1_382' title='bbox 306 3419 551 3492; x_wconf 76' lang='grc' dir='ltr'>πράξεσι</span> <span class='ocrx_word' id='word_1_383' title='bbox 578 3418 703 3479; x_wconf 84' lang='grc' dir='ltr'>ταῖς</span> <span class='ocrx_word' id='word_1_384' title='bbox 734 3412 879 3469; x_wconf 84' lang='grc' dir='ltr'>κατὰ</span> <span class='ocrx_word' id='word_1_385' title='bbox 904 3410 1162 3482; x_wconf 87' lang='grc' dir='ltr'>Χριστὸν,</span> <span class='ocrx_word' id='word_1_386' title='bbox 1195 3406 1512 3463; x_wconf 79' lang='grc' dir='ltr'>διαϐατικόν</span> <span class='ocrx_word' id='word_1_387' title='bbox 1554 3423 1616 3460; x_wconf 89' lang='grc' dir='ltr'><strong>τε</strong></span> <span class='ocrx_word' id='word_1_388' title='bbox 1646 3405 1740 3460; x_wconf 77' lang='grc' dir='ltr'><strong>καὶ</strong></span> <span class='ocrx_word' id='word_1_389' title='bbox 1774 3405 1912 3477; x_wconf 86' lang='grc' dir='ltr'>πρό-</span> 
     </span>
    </p>
   </div>
   <div class='ocr_carea' id='block_1_52' title="bbox 305 3498 1915 3582">
    <p class='ocr_par' dir='ltr' id='par_1_52' title="bbox 305 3498 1915 3582">
     <span class='ocr_line' id='line_1_53' title="bbox 305 3498 1915 3582; baseline -0.009 -16"><span class='ocrx_word' id='word_1_390' title='bbox 305 3512 508 3582; x_wconf 86' lang='grc' dir='ltr'>θυμον.</span> <span class='ocrx_word' id='word_1_391' title='bbox 543 3500 758 3563; x_wconf 70' lang='grc' dir='ltr'>Οὐκοῦν</span> <span class='ocrx_word' id='word_1_392' title='bbox 801 3503 964 3568; x_wconf 85' lang='grc' dir='ltr'>αὐτός</span> <span class='ocrx_word' id='word_1_393' title='bbox 1000 3504 1151 3556; x_wconf 73' lang='grc' dir='ltr'>ἔστιν</span> <span class='ocrx_word' id='word_1_394' title='bbox 1191 3502 1227 3572; x_wconf 83' lang='grc' dir='ltr'><strong>ἡ</strong></span> <span class='ocrx_word' id='word_1_395' title='bbox 1267 3499 1516 3571; x_wconf 84' lang='grc' dir='ltr'>ἀλήθεια,</span> <span class='ocrx_word' id='word_1_396' title='bbox 1569 3498 1734 3562; x_wconf 88' lang='grc' dir='ltr'>αὐτός</span> <span class='ocrx_word' id='word_1_397' title='bbox 1766 3499 1915 3552; x_wconf 78' lang='grc' dir='ltr'>ἐστιν</span> 
     </span>
    </p>
   </div>
   <div class='ocr_carea' id='block_1_53' title="bbox 302 3589 1916 3676">
    <p class='ocr_par' dir='ltr' id='par_1_53' title="bbox 302 3589 1916 3676">
     <span class='ocr_line' id='line_1_54' title="bbox 302 3589 1916 3676; baseline -0.009 -19"><span class='ocrx_word' id='word_1_398' title='bbox 302 3606 340 3676; x_wconf 81' lang='grc' dir='ltr'><strong>ἡ</strong></span> <span class='ocrx_word' id='word_1_399' title='bbox 373 3603 519 3666; x_wconf 73' lang='grc' dir='ltr'>ὁδὸς,</span> <span class='ocrx_word' id='word_1_400' title='bbox 567 3598 716 3654; x_wconf 86' lang='grc' dir='ltr'>τοῦτ’</span> <span class='ocrx_word' id='word_1_401' title='bbox 746 3597 920 3664; x_wconf 73' lang='grc' dir='ltr'>ἐστιν,</span> <span class='ocrx_word' id='word_1_402' title='bbox 949 3597 980 3650; x_wconf 83' lang='grc' dir='ltr'><strong>ό</strong></span> <span class='ocrx_word' id='word_1_403' title='bbox 1012 3593 1222 3665; x_wconf 82' lang='grc' dir='ltr'>ἀληθὴς</span> <span class='ocrx_word' id='word_1_404' title='bbox 1248 3595 1350 3665; x_wconf 81' lang='grc' dir='ltr'>τῆς</span> <span class='ocrx_word' id='word_1_405' title='bbox 1374 3593 1615 3655; x_wconf 90' lang='grc' dir='ltr'>πίστεως</span> <span class='ocrx_word' id='word_1_406' title='bbox 1642 3591 1788 3663; x_wconf 81' lang='grc' dir='ltr'>ὅρος,</span> <span class='ocrx_word' id='word_1_407' title='bbox 1821 3589 1916 3644; x_wconf 77' lang='grc' dir='ltr'><strong>καὶ</strong></span> 
     </span>
    </p>
   </div>
   <div class='ocr_carea' id='block_1_54' title="bbox 305 3681 1916 3766">
    <p class='ocr_par' dir='ltr' id='par_1_54' title="bbox 305 3681 1916 3766">
     <span class='ocr_line' id='line_1_55' title="bbox 305 3681 1916 3766; baseline -0.008 -17"><span class='ocrx_word' id='word_1_408' title='bbox 305 3697 336 3749; x_wconf 86' lang='grc' dir='ltr'>ὁ</span> <span class='ocrx_word' id='word_1_409' title='bbox 359 3695 465 3766; x_wconf 85' lang='grc' dir='ltr'>τῆς</span> <span class='ocrx_word' id='word_1_410' title='bbox 499 3689 779 3755; x_wconf 79' lang='grc' dir='ltr'>ἀπλανοῦς</span> <span class='ocrx_word' id='word_1_411' title='bbox 813 3690 947 3761; x_wconf 78' lang='grc' dir='ltr'>περὶ</span> <span class='ocrx_word' id='word_1_412' title='bbox 977 3687 1113 3742; x_wconf 89' lang='grc' dir='ltr'>Θεοῦ</span> <span class='ocrx_word' id='word_1_413' title='bbox 1159 3686 1466 3758; x_wconf 83' lang='grc' dir='ltr'>διαλήψεως</span> <span class='ocrx_word' id='word_1_414' title='bbox 1510 3683 1694 3739; x_wconf 84' lang='grc' dir='ltr'>κανών</span> <span class='ocrx_word' id='word_1_415' title='bbox 1724 3699 1785 3737; x_wconf 89' lang='grc' dir='ltr'><strong>τε</strong></span> <span class='ocrx_word' id='word_1_416' title='bbox 1818 3681 1916 3736; x_wconf 77' lang='grc' dir='ltr'>καὶ</span> 
     </span>
    </p>
   </div>
   <div class='ocr_carea' id='block_1_55' title="bbox 311 3773 1915 3858">
    <p class='ocr_par' dir='ltr' id='par_1_55' title="bbox 311 3773 1915 3858">
     <span class='ocr_line' id='line_1_56' title="bbox 311 3773 1915 3858; baseline -0.009 -16"><span class='ocrx_word' id='word_1_417' title='bbox 311 3785 558 3858; x_wconf 79' lang='grc' dir='ltr'>στάθμη.</span> <span class='ocrx_word' id='word_1_418' title='bbox 611 3781 976 3844; x_wconf 87' lang='grc' dir='ltr'>Πιστεύοντες</span> <span class='ocrx_word' id='word_1_419' title='bbox 1015 3781 1126 3853; x_wconf 84' lang='grc' dir='ltr'><strong>γὰρ</strong></span> <span class='ocrx_word' id='word_1_420' title='bbox 1174 3779 1255 3843; x_wconf 84' lang='grc' dir='ltr'><strong>είς</strong></span> <span class='ocrx_word' id='word_1_421' title='bbox 1307 3778 1438 3833; x_wconf 85' lang='grc' dir='ltr'>Υἰδν</span> <span class='ocrx_word' id='word_1_422' title='bbox 1487 3775 1728 3848; x_wconf 82' lang='grc' dir='ltr'>ἀληθῶς,</span> <span class='ocrx_word' id='word_1_423' title='bbox 1769 3773 1915 3829; x_wconf 84' lang='grc' dir='ltr'>τοῦτ’</span> 
     </span>
    </p>
   </div>
   <div class='ocr_carea' id='block_1_56' title="bbox 311 3863 1917 3944">
    <p class='ocr_par' dir='ltr' id='par_1_56' title="bbox 311 3863 1917 3944">
     <span class='ocr_line' id='line_1_57' title="bbox 311 3863 1917 3944; baseline -0.009 -11"><span class='ocrx_word' id='word_1_424' title='bbox 311 3879 487 3942; x_wconf 77' lang='grc' dir='ltr'>ἔστιν,</span> <span class='ocrx_word' id='word_1_425' title='bbox 519 3875 582 3941; x_wconf 66' lang='grc' dir='ltr'><strong>ἐξ</strong></span> <span class='ocrx_word' id='word_1_426' title='bbox 620 3873 793 3944; x_wconf 81' lang='grc' dir='ltr'>αὐτῆς</span> <span class='ocrx_word' id='word_1_427' title='bbox 837 3871 1171 3942; x_wconf 78' lang='grc' dir='ltr'>γεννηθέντα</span> <span class='ocrx_word' id='word_1_428' title='bbox 1196 3870 1298 3941; x_wconf 84' lang='grc' dir='ltr'><strong>τῆς</strong></span> <span class='ocrx_word' id='word_1_429' title='bbox 1325 3867 1515 3931; x_wconf 79' lang='grc' dir='ltr'>οὐσίας</span> <span class='ocrx_word' id='word_1_430' title='bbox 1537 3865 1632 3922; x_wconf 89' lang='grc' dir='ltr'><strong>τοῦ</strong></span> <span class='ocrx_word' id='word_1_431' title='bbox 1658 3863 1794 3920; x_wconf 84' lang='grc' dir='ltr'>Θεοῦ</span> <span class='ocrx_word' id='word_1_432' title='bbox 1822 3864 1917 3920; x_wconf 74' lang='grc' dir='ltr'>καὶ</span> 
     </span>
    </p>
   </div>
   <div class='ocr_carea' id='block_1_57' title="bbox 313 3957 1915 4040">
    <p class='ocr_par' dir='ltr' id='par_1_57' title="bbox 313 3957 1915 4040">
     <span class='ocr_line' id='line_1_58' title="bbox 313 3957 1915 4040; baseline -0.01 -15"><span class='ocrx_word' id='word_1_433' title='bbox 313 3969 559 4040; x_wconf 83' lang='grc' dir='ltr'>Πατρὸς,</span> <span class='ocrx_word' id='word_1_434' title='bbox 596 3967 658 4021; x_wconf 90' lang='grc' dir='ltr'><strong>οὐ</strong></span> <span class='ocrx_word' id='word_1_435' title='bbox 698 3965 874 4030; x_wconf 84' lang='grc' dir='ltr'>νόθον,</span> <span class='ocrx_word' id='word_1_436' title='bbox 896 3963 958 4018; x_wconf 90' lang='grc' dir='ltr'>οὐ</span> <span class='ocrx_word' id='word_1_437' title='bbox 987 3961 1358 4034; x_wconf 83' lang='grc' dir='ltr'>ψευδώνυμον,</span> <span class='ocrx_word' id='word_1_438' title='bbox 1391 3959 1507 4014; x_wconf 86' lang='grc' dir='ltr'>ἀλλ’</span> <span class='ocrx_word' id='word_1_439' title='bbox 1538 3958 1659 4012; x_wconf 84' lang='grc' dir='ltr'>οὐδὲ</span> <span class='ocrx_word' id='word_1_440' title='bbox 1693 3957 1915 4027; x_wconf 84' lang='grc' dir='ltr'>κτίσμα,</span> 
     </span>
    </p>
   </div>
   <div class='ocr_carea' id='block_1_58' title="bbox 313 4046 1918 4132">
    <p class='ocr_par' dir='ltr' id='par_1_58' title="bbox 313 4046 1918 4132">
     <span class='ocr_line' id='line_1_59' title="bbox 313 4046 1918 4132; baseline -0.009 -17"><span class='ocrx_word' id='word_1_441' title='bbox 313 4061 350 4132; x_wconf 80' lang='grc' dir='ltr'><strong>ἢ</strong></span> <span class='ocrx_word' id='word_1_442' title='bbox 381 4060 622 4130; x_wconf 81' lang='grc' dir='ltr'>ποίημα,</span> <span class='ocrx_word' id='word_1_443' title='bbox 661 4057 726 4111; x_wconf 76' lang='grc' dir='ltr'><strong>τὸ</strong></span> <span class='ocrx_word' id='word_1_444' title='bbox 756 4058 861 4128; x_wconf 83' lang='grc' dir='ltr'>τῆς</span> <span class='ocrx_word' id='word_1_445' title='bbox 903 4052 1139 4126; x_wconf 80' lang='grc' dir='ltr'>ἀληθοῦς</span> <span class='ocrx_word' id='word_1_446' title='bbox 1186 4052 1428 4114; x_wconf 81' lang='grc' dir='ltr'>πίστεως</span> <span class='ocrx_word' id='word_1_447' title='bbox 1486 4046 1918 4122; x_wconf 86' lang='grc' dir='ltr'>περικεισόμεθα</span> 
     </span>
    </p>
   </div>
   <div class='ocr_carea' id='block_1_59' title="bbox 315 4139 1917 4226">
    <p class='ocr_par' dir='ltr' id='par_1_59' title="bbox 315 4139 1917 4226">
     <span class='ocr_line' id='line_1_60' title="bbox 315 4139 1917 4226; baseline -0.01 -16"><span class='ocrx_word' id='word_1_448' title='bbox 315 4154 610 4226; x_wconf 79' lang='grc' dir='ltr'>καύχημα.</span> <span class='ocrx_word' id='word_1_449' title='bbox 653 4152 713 4205; x_wconf 86' lang='lat'><strong>&#39;0</strong></span> <span class='ocrx_word' id='word_1_450' title='bbox 742 4151 854 4222; x_wconf 92' lang='lat'><strong>1&amp;9</strong></span> <span class='ocrx_word' id='word_1_451' title='bbox 886 4149 969 4213; x_wconf 88' lang='grc' dir='ltr'><strong>είς</strong></span> <span class='ocrx_word' id='word_1_452' title='bbox 995 4147 1126 4201; x_wconf 86' lang='grc' dir='ltr'>Υίδν</span> <span class='ocrx_word' id='word_1_453' title='bbox 1153 4143 1604 4218; x_wconf 79' lang='grc' dir='ltr'>παραδεξάμενος</span> <span class='ocrx_word' id='word_1_454' title='bbox 1643 4141 1735 4194; x_wconf 79' lang='grc' dir='ltr'>τὸν</span> <span class='ocrx_word' id='word_1_455' title='bbox 1767 4139 1917 4204; x_wconf 84' lang='grc' dir='ltr'>Υἱὸν,</span> 
     </span>
    </p>
   </div>
   <div class='ocr_carea' id='block_1_60' title="bbox 316 4231 1922 4319">
    <p class='ocr_par' dir='ltr' id='par_1_60' title="bbox 316 4231 1922 4319">
     <span class='ocr_line' id='line_1_61' title="bbox 316 4231 1922 4319; baseline -0.011 -16"><span class='ocrx_word' id='word_1_456' title='bbox 316 4247 699 4319; x_wconf 83' lang='grc' dir='ltr'>διωμολόγηκε</span> <span class='ocrx_word' id='word_1_457' title='bbox 740 4244 963 4302; x_wconf 74' lang='grc' dir='ltr'>πάντως</span> <span class='ocrx_word' id='word_1_458' title='bbox 1013 4241 1110 4295; x_wconf 72' lang='grc' dir='ltr'><strong>καὶ</strong></span> <span class='ocrx_word' id='word_1_459' title='bbox 1163 4239 1258 4293; x_wconf 80' lang='grc' dir='ltr'><strong>τὸν</strong></span> <span class='ocrx_word' id='word_1_460' title='bbox 1316 4236 1378 4302; x_wconf 83' lang='grc' dir='ltr'>ὲξ</span> <span class='ocrx_word' id='word_1_461' title='bbox 1418 4231 1590 4307; x_wconf 79' lang='grc' dir='ltr'>οὗπερ</span> <span class='ocrx_word' id='word_1_462' title='bbox 1638 4233 1778 4298; x_wconf 73' lang='grc' dir='ltr'>ἐστὶ,</span> <span class='ocrx_word' id='word_1_463' title='bbox 1825 4232 1922 4287; x_wconf 74' lang='grc' dir='ltr'>καὶ</span> 
     </span>
    </p>
   </div>
   <div class='ocr_carea' id='block_1_61' title="bbox 328 4328 1923 4411">
    <p class='ocr_par' dir='ltr' id='par_1_61' title="bbox 328 4328 1923 4411">
     <span class='ocr_line' id='line_1_62' title="bbox 328 4328 1923 4411; baseline -0.011 -16"><span class='ocrx_word' id='word_1_464' title='bbox 328 4340 555 4411; x_wconf 78' lang='grc' dir='ltr'>Πατέρα</span> <span class='ocrx_word' id='word_1_465' title='bbox 585 4336 678 4393; x_wconf 81' lang='grc' dir='ltr'><strong>τὸν</strong></span> <span class='ocrx_word' id='word_1_466' title='bbox 701 4335 837 4392; x_wconf 76' lang='grc' dir='ltr'>Θεὸν</span> <span class='ocrx_word' id='word_1_467' title='bbox 869 4330 980 4389; x_wconf 74' lang='grc' dir='ltr'>οἶδέ</span> <span class='ocrx_word' id='word_1_468' title='bbox 1005 4350 1067 4387; x_wconf 90' lang='grc' dir='ltr'><strong>τε</strong></span> <span class='ocrx_word' id='word_1_469' title='bbox 1115 4331 1209 4386; x_wconf 80' lang='grc' dir='ltr'>καὶ</span> <span class='ocrx_word' id='word_1_470' title='bbox 1237 4330 1473 4399; x_wconf 82' lang='grc' dir='ltr'>δέξεται.</span> <span class='ocrx_word' id='word_1_471' title='bbox 1503 4328 1675 4392; x_wconf 80' lang='grc' dir='ltr'>Αὐτὸς</span> <span class='ocrx_word' id='word_1_472' title='bbox 1701 4342 1923 4396; x_wconf 84' lang='grc' dir='ltr'>τοιγαρ-</span> 
     </span>
    </p>
   </div>
   <div class='ocr_carea' id='block_1_62' title="bbox 319 4419 1922 4503">
    <p class='ocr_par' dir='ltr' id='par_1_62' title="bbox 319 4419 1922 4503">
     <span class='ocr_line' id='line_1_63' title="bbox 319 4419 1922 4503; baseline -0.011 -15"><span class='ocrx_word' id='word_1_473' title='bbox 319 4433 418 4488; x_wconf 87' lang='grc' dir='ltr'><strong>οῦν</strong></span> <span class='ocrx_word' id='word_1_474' title='bbox 447 4434 482 4503; x_wconf 87' lang='grc' dir='ltr'><strong>ή</strong></span> <span class='ocrx_word' id='word_1_475' title='bbox 507 4430 741 4502; x_wconf 78' lang='grc' dir='ltr'>ἀλήθειά</span> <span class='ocrx_word' id='word_1_476' title='bbox 767 4431 937 4494; x_wconf 73' lang='grc' dir='ltr'>ἐστιν,</span> <span class='ocrx_word' id='word_1_477' title='bbox 965 4425 1128 4490; x_wconf 86' lang='grc' dir='ltr'>αὐτός</span> <span class='ocrx_word' id='word_1_478' title='bbox 1151 4424 1303 4478; x_wconf 77' lang='grc' dir='ltr'>ἐστιν</span> <span class='ocrx_word' id='word_1_479' title='bbox 1328 4425 1362 4494; x_wconf 81' lang='grc' dir='ltr'><strong>ἡ</strong></span> <span class='ocrx_word' id='word_1_480' title='bbox 1390 4420 1504 4494; x_wconf 79' lang='grc' dir='ltr'><strong>ζωή</strong></span> <span class='ocrx_word' id='word_1_481' title='bbox 1526 4437 1541 4453; x_wconf 81' lang='grc' dir='ltr'>ο</span> <span class='ocrx_word' id='word_1_482' title='bbox 1579 4421 1640 4474; x_wconf 91' lang='grc' dir='ltr'><strong>οὐ</strong></span> <span class='ocrx_word' id='word_1_483' title='bbox 1670 4419 1778 4490; x_wconf 86' lang='grc' dir='ltr'><strong>γὰρ</strong></span> <span class='ocrx_word' id='word_1_484' title='bbox 1799 4419 1922 4472; x_wconf 74' lang='grc' dir='ltr'>ἓτε-</span> 
     </span>
    </p>
   </div>
   <div class='ocr_carea' id='block_1_63' title="bbox 323 4510 1922 4599">
    <p class='ocr_par' dir='ltr' id='par_1_63' title="bbox 323 4510 1922 4599">
     <span class='ocr_line' id='line_1_64' title="bbox 323 4510 1922 4599; baseline -0.011 -19"><span class='ocrx_word' id='word_1_485' title='bbox 323 4545 420 4599; x_wconf 88' lang='grc' dir='ltr'><strong>ρος</strong></span> <span class='ocrx_word' id='word_1_486' title='bbox 447 4526 586 4598; x_wconf 78' lang='grc' dir='ltr'>ἡμῖν</span> <span class='ocrx_word' id='word_1_487' title='bbox 616 4520 1060 4591; x_wconf 79' lang='grc' dir='ltr'>ἀποκαταστήσει</span> <span class='ocrx_word' id='word_1_488' title='bbox 1098 4517 1199 4588; x_wconf 80' lang='grc' dir='ltr'>τὴν</span> <span class='ocrx_word' id='word_1_489' title='bbox 1235 4517 1296 4569; x_wconf 82' lang='grc' dir='ltr'><strong>ὲν</strong></span> <span class='ocrx_word' id='word_1_490' title='bbox 1327 4514 1508 4569; x_wconf 77' lang='grc' dir='ltr'>ἐλπίσι</span> <span class='ocrx_word' id='word_1_491' title='bbox 1536 4513 1706 4584; x_wconf 81' lang='grc' dir='ltr'>ζωὴν,</span> <span class='ocrx_word' id='word_1_492' title='bbox 1735 4510 1835 4583; x_wconf 82' lang='grc' dir='ltr'>τὴν</span> <span class='ocrx_word' id='word_1_493' title='bbox 1862 4511 1922 4563; x_wconf 78' lang='grc' dir='ltr'>ὲν</span> 
     </span>
    </p>
   </div>
   <div class='ocr_carea' id='block_1_64' title="bbox 321 4601 1922 4688">
    <p class='ocr_par' dir='ltr' id='par_1_64' title="bbox 321 4601 1922 4688">
     <span class='ocr_line' id='line_1_65' title="bbox 321 4601 1922 4688; baseline -0.01 -17"><span class='ocrx_word' id='word_1_494' title='bbox 321 4616 612 4688; x_wconf 72' lang='grc' dir='ltr'>ἀφθαρσίᾳ</span> <span class='ocrx_word' id='word_1_495' title='bbox 647 4612 916 4685; x_wconf 86' lang='grc' dir='ltr'>δηλονότι,</span> <span class='ocrx_word' id='word_1_496' title='bbox 947 4612 1042 4665; x_wconf 74' lang='grc' dir='ltr'><strong>καὶ</strong></span> <span class='ocrx_word' id='word_1_497' title='bbox 1067 4607 1457 4681; x_wconf 83' lang='grc' dir='ltr'>μακαριότητι,</span> <span class='ocrx_word' id='word_1_498' title='bbox 1495 4605 1592 4658; x_wconf 78' lang='grc' dir='ltr'><strong>καὶ</strong></span> <span class='ocrx_word' id='word_1_499' title='bbox 1620 4601 1879 4673; x_wconf 84' lang='grc' dir='ltr'>ἁγιασμῷ</span> <span class='ocrx_word' id='word_1_500' title='bbox 1908 4617 1922 4631; x_wconf 88' lang='grc'><strong>·</strong></span> 
     </span>
    </p>
   </div>
   <div class='ocr_carea' id='block_1_65' title="bbox 324 4697 1798 4780">
    <p class='ocr_par' dir='ltr' id='par_1_65' title="bbox 324 4697 1798 4780">
     <span class='ocr_line' id='line_1_66' title="bbox 324 4697 1798 4780; baseline -0.013 -13"><span class='ocrx_word' id='word_1_501' title='bbox 324 4711 495 4774; x_wconf 76' lang='grc' dir='ltr'>αὐτὸς</span> <span class='ocrx_word' id='word_1_502' title='bbox 529 4708 641 4780; x_wconf 84' lang='grc' dir='ltr'>γὰρ</span> <span class='ocrx_word' id='word_1_503' title='bbox 671 4706 820 4778; x_wconf 80' lang='grc' dir='ltr'>ἡμᾶς</span> <span class='ocrx_word' id='word_1_504' title='bbox 852 4703 1080 4774; x_wconf 76' lang='grc' dir='ltr'>ἐγείρει,</span> <span class='ocrx_word' id='word_1_505' title='bbox 1106 4702 1201 4756; x_wconf 75' lang='grc' dir='ltr'>καὶ</span> <span class='ocrx_word' id='word_1_506' title='bbox 1228 4700 1458 4769; x_wconf 86' lang='grc' dir='ltr'>νεκροὺς</span> <span class='ocrx_word' id='word_1_507' title='bbox 1484 4697 1798 4768; x_wconf 88' lang='grc' dir='ltr'>γεγονότας,</span> 
     </span>
    </p>
   </div>
   <div class='ocr_carea' id='block_1_66' title="bbox 323 4785 1924 4877">
    <p class='ocr_par' dir='ltr' id='par_1_66' title="bbox 323 4785 1924 4877">
     <span class='ocr_line' id='line_1_67' title="bbox 323 4785 1924 4877; baseline -0.011 -19"><span class='ocrx_word' id='word_1_508' title='bbox 323 4805 428 4877; x_wconf 76' lang='grc' dir='ltr'>τὴν</span> <span class='ocrx_word' id='word_1_509' title='bbox 455 4799 696 4876; x_wconf 85' lang='grc' dir='ltr'>ἀρχαίαν</span> <span class='ocrx_word' id='word_1_510' title='bbox 742 4799 905 4870; x_wconf 82' lang='grc' dir='ltr'>ἀρὰν,</span> <span class='ocrx_word' id='word_1_511' title='bbox 940 4794 1266 4867; x_wconf 74' lang='grc' dir='ltr'>ἀνακομίσει</span> <span class='ocrx_word' id='word_1_512' title='bbox 1295 4793 1458 4848; x_wconf 80' lang='grc' dir='ltr'>πάλιν</span> <span class='ocrx_word' id='word_1_513' title='bbox 1490 4791 1570 4854; x_wconf 86' lang='grc' dir='ltr'><strong>είς</strong></span> <span class='ocrx_word' id='word_1_514' title='bbox 1614 4791 1754 4862; x_wconf 84' lang='grc' dir='ltr'>ὅπερ</span> <span class='ocrx_word' id='word_1_515' title='bbox 1782 4785 1924 4860; x_wconf 83' lang='grc' dir='ltr'>ἦμεν</span> 
     </span>
    </p>
   </div>
   <div class='ocr_carea' id='block_1_67' title="bbox 326 4881 1927 4967">
    <p class='ocr_par' dir='ltr' id='par_1_67' title="bbox 326 4881 1927 4967">
     <span class='ocr_line' id='line_1_68' title="bbox 326 4881 1927 4967; baseline -0.012 -15"><span class='ocrx_word' id='word_1_516' title='bbox 326 4898 386 4952; x_wconf 83' lang='grc' dir='ltr'><strong>ὲν</strong></span> <span class='ocrx_word' id='word_1_517' title='bbox 409 4896 632 4967; x_wconf 83' lang='grc' dir='ltr'>ἀρχαῖς.</span> <span class='ocrx_word' id='word_1_518' title='bbox 665 4892 918 4945; x_wconf 79' lang='grc' dir='ltr'>Ἀπαντα</span> <span class='ocrx_word' id='word_1_519' title='bbox 937 4887 1121 4942; x_wconf 81' lang='grc' dir='ltr'>τοίνυν</span> <span class='ocrx_word' id='word_1_520' title='bbox 1151 4888 1284 4958; x_wconf 81' lang='grc' dir='ltr'>ημῖν</span> <span class='ocrx_word' id='word_1_521' title='bbox 1311 4886 1369 4939; x_wconf 76' lang='grc' dir='ltr'><strong>ὲν</strong></span> <span class='ocrx_word' id='word_1_522' title='bbox 1395 4881 1567 4954; x_wconf 82' lang='grc' dir='ltr'>αὐτῷ,</span> <span class='ocrx_word' id='word_1_523' title='bbox 1596 4882 1692 4936; x_wconf 75' lang='grc' dir='ltr'>καὶ</span> <span class='ocrx_word' id='word_1_524' title='bbox 1730 4881 1797 4935; x_wconf 85' lang='grc' dir='ltr'>δι’</span> <span class='ocrx_word' id='word_1_525' title='bbox 1829 4881 1927 4934; x_wconf 89' lang='grc' dir='ltr'>αὐ-</span> 
     </span>
    </p>
   </div>
   <div class='ocr_carea' id='block_1_68' title="bbox 322 4974 1930 5051">
    <p class='ocr_par' dir='ltr' id='par_1_68' title="bbox 322 4974 1930 5051">
     <span class='ocr_line' id='line_1_69' title="bbox 322 4974 1930 5051; baseline -0.011 -7"><span class='ocrx_word' id='word_1_526' title='bbox 322 4991 426 5046; x_wconf 90' lang='grc' dir='ltr'><strong>τοῦ</strong></span> <span class='ocrx_word' id='word_1_527' title='bbox 457 4990 531 5043; x_wconf 73' lang='grc' dir='ltr'>τὰ</span> <span class='ocrx_word' id='word_1_528' title='bbox 561 4985 826 5041; x_wconf 84' lang='grc' dir='ltr'>κάλλιστὰ</span> <span class='ocrx_word' id='word_1_529' title='bbox 857 5000 919 5037; x_wconf 95' lang='grc' dir='ltr'><strong>τε</strong></span> <span class='ocrx_word' id='word_1_530' title='bbox 947 4981 1044 5036; x_wconf 77' lang='grc' dir='ltr'><strong>καὶ</strong></span> <span class='ocrx_word' id='word_1_531' title='bbox 1084 4979 1341 5051; x_wconf 74' lang='grc' dir='ltr'>ἐξαίρετα</span> <span class='ocrx_word' id='word_1_532' title='bbox 1372 4975 1585 5048; x_wconf 79' lang='grc' dir='ltr'>πέφηνὲ</span> <span class='ocrx_word' id='word_1_533' title='bbox 1611 4992 1672 5028; x_wconf 92' lang='grc' dir='ltr'><strong>τε</strong></span> <span class='ocrx_word' id='word_1_534' title='bbox 1704 4975 1806 5046; x_wconf 75' lang='grc' dir='ltr'>ήδη</span> <span class='ocrx_word' id='word_1_535' title='bbox 1833 4974 1930 5028; x_wconf 79' lang='grc' dir='ltr'>καὶ</span> 
     </span>
    </p>
   </div>
   <div class='ocr_carea' id='block_1_69' title="bbox 325 5068 1929 5159">
    <p class='ocr_par' dir='ltr' id='par_1_69' title="bbox 325 5068 1929 5159">
     <span class='ocr_line' id='line_1_70' title="bbox 325 5068 1929 5159; baseline -0.013 -18"><span class='ocrx_word' id='word_1_536' title='bbox 325 5085 652 5159; x_wconf 74' lang='grc' dir='ltr'>γενήσεται.</span> <span class='ocrx_word' id='word_1_537' title='bbox 687 5081 800 5134; x_wconf 77' lang='grc' dir='ltr'><strong>Καὶ</strong></span> <span class='ocrx_word' id='word_1_538' title='bbox 828 5079 933 5150; x_wconf 82' lang='grc' dir='ltr'>ὅρα</span> <span class='ocrx_word' id='word_1_539' title='bbox 961 5093 1054 5149; x_wconf 89' lang='grc' dir='ltr'><strong>μοι</strong></span> <span class='ocrx_word' id='word_1_540' title='bbox 1080 5073 1265 5142; x_wconf 80' lang='grc' dir='ltr'>πάλιν,</span> <span class='ocrx_word' id='word_1_541' title='bbox 1302 5073 1471 5144; x_wconf 80' lang='grc' dir='ltr'>ὅτιτῇ</span> <span class='ocrx_word' id='word_1_542' title='bbox 1493 5071 1602 5126; x_wconf 82' lang='grc' dir='ltr'><strong>τῶν</strong></span> <span class='ocrx_word' id='word_1_543' title='bbox 1627 5068 1929 5143; x_wconf 80' lang='grc' dir='ltr'>προκειμέ-</span> 
     </span>
    </p>
   </div>
   <div class='ocr_carea' id='block_1_70' title="bbox 331 5161 1936 5246">
    <p class='ocr_par' dir='ltr' id='par_1_70' title="bbox 331 5161 1936 5246">
     <span class='ocr_line' id='line_1_71' title="bbox 331 5161 1936 5246; baseline -0.01 -12"><span class='ocrx_word' id='word_1_544' title='bbox 331 5195 442 5235; x_wconf 88' lang='grc' dir='ltr'>νων</span> <span class='ocrx_word' id='word_1_545' title='bbox 489 5175 701 5246; x_wconf 79' lang='grc' dir='ltr'>θεωρίᾳ</span> <span class='ocrx_word' id='word_1_546' title='bbox 743 5170 880 5226; x_wconf 85' lang='grc' dir='ltr'><strong>πολύ</strong></span> <span class='ocrx_word' id='word_1_547' title='bbox 930 5169 996 5242; x_wconf 82' lang='grc' dir='ltr'>δὴ</span> <span class='ocrx_word' id='word_1_548' title='bbox 1039 5167 1266 5239; x_wconf 82' lang='grc' dir='ltr'>πρέπων</span> <span class='ocrx_word' id='word_1_549' title='bbox 1311 5165 1460 5219; x_wconf 71' lang='grc' dir='ltr'>ἐστὶν</span> <span class='ocrx_word' id='word_1_550' title='bbox 1501 5165 1531 5218; x_wconf 85' lang='grc' dir='ltr'><strong>ό</strong></span> <span class='ocrx_word' id='word_1_551' title='bbox 1563 5161 1936 5237; x_wconf 73' lang='grc' dir='ltr'>περὶτούτων</span> 
     </span>
    </p>
   </div>
   <div class='ocr_carea' id='block_1_71' title="bbox 323 5253 1942 5340">
    <p class='ocr_par' dir='ltr' id='par_1_71' title="bbox 323 5253 1942 5340">
     <span class='ocr_line' id='line_1_72' title="bbox 323 5253 1942 5340; baseline -0.011 -15"><span class='ocrx_word' id='word_1_552' title='bbox 323 5271 519 5340; x_wconf 66' lang='grc' dir='ltr'>λόγος.</span> <span class='ocrx_word' id='word_1_553' title='bbox 565 5262 964 5329; x_wconf 78' lang='grc' dir='ltr'>Ἐνδοιάζοντός</span> <span class='ocrx_word' id='word_1_554' title='bbox 1015 5277 1075 5315; x_wconf 88' lang='grc' dir='ltr'><strong>τε</strong></span> <span class='ocrx_word' id='word_1_555' title='bbox 1109 5260 1218 5332; x_wconf 90' lang='lat'><strong>1&amp;9</strong></span> <span class='ocrx_word' id='word_1_556' title='bbox 1264 5257 1347 5312; x_wconf 72' lang='grc' dir='ltr'>ἔτι</span> <span class='ocrx_word' id='word_1_557' title='bbox 1389 5253 1486 5311; x_wconf 88' lang='grc' dir='ltr'><strong>τοῦ</strong></span> <span class='ocrx_word' id='word_1_558' title='bbox 1518 5254 1787 5328; x_wconf 89' lang='grc' dir='ltr'>μαθητοῦ,</span> <span class='ocrx_word' id='word_1_559' title='bbox 1842 5253 1942 5308; x_wconf 77' lang='grc' dir='ltr'>καὶ</span> 
     </span>
    </p>
   </div>
   <div class='ocr_carea' id='block_1_72' title="bbox 334 5346 1941 5435">
    <p class='ocr_par' dir='ltr' id='par_1_72' title="bbox 334 5346 1941 5435">
     <span class='ocr_line' id='line_1_73' title="bbox 334 5346 1941 5435; baseline -0.011 -17"><span class='ocrx_word' id='word_1_560' title='bbox 334 5366 650 5435; x_wconf 82' lang='grc' dir='ltr'>φάσκοντος</span> <span class='ocrx_word' id='word_1_561' title='bbox 670 5401 685 5427; x_wconf 96' lang='grc'><strong>,</strong></span> <span class='ocrx_word' id='word_1_562' title='bbox 733 5379 752 5412; x_wconf 75' lang='grc' dir='ltr'><strong>ι</strong></span> <span class='ocrx_word' id='word_1_563' title='bbox 787 5357 914 5422; x_wconf 87' lang='grc' dir='ltr'><strong>Πῶς</strong></span> <span class='ocrx_word' id='word_1_564' title='bbox 942 5355 1167 5425; x_wconf 76' lang='grc' dir='ltr'>οἴδαμεν</span> <span class='ocrx_word' id='word_1_565' title='bbox 1202 5353 1302 5424; x_wconf 83' lang='grc' dir='ltr'>τὴν</span> <span class='ocrx_word' id='word_1_566' title='bbox 1331 5352 1482 5418; x_wconf 78' lang='grc' dir='ltr'>ὁδόνς</span> <span class='ocrx_word' id='word_1_567' title='bbox 1516 5368 1535 5401; x_wconf 73' lang='grc' dir='ltr'><strong>ι</strong></span> <span class='ocrx_word' id='word_1_568' title='bbox 1570 5349 1660 5404; x_wconf 83' lang='grc' dir='ltr'>διὰ</span> <span class='ocrx_word' id='word_1_569' title='bbox 1691 5346 1941 5420; x_wconf 81' lang='grc' dir='ltr'>βραχέων</span> 
     </span>
    </p>
   </div>
   <div class='ocr_carea' id='block_1_73' title="bbox 334 5437 1939 5521">
    <p class='ocr_par' dir='ltr' id='par_1_73' title="bbox 334 5437 1939 5521">
     <span class='ocr_line' id='line_1_74' title="bbox 334 5437 1939 5521; baseline -0.012 -11"><span class='ocrx_word' id='word_1_570' title='bbox 334 5455 565 5521; x_wconf 67' lang='grc' dir='ltr'>ἔδειξεν,</span> <span class='ocrx_word' id='word_1_571' title='bbox 601 5453 678 5517; x_wconf 82' lang='grc' dir='ltr'>ὡς</span> <span class='ocrx_word' id='word_1_572' title='bbox 707 5449 941 5521; x_wconf 72' lang='grc' dir='ltr'>ἐπείπερ</span> <span class='ocrx_word' id='word_1_573' title='bbox 974 5447 1167 5502; x_wconf 80' lang='grc' dir='ltr'>εἰδεῖεν</span> <span class='ocrx_word' id='word_1_574' title='bbox 1196 5443 1304 5498; x_wconf 85' lang='grc' dir='ltr'>τῶν</span> <span class='ocrx_word' id='word_1_575' title='bbox 1342 5443 1425 5507; x_wconf 87' lang='grc' dir='ltr'><strong>είς</strong></span> <span class='ocrx_word' id='word_1_576' title='bbox 1448 5441 1510 5496; x_wconf 84' lang='grc' dir='ltr'><strong>τὸ</strong></span> <span class='ocrx_word' id='word_1_577' title='bbox 1551 5441 1664 5497; x_wconf 79' lang='grc' dir='ltr'><strong>ἀνω</strong></span> <span class='ocrx_word' id='word_1_578' title='bbox 1690 5437 1939 5510; x_wconf 89' lang='grc' dir='ltr'>διακομί-</span> 
     </span>
    </p>
   </div>
   <div class='ocr_carea' id='block_1_74' title="bbox 335 5531 1940 5614">
    <p class='ocr_par' dir='ltr' id='par_1_74' title="bbox 335 5531 1940 5614">
     <span class='ocr_line' id='line_1_75' title="bbox 335 5531 1940 5614; baseline -0.012 -11"><span class='ocrx_word' id='word_1_579' title='bbox 335 5550 455 5614; x_wconf 80' lang='grc' dir='ltr'>ζειν</span> <span class='ocrx_word' id='word_1_580' title='bbox 500 5544 800 5599; x_wconf 73' lang='grc' dir='ltr'>ἐθελόντων</span> <span class='ocrx_word' id='word_1_581' title='bbox 839 5539 1063 5611; x_wconf 87' lang='grc' dir='ltr'>ἀγαθῶν</span> <span class='ocrx_word' id='word_1_582' title='bbox 1104 5535 1280 5592; x_wconf 70' lang='grc' dir='ltr'>αἴτιόν</span> <span class='ocrx_word' id='word_1_583' title='bbox 1324 5552 1383 5589; x_wconf 90' lang='grc' dir='ltr'><strong>τε</strong></span> <span class='ocrx_word' id='word_1_584' title='bbox 1413 5534 1509 5588; x_wconf 74' lang='grc' dir='ltr'><strong>καὶ</strong></span> <span class='ocrx_word' id='word_1_585' title='bbox 1542 5531 1799 5605; x_wconf 77' lang='grc' dir='ltr'>χορηγὸν,</span> <span class='ocrx_word' id='word_1_586' title='bbox 1842 5531 1940 5585; x_wconf 79' lang='grc' dir='ltr'>καὶ</span> 
     </span>
    </p>
   </div>
   <div class='ocr_carea' id='block_1_75' title="bbox 335 5625 1938 5714">
    <p class='ocr_par' dir='ltr' id='par_1_75' title="bbox 335 5625 1938 5714">
     <span class='ocr_line' id='line_1_76' title="bbox 335 5625 1938 5714; baseline -0.009 -20"><span class='ocrx_word' id='word_1_587' title='bbox 335 5639 614 5714; x_wconf 80' lang='grc' dir='ltr'>πρύτανιν</span> <span class='ocrx_word' id='word_1_588' title='bbox 647 5635 918 5708; x_wconf 83' lang='grc' dir='ltr'>ὑπάρχειν</span> <span class='ocrx_word' id='word_1_589' title='bbox 960 5631 1145 5695; x_wconf 78' lang='grc' dir='ltr'>αὐτὸν,</span> <span class='ocrx_word' id='word_1_590' title='bbox 1182 5627 1397 5692; x_wconf 82' lang='grc' dir='ltr'>οὐδενὸς</span> <span class='ocrx_word' id='word_1_591' title='bbox 1425 5626 1611 5691; x_wconf 82' lang='grc' dir='ltr'>αὐτοῖς</span> <span class='ocrx_word' id='word_1_592' title='bbox 1650 5625 1732 5679; x_wconf 74' lang='grc' dir='ltr'>ἔτι</span> <span class='ocrx_word' id='word_1_593' title='bbox 1755 5625 1938 5697; x_wconf 86' lang='grc' dir='ltr'>δεήσει</span> 
     </span>
    </p>
   </div>
   <div class='ocr_carea' id='block_1_76' title="bbox 338 5717 1938 5804">
    <p class='ocr_par' dir='ltr' id='par_1_76' title="bbox 338 5717 1938 5804">
     <span class='ocr_line' id='line_1_77' title="bbox 338 5717 1938 5804; baseline -0.011 -17"><span class='ocrx_word' id='word_1_594' title='bbox 338 5732 481 5804; x_wconf 74' lang='grc' dir='ltr'>πρὸς</span> <span class='ocrx_word' id='word_1_595' title='bbox 510 5730 574 5783; x_wconf 77' lang='grc' dir='ltr'>τὸ</span> <span class='ocrx_word' id='word_1_596' title='bbox 599 5726 802 5782; x_wconf 81' lang='grc' dir='ltr'>εἰδέναι</span> <span class='ocrx_word' id='word_1_597' title='bbox 824 5726 924 5798; x_wconf 77' lang='grc' dir='ltr'>τὴν</span> <span class='ocrx_word' id='word_1_598' title='bbox 957 5725 1098 5780; x_wconf 77' lang='grc' dir='ltr'>ὁδόν.</span> <span class='ocrx_word' id='word_1_599' title='bbox 1135 5720 1360 5793; x_wconf 80' lang='grc' dir='ltr'>Ἐπειδὴ</span> <span class='ocrx_word' id='word_1_600' title='bbox 1392 5719 1450 5776; x_wconf 74' lang='grc' dir='ltr'>δὲ</span> <span class='ocrx_word' id='word_1_601' title='bbox 1481 5718 1658 5790; x_wconf 87' lang='grc' dir='ltr'>τούτῳ</span> <span class='ocrx_word' id='word_1_602' title='bbox 1697 5717 1938 5790; x_wconf 82' lang='grc' dir='ltr'>συνῆπτε</span> 
     </span>
    </p>
   </div>
   <div class='ocr_carea' id='block_1_77' title="bbox 337 5807 1940 5889">
    <p class='ocr_par' dir='ltr' id='par_1_77' title="bbox 337 5807 1940 5889">
     <span class='ocr_line' id='line_1_78' title="bbox 337 5807 1940 5889; baseline -0.011 -10"><span class='ocrx_word' id='word_1_603' title='bbox 337 5827 422 5886; x_wconf 82' lang='grc' dir='ltr'><strong>τὸ,</strong></span> <span class='ocrx_word' id='word_1_604' title='bbox 461 5841 481 5875; x_wconf 76' lang='grc' dir='ltr'><strong>ι</strong></span> <span class='ocrx_word' id='word_1_605' title='bbox 524 5819 719 5882; x_wconf 74' lang='grc' dir='ltr'>Οὐδεὶς</span> <span class='ocrx_word' id='word_1_606' title='bbox 769 5818 992 5889; x_wconf 77' lang='grc' dir='ltr'>ἔρχεται</span> <span class='ocrx_word' id='word_1_607' title='bbox 1043 5815 1181 5888; x_wconf 79' lang='grc' dir='ltr'>πρὸς</span> <span class='ocrx_word' id='word_1_608' title='bbox 1232 5813 1325 5868; x_wconf 80' lang='grc' dir='ltr'><strong>τὸν</strong></span> <span class='ocrx_word' id='word_1_609' title='bbox 1369 5810 1612 5882; x_wconf 79' lang='grc' dir='ltr'>Πατέρα,</span> <span class='ocrx_word' id='word_1_610' title='bbox 1657 5810 1706 5864; x_wconf 80' lang='grc' dir='ltr'><strong>εί</strong></span> <span class='ocrx_word' id='word_1_611' title='bbox 1755 5807 1831 5880; x_wconf 82' lang='grc' dir='ltr'>μὴ</span> <span class='ocrx_word' id='word_1_612' title='bbox 1873 5808 1940 5861; x_wconf 83' lang='grc' dir='ltr'>δι’</span> 
     </span>
    </p>
   </div>
   <div class='ocr_carea' id='block_1_78' title="bbox 339 5901 1942 5988">
    <p class='ocr_par' dir='ltr' id='par_1_78' title="bbox 339 5901 1942 5988">
     <span class='ocr_line' id='line_1_79' title="bbox 339 5901 1942 5988; baseline -0.011 -17"><span class='ocrx_word' id='word_1_613' title='bbox 339 5914 502 5988; x_wconf 78' lang='grc' dir='ltr'>ἐμοῦ,</span> <span class='ocrx_word' id='word_1_614' title='bbox 542 5932 562 5965; x_wconf 74' lang='grc' dir='ltr'><strong>ι</strong></span> <span class='ocrx_word' id='word_1_615' title='bbox 596 5912 732 5984; x_wconf 84' lang='grc' dir='ltr'>φέρε</span> <span class='ocrx_word' id='word_1_616' title='bbox 758 5911 823 5982; x_wconf 87' lang='grc' dir='ltr'>δή</span> <span class='ocrx_word' id='word_1_617' title='bbox 848 5927 903 5964; x_wconf 91' lang='grc' dir='ltr'><strong>τι</strong></span> <span class='ocrx_word' id='word_1_618' title='bbox 951 5909 1044 5967; x_wconf 73' lang='grc' dir='ltr'><strong>καὶ</strong></span> <span class='ocrx_word' id='word_1_619' title='bbox 1075 5908 1212 5978; x_wconf 82' lang='grc' dir='ltr'>πρὸς</span> <span class='ocrx_word' id='word_1_620' title='bbox 1243 5905 1375 5963; x_wconf 80' lang='grc' dir='ltr'>αὐτὸ</span> <span class='ocrx_word' id='word_1_621' title='bbox 1406 5905 1676 5976; x_wconf 81' lang='grc' dir='ltr'>λέγωμεν,</span> <span class='ocrx_word' id='word_1_622' title='bbox 1706 5901 1815 5958; x_wconf 84' lang='grc' dir='ltr'><strong>τῶν</strong></span> <span class='ocrx_word' id='word_1_623' title='bbox 1842 5901 1942 5974; x_wconf 81' lang='grc' dir='ltr'>ρη-</span> 
     </span>
    </p>
   </div>
   <div class='ocr_carea' id='block_1_79' title="bbox 409 6003 874 6073">
    <p class='ocr_par' dir='ltr' id='par_1_79' title="bbox 409 6003 874 6073">
     <span class='ocr_line' id='line_1_80' title="bbox 409 6003 874 6073; baseline -0.009 -10"><span class='ocrx_word' id='word_1_624' title='bbox 409 6009 456 6042; x_wconf 71' lang='grc'><strong>⁶¹⁵</strong></span> <span class='ocrx_word' id='word_1_625' title='bbox 477 6007 652 6064; x_wconf 85' lang='lat' dir='ltr'><strong>chit.</strong></span> <span class='ocrx_word' id='word_1_626' title='bbox 678 6019 793 6073; x_wconf 77' lang='lat' dir='ltr'><strong>xix,</strong></span> <span class='ocrx_word' id='word_1_627' title='bbox 821 6003 874 6059; x_wconf 76' lang='grc'><strong>2.</strong></span> 
     </span>
    </p>
   </div>
   <div class='ocr_carea' id='block_1_80' title="bbox 2004 1983 3598 2076">
    <p class='ocr_par' dir='ltr' id='par_1_80' title="bbox 2004 1983 3598 2076">
     <span class='ocr_line' id='line_1_81' title="bbox 2004 1983 3598 2076; baseline -0.017 -11"><span class='ocrx_word' id='word_1_628' title='bbox 2004 2018 2150 2072; x_wconf 90' lang='lat' dir='ltr'><strong>tem,</strong></span> <span class='ocrx_word' id='word_1_629' title='bbox 2205 2001 2501 2076; x_wconf 87' lang='lat' dir='ltr'><strong>cogitanda</strong></span> <span class='ocrx_word' id='word_1_630' title='bbox 2539 1998 2803 2054; x_wconf 89' lang='lat' dir='ltr'><strong>nimirum</strong></span> <span class='ocrx_word' id='word_1_631' title='bbox 2863 1991 3095 2048; x_wconf 88' lang='lat' dir='ltr'><strong>meliora</strong></span> <span class='ocrx_word' id='word_1_632' title='bbox 3152 1987 3474 2058; x_wconf 87' lang='lat' dir='ltr'><strong>relinquens</strong></span> <span class='ocrx_word' id='word_1_633' title='bbox 3526 1983 3598 2038; x_wconf 90' lang='lat' dir='ltr'><strong>iis</strong></span> 
     </span>
    </p>
   </div>
   <div class='ocr_carea' id='block_1_81' title="bbox 2003 2077 3601 2173">
    <p class='ocr_par' dir='ltr' id='par_1_81' title="bbox 2003 2077 3601 2173">
     <span class='ocr_line' id='line_1_82' title="bbox 2003 2077 3601 2173; baseline -0.018 -15"><span class='ocrx_word' id='word_1_634' title='bbox 2003 2102 2210 2173; x_wconf 89' lang='lat' dir='ltr'><strong>quibus</strong></span> <span class='ocrx_word' id='word_1_635' title='bbox 2253 2096 2468 2153; x_wconf 91' lang='lat' dir='ltr'><strong>acutior</strong></span> <span class='ocrx_word' id='word_1_636' title='bbox 2491 2093 2576 2149; x_wconf 90' lang='lat' dir='ltr'><strong>vis</strong></span> <span class='ocrx_word' id='word_1_637' title='bbox 2615 2100 2703 2147; x_wconf 82' lang='lat' dir='ltr'><strong>est</strong></span> <span class='ocrx_word' id='word_1_638' title='bbox 2727 2087 2953 2159; x_wconf 79' lang='lat' dir='ltr'><strong>ingenii.</strong></span> <span class='ocrx_word' id='word_1_639' title='bbox 2988 2083 3192 2139; x_wconf 89' lang='lat' dir='ltr'><strong>Tribus</strong></span> <span class='ocrx_word' id='word_1_640' title='bbox 3227 2081 3398 2153; x_wconf 80' lang='lat' dir='ltr'><strong>igitur</strong></span> <span class='ocrx_word' id='word_1_641' title='bbox 3434 2077 3601 2133; x_wconf 88' lang='lat' dir='ltr'><strong>rebus</strong></span> 
     </span>
    </p>
   </div>
   <div class='ocr_carea' id='block_1_82' title="bbox 2004 2167 3600 2262">
    <p class='ocr_par' dir='ltr' id='par_1_82' title="bbox 2004 2167 3600 2262">
     <span class='ocr_line' id='line_1_83' title="bbox 2004 2167 3600 2262; baseline -0.018 -12"><span class='ocrx_word' id='word_1_642' title='bbox 2004 2196 2074 2250; x_wconf 84' lang='lat' dir='ltr'><strong>ad</strong></span> <span class='ocrx_word' id='word_1_643' title='bbox 2104 2205 2376 2262; x_wconf 86' lang='lat' dir='ltr'><strong>supernas</strong></span> <span class='ocrx_word' id='word_1_644' title='bbox 2408 2203 2474 2244; x_wconf 88' lang='lat' dir='ltr'><strong>ac</strong></span> <span class='ocrx_word' id='word_1_645' title='bbox 2510 2184 2730 2241; x_wconf 88' lang='lat' dir='ltr'><strong>divinas</strong></span> <span class='ocrx_word' id='word_1_646' title='bbox 2765 2179 3086 2234; x_wconf 88' lang='lat' dir='ltr'><strong>mansiones</strong></span> <span class='ocrx_word' id='word_1_647' title='bbox 3117 2173 3417 2236; x_wconf 81' lang='lat' dir='ltr'><strong>enitemur,</strong></span> <span class='ocrx_word' id='word_1_648' title='bbox 3449 2178 3504 2224; x_wconf 91' lang='lat' dir='ltr'><strong>et</strong></span> <span class='ocrx_word' id='word_1_649' title='bbox 3539 2167 3600 2222; x_wconf 92' lang='lat' dir='ltr'><strong>in</strong></span> 
     </span>
    </p>
   </div>
   <div class='ocr_carea' id='block_1_83' title="bbox 2007 2265 3602 2360">
    <p class='ocr_par' dir='ltr' id='par_1_83' title="bbox 2007 2265 3602 2360">
     <span class='ocr_line' id='line_1_84' title="bbox 2007 2265 3602 2360; baseline -0.018 -16"><span class='ocrx_word' id='word_1_650' title='bbox 2007 2284 2504 2360; x_wconf 87' lang='lat' dir='ltr'><strong>primogenitorum</strong></span> <span class='ocrx_word' id='word_1_651' title='bbox 2533 2274 3020 2348; x_wconf 80' lang='lat' dir='ltr'><strong>congregationem</strong></span> <span class='ocrx_word' id='word_1_652' title='bbox 3055 2265 3422 2324; x_wconf 85' lang='lat' dir='ltr'><strong>ascendemus</strong></span> <span class='ocrx_word' id='word_1_653' title='bbox 3456 2281 3471 2317; x_wconf 90' lang='lat'><strong>:</strong></span> <span class='ocrx_word' id='word_1_654' title='bbox 3503 2276 3602 2332; x_wconf 91' lang='lat' dir='ltr'><strong>per</strong></span> 
     </span>
    </p>
   </div>
   <div class='ocr_carea' id='block_1_84' title="bbox 2009 2359 3600 2437">
    <p class='ocr_par' dir='ltr' id='par_1_84' title="bbox 2009 2359 3600 2437">
     <span class='ocr_line' id='line_1_85' title="bbox 2009 2359 3600 2437; baseline -0.019 -2"><span class='ocrx_word' id='word_1_655' title='bbox 2009 2381 2286 2437; x_wconf 87' lang='lat' dir='ltr'><strong>actionem</strong></span> <span class='ocrx_word' id='word_1_656' title='bbox 2313 2373 2530 2434; x_wconf 88' lang='lat' dir='ltr'><strong>scilicet</strong></span> <span class='ocrx_word' id='word_1_657' title='bbox 2553 2368 2775 2426; x_wconf 89' lang='lat' dir='ltr'><strong>virtutis</strong></span> <span class='ocrx_word' id='word_1_658' title='bbox 2800 2368 3031 2428; x_wconf 83' lang='lat' dir='ltr'><strong>variam,</strong></span> <span class='ocrx_word' id='word_1_659' title='bbox 3056 2377 3154 2433; x_wconf 91' lang='lat' dir='ltr'><strong>per</strong></span> <span class='ocrx_word' id='word_1_660' title='bbox 3176 2359 3341 2415; x_wconf 87' lang='lat' dir='ltr'><strong>ﬁdem</strong></span> <span class='ocrx_word' id='word_1_661' title='bbox 3368 2363 3600 2418; x_wconf 87' lang='lat' dir='ltr'><strong>rectam,</strong></span> 
     </span>
    </p>
   </div>
   <div class='ocr_carea' id='block_1_85' title="bbox 2010 2445 3604 2544">
    <p class='ocr_par' dir='ltr' id='par_1_85' title="bbox 2010 2445 3604 2544">
     <span class='ocr_line' id='line_1_86' title="bbox 2010 2445 3604 2544; baseline -0.02 -15"><span class='ocrx_word' id='word_1_662' title='bbox 2010 2484 2066 2529; x_wconf 88' lang='lat' dir='ltr'><strong>et</strong></span> <span class='ocrx_word' id='word_1_663' title='bbox 2100 2485 2254 2544; x_wconf 90' lang='lat' dir='ltr'><strong>spem</strong></span> <span class='ocrx_word' id='word_1_664' title='bbox 2279 2469 2426 2524; x_wconf 65' lang='lat' dir='ltr'><strong>vitae.</strong></span> <span class='ocrx_word' id='word_1_665' title='bbox 2459 2467 2532 2520; x_wconf 87' lang='lat' dir='ltr'><strong>At</strong></span> <span class='ocrx_word' id='word_1_666' title='bbox 2562 2461 2689 2532; x_wconf 90' lang='lat' dir='ltr'><strong>quis</strong></span> <span class='ocrx_word' id='word_1_667' title='bbox 2719 2459 2862 2513; x_wconf 91' lang='lat' dir='ltr'><strong>alius</strong></span> <span class='ocrx_word' id='word_1_668' title='bbox 2897 2454 3062 2511; x_wconf 89' lang='lat' dir='ltr'><strong>nobis</strong></span> <span class='ocrx_word' id='word_1_669' title='bbox 3093 2464 3286 2508; x_wconf 90' lang='lat' dir='ltr'><strong>eorum</strong></span> <span class='ocrx_word' id='word_1_670' title='bbox 3319 2445 3604 2502; x_wconf 76' lang='lat' dir='ltr'><strong>faciendo-</strong></span> 
     </span>
    </p>
   </div>
   <div class='ocr_carea' id='block_1_86' title="bbox 2011 2543 3604 2634">
    <p class='ocr_par' dir='ltr' id='par_1_86' title="bbox 2011 2543 3604 2634">
     <span class='ocr_line' id='line_1_87' title="bbox 2011 2543 3604 2634; baseline -0.021 -11"><span class='ocrx_word' id='word_1_671' title='bbox 2011 2581 2135 2623; x_wconf 91' lang='lat' dir='ltr'><strong>rum</strong></span> <span class='ocrx_word' id='word_1_672' title='bbox 2162 2564 2412 2634; x_wconf 90' lang='lat' dir='ltr'><strong>largitor,</strong></span> <span class='ocrx_word' id='word_1_673' title='bbox 2439 2573 2534 2614; x_wconf 87' lang='lat' dir='ltr'><strong>seu</strong></span> <span class='ocrx_word' id='word_1_674' title='bbox 2559 2554 2838 2627; x_wconf 86' lang='lat' dir='ltr'><strong>pararius,</strong></span> <span class='ocrx_word' id='word_1_675' title='bbox 2878 2550 2994 2606; x_wconf 92' lang='lat' dir='ltr'><strong>sive</strong></span> <span class='ocrx_word' id='word_1_676' title='bbox 3015 2559 3185 2601; x_wconf 89' lang='lat' dir='ltr'><strong>causa</strong></span> <span class='ocrx_word' id='word_1_677' title='bbox 3210 2543 3398 2608; x_wconf 81' lang='lat' dir='ltr'><strong>fuerit,</strong></span> <span class='ocrx_word' id='word_1_678' title='bbox 3435 2552 3604 2609; x_wconf 88' lang='lat' dir='ltr'><strong>quam</strong></span> 
     </span>
    </p>
   </div>
   <div class='ocr_carea' id='block_1_87' title="bbox 2015 2633 3608 2714">
    <p class='ocr_par' dir='ltr' id='par_1_87' title="bbox 2015 2633 3608 2714">
     <span class='ocr_line' id='line_1_88' title="bbox 2015 2633 3608 2714; baseline -0.018 1"><span class='ocrx_word' id='word_1_679' title='bbox 2015 2633 2286 2714; x_wconf 80' lang='lat' dir='ltr'><strong>Dominus</strong></span> <span class='ocrx_word' id='word_1_680' title='bbox 2311 2663 2499 2710; x_wconf 88' lang='lat' dir='ltr'><strong>noster</strong></span> <span class='ocrx_word' id='word_1_681' title='bbox 2526 2649 2690 2706; x_wconf 81' lang='lat' dir='ltr'><strong>Jesus</strong></span> <span class='ocrx_word' id='word_1_682' title='bbox 2719 2642 3026 2702; x_wconf 83' lang='lat' dir='ltr'><strong>Christus?</strong></span> <span class='ocrx_word' id='word_1_683' title='bbox 3063 2638 3240 2693; x_wconf 87' lang='lat' dir='ltr'><strong>Nemo</strong></span> <span class='ocrx_word' id='word_1_684' title='bbox 3271 2647 3426 2692; x_wconf 83' lang='lat' dir='ltr'><strong>sane.</strong></span> <span class='ocrx_word' id='word_1_685' title='bbox 3459 2633 3608 2688; x_wconf 81' lang='lat' dir='ltr'><strong>Cave</strong></span> 
     </span>
    </p>
   </div>
   <div class='ocr_carea' id='block_1_88' title="bbox 2015 2724 3609 2811">
    <p class='ocr_par' dir='ltr' id='par_1_88' title="bbox 2015 2724 3609 2811">
     <span class='ocr_line' id='line_1_89' title="bbox 2015 2724 3609 2811; baseline -0.02 -4"><span class='ocrx_word' id='word_1_686' title='bbox 2015 2750 2070 2807; x_wconf 89' lang='lat' dir='ltr'><strong>id</strong></span> <span class='ocrx_word' id='word_1_687' title='bbox 2116 2746 2434 2804; x_wconf 78' lang='lat' dir='ltr'><strong>existimes.</strong></span> <span class='ocrx_word' id='word_1_688' title='bbox 2487 2740 2610 2811; x_wconf 86' lang='lat' dir='ltr'><strong>Ipse</strong></span> <span class='ocrx_word' id='word_1_689' title='bbox 2647 2737 2852 2808; x_wconf 91' lang='lat' dir='ltr'><strong>quippe</strong></span> <span class='ocrx_word' id='word_1_690' title='bbox 2885 2732 3046 2788; x_wconf 89' lang='lat' dir='ltr'><strong>nobis</strong></span> <span class='ocrx_word' id='word_1_691' title='bbox 3079 2731 3226 2799; x_wconf 86' lang='lat' dir='ltr'><strong>leges</strong></span> <span class='ocrx_word' id='word_1_692' title='bbox 3261 2724 3448 2796; x_wconf 90' lang='lat' dir='ltr'><strong>posuit</strong></span> <span class='ocrx_word' id='word_1_693' title='bbox 3483 2737 3609 2793; x_wconf 84' lang='lat' dir='ltr'><strong>quae</strong></span> 
     </span>
    </p>
   </div>
   <div class='ocr_carea' id='block_1_89' title="bbox 2017 2821 3610 2910">
    <p class='ocr_par' dir='ltr' id='par_1_89' title="bbox 2017 2821 3610 2910">
     <span class='ocr_line' id='line_1_90' title="bbox 2017 2821 3610 2910; baseline -0.022 -9"><span class='ocrx_word' id='word_1_694' title='bbox 2017 2849 2151 2902; x_wconf 88' lang='lat' dir='ltr'><strong>sunt</strong></span> <span class='ocrx_word' id='word_1_695' title='bbox 2183 2853 2351 2910; x_wconf 87' lang='lat' dir='ltr'><strong>supra</strong></span> <span class='ocrx_word' id='word_1_696' title='bbox 2372 2837 2568 2904; x_wconf 83' lang='lat' dir='ltr'><strong>legem,</strong></span> <span class='ocrx_word' id='word_1_697' title='bbox 2600 2831 2722 2903; x_wconf 90' lang='lat' dir='ltr'><strong>ipse</strong></span> <span class='ocrx_word' id='word_1_698' title='bbox 2737 2829 2881 2883; x_wconf 87' lang='lat' dir='ltr'><strong>viam</strong></span> <span class='ocrx_word' id='word_1_699' title='bbox 2912 2821 3266 2884; x_wconf 80' lang='lat' dir='ltr'><strong>monstravit,</strong></span> <span class='ocrx_word' id='word_1_700' title='bbox 3293 2831 3456 2888; x_wconf 89' lang='lat' dir='ltr'><strong>quam</strong></span> <span class='ocrx_word' id='word_1_701' title='bbox 3481 2829 3610 2884; x_wconf 83' lang='lat' dir='ltr'><strong>pro-</strong></span> 
     </span>
    </p>
   </div>
   <div class='ocr_carea' id='block_1_90' title="bbox 2017 2915 3606 2991">
    <p class='ocr_par' dir='ltr' id='par_1_90' title="bbox 2017 2915 3606 2991">
     <span class='ocr_line' id='line_1_91' title="bbox 2017 2915 3606 2991; baseline -0.021 -1"><span class='ocrx_word' id='word_1_702' title='bbox 2017 2935 2087 2991; x_wconf 89' lang='lat' dir='ltr'><strong>be</strong></span> <span class='ocrx_word' id='word_1_703' title='bbox 2127 2931 2398 2989; x_wconf 88' lang='lat' dir='ltr'><strong>actionem</strong></span> <span class='ocrx_word' id='word_1_704' title='bbox 2439 2921 2703 2986; x_wconf 85' lang='lat' dir='ltr'><strong>virtutis,</strong></span> <span class='ocrx_word' id='word_1_705' title='bbox 2739 2928 2793 2976; x_wconf 92' lang='lat' dir='ltr'><strong>et</strong></span> <span class='ocrx_word' id='word_1_706' title='bbox 2829 2917 3130 2972; x_wconf 89' lang='lat' dir='ltr'><strong>incitatum</strong></span> <span class='ocrx_word' id='word_1_707' title='bbox 3171 2925 3236 2965; x_wconf 90' lang='lat' dir='ltr'><strong>ac</strong></span> <span class='ocrx_word' id='word_1_708' title='bbox 3289 2915 3606 2979; x_wconf 88' lang='lat' dir='ltr'><strong>promptum</strong></span> 
     </span>
    </p>
   </div>
   <div class='ocr_carea' id='block_1_91' title="bbox 2020 3001 3610 3086">
    <p class='ocr_par' dir='ltr' id='par_1_91' title="bbox 2020 3001 3610 3086">
     <span class='ocr_line' id='line_1_92' title="bbox 2020 3001 3610 3086; baseline -0.019 -6"><span class='ocrx_word' id='word_1_709' title='bbox 2020 3025 2079 3080; x_wconf 90' lang='lat' dir='ltr'><strong>in</strong></span> <span class='ocrx_word' id='word_1_710' title='bbox 2118 3020 2433 3078; x_wconf 85' lang='lat' dir='ltr'><strong>actionibus</strong></span> <span class='ocrx_word' id='word_1_711' title='bbox 2467 3029 2590 3086; x_wconf 59' lang='lat' dir='ltr'><strong>qua:</strong></span> <span class='ocrx_word' id='word_1_712' title='bbox 2629 3018 2761 3068; x_wconf 86' lang='lat' dir='ltr'><strong>sunt</strong></span> <span class='ocrx_word' id='word_1_713' title='bbox 2811 3003 3120 3066; x_wconf 87' lang='lat' dir='ltr'><strong>secundum</strong></span> <span class='ocrx_word' id='word_1_714' title='bbox 3162 3001 3444 3058; x_wconf 88' lang='lat' dir='ltr'><strong>Christum</strong></span> <span class='ocrx_word' id='word_1_715' title='bbox 3489 3008 3610 3051; x_wconf 89' lang='lat' dir='ltr'><strong>stu-</strong></span> 
     </span>
    </p>
   </div>
   <div class='ocr_carea' id='block_1_92' title="bbox 2023 3087 3606 3180">
    <p class='ocr_par' dir='ltr' id='par_1_92' title="bbox 2023 3087 3606 3180">
     <span class='ocr_line' id='line_1_93' title="bbox 2023 3087 3606 3180; baseline -0.018 -9"><span class='ocrx_word' id='word_1_716' title='bbox 2023 3115 2173 3172; x_wconf 89' lang='lat' dir='ltr'><strong>dium</strong></span> <span class='ocrx_word' id='word_1_717' title='bbox 2215 3109 2527 3180; x_wconf 87' lang='lat' dir='ltr'><strong>intelligere</strong></span> <span class='ocrx_word' id='word_1_718' title='bbox 2557 3115 2878 3176; x_wconf 90' lang='lat' dir='ltr'><strong>possumus.</strong></span> <span class='ocrx_word' id='word_1_719' title='bbox 2909 3097 3082 3169; x_wconf 90' lang='lat' dir='ltr'><strong>lgitur</strong></span> <span class='ocrx_word' id='word_1_720' title='bbox 3106 3093 3227 3164; x_wconf 90' lang='lat' dir='ltr'><strong>ipse</strong></span> <span class='ocrx_word' id='word_1_721' title='bbox 3255 3098 3342 3146; x_wconf 86' lang='lat' dir='ltr'><strong>est</strong></span> <span class='ocrx_word' id='word_1_722' title='bbox 3361 3087 3606 3151; x_wconf 88' lang='lat' dir='ltr'><strong>veritas,</strong></span> 
     </span>
    </p>
   </div>
   <div class='ocr_carea' id='block_1_93' title="bbox 2024 3180 3611 3281">
    <p class='ocr_par' dir='ltr' id='par_1_93' title="bbox 2024 3180 3611 3281">
     <span class='ocr_line' id='line_1_94' title="bbox 2024 3180 3611 3281; baseline -0.021 -15"><span class='ocrx_word' id='word_1_723' title='bbox 2024 3211 2146 3281; x_wconf 90' lang='lat' dir='ltr'><strong>ipse</strong></span> <span class='ocrx_word' id='word_1_724' title='bbox 2176 3206 2297 3271; x_wconf 90' lang='lat' dir='ltr'><strong>via,</strong></span> <span class='ocrx_word' id='word_1_725' title='bbox 2337 3204 2446 3258; x_wconf 87' lang='lat' dir='ltr'><strong>hoc</strong></span> <span class='ocrx_word' id='word_1_726' title='bbox 2475 3205 2596 3264; x_wconf 88' lang='lat' dir='ltr'><strong>est,</strong></span> <span class='ocrx_word' id='word_1_727' title='bbox 2633 3210 2763 3252; x_wconf 90' lang='lat' dir='ltr'><strong>vera</strong></span> <span class='ocrx_word' id='word_1_728' title='bbox 2798 3191 2923 3247; x_wconf 88' lang='lat' dir='ltr'><strong>ﬁdei</strong></span> <span class='ocrx_word' id='word_1_729' title='bbox 2959 3187 3150 3260; x_wconf 84' lang='lat' dir='ltr'><strong>regula</strong></span> <span class='ocrx_word' id='word_1_730' title='bbox 3177 3228 3192 3254; x_wconf 85' lang='lat'><strong>,</strong></span> <span class='ocrx_word' id='word_1_731' title='bbox 3233 3192 3289 3240; x_wconf 88' lang='lat' dir='ltr'><strong>et</strong></span> <span class='ocrx_word' id='word_1_732' title='bbox 3316 3180 3611 3250; x_wconf 77' lang='lat' dir='ltr'><strong>inculpata:</strong></span> 
     </span>
    </p>
   </div>
   <div class='ocr_carea' id='block_1_94' title="bbox 1223 3273 1914 3380">
    <p class='ocr_par' dir='ltr' id='par_1_94' title="bbox 1223 3273 1911 3380">
     <span class='ocr_line' id='line_1_95' title="bbox 1223 3273 1911 3380; baseline -0.001 -12"><span class='ocrx_word' id='word_1_733' title='bbox 1223 3273 1500 3380; x_wconf 48' lang='lat' dir='ltr'><strong>satas.</strong></span> <span class='ocrx_word' id='word_1_734' title='bbox 1519 3273 1803 3380; x_wconf 54' lang='grc' dir='ltr'><strong>ζ”έᾶἰῖεὲ</strong></span> <span class='ocrx_word' id='word_1_735' title='bbox 1837 3273 1911 3367; x_wconf 53' lang='grc' dir='ltr'><strong>ἐκ]</strong></span> 
     </span>
    </p>
   </div>
   <div class='ocr_carea' id='block_1_95' title="bbox 2016 3273 3613 3380">
    <p class='ocr_par' dir='ltr' id='par_1_95' title="bbox 2017 3273 3613 3380">
     <span class='ocr_line' id='line_1_96' title="bbox 2017 3273 3613 3380; baseline -0.019 -22"><span class='ocrx_word' id='word_1_736' title='bbox 2017 3301 2086 3358; x_wconf 89' lang='lat' dir='ltr'><strong>de</strong></span> <span class='ocrx_word' id='word_1_737' title='bbox 2120 3298 2234 3355; x_wconf 92' lang='lat' dir='ltr'><strong>Deo</strong></span> <span class='ocrx_word' id='word_1_738' title='bbox 2249 3294 2568 3374; x_wconf 57' lang='lat' dir='ltr'><strong>‘sententiae</strong></span> <span class='ocrx_word' id='word_1_739' title='bbox 2589 3301 2770 3346; x_wconf 88' lang='lat' dir='ltr'><strong>canon</strong></span> <span class='ocrx_word' id='word_1_740' title='bbox 2819 3294 2874 3340; x_wconf 89' lang='lat' dir='ltr'><strong>et</strong></span> <span class='ocrx_word' id='word_1_741' title='bbox 2917 3280 3180 3338; x_wconf 86' lang='lat' dir='ltr'><strong>amussis.</strong></span> <span class='ocrx_word' id='word_1_742' title='bbox 3209 3275 3348 3331; x_wconf 86' lang='lat' dir='ltr'><strong>Nam</strong></span> <span class='ocrx_word' id='word_1_743' title='bbox 3394 3273 3461 3380; x_wconf 52' lang='lat' dir='ltr'><strong>si</strong></span> <span class='ocrx_word' id='word_1_744' title='bbox 3481 3287 3613 3328; x_wconf 85' lang='lat' dir='ltr'><strong>vere</strong></span> 
     </span>
    </p>
   </div>
   <div class='ocr_carea' id='block_1_96' title="bbox 2019 3351 3613 3449">
    <p class='ocr_par' dir='ltr' id='par_1_96' title="bbox 2019 3351 3613 3449">
     <span class='ocr_line' id='line_1_97' title="bbox 2019 3351 3613 3449; baseline -0.019 0"><span class='ocrx_word' id='word_1_745' title='bbox 2019 3351 2299 3449; x_wconf 64' lang='lat' dir='ltr'><strong>credimds</strong></span> <span class='ocrx_word' id='word_1_746' title='bbox 2342 3389 2400 3443; x_wconf 94' lang='lat' dir='ltr'><strong>in</strong></span> <span class='ocrx_word' id='word_1_747' title='bbox 2446 3384 2649 3440; x_wconf 85' lang='lat' dir='ltr'><strong>Filium</strong></span> <span class='ocrx_word' id='word_1_748' title='bbox 2671 3420 2688 3447; x_wconf 91' lang='lat'><strong>,</strong></span> <span class='ocrx_word' id='word_1_749' title='bbox 2732 3378 2788 3434; x_wconf 89' lang='lat' dir='ltr'><strong>id</strong></span> <span class='ocrx_word' id='word_1_750' title='bbox 2819 3383 2904 3433; x_wconf 89' lang='lat' dir='ltr'><strong>est</strong></span> <span class='ocrx_word' id='word_1_751' title='bbox 2943 3375 2998 3429; x_wconf 93' lang='lat' dir='ltr'><strong>in</strong></span> <span class='ocrx_word' id='word_1_752' title='bbox 3033 3387 3161 3428; x_wconf 91' lang='lat' dir='ltr'><strong>eum</strong></span> <span class='ocrx_word' id='word_1_753' title='bbox 3200 3370 3295 3442; x_wconf 93' lang='lat' dir='ltr'><strong>qui</strong></span> <span class='ocrx_word' id='word_1_754' title='bbox 3325 3383 3392 3423; x_wconf 85' lang='lat' dir='ltr'><strong>ex</strong></span> <span class='ocrx_word' id='word_1_755' title='bbox 3419 3351 3516 3420; x_wconf 86' lang='lat' dir='ltr'><strong>Dei</strong></span> <span class='ocrx_word' id='word_1_756' title='bbox 3547 3378 3613 3419; x_wconf 87' lang='lat' dir='ltr'><strong>ac</strong></span> 
     </span>
    </p>
   </div>
   <div class='ocr_carea' id='block_1_97' title="bbox 2016 3462 3614 3554">
    <p class='ocr_par' dir='ltr' id='par_1_97' title="bbox 2016 3462 3614 3554">
     <span class='ocr_line' id='line_1_98' title="bbox 2016 3462 3614 3554; baseline -0.02 -12"><span class='ocrx_word' id='word_1_757' title='bbox 2016 3485 2199 3542; x_wconf 88' lang='lat' dir='ltr'><strong>Patris</strong></span> <span class='ocrx_word' id='word_1_758' title='bbox 2249 3482 2473 3554; x_wconf 83' lang='lat' dir='ltr'><strong>genitus</strong></span> <span class='ocrx_word' id='word_1_759' title='bbox 2521 3485 2606 3534; x_wconf 90' lang='lat' dir='ltr'><strong>est</strong></span> <span class='ocrx_word' id='word_1_760' title='bbox 2650 3471 2986 3535; x_wconf 90' lang='lat' dir='ltr'><strong>substantia,</strong></span> <span class='ocrx_word' id='word_1_761' title='bbox 3031 3481 3143 3521; x_wconf 92' lang='lat' dir='ltr'><strong>non</strong></span> <span class='ocrx_word' id='word_1_762' title='bbox 3184 3462 3459 3534; x_wconf 89' lang='lat' dir='ltr'><strong>spurium,</strong></span> <span class='ocrx_word' id='word_1_763' title='bbox 3500 3470 3614 3512; x_wconf 92' lang='lat' dir='ltr'><strong>non</strong></span> 
     </span>
    </p>
   </div>
   <div class='ocr_carea' id='block_1_98' title="bbox 2018 3551 3616 3635">
    <p class='ocr_par' dir='ltr' id='par_1_98' title="bbox 2018 3551 3616 3635">
     <span class='ocr_line' id='line_1_99' title="bbox 2018 3551 3616 3635; baseline -0.021 0"><span class='ocrx_word' id='word_1_764' title='bbox 2018 3578 2162 3635; x_wconf 84' lang='lat' dir='ltr'><strong>falso</strong></span> <span class='ocrx_word' id='word_1_765' title='bbox 2187 3551 2534 3632; x_wconf 77' lang='lat' dir='ltr'><strong>nominatum</strong></span> <span class='ocrx_word' id='word_1_766' title='bbox 2556 3610 2572 3635; x_wconf 95' lang='lat'><strong>,</strong></span> <span class='ocrx_word' id='word_1_767' title='bbox 2612 3567 2709 3625; x_wconf 88' lang='lat' dir='ltr'><strong>sed</strong></span> <span class='ocrx_word' id='word_1_768' title='bbox 2744 3579 2926 3635; x_wconf 90' lang='lat' dir='ltr'><strong>neque</strong></span> <span class='ocrx_word' id='word_1_769' title='bbox 2956 3565 3278 3615; x_wconf 81' lang='lat' dir='ltr'><strong>creaturam</strong></span> <span class='ocrx_word' id='word_1_770' title='bbox 3308 3560 3402 3608; x_wconf 89' lang='lat' dir='ltr'><strong>aut</strong></span> <span class='ocrx_word' id='word_1_771' title='bbox 3433 3551 3616 3605; x_wconf 79' lang='lat' dir='ltr'><strong>factu-</strong></span> 
     </span>
    </p>
   </div>
   <div class='ocr_carea' id='block_1_99' title="bbox 2017 3641 3614 3734">
    <p class='ocr_par' dir='ltr' id='par_1_99' title="bbox 2017 3641 3614 3734">
     <span class='ocr_line' id='line_1_100' title="bbox 2017 3641 3614 3734; baseline -0.021 -6"><span class='ocrx_word' id='word_1_772' title='bbox 2017 3686 2135 3728; x_wconf 89' lang='lat' dir='ltr'><strong>ram</strong></span> <span class='ocrx_word' id='word_1_773' title='bbox 2177 3683 2321 3725; x_wconf 69' lang='lat' dir='ltr'><strong>verae</strong></span> <span class='ocrx_word' id='word_1_774' title='bbox 2352 3665 2473 3721; x_wconf 86' lang='lat' dir='ltr'><strong>ﬁdei</strong></span> <span class='ocrx_word' id='word_1_775' title='bbox 2513 3663 2687 3734; x_wconf 87' lang='lat' dir='ltr'><strong>gloria</strong></span> <span class='ocrx_word' id='word_1_776' title='bbox 2734 3655 3082 3714; x_wconf 90' lang='lat' dir='ltr'><strong>ornabimus.</strong></span> <span class='ocrx_word' id='word_1_777' title='bbox 3113 3648 3252 3704; x_wconf 84' lang='lat' dir='ltr'><strong>Nam</strong></span> <span class='ocrx_word' id='word_1_778' title='bbox 3285 3645 3378 3717; x_wconf 89' lang='lat' dir='ltr'><strong>qui</strong></span> <span class='ocrx_word' id='word_1_779' title='bbox 3409 3641 3614 3698; x_wconf 82' lang='lat' dir='ltr'><strong>Filium</strong></span> 
     </span>
    </p>
   </div>
   <div class='ocr_carea' id='block_1_100' title="bbox 2017 3740 3615 3830">
    <p class='ocr_par' dir='ltr' id='par_1_100' title="bbox 2017 3740 3615 3830">
     <span class='ocr_line' id='line_1_101' title="bbox 2017 3740 3615 3830; baseline -0.021 -10"><span class='ocrx_word' id='word_1_780' title='bbox 2017 3764 2076 3820; x_wconf 90' lang='lat' dir='ltr'><strong>in</strong></span> <span class='ocrx_word' id='word_1_781' title='bbox 2102 3775 2234 3818; x_wconf 86' lang='lat' dir='ltr'><strong>vero</strong></span> <span class='ocrx_word' id='word_1_782' title='bbox 2266 3755 2589 3830; x_wconf 88' lang='lat' dir='ltr'><strong>signiﬁcatu</strong></span> <span class='ocrx_word' id='word_1_783' title='bbox 2632 3750 2886 3822; x_wconf 89' lang='lat' dir='ltr'><strong>ceperit,</strong></span> <span class='ocrx_word' id='word_1_784' title='bbox 2923 3746 3127 3801; x_wconf 85' lang='lat' dir='ltr'><strong>fatetur</strong></span> <span class='ocrx_word' id='word_1_785' title='bbox 3157 3740 3349 3810; x_wconf 86' lang='lat' dir='ltr'><strong>utique</strong></span> <span class='ocrx_word' id='word_1_786' title='bbox 3384 3747 3442 3792; x_wconf 90' lang='lat' dir='ltr'><strong>et</strong></span> <span class='ocrx_word' id='word_1_787' title='bbox 3485 3747 3615 3790; x_wconf 88' lang='lat' dir='ltr'><strong>eum</strong></span> 
     </span>
    </p>
   </div>
   <div class='ocr_carea' id='block_1_101' title="bbox 2016 3824 3613 3926">
    <p class='ocr_par' dir='ltr' id='par_1_101' title="bbox 2016 3824 3613 3926">
     <span class='ocr_line' id='line_1_102' title="bbox 2016 3824 3613 3926; baseline -0.023 -12"><span class='ocrx_word' id='word_1_788' title='bbox 2016 3872 2089 3914; x_wconf 87' lang='lat' dir='ltr'><strong>ex</strong></span> <span class='ocrx_word' id='word_1_789' title='bbox 2112 3869 2223 3926; x_wconf 91' lang='lat' dir='ltr'><strong>quo</strong></span> <span class='ocrx_word' id='word_1_790' title='bbox 2251 3824 2376 3918; x_wconf 59' lang='lat' dir='ltr'><strong>est,</strong></span> <span class='ocrx_word' id='word_1_791' title='bbox 2411 3847 2750 3915; x_wconf 87' lang='lat' dir='ltr'><strong>Patremque</strong></span> <span class='ocrx_word' id='word_1_792' title='bbox 2795 3841 2968 3895; x_wconf 90' lang='lat' dir='ltr'><strong>Deum</strong></span> <span class='ocrx_word' id='word_1_793' title='bbox 3008 3833 3263 3906; x_wconf 86' lang='lat' dir='ltr'><strong>agnoscit</strong></span> <span class='ocrx_word' id='word_1_794' title='bbox 3310 3838 3366 3886; x_wconf 90' lang='lat' dir='ltr'><strong>et</strong></span> <span class='ocrx_word' id='word_1_795' title='bbox 3412 3824 3613 3883; x_wconf 86' lang='lat' dir='ltr'><strong>credit.</strong></span> 
     </span>
    </p>
   </div>
   <div class='ocr_carea' id='block_1_102' title="bbox 2017 3917 3616 4020">
    <p class='ocr_par' dir='ltr' id='par_1_102' title="bbox 2017 3917 3616 4020">
     <span class='ocr_line' id='line_1_103' title="bbox 2017 3917 3616 4020; baseline -0.021 -16"><span class='ocrx_word' id='word_1_796' title='bbox 2017 3917 2146 4020; x_wconf 74' lang='lat' dir='ltr'><strong>Ipse</strong></span> <span class='ocrx_word' id='word_1_797' title='bbox 2165 3948 2387 4016; x_wconf 87' lang='lat' dir='ltr'><strong>itaque,</strong></span> <span class='ocrx_word' id='word_1_798' title='bbox 2421 3939 2630 3997; x_wconf 84' lang='lat' dir='ltr'><strong>veritas</strong></span> <span class='ocrx_word' id='word_1_799' title='bbox 2663 3944 2784 3999; x_wconf 84' lang='lat' dir='ltr'><strong>est,</strong></span> <span class='ocrx_word' id='word_1_800' title='bbox 2815 3933 2937 4003; x_wconf 90' lang='lat' dir='ltr'><strong>ipse</strong></span> <span class='ocrx_word' id='word_1_801' title='bbox 2967 3935 3051 3984; x_wconf 85' lang='lat' dir='ltr'><strong>est</strong></span> <span class='ocrx_word' id='word_1_802' title='bbox 3079 3925 3193 3981; x_wconf 90' lang='lat' dir='ltr'><strong>vita</strong></span> <span class='ocrx_word' id='word_1_803' title='bbox 3221 3941 3235 3979; x_wconf 89' lang='lat'><strong>:</strong></span> <span class='ocrx_word' id='word_1_804' title='bbox 3270 3935 3434 3978; x_wconf 91' lang='lat' dir='ltr'><strong>nemo</strong></span> <span class='ocrx_word' id='word_1_805' title='bbox 3465 3917 3616 3975; x_wconf 91' lang='lat' dir='ltr'><strong>enim</strong></span> 
     </span>
    </p>
   </div>
   <div class='ocr_carea' id='block_1_103' title="bbox 2018 4014 3618 4110">
    <p class='ocr_par' dir='ltr' id='par_1_103' title="bbox 2018 4014 3618 4110">
     <span class='ocr_line' id='line_1_104' title="bbox 2018 4014 3618 4110; baseline -0.022 -10"><span class='ocrx_word' id='word_1_806' title='bbox 2018 4045 2190 4101; x_wconf 84' lang='lat' dir='ltr'><strong>vitam</strong></span> <span class='ocrx_word' id='word_1_807' title='bbox 2234 4014 2398 4110; x_wconf 78' lang='lat' dir='ltr'><strong>quam</strong></span> <span class='ocrx_word' id='word_1_808' title='bbox 2454 4044 2743 4104; x_wconf 89' lang='lat' dir='ltr'><strong>speramus</strong></span> <span class='ocrx_word' id='word_1_809' title='bbox 2783 4020 3200 4093; x_wconf 88' lang='lat' dir='ltr'><strong>incorruptione</strong></span> <span class='ocrx_word' id='word_1_810' title='bbox 3250 4014 3514 4070; x_wconf 91' lang='lat' dir='ltr'><strong>nimirum</strong></span> <span class='ocrx_word' id='word_1_811' title='bbox 3562 4021 3618 4067; x_wconf 89' lang='lat' dir='ltr'><strong>et</strong></span> 
     </span>
    </p>
   </div>
   <div class='ocr_carea' id='block_1_104' title="bbox 2018 4102 3619 4192">
    <p class='ocr_par' dir='ltr' id='par_1_104' title="bbox 2018 4102 3619 4192">
     <span class='ocr_line' id='line_1_105' title="bbox 2018 4102 3619 4192; baseline -0.021 -1"><span class='ocrx_word' id='word_1_812' title='bbox 2018 4102 2366 4192; x_wconf 84' lang='lat' dir='ltr'><strong>beatitudine</strong></span> <span class='ocrx_word' id='word_1_813' title='bbox 2426 4102 2502 4180; x_wconf 73' lang='lat' dir='ltr'><strong>ac</strong></span> <span class='ocrx_word' id='word_1_814' title='bbox 2548 4116 2988 4177; x_wconf 85' lang='lat' dir='ltr'><strong>sanctiﬁcatione</strong></span> <span class='ocrx_word' id='word_1_815' title='bbox 3043 4113 3392 4165; x_wconf 88' lang='lat' dir='ltr'><strong>constantem</strong></span> <span class='ocrx_word' id='word_1_816' title='bbox 3456 4102 3619 4158; x_wconf 91' lang='lat' dir='ltr'><strong>nobis</strong></span> 
     </span>
    </p>
   </div>
   <div class='ocr_carea' id='block_1_105' title="bbox 2021 4197 3618 4300">
    <p class='ocr_par' dir='ltr' id='par_1_105' title="bbox 2021 4197 3618 4300">
     <span class='ocr_line' id='line_1_106' title="bbox 2021 4197 3618 4300; baseline -0.023 -16"><span class='ocrx_word' id='word_1_817' title='bbox 2021 4233 2222 4300; x_wconf 71' lang='lat' dir='ltr'><strong>praeter</strong></span> <span class='ocrx_word' id='word_1_818' title='bbox 2257 4235 2381 4278; x_wconf 90' lang='lat' dir='ltr'><strong>eum</strong></span> <span class='ocrx_word' id='word_1_819' title='bbox 2421 4216 2680 4273; x_wconf 88' lang='lat' dir='ltr'><strong>restituet</strong></span> <span class='ocrx_word' id='word_1_820' title='bbox 2713 4229 2728 4265; x_wconf 87' lang='lat'>:</span> <span class='ocrx_word' id='word_1_821' title='bbox 2774 4209 2896 4279; x_wconf 91' lang='lat' dir='ltr'><strong>ipse</strong></span> <span class='ocrx_word' id='word_1_822' title='bbox 2921 4204 3070 4261; x_wconf 88' lang='lat' dir='ltr'><strong>enim</strong></span> <span class='ocrx_word' id='word_1_823' title='bbox 3101 4216 3206 4257; x_wconf 87' lang='lat' dir='ltr'><strong>nos</strong></span> <span class='ocrx_word' id='word_1_824' title='bbox 3234 4197 3512 4262; x_wconf 86' lang='lat' dir='ltr'><strong>suscitat,</strong></span> <span class='ocrx_word' id='word_1_825' title='bbox 3562 4201 3618 4249; x_wconf 87' lang='lat' dir='ltr'><strong>ct</strong></span> 
     </span>
    </p>
   </div>
   <div class='ocr_carea' id='block_1_106' title="bbox 2023 4284 3619 4391">
    <p class='ocr_par' dir='ltr' id='par_1_106' title="bbox 2023 4284 3619 4391">
     <span class='ocr_line' id='line_1_107' title="bbox 2023 4284 3619 4391; baseline -0.023 -16"><span class='ocrx_word' id='word_1_826' title='bbox 2023 4284 2117 4391; x_wconf 75' lang='lat' dir='ltr'><strong>qui</strong></span> <span class='ocrx_word' id='word_1_827' title='bbox 2147 4313 2348 4372; x_wconf 89' lang='lat' dir='ltr'><strong>mortui</strong></span> <span class='ocrx_word' id='word_1_828' title='bbox 2376 4322 2570 4367; x_wconf 90' lang='lat' dir='ltr'><strong>sumus</strong></span> <span class='ocrx_word' id='word_1_829' title='bbox 2598 4311 2826 4376; x_wconf 89' lang='lat' dir='ltr'><strong>propter</strong></span> <span class='ocrx_word' id='word_1_830' title='bbox 2850 4307 3014 4354; x_wconf 88' lang='lat' dir='ltr'><strong>vetus</strong></span> <span class='ocrx_word' id='word_1_831' title='bbox 3043 4293 3430 4353; x_wconf 89' lang='lat' dir='ltr'><strong>maledictum,</strong></span> <span class='ocrx_word' id='word_1_832' title='bbox 3460 4288 3530 4342; x_wconf 90' lang='lat' dir='ltr'><strong>ad</strong></span> <span class='ocrx_word' id='word_1_833' title='bbox 3562 4284 3619 4341; x_wconf 88' lang='lat' dir='ltr'><strong>id</strong></span> 
     </span>
    </p>
   </div>
   <div class='ocr_carea' id='block_1_107' title="bbox 2023 4374 3624 4482">
    <p class='ocr_par' dir='ltr' id='par_1_107' title="bbox 2023 4374 3624 4482">
     <span class='ocr_line' id='line_1_108' title="bbox 2023 4374 3624 4482; baseline -0.025 -16"><span class='ocrx_word' id='word_1_834' title='bbox 2023 4374 2171 4482; x_wconf 67' lang='lat' dir='ltr'><strong>quod</strong></span> <span class='ocrx_word' id='word_1_835' title='bbox 2202 4404 2362 4461; x_wconf 86' lang='lat' dir='ltr'><strong>initio</strong></span> <span class='ocrx_word' id='word_1_836' title='bbox 2391 4374 2639 4460; x_wconf 79' lang='lat' dir='ltr'><strong>eramus,</strong></span> <span class='ocrx_word' id='word_1_837' title='bbox 2664 4393 2849 4448; x_wconf 90' lang='lat' dir='ltr'><strong>denuo</strong></span> <span class='ocrx_word' id='word_1_838' title='bbox 2879 4383 3188 4444; x_wconf 88' lang='lat' dir='ltr'><strong>revocabit.</strong></span> <span class='ocrx_word' id='word_1_839' title='bbox 3209 4377 3409 4436; x_wconf 88' lang='lat' dir='ltr'><strong>Omnia</strong></span> <span class='ocrx_word' id='word_1_840' title='bbox 3448 4374 3624 4446; x_wconf 87' lang='lat' dir='ltr'><strong>igitur</strong></span> 
     </span>
    </p>
   </div>
   <div class='ocr_carea' id='block_1_108' title="bbox 2028 4465 3622 4564">
    <p class='ocr_par' dir='ltr' id='par_1_108' title="bbox 2028 4465 3622 4564">
     <span class='ocr_line' id='line_1_109' title="bbox 2028 4465 3622 4564; baseline -0.025 -7"><span class='ocrx_word' id='word_1_841' title='bbox 2028 4465 2192 4557; x_wconf 56' lang='lat' dir='ltr'><strong>dobis</strong></span> <span class='ocrx_word' id='word_1_842' title='bbox 2222 4497 2280 4551; x_wconf 94' lang='lat' dir='ltr'><strong>in</strong></span> <span class='ocrx_word' id='word_1_843' title='bbox 2312 4494 2436 4564; x_wconf 89' lang='lat' dir='ltr'><strong>ipso</strong></span> <span class='ocrx_word' id='word_1_844' title='bbox 2457 4529 2474 4554; x_wconf 94' lang='lat'><strong>,</strong></span> <span class='ocrx_word' id='word_1_845' title='bbox 2503 4494 2559 4544; x_wconf 85' lang='lat' dir='ltr'><strong>et</strong></span> <span class='ocrx_word' id='word_1_846' title='bbox 2588 4499 2688 4556; x_wconf 90' lang='lat' dir='ltr'><strong>per</strong></span> <span class='ocrx_word' id='word_1_847' title='bbox 2718 4483 2904 4552; x_wconf 91' lang='lat' dir='ltr'><strong>ipsum</strong></span> <span class='ocrx_word' id='word_1_848' title='bbox 2933 4475 3200 4548; x_wconf 64' lang='lat' dir='ltr'><strong>praeclara</strong></span> <span class='ocrx_word' id='word_1_849' title='bbox 3229 4477 3394 4539; x_wconf 89' lang='lat' dir='ltr'><strong>atque</strong></span> <span class='ocrx_word' id='word_1_850' title='bbox 3417 4465 3622 4521; x_wconf 89' lang='lat' dir='ltr'><strong>eximia</strong></span> 
     </span>
    </p>
   </div>
   <div class='ocr_carea' id='block_1_109' title="bbox 2027 4559 3624 4652">
    <p class='ocr_par' dir='ltr' id='par_1_109' title="bbox 2027 4559 3624 4652">
     <span class='ocr_line' id='line_1_110' title="bbox 2027 4559 3624 4652; baseline -0.027 0"><span class='ocrx_word' id='word_1_851' title='bbox 2027 4601 2083 4652; x_wconf 91' lang='lat' dir='ltr'><strong>et</strong></span> <span class='ocrx_word' id='word_1_852' title='bbox 2110 4559 2446 4650; x_wconf 61' lang='lat' dir='ltr'><strong>exstiterunt</strong></span> <span class='ocrx_word' id='word_1_853' title='bbox 2469 4581 2608 4652; x_wconf 85' lang='lat' dir='ltr'><strong>jam,</strong></span> <span class='ocrx_word' id='word_1_854' title='bbox 2643 4583 2700 4633; x_wconf 92' lang='lat' dir='ltr'><strong>et</strong></span> <span class='ocrx_word' id='word_1_855' title='bbox 2732 4587 2901 4646; x_wconf 91' lang='lat' dir='ltr'><strong>porro</strong></span> <span class='ocrx_word' id='word_1_856' title='bbox 2933 4567 3256 4625; x_wconf 89' lang='lat' dir='ltr'><strong>exstabunt.</strong></span> <span class='ocrx_word' id='word_1_857' title='bbox 3293 4559 3401 4617; x_wconf 90' lang='lat' dir='ltr'><strong>Sed</strong></span> <span class='ocrx_word' id='word_1_858' title='bbox 3423 4559 3624 4614; x_wconf 84' lang='lat' dir='ltr'><strong>obser-</strong></span> 
     </span>
    </p>
   </div>
   <div class='ocr_carea' id='block_1_110' title="bbox 1835 4649 3630 4754">
    <p class='ocr_par' dir='ltr' id='par_1_110' title="bbox 1835 4649 3630 4754">
     <span class='ocr_line' id='line_1_111' title="bbox 1835 4649 3630 4754; baseline -0.027 -3"><span class='ocrx_word' id='word_1_859' title='bbox 1835 4649 1926 4750; x_wconf 58' lang='grc' dir='ltr'>διὰ</span> <span class='ocrx_word' id='word_1_860' title='bbox 1956 4695 2001 4752; x_wconf 87' lang='lat' dir='ltr'><strong>D</strong></span> <span class='ocrx_word' id='word_1_861' title='bbox 2029 4649 2138 4751; x_wconf 73' lang='lat' dir='ltr'><strong>va,</strong></span> <span class='ocrx_word' id='word_1_862' title='bbox 2171 4694 2362 4754; x_wconf 70' lang='lat' dir='ltr'><strong>quaeso</strong></span> <span class='ocrx_word' id='word_1_863' title='bbox 2383 4717 2398 4742; x_wconf 96' lang='lat'><strong>,</strong></span> <span class='ocrx_word' id='word_1_864' title='bbox 2437 4649 2607 4745; x_wconf 81' lang='lat' dir='ltr'><strong>quam</strong></span> <span class='ocrx_word' id='word_1_865' title='bbox 2661 4675 2789 4739; x_wconf 90' lang='lat' dir='ltr'><strong>apte</strong></span> <span class='ocrx_word' id='word_1_866' title='bbox 2829 4663 2895 4719; x_wconf 89' lang='lat' dir='ltr'><strong>ad</strong></span> <span class='ocrx_word' id='word_1_867' title='bbox 2928 4657 3276 4732; x_wconf 90' lang='lat' dir='ltr'><strong>propositum</strong></span> <span class='ocrx_word' id='word_1_868' title='bbox 3317 4653 3424 4709; x_wconf 87' lang='lat' dir='ltr'><strong>ista</strong></span> <span class='ocrx_word' id='word_1_869' title='bbox 3456 4649 3630 4721; x_wconf 88' lang='lat' dir='ltr'><strong>perti-</strong></span> 
     </span>
    </p>
   </div>
   <div class='ocr_carea' id='block_1_111' title="bbox 2031 4744 3630 4836">
    <p class='ocr_par' dir='ltr' id='par_1_111' title="bbox 2031 4744 3630 4836">
     <span class='ocr_line' id='line_1_112' title="bbox 2031 4744 3630 4836; baseline -0.023 -1"><span class='ocrx_word' id='word_1_870' title='bbox 2031 4744 2221 4836; x_wconf 62' lang='lat' dir='ltr'><strong>neant.</strong></span> <span class='ocrx_word' id='word_1_871' title='bbox 2267 4744 2596 4836; x_wconf 82' lang='lat' dir='ltr'><strong>Ambigente</strong></span> <span class='ocrx_word' id='word_1_872' title='bbox 2624 4759 2829 4831; x_wconf 92' lang='lat' dir='ltr'><strong>quippe</strong></span> <span class='ocrx_word' id='word_1_873' title='bbox 2860 4754 3162 4809; x_wconf 87' lang='lat' dir='ltr'><strong>etiamnum</strong></span> <span class='ocrx_word' id='word_1_874' title='bbox 3193 4744 3468 4816; x_wconf 90' lang='lat' dir='ltr'><strong>discipulo</strong></span> <span class='ocrx_word' id='word_1_875' title='bbox 3501 4782 3517 4806; x_wconf 94' lang='lat'><strong>,</strong></span> <span class='ocrx_word' id='word_1_876' title='bbox 3560 4755 3630 4798; x_wconf 84' lang='lat' dir='ltr'><strong>ac</strong></span> 
     </span>
    </p>
   </div>
   <div class='ocr_carea' id='block_1_112' title="bbox 2029 4840 3631 4930">
    <p class='ocr_par' dir='ltr' id='par_1_112' title="bbox 2029 4840 3631 4930">
     <span class='ocr_line' id='line_1_113' title="bbox 2029 4840 3631 4930; baseline -0.026 -1"><span class='ocrx_word' id='word_1_877' title='bbox 2029 4873 2266 4930; x_wconf 90' lang='lat' dir='ltr'><strong>dicente,</strong></span> <span class='ocrx_word' id='word_1_878' title='bbox 2302 4881 2323 4915; x_wconf 75' lang='grc' dir='ltr'><strong>ι</strong></span> <span class='ocrx_word' id='word_1_879' title='bbox 2362 4854 2656 4928; x_wconf 87' lang='lat' dir='ltr'><strong>Quomodo</strong></span> <span class='ocrx_word' id='word_1_880' title='bbox 2689 4861 2991 4922; x_wconf 88' lang='lat' dir='ltr'><strong>possumus</strong></span> <span class='ocrx_word' id='word_1_881' title='bbox 3021 4845 3170 4900; x_wconf 89' lang='lat' dir='ltr'><strong>viam</strong></span> <span class='ocrx_word' id='word_1_882' title='bbox 3201 4840 3395 4898; x_wconf 83' lang='lat' dir='ltr'><strong>scire?</strong></span> <span class='ocrx_word' id='word_1_883' title='bbox 3426 4857 3446 4891; x_wconf 74' lang='grc' dir='ltr'><strong>ι</strong></span> <span class='ocrx_word' id='word_1_884' title='bbox 3489 4851 3631 4907; x_wconf 82' lang='lat' dir='ltr'><strong>pau-</strong></span> 
     </span>
    </p>
   </div>
   <div class='ocr_carea' id='block_1_113' title="bbox 2031 4930 3633 5021">
    <p class='ocr_par' dir='ltr' id='par_1_113' title="bbox 2031 4930 3633 5021">
     <span class='ocr_line' id='line_1_114' title="bbox 2031 4930 3633 5021; baseline -0.025 0"><span class='ocrx_word' id='word_1_885' title='bbox 2031 4965 2115 5020; x_wconf 88' lang='lat' dir='ltr'><strong>cis</strong></span> <span class='ocrx_word' id='word_1_886' title='bbox 2151 4953 2399 5016; x_wconf 89' lang='lat' dir='ltr'><strong>ostendit</strong></span> <span class='ocrx_word' id='word_1_887' title='bbox 2423 4991 2438 5018; x_wconf 95' lang='lat'><strong>,</strong></span> <span class='ocrx_word' id='word_1_888' title='bbox 2475 4945 2628 5021; x_wconf 84' lang='lat' dir='ltr'><strong>quod</strong></span> <span class='ocrx_word' id='word_1_889' title='bbox 2653 4944 2702 5001; x_wconf 89' lang='lat' dir='ltr'><strong>si</strong></span> <span class='ocrx_word' id='word_1_890' title='bbox 2727 4944 2937 4999; x_wconf 91' lang='lat' dir='ltr'><strong>scirent</strong></span> <span class='ocrx_word' id='word_1_891' title='bbox 2960 4938 3234 4994; x_wconf 89' lang='lat' dir='ltr'><strong>bonorum</strong></span> <span class='ocrx_word' id='word_1_892' title='bbox 3265 4946 3393 5004; x_wconf 66' lang='lat' dir='ltr'><strong>quae</strong></span> <span class='ocrx_word' id='word_1_893' title='bbox 3419 4930 3488 4984; x_wconf 86' lang='lat' dir='ltr'><strong>ad</strong></span> <span class='ocrx_word' id='word_1_894' title='bbox 3516 4941 3633 4984; x_wconf 73' lang='lat' dir='ltr'><strong>cm-</strong></span> 
     </span>
    </p>
   </div>
   <div class='ocr_carea' id='block_1_114' title="bbox 2031 5023 3638 5122">
    <p class='ocr_par' dir='ltr' id='par_1_114' title="bbox 2031 5023 3638 5122">
     <span class='ocr_line' id='line_1_115' title="bbox 2031 5023 3638 5122; baseline -0.026 -9"><span class='ocrx_word' id='word_1_895' title='bbox 2031 5056 2119 5112; x_wconf 87' lang='lat' dir='ltr'><strong>los</strong></span> <span class='ocrx_word' id='word_1_896' title='bbox 2169 5047 2483 5122; x_wconf 87' lang='lat' dir='ltr'><strong>perducunt</strong></span> <span class='ocrx_word' id='word_1_897' title='bbox 2535 5043 2824 5092; x_wconf 88' lang='lat' dir='ltr'><strong>auctorem</strong></span> <span class='ocrx_word' id='word_1_898' title='bbox 2871 5045 2934 5086; x_wconf 90' lang='lat' dir='ltr'><strong>se</strong></span> <span class='ocrx_word' id='word_1_899' title='bbox 2986 5034 3042 5084; x_wconf 88' lang='lat' dir='ltr'><strong>et</strong></span> <span class='ocrx_word' id='word_1_900' title='bbox 3099 5023 3418 5095; x_wconf 87' lang='lat' dir='ltr'><strong>largitorem</strong></span> <span class='ocrx_word' id='word_1_901' title='bbox 3463 5023 3638 5086; x_wconf 82' lang='lat' dir='ltr'><strong>atque</strong></span> 
     </span>
    </p>
   </div>
   <div class='ocr_carea' id='block_1_115' title="bbox 2037 5107 3630 5205">
    <p class='ocr_par' dir='ltr' id='par_1_115' title="bbox 2037 5107 3630 5205">
     <span class='ocr_line' id='line_1_116' title="bbox 2037 5107 3630 5205; baseline -0.027 -1"><span class='ocrx_word' id='word_1_902' title='bbox 2037 5107 2452 5205; x_wconf 71' lang='lat' dir='ltr'><strong>distributorem</strong></span> <span class='ocrx_word' id='word_1_903' title='bbox 2483 5145 2608 5188; x_wconf 83' lang='lat' dir='ltr'><strong>esse</strong></span> <span class='ocrx_word' id='word_1_904' title='bbox 2631 5167 2648 5194; x_wconf 96' lang='lat'><strong>,</strong></span> <span class='ocrx_word' id='word_1_905' title='bbox 2683 5123 2959 5195; x_wconf 86' lang='lat' dir='ltr'><strong>nihiljam</strong></span> <span class='ocrx_word' id='word_1_906' title='bbox 2991 5121 3076 5176; x_wconf 91' lang='lat' dir='ltr'><strong>eis</strong></span> <span class='ocrx_word' id='word_1_907' title='bbox 3107 5116 3179 5173; x_wconf 90' lang='lat' dir='ltr'><strong>ad</strong></span> <span class='ocrx_word' id='word_1_908' title='bbox 3215 5115 3322 5170; x_wconf 69' lang='lat' dir='ltr'><strong>viae</strong></span> <span class='ocrx_word' id='word_1_909' title='bbox 3355 5107 3630 5183; x_wconf 87' lang='lat' dir='ltr'><strong>cognitio-</strong></span> 
     </span>
    </p>
   </div>
   <div class='ocr_carea' id='block_1_116' title="bbox 2041 5201 3634 5297">
    <p class='ocr_par' dir='ltr' id='par_1_116' title="bbox 2041 5201 3634 5297">
     <span class='ocr_line' id='line_1_117' title="bbox 2041 5201 3634 5297; baseline -0.026 0"><span class='ocrx_word' id='word_1_910' title='bbox 2041 5254 2167 5297; x_wconf 87' lang='lat' dir='ltr'><strong>nem</strong></span> <span class='ocrx_word' id='word_1_911' title='bbox 2201 5235 2440 5291; x_wconf 85' lang='lat' dir='ltr'><strong>deesset.</strong></span> <span class='ocrx_word' id='word_1_912' title='bbox 2477 5225 2623 5293; x_wconf 83' lang='lat' dir='ltr'><strong>Quia</strong></span> <span class='ocrx_word' id='word_1_913' title='bbox 2663 5233 2798 5277; x_wconf 90' lang='lat' dir='ltr'><strong>vero</strong></span> <span class='ocrx_word' id='word_1_914' title='bbox 2841 5216 2973 5273; x_wconf 88' lang='lat' dir='ltr'><strong>huic</strong></span> <span class='ocrx_word' id='word_1_915' title='bbox 3021 5209 3310 5284; x_wconf 73' lang='lat' dir='ltr'><strong>subiunxit</strong></span> <span class='ocrx_word' id='word_1_916' title='bbox 3335 5248 3351 5274; x_wconf 93' lang='lat'><strong>,</strong></span> <span class='ocrx_word' id='word_1_917' title='bbox 3401 5223 3422 5258; x_wconf 75' lang='grc' dir='ltr'><strong>ι</strong></span> <span class='ocrx_word' id='word_1_918' title='bbox 3456 5201 3634 5259; x_wconf 85' lang='lat' dir='ltr'><strong>Nemo</strong></span> 
     </span>
    </p>
   </div>
   <div class='ocr_carea' id='block_1_117' title="bbox 2040 5293 3635 5390">
    <p class='ocr_par' dir='ltr' id='par_1_117' title="bbox 2040 5293 3635 5390">
     <span class='ocr_line' id='line_1_118' title="bbox 2040 5293 3635 5390; baseline -0.026 0"><span class='ocrx_word' id='word_1_919' title='bbox 2040 5293 2195 5390; x_wconf 75' lang='lat' dir='ltr'><strong>venit</strong></span> <span class='ocrx_word' id='word_1_920' title='bbox 2227 5325 2298 5381; x_wconf 91' lang='lat' dir='ltr'><strong>ad</strong></span> <span class='ocrx_word' id='word_1_921' title='bbox 2329 5321 2552 5377; x_wconf 85' lang='lat' dir='ltr'><strong>Patrem</strong></span> <span class='ocrx_word' id='word_1_922' title='bbox 2579 5355 2595 5382; x_wconf 94' lang='lat'><strong>,</strong></span> <span class='ocrx_word' id='word_1_923' title='bbox 2647 5311 2757 5370; x_wconf 91' lang='lat' dir='ltr'><strong>nisi</strong></span> <span class='ocrx_word' id='word_1_924' title='bbox 2807 5325 2907 5383; x_wconf 89' lang='lat' dir='ltr'><strong>per</strong></span> <span class='ocrx_word' id='word_1_925' title='bbox 2954 5322 3081 5362; x_wconf 88' lang='lat' dir='ltr'><strong>me:</strong></span> <span class='ocrx_word' id='word_1_926' title='bbox 3143 5321 3162 5355; x_wconf 74' lang='grc' dir='ltr'><strong>ι</strong></span> <span class='ocrx_word' id='word_1_927' title='bbox 3209 5298 3442 5372; x_wconf 79' lang='lat' dir='ltr'><strong>agedum</strong></span> <span class='ocrx_word' id='word_1_928' title='bbox 3475 5301 3531 5350; x_wconf 91' lang='lat' dir='ltr'><strong>et</strong></span> <span class='ocrx_word' id='word_1_929' title='bbox 3560 5293 3635 5349; x_wconf 88' lang='lat' dir='ltr'><strong>ad</strong></span> 
     </span>
    </p>
   </div>
   <div class='ocr_carea' id='block_1_118' title="bbox 2044 5391 3629 5485">
    <p class='ocr_par' dir='ltr' id='par_1_118' title="bbox 2044 5391 3629 5485">
     <span class='ocr_line' id='line_1_119' title="bbox 2044 5391 3629 5485; baseline -0.025 -2"><span class='ocrx_word' id='word_1_930' title='bbox 2044 5425 2183 5483; x_wconf 91' lang='lat' dir='ltr'><strong>illud</strong></span> <span class='ocrx_word' id='word_1_931' title='bbox 2220 5433 2414 5478; x_wconf 90' lang='lat' dir='ltr'><strong>eorum</strong></span> <span class='ocrx_word' id='word_1_932' title='bbox 2461 5427 2586 5485; x_wconf 69' lang='lat' dir='ltr'><strong>quae</strong></span> <span class='ocrx_word' id='word_1_933' title='bbox 2633 5408 2741 5466; x_wconf 90' lang='lat' dir='ltr'><strong>dici</strong></span> <span class='ocrx_word' id='word_1_934' title='bbox 2784 5405 2988 5461; x_wconf 79' lang='lat' dir='ltr'><strong>debent</strong></span> <span class='ocrx_word' id='word_1_935' title='bbox 3013 5396 3273 5470; x_wconf 83' lang='lat' dir='ltr'><strong>quiddam</strong></span> <span class='ocrx_word' id='word_1_936' title='bbox 3302 5391 3629 5452; x_wconf 78' lang='lat' dir='ltr'><strong>aﬁ‘eramus,</strong></span> 
     </span>
    </p>
   </div>
   <div class='ocr_carea' id='block_1_119' title="bbox 2043 5480 3632 5592">
    <p class='ocr_par' dir='ltr' id='par_1_119' title="bbox 2043 5480 3632 5592">
     <span class='ocr_line' id='line_1_120' title="bbox 2043 5480 3632 5592; baseline -0.026 -17"><span class='ocrx_word' id='word_1_937' title='bbox 2043 5480 2202 5592; x_wconf 81' lang='lat' dir='ltr'><strong>prius</strong></span> <span class='ocrx_word' id='word_1_938' title='bbox 2240 5480 2586 5581; x_wconf 78' lang='lat' dir='ltr'><strong>inquirentes</strong></span> <span class='ocrx_word' id='word_1_939' title='bbox 2621 5496 2901 5572; x_wconf 90' lang='lat' dir='ltr'><strong>quomodo</strong></span> <span class='ocrx_word' id='word_1_940' title='bbox 2932 5493 3000 5548; x_wconf 89' lang='lat' dir='ltr'><strong>ad</strong></span> <span class='ocrx_word' id='word_1_941' title='bbox 3040 5489 3257 5544; x_wconf 89' lang='lat' dir='ltr'><strong>Patrem</strong></span> <span class='ocrx_word' id='word_1_942' title='bbox 3291 5483 3412 5555; x_wconf 89' lang='lat' dir='ltr'><strong>quis</strong></span> <span class='ocrx_word' id='word_1_943' title='bbox 3443 5480 3632 5536; x_wconf 90' lang='lat' dir='ltr'><strong>vadat.</strong></span> 
     </span>
    </p>
   </div>
   <div class='ocr_carea' id='block_1_120' title="bbox 2045 5575 3634 5677">
    <p class='ocr_par' dir='ltr' id='par_1_120' title="bbox 2045 5575 3634 5677">
     <span class='ocr_line' id='line_1_121' title="bbox 2045 5575 3634 5677; baseline -0.026 -7"><span class='ocrx_word' id='word_1_944' title='bbox 2045 5575 2272 5669; x_wconf 80' lang='lat' dir='ltr'><strong>Duobus</strong></span> <span class='ocrx_word' id='word_1_945' title='bbox 2293 5605 2462 5677; x_wconf 88' lang='lat' dir='ltr'><strong>igitur</strong></span> <span class='ocrx_word' id='word_1_946' title='bbox 2493 5597 2673 5654; x_wconf 91' lang='lat' dir='ltr'><strong>modis</strong></span> <span class='ocrx_word' id='word_1_947' title='bbox 2699 5593 2766 5648; x_wconf 90' lang='lat' dir='ltr'><strong>ad</strong></span> <span class='ocrx_word' id='word_1_948' title='bbox 2796 5603 2922 5645; x_wconf 92' lang='lat' dir='ltr'><strong>eum</strong></span> <span class='ocrx_word' id='word_1_949' title='bbox 2943 5581 3299 5658; x_wconf 90' lang='lat' dir='ltr'><strong>pervenimus</strong></span> <span class='ocrx_word' id='word_1_950' title='bbox 3329 5596 3342 5633; x_wconf 95' lang='lat'>:</span> <span class='ocrx_word' id='word_1_951' title='bbox 3376 5586 3471 5633; x_wconf 87' lang='lat' dir='ltr'><strong>aut</strong></span> <span class='ocrx_word' id='word_1_952' title='bbox 3486 5575 3634 5632; x_wconf 86' lang='lat' dir='ltr'><strong>enim</strong></span> 
     </span>
    </p>
   </div>
   <div class='ocr_carea' id='block_1_121' title="bbox 2047 5675 3636 5764">
    <p class='ocr_par' dir='ltr' id='par_1_121' title="bbox 2047 5675 3636 5764">
     <span class='ocr_line' id='line_1_122' title="bbox 2047 5675 3636 5764; baseline -0.026 1"><span class='ocrx_word' id='word_1_953' title='bbox 2047 5703 2229 5764; x_wconf 88' lang='lat' dir='ltr'><strong>sancti</strong></span> <span class='ocrx_word' id='word_1_954' title='bbox 2273 5675 2457 5756; x_wconf 83' lang='lat' dir='ltr'><strong>eﬁ&#39;ecti</strong></span> <span class='ocrx_word' id='word_1_955' title='bbox 2505 5693 2780 5761; x_wconf 85' lang='lat' dir='ltr'><strong>quantum</strong></span> <span class='ocrx_word' id='word_1_956' title='bbox 2824 5680 2932 5738; x_wconf 78' lang='lat' dir='ltr'><strong>fert</strong></span> <span class='ocrx_word' id='word_1_957' title='bbox 2974 5685 3190 5734; x_wconf 82' lang='lat' dir='ltr'><strong>naturae</strong></span> <span class='ocrx_word' id='word_1_958' title='bbox 3233 5675 3485 5730; x_wconf 70' lang='lat' dir='ltr'><strong>humanm</strong></span> <span class='ocrx_word' id='word_1_959' title='bbox 3518 5683 3636 5726; x_wconf 90' lang='lat' dir='ltr'><strong>me-</strong></span> 
     </span>
    </p>
   </div>
   <div class='ocr_carea' id='block_1_122' title="bbox 2047 5767 3634 5857">
    <p class='ocr_par' dir='ltr' id='par_1_122' title="bbox 2047 5767 3634 5857">
     <span class='ocr_line' id='line_1_123' title="bbox 2047 5767 3634 5857; baseline -0.027 0"><span class='ocrx_word' id='word_1_960' title='bbox 2047 5796 2319 5857; x_wconf 87' lang='lat' dir='ltr'><strong>diocritas</strong></span> <span class='ocrx_word' id='word_1_961' title='bbox 2347 5829 2362 5856; x_wconf 95' lang='lat'><strong>,</strong></span> <span class='ocrx_word' id='word_1_962' title='bbox 2409 5794 2674 5854; x_wconf 84' lang='lat' dir='ltr'><strong>tanquam</strong></span> <span class='ocrx_word' id='word_1_963' title='bbox 2727 5782 2922 5833; x_wconf 87' lang='lat' dir='ltr'><strong>sancto</strong></span> <span class='ocrx_word' id='word_1_964' title='bbox 2976 5771 3090 5828; x_wconf 89' lang='lat' dir='ltr'><strong>Deo</strong></span> <span class='ocrx_word' id='word_1_965' title='bbox 3136 5767 3634 5841; x_wconf 85' lang='lat' dir='ltr'><strong>conglutinamur:</strong></span> 
     </span>
    </p>
   </div>
   <div class='ocr_carea' id='block_1_123' title="bbox 2059 5855 3635 5952">
    <p class='ocr_par' dir='ltr' id='par_1_123' title="bbox 2059 5855 3635 5952">
     <span class='ocr_line' id='line_1_124' title="bbox 2059 5855 3635 5952; baseline -0.044 0"><span class='ocrx_word' id='word_1_966' title='bbox 2059 5917 2076 5952; x_wconf 83' lang='lat' dir='ltr'><strong>t</strong></span> <span class='ocrx_word' id='word_1_967' title='bbox 2102 5885 2292 5952; x_wconf 85' lang='lat' dir='ltr'><strong>Sancti</strong></span> <span class='ocrx_word' id='word_1_968' title='bbox 2327 5879 2475 5940; x_wconf 88' lang='lat' dir='ltr'><strong>enim</strong></span> <span class='ocrx_word' id='word_1_969' title='bbox 2511 5872 2689 5941; x_wconf 86' lang='lat' dir='ltr'><strong>eritis,</strong></span> <span class='ocrx_word' id='word_1_970' title='bbox 2727 5869 2932 5941; x_wconf 82' lang='lat' dir='ltr'><strong>inquit,</strong></span> <span class='ocrx_word' id='word_1_971' title='bbox 2967 5865 3097 5938; x_wconf 88' lang='lat' dir='ltr'><strong>quia</strong></span> <span class='ocrx_word' id='word_1_972' title='bbox 3124 5878 3224 5937; x_wconf 75' lang='lat' dir='ltr'><strong>ego</strong></span> <span class='ocrx_word' id='word_1_973' title='bbox 3245 5867 3472 5920; x_wconf 48' lang='lat' dir='ltr'><strong>sanctus</strong></span> <span class='ocrx_word' id='word_1_974' title='bbox 3493 5855 3578 5921; x_wconf 63' lang='grc' dir='ltr'><strong>6ιὶ</strong></span> <span class='ocrx_word' id='word_1_975' title='bbox 3610 5871 3635 5907; x_wconf 73' lang='grc'><strong>,</strong></span> 
     </span>
    </p>
   </div>
  </div>
