4006 6426
451 371 547 428 {Cll

1449 393 1489 448 S
1556 396 1828 455 CYRlLLl
1866 400 2344 466 ALEXANDRINI
2379 413 2702 472 ARCIIIEP.

3628 437 3727 493 192

442 507 540 552 aut
583 498 652 553 ad
712 498 892 557 Patris
947 507 1323 576 cognitionem
1374 530 1500 586 qua:
1537 517 1642 576 ﬁde
1679 532 1735 578 et
1779 536 1996 582 comem

442 591 678 620 n'nl:n\nn
725 593 888 620 HM
932 609 1140 620 -.._,-.-.
1173 603 1291 620 sum
1697 615 1710 620 -
1814 617 1825 620 _

2135 530 2396 604 θήσεσθαι
2447 537 2789 608 μελλόντων,
2844 541 3024 598 ἐκεῖνο
3069 549 3600 620 προερευνήσαντες,
3667 555 3730 610 τὸ

439 591 678 660 platione
725 593 889 665 769
927 609 1146 654 constat
1173 603 1446 672 vadimus,
1478 625 1602 680 quae
1630 615 1779 670 velut
1813 617 1868 672 in
1899 633 2030 690 spe-

437 682 566 736 culo
595 692 680 737 est
702 694 757 737 et
784 686 1098 757 zeuigmate,
1123 692 1268 747 sicut
1290 697 1562 767 scriptum
1591 710 1679 757 est
1698 706 1764 760 ⁸⁵.
1797 706 1904 762 Sed
1928 682 2030 766 nec

437 782 667 830 sanctus
694 777 819 845 quis
851 795 1094 850 unquam
1122 782 1332 850 fuerit,
1381 791 1490 846 nisi
1518 809 1644 848 eum
1680 813 1910 867 prorsus
1935 801 2030 858 de-

435 866 674 921 ducente
709 868 932 926 Christo
955 913 970 938 ,
1013 889 1115 929 nec
1153 875 1260 945 ipsi
1293 877 1406 936 Deo
1439 899 1506 939 ac
1540 866 1692 943 Patri
1723 891 2030 964 conjunge-

433 966 544 1023 tur,
572 960 678 1015 nisi
710 961 984 1018 mediante
1007 964 1234 1023 Christo
1265 989 1278 1025 :
1313 974 1592 1033 mediator
1616 982 1763 1036 enim
1804 960 1890 1040 est
1930 960 2026 1044 Dei

431 1057 489 1102 et
521 1049 807 1106 hominum
832 1053 878 1085 “
910 1070 1008 1124 per
1037 1059 1285 1129 seipsum
1312 1107 1328 1131 ,
1377 1075 1434 1121 et
1463 1067 1518 1122 in
1554 1071 1741 1143 seipso
1772 1075 2028 1133 humani-

431 1151 599 1197 tatem
636 1143 749 1199 Deo
777 1147 1143 1220 conjungens.
1172 1152 1243 1208 Ut
1271 1157 1416 1211 enim
1451 1161 1634 1219 editus
1655 1179 1723 1220 ex
1765 1169 2026 1226 substan—

430 1233 505 1286 tia
537 1231 631 1288 Dei
667 1249 731 1289 ac
758 1235 964 1303 Patris,
999 1252 1275 1310 quatenus
1306 1245 1549 1304 Verbum
1579 1263 1666 1309 est
1689 1293 1704 1317 ,
1736 1270 1802 1310 ac
1839 1259 2025 1327 splen-

429 1323 531 1379 dor
556 1366 570 1390 ,
603 1333 658 1380 et
707 1328 996 1388 character
1033 1335 1100 1400 ⁸⁷,
1136 1350 1308 1392 unum
1350 1347 1436 1396 est
1481 1357 1608 1398 cum
1659 1345 1824 1402 Patre
1875 1357 2023 1406 totus

426 1416 705 1473 exsistens
737 1421 791 1474 in
819 1423 1002 1492 seipso
1028 1468 1045 1492 ,
1085 1434 1142 1482 et
1170 1427 1349 1498 ipsum
1381 1431 1594 1490 habens
1632 1436 1689 1492 in
1716 1438 1902 1510 seipso
1925 1443 1971 1476 ⁸⁸
2005 1461 2019 1498 :

422 1513 706 1574 quatenus
767 1519 950 1566 autem
1005 1512 1188 1572 factus
1236 1527 1322 1574 est
1374 1519 1543 1578 homo
1589 1526 1758 1582 sicuti
1820 1545 1924 1588 nos
1951 1531 2019 1601 “,

421 1614 616 1654 exsors
667 1607 853 1657 tamen
895 1607 1104 1674 peccati
1154 1607 1479 1670 hominibus
1515 1617 1882 1690 conjungitur
1908 1666 1923 1691 ,
1965 1631 2020 1679 et

423 1688 842 1747 interliminium
889 1696 1061 1752 veluti
1108 1699 1390 1769 quoddam
1441 1703 1647 1761 factum
1697 1688 1812 1776 est,
1841 1688 2019 1768 conti-

421 1795 561 1835 nens
594 1783 654 1837 in
687 1785 871 1854 seipso
901 1803 1026 1856 quae
1064 1790 1132 1844 ad
1161 1793 1429 1848 unitatem
1467 1804 1523 1851 et
1554 1799 1853 1856 amicitiam
1881 1819 2014 1860 con-

417 1883 676 1928 currunt.
715 1875 890 1930 Nemo
924 1879 1092 1950 igitur
1139 1881 1208 1936 ad
1255 1884 1473 1942 Patrem
1507 1891 1728 1959 veniet,
1784 1894 1890 1950 hoc
1930 1907 2014 1954 est
2045 1915 2086 1970 Β

418 1964 618 2020 divinae
644 1981 881 2024 consors
915 1969 1006 2026 ﬁet
1035 1981 1251 2030 natura:
1274 1977 1342 2045 7°,
1380 1979 1487 2035 nisi
1515 1996 1616 2051 per
1640 1983 1819 2040 solum
1851 1985 2015 2042 Chri-

415 2064 586 2113 stum.
618 2057 737 2115 Nisi
765 2062 912 2116 enim
951 2063 1132 2122 factus
1167 2067 1335 2124 homo
1366 2071 1726 2131 mediatorem
1766 2093 1827 2134 se
1866 2094 2005 2150 pra:-

416 2147 653 2216 buisset,
687 2169 972 2224 nunquam
1003 2173 1070 2214 eo
1104 2158 1387 2218 felicitatis
1443 2167 1687 2235 provecti
1721 2183 2008 2241 essemus,

417 2241 514 2297 sed
556 2253 610 2298 et
645 2245 693 2299 si
731 2247 858 2315 quis
907 2249 977 2304 ad
1035 2249 1297 2322 Patrem,
1341 2271 1440 2324 per
1488 2260 2009 2330 contemplationem

417 2332 541 2388 ﬁdei
575 2335 872 2406 videlicet,
916 2350 974 2394 et
1009 2341 1156 2411 piam
1196 2347 1570 2416 cognitionem
1612 2352 1864 2422 venerit,
1912 2371 2010 2426 per

414 2420 595 2488 ipsum
625 2424 818 2482 itidem
838 2430 1184 2487 Scrvatorem
1214 2445 1468 2492 nostrum
1494 2439 1775 2497 Christum
1801 2420 2007 2503 veniet.

412 2512 572 2578 Quod
601 2517 747 2571 enim
785 2521 948 2576 modo
992 2523 1244 2581 dicebam
1273 2570 1288 2595 ,
1343 2538 1590 2598 repetam
1627 2533 1808 2590 denuo
1834 2579 1848 2602 ,
1878 2552 2006 2594 cum

409 2605 522 2658 alia
571 2623 681 2662 non
719 2611 792 2665 sit
832 2613 1260 2686 philosophandi
1293 2622 1456 2677 ratio.
1496 2622 1554 2677 Si
1584 2627 1712 2695 quis
1743 2628 1889 2684 enim
1918 2629 2008 2685 Fio

408 2693 545 2747 lium
576 2702 636 2750 ut
664 2714 788 2754 vere
817 2699 1016 2757 Filium
1044 2707 1298 2777 suscipit,
1334 2709 1383 2766 is
1416 2712 1484 2766 ad
1515 2693 1882 2787 cognitionem
1907 2721 2004 2776 Dei

406 2800 471 2840 ac
496 2784 678 2845 Patris
708 2792 983 2851 ascendit.
1018 2795 1131 2854 Nec
1157 2802 1305 2856 enim
1335 2784 1612 2862 exsistere
1643 2806 1815 2866 Filius
1835 2812 2000 2869 intel-

405 2874 628 2946 ligitur,
659 2882 765 2938 nisi
801 2887 1031 2942 omnino
1058 2891 1221 2947 simul
1258 2893 1608 2968 intelligatur
1636 2899 1684 2955 is
1718 2917 1750 2956 a
1777 2918 1889 2973 quo
1916 2913 2003 2961 est

401 2968 642 3036 genitus.
675 2970 933 3043 Cognitio
965 2977 1242 3046 siquidem
1273 2983 1401 3041 Filii
1434 3003 1559 3042 cum
1589 2987 1771 3049 Patris
1793 2968 2002 3066 cogni-

405 3059 555 3116 tione
576 3065 880 3130 concurrit,
917 3067 1095 3127 Patris
1114 3089 1244 3129 vero
1265 3080 1506 3148 cognitio
1524 3097 1649 3136 cum
1686 3086 2001 3157 cognitione

401 3148 549 3207 Filii.
613 3155 888 3219 Quocirca
923 3177 1053 3218 vere
1109 3165 1358 3236 loquitur
1386 3169 1676 3245 Dominus,
1729 3195 1853 3234 cum
1879 3183 1954 3237 ait
1983 3203 1996 3239 :
2028 3199 2069 3257 ο

406 3241 607 3298 «Νοιῃο
628 3249 861 3305 venitad
880 3251 1116 3320 Patrem,
1139 3257 1244 3313 nisi
1270 3276 1364 3330 per
1396 3278 1540 3328 me,»
1574 3241 1702 3336 quia
1731 3275 2000 3333 naturalis
2030 3241 2068 3257 ν
2111 3241 2238 3351 θᾶῗς,
2279 3288 2305 3340 ὲ

398 3349 452 3390 et
480 3337 864 3397 substantialis
891 3343 1070 3416 imago
1097 3346 1190 3403 Dei
1209 3366 1272 3405 ac
1292 3351 1476 3408 Patris
1493 3367 1577 3413 est
1603 3358 1857 3433 Filius“,
1883 3382 1995 3424 non

1922 3551 1994 3609 ab

396 3626 466 3665 eo
493 3616 797 3671 secundum
825 3619 1194 3678 substantiam
1221 3625 1566 3701 intelligatur
1603 3642 1659 3690 et
1689 3637 1784 3693 sit.

2136 625 2254 690 πῶς
2282 626 2348 681 ἄν
2377 645 2462 692 τις
2497 630 2566 683 τοι
2601 631 2739 702 πρὸς
2782 633 2872 688 τὸν
2904 635 3145 707 Πατέρα.
3200 639 3504 712 Ἐρχόμεθα
3550 647 3730 702 τοίνυν

2133 718 2276 772 κατά
2309 719 2403 773 δύο
2449 721 2704 794 τρόπους·
2733 724 2766 796 ἢ
2796 725 2903 797 γὰρ
2957 728 3101 797 ἀγιοι
3149 733 3434 800 γεγονότες
3470 739 3615 793 κατά
3663 757 3729 808 γε

2131 810 2192 864 τὺ
2213 812 2423 884 πρέπον
2449 818 2515 886 τῇ
2537 816 2635 870 ἀνθ
2645 820 2918 891 ρωπότητι
2945 822 3167 896 μέτρον,
3192 827 3267 890 ὡς
3293 827 3432 900 ἁγίῳ
3456 832 3576 903 Θεῷ
3597 834 3724 888 κολ-

2129 900 2372 972 λώμεθα·
2403 923 2423 957 ‹
2466 904 2648 975 ’Δγιοι
2671 910 2782 979 γὰρ
2802 909 3014 979 ἔσεσθε,
3043 915 3232 985 φησὶν,
3263 917 3346 971 ὅτι
3369 920 3482 988 ἐγὼ
3505 900 3716 992 ἀγιοςῚ

2127 993 2296 1064 ἤγουν
2323 996 2417 1050 ἐπὶ
2456 995 2556 1068 τὴν
2586 998 2681 1053 τοῦ
2706 1000 2921 1074 Πατρὸς
2954 1005 3160 1072 γνῶσιν
3190 1008 3288 1080 τὴν
3313 1011 3390 1075 ὡς
3442 1015 3502 1067 ὲν
3541 1017 3722 1072 πίστει

2127 1085 2223 1139 καὶ
2264 1087 2468 1161 θεωρίᾳ
2495 1089 2805 1164 βαδίζομεν,
2840 1098 2906 1167 τῇ
2943 1095 3018 1161 ὡς
3043 1099 3102 1152 ὲν
3140 1100 3393 1175 ἐσόπτρῳ
3427 1107 3522 1160 καὶ
3550 1110 3724 1179 αίνίγ-

2130 1193 2283 1247 ματι,
2321 1179 2466 1234 καθά
2490 1183 2820 1256 γέγραπται.
2875 1189 3016 1244 Ἀλλ’
3047 1193 3148 1246 οὐκ
3191 1195 3257 1250 ἄν
3303 1213 3389 1262 τις
3438 1197 3595 1270 ἅγιος
3633 1204 3722 1275 εἴη

2127 1268 2281 1334 ποτὲ,
2328 1272 2422 1326 καὶ
2459 1272 2548 1327 διὰ
2579 1273 2852 1343 πολιτείας
2885 1281 3006 1352 ἥξει
3051 1283 3156 1354 τῆς
3196 1289 3318 1341 κατ’
3365 1268 3591 1364 ἀρετὴν,
3643 1268 3720 1368 μη

2123 1359 2245 1430 οὐχὶ
2276 1361 2636 1432 ποδηγοῦντος
2659 1366 2823 1422 αὑτὸν
2852 1370 2932 1434 είς
2957 1369 3175 1429 ἅπαντα
3197 1377 3291 1430 τοῦ
3316 1359 3578 1450 Χριστοῦ,
3607 1359 3724 1438 οῦδὦ

2125 1449 2193 1503 ἂν
2231 1451 2383 1523 αὑτῷ
2416 1455 2742 1511 συνάπτοιτο
2769 1458 2849 1530 τῷ
2901 1461 3023 1533 Θεῷ
3078 1466 3174 1519 καὶ
3225 1449 3426 1542 Πατρὶ,
3475 1474 3552 1544 μὴ
3595 1475 3723 1548 οὐχὶ

2123 1541 2346 1606 πάντως
2367 1545 2746 1614 μεσιτεύοντος
2775 1550 2868 1604 τοῦ
2894 1552 3158 1623 Χριστοῦο
3187 1541 3421 1631 μεσίτης
3453 1541 3565 1635 γάρ
3595 1541 3718 1621 ἐστι

2120 1634 2257 1690 Θεοῦ
2298 1638 2394 1693 καὶ
2433 1639 2758 1710 ἀνθρώπων,
2788 1643 2858 1697 δι’
2900 1645 3120 1714 ἑαυτοῦ,
3150 1649 3248 1703 καὶ
3288 1652 3346 1704 ὲν
3386 1634 3545 1725 αὑτῷ
3595 1672 3720 1710 συνο

2119 1727 2308 1784 ἀπτων
2341 1730 2441 1803 τὴν
2485 1733 2885 1807 ἀνθρωπότητα
2917 1738 2996 1810 τῷ
3025 1739 3166 1811 Θεῷ.
3230 1741 3318 1806 Ὦς
3345 1745 3442 1814 μὲν
3471 1745 3581 1819 γὰρ
3621 1749 3720 1802 ὲκ-

2119 1822 2384 1892 πεφυκὼς
2411 1825 2511 1895 τῆς
2548 1827 2739 1891 οὐσίας
2769 1828 2864 1883 τοῦ
2896 1830 3032 1884 Θεοῦ
3065 1833 3163 1886 καὶ
3197 1834 3436 1906 Πατρὸς,
3467 1831 3502 1910 ᾖ
3539 1838 3720 1909 Λόγος

2116 1912 2256 1978 ἐστὶ,
2291 1914 2386 1968 καὶ
2423 1916 2790 1989 ἀπαύγασμα,
2837 1920 2934 1974 καὶ
2979 1925 3290 1996 χαρακτὴρ,
3329 1926 3389 1981 ἒν
3416 1927 3534 1982 ἐστι
3573 1930 3718 2001 πρὸς

2111 2003 2204 2058 τὸν
2232 2005 2476 2076 Πατέρα,
2510 2009 2632 2074 ὅλος
2671 2009 2749 2065 ὣν
2780 2013 2839 2066 ὲν
2867 2013 3068 2085 ἑαυτῷ,
3099 2016 3196 2070 καὶ
3249 2016 3389 2088 ἔχων
3438 2020 3604 2076 αὑτὸν
3651 2023 3719 2079 ὲν

2110 2095 2309 2168 ἑαυτῷ·
2415 2099 2473 2152 δὲ
2510 2099 2737 2169 γέγονεν
2764 2101 3052 2173 ἄνθρωπος
3097 2105 3222 2160 καθ’
3249 2109 3418 2179 ἡμᾶς,
3455 2110 3581 2181 δίχα
3611 2112 3718 2185 τῆς

2107 2187 2268 2258 ἡμῶν
2300 2190 2575 2262 ἁμαρτίας
2625 2194 2957 2250 συνάπτεται
3010 2201 3123 2262 τοῖς
3168 2200 3262 2254 ἐπὶ
3320 2202 3424 2273 τῆς
3450 2204 3574 2274 γῆς,
3610 2205 3715 2260 καὶ

2112 2274 2362 2346 μεθόριον
2395 2278 2586 2353 ὥσπερ
2601 2299 2654 2335 τι
2685 2283 2898 2354 γέγονε,
2928 2288 3168 2359 συνέχων
3191 2291 3249 2344 ὲν
3278 2291 3455 2365 ἐαυτῷ
3480 2295 3550 2349 τὰ
3571 2295 3718 2368 πρὸς

2108 2366 2336 2439 ἑνότητα
2403 2372 2500 2425 καὶ
2546 2373 2732 2442 φιλίαν
2795 2378 3295 2453 συνδεδραμηκότα.
3365 2385 3556 2450 Οὐδεὶς
3610 2366 3716 2442 οὖν

2106 2457 2227 2527 ἥξει
2257 2460 2394 2532 πρὸς
2413 2461 2508 2518 τὸν
2539 2464 2781 2538 Πατέρα,
2809 2467 2953 2523 τοῦτ’
2979 2470 3118 2540 ἐστι,
3145 2473 3298 2539 θείας
3318 2476 3715 2550 ἀναδειχθήσε-

2103 2567 2193 2604 ται
2227 2553 2444 2621 φύσεως
2489 2559 2764 2626 κοινωνὸς,
2796 2563 2845 2616 εὶ
2892 2563 2967 2636 μὴ
3017 2566 3106 2620 διὰ
3133 2568 3373 2640 Χριστοῦ
3415 2570 3598 2641 μόνου.
3639 2571 3716 2626 Et

2107 2641 2182 2714 μὴ
2223 2643 2332 2714 γὰρ
2361 2645 2685 2716 ἐμεσίτευσε
2721 2654 3016 2725 γενόμενος
3047 2657 3354 2730 ἄνθρωπος,
3395 2661 3496 2716 οὖν
3527 2663 3596 2717 ἂν
3621 2665 3715 2729 είς

2105 2733 2264 2788 τοῦτο
2299 2739 2708 2812 μακαριότητος
2739 2744 2956 2818 προῦϐη
2991 2749 3062 2803 τὰ
3092 2751 3217 2804 καθ’
3239 2755 3409 2822 ἡμᾶς,
3433 2754 3570 2810 ἀλλά
3608 2756 3713 2809 καὶ

2107 2823 2266 2890 εἴτις
2291 2825 2360 2880 τοι
2389 2829 2526 2900 πρὸς
2549 2831 2642 2887 τὸν
2671 2835 2893 2909 Πατέρα
2917 2837 3006 2892 διὰ
3035 2839 3290 2913 θεωρίας,
3310 2843 3410 2915 τῆς
3438 2845 3494 2899 ὲν
3521 2845 3712 2900 πίστει

2107 2918 2273 2988 φημὶ,
2305 2919 2398 2973 καὶ
2419 2922 2622 2990 γνώσει
2659 2929 2725 2999 τῇ
2751 2929 2871 2982 κατ’
2897 2931 3204 2999 εὐσέϐειαν,
3235 2935 3303 2989 δι’
3333 2936 3500 2991 αὐτοῦ
3538 2938 3710 2994 πάλιν

2104 3007 2224 3079 ἥξει
2261 3010 2356 3064 τοῦ
2393 3013 2647 3086 Σωτῆρος
2693 3020 2853 3090 ἡμῶν
2881 3023 3145 3094 Χριστοῦ.
3181 3026 3361 3100 Ὅπερ
3415 3027 3527 3099 γὰρ
3563 3029 3710 3101 ἔφην

2103 3099 2325 3170 ἀρτίως,
2361 3104 2474 3175 ἐρῶ
2497 3106 2562 3180 δὴ
2591 3109 2772 3180 πάλιν,
2800 3112 2898 3184 οὐχ
2927 3115 3132 3185 ἑτέρως
3160 3099 3376 3189 ἔχοντος
3412 3120 3505 3174 τοῦ
3539 3099 3706 3190 λόγου

2101 3188 2281 3264 οἷμον.
2319 3197 2764 3273 Προσδεξάμενος
2787 3206 2896 3278 γάρ
2921 3225 3005 3274 τις
3037 3208 3130 3264 τὸν
3158 3188 3288 3264 Υίὸν
3308 3213 3390 3276 εἰς
3424 3213 3552 3268 Υἱδν
3570 3188 3708 3288 αλη-

2310 3291 2374 3341 πὶ
2395 3291 2496 3360 τὴν
2534 3292 2629 3346 τοῦ
2657 3295 2795 3349 Θεοῦ
2820 3299 2916 3352 καὶ
2943 3302 3157 3373 Πατρδς
3188 3303 3444 3373 ἀφίξεται
3471 3307 3702 3376 γνῶσιν.

2091 3578 2175 3658 χει
2224 3565 2334 3636 γὰρ
2373 3567 2487 3641 Υἰῷ
2536 3571 2635 3641 μὲν
2661 3575 2695 3644 ἡ
2729 3577 2860 3648 περὶ
2901 3579 3118 3651 Πατρὸς
3167 3583 3396 3651 γνῶσις,
3430 3565 3702 3658 Πατρὶῗδὲ

2091 3645 2160 3704 αὖ
2197 3653 2361 3708 πάλιν
2393 3660 2427 3727 ἠ
2455 3661 2588 3732 περὶ
2634 3645 3048 3720 Υίοῦξούκοῦν
3085 3645 3296 3742 ἀληθὴς
3319 3645 3580 3746 ὁήίίύριος
3607 3676 3702 3730 λέ-

2400 3706 2427 3727 -,
2572 3706 2588 3714 -
2837 3706 3046 3720 νη--.
3085 3706 3247 3726 μη...
3320 3706 3459 3728 ...ιν
3502 3706 3576 3738 ιν,
3607 3706 3694 3730 λ.-

398 3719 532 3772 γων’
581 3723 600 3754 ε
639 3706 830 3774 οὐδεὶς
873 3709 1093 3783 ἔρχεται
1133 3715 1273 3784 πρὸς
1322 3718 1414 3774 τὸν
1457 3722 1698 3796 Πατέρα,
1756 3731 1805 3782 ει
1847 3731 1925 3802 μὴ
1975 3734 2043 3789 δι’
2078 3739 2236 3810 ἐμοῦ,
2279 3762 2299 3796 ι
2342 3745 2425 3800 δτι
2454 3706 2661 3825 φυξικὴ
2720 3755 2815 3810 και
2857 3756 3124 3831 οὐσιὼδης
3181 3706 3352 3817 ζιέῖιον
3416 3706 3513 3817 τονῦ
3548 3762 3694 3820 Θεοῦ

398 3792 486 3831 καῖ
538 3794 754 3831 Πρω-ΑΛ..
811 3800 957 3831 1......
1005 3804 1030 3831 ,ι
1083 3803 1215 3831 νει-
1297 3808 1387 3831 --Α
1453 3811 1499 3831 ,μ’
1629 3815 1689 3831 Α,
1859 3820 1912 3831 ...ι
1951 3822 2002 3831 _.

397 3792 492 3844 καὶ
538 3794 754 3866 Πατρός
810 3800 957 3855 ἐστιν
1004 3804 1031 3856 ό
1083 3803 1246 3870 Υἱὸς,
1297 3808 1393 3862 καὶ
1446 3811 1508 3865 οὐ
1553 3792 1806 3890 καθάπερ

394 3881 582 3956 ’ἐτερόν
617 3903 668 3940 τι.
716 3889 837 3943 κατ’
902 3891 1092 3948 οὐσίαν
1135 3896 1418 3969 ὑπάρχων,
1472 3903 1568 3957 καὶ
1622 3908 1936 3982 νοούμενος.

467 3978 608 4034 XIV.
652 3983 704 4036 7.
747 3983 808 4040 Si
857 3992 1242 4060 cognovissetis
1279 4013 1361 4051 me
1391 4041 1408 4064 ,
1443 4009 1494 4054 et
1543 3978 1767 4061 Patreni
1811 4025 1987 4065 meum

391 4070 572 4141 utique
605 4078 1003 4145 cognovissetis.

466 4163 824 4222 Existimabit
864 4171 1055 4230 forsan
1096 4177 1302 4249 aliquis
1344 4182 1527 4254 ipsum
1566 4199 1758 4246 contra
1793 4207 1854 4251 se
1890 4194 1986 4251 Fi-

392 4255 527 4308 lium
559 4256 855 4316 disserere.
901 4262 1011 4320 Sed
1051 4282 1163 4323 non
1204 4271 1280 4324 ita
1315 4289 1406 4329 res
1444 4285 1548 4332 est.
1574 4278 1686 4336 Nec
1714 4286 1860 4339 enim
1891 4303 1990 4342 va-

388 4363 519 4402 num
576 4349 785 4419 aliquid
825 4363 922 4408 aut
960 4371 1435 4427 supervacaneum
1475 4384 1721 4440 unquam
1777 4385 1975 4445 protu-

1855 3820 2004 3891 ἔδοξέ
2038 3845 2200 3898 τισιν,
2250 3835 2510 3905 ἐπακτοῖς
2559 3820 2836 3916 ἀξιῶμασι
2881 3820 3244 3923 μεμόρφωται
3293 3855 3431 3928 πρὸς
3496 3853 3689 3913 αὐτὸν,

2155 4017 2224 4070 El
2245 4018 2559 4090 ἐγνώκειτέ
2574 4044 2672 4096 με,
2696 4027 2798 4083 καὶ
2813 4029 2922 4085 τὸν
2935 4032 3169 4103 Πατέρα
3193 4053 3315 4106 μου
3360 4039 3439 4093 ἂν
3463 4041 3690 4112 ᾔδειτε.

2158 4199 2330 4254 Αὐτὸν
2385 4203 2453 4276 δὴ
2485 4205 2610 4262 καθ’
2650 4208 2848 4264 ἑαυτοῦ
2884 4213 3018 4284 φαίη
3051 4231 3138 4278 τις
3168 4215 3236 4271 ἂν
3271 4215 3404 4282 ἴσως
3449 4221 3543 4274 καὶ
3568 4224 3692 4296 οἰη-

2089 4287 2207 4362 θείη
2237 4293 2397 4364 τυχὸν
2425 4295 2770 4367 διαλέγεσθαι
2821 4302 2912 4357 τὸν
2938 4303 3090 4360 Υἰόν.
3118 4307 3272 4378 Ἔχει
3295 4308 3352 4362 δὲ
3371 4309 3469 4382 οὐχ
3487 4287 3688 4379 οὕτως.

2092 4382 2169 4434 Οὐ
2215 4385 2324 4455 γὰρ
2375 4387 2441 4440 ἀν
2491 4406 2545 4441 τι
2589 4389 2699 4445 τῶν
2753 4394 2974 4450 είκαίων
3024 4397 3324 4468 ἐφθέγξατο
3362 4403 3460 4458 καὶ
3495 4423 3692 4478 περιτ-

385 4440 545 4502 .erit,
583 4443 811 4500 tametsi
849 4460 916 4502 es
954 4463 1022 4502 eo
1056 4453 1203 4520 quod
1252 4470 1364 4510 non
1413 4459 1710 4520 admodum
1761 4440 1977 4539 possin;

385 4533 634 4566 nnnnnll:
672 4550 797 4566 nn...
837 4537 1099 4566 A:.........-_
1145 4559 1261 4566 Α---
1290 4549 1366 4566 ρει
1492 4555 1572 4566 -...
1645 4557 1657 4566 .

2104 4440 2304 4541 uina-ei.
2331 4481 2426 4533 ml.
2593 4440 2829 4552 μάλιστα
2865 4488 2955 4543 διὰ
2979 4490 3040 4544 τὸ
3056 4440 3152 4562 γμὴ
3170 4440 3395 4566 ⁸ιζφόδρα
3419 4440 3687 4555 δύναέθαί

383 4533 635 4588 nonnulli
671 4550 797 4606 quzc
834 4537 1099 4597 dicuntur
1141 4549 1409 4618 assequi,
1449 4533 1974 4633 utilissime'quan-

380 4623 562 4692 doque
602 4629 824 4698 repetit.
867 4630 936 4685 Et
977 4635 1201 4704 quidem
1241 4655 1351 4696 non
1392 4657 1589 4712 parum
1630 4666 1730 4709 nos
1761 4623 1855 4711 hic
1881 4643 1976 4728 ju-

377 4721 507 4780 vat,
546 4715 676 4772 dum
711 4719 825 4776 haec
862 4724 1143 4792 prioribus
1179 4730 1451 4805 adjungit.
1492 4736 1632 4796 Nam
1664 4747 1796 4814 quia
1826 4715 1974 4805 Tho-

376 4818 499 4860 mas
560 4808 962 4868 sciscitabatur
1024 4833 1269 4887 quonam
1319 4826 1580 4888 abiturus
1626 4808 1814 4904 esset,
1874 4850 1973 4896 aut

373 4899 656 4966 quomodo
697 4905 978 4974 cognituri
1010 4919 1201 4968 essent
1237 4916 1382 4972 viam
1405 4961 1418 4986 ,
1463 4922 1788 4993 ignorantes
1827 4946 1971 5002 quo-

373 5002 503 5041 nam
563 5002 712 5048 esset
760 4997 1050 5068 abiturus,
1106 5011 1428 5067 necessario
1474 5017 1766 5088 subjecit:
1804 4997 1971 5096 c—Ego

372 5093 497 5134 sum
540 5083 630 5138 via
653 5124 668 5149 ,
708 5093 765 5142 et
796 5090 947 5158 vita,
992 5104 1047 5150 et
1081 5099 1310 5159 veritas.
1346 5123 1366 5157 ι
1399 5105 1504 5164 Et:
1539 5083 1777 5172 (Νεωο
1816 5083 1970 5175 venit

371 5170 442 5270 ad
479 5170 729 5274 Patrem,
767 5179 932 5252 770
961 5187 1068 5243 nisi
1109 5206 1207 5261 per
1242 5209 1371 5264 me;
1401 5217 1418 5250 ι
1447 5199 1582 5256 hinc
1621 5207 1958 5278 ostendens,

370 5259 420 5313 si
452 5263 581 5331 quis
617 5267 748 5322 velit
786 5286 954 5328 nosse
979 5259 1125 5332 viam
1165 5296 1262 5350 per
1301 5300 1471 5356 quam
1523 5301 1613 5347 eat
1667 5295 1736 5350 ad
1785 5259 1957 5355 vitain

370 5356 672 5421 aeternam,
700 5357 912 5416 Christi
939 5369 1318 5438 cognitionem
1364 5378 1413 5431 ei
1445 5385 1774 5451 cumprimis
1805 5390 1958 5446 cordi

371 5454 495 5497 esse
542 5445 767 5505 debere.
820 5452 929 5509 Sed
975 5459 1108 5529 quia
1160 5469 1416 5524 nonnulli
1448 5445 1739 5533 Judaicum
1775 5483 1963 5550 potius

370 5546 540 5599 quam
571 5543 957 5612 evangelicum
1000 5565 1300 5622 sequentes
1347 5559 1666 5620 institutum
1697 5543 1801 5626 sibi
1837 5589 1964 5645 per-

373 5629 597 5682 suasuri
633 5641 793 5686 erant
816 5636 1068 5696 sumcere
1096 5644 1164 5699 ad
1199 5655 1412 5705 rectam
1439 5651 1601 5711 fidem
1631 5673 1802 5715 unum
1833 5629 1962 5719 uni-

442 5740 529 5814 σει
563 5743 693 5800 Cor.
725 5765 861 5814 xui,
901 5756 990 5810 19..
1071 5760 1114 5792 δε

581 5817 621 5848 "
661 5817 701 5874 ΙΙ
737 5821 862 5880 Cor.
900 5842 972 5891 tv,
1007 5830 1051 5884 .5.

1151 5762 1191 5818 ll
1223 5765 1365 5824 Tim.
1403 5785 1478 5839 ll,
1519 5773 1570 5828 5.
1627 5775 1672 5810 ⁸⁷
1713 5777 1878 5836 llcbr.
1917 5799 1969 5852 ι,

2131 5787 2175 5819 ³⁸
2203 5786 2360 5846 Joan.
2406 5808 2516 5863 xiv,
2558 5793 2644 5850 ll.
2719 5796 2762 5828 δί’
2787 5795 3024 5869 Philipp.
3051 5813 3090 5853 ιι
3116 5839 3130 5864 ,
3165 5799 3215 5856 7.

2087 4585 2239 4632 τινας
2293 4572 2408 4635 τοῖς
2448 4573 2766 4646 λεγομένοις
2834 4580 3175 4649 ἀκολουθεῖν,
3243 4591 3680 4662 χρησιμωτάτην

2080 4655 2195 4710 ἐσθ’
2225 4659 2316 4712 ὅτε
2371 4666 2605 4718 ποιεῖται
2664 4665 2764 4738 τὴν
2818 4668 3182 4742 ὲπανάληψιν.
3227 4655 3375 4748 Πλὴν
3406 4655 3464 4733 έν
3492 4695 3556 4748 γε
3596 4655 3681 4752 τῷ

2081 4748 2310 4820 πάροντι
2339 4751 2474 4806 πολὺ
2504 4754 2570 4825 δὴ
2596 4754 2716 4810 λίαν
2731 4757 2970 4830 ὀνίνησιν
2998 4763 3168 4833 ἡμᾶς,
3189 4765 3351 4818 ταυτὶ
3375 4769 3491 4832 τοῖς
3529 4748 3678 4840 πρῶ-

2077 4856 2194 4904 τοις
2218 4844 2623 4915 προσενεγκὼν.
2664 4848 2883 4922 Ἐπειδὴ
2931 4852 3040 4922 γὰρ
3074 4854 3466 4912 διεπυνθάνετο
3495 4861 3523 4914 ό
3552 4860 3676 4915 Θω-

2081 4933 2208 5002 μᾶς,
2251 4934 2361 4989 Ποῦ
2408 4938 2519 5008 γάρ
2556 4938 2858 5014 ἀπελεύσῃ,
2925 4942 3124 5013 λέγων,
3181 4948 3214 5017 ἢ
3261 4949 3383 5014 πῶς
3415 4951 3482 5007 ἂν
3509 4954 3676 5024 ἡμεῖς

2075 5021 2354 5096 εἰδείημεν
2386 5027 2486 5100 τὴν
2518 5028 2659 5095 ὁδὸν,
2693 5029 2755 5083 τὺ
2773 5031 2896 5085 ὅποι
2925 5034 3056 5088 ποτὲ
3085 5035 3243 5110 βαδιῇ
3277 5040 3352 5112 μὴ
3382 5021 3674 5110 γινώσκον-

2072 5131 2187 5181 τες,
2220 5117 2538 5186 ἀναγκαίως
2589 5120 2833 5190 ἔφασκεν
2857 5139 2932 5178 ἀι
2973 5126 3116 5194 Ἐγώ
3169 5131 3287 5201 εἰμι
3326 5131 3360 5203 ἡ
3392 5132 3532 5200 ὁδὸς,
3575 5135 3673 5189 καὶ

2073 5207 2108 5278 ἠ
2133 5205 2268 5278 ζωὴ,
2322 5209 2420 5264 καὶ
2475 5211 2510 5282 ἡ
2556 5211 2807 5284 ἀλήθεια,
2838 5233 2860 5268 ι
2915 5218 3012 5272 καὶ
3049 5219 3131 5275 ὅτι
3169 5239 3188 5273 ι
3225 5222 3417 5289 Οὐδεὶς
3445 5224 3666 5297 ἔρχεται

2065 5298 2202 5371 πρὸς
2233 5300 2325 5355 τὸν
2357 5303 2598 5375 Πατέρα,
2618 5306 2667 5359 εἰ
2694 5306 2768 5378 μὴ
2800 5307 2867 5361 δι’
2887 5309 3047 5380 ἐμοῦο
3072 5330 3091 5364 ι
3136 5312 3353 5378 δεικνὺς
3374 5314 3659 5385 ἐντεῦθεν,

2065 5391 2144 5456 ὡς
2177 5394 2336 5465 εἴπερ
2367 5413 2452 5460 τις
2477 5395 2723 5468 βούλοιτο
2748 5401 2849 5475 τὴν
2892 5403 3011 5457 ὁδὸν
3055 5404 3282 5470 εἰδέναι,
3313 5407 3381 5461 δι’
3411 5403 3479 5480 ἦς
3513 5409 3580 5464 ἂν
3609 5412 3664 5484 τῃ

2067 5483 2206 5555 πρὸς
2237 5484 2383 5558 ζωὴν
2409 5488 2506 5560 τὴν
2535 5489 2774 5560 αἰώνιον,
2825 5494 3196 5568 φιλονεικήσει
3233 5499 3300 5572 δὴ
3332 5500 3554 5566 πάντως
3585 5483 3665 5557 ei;

2069 5574 2218 5630 δέναι
2256 5579 2511 5649 Χριστόν.
2545 5583 2767 5658 Ἐπειδὴ
2791 5586 2848 5640 δὲ
2889 5582 2960 5658 ἦν
2991 5605 3144 5653 τινας
3170 5590 3321 5657 εἰκὸς
3365 5593 3663 5666 Ἰουδαῖκήν

2069 5685 2193 5724 τινα
2224 5671 2449 5742 μᾶλλον,
2473 5675 2643 5746 ἢγουν
2672 5678 3035 5750 εὑαγγελικὴν
3063 5683 3487 5755 ἐπιτηδεύοντας
3532 5686 3659 5740 παί-

3321 5799 3367 5833 ⁷⁶
3419 5798 3466 5857 ll
3504 5799 3652 5858 Petr.
