4006 6422
298 333 412 389 195
497 347 511 358 '
1397 331 1461 388 IN
1486 330 1775 390 JUANNIS
1799 330 2248 392 EVANGELIUM
2284 335 2414 394 Llli.
2459 338 2552 396 1X.
3489 339 3589 393 £96

290 448 504 514 δευσιν,
531 445 785 520 ἐξαρκεῖν
814 449 1024 505 οἴεσθαι
1053 450 1192 523 πρὸς
1217 449 1278 504 τὸ
1301 451 1578 505 πιστεύειν
1604 451 1782 523 ὀρθῶς
1804 451 1894 521 τὴν

2007 454 2155 510 versi
2204 453 2373 510 Deum
2421 454 2705 522 conliteri,
2743 469 2984 526 eumque
3025 469 3358 526 agnoscere,
3407 467 3590 523 neque

290 543 341 593 εἰ
351 557 378 602 ς
411 541 512 594 ἐνα
541 541 653 594 τῶν
685 542 825 595 ὅλων
856 543 990 596 Θεὸν
1035 544 1328 614 ὁμολογίαν
1349 561 1409 597 τε
1451 545 1545 598 καὶ
1578 543 1801 614 γνῶσιν,
1832 543 1894 615 μ’)

2005 558 2176 613 porro
2200 545 2269 601 de
2317 555 2513 602 sancta
2569 555 2626 603 et
2680 547 3155 603 consubstantiali
3188 547 3465 603 Trinitate
3491 549 3590 603 do-

295 633 411 704 μὴν
434 633 757 703 ἐπείγεσθαι
795 636 988 706 μαθεῖν
1031 637 1124 690 τὸν
1157 638 1287 709 περί
1319 638 1418 709 τῆς
1449 637 1612 708 ἁγίας
1647 637 1743 692 καὶ
1775 639 1894 708 ὁμο-

2004 637 2240 692 ctrinam
2268 653 2392 694 esse
2422 639 2764 706 curandam,
2811 640 3134 695 necessario
3178 638 3590 709 quodammodo

292 727 490 780 ουσίου
549 728 788 798 Τριάδος
816 729 995 798 λόγον,
1040 730 1359 798 ἀναγκαίως
1390 731 1675 786 ἀποκλείει
1701 731 1894 803 τρόποι

2003 727 2265 786 Christus
2291 731 2456 786 etiam
2493 731 2581 787 his
2615 732 2709 802 qui
2747 732 2831 788 sic
2871 733 3148 788 sentirent
3188 731 3284 788 Dei
3313 733 3588 804 cognitio-

291 818 426 871 τινὰ
470 818 708 890 Χριστὸς
761 821 990 884 καὶτοῖς
1036 820 1181 874 οὕτω
1207 819 1492 887 δοξάζουσι
1509 824 1608 894 τὴν
1636 823 1767 896 περὶ
1802 822 1894 876 τοῦ

2007 837 2132 877 nem
2163 823 2524 890 intercludit,
2556 824 2666 880 nisi
2701 832 2756 879 et
2805 840 2866 879 se
2913 825 3202 894 suscipere
3243 825 3437 880 velint.
3482 822 3591 878 Per

293 909 441 964 Θεοῦ
478 910 703 980 γνῶσιν,
745 912 896 985 εἰμὴ
925 913 1021 968 καὶ
1065 915 1230 968 αὑτὸν
1275 915 1549 986 βούλοιντο
1598 918 1902 989 παραδέχεο

297 1001 456 1056 σθαι.
491 1002 591 1056 Διά
668 1003 779 1076 γὰρ
819 1003 950 1058 Υἰοῦ
985 1007 1272 1078 προσιτέον
1313 1008 1392 1080 τῷ
1423 1008 1544 1080 Θεῷ
1569 1011 1665 1064 καὶ
1703 1009 1898 1081 Πατρί.

309 1095 624 1164 ’Δναλόγως
649 1097 762 1168 γὰρ
815 1100 880 1169 τῇ
933 1099 1029 1152 τοῦ
1069 1101 1412 1172 γεννήματος
1443 1100 1666 1173 θεωρίᾳ,
1690 1103 1786 1155 καὶ
1813 1103 1901 1156 ἐπ’

294 1187 468 1241 αὐτὸν
496 1187 700 1259 ἥξομεν
723 1190 815 1242 τὸν
843 1190 1169 1262 Γεννήτορα.
1191 1193 1265 1246 Ού
1289 1193 1398 1263 γὰρ
1429 1192 1598 1257 ἔστιν,
1619 1195 1722 1248 ούκ
1753 1194 1902 1249 ἐστιν

293 1280 658 1352 ἀμφιϐαλεῖν,
708 1282 793 1336 ὃτι
847 1283 941 1336 τὸν
977 1284 1105 1339 Υἰόν
1169 1302 1255 1350 τις
1285 1285 1586 1356 ὐῖρεστάναι
1620 1289 1895 1344 πιστεύων

291 1370 477 1435 οὕτως
503 1371 579 1435 ὡς
601 1371 755 1436 Υίὸν,
785 1371 880 1426 τὸν
934 1374 1000 1426 ἐκ
1041 1373 1141 1444 τῆς
1187 1373 1375 1438 οὐσίας
1404 1375 1548 1445 φημὶ
1579 1375 1674 1428 τοῦ
1704 1378 1898 1449 γεννή-

293 1480 518 1527 σαντος,
554 1463 763 1517 εἵσεται
794 1464 858 1536 δὴ
909 1467 1130 1530 πάντως
1171 1467 1266 1519 καὶ
1299 1466 1390 1520 τὸν
1445 1466 1686 1538 Πατέρα.
1739 1469 1896 1523 Κατά

293 1553 402 1623 μὲν
446 1549 544 1608 οὖν
586 1554 686 1626 τὴν
733 1555 1114 1627 ἁπλουστέραν
1165 1558 1261 1611 καὶ
1295 1559 1631 1630 ἀπερίεργον
1669 1559 1894 1628 γνῶσιν,

288 1645 475 1710 οὕτως
505 1645 571 1700 ἄν
604 1663 690 1710 τις
717 1645 931 1720 οἰηθείη
963 1647 1129 1720 τυχὸν
1155 1648 1389 1720 λαλῆσαι
1408 1667 1421 1681 ·
1451 1653 1500 1704 εἰ
1524 1651 1581 1704 δέ
1614 1669 1692 1722 τῳ
1713 1651 1896 1722 δοκοίη

2002 913 2200 968 Filium
2225 915 2429 987 quippe
2459 916 2528 970 ad
2553 915 2724 972 Deum
2752 925 2806 972 et
2827 917 3046 973 Patrem
3071 926 3158 973 est
3188 915 3587 973 accedendum.

2001 1003 2125 1060 Filii
2175 1021 2417 1077 namque
2441 1008 2757 1079 cognitione
2793 1017 2850 1064 et
2894 1009 3366 1079 contemplatione
3416 1006 3588 1062 etiam

2000 1095 2066 1150 ad
2116 1096 2296 1166 ipsum
2348 1096 2566 1154 Patrem
2617 1099 2786 1155 simili
2844 1099 3063 1156 ratione
3112 1100 3422 1155 veniemus.
3471 1097 3589 1154 Nec

2001 1189 2149 1244 enim
2185 1188 2433 1260 profecto
2469 1190 2835 1246 dubitandum
2878 1199 2994 1256 est,
3031 1191 3351 1262 quicunque
3383 1189 3588 1243 Filium

2011 1283 2323 1339 subsistere
2371 1283 2586 1351 credit,
2633 1294 2694 1340 ut
2740 1300 2871 1340 vere
2914 1283 3154 1350 Filium,
3200 1300 3267 1341 ex
3315 1283 3588 1355 genitoris

2002 1391 2198 1447 nempe
2227 1377 2540 1432 substantia
2563 1416 2580 1443 ,
2611 1377 2839 1433 omnino
2872 1379 3228 1449 cogniturum
3259 1383 3313 1432 et
3341 1379 3586 1431 Patrem.

2002 1465 2068 1520 Et
2098 1469 2212 1523 haec
2245 1469 2470 1539 quidem
2501 1468 2567 1524 de
2599 1469 2925 1540 simpliciori
2960 1485 3063 1526 nec
3091 1469 3365 1540 exquisita
3391 1472 3588 1540 cogni—

1999 1562 2148 1616 tione
2173 1562 2387 1618 dictum
2416 1577 2580 1633 putes
2607 1584 2620 1619 :
2655 1565 2801 1635 quod
2831 1565 2878 1620 si
2905 1567 3032 1638 quis
3066 1565 3328 1620 subtilem
3359 1579 3586 1620 sensum

2004 1651 2311 1721 inquirere,
2350 1660 2404 1707 et
2438 1669 2530 1708 res
2565 1655 2717 1724 ipsas
2752 1656 2993 1724 penitius
3023 1656 3268 1711 scrutari
3303 1655 3463 1720 velit,
3497 1654 3590 1708 Fi-

288 1739 393 1790 καὶ
413 1738 507 1792 διὰ
526 1738 744 1792 λεπτῶν
764 1738 1028 1812 ἔρχεσθαι
1056 1742 1366 1814 νοημάτων,
1388 1743 1464 1807 ὡς
1497 1745 1589 1798 καὶ
1617 1745 1704 1798 ἐπ’
1725 1745 1894 1817 αὐτὴν

2002 1743 2136 1798 lium
2166 1760 2296 1799 vere
2326 1745 2475 1815 loqui
2509 1761 2709 1802 rursus
2735 1748 3061 1817 comperiet.
3115 1747 3328 1801 Natura
3381 1747 3588 1818 quippe

287 1830 409 1884 τῶν
443 1833 792 1904 πραγμάτων
855 1835 1050 1888 ἐλάσαι
1105 1835 1206 1908 τὴν
1266 1834 1520 1906 βάσανον,
1568 1836 1902 1908 ἀληθεύοντα

295 1921 466 1976 πάλιν
530 1922 756 1994 εὑρήσει
815 1922 908 1977 τόν
958 1923 1110 1982 Υίόν.
1156 1924 1374 1996 Διανοίᾳ
1417 1924 1516 1995 μὲν
1558 1924 1666 1996 γὰρ
1710 1925 1898 1997 ἁπάσῃ

292 2014 585 2080 παντελῶς
635 2016 922 2090 ἀχώρητος
963 2019 992 2089 ἡ
1039 2006 1161 2072 θεία
1219 2017 1384 2088 φύσις
1411 2019 1551 2083 ἐστὶ,
1576 2021 1670 2072 καὶ
1695 2019 1749 2073 τί
1776 2019 1898 2074 κατ’

290 2108 491 2162 οὐσίαν
524 2110 552 2162 6
574 2107 688 2162 τῶν
715 2109 858 2163 ὅλων
907 2110 1297 2182 Γενεσιουργὸς
1348 2109 1554 2182 τολμᾷν
1575 2111 1711 2175 ὅλως
1744 2129 1901 2184 περι-

290 2197 658 2269 εργάζεσθαι,
715 2199 1150 2270 φρενοϐλαϐείας
1190 2200 1413 2273 ἀπάσης
1443 2201 1719 2269 ἀπόδειξιν
1762 2201 1896 2273 ἔχει.

289 2289 449 2361 Πλὴν
493 2288 612 2344 ἐστι
653 2306 774 2355 πως
804 2292 957 2362 ἡμᾶς
1005 2309 1150 2357 τινα,
1196 2293 1272 2356 ὡς
1307 2293 1366 2346 ἐν
1399 2295 1578 2358 σκιαῖς
1637 2294 1731 2348 καὶ
1758 2295 1898 2348 αἰνί-

290 2400 535 2453 γμασιν,
560 2382 914 2456 ἐρανίζεσθαι
968 2385 1196 2454 γνῶσιν,
1247 2387 1556 2457 κάτοπτρον
1608 2387 1800 2460 ὥσπερ
1841 2405 1896 2441 τι

287 2473 706 2546 παρατιθέντας
750 2473 830 2545 τῷ
881 2474 964 2529 νοτ
996 2475 1105 2530 τῶν
1135 2476 1367 2532 ἐνόντων
1402 2476 1896 2551 πλεονεκτημάτων

285 2568 357 2637 τῇ
380 2564 481 2619 τοῦ
511 2565 648 2620 Υἰοῦ
673 2566 835 2637 φύσει
885 2567 978 2622 τὸν
1012 2567 1335 2638 κατάλογον.
1377 2569 1469 2635 Ἐξ
1493 2563 1569 2625 ὧν
1586 2571 1696 2642 γάρ
1746 2573 1896 2626 ἐστιν

287 2657 483 2722 αὐτὸς,
518 2659 614 2712 καὶ
635 2657 696 2724 ἐξ
728 2653 805 2713 ὧν
839 2657 1098 2731 εἴργασαι
1127 2659 1243 2732 [τῃ.
1275 2661 1587 2735 εἴργασται]
1607 2663 1896 2734 γενόμενος

287 2749 616 2822 ἄνθρωπος,
672 2751 766 2805 καὶ
805 2752 914 2823 πρὸ
940 2753 1045 2824 τῆς
1085 2753 1576 2826 ἐνανθρωπήσεως,
1615 2756 1892 2825 ἀναλόγως

287 2843 357 2898 ἄν
382 2861 471 2906 τις
494 2843 590 2897 ἐπὶ
616 2844 718 2917 τὴν
744 2843 841 2898 τοῦ
865 2844 1119 2909 τεκόντος
1152 2845 1316 2900 αὐτὸν
1345 2847 1582 2919 Θεωρίαν
1609 2847 1752 2902 ἀνίοι
1783 2847 1894 2901 λοι-

289 2934 421 2988 πόν.
442 2934 590 3006 Ὅρα
601 2935 712 3006 γάρ
744 2951 837 3006 μοι
856 2934 956 3006 τὴν
978 2933 1208 2990 ἐνοῦσαν
1233 2935 1384 3007 αὐτῷ
1407 2935 1566 3001 δόξαν
1591 2953 1652 2990 τε
1683 2937 1780 2991 καὶ
1803 2935 1893 2991 δύ-

287 3042 484 3098 ναμιν’
510 3025 678 3096 βλέπε
691 3025 794 3097 τὴν
822 3027 910 3094 ἐφ’
927 3025 1133 3081 ἅπασιν
1156 3027 1600 3097 ἀπαραπόδιστον
1619 3027 1888 3093 ἐξουσίαν.

2001 1834 2183 1890 divina
2215 1837 2421 1892 nullius
2449 1838 2671 1908 ingenio
2696 1853 2928 1909 prorsus
2954 1839 3344 1909 comprehendi
3372 1846 3585 1909 potest,

1998 1934 2054 1983 et
2085 1928 2217 1997 quid
2248 1929 2556 1984 secundum
2595 1930 2976 1986 substantiam
3009 1932 3082 1986 sit
3115 1947 3301 1987 rerum
3337 1932 3587 1987 omnium

2000 2029 2196 2076 auctor
2225 2023 2468 2078 scrutari
2496 2024 2658 2092 plane
2687 2024 2926 2088 audere,
2955 2033 3218 2080 extrema:
3249 2027 3473 2095 signum
3501 2033 3588 2081 est

1999 2112 2310 2168 dementiae.
2331 2112 2723 2170 Verumtamen
2747 2116 3119 2186 cognitionem
3144 2119 3442 2187 quamdam
3464 2123 3588 2173 tan-

1997 2217 2161 2273 quam
2192 2204 2246 2258 in
2284 2206 2497 2260 umbris
2543 2214 2598 2262 et
2643 2207 2961 2278 aanigmatis
2995 2225 3328 2280 comparare
3381 2225 3588 2281 possu-

1999 2311 2158 2360 mus,
2195 2297 2482 2366 speculum
2514 2297 2687 2353 veluti
2724 2300 3005 2370 quoddam
3040 2303 3214 2357 menti
3243 2309 3587 2373 Opponentes

1997 2401 2091 2443 eas
2121 2404 2245 2458 quae
2277 2387 2402 2444 Filii
2438 2397 2654 2446 natura;
2689 2391 2918 2460 insunt,
2953 2395 3372 2464 praarOgativas.
3406 2393 3487 2448 Ex
3518 2409 3588 2449 eo

1998 2480 2145 2535 enim
2199 2481 2350 2552 quod
2404 2491 2490 2539 est
2539 2482 2692 2553 ipse,
2729 2492 2784 2540 et
2812 2500 2877 2540 ex
2915 2485 2986 2542 iis
3019 2502 3143 2557 quae
3179 2487 3299 2558 ipse
3324 2495 3586 2557 operatus

1995 2579 2119 2636 est,
2148 2581 2439 2646 postquam
2472 2573 2656 2632 iactus
2684 2575 2850 2632 homo
2881 2585 3002 2643 est,
3051 2589 3106 2634 et
3150 2589 3280 2635 ante
3324 2579 3588 2635 incarna-

1995 2665 2201 2720 tionem
2224 2707 2240 2732 ,
2267 2666 2333 2720 ad
2360 2667 2618 2720 notitiam
2642 2677 2694 2721 et
2716 2670 3242 2739 contemplationem
3286 2670 3469 2725 Patris
3503 2671 3584 2725 si-

1993 2756 2110 2811 mili
2171 2759 2384 2814 ratione
2431 2760 2651 2816 demum
2706 2761 3000 2818 ascendes.
3051 2758 3191 2817 Vide
3238 2761 3391 2816 enim
3424 2761 3580 2828 mihi,

1995 2863 2185 2918 quaso
2205 2889 2220 2914 ,
2255 2851 2487 2920 gloriam
2521 2853 2643 2922 ejus
2675 2868 2740 2908 ac
2777 2854 3034 2908 virtutem
3066 2871 3080 2906 :
3114 2853 3238 2908 vide
3267 2868 3582 2924 supremam

1993 2939 2050 2994 in
2084 2941 2341 2995 omnibus
2376 2941 2545 2998 rebus
2581 2951 2935 3012 potestatem.
2985 2943 3128 3009 Quid
3160 2943 3332 3008 enim,
3385 2941 3585 2997 amabo

1995 3039 2087 3098 te,
2142 3039 2256 3088 tam
2308 3049 2479 3104 supra
2534 3037 2847 3092 orationem
2896 3051 3116 3091 omnem
3169 3043 3252 3090 est
3301 3036 3580 3104 positum,

290 3119 360 3172 Τί
391 3119 533 3190 γάρ,
561 3119 686 3173 εἰπέ
719 3136 832 3189 μοι,
859 3119 958 3173 καὶ
984 3119 1094 3174 τῶν
1115 3119 1256 3191 ὑπὲρ
1279 3119 1438 3188 λόγον
1465 3121 1891 3194 οὐκ’ὲλευθέροις

1997 3126 2143 3196 quod
2191 3126 2370 3182 libero
2412 3136 2550 3182 nutu
2602 3127 2809 3183 iecisse
2859 3143 2967 3183 non
3010 3136 3304 3190 cernatur,
3357 3134 3413 3182 et
3455 3135 3585 3181 ante

289 3211 540 3283 νεύμασι
582 3210 940 3282 κατορθώσας
977 3213 1197 3284 ὁρᾶται,
1250 3213 1346 3267 καὶ
1390 3211 1496 3284 πρὸ
1537 3213 1760 3285 σαρκὸς,
1794 3214 1891 3268 καὶ

295 3303 444 3376 μετά
511 3303 754 3374 σαρκός;
819 3303 960 3358 Ἀλλ’
999 3305 1028 3358 6
1073 3303 1330 3368 τοσοῦτος
1381 3306 1517 3376 ἡμῖν
1585 3304 1652 3358 δι’
1714 3305 1893 3360 αὐτῶν

290 3395 490 3466 ὀφθεὶς
542 3395 910 3466 πραγμάτων,
951 3412 970 3448 ι
1014 3395 1174 3464 Ἐγὼ,
1205 3396 1362 3467 φησι,
1419 3397 1516 3450 καὶ
1544 3398 1572 3450 6
1616 3396 1806 3470 Πατὴρ
1835 3397 1894 3452 ἐν

285 3491 462 3560 ἐσμεν
483 3504 498 3520 ’
530 3490 560 3542 6
582 3488 847 3560 ἑωρακὼς
881 3489 1003 3561 ἐμὲ,
1037 3488 1253 3561 ἑώρακε
1277 3490 1370 3544 τὸν
1398 3489 1641 3562 Πατέρα.
1670 3509 1688 3541 ι
1729 3490 1892 3544 Ἰτέον

286 3579 389 3639 οὖν
408 3581 522 3655 ἄρα
553 3582 699 3638 κατὰ
725 3582 826 3654 τὴν
862 3583 960 3638 τοῦ
999 3582 1366 3656 προκειμένου
1402 3582 1633 3653 δύναμιν
1663 3583 1772 3638 ἀπὸ
1794 3583 1894 3654 τῆς

288 3675 511 3738 εἰκόνος
537 3673 632 3727 ἐπὶ
679 3673 742 3728 τὸ
792 3675 1127 3746 ἀρχέτυπον,
1155 3673 1250 3727 καὶ
1278 3673 1387 3728 ἀπὸ
1413 3673 1509 3727 τοῦ
1542 3674 1894 3746 χαρακτῆρος

291 3767 384 3820 ἐπ’
415 3766 629 3820 ἐκεῖνον
647 3765 712 3837 δὴ
734 3765 952 3829 πάντως
978 3759 1041 3819 οὗ
1067 3766 1165 3819 καὶ
1193 3765 1310 3818 ἐστι
1345 3765 1654 3837 χαρακτὴρ,
1687 3765 1784 3820 καὶ
1803 3767 1890 3832 οὺ,

290 3859 444 3914 κατά
463 3876 619 3922 τινας
652 3858 764 3913 τῶν
791 3858 1121 3930 ἐτεροδοξεῖν
1168 3857 1464 3925 εἰωθότων,
1502 3860 1762 3922 ἐπακτοῖς
1779 3876 1892 3912 τισι

288 3951 390 4005 καὶ
413 3951 532 4014 τοῖς
557 3948 758 4014 ἐξωθεν
795 3947 1074 4020 ἀξιώμασι
1116 3947 1552 4020 σχηματίζεσθαι
1592 3965 1774 4019 φαμεν
1799 3947 1891 4002 τὸν

289 4044 424 4098 Υἱὸν
447 4042 588 4116 πρὸς
605 4043 700 4098 τὸν
728 4043 971 4114 Πατέρα,
1005 4041 1148 4109 οὐδὲ,
1176 4041 1432 4113 καθάπερ
1455 4043 1570 4104 τοῖς
1600 4040 1892 4112 πλανωμέ-

286 4155 408 4201 νοις
442 4137 614 4202 δοκεῖ,
645 4135 811 4190 εἰκὼν
841 4133 979 4190 εἶναι
1003 4135 1223 4204 λέγεται
1240 4134 1336 4188 τοῦ
1358 4132 1494 4188 Θεοῦ
1529 4135 1624 4187 καὶ
1653 4133 1887 4204 Πατρδς,

289 4229 368 4294 ὡς
397 4229 545 4300 ἒχων
585 4226 752 4280 αὐτοῦ
775 4226 876 4299 τὴν
898 4226 1079 4293 δόξαν,
1123 4227 1225 4297 τὴν
1261 4224 1514 4297 δύναμιν,
1536 4226 1633 4298 τὴν
1673 4225 1886 4294 σοφίαν,

290 4320 518 4392 φύσεώς
542 4337 607 4389 γε
633 4319 742 4390 μὴν
777 4319 972 4388 ἐτέρας
999 4317 1285 4392 ὑπάρχων.
1312 4317 1499 4372 Ταῦτα
1521 4317 1630 4389 γάρ
1666 4316 1891 4371 ἐκείνων

286 4414 360 4468 τά
396 4412 721 4484 ληρὴματα,
749 4410 845 4464 καὶ
872 4412 906 4481 η
944 4410 1369 4482 κεκομψευμένη
1390 4408 1648 4482 φλυαρία,
1691 4408 1892 4481 μᾶλλον

1997 3231 2256 3282 carnem,
2309 3225 2365 3272 et
2412 3233 2536 3272 cum
2585 3219 2802 3273 carne?
2845 3220 2916 3273 At
2961 3220 3055 3288 qui
3097 3226 3313 3272 tantum
3355 3233 3418 3273 se
3458 3233 3585 3273 esse

1997 3309 2136 3380 ipsis
2183 3309 2447 3380 operibus
2496 3310 2687 3365 docuit
2726 3330 2737 3366 :
2778 3330 2796 3362 ι
2834 3310 2981 3380 Ego,
3032 3311 3246 3382 inquit,
3298 3317 3354 3366 et
3420 3309 3585 3365 Pater

2008 3417 2180 3456 unum
2211 3417 2407 3458 sumus
2438 3405 2504 3470 7';
2537 3404 2628 3473 qui
2659 3404 2810 3458 videt
2840 3420 2950 3471 me,
2981 3403 3132 3458 videt
3147 3412 3200 3457 et.
3219 3402 3438 3458 Patrem
3463 3404 3532 3458 ⁷³.
3556 3423 3577 3457 ι

1999 3492 2252 3549 Eundum
2285 3494 2496 3566 itaque,
2528 3496 2574 3550 si
2627 3495 2731 3549 loci
2779 3495 2946 3564 hujus
2987 3496 3096 3550 vim
3131 3502 3482 3565 spectemus,
3514 3496 3584 3549 ab

1993 3585 2234 3656 imagine
2261 3586 2329 3640 ad
2359 3587 2755 3658 archetypum,
2789 3593 2847 3642 et
2873 3601 2905 3640 a
2937 3585 3264 3641 charactere
3302 3585 3372 3639 ad
3423 3586 3582 3640 illum

1991 3679 2155 3750 cujus
2184 3687 2240 3735 et
2270 3687 2356 3736 est
2389 3680 2680 3736 character
2707 3698 2722 3746 ;
2761 3696 2941 3752 neque
2976 3687 3161 3734 tamen
3207 3695 3274 3734 ex
3307 3693 3582 3749 quorum-

1992 3773 2118 3828 dam
2148 3773 2534 3830 haareticorum
2563 3775 2846 3831 sententia
2876 3773 3196 3830 adventitiis
3217 3771 3504 3826 nonnullis
3526 3778 3582 3826 et

1992 3867 2342 3922 extrinsecus
2387 3865 2693 3936 assumptis
2727 3866 3094 3937 dignitatibus
3135 3863 3334 3918 Filium
3368 3863 3434 3916 ad
3477 3859 3584 3915 Pa-

1991 3964 2130 4010 trem
2145 3955 2486 4009 coul‘ormari
2505 3955 2766 4020 dicimus,
2794 3969 2992 4024 neque,
3017 3960 3077 4007 ut
3102 3953 3344 4008 haeretici
3365 3959 3580 4022 putant,

1991 4046 2172 4114 imago
2207 4043 2305 4099 Dei
2336 4060 2400 4098 ac
2419 4043 2604 4099 Patris
2639 4059 2764 4100 esse
2799 4044 3029 4111 dicitur,
3064 4053 3330 4112 tanquam
3357 4043 3448 4112 qui
3479 4041 3581 4096 ha-

1989 4135 2118 4189 beat
2146 4134 2271 4204 ejus
2305 4132 2540 4206 gloriam
2562 4174 2579 4200 ,
2612 4133 2875 4189 virtutem
2898 4172 2914 4196 ,
2957 4132 3325 4202 sapientiam,
3360 4133 3456 4186 sed
3497 4131 3584 4184 al-

1991 4226 2166 4281 terius
2198 4231 2383 4280 tamen
2412 4224 2487 4280 sit
2517 4232 2749 4279 naturae.
2790 4222 2886 4279 lla;
2928 4233 3062 4279 sunt
3109 4223 3256 4278 enim
3299 4223 3583 4294 elegantes

1990 4315 2216 4370 illorum
2263 4329 2463 4385 nugae,
2502 4315 2615 4370 imo
2661 4329 2794 4369 vero
2828 4313 3081 4382 impietas
3112 4311 3182 4366 ad
3225 4312 3584 4367 evertendam

1994 4408 2153 4479 77],
2201 4406 2735 4476 convellendamque
2776 4403 2901 4460 Filii
2944 4403 3584 4460 consubstantialitatem

287 4506 350 4560 δὲ
393 4503 733 4568 δυσσέϐεια,
793 4502 932 4574 πρὸς
1012 4503 1329 4575 ἀνατροπὴν
1396 4502 1749 4573 ἐπινοηθεῖσα
1797 4501 1891 4556 καὶ

1997 4499 2258 4564 inventa,
2315 4498 2464 4571 quod
2520 4513 2690 4553 unum
2740 4506 2827 4553 est
2873 4512 3066 4552 eorum
3117 4494 3350 4564 impium
3385 4502 3440 4549 et
3474 4493 3585 4550 Deo

291 4597 630 4668 καθαίρεσιν
657 4596 759 4668 τῆς
794 4594 1215 4664 ὁμοουσιότητος
1250 4593 1346 4648 τοῦ
1384 4593 1537 4661 Υίοῦ,
1559 4593 1778 4663 κατάγε
1797 4593 1890 4646 τὸν

292 4693 354 4746 ἐν
377 4691 570 4752 αὐτοῖς
589 4687 807 4742 ἀνόσιόν
831 4704 893 4740 τε
932 4686 1030 4741 καὶ
1053 4685 1327 4758 θεομάχον
1366 4687 1590 4742 σκοπόν.
1634 4687 1773 4740 Ἀλλ’
1815 4687 1894 4751 ὼς

295 4782 428 4846 Υἱὸς
466 4780 708 4851 ἀληθῶς,
746 4781 814 4834 ἐκ
860 4779 962 4850 τῆς
1013 4777 1110 4832 τοῦ
1153 4777 1290 4832 Θεοῦ
1327 4779 1423 4832 και
1459 4777 1674 4850 Πατρδς
1703 4764 1894 4844 οὐσίας

295 4874 638 4947 ἀπορρήτως
683 4873 782 4928 καὶ
853 4872 1234 4942 ἀπερινοήτως
1276 4871 1581 4943 γεννηθεὶς,
1605 4871 1894 4944 χαρακτήρ

296 4968 452 5020 ἐστιν
473 4964 664 5030 αὑτοῦ,
697 4965 793 5019 καὶ
851 4962 1037 5030 εἰκὼν,
1078 4964 1177 5018 καὶ
1221 4963 1587 5036 ἀπαύγασμα,
1629 4964 1814 5036 φέρων
1834 4965 1894 5018 ἐν

294 5058 481 5129 οἰκείᾳ
503 5056 665 5126 φύσει
691 5057 795 5128 τῆς
817 5055 913 5110 τοῦ
955 5056 1210 5120 τεκόντος
1227 5056 1392 5110 αὐτὸν
1412 5057 1604 5122 οὐσίας
1637 5056 1701 5110 τὸ
1739 5057 1892 5122 ἴδιον,

295 5154 396 5208 καὶ
423 5151 538 5206 τῶν
570 5149 818 5220 φυσικῶν
841 5148 1332 5219 πλεονεκτημάτων
1349 5149 1410 5202 τὸ
1436 5149 1652 5213 κάλλος.
1687 5148 1762 5203 Ού
1784 5148 1894 5219 γὰρ

296 5245 650 5315 ἀπόπληκτοι
706 5243 830 5298 κατ’
878 5243 1123 5308 ἐκείνους
1179 5241 1446 5312 ἐσόμεθα,
1476 5242 1572 5296 καὶ
1614 5243 1694 5305 είς
1737 5240 1897 5296 τοῦτο

295 5335 626 5400 δυσϐουλίας
648 5334 741 5389 τὸν
765 5335 964 5388 οἰκεῖον
983 5333 1374 5404 κατωθήσομεν
1395 5333 1541 5398 νοῦν,
1557 5333 1633 5398 ὡς
1653 5331 1734 5404 τῷ
1755 5332 1896 5387 κατά

299 5427 470 5498 φύσιν
494 5425 598 5479 οὐκ
631 5423 765 5478 ὄντα
785 5424 966 5494 λέγειν
995 5423 1116 5493 Θεῷ
1156 5423 1362 5493 ὅμοιον,
1393 5424 1530 5494 μήτε
1567 5424 1674 5496 μὴν
1707 5425 1774 5478 ὲκ
1797 5425 1899 5495 τῆς

297 5520 496 5582 οὐσίας
545 5517 880 5588 γεννηθέντα
937 5516 1034 5571 τοῦ
1079 5513 1217 5568 Θεοῦ
1282 5516 1379 5569 καὶ
1412 5517 1642 5588 Πατρός,
1672 5518 1772 5588 τὴν
1797 5516 1892 5571 τοῦ

298 5612 439 5667 Θεοῦ
470 5609 809 5682 χαρίσασθαι
826 5609 1006 5677 δόξαν,
1025 5608 1060 5679 ἢ
1079 5607 1176 5661 καὶ
1199 5607 1645 5678 φάναιδύνασθαί
1676 5625 1805 5664 ποτε
1834 5608 1896 5674 τὸ

371 5805 422 5837 ⁷⁸
473 5799 637 5858 Joan.
673 5814 730 5865 ι,
767 5797 858 5856 50.
938 5795 1167 5854 "Joan.
1216 5809 1330 5862 xrv,
1373 5794 1426 5851 9.

1995 4605 2314 4662 repugnans
2338 4591 2714 4662 propositum.
2749 4588 2858 4644 Sed
2887 4595 2948 4642 ut
2973 4600 3104 4642 vere
3136 4584 3346 4651 Filius,
3389 4601 3454 4640 ex
3485 4585 3582 4641 Dei

1997 4701 2064 4740 ac
2098 4683 2279 4740 Patris
2309 4683 2619 4741 substantia
2654 4680 2918 4737 ineffabili
2948 4687 3003 4736 et
3036 4678 3585 4749 incomprehensibili

2001 4777 2214 4833 ratione
2249 4776 2508 4848 genitus,
2543 4774 2836 4831 character
2868 4781 2955 4829 est
2984 4771 3144 4844 ejus,
3181 4778 3237 4828 et
3276 4772 3497 4843 imago,
3528 4781 3587 4828 et

2001 4867 2285 4941 splendor,
2319 4868 2713 4940 proprietatem
2748 4865 3082 4923 substantia
3111 4865 3235 4936 ejus
3267 4865 3362 4935 qui
3393 4865 3588 4936 genuit

2001 4961 2222 5032 ipsum,
2246 4969 2301 5016 et
2323 4959 2658 5015 naturalium
2689 4960 3178 5030 praerogativarum
3206 4957 3377 5013 decus
3405 4958 3462 5012 in
3486 4972 3588 5013 sua

2001 5052 2190 5109 ferens
2242 5059 2466 5107 natura.
2505 5050 2620 5106 Nec
2649 5051 2798 5105 enim
2833 5059 2896 5106 ut
2931 5049 3007 5105 illi
3029 5088 3046 5113 ,
3079 5056 3192 5102 tam
3228 5047 3439 5118 stupidi
3473 5048 3586 5102 eri-

2001 5159 2158 5208 mus,
2193 5150 2292 5198 aut
2333 5157 2400 5198 eo
2454 5141 2660 5197 luroris
2710 5142 3056 5207 delabamur,
3091 5147 3150 5194 ut
3179 5155 3304 5195 eum
3335 5139 3429 5209 qui
3474 5151 3586 5193 non

1999 5237 2203 5293 similis
2236 5236 2309 5293 sit
2338 5235 2453 5292 Deo
2482 5237 2787 5293 secundum
2821 5243 3100 5298 naturam,
3135 5233 3342 5304 quippe
3370 5245 3480 5285 non
3513 5231 3587 5286 sit

1997 5343 2067 5384 ex
2104 5327 2199 5384 Dei
2245 5344 2311 5384 ac
2355 5329 2542 5385 Patris
2593 5329 2915 5385 substantia
2959 5328 3217 5398 genitus,
3261 5323 3358 5378 Dei
3411 5323 3586 5393 gloria

2000 5420 2294 5492 praeditum
2332 5436 2460 5477 esse
2493 5421 2746 5478 dicamus
2769 5461 2786 5485 ,
2821 5428 2918 5474 aut
2949 5433 3077 5474 eum
3107 5417 3202 5486 qui
3246 5413 3430 5468 factus
3471 5413 3584 5476 sit,

2001 5525 2057 5572 et
2085 5531 2116 5571 e
2150 5514 2333 5570 nihilo
2361 5513 2429 5568 ad
2462 5528 2588 5570 esse
2612 5513 2957 5584 productus,
2990 5509 3236 5563 divinam
3281 5505 3338 5560 in
3376 5519 3438 5560 se
3470 5505 3587 5560 vir-

2003 5615 2178 5664 tutem
2212 5613 2268 5662 et
2299 5606 2633 5678 sapientiam
2666 5603 2833 5661 simili
2871 5616 2967 5674 per
2997 5597 3184 5656 omnia
3217 5597 3382 5674 modo
3410 5596 3587 5653 habe-
