4006 6420
489 324 591 379 195

1489 320 1548 376 S.
1573 318 1851 376 εἵιιιιιι
1884 317 2357 374 ΑιΕχΑΝῡιιιΝι
2383 318 2705 376 ARCHIEP.

3661 330 3758 387 196

491 450 570 498 re,
609 432 890 505 talemque
917 449 1077 500 esse,
1114 436 1301 508 qualis
1332 436 1524 493 divina
1554 446 1611 493 et
1638 436 1935 495 inetl‘abilis
1975 435 2071 492 Dci

2183 437 2559 510 πεποιημένον
2586 438 2745 501 ὅλως,
2774 436 2872 492 καὶ⁵
2912 436 2975 492 τὸ
3006 437 3065 505 ἐξ
3094 438 3199 492 οὐκ
3229 439 3402 494 όντων
3436 443 3516 504 είς
3542 442 3603 496 τὸ
3627 439 3763 501 εἷναι

486 523 672 581 Patris
702 535 900 582 natura
933 538 1257 585 censeatur.
1293 528 1435 596 Quid
1464 530 1611 585 enim
1642 536 1959 585 creaturam
1996 528 2080 582 ul-

486 617 574 665 tra
604 612 675 667 ab
704 615 898 684 opifice
926 616 1329 689 distingueret,
1361 626 1457 673 aut
1491 619 1623 689 quid
1657 634 1920 690 separare
1951 632 2079 689 pos-

489 710 579 758 set.
637 705 932 764 identitate
979 711 1306 765 substantiae
1355 720 1669 766 creaturam
1718 712 1789 766 ab
1836 710 2081 781 opifice?

487 793 627 850 Nam
662 796 710 852 si
750 798 986 869 gloriam
1019 814 1085 854 ac
1112 800 1407 865 virtutem,
1446 788 1696 872 'ejusque
1748 800 2079 871 sapientiam

486 889 683 946 eodem
716 892 946 948 omnino
979 895 1144 948 modo
1174 910 1286 964 quo
1337 893 1483 951 Deus
1539 910 1605 950 ac
1663 894 1829 950 Pater
1882 894 2078 959 habet,

486 984 625 1054 quid
667 986 850 1055 majus
880 988 952 1042 sit
981 987 1035 1041 in
1066 986 1267 1054 Patre,
1303 997 1400 1044 aut
1432 990 1569 1061 quid
1616 990 1741 1062 plus
1782 990 2081 1047 habiturus

486 1072 651 1148 quam
684 1093 789 1135 nos
838 1087 934 1135 aut
964 1087 1222 1137 creatura
1247 1122 1262 1147 ,
1300 1098 1401 1154 ego
1429 1082 1660 1154 quidem
1696 1083 1887 1139 dicere
1918 1098 2077 1152 pror-

486 1186 584 1225 sus
617 1186 834 1241 nequeo
857 1211 872 1237 ,
900 1172 996 1228 sed
1028 1174 1118 1229 hic
1152 1175 1404 1233 hazsuros
1436 1177 1605 1231 etiam
1635 1176 1765 1231 illos
1795 1176 2077 1246 suspicor.

484 1264 833 1334 Quapropter
865 1280 979 1320 non
1011 1268 1265 1324 externis
1303 1267 1685 1340 dignitatibus
1712 1267 1887 1324 Filius
1918 1268 2081 1323 nobis

484 1356 551 1408 ad
587 1354 776 1412 Patris
820 1360 1202 1429 aequalitatem
1238 1360 1538 1427 formatur,
1590 1376 1774 1431 neque
1826 1361 1977 1416 velut
2024 1360 2081 1415 in

484 1449 672 1504 tabula
704 1453 964 1522 quapiam
996 1455 1145 1524 regis
1174 1456 1414 1525 speciem
1445 1470 1509 1511 ac
1543 1455 1779 1511 formam
1814 1455 2082 1510 mentitur

483 1544 603 1597 sola
640 1545 890 1599 colorum
921 1548 1193 1603 varietate
1230 1548 1528 1620 depictus,
1565 1549 1664 1605 sed
1704 1552 1999 1604 character
2026 1554 2082 1603 et

483 1634 669 1707 imago
698 1652 889 1692 revera
921 1640 1192 1710 genitoris
1222 1649 1326 1707 est,
1357 1642 1410 1695 in
1442 1642 1686 1712 propriis
1710 1656 1775 1696 ac
1810 1642 2081 1696 naturali-

481 1726 588 1783 bus
605 1728 765 1785 bonis
794 1729 975 1786 Patris
994 1739 1251 1787 naturam
1285 1733 1672 1790 manifestans.
1703 1734 1913 1790 Idcirco
1932 1735 2078 1789 enim

2182 530 2539 602 παρενεχθὲν,
2601 530 2702 601 τὴν
2754 530 2905 585 θείαν
2953 532 3394 603 ἀπαραλλάκτως
3430 534 3657 606 φορέσαι
3685 536 3764 592 δύ-

2181 639 2369 696 ναμιν,
2406 624 2502 678 καὶ
2529 625 2739 693 σοφίαν,
2771 624 2915 695 ἔχειν
2937 623 2994 678 δὲ
3022 623 3197 688 οὕτως
3216 626 3293 689 ὡς
3321 625 3389 680 ἂν
3416 629 3587 680 νοοῖτο
3610 627 3764 699 τυχὸν

2180 719 2214 789 ἠ
2250 716 2372 772 θεία
2430 734 2494 770 τε
2543 717 2637 770 καὶ
2682 717 2921 789 ἀρῤητος
2952 716 3049 770 τοῦ
3074 717 3210 772 Θεοῦ
3248 718 3467 790 Πατρὸς
3496 719 3676 788 φύσις.
3702 723 3765 776 Τί

2181 810 2291 883 γὰρ
2319 810 2385 865 ἀν
2414 809 2500 880 εῐη
2530 809 2593 862 τὸ
2621 809 2999 881 παραλλάττον
3026 808 3107 864 ἔτι
3143 811 3371 881 ποιητοῦ
3408 813 3504 865 καὶ
3527 814 3763 885 ποιήμα-

2180 919 2304 968 cog;
2330 902 2365 973 ἢ
2395 902 2449 956 τί
2475 903 2537 955 τὸ
2566 900 2900 972 μεσολαόοῦν
2929 902 3025 955 καὶ
3052 902 3307 972 διακόψαι
3340 904 3639 975 δυνάμενον
3670 906 3765 976 τῆς

2181 994 2512 1065 ταυτότητος
2540 994 2641 1065 τῆς
2666 996 2725 1047 ἐν
2763 992 2925 1065 οὒσίᾳ
2950 994 3115 1064 φημὶ,
3144 993 3208 1047 τὸ
3250 995 3477 1064 γεγονὸς
3522 994 3618 1049 τοῦ
3648 997 3765 1051 κτί-

2184 1103 2379 1151 σαντος
2403 1103 2419 1153 ;
2450 1086 2516 1139 Et
2542 1085 2653 1157 γὰρ
2706 1084 2844 1150 ὅλως
2872 1084 2985 1156 ἔχει
3004 1085 3105 1155 τήν
3137 1102 3197 1139 τε
3248 1085 3409 1150 δόξαν
3436 1086 3529 1140 καὶ⁵
3552 1086 3651 1157 τὴν
3681 1086 3768 1141 δύ-

2182 1196 2373 1250 ναμιν,
2403 1178 2498 1232 καὶ
2515 1177 2614 1248 τὴν
2666 1178 2859 1246 σοφίαν
2886 1176 3075 1245 αὑτοῦ,
3115 1178 3258 1232 κατὰ
3292 1177 3384 1231 τὸν
3423 1179 3537 1233 ῐσον
3569 1179 3769 1250 τρόπον

2181 1272 2261 1343 τῷ
2288 1272 2410 1342 Θεῷ
2463 1272 2557 1325 καὶ
2610 1264 2807 1342 Πατέρὶ,
2840 1270 2895 1323 τί
2924 1271 2986 1324 τὸ
3032 1271 3217 1342 μεῖζον
3254 1272 3313 1325 ἐν
3338 1271 3509 1342 αὐτῷ,
3544 1273 3596 1325 τί
3624 1273 3683 1326 δὲ
3711 1272 3771 1325 τὸ

2183 1364 2346 1417 πλέον
2375 1364 2487 1428 ἐξει
2527 1364 2657 1434 παρ’
2700 1362 2869 1432 ἡμᾶς,
2904 1362 3023 1432 ήτοι
3071 1362 3171 1432 τὴν
3194 1361 3395 1426 κτίσιν,
3421 1362 3532 1431 ἐγὼ
3568 1363 3668 1433 μὲν
3694 1364 3770 1416 εἰ·

2184 1456 2307 1507 πεῖν
2327 1454 2429 1507 οὐκ
2457 1452 2525 1507 ἂν
2562 1451 2745 1523 ἔχοιμι
2765 1451 3068 1515 παντελῶς,
3098 1453 3402 1523 ἀπορήσειν
3440 1452 3497 1505 δὲ
3525 1452 3771 1523 ὑπολαμ-

2185 1544 2335 1599 ϐάνω
2365 1544 2678 1607 κάκείνους.
2704 1540 2917 1595 Οὐκοῦν
2947 1543 3009 1596 οὐ
3042 1544 3155 1607 τοῖς
3184 1542 3385 1608 ἔξωθεν
3415 1542 3726 1613 ἀξιώμασιν
3744 1545 3771 1597 6

2186 1638 2313 1701 Υἱὸς
2340 1638 2472 1709 ἡμῖν
2505 1639 2585 1701 εἰς
2602 1636 2699 1707 τὴν
2719 1636 2815 1689 τοῦ
2851 1635 3068 1707 Πατρὸς
3099 1636 3320 1706 ἰσότητα
3353 1632 3770 1705 σχηματίζεται,

2186 1731 2282 1784 καὶ
2317 1732 2381 1784 οὐ
2428 1728 2677 1798 καθάπερ
2723 1745 2808 1793 τις
2835 1729 2893 1781 ἐν
2926 1727 3155 1790 πίνακος
3175 1729 3386 1799 γραφῇ,
3429 1727 3619 1798 μόναις
3641 1729 3774 1798 ἡμῖν

481 1820 601 1875 fieri
632 1836 743 1876 non
778 1838 942 1893 posse
988 1824 1068 1879 ait
1128 1833 1189 1879 ut
1222 1826 1447 1896 quidam
1483 1836 1793 1899 agnoscant
1826 1826 2071 1893 Patrem,

2184 1825 2307 1887 ταῖς
2342 1822 2451 1876 τῶν
2480 1821 2793 1893 χρωμάτων
2829 1819 2994 1884 ἰδέαις
3025 1820 3532 1886 καταποικίλλεται,
3552 1820 3652 1892 τὴν
3681 1820 3773 1875 τοῦ

481 1908 577 1974 qui
625 1925 717 1976 se,
762 1911 817 1965 id
850 1920 936 1967 est
970 1911 1191 1979 Filium,
1227 1930 1336 1970 non
1374 1924 1500 1972 ante
1528 1918 1908 1988 cognoverint.

2196 1912 2460 1985 βασιλέως
2502 1910 2871 1982 πλαττόμενός
2921 1927 2983 1964 τε
3035 1911 3133 1964 καὶ
3170 1910 3499 1980 ψευδόμενος
3535 1908 3773 1979 μορφὴν,

481 2002 602 2055 ἀλλ’
632 2002 751 2057 ἔστι
803 2005 1094 2077 χαρακτὴρ
1122 2006 1218 2060 καὶ
1254 2007 1422 2061 εἰκὼν
1453 2008 1674 2080 ἀληθῶς
1739 2010 1835 2064 τοῦ
1902 2008 2154 2072 τεκόντος
2192 2007 2374 2072 αὑτὸν,
2414 2006 2474 2059 ἐν
2501 2005 2652 2070 ἰδίοις
2669 2006 2766 2059 καὶ
2795 2002 3279 2075 φυσικοῖςάγαθοῖς
3310 2000 3408 2072 τὴν
3433 2000 3526 2055 τοῦ
3562 2001 3773 2071 Πατρὸς

481 2097 647 2166 φύσιν
703 2096 922 2167 ἐμφανῆ
980 2097 1270 2163 καθιστάς.
1324 2100 1424 2153 Διά
1465 2100 1627 2155 τοῦτο
1656 2101 1766 2173 γάρ
1791 2101 2076 2172 ἀμήχανον
2111 2094 2253 2155 εἷναί
2284 2114 2450 2171 φησιν
2469 2097 2771 2167 ἐπιγνῶναι
2808 2114 2917 2151 τισι
2955 2096 3049 2151 τὸν
3086 2094 3329 2167 Πατέρα,
3401 2094 3525 2165 οὐχὶ
3583 2094 3774 2166 πράτερ

482 2204 577 2259 ρον
604 2187 974 2257 ἐπεγνωκόσιν
1001 2189 1186 2256 αὑτὸν,
1214 2190 1358 2245 τοῦτ’
1384 2192 1521 2259 ἔστι,
1553 2195 1647 2247 τὸν
1680 2194 1827 2248 Υίόν.

551 2278 693 2346 XIV,
728 2280 782 2336 l.
819 2278 892 2336 Et
944 2283 1138 2338 amodo
1184 2285 1505 2356 cognoscitis
1566 2301 1711 2353 eum,
1766 2294 1817 2341 et
1857 2285 2071 2341 vidistis

480 2388 624 2427 eum.

553 2461 748 2535 Operae
778 2464 1018 2535 pretium
1052 2475 1140 2523 est
1191 2466 1359 2537 hujus
1393 2482 1615 2539 quoque
1671 2468 1949 2524 sermonis
1983 2481 2076 2522 or-

481 2553 666 2610 dinem
699 2566 753 2612 et
782 2556 1125 2613 ineffabilem
1180 2558 1609 2631 dispositionem
1666 2560 1876 2615 mirari.
1910 2559 2074 2616 Post-

479 2666 647 2721 quam
699 2652 849 2707 enim
882 2652 1063 2707 dixit:
1114 2670 1135 2705 ι
1179 2652 1237 2707 Si
1285 2653 1693 2722 cognovissctis
1744 2669 1852 2718 me,
1889 2662 1942 2709 et
1968 2653 2072 2708 Pa-

2244 2278 2375 2345 Kal,
2418 2277 2643 2349 ἁπάρτι
2706 2277 3035 2349 γινώσκετε
3075 2279 3284 2348 αὐτὸν,
3326 2278 3429 2335 καί
3474 2280 3772 2349 ἑωράκατε

2172 2372 2385 2426 αὐτόν.

2246 2462 2437 2531 Ἀειον
2467 2457 2619 2534 οἴμαι
2648 2461 2953 2533 θαυμάσαι,
3008 2463 3105 2517 καὶ
3158 2461 3269 2535 [ῖσ.
3305 2464 3433 2537 κάν]
3468 2464 3643 2537 τούτῳ
3677 2466 3777 2539 τὴν

2172 2554 2401 2611 ἐνοῦσαν
2421 2555 2501 2626 τῷ
2551 2555 2696 2627 λόγῳ
2737 2556 3057 2627 διασκευὴν,
3083 2556 3179 2609 καὶ
3224 2557 3538 2629 ἀπόρρητον
3568 2560 3779 2612 οίκονο-

2182 2650 2332 2722 μίαν.
2367 2646 2624 2721 Εἰρηκὼς
2647 2649 2777 2719 γὰρ,
2805 2650 2888 2704 ὅτι
2926 2668 2945 2701 ι
2987 2650 3050 2704 El
3099 2648 3395 2719 ἐγνώκειτέ
3430 2668 3521 2721 με,
3562 2651 3659 2705 καὶ
3688 2653 3780 2706 τὸν

479 2751 620 2798 trem
660 2759 843 2799 meum
900 2745 1093 2815 utique
1141 2746 1570 2817 cognovissetis,
1625 2764 1644 2798 ι
1701 2761 1828 2800 cum
1883 2761 2069 2800 rerum

2179 2741 2402 2813 Πατέρα
2465 2741 2531 2795 ἂν
2580 2741 2786 2814 ᾔδειτε,
2831 2759 2850 2793 ι
2896 2742 2991 2795 καὶ
3024 2743 3307 2813 νομισθεὶς
3354 2743 3610 2813 ἐγκαλεῖν
3661 2747 3779 2810 τοῖς

479 2843 590 2889 tam
624 2837 1067 2892 necessariarum
1112 2836 1487 2908 ignorantiam
1521 2838 1862 2908 exprobrare
1911 2837 2071 2893 disci-

2182 2832 2454 2903 μαθηταῖς
2486 2831 2595 2885 τῶν
2627 2830 2804 2897 οὕτως
2842 2832 3162 2902 ἀναγκαίων
3210 2834 3307 2905 τὴν
3336 2835 3582 2904 ἄγνοιαν,
3619 2838 3779 2892 τεθε-

478 2926 626 2997 pulis
658 2925 1003 2990 crederetur,
1045 2927 1353 2983 remedium
1386 2928 1574 2983 statim
1613 2928 1800 2982 attulit
1831 2926 2066 2983 dicens:

2184 2925 2459 2996 ράπευκεν
2507 2922 2712 2987 εὐθύςο
2769 2944 2788 2976 ι
2839 2924 3098 2996 Ἀπάρτι,
3158 2924 3302 2994 λέγω
3357 2925 3471 2999 [γρ.
3530 2926 3777 3002 λέγων],

484 3038 503 3071 ι
542 3020 759 3074 Amodo
786 3019 1128 3091 cognoscitis
1155 3036 1304 3085 eum,
1338 3030 1392 3075 et
1431 3020 1653 3076 vidistis
1676 3036 1825 3076 eum.
1866 3038 1885 3073 ι
1929 3020 2067 3074 Nam

2178 3017 2476 3087 γινώσκετε
2508 3016 2692 3080 αὐτὸν,
2714 3016 2809 3070 καὶ
2837 3016 3121 3087 ἑωράκατε
3146 3017 3328 3073 αὐτόν.
3345 3038 3363 3071 ι
3411 3020 3637 3092 Ἐπειδὴ
3667 3022 3779 3094 γὰρ

477 3111 610 3181 quia
669 3109 1047 3166 Ecclesiarnm
1116 3127 1215 3182 per
1264 3113 1587 3168 universum
1646 3113 1836 3168 orbem
1896 3113 2069 3167 futuri

2179 3107 2436 3178 έμελλλον
2462 3107 2573 3161 τῶν
2596 3106 2941 3176 ἁπανταχόσε
2970 3106 3242 3176 κειμένων
3270 3107 3607 3178 Ἐκκλησιῶν
3636 3111 3776 3177 ἡγεο

476 3208 637 3258 erant
664 3202 968 3272 pmpositi,
1003 3217 1131 3258 cum
1160 3201 1228 3257 ab
1250 3216 1318 3257 eo
1348 3202 1642 3259 audissent
1670 3202 1805 3257 illud
1833 3221 1847 3258 :
1874 3220 1895 3255 ‹
1924 3202 2071 3256 Eun-

2181 3199 2341 3270 μόνες
2367 3198 2608 3263 ἔσεσθαι,
2631 3198 2764 3269 παρ’
2800 3196 2967 3251 αὐτοῦ
2997 3193 3090 3250 τοῦ
3119 3197 3373 3269 Σωτῆρος
3401 3199 3766 3266 ἀκούσαντες,

478 3298 563 3347 tes
594 3290 789 3347 docete
820 3306 1016 3349 omnes
1037 3300 1229 3363 gentes
1253 3292 1357 3357 “,i
1390 3293 1556 3358 hanc,
1593 3295 1817 3364 opinor,
1847 3293 2075 3364 potissi-

479 3400 630 3439 mum
658 3385 730 3440 ob
778 3398 1032 3452 causam,
1070 3400 1199 3440 cum
1234 3385 1446 3441 utiliter
1474 3386 1638 3456 772
1696 3386 1858 3457 prius
1886 3394 2075 3442 osten-

476 3478 676 3540 disset,
702 3490 765 3530 ac
801 3476 1117 3546 generalem
1141 3476 1211 3531 de
1236 3477 1499 3532 omnibus
1522 3476 1936 3546 quodammodo
1963 3492 2077 3532 ser-

480 3582 699 3623 monem
725 3566 973 3632 fecisset,
1003 3582 1203 3639 nempe
1226 3568 1374 3639 quod
1406 3568 1455 3624 si
1477 3568 1605 3639 quis
1633 3577 1825 3623 nosset
1849 3567 2070 3635 Filium,

476 3663 532 3710 et
552 3672 677 3711 eum
711 3658 903 3727 utique
929 3672 997 3713 ex
1032 3672 1146 3729 quo
1180 3665 1267 3716 est
1299 3657 1519 3713 Patrem
1550 3672 1618 3712 ac
1653 3657 1825 3713 Deum
1856 3660 2075 3732 agnitu-

477 3763 576 3804 rus
604 3749 700 3817 sit,
735 3751 854 3807 suis
887 3750 1178 3821 discipulis
1239 3750 1615 3820 cognitionem
1662 3751 1879 3817 tribuit,
1918 3751 2072 3806 utili-

478 3852 564 3899 ter
594 3844 841 3915 quidem,
893 3859 1002 3899 non
1040 3842 1111 3898 ad
1163 3843 1442 3915 gratiam:
1498 3857 1603 3898 nec
1656 3843 1805 3898 enim
1863 3844 2071 3915 aliquid

479 3930 606 3988 falsi
668 3948 905 4003 usquam
965 3932 1210 3998 dixerit;
1250 3930 1346 3986 sed
1403 3938 1463 3985 ut
1500 3930 1597 4001 qui
1650 3932 1831 3987 sciant
1886 3934 2073 4004 reipsa

478 4034 645 4095 atque
665 4033 1031 4094 cognoscant.
1064 4024 1196 4079 lllos
1219 4024 1370 4080 enim
1405 4023 1571 4079 etiam
1617 4024 1929 4081 credidisse
1963 4025 2071 4081 Do-

476 4118 690 4171 minum
721 4133 848 4173 vere
877 4133 1002 4173 esse
1042 4117 1140 4173 Dei
1167 4116 1393 4182 Filium,
1454 4133 1801 4188 nequaquam
1834 4119 2068 4175 dubium

475 4221 563 4270 cst
582 4220 745 4269 recte
776 4210 1171 4267 sentientibus.
1207 4208 1428 4280 Alioqui
1453 4210 1735 4281 quomodo
1762 4210 2069 4266 Nathanael

477 4308 572 4362 ille
620 4305 871 4361 Israelita
916 4302 1084 4359 simul
1125 4316 1192 4357 ac
1247 4302 1533 4359 audisset:
1571 4320 1590 4355 ι
1651 4302 1982 4374 Priusquam
2015 4312 2070 4360 te

475 4398 767 4469 Philippus
798 4402 1047 4461 vocaret,
1070 4409 1196 4451 cum
1219 4409 1374 4451 esses
1406 4396 1511 4451 sub
1536 4396 1668 4461 ficu,
1700 4397 1811 4452 vidi
1844 4403 1933 4464 te;
1967 4416 1985 4449 ι
2007 4396 2069 4451 fi-

474 4488 560 4545 dei
601 4485 1011 4543 confessionem
1066 4482 1255 4539 statim
1292 4482 1503 4551 intulit,
1536 4482 1772 4540 dicens:
1812 4500 1831 4535 ι
1866 4481 2064 4547 Rabbi,

474 4592 533 4638 tu
567 4596 629 4638 es
673 4578 851 4635 Filius
895 4577 1015 4644 Dei,
1063 4584 1121 4631 tu
1159 4590 1222 4632 es
1251 4591 1348 4632 rex
1377 4577 1641 4634 Israel".
1700 4594 1720 4630 ι
1752 4574 2066 4642 Quinetiam

473 4671 716 4728 mirabili
744 4683 799 4727 et
817 4670 1088 4725 inusitata
1114 4668 1331 4724 ratione
1362 4668 1501 4723 mari
1530 4674 1750 4739 pacato,
1782 4663 2065 4737 quomodo

475 4781 605 4822 cum
659 4764 968 4819 adorabant
1001 4762 1097 4833 qui
1150 4763 1207 4817 in
1260 4762 1471 4833 scapha
1529 4767 1715 4825 erant,
1764 4756 2061 4814 dicentes:

480 4871 500 4904 ι
542 4851 688 4908 Vere
727 4850 903 4909 Filius
954 4851 1051 4907 Dei
1097 4867 1158 4908 es
1180 4852 1251 4907 ⁷⁸.
1302 4871 1321 4904 ι
1376 4851 1461 4906 An
1512 4866 1646 4922 ergo
1689 4846 2063 4920 ignorantium

475 4944 660 5015 ipsum
691 4959 816 5000 esse
854 4944 1046 5011 Deum,
1077 4952 1133 4999 et
1165 4959 1232 4999 ex
1283 4942 1395 4998 Deo
1422 4941 1584 4998 Patre
1615 4941 1860 5013 genitum
1917 4938 2066 4995 hunc

476 5051 789 5093 sermonem
821 5037 1120 5108 quisquam
1156 5051 1284 5093 esse
1314 5035 1505 5090 dicet?
1535 5034 1605 5089 At
1642 5031 1921 5105 quomodo
1950 5046 2060 5088 non

468 5132 708 5187 insanus
743 5132 837 5188 ille
876 5129 1321 5203 deprehendetur
1342 5129 1367 5181 ἲ
1405 5126 1513 5194 Qui
1548 5127 1701 5182 circa
1737 5134 1923 5198 partes
1943 5126 2063 5183 Cte-

476 5238 651 5279 sarezc
687 5221 931 5295 Philippi
982 5220 1305 5292 interrogati
1355 5227 1487 5276 sunt
1531 5218 1604 5274 ab
1642 5219 1763 5289 ipso
1798 5216 2059 5273 Christo:

482 5332 503 5366 ι
535 5314 710 5382 Quem
739 5316 933 5370 dicunt
976 5315 1232 5369 homines
1260 5326 1386 5367 esse
1415 5308 1617 5365 Filium
1654 5309 1894 5365 hominis
1910 5310 1979 5375 ⁷⁷,
2036 5327 2058 5363 ι

477 5409 728 5478 nunquid
796 5407 1039 5478 primum
1108 5404 1333 5475 quidem
1394 5403 1633 5458 aliorum
1706 5404 2061 5472 conjecturas

480 5498 855 5568 proferebant?
904 5497 1012 5551 Alii
1052 5498 1235 5562 enim,
1268 5497 1548 5566 inquiunt,
1586 5496 1762 5551 Ellam
1809 5510 1933 5552 esse
1961 5511 2062 5566 pu-

472 5597 623 5657 tant,
649 5591 739 5645 alii
764 5589 1079 5657 Jeremiam,
1113 5599 1208 5644 aut
1235 5604 1405 5644 unum
1442 5605 1511 5645 ex
1542 5588 1849 5661 prophetis.
1882 5588 2061 5656 Quem

2177 3292 2261 3355 τὸ,
2306 3309 2325 3342 ι
2362 3289 2731 3362 Πορευθέντες
2782 3288 3168 3361 μαθητεύσατε
3223 3290 3403 3343 πάντα
3433 3290 3503 3344 τὰ
3554 3290 3714 3363 ἐθνη,
3755 3312 3774 3345 ι

2173 3382 2264 3437 διὰ
2291 3383 2520 3452 ταύτην,
2540 3382 2617 3445 ὡς
2659 3374 2895 3452 ἐγῷμαι,
2926 3379 3165 3453 μάλιστα
3188 3381 3287 3452 τὴν
3317 3381 3496 3435 αἰτίαν
3524 3399 3781 3455 προαπο-

2172 3474 2356 3539 δείξας
2408 3473 2719 3545 χρησίμως,
2773 3474 2871 3526 καὶ
2917 3472 3098 3527 κοινὸν
3155 3470 3347 3544 ὥσπερ
3390 3474 3473 3537 είς
3525 3472 3783 3538 ἃπαντας

2174 3566 2543 3638 ποιησάμενος
2573 3566 2752 3634 λόγον,
2791 3566 2867 3630 ὡς
2899 3567 3051 3630 εἴτις
3078 3567 3245 3637 εἰδείη
3263 3566 3356 3619 τὸν
3387 3567 3533 3635 Υίὸν,
3564 3567 3776 3621 εἵσεται

2170 3659 2344 3732 δήπου
2374 3659 2598 3723 πάντως
2657 3659 2753 3713 καὶ
2791 3660 2883 3714 τὸν
2929 3660 2992 3726 ἐξ
3034 3654 3207 3732 οὗπερ
3257 3661 3377 3715 ἐστὶ
3424 3662 3650 3733 Πατέρα
3683 3663 3783 3716 καὶ

2171 3753 2326 3818 Θεὸν,
2357 3755 2728 3826 ἐπιμαρτυρεῖ
2787 3754 3079 3826 χρησίμως
3109 3757 3220 3820 τοῖς
3265 3756 3464 3811 ἑαυτοῦ
3499 3754 3781 3827 μαθηταῖς

2170 3845 2271 3916 τὴν
2291 3844 2592 3912 ἐπίγνωσιν
2615 3844 2678 3897 οὐ
2706 3843 3121 3915 κεχαρισμένως
3145 3861 3158 3877 ·
3185 3844 3247 3897 οὐ
3278 3845 3387 3917 γάρ
3420 3844 3486 3899 ἀν
3509 3844 3781 3915 φθέγξαι-

2169 3936 2233 3990 τό
2273 3952 2329 3989 τι
2380 3935 2491 3989 τῶν
2529 3934 2631 3989 οὐκ
2673 3935 2927 4007 ἀληθῶν·
2975 3935 3093 3989 ἀλλ’
3140 3935 3310 4001 ὅντως
3353 3938 3521 3992 εἰδόσι
3566 3954 3627 3990 τε
3676 3939 3780 3992 καὶ

2170 4027 2564 4098 ἐπεγνωκόσιν.
2597 4028 2722 4081 Ὀτι
2764 4026 2875 4098 γὰρ
2905 4026 3036 4080 Υίὸν
3079 4027 3297 4100 ἀληθῶς
3344 4026 3485 4083 εἶναι
3510 4027 3606 4082 τοῦ
3628 4028 3777 4082 Θεοῦ

2169 4122 2263 4175 τὸν
2320 4121 2548 4194 Κύριον,
2603 4120 2700 4175 καὶ
2755 4119 3241 4187 πεπιστεύκεισαν,
3298 4121 3599 4192 οὐδαμόθεν
3647 4122 3778 4176 ἐστὶ

2169 4216 2283 4279 τοῖς
2318 4209 2377 4268 εὖ
2415 4212 2704 4285 φρονοῦσιν
2738 4211 3063 4284 ἀμφίϐολον.
3112 4214 3268 4268 Ἐπεὶ
3303 4215 3447 4268 κατά
3481 4214 3606 4267 τίνα
3642 4215 3778 4286 τρό-

2169 4323 2272 4361 πον
2295 4305 2590 4376 Ναθαναὴλ
2625 4306 2655 4357 6
2699 4304 3042 4377 Ἰσραηλίτης
3074 4304 3319 4370 ἀκούσας
3342 4321 3355 4336 ⁶
3389 4323 3409 4358 ι
3444 4306 3560 4376 Πρὸ
3579 4305 3681 4360 τοῦ
3710 4322 3775 4361 σε

2166 4398 2441 4452 Φίλιππον
2464 4396 2716 4460 καλέσαι,
2774 4396 2906 4449 ὄντα
2946 4396 3054 4450 ὑπὸ
3081 4397 3182 4469 τὴν
3225 4400 3399 4470 συκῆν
3444 4392 3585 4451 εἶδόν
3616 4414 3708 4465 σε,
3749 4416 3769 4451 ι

2172 4489 2517 4561 παραχρῆμα
2545 4488 2647 4559 τῆς
2670 4488 2907 4553 πίστεως
2949 4489 3050 4559 τὴν
3091 4489 3384 4558 ὁμολογίαν
3412 4490 3776 4560 είσκεκόμικε

2102 4562 2145 4618 D
2170 4580 2346 4649 λέγων
2365 4596 2379 4612 ο
2422 4598 2439 4631 ι
2490 4578 2703 4643 Ῥαϐϐὶ,
2735 4581 2801 4635 σὺ
2826 4576 2877 4634 εἴ
2899 4583 2929 4635 6
2964 4581 3093 4645 Υἱὸς
3116 4581 3212 4634 τοῦ
3244 4581 3404 4645 Θεοῦ,
3439 4582 3502 4635 σὺ
3531 4577 3583 4634 εἷ
3607 4584 3636 4635 6
3669 4582 3777 4653 βα-

2175 4669 2355 4733 σιλεὺς
2405 4668 2501 4724 τοῦ
2560 4671 2799 4742 Ἰσραήλ.
2844 4689 2865 4722 ι
2901 4672 3012 4726 Καὶ
3057 4673 3166 4743 μὴν
3231 4674 3327 4727 καὶ
3368 4672 3645 4744 θαλάσσης
3706 4691 3776 4728 τε

2171 4761 2489 4834 παραδόξως
2546 4763 2641 4816 καὶ
2664 4764 2950 4835 ἀσυνήθως
2995 4765 3476 4837 κατηυνασμένης,
3507 4766 3625 4829 πῶς
3663 4766 3775 4820 αὑ-

2169 4853 2261 4923 τὸν
2289 4853 2661 4925 προσεκύνουν
2696 4855 2748 4907 οἱ
2777 4856 2837 4908 ἐν
2866 4854 2945 4926 τῷ
2974 4855 3176 4925 σκάφει
3207 4855 3459 4924 λέγοντες
3479 4871 3493 4885 ·
3529 4874 3548 4907 ι
3602 4856 3777 4927 ’Δλη-

2172 4944 2280 5010 θῶς
2309 4945 2446 5000 Θεοῦ
2506 4945 2632 5009 Υἱὸς
2652 4940 2724 5001 εἶ.
2754 4964 2773 4997 ι
2800 4942 2927 5019 Ἆρ’
2983 4942 3098 5014 οὖν,
3128 4948 3231 5002 οὐκ
3284 4948 3505 5003 εἰδότων
3566 4949 3777 5021 ὅτιπερ

2170 5038 2411 5111 ὑπάρχοι
2442 5038 2597 5103 Θεὸς,
2624 5038 2720 5092 καὶ
2766 5040 2828 5093 ἐκ
2871 5039 3007 5093 Θεοῦ
3039 5042 3365 5112 γεγέννηται
3385 5040 3620 5113 Πατρὸς,
3648 5042 3780 5113 ἐρεῖ

2168 5148 2253 5196 τις
2280 5130 2342 5184 τὸ
2366 5133 2556 5201 ῥῆμα;
2618 5124 2754 5183 Εἶτα
2798 5131 2918 5195 πῶς
2976 5132 3076 5186 οὐκ
3108 5131 3427 5203 ἀμαθαίνων
3457 5134 3485 5186 6
3519 5131 3777 5197 τοιοῦτος

2169 5221 2474 5288 amiserat;
2511 5222 2650 5289 Περὶ
2697 5222 2767 5276 τά
2800 5222 2943 5294 μέρη
2980 5225 3080 5295 τῆς
3115 5225 3387 5278 Φιλίππου
3420 5225 3775 5295 Καισαρείας

2170 5313 2302 5383 παρ’
2352 5311 2520 5365 αὐτοῦ
2568 5312 2969 5385 διερωτώμενοι
3022 5314 3117 5382 τοῦ
3163 5315 3423 5387 Χριστοῦ,
3465 5335 3483 5366 ι
3521 5316 3657 5369 Τίνα
3688 5331 3771 5386 με

2168 5404 2419 5473 λέγουσιν
2456 5404 2506 5458 οί
2531 5405 2809 5476 ἄνθρωποι
2843 5406 2936 5462 τὸν
2967 5408 3094 5461 Υίὸν
3118 5408 3211 5462 τοῦ
3233 5409 3558 5481 ἀνθρώπους
3586 5428 3604 5460 ι
3632 5407 3774 5481 οὐχὶ

2168 5496 2388 5568 πρῶτον
2419 5497 2517 5569 μὲν
2572 5496 2811 5567 ἔφασκον
2858 5499 2959 5562 τάς
3009 5500 3214 5571 ἐτέρων
3248 5500 3627 5565 ὑπονοίας;οί
3653 5498 3773 5569 μὲν

2169 5590 2301 5660 γὰρ,
2336 5588 2523 5659 φησιν,
2540 5587 2730 5645 Ἠλίαν
2764 5583 2905 5642 εἶναι
2931 5590 3265 5661 νομίζουσιν,
3299 5593 3349 5645 ot
3370 5591 3425 5646 δὲ
3457 5586 3763 5661 Ἱερεμίαν,

555 5770 598 5801 ⁷⁸
633 5767 830 5825 Matth.
864 5784 1060 5843 xxrnt,
1100 5774 1186 5832 l9.
1258 5779 1305 5811 ⁷⁵
1340 5776 1501 5835 Joan.
1544 5795 1603 5845 ι,
1645 5779 1734 5847 48,
1775 5776 1866 5834 49.
1943 5776 1991 5809 ⁷⁵
2028 5774 2071 5831 Μ

2182 5793 2218 5831 ι.
2264 5790 2376 5845 xw,
2406 5775 2493 5831 3'5.
2570 5775 2615 5809 "
2648 5772 2842 5830 Matth.
2882 5790 2992 5840 ενι,
3018 5774 3104 5831 l5.
