4006 6414
283 353 388 411 197

1313 338 1382 395 IN
1419 334 1708 396 JOANNlS
1747 328 2198 391 EVANGELIUM
2240 328 2370 386 LIB.
2404 328 2496 385 IX.

3462 331 3566 392 193

278 468 313 539 η
340 468 442 522 ενα
469 463 581 519 τῶν
603 459 924 535 προφητῶν.
948 455 1086 512 Τίνα
1105 455 1161 509 δὲ
1194 451 1445 523 λέγουσιν
1473 451 1628 506 αὐτοί
1650 449 1878 522 διαρρή-

1993 452 2166 500 autem
2189 458 2315 500 eum
2345 457 2472 499 esse
2502 442 2690 500 dicant
2743 441 2869 513 ipsi,
2935 449 3124 516 aperte
3157 444 3401 516 proﬁteri
3456 463 3568 505 non

274 558 382 630 δην
413 558 594 610 εἰπεῖν
646 555 707 608 οὐ
758 550 1190 622 παραιτούμενοι
1233 547 1300 600 δι’
1341 545 1460 609 ὲνδς
1483 544 1534 598 οἱ
1553 545 1757 605 πάντες
1778 539 1875 594 τοῦ

276 647 646 722 προῦχοντος,
703 644 913 714 Πέτρος
967 641 1026 695 δὲ
1065 639 1228 702 αὐτὸς
1281 632 1372 710 ἧν,
1418 636 1518 690 οῦκ
1557 630 1878 694 ἐνδοιαστῶς

275 740 498 810 ἔφασαν
523 754 538 769 ⁶
573 757 593 790 ι
623 737 696 791 Σὺ
722 731 774 790 εἰ
804 738 833 789 ὁ
861 731 1096 806 Χριστὸς
1116 731 1146 784 ὁ
1170 730 1300 794 Υἱὸς
1330 727 1426 782 τοῦ
1455 725 1590 781 Θεοῦ
1615 725 1710 778 τοῦ
1749 722 1880 788 ζῶν-

273 851 392 897 τος.
434 851 456 886 ι
494 829 728 893 οὐκοῦν,
782 829 914 882 ὅταν
967 825 1104 899 λέγῃ
1136 821 1404 892 Χριστός·
1444 837 1465 872 ι
1504 820 1567 873 Εἰ
1601 814 1880 886 έγνώκατέ

285 943 374 998 με,
393 925 609 979 καὶτὸν
651 920 872 990 Πατέρα
913 934 1016 989 μου
1042 915 1109 970 ἂν
1139 914 1341 986 ᾔδειτε,
1376 932 1395 965 ι
1435 910 1510 983 μὴ
1540 909 1758 973 πάντως
1783 908 1881 962 αὑ-

279 1018 389 1080 τοῖς
415 1018 534 1079 τοῖς
562 1014 838 1086 μαθηταῖς
861 1007 1145 1080 ὑπολάϐῃς
1189 1003 1442 1077 εἰρῆσθαι
1466 1001 1529 1055 τὸ
1563 1002 1735 1076 ῥῆμα,
1763 998 1878 1054 ἀλλ’

275 1111 406 1178 ὅρον
426 1105 626 1177 ῶσπερ
682 1102 804 1158 τινὰ
845 1100 1062 1172 γενικδν
1097 1100 1210 1162 τοῖς
1243 1094 1589 1166 ἁπανταχόσε
1620 1093 1878 1158 ποιεῖται,

275 1199 341 1253 τὸ
366 1198 480 1252 τῶν
513 1197 688 1266 ἁγίων
715 1193 1031 1250 ἀποστόλων
1076 1191 1368 1262 πρόσωπον
1392 1184 1682 1259 παραθείς.
1726 1184 1880 1238 Ἐπι-

277 1293 443 1363 τήρει
476 1290 592 1362 γάρ
614 1290 764 1352 ὅπως
794 1287 1104 1357 εὑρήσομεν
1139 1283 1241 1336 οὐκ
1267 1280 1606 1352 ἠγνοηκότας
1647 1278 1880 1342 αὐτοὺς,

273 1386 361 1439 ὅτι
382 1383 524 1448 Θεός
559 1380 622 1436 τέ
652 1382 794 1444 ἐστι,
815 1377 912 1432 καὶ
948 1375 1078 1440 Υἱὸς
1114 1375 1208 1428 τοῦ
1235 1373 1394 1428 Θεοῦ.
1439 1371 1580 1425 Ἀλλ’
1605 1370 1724 1424 ὁδὸν
1750 1370 1881 1423 έαυ-

271 1477 371 1530 τὸν
409 1471 557 1530 εἶναι
603 1473 880 1544 φήσαντος
920 1467 1016 1523 τοῦ
1058 1467 1218 1531 Θεοῦ,
1252 1465 1316 1520 τὺ
1352 1462 1770 1536 αἰνιγματωδῶς
1803 1463 1882 1515 εἰ-

275 1569 486 1642 ρῆσθαι
516 1566 710 1623 δοκοῦν
761 1566 824 1620 οὐ
856 1564 1064 1634 σφόδρα
1115 1561 1382 1631 συνῆκαν,
1427 1558 1524 1612 καὶ
1555 1556 1688 1628 περί
1722 1553 1884 1610 τοῦτο

1985 537 2172 602 veriti,
2224 551 2322 608 per
2374 552 2546 592 unum
2599 550 2794 592 omnes
2841 551 3080 607 eumque
3133 537 3567 604 praacellcntem,

1985 628 2210 685 Petrum
2239 629 2524 696 nimirum,
2569 643 2681 684 non
2724 628 3043 683 dubitanter
3085 628 3384 685 dixerunt:
3425 648 3446 681 ι
3486 629 3569 685 Tu

1985 737 2047 778 es
2097 721 2354 777 Christus
2401 719 2574 776 Filius
2619 719 2715 777 Dei
2751 720 3080 777 viventis".
3114 739 3134 772 ›
3183 722 3397 792 Itaque,
3443 736 3568 776 cum

1986 813 2124 869 dixit
2155 813 2454 870 Christus:
2507 831 2526 864 ι
2565 811 2625 867 Si
2679 812 3082 884 cognovissetis
3114 827 3224 877 me,
3260 822 3316 868 et
3352 811 3571 868 Patrem

1987 919 2171 960 meum
2203 904 2629 973 cognovissetis,
2670 923 2690 957 ι
2733 905 2946 959 dictum
2995 903 3052 958 id
3097 919 3224 960 esse
3275 905 3572 976 discipulis

1989 992 2095 1066 ipsi
2132 995 2359 1048 omnino
2389 1000 2587 1064 putare
2609 993 2744 1058 noli,
2767 993 2862 1050 sed
2892 993 2947 1048 in
2973 993 3228 1064 personis
3249 1003 3572 1050 sanctorum

1989 1086 2368 1156 apostolorum
2425 1086 2761 1158 generaliter
2791 1086 2848 1142 id
2890 1086 3154 1142 omnibus
3192 1087 3406 1142 dictum
3449 1088 3572 1143 exi-

1990 1178 2174 1234 stima.
2199 1177 2438 1234 Adverte
2466 1179 2612 1234 enim
2632 1194 2730 1235 eos
2762 1189 2869 1234 non
2906 1179 3193 1251 ignorasse
3222 1179 3392 1237 Deum
3427 1197 3570 1246 esse,

1992 1267 2198 1339 Deique
2223 1267 2449 1326 Filium.
2484 1269 2590 1324 Sed
2633 1284 2758 1324 cum
2795 1269 2942 1325 Deus
2989 1273 3230 1342 seipsum
3263 1273 3406 1328 viam
3447 1288 3574 1329 esse

1991 1358 2216 1425 dixerit,
2259 1361 2407 1430 quod
2447 1362 2791 1431 aenigmatice
2825 1361 3051 1433 dignum
3090 1365 3385 1420 videbatur
3427 1364 3574 1420 haud

1994 1453 2224 1507 multum
2251 1453 2658 1520 intellexerunt,
2700 1461 2754 1510 et
2795 1454 2850 1509 in
2896 1455 3002 1510 hoc
3041 1456 3161 1511 solo
3185 1472 3377 1512 eorum
3416 1457 3574 1527 igno-

1997 1545 2138 1599 ratio
2188 1557 2468 1603 versatur.
2538 1544 2752 1602 Idcirco
2822 1548 2967 1602 enim
3036 1560 3328 1620 p05tquam
3384 1550 3575 1620 paucis

279 1637 449 1730 μόνον
469 1660 660 1723 αὐτοῖς
719 1657 785 1711 τὸ
829 1656 932 1726 τῆς
969 1652 1195 1724 ἀγνοίας
1220 1649 1454 1720 αἰτίαμα
1483 1649 1758 1718 στήσεται.
1784 1645 1884 1698 Διά

1993 1637 2237 1694 ostendit
2302 1654 2660 1709 nequaquam
2721 1647 3086 1712 percepturos
3139 1641 3288 1711 quod
3349 1642 3576 1712 oblique

275 1725 393 1824 γάρ
419 1767 507 1804 τοι
533 1747 696 1803 τοῦτο
729 1725 1014 1816 διελέγξας
1058 1745 1116 1798 ὲν
1138 1742 1362 1810 ὀλίγοις,
1380 1739 1456 1802 ώς
1483 1737 1543 1792 οὐ
1560 1735 1883 1824 δυνήσονται

1993 1726 2200 1782 dictum
2226 1728 2298 1783 sit
2327 1731 2432 1794 eis,
2460 1730 2662 1786 deinde
2713 1731 3041 1800 generaliter
3081 1731 3136 1786 id
3189 1733 3445 1788 omnibus
3484 1733 3572 1788 di-

279 1820 534 1898 συνιέναι
554 1839 618 1894 τὸ
678 1838 929 1907 πλαγίως
972 1832 1264 1907 εἰρημένον
1309 1829 1514 1892 αὐτοῖς,
1555 1820 1675 1880 εἶτα
1706 1824 1884 1879 κοινὸν

277 1935 462 1990 ἅπασι
497 1929 727 2006 προθεὶς
751 1927 1003 1983 ἐντεῦθεν
1035 1925 1217 1994 λόγον,
1250 1920 1469 1986 διδάξας
1489 1936 1548 1973 τε
1569 1916 1778 1987 σαφῶς,
1811 1915 1888 1980 ὡς

278 2029 382 2083 καὶ
406 2026 576 2082 αὑτὸν
597 2025 710 2100 [ιον.
738 2020 929 2095 αὐτὸς]
960 2019 1370 2092 ζημιωθήσεται
1413 2017 1514 2088 τὴν
1541 2017 1624 2079 εἰς
1655 2013 1746 2068 τὸν
1771 2014 1887 2068 Πα-

276 2121 423 2192 τέρα
444 2117 676 2189 γνῶσιν,
704 2116 764 2181 ὃς
782 2116 851 2172 ἂν
871 2114 1120 2186 ἀγνοήσῃ
1140 2109 1234 2165 τὸν
1268 2108 1420 2176 Υἱὸν,
1443 2108 1519 2173 ὡς
1556 2108 1656 2181 ἤδη
1684 2107 1888 2178 διωμο-

277 2213 552 2285 λογηκόσι
580 2210 680 2280 τὴν
708 2209 896 2264 πίστιν
921 2208 1033 2270 τοῖς
1055 2204 1346 2276 μαθηταῖς,
1380 2200 1608 2265 εἰκότως
1629 2200 1728 2274 τὴν
1747 2199 1889 2270 γνῶ-

281 2321 372 2359 σιν
402 2303 784 2375 ἐπιμαρτυρεί
805 2299 980 2368 λέγων
1004 2315 1018 2328 ·
1057 2315 1078 2350 ι
1126 2294 1676 2368 Ἀπάρτιγινώσκετε
1698 2293 1885 2358 αὐτὸν,

280 2398 379 2452 καὶ
410 2396 706 2469 ἑωράκατε
734 2392 918 2447 αὐτόν.
958 2409 979 2443 ι
1009 2389 1083 2444 Τὸ
1119 2388 1176 2443 δὲ
1218 2387 1435 2458 ἀπάρτι
1469 2387 1626 2458 φησὶ,
1658 2385 1778 2457 οὐχὶ
1797 2386 1891 2458 δή-

282 2505 391 2543 που
427 2487 653 2551 πάντως
702 2484 764 2550 ἐξ
812 2482 1030 2553 ἐκείνης
1049 2479 1149 2551 τῆς
1174 2477 1350 2550 ὥρας,
1371 2477 1492 2549 ἦτοι
1520 2476 1619 2547 τῆς
1646 2475 1886 2547 ἡμέρας,

281 2579 413 2636 καθ’
443 2579 631 2650 ἥνπερ
678 2575 871 2639 αὐτοῖς
892 2572 1024 2636 τοὺς
1045 2571 1176 2642 περὶ
1203 2570 1315 2625 τῶν
1348 2567 1610 2623 τοιούτων
1653 2568 1890 2621 ἐποιεῖτο

283 2673 519 2741 λόγους·
565 2669 628 2723 τὸ
671 2667 730 2722 δὲ
755 2665 977 2735 ἀπάρτι
1017 2663 1206 2735 ’φησὶν
1225 2702 1242 2728 ,
1304 2657 1756 2731 ἀντιπαρεξάγων
1809 2659 1891 2729 τῷ

283 2761 531 2834 ἀρχαίῳ,
558 2759 656 2814 καὶ
673 2755 898 2832 πρώτῳ,
921 2755 1015 2809 τὸν
1051 2753 1326 2826 ἀρτιφανῆ
1373 2751 1470 2806 καί¹
1497 2751 1617 2804 νέον
1656 2749 1757 2819 τῆς
1786 2749 1888 2804 αὐ-

279 2852 380 2906 τοῦ
414 2848 731 2922 παρουσίας
781 2845 997 2918 καιρὸν,
1052 2843 1176 2899 καθ’
1209 2842 1268 2897 ὃν
1289 2839 1650 2914 λαμπροτέρα
1696 2839 1889 2909 γέγονε

280 2947 399 3010 τοίς
439 2941 588 2998 κατά
649 2941 834 2994 πᾶσαν
883 2937 984 3010 τὴν
1036 2934 1386 3007 οἰκουμένην,
1417 2936 1452 3006 ή
1492 2934 1622 3004 περὶ
1675 2931 1890 3004 Πατρὸς

281 3035 494 3105 γνῶσις
514 3031 606 3087 διά
638 3031 736 3086 τοῦ
770 3028 927 3084 Υἰοῦ.
985 3027 1088 3082 Διά
1135 3028 1246 3099 γάρ
1283 3044 1367 3080 τοι
1399 3025 1579 3089 τοῦτο,
1612 3024 1708 3078 καὶ
1727 3025 1786 3077 ὲν
1808 3022 1890 3095 βί-

1992 1830 2140 1875 ctum
2169 1821 2522 1892 significavit,
2556 1837 2621 1877 ac
2654 1822 2945 1878 manifeste
2968 1823 3158 1879 docuit
3192 1825 3374 1895 ipsum
3395 1826 3576 1882 Patris

1990 1914 2306 1986 cognitione
2354 1916 2612 1971 orbatum
2668 1916 2737 1971 iri
2776 1916 2873 1986 qui
2930 1914 3130 1970 Filium
3195 1917 3574 1987 ignoraverit,

1991 2005 2156 2076 quasi
2188 2005 2305 2074 jam
2344 2005 2505 2060 ﬁdem
2556 2003 2827 2076 professis
2873 2005 3165 2076 discipulis
3199 2007 3577 2076 cognitionem

1989 2096 2246 2151 attribuit
2292 2096 2526 2152 dicens:
2589 2116 2608 2148 ι
2665 2097 2880 2152 Amodo
2929 2098 3270 2168 cognoscitis
3307 2113 3468 2164 eum,
3523 2104 3580 2155 et

1991 2187 2211 2244 vidistis
2241 2202 2388 2243 eum.
2424 2207 2444 2241 ι
2472 2188 2679 2243 Amodo
2714 2198 2894 2243 autem
2937 2187 3095 2254 dicit,
3133 2205 3243 2244 non
3277 2189 3470 2262 utique
3509 2205 3580 2246 ex

1993 2279 2086 2334 illa
2121 2279 2281 2342 hora,
2313 2279 2430 2335 sive
2456 2279 2546 2334 die
2573 2295 2683 2351 qua
2709 2279 2779 2335 de
2814 2281 2901 2335 his
2948 2281 3012 2336 ad
3056 2295 3153 2337 eos
3201 2283 3370 2336 verba
3419 2281 3575 2347 fecit,

1993 2374 2088 2430 sed
2140 2373 2302 2445 773
2352 2373 2544 2428 amodo
2579 2376 2677 2440 ait,
2722 2389 3009 2445 apponens
3064 2378 3239 2432 veteri
3290 2392 3356 2433 ac
3398 2378 3579 2448 primo

1991 2480 2188 2523 recens
2211 2480 2275 2520 ac
2295 2481 2498 2521 novum
2524 2467 2646 2538 ejus
2671 2469 2946 2524 adventus
2973 2479 3213 2540 tempus,
3251 2485 3364 2541 quo
3397 2470 3578 2526 mani-

1991 2556 2188 2616 festior
2212 2557 2316 2612 fuit
2343 2573 2442 2630 per
2477 2559 2799 2615 universum
2849 2569 3124 2616 terrarum
3167 2561 3363 2617 orbem
3398 2561 3580 2616 Patris

1992 2651 2234 2724 cognitio
2269 2666 2365 2722 per
2392 2649 2615 2706 Filium.
2648 2651 2866 2708 Idcirco
2886 2653 3035 2708 enim
3071 2661 3126 2708 et
3166 2655 3223 2709 in
3260 2653 3402 2709 libro
3428 2654 3582 2709 Psal-

1991 2757 2208 2798 morum
2231 2752 2492 2813 tanquam
2515 2741 2582 2797 ad
2615 2739 2786 2797 Deum
2821 2751 2876 2798 et
2911 2742 3129 2801 Patrem
3169 2743 3286 2799 ait:
3317 2761 3337 2796 ι
3375 2743 3572 2799 Miriﬁ-

1992 2840 2117 2890 cata
2153 2840 2240 2890 est
2291 2831 2522 2888 scientia
2556 2838 2651 2885 tua
2693 2847 2761 2886 ex
2811 2848 2901 2888 me
2921 2834 2990 2888 ".
3050 2852 3071 2886 ›
3131 2833 3330 2888 Filium
3382 2836 3581 2905 quippe

1995 2925 2279 2980 miraculis
2327 2938 2550 2979 omnem
2599 2923 2912 2978 orationem
2957 2923 3355 2981 excedentibus
3394 2926 3579 2994 splen-

1993 3018 2213 3074 dentem
2251 3017 2588 3086 conspicati,
2623 3023 2678 3070 et
2728 3031 2852 3072 cum
2889 3024 3168 3088 potestate
3223 3016 3338 3073 Deo
3375 3032 3580 3074 conve-

280 3126 398 3199 σλῳ
441 3122 720 3195 Ψαλμῶν,
777 3120 854 3185 ὡς
905 3119 1043 3192 πρὸς
1089 3117 1223 3172 Θεὸν
1269 3116 1366 3172 καὶ
1407 3115 1630 3186 Πατέρα
1684 3113 1884 3188 φησιν·

1996 3109 2172 3166 nienti
2203 3108 2366 3164 facile
2404 3109 2782 3180 quodcunque
2829 3109 2994 3164 vellet
3039 3109 3358 3176 facientem,
3398 3110 3581 3164 mirati

285 3238 306 3273 ι
358 3212 806 3287 Ἐθαυμαστώθη
853 3213 888 3285 ἡ
934 3210 1138 3282 γνῶσίς
1193 3227 1288 3264 σου
1319 3207 1378 3275 ἐξ
1416 3206 1575 3280 ἐμοῦ.
1609 3227 1630 3261 ι
1679 3207 1887 3280 Ἐωρα-

279 3311 446 3376 κότες
474 3309 586 3382 γὰρ
625 3310 742 3373 τοῖς
787 3305 930 3376 ὑπὲρ
969 3303 1130 3373 λόγον
1187 3298 1727 3372 θαυματουργήμασι
1770 3297 1886 3352 δια-

283 3405 575 3477 πρέποντα
620 3401 718 3457 τὸν
764 3399 919 3463 Υἰὺν,
946 3398 1043 3451 καὶ
1093 3393 1234 3467 μετὰ
1274 3389 1615 3464 θεοπρεποῦς
1638 3389 1888 3456 ἐξουσίας

282 3493 678 3566 κατορθοῦντα
729 3489 931 3562 ῥᾳδίως
956 3488 1095 3560 ὅπερ
1146 3485 1214 3540 ἂν
1252 3483 1517 3557 βούλοιτο,
1543 3480 1891 3550 τεθαυμάκα-

283 3606 391 3661 μεν
431 3583 688 3639 ἐντεῦθεν
721 3581 824 3655 τὴν
875 3578 972 3634 τοῦ
1036 3577 1254 3650 Πατρὸς
1291 3575 1518 3644 γνῶσιν,
1546 3574 1647 3644 οὐχ
1685 3572 1887 3644 ἑτέρως

278 3681 523 3751 ἔχουσαν
550 3674 866 3739 ἐννοοῦντες
909 3671 1101 3745 αὐτὴν,
1137 3670 1171 3742 ἢ
1221 3667 1411 3740 ὥσπερ
1452 3665 1601 3720 ἐστὶν
1633 3667 1667 3737 ἡ
1703 3665 1798 3719 τοῦ
1829 3664 1890 3730 ἐξ

277 3769 455 3826 αὐτοῦ
480 3767 842 3841 προελθόντος
855 3762 1012 3820 Υἰοῦ.
1035 3782 1055 3817 ι
1097 3761 1330 3834 Ἀπάρτι
1369 3758 1550 3814 τοίνυν
1588 3756 1889 3828 γινώσκετε

281 3863 474 3928 αὐτὸν,
505 3860 606 3916 καὶ
637 3858 923 3931 ἑωράκατε
983 3855 1168 3912 αὐτόν.
1203 3873 1222 3907 ι
1275 3851 1628 3923 Ἐγνώκαμεν
1683 3848 1794 3927 γὰρ
1829 3850 1888 3902 ὲν

283 3955 425 4027 Υἰῷ,
461 3953 722 4024 καθάπερ
769 3951 909 4024 ἔφην
963 3949 1187 4021 ἀρτίως,
1242 3945 1330 4010 τίς
1376 3947 1406 3998 ὁ
1464 3943 1678 4015 Πατὴρ,
1711 3944 1807 3996 καὶ
1825 3942 1887 3995 οὐ

287 4049 452 4120 μόνον
515 4043 955 4115 ἐπεγνώκαμεν,
1012 4040 1150 4097 ἀλλά
1208 4038 1303 4092 καὶ
1331 4033 1719 4104 ἐθεασάμεθα,
1770 4033 1890 4105 ἦτοι

284 4137 646 4211 ἑωράκαμεν.
688 4135 758 4188 Ἦ
813 4132 916 4203 μὲν
967 4131 1078 4204 γάρ
1114 4129 1315 4200 γνῶσις
1355 4126 1457 4197 τὴν
1503 4125 1591 4178 διὰ
1637 4123 1746 4177 τῶν
1805 4122 1890 4176 έν-

283 4231 445 4286 νοιῶν
479 4229 718 4301 θεωρίαν
743 4226 1019 4298 ὐποδηλοϊ,
1047 4225 1116 4296 ἢν
1151 4223 1218 4278 ἄν
1250 4240 1338 4286 τις
1372 4219 1528 4275 λάϐοι
1558 4218 1722 4290 τυχὸν
1760 4217 1892 4290 περὶ

281 4327 382 4397 τῆς
437 4321 600 4388 θείας
641 4338 703 4376 τε
737 4320 834 4376 καὶ
881 4318 1122 4391 ἀρρήτου
1175 4314 1414 4386 φύσεως,
1464 4314 1564 4386 τῆς
1607 4313 1702 4368 ἐπὶ
1748 4312 1890 4366 πάν-

283 4437 383 4484 τας
425 4418 602 4491 φημὶ,
634 4417 732 4472 καὶ
758 4413 848 4469 διά
891 4412 1134 4475 πάντων,
1167 4407 1264 4462 καὶ
1296 4408 1355 4460 ὲν
1387 4405 1546 4459 πᾶσι.
1572 4405 1648 4459 Τό
1675 4421 1741 4474 γε
1781 4405 1892 4478 μὴν

1994 3217 2191 3259 sumus
2217 3202 2346 3256 hinc
2384 3199 2570 3256 Patris
2605 3199 2981 3271 cognitionem
3021 3202 3188 3258 aliter
3235 3217 3356 3258 eam
3381 3217 3441 3258 se
3469 3217 3582 3256 non

1993 3295 2198 3352 habere
2229 3302 2508 3366 putantes,
2541 3310 2707 3366 quam
2741 3292 3020 3366 quomodo
3051 3309 3112 3350 se
3146 3294 3312 3356 habet
3339 3293 3586 3365 cognitio

1993 3387 2349 3460 procedentis
2371 3403 2438 3443 ex
2471 3386 2593 3458 ipso
2638 3385 2784 3443 Filii.
2823 3405 2843 3438 ι
2902 3385 3120 3442 Amodo
3155 3387 3324 3457 igitur
3376 3403 3586 3460 cogno-

1994 3480 2152 3537 scitis
2181 3495 2332 3547 eum,
2363 3487 2419 3536 et
2446 3479 2670 3536 vidistis
2699 3495 2848 3536 eum.
2897 3498 2918 3533 ι
2951 3479 3297 3550 Agnovimus
3330 3480 3476 3535 enim
3526 3479 3585 3535 in

1993 3573 2159 3638 Filio,
2192 3581 2254 3627 ut
2282 3589 2434 3629 nunc
2469 3573 2712 3638 aiebam,
2742 3573 2871 3645 quis
2895 3573 2956 3627 fit
2985 3571 3172 3637 Pater,
3202 3588 3380 3644 neque
3405 3573 3583 3630 solum

1995 3664 2348 3737 agnovimus.
2385 3664 2482 3722 sed
2532 3673 2588 3722 et
2625 3665 2987 3736 contemplati
3034 3680 3252 3730 sumus,
3303 3679 3399 3720 seu
3439 3664 3585 3718 vidi-

1995 3775 2141 3816 mus.
2186 3759 2424 3831 Cognito
2482 3758 2630 3814 enim
2677 3759 2998 3814 intellectus
3056 3756 3585 3828 contemplationem

1996 3851 2294 3922 signiﬁcat,
2336 3865 2508 3921 quam
2538 3852 2606 3906 de
2632 3850 2820 3905 divina
2850 3857 2904 3906 et
2927 3848 3196 3905 ineffabili
3225 3855 3425 3904 natura
3453 3849 3584 3919 quis

1996 3943 2188 3998 forsan
2216 3942 2444 4013 ceperit,
2481 3955 2606 4012 qua:
2633 3954 2799 4011 supra
2825 3954 3039 4006 onmes,
3068 3946 3124 3995 et
3154 3954 3251 4010 per
3284 3953 3499 4006 omnes,
3530 3948 3586 3994 et

1996 4035 2054 4088 in
2077 4032 2338 4088 omnibus
2366 4042 2472 4089 est.
2505 4030 2722 4088 Vidisse
2749 4046 2915 4102 porro
2969 4039 3177 4086 certam
3215 4030 3376 4086 fidem
3410 4031 3584 4084 mira-

1995 4123 2138 4178 culis
2168 4121 2370 4178 factam
2407 4120 2712 4192 signiﬁcat.
2736 4119 2858 4176 Non
2880 4120 3027 4176 enim
3051 4122 3230 4177 solum
3253 4122 3586 4193 agnovimus

1993 4216 2213 4272 Patrem
2275 4216 2444 4272 vitam
2505 4230 2631 4271 esse
2680 4215 2987 4271 secundum
3038 4221 3323 4279 naturam,
3377 4229 3482 4270 nec
3528 4213 3587 4269 in

1998 4309 2164 4364 nudis
2193 4322 2258 4364 ac
2283 4307 2452 4364 meris
2477 4306 2914 4379 cogitationibus
2936 4306 3103 4364 istius
3129 4307 3211 4363 rei
3249 4305 3502 4362 notitiam
3527 4306 3584 4362 in

1996 4400 2162 4457 nobis
2193 4400 2526 4456 habuimus:
2562 4399 2618 4454 in
2649 4397 2791 4454 Filio
2817 4398 2911 4468 qui
2942 4398 3187 4456 vivificat
3218 4407 3493 4465 mortuos,
3533 4410 3592 4454 et

288 4516 442 4579 ἰδεῖν,
469 4490 577 4585 τὴν
622 4511 715 4565 διά
764 4508 877 4562 τῶν
912 4500 1450 4578 τερατουργημάτων
1510 4498 1888 4572 πληροφορίαν

1997 4493 2065 4549 ad
2095 4509 2222 4550 esse
2245 4500 2542 4564 corruptos
2573 4491 2758 4548 denuo
2784 4490 3024 4558 reducit,
3057 4506 3168 4547 non
3199 4491 3381 4548 solum
3417 4504 3590 4561 agno-

286 4607 578 4680 σημαίνει.
609 4602 688 4661 υύ
732 4601 844 4674 γὰρ
891 4600 1054 4673 μόνον
1102 4594 1426 4666 ἐγνώκαμεν
1476 4593 1558 4647 ὅτι
1601 4591 1716 4662 ζωὴ
1751 4591 1897 4646 κατὰ

287 4701 456 4772 φύσιν
486 4696 640 4752 ἐστὶν
665 4691 922 4766 ὁΠατὴρ,
960 4688 1084 4745 οὐδὲ
1135 4689 1196 4742 ὲν
1223 4684 1410 4756 ψιλαῖς
1458 4683 1554 4738 καὶ
1595 4682 1785 4753 μόναις
1806 4681 1895 4736 ὲν-

285 4795 465 4858 νοὶαις
518 4790 624 4862 τὴν
645 4786 743 4842 τοῦ
798 4785 1128 4858 πράγματος
1170 4779 1377 4852 εἴδησιν
1401 4778 1461 4831 ὲν
1491 4777 1704 4839 ἑαυτοῖς
1734 4773 1898 4847 ἐσχή-

289 4903 476 4960 καμεν
499 4901 515 4917 ’
545 4884 608 4938 ἑν
670 4879 788 4952 Υἰῷ
845 4872 1348 4943 ζωοποιοῦντιτοὺς
1397 4867 1650 4940 νεκροὺς,
1681 4865 1779 4960 καὶ
1817 4867 1899 4930 είς

288 4984 349 5038 τὸ
367 4958 521 5036 εἶναι
572 4976 738 5033 πάλιν
790 4968 1182 5042 ἀνακομίζοντι
1224 4965 1352 5029 τοὺς
1380 4958 1889 5032 κατεφθαρμένους,

287 5077 350 5130 οὐ
383 5073 556 5147 μόνον
577 5046 920 5140 ἐγνώκαμεν,
965 5063 1050 5116 ὄτι
1096 5060 1279 5115 πᾶσαν
1310 5056 1417 5110 ὑπὸ
1453 5055 1622 5118 πόδας
1655 5051 1770 5147 ἔχει
1791 5051 1893 5124 τὴν

289 5143 477 5224 κτίσιν
515 5166 546 5219 ὁ
577 5162 712 5226 Θεδς
759 5159 857 5214 καὶ
901 5154 1117 5225 Πατὴρ,
1169 5149 1403 5208 καὶτῶν
1429 5148 1559 5220 παρ’
1589 5143 1759 5200 αὐτοῦ
1796 5161 1895 5214 γε-

289 5261 538 5331 γονότων
605 5249 1025 5320 κατεξουσιάζει
1079 5242 1401 5320 βασιλικῶς,
1470 5240 1548 5305 ὡς
1591 5237 1774 5292 πάντα
1822 5235 1894 5291 τὰ

291 5356 436 5430 ἔργα
465 5347 710 5406 σείεσθαί
755 5363 816 5401 τε
861 5343 928 5398 δι’
964 5341 1151 5405 αὐτὸν,
1181 5337 1279 5393 καὶ
1315 5333 1566 5430 τρέμειν,
1607 5331 1892 5430 κατα-γε-

291 5422 624 5524 γραμμένον
650 5461 666 5500 .'
699 5441 814 5497 ἀλλ’
845 5437 1062 5508 εἴδομεν
1104 5433 1234 5524 ὄντα
1257 5427 1503 5524 τοιοῦτον
1538 5426 1633 5524 κα)ἶ
1665 5426 1724 5480 ὲν
1752 5422 1892 5524 Tit-ii,

292 5514 384 5593 δτε
407 5514 658 5607 θαλάττῃ
706 5530 804 5586 καὶ
846 5527 1156 5598 πνεύμασιν
1179 5518 1475 5590 ἐπιτιμῶν,
1509 5517 1647 5590 μετά
1690 5514 1896 5607 πολλῆς

293 5628 532 5702 ἔφητῆς
556 5604 829 5693 ἐξουσίας·
859 5639 877 5674 ι
904 5617 1120 5681 Σιώπα,
1143 5610 1453 5684 πεφίμωσο.
1480 5627 1500 5662 ι
1539 5606 1759 5678 Ἐπειδὴ
1782 5604 1898 5659 τοί-

1992 4587 2176 4644 vimus
2209 4583 2382 4641 Deum
2418 4598 2483 4638 ac
2525 4582 2747 4638 Patrem
2784 4583 3100 4638 universam
3163 4579 3401 4651 pedibus
3467 4577 3588 4635 suis

1995 4677 2312 4749 subiectam
2342 4675 2551 4732 habere
2596 4685 2912 4730 creaturam
2937 4673 3006 4738 ⁸ο,
3043 4672 3418 4744 omnibusque
3461 4685 3494 4726 a
3529 4685 3591 4726 se

1993 4771 2159 4827 factis
2218 4769 2518 4839 imperare,
2581 4765 2720 4823 adeo
2767 4775 2827 4820 ut
2879 4766 3066 4821 omnia
3137 4779 3308 4836 opera
3356 4764 3592 4820 timeant

1994 4861 2198 4935 ipsum,
2256 4865 2423 4930 atque
2475 4859 2839 4921 tremiscant,
2879 4865 2942 4912 ut
2980 4858 3252 4930 scriptum
3289 4863 3378 4914 est
3397 4857 3466 4910 εί.
3519 4856 3591 4910 At

1995 4956 2253 5014 videmus
2285 4954 2454 5008 talem
2485 4960 2538 5007 et
2562 4951 2616 5006 in
2653 4947 2798 5005 Filio
2842 4949 3114 5006 exsistere
3165 4963 3292 5004 cum
3352 4963 3505 5004 mare
3537 4957 3592 5003 et

1996 5055 2194 5105 ventos
2239 5044 2556 5114 increpans,
2608 5056 2808 5114 magna
2839 5056 2968 5096 cum
3022 5047 3299 5112 potestate
3331 5040 3592 5096 dicebat:

2008 5159 2028 5195 ι
2069 5138 2236 5204 Tace,
2283 5134 2698 5194 obmutesce".
2740 5153 2762 5187 ι
2813 5132 3090 5201 Quoniam
3149 5147 3285 5205 ergo
3338 5133 3597 5189 dicturus

2001 5241 2123 5289 erat
2153 5245 2267 5286 non
2319 5226 2503 5283 solum
2539 5225 2880 5296 cognovistis
2926 5221 3169 5291 Patrem,
3219 5221 3316 5280 sed
3356 5229 3412 5278 et
3449 5221 3593 5276 vidi-

2003 5321 2128 5384 stis,
2147 5315 2593 5390 praemittendum
2621 5313 2939 5370 necessario
2954 5312 3167 5384 putavit
3194 5311 3357 5377 illud,
3373 5309 3590 5374 modo,

2001 5429 2169 5487 quam
2203 5425 2337 5468 vero
2379 5409 2452 5464 ob
2497 5407 2768 5464 causam?
2816 5406 2926 5462 Lex
2984 5406 3133 5462 enim
3166 5402 3406 5459 Mosaiea
3463 5401 3596 5459 ﬁliis

2002 5504 2173 5563 Israel
2201 5501 2578 5559 inclamabat:
2615 5519 2633 5552 ι
2675 5499 2942 5554 Dominus
2965 5498 3112 5554 Deus
3143 5506 3291 5561 tuus,
3323 5493 3595 5552 Dominus

2006 5614 2153 5655 unus
2186 5603 2272 5653 est
2293 5594 2364 5657 ⁸³,
2403 5611 2422 5646 ι
2461 5607 2639 5664 neque
2680 5591 2960 5648 veteribus
2989 5590 3056 5647 de
3083 5587 3223 5643 Filio
3255 5587 3592 5643 mentionem

365 5744 412 5776 τε
448 5738 649 5796 Matth.
683 5753 799 5807 XVI,
841 5734 931 5791 16.
1008 5732 1056 5766 τ’
1074 5729 1224 5786 Psal.
1259 5739 1528 5788 cxxxvm,
1556 5721 1611 5778 6.
1686 5719 1734 5755 '°
1765 5719 1968 5792 Ephes.
1996 5735 2040 5787 1,
2082 5715 2171 5770 '22.
2251 5709 2297 5744 ⁸¹
2325 5707 2451 5775 Job,
2476 5719 2628 5770 xxvi,
2674 5704 2760 5760 Η.
2835 5708 2880 5740 ⁸¹
2912 5704 3078 5763 Marc.
3114 5720 3188 5773 tv,
3213 5703 3309 5760 '59.
3371 5701 3416 5736 ⁸³
3435 5701 3594 5762 Deut.

296 5831 394 5883 vt,
445 5814 502 5868 4.
