4006 6418
507 332 609 387 199

1503 330 1566 389 S.
1597 329 1877 387 CYRILLI
1920 327 2395 386 ALEXANDRINI
2435 327 2759 386 AllClllEP.

3684 332 3783 384 21:0

505 451 766 514 faciebat,
789 449 884 506 sed
921 465 951 504 a
983 450 1283 506 multorum
1320 448 1550 504 deorum
1585 451 1742 504 cultu
1789 465 1890 507 eos
1941 449 2091 505 dun-

2204 468 2290 505 vuv
2314 449 2539 522 ἐμελλεν
2558 450 2723 519 ἐρεῖν,
2747 449 2830 502 ὅτι
2856 448 2916 501 οὐ
2947 448 3106 519 μόνον
3137 448 3415 516 ἐγνώκατε
3436 449 3526 502 τὸν
3547 449 3783 520 Πατέρα,

506 551 665 597 taxat
697 543 1035 608 abstractos,
1063 543 1131 597 ad
1172 543 1341 598 unius
1394 542 1778 597 adorationem
1835 541 2094 597 vocabat.

506 636 775 692 Dominus
807 642 991 690 autem
1022 643 1214 690 noster
1252 631 1416 690 Jesus
1445 631 1728 701 Christus,
1767 646 1894 688 cum
1933 632 2099 688 homo

507 730 691 784 factus
713 741 819 792 est,
869 745 969 800 per
1014 730 1187 783 multa
1223 729 1380 800 signa
1410 736 1465 784 et
1505 743 1677 798 opera
1725 726 2100 782 manifestavit

509 824 670 878 nobis
706 837 802 893 per
825 824 1072 893 seipsum
1104 821 1342 886 Patrem,
1376 835 1656 891 unamque
1706 819 1952 876 ostendit
1984 819 2101 875 dei-

509 915 640 970 tatis
669 923 923 970 naturam
952 916 1009 969 in
1052 923 1244 969 sancta
1280 911 1558 969 Trinitate
1590 929 1722 969 vere
1785 913 2099 969 subsisten-

506 1015 639 1065 tem.
667 1007 836 1064 Recte
867 1009 1050 1077 itaque
1102 1006 1240 1061 illud
1271 1005 1466 1060 amodo
1502 1005 1581 1061 ait
1614 1013 1845 1077 propter
1882 1007 2101 1075 imper-

510 1099 804 1156 fectionem
830 1097 1169 1170 cognitionis
1194 1112 1388 1152 eorum
1420 1096 1515 1168 qui
1569 1096 1926 1167 disciplinam
1963 1094 2100 1166 legis

508 1192 824 1256 observant,
866 1198 921 1246 et
982 1191 1081 1262 qui
1131 1191 1351 1245 illorum
1403 1197 1717 1260 sequuntur
1755 1188 2096 1244 institutum.

505 1287 819 1342 Notandum
869 1301 1004 1342 vero
1044 1286 1218 1357 quod,
1272 1301 1397 1340 cum
1450 1284 1695 1355 seipsum
1747 1282 1873 1336 loco
1920 1280 2100 1337 Patris

507 1389 869 1449 conspectum
905 1392 1027 1432 esse
1056 1377 1210 1442 dicit,
1237 1393 1347 1431 non
1377 1384 1542 1447 negat
1571 1389 1701 1430 vere
1735 1373 1902 1445 774
1946 1381 2002 1428 et
2043 1373 2101 1427 in

506 1471 730 1540 propria
757 1469 1044 1542 hypostasi
1077 1485 1205 1525 eum
1228 1486 1296 1525 ex
1327 1483 1435 1540 quo
1466 1477 1573 1533 est,
1595 1467 1765 1522 Deum
1789 1482 1854 1521 ac
1881 1466 2099 1521 Patrem

507 1564 804 1618 exsistere.
861 1561 969 1617 Sed
1009 1577 1186 1632 neque
1247 1561 1490 1632 seipsum
1542 1559 1762 1615 Patrem
1819 1574 1946 1615 esse
2001 1561 2096 1624 ait,

507 1664 782 1726 quantum
818 1655 885 1711 ad
929 1669 1181 1726 personae
1212 1653 1677 1725 significationem
1729 1652 1965 1706 attinet:
2003 1650 2100 1706 sed

509 1751 643 1820 quia
681 1757 768 1804 est
792 1748 950 1803 Patri
986 1746 1512 1810 consubstantialis,
1540 1745 1697 1800 cerni
1729 1745 1807 1798 ait
1837 1745 1892 1798 in
1914 1744 2098 1814 seipso

2197 543 2312 598 ἀλλ’
2351 544 2433 597 ὅτι
2480 543 2575 598 καὶ
2629 541 2937 613 ἑωράκατε,
2983 540 3254 612 προτάξαι
3319 540 3432 594 δεῖν
3493 542 3787 609 ἀναγκαῖον

2198 636 2352 709 ᾠήθη
2384 636 2464 702 τὸ,
2493 636 2732 704 ἀπάρτι,
2768 636 2864 690 καὶ
2905 634 2993 688 διὰ
3019 633 3180 688 ποίαν
3213 634 3394 688 αἰτίαν
3421 651 3435 700 ;
3476 635 3534 688 ὐ
3567 635 3788 706 μὲνγὰρ

2199 729 2363 800 νόμος
2392 730 2420 781 ὁ
2457 727 2544 781 διὰ
2571 728 2818 790 Μωσέως
2851 725 3196 797 προσεφώνει
3229 729 3344 791 τοῖς
3375 729 3509 794 υἱοῖς
3549 729 3786 800 Ἰσραήλ·

2207 842 2225 875 ι
2256 823 2461 896 Κύριος
2501 825 2529 876 ὁ
2561 823 2692 886 Θεός
2725 839 2840 886 σου,
2867 820 3071 893 Κύριος
3095 816 3176 885 εἷς
3206 822 3352 886 ἐστι,
3387 840 3405 872 ι
3429 820 3526 874 καὶ
3568 820 3660 875 τὸν
3695 822 3791 892 μὲν

2200 917 2330 989 περὶ
2359 914 2454 970 τοῦ
2483 915 2618 970 Υίοῦ
2648 914 2807 983 λόγον
2836 913 2898 966 οὐ
2933 914 3220 984 παρετίθει
3258 917 3374 978 τοῖς
3402 913 3593 981 πάλαι,
3625 914 3793 984 μόνης

2199 1007 2258 1061 δέ
2285 1008 2385 1078 τῆς
2442 1006 2746 1070 πολυθεΐας
2803 1005 3000 1070 ἐξελὼν
3053 1006 3272 1070 αὐτοὺς,
3301 1006 3383 1069 είς
3428 1005 3530 1075 τὴν
3550 1003 3645 1057 τοῦ
3675 1003 3793 1068 ἑνὸς

2199 1101 2386 1156 ἐκάλει
2410 1099 2810 1174 προσκύνησιν.
2861 1099 2920 1153 'O
2965 1099 3023 1152 δέ
3082 1097 3288 1167 Κύριος
3335 1097 3496 1169 ἡμῶν
3537 1096 3794 1168 Ἰησοῦςό

2200 1192 2460 1265 Χριστὸς,
2489 1191 2580 1245 ὅτε
2609 1190 2835 1260 γέγονεν
2862 1188 3169 1260 ἄνθρωπος,
3197 1187 3285 1242 διὰ
3311 1187 3524 1240 πολλῶν
3549 1186 3793 1257 σημείων

2201 1285 2296 1338 καὶ
2318 1283 2712 1356 ἐνεργημάτων
2743 1280 3042 1354 ἐγνώρισεν
3088 1284 3219 1352 ἡμῖν
3257 1281 3324 1334 δι’
3343 1279 3540 1334 ἐαυτοῦ
3566 1280 3657 1332 τὸν
3684 1281 3795 1334 Πα-

2200 1375 2337 1448 τέρα
2397 1378 2492 1430 καὶ
2557 1377 2658 1445 τὴν
2709 1377 2767 1428 ἐν
2825 1377 2892 1446 τῇ
2942 1374 3076 1446 ἁγίᾳ
3121 1373 3316 1444 Τριάδι
3379 1374 3677 1444 νοουμένην
3733 1389 3794 1425 τε

2201 1469 2300 1523 καὶ
2331 1467 2654 1538 ὑφεστῶσαν
2691 1466 2910 1538 ἀληθῶς
2967 1467 3098 1538 μίαν
3123 1465 3293 1530 ἔδειξε
3320 1465 3576 1533 θεότητος
3609 1464 3793 1533 φύσιν.

2201 1559 2400 1624 Καλῶς
2445 1555 2539 1614 οὗν
2584 1561 2693 1632 ἄρα
2738 1558 2800 1612 τὸ
2856 1558 3075 1627 ἀπάρτι
3104 1558 3260 1630 φησι,
3307 1558 3396 1612 διὰ
3429 1560 3490 1613 τὸ
3522 1559 3711 1622 ἀτελὲς
3738 1559 3796 1612 ἐν

2202 1652 2403 1722 γνώσει
2446 1651 2557 1706 τῶν
2599 1651 2742 1707 κατὰ
2794 1652 2978 1723 νόμον,
3010 1653 3105 1706 καὶ
3133 1652 3244 1706 τῶν
3264 1653 3386 1706 κατ’
3416 1652 3660 1715 ἐκείνους
3697 1668 3799 1704 πο-

2202 1743 2583 1816 λιτευομένων.
2634 1745 2980 1816 Σημειωτέον
3019 1745 3097 1811 δὲ,
3163 1746 3244 1799 ὅτι
3293 1746 3484 1800 ἐαυτὸν
3537 1746 3660 1800 ἀντὶ
3698 1743 3797 1797 τοῦ

512 1843 774 1898 Patrem:
810 1857 926 1897 non
963 1857 1128 1896 secus
1163 1854 1226 1894 ac
1247 1839 1490 1895 hominis
1515 1839 1809 1909 cujusdam
1835 1837 1980 1894 filius
2015 1836 2099 1893 sui

2206 1839 2420 1911 Πατρὸς
2442 1837 2722 1909 ἑωρᾶσθαι
2748 1838 2949 1908 λέγων,
2986 1839 3086 1892 οὐκ
3119 1837 3417 1910 ἀνατρέπει
3443 1837 3504 1892 τὺ
3526 1838 3799 1909 ὑπάρχειν

509 1935 690 2005 patris
719 1933 914 1989 volens
963 1931 1282 2003 significare
1316 1937 1593 1996 naturam,
1643 1929 1886 1999 seipsum
1914 1934 2102 1983 osten-

509 2026 648 2082 deus
681 2025 758 2079 ait
804 2023 1136 2092 sciscitanti,
1186 2021 1365 2078 Meum
1410 2022 1468 2077 in
1513 2037 1600 2076 me
1643 2020 1830 2075 vidisti
1863 2027 2098 2090 patrem.

511 2118 621 2174 Sed
647 2116 812 2183 Deus,
839 2125 898 2172 ut
931 2117 1102 2174 semel
1123 2116 1396 2181 dicamus,
1432 2114 1683 2170 omnium
1716 2114 2097 2184 exemplorum

507 2211 620 2266 vim
661 2219 716 2267 et
743 2212 1011 2267 rationem
1046 2208 1285 2266 excedit.

2201 1931 2417 2004 άληθῶς
2441 1948 2503 1985 τε
2533 1933 2629 1986 καὶ
2671 1931 3073 1997 ίδιοσυστάτως,
3109 1933 3201 1986 τὸν
3245 1932 3305 1996 ἐξ
3337 1924 3510 2001 οὗπέρ
3535 1931 3652 1984 ἐστι
3681 1931 3798 1983 Πα-

2203 2025 2338 2095 τέρα
2367 2023 2463 2079 καὶ
2493 2023 2648 2078 θεόν.
2688 2023 2829 2078 Ἀλλ’
2857 2025 2982 2079 οὐδὲ
3005 2025 3196 2080 ἑαυτὸν
3234 2022 3378 2080 εἷναί
3405 2043 3538 2095 φησι
3562 2024 3656 2078 τὺν
3685 2024 3802 2077 Πα-

2205 2115 2362 2187 τέρα,
2392 2117 2515 2170 ὅσον
2544 2111 2680 2188 ἦκεν
2711 2119 2886 2171 εἰπεῖν
2930 2119 3010 2180 είς
3055 2115 3348 2189 προσώπου
3377 2117 3613 2190 δήλωσιν
3633 2135 3645 2148 ·
3679 2117 3802 2171 ἀλλ’

2213 2207 2445 2282 ἐπείπερ
2483 2209 2632 2264 ἐστὶν
2658 2210 2942 2282 ὁμοούσιος
2973 2208 3048 2282 τῷ
3084 2211 3282 2283 Πατρὶ,
3331 2209 3801 2284 ἐωρᾶσθαίφησιν

507 2303 567 2358 ὲν
598 2303 748 2376 αὑτῷ
786 2303 880 2356 τὸν
924 2302 1298 2373 γεννήσαντα,
1327 2298 1516 2372 ῶσπερ
1544 2300 1612 2355 ἂν
1649 2301 1698 2354 εί
1729 2297 1823 2354 καὶ
1866 2295 2157 2370 ἀνθρώπου
2204 2303 2352 2369 τινὸς
2393 2305 2507 2370 υίὸς
2532 2307 2632 2378 τὴν
2687 2307 2817 2361 ίδίου
2855 2308 3062 2378 πατρὸς
3092 2308 3359 2380 ἐθελήσας
3389 2309 3793 2379 κατασημᾶναι

510 2397 694 2466 φύσιν,
737 2395 930 2452 ἐαυτὸν
974 2395 1250 2461 ἐπιδείξας
1294 2394 1442 2464 λέγει
1475 2394 1553 2466 τῷ
1595 2395 1754 2450 τοῦτο
1783 2400 1978 2470 μαθεῖν
2023 2397 2266 2453 ἐθέλοντι
2312 2397 2498 2470 τυχὸν,
2528 2400 2620 2456 τὸν
2666 2401 2800 2473 ἐμὸν
2838 2402 2896 2457 ἐν
2931 2402 3054 2473 ἐμοὶ
3098 2402 3359 2456 τεθέασαι
3392 2400 3627 2472 πατέρα.
3661 2400 3799 2463 Θεὸς

509 2493 569 2546 δὲ
625 2489 788 2544 πάλιν
839 2489 937 2559 τὴν
995 2488 1090 2542 τοῦ
1166 2487 1610 2560 παραδείγματος
1651 2488 2008 2561 ὑπεραλεῖται
2050 2490 2310 2566 δύναμιν.

581 2579 726 2636 XIV.
757 2580 814 2635 8.
839 2579 982 2634 Dicit
1010 2581 1059 2634 ei
1089 2579 1370 2649 Philippus
1393 2594 1413 2635 :
1436 2580 1683 2650 Domine,
1702 2585 1917 2638 ostende
1949 2583 2102 2640 nobis

515 2673 752 2739 Patrem,
787 2681 838 2727 et
866 2672 1057 2743 sufﬁcit
1085 2672 1256 2727 nobis.

582 2763 835 2822 Discendi
871 2763 1095 2835 quidem
1125 2761 1364 2834 cupidus
1403 2773 1523 2819 erat
1553 2763 1876 2837 Philippus,
1915 2764 2012 2822 sed
2046 2764 2103 2820 in

509 2856 1044 2928 comprehendendis
1069 2855 1272 2912 divinis
1294 2856 1772 2927 speculationibus
1796 2859 1942 2913 haud
1967 2858 2104 2914 satis

509 2959 728 3006 acutus.
748 2948 861 3005 Nec
880 2949 1032 3004 enim
1054 2948 1159 3004 sibi
1184 2948 1558 3020 persuasisset
1582 2966 1824 3022 unquam
1847 2951 2100 3023 corporis

508 3045 692 3100 oculis
736 3042 977 3098 divinam
1033 3056 1065 3095 a
1115 3056 1174 3096 se
1211 3047 1466 3096 naturam
1523 3043 1916 3113 comprehendi
1984 3059 2100 3098 non

509 3150 699 3206 posse,
729 3135 860 3189 licet
889 3141 1080 3204 aperte
1137 3131 1253 3188 Deo
1315 3132 1579 3190 dicente:
1622 3153 1642 3187 ι
1712 3134 1834 3190 Non
1894 3133 2102 3191 videbit

511 3229 679 3283 homo
713 3227 911 3283 faciem
970 3241 1176 3291 meam,
1220 3232 1275 3280 et
1312 3225 1457 3281 vivet
1477 3227 1545 3282 ⁸⁸.
1592 3246 1611 3281 ι
1653 3227 1916 3295 Quamvis
1953 3229 2098 3283 enim

2275 2588 2447 2658 Λέγει
2490 2583 2652 2657 αὐτῷ
2680 2589 2980 2656 Φίλιππος
3007 2604 3021 2620 ·
3055 2588 3255 2658 Κύριε,
3289 2588 3492 2652 δεῖξον
3520 2590 3666 2661 ἡμῖν
3693 2587 3805 2644 τὸν

2201 2681 2456 2749 Πατέρα,
2483 2681 2582 2735 καί
2607 2680 2784 2751 ἀρκεῖ
2808 2682 2972 2752 ἡμῖν.

2271 2777 2579 2850 Φιλομαθὴς
2618 2778 2714 2849 μὲν
2756 2779 2785 2832 ὁ
2813 2778 3100 2844 Φίλιππος,
3133 2777 3276 2850 πλὴν
3308 2779 3369 2832 οὐ
3400 2778 3520 2832 λίαν
3553 2779 3685 2845 ὀξὺς
3720 2781 3801 2843 εἰς

2205 2867 2425 2922 σύνεσιν
2451 2868 2551 2940 τὴν
2597 2870 2719 2932 ταῖς
2773 2867 3052 2933 θεοπτίαις
3076 2871 3553 2942 πρεπωδεστέραν.
3579 2873 3653 2925 Οὐ
3689 2873 3801 2945 γὰρ

2206 2958 2272 3013 ἂν
2305 2958 2457 3030 ᾠήθη
2481 2957 2611 3012 ποτέ
2638 2961 2753 3025 τοῖς
2779 2957 2874 3013 τοῦ
2903 2959 3156 3032 σώματος
3195 2961 3495 3034 ὀφθαλμοῖς
3524 2963 3622 3034 τὴν
3648 2965 3805 3020 θείαν

2208 3051 2427 3123 ἰσχῦσαι
2456 3051 2902 3107 καταθεάσασθαι
2941 3053 3123 3122 φύσιν,
3158 3054 3336 3109 καίτοι
3372 3055 3673 3130 διαρρήδην
3714 3060 3805 3115 λέο

2206 3161 2393 3212 γοντος
2415 3143 2510 3198 τοῦ
2546 3145 2682 3198 Θεοῦ
2704 3162 2716 3175 ’
2750 3164 2768 3197 ι
2800 3146 2991 3211 Οὐδεὶς
3016 3146 3206 3217 ὄψεται
3244 3147 3305 3202 τὸ
3344 3149 3636 3220 πρόσωπόν
3671 3170 3801 3223 μου,

2207 3238 2302 3291 καὶ
2324 3236 2567 3309 ζήσεται.
2606 3255 2624 3290 ι
2658 3239 2722 3292 Ei
2751 3238 2860 3310 γὰρ
2914 3241 3009 3293 καὶ
3060 3239 3220 3310 ὤφθη
3253 3242 3385 3295 ποτὲ
3434 3245 3549 3307 τοῖς
3596 3243 3802 3313 ἁγίοις,

511 3321 725 3378 sanctis
783 3319 1084 3390 aliquando
1102 3319 1256 3375 visus
1293 3319 1387 3384 sit,
1423 3329 1483 3375 ut
1530 3321 1799 3377 divinitus
1837 3321 2099 3393 inspirata

2205 3328 2281 3394 ὼς
2312 3331 2346 3400 ὴ
2379 3329 2737 3396 θεόπνευστος
2767 3331 2872 3403 ἔφη
2906 3333 3119 3406 Γραφὴ,
3147 3334 3377 3389 ἀλλὀὐκ
3397 3336 3484 3402 ἂν,
3506 3330 3686 3408 οἶμαι,
3714 3339 3805 3403 τὶς

511 3413 800 3485 Scriptura
841 3414 1128 3486 praedicat,
1163 3427 1328 3468 nemo
1357 3422 1542 3469 tamen
1565 3429 1835 3485 unquam,
1879 3425 1936 3469 ut
1963 3429 2110 3478 reor,

509 3507 791 3578 putaverit
850 3504 1266 3563 manifestatam
1332 3507 1508 3564 fuisse
1559 3515 1816 3559 naturam
1864 3503 2108 3559 divinam

509 3616 575 3657 eo
606 3599 772 3654 modo
795 3614 908 3670 quo
941 3614 1003 3656 se
1042 3599 1208 3655 habet
1243 3601 1298 3656 in
1337 3601 1544 3669 seipsa,
1603 3596 1702 3652 sed
1752 3611 1852 3666 pro
1889 3596 2109 3651 ratione

511 3690 778 3762 temporis
813 3690 970 3745 varia
996 3692 1101 3748 sub
1137 3691 1317 3748 forma
1339 3691 1514 3747 visam
1541 3703 1688 3744 esse.
1707 3688 1922 3759 Quippe
1949 3687 2103 3743 vario

511 3784 675 3839 modo
705 3785 984 3855 prophetae
1016 3799 1140 3839 eam
1179 3782 1493 3854 conspicati
1524 3790 1673 3847 sunt,
1708 3780 1886 3850 deque
1916 3795 1981 3835 ea
2010 3793 2104 3833 va-

506 3878 626 3932 rius
656 3877 804 3948 apud
828 3877 954 3934 illos
981 3892 1168 3932 sermo
1196 3876 1495 3945 reperitur.
1555 3871 1728 3930 Isaias
1781 3873 1928 3928 enim
1986 3885 2100 3926 uno

506 3969 711 4024 modo:
749 3967 1006 4024 Ezechiel
1043 3983 1178 4023 vero
1226 3983 1337 4022 non
1367 3966 1559 4022 eadem
1591 3981 1658 4021 ac
1707 3963 1802 4020 ille
1857 3963 2098 4021 ratione.

505 4060 746 4115 Decebat
781 4061 968 4131 itaque
997 4059 1314 4131 Philippum
1354 4059 1664 4131 intelligere
1719 4056 1833 4114 ﬁeri
1869 4057 2097 4113 omnino

507 4167 619 4206 non
658 4167 848 4224 posse
879 4161 940 4207 ut
987 4153 1230 4210 divinam
1285 4151 1652 4209 substantiam
1687 4167 1784 4222 per
1846 4165 2097 4215 carnem,

507 4245 624 4301 sive
651 4260 778 4301 cum
811 4261 979 4302 earne
1013 4245 1139 4317 quis
1178 4246 1503 4316 perspiciat.
1546 4244 1772 4314 Alioqui
1813 4243 2100 4314 prudentis

506 4344 562 4391 et
600 4339 814 4408 sagacis
853 4353 965 4392 non
993 4344 1138 4402 erat,
1173 4351 1299 4392 cum
1335 4337 1517 4407 imago
1568 4342 1622 4391 et
1655 4335 2100 4406 perfectissimus

506 4426 792 4483 character
823 4426 919 4482 Dei
944 4442 1009 4482 ac
1035 4425 1221 4481 Patris
1249 4426 1301 4482 ei
1333 4425 1554 4481 adesset
1575 4426 1643 4494 ⁸⁸,
1695 4426 1878 4497 ipsum
1914 4425 2124 4498 requi-,

507 4534 630 4574 rere
672 4520 1032 4592 archetypum
1080 4519 1330 4574 nondum
1377 4519 1596 4576 adesset
1637 4526 1693 4576 et
1724 4535 1789 4575 ea
1839 4533 1947 4589 qua
2001 4533 2099 4589 par

2205 3422 2548 3494 ὑποτοπήσαι
2582 3423 2715 3477 ποτὲ
2750 3425 2975 3496 ἐμφανῆ
3004 3426 3102 3498 τὴν
3143 3426 3294 3481 θείαν
3321 3429 3580 3498 γενέσθαι
3605 3431 3802 3502 φύσιν,

2202 3513 2398 3579 οὕτως,
2429 3515 2504 3579 ὡς
2537 3513 2650 3588 ἔχει
2710 3517 2832 3572 καθ’
2863 3519 3086 3590 ἑαυτὴν,
3117 3519 3448 3576 πλάττεσθαι
3505 3523 3563 3576 δέ
3594 3524 3805 3595 μᾶλλον

2201 3611 2284 3673 είς
2311 3609 2373 3662 τὸ
2397 3608 2476 3680 τῷ
2502 3611 2682 3682 καιρῷ
2711 3611 3164 3684 πρεπωδέστερον
3205 3615 3413 3686 σχῆμα.
3449 3617 3562 3670 Καὶ
3589 3617 3725 3686 γοῦν
3754 3621 3805 3673 οί

2205 3701 2480 3772 προφῆται
2509 3701 2782 3775 διαφόρως
2813 3703 2976 3758 αὐτὸν
3004 3705 3312 3777 τεθέανται,
3343 3710 3440 3763 καὶ
3468 3711 3720 3776 ποικίλος
3744 3731 3805 3767 τε

2204 3791 2334 3863 περὶ
2356 3790 2490 3844 Θεοῦ
2518 3795 2648 3864 παρ’
2680 3793 2910 3859 ἐκείνοις
2935 3796 2964 3849 ὁ
2985 3796 3164 3867 λόγος.
3201 3799 3259 3853 '0
3283 3801 3382 3872 μὲν
3409 3802 3517 3872 γὰρ
3566 3803 3805 3869 Ἡσαΐας

2203 3881 2440 3953 ἐτέρωςο
2497 3883 2758 3956 Ἰεζεχιὴλ
2810 3885 2869 3939 δέ
2903 3887 3068 3943 πάλιν
3115 3889 3215 3962 οὐχ
3277 3892 3482 3962 ὁμοίως
3530 3893 3612 3966 τῷ
3663 3907 3805 3969 παρ’

2203 3973 2397 4044 ἐκείνῳ
2427 3974 2668 4046 θαύματι
2703 3975 2814 4049 [ἵσ.
2842 3977 3124 4053 θεάματι].
3169 3983 3317 4037 Ἔδει
3340 3984 3520 4040 τοίνυν
3553 3987 3806 4044 συνιέναι

2201 4064 2292 4119 τὸν
2333 4065 2618 4131 Φίλιππον,
2652 4067 2728 4133 ὡς
2784 4063 2852 4141 ἦν
2878 4088 2931 4124 τι
2981 4072 3092 4126 τῶν
3137 4074 3435 4147 ἀμηχάνων
3489 4080 3804 4147 παντελῶς,

2199 4156 2300 4229 τὴν
2369 4157 2518 4214 θείαν
2577 4159 2842 4218 δύνασθαι
2872 4165 3114 4220 κατιδεῖν
3162 4169 3373 4237 οὐσίαν,
3398 4172 3675 4230 καὶτοῦτο
3705 4177 3804 4231 διὰ

2202 4247 2425 4341 σαρκὸς,
2485 4251 2584 4305 καὶ
2623 4253 2682 4306 οὐ
2755 4255 2898 4325 μετὰ
2953 4258 3175 4330 σαρκὸς,
3207 4261 3296 4316 ὅτε
3352 4264 3448 4318 καὶ
3489 4265 3550 4320 οὐ
3587 4268 3804 4341 σφόδρα

2199 4339 2473 4410 νουνεχές,
2505 4341 2787 4415 παρούσης
2810 4347 2962 4418 αὐτῷ
2998 4349 3098 4420 τῆς
3130 4351 3360 4422 είκόνος,
3408 4355 3501 4409 καὶ
3529 4339 3806 4428 ἀκριϐοῦς

2201 4431 2551 4503 χαρακτῆρος
2584 4432 2678 4485 τοῦ
2703 4433 2837 4489 Θεοῦ
2870 4437 2966 4492 καὶ
3005 4439 3244 4513 Πατρὺς,
3299 4444 3386 4497 ἐπ’
3426 4445 3560 4498 αὐτὸ
3606 4444 3806 4517 ζητεῖν

2204 4520 2342 4573 ίέναι
2377 4520 2438 4573 τὸ
2484 4521 2815 4594 ἀρχέτυπον,
2874 4527 2948 4592 ὡς
3003 4527 3158 4584 οῦπω
3203 4532 3398 4605 παρὸν,
3450 4535 3544 4588 καὶ
3580 4536 3699 4589 καθ’
3736 4537 3804 4592 ὃν

505 4621 626 4668 erat
654 4614 871 4669 ratione
897 4612 1344 4669 demonstratum
1394 4618 1565 4668 esset.
1612 4611 1696 4665 Ad
1726 4609 2096 4666 exhibendam

2204 4612 2311 4666 ἔδει
2373 4613 2530 4684 λόγον
2593 4617 2920 4691 ἐπιδειχθέν.
2989 4621 3316 4698 Ἱκανωτάτη
3374 4627 3484 4700 γὰρ
3541 4627 3664 4683 λίαν
3711 4633 3806 4697 είς

507 4704 656 4760 cnim
679 4720 742 4759 ac
766 4703 1275 4776 repraesentandam
1302 4701 1396 4759 Dei
1423 4719 1488 4760 ac
1517 4702 1700 4758 Patris
1725 4702 2097 4758 substantiam

509 4797 634 4868 plus
674 4797 811 4853 satis
837 4795 1040 4852 sulﬁcit
1070 4795 1464 4866 contemplatio
1501 4794 1735 4861 Christi,
1782 4793 1878 4864 qui
1938 4800 2097 4862 opta-

506 4888 788 4944 tissimum
847 4888 986 4945 illud
1045 4889 1220 4944 decus
1267 4887 1470 4960 regalis
1525 4887 1674 4942 unde
1739 4886 1958 4958 genitus
2013 4892 2099 4941 est

507 4983 835 5038 substantia:
868 4989 1025 5039 recte
1057 4991 1114 5038 et
1172 4989 1434 5038 accurate
1477 4979 1762 5052 exprimit.
1822 4980 1869 5034 A
1909 4979 2094 5035 fructu

506 5076 652 5132 enim
703 5077 871 5132 arbor
905 5075 1281 5148 cognoscitur,
1326 5074 1488 5145 juxta
1543 5072 1723 5144 ipsius
1779 5071 2096 5129 Servatoris

505 5183 695 5223 vocem
729 5168 798 5222 ⁸⁵.
841 5166 978 5222 Cum
1028 5167 1197 5238 igitur
1239 5163 1363 5220 Filii
1414 5163 1808 5234 contemplatio
1865 5164 2092 5221 cordato

506 5257 745 5313 suiliciat
787 5255 857 5312 ad
899 5255 1398 5313 demonstrandum
1450 5262 1506 5310 et
1540 5262 1736 5310 exacte
1783 5253 2092 5311 docendum

506 5349 768 5420 quidnam
819 5347 890 5403 sit
941 5347 1248 5403 secundum
1291 5355 1547 5402 naturam
1577 5354 1632 5404 et
1687 5347 1810 5418 ejus
1853 5349 2092 5421 genitor,

504 5453 952 5512 supervacaneus
976 5437 1168 5495 forsan
1189 5439 1451 5511 discipuli
1478 5455 1660 5496 sermo
1686 5439 1852 5496 videri
1877 5447 2089 5511 potest:

509 5547 720 5587 summa
748 5538 934 5588 tamen
980 5531 1145 5588 laude
1192 5549 1305 5589 non
1353 5534 1583 5589 carebit.
1643 5531 1754 5589 Nec
1787 5535 1934 5589 enim
1971 5549 2091 5588 me-

505 5621 770 5677 diocriter
857 5621 1245 5679 admirandum
1321 5638 1446 5682 esse
1518 5632 1690 5697 puto,
1777 5639 1903 5680 cum
1973 5624 2089 5680 ait:

2204 4704 2552 4777 παράστασιν
2607 4710 2710 4782 τῆς
2771 4713 2963 4779 οὐσίας
3022 4714 3118 4769 τοῦ
3164 4717 3300 4772 Θεοῦ
3348 4721 3443 4774 καὶ
3485 4721 3722 4794 Πατρδς,
3764 4726 3802 4796 ή

2202 4797 2443 4868 Χριστοῦ
2472 4798 2697 4873 θεωρία,
2731 4804 2914 4870 καλῶς
2950 4823 3011 4859 τε
3059 4807 3152 4861 καί
3185 4809 3432 4881 ἀκριϐῶς
3475 4811 3805 4883 ἐξυφαίνον-

2200 4907 2294 4955 τος
2321 4891 2383 4946 τὸ
2412 4891 2736 4966 ἀξιέραστον
2776 4897 2992 4964 κάλλος,
3025 4901 3127 4972 τῆς
3151 4901 3274 4955 ὅθεν
3300 4903 3466 4974 ἐξέφυ
3501 4903 3804 4980 βασιλικῆς

2201 4983 2409 5048 οὐσίας.
2447 4985 2580 5038 Ἀπὸ
2605 4986 2713 5060 γὰρ
2744 4987 2840 5042 τοῦ
2862 4990 3077 5063 καρποῦ
3103 4993 3162 5046 τὺ
3185 4994 3398 5068 δένδρον
3427 4997 3800 5067 ἐπιγινώσκε-

2200 5091 2314 5139 ται,
2340 5075 2482 5130 κατὰ
2508 5077 2606 5147 τὴν
2632 5079 2798 5132 αὐτοῦ
2831 5081 2924 5135 τοῦ
2950 5083 3202 5156 Σωτῆρος
3239 5088 3446 5158 φωνήν.
3495 5089 3803 5161 Ἐξαρκού-

2185 5161 2304 5237 ’σης
2324 5166 2614 5238 τοιγαροῦν
2639 5168 2717 5241 τῷ
2735 5185 2799 5240 γε
2834 5169 2982 5240 ἅπαξ
3013 5175 3220 5248 συνετῷ
3241 5177 3342 5248 τῆς
3373 5176 3468 5231 τοῦ
3488 5179 3620 5233 Υίοῦ
3654 5181 3799 5235 θεω-
3825 5169 3836 5198 ⁵

2201 5258 2325 5329 ρίας
2357 5261 2438 5324 είς
2458 5260 2806 5330 παράστασίν
2835 5282 2892 5318 τε
2921 5267 3015 5320 καὶ
3043 5269 3247 5340 ἀκριϐῆ
3280 5270 3680 5344 πληροφορίαν,
3705 5275 3798 5339 τίς

2199 5349 2266 5402 ἃν
2288 5348 2374 5421 εἴη
2427 5350 2570 5404 κατὰ
2617 5352 2778 5422 φύσιν
2814 5355 2911 5409 καὶ
2936 5358 2964 5410 ό
2985 5360 3253 5429 γεννήσας
3287 5361 3452 5414 αὐτόν
3476 5379 3492 5393 ·
3529 5365 3795 5434 περιττὸς

2203 5441 2301 5511 μὲν
2326 5442 2623 5506 ίσωςὸτοῦ
2659 5447 2904 5519 μαθητοῦ
2954 5450 3205 5520 φαίνεται
3254 5452 3433 5521 λόγος,
3489 5455 3631 5527 πλὴν
3685 5457 3793 5510 οὐκ

2199 5533 2306 5598 ἔξω
2335 5536 2579 5590 κείσεται
2606 5537 2714 5593 τῶν
2739 5542 2815 5604 είς
2842 5541 3014 5612 ἄκρον
3047 5543 3283 5598 ἐπαίνων
3315 5546 3580 5617 ἡκόντων.
3610 5549 3791 5604 Αὐτὸν

2199 5627 2306 5699 γὰρ
2333 5623 2486 5698 οἶμαι
2532 5631 2640 5687 δεῖν
2696 5633 2756 5687 οὐ
2816 5633 3054 5707 μετρίως
3091 5636 3486 5710 ἀποθαυμάσαι
3508 5639 3738 5710 λέγοντα
3762 5657 3782 5676 ⁸

583 5794 629 5827 ⁸⁸
659 5797 828 5855 Exod.
871 5813 1084 5867 χχχιιι,
1141 5799 1234 5858 20.
1313 5800 1359 5835 ⁸⁵
1395 5799 1437 5855 ll
1473 5801 1601 5862 Cor.
1655 5820 1727 5880 ιν,
1778 5806 1813 5862 .ι
1915 5804 1961 5836 ⁸⁸
2018 5804 2099 5862 Ma

2204 5847 2206 5856 ι
2266 5823 2340 5864 xu
2359 5849 2373 5877 ,
2410 5810 2500 5867 55.
