4006 6414
274 433 386 490 2οι

1308 440 1372 496 ΙΝ
1409 439 1696 496 JOANNIS
1729 436 2180 494 EVANGELIUM
2228 436 2359 495 LIB.
2392 436 2483 493 ιιι.

3433 438 3542 495 202

280 564 309 598 σ
337 546 524 611 Δεῖξον
545 548 677 617 ἡμῖν
706 548 797 601 τὸν
826 551 1064 623 Πατέρα,
1089 553 1181 606 καὶ
1219 555 1379 624 ἀρκεῖ
1406 558 1560 625 ἡμῖν.
1584 573 1602 605 ι
1639 554 1858 623 Ὅμοιον

1973 571 1993 604 ι
2026 552 2266 609 Ostende
2312 552 2472 609 nobis
2517 551 2755 618 Patrem,
2805 561 2858 606 et
2895 534 3095 607 su’lllcit
3122 550 3302 607 nobis.
3336 570 3359 606 ι
3394 552 3539 611 ldem

272 638 393 711 γὰρ
421 639 500 702 ὡς
531 642 581 693 εί
604 640 707 712 ἔφη
739 643 900 714 τυχόν
921 662 934 676 ·
985 645 1174 715 Πάσης
1209 647 1275 700 ἂν
1296 648 1440 702 ἐἴσω
1470 646 1724 716 γενέσθαι
1762 646 1864 715 τῆς
1906 658 1913 659 '

272 718 554 800 θυμηδίας
580 733 1038 807 ὁμολογήσαιμεν,
1053 740 1148 791 καὶ
1166 739 1303 809 πρὸς
1321 739 1382 792 τὸ
1407 736 1545 792 εἶναι
1574 736 1863 808 μακαρίως

270 816 436 870 οὐδέν
460 819 579 872 ἐστι
613 817 726 891 [γρ.
756 820 862 894 ἔτι]
907 823 970 877 τὸ
1015 825 1202 880 λεῖπον
1262 828 1620 899 ζητήσαιμεν,
1672 826 1722 879 εί
1764 825 1863 895 τῆς

271 908 371 961 τοῦ
405 910 551 964 Θεοῦ
585 914 681 966 καὶ
715 915 933 988 Πατρὸς
972 918 1339 991 ἀξιωθείημεν
1368 920 1703 974 πολυεύκτου
1734 919 1863 982 θέας

275 1001 370 1053 καὶ
388 1001 573 1056 αὐτοί.
616 1004 675 1057 '0
708 1005 765 1058 δὲ
806 1010 1006 1072 παντὸς
1065 1009 1288 1081 προθεὶς
1340 1009 1572 1079 ἀγαθοῦ,
1622 1009 1720 1064 καὶ
1766 1008 1861 1063 τοῦ

270 1091 569 1158 δοκοῦντος
618 1098 697 1158 είς,
726 1098 1000 1169 εὐθυμίαν
1062 1101 1356 1166 συντελεῖν,
1384 1102 1485 1174 τὴν
1521 1101 1616 1156 τοῦ
1648 1102 1863 1173 Πατρὺς

272 1181 431 1246 θέαν,
474 1183 596 1249 πῶς
618 1182 729 1240 ὀὐκ
751 1187 821 1241 ἂν
848 1190 1164 1259 ὁμολογοῖτο
1194 1191 1393 1255 παντὸς
1421 1192 1690 1264 ὑπάρχειν
1711 1192 1862 1258 ἄξιος

270 1274 599 1345 θαύματος;
650 1278 808 1333 Οὕτω
841 1282 939 1352 μὲν
968 1279 1060 1337 οὖν
1081 1284 1151 1338 τὰ
1179 1287 1238 1338 ὲν
1260 1284 1339 1355 τῷ
1376 1285 1721 1356 προκειμένῳ
1748 1284 1863 1338 δια-

267 1364 587 1438 ληψόμεθα,
622 1370 877 1441 καθάπερ
924 1368 1101 1444 οἶμαι,
1126 1376 1267 1430 κατὰ
1294 1378 1397 1447 τὴν
1429 1377 1653 1446 εύστιὸῆ
1685 1393 1745 1431 τε
1768 1377 1862 1430 καὶ

267 1459 661 1533 ἁπλουστέραν
679 1467 794 1527 τοῖς
855 1466 1067 1532 πολλοῖς
1098 1467 1351 1541 θεωρίαν.
1379 1470 1441 1523 El
1467 1469 1524 1522 δὲ
1548 1471 1654 1541 χρή
1682 1486 1736 1522 τι
1770 1469 1862 1523 καὶ

268 1552 703 1624 περιεργότερον
737 1555 885 1623 ίδεῖν,
928 1558 1025 1611 καὶ
1066 1560 1206 1629 τάχα
1233 1577 1287 1612 τι
1314 1559 1425 1613 τῶν
1461 1560 1861 1632 κεκρυμμένων

266 1641 477 1708 εἰπεῖν,
535 1644 837 1715 οίησόμεθά
873 1664 925 1700 τι
970 1649 1061 1702 τὸν
1105 1650 1373 1705 Φίλιππον
1401 1651 1608 1722 φράσαι
1632 1668 1693 1704 τε
1724 1650 1861 1720 ὁμοῦ

264 1729 371 1783 καὶ
424 1731 622 1799 νοῆσαι
670 1735 932 1791 τοιοῦτον.
998 1739 1406 1794 Κατεδάκνοντο
1446 1742 1576 1811 γὰρ,
1627 1742 1718 1794 ἐπὶ
1747 1743 1863 1804 τοῖς

263 1820 368 1875 τοῦ
400 1824 656 1896 Σωτῆρος
683 1825 979 1898 θαύμασιν,
1002 1830 1053 1882 oi
1075 1829 1184 1883 τῶν
1222 1832 1493 1886 Ἰουδαίων
1522 1833 1860 1903 προεστηκός

1965 645 2110 699 enim
2144 654 2231 700 est
2261 659 2327 699 ac
2354 645 2401 701 si
2428 644 2618 700 forsan
2646 643 2893 700 diceret:
2925 641 3089 698 Omni
3118 643 3302 713 gaudii
3341 659 3541 714 genere

1965 751 2069 792 nos
2102 736 2415 791 cumulatus
2447 735 2769 800 fatebimur,
2825 750 2930 791 nec
2960 734 3029 789 ad
3076 734 3392 791 felicitatem
3436 734 3541 793 ali-

1966 824 2095 896 quid
2119 825 2264 880 ultra
2294 827 2660 896 requiremus,
2697 825 2744 879 si
2767 823 2865 879 Dei
2887 839 2954 879 ac
2984 823 3169 880 Patris
3196 825 3542 894 optatissima

1966 916 2127 987 775
2157 916 2370 973 visione
2404 916 2513 971 frui
2551 917 2790 972 licuerit.
2844 917 2913 970 At
2942 916 3036 987 qui
3070 916 3245 971 Patris
3273 916 3540 971 visionem

1934 1008 2126 1063 ‘bonis
2156 1009 2415 1063 omnibus
2443 1023 2507 1062 ac
2532 1008 2697 1064 rebus
2723 1024 2844 1078 qua:
2878 1009 2944 1063 ad
2978 1008 3294 1064 felicitatem
3333 1008 3545 1064 condu-

1966 1114 2091 1154 cere
2112 1099 2367 1155 videntur
2394 1100 2716 1169 anteponit,
2754 1114 2822 1154 an
2853 1114 2963 1155 non
2995 1101 3147 1155 omni
3170 1101 3542 1156 admiratione

1966 1189 2168 1259 dignus
2207 1189 2577 1260 praedicetur?
2614 1189 2715 1245 Hic
2744 1191 2967 1263 quidem
3020 1200 3105 1246 est
3128 1192 3399 1262 propositi
3429 1192 3541 1248 loci

1967 1280 2167 1350 planus
2194 1290 2248 1336 et
2280 1282 2514 1352 simplex
2544 1297 2764 1339 sensus.
2805 1280 3002 1337 Verum
3042 1282 3092 1339 si
3144 1282 3457 1338 abstrusius
3485 1292 3542 1337 et

1966 1371 2242 1429 curiosius
2272 1373 2533 1445 quiddam
2575 1372 2911 1430 afferendum
2945 1380 3050 1440 est,
3096 1375 3207 1429 tale
3249 1374 3381 1443 quid
3413 1373 3543 1428 Phi-
3580 1426 3587 1434 .

1967 1461 2171 1530 lippum
2198 1460 2414 1529 dixisse
2445 1470 2501 1516 et
2526 1464 2803 1532 cogitasse
2834 1463 3171 1532 putabimus.
3220 1461 3539 1517 Iudaeorum

1967 1552 2267 1621 praepositi,
2309 1564 2364 1610 et
2422 1553 2629 1610 Scribae
2678 1563 2843 1625 atque
2882 1554 3168 1619 Pharisaei,
3231 1552 3541 1610 Servatoris

1967 1643 2249 1699 miraculis
2298 1645 2701 1716 pungebantur,
2746 1653 2801 1701 et
2846 1645 3155 1702 innumeris
3202 1644 3378 1715 signis
3427 1660 3541 1701 non

1967 1747 2132 1788 secus
2156 1748 2220 1788 ac
2241 1733 2516 1805 lapidibus
2542 1735 2701 1806 petiti
2728 1735 2930 1790 invidia
2956 1736 3374 1804 rumpebantur,
3399 1736 3541 1792 scie-

1969 1825 2207 1895 bantque
2235 1842 2294 1883 se
2323 1828 2474 1882 nullo
2514 1828 2679 1882 modo
2720 1842 2885 1897 posse
2917 1827 3187 1882 adversus
3217 1842 3342 1881 eum
3381 1825 3539 1895 quid-

264 1927 388 1975 τες,
416 1913 516 1965 καὶ
543 1914 680 1985 πρὸς
704 1916 918 1981 τούτοις
956 1917 1037 1971 ἔτι
1085 1919 1443 1993 Γραμματεῖς
1479 1940 1542 1975 τε
1574 1923 1669 1975 καὶ
1696 1924 1858 1991 Φαρι-

1966 1930 2131 1984 quam
2181 1931 2362 1986 agere,
2396 1926 2491 1971 aut
2538 1932 2663 1972 eum
2692 1932 2721 1971 a
2775 1915 3062 1971 miraculis
3092 1915 3321 1971 edendis
3354 1914 3542 1984 prohi-

267 2004 442 2070 σαῖοι,
480 2004 577 2057 καὶ
633 2008 756 2068 ταῖς
799 2007 1133 2080 ἀμετρήτοις
1182 2010 1553 2084 θεοσημείαις,
1611 2012 1860 2084 καθάπερ

263 2096 384 2148 τισὶ
415 2095 589 2158 λίθοις
613 2097 695 2159 εἰς
750 2100 978 2170 καρδίαν
1025 2101 1362 2174 βαλλόμενοι,
1404 2105 1497 2158 καὶ
1526 2106 1861 2177 ἐρρήγνυντο

264 2186 348 2257 τῷ
374 2187 582 2259 φθόνῳ,
611 2190 708 2242 καὶ
735 2190 929 2262 δρᾶσαι
955 2193 1054 2264 μέν
1077 2213 1132 2248 τι
1165 2196 1303 2267 πρὸς
1330 2196 1523 2262 ταῦτα,
1553 2198 1646 2251 καὶ¹
1672 2215 1862 2267 τερατ-

264 2276 580 2347 ουργοῦντα
627 2278 949 2334 διακωλύειν
1003 2284 1073 2335 δι’
1115 2284 1331 2349 οὐδενὸς
1389 2286 1594 2357 ἰσχύειν
1659 2269 1900 2359 ﬁdem».

262 2368 477 2439 τρόπου
505 2386 518 2399 ·
572 2369 926 2458 διασύροντες
979 2375 1037 2428 δὲ
1087 2377 1229 2431 οὕτω
1257 2378 1325 2432 τὰ
1354 2379 1674 2449 παραδόξως
1698 2398 1860 2450 γεγε-

265 2458 508 2528 νημένα,
535 2460 632 2513 καὶ
661 2465 772 2525 τοῖς
799 2462 859 2526 ἐξ
875 2463 1087 2535 ἀπάτης
1109 2468 1649 2539 κατασμικρύνοντες
1680 2469 1859 2535 λόγοις

263 2551 369 2621 τὴν
396 2549 559 2615 δόξαν
590 2552 778 2618 αὐτοῦ,
805 2555 915 2609 ἄνω
932 2573 991 2609 τε
1012 2558 1105 2611 καὶ
1133 2559 1283 2612 κάτω
1300 2559 1397 2630 τὴν
1423 2559 1533 2612 τῶν
1587 2561 1858 2616 Ἰουδαίων

263 2637 579 2704 διαθέοντες
627 2641 833 2712 χώραν,
882 2644 1049 2715 αὑτήν
1080 2663 1137 2698 τε
1175 2647 1274 2717 τὴν
1318 2648 1694 2720 ⁵Ἰερουσαλὴμ,
1728 2651 1856 2704 ποτὲ

268 2730 372 2801 μὲν
429 2730 673 2802 ἔφασκον
718 2736 777 2787 ἐν
830 2734 1157 2813 Βεελζεδυὺλ
1197 2740 1362 2793 αὑτὸν
1415 2741 1742 2812 ἐργάζεσθαι
1789 2743 1858 2798 τὰ

263 2826 476 2893 σημεῖα
497 2840 511 2855 ·
569 2824 704 2877 ποτὲ
730 2824 787 2878 δὲ
835 2825 999 2881 πάλιν
1027 2830 1107 2892 είς
1143 2829 1447 2895 ἀκάθεκτον
1474 2833 1672 2901 μανίαν
1716 2833 1857 2899 ἐξοι-

265 2914 620 2986 στρούμενοι,
675 2916 937 2989 δαιμονᾷν
999 2919 1100 2989 μὲν
1152 2920 1412 2989 ἔφασκον,
1443 2923 1544 2976 οὐκ
1572 2923 1768 2978 εἰδέναι
1797 2924 1854 2979 δὲ

265 3006 301 3060 ἆ
352 3023 548 3078 φησιν.
618 3002 922 3079 Ἐπετίμων
984 3011 1092 3081 γάρ
1133 3015 1251 3076 τοῖς
1325 3013 1505 3084 ὄχλοις
1567 3013 1817 3083 λέγοντες
1839 3005 1866 3046 ·’

267 3114 287 3147 ι
317 3096 615 3167 Δαιμόνιον
632 3097 767 3168 ἔχει,
811 3100 906 3152 καὶ
934 3102 1187 3171 μαίνεται
1256 3103 1311 3154 τί
1351 3103 1514 3156 αὑτοῦ
1553 3104 1849 3166 ἀκούετε;›

260 3368 544 3433 εὖκλείαις
562 3370 854 3441 ἀφορήτως
884 3373 1361 3446 ἀντεγειρόμενος,
1389 3376 1472 3440 τίς
1501 3377 1558 3430 δὲ
1587 3362 1742 3441 οὗτος
1762 3374 1851 3448 ἧν,

257 3458 581 3527 ἀναγκαίως
603 3459 734 3530 ὲρῶ.
792 3457 1100 3516 Ἀνέπείθον
1125 3463 1233 3536 γὰρ
1277 3466 1403 3529 τοὺς
1442 3466 1666 3537 δήμους,
1687 3468 1857 3520 καθά-

259 3566 370 3621 περ
444 3550 658 3621 ἀρτίως
699 3551 1006 3622 ὲδείξαμεν,
1027 3554 1118 3608 τὸν
1163 3554 1262 3625 μὲν
1294 3557 1444 3628 παρὰ
1476 3556 1570 3611 τοῦ
1599 3559 1856 3630 Σωτῆρος

258 3639 424 3711 ἡμῶν
443 3641 523 3712 μὴ
544 3642 865 3713 προσίεσθαι
884 3643 1373 3718 λόγον,ἀποφοιτᾷν
1393 3648 1471 3715 δὲ,
1493 3648 1569 3712 ὡς
1582 3649 1857 3704 διδάσκον-

257 3748 354 3796 τος
389 3733 549 3803 παρά
598 3734 689 3787 τὸν
735 3732 923 3807 νόμον,
970 3737 1069 3790 καὶ
1097 3737 1173 3802 ὡς
1230 3740 1571 3810 πορρωτάτω
1630 3741 1857 3810 φεύγειν

259 3824 624 3893 ἐπείγεσθαι,
652 3829 1006 3897 προσκεῖσθαι
1039 3829 1097 3882 δὲ
1138 3830 1338 3900 μᾶλλον
1357 3834 1470 3895 τοῖς
1497 3833 1585 3887 διὰ
1606 3834 1854 3898 Μωσέως

258 3917 740 3989 τεθεσπισμένοις.
775 3921 886 3974 Καὶ
905 3921 992 3976 διὰ
1023 3923 1183 3986 ποίαν
1201 3923 1383 3997 αίτίαν
1404 3941 1419 3989 ;
1437 3926 1717 3995 Ἐφασκον
1744 3927 1855 3997 γὰρ

258 4010 344 4062 ὅτι
382 4010 598 4081 Μωσῆς
622 4012 721 4082 μὲν
748 4014 778 4065 6
812 4012 988 4083 μέγας
1010 4015 1139 4079 τοὺς
1177 3996 1346 4069 πάλαι
1371 4017 1532 4080 λαοὺς
1560 3996 1852 4089 ἐξήνεγκεν
1876 4042 1887 4053 ι

260 4101 339 4164 είς
367 4102 704 4173 συνάντησιν
733 4104 827 4158 τοῦ
851 4105 986 4159 Θεοῦ
1004 4148 1019 4172 ,
1052 4108 1195 4162 κατά
1221 4109 1282 4162 τὸ
1310 4110 1722 4180 γεγραμμένον,
1759 4111 1854 4163 καὶ

261 4194 615 4265 παρέστησεν
648 4197 740 4249 ἐπὶ
766 4197 825 4249 τὸ
849 4197 974 4270 ὅρος
1003 4200 1062 4252 τὸ
1088 4201 1249 4267 Σινᾶ,
1300 4200 1467 4265 ἔδειξέ
1493 4218 1553 4254 τε
1585 4201 1773 4265 αὐτοῖς
1796 4205 1854 4257 ὲν

261 4283 340 4355 τῷ
379 4285 501 4355 δρει
522 4285 617 4338 τὸν
643 4287 775 4340 Θεὸν
793 4328 808 4354 ,
836 4288 934 4341 καὶ
962 4287 1195 4343 ἀκοῦσαι
1227 4290 1606 4362 παρεσκεύασε
1635 4291 1743 4346 τῶν
1768 4291 1856 4344 λόε

262 4391 376 4443 γων
415 4374 1096 4450 αύτοῦ,πεπληροφόρηκέ
1130 4396 1186 4432 τε
1216 4381 1310 4433 καὶ
1342 4379 1485 4450 μάλα
1515 4380 1725 4450 σαφῶς,
1771 4383 1852 4435 ὅτι

261 4466 396 4530 Θεὸς
423 4466 606 4520 ἐλάλει
646 4467 773 4532 τοὺς
816 4468 1016 4539 νόμους
1040 4485 1053 4500 θ
1108 4470 1137 4522 6
1168 4469 1225 4522 δὲ
1271 4470 1476 4523 τούτων
1501 4469 1651 4522 οὐδὲν
1682 4468 1851 4534 ἔδειξε

1966 2006 2097 2062 bere
2126 2023 2141 2061 :
2170 2006 2265 2062 sed
2302 2007 2589 2078 stupendis
2649 2007 2760 2061 illis
2792 2015 2848 2062 et
2874 2005 3112 2063 insolitis
3143 2007 3404 2077 operibus
3441 2005 3540 2061 de-

1964 2096 2280 2161 trahentes,
2316 2112 2381 2151 ac
2446 2097 2687 2153 versutis
2718 2097 3067 2153 sermonibus
3132 2097 3253 2166 ejus
3306 2097 3538 2168 gloriam

1961 2186 2256 2250 elevantes,
2294 2187 2657 2259 hueillueque
2681 2186 2992 2243 Iudaeorum
3023 2186 3301 2259 regionem
3326 2189 3531 2257 ipsam-

1962 2292 2069 2346 que
2093 2275 2398 2334 Jerusalem
2440 2279 2732 2343 obeuntes,
2771 2277 2933 2334 modo
2967 2278 3190 2349 quidem
3221 2278 3444 2334 aiebant
3477 2278 3534 2333 in

1962 2368 2257 2425 Beelzebul
2319 2385 2444 2426 eum
2515 2371 2670 2442 signa
2733 2369 2913 2427 facere
2932 2371 3014 2438 ⁸⁷;
3069 2369 3235 2425 modo
3289 2368 3540 2425 ed‘renati

1963 2459 2167 2517 furoris
2204 2469 2374 2517 (nstro
2408 2462 2600 2531 perciti
2635 2460 2965 2516 daemonium
3014 2462 3217 2517 habere
3264 2461 3540 2529 dicebant,

1960 2558 2015 2607 et
2037 2553 2248 2609 nescire
2267 2568 2390 2623 qua:
2409 2555 2749 2625 loqueretur.
2774 2552 3138 2624 lncrepabant
3158 2553 3303 2608 enim
3323 2552 3538 2618 turbas,

1960 2642 2253 2700 dicentes:
2302 2663 2320 2696 ι
2375 2644 2717 2699 Dmmonium
2775 2644 2962 2709 habet,
3008 2652 3065 2699 et
3111 2643 3357 2698 insanit:
3407 2643 3540 2713 quid

1959 2749 2083 2789 eum
2123 2736 2328 2791 auditi's
2352 2736 2435 2790 Im?
2474 2755 2493 2788 ι
2526 2736 2660 2802 Quae
2696 2750 2826 2791 vero
2880 2750 3047 2791 causa
3109 2734 3387 2790 exstiterit
3438 2749 3542 2789 cur

1957 2826 2077 2895 ejus
2095 2826 2281 2897 gloriae
2304 2833 2591 2896 tantopere
2609 2826 2951 2890 resisterent,
2984 2825 3300 2882 necessario
3322 2824 3529 2881 dicam.

1956 2915 2366 2973 Persuadebant
2401 2919 2595 2981 turbis,
2626 2919 2790 2975 sicuti
2821 2918 2986 2973 modo
3002 2918 3531 2978 demonstravimus,

1956 3007 2263 3062 doctrinam
2301 3007 2610 3065 Servatoris
2640 3011 2815 3067 nostri
2852 3025 2960 3065 non
2987 3009 3305 3073 admittere,
3343 3008 3439 3064 sed
3467 3008 3537 3063 ab

1959 3111 2023 3152 ea
2063 3097 2322 3153 recedere
2356 3107 2415 3154 ut
2436 3100 2541 3171 legi
2567 3102 2871 3167 contraria,
2894 3115 2958 3155 ac
2981 3099 3303 3170 longissime
3322 3097 3534 3169 fugere,

1962 3191 2362 3261 praeceptisque
2394 3191 2653 3248 Mosaicis
2694 3192 2878 3262 potius
2927 3191 3230 3247 adhaerere.
3270 3188 3382 3245 Cur
3422 3189 3544 3244 ita?

1961 3282 2196 3337 Aiebant
2240 3282 2501 3337 nimirum
2536 3297 2796 3353 magnum
2867 3282 3021 3337 illum
3069 3280 3259 3336 Mosen
3308 3280 3544 3351 populos

1960 3372 2219 3428 eduxisse
2270 3373 2327 3426 in
2357 3388 2650 3429 occursum
2684 3372 2820 3438 Deo,
2851 3381 2913 3427 ut
2975 3373 3241 3443 scriptum
3285 3371 3462 3438 est",
3487 3379 3544 3427 et

1962 3464 2028 3519 ad
2062 3474 2299 3520 montem
2334 3464 2466 3520 Sina
2508 3465 2795 3532 statuisse,
2829 3466 3020 3536 eisque
3050 3464 3223 3519 Deum
3256 3463 3312 3518 in
3346 3472 3536 3520 monte

1960 3553 2296 3618 ostendisse,
2323 3562 2377 3609 et
2398 3552 2647 3610 ell‘ecisse
2699 3553 2760 3608 ut
2795 3556 3077 3610 sermones
3106 3553 3228 3623 ejus
3262 3552 3540 3617 audirent,

1960 3649 2217 3718 clareque
2236 3647 2650 3703 demonstrasse
2674 3646 2767 3701 Dei
2790 3661 2886 3702 ore
2911 3645 3087 3715 legem
3122 3643 3362 3707 editam;
3389 3643 3541 3697 hunc

1961 3744 2143 3791 autem
2184 3737 2417 3793 istorum
2452 3736 2590 3790 nihil
2621 3736 2783 3805 plane
2814 3734 3032 3790 fecisse.
3075 3731 3202 3787 Haec
3238 3730 3362 3786 illos
3386 3730 3542 3786 iden-

1962 3829 2132 3883 tidem
2168 3829 2504 3892 inculcasse,
2537 3827 2668 3881 hinc
2700 3826 2958 3895 accipies.
2994 3822 3221 3882 Videbis
3256 3823 3402 3878 enim
3445 3836 3542 3877 eos

1960 3934 2165 3975 caecum
2199 3920 2351 3974 illum
2397 3934 2427 3973 a
2485 3918 2792 3981 nativitate,
2828 3930 2990 3986 quem
3033 3912 3295 3968 Senator
3345 3912 3541 3968 ineﬂ‘a—

1959 4011 2053 4066 bili
2086 4009 2286 4065 virtute
2326 4011 2561 4074 curavit,
2587 4010 2672 4063 his
2712 4008 2894 4063 verbis
2928 4005 3357 4074 compellantes:
3394 4023 3413 4056 ι
3448 4002 3536 4059 Tu

1923 4098 2270 4169 ‘discipulus
2328 4098 2479 4154 illius
2512 4098 2629 4154 sis:
2680 4111 2784 4152 nos
2814 4106 2995 4152 autem
3036 4093 3210 4166 Moysi
3272 4093 3540 4164 discipuli

1955 4204 2167 4246 sumus.
2235 4187 2348 4245 Nos
2419 4189 2569 4244 enim
2605 4189 2813 4243 scimus
2876 4188 3006 4257 quia
3068 4184 3242 4256 Moysi
3316 4185 3538 4241 locutus

1957 4291 2041 4338 est
2064 4280 2227 4347 Deus,
2257 4282 2406 4335 hunc
2425 4296 2561 4335 vero
2590 4281 2870 4335 nescimus
2903 4278 3050 4334 unde
3070 4278 3227 4333 sit".
3254 4295 3273 4329 ι
3295 4275 3541 4343 Quicun-

1956 4385 2065 4442 que
2093 4386 2224 4441 ergo
2253 4370 2503 4426 Judaicis
2528 4370 2759 4446 placitis.
2779 4367 3246 4439 asﬁpulabantur,
3277 4366 3540 4422 invictam

1933 4467 2012 4514 .et
2059 4458 2542 4529 inexpugnabilem
2581 4458 2726 4513 hanc
2760 4458 3035 4512 rationem
3077 4470 3203 4511 esse
3247 4455 3535 4525 putabant,

260 4556 571 4620 παντελῶς.
625 4558 747 4612 Ὀτι
794 4557 850 4611 δὲ
884 4552 1038 4624 οὗτος
1078 4555 1146 4631 ἦν
1178 4560 1350 4624 πολὺς
1392 4559 1521 4631 παρ’
1549 4560 1779 4624 ἐκείνοις
1825 4562 1853 4613 6

1960 4549 2386 4620 turbabantque,
2420 4558 2482 4605 ut
2533 4549 2796 4604 credibile
2862 4557 2969 4613 est,
3024 4546 3189 4618 776
3233 4553 3401 4616 atque
3430 4545 3537 4600 hoc

259 4650 460 4718 λόγος,
503 4644 757 4702 ἐντεῦθεν
808 4651 1049 4722 μαθήσῃ.
1102 4652 1410 4722 Θεωρήσεις
1451 4650 1560 4721 γὰρ
1595 4651 1854 4718 λέγοντας

262 4742 399 4813 πρὸς
424 4740 520 4793 τὸν
550 4740 614 4794 ὲκ
649 4741 878 4812 γενετῆς
905 4742 1134 4812 τυφλὸν,
1167 4741 1225 4797 ὃν
1250 4743 1475 4814 ἀρρήτῳ
1506 4742 1730 4813 δυνάμει
1763 4758 1851 4793 τε·

261 4833 611 4904 θεράπευκεν
664 4834 694 4886 6
738 4833 966 4904 Σωτήρ·
1028 4854 1047 4886 ‹
1099 4832 1471 4906 Συμμαθητὴς
1514 4827 1565 4886 εἴ
1614 4833 1846 4897 ἐκείνου,

259 4926 425 4995 ἡμεῖς
454 4924 516 4977 δὲ
545 4922 643 4977 τοῦ
680 4924 924 4988 Μωσέως
966 4925 1133 4996 ἐσμὲν
1177 4908 1435 4997 μαθηταί.
1500 4925 1697 4994 Ἡμεῖς
1739 4926 1848 4994 γὰρ

257 5017 485 5087 οῖδαμεν
513 5016 599 5069 ὅτι
630 5016 805 5086 Μωσῇ
838 5015 1133 5087 λελάληκεν
1166 5018 1195 5070 6
1222 5017 1355 5081 Θεός
1377 5031 1393 5047 ⁶
1440 5015 1629 5070 τοῦτον
1666 5016 1723 5069 δὲ
1748 5017 1850 5070 οὐκ

257 5107 488 5179 οἴδαμεν
516 5105 683 5160 πόθεν
708 5097 878 5160 ἐστίν.
911 5126 930 5157 ι
981 5106 1259 5178 Ἐνόμιζον
1284 5108 1464 5161 τοίνυν
1491 5108 1541 5161 οί
1570 5108 1682 5170 τοῖς
1723 5107 1850 5160 Ἰου-

257 5199 472 5262 δαῖκοῖς
526 5198 986 5269 συναγορεύοντες
1029 5200 1296 5270 δόγμασι,
1349 5197 1849 5268 δυσανταγώνιστόν

258 5307 379 5343 τινα
410 5289 511 5342 τὸν
535 5288 634 5341 ἐπὶ
653 5289 862 5354 τούτοις
887 5290 1157 5345 ποιεῖσθαι
1193 5290 1370 5360 λόγον,
1402 5292 1495 5346 καὶ
1522 5291 1622 5345 οὐκ
1655 5289 1852 5344 εὐανά-

258 5398 499 5453 τρεπτον
535 5383 650 5444 τοῖς
696 5380 945 5446 πολλοῖς,
994 5381 1287 5453 ἐθορύϐουν
1310 5383 1389 5448 δὲ,
1415 5364 1498 5446 ὡς
1539 5382 1712 5448 εἰκὸς,
1756 5383 1851 5436 καὶ⁹

260 5469 648 5536 ὑπεσκέλιζον,
674 5471 762 5525 διά
791 5471 983 5525 τούτου
1017 5472 1267 5537 πολλούς.
1312 5473 1485 5526 Τοῦτο
1512 5473 1633 5527 καθ’
1657 5472 1851 5526 ἑαυτὸν

258 5560 522 5632 ἐννοήσας
569 5561 598 5612 6
622 5560 924 5629 Φίλιππος,
975 5561 1052 5625 ὡς
1077 5561 1452 5633 λυθησομένης
1502 5560 1720 5631 ἁπάσης
1749 5560 1849 5629 τῆς

260 5650 365 5706 τῶν
416 5649 695 5705 Ἰουδαίων
737 5649 1075 5717 ἀντιλογίας,
1121 5651 1169 5702 εί
1206 5651 1300 5702 καὶ
1347 5648 1509 5710 αὐτὸς
1544 5647 1766 5711 δείξειεν
1822 5649 1852 5699 ὁ

331 5833 376 5867 ⁸⁷
418 5832 560 5887 Luc.
592 5848 674 5895 χι,
713 5831 802 5887 15.
879 5832 925 5865 ⁸⁸
972 5830 1133 5888 Joan.
1167 5847 1223 5907 ξ,
1252 5832 1343 5886 ‘20.

594 5925 864 5987 Ρλτιιοι..
906 5925 1021 5988 Gn.
1062 5925 1312 5986 LXXIV.
1424 5972 1434 5982 .

1962 4641 2126 4696 modo
2164 4641 2367 4696 multos
2403 4640 2757 4709 dejiciebant.
2797 4638 2914 4693 Hoc
2955 4637 3100 4708 apud
3131 4651 3191 4692 se
3242 4634 3534 4707 Philippus

1920 4740 1935 4752 ο
1962 4729 2268 4793 revolvens,
2292 4728 2451 4798 quasi
2477 4728 2659 4784 omnis
2690 4727 2785 4781 illa
2812 4725 3127 4781 Judaeorum
3148 4723 3391 4795 objectio
3415 4724 3542 4780 fun-
3614 4716 3633 4729 ³

1957 4818 2109 4876 ditus
2132 4820 2353 4874 ruitura
2384 4827 2554 4887 esset,
2595 4819 2643 4874 si
2675 4826 2730 4874 et
2760 4821 2878 4888 ipse
2905 4817 3162 4873 Christus
3185 4815 3540 4873 credentibus

1957 4910 2012 4964 in
2079 4910 2259 4980 ipsum
2326 4909 2544 4964 Patrem
2599 4908 2949 4975 ostenderet,
3003 4908 3091 4963 his
3161 4922 3287 4963 eum
3350 4907 3539 4964 verbis

1956 5002 2289 5072 compellat:
2349 5019 2368 5052 ι
2410 5000 2662 5067 Domine,
2704 5001 2938 5058 ostende
2978 5000 3143 5056 nobis
3200 4998 3440 5065 Patrem,
3483 5006 3540 5054 et

1958 5093 2158 5150 sufficit
2190 5094 2374 5149 nobis.
2398 5113 2416 5146 ›
2439 5091 2609 5164 Finge
2630 5092 2780 5149 enim
2806 5093 2923 5148 haec
2944 5106 3071 5147 eum
3101 5090 3282 5161 loqui:
3315 5088 3535 5171 Omnia,

1958 5187 2156 5257 inquit,
2198 5200 2231 5240 ο
2294 5183 2544 5251 Domine,
2584 5191 2679 5239 tua
2725 5190 3000 5255 potestate
3034 5188 3372 5254 peraguntur
3413 5194 3538 5251 quae

1956 5291 2058 5332 nos
2091 5279 2159 5332 ad
2219 5275 2380 5332 fidem
2415 5275 2724 5343 inducunt;
2757 5274 3067 5330 innumeris
3125 5270 3409 5326 miraculis
3433 5268 3536 5326 Ju-

1956 5367 2129 5424 daicae
2194 5366 2550 5437 procacitatis
2610 5363 2995 5436 intemperiem
3056 5374 3315 5418 coercere
3384 5358 3535 5415 licet.

1956 5458 2107 5514 Nihil
2145 5465 2329 5515 autem
2359 5457 2522 5514 nobis
2554 5458 2718 5529 plane
2749 5454 2990 5512 defuerit
3021 5453 3068 5508 si
3121 5458 3178 5508 et
3204 5451 3325 5521 ipse
3373 5449 3536 5506 nobis

1955 5551 2178 5607 Patrem
2212 5566 2278 5608 ac
2306 5550 2479 5606 Deum
2528 5548 2883 5607 ostenderis:
2932 5540 3164 5602 sufﬁciet
3191 5543 3340 5600 enim
3386 5541 3537 5599 istud

1961 5644 2075 5702 tuis
2104 5642 2418 5714 discipulis,
2456 5650 2516 5699 ut
2547 5656 2740 5699 eorum
2789 5638 2885 5711 qui
2930 5637 3046 5693 haec
3082 5634 3371 5709 proferunt
3416 5649 3534 5720 ser:

1449 5832 1492 5863 ⁸³
1528 5829 1698 5885 Exod.
1749 5843 1865 5884 nx.
1902 5828 1989 5883 Π.
2067 5827 2111 5860 ³ο
2143 5823 2302 5881 Joan.
2333 5841 2408 5890 ix,
2436 5823 2531 5890 28,
2559 5822 2652 5879 ‘29.

3024 5909 3058 5973 Ἰ
