4006 6422
464 426 574 487 203

1436 420 1492 475 S.
1525 418 1802 474 Οἵιιιιω
1843 415 2317 470 ΑιΕχΑΝοῐιιΝι
2356 413 2679 470 ARCIIIEP.

3644 418 3744 474 204

465 562 659 609 mones
690 544 997 604 retundere
1027 545 1268 616 possint.
1317 540 1632 598 Istiusmodi
1677 552 1903 595 sensum
1949 537 2052 591 loci

2164 536 2397 605 Χριστὸς
2425 536 2537 598 τοῖς
2567 537 2646 597 εἰς
2672 535 2836 588 αὑτὸν
2862 535 3177 589 πιστεύουσι
3204 534 3296 591 τὸν
3319 535 3564 608 Πατέρα,
3588 538 3747 609 πρόσ-

465 645 632 715 liujus
662 640 977 704 merentes,
1006 652 1035 692 a
1066 646 1217 694 recta
1272 636 1490 690 ratione
1522 632 1846 702 neutiquam
1897 629 2055 685 deer-

420 794 423 801 ,
467 737 733 793 rabimus.
766 732 836 789 Ut
866 734 1013 789 enim
1048 731 1157 785 hoc
1188 730 1351 785 modo
1383 724 1919 797 intelligamusﬁpse
1953 737 2056 777 nos

468 829 753 898 Philippus
784 825 980 897 adigit,
1011 823 1242 879 dicens:
1274 820 1484 876 Suilicit
1529 817 1693 874 nobis
1731 816 1923 871 videre
1952 813 2054 867 Pa-

421 917 428 922 ’
467 931 608 978 trem
640 927 694 975 et
722 918 914 983 Deum,
951 917 1113 986 quasi
1141 916 1244 969 hoc
1265 914 1444 969 solum
1489 909 1846 966 credentibus
1873 906 2056 972 desit;

419 993 438 1078 ξ
467 1009 588 1079 ipse
613 1020 837 1077 quoque
858 1003 1117 1059 Christus
1142 999 1551 1073 quodammodo
1580 996 1900 1068 persuadet,
1924 1010 2050 1050 cum

470 1102 523 1154 iu
557 1096 918 1169 sequentibus
948 1097 1061 1151 ait:
1104 1114 1122 1146 ι
1164 1094 1351 1151 Verba
1370 1108 1495 1165 quae
1516 1108 1621 1165 ego
1651 1092 1850 1162 loquor
1872 1088 2049 1154 vobis,

2161 644 2270 680 εισι
2298 627 2474 694 λέγων
2498 643 2513 658 °
2557 645 2574 677 ι
2603 627 2811 698 Κύριε,
2851 626 3026 694 δεῖξον
3052 630 3183 699 ἡμῖν
3220 629 3314 683 τὸν
3350 628 3574 700 Πατέρα
3594 667 3612 695 ,
3659 632 3747 711 καὶ

2161 722 2323 790 ἀρκεῖ
2351 722 2550 790 ἡμῖν.»
2614 720 2816 773 Ἐννόει
2855 720 2966 789 γὰρ
3004 719 3266 790 λέγοντα·
3307 722 3526 783 Πάντα,
3563 721 3743 792 φησὶν,

2158 807 2203 866 ὧ
2226 813 2493 876 Δέσποτα,
2519 814 2599 875 εἰς
2616 812 2808 869 κπίστιν
2834 813 3103 882 ἐπαγωγὰ
3137 814 3229 869 διὰ
3248 813 3348 885 τῆς
3375 814 3477 884 σῆς
3504 812 3749 878 ἐξουσίας

2156 904 2393 958 τελεῖται
2413 944 2429 969 ,
2457 904 2546 958 διὰ
2588 905 2801 976 μυρίων
2833 905 3135 977 θαυμάτων
3174 906 3552 976 δυσωπήσειεν
3576 907 3641 961 ἄν
3666 924 3751 969 τις

2162 997 2261 1067 τῆς
2288 996 2395 1051 τῶν
2435 996 2706 1051 Ἰουδαίων
2751 998 3132 1068 γλωσσαλγίας
3181 998 3243 1052 τὸ
3290 999 3550 1069 ἀκρατές.
3600 999 3751 1051 Ἐπι-

2160 1090 2318 1162 λείψῃ
2347 1090 2391 1145 δ’
2430 1090 2496 1145 ἂν
2529 1092 2663 1162 ἡμῖν
2692 1094 2774 1153 είς
2804 1091 2867 1144 τὸ
2896 1092 3162 1162 παράπαν
3187 1090 3371 1153 οὐδὲν,
3399 1092 3448 1143 εί
3476 1090 3570 1144 καὶ
3594 1089 3753 1153 αὐτὸς

468 1207 497 1245 a
528 1192 740 1254 meipso
772 1203 881 1244 non
913 1189 1142 1259 loquor:
1177 1182 1341 1243 Pater
1367 1195 1550 1241 autem
1586 1185 1644 1239 in
1674 1198 1763 1239 me
1799 1195 2051 1247 manens,

2160 1184 2296 1253 ἡμῖν
2326 1182 2616 1247 ἐπιδείξεις
2654 1182 2747 1236 τὸν
2784 1183 3009 1255 Πατέρα
3040 1184 3136 1237 καὶ
3171 1182 3306 1237 Θεόν
3331 1199 3345 1214 ⁶
3393 1182 3619 1253 ἀρκέσει
3646 1181 3756 1252 γὰρ

467 1283 589 1352 ipse
628 1279 762 1334 iacit
793 1292 967 1350 Opera
985 1279 1055 1333 ".
1097 1297 1121 1331 ν
1152 1276 1312 1344 Quod
1337 1274 1617 1347 quomodo
1641 1273 1715 1328 sit
1744 1270 2052 1342 intelligen-

2161 1274 2319 1328 τοῦτο
2343 1274 2458 1337 τοῖς
2486 1276 2598 1338 σοῖς
2622 1275 2925 1347 μαθηταῖς,
2948 1278 3027 1340 εἰς
3048 1276 3109 1329 τὺ
3129 1274 3392 1330 δύνασθαι
3421 1274 3639 1339 λοιπὸν,
3664 1274 3758 1328 καὶ

466 1373 617 1434 dum,
646 1385 758 1425 non
791 1370 1316 1440 impraesentiarum,
1360 1366 1457 1423 sed
1501 1365 1679 1436 magis
1737 1362 1937 1418 idoneo
1998 1368 2052 1416 et

2165 1365 2314 1435 μάλα
2342 1364 2547 1431 καλῶς,
2564 1368 2676 1428 τοῖς
2708 1366 2816 1421 τῶν
2847 1370 3031 1422 ἐκεῖνα
3070 1365 3466 1438 προτεινόντων
3494 1363 3756 1419 καθοπλί-

467 1464 716 1534 proximo
747 1461 964 1518 dicetur
988 1463 1128 1516 loco.
1842 1506 1847 1510 .

2164 1453 2358 1520 ζεσθαι
2384 1454 2584 1525 λόγοις.
2636 1456 2909 1530 τοιαύτην
2957 1460 3083 1512 τινὰ
3114 1455 3351 1529 θεωρίαν
3390 1458 3506 1520 τοῖς
3535 1472 3758 1527 προκει-

468 1552 652 1623 μένοις
707 1550 1056 1615 ἐποίσαντες,
1102 1550 1203 1604 οὐκ
1232 1548 1333 1614 ἂν,
1387 1545 1575 1619 οἶμαι,
1643 1546 1741 1601 τοῦ
1792 1545 2097 1617 πρέποντος
2158 1545 2320 1616 λόγου
2363 1546 2867 1621 διαμαρτήσαιμεν.
2934 1550 3109 1605 Καλεῖ
3153 1549 3262 1624 γὰρ
3307 1549 3653 1621 ἡμᾶςηπρδς
3696 1548 3761 1601 τὸ

464 1644 609 1697 οὕτω
635 1647 777 1699 νοεῖν
828 1646 924 1698 καὶ
970 1643 1136 1706 αὐτὸς
1181 1644 1211 1696 ό
1260 1624 1569 1706 Φίλιππος,
1610 1640 1818 1709 λέγων·
1893 1639 2079 1709 Ἀρκεῖ
2116 1639 2253 1710 ἡμῖν
2295 1640 2358 1694 τὸ
2408 1628 2534 1695 ίδεῖν
2571 1642 2661 1696 τὸν
2688 1644 2909 1715 Πατέρα
2938 1646 3033 1698 καὶ
3092 1642 3227 1698 Θεὸν
3249 1683 3265 1709 ,
3312 1643 3514 1697 ὡσανεὶ
3567 1641 3760 1695 τούτου

467 1735 561 1789 καὶ
598 1735 760 1805 μόνου
807 1737 922 1798 τοῖς
953 1734 1380 1788 πεπιστευκόσιν
1426 1732 1828 1796 ἐλλελοιπότος,
1857 1729 2108 1785 ὑποτιθεῖ
2142 1732 2199 1785 δέ
2240 1751 2358 1797 πως
2378 1773 2393 1795 ,
2446 1735 2539 1788 καὶ⁹
2567 1736 2731 1800 αὐτὸς
2763 1738 2792 1789 ὁ
2822 1737 3139 1808 Σωτὴρ,’ἐν
3169 1740 3283 1801 τοῖς
3321 1736 3519 1807 ἐφεξῆς
3555 1733 3757 1788 εἰπών’

473 1847 491 1879 ι
516 1824 599 1880 Τὰ
640 1827 885 1897 ῥήματα,
925 1826 962 1880 ἃ
996 1823 1109 1894 ἐγὼ
1141 1825 1288 1894 λέγω
1338 1824 1488 1895 ὑμῖν,
1531 1824 1626 1877 ἀπ’
1657 1822 1896 1893 ἐμαυτοῦ
1922 1822 1983 1875 οὐ
2025 1822 2192 1891 λαλῶ,
2230 1826 2259 1877 ό
2288 1825 2346 1878 δὲ
2376 1827 2569 1897 Πατὴρ
2599 1828 2656 1880 ἐν
2693 1828 2819 1897 ἐμοὶ
2850 1829 3029 1898 μένων
3048 1870 3062 1893 ,
3092 1831 3238 1883 ποιεῖ
3257 1828 3326 1882 τὰ
3356 1829 3494 1900 ἔργα
3519 1828 3706 1891 αὐτός.
3735 1843 3757 1876 ι

467 1918 543 1971 To
573 1917 633 1970 δὲ
675 1918 825 1980 ὅπως
860 1918 1127 1990 προσήκει
1179 1917 1275 1970 καὶ
1316 1914 1476 1968 τοῦτο
1531 1918 1704 1980 νοεῖν,
1733 1914 1833 1967 οὐκ
1874 1915 1932 1965 ἐν
1976 1912 2055 1982 τῷ
2086 1915 2317 1985 παρόντι
2349 1915 2585 1988 μᾶλλον,
2635 1917 2754 1971 ἀλλ’
2782 1922 2840 1971 ἐν
2877 1918 2959 1989 τῷ
3015 1919 3455 1991 πρεπωδεστέρῳ
3499 1918 3595 1973 καὶ
3639 1918 3760 1988 γείτ

466 2028 580 2066 τονι
613 2008 887 2077 λελέξεται
915 2010 1084 2079 τόπῳ.

539 2102 683 2167 λιν,
712 2103 764 2156 9.
818 2098 962 2155 Dicit
1002 2102 1050 2156 ei
1080 2101 1237 2156 Iesus
1261 2116 1279 2153 :
1316 2099 1357 2153 Τ
1362 2108 1491 2153 αηιο
1526 2109 1754 2166 tempore
1793 2096 2052 2150 vobiscum

2235 2096 2407 2166 Λέγει
2454 2097 2615 2163 αὐτῷ
2659 2101 2691 2152 ό
2746 2099 3011 2167 Ἰησοῦςο
3078 2100 3356 2164 Τοσούτῳ
3389 2101 3588 2168 χρόνῳ
3629 2097 3763 2171 μεθ’

468 2213 612 2262 sum,
640 2202 690 2251 et
717 2210 822 2249 non
854 2194 1146 2265 cognovisti
1176 2208 1281 2259 me,
1321 2190 1611 2261 Philippe?
1642 2190 1747 2257 Qui
1778 2186 1916 2243 videt
1953 2202 2056 2251 me,

468 2289 606 2344 uidet
635 2298 686 2343 et
712 2287 959 2341 Patrem.

540 2380 983 2438 lnetcnsabilem
1018 2393 1145 2433 esse
1181 2378 1459 2450 discipulo
1485 2375 1851 2447 ignorantiam
1875 2380 2061 2428 osten-

468 2476 571 2531 dit.
600 2470 944 2529 Diﬂicillimae
971 2470 1119 2525 enim
1153 2469 1670 2540 contemplationes,
1691 2473 1746 2520 et
1777 2480 1898 2535 quae
1922 2464 2057 2519 sub-

469 2565 781 2623 tilissimum
847 2560 1053 2633 ingenii
1110 2561 1284 2616 aciem
1339 2566 1399 2614 ut
1449 2558 1829 2629 percipiantur
1877 2556 2058 2625 requi-

466 2667 617 2724 runt,
647 2656 864 2712 lanietsi
910 2654 1054 2709 haud
1088 2654 1290 2723 exiguo
1345 2651 1538 2707 forsan
1571 2659 1838 2721 tempore,
1895 2648 2057 2717 longo

466 2763 647 2807 tamen
677 2748 858 2820 spatio
898 2743 1293 2816 comprehendi
1345 2751 1577 2815 queunt,
1635 2744 1682 2797 si
1719 2740 1882 2794 modo
1939 2745 2058 2794 stu-

466 2842 617 2897 dium
647 2837 798 2893 adsit
827 2855 840 2890 :
876 2836 931 2890 in
968 2836 1175 2906 quibus
1206 2849 1342 2889 vero
1376 2834 1515 2888 nihil
1545 2838 1633 2886 cst
1665 2828 1930 2900 ambigui,
1961 2828 2058 2884 sed

464 2944 591 3003 qua:
631 2937 783 2985 recta
812 2928 1136 2999 cognitione
1179 2932 1458 2991 constant,
1492 2925 1648 2980 nullo
1682 2922 1900 2993 negotio
1929 2936 2055 2992 per-

465 3021 768 3093 cipiuntur.
804 3018 947 3086 Quid
980 3032 1132 3088 ergo,
1188 3019 1389 3088 inquit,
1453 3033 1487 3071 ο
1516 3016 1788 3087 Philippe,
1820 3015 2055 3086 impedi-

465 3126 656 3173 mento
707 3110 874 3171 fuerit
922 3113 1224 3185 quominus
1271 3113 1512 3185 perfecte
1556 3128 1642 3167 me
1687 3126 2054 3182 agnosceres,

463 3209 731 3271 ediSScre,
764 3218 972 3277 quasso.
1030 3203 1182 3260 Licet
1208 3204 1357 3259 enim
1405 3212 1513 3258 tam
1562 3204 1785 3274 longum
1838 3211 2056 3273 tempus

462 3300 761 3366 efﬂuxerit,
795 3313 908 3369 quo
940 3312 1062 3356 sum
1094 3298 1401 3363 vobiscum,
1460 3305 1513 3353 et
1546 3296 1613 3352 ad
1643 3305 1848 3352 certam
1892 3294 2053 3351 fidem

465 3384 702 3449 suliiciat
758 3405 951 3446 eorum
980 3403 1104 3461 qua:
1132 3398 1184 3444 te
1222 3388 1439 3445 discere
1468 3388 1779 3459 oportebat,
1829 3387 2054 3442 dubitas

2164 2186 2332 2255 ὑμῶν
2356 2190 2505 2258 ειμι,
2558 2190 2657 2244 καί
2701 2192 2814 2245 οὐκ
2858 2189 3127 2259 ἔγνωκάς
3173 2207 3284 2259 με,
3338 2191 3641 2255 Mimas;
3708 2193 3764 2245 '0

2159 2278 2433 2348 ἑωρακὼς
2454 2281 2580 2351 ἐμὲ,
2617 2280 2843 2351 ἑώρακε
2876 2283 2988 2337 τὸν
3012 2284 3266 2352 Πατέρα.

2245 2374 2299 2425 ’Δ
2307 2372 2678 2444 προφάσιστον
2692 2374 2772 2445 τῷ
2789 2375 3005 2447 μαθητῇ
3026 2377 3127 2445 τὴν
3142 2376 3384 2447 ἀμαθίαν
3400 2377 3756 2434 ἐπιδεικνυει.

2160 2463 2240 2517 Τὰ
2272 2465 2369 2535 μὲν
2384 2465 2494 2538 γὰρ
2516 2465 2948 2538 δυσεφικτάτερα
2966 2466 3281 2539 τῶνᾜεωρη
3292 2469 3478 2539 μάτων
3502 2470 3594 2524 καὶ
3618 2471 3762 2542 πρὸς

2159 2554 2465 2626 κατάληψιν
2490 2558 2589 2629 τὴν
2616 2559 2676 2610 ἐν
2704 2561 3080 2629 νοήσει,φημ“ι,
3107 2558 3438 2632 λεπτοτέραν
3465 2563 3523 2614 ἐν
3542 2561 3765 2626 ἑαυτοῖς

2158 2645 2500 2710 ἐξαιτοῦνται
2520 2646 2644 2719 [πρ.
2670 2647 3024 2722 ἐξαιτοῦντα]
3050 2650 3149 2721 τὴν
3183 2651 3447 2721 βάσανον,
3478 2654 3527 2705 εί
3553 2655 3648 2708 καὶ
3687 2654 3763 2725 μὴ

2158 2738 2216 2790 ἐν
2242 2738 2409 2808 ὀλίγῳ
2441 2738 2621 2810 χρόνῳ
2664 2740 2857 2810 τυχὸν,
2915 2741 3030 2794 ἀλλ’
3068 2736 3161 2794 οὖν
3204 2742 3263 2794 ἐν
3304 2744 3546 2813 μακραῖς
3572 2758 3764 2817 παρα-

2157 2827 2349 2881 τάσεσι
2393 2828 2504 2882 τῶν
2535 2830 2746 2901 καιρῶν
2791 2830 2947 2886 ἔσται
2985 2832 3049 2903 δὴ
3095 2833 3316 2897 πάντως
3355 2833 3610 2906 ἁλώσιμα
3647 2838 3763 2901 τοῖς

2158 2919 2522 2990 φιλομαθέσι,
2572 2923 2668 2976 καὶ
2707 2926 2999 2996 καταφανῆ
3039 2926 3336 2996 γενήσεται
3362 2942 3377 2957 ο
3424 2920 3504 2991 οἷς
3542 2925 3607 2981 δὲ
3658 2928 3761 2982 οὐκ

2156 3015 2334 3069 ἔνεστι
2356 3018 2415 3069 τὸ
2446 3018 2772 3089 περισκελὲς
2791 3060 2806 3085 ,
2856 3019 2972 3074 ἀλλ’
3002 3019 3219 3074 εὐθεῖαν
3246 3020 3360 3093 ἔχει
3391 3022 3488 3093 τὴν
3522 3022 3754 3095 εἴδησιν,

2156 3106 2367 3170 τούτοις
2400 3106 2465 3161 ἄν
2486 3125 2568 3172 τις
2593 3109 2915 3180 προσϐάλοι,
2932 3113 3026 3165 καὶ
3056 3111 3174 3164 Αίαν
3199 3113 3432 3168 ἀκονιτί.
3460 3110 3529 3165 Τί
3548 3114 3757 3175 τοίνυν,

2157 3192 2345 3265 φησὶν,
2377 3187 2422 3247 ὧ
2444 3195 2700 3263 Φίλιππε,
2738 3198 2875 3269 πρὸς
2901 3199 2999 3270 τὴν
3026 3201 3117 3252 ὑπ’
3149 3201 3273 3269 ἐμοὶ
3302 3200 3518 3255 σύνεσιν
3549 3202 3762 3274 ἀκριϐῆ

2155 3282 2217 3335 τὸ
2250 3283 2652 3355 παραποδίσαν,
2679 3287 2819 3341 εἰπέ.
2870 3288 3064 3341 Καίτοι
3092 3289 3200 3361 γὰρ
3224 3288 3377 3349 »οὕτω
3419 3291 3643 3363 μακροῦ
3676 3294 3763 3348 δι-

2157 3375 2453 3440 ελάσαντος
2481 3377 2676 3448 χρόνου
2698 3417 2714 3443 ,
2742 3379 2948 3435 καθ’ὃν
2978 3381 3096 3451 εἰμὶ
3134 3381 3256 3452 μεθ’
3285 3383 3438 3453 ὑμῶν
3458 3428 3471 3449 ,
3532 3386 3631 3438 καὶ
3662 3387 3765 3458 ἁρ-

463 3490 648 3537 tamen
712 3478 917 3546 adhuc,
962 3478 1074 3535 imo
1143 3492 1273 3534 vero
1358 3479 1614 3550 ignorare
1698 3476 2052 3533 convinc'eris

2159 3467 2386 3532 κοῦντος
2421 3473 2500 3533 είς
2533 3470 2939 3543 πληροφορίαν,
2964 3448 3171 3529 ὧν-ἕδει
3205 3491 3264 3528 σε
3297 3448 3520 3548 μαθεῖν,
3548 3448 3766 3534 ἐνδοια-

462 3576 591 3647 quis
646 3590 748 3646 ego
805 3574 909 3629 sim
978 3574 1284 3630 secundum
1355 3581 1655 3639 naturam,
1738 3580 1793 3629 et
1863 3571 2051 3636 unde,

365 3683 381 3700 ·
463 3664 719 3738 quamvis
746 3681 832 3722 me
862 3672 945 3720 tot
968 3666 1234 3720 miracula
1270 3665 1511 3721 edidisse
1540 3663 1875 3735 comperias.
1899 3660 2052 3729 Quo-

460 3757 629 3811 modo
660 3770 787 3811 vero
816 3769 926 3809 non
983 3754 1281 3825 agnovisti,
1314 3755 1534 3825 inquit,
1580 3752 1728 3825 quod
1774 3750 1871 3824 qui
1915 3751 2055 3806 vidit

462 3842 718 3913 me,vidit
743 3853 798 3901 et
827 3845 1086 3901 Patrem?
1106 3844 1403 3902 Enimvero
1434 3845 1654 3917 priscos
1677 3845 1803 3899 illos
1832 3841 2053 3900 Iudaeos

462 3934 624 4009 777
656 3946 910 3992 naturam
948 3936 1190 3992 divinam
1225 3936 1281 3992 in
1311 3944 1500 3993 monte
1527 3935 1661 3991 Sina
1695 3934 2053 4007 perspexisse

460 4037 647 4104 putas,
683 4032 919 4101 ejusque
968 4044 1159 4085 vocem
1217 4028 1442 4086 audisse
1491 4042 1617 4084 cum
1660 4043 1845 4084 rerum
1880 4042 2052 4101 agen-

462 4121 660 4174 darum
715 4121 863 4192 leges
910 4126 1162 4191 poneret.
1206 4118 1291 4175 Tu
1318 4133 1451 4177 vero
1488 4118 1736 4174 nondum
1788 4120 1885 4175 tibi
1928 4133 2053 4191 per-

464 4210 696 4267 suasisti
724 4206 943 4268 Patrem
983 4219 1038 4267 te
1066 4211 1276 4268 vidisse
1305 4227 1404 4283 per
1430 4225 1518 4267 me
1553 4218 1610 4266 et
1642 4211 1696 4267 in
1729 4226 1837 4268 me.
1885 4226 1904 4265 ι
1946 4212 2052 4280 Qui

462 4303 611 4359 enim
654 4301 793 4357 vidit
840 4317 949 4370 me,
1001 4311 1055 4359 et
1105 4303 1251 4358 vidit
1302 4300 1542 4357 Patrem.
1586 4320 1604 4353 ι
1642 4300 1766 4356 Jam
1812 4316 1946 4379 vero
1991 4310 2053 4357 ut

463 4394 795 4451 ostendatur
839 4390 1048 4450 nullam
1100 4394 1265 4450 nobis
1301 4407 1333 4447 ο
1364 4392 1588 4449 Christo
1613 4393 1883 4456 uisionem
1928 4407 2053 4448 cor-

462 4502 686 4559 poream
722 4488 1053 4561 signiﬁcari,
1095 4487 1257 4558 longa
1292 4486 1549 4542 oratione
1602 4501 1713 4542 non
1761 4493 1849 4542 est
1886 4484 2046 4555 opus.

462 4581 636 4639 Nemo
677 4581 823 4637 enim
860 4594 1034 4637 sanus
1078 4579 1282 4636 dixerit
1327 4578 1425 4636 Dei
1475 4586 1732 4635 naturam
1779 4592 2050 4648 corporeo

463 4675 585 4730 visu
642 4673 878 4743 percipi,
928 4672 1024 4728 sed
1081 4687 1262 4744 neque
1315 4671 1502 4728 carnis
1558 4668 1739 4727 oculis
1801 4684 2051 4741 compre-

460 4760 650 4827 hendi,
689 4760 836 4833 quod
887 4769 1148 4831 tanquam
1203 4762 1262 4815 in
1314 4761 1549 4832 speculo
1579 4775 1644 4815 ac
1696 4775 1766 4815 ne
1819 4759 2047 4832 quidem

2157 3559 2271 3624 ζεις
2288 3558 2390 3627 ἔτι,
2425 3560 2626 3631 μᾶλλον
2649 3561 2706 3615 δὲ
2732 3561 2880 3634 ἥλως
2904 3565 3213 3637 ὴγνοηκὼς,
3241 3566 3321 3631 τίς
3345 3568 3443 3640 μὲν
3469 3567 3579 3638 ἐγὼ
3613 3571 3766 3626 κατὰ

2156 3652 2318 3721 φύσιν
2346 3655 2485 3724 είμὶ,
2512 3657 2608 3707 καὶ
2638 3656 2823 3718 πόθεν,
2858 3659 3036 3713 καίτοι
3064 3660 3173 3713 τῶν
3212 3662 3295 3715 ὅτι
3330 3662 3565 3734 μάλιστα
3598 3665 3771 3738 παρὰ

2158 3747 2240 3800 σοὶ
2277 3746 2717 3821 θαυμαζομένων
2754 3751 3026 3823 εὑρίσκων
3052 3751 3181 3808 δντα
3220 3753 3574 3826 δημιουργόν.
3630 3757 3766 3820 Πῶς

2154 3838 2214 3891 δὲ
2242 3840 2343 3894 οὐκ
2375 3840 2579 3909 ἔγνως,
2605 3843 2804 3914 φησὶν,
2830 3844 2912 3897 ὅτι
2943 3843 2971 3895 ὁ
3004 3843 3290 3919 θεωρήσας
3329 3848 3459 3919 ἐμὲ,
3496 3848 3766 3904 τεθέαται

2152 3932 2247 3985 τὸν
2279 3933 2502 4005 Πατέρα
2529 3950 2546 4001 ;
2582 3934 2698 3988 ἀλλ’
2739 3934 3031 4000 Ἰουδαίους
3065 3938 3163 4008 μὲν
3193 3938 3293 3992 οἴει
3318 3940 3445 4003 τοὺς
3460 3938 3632 3993 πάλαι
3660 3943 3766 4013 τὴν

2155 4022 2307 4077 θείαν
2330 4025 2388 4078 ἐν
2413 4024 2494 4096 τῷ
2520 4024 2638 4096 δρει
2668 4027 2803 4098 Σινᾷ
2828 4025 3120 4082 τεθεᾶσθαι
3147 4026 3330 4099 φύσιν,
3354 4024 3667 4102 ’ἀκηκοέναι
3700 4050 3765 4087 τε

2153 4114 2423 4188 λαλούσης
2457 4115 2664 4187 αὐτῆς,
2710 4117 2801 4171 ὅτε
2844 4119 2971 4182 τοὺς
3006 4120 3100 4174 ἐπὶ
3123 4122 3237 4184 τοῖς
3261 4122 3556 4191 πρακτέοις
3582 4123 3766 4177 ἐτίθει

2152 4206 2371 4277 νόμους.
2402 4208 2474 4262 Σὺ
2507 4207 2564 4262 δέ
2590 4206 2745 4262 οὔπω
2779 4209 3059 4281 διετέθης,
3087 4212 3170 4267 δτι
3196 4211 3286 4267 τδν
3310 4212 3533 4285 Πατέρα
3558 4213 3764 4270 τεθέα-

2155 4313 2265 4361 σαι,
2306 4298 2375 4351 δι’
2409 4298 2545 4369 ἐμοῦ
2576 4317 2636 4354 τε
2665 4301 2761 4355 καὶ
2790 4303 2849 4355 ἐν
2872 4303 3014 4374 ἐμοί.
3059 4323 3078 4357 ι
3117 4305 3176 4358 Ὁ
3202 4306 3312 4376 γὰρ
3338 4305 3600 4377 ἐωρακὼς
3624 4309 3759 4379 ἐμὲ,

2153 4387 2369 4459 ἑώρακε
2424 4389 2516 4443 τὸν
2559 4391 2801 4462 Πατέρα.
2835 4414 2853 4446 ι
2910 4394 3023 4448 Καὶ
3058 4394 3141 4448 ότι
3188 4395 3288 4467 μὲν
3324 4395 3384 4449 οὐ
3421 4400 3762 4471 σωματικήν

2151 4500 2276 4537 τινα
2307 4483 2543 4561 θεωρίαν
2582 4486 2713 4556 ἡμῖν
2732 4486 3407 4559 κατασημαίνειΧριστδς,
3429 4489 3490 4541 οὗ
3517 4491 3763 4560 μακρῶν

2153 4568 2309 4643 οἶμαι
2356 4574 2637 4647 δεδεῆσθαι
2674 4575 2848 4645 λόγων
2888 4579 3015 4643 τοὺς
3054 4578 3481 4649 ἀκροωμένους
3517 4579 3591 4632 Οὐ
3637 4579 3764 4654 γὰρ

2128 4667 2218 4733 ,ἂν
2249 4684 2336 4732 τις
2365 4668 2509 4723 εἴποι
2541 4669 2651 4723 τῶν
2681 4669 2807 4725 νοῦν
2834 4672 3067 4742 ἐχόντων
3086 4713 3102 4737 ,
3138 4671 3241 4745 τὴν
3279 4671 3372 4726 τοῦ
3408 4670 3545 4726 Θεοῦ
3576 4672 3758 4743 φύσιν

2156 4759 2412 4832 θεωρίαις
2440 4761 2762 4818 ὑποκεῖσθαι
2796 4767 3136 4834 σωματικαῖς
3156 4806 3171 4831 ,
3206 4765 3322 4819 ἀλλ’
3344 4765 3466 4819 οὐδὲ
3497 4766 3608 4831 τοῖς
3634 4767 3749 4839 τῆς

459 4851 761 4923 percipitur
791 4870 805 4906 :
841 4850 1090 4906 videmus
1123 4850 1270 4905 enim
1305 4858 1570 4921 tanquam
1618 4851 1675 4904 in
1731 4852 1957 4920 speculo
1994 4859 2047 4907 et

2158 4852 2360 4923 σαρκὸς
2392 4853 2695 4925 ὀφθαλμοῖς
2723 4855 2932 4914 κατίδοι
2965 4872 3051 4921 τις
3079 4856 3147 4911 ἂν
3168 4857 3242 4927 ίτδ
3268 4856 3344 4922 ὡς
3373 4857 3468 4911 καὶ
3497 4858 3655 4928 μόλις
3692 4860 3762 4914 ὲν

458 4944 515 4998 in
548 4944 842 5014 aenigmate
866 4944 947 5010 ";
971 4948 1026 4998 et
1062 4941 1253 5012 jejnne
1286 4940 1582 4997 admodum
1618 4957 1815 5012 sapere
1837 4942 1904 4998 de
1934 4941 2047 4999 Deo

2158 4945 2404 5016 ἐσόπτρῳ
2447 4945 2823 5017 καταληπτόνο
2866 4946 3138 5019 βλέψωμεν
3183 4948 3325 5021 γὰρ,
3358 4950 3434 5013 ὡς
3462 4949 3521 5003 ἐν
3568 4929 3761 5020 αίνίγ-

460 5032 703 5092 arbitror
745 5052 870 5093 eum
926 5034 1020 5107 qui
1056 5035 1141 5090 vel
1197 5049 1453 5106 magnam
1507 5034 1613 5088 sibi
1667 5034 2042 5105 cognitionem

2158 5054 2287 5108 ματι
2313 5054 2327 5067 ·
2358 5037 2454 5091 καὶ
2501 5037 2674 5109 μικρὰ
2718 5040 2935 5109 φρονεῖν
2964 5033 3118 5111 οῖμαι
3166 5041 3295 5113 περὶ
3337 5038 3473 5095 Θεοῦ
3524 5043 3759 5099 καὶτὸν

459 5128 913 5185 illius-venditet.
941 5124 1086 5182 lllud
1135 5134 1320 5181 tamen
1350 5124 1606 5181 veritatis
1656 5126 1914 5184 hostibus
1948 5128 2043 5200 qui

2158 5130 2273 5183 λίαν
2301 5129 2515 5201 μεγάλῃ
2540 5129 2885 5201 ἐπαυχοῦντα
2922 5132 3141 5202 γνώσει.
3174 5132 3319 5205 Πλὴν
3346 5134 3523 5188 ἐκεῖνο
3547 5136 3613 5209 δὴ
3642 5138 3760 5193 πά-

458 5219 705 5292 linguam
757 5232 914 5273 suam
962 5217 1020 5271 in
1065 5232 1191 5282 nos,
1234 5218 1343 5273 imo
1375 5232 1507 5271 vero
1555 5215 1824 5275 adversus
1864 5218 2040 5290 ipsam

2158 5218 2234 5271 λιν
2263 5221 2377 5283 τοῖς
2405 5218 2502 5288 τῆς
2540 5219 2797 5291 ἀληθείας
2837 5221 3071 5293 ἐροῦμεν
3099 5223 3312 5295 ἐχθροῖς
3331 5265 3346 5288 ,
3394 5225 3444 5278 οῖ
3476 5206 3758 5281 πλατεῐαν
3794 5206 3807 5221 ⁸

460 5309 745 5383 Unigeniti
801 5307 1172 5364 substantiam
1229 5310 1456 5376 acuUnt,
1488 5324 1690 5365 rursus
1740 5309 1941 5366 dicam.
1984 5310 2042 5367 Si

2158 5309 2332 5381 ἔχουσι
2356 5308 2479 5363 καθ’
2514 5298 2671 5381 ἡμῶν
2708 5311 2805 5382 τὴν
2837 5311 3083 5380 γλῶτταν
3103 5355 3117 5378 ,
3170 5315 3371 5386 μᾶλλον
3398 5316 3456 5369 δέ
3487 5318 3609 5370 κατ’
3638 5319 3754 5370 αὺ-

459 5418 570 5457 non
595 5407 770 5456 estex
800 5397 920 5470 ipsa
954 5392 1051 5452 Dei
1079 5414 1145 5454 ac
1176 5398 1358 5455 Patris
1390 5400 1703 5456 substantia
1734 5399 1929 5468 Filius,
1947 5420 2045 5476 per

2158 5403 2248 5474 τῆς
2275 5404 2374 5473 τῆς
2397 5403 2584 5467 οὐσίας
2609 5403 2704 5457 τοῦ
2734 5405 3091 5475 Μονογενοῦς.
3146 5407 3209 5462 Ei
3239 5408 3349 5481 γὰρ
3380 5408 3455 5480 μὴ
3479 5410 3538 5476 ἐξ
3567 5409 3754 5481 αὐτῆς

458 5489 865 5564 generationem
896 5491 1173 5549 exsistens
1198 5491 1251 5547 id
1274 5491 1420 5563 quod
1452 5501 1558 5558 εει,
1588 5489 1729 5551 Deus
1755 5496 2039 5563 nimirum,

2158 5496 2247 5567 τῆς
2283 5495 2471 5561 οὐσίας
2500 5495 2595 5550 τοῦ
2625 5497 2762 5552 Θεοῦ
2792 5499 2888 5552 καὶ
2913 5499 3128 5571 Πατρός
3166 5502 3314 5554 ἐστιν
3351 5503 3380 5555 ό
3407 5500 3564 5567 Υἱὸς,
3608 5518 3752 5570 γενι·

458 5593 514 5641 et
557 5583 864 5639 secundum
900 5590 1155 5639 naturam
1199 5600 1264 5640 ac
1320 5601 1467 5651 vere,
1500 5584 1595 5641 sed
1647 5596 1875 5644 externa
1913 5597 2039 5646 tan-

462 5671 744 5732 tummodo
803 5675 988 5745 specie
1040 5691 1363 5741 coruscans,
1407 5685 1461 5732 et
1492 5676 1792 5735 adventitia
1833 5681 2035 5752 gloria,

532 5852 575 5888 "
610 5848 770 5909 Joau.
808 5868 921 5920 xiv,
954 5854 1040 5911 io.
1117 5858 1161 5890 "
1194 5856 1214 5911 Ι
1253 5859 1382 5916 Cor.
1422 5875 1555 5925 xm,
1596 5858 1685 5913 12.

2147 5589 2327 5661 νητῶς
2358 5591 2619 5663 ὑπάρχων
2649 5591 2798 5646 τοῦθ’
2825 5594 2963 5664 ὅπερ
2989 5594 3136 5660 ἐστὶ,
3170 5593 3301 5658 Θεὸς
3336 5593 3603 5667 δηλονότι,
3626 5597 3742 5652 καὶ

2156 5683 2299 5737 κατὰ
2346 5682 2537 5753 φύσιν,
2589 5684 2681 5740 καὶ
2729 5682 2976 5755 ἀληθῶς,
3040 5686 3317 5757 μόνοιςδέ
3371 5691 3479 5751 τοῖς
3530 5687 3748 5752 ἔξωθεν
