4006 6428
283 453 394 511 205

1327 456 1390 511 lN
1424 457 1710 513 JOANNIS
1751 432 2200 510 nvsa‘osuuu
2246 453 2376 509 LIB.
2407 453 2496 508 ιχ.

284 577 703 647 ἀγλαῖζόμενος
734 578 1001 648 σχήμασι,
1041 578 1137 631 καὶ
1163 580 1283 643 ταῖς
1310 580 1658 646 ἐπεισάκτοις
1682 581 1883 651 λελάμ-

2002 591 2097 630 ton
2130 585 2311 631 autem
2347 556 2699 634 naturalibus
2751 578 3169 651 dignationibus
3215 581 3574 653 conspicuus,

280 668 606 740 προσμένος
637 668 909 732 εύκλείαις
928 712 942 735 ,
976 671 1037 724 ού
1081 668 1331 740 φύσικοῖς
1377 671 1697 743 διαπρέπων
1725 671 1888 738 citauit-

284 776 492 831 μασιν,
528 761 587 813 ὲν
629 760 811 830 ἑαυτῷ
835 760 892 813 δὲ
919 764 1131 832 μορφοῖ
1159 763 1251 815 τὸν
1283 762 1507 836 Πατέρα
1528 804 1543 827 ,
1595 764 1691 816 καὶ
1720 762 1888 816 εἰκών

282 855 440 906 ἐστιν
474 851 893 925 ἀπαράλλακτος
923 853 1016 906 τοῦ
1069 853 1208 909 Θεοῦ
1228 896 1244 919 ,
1273 856 1494 927 πρῶτον
1538 856 1636 927 μὲν
1672 856 1777 909 οὐκ
1820 854 1888 908 ἂν

285 945 376 1013 εἴη
401 943 552 997 κατὰ
589 943 752 1013 φύσιν
787 945 946 1009 Υίδς,
984 945 1101 999 ἀλλ’
1149 947 1273 1001 οὐδὲ
1316 948 1564 1019 γέννημα
1606 950 1726 1001 κατ’
1754 947 1887 1018 ἁλήο

283 1038 480 1103 θειαν,
512 1038 730 1109 ποίημα
756 1040 813 1093 δὲ
841 1038 966 1093 καθ’
998 1040 1178 1111 ἡμᾶς,
1203 1041 1238 1112 ἡ
1270 1059 1325 1095 τι
1356 1042 1466 1095 τῶν
1488 1042 1747 1096 τοιούτων
1769 1042 1888 1097 ’ἐτε-

287 1147 404 1200 ρον.
430 1127 510 1185 Οὗ
539 1132 994 1203 παραδεχθέντος,
1018 1135 1161 1190 οὕτω
1184 1136 1407 1207 τεκὲχειν
1424 1137 1882 1206 πεπιστευμένου,

284 1222 579 1287 παντελῶς
614 1224 786 1296 δήπου
830 1228 1056 1281 κάκεῖνο
1102 1229 1351 1300 φήσομεν
1392 1228 1642 1300 ἀληθῶς,
1682 1228 1758 1292 ὡς
1789 1229 1890 1283 οὐκ

282 1316 357 1370 ἂν
388 1317 479 1385 εἴη
510 1317 700 1388 Πατὴρ
730 1318 760 1370 ὁ
794 1319 986 1390 Πατὴρ
1031 1321 1286 1392 ἐνεργείᾳ
1319 1322 1415 1375 καὶ
1452 1320 1641 1389 φύσει,
1671 1322 1888 1393 θελήσει

281 1409 343 1463 δὲ
383 1409 593 1479 μᾶλλον
619 1411 713 1463 καὶ
742 1411 964 1482 δοκήσει
995 1413 1181 1483 τυχὸν,
1208 1413 1463 1485 καθάπερ
1495 1411 1590 1468 οὖν
1613 1415 1709 1467 καὶ
1733 1413 1891 1485 ἡμῶν

281 1501 608 1571 ὠνόμασται
637 1505 845 1575 Πατήρ.
872 1502 1005 1558 Εἶτα
1034 1506 1085 1558 τί
1109 1505 1171 1559 τὸ
1190 1506 1441 1560 ἐντεῦθεν
1468 1524 1482 1573 ;
1519 1506 1889 1577 Συνομολογη·

283 1592 543 1663 θήσεται,
579 1594 675 1646 καὶ
707 1593 783 1658 ὡς
809 1595 868 1661 ἐξ
902 1596 1147 1667 ἀνάγκης
1174 1597 1424 1650 ἀνατελεῖ
1449 1597 1610 1668 τριάς
1632 1613 1646 1626 ’
1672 1600 1772 1651 οὐκ
1809 1598 1889 1650 ἔτι

281 1685 402 1756 γάρ
434 1687 634 1758 ἡμῖνή
680 1687 810 1755 ἁγία
859 1688 1179 1742 πιστεύεται
1223 1691 1366 1744 κατά
1412 1707 1534 1744 τινα
1577 1689 1641 1761 δὴ
1668 1691 1887 1763 τρόπον,

282 1780 442 1849 τρεῖς
466 1779 529 1832 δὲ
566 1780 800 1850 μᾶλλον,
832 1780 909 1845 ὡς
936 1783 996 1835 ἒν
1026 1781 1303 1855 ἀλλήλοις,
1362 1784 1463 1837 ούκ
1491 1785 1891 1855 ἐνυπάρχοντος

283 1871 572 1936 οὐσιωδῶς
591 1912 607 1936 ,
638 1873 872 1926 ἑκάστου
914 1892 975 1928 τε
1007 1873 1199 1946 ὥσπερ
1223 1874 1332 1929 τῶν
1365 1876 1646 1947 ὀνομάτων
1689 1880 1770 1940 εἰς
1799 1877 1893 1930 τὸν

284 1966 496 2019 οἰκεῖον
537 1965 640 2035 τῆς
673 1966 808 2030 ἰδίας
849 1967 1068 2036 φύσεως
1114 1967 1558 2041 ἀναχωροῦντος,
1601 1970 1894 2041 διακεκομ-

289 2057 462 2137 μένον
493 2072 553 2110 τε
582 2057 676 2111 τοῦ
707 2059 897 2130 ἐτέρου
925 2060 1202 2125 παντελῶς
1222 2078 1235 2091 ·
1279 2060 1597 2125 ἱκδιάζεται
1631 2062 1740 2133 γάρ
1773 2079 1892 2125 πως

282 2152 444 2222 ἡμᾶς
473 2155 508 2221 ἡ
531 2150 627 2204 τοῦ
653 2138 1014 2223 θεωρήματοξ
1035 2152 1288 2223 δύναμις,
1313 2153 1406 2205 καὶ
1427 2152 1734 2224 παχύτερον
1764 2155 1893 2225 περὶ

284 2243 503 2296 τούτων
542 2245 737 2297 εἰπεῖν.
794 2244 904 2297 Καὶ
930 2247 981 2297 εἰ
1005 2242 1162 2297 τοῦτο
1195 2243 1441 2315 δώσομεν
1470 2245 1738 2316 ὑπάρχειν
1763 2245 1894 2314 ἁλη-

286 2333 406 2400 θὲς,
434 2335 612 2399 οὕτως
634 2353 697 2390 τε
722 2335 868 2406 ἔχειν
890 2335 1017 2407 ἐροῦ
1026 2353 1148 2407 μεν,
1170 2336 1265 2390 καὶ
1290 2337 1388 2407 τῆς
1415 2337 1602 2399 οὐσίας
1633 2337 1728 2390 τοῦ
1754 2336 1893 2391 Θεοῦ

285 2429 388 2481 καὶ
419 2429 640 2499 Πατρὸς
682 2428 962 2499 ἀλλότριον
1011 2428 1291 2491 παντελῶς
1337 2428 1759 2500 παραδεξόμεθα
1804 2430 1893 2483 τὸν

285 2519 457 2583 Υἱὸν,
514 2519 633 2582 πῶς
679 2521 741 2573 ού
782 2518 1176 2589 διαψεύδεται,
1224 2520 1438 2589 λέγων·
1482 2541 1500 2573 ι
1542 2522 1601 2575 Ὀ
1632 2522 1894 2592 ἑωρακὼς

285 2610 648 2682 ὲμὲ,ἐὼρακε
674 2612 767 2665 τὸν
786 2612 1005 2683 Πατέρα
1027 2629 1071 2677 ς»
1101 2610 1237 2665 Θεοῦ
1259 2613 1369 2685 γὰρ
1385 2614 1725 2685 ὑπάρχοντος
1751 2615 1895 2669 κατά
1926 2656 1931 2663 .

286 2707 461 2775 φύσιν
495 2705 591 2759 τοῦ
634 2707 882 2778 Πατρὸς,
933 2707 1049 2771 πῶς
1078 2706 1145 2760 ἂν
1171 2710 1303 2778 ἡμῖν
1332 2710 1361 2762 ὁ
1395 2708 1522 2772 Υἱὸς
1545 2751 1565 2775 λ
1607 2709 1785 2763 καίτοι
1818 2710 1892 2781 μὴ

288 2798 565 2870 ὑπάρχων
598 2797 732 2863 Θεὸς
761 2798 905 2876 κατὰ
946 2800 1110 2867 φύσιν
1150 2798 1293 2853 κατά
1332 2799 1425 2852 τὸν
1457 2798 1682 2853 ἐκείνων
1714 2798 1891 2867 λόγον,

285 2892 457 2958 δείξει
489 2892 549 2943 ἐν
581 2891 763 2962 ἑαυτῷ
803 2892 896 2945 τὸν
927 2892 1155 2963 Πατέρα
1185 2908 1199 2956 ;
1250 2891 1375 2956 Πῶς
1403 2891 1511 2963 γὰρ
1540 2893 1598 2946 ἐν
1629 2891 1708 2962 τῷ
1737 2909 1895 2960 γεγο-

287 2982 406 3035 νότι
437 2981 501 3033 τὸ
538 2982 612 3052 μὴ
655 2981 879 3050 γεγονὸς
918 2979 1308 3051 θεωρήσομεν,
1354 2982 1413 3033 ὲν
1455 2982 1512 3035 δὲ
1543 2980 1620 3051 τῷ
1664 2981 1739 3051 μὴ
1779 2980 1893 3033 ὄντι

288 3075 450 3140 ποτε,
482 3074 629 3128 κατά
659 3091 723 3143 γε
755 3073 846 3126 τὸν
870 3072 964 3126 τοῦ
997 3073 1333 3143 πεποιῆσθαι
1367 3073 1545 3142 λόγον,
1575 3072 1694 3137 πῶς
1721 3073 1786 3127 ἄν
1811 3089 1895 3136 τις

290 3166 395 3219 ἴδοι
437 3167 533 3219 τὸν
574 3164 705 3220 ὄντα
735 3165 826 3218 διὰ
858 3164 1103 3230 παντός;
1155 3165 1248 3235 Μὴ
1284 3164 1395 3235 γάρ
1443 3181 1532 3235 μοι
1573 3162 1779 3232 λεγέτω
1811 3180 1895 3226 τις

1989 670 2084 724 sed
2142 671 2197 723 in
2244 672 2431 741 seipso
2482 670 2703 727 Patrem
2742 674 3022 745 exprimit,
3055 683 3112 731 et
3168 674 3579 745 perfectissima

1987 769 2075 815 est
2108 761 2211 817 Dei
2240 763 2421 834 imago
2447 763 2514 827 ⁸⁸,
2549 764 2787 833 primum
2823 767 3047 836 quidem
3082 783 3192 824 non
3241 768 3347 823 erit
3375 783 3577 824 secuno

1988 853 2122 906 dum
2179 862 2436 908 naturam
2493 853 2692 920 Filius,
2742 871 2921 929 neque
2960 874 3091 915 vere
3150 859 3429 931 genitura,
3480 858 3589 914 sed

1989 951 2245 997 creatura
2279 943 2485 1014 potius,
2512 946 2679 1001 sicuti
2710 960 2834 1011 nos,
2858 955 2957 1003 aut
2984 950 3199 1020 aliquid
3220 948 3369 1004 aliud
3390 949 3584 1006 istius-

1989 1037 2159 1090 modi.
2210 1034 2335 1101 Quo
2368 1035 2615 1093 admisso
2647 1048 2813 1109 atque
2842 1041 3077 1102 credito,
3101 1056 3229 1097 vere
3262 1056 3580 1099 asseremus

1989 1125 2210 1181 Patrem
2255 1142 2371 1183 non
2416 1143 2540 1185 esse
2578 1129 2796 1187 Patrem
2833 1140 2959 1188 actu
2994 1144 3048 1189 et
3097 1143 3318 1199 natura,
3355 1135 3452 1192 sed
3483 1151 3581 1191 vo-

1992 1219 2202 1272 luntate
2238 1220 2424 1289 potius
2452 1230 2507 1276 et
2533 1224 2818 1292 opinione,
2844 1227 3005 1281 sicuti
3032 1224 3199 1281 Pater
3220 1234 3410 1284 noster
3438 1244 3583 1283 nun-

1990 1320 2228 1381 eupatns
2245 1320 2349 1369 est.
2369 1314 2511 1380 Quid
2533 1330 2664 1370 vero
2690 1315 2819 1372 inde
2842 1318 3473 1389 sequitur?Necessario
3492 1317 3583 1374 ad-
3630 1324 3637 1339 ’

1992 1400 2299 1457 mittendus
2324 1404 2433 1458 erit
2456 1404 2697 1460 deorum
2722 1408 2904 1463 ternio
2930 1410 3165 1479 :quippe
3199 1426 3307 1465 non
3340 1411 3581 1483 amplius

1992 1489 2322 1549 Trinitatem
2357 1496 2736 1566 crederemus,
2760 1514 2885 1576 cum
2913 1501 3057 1556 alius
3089 1501 3146 1555 in
3179 1503 3293 1555 alio
3316 1503 3583 1569 substan-

1995 1586 2201 1641 tialiter
2231 1603 2339 1644 non
2371 1589 2522 1655 insit,
2557 1589 2651 1647 sed
2694 1593 3083 1663 unusquisque
3120 1600 3182 1647 ut
3219 1594 3470 1659 nomine,
3501 1593 3580 1648 ita

1996 1678 2292 1745 peculiaris
2317 1688 2534 1736 naturae
2564 1682 2776 1738 ratione
2800 1686 2869 1739 ab
2898 1685 3009 1740 alio
3039 1699 3272 1754 prorsus
3295 1685 3583 1756 seiunctus

1995 1770 2066 1823 sit
2100 1789 2112 1823 :
2142 1773 2294 1841 cogit
2343 1774 2490 1827 enim
2533 1789 2635 1831 nos
2667 1776 2752 1831 vis
2799 1784 2855 1832 et
2898 1778 3042 1833 ratio
3093 1778 3585 1848 contemplationis

1996 1866 2244 1920 crassius
2273 1865 2343 1922 de
2382 1868 2471 1923 his
2502 1869 2799 1926 disserere.
2840 1868 2999 1935 Quod
3029 1870 3079 1926 si
3109 1884 3298 1926 verum
3336 1883 3461 1926 esse
3502 1877 3586 1925 at-

1996 1969 2104 2022 que
2135 1956 2212 2009 ita
2244 1971 2303 2011 se
2335 1956 2545 2015 habere
2574 1960 2968 2027 conccdemus,
3003 1969 3058 2017 et
3099 1977 3128 2015 a
3162 1961 3258 2016 Dei
3304 1976 3369 2017 ac
3403 1962 3592 2020 Patris

1997 2045 2308 2099 substantia
2341 2047 2584 2102 alienum
2620 2063 2744 2104 esse
2771 2062 3007 2118 prorsus
3037 2046 3239 2102 Filium
3267 2047 3585 2116 fatebimur,

1996 2136 2276 2206 quomodo
2314 2152 2425 2192 non
2466 2141 2773 2195 mentietur
2793 2155 2919 2195 cum
2948 2141 3026 2195 ait
3060 2159 3073 2196 :
3117 2161 3133 2192 ι
3167 2140 3272 2207 Qui
3304 2140 3441 2196 vidit
3474 2156 3586 2211 me,

1996 2224 2134 2279 vidit
2158 2236 2212 2281 et
2244 2225 2504 2283 Patrem?
2545 2249 2562 2279 ι
2597 2228 2733 2285 Nam
2778 2246 2909 2285 cum
2943 2229 3107 2286 Pater
3135 2231 3441 2287 secundum
3487 2246 3588 2287 na-

1998 2326 2180 2371 turam
2218 2316 2365 2375 Deus
2388 2320 2482 2384 sit,
2507 2320 2790 2390 quomodo
2816 2319 3014 2386 Filius,
3038 2321 3168 2377 licet
3198 2336 3309 2376 non
3339 2322 3411 2378 sit
3440 2322 3588 2379 Deus

1996 2409 2298 2464 secundum
2333 2418 2691 2479 naturam,ut
2713 2413 2791 2468 illi
2829 2414 3050 2477 docent,
3073 2415 3127 2467 in
3156 2414 3343 2484 seipso
3365 2413 3589 2471 Patrem

1995 2502 2292 2557 ostendet?
2329 2503 2619 2569 Quomodo
2646 2505 2803 2561 enim
2832 2506 2887 2560 in
2922 2521 2988 2561 eo
3018 2506 3164 2576 quod
3194 2515 3444 2562 creatum
3474 2518 3593 2562 non

1996 2603 2080 2647 est
2101 2594 2154 2648 id
2185 2596 2333 2665 quod
2369 2606 2615 2651 creatum
2648 2606 2734 2653 est
2770 2599 3287 2668 spcctabimus,aut
3314 2601 3368 2653 in
3394 2614 3462 2655 co
3491 2598 3589 2671 qui

1997 2685 2296 2755 aliquando
2325 2702 2435 2740 non
2452 2697 2593 2753 erat,
2607 2696 2884 2757 quatenus
2900 2697 2985 2741 est
3003 2695 3249 2751 creatus,
3267 2689 3423 2759 isqui
3441 2702 3591 2744 sem-

1999 2792 2095 2846 per
2123 2785 2206 2831 est
2236 2778 2403 2848 778
2445 2778 2766 2834 videbitur?
2796 2778 2873 2833 Ne
2920 2778 3057 2834 mihi
3104 2780 3397 2850 quisquam
3436 2781 3588 2836 enim

1997 2883 2188 2921 eorum
2227 2869 2322 2937 qui
2346 2869 2451 2924 ista
2482 2869 2828 2924 deblaterant
2850 2870 2961 2923 vim
2987 2869 3236 2926 veritatis
3265 2870 3595 2929 adulterans

1997 2960 2166 3021 dicat,
2204 2959 2416 3014 idcirco
2464 2976 2586 3016 esse
2640 2962 2761 3031 ejus
2808 2962 3126 3033 imaginem,
3178 2963 3308 3033 quia
3355 2964 3590 3036 gloriam

1998 3052 2094 3107 Dei
2128 3067 2193 3105 ac
2223 3051 2409 3110 Patris
2461 3053 2647 3120 habet,
2694 3070 2761 3109 ac
2817 3055 3105 3119 virtutem,
3150 3065 3207 3110 et
3262 3056 3593 3127 sapientiam

1998 3146 2140 3215 ejus,
2193 3155 2362 3216 atque
2416 3145 2745 3212 bonitatem,
2786 3155 2845 3201 et
2884 3148 3377 3217 omnipotentiam,
3426 3154 3482 3204 et

291 3260 405 3313 τῶν
427 3261 617 3312 ἐκεῖνα
641 3258 1165 3328 δεδνσφημηκότων,
1195 3256 1296 3328 τὴν
1317 3257 1417 3326 τῆς
1445 3254 1705 3327 ἀληθείας
1726 3271 1897 3308 κατα-

2002 3255 2123 3310 quae
2155 3254 2431 3309 nusquam
2458 3247 2590 3293 sunt
2616 3239 2671 3292 in
2704 3249 2887 3293 ortum
2919 3240 3193 3295 educendi
3220 3248 3592 3312 potestatem:

296 3351 664 3422 σκριζόμενος
690 3351 943 3422 δύναμιν,
972 3352 1049 3415 ὼς
1079 3350 1313 3421 ἐπείπερ
1339 3349 1453 3420 ἔχει
1480 3349 1580 3420 τὴν
1616 3349 1777 3416 δόξαν
1801 3347 1895 3402 τοῦ

288 3444 432 3498 Θεοῦ
484 3444 584 3497 καὶ
620 3442 866 3513 Πατρός,
908 3442 1011 3513 τήν
1048 3459 1107 3494 τε
1137 3440 1403 3512 δύναμιν,
1437 3441 1535 3495 καὶ
1566 3443 1664 3513 τὴν
1705 3441 1899 3509 σοφίαν

290 3537 486 3601 αὐτοῦ,
513 3538 611 3591 καὶ
635 3535 733 3607 τὴν
767 3535 1083 3605 ἁγαθότητα
1102 3524 1237 3602 [aut
1258 3535 1319 3588 τὸ
1345 3535 1767 3606 παντουργικὸν,
1804 3535 1899 3587 καὶ

287 3632 352 3686 τὸ
380 3628 653 3684 δύνασθαι
686 3628 962 3699 παράγειν
998 3628 1070 3680 τὰ
1102 3627 1202 3681 οὐκ
1236 3626 1367 3680 ὄντα
1397 3626 1560 3690 ποτὲ,
1605 3625 1694 3679 διὰ
1717 3626 1897 3691 τοῦτο,

291 3725 389 3777 καί
424 3721 591 3774 εἰκών
615 3722 764 3774 ἐστιν
794 3718 961 3771 αὑτοῦ
986 3720 1010 3750 ’⁸
1038 3718 1178 3773 ἀλλὰ
1199 3717 1464 3773 δεικνύτω
1487 3718 1781 3790 πρότερον,
1812 3717 1899 3770 εύ-

291 3816 434 3879 θὲως
466 3815 614 3868 κατὰ
642 3814 805 3884 φύσιν
826 3814 1099 3881 φαίνεται,
1121 3810 1216 3867 καὶ
1238 3813 1411 3877 οὕτως
1435 3811 1896 3887 ἀπαραλλάκτως,

293 3909 367 3972 ὡς
400 3908 574 3979 μηδὲν
602 3902 744 3960 εἶναι
766 3892 832 3960 διὸ
871 3906 1092 3961 ἀδικοῦν
1124 3906 1224 3977 τὴν
1253 3905 1488 3959 εἰσάπαν
1515 3906 1611 3958 καὶ¹
1640 3902 1898 3968 ὁλοτελῶς

295 4000 604 4072 ἐμφέρειαν
635 4000 734 4070 τῆς
763 3998 973 4062 εἰκόνος
1004 3998 1140 4069 πρὸς
1182 3997 1243 4050 τὸ
1267 3995 1600 4069 ἀρχέτυπον.
1659 3996 1899 4067 Ἀπορή-

298 4112 485 4171 σαντακ
504 4094 566 4147 δὲ
606 4093 698 4147 καὶ
752 4092 913 4145 τοῦτο
952 4090 1219 4145 δεικνύειν
1248 4091 1347 4161 οὐχ
1392 4089 1615 4153 ἑκόντα,
1647 4086 1903 4159 δεύτερον

297 4190 601 4260 αἰτήσομεν
634 4188 846 4250 εἰπεῖν,
896 4187 1048 4248 ποῖος
1091 4184 1157 4239 ἂν
1194 4182 1461 4254 ἐπιτρέψῃ
1490 4182 1683 4251 λόγος,
1724 4181 1903 4235 καίτοι

299 4280 440 4334 κατά
468 4278 637 4348 φύσιν
675 4278 777 4331 οὐκ
819 4276 951 4330 ὅντα
979 4274 1139 4340 Θεὸν,
1169 4275 1312 4328 κατά
1339 4289 1401 4343 γε
1432 4272 1531 4343 τὴν
1553 4271 1780 4327 ἐνοῦσαν
1806 4273 1904 4325 αύ-

300 4378 409 4438 τοίς
471 4372 800 4445 βδελυρίαν,
852 4371 921 4424 τὰ
969 4373 1069 4440 τῆς
1136 4368 1393 4439 θεότητος
1450 4366 1589 4438 ἔργα
1640 4365 1903 4420 δύνασθαι

303 4464 572 4537 πληροῦν.
624 4462 797 4517 Τοῦτο
826 4462 936 4533 γάρ
965 4464 1116 4514 ἐστιν
1144 4459 1211 4512 τό
1237 4459 1426 4528 φέρειν
1458 4456 1557 4526 τὴν
1587 4455 1775 4510 είκόνα
1807 4454 1902 4507 τοῦ

302 4557 542 4629 Πατρός.
584 4556 650 4608 Εἰ
680 4554 780 4624 μὲν
806 4553 917 4624 γάρ
954 4552 1168 4606 οἴκοθεν
1195 4549 1296 4604 οὐκ
1329 4548 1469 4620 ἔχων
1494 4549 1596 4619 τὴν
1625 4546 1902 4620 ἀρκοῦσαν

303 4653 378 4715 εἰς
405 4611 578 4704 τοῦτο
596 4611 831 4717 δύναμιν
851 4611 1029 4708 ὀιΥίδς
1049 4611 1474 4714 δανείζεταιστὴν
1495 4611 1647 4712 παρὰ
1666 4611 1898 4711 Πατρὸφ,
1937 4611 1983 4666 D

304 4741 399 4795 καὶ
434 4741 762 4811 χορηγεῖται
811 4736 942 4808 παρ’
975 4736 1142 4790 αὑτοῦ
1190 4737 1286 4791 καὶ
1322 4734 1548 4805 σοφίαν,
1585 4732 1680 4786 καὶ
1723 4732 1899 4803 ἰσχὺν,

308 4832 393 4887 ἶνα
424 4832 658 4901 δύνηται
690 4826 994 4900 κατορθοῦν
1036 4828 1072 4881 ἃ
1109 4828 1203 4881 καλ⁵
1238 4826 1375 4898 μόνῃ
1404 4825 1636 4896 πρέπειν
1667 4822 1904 4893 ἐροῦμεν

306 4926 370 4994 τῇ
392 4921 489 4975 τοῦ
522 4920 742 4992 Πατρὸς
769 4918 959 4989 φύσει,
1009 4915 1527 4985 διαψεύσεταιοῦτω
1572 4915 1666 4967 καὶ
1693 4913 1790 4984 τήν
1823 4915 1902 4967 εί-

306 5016 438 5069 κόνα
469 5014 570 5068 καὶ
604 5013 708 5081 τὴν
737 5011 1024 5080 ὁμοίωσιν.
1075 5010 1142 5065 Εἰ
1172 5008 1229 5061 δὲ
1264 5001 1556 5078 ψεύδεσθαι
1594 5006 1692 5077 μὲν
1717 5006 1778 5058 ού
1805 5004 1907 5058 δώ-

310 5122 474 5176 σομεν
504 5103 707 5166 αὑτὸν,
748 5099 927 5163 οῦτως
964 5100 1156 5171 ἔχοντα
1187 5097 1440 5169 καθάπερ
1470 5097 1802 5167 εἰρήκαμεν,
1830 5096 1908 5159 ὡς

305 5199 360 5252 δὲ
383 5194 712 5265 ἁληθεύοντι
735 5190 1147 5262 συναινέσομεν.
1167 5189 1336 5262 αὐτὴν
1358 5187 1684 5259 ἁλωσόμεθα
1709 5188 1806 5257 τὴν
1824 5186 1913 5241 δό-

309 5290 401 5355 ξαν
434 5288 758 5351 ἀδικοῦντες
782 5286 879 5340 τοῦ
903 5284 1041 5339 Θεοῦ
1068 5285 1163 5338 καὶ
1188 5283 1422 5355 Πατρός,
1456 5282 1552 5336 καὶ
1579 5282 1750 5344 ὅπως,
1776 5279 1941 5350 ὲρῶμ

312 5384 382 5435 Ἦ
403 5384 517 5452 γάρ
555 5381 777 5450 ἀνάγκη
809 5378 1016 5446 λέγειν,
1051 5380 1135 5432 ὅτι
1176 5374 1434 5446 ψεύδεται
1468 5375 1564 5446 τὴν
1595 5374 1781 5427 εἰκόνα
1814 5371 1910 5425 τοῦ

309 5476 445 5531 Θεοῦ
470 5477 568 5530 καὶ
591 5475 836 5546 Πατρὸς,
862 5472 1077 5528 οἴκοθεν
1118 5471 1217 5543 μὲν
1249 5470 1349 5523 οὐκ
1382 5469 1520 5541 ἔχων
1550 5468 1650 5538 τὴν
1673 5468 1788 5530 τοῖς
1820 5465 1912 5537 ἕρ-

312 5587 430 5638 γοις
456 5566 805 5639 ὲξαρκοῦσαν
834 5566 989 5635 ἰσχὺν
1009 5605 1023 5631 ,
1050 5564 1179 5635 παρ’
1211 5563 1400 5633 ἑτέρου
1434 5562 1491 5616 δὲ
1521 5560 1727 5631 ταύτην
1750 5575 1914 5631 χορη-

313 5663 585 5733 γούμενος
603 5677 618 5690 ·
649 5659 711 5711 ού
742 5659 853 5729 γὰρ
881 5656 1026 5711 οὕτω
1051 5657 1115 5710 τὸ
1139 5656 1448 5727 ἀρχέτυπον
1467 5670 1479 5686 ⁸
1517 5655 1551 5725 ἦ
1582 5653 1743 5724 εἴπερ
1768 5652 1915 5705 ἐστὶν
1972 5714 1979 5725 Ι

310 5755 524 5827 ἀληθὴς
569 5756 631 5807 ἐν
672 5751 861 5821 ἑαυτῷ
895 5749 1070 5819 λέγων
1115 5746 1490 5843 ὁρᾶσθαιζτδν
1525 5745 1777 5816 Πατέρα,
1823 5744 1917 5797 καὶ

387 5936 455 6011 ’³.
480 5933 522 5989 ll
552 5933 684 5990 Cor.
716 5951 791 6001 tv,
828 5932 889 5990 ιτ

2004 3333 2099 3387 sed
2149 3333 2306 3403 prius
2345 3332 2604 3386 ostendat
2636 3339 2824 3387 utrum
2867 3331 3172 3387 secundum
3220 3343 3476 3389 naturam
3511 3334 3593 3391 vi-

2003 3425 2219 3489 deatur,
2246 3433 2510 3493 tantaque
2550 3439 2650 3494 per
2683 3424 2870 3478 omnia
2921 3424 3311 3491 similitudine,
3352 3434 3413 3481 ut
3454 3426 3597 3483 nihil

2002 3516 2472 3589 perfectissimam
2533 3516 2683 3570 illam
2748 3515 3007 3587 imaginis
3048 3515 3387 3573 labefactare
3416 3518 3599 3590 possit

2002 3608 2071 3662 ad
2118 3608 2475 3678 archetypum
2530 3606 2978 3664 similitudinem.
3030 3608 3188 3674 Quod
3235 3623 3362 3663 cum
3416 3620 3598 3668 osten-

2004 3700 2157 3765 dere,
2186 3700 2275 3754 vel
2304 3700 2349 3755 si
2381 3698 2620 3754 maxime
2655 3698 2809 3762 velit,
2839 3708 3100 3770 nequeat,
3127 3701 3331 3755 iterum
3370 3702 3598 3773 rogabi-

2005 3808 2129 3848 mus
2164 3802 2225 3847 ut
2267 3792 2415 3845 dicat
2444 3805 2554 3861 qua
2605 3780 2843 3856 ratione,
2879 3806 3005 3845 cum
3046 3790 3193 3847 Deus
3236 3807 3349 3848 non
3394 3793 3468 3848 sit
3507 3808 3599 3851 se-

2004 3884 2248 3940 cundum
2323 3891 2617 3949 naturam,
2662 3880 2738 3935 ut
2810 3897 3003 3937 eorum
3081 3880 3408 3937 detestanda
3490 3882 3602 3940 fert

2005 3975 2320 4040 sententia,
2363 3975 2589 4037 deitatis
2644 3983 2827 4028 tamen
2873 3988 3041 4043 opera
3102 3974 3291 4043 possit
3343 3976 3597 4046 exsequi.

2006 4070 2122 4125 Hoc
2159 4070 2303 4124 enim
2350 4076 2435 4122 est
2486 4066 2631 4122 ferre
2667 4065 2849 4121 Patris
2880 4067 3204 4137 imaginem.
3237 4066 3381 4121 Nam
3427 4069 3472 4124 si
3502 4083 3601 4140 po-

2006 4172 2258 4218 testatem
2302 4161 2367 4215 ad
2400 4160 2505 4215 hoe
2540 4158 2906 4215 sumcientem
2947 4173 2978 4213 a
3013 4160 3203 4230 seipso
3225 4174 3335 4214 non
3385 4160 3601 4218 habens

2006 4256 2181 4310 Filius
2204 4270 2324 4309 eam
2357 4269 2387 4307 a
2426 4252 2591 4308 Patre
2624 4260 2927 4317 mutuatur,
2960 4251 3029 4306 ab
3062 4267 3238 4324 eoque
3269 4252 3602 4324 sapientiam

2005 4359 2062 4404 et
2089 4348 2260 4403 robur
2294 4346 2519 4415 accipit,
2570 4353 2630 4399 ut
2678 4359 2943 4415 peragere
3001 4345 3178 4415 possit
3224 4360 3348 4415 quae
3397 4354 3453 4402 et
3496 4346 3629 4403 soli'

2006 4439 2304 4497 convenire
2350 4438 2533 4492 Patris
2575 4446 2790 4491 natum
2840 4437 3114 4501 dicemus,
3158 4437 3454 4508 imaginem
3495 4437 3604 4492 hoc

2008 4542 2170 4605 pacto
2212 4541 2269 4587 et
2303 4530 2722 4585 similitudinem
2769 4529 3086 4581 mentietur.
3121 4526 3219 4582 Sin
3257 4537 3441 4583 autem
3473 4543 3602 4584 eum

2011 4637 2362 4697 nequaquam
2399 4621 2619 4676 mentiri
2641 4619 3032 4683 ceucedemus,
3057 4619 3151 4688 qui
3186 4618 3262 4672 ita
3286 4634 3345 4673 se
3377 4619 3599 4687 habeat,

2012 4727 2075 4775 ut
2108 4717 2370 4778 diximus,
2398 4710 2493 4767 sed
2534 4719 2795 4781 tanquam
2850 4724 2979 4765 vera
3015 4709 3220 4766 dicenti
3266 4711 3604 4783 astipulahi-

2013 4826 2161 4874 mur,
2190 4808 2367 4879 ipsam
2403 4804 2497 4859 Dei
2551 4818 2615 4859 ac
2654 4802 2838 4859 Patris
2887 4803 3122 4874 gloriam
3160 4803 3369 4859 violare
3403 4801 3605 4876 depre-
3646 4863 3668 4882 δ

2012 4904 2322 4961 hendemur
2358 4917 2370 4953 :
2404 4913 2515 4970 quo
2553 4905 2734 4968 pacto,
2768 4897 2972 4953 dicam.
3015 4897 3126 4952 Aut
3178 4897 3325 4952 enim
3379 4912 3610 4956 necesse

2013 5002 2103 5054 est
2134 4995 2324 5052 dicere
2354 5006 2482 5049 eum
2520 4990 2631 5069 'Dei
2660 5005 2726 5045 ac
2765 4989 2946 5047 Patris
2980 4990 3238 5046 ementiri
3278 4991 3608 5063 imaginem,

2012 5105 2144 5145 cum
2186 5102 2217 5142 a
2247 5088 2433 5156 seipso
2487 5082 2849 5140 sufﬁcientem
2895 5083 3159 5154 operibus
3194 5083 3305 5137 vim
3356 5098 3468 5140 non
3511 5084 3609 5138 ha-

2014 5185 2163 5246 beat,
2195 5180 2291 5236 sed
2326 5178 2396 5233 ab
2424 5178 2600 5233 altero
2631 5176 2781 5231 illam
2820 5176 3057 5245 accipiat
3086 5193 3099 5228 :
3128 5190 3232 5231 nec
3276 5175 3427 5230 enim
3458 5173 3511 5229 id
3542 5175 3612 5230 de

2016 5274 2318 5345 archetypo
2365 5269 2477 5325 dici
2524 5275 2730 5339 potest.
2780 5267 2891 5322 Aut
2919 5266 2969 5322 si
3005 5280 3137 5323 vere
3188 5265 3437 5335 loquitur
3484 5280 3610 5321 cum

2018 5370 2097 5423 ait
2142 5367 2210 5439 _in
2250 5365 2434 5434 seipso
2462 5360 2644 5417 videri
2696 5358 2937 5426 Patrem,
2983 5360 3234 5429 nihilque
3274 5356 3441 5428 plane
3488 5373 3615 5413 esse

2021 5459 2171 5532 quod
2201 5473 2327 5514 eum
2363 5465 2610 5527 separet,
2653 5453 2742 5509 vel
2776 5452 3134 5525 interiectum
3167 5451 3260 5516 sit,
3298 5450 3386 5507 vel
3426 5450 3613 5503 omni-

2023 5552 2241 5609 modam
2271 5548 2696 5606 similitudinem
2734 5544 3030 5607 adulterat,
3065 5556 3299 5599 necesse
3327 5549 3413 5598 est
3444 5540 3615 5597 utch

2023 5649 2222 5703 nolens
2252 5644 2401 5698 dicat
2444 5643 2643 5715 ipsum
2661 5652 2883 5709 quoque
2909 5635 3125 5690 Patrem
3165 5632 3524 5690 adventitiam
3561 5642 3615 5689 ct

2023 5743 2092 5797 ab
2156 5740 2330 5794 altero
2384 5743 2666 5802 acceptam
2720 5729 2925 5785 habere
2971 5727 3257 5785 virtutem.
3311 5726 3406 5783 Sic
3468 5725 3618 5783 enim
