4006 6418
429 435 533 493 207

1404 433 1460 491 S.
1485 433 1761 488 (lYlllLLl
1797 432 2267 490 ALEXANDRlNI
2308 433 2629 492 ARCIIIEP.

3597 437 3709 494 208

429 552 672 621 scipsum
701 548 869 605 nobis
900 548 955 603 in
989 548 1229 620 imagine
1267 565 1382 604 suae
1413 557 1625 605 naturae
1671 549 1788 604 sive
1819 548 2011 621 gloria:

2116 551 2267 605 οὐδὲν
2295 552 2431 615 ὅλως
2455 548 2594 606 εἰναι
2624 552 2683 605 τὸ
2703 550 3020 606 διαλλάττον
3046 553 3103 606 ὲν
3126 550 3203 623 τῷ
3228 551 3509 625 μεταξὺ,ἢ
3539 572 3714 626 παρα-

428 646 601 700 voluit
652 643 966 700 ostendere.
1023 644 1280 714 Nunquid
1338 658 1471 713 ergo
1522 642 1765 707 videtis,
1799 641 2015 711 inquiet

428 738 496 793 ad
541 738 668 793 illos
711 737 941 807 aliquis,
973 751 1214 807 quonam
1246 729 1462 795 a'recta
1494 735 1584 790 via
1633 749 1820 791 sermo
1850 732 2017 789 delle-

425 836 561 894 ctat,
605 836 661 885 et
691 837 961 900 quantum
1022 830 1079 884 in
1133 829 1456 883 barathrum
1507 827 1643 882 talia
1709 826 2017 884 sentientes

429 919 777 992 praecipitet?
817 921 1135 985 Enimvero,
1171 920 1455 991 inquiunt,
1516 928 1723 991 potest,
1765 920 2018 990 quamvis

427 1020 651 1069 creatus
680 1013 754 1068 sit
785 1011 1213 1079 Filius,naturae
1235 1012 1439 1068 divinae
1460 1026 1634 1083 opera
1660 1009 1862 1076 facere,
1890 1025 2015 1066 cum

426 1100 539 1157 Deo
572 1114 638 1156 ac
674 1098 824 1156 Patri
862 1100 939 1155 ita
973 1100 1156 1158 visum
1192 1101 1287 1156 sit.
1306 1101 1379 1157 At
1406 1100 1539 1171 quid
1573 1101 1681 1157 hoc
1707 1100 1887 1170 magis
1922 1099 2016 1155 im-

425 1192 578 1263 pium
610 1191 723 1247 dici
770 1191 995 1262 potest?
1016 1190 1167 1247 Nihil
1201 1191 1351 1248 enim
1392 1193 1576 1263 majus
1610 1192 1730 1249 sive
1762 1192 1887 1262 plus
1911 1192 2017 1247 erit

424 1285 484 1340 in
514 1283 625 1340 Deo
655 1282 920 1355 deinceps
980 1299 1150 1355 quam
1209 1292 1488 1350 creatura,
1520 1284 1654 1340 licet
1707 1285 1761 1341 ei
1812 1283 2019 1339 divini-

424 1376 556 1434 tatis
589 1374 823 1447 gloriam
860 1389 928 1432 ac
968 1377 1237 1433 virtutem
1270 1376 1604 1433 tribuamus.
1639 1375 1819 1433 Nemo
1868 1376 2017 1433 enim

430 1469 536 1526 sibi
571 1455 777 1525 mentis
818 1468 1006 1540 inopia
1042 1472 1374 1540 persuadeat
1395 1466 1726 1524 admirabile
1757 1482 1819 1525 se
1857 1468 2019 1539 quid-

432 1561 559 1616 dam
614 1567 669 1616 et
747 1575 1005 1631 magnum
1066 1560 1136 1617 de
1196 1558 1339 1616 Filio
1417 1560 1647 1625 sentire,
1704 1575 1770 1615 ac
1831 1559 2018 1616 dicere

434 1650 588 1723 quod
657 1659 913 1706 creatura
983 1652 1206 1722 quidem
1284 1652 1380 1717 sit,
1447 1651 1545 1707 sed
1604 1660 1715 1706 non
1793 1659 1852 1706 ut
1910 1665 2018 1705 una

436 1750 857 1808 creaturarum,
915 1743 1013 1799 sed
1075 1742 1199 1812 ejus
1263 1741 1499 1813 gloriam
1554 1756 1666 1798 non
1728 1741 2021 1798 mediocri-

435 1845 523 1893 ter
560 1849 623 1892 se
665 1834 874 1890 violare
925 1833 1227 1905 intelligat.
1278 1830 1392 1888 Nec
1454 1833 1604 1888 enim
1661 1832 2018 1905 quaerendum

427 1923 596 1997 779
623 1930 810 1979 utrum
835 1922 1095 1979 eximiam
1127 1937 1239 1993 pm
1270 1922 1489 1979 cmteris
1517 1923 1788 1979 creaturis
1817 1922 2016 1978 habeat

424 2025 686 2074 naturam
709 2055 726 2081 ,
757 2015 854 2071 sed
882 2022 1071 2071 utrum
1097 2014 1330 2071 omnino
1356 2025 1577 2071 creatus
1605 2014 1696 2071 sit.
1724 2013 2015 2081 Quomodo

421 2111 571 2168 enim
604 2118 865 2166 creatura
902 2123 1013 2163 non
1042 2108 1185 2174 erit,
1222 2107 1271 2164 si
1315 2116 1707 2164 creaturarum
1757 2106 1832 2163 sit
1873 2122 2018 2178 pra:-

421 2201 823 2259 stantissima?
859 2201 930 2257 At
958 2199 1165 2256 violata
1193 2197 1320 2254 Filii
1350 2198 1649 2269 majestate
1678 2198 1734 2254 in
1768 2213 1837 2256 eo
1864 2198 2015 2270 quod

423 2296 606 2368 ipsum
641 2292 853 2350 factum
888 2307 1016 2350 esse
1046 2292 1279 2356 dicunt,
1313 2290 1446 2361 quid
1495 2290 1703 2347 frustra
1748 2291 1799 2348 ei
1839 2305 2015 2347 reme-

422 2390 581 2446 dium
619 2387 792 2443 veluti
853 2384 1132 2458 quoddam
1188 2382 1499 2448 adhibent,
1547 2383 1694 2454 quod
1749 2382 2011 2439 nimirum

418 2482 604 2540 locum
663 2489 848 2536 teneat
904 2478 1245 2550 reliquorum
1296 2480 1554 2536 omnium
1608 2477 2045 2549 prazstantissi»

419 2571 918 2643 mumilnjuriam
951 2570 1140 2642 itaque
1191 2570 1287 2627 Dei
1333 2586 1399 2627 ac
1449 2570 1635 2627 Patris
1683 2570 2012 2627 substantiae

417 2666 727 2732 faciemus,
760 2672 859 2720 aut
892 2663 1094 2720 horum
1128 2663 1471 2735 agendorum
1501 2672 1835 2735 potestatem
1870 2660 2012 2717 Filio

418 2759 780 2831 adlegemus,
813 2758 910 2830 qui
940 2766 995 2815 et
1024 2759 1147 2830 ipse
1174 2767 1398 2815 creatus
1439 2766 1560 2826 est,
1611 2766 1673 2812 ut
1712 2759 1884 2813 stulte
1932 2758 2010 2812 illi

416 2849 905 2922 philosophantur.
959 2845 1067 2904 Sed
1125 2862 1238 2903 non
1303 2846 1546 2904 feremus
1611 2862 1708 2904 eos
1763 2848 2011 2902 dit-entes

416 2939 650 3007 Filium,
672 2954 801 2999 cum
839 2939 1151 2996 secundum
1182 2947 1438 2994 naturam
1473 2947 1734 2994 creatura
1766 2940 1863 3002 sit,
1896 2938 2011 2993 dei-

415 3032 554 3089 tatis
602 3039 797 3088 tamen
847 3045 1016 3101 opera
1058 3029 1283 3094 facere,
1329 3044 1456 3085 cum
1501 3031 1582 3085 ita
1630 3031 1891 3100 placitum
1936 3031 2010 3085 sit

416 3120 534 3178 Deo
563 3135 629 3177 ac
658 3120 835 3175 Patri.
878 3117 1014 3174 Nam
1050 3119 1098 3175 si
1140 3134 1206 3175 ex
1252 3119 1540 3191 Scriptura
1588 3119 1773 3175 divina
1818 3128 2007 3176 esten-

418 3213 553 3269 dere
599 3210 656 3267 id
690 3217 958 3283 possunt,
991 3208 1141 3281 quod
1188 3220 1426 3281 possunt
1466 3211 1786 3281 proferant,
1822 3219 1877 3265 et
1925 3210 2009 3264 in-

417 3311 712 3375 corruptas
740 3302 902 3358 nobis
932 3308 1256 3359 sanctorum
1286 3315 1452 3377 voces
1494 3307 1853 3356 conservent.
1907 3297 2004 3353 Sin

416 3405 602 3454 autem
658 3411 727 3452 ex
783 3409 890 3451 suo
941 3409 1111 3450 sensu
1170 3394 1420 3450 rationes
1476 3393 2004 3458 comminiscuntur,

417 3489 559 3547 scite
626 3486 917 3544 dicemus:
952 3504 970 3537 ι
1006 3484 1100 3541 Vae
1159 3486 1255 3557 qui
1314 3487 1656 3557 prophetant
1718 3485 1788 3540 de
1844 3486 2012 3541 corde

417 3594 523 3636 suo
550 3578 621 3634 9‘.
652 3596 672 3631 ι
705 3578 805 3633 llla
837 3577 984 3633 enim
1017 3575 1243 3633 Patrem
1294 3592 1513 3648 semper
1560 3576 1701 3631 velle
1738 3576 2008 3633 concede-

419 3687 574 3737 mus,
609 3686 733 3742 quae
758 3670 1006 3726 divinam
1031 3671 1155 3740 ejus
1183 3672 1416 3742 gloriam
1448 3670 1727 3726 sinceram
1759 3680 1813 3725 et
1840 3669 2013 3724 invio-

415 3765 585 3820 latam
615 3778 841 3820 servare
871 3774 1118 3833 queunt,
1176 3772 1233 3817 et
1291 3763 1609 3832 dogmatum
1659 3777 1809 3831 quae-
1837 3762 1904 3816 de
1947 3777 2011 3818 eo

415 3866 548 3914 sunt
578 3864 785 3913 rectam
823 3856 1100 3911 rationem
1147 3865 1396 3910 tuentur.
1450 3853 1749 3919 Quocirca,
1788 3853 2009 3910 illorum

415 3949 635 4007 insania
670 3948 859 4004 valere
901 3947 1097 4018 jussa,
1144 3946 1213 4002 ad
1247 3955 1459 4001 rectam
1495 3945 1563 4001 de
1599 3962 1666 4002 eo
1693 3946 2010 4002 doctrinam

413 4049 827 4108 convertamur,
857 4040 1157 4095 credentes
1187 4054 1254 4094 ex
1300 4038 1617 4095 substantia
1662 4039 1758 4096 Dei
1802 4056 1866 4096 ac
1905 4039 2014 4095 Pa-

415 4134 519 4191 tris
552 4134 798 4205 genitum
832 4149 957 4190 esse
986 4130 1196 4188 Filium
1226 4147 1355 4189 vere
1376 4173 1393 4198 ,
1443 4141 1499 4189 et
1549 4133 1721 4190 Deum
1777 4134 1850 4191 de
1903 4134 2013 4191 Deo

415 4224 722 4282 secundum
756 4232 1037 4280 naturam.
1069 4224 1207 4279 Cum
1239 4223 1313 4279 sit
1350 4225 1498 4280 enim
1531 4226 1822 4282 character
1851 4236 1907 4283 et
1947 4228 2015 4282 si-

415 4317 674 4372 militudo
702 4315 799 4371 Dei
829 4331 895 4371 ac
925 4314 1142 4380 Patris,
1195 4331 1325 4371 vere
1375 4316 1647 4387 loquitur,
1704 4332 1832 4372 cum
1888 4319 2009 4373 ait:

422 4427 440 4458 ι
464 4407 572 4476 Qui
602 4407 744 4462 vidit
775 4421 859 4461 me
883 4447 897 4469 ,
954 4405 1098 4460 vidit
1148 4416 1203 4461 et
1251 4404 1471 4461 Patrem
1503 4422 1517 4459 :
1551 4407 1834 4477 quomodo
1878 4424 2013 4479 ergo

417 4500 598 4557 dicis:
634 4497 876 4555 Ostende
902 4486 1369 4553 nobis‘Patrem?
1401 4518 1419 4550 ι
1452 4496 1605 4554 Licet
1639 4499 1846 4570 quippe
1875 4500 1974 4555 tibi
1996 4539 2010 4563 ,

2034 3263 2081 3323 C

2120 644 2390 715 χαράττον
2425 645 2526 716 τὴν
2570 646 2651 707 είς
2693 644 2840 698 άπαν
2871 643 3202 717 ἐμφέρειαν,
3252 642 3467 713 ἀνάγκη
3496 644 3708 709 λοιπὸν,

2119 738 2213 789 καὶ
2234 738 2329 806 οὐχ
2352 738 2548 791 ἑκόντα
2571 739 2768 802 εἰπεῖν,
2786 738 2869 790 ὅτι
2891 736 2985 791 καὶ
3013 737 3175 801 αὐτὸς
3195 739 3223 790 ὀ
3248 737 3440 808 Πατὴρ
3466 739 3713 810 ὲπακτὴν

2119 828 2264 899 ἔχειν
2296 828 2407 901 [ισ.
2457 828 2594 902 ἔχει]
2642 831 2737 884 καὶ
2765 829 2896 901 παρ’
2921 812 3111 900 ἑτέρου
3149 830 3249 899 τὴν
3276 828 3527 899 δύναμιν.
3552 830 3713 899 Οῦτω

2118 921 2228 992 γὰρ
2255 924 2389 993 ἡμῖν
2411 924 2603 977 ἑαυτὸν
2633 924 2691 976 ὲν
2718 925 2785 994 τῇ
2826 921 2994 975 είκόνι
3020 923 3120 991 τῆς
3155 920 3293 984 ίδίας
3325 920 3562 990 φύσεως,
3589 922 3710 992 ἦτοι

2117 1014 2216 1084 τῆς
2257 1012 2415 1084 δόξης
2434 1053 2449 1079 ,
2481 1012 2761 1085 ἠϐουλήθη
2785 1011 3073 1067 δεικνύειν.
3126 1007 3255 1083 'Ap'
3280 1007 3374 1065 οῦν
3398 1011 3496 1081 ούχ
3521 1013 3708 1082 ὁρᾶτε,

2119 1107 2341 1177 φήσειεν
2364 1105 2430 1160 ἄν
2472 1122 2556 1170 τις
2581 1106 2720 1177 πρὸς
2752 1104 2993 1168 ἐκείνους
3021 1102 3210 1157 λοιπὸν
3228 1143 3243 1167 ,
3293 1103 3418 1156 ὅποι
3448 1102 3580 1155 ποτὲ
3613 1100 3713 1172 βα·

2117 1196 2312 1251 διεῖται
2348 1195 2452 1267 τῆς
2475 1196 2689 1260 εὐθείας
2720 1195 2843 1250 ὁδοῦ
2876 1194 3211 1249 διεκπίπτων
3236 1195 3265 1247 ὁ
3294 1193 3475 1262 λόγος,
3505 1193 3600 1246 καὶ
3627 1192 3713 1255 είς

2117 1284 2231 1344 οἷον
2279 1287 2607 1359 ἁποκομίζει
2655 1285 2930 1359 βάραθρον
2973 1286 3101 1349 τοὺς
3138 1285 3327 1338 ἐκεῖνα
3365 1281 3709 1355 πεφρονηκότ

2117 1392 2244 1440 cae:
2290 1374 2449 1429 Ἀλλὰ
2475 1375 2567 1430 ναὶ
2587 1416 2601 1440 ,
2632 1373 2895 1439 δύναται,
2937 1373 3075 1445 φησὶ
3096 1412 3110 1437 ,
3143 1373 3323 1428 καίτοι
3352 1371 3579 1443 γενητὸς
3604 1372 3711 1424 ὐπ-

2118 1467 2302 1538 άρχων
2333 1469 2363 1521 ό
2397 1466 2524 1530 Υἱὸς
2548 1508 2561 1532 ,
2600 1466 2669 1521 τὰ
2695 1468 2796 1537 τῆς
2823 1449 3042 1535 φύσεως
3073 1463 3212 1536 ἔργα
3244 1461 3519 1535 πληροῦν,
3552 1463 3712 1529 δόξαν

2118 1557 2261 1612 οὕτω
2292 1557 2371 1629 τῷ
2411 1557 2531 1628 Θεῷ
2567 1557 2664 1612 καὶ
2704 1557 2899 1630 Πατρί.
2962 1554 3094 1611 Εἶτα
3127 1557 3181 1610 τί
3214 1555 3408 1610 τούτου
3461 1555 3713 1624 φανεῖται

2118 1651 2179 1705 τὸ
2203 1652 2660 1724 δυσσεϐέστερον;
2700 1651 2868 1706 Οὐδὲν
2896 1651 3006 1723 γὰρ
3033 1650 3116 1705 ἔτι
3140 1651 3203 1705 τὸ
3232 1649 3420 1721 μεῖζον
3438 1691 3454 1716 ,
3499 1650 3622 1721 ἦτοι
3649 1646 3713 1703 τὺ

2120 1742 2281 1797 πλέον
2310 1746 2367 1798 ὲν
2389 1744 2509 1815 Θεῷ
2530 1744 2682 1817 παρὰ
2703 1744 2803 1816 τὴν
2826 1745 3023 1811 κτίσιν,
3059 1744 3109 1797 et
3135 1743 3228 1797 καὶ
3253 1744 3351 1814 τὴν
3377 1741 3480 1812 τῆς
3517 1742 3712 1811 θεότη-

2121 1856 2213 1903 τος
2252 1837 2412 1903 δόξαν
2458 1854 2518 1893 τε
2561 1839 2653 1893 καὶ
2699 1838 2927 1912 δύναμιν
2977 1839 3115 1911 αὐτῇ
3168 1837 3563 1910 περιθήσομεν.
3618 1836 3714 1908 Μὴ

2074 1928 2094 1999 _’
2118 1929 2228 2001 γάρ
2253 1930 2337 1992 τις
2365 1929 2429 1983 ὲκ
2454 1928 2882 1999 φρενοϐλαϐείας
2902 1928 3100 1984 οίέσθω
3132 1928 3335 2001 πολλῆς
3380 1928 3713 1999 ἀξιάγαστόν

2116 2038 2170 2077 τι
2213 2022 2307 2077 καὶ
2344 2022 2489 2093 μέγα
2547 2024 2678 2094 περὶ
2722 2022 2854 2076 Υἱοῦ
2895 2024 3115 2095 φρονεῖν
3150 2039 3212 2076 τε
3246 2023 3341 2077 καὶ
3374 2020 3593 2091 λέγειν,
3628 2021 3714 2075 ὅτι

2116 2113 2323 2184 κτίσμα
2353 2112 2451 2184 μέν
2474 2115 2643 2177 ἐστιν,
2660 2114 2759 2185 οὐχ
2783 2114 2861 2178 ὡς
2892 2113 2950 2167 ἓν
2978 2114 3036 2168 δὲ
3061 2131 3171 2167 των
3199 2112 3515 2184 κτισμάτων
3540 2129 3555 2143 ”
3579 2113 3714 2166 ίστω

2114 2205 2172 2259 δὲ
2196 2206 2257 2259 οὐ
2292 2205 2505 2278 μικρῶς
2527 2205 2731 2260 ἀδικῶν
2760 2205 2859 2277 τὴν
2887 2205 3046 2271 δόξαν
3075 2205 3262 2260 αὐτοῦ.
3306 2206 3381 2259 Οὐ
3406 2204 3517 2275 γὰρ
3542 2205 3591 2257 εἰ
3617 2202 3707 2268 εξ·-

2114 2297 2332 2370 αίρετον
2354 2298 2468 2369 ἔχει
2497 2298 2595 2369 τὴν
2625 2296 2788 2367 φύσιν
2809 2297 2963 2370 παρὰ
2984 2298 3054 2352 τά
3077 2297 3215 2353 ἄλλα
3243 2296 3523 2369 κτίσματα
3543 2294 3713 2366 ζητη-

2113 2387 2255 2453 τέον,
2287 2387 2404 2441 ἀλλ’
2426 2388 2476 2439 ει
2498 2387 2723 2456 γέγονεν
2746 2386 2903 2451 ὅλως.
2937 2387 3013 2441 Τὸ
3043 2388 3151 2460 γὰρ
3175 2380 3317 2441 εἴναι
3354 2385 3566 2455 κτίσμα
3589 2384 3711 2447 πῶς

2114 2479 2182 2533 ἂν
2213 2476 2499 2547 διαφύγοι,
2536 2478 2585 2530 εί
2626 2478 2719 2531 καὶ
2754 2477 2975 2532 πάντων
3004 2477 3125 2531 ἐστὶ
3158 2477 3267 2532 τῶν
3302 2476 3622 2546 κτισμάτων
3647 2474 3711 2528 τὸ

2114 2570 2434 2639 κάλλιστον;
2479 2570 2951 2641 Ἀδικουμένης-δὲ
2970 2570 3072 2640 τῆς
3100 2569 3259 2641 δόξης
3271 2568 3366 2623 τοῦ
3387 2567 3519 2621 Υἱοῦ
3541 2568 3601 2620 ὲν
3628 2566 3709 2638 τῷ

2112 2661 2369 2732 γενέσθαι
2385 2662 2567 2732 λέγειν
2588 2662 2839 2731 αὐτὸν,τί
2861 2663 3041 2734 μάτην
3058 2661 3343 2730 ἐπάγουσι,
3373 2659 3629 2732 καθάπερ
3655 2677 3711 2712 τι

2114 2757 2405 2827 φάρμακον
2437 2755 2587 2827 αύτῷ
2608 2796 2623 2822 ,
2669 2755 2730 2809 τδ
2756 2756 2814 2808 ὲν
2841 2754 2919 2826 τῷ
2944 2754 3215 2824 καλλίστῳ
3248 2752 3358 2807 τῶν
3382 2751 3559 2807 ἄλλων
3606 2753 3712 2804 ὑπ-

2113 2848 2302 2919 άρχειν
2330 2848 2522 2919 τόπῳ;
2588 2846 2917 2919 Ὑδριοῦμεν
2960 2844 3255 2917 τοιγαροῦν
3299 2844 3411 2914 τὴν.
3444 2843 3539 2897 τοῦ
3571 2843 3710 2897 Θεοῦ
3783 2851 3791 2858 ‘

2113 2940 2208 2993 καὶ
2250 2940 2465 3011 Πατρὸς
2512 2938 2735 3002 οὐσίαν,
2784 2939 2818 3009 ἢ
2867 2936 3042 2994 ταῦτα
3083 2937 3348 2991 δύνασθαι
3405 2935 3712 3006 κατορθοῦν

2112 3030 2489 3101 τπριθήσομεν
2520 3030 2599 3101 τῷ
2628 3030 2766 3101 Υίῷ,
2789 3028 3004 3101 γενητῷ
3037 3030 3132 3083 καὶ
3180 3028 3331 3098 αύτῷ
3361 3028 3709 3098 τυγχάνοντι,

2100 3121 2254 3201 ,κατὰ
2282 3122 2373 3176 τὸν
2397 3123 2624 3178 ἐκείνων
2649 3123 2840 3194 ἅμαθῆ
2867 3123 2964 3177 καὶ⁵
2996 3120 3257 3177 ἀσύνετον
3280 3120 3564 3191 λογισμόν.
3592 3120 3712 3172 Ούκ

2110 3214 2415 3285 ἀνεξόμεθα
2451 3215 2507 3269 δὲ
2547 3215 2817 3284 λεγόντων
2852 3214 3063 3281 αὐτῶν,
3115 3214 3199 3268 ὅτι
3228 3213 3297 3269 τὰ
3320 3214 3420 3282 τῆς
3455 3211 3714 3284 θεότητος

2112 3306 2248 3379 ἔργα
2275 3308 2549 3379 κατορθοῖ,
2581 3308 2790 3379 κτίσμα
2819 3308 2960 3362 κατὰ
3001 3308 3164 3377 φύσιν
3209 3306 3474 3378 ὑπάρχων
3503 3307 3531 3359 ό
3557 3305 3713 3368 Υίὸς,

2110 3400 2254 3454 οὕτω
2282 3399 2440 3464 δόξαν
2484 3399 2563 3471 τῷ
2611 3400 2732 3471 Θεῷ
2782 3399 2877 3453 καὶ
2901 3399 3097 3469 Πατρί.
3148 3400 3213 3453 ΕΞ
3239 3399 3339 3470 μὲν
3381 3398 3490 3468 γὰρ
3524 3398 3715 3469 ἔχουσι

2111 3493 2377 3547 δεικνύειν
2414 3492 2572 3546 τοῦτο
2606 3492 2713 3547 ἀπὸ
2752 3493 2852 3564 τῆς
2901 3492 3054 3556 θείας
3080 3491 3341 3563 Γραφῆς,
3392 3507 3711 3562 παρακομι-

2114 3586 2314 3651 ζόντων
2364 3586 2400 3641 δι
2426 3586 2726 3657 βούλονται,
2752 3587 2846 3640 καὶ
2868 3584 3283 3655 ἀκαπηλεύτους
3307 3586 3439 3656 ἡμῖν
3468 3584 3565 3649 τὰς
3602 3584 3721 3637 τῶν

2115 3677 2285 3745 ἁγίων
2330 3677 2642 3749 τηρούντων
2686 3677 2891 3745 φωνάς.
2947 3676 3010 3730 Εί
3045 3676 3100 3728 δὲ
3129 3676 3356 3747 γνώμης
3389 3674 3523 3739 ίδίας
3553 3675 3719 3746 εὐρήο
3826 3684 3829 3689 ⁷

2118 3787 2285 3840 ματα,
2320 3770 2414 3823 καὶ
2441 3770 2567 3834 τοὺς
2594 3770 2688 3822 ἐπὶ
2717 3769 2892 3839 τούτῳ
2918 3767 3246 3839 πεποίηνται
3267 3766 3585 3837 λογισμοὺς,
3612 3784 3717 3837 χα-

2117 3862 2340 3933 ριέντως
2383 3862 2650 3933 ἐροῦμενο
2710 3882 2727 3912 ι
2773 3863 2909 3915 0ὑαῖ⁵
2941 3864 3055 3924 τοῖς
3118 3859 3554 3932 προφητεύουσιν
3602 3860 3722 3915 ἀπὸ
3828 3914 3831 3917 _

2115 3952 2343 4024 καρδίας
2366 3952 2578 4006 αὑτῶνί
2608 3972 2624 4002 ι
2650 3953 2861 4006 Ἐκεῖνα
2882 3952 2993 4023 γὰρ
3009 3951 3253 4023 δώσομεν
3273 3948 3480 4005 ἐθέλειν
3502 3950 3591 4003 ἀεὶ
3618 3951 3715 4003 τὸν

2115 4045 2372 4117 Πατέρα,
2414 4044 2451 4100 ἃ
2480 4046 2579 4116 τὴν
2631 4044 2781 4097 θείαν
2830 4043 2995 4097 αὐτοῦ
3038 4043 3198 4111 δόξαν
3239 4042 3720 4115 ἀπαραχάρακτον

2114 4132 2224 4191 οἶδε
2255 4140 2443 4210 τηρεῖν
2461 4177 2477 4200 ,
2505 4140 2602 4191 καὶ
2629 4137 2736 4191 τῶν
2763 4138 2893 4208 περὶ
2930 4135 3097 4190 αὑτοῦ
3127 4136 3420 4208 δογμάτων
3451 4135 3715 4200 διασώζει

2113 4232 2212 4299 τὴν
2243 4229 2532 4300 ὀρθότητα.
2556 4226 2767 4281 Οὐκοῦν
2789 4224 3157 4289 ταῖςὲκείνων
3184 4224 3498 4288 άσυνεσίαις
3527 4222 3590 4275 τὸ
3619 4224 3717 4294 ep-

2118 4323 2325 4394 ρὧθαι
2357 4322 2686 4392 φράσαντες,
2718 4318 2814 4373 ἐπὶ
2843 4319 2932 4372 τὸν
2968 4316 3144 4389 άληθῆ
3171 4316 3302 4387 περὶ
3337 4313 3502 4368 αὐτοῦ
3530 4317 3717 4385 χωρή-

2118 4432 2298 4486 σωμεν
2321 4413 2477 4481 λόγον
2498 4454 2512 4478 ,
2558 4413 2621 4465 ὲκ
2648 4411 2748 4482 τῆς
2789 4410 2976 4474 οὐσίας
2999 4407 3326 4479 γεννηθῆναι
3358 4405 3716 4468 πιστεύοντες

2118 4503 2211 4558 τοῦ
2240 4503 2376 4557 Θεοῦ
2405 4504 2499 4557 καὶ
2529 4502 2740 4574 Πατρδς
2772 4503 2900 4556 Υἱδν
2929 4500 3168 4571 ἀληθῶς,
3198 4500 3295 4553 καὶ
3319 4499 3453 4553 Θεὸν
3480 4498 3544 4551 ὲκ
3570 4496 3715 4551 Θεοῦ

415 4591 635 4662 inquit,
659 4588 912 4660 Philippe
934 4629 948 4654 ,
995 4588 1184 4643 Patris
1231 4591 1284 4643 in
1313 4603 1400 4646 me
1428 4590 1802 4659 contemplari
1849 4599 2011 4645 natu-

2121 4597 2263 4651 κατὰ
2296 4595 2473 4665 φύσιν.
2538 4595 2818 4666 Ἀληθεύει
2864 4595 2974 4665 γὰρ
3003 4591 3470 4662 οῦτωςύπάρχων
3503 4590 3597 4643 καὶ
3620 4605 3718 4661 χα-

415 4699 571 4748 ram,
604 4690 661 4738 et
694 4698 759 4737 ex
795 4696 864 4735 eo
890 4680 1039 4751 quod
1084 4697 1205 4736 sum
1253 4683 1375 4752 ipse
1397 4721 1411 4741 ,
1465 4684 1773 4751 genitorem
1827 4684 2012 4752 perci-

2121 4687 2355 4758 ρακτὴρ,
2387 4687 2485 4739 καὶ
2515 4685 2773 4757 ὁμοίωσις
2798 4683 2892 4737 τοῦ
2927 4681 3063 4736 Θεοῦ
3094 4683 3186 4735 καὶ
3221 4682 3458 4752 Πατρὸς,
3491 4679 3670 4747 λέγων
3694 4695 3712 4712 ο

388 4766 566 4846 Ξρετε.
624 4773 824 4829 Exstiti
873 4772 1020 4828 enim
1066 4781 1122 4827 et
1155 4789 1277 4828 sum
1320 4787 1456 4828 vere
1504 4774 1837 4829 substantiae
1887 4776 2011 4844 ejus

2121 4804 2139 4835 ι
2164 4784 2221 4836 '0
2250 4781 2512 4854 ἑωρακὼς
2541 4782 2670 4852 ἐμὲ,
2708 4780 2921 4852 ἑώρακε
2948 4779 3038 4833 τὸν
3070 4777 3290 4850 Πατέρα
3314 4796 3328 4809 ·
3353 4777 3472 4843 πῶς
3497 4773 3590 4833 οὖν
3622 4778 3719 4832 λέ-

414 4869 726 4930 character,
761 4881 856 4937 per
889 4864 1077 4921 omnia
1122 4864 1326 4919 similis
1355 4873 1410 4920 et
1442 4865 1626 4935 imago
1661 4864 2012 4935 perfectissi-

416 4975 502 5014 ma
531 4960 609 5022 ",
644 4967 816 5014 totam
844 4958 899 5011 in
933 4958 1145 5028 meipso
1177 4956 1272 5013 Dei
1308 4971 1373 5011 ac
1404 4954 1588 5012 Patris
1619 4965 1883 5013 naturam
1912 4976 2010 5016 ex-

414 5051 679 5119 primens.
736 5048 910 5115 Quem
963 5047 1185 5103 demum
1243 5046 1480 5102 visionis
1526 5047 1731 5104 divinae
1779 5050 2001 5106 modum

415 5141 582 5194 alium
610 5137 895 5209 quaesieris
913 5178 928 5204 ,
954 5137 1002 5191 si
1029 5137 1130 5192 tibi
1159 5152 1297 5192 sana
1325 5152 1484 5193 mens
1513 5154 1637 5195 esse
1665 5148 1881 5211 potest,
1908 5153 2005 5199 aut

417 5230 598 5301 quod,
662 5216 887 5300 quasso,
944 5225 1177 5283 visionis
1229 5242 1405 5298 genus
1478 5231 1697 5300 rogas?
1730 5230 2002 5303 Nunquid

417 5318 858 5389 praestantiorem
895 5324 951 5371 et
991 5316 1168 5387 magis
1201 5317 1539 5389 exquisitam
1578 5322 1864 5379 veteribus
1902 5324 2005 5379 da-

417 5392 531 5467 tam
543 5426 672 5467 esse
701 5408 1013 5476 existimas,
1038 5425 1165 5466 cum
1198 5412 1255 5468 in
1286 5424 1531 5471 montem
1571 5414 1702 5473 Sina
1727 5420 1782 5474 in
1818 5423 2005 5491 specie

418 5505 561 5575 ignis
591 5502 851 5558 descendi
887 5502 978 5557 "1'
1006 5501 1087 5559 Ob
1127 5505 1233 5562 hoc
1259 5507 1407 5564 enim
1434 5507 1612 5567 Judazi
1649 5512 2002 5582 potissimum

418 5594 643 5666 gloriari
673 5593 872 5651 solent.
907 5594 1033 5653 llaec
1074 5612 1105 5652 a
1144 5597 1371 5657 Christo
1434 5601 1628 5659 forsan
1675 5605 1825 5659 dicta
1873 5605 2001 5676 qui-

418 5690 539 5743 dem
584 5700 707 5740 esse
751 5687 1110 5755 putabimus:
1146 5703 1405 5750 caeterum
1443 5697 1513 5751 ad
1564 5696 1657 5752 Dei
1705 5706 1762 5753 et
1815 5696 1999 5753 Patris

491 5854 538 5886 ⁹⁸
562 5863 759 5925 Ezeclt.
793 5880 887 5927 xttt
913 5909 929 5937 ,
964 5870 1016 5926 5.
1093 5872 1139 5903 ’⁸
1172 5871 1212 5927 ll
1244 5872 1374 5929 Cor.
1430 5889 1505 5940 tv,
1547 5874 1616 5943 4;
1643 5873 1816 5938 llebr.
1847 5895 1859 5932 ι
1887 5920 1899 5943 ,
1945 5881 1994 5935 5.

2114 4894 2229 4945 γεις
2257 4892 2270 4907 ο
2305 4872 2487 4940 Δεῖξον
2526 4876 2660 4943 ἡμῖν
2690 4872 2785 4926 τὸν
2820 4870 3080 4941 Πατέρα;
3115 4889 3136 4923 ι
3183 4870 3334 4939 Ἐξὸν
3362 4870 3472 4941 γὰρ
3507 4870 3572 4941 δή
3602 4887 3716 4933 σοι,

2115 4970 2309 5041 φησὶν,
2336 4962 2383 5022 ὦ
2407 4967 2669 5029 Φίλιππε,
2702 4967 2801 5038 τὴν
2825 4965 2919 5019 τοῦ
2948 4964 3167 5036 Πατρδς
3198 4965 3257 5017 ὲν
3284 4964 3410 5034 ἐμοὶ
3438 4963 3713 5018 καταθεά-

2115 5063 2314 5117 σασθαι
2344 5061 2540 5131 φύσιν,
2595 5060 2691 5113 καὶ
2724 5056 2784 5123 ἐξ
2821 5050 2898 5111 ὧν
2932 5058 3094 5122 αὐτός
3123 5059 3239 5129 είμι
3281 5056 3717 5112 διασκέπτεσθαι

2112 5152 2202 5207 τὸν
2216 5152 2536 5222 γεννήτορα.
2563 5148 2792 5221 Πέφηνά
2814 5166 2874 5202 τε
2903 5149 3009 5221 γὰρ
3033 5150 3129 5203 καὶ
3148 5148 3263 5220 εἰμὶ
3283 5149 3404 5203 κατ’
3424 5147 3712 5221 ἀλήθειαν,

2114 5244 2207 5299 καὶ
2234 5244 2333 5314 τῆς
2361 5242 2551 5307 οὐσίας
2597 5241 2765 5297 αὐτοῦ
2796 5240 3081 5314 χαρακτὴρ
3133 5241 3577 5313 ἀπαράλλακτος,
3614 5241 3714 5294 καὶ

2114 5336 2277 5391 εἰκὼν
2308 5336 2557 5409 ἐμφερὴς
2577 5375 2593 5401 ,
2623 5336 2751 5407 ὃλην
2784 5338 2843 5390 ὲν
2886 5334 3112 5408 ἐμαυτῷ
3153 5335 3255 5405 τὴν
3288 5334 3385 5389 τοῦ
3425 5333 3563 5387 Θεοῦ
3614 5335 3712 5388 καὶ

2115 5428 2329 5499 Πατρδς
2356 5429 2710 5501 ἐγχαράττων
2747 5429 2932 5499 φύσιν,
2977 5429 3138 5483 Ποῖον
3175 5426 3256 5482 ἔτι
3301 5428 3402 5497 τῆς
3451 5428 3710 5491 θεοπτίας

2114 5520 2475 5591 ἑπιζητήσαις
2499 5519 2566 5574 ἂν
2593 5520 2794 5593 τρόπον
2820 5520 3032 5591 ἕτερον,
3050 5520 3103 5573 εῐ
3125 5519 3188 5590 γέ
3214 5537 3296 5573 σοι
3314 5519 3518 5591 προσὸν
3536 5518 3703 5589 ὀρῷτι

2110 5612 2172 5665 τὸ
2200 5611 2270 5665 τά
2315 5612 2500 5666 εἰκότα
2537 5612 2796 5667 δύνασθαι
2833 5614 3088 5685 φρονεῖν,
3143 5611 3178 5683 ἢ
3208 5611 3397 5675 ποίαν,
3441 5610 3563 5664 εἰπέ
3594 5628 3705 5677 μοι,

2110 5701 2344 5773 θεωρίαν
2368 5705 2543 5769 αίτεῖς
2568 5700 2675 5770 ;'A
2687 5720 2755 5776 ρα
2781 5702 2857 5776 μὴ
2878 5702 3164 5776 κρείττονα
3194 5703 3286 5756 καὶ
3306 5699 3500 5771 ἀκριῧε
3511 5698 3709 5770 στέραν

2077 5885 2121 5915 9“
2164 5881 2335 5939 Exod.
2380 5901 2496 5947 XIX,
2538 5884 2624 5939 18.
