4006 6422
362 338 475 396 209

1408 324 1479 392 ΙΝ
1514 328 1806 393 JOANNIS
1827 333 2279 395 EVAN-GELIUM
2316 338 2446 396 LIB.
2490 340 2580 397 IX.

3502 334 3624 403 2M

358 464 471 515 οἴει
499 457 748 513 δεδόσθαι
770 458 881 521 τοῖς
910 455 1285 527 ἀρχαιοτέροις
1302 498 1317 524 ,
1343 458 1430 512 ὅτε
1462 459 1700 530 κατέὸην
1732 460 1791 513 ὲν
1816 457 1944 512 εῖδει

2052 464 2429 535 cognitionem
2466 466 2681 536 potiora
2719 480 2838 523 esse
2867 465 3074 524 Christi
3100 466 3417 524 Servatoris
3441 469 3620 525 nostri

359 550 542 622 πυρὸς
585 549 681 602 ἐπὶ
715 547 781 601 τὸ
820 548 946 618 ὅρος
986 546 1047 600 τὸ
1084 547 1250 610 Σινᾶς
1307 546 1447 601 Πολῦ
1485 547 1595 618 γὰρ
1636 548 1823 619 αὐχεῖν
1852 548 1945 601 ἐπὶ

354 640 542 710 τούτῳ
562 639 629 711 δὴ
655 638 892 710 μάλιστα
914 640 1026 702 τοῖς
1063 636 1337 701 Ἰουδαίοις
1380 640 1437 691 ὲν
1460 637 1590 693 ἔθει.
1635 638 1804 692 Ταυτὶ
1844 638 1944 708 μέν

356 731 497 794 τσως
527 731 928 801 ὑπονοήσαιμεν
956 729 1023 783 ἂν
1053 728 1213 799 τυχὸν
1248 728 1541 798 διειλέχθαι
1564 728 1798 801 Χριστόν
1820 744 1834 759 ⁸
1861 729 1943 782 ὅτι

352 820 406 874 δ’
432 817 531 875 οῦν
557 821 799 892 ἀμείνων
825 822 905 885 εἰς
936 820 1146 888 γνῶσινΔ
1164 819 1264 891 τὴν
1287 818 1381 873 τοῦ
1411 819 1545 872 Θεοῦ
1582 819 1678 873 καὶ
1706 819 1940 889 Πατρὸς,

354 913 393 982 ἡ
420 911 536 966 τῶν
569 911 887 983 παραδόξων
931 909 1186 976 ἐπίδειξις
1210 911 1306 964 τοῦ
1339 911 1588 981 Σωτῆρος
1626 912 1658 979 ή
1669 910 1784 980 μῶν
1810 911 1943 980 Χρι-

354 1001 518 1068 στοῦ,
542 1003 646 1074 τῆς
682 1004 742 1055 έν
770 1002 850 1072 τῷ
871 1003 986 1072 δρει
1016 1002 1174 1073 Σινᾷ,
1222 1001 1418 1072 χρῆναι
1443 1001 1553 1053 δεῖν
1575 999 1944 1070 ὑπολαμϐάνω

354 1093 458 1147 καὶ
484 1092 582 1147 νῦν
603 1094 753 1163 ἡμᾶς
785 1092 1085 1147 ἀοκνότατα
1115 1092 1314 1161 λέγειν.
1345 1092 1506 1163 Ὀψει
1545 1088 1654 1161 γὰρ
1683 1090 1826 1144 οῦτω
1850 1090 1943 1144 τὸν

350 1181 661 1248 Φίλιππον,
688 1181 1106 1254 παρακειμένης
1138 1180 1298 1252 ,αὺτῷ
1330 1181 1430 1252 τῆς
1459 1179 1693 1251 ἀληθοῦς
1714 1181 1939 1245 εἰκόνος,

349 1271 461 1326 οὐκ
491 1271 812 1342 ἀναγκαίως
840 1272 1143 1343 αἰτήσαντα
1180 1271 1280 1341 τὴν
1321 1271 1679 1343 ἑτερότροπον
1705 1271 1942 1343 θεωρίαν

348 1361 454 1417 τοῦ
479 1362 614 1417 Θεοῦ
649 1364 743 1418 καὶ
769 1363 1003 1434 Πατρὸς,
1033 1364 1069 1433 ἢ
1098 1363 1192 1416 καὶ
1226 1364 1339 1426 τοῖς
1372 1362 1755 1434 ἀρχαιοτέροις
1783 1362 1941 1432 ὲδόθη

349 1454 582 1509 κατὰτὸ
619 1454 744 1527 δρος
772 1455 922 1509 Σινᾶ.
971 1454 1194 1523 Κατέὸη
1229 1455 1327 1525 μὲν
1349 1455 1460 1526 γὰρ
1501 1457 1616 1509 ὲκεί
1637 1455 1841 1527 Κύριος
1878 1457 1942 1508 ἐν

348 1548 494 1602 εἴδει
524 1550 733 1620 πυρὸς,
765 1547 911 1602 καθὰ
940 1548 1287 1617 γέγραπται,
1319 1546 1671 1617 θεωρούντων
1699 1547 1941 1619 δηλονότι

342 1640 467 1692 τῶν
494 1639 555 1704 ἐξ
594 1638 829 1710 Ἰσραήλ.
871 1638 1009 1692 Ἀλλ’
1034 1639 1135 1693 οὐκ
1166 1638 1262 1702 ἂν,
1298 1635 1451 1709 οἶμαι
1471 1677 1485 1704 ,
1518 1639 1603 1702 τὶς
1630 1622 1722 1693 διὰ
1745 1639 1937 1692 τούτου

345 1732 435 1793 εὶς
460 1730 671 1794 ὲννοίας
699 1730 922 1801 ἀληθεῖς
942 1730 1128 1786 ἐλάσαι
1156 1732 1288 1785 ποτὲ
1316 1731 1413 1795 τὰς
1443 1732 1571 1802 περὶ
1590 1730 1748 1795 Θεοῦ,
1772 1732 1939 1801 ἤγουν

2048 554 2341 621 miracula,
2369 571 2536 625 quam
2569 571 2692 626 quae
2733 555 2788 611 in
2824 566 3008 613 monte
3043 555 3173 616 Sina
3201 555 3344 613 edita
3374 556 3620 623 fuerunt,

2046 646 2277 716 impigre
2331 662 2551 717 quoque
2607 663 2753 703 nunc
2811 648 2971 704 nobis
3027 647 3413 719 exponendum
3474 651 3624 706 arbi-

2046 747 2186 792 lror.
2240 735 2319 792 Ita
2374 752 2615 809 namque
2669 738 2883 795 videbis
2960 754 3071 795 non
3139 754 3371 796 necesse
3448 740 3622 797 fuisse

2048 830 2296 902 Philippo
2325 840 2405 896 ut,
2434 847 2561 889 cum
2590 831 2641 887 ei
2673 847 2802 887 vera
2835 832 3057 888 adesset
3096 833 3278 905 imago
3300 875 3314 901 ,
3345 833 3640 890 diversam-

2047 924 2316 978 visiouem
2364 922 2528 994 780
2571 921 2769 985 Deiac
2801 920 2983 979 Patris
3015 930 3261 995 peteret,
3296 938 3419 994 quae
3448 930 3504 979 et
3529 938 3622 979 ve-

1997 1032 2003 1037 ·
2043 1017 2255 1071 teribus
2287 1015 2413 1070 data
2449 1022 2534 1071 est
2566 1014 2633 1068 ad
2667 1022 2907 1071 montem
2936 1013 3093 1070 Sina.
3146 1015 3437 1072 Descendit
3468 1016 3619 1072 enim

2043 1107 2174 1162 illuc
2221 1106 2490 1162 Dominus
2537 1106 2593 1161 in
2627 1106 2811 1177 specie
2844 1106 3026 1176 ignis,
3079 1114 3140 1161 ut
3187 1107 3453 1177 scriptum
3498 1113 3620 1174 est,

2046 1195 2427 1265 spectantibus
2488 1195 2750 1250 nimirum
2811 1195 3104 1253 lsraelitis.
3142 1195 3251 1251 Sed
3308 1212 3508 1262 nemo,
3561 1205 3623 1251 ut

2046 1299 2191 1349 reor,
2228 1299 2326 1354 per
2354 1285 2457 1338 hoc
2487 1284 2555 1338 ad
2584 1298 2743 1339 veras
2763 1283 2833 1339 de
2854 1284 2965 1340 Deo
2986 1287 3245 1343 notiones
3271 1286 3617 1357 pervenerit,

1991 1416 1998 1424 .
2045 1384 2139 1428 aut
2165 1372 2231 1427 ad
2264 1373 2586 1444 opinionem
2614 1372 2804 1427 deitati
2835 1383 3238 1444 congruentem
3272 1376 3615 1431 ascenderit:

2042 1465 2323 1536 quomodo
2352 1465 2497 1519 enim
2523 1487 2554 1530 ,~
2574 1479 2763 1534 quaeso
2784 1504 2798 1530 ,
2830 1479 2930 1535 per
2960 1465 3141 1535 ignem
3171 1466 3322 1521 velut
3365 1466 3435 1522 ab
3476 1467 3618 1522 ima-

2040 1562 2166 1630 gine
2213 1558 2449 1628 quadam
2500 1558 2791 1613 veniemus
2855 1556 2929 1611 ad’
2975 1557 3375 1631 archetypum,
3430 1559 3487 1615 id
3532 1569 3618 1615 est

2046 1650 2259 1705 Patrem
2295 1663 2360 1703 ac
2388 1646 2605 1703 Deum?
2636 1646 2824 1703 Bonus
2869 1647 3157 1721 siquidem
3197 1649 3340 1705 Deus
3388 1658 3474 1706 est
3515 1664 3618 1705 na-

2044 1732 2203 1804 tura,
2238 1754 2302 1793 ac
2332 1746 2596 1809 praeterea
2624 1739 2838 1809 opifex,
2863 1739 2957 1809 qui
2990 1739 3044 1794 in
3071 1748 3255 1794 ortum
3283 1740 3468 1796 educit
3494 1756 3619 1812 quae

343 1822 435 1885 εὶς
458 1821 561 1893 τὴν
586 1823 652 1891 τῇ
679 1821 897 1892 θεότητι
922 1821 1238 1892 πρέπουσαν
1273 1820 1620 1892 ἀναπηδῆσαι
1654 1820 1934 1892 διάληψινο

2045 1832 2343 1904 aliquando
2384 1847 2494 1887 non
2531 1840 2717 1896 erant,
2766 1845 2944 1901 eaque
2977 1831 3033 1885 in
3086 1847 3212 1889 esse
3244 1834 3491 1888 continet
3513 1803 3528 1812 ’
3562 1841 3617 1888 ει

346 1909 474 1972 πῶς
502 1910 614 1980 γὰρ
640 1908 777 1977 ὅλως
803 1910 893 1964 διὰ
918 1911 1108 1982 πυρὸς,
1137 1911 1387 1983 καθάπερ
1410 1912 1517 1966 ἀπό
1544 1929 1688 1975 τινος
1712 1913 1938 1976 είκόνος,

346 2001 531 2071 Ιῖοιμεν
558 2001 628 2056 ἂν
657 2002 751 2055 ἐπὶ
780 2001 844 2055 τὸ
867 2002 1206 2073 ἀρχέτυπον,
1237 2001 1381 2055 τοῦτ’
1411 2002 1554 2065 ἔστι,
1608 2001 1700 2055 τὸν
1726 2003 1942 2072 Πατέρα
1972 2019 1981 2026 ·

344 2094 447 2147 καὶ
477 2094 653 2158 Θεόν;
701 2094 935 2162 Ἀγαθὸς
968 2095 1067 2165 μὲν
1111 2095 1220 2167 γὰρ
1261 2098 1290 2148 6
1318 2095 1451 2159 Θεὸς
1487 2097 1558 2166 τῇ
1601 2093 1795 2163 φύσει,
1848 2096 1942 2149 καὶ

341 2184 494 2254 πρός
519 2201 584 2252 γε
610 2183 785 2256 τούτῳ
814 2171 1177 2256 δημιουργὸς,
1212 2187 1279 2239 τὰ
1305 2186 1404 2240 οὐκ
1435 2187 1564 2240 ὄντα
1596 2186 1728 2239 ποτὲ
1760 2185 1941 2239 καλῶν

341 2271 434 2334 εις
456 2272 675 2340 γένεσιν
694 2311 711 2337 ,
759 2274 856 2327 καὶ
888 2275 1131 2345 συνέχων
1161 2276 1239 2339 είς
1267 2274 1328 2329 τὸ
1362 2270 1513 2330 εἴναι
1547 2274 1617 2337 τὰ
1647 2275 1824 2329 πάντα
1848 2275 1941 2328 καὶ

340 2363 671 2432 ζωογονῶν,
724 2364 886 2427 αὐτὸς
910 2366 1102 2435 σοφία,
1131 2367 1225 2419 καὶ
1251 2364 1517 2435 δύναμις,
1546 2366 1785 2438 χρηστὸς
1806 2404 1821 2429 ,
1848 2366 1943 2419 καὶ

340 2456 676 2526 οἰκτίρμων,
706 2458 803 2510 καὶ
833 2457 1100 2530 ἐλεήμων.
1151 2456 1369 2512 Τούτων
1393 2457 1452 2512 δὲ
1474 2458 1537 2511 τὸ
1561 2458 1822 2528 παράπαν
1851 2459 1941 2511 οὑν-

339 2548 442 2600 δὲν
473 2550 534 2601 ὲν
561 2548 712 2620 πυρί.
783 2550 862 2603 Οὐ
886 2549 997 2620 γὰρ
1050 2550 1117 2604 ἂν
1149 2548 1315 2602 οῐοιτό
1341 2566 1443 2616 τις,
1479 2548 1535 2602 εἴ
1562 2565 1627 2617 γε
1650 2549 1777 2602 νοῦν
1806 2548 1939 2618 ἔχει,

343 2640 626 2711 χρηστὸν,
674 2642 769 2694 καὶ
807 2641 1190 2712 φιλᾴνθριωτον
1232 2636 1460 2695 εἶναιτὸ
1491 2640 1633 2712 πῦρ,
1676 2640 1794 2694 οὐδὲ
1826 2641 1943 2711 ἐρεῖ

342 2748 436 2795 τις
461 2733 787 2803 σωφρονῶν,
836 2733 914 2810 ᾡς
944 2732 1030 2804 εἴη
1079 2733 1178 2802 μὲν
1216 2732 1644 2805 δημιουργικὸν,
1696 2733 1858 2802 σοφόν
1880 2750 1942 2786 τε

342 2823 449 2874 καί
476 2822 762 2891 ζωογόνον.
796 2818 931 2877 Εἶτα
961 2823 1081 2888 πῶς
1113 2824 1179 2879 ἄν
1205 2842 1321 2891 τις,
1354 2824 1477 2877 είπέ
1512 2841 1632 2894 μοι,
1661 2825 1748 2878 διὰ
1771 2824 1943 2898 πνρὸς

341 2912 455 2976 τὰς
484 2914 616 2984 περὶ
646 2913 748 2983 τῆς
786 2904 1317 2985 ἀληθοῦςθεότητος
1351 2915 1562 2979 ἐννοίας
1606 2915 1940 2983 συλλέξειεν;

342 3004 387 3073 ἡ
429 3003 553 3069 πιῖις
583 3003 651 3059 ἂν
700 3007 762 3060 ὲν
807 3007 1057 3076 ἐσόπτρῳ
1099 3006 1197 3059 καὶ
1238 3006 1523 3076 αἰνίγματι
1567 3005 1861 3077 θεωρήσειέ
1892 3024 1944 3060 τι

2044 1924 2314 1986 vivilicat,
2349 1922 2580 1991 ipsemet
2611 1921 2885 1991 sapientia
2930 1927 2987 1977 et
3041 1922 3244 1985 virtus,
3276 1922 3480 1986 bonus,
3507 1922 3620 1977 cle-
3704 1925 3716 1939 '

2043 2030 2199 2069 meus
2233 2021 2289 2068 et
2349 2011 2691 2067 misericors.
2729 2009 2936 2066 Horum
2963 2019 3149 2068 autem
3180 2012 3321 2067 nihil
3352 2020 3436 2075 est
3461 2025 3620 2082 pror-

2044 2122 2140 2162 sus
2164 2105 2227 2159 in
2263 2104 2407 2174 igne
2444 2102 2612 2158 Nemo
2632 2101 2780 2158 enim
2818 2117 2988 2159 sanus
3009 2105 3190 2175 ignem
3215 2103 3420 2159 bonum
3441 2110 3499 2158 et
3519 2101 3622 2158 mi-

2044 2197 2529 2255 sericordemessc
2559 2194 2664 2251 sibi
2707 2197 3087 2264 persuaserit,
3138 2211 3243 2252 nec
3290 2195 3512 2252 creandi
3566 2196 3618 2250 vi

2044 2289 2282 2359 pollere,
2322 2285 2766 2356 sapientiamque
2795 2293 2848 2341 et
2877 2287 3047 2340 vitam
3079 2286 3295 2358 largiri.
3331 2284 3621 2353 Quomodo

2044 2382 2232 2453 igitur,
2262 2394 2450 2450 quaeso
2470 2419 2484 2444 ,
2516 2395 2615 2450 per
2644 2381 2827 2451 ignem
2855 2379 2925 2435 de
2953 2393 3080 2435 vera
3131 2378 3426 2434 divinitate
3467 2377 3618 2433 noti-

2044 2475 2177 2529 tiam
2208 2471 2544 2543 collegeris?
2569 2479 2667 2527 aut
2695 2470 2974 2542 quomodo
3003 2470 3061 2526 in
3103 2470 3332 2543 speculo
3377 2477 3431 2525 et
3479 2470 3621 2525 arui.

2043 2574 2224 2638 grnate
2254 2565 2300 2597 ’⁷
2331 2562 2541 2634 aliquid
2576 2578 2770 2619 eorum
2823 2579 2948 2635 qua:
3001 2564 3080 2618 illi
3140 2571 3343 2619 natura
3391 2562 3619 2628 insunt,

2045 2655 2386 2726 spectaveris
2410 2655 2435 2708 ’ί
2457 2653 2721 2721 Quaenam
2753 2669 2885 2725 ergo
2912 2654 3086 2718 ratio,
3120 2655 3337 2725 inquit,
3372 2661 3471 2708 aut
3500 2666 3623 2724 quas

2043 2758 2214 2799 causa
2261 2731 2439 2798 Deum.
2481 2742 2734 2812 impulit,
2767 2750 2827 2798 ut
2874 2744 2931 2797 in
2982 2751 3167 2798 monte
3213 2735 3346 2798 Sina
3388 2741 3623 2813 formam

2045 2837 2189 2906 ignis
2221 2834 2625 2904 assumpserit?
2646 2832 3062 2904 Respondemus
3087 2833 3258 2903 quod,
3288 2847 3415 2889 cum
3446 2831 3625 2888 Israe-

2044 2928 2156 2983 lita:
2181 2942 2248 2982 eo
2283 2926 2521 2981 maxime
2551 2935 2799 2995 tempore
2843 2926 2910 2980 ad
2958 2926 3220 2996 pietatem
3253 2926 3476 2981 institui
3509 2939 3625 2981 εω-

2049 3018 2290 3087 pissent,
2319 3016 2557 3086 vitaeque
2595 3032 2709 3073 sum
2739 3017 3001 3087 regulam
3022 3017 3194 3087 legem
3227 3033 3258 3072 a
3288 3033 3396 3088 qua
3425 3017 3625 3087 dirige-

340 3095 461 3151 τῶν
489 3098 892 3167 ὲμπεφυκότων
919 3098 1056 3170 αὐτῇ
1074 3116 1093 3165 ;
1112 3097 1209 3163 Τίς
1234 3094 1330 3153 οῦν
1352 3098 1479 3168 ἄρα,
1506 3099 1691 3169 φησιν,
1718 3101 1747 3152 6
1764 3098 1938 3168 λόγος,

2046 3116 2239 3164 rentur
2287 3106 2624 3176 assumpturi
2660 3115 2888 3187 essent,
2926 3107 3161 3163 decebat
3206 3115 3341 3164 tunc
3385 3106 3626 3162 maxime

343 3186 384 3257 ἦ
418 3186 550 3241 ποία
582 3186 777 3256 γέγονε
821 3186 1094 3259 πρόφασις
1139 3187 1217 3250 είς
1265 3185 1376 3258 πῦρ
1414 3185 1784 3239 ἀναπείθουσα
1814 3202 1943 3257 χρη-

347 3280 680 3353 ματίζεσθαι
706 3281 829 3353 [γρ.
858 3279 1324 3353 σχηματίζεσθαι]
1349 3280 1442 3334 τὸν
1465 3279 1599 3333 Θεὸν
1640 3279 1699 3332 ἂν
1724 3277 1803 3349 τῷ
1825 3278 1941 3348 δρει

345 3374 524 3445 Σινᾷ;
567 3367 836 3445 Ἓροῦμεν
871 3374 954 3427 ὅτι
978 3372 1297 3444 ἀρχομένων
1319 3372 1425 3426 τῶν
1442 3370 1515 3436 ἐξ
1549 3369 1786 3442 Ἰσραὴλ,
1820 3368 1940 3422 κατ’
1982 3368 1985 3371 ’

346 3467 531 3520 ἐκεῖνο
575 3465 643 3537 δὴ
684 3464 921 3536 μάλιστα
960 3463 1188 3534 καιροῦ,
1229 3464 1329 3533 τῆς
1360 3465 1439 3527 εἰς
1471 3461 1756 3516 εὐσέϐειαν
1790 3460 1945 3514 παιδ-

345 3557 637 3627 αγωγίας,
677 3556 774 3610 καὶ⁸
799 3556 991 3628 ὥσπερ
1021 3554 1144 3610 τινὰ
1178 3554 1378 3610 κανόνα
1411 3553 1684 3608 ποιεῖσθαι
1720 3550 1943 3623 μελλόν-

345 3665 461 3703 των
511 3649 612 3718 τῆς
657 3647 867 3712 οἰκείας
912 3646 1059 3719 ζωῆς
1098 3646 1191 3701 τὸν
1241 3645 1629 3718 διορθώσεσθαι
1683 3643 1944 3715 μέλλοντα

348 3741 540 3811 νόμον,
558 3740 669 3794 ἔδει
689 3739 815 3793 τότε
844 3739 910 3810 δὴ
925 3738 1163 3810 μάλιστα
1178 3737 1447 3808 κολαστήν
1459 3754 1582 3790 τινα
1600 3736 1694 3789 καὶ
1714 3734 1946 3807 φοϐερὸν

348 3834 539 3896 αὐτοῖς
556 3832 847 3902 φαίνεσθαι
874 3830 964 3885 τὸν
983 3830 1136 3893 Θεὸν,
1165 3829 1254 3884 ἵνα
1270 3829 1468 3883 εἰδέναι
1492 3829 1669 3899 ἔχοιεν
1697 3828 1746 3881 οἱ
1772 3844 1948 3899 παρα-

348 3925 653 3989 ϐαίνοντες,
683 3925 766 3979 ὅτι
800 3922 938 3994 πρὸς
967 3921 1079 3993 πῦρ
1113 3923 1141 3974 ὁ
1172 3921 1328 3989 λόγος
1357 3921 1562 3984 αὐτοῖς.
1605 3920 1704 3973 Διὰ
1726 3919 1836 3990 γάρ
1861 3936 1944 3973 τοι

349 4015 514 4071 τοῦτο
542 4016 640 4069 καὶ
665 4017 696 4068 6
743 4006 921 4082 μέγας
948 4012 1156 4083 Μωσῆς
1184 4014 1297 4076 τοῖς
1322 4011 1393 4078 έξη
1417 4010 1633 4082 Ἰσραὴλ
1658 4009 1943 4082 προσειριῦ-

350 4125 433 4161 νει
461 4106 642 4175 λέγων
661 4123 676 4137 ·
706 4124 725 4156 ι
748 4104 808 4159 Ὀ
831 4101 1154 4175 Θεὸςὴμῶν
1193 4101 1307 4173 πῦρ
1336 4100 1733 4155 καταναλίσκον
1757 4100 1891 4153 ὲστί.
1920 4119 1938 4150 ι

352 4197 463 4251 Kal.
492 4196 559 4250 οὐ
595 4196 663 4267 δή
695 4212 801 4250 που
824 4194 1065 4265 φαίημεν
1104 4192 1169 4248 ἂν
1215 4194 1326 4257 ὅτι,
1363 4191 1462 4263 τὴν
1490 4190 1584 4245 τοῦ
1618 4190 1754 4244 Θεοῦ
1784 4191 1945 4260 φύσιν

348 4289 752 4362 ἐξηγούμενος,
793 4288 930 4360 πυρὶ
982 4276 1315 4358 παρείκαςεν
1340 4284 1501 4339 αὐτὸν
1547 4285 1577 4337 6
1602 4281 1749 4337 οὕτω.
1772 4282 1946 4352 σοφώ-

351 4398 541 4445 τατος,
589 4380 841 4452 ὠνόμαζε
883 4378 942 4433 δὲ
984 4378 1128 4432 οὕτω
1173 4377 1264 4431 τὸν
1304 4375 1470 4441 Θεὸν,
1515 4375 1591 4438 ὡς
1641 4376 1706 4428 ὲκ
1745 4374 1946 4446 πολλῆς

351 4472 497 4542 ἄγαν
526 4472 961 4543 μισοπονηρίας,
996 4469 1168 4541 πυρὸς
1212 4468 1368 4538 δίκην
1396 4465 1490 4521 τοῦ
1526 4467 1827 4537 παμφάγου
1851 4467 1945 4521 δα-
1977 4459 2023 4517 ι)

353 4568 535 4638 πανᾷν
550 4582 612 4619 τε
635 4565 732 4619 καὶ
753 4563 1065 4618 ἀναλίσκειν
1084 4563 1145 4615 οὐ
1175 4560 1615 4631 παραιτουμένου
1636 4561 1763 4623 τοὺς
1784 4576 1944 4613 κατα-

355 4655 689 4728 φρονοῦντας
732 4654 921 4709 αὑτοῦ.
973 4654 1087 4707 Οὐκ
1112 4650 1172 4717 ὲξ
1197 4644 1273 4706 ὧν
1296 4651 1413 4704 ἐστῖ¹
1440 4651 1581 4705 κατὰ
1605 4650 1789 4719 φύσιν,
1810 4651 1945 4717 Θεὸς

353 4750 443 4804 διὰ
468 4748 651 4820 πυρὸς
680 4745 1007 4818 γνωρίζεται
1035 4759 1049 4774 ’
1097 4745 1159 4799 τὸ
1184 4745 1245 4800 δὲ
1265 4741 1438 4806 οὕτως
1477 4741 1793 4813 ὠνομάσθαι
1847 4744 1943 4798 καὶ

353 4837 538 4911 ὦφθαι
568 4839 690 4894 τότε
718 4839 856 4910 πρὸς
896 4838 957 4892 τὸ
995 4839 1108 4901 τοῖς
1138 4835 1508 4908 ἀκροωμένοις
1556 4834 1763 4905 ἐλήφθη
1790 4835 1941 4891 λυσι-

355 4934 532 4996 τελές.
588 4932 791 5001 Ἴωμεν
834 4929 900 4998 δὴ
927 4928 1113 4983 λοιπὸν
1141 4928 1233 4981 ἐπὶ
1264 4926 1364 4998 τὴν
1391 4925 1565 4997 ἁληθῆ
1594 4928 1689 4979 καὶ
1717 4928 1941 4997 ἀκριϐε-

357 5024 564 5093 στάτην
594 5021 689 5076 τοῦ
730 5020 946 5091 Πατρὸς
987 5019 1221 5090 θεωρίαν
1242 5058 1256 5081 ,
1310 5020 1459 5072 τοῦτ’
1496 5017 1642 5083 ἔστι,
1672 5017 1761 5072 τὸν
1789 5018 1939 5073 Υίόν.

355 5115 557 5189 Εἰκόνα
578 5114 690 5185 γὰρ
716 5112 879 5167 αὑτὸν
910 5111 1158 5183 ὀψόμεθα
1187 5111 1280 5165 τοῦ
1303 5112 1663 5181 γεννήσαντος
1679 5150 1693 5174 ,
1721 5113 1834 5174 τοῖς
1856 5111 1943 5163 ὲν-

336 5206 507 5260 ·οῦσιν
541 5204 697 5277 αὐτῷ
729 5203 1167 5273 πλεονεκτήμασι
1210 5202 1301 5255 τὸν
1333 5201 1434 5270 τῆς
1479 5199 1718 5262 διανοίας
1745 5201 1945 5273 ἐνερεί-

356 5317 552 5364 σαντες
594 5292 897 5369 ὀφθαλμόν.
976 5295 1203 5363 ’Δγαθὸς
1250 5293 1542 5364 τοιγαροῦν
1594 5294 1624 5345 6
1674 5291 1805 5355 Θεὸς
1849 5297 1942 5347 καὶ

357 5391 550 5462 Πατὴρ
579 5389 723 5444 κατὰ
750 5385 947 5458 φύσινλ
977 5387 1220 5440 τοιοῦτον
1245 5386 1376 5440 ὄντα
1402 5386 1495 5439 καὶ
1514 5387 1607 5438 τὸν
1629 5387 1757 5440 Υἱὸν
1780 5388 1943 5457 εὑρή-

358 5499 545 5551 σνμεν.
601 5479 729 5543 Πῶς
756 5479 866 5551 γὰρ
895 5481 996 5533 οὐκ
1034 5478 1237 5547 ἀγαθὸς
1259 5519 1273 5542 ,
1312 5480 1340 5530 6
1383 5476 1654 5546 τοσαύτην
1702 5477 1768 5530 δι’
1798 5479 1945 5549 ἡμᾶς

359 5570 660 5642 ὑπομείνας
678 5571 1028 5637 ταπείνωσιν,
1046 5572 1139 5627 καὶ
1158 5568 1326 5623 ἐλθὼν
1342 5570 1420 5632 είς
1440 5568 1531 5622 τὸν
1549 5569 1750 5640 κόσμον
1774 5571 1943 5641 ἁμαρ-

2046 3200 2213 3255 Deum
2245 3214 2497 3255 severum
2524 3198 2798 3254 vindicem
2828 3213 2893 3254 ac
2919 3199 3220 3255 terribilem
3254 3200 3324 3256 iis
3349 3199 3535 3264 cerni,
3565 3192 3629 3253 ut

2045 3291 2193 3347 scire
2225 3297 2453 3361 possent
2485 3290 2944 3360 praevaricatores
2980 3290 3088 3347 sibi
3120 3306 3249 3347 cum
3277 3291 3407 3363 igne
3450 3290 3625 3347 ratio-

2045 3398 2171 3439 nem
2202 3396 2347 3437 esse.
2378 3380 2593 3436 idcirco
2620 3366 3036 3453 enim‘rnagnus
3072 3382 3166 3439 ille
3210 3398 3431 3454 quoque
3472 3382 3633 3455 κον-α

2046 3490 2137 3531 ses
2170 3473 2447 3530 lsraelitas
2475 3472 2887 3543 alloquebatur,
2911 3473 3111 3531 dicens
3136 3494 3149 3531 :
3179 3492 3200 3527 ι
3230 3473 3377 3531 Deus
3408 3481 3624 3541 noster,

2047 3567 2189 3638 ignis
2235 3580 2572 3622 consumens
2618 3572 2706 3621 est
2739 3565 2807 3620 ’⁸.
2842 3585 2860 3616 ι
2889 3564 3083 3638 Neque
3135 3582 3270 3623 vero
3317 3566 3633 3622 dixerimus

2045 3658 2325 3714 hominem
2362 3664 2515 3710 tanta
2545 3655 2822 3726 sapientia
2856 3657 3150 3727 praeditum
3184 3657 3356 3714 Deum
3403 3658 3521 3728 igni
3549 3657 3627 3716 si-

2046 3738 2233 3805 milem
2266 3747 2447 3804 facere
2470 3786 2485 3812 ,
2515 3746 2675 3817 quasi
2706 3762 2804 3817 per
2833 3748 3013 3819 ignem
3045 3748 3139 3804 Dei
3172 3756 3425 3803 naturam
3450 3747 3626 3803 intel-

2047 3841 2214 3920 ligat,
2250 3840 2361 3896 sed
2383 3840 2458 3894 ita
2488 3838 2661 3894 Deum
2714 3853 3107 3909 nuncupasse,
3161 3841 3308 3910 quod
3359 3854 3471 3910 prae
3518 3840 3627 3894 im-

2047 3946 2242 3987 menso
2273 3930 2398 3984 mali
2428 3929 2558 3985 odio
2584 3929 2765 3986 instar
2789 3930 2934 4002 ignis
2973 3930 3247 3985 omnivori
3296 3943 3627 3986 consumere

2046 4031 2100 4078 et
2131 4022 2364 4093 perdere
2395 4036 2507 4075 non
2542 4030 2800 4077 vereatur
2835 4022 2919 4077 sui
2967 4029 3403 4092 contemptores.
3451 4021 3627 4093 igitur

2047 4131 2156 4170 non
2182 4130 2251 4171 ex
2282 4130 2348 4169 eo
2378 4113 2539 4185 quod"
2568 4123 2655 4172 est
2696 4122 2899 4170 natura
2921 4153 2937 4178 ,
2980 4129 3049 4170 ex
3090 4115 3218 4186 igne
3250 4113 3403 4170 Deus
3421 4129 3628 4186 cogno‘

2048 4208 2244 4269 scitur,
2280 4206 2376 4261 sed
2414 4205 2561 4276 quod
2594 4207 2669 4261 ita
2719 4214 3079 4277 nuncupatus
3123 4221 3189 4261 ac
3223 4207 3378 4262 visus
3407 4207 3517 4272 sit,
3557 4205 3627 4260 ad

2049 4300 2341 4355 utilitatem
2372 4297 2685 4354 auditorum
2713 4304 3059 4368 assumptum
3087 4307 3192 4354 est.
3228 4296 3428 4353 Eamus
3456 4297 3629 4367 igitur

2047 4391 2114 4445 ad
2158 4404 2339 4446 veram
2379 4398 2433 4446 et
2467 4388 2949 4445 aceuratissimam
2995 4388 3629 4459 Patriscontemplatio.

2050 4497 2174 4537 nem
2196 4521 2211 4545 ,
2247 4481 2299 4535 id
2325 4488 2411 4537 est
2437 4472 2662 4536 Filium.
2695 4478 2834 4534 Eum
2863 4480 3009 4535 enim
3039 4479 3308 4551 genitoris
3333 4480 3639 4550 imaginem

2049 4587 2174 4630 esse
2220 4571 2567 4634 videbimus,
2601 4570 2658 4625 si
2694 4571 2761 4623 ad
2811 4568 3380 4639 ejusprarogativas
3426 4567 3634 4623 mentis

2049 4663 2268 4719 oculum
2306 4660 2686 4717 intendamus.
2732 4659 2941 4715 Bonusr
2962 4659 3152 4729 itaque
3198 4657 3340 4717 Deus
3372 4672 3439 4713 ac
3468 4657 3627 4715 Pater

2049 4754 2353 4811 secundum
2389 4759 2648 4807 naturam
2716 4750 2878 4806 talem
2914 4766 3041 4807 esse
3079 4758 3135 4806 et
3177 4748 3379 4806 Filium
3407 4762 3626 4820 compe-

2048 4848 2275 4902 riemus.
2304 4844 2411 4911 Qui
2445 4843 2816 4900 enimbonus
2860 4858 2972 4899 non
3006 4843 3081 4899 sit
3105 4882 3125 4907 ,
3154 4843 3248 4914 qui
3282 4850 3497 4897 tantum
3531 4858 3629 4912 pro

2051 4941 2212 4997 nobis
2229 4955 2289 4997 se
2316 4938 2564 5005 demisit,
2579 4946 2630 4993 et
2651 4937 2715 4991 in
2732 4934 2997 4991 mundum
3019 4937 3188 5000 venit,
3224 4943 3284 4990 ut
3308 4942 3629 5006 peccatores

2050 5033 2232 5088 salvos
2264 5031 2489 5093 faceret,
2515 5044 2785 5097 suamque
2815 5029 3059 5083 animam
3087 5042 3185 5099 pro
3207 5027 3276 5085 iis
3304 5033 3531 5097 poneret
3549 5024 3628 5076 '9‘!

2053 5124 2214 5194 78],
2250 5121 2450 5177 Potens
2481 5129 2566 5176 est
2621 5119 2828 5175 Pater:
2884 5119 3141 5176 similiter
3170 5127 3225 5174 et
3253 5118 3444 5174 Filius.
3486 5115 3675 5201 Quid.‘

2051 5215 2207 5269 enim
2232 5227 2353 5268 esse
2385 5219 2566 5281 potest
2604 5225 2671 5265 eo
2700 5211 2983 5279 potentius
3023 5210 3118 5280 qui
3165 5207 3453 5265 elementis
3494 5206 3627 5275 ipsis
3672 5210 3673 5213 ‘

2052 5306 2317 5374 imperat,
2353 5303 2447 5373 qui
2492 5317 2644 5357 mare
2685 5317 2747 5355 ac
2781 5310 2973 5358 ventos
3005 5302 3278 5370 increpat,
3314 5299 3406 5369 qui
3444 5312 3625 5351 rerum

2050 5405 2279 5449 naturas
2310 5394 2365 5447 in
2396 5392 2767 5463 quodcunque
2797 5393 2931 5448 velit
2958 5390 3312 5446 transformat
3342 5429 3357 5450 ,
3401 5387 3496 5457 qui
3532 5387 3626 5441 ie-

2054 5500 2222 5555 proso
2253 5492 2312 5540 nt
2343 5484 2638 5540 mundetnr
2665 5483 2853 5554 jubet,
2886 5500 2949 5539 ac
2978 5490 3248 5554 potestate
3283 5482 3392 5536 Deo
3423 5494 3623 5537 convc-

2056 5575 2224 5629 nienti
2256 5575 2415 5631 caecis
2447 5574 2682 5631 oilicium
2717 5574 2934 5629 videndi
2970 5572 3253 5649 restituit?
3283 5572 3399 5628 Vita
3427 5585 3623 5627 secun-

432 5751 536 5808 "1
567 5750 701 5808 Cor.
734 5747 856 5819 x'ln,
894 5751 979 5805 12.
1057 5752 1103 5783 ⁹⁸
1133 5751 1289 5807 Deut.
1333 5766 1408 5818 iv,
1435 5750 1524 5807 ει.
1604 5752 1646 5785 ⁹⁹
1684 5750 1887 5810 lJoan.
1925 5772 1939 5810 ι

2060 5756 2121 5811 16
2150 5775 2166 5824 ;
2200 5755 2219 5810 ι
2252 5754 2393 5809 Tim.
2429 5770 2479 5822 ι,
2522 5754 2605 5809 is.
