4006 6430
437 306 540 363 ιιι

1401 307 1458 365 8.
1491 309 1771 367 CYRILLI
1810 312 2291 370 ALEXANDRINI
2329 314 2654 372 ARCHIEP.

3618 314 3724 372 212

433 418 570 479 dum
598 429 864 479 naturam
893 431 977 480 est
1004 422 1168 483 Pater
1199 441 1211 478 :
1239 424 1350 481 vita
1383 424 1576 483 itidem
1603 435 1658 482 et
1688 425 1892 495 Filius,
1928 429 2019 497 qui

2130 430 2334 495 τωλοὺς
2354 431 2546 491 σῶσαι,
2567 430 2663 483 καὶ
2691 426 2806 491 Osi;
2826 429 2925 498 τὴν
2951 427 3132 498 ψυχὴν
3152 426 3320 481 αὐτοῦ
3341 427 3485 499 ὑπὲρ
3508 425 3685 483 αὐτῶν
3708 446 3723 495 ;

434 520 738 586 corruptos
766 515 1041 581 viviﬁcat,
1077 524 1134 573 et
1174 518 1373 574 mortis
1402 518 1646 575 destruit
1689 520 1983 590 imperium
2011 560 2028 586 ,

433 613 491 662 et
545 616 804 667 mortuos
835 610 1171 667 exsuscitat.
1201 611 1336 668 Jure
1383 611 1553 681 igitur
1591 613 1660 667 ad
1708 612 2023 686 Philippum

435 696 515 750 ait
546 714 562 753 :
593 716 613 751 ι
647 698 754 765 Qui
795 701 937 756 vidit
979 718 1065 757 me
1085 740 1101 767 ,
1131 701 1268 756 vidit
1298 702 1371 757 et‘
1399 701 1643 759 Patrem.
1679 723 1698 755 ι
1728 702 1866 760 Nam
1898 721 2025 761 eum

436 787 537 845 tibi
565 792 929 863 contemplari
962 793 1125 849 liceat
1152 794 1206 848 in
1244 808 1331 849 me
1353 801 1410 849 et
1439 809 1504 849 ex
1543 810 1630 851 me
1657 793 1980 852 Genitorem
2002 837 2018 861 ,

434 894 600 950 quem
630 883 800 940 alium
834 884 1038 941 divinae
1066 884 1301 942 visionis
1333 885 1556 941 modum
1591 888 1863 957 postulas,
1895 903 2021 943 eum

435 973 707 1043 potiorem
739 976 972 1032 sortitus
1002 977 1081 1032 sis
1106 992 1272 1047 quam
1303 993 1427 1048 quae
1452 978 1579 1034 data
1606 987 1692 1034 est
1720 980 2021 1047 veteribus,

2129 522 2366 585 Δυνατὺς
2393 522 2595 592 ὁμοίως
2628 522 2656 572 6
2686 520 2900 591 Πατὴρ,
2937 518 3112 582 οὕτως
3144 519 3259 590 ἔχει
3289 519 3387 572 καὶ
3409 520 3441 573 6
3465 518 3611 582 Υἱός.
3662 519 3725 573 Τί

2128 614 2238 686 γὰρ
2269 613 2336 667 ἂν
2357 612 2443 684 εἴη
2470 614 2531 667 τὸ
2552 612 2920 683 δυνατώτερον
2944 610 3041 665 τοῦ
3067 612 3164 665 καὶ
3194 612 3377 675 αὐτοῖς
3410 612 3725 666 ἐπιτάττον-

2137 723 2229 770 τος
2245 709 2358 769 τοῖς
2372 706 2681 776 στοιχείοις,
2697 708 2790 760 καλ⁵
2816 705 3057 780 Θαλάττῃ
3090 706 3190 775 μέν
3214 704 3602 774 ἐπιτιμῶντος,
3635 705 3727 758 καὶ

2128 798 2469 869 πνεύμασιν,
2505 797 3011 867 ἁναστοιχειοῦντος
3075 797 3133 851 δέ
3161 796 3300 866 πρὸς
3325 797 3465 867 ὅπερ
3500 795 3565 848 ἂν
3603 795 3726 864 βούο

2130 888 2275 942 λοιτο
2294 887 2405 941 τῶν
2434 887 2778 958 πραγμάτων
2805 889 2906 951 τὰς
2944 887 3159 956 φύσεις,
3196 887 3292 940 καὶ
3325 886 3726 957 ωθαρισθῆναι

2137 982 2234 1051 μὲν
2263 983 2643 1044 ἐπιτάττοντος
2667 979 2747 1051 τῷ
2790 980 2978 1052 λεπρῷ
2997 1021 3013 1044 ,
3057 981 3120 1034 τὸ
3148 980 3206 1033 δέ
3246 979 3463 1049 βλέπειν
3493 978 3726 1051 διδόντος

384 1096 395 1109 ι
434 1072 497 1118 et
513 1066 863 1122 verissimam
889 1067 1183 1139 imaginem
1204 1110 1220 1134 ,
1247 1085 1335 1126 me
1358 1071 1618 1126 nimirum
1642 1112 1658 1137 ,
1684 1082 1885 1127 nactus
1912 1073 2019 1130 sis!

2131 1075 2243 1135 τοῖς
2264 1072 2507 1141 τυφλοῖς,
2539 1073 2597 1125 ἓν
2625 1070 2848 1142 ἐξουσίᾳ
2880 1070 3208 1143 οεοπρεπεῖ;
3245 1069 3368 1139 Ζωὴ
3402 1066 3544 1122 κατὰ
3565 1066 3725 1136 φύσιν

434 1156 674 1228 ὀΠατήρ
697 1174 711 1189 ⁸
732 1156 850 1228 ζωὴ
885 1157 1048 1212 πάλιν
1082 1159 1201 1213 ἐστὶ
1226 1162 1320 1216 καὶ
1345 1164 1374 1215 6
1398 1161 1548 1226 Υἱὸς,
1577 1162 1857 1227 ζωοποιῶν
1887 1165 2015 1226 τοὺς
2078 1163 2590 1235 κατεφθαρμένους,
2632 1161 2727 1216 καὶ
2766 1162 2828 1216 τὸ
2892 1161 2986 1215 τοῦ
3055 1160 3286 1214 θανάτου
3331 1156 3726 1237 καταστρέφων

433 1249 668 1318 κράτος,
710 1251 853 1307 διότε
905 1254 1033 1318 τοὺς
1076 1255 1305 1326 νεκροὺς
1358 1256 1602 1322 ἀνιστάς.
1651 1259 1893 1323 Εἰκότως
1929 1255 2023 1312 οὖν
2056 1260 2166 1331 ἄρα
2196 1260 2329 1330 φησῖ⁹
2359 1257 2498 1329 πρὸς
2536 1257 2804 1312 Φίλιππον
2829 1272 2842 1285 ·
2887 1277 2905 1308 ι
2928 1258 2988 1310 Ὀ
3017 1256 3281 1328 ἑωρακὼς
3319 1255 3441 1325 ἐμὲ,
3509 1252 3741 1323 ἐιὶ›ρακε¹

431 1341 525 1401 τὸν
552 1343 797 1415 Πατέρα.
850 1363 870 1399 ι
905 1344 1056 1411 Ἐξὸν
1090 1348 1198 1419 γάρ
1240 1365 1347 1413 σοι,
1386 1350 1574 1419 φησὶν,
1598 1346 1656 1404 εὖ
1697 1351 1840 1420 μάλα
1883 1351 2203 1424 περιαθρεῐν
2244 1353 2302 1403 ἐν
2337 1351 2461 1420 ἐμοί
2484 1365 2543 1403 τε
2604 1350 2698 1403 καὶ
2736 1348 2797 1413 ἐξ
2834 1348 2969 1418 ἐμοῦ
3019 1350 3113 1402 τὸν
3175 1347 3546 1418 γεννήσαντα,
3603 1343 3727 1397 τίνα

430 1431 638 1500 τρόπον
664 1431 853 1505 ἕτερον
875 1434 975 1506 τῆς
998 1432 1256 1501 θεοπτίας
1282 1440 1485 1504 αἰτεῖς,
1516 1440 1696 1494 καίτοι
1723 1441 1825 1511 τῆς
1857 1441 2108 1512 δοθείσης
2133 1441 2522 1514 ἀρχαιοτέροις
2567 1440 2669 1509 τὴν
2714 1440 2929 1509 ἀμείνω
2971 1438 3175 1509 λαχὼν,
3224 1437 3321 1519 καὶ
3374 1435 3724 1507 ἀληθεστάτῃ

430 1520 744 1593 περιτυχὼν
774 1523 966 1591 εικόνι,
988 1526 1134 1581 τοῦτ’
1158 1527 1308 1583 ἐστιν
1337 1529 1461 1600 ἐμοί
1485 1549 1501 1595 ;

503 1612 644 1680 XIV,
676 1614 761 1673 l0.
788 1613 914 1678 Non
942 1619 1117 1677 credis
1152 1622 1281 1691 quia
1322 1637 1415 1692 ego
1454 1621 1513 1677 in
1556 1623 1743 1691 Patre,
1778 1634 1826 1678 et
1861 1623 2025 1679 Pater

430 1707 486 1763 in
512 1723 596 1761 me
624 1710 743 1764 est?

503 1797 617 1870 Ego
647 1799 895 1870 quidem,
946 1780 1152 1873 inquit,
1190 1818 1224 1859 ο
1271 1804 1546 1878 Philippe,
1581 1809 1678 1879 qui
1738 1808 2023 1864 Genitoris
2055 1836 2099 1895 Β

338 1907 353 1921 θ
429 1893 488 1948 in
520 1894 733 1964 meipso
777 1902 1038 1951 naturam
1082 1897 1362 1967 exprime,
1391 1898 1576 1970 imago
1603 1916 1725 1957 sum
1761 1901 2025 1957 substan-

430 1983 530 2041 tim
563 1983 707 2055 ejus,
756 1987 1142 2044 conformatus
1165 1989 1430 2044 nimirum
1473 1991 1540 2046 ad
1572 1993 1755 2055 illum,
1797 2009 1931 2055 non,
1965 2000 2024 2046 ut

430 2072 538 2129 sibi
583 2076 837 2133 nonnulli
870 2076 1108 2149 ﬁngunt,
1136 2088 1370 2134 externa
1414 2082 1612 2151 gloria,
1646 2098 1741 2138 seu
1782 2084 2025 2154 peregri-

433 2164 526 2221 nis
559 2175 613 2225 et
636 2169 900 2227 ascititiis
929 2170 1153 2227 dotibus
1182 2174 1549 2243 conspicuus,
1578 2176 1676 2230 sed
1706 2176 1759 2230 iu
1799 2177 2022 2246 propria

416 2262 631 2315 'natura
672 2275 799 2332 quae
850 2261 1075 2331 propria
1122 2271 1254 2316 sunt
1286 2261 1567 2321 Geniteris
1618 2263 1825 2328 ferens,
1856 2264 2023 2334 idque

431 2349 711 2408 exsistens
743 2368 872 2410 vere
899 2353 1048 2424 quod
1080 2354 1192 2418 ille,
1225 2354 1555 2420 identitatis,
1605 2357 1857 2425 inquam,
1884 2358 2020 2412 sub—

431 2442 716 2499 stantialis
766 2444 1003 2501 ratione.
1041 2444 1126 2500 Tu
1171 2462 1302 2500 vero
1346 2445 1413 2499 ad
1456 2447 1572 2501 haec
1615 2463 1812 2508 rursus
1839 2447 2016 2511 dices,

432 2532 533 2593 tibi
562 2535 807 2591 nondum
853 2553 978 2593 esse
1021 2553 1349 2608 persuasum
1385 2539 1533 2607 quod
1580 2555 1683 2610 ego
1710 2540 1932 2609 quidem
1964 2540 2017 2594 in

429 2622 596 2681 Patre
622 2634 679 2682 et
715 2625 884 2685 Pater
927 2627 982 2683 in
1021 2643 1107 2683 me
1144 2631 1238 2681 sit.
1276 2628 1442 2697 Atqui
1476 2629 1558 2682 vel
1592 2630 1901 2694 nolentem,
1930 2631 2017 2685 in-

427 2718 570 2789 quit,
612 2728 774 2790 coget
816 2727 869 2775 te
909 2720 1131 2776 demum
1182 2721 1268 2775 vis
1325 2730 1379 2774 et
1433 2721 1575 2775 ratio
1618 2712 1918 2786 dictorum,
1959 2731 2019 2776 ut

427 2810 558 2867 huic
594 2814 670 2868 rei
691 2814 1034 2871 consentias.
1056 2813 1410 2885 Quapropter
1433 2831 1779 2886 qurecunque
1801 2816 2014 2882 dixero,

426 2919 494 2961 ea
523 2906 718 2975 utique
749 2914 885 2962 sunt
911 2906 1119 2973 Patris,
1148 2916 1203 2961 et
1237 2924 1587 2980 quaecunque
1621 2909 1824 2972 fecero,
1852 2908 2017 2963 Pater

426 2995 583 3051 facit.
619 2995 746 3052 Haec
796 3007 980 3052 autem
1031 2997 1109 3050 ait
1146 2998 1427 3063 Christus,
1458 3016 1570 3055 non
1619 3008 1887 3069 tanquam
1937 3000 2016 3053 al-

427 3088 606 3144 terius
657 3088 850 3144 forsan
897 3089 1080 3144 verbis
1114 3097 1301 3156 utens,
1340 3107 1521 3161 neque
1565 3092 1704 3146 adeo
1752 3102 2012 3160 tanquam

2205 1625 2286 1677 Οὐ
2313 1620 2639 1683 πιστεύεις,
2665 1616 2751 1667 ὅτι
2768 1616 2883 1683 ἐγὼ
3000 1617 3081 1682 τῷ
3104 1617 3314 1684 Πατρὶ,
3332 1623 3433 1670 καί
3465 1620 3498 1671 ό
3518 1618 3725 1689 Πατὴρ

2128 1716 2199 1769 ἐν
2224 1716 2355 1784 ἐμοί
2377 1715 2553 1767 ἐστιν
2574 1728 2593 1774 ;

2215 1805 2356 1875 Ἐγὼ
2379 1807 2499 1876 μὲν,
2539 1809 2723 1877 φησὶν,
2748 1804 2793 1858 ὢ
2821 1804 3082 1864 Φίλιππε,
3108 1806 3207 1874 τὴν
3234 1803 3329 1856 τοῦ
3359 1804 3726 1875 γεννήσαντος

2124 1900 2289 1968 φύσιν
2317 1900 2375 1951 ἐν
2404 1897 2629 1968 ἐμαυτῷ
2654 1895 3050 1966 καταγράφων,
3073 1892 3238 1947 εἰκὼν
3255 1896 3371 1963 είμι
3398 1894 3498 1964 τῆς
3529 1894 3726 1958 οὐσίας

2127 1988 2314 2053 αὐτοῦ,
2375 1987 2813 2060 μεμορφωμένος
2870 1984 3114 2055 δηλονότι
3169 1985 3291 2037 κατ’
3347 1985 3576 2047 ἐκεῖνον,
3618 1985 3726 2055 οὐχ

2124 2081 2203 2144 ὡς
2260 2079 2326 2133 ἂν
2375 2079 2544 2133 οἴοιτό
2570 2097 2673 2143 τις,
2709 2082 2836 2143 ταῖς
2865 2078 3066 2144 ἔξωθεν
3090 2076 3291 2141 δόξαις,
3319 2076 3435 2129 ἀλλ’
3473 2075 3595 2129 οὐδὲ
3628 2075 3725 2140 Eti-

2123 2187 2236 2233 νοις
2281 2168 2315 2240 ἢ
2361 2171 2620 2233 ἐπακτοῖς
2659 2170 3152 2241 λελαμπρυσμένος
3200 2168 3682 2239 πλεονεκτήμασιν
3708 2185 3724 2200 ο

2122 2263 2239 2316 ἀλλ’
2266 2264 2323 2316 ἐν
2351 2261 2460 2333 ἰδίᾳ
2483 2262 2643 2331 φύσει
2693 2260 2878 2333 φορῶν
2928 2260 2998 2313 τὰ
3026 2259 3120 2313 τοῦ
3175 2260 3540 2330 γεννήσαντος
3587 2260 3723 2323 ἴδια,

2125 2353 2403 2407 καὶτοῦτο
2450 2354 2714 2423 ὑπάρχων
2778 2351 3017 2421 άληθῶς,
3057 2352 3195 2422 ὅπερ
3221 2350 3288 2405 ἂν
3323 2351 3410 2421 εἴη
3441 2352 3722 2414 κάκεῖνος,

2124 2450 2266 2503 κατά
2287 2467 2350 2518 γε
2375 2448 2468 2500 τὸν
2481 2449 2537 2498 ἐν
2563 2445 2856 2515 ταυτότητι
2887 2444 3064 2512 λόγον,
3101 2448 3168 2515 τῇ
3194 2444 3313 2497 κατ’
3338 2444 3529 2497 ούσίαν
3550 2461 3622 2512 φη
3632 2442 3720 2512 μί.

2124 2544 2197 2597 Σὺ
2225 2543 2335 2613 γὰρ
2368 2540 2435 2611 δὴ
2474 2540 2635 2594 πάλιν
2654 2540 2791 2610 πρὸς
2829 2536 3003 2591 ταῦτα
3032 2538 3176 2606 ἐρεῖς
3200 2552 3212 2565 ⁸
3247 2538 3308 2590 ού
3337 2535 3445 2606 γάρ
3469 2535 3726 2604 διετέθης

2121 2636 2228 2706 ἄρα
2284 2634 2490 2693 λοιπὸν,
2520 2632 2595 2695 ὡς
2638 2629 2751 2700 ἐγὼ
2785 2629 2884 2700 μέν
2918 2630 2977 2681 ἐν
3004 2628 3081 2698 τῷ
3128 2628 3326 2699 [lat-r91,
3363 2630 3393 2680 6
3434 2626 3628 2697 Πατὴρ
3661 2626 3724 2680 δὲ

2120 2724 2187 2782 αὖ
2214 2727 2377 2781 πάλιν
2425 2725 2570 2777 ἐστὶν
2620 2726 2678 2777 ἐν
2733 2722 2876 2792 ἐμοί.
2933 2720 3297 2785 Καίτοιλκαὶ
3356 2719 3454 2789 οὐχ
3493 2718 3722 2782 ἑκόντα,

2120 2820 2305 2889 φησὶν,
2346 2816 2664 2870 ἐκϐιάσεταί
2706 2831 2765 2867 σε
2794 2813 2980 2867 λοιπὸν
3016 2814 3050 2883 ἡ
3073 2811 3183 2865 τῶν
3212 2812 3521 2881 εἰρημένων
3553 2809 3729 2863 δύνα-

2122 2929 2214 2982 μις
2237 2912 2316 2973 είς
2341 2911 2440 2980 τὴν
2471 2908 2564 2962 ἐπὶ
2593 2907 2770 2975 τούτῳ
2822 2903 3149 2957 συναίνεσιν.
3203 2901 3437 2968 Οὐκοῦν,
3480 2900 3625 2972 ειπερ
3646 2901 3725 2954 ἂν

2118 3001 2287 3071 φαίην
2332 2998 2465 3067 ἐγὼ,
2503 2998 2676 3051 ταῦτα
2708 2996 2773 3067 δὴ
2800 2996 3018 3057 πάντως
3059 2993 3176 3047 ἐστὶ
3211 2985 3305 3045 τοῦ
3343 2991 3578 3062 Πατρὸς,
3622 2993 3726 3047 καὶ

2119 3094 2263 3162 ἅπερ
2289 3091 2355 3145 ἂν
2391 3089 2741 3161 ἐργασαίμην
2791 3085 2923 3155 ἐγὼ,
2952 3089 2981 3139 6
3006 3085 3198 3155 Πατὴρ
3238 3083 3553 3155 ἐργάζεται.
3573 3084 3725 3154 Φησὶ

424 3179 697 3251 propheta
729 3194 1004 3251 supernas
1033 3190 1087 3235 et
1113 3196 1141 3233 a
1170 3180 1332 3236 Patre
1366 3191 1620 3253 acceptas
1639 3197 1802 3238 voces
1833 3199 2009 3238 enun~

2126 3185 2171 3237 δὲ
2201 3182 2372 3237 ταῦτα
2404 3184 2432 3235 ὁ
2468 3180 2723 3251 Χριστὸς,
2760 3179 2860 3249 οὐχ
2882 3177 2958 3241 ὼς
3003 3178 3118 3238 τοῖς
3177 3175 3366 3244 ἐτέρου
3397 3176 3560 3244 τυχὸν
3587 3176 3726 3228 ἀπο-

424 3272 574 3328 tians
602 3291 617 3328 :
651 3272 730 3326 illi
762 3273 911 3328 enim
949 3273 1322 3343 loquebantur
1350 3276 1578 3329 omnino
1610 3290 1734 3344 qua:
1765 3289 1863 3330 sua
1902 3291 2011 3329 non

425 3372 606 3429 erant,
640 3366 738 3422 sed
787 3365 913 3436 ejus
956 3368 1052 3437 qui
1092 3366 1262 3420 dabat
1306 3376 1361 3422 et
1406 3367 1716 3436 inspirabat
1759 3367 1842 3421 eis
1893 3365 2009 3421 Dei.

423 3455 646 3515 Rursus
687 3468 872 3511 autem
928 3458 1195 3514 miracula
1241 3458 1386 3513 Patri
1431 3473 1536 3517 suo
1571 3458 1853 3519 attribuit,
1903 3471 2010 3509 non

426 3548 587 3618 quasi
615 3547 917 3603 adventitia
964 3555 1236 3619 potestate
1265 3563 1329 3603 ea
1387 3556 1591 3617 patret,
1625 3556 1689 3600 ut
1725 3547 1804 3599 illi
1856 3545 2012 3601 vide-

424 3638 559 3695 licet
609 3637 704 3709 qui
733 3637 994 3694 dicebant
1029 3658 1043 3695 :
1068 3659 1087 3692 ι
1108 3638 1292 3695 Nolite
1318 3640 1481 3694 nobis
1514 3637 1822 3702 attendere,
1851 3638 2014 3708 quasi

424 3739 616 3787 nostra
643 3730 850 3785 virtute
867 3739 962 3785 aut
982 3731 1190 3801 pietate
1219 3739 1488 3800 :egrotum
1508 3730 1900 3786 sanaverimus
1920 3730 1961 3783 ¹.
1987 3749 2007 3781 ι

425 3821 621 3878 Sancti
652 3824 808 3880 enim
844 3823 898 3878 in
930 3823 1218 3879 miraculis
1254 3823 1485 3878 edendis
1515 3837 1627 3877 non
1664 3823 1856 3891 utique
1888 3837 2011 3884 sua,

422 3914 519 3970 sed
553 3912 649 3970 Dei
676 3914 886 3968 virtute
910 3913 1094 3970 solent
1128 3915 1229 3975 uti,
1260 3912 1502 3967 ministri
1522 3915 1669 3968 enim
1692 3913 2011 3969 divinorum

423 4020 745 4063 sermonum
786 4015 837 4062 et
864 4020 1092 4076 operum
1118 4021 1245 4061 esse
1277 4000 1715 4077 comperiuntur.
1734 4008 2009 4074 Quoniam

420 4113 555 4154 vero
583 4097 747 4169 782
784 4097 1285 4153 consubstantialis
1320 4107 1409 4152 est
1437 4098 1588 4154 Patri
1621 4099 1817 4163 Filius,
1857 4101 2012 4153 nullo

420 4188 588 4246 modo
635 4188 706 4245 ab
753 4204 821 4244 eo
867 4188 1170 4243 distinctus
1223 4197 1320 4241 aut
1365 4189 1643 4256 diversus,
1690 4206 1794 4245 sua
1842 4192 2013 4245 verba

419 4283 608 4340 Patris
637 4282 805 4339 verba
831 4296 956 4338 esse
982 4281 1140 4345 dicit,
1166 4297 1276 4335 non
1298 4282 1450 4351 quod
1478 4283 1645 4338 Pater
1670 4283 1796 4337 aliis
1828 4283 2014 4338 verbis

419 4382 615 4431 utatur
660 4391 828 4447 quam
868 4373 1073 4445 quibus
1122 4372 1320 4437 Filius,
1354 4373 1451 4430 sed
1508 4382 1563 4428 et
1615 4375 1672 4428 in
1720 4373 2015 4444 majestate

2116 3276 2455 3347 κεχρημένος
2489 3275 2751 3345 ῥήμασιν,
2783 3270 2909 3324 οὒτε
2956 3269 3063 3341 μὴν
3094 3268 3169 3331 ὡς
3211 3270 3268 3320 ἐν
3298 3269 3583 3339 προφήτου
3616 3271 3720 3322 τά·

2126 3367 2207 3434 ξει
2260 3367 2353 3421 καὶ
2392 3350 2720 3437 μέτρῳᾟὰς
2754 3363 2960 3417 ἄνωθεν
3018 3360 3112 3413 καὶ
3157 3360 3310 3430 παρὰ
3359 3359 3573 3430 Πατρός
3599 3359 3727 3413 δια-

2117 3458 2445 3530 πορθμεύων
2471 3458 2655 3526 φωνάς
2673 3475 2686 3488 ·
2729 3454 2953 3508 ἐλάλουν
2983 3452 3096 3523 γὰρ
3138 3452 3200 3504 ού
3230 3451 3299 3503 τὰ
3328 3450 3541 3503 ἐαυτῶν
3558 3452 3720 3504 ἐκεῖ-

2115 3570 2193 3607 νει
2227 3555 2465 3615 πάντως,
2502 3550 2638 3604 ἀλλὰ
2664 3549 2759 3602 τοῦ
2781 3548 3015 3609 διδόντος
3038 3563 3096 3598 τε
3130 3545 3225 3598 καὶ
3254 3544 3589 3614 ἐμπνέοντος
3612 3543 3724 3595 αύ-

2114 3647 2225 3707 τοῖς
2247 3642 2406 3697 Θεοῦ.
2453 3640 2743 3711 ’Λπονέμει
2790 3639 2849 3692 δὲ
2900 3637 3064 3691 πάλιν
3108 3634 3187 3705 τῷ
3220 3635 3336 3705 ἰδίῳ
3388 3634 3566 3702 Πατρὶ
3603 3633 3727 3686 τῶν

2117 3736 2435 3808 παραδόξων
2495 3734 2595 3806 τὴν
2649 3732 2899 3796 ἔκϐασιν,
2947 3729 3170 3799 οὑχ-ὡς
3216 3723 3439 3795 ἐπακτῷ
3481 3724 3727 3795 δυνάμει

2115 3829 2395 3897 Θαυματυυ
2406 3826 2571 3896 ργὼν,
2596 3824 2721 3877 κατ’
2743 3823 2988 3884 ἐκείνους
3018 3819 3262 3891 δηλονότι
3278 3812 3405 3881 τοὺς
3426 3816 3721 3884 λέγοντας,

2114 3922 2195 3975 δτι
2231 3921 2399 3990 Ἥμῖν
2429 3918 2502 3988 μὴ
2531 3915 2828 3987 προσέχετε
2866 3914 2942 3977 ὼς
2981 3912 3087 3983 ίδίᾳ
3108 3910 3360 3979 δυνάμει,
3395 3909 3426 3977 ἦ
3458 3908 3730 3980 εὐσεϐείᾳ

2114 4011 2571 4083 τεθεραπευκότι,
2620 4006 2867 4079 δηλονότι
2909 4005 3002 4057 τὸν
3037 4004 3340 4073 κάμνοντα.
3386 4000 3727 4071 Κεχρῆσοαι

2115 4104 2222 4175 γὰρ
2252 4105 2365 4166 τοῖς
2387 4103 2567 4171 ἁγίοις
2616 4098 2735 4161 ἔθος
2772 4099 2873 4150 οὐκ
2914 4096 3025 4167 ἰδίᾳ
3058 4096 3279 4158 πάντως
3312 4093 3458 4164 ἰσχύϊ
3481 4092 3617 4164 πρὸς
3645 4093 3726 4146 τὰ

2116 4196 2418 4266 παράδοξα,
2454 4193 2657 4263 μᾶλλον
2688 4191 2747 4243 δέ
2773 4192 2839 4261 τῇ
2864 4188 2961 4242 τοῦ
2990 4188 3126 4241 Θεοῦ
3159 4205 3173 4219 ο
3199 4187 3438 4240 διάκονοι
3469 4186 3577 4255 γὰρ
3618 4187 3727 4238 καὶ

2116 4289 2381 4358 ὑπουργοὶ
2401 4287 2576 4355 λόγων
2599 4303 2656 4337 τε
2675 4284 2808 4355 ὁμοῦ
2837 4283 2945 4337 τῶν
2975 4283 3159 4336 θείων
3187 4283 3283 4335 καὶ
3312 4282 3726 4352 ἐνεργημάτων

2116 4378 2483 4448 εὑρίσκονται.
2531 4374 2751 4445 Ἐπειδὴ
2809 4374 2867 4427 δὲ
2902 4372 3190 4444 ὁμοούσιός
3214 4374 3330 4425 ἐστι
3360 4372 3439 4442 τῷ
3477 4372 3657 4442 Πατρὶ
3691 4374 3726 4425 ὁ

421 4482 650 4539 operum
682 4468 925 4537 idipsum
954 4465 1256 4535 intelliges.
1286 4466 1456 4532 Quasi
1498 4466 1643 4520 enim
1683 4465 1824 4519 nihil
1856 4464 2008 4519 aliud

2126 4469 2265 4533 Υἱὸς,
2291 4470 2412 4522 κατ’
2462 4468 2651 4521 οὐδένα
2705 4466 2907 4537 τρόπον
2957 4464 3318 4532 διαλλάττων,
3380 4465 3569 4535 ἤγουν,
3634 4465 3726 4527 ὡς

420 4556 588 4613 Pater
620 4557 808 4612 facere
841 4564 1038 4611 natura
1091 4571 1188 4610 sua
1244 4557 1420 4625 possit
1454 4571 1619 4625 quam
1655 4557 1801 4626 quod
1834 4557 2011 4626 possit

2126 4563 2375 4635 ἐτεροέως
2414 4561 2554 4632 ἔχων
2606 4560 2683 4624 ὠς
2732 4561 2868 4631 πρὸς
2922 4558 3110 4625 αὑτὸν,
3152 4558 3343 4626 λόγους
3378 4553 3519 4609 εἷναί
3571 4574 3725 4625 φησι

416 4657 474 4706 et
518 4649 691 4704 faciat
722 4648 920 4714 Filius,
958 4650 1084 4718 ejus
1125 4663 1295 4719 opera
1342 4663 1469 4703 esse
1509 4649 1608 4701 ait.
1658 4647 1831 4718 Finge
1859 4648 2006 4702 enim

2126 4655 2242 4717 τοὺς
2266 4652 2429 4715 ἰδίους
2452 4650 2545 4705 τού
2584 4651 2819 4722 Πατρδς,
2851 4650 2928 4710 ὡς
2992 4650 3090 4718 οὐχ
3134 4649 3344 4718 ἑτέροις
3369 4646 3436 4700 ἂν
3462 4647 3557 4699 τοῦ
3588 4648 3723 4701 Πα-

417 4742 522 4799 tibi
555 4743 704 4797 hunc
725 4741 782 4797 in
816 4741 1043 4797 modum
1072 4738 1434 4816 manifestius
1464 4739 1783 4809 loquentem
1824 4759 1836 4795 :
1871 4739 2007 4795 Sum

2126 4744 2239 4815 πρὸς
2264 4746 2613 4816 χρησαμένου
2645 4744 2847 4811 λόγοις,
2886 4742 2919 4811 ἦ
2959 4735 3155 4811 οἷσπερ
3184 4740 3251 4793 ἂν
3283 4742 3311 4793 ὁ
3345 4740 3495 4803 Υἱός.
3544 4739 3723 4792 Ἀλλὰ

417 4833 659 4904 genitori
706 4847 805 4904 per
835 4831 1021 4889 omnia
1069 4830 1290 4893 similis,
1335 4804 1390 4883 et.
1441 4829 1625 4900 imago
1680 4831 2007 4887 substantiae

2126 4804 2383 4908 καὶ
2406 4804 2515 4890 των
2542 4804 3135 4907 ἔργων’μεγαλειότητιπ
3157 4833 3373 4903 νοήσεις
3416 4831 3718 4894 ὡσαύτως.

416 4929 548 4998 ejus
582 4932 773 4994 ’,.non
805 4936 1033 4984 externa
1065 4932 1281 4979 tantum
1313 4925 1499 4994 specie
1520 4935 1576 4980 et
1613 4927 1905 4997 majestate
1929 4930 2007 4982 in-

2126 4930 2211 4992 Ὠ;
2244 4927 2352 4998 γὰρ
2381 4928 2532 4980 οὐδὲν
2589 4926 2778 4995 ἕτερον
2834 4926 3082 4993 ἐνεργεῖν
3135 4924 3441 4993 πεφυκότος
3504 4940 3563 4974 τε
3610 4926 3719 4975 καὶ

416 5018 617 5090 signis,
637 5019 733 5075 sed
776 5026 951 5073 totum
986 5018 1042 5071 in
1073 5016 1289 5086 meipso
1323 5016 1628 5086 genitorem
1666 5018 1877 5074 habens
1911 5035 2008 5090 per

2126 5022 2394 5091 ἰσχύοντος
2418 5019 2513 5073 τοῦ
2550 5017 2765 5088 Πατρδς
2800 5018 2833 5088 ἦ
2881 5010 3019 5087 ὅπερ
3050 5016 3297 5087 ἂνείδείη
3343 5034 3403 5068 τε
3436 5016 3533 5069 καὶ
3559 5017 3721 5086 ἐνερ·

416 5111 765 5167 identitatem
797 5108 1146 5166 substantia).

2126 5116 2235 5185 γοίη
2266 5114 2471 5183 τυχδνὸ
2496 5110 2649 5174 Υἱὸς.
2674 5110 2838 5164 αὑτοῦ
2863 5109 2932 5163 τὰ
2954 5109 3091 5179 ἔργα
3120 5110 3306 5181 φησίν.
3357 5109 3560 5162 Ἐννόει
3592 5109 3717 5179 γὰρ

417 5203 645 5273 λέγοντα
673 5203 972 5274 φανότερον
992 5200 1168 5265 οὕτως
1193 5217 1208 5231 °
1251 5201 1381 5271 Εἰμὶ
1404 5201 1480 5271 τῷ
1505 5206 1859 5275 γεγεννηκότι
1897 5206 2038 5259 κατὰ
2065 5210 2172 5260 πᾶν
2199 5209 2227 5261 ὃ
2253 5225 2305 5259 τι
2337 5202 2430 5259 οὖν
2461 5203 2731 5277 ἐμφερὴς,
2757 5202 2851 5257 καὶ
2883 5201 3050 5256 εἰκὼν
3079 5202 3181 5272 τῆς
3208 5200 3394 5263 οὐσίας
3411 5198 3600 5260 αὑτοῦ,
3637 5200 3713 5250 οὐ

421 5297 603 5370 μόνοις
623 5295 994 5368 ὠραῖζόμενος
1052 5296 1318 5366 σχήμασι,
1380 5298 1474 5350 καὶ
1522 5302 1645 5363 ταῖς
1690 5301 1891 5367 ἔξωθεν
1919 5301 2120 5365 δόξαις,
2165 5301 2589 5372 ἁλλ’ὂλονέχων
2625 5302 2679 5354 ἐν
2731 5299 2911 5368 ἐαυτῷ
2987 5298 3079 5351 τὸν
3147 5297 3398 5365 φύσαντα
3453 5293 3543 5347 διὰ
3599 5293 3707 5363 τὴν
3753 5280 3763 5306 ³

418 5389 516 5461 τῆς
541 5388 731 5450 οὐσίας
776 5389 1103 5458 ταυτότητά.
1644 5438 1653 5445 ,

486 5476 631 5543 XIV,
663 5477 752 5533 ιο.
798 5478 964 5533 Verba
1008 5496 1126 5550 qm
1167 5500 1260 5554 ego
1314 5487 1599 5557 loquorha
1657 5489 1854 5555 meipso
1896 5504 2002 5541 non

2188 5483 2260 5537 Τὰ
2275 5482 2514 5552 ῥήματα
2546 5480 2585 5535 ἆ
2611 5482 2727 5552 ἐγὼ
2755 5478 2946 5542 λαλῶ,
2975 5477 3079 5531 ἀπ’
3100 5475 3363 5545 ἐμαυτοῦ
3396 5477 3468 5528 οὐ
3502 5474 3705 5529 λαλῶ-

415 5567 650 5640 loquor:
688 5564 875 5625 Patcr'
898 5581 1077 5626 autem
1128 5575 1184 5627 iu
1249 5592 1332 5629 me
1389 5593 1629 5642 manens,
1694 5578 1805 5647 ipse
1870 5578 2000 5647 facit

2126 5574 2270 5628 ἱλλὰ
2321 5577 2354 5629 ὁ
2410 5573 2614 5642 Πατὴρ
2654 5572 2725 5626 ἐν
2760 5570 2891 5639 ἐμοὶ
2949 5565 3171 5637 μένων,
3206 5566 3390 5632 αὐτὸς
3415 5566 3575 5619 ποιεῖ
3625 5572 3713 5622 τὰ

417 5673 600 5728 opera.

2126 5667 2267 5733 flora-

372 5862 384 5876 1
489 5766 507 5799 ¹
540 5776 665 5834 Act.
701 5793 784 5847 Ill,
819 5779 903 5836 12.
979 5784 1000 5814 ²
1026 5780 1195 5839 Hebr.
1231 5798 1268 5847 ι,
1311 5781 1365 5834 3.

2210 5776 2221 5783 ρ
