4006 6420
313 328 429 386 215

1186 313 1231 361 -’
1304 328 1370 383 IN
1406 329 1699 387 JOANNIS
1727 332 2187 391 EVANGELIUM
2226 337 2353 395 ue.
2396 341 2487 399 Ix.

3470 361 3579 420 ευ.

388 444 456 498 Εἰ
487 442 599 514 γὰρ
648 439 782 512 repit;
828 442 971 512 ὑμᾶς
1007 460 1080 508 τι,
1119 446 1304 514 φησὶν,
1346 446 1609 519 ἐλάλησεν
1632 450 1662 500 ό
1686 447 1898 519 Πατὴρ,

2077 449 2135 509 Si
2166 453 2314 511 enim
2345 456 2412 511 ad
2454 472 2570 524 vos,
2607 457 2809 528 inquit,
2842 460 3065 521 locutus
3098 472 3248 525 esset
3277 464 3441 525 Pater
3480 470 3579 525 ali.-

310 537 530 600 τούτοις
583 536 788 601 αὐτοῖς,
854 534 1043 607 ὥσπερ
1099 536 1212 605 ἐγὼ
1250 539 1389 602 νυνὶ,
1445 540 1548 594 οὐκ
1582 540 1649 594 ἂν
1693 541 1898 611 ἑτέροις

309 629 592 699 ἐχρήσατο
621 625 826 695 λόγοις.
894 626 1179 699 Τοσαύτην
1238 629 1349 700 γὰρ
1386 628 1494 700 ἔχω
1543 630 1680 701 πρὸς
1738 631 1900 685 αὑτὸν

308 719 550 788 causam
588 717 690 789 τὴν
746 718 1068 790 ἐμφέρειαν,
1117 720 1195 791 ᾡς
1248 721 1415 775 αὑτοῦ
1440 722 1536 786 τὰς
1568 725 1708 794 ἐμὰς
1759 720 1899 779 εἶναι

305 810 620 881 φωνὰς,κσ.ὶ
646 811 792 882 ἅπερ
809 810 876 865 ἂν
897 811 1078 883 δρῴην
1106 812 1427 881 ἐγὼ,ταῦτα
1452 798 1897 871 αὺτοῦ-πιστεύε-

310 908 443 958 σθαι
501 901 943 974 κατορθώματα·
1020 905 1080 958 έν
1137 905 1263 975 ἐμοὶ
1315 906 1424 976 γὰρ
1485 906 1682 975 μένων,
1712 907 1799 961 διὰ
1837 908 1899 961 τὸ

307 992 740 1064 ἀπαράλλακτον
776 995 834 1047 ὲν
858 992 1041 1064 οὐσίᾳ,
1081 997 1228 1047 ποιεῖ
1246 994 1315 1047 τὰ
1348 994 1484 1065 ἔργα
1509 994 1691 1059 αὐτὸς.
1748 996 1899 1049 Ἐπεὶ

309 1086 411 1139 καὶ
441 1086 578 1155 μιᾶς
604 1083 773 1155 οὖσης
833 1084 936 1154 τῆς
988 1083 1242 1156 θεὰτητος
1273 1084 1331 1140 ἐν
1367 1102 1426 1139 τε
1456 1086 1632 1157 Πατρὶ
1664 1087 1758 1140 καὶ
1784 1086 1899 1158 Υίῷ

308 1176 407 1230 καὶ
439 1175 724 1246 Πνεύματι
775 1176 1096 1247 νοουμένης,
1148 1177 1293 1241 ἅπας
1340 1178 1439 1248 μὲν
1492 1178 1649 1247 λόγος
1689 1179 1717 1232 ό
1747 1180 1898 1250 παρά

308 1267 554 1337 Πατρδς,
575 1267 797 1331 πάντως
811 1267 931 1320 ἐστὶ
952 1266 1022 1321 δι’
1061 1266 1191 1320 Υἱοῦ
1221 1269 1280 1321 ὲν
1319 1268 1597 1339 Πνεύματι
1618 1287 1632 1301 ⁸
1665 1272 1759 1325 καὶ
1788 1275 1896 1326 πᾶν

307 1358 498 1426 ἔργον.
524 1358 646 1428 ἦτοι
678 1356 1087 1429 παράδοξον,δι’
1119 1357 1250 1411 Υἱοῦ
1278 1359 1336 1410 ὲν
1367 1359 1646 1430 Πνεύματι
1671 1402 1687 1426 ,
1718 1363 1895 1432 πράτ-

304 1447 472 1503 τεταί
496 1463 561 1514 γε
585 1445 714 1517 μὴν,
734 1445 814 1509 ὡς
851 1445 1254 1517 παρὰπΗατρός.
1297 1447 1372 1499 Ού
1404 1445 1514 1515 γὰρ
1543 1447 1650 1512 ἔξω
1672 1449 1771 1519 τῆς
1801 1449 1896 1503 τοῦ

302 1541 680 1607 γεννήσαντος
702 1538 893 1601 οὐσίας
920 1537 1067 1590 ἐστὶν
1089 1540 1118 1591 ὁ
1136 1538 1281 1602 Υἱὸς,
1305 1538 1430 1593 οὔτε
1457 1541 1565 1611 μὴν
1591 1541 1651 1594 τὸ
1672 1542 1896 1613 Πνεῦμα

300 1631 370 1684 τὸ
402 1630 588 1697 ἅγιον,
641 1631 699 1682 ἐν
762 1628 911 1699 αὐτῷ
937 1629 995 1681 δὲ
1036 1628 1114 1682 ὢν
1142 1633 1171 1683 ὁ
1229 1632 1557 1700 Μονογενὴς,
1585 1632 1724 1704 ἔχων
1746 1634 1805 1687 δὲ
1827 1630 1893 1689 αὖ

301 1719 479 1773 πάλιν
503 1722 562 1773 ὲν
585 1719 765 1790 ἑαυτῷ
794 1720 884 1774 τὸν
933 1719 1187 1785 τεκόντα,
1228 1721 1390 1776 αὐτόν
1418 1739 1587 1793 φησιν
1611 1727 1854 1795 ἐνεργεῖν
1878 1744 1892 1758 ·

298 1810 545 1881 ἐνεργὴς
599 1811 707 1881 γάρ
763 1812 913 1866 ἐστιν
941 1814 974 1881 ὴ
1009 1810 1105 1866 τοῦ
1153 1812 1368 1884 Πατρδς
1413 1813 1594 1882 φύσις,
1624 1816 1808 1882 καλῶς
1838 1819 1896 1872 ὲν

299 1901 428 1972 Υίῷ
454 1901 865 1972 διαλάμπουσα.
898 1901 1037 1974 Φαίη
1059 1903 1106 1958 δ’
1135 1904 1201 1958 ἄν
1226 1921 1310 1968 τις
1346 1907 1441 1959 ἐπὶ
1467 1907 1675 1972 τούτοις
1702 1910 1897 1980 ἑτέραν

298 1993 578 2059 διάνοιαν,
596 1993 697 2062 τῆς
734 1993 872 2064 μετὰ
908 1994 1111 2065 σαρκὸς
1154 1996 1467 2065 οἰκονομίας
1514 1998 1697 2063 καλῶς
1745 2002 1897 2073 αύτῷ

300 2084 654 2155 χορηγούσης
679 2084 779 2148 τὰς
812 2085 1089 2156 ἀφορμάς.
1124 2102 1144 2136 ι
1191 2085 1311 2138 Ἀπ’
1333 2086 1573 2156 ἐμαυτοῦ
1635 2091 1766 2162 γὰρ,
1795 2108 1899 2161 φη-

302 2178 419 2238 σὶν,
452 2178 520 2231 οὐ
564 2175 732 2241 λαλῶ,
771 2195 793 2228 ι
823 2177 948 2231 ἀντὶ
1015 2176 1134 2242 τοῦ,
1188 2178 1251 2230 ού
1294 2179 1731 2251 μεμερισμένως,
1775 2183 1897 2237 οὐδὲ

300 2266 629 2337 ἁπᾳδόντως
656 2267 735 2339 τῷ
772 2267 892 2338 9εῷ
938 2269 1033 2322 καὶ
1091 2269 1287 2340 Πατρί.
1332 2270 1548 2340 Ἐπειδὴ
1572 2271 1680 2342 γὰρ
1711 2273 1771 2328 ἐν
1800 2274 1899 2327 ἀνθ

302 2356 563 2428 θρωπείᾳ
584 2361 772 2429 μορφῇ
820 2362 931 2421 τοῖς
974 2358 1176 2427 ὁρῶσιν
1214 2360 1488 2427 ἐφαίνετο,
1510 2361 1802 2433 ἀνατίθησι
1829 2366 1896 2434 τῇ

301 2451 409 2519 τῆς
440 2448 697 2520 θεότητος
718 2449 884 2518 φύσει
912 2450 1037 2514 τοὺς
1058 2450 1255 2505 ἑαυτοῦ
1288 2450 1501 2521 λόγους,
1532 2452 1608 2516 ὡς
1638 2454 1695 2507 ἐν
1728 2470 1897 2524 προσο

302 2539 450 2610 ὠπφ
473 2538 571 2594 τοῦ
627 2539 866 2612 Πατρδς,
921 2541 1014 2595 καὶ
1070 2540 1184 2612 μὴν
1213 2543 1309 2596 καὶ
1349 2541 1420 2596 τὰ
1444 2541 1583 2613 ἔργα
1608 2561 1622 2575 ·
1657 2544 1819 2613 μόνον
1840 2543 1897 2596 δὲ

298 2634 432 2705 οὐχί
462 2651 602 2705 φησι
623 2650 637 2664 ’
663 2634 759 2705 Μὴ
787 2633 851 2687 τὸ
911 2635 1096 2705 σχῆμα
1123 2635 1277 2688 τουτὶ
1304 2635 1365 2689 τὸ
1403 2634 1765 2706 ἀνθρώπινον,
1799 2635 1898 2706 τὴν

305 2726 437 2796 ἔμοι
481 2724 802 2797 πρέπουσαν
864 2727 960 2780 καὶ
1013 2727 1468 2798 χρεωστουμένην
1506 2727 1899 2800 ·παραιρείσθω

302 2817 587 2889 διάληψιν,
622 2817 761 2889 μηδὲ
791 2816 1086 2888 ἀνθρώπου
1139 2816 1318 2886 ψιλοῦ.
1364 2818 1460 2873 καὶ
1491 2819 1612 2883 ἑνὸς
1635 2819 1757 2874 τῶν
1772 2820 1897 2875 καθ’

304 2909 458 2976 ὑμᾶς
480 2905 623 2962 εἶναι
646 2909 774 2972 τοὺς
796 2909 963 2979 ἐμοὺς
973 2908 1167 2977 λόγους
1196 2909 1528 2981 ὑπολάϐητε,
1551 2910 1687 2966 ἀλλὰ
1716 2910 1899 2976 θείους

302 2996 554 3067 ἀληθῶς,
612 2998 708 3055 καὶ
725 2996 878 3068 αύτῷ
927 2998 1238 3069 πρέποντας
1284 2999 1364 3071 τῷ
1393 3002 1587 3072 Πατρὶ,
1620 3002 1796 3069 οὕτως
1822 3004 1899 3067 ὼς

2001 543 2154 612 quid,
2188 543 2384 602 iisdem
2414 548 2556 619 ipsis
2585 550 2789 621 quibus
2819 567 2921 625 ego
2944 569 3121 619 nunc,
3144 571 3258 613 nou
3293 559 3417 615 aliis
3443 576 3579 621 usus

2003 634 2184 691 verbis
2214 646 2381 695 esset.
2410 638 2649 696 Tantum
2683 643 2891 716 quippe
2924 645 3101 703 habeo
3145 662 3273 707 eum
3315 665 3383 705 eo
3425 651 3577 707 simi-

2002 725 2256 783 litudinis
2297 729 2706 799 substantialis,
2744 743 2804 791 ut
2826 749 2963 792 meae
2990 751 3153 793 voces
3186 737 3308 809 ejus
3348 740 3486 802 sint,
3525 750 3582 795 et

2001 834 2124 888 quas
2154 818 2300 877 facio
2346 837 2469 894 ego,
2497 823 2613 879 haec
2646 825 2769 895 ejus
2804 825 2953 884 facta
2988 829 3296 887 credantur
3329 848 3344 885 :
3386 832 3443 887 in
3492 848 3581 895 tne

2000 910 2149 965 enim
2182 928 2435 980 manens,
2458 923 2685 986 propter
2714 917 3059 977 identitatem
3086 921 3436 991 substantia,
3460 922 3579 993 ipse

2001 1000 2133 1058 facit
2157 1018 2346 1076 opera.
2377 1003 2514 1061 Nam
2551 1022 2679 1063 cum
2707 1024 2821 1065 una
2865 1010 2939 1073 sit
2974 1010 3028 1071 in
3063 1010 3227 1069 Patre
3257 1023 3313 1070 et
3340 1013 3485 1070 Filio
3522 1024 3578 1073 et

2002 1094 2211 1165 Spiritu
2241 1096 2443 1159 deitas,
2487 1098 2671 1156 omnis
2700 1113 2902 1161 sermo,
2937 1099 3118 1157 Patris
3152 1102 3342 1173 utique
3368 1113 3453 1160 est
3484 1120 3578 1175 per

1999 1183 2201 1241 Filium
2237 1187 2295 1243 in
2331 1186 2543 1258 Spiritu
2570 1206 2587 1252 ς
2612 1196 2665 1243 et
2692 1204 2859 1249 omne
2877 1205 3041 1259 opus,
3071 1192 3187 1248 sive
3216 1192 3574 1255 miraculum.

2000 1293 2098 1348 per
2144 1278 2345 1334 Filium
2402 1279 2457 1334 in
2510 1279 2742 1350 Spiritu,
2790 1282 2967 1353 agitur
3004 1293 3184 1340 tamen
3241 1294 3501 1356 tanquam
3545 1305 3576 1340 a

1997 1367 2180 1425 Patre.
2208 1368 2319 1427 Nec
2349 1372 2496 1426 enim
2549 1380 2707 1428 extra
2751 1370 3031 1431 Genitoris
3078 1376 3447 1435 substantiam
3490 1390 3576 1436 est

2000 1459 2196 1527 Filius,
2226 1478 2404 1533 neque
2430 1463 2567 1518 adeo
2597 1462 2837 1535 Spiritus
2876 1474 3128 1533 sanctus,
3158 1465 3257 1523 sed
3289 1468 3384 1538 qui
3416 1468 3473 1523 in
3506 1484 3572 1523 eo

1999 1562 2083 1610 est
2099 1552 2451 1627 Uuigenitus,
2472 1555 2677 1625 quique
2699 1556 2867 1613 habet
2897 1573 3094 1615 rursus
3117 1559 3174 1614 in
3194 1559 3382 1631 seipso
3407 1559 3577 1615 Geni-

2001 1655 2197 1711 torem,
2224 1647 2405 1718 ipsum
2455 1648 2530 1702 ait
2562 1649 2804 1720 operari.
2836 1648 3038 1705 Etlicax
3069 1651 3217 1706 enim
3267 1659 3354 1707 est
3392 1632 3575 1710 Patris

1927 1779 1970 1836 B
2000 1746 2223 1802 natura,
2255 1737 2311 1792 in
2351 1736 2493 1793 Filio
2526 1739 2788 1809 praeclare
2816 1741 3086 1795 emicans.
3121 1741 3277 1796 Alius
3311 1750 3575 1811 praeterea
3636 1754 3643 1765 ’

1999 1844 2197 1887 sensus
2257 1827 2446 1885 afferri
2492 1839 2699 1899 potest,
2752 1846 2917 1899 quem
2968 1832 3376 1887 incarnationis
3431 1834 3575 1888 ratio

1998 1920 2286 1976 commode
2318 1922 2654 1992 suppeditat.
2694 1940 2713 1971 ι
2746 1921 2791 1974 Α
2815 1921 3052 1993 meipso,
3092 1922 3295 1994 inquit,
3329 1938 3440 1977 non
3490 1922 3575 1977 Io-

1997 2026 2161 2081 quor,
2212 2031 2230 2064 ›
2282 2026 2384 2081 pro
2434 2025 2501 2065 eo
2553 2011 2702 2079 quod
2761 2021 2868 2075 est,
2918 2026 3031 2067 non
3093 2011 3351 2077 seorsim,
3397 2026 3577 2080 neque

1996 2112 2191 2160 contra
2224 2102 2320 2159 Dei
2376 2118 2439 2158 ac
2472 2102 2651 2157 Patris
2688 2102 2973 2173 placitum.
3024 2085 3165 2171 Quia
3198 2103 3345 2158 enim
3380 2101 3438 2156 in
3469 2100 3577 2156 hu-

1999 2210 2163 2251 mana
2208 2193 2388 2250 forma
2432 2194 2753 2249 videntibus
2806 2195 3081 2265 apparuit,
3107 2194 3319 2250 idcirco
3352 2191 3578 2248 deitatis

1996 2298 2214 2345 naturae
2260 2287 2432 2343 verba
2477 2300 2580 2362 sua
2631 2286 2855 2351 tribuit,
2904 2290 3167 2358 tanquam
3221 2286 3276 2340 in
3338 2272 3572 2357 persona

2000 2377 2199 2443 Patris,
2230 2377 2530 2447 quinetiam
2558 2384 2623 2434 et
2644 2391 2915 2448 opera,ac
2943 2384 3157 2433 tantum
3190 2392 3300 2445 non
3337 2377 3461 2451 aitI:
3496 2372 3576 2430 Ne
3690 2383 3699 2393 '

1973 2468 2116 2533 ,ίιαεε
2164 2467 2338 2523 forma
2390 2466 2636 2522 humana
2686 2465 3151 2523 existimationem
3201 2466 3335 2521 mihi
3373 2481 3576 2521 conve-

2001 2557 2243 2612 nientem
2279 2570 2345 2613 ac
2376 2555 2619 2611 debitam
2652 2555 2874 2626 eripiat,
2918 2570 3101 2626 neque
3141 2554 3275 2610 nudi
3316 2555 3470 2612 vobis
3500 2554 3576 2609 si-

1996 2646 2151 2700 milis
2180 2644 2346 2700 unius
2378 2645 2617 2714 alicujus
2658 2645 2898 2701 hominis
2942 2658 3096 2699 meos
3134 2659 3418 2699 sermones
3449 2658 3577 2702 esse

2000 2738 2232 2808 putetis,
2278 2737 2374 2792 sed
2425 2752 2554 2792 vere
2605 2736 2844 2801 divinos,
2900 2735 3120 2812 ipsique
3177 2735 3575 2791 convenientes

1999 2818 2173 2892 Patri,
2197 2826 2425 2899 perinde
2459 2841 2525 2881 ac
2552 2827 3007 2896 mihi.0peratur
3029 2832 3211 2880 autem
3244 2824 3301 2879 in
3334 2840 3423 2885 me
3455 2839 3576 2880 ma-

2000 2934 2137 2975 nens
2174 2920 2417 2989 :quippe
2447 2934 2571 2974 sum
2608 2919 2664 2973 in
2712 2918 2853 2988 ipso,
2893 2926 2949 2972 et
2990 2917 3109 2986 ipse
3162 2916 3217 2970 in
3252 2932 3359 2971 me.
3394 2913 3578 2972 Nolite

2000 3024 2133 3079 ergo
2189 3011 2413 3066 credere
2464 3008 2751 3066 .veteribus
2805 3015 3069 3077 tanquam
3124 3006 3388 3062 eximium
3444 3007 3577 3076 quid

303 3090 457 3160 ἐμοί.
514 3089 837 3160 Ἐνεργεῖδὲ
860 3092 919 3143 ὲν
951 3092 1075 3161 ἐμοὶ
1118 3092 1320 3163 μένωψ
1367 3094 1486 3164 εἰμὶ
1514 3095 1624 3166 γὰρ
1664 3097 1723 3149 ἒν
1750 3096 1899 3168 αύτῷ

2003 3101 2166 3172 783
2199 3111 2546 3171 οιωοειιιπη
2576 3098 2765 3155 datum
2819 3114 2945 3155 esse
2993 3106 3055 3153 ut
3099 3098 3154 3152 in
3211 3097 3398 3168 specie
3434 3096 3586 3167 ignis-

304 3181 407 3233 καὶ
432 3181 599 3246 αὐτὸς
659 3182 720 3234 ὲν
771 3183 916 3253 ἐμοί.
949 3182 1041 3254 Μὴ
1061 3183 1263 3245 τοίνυν,
1312 3186 1501 3254 φησὶν,
1555 3186 1629 3250 ὡς
1661 3188 1803 3257 μέγα
1846 3207 1900 3242 τι

304 3274 407 3328 καὶ
436 3274 722 3345 ὑπερφυὲς
753 3277 866 3337 τοῖς
914 3276 1290 3348 ἀρχαιοτέροις
1318 3277 1566 3333 δεδόσθαι
1595 3280 1899 3347 πιστεύετε,

304 3366 409 3419 καὶ
439 3366 503 3419 τὸ
521 3367 649 3419 ἰδεῖν
677 3367 777 3435 μὲν
786 3366 868 3430 ὼς
886 3367 944 3420 ὲν
964 3367 1093 3423 εῖδει
1110 3368 1282 3438 πυρὸς
1301 3369 1392 3421 τὸν
1406 3368 1562 3435 Θεὸν,
1591 3371 1823 3426 ἀκοῦσαι
1845 3375 1903 3428 δὲ

307 3459 409 3513 καὶ
423 3460 616 3529 φωνῆς
628 3458 897 3530 λαλούσης
912 3459 1116 3522 αὐτοῖς.
1137 3459 1236 3524 Ὺμ
1248 3462 1326 3523 εἰς
1339 3461 1447 3531 γὰρ
1460 3460 1629 3525 ὅντως
1644 3462 1903 3517 τεθέασθε

305 3550 377 3603 δι’
409 3548 549 3619 ἐμοῦ
594 3550 692 3604 καὶ
714 3551 781 3604 ὲν
808 3550 940 3620 ἐμοὶ
970 3550 1064 3603 τὸν
1091 3550 1333 3621 Πατέρα,
1355 3552 1404 3604 εἰ
1422 3553 1516 3606 καὶ
1545 3554 1760 3625 πέφηνα
1782 3554 1901 3609 καθ’

308 3646 481 3716 ὑμᾶς,
509 3643 644 3706 Θεὸς
699 3641 776 3697 ὢν
835 3644 976 3699 κατᾶ
1027 3642 1212 3712 φύσιν,
1269 3639 1432 3715 ἦλθον
1461 3646 1749 3716 ἐμφανῶς..
1764 3646 1906 3703 κατὰ

309 3740 417 3809 τὴν
446 3738 548 3792 τοῦ
588 3737 900 3807 ψάλλοντος
964 3737 1171 3807 φωνήν.
1211 3737 1406 3793 ’ἰστέον
1437 3738 1494 3791 δὲ
1527 3738 1741 3792 ὅτιτῶν
1769 3742 1906 3811 ἠμε-

310 3831 492 3900 τέρων
524 3828 861 3890 ἀκούσαντες
885 3826 1083 3894 λόγων,
1101 3826 1209 3879 τῶν
1239 3826 1345 3881 ὑπὸ
1375 3827 1591 3898 Harpe:
1608 3828 1900 3898 ἠκούσατε.

312 3921 530 3993 θεωροὶ
556 3921 614 3974 δὲ
635 3920 896 3989 γεγόνατε
929 3920 1023 3972 καὶ
1063 3918 1174 3972 τῶν
1211 3919 1409 3990 ἔργων,
1441 3921 1536 3974 καὶ
1560 3922 1660 3991 τῆς
1678 3922 1905 3992 ἐνούσης

316 4014 506 4086 ἰσχύος
533 4012 704 4084 αὐτῷ.
752 4012 834 4067 Δι’
865 4011 1003 4088 ἐμοῦ
1030 4011 1139 4083 γὰρ
1171 4010 1323 4065 λαλεῖ
1348 4011 1466 4082 μὲν,
1500 4012 1576 4074 ὡς
1612 4012 1702 4065 διὰ
1731 4013 1903 4081 Λόγου

310 4109 410 4165 τοῦ
447 4107 605 4172 ἰδίου,
638 4104 903 4176 κατορθοί
916 4104 974 4159 δὲ
997 4104 1091 4158 καὶ
1118 4105 1334 4175 ἐνεργεῖ
1360 4104 1429 4158 τὰ
1455 4103 1732 4175 θαύματος
1753 4105 1902 4173 ἄξια,

311 4203 390 4263 ὼς
426 4200 520 4255 διὰ
556 4197 842 4268 δυνάμεως
874 4196 1038 4251 πάλιν
1080 4196 1181 4265 τῆς
1207 4194 1423 4249 ἑαυτοῦ.
1451 4194 1577 4250 Ὅτι
1604 4196 1662 4251 δὲ
1679 4200 1779 4269 τῆς
1811 4198 1904 4252 τοῦ

315 4293 535 4364 Πατρὸς
561 4290 754 4353 οὐσίας
775 4287 952 4352 οὐδεὶς
976 4288 1063 4354 ἂν,
1092 4285 1270 4358 οἶμαι,
1292 4288 1450 4355 λόγος
1480 4289 1752 4360 ἀποτέμοι
1773 4290 1905 4343 ποτὲ

2004 3191 2175 3247 Deum
2205 3191 2478 3263 viderent,
2505 3199 2561 3246 et
2585 3205 2775 3247 vocem
2816 3190 2898 3245 eis
2924 3190 3247 3260 loquentem
3299 3187 3574 3243 audirent.
3670 3226 3678 3232 .

2004 3283 2117 3340 Vos
2142 3285 2292 3341 enim
2322 3298 2516 3340 revera
2548 3282 2849 3354 spectastis
2898 3296 2996 3352 per
3034 3296 3122 3336 me
3151 3288 3207 3335 et
3258 3279 3314 3334 in
3353 3293 3443 3333 me
3469 3276 3581 3333 Pa~

2002 3386 2165 3442 trem,
2196 3376 2419 3431 tametsi
2456 3377 2627 3432 vestri
2681 3374 2881 3430 simitis
2935 3372 3190 3443 apparui,
3232 3369 3377 3426 Deus
3430 3370 3579 3426 exsi-

2004 3476 2158 3525 stens
2203 3467 2509 3535 secundum
2563 3475 2844 3529 naturam,
2891 3463 3023 3520 veni
3059 3462 3370 3527 manifeste,
3420 3462 3581 3532 juxta

2002 3559 2313 3616 Psalmistae
2337 3573 2526 3614 vocem
2542 3558 2887 3615 '.Sciendum
2913 3569 3042 3610 vero
3061 3554 3228 3624 quod,
3253 3556 3379 3608 'cum
3411 3551 3579 3607 verba

2004 3665 2127 3707 mea
2156 3649 2509 3717 audiveritis,
2560 3649 2728 3704 verba
2762 3647 2926 3703 etiam
2966 3645 3145 3702 Patris
3181 3644 3439 3700 audistis.
3472 3640 3581 3697 Sed

2002 3751 2058 3798 et
2091 3750 2445 3812 spectatores-
2462 3756 2690 3810 operum
2739 3748 2793 3794 et
2840 3738 3064 3793 virtutis
3091 3736 3214 3806 ejus
3242 3735 3446 3792 fuistis.
3476 3732 3609 3793 Per.

2004 3847 2092 3889 me
2129 3833 2277 3888 enim
2327 3830 2594 3903 loquitur,
2627 3838 2688 3886 ut
2719 3845 2817 3899 per
2846 3843 3008 3883 suum
3035 3826 3278 3883 Verbum
3305 3843 3321 3894 ;
3361 3822 3585 3899 peragit-

2006 3939 2136 3980 vero
2166 3930 2223 3978 et.
2248 3922 2362 3981 edit
2381 3922 2672 3988 miracula,
2693 3927 2757 3973 ut
2782 3933 2881 3990 per
2898 3932 3056 3973 suam
3077 3930 3275 3972 rursus
3295 3915 3576 3969 virtutem.

2005 4012 2165 4080 Quod
2210 4023 2393 4068 autem
2439 4011 2588 4066 nulla
2632 4010 2830 4065 ratioa
2861 4008 3172 4065 substantia
3217 4005 3404 4061 Patris
3442 4002 3582 4059 Ver-

2004 4106 2159 4169 bum,
2190 4105 2423 4175 ejusque
2459 4103 2719 4181 virtutem
2746 4101 3042 4172 sejungere
3070 4098 3270 4170 possit,
3299 4096 3397 4153 sed
3426 4094 3482 4150 in
3516 4109 3582 4149 ea

2005 4198 2298 4258 exsistere.
2325 4203 2383 4250 ct
2436 4208 2467 4247 a
2497 4201 2696 4250 natura
2744 4192 2933 4249 inesse
2972 4191 3212 4263 quilibet
3241 4187 3349 4243 nisi
3380 4185 3585 4241 mentis

2008 4287 2194 4342 forsan
2240 4292 2442 4341 emotae
2493 4282 2854 4338 confessurus
2918 4282 3011 4348 sit,
3056 4278 3426 4336 dubitandum
3471 4287 3601 4331 nem

315 4383 409 4436 τόν
441 4399 506 4435 τε
530 4380 727 4449 Λόγον,
760 4380 856 4432 καὶ
910 4376 1008 4448 τὴν
1052 4376 1283 4447 δύναμιν
1322 4376 1529 4446 αὐτῆς.
1578 4379 1906 4450 ἐνυπάρχειν
2006 4388 2110 4435 est.

314 4476 397 4540 δὲ,
438 4475 536 4530 καὶ
566 4472 949 4544 ὲμπεφυκὲναι
998 4471 1144 4525 κατὰ
1193 4473 1357 4541 φύσιν
1395 4473 1531 4543 αὐτῇ
1556 4473 1664 4536 πᾶς
1701 4491 1788 4537 τις
1819 4470 1912 4528 οὖν
1951 4473 2359 4544 ὁμολογήσειεν,
2424 4470 2524 4523 οὐκ
2573 4468 2898 4538 ἀμφίϐολον,
2962 4469 3011 4519 εἰ
3068 4467 3141 4537 μή
3189 4482 3271 4527 τις
3320 4462 3430 4531 ἄρα
3470 4456 3567 4527 εἴη

315 4566 621 4642 παραπλὴξ
644 4567 745 4638 τὴν
776 4566 1034 4621 διάνοιαν.

768 4680 1167 4735 ΚΕΦΑΑΑΙΟΝ
1200 4680 1468 4734 ΜΟΝΟΝ.

2162 4662 2190 4681 ·
2514 4666 2750 4743 CAPUT
2792 4665 3083 4722 crucum.

320 4798 453 4853 Ὅτι
482 4797 584 4852 διὰ
631 4790 747 4864 τὴν
784 4795 1121 4860 ταυτότητα
1157 4793 1268 4861 τῆς
1300 4796 1539 4864 φύσεως
1561 4798 1594 4847 ό
1636 4797 1768 4861 Υἱὸς
1790 4796 1899 4864 μὲν

2017 4785 2172 4853 Quod
2198 4794 2410 4854 propter
2451 4753 2788 4864 identitalem
2832 4789 3040 4859 natura:
3294 4778 3362 4830 sit
3396 4778 3448 4831 in
3477 4775 3589 4830 Pa-

384 4845 460 4922 ἐᾶο
479 4845 987 4934 agnata-tear;
1011 4845 1280 4933 Bamb};
1300 4845 1365 4918 is"
1391 4845 1910 4931 tramisere
2022 4845 2056 4853 ’⁷
2198 4845 2208 4854 ’
2296 4845 2307 4853 ’
2371 4866 2449 4908 tre
2503 4863 2551 4906 et
2584 4851 2748 4905 Pater
2779 4865 2962 4903 rursus
2991 4849 3045 4902 in
3071 4845 3235 4901 Filio-

394 4935 513 5004 Υιῶ
530 4938 723 4995 ἐστιν.

389 5002 716 5084 mersum
752 5026 843 5079 ὅτι
860 5025 1073 5095 araer
1096 5023 1179 5089 τῷ
1199 5027 1407 5095 Πατρὶ,
1425 5026 1524 5081 καὶ
1548 5029 1582 5081 δ
1603 5025 1808 5093 Πατὴρ
1837 5025 1899 5078 έν

2088 5015 2229 5082 XIV,
2264 5016 2350 5069 ll.
2388 5011 2512 5067 Non
2540 5009 2753 5065 creditis
2780 5008 2907 5078 quia
2937 5023 3031 5078 ego
3053 5009 3109 5061 in
3143 5005 3325 5072 Patre,
3350 5016 3403 5059 et
3430 5002 3593 5060 Pater
3638 5074 3645 5081 I

684 5135 697 5162 τ
1512 5132 1527 5151 κ
2014 5111 2068 5162 in
2110 5124 2192 5161 me
2226 5115 2302 5161 est
2318 5108 2353 5160 2’“

316 5119 453 5190 ἐμοί
489 5117 697 5182 ἔστης
1468 5190 1473 5196 ι
1512 5132 1527 5151 κ

404 5206 742 5277 ’ἀναφανδὸν
794 5205 897 5275 ῆδη
950 5204 1137 5276 φησὶν,
1170 5203 1371 5274 μᾶλλον
1407 5203 1465 5255 δὲ
1500 5203 1596 5255 καῖ
1623 5202 1899 5265 ἐπιτάττει

2014 5117 2068 5162 in
2110 5124 2192 5161 me
2226 5117 2353 5161 est?“

2086 5200 2287 5268 Aperte
2312 5196 2426 5264 jam
2452 5192 2550 5257 ait,
2576 5192 2692 5247 imo
2720 5205 2852 5247 vero
2875 5190 3033 5260 jubet
3053 5204 3163 5245 non
3199 5188 3362 5243 aliter
3382 5187 3597 5243 sentire

317 5301 534 5367 λοιπὸν,
587 5300 671 5354 ὅτι
716 5298 985 5370 προσήκοι
1030 5299 1248 5369 φρονεῖν
1294 5296 1394 5365 οὐχ
1440 5295 1643 5364 ἑτέρως
1668 5296 1899 5365 tua.in

2017 5305 2182 5361 quam
2229 5284 2508 5358 quomodo
2552 5284 2683 5340 velit
2726 5281 2978 5339 Verbum
3016 5280 3287 5370 veritatis.
3337 5277 3596 5370 Censeb-

321 5364 525 5460 ὥσπερ
547 5386 708 5450 αὐτὸς
755 5364 913 5454 ea;
940 5364 1198 5454 ἀληθείας
1236 5364 1475 5455 βούλοιτο
1517 5364 1723 5452 Λόγος,
1747 5384 1899 5455 Ὁμο-

2018 5380 2278 5439 stantiale
2314 5378 2460 5434 enim
2506 5385 2593 5432 est
2640 5389 2742 5431 suo
2775 5370 3049 5436 Genitori,
3075 5369 3226 5424 nulla
3274 5382 3336 5422 re
3370 5364 3593 5437 penitus

322 5456 505 5543 οὑσιος
537 5477 651 5549 γάρ
685 5477 805 5531 ἐστι
840 5475 918 5546 τῷ
971 5476 1087 5545 ἰδίῳ
1122 5476 1433 5546 Γεννήτορι,
1468 5474 1893 5544 μεσολαϐοῦντος

2022 5471 2336 5542 interjecta,
2372 5476 2470 5527 aut
2499 5483 2627 5538 qua:
2683 5466 2917 5522 alterum
2954 5462 3025 5518 ab
3064 5460 3239 5516 altero
3278 5456 3601 5524 diversitate

329 5570 611 5635 παντελῶς
626 5570 864 5633 οὐδενὸς,
894 5569 927 5640 ἢ
960 5569 1103 5623 κατά
1152 5586 1203 5622 τι
1248 5568 1377 5636 γοῦν
1411 5567 1796 5623 διακόπτοντος
1833 5569 1899 5631 εἰς

2024 5564 2263 5621 naturali
2298 5567 2533 5633 separet.
2561 5557 2745 5616 Unum
2773 5557 2921 5614 enim
2955 5562 3041 5610 est
3067 5567 3191 5608 cum
3220 5564 3309 5617 eo,
3337 5550 3411 5605 ita
3445 5557 3504 5605 ut
3540 5549 3596 5605 in

435 5748 455 5779 ³
495 5745 645 5802 i’sal.
675 5758 827 5809 xmx,
856 5744 910 5799 3.
