4006 6486
450 304 513 361 Si
524 303 558 360 5

450 513 735 587 eﬂ‘ulgeat,
774 509 1244 583 quemadmodum
1286 516 1341 565 et
1376 508 1434 563 in
1468 508 1630 565 nobis
1662 508 1849 565 videre
1884 509 2036 565 licet.

454 604 738 663 Nec‘enim
769 602 865 657 alii
910 616 1106 658 sumus
1142 596 1344 657 natura
1384 617 1416 656 a
1445 602 1655 657 nostris
1700 601 1916 667 liberis,
1938 615 2040 656 nec

453 698 780 755 diversitate
813 694 1054 751 naturali
1105 695 1175 749 ab
1218 695 1287 751 iis
1331 693 1725 766 disjungimur,
1750 695 1881 751 licet
1933 695 2040 749 alia

456 788 585 845 aliis
611 788 725 844 sint
748 802 814 843 ac
843 787 1062 845 diversa
1088 799 1323 857 corpora
1352 803 1365 840 :
1392 785 1540 839 unde
1565 784 1626 839 tit
1650 792 1710 839 ut
1736 785 1832 854 qui
1866 776 2042 840 Abrai

455 880 608 936 bami
664 880 838 936 lilium
889 879 1110 942 viderit,
1160 877 1381 934 beatum
1436 877 1618 948 ipsum
1667 876 2041 932 Abrahamum

455 978 665 1035 videat.
699 974 1027 1046 Quanquam
1066 972 1123 1027 in
1159 970 1485 1026 hominibus
1522 968 1746 1041 quidem
1783 984 2042 1041 magnum

459 1070 602 1126 forte
628 1075 716 1124 est
744 1065 1070 1131 discrimen,
1099 1079 1225 1120 cum
1253 1063 1644 1133 unusquisque
1679 1061 2044 1116 contrahatur

457 1157 865 1234 quodammodo
893 1167 950 1213 et
981 1156 1051 1211 ad
1081 1156 1524 1228 singularitatem
1557 1169 1618 1210 se
1648 1154 1902 1225 recipiat,
1943 1168 2044 1208 nec

459 1255 601 1310 alius
631 1253 685 1309 in
714 1251 825 1307 alio
852 1257 1145 1315 cernatur,
1180 1263 1284 1304 nec
1311 1248 1452 1304 alter
1481 1248 1641 1303 alteri
1676 1247 1811 1303 insit
1846 1261 2045 1316 corpo-

459 1347 674 1412 raliter,
729 1345 859 1401 licet
916 1343 1231 1401 communis
1270 1341 1531 1397 omnibus
1587 1348 1849 1397 cernatur
1904 1339 2045 1393 ratio

459 1438 806 1499 substantiae.
846 1438 916 1491 At
950 1438 1018 1492 de
1047 1436 1159 1492 Deo
1188 1434 1501 1494 secundum
1543 1442 1797 1489 naturam
1838 1448 2046 1502 nequa-

456 1548 623 1604 quam
649 1532 725 1588 ita
760 1530 1070 1587 censueris.
1118 1527 1348 1598 Proprie
1389 1527 1535 1583 enim
1578 1543 1644 1580 ac
1689 1526 2046 1597 peculiariter

459 1623 627 1680 Pater
662 1630 748 1681 est
773 1623 959 1689 Pater,
996 1637 1062 1678 ac
1091 1638 1202 1677 non
1230 1619 1407 1676 Filius
1443 1639 1457 1675 :
1492 1619 1669 1677 Filius
1695 1621 1824 1676 item
1861 1619 1953 1689 qui
1979 1637 2046 1675 ex

457 1732 525 1773 eo
555 1725 665 1782 est,
712 1715 913 1781 Filius,
953 1725 1009 1772 et
1055 1731 1168 1771 non
1222 1714 1430 1769 Pater:
1464 1713 1631 1786 784
1682 1723 1738 1769 et
1804 1714 2046 1785 Spiritus

457 1809 681 1878 proprie
717 1806 985 1878 Spiritus.
1038 1806 1144 1862 Sed
1197 1808 1254 1861 in
1295 1820 1465 1860 unam
1517 1806 1743 1861 deitatis
1791 1814 2044 1860 naturam

334 1906 343 1919 ‘
458 1910 740 1957 contracta
788 1908 844 1956 et
886 1900 1124 1955 collecta
1167 1909 1362 1954 sancta
1393 1888 1690 1966 Trin‘itate,
1721 1915 1865 1953 unus
1902 1898 2047 1957 Deus

461 1993 625 2048 nobis
649 1999 756 2057 est,
789 2008 894 2048 nec
930 1993 1169 2048 alterum
1203 1992 1275 2047 ab
1317 1992 1490 2047 altero
1530 1993 1587 2047 in
1621 1999 1798 2048 totum
1849 1992 1930 2047 sic
1962 2008 2047 2049 re-

460 2080 657 2137 cedere
684 2081 830 2137 ullus
858 2081 1086 2148 dixerit,
1112 2089 1172 2136 ut
1221 2082 1460 2151 separati
1497 2081 1610 2137 sint
1658 2081 1728 2137 ab
1771 2082 2044 2147 invicem;

462 2171 561 2229 sed
591 2188 1042 2243 unumquemque
1070 2189 1192 2229 esse
1221 2172 1272 2227 id
1306 2173 1452 2243 quod
1498 2182 1583 2228 est
1606 2188 1671 2230 ac
1722 2173 2050 2243 indigitatur

461 2243 1168 2341 hypostaticc'credimus.
1203 2266 1279 2319 Ex
1318 2264 1483 2321 Patre
1514 2282 1641 2322 vero
1668 2283 1794 2323 esse
1822 2267 2048 2334 Filium,

462 2354 516 2411 id
552 2344 638 2411 est
669 2372 734 2411 ex
790 2356 914 2427 ejus
959 2357 1294 2423 substantia,
1347 2372 1413 2413 ex
1466 2372 1645 2429 eoque
1698 2359 2050 2416 incﬂabiliter

462 2447 807 2519 procedere,
851 2457 907 2503 et
961 2448 1017 2503 in
1067 2464 1133 2505 eo
1190 2441 1414 2505 manere
1472 2465 1785 2507 censemus.
1844 2451 2048 2508 Eodem

461 2537 631 2595 modo
664 2546 723 2595 et
761 2539 830 2595 de
862 2537 1072 2610 Spiritu
1122 2551 1339 2597 sancto.
1373 2540 1469 2599 Est
1514 2544 1660 2598 enim
1707 2559 1772 2599 ex
1810 2544 1918 2600 Deo
1961 2533 2067 2601 se?

461 2631 709 2687 cundum
766 2639 1027 2687 naturam
1081 2648 1231 2699 vere,
1277 2634 1375 2689 sed
1430 2634 1748 2692 nullatenus
1801 2637 1873 2691 ab
1928 2638 2050 2708 ejus

463 2723 778 2781 substantia
829 2724 1143 2794 sejunctus,
1172 2725 1283 2781 imo
1326 2741 1458 2781 vero
1493 2743 1562 2783 ex
1604 2743 1669 2784 eo
1718 2730 2048 2799 procedens,

459 2824 519 2874 et
567 2816 626 2871 in
675 2832 744 2872 eo
794 2832 1016 2887 semper
1064 2832 1317 2883 manens,
1366 2820 1572 2890 quique
1618 2836 1717 2890 per
1768 2822 2048 2878 Christum

462 2907 675 2964 sanctis
703 2908 962 2963 traditur.
988 2906 1186 2964 Omnia
1221 2908 1428 2982 quippe
1467 2926 1565 2981 per
1598 2911 1795 2967 Filium
1833 2912 1890 2969 in
1928 2914 2051 2985 Spi-

1428 296 1487 355 S.
1514 296 1797 355 CYRILLI
1826 294 2298 353 ALEXANDRINI
2330 300 2654 358 ARCHIEP.

453 418 742 480 Genitoris
787 416 1098 474 substantia
1147 425 1346 471 natura
1391 414 1519 472 Filii
1550 424 1834 483 cernatur,
1871 424 2037 486 atque

2151 417 2441 495 ἑτερότητα
2515 420 2753 489 φυσικὴν
2783 462 2797 485 ,

3621 306 3715 364 21(

2884 420 3117 492 θατέρου
3192 422 3253 475 τὸ
3343 423 3550 493 ἓτερον.
3631 422 3717 491 Εἷς

2142 510 2251 582 γάρ
2298 512 2415 564 ἑστι
2466 512 2603 583 πρὸς
2634 511 2816 577 αὐτὸν,
2849 513 2924 576 ὡς
2961 514 3020 566 ἐν
3053 515 3122 585 τῇ
3151 513 3245 567 τοῦ
3293 515 3548 579 τεκόντος
3573 518 3719 589 οὐσίᾳ

2141 602 2241 675 τὴν
2280 603 2411 685 τοῦί
2440 604 2573 658 Υἱοῦ
2625 604 3001 675 διαφαίνεσθαι
3032 607 3217 674 φύσιν,
3257 606 3354 660 καὶ
3409 607 3471 660 ἑν
3512 611 3580 679 τῇ
3633 610 3718 663 τοῦ

2142 697 2481 767 γεννήματος
2535 697 2696 770 οὐσίᾳ
2731 698 2831 769 τήν
2874 697 2970 752 τοῦ
3001 695 3265 752 θεοῦ“καὶ
3325 698 3544 769 Πατρός
3601 701 3719 769 ὁρά-

2143 790 2269 844 σθαί
2307 807 2367 843 τε
2422 792 2519 845 καὶ
2577 791 2926 862 διαπρέπειν,
3005 791 3215 862 ὥσπερ·
3253 791 3468 861 ἀμέλει
3514 794 3610 846 καὶ
3666 794 3722 848 ἑν

2143 883 2255 945 τοῖς
2287 882 2406 935 καθ’
2443 884 2590 953 ἡμᾶς
2621 882 2894 955 θεωρήσαι
2916 900 3001 947 τις
3037 882 3124 936 ἄν.
3149 882 3224 937 Οὐ
3251 883 3363 953 γὰρ
3382 882 3564 955 ἑτεροι
3590 883 3721 937 κατά

2144 971 2309 1041 φύσιν
2342 972 2509 1043 ἐσμὲν
2540 972 2676 1043 πρὸς
2706 972 2773 1025 τὰ
2805 972 2866 1038 ἑξ
2894 972 3074 1025 αὐτῶν
3101 973 3444 1043 γεννήματα,
3477 972 3598 1026 οὔτε
3622 974 3721 1045 μὴν

2145 1066 2225 1128 είς
2240 1063 2629 1136 ἀλλοτριότητα
2663 1060 3001 1134 μεριζόμεθα
3026 1062 3284 1134 φυσικὴν,
3316 1063 3369 1116 εί
3393 1063 3492 1117 καὶ
3524 1067 3590 1135 τῇ
3619 1065 3721 1119 τῶν

2148 1157 2418 1226 σωμάτων
2439 1156 2720 1226 ἑτερότητι
2750 1155 3120 1225 διεστήκαμεν
3146 1169 3160 1184 ⁸
3197 1155 3391 1226 διόπερ
3426 1155 3525 1210 ἴδοι
3541 1172 3627 1220 τις
3659 1156 3721 1212 ἂν

2145 1250 2238 1302 τὸν
2264 1249 2533 1320 μακάριον
2568 1247 2821 1319 Ἀϐραὰμ
2877 1251 2906 1301 6
2967 1248 3062 1301 τὸν
3102 1248 3161 1313 ἑξ
3201 1248 3370 1302 αὐτοῦ
3402 1250 3725 1321 γεννηθέντα

2147 1343 2261 1395 υἱὸν
2292 1341 2579 1413 ἑωρακώς.
2618 1342 2760 1395 Ἀλλ’
2791 1342 2885 1395 ἐπὶ
2916 1341 3016 1412 μὲν
3037 1340 3347 1412 ἀνθρώπων
3376 1341 3538 1411 τυχὸν
3560 1343 3718 1412 πολλή

2146 1436 2232 1499 τίς
2265 1437 2409 1489 ἑστιν
2455 1437 2490 1507 ή
2544 1434 2800 1505 διακοπὴ,
2864 1435 3292 1506 συστελλομένου
3350 1435 3559 1507 τρόπον
3610 1436 3722 1489 τινὰ

2149 1530 2243 1582 καὶ
2264 1528 2674 1600 ἀναχωροῦντος
2716 1527 3169 1600 μεμορφωμένως
3229 1527 3464 1581 ἑκάστου
3499 1528 3631 1599 πρὸς
3666 1528 3722 1581 τὸ

2151 1623 2297 1686 ίδίως
2328 1620 2493 1692 ἔχειν,
2524 1622 2618 1675 καὶ
2643 1619 2950 1691 φαίνεσθαι,
2977 1620 3072 1674 καὶ
3114 1620 3217 1673 ούκ
3253 1604 3634 1689 ἐμπεφυκότος
3653 1619 3722 1691 τῷ

2084 1755 2124 1809 Β
2149 1719 2321 1790 ἑτέρῳ
2349 1714 2696 1788 σωματικῶς,
2721 1718 2770 1769 εἰ
2795 1716 2891 1769 καὶ
2913 1716 3091 1779 κοινὸς
3124 1715 3331 1769 ἅπασιν
3354 1718 3384 1768 ὁ
3413 1715 3513 1786 τῆς
3550 1715 3723 1779 οὐσίας

2147 1811 2322 1883 ὁρῷτο
2344 1810 2522 1879 λόγος.
2566 1808 2688 1862 Ἐπὶ
2715 1808 2772 1861 δὲ
2801 1806 2938 1863 Θεοῦ
2966 1807 3061 1861 τοῦ
3092 1808 3237 1863 κατὰ
3273 1808 3440 1879 φύσιν
3462 1810 3722 1879 ἐννοήσεις

2149 1905 2247 1975 οὐχ
2276 1902 2473 1967 οὕτως.
2517 1901 2852 1967 ’ἰδιαζόντως
2902 1900 3003 1970 μὲν
3028 1899 3139 1971 γὰρ
3171 1900 3368 1970 Πατήρ
3392 1900 3539 1954 ἑστίν
3565 1899 3594 1951 6
3624 1900 3724 1952 Πα-

2149 1998 2273 2068 τὴρ,
2306 1995 2400 2049 καὶ¹
2431 1995 2528 2065 οὐχ
2554 1995 2683 2055 Υἱός
2708 2011 2720 2025 ·
2756 1994 2851 2046 καὶ
2900 1992 3061 2047 πάλιν
3090 1992 3298 2061 ὁμοίως
3337 1992 3468 2056 Υἱὸς
3489 1993 3518 2044 ό
3554 1991 3610 2058 ἐξ
3637 1993 3723 2045 αύ-

2148 2087 2266 2151 τοῦ,
2295 2088 2387 2141 καὶ
2425 2088 2486 2139 ού
2550 2084 2760 2155 Πατὴρ,
2810 2083 2904 2137 καὶ
2943 2082 3167 2152 Πνεῦμα
3201 2082 3263 2136 τὸ
3301 2081 3528 2154 Πνεῦμα
3572 2081 3721 2145 ἰδίως.

2161 2181 2301 2236 Ἀλλ’
2342 2183 2422 2241 είς
2451 2180 2579 2251 μίαν
2644 2178 2901 2247 θεότητος
2959 2176 3122 2245 φύσιν
3176 2174 3470 2243 συνιούσης
3531 2190 3587 2227 τε
3639 2173 3725 2225 καὶ

2152 2269 2572 2343 σὺνειλεγμένης
2649 2270 2751 2340 τῆς
2807 2269 2965 2337 ἁγίας
3019 2269 3268 2339 Τριάδος,
3343 2262 3426 2332 εἷς
3492 2266 3621 2329 Θεὸς
3672 2267 3726 2335 ἐν

2150 2369 2303 2440 ἡμῖν,
2326 2366 2421 2419 καὶ
2442 2365 2542 2435 οὐχ
2565 2361 2858 2432 ὁλόκληρον
2899 2361 3118 2429 ἑκάστῳ
3168 2359 3278 2413 τῶν
3326 2358 3726 2430 σημαινομένων

2148 2457 2265 2525 δοίη
2294 2471 2378 2518 τις
2406 2452 2473 2507 ἂν
2503 2451 2616 2523 ’τὴν
2664 2453 2729 2505 ἑκ
2779 2448 2873 2504 τοῦ
2935 2450 3123 2522 ἑτέρου
3162 2449 3332 2519 τυχὸν
3363 2448 3724 2519 ἀποφοίτησιν,

2150 2549 2258 2604 οὐδ’
2284 2546 2631 2618 ἀναχωρήσει
2674 2542 2976 2607 παντελῶς,
3004 2544 3083 2604 εἱς
3131 2541 3193 2594 τδ
3215 2539 3363 2594 εἶναι
3406 2538 3727 2611 μεμερισμέ-

2150 2656 2288 2704 νως·
2318 2637 2435 2691 ἀλλ’
2496 2632 2634 2688 εἶναι
2698 2633 2797 2704 μὲν
2843 2632 3078 2686 ἑκαστον
3115 2630 3263 2685 τοῦθ’
3329 2632 3467 2702 ὅπερ
3509 2626 3729 2680 ἐστικαὶ

2151 2731 2573 2802 κατωνόμασται
2598 2728 2728 2799 παρ’
2770 2728 2903 2799 ἡμῖν
2969 2724 3367 2788 ίδιοσυστάτως
3397 2720 3727 2790 πιστεύομεν.

2163 2826 2258 2879 Ἐκ
2284 2824 2341 2877 δὲ
2363 2823 2458 2877 τοῦ
2480 2821 2693 2890 Πατρδς
2726 2819 2855 2873 ὅντα
2882 2819 2973 2873 τὸν
2999 2818 3145 2883 Υίὸν,
3182 2816 3340 2871 τοῦτ’
3358 2818 3523 2878 ἑστιν,
3560 2815 3621 2866 ἑκ
3647 2811 3731 2879 τῆς

2150 2916 2335 2980 οὐσίας
2362 2914 2549 2978 αὐτοῦ,
2600 2912 2660 2979 ἑξ
2705 2908 2872 2964 αὐτοῦ
2913 2926 2975 2963 τε
3018 2908 3321 2980 προελθεῖν·
3362 2908 3630 2980 ἀρρήτως,
3680 2905 3731 2955 ἐν

460 2999 573 3055 ritu
614 3008 833 3056 sancto.
868 2999 1023 3055 lianc
1049 3015 1153 3056 nos
1183 3000 1503 3072 dogmatum
1539 3012 1747 3059 rectam
1782 3008 2047 3064 rationem

2151 3009 2298 3080 αύτῷ
2319 3026 2379 3062 τε
2407 3007 2589 3077 μένειν
2629 3002 2939 3073 ἐννοοῦμεν.
2996 3000 3102 3055 Τὸν
3145 3000 3203 3054 δὲ
3232 3000 3302 3054 αὖ
3313 3001 3404 3055 τὸν
3428 2999 3621 3070 τρόπον
3645 2993 3725 3048 καὶ

462 3105 530 3147 ac
559 3092 851 3148 veritatem
895 3090 1088 3146 docuit
1122 3100 1448 3148 sanctorum
1487 3096 1716 3150 Patrum
1755 3098 2047 3168 sapientia,

2155 3100 2286 3172 περὶ
2311 3099 2406 3153 τοῦ
2438 3098 2597 3166 άγίου
2654 3088 2996 3165 Πνεύματος.
3034 3093 3192 3146 Ἔστι
3225 3093 3329 3164 μὲν
3358 3092 3467 3164 γὰρ
3506 3091 3567 3144 ἑκ
3602 3085 3723 3141 Θεοῦ

462 3196 672 3253 perque
703 3197 895 3237 sacras
931 3182 1255 3252 Scripturas
1282 3184 1462 3239 edocti
1494 3201 1687 3242 sumus
1717 3187 1795 3241 ita
1838 3189 2047 3245 Sentire

2151 3192 2247 3247 τοῦ
2275 3190 2418 3246 κατὰ
2437 3193 2601 3260 φύσιν
2630 3185 2869 3257 ἀληθῶς,
2928 3185 3043 3239 ἀλλ’
3073 3184 3378 3254 οὐδαμόθεν
3410 3177 3722 3256 μεμερισμέσ

461 3278 519 3327 et
554 3272 726 3344 loqui.
764 3271 923 3339 Quod
965 3280 1148 3328 autem
1184 3273 1253 3327 ad
1306 3273 1644 3347 inculpatam
1692 3278 1834 3333 hanc
1885 3281 2047 3337 ﬁdem

2151 3303 2242 3341 νον
2286 3284 2387 3352 τῆς
2433 3282 2621 3344 οὐσίας
2668 3278 2857 3343 αὐτοῦ,
2887 3277 3077 3350 προϊὸν
3123 3277 3179 3329 δὲ
3213 3278 3421 3346 μᾶλλον
3459 3274 3519 3341 ἑξ
3552 3267 3722 3332 αὐτοῦ,

462 3372 617 3437 recte
658 3365 1033 3436 procedimus,
1068 3365 1326 3421 ﬁduciam
1373 3376 1428 3423 et
1474 3368 1723 3424 animum
1783 3371 2047 3430 Dominus

2153 3375 2248 3429 καὶ
2271 3375 2329 3426 ὲν
2351 3371 2501 3440 αύτῴ
2536 3369 2698 3441 μένον
2731 3369 2842 3433 ἀεὶ,
2879 3366 3294 3439 χορηγούμενον
3320 3368 3380 3422 δὲ
3419 3370 3528 3429 τοῖς
3569 3363 3725 3432 ἁγίοις

465 3455 643 3522 addit,
692 3455 997 3528 inquiens:
1041 3475 1061 3510 ι
1109 3457 1332 3515 Credite
1366 3460 1493 3530 quia
1539 3476 1638 3532 ego
1672 3462 1729 3517 in
1766 3461 1953 3533 Patre,
1996 3473 2047 3522 et

2156 3463 2525 3538 διὰΧριστοῦ·
2558 3462 2740 3517 πάντα
2771 3461 2880 3533 γὰρ
2914 3462 2981 3515 δι’
3012 3461 3144 3515 Υίοῦ
3176 3462 3235 3514 ἑν
3261 3460 3544 3532 Πνεύματι
3581 3456 3723 3526 ἁγίῳ.

462 3549 627 3606 Pater
654 3549 712 3605 in
744 3565 851 3606 me.
894 3569 913 3602 ι

2166 3548 2386 3631 Ταύτην
2412 3558 2560 3637 ἡμᾶς
2580 3556 2679 3626 τὴν
2706 3552 2818 3607 τῶν
2866 3553 3158 3625 δογμάτων
3197 3553 3470 3624 ὀρθότητα
3499 3551 3591 3606 καὶ
3613 3547 3724 3617 ἀλή-

464 3646 618 3701 θειαν
661 3643 902 3711 ἐδίδαξεν
938 3645 973 3715 ή
1003 3644 1113 3698 τῶν
1152 3643 1325 3713 ἁγίων
1364 3645 1630 3718 Πατέρων
1677 3651 1891 3719 σύνεσις
1914 3674 1928 3687 ·
1966 3657 2111 3713 οὕτω
2145 3650 2569 3723 πεπαιδεύμεθα
2616 3648 2803 3702 λαλεῖν
2844 3665 2904 3700 τε
2939 3648 3032 3701 καὶ
3077 3649 3298 3719 φρονεῖν
3328 3646 3424 3701 καὶ
3460 3644 3524 3698 δι’
3565 3637 3727 3694 αὐτῶν

462 3736 574 3791 τῶν
621 3736 784 3810 ἱερῶν
822 3737 1199 3809 Γραμμάτων.
1229 3738 1354 3792 Ὅτι
1383 3738 1441 3792 δὲ
1483 3738 1607 3795 λίαν
1654 3742 1834 3813 ὀρθῶς
1869 3749 1965 3801 ἐπὶ
1998 3750 2207 3821 ταύτην
2250 3749 2375 3819 ἴμεν
2417 3743 2517 3815 τὴν
2556 3740 2908 3812 ἀλοιδόρητον
2948 3739 3159 3803 πίστιν,
3194 3735 3610 3810 παραθαρσύνει
3646 3725 3726 3779 λέ-

462 3850 579 3905 γων
614 3835 644 3888 ό
689 3832 894 3905 Κύριος
917 3849 931 3862 ο
973 3852 990 3885 ι
1027 3832 1343 3899 Πιστεύετε,
1374 3835 1458 3888 ὃτι
1506 3835 1619 3905 ἑγὼ
1657 3840 1718 3892 ἑν
1747 3840 1826 3912 τῷ
1856 3844 2058 3916 Πατρὶ,
2088 3848 2184 3903 καὶ
2205 3847 2233 3899 6
2255 3840 2448 3912 Πατὴρ
2482 3839 2541 3891 ἑν
2576 3837 2720 3908 ἐμοί,
2756 3855 2776 3887 ›

534 3922 677 3991 XIV,
713 3925 805 3979 11.
841 3925 1078 3997 Alioqui,
1121 3936 1336 3995 promer
1381 3944 1545 3997 opera
1589 3930 1705 3999 ipsa
1762 3934 1894 3989 mihi
1942 3953 2049 3991 cre-

461 4020 594 4076 dite.

532 4114 735 4186 Aperte
775 4114 863 4172 bis
899 4115 1088 4172 verbis
1118 4116 1194 4169 ait
1233 4130 1344 4193 qon
1382 4132 1445 4172 se
1484 4117 1761 4174 facturum
1805 4136 2047 4192 unquam

464 4208 640 4265 fuisse
669 4223 793 4279 qua:
812 4216 1026 4263 natura:
1045 4206 1248 4263 divina:
1276 4211 1665 4267 tantummodo
1686 4214 2050 4279 conveniunt,

463 4302 572 4359 nisi
624 4301 932 4359 secundum
983 4307 1241 4355 naturam
1291 4298 1439 4357 Deus
1485 4312 1654 4367 esset,
1685 4310 1744 4370 et
1784 4320 1853 4360 ex
1906 4305 2045 4375 ipsa.

464 4384 605 4474 Vide
624 4411 794 4467 porro
818 4401 1029 4467 quanta
1060 4408 1187 4449 cum
1223 4393 1559 4475 certitudine
1585 4404 1640 4449 et
1672 4396 1903 4452 veritate
1936 4397 2053 4453 haec

464 4486 636 4543 dicat.
667 4485 781 4543 Nec
810 4486 957 4542 enim
984 4498 1056 4540 ex
1087 4482 1158 4538 iis
1196 4496 1319 4552 quae
1348 4480 1485 4539 dicit
1531 4493 1749 4539 tantum
1789 4486 1896 4542 sibi
1928 4488 2054 4544 ﬁdei

465 4579 660 4637 haberi
705 4579 844 4644 vult,
873 4578 1004 4632 licet
1032 4574 1257 4631 mentiri
1303 4575 1540 4641 nesciat,
1581 4587 1852 4647 quantum
1881 4596 1949 4635 ex
1985 4582 2053 4638 iis
2087 4615 2133 4675 υ

464 4688 588 4743 qua:
632 4670 785 4729 facit.
815 4669 996 4736 Quam
1033 4668 1106 4724 ob
1150 4681 1400 4734 causam,
1442 4667 1644 4724 dicam.
1685 4666 2052 4731 Sermohibus

462 4764 612 4821 enim
653 4778 718 4819 ac
750 4761 934 4818 verbis
963 4761 1073 4817 Deo
1116 4759 1729 4833 convenientibus'uti,
1753 4780 1820 4822 ac
1844 4776 2053 4824 temere

463 4856 735 4914 nonnulla
772 4852 1079 4918 edundere,
1107 4850 1343 4919 furioso,
1365 4855 1601 4926 exempli
1632 4857 1834 4927 gratia,
1862 4873 1927 4913 ac
1955 4858 2050 4913 de-

463 4948 638 5006 menti
692 4962 806 5002 non
852 4952 941 5002 est
988 4943 1213 5000 diﬂicile
1244 4962 1258 5000 :
1291 4959 1456 5016 opere
1495 4960 1632 5002 vero
1668 4962 1733 5003 ac
1772 4956 2050 5020 potestate

462 5041 577 5096 Deo
608 5036 958 5096 convenienti
1005 5036 1135 5108 quis
1172 5043 1359 5092 utetur
1393 5040 1796 5108 unquamiaut
1824 5040 2048 5095 cuinam

461 5139 728 5190 creatura:
781 5144 937 5186 suam
986 5129 1216 5201 gloriam
1245 5126 1411 5185 Pater
1472 5129 1722 5186 tribuet?
1769 5131 2061 5202 Numquid-

459 5225 610 5282 enim
643 5221 740 5279 Dei
796 5221 1030 5294 gloriam
1086 5236 1212 5278 esse
1273 5220 1513 5276 dicimus
1556 5229 1759 5276 cuneta
1811 5220 2048 5279 faciendi

461 5316 765 5390 potentiam
793 5330 861 5372 ac
888 5315 1320 5385 virtutemque:
1350 5314 1405 5368 in
1440 5313 1592 5367 nulla
1626 5314 1860 5367 omnino
1892 5330 2051 5370 crea-

458 5419 585 5465 tura
613 5408 723 5466 sit?
766 5406 1263 5474 Quocirca,volens
1296 5404 1557 5460 Christus
1586 5407 1925 5463 necessariis
1986 5416 2041 5464 et

460 5501 684 5558 invictis
711 5498 1059 5570 argumentis
1106 5513 1173 5555 ac
1201 5496 1783 5554 demonstrationibus
1827 5515 1887 5554 se
1918 5516 2050 5570 pro-

460 5592 605 5660 bari,
633 5607 703 5648 ex
734 5590 999 5662 Operibus
1040 5589 1180 5660 ipsis
1209 5587 1359 5644 credi
1406 5588 1569 5657 jubet
1598 5591 1780 5661 ipsum
1822 5593 2047 5663 quidem

460 5698 587 5741 esse
613 5683 672 5738 in
700 5681 886 5749 Patre,
911 5664 978 5739 et,
996 5696 1198 5738 rursus
1240 5681 1298 5736 in
1346 5679 1533 5751 seipso
1565 5682 1770 5741 habere
1799 5674 2045 5755 Patrenf,

463 5774 573 5831 hoc
619 5782 709 5831 est
732 5770 915 5830 Patris
943 5781 1201 5830 naturam
1232 5769 1289 5826 in
1323 5769 1549 5841 pmpria
1586 5769 1730 5829 ferre
1770 5776 2044 5833 exsistcn-

2234 3936 2303 3989 Εί
2329 3932 2396 3986 δὲ
2406 3929 2515 4001 μὴ,
2549 3928 2646 3983 διὰ
2667 3928 2738 3982 τὰ
2763 3928 2907 3997 ἔργα
2932 3926 3086 3981 αὐτὰ
3114 3923 3431 3979 πιστεύετέ
3459 3936 3576 3991 μοι.

2236 4119 2545 4192 Διαρρήδην
2577 4113 2686 4184 γάρ
2714 4112 2774 4163 ἑν
2789 4106 3004 4169 τούτοις
3037 4104 3228 4174 φησὶν,
3251 4101 3330 4166 ὡς
3351 4097 3458 4154 οὐδ’
3484 4087 3728 4192 avg-iapyd-

2165 4181 2464 4281 cateo,'o'bd‘
2500 4181 2600 4262 ’ἂν
2655 4181 2913 4268 ἑξανύσαι
2969 4197 3193 4252 πώποτε
3247 4194 3320 4248 τὰ
3351 4193 3488 4265 μόνῃ
3517 4189 3581 4258 τῇ
3624 4181 3729 4281 θεία

2164 4271 2446 4380 πρέποντα
2496 4297 2678 4368 φύσει,
2710 4293 2786 4366 μὴ
2820 4290 2941 4363 οὐχὶ
2966 4288 3111 4345 κατὰ
3144 4286 3308 4380 φύσιν
3345 4283 3624 4380 ὑπάρχων.ἶ
3646 4271 3730 4380 καί

2154 4362 2432 4467 ιεἀῡτῆς.
2456 4362 2845 4460 ιςξιιδρεμὲψ
2891 4384 3023 4454 ὅσης
3061 4378 3366 4449 ἀσφαλείας
3394 4392 3454 4467 τε
3497 4362 3731 4467 ageam

2157 4452 2419 4561 άληθείάς
2448 4481 2518 4536 τὰ
2542 4452 2772 4534 τοιαῦτά
2818 4452 3004 4547 φησιν.
3035 4474 3111 4527 υύ
3146 4470 3255 4542 γὰρ
3283 4468 3344 4535 ἑξ
3394 4452 3468 4561 ὧν
3506 4465 3569 4561 ἂν
3596 4458 3731 4561 λέγοι

2157 4546 2411 4636 τοσοῦτον
2468 4574 2611 4641 ἀξιοῖ
2650 4567 3047 4633 πιστεύεσθαι,
3099 4564 3279 4619 καίτοι
3337 4556 3625 4632 ψεύδεσθαι
3666 4546 3732 4618 μὴ

2159 4673 2336 4736 εἰδὼς,
2365 4670 2491 4723 ὅσον
2542 4665 2603 4731 ἑξ
2653 4656 2729 4718 ὧν
2795 4662 3018 4732 ἐνεργῇ.
3062 4657 3177 4712 Καὶ
3213 4656 3303 4710 διὰ
3350 4653 3508 4709 ποίαν
3544 4642 3729 4736 αἰτίαν,

2161 4765 2292 4835 ἐρῶ.
2327 4734 2525 4831 γΔὸγοις
2582 4759 2684 4830 μὲν
2721 4755 2830 4827 γὰρ
2855 4752 2953 4807 καὶ⁵
2996 4752 3216 4842 ῥήμασιῄ
3242 4734 3730 4842 τοῖς-θεοπρεζπέῗιγ

2160 4832 2576 4927 ἀποκεχρῆσθαι
2603 4849 2790 4921 τυχὸν,
2813 4845 2906 4901 καί
2929 4862 2984 4898 τι
3002 4842 3110 4897 τῶν
3137 4836 3524 4914 ῥιψοκινδύνων
3549 4832 3728 4927 εἰπεῖν,

2159 4947 2314 5019 ἀνδρὶ
2340 4916 2800 5016 μαίνομένῳῃκαὶ
2860 4935 3236 5009 παραπαίοντι
3278 4916 3731 5019 χαλεπὸνᾼοῦδένς

2159 5008 2308 5110 ἔργω
2330 5008 2395 5107 γε
2566 5008 2659 5087 καλι
2685 5029 2917 5101 δυνάμει
2939 5008 3007 5099 τῇ
3056 5025 3377 5098 θεοπρεπεῖ,
3408 5019 3492 5082 τίς
3517 5014 3583 5069 ἂν

2160 5131 2312 5184 σαιτό
2329 5145 2459 5183 ποτε
2485 5145 2500 5195 ;
2526 5127 2799 5197 χαριεῖται
2831 5122 2889 5175 δὲ
2909 5119 3136 5175 τίνιτῶν
3176 5115 3452 5189 γεννητῶν
3476 5110 3576 5181 τὴν
3607 5101 3731 5159 ίδίαν

2156 5222 2315 5288 δόξαν
2345 5223 2375 5274 ό
2396 5219 2617 5289 Πατήρ,
2647 5217 2717 5268 Ἢ
2748 5213 2857 5284 γὰρ
2888 5213 3010 5284 οὐχὶ
3037 5211 3174 5266 Θεοῦ
3199 5210 3357 5278 δόξαν
3403 5202 3538 5259 εἷναί
3565 5207 3729 5289 φαμεν

2157 5315 2221 5368 τὸ
2265 5315 2455 5383 πάντα
2507 5309 2767 5364 δύνασθαι
2800 5308 2952 5377 δρᾷν,
3000 5305 3095 5359 καὶ
3151 5297 3553 5373 παντουργικὴν
3599 5288 3728 5383 ξᾏειν

2163 5377 2340 5476 ἰσχύν,
2386 5402 2563 5456 οὐδενί
2609 5418 2673 5470 γε
2732 5399 2838 5471 μὴν
2868 5397 3041 5468 ἑτέρῳ
3068 5386 3374 5467 προσεῖναι,
3398 5388 3474 5460 τῷ
3500 5402 3556 5440 τε
3603 5377 3726 5485 ὅλως

2156 5494 2611 5568 ἑναριθμουμὲνῳ
2631 5495 2747 5556 τοῖς
2769 5493 3095 5562 κτίσμασιν;
3121 5485 3332 5542 Οὐκοῦν
3356 5484 3414 5546 ἑξ
3430 5480 3724 5568 an???”

2160 5606 2221 5644 τε
2247 5564 2385 5659 όμοῦ
2414 5564 2509 5642 καὶ
2540 5564 2955 5657 ἀναντιῤῥήτων
3006 5577 3334 5645 ἀποδείξεων
3362 5575 3431 5628 τὰ
3463 5566 3579 5624 καθ’
3602 5564 3721 5659 ζέαν-

2157 5680 2250 5736 τὸν
2274 5649 2668 5751 δοκιμάζεσθαι
2723 5649 3050 5750 βουλόμενος
3087 5676 3116 5728 ὁ
3165 5669 3417 5745 Χριστὸς,
3471 5659 3527 5725 ἐξ
3558 5649 3721 5751 utﬁt?”

2159 5773 2371 5830 κελεύει
2399 5771 2751 5828 πιστεύεσθαι
2785 5770 2894 5824 τῶν
2927 5768 3123 5841 ἔργων,
3155 5766 3229 5831 ὡς
3255 5761 3336 5832 εἴη
3368 5757 3463 5830 μὲν
3492 5746 3642 5809 αὐτδς
3666 5742 3717 5792 ἐν
