4006 6422
271 321 382 379 217

1334 318 1400 375 ΙΝ
1439 315 1730 376 JOANNIS
1762 312 2221 372 EVANGELIUM
2255 312 2382 370 LIB.
2416 312 2507 368 IX.

3414 258 3422 264 ’
3456 298 3565 357 εις

271 434 474 506 Πατρὶ,
510 433 627 506 ἔχει
649 434 708 488 δέ
741 428 810 490 αὖ
835 436 998 490 πάλιν
1030 437 1088 490 ἐν
1106 433 1283 507 ἐαυτῷ
1306 437 1399 491 τὸν
1440 435 1684 508 Πατέρα,
1721 432 1866 487 τοῦτ’

1977 432 2072 499 tia,
2122 441 2182 489 ut
2213 432 2308 502 qui
2345 430 2419 488 sit
2448 443 2578 485 vera
2618 442 2684 483 ac
2736 423 2983 498 legitima
3011 420 3215 493 proles,
3249 427 3310 475 ut
3343 417 3569 508 fructus
3617 496 3620 501 ἢ

267 527 409 591 ἔστι,
437 527 539 596 τὴν
558 527 656 582 τοῦ
692 528 907 601 Πατρὸς
925 528 1086 599 φύσιν
1107 530 1166 583 ἐν
1191 529 1427 602 ὑπάρξει
1456 531 1523 599 τῇ
1550 528 1659 600 ἰδίᾳ
1688 527 1865 598 φορεῖ,

264 620 343 683 ὡς
380 619 609 689 γνήσιον
653 619 923 692 γέννημα,
976 620 1055 685 ὡς
1104 619 1315 692 καρπὸς
1344 618 1582 691 ἀληθῶς,
1628 619 1704 682 ὡς
1740 618 1869 681 Υἱὸς

178 724 187 733 ·
262 712 329 764 ἐκ
358 712 578 783 Πατρδς
608 713 869 783 πεφηνὼς
911 713 1178 784 φυσικῶς.
1242 712 1383 767 Ἀλλ’
1416 714 1450 785 ἠ
1493 712 1594 784 μὲν
1634 710 1866 780 Ἐκκλη-

263 804 359 857 σία
411 804 514 859 τοῦ
571 804 843 876 Χριστοῦ,
890 807 1071 861 καίτοι
1115 805 1235 861 λίαν
1271 805 1592 877 ἐπαυχοῦσα
1639 806 1709 876 τῇ
1759 803 1868 856 τῶν

262 890 561 962 δογμάτων
615 891 891 965 ὀρθότητι,
946 892 1205 965 τοιαύτην
1259 893 1374 964 ἔχει
1419 893 1517 964 τὴν
1546 893 1704 959 δόξαν
1738 891 1871 963 περὶ

262 982 359 1037 τοῦ
418 985 765 1054 Μονογενοῦς
788 1003 802 1017 ·
856 988 967 1050 τοῖς
991 1003 1057 1056 γε
1090 984 1198 1057 μὴν
1252 984 1544 1056 θεομάχοις
1570 984 1868 1054 αἱρετικοῖς

264 1076 486 1146 ἑτεροῖα
522 1074 773 1147 παρέστη
829 1079 1068 1148 φρονεῖν,
1105 1074 1421 1129 ἀναπείθειν
1466 1074 1593 1136 τοὺς
1615 1073 1728 1137 τοῖς
1750 1071 1868 1124 ὀλε-

263 1163 443 1236 θρίοις
465 1163 651 1218 αὐτῶν
681 1164 1010 1237 προσιόντας
1040 1181 1098 1219 τε
1127 1165 1221 1218 καὶ
1272 1163 1644 1236 προσέχοντας
1664 1162 1864 1232 λόγοις.

274 1255 715 1322 Ἐπιλυττῶντες
742 1257 854 1331 γὰρ
900 1260 1023 1321 ταῖς
1073 1257 1216 1312 κατά
1260 1256 1499 1328 Χριστοῦ
1554 1254 1867 1327 λοιδορίαις,

262 1347 675 1417 φιλονεικοῦσιν
704 1350 755 1402 οί
782 1348 1025 1413 δείλαιοι,
1059 1348 1154 1403 καὶ
1179 1347 1537 1403 κατανοοῦσιν
1562 1346 1673 1420 [ἷσ.
1701 1362 1873 1400 κατα-

262 1440 528 1515 κονῶσιν]
579 1441 867 1514 ἀλλήλους,
898 1442 1000 1496 οὑκ
1042 1442 1120 1507 είς
1178 1439 1530 1514 παροξυσμὸν
1563 1439 1868 1503 εὐσεϐείας,

259 1533 387 1588 ἀλλ’
414 1534 483 1587 ἶν’
507 1534 868 1605 ἀσεϐέστερος
915 1536 1107 1608 ἐτέρου
1153 1535 1330 1607 ὁρῷτο
1362 1534 1473 1588 δεῖν
1524 1533 1737 1605 ἕτερος,
1782 1534 1872 1586 καὶ

261 1624 569 1694 φθέγξαιτό
617 1644 670 1679 τι
731 1626 842 1681 τῶν
888 1627 1308 1699 ἀπηχεστέρων.
1358 1624 1578 1696 Ἐπειδὴ
1622 1625 1733 1696 γάρ
1778 1623 1870 1678 τὸν

258 1719 331 1771 ὲκ
365 1718 623 1789 Σοδόμων
649 1706 896 1774 πίνουσιν
928 1716 1091 1783 οΈνον,
1125 1720 1219 1775 καὶ
1248 1719 1451 1792 πικρὰν
1480 1720 1545 1773 ἐκ
1581 1719 1870 1791 Γομόρρας

257 1811 518 1883 τρυγῶσι
553 1813 835 1886 σταφυλὴν
866 1815 948 1886 (οὐ
976 1815 1087 1887 γὰρ
1139 1816 1204 1869 ἐκ
1252 1814 1398 1869 θείου
1423 1813 1669 1885 δέχονται
1694 1813 1870 1867 Πνεύ-

264 1921 448 1974 ματος
476 1906 548 1960 τὰ
602 1908 689 1959 ἐπ’
733 1906 883 1979 αὐτῷ
935 1906 1290 1980 θεωρήματα,
1328 1908 1451 1962 οὐδὲ
1495 1908 1554 1975 ἐξ
1593 1908 1873 1961 ἀποκαλύ-

257 1996 419 2065 ψεως
460 1997 563 2066 τῆς
596 1997 695 2050 τοῦ
741 1999 984 2069 Πατρὸς,
1042 1999 1157 2052 ἀλλ’
1198 2000 1264 2052 ἐκ
1291 1999 1391 2069 τῆς
1439 1996 1533 2051 τοῦ
1573 1997 1868 2066 δράκοντος

261 2088 563 2159 κεφαλῆς),
613 2083 787 2143 οὐδέν’
835 2090 934 2160 μὲν
983 2089 1244 2161 φρονοῦσι
1284 2089 1391 2142 τῶν
1418 2088 1650 2160 ἐχόντων
1675 2087 1866 2156 ὑγιῶς,

257 2179 460 2232 ἐκεῖνα
493 2180 553 2233 δέ
582 2179 857 2249 λέγουσιν,
899 2182 936 2235 ὃ.
983 2182 1082 2246 τὰς
1138 2181 1248 2235 τῶν
1279 2181 1649 2252 ἀκροωμένων
1679 2178 1869 2235 ταλαιτ

258 2271 494 2346 πώρους
548 2273 841 2342 ἀποφαίνει
878 2274 1079 2346 ψυχὰς,
1120 2276 1255 2345 πρὸς
1289 2274 1422 2345 ᾅδην
1474 2274 1644 2336 αὐτὲις
1699 2290 1867 2325 κατα-

257 2364 608 2436 κομίζοντα,
680 2366 777 2420 καί¹
813 2369 895 2432 εἰς
954 2368 1014 2420 τὸ
1085 2365 1238 2420 κάτω
1304 2364 1606 2437 βάραθρον.
1681 2363 1868 2417 Ταῦτα

258 2455 364 2511 καὶ
393 2455 628 2525 βιϐλίοις
678 2457 914 2512 ἐνθεῖναι
959 2459 1350 2529 τολμήσαντες,
1374 2457 1644 2511 ἀθάνατον
1678 2456 1870 2528 ὥσπερ

259 2548 369 2620 τὴν
410 2550 644 2603 ἐνοῦσαν
697 2536 882 2615 αὐτοῖς
936 2552 1319 2622 ἁνεστῆλωσαν
1376 2550 1664 2622 πονηρίαν.
1720 2549 1871 2604 Ἔδει

264 2641 373 2713 μὲν
396 2638 496 2695 οὖν
528 2643 680 2712 ἡμᾶς
734 2642 976 2714 διαρκῶς
1020 2643 1316 2716 εἰρηκότας
1352 2645 1430 2706 εἰς
1457 2642 1518 2696 τὸ
1572 2640 1873 2714 προκείμε-

259 2751 379 2799 νον,
435 2733 584 2804 ἅπερ
636 2730 704 2806 ἦν
727 2735 876 2799 εἰκὸς
896 2735 1127 2805 ὠφελεῖν
1167 2735 1428 2789 δύνασθαι
1468 2734 1593 2797 τοὺς
1622 2733 1870 2799 ἐντευξο-

263 2825 495 2896 μένους,
520 2827 823 2899 ὀρθοτάτην
843 2828 1038 2899 ἒχοντα
1066 2829 1163 2899 τὴν
1204 2828 1298 2880 ἐπὶ
1326 2826 1404 2898 τῷ
1440 2824 1555 2897 Υἱῷ
1594 2825 1867 2897 διάληψιν,

265 2918 554 2989 μηδεμίαν
591 2920 704 2972 τῶν
753 2922 886 2993 παρ’
933 2920 1165 2983 ἐκείνοις
1220 2914 1556 2991 ποιήσασθαι
1623 2920 1866 2990 μνήμην.

276 3011 506 3082 Ἐπειδὴ
531 3010 592 3065 δὲ
623 3012 855 3076 ἀπεικὸς
886 3013 1039 3067 οὐδὲν
1062 3017 1177 3076 τοῖς
1216 3013 1420 3077 ἀθλίοις
1458 3012 1682 3066 ἐκείνων
1717 3029 1872 3083 περι-

1972 539 2125 591 vere,
2167 531 2230 578 ut
2282 522 2456 578 Filius
2500 536 2569 578 ex
2619 518 2780 575 Patre
2840 515 3166 572 naturaliter
3218 510 3420 567 editus.
3454 506 3560 564 Sed

1970 616 2177 674 Christi
2208 616 2435 687 quidem
2471 612 2727 669 Ecclesia
2759 624 2883 682 quae
2922 607 3239 679 dogmatum
3271 601 3436 673 785
3475 616 3562 654 re—

1918 735 1925 741 -
1971 708 2248 765 ctitudiue
2296 707 2572 778 imprimis
2621 703 2916 776 gloriatur,
2947 699 3111 755 talem
3157 696 3225 751 de
3268 692 3565 764 Uuigenilo

1972 799 2303 856 sententiam
2340 798 2508 854 habet
2539 816 2553 852 :
2582 796 2679 853 Dei
2706 802 2890 850 autem
2926 793 3114 848 hostes
3148 784 3395 843 haeretici
3426 798 3564 837 con—

1969 893 2144 949 traria
2194 890 2447 948 sentiunt
2497 900 2558 946 et
2604 887 2880 944 instillant
2933 882 3263 955 perniciosae
3312 891 3428 932 suae
3466 875 3567 931 do-

1971 987 2168 1044 ctrina:
2214 983 2528 1055 discipulis.
2572 980 2857 1038 Conviciis
2886 977 3036 1035 enim
3093 974 3367 1030 adversus
3406 969 3566 1025 (thri-

1971 1089 2118 1138 stum
2151 1079 2208 1134 in
2240 1078 2450 1132 rabiem
2474 1076 2585 1132 acti
2613 1088 2811 1146 magno
2837 1069 3024 1127 studio
3055 1067 3113 1122 in
3147 1066 3203 1122 id
3234 1063 3565 1120 incumbunt

1971 1171 2188 1237 miseri,
2221 1170 2475 1239 aliusque
2510 1168 2681 1221 alium
2718 1164 2890 1227 acuit,
2928 1177 3037 1216 non
3086 1165 3145 1214 ut
3197 1156 3263 1212 ad
3298 1157 3575 1229 pietatem

1971 1281 2032 1323 se
2066 1270 2392 1336 provocent,
2426 1261 2524 1317 sed
2563 1268 2626 1316 ut
2668 1259 2810 1314 alter
2852 1257 3087 1310 alterum
3140 1248 3427 1321 impietate
3467 1260 3564 1301 sn-

1972 1371 2170 1429 perare
2225 1362 2281 1412 et
2345 1352 2557 1425 aliquid
2614 1349 2875 1422 proferre
2930 1344 3186 1401 videatur
3238 1336 3561 1395 absurdius.

1970 1447 2111 1503 Nam
2156 1461 2283 1502 cum
2312 1446 2501 1501 vinum
2545 1443 2916 1499 Sodomorum
2972 1436 3076 1507 ipsi
3126 1432 3344 1497 bibant,
3394 1436 3564 1498 atque
3623 1499 3632 1507 ε

1972 1538 2230 1593 acerbam
2261 1551 2422 1591 uvam
2465 1533 2793 1592 Gomorrhae
2823 1527 3172 1585 vindemient
3202 1523 3225 1555 ⁸
3252 1523 3378 1594 (nec
3413 1519 3559 1575 enim

1972 1645 2040 1686 ex
2074 1628 2264 1685 divino
2295 1627 2503 1699 Spiritu
2533 1627 2816 1708 accipiunt
2843 1638 2965 1696 quae
2995 1622 3066 1678 de
3097 1634 3165 1675 eo
3197 1617 3419 1677 docent,

1975 1735 2043 1776 ex
2073 1719 2409 1776 revelatione
2423 1718 2627 1784 Patris,
2660 1703 2757 1773 sed
2782 1734 2849 1773 ex
2879 1715 3062 1785 capite
3097 1708 3402 1774 draconis),
3422 1703 3562 1759 nihil

1975 1812 2199 1883 quidem
2234 1812 2356 1868 sani
2391 1811 2663 1874 sentiunt,
2705 1809 2799 1865 sed
2850 1822 2913 1863 ea
2948 1808 3212 1875 loquntur
3241 1813 3366 1871 quae
3395 1796 3564 1851 mise-

1973 1905 2180 1961 rabiles
2212 1904 2525 1959 auditorum
2574 1902 2791 1956 animas
2831 1898 3098 1962 reddunt,
3129 1908 3223 1950 eas
3257 1892 3326 1946 ad
3355 1888 3562 1943 inferos
3644 1954 3645 1957 η

1975 2010 2031 2059 et
2084 1999 2333 2054 intimum
2368 1994 2691 2052 barathrum
2724 1989 3101 2048 detrudentia.
3141 1985 3275 2053 Qua:
3307 1991 3363 2038 et
3401 1978 3562 2035 libris

1976 2091 2243 2148 mandare
2268 2090 2386 2146 ausi
2426 2097 2580 2152 sunt,
2606 2093 2662 2142 et
2689 2082 2993 2154 nequitiam
3029 2094 3187 2136 suam
3214 2085 3479 2144 tanquam
3505 2069 3559 2123 in

1973 2185 2139 2255 cippo
2181 2183 2247 2238 ad
2292 2179 2764 2237 immortalitatem
2817 2176 3197 2244 sculpserunt.
3235 2167 3300 2222 Et
3332 2163 3564 2221 decebat

1973 2276 2197 2349 quidem
2234 2288 2339 2329 nos
2378 2271 2645 2344 expositis
2694 2269 2748 2322 in
2801 2267 2949 2322 hunc
2981 2266 3164 2320 locum
3216 2269 3565 2329 quaecunque

1972 2348 2276 2434 lectoribus
2306 2366 2373 2421 ad
2404 2374 2558 2422 recte
2579 2362 2932 2421 sentiendum
2967 2358 3036 2414 de
3077 2353 3219 2409 Filio
3245 2348 3562 2425 conducere

1972 2461 2326 2523 videbantur,
2361 2459 2571 2514 nullam
2603 2455 2991 2513 haereticorum
3023 2448 3346 2519 dogmatum
3387 2440 3566 2494 facere

1976 2554 2337 2610 mentionem.
2371 2551 2476 2607 Sed
2529 2566 2655 2606 eum
2705 2547 2927 2605 miseris
2973 2556 3168 2600 eorum
3211 2532 3589 2594 sermonibus
3644 2566 3655 2571 -

1977 2647 2346 2719 simpliciores
2378 2644 2629 2700 nonnulli
2647 2631 3416 2719 abripiantur,necessariump
3428 2624 3565 2719 duxi

1976 2716 2227 2794 veritatis
2263 2734 2538 2807 dogmatis
2560 2733 2761 2789 noxias
2811 2730 3034 2786 illorum
3061 2737 3240 2795 nugas
3272 2716 3565 2788 repellere,

1978 2835 2033 2885 et
2071 2828 2380 2884 calumnias
2442 2841 2583 2899 quas
2618 2823 2875 2895 allingere
2916 2820 3113 2875 volunt
3144 2814 3308 2879 Filio,
3349 2812 3480 2872 imo,
3506 2813 3569 2862 ut

1977 2919 2165 2975 verius
2194 2919 2398 2984 dicam,
2426 2917 2527 2973 toti
2560 2924 2773 2971 natura:
2796 2913 3020 2978 divinae,
3049 2910 3245 2965 inanes
3280 2918 3347 2958 ac
3378 2900 3569 2957 futiles
3650 2954 3659 2959 .

1979 3014 2275 3069 ostendere

265 3104 538 3176 τυχόντας
598 3105 808 3175 ῥήμασι
867 3106 1288 3178 συναρπαγῆναι
1333 3106 1441 3159 τῶν
1485 3105 1872 3177 ἁπλουστέρων
1907 3106 1987 3169 είς
2008 3105 2227 3161 σύνεσίν
2259 3124 2436 3171 τινας,
2467 3105 2769 3173 ἀναγκαῖον
2799 3098 2988 3171 ᾠήθην
3017 3096 3135 3158 τοῖς
3187 3089 3250 3157 ἐξ
3307 3085 3571 3157 ἀληθείας

267 3197 510 3266 δὸγμασι
539 3194 625 3249 τά.
652 3195 717 3248 ἐκ
740 3198 842 3266 τῆς
874 3177 1099 3252 ἐκείνων
1128 3195 1399 3267 φλυαρίας
1447 3195 1877 3268 διακρούσασθαι
1918 3195 2115 3268 βλάϐη,
2170 3194 2581 3267 εὐανάτρεπτόν
2624 3210 2686 3246 τε
2748 3186 3015 3253 ἐπιδεῖξαι
3045 3185 3143 3256 τὴν
3181 3177 3570 3250 συκοφαντίαν,

267 3287 337 3358 ἢν
352 3286 716 3358 ἐπιτειχίζειν
749 3286 1032 3359 βούλονται
1080 3286 1160 3357 τῷ
1197 3286 1332 3357 Υίῷ,
1369 3286 1569 3356 μᾶλλον
1606 3285 1663 3339 δὲ
1693 3284 1791 3356 ὅλῃ
1820 3287 1885 3356 τῇ
1922 3285 2043 3359 θείᾳ
2073 3286 2269 3356 φύσει·
2294 3285 2455 3341 τοῦτο
2484 3286 2596 3356 γάρ
2636 3284 2815 3338 εἰπεῖν
2859 3278 3244 3349 ἀληθέστερον.
3473 3270 3479 3275 ’

338 3381 652 3453 Τοιγαροῦν
692 3382 944 3454 ἐνέτυχον
976 3381 1165 3453 βιϐλίῳ
1193 3381 1301 3437 τῶν
1340 3381 1407 3435 δι’
1443 3380 1714 3444 ἐναντίας
1750 3376 1873 3434 εἶτα

2051 3383 2110 3437 In
2148 3399 2348 3441 manus
2398 3383 2586 3454 itaque
2631 3379 2767 3435 mihi
2814 3377 2967 3434 venit
3018 3371 3463 3431 adversariorum
3502 3367 3574 3422 li-

269 3474 336 3528 τά
362 3474 425 3528 ἐν
446 3474 529 3543 τῷ
559 3474 913 3546 προκειμένῳ
940 3473 1090 3547 ρητῷ
1123 3471 1550 3545 διερευνώμενος
1574 3513 1590 3537 ,
1620 3469 1876 3542 εὕρισκον

212 3637 221 3643 .
268 3568 365 3620 ἐπὶ
413 3566 621 3632 λέξεως
667 3568 862 3637 αὐτῆς,
896 3566 1040 3620 οὕτω
1072 3566 1303 3635 λέγοντα
1333 3565 1454 3637 μεθ’
1499 3564 1666 3638 ἕτερά
1715 3579 1872 3617 τινασ

280 3658 341 3711 '0
382 3657 570 3711 τοίνυν
597 3657 728 3722 Υἱὸς
753 3659 1028 3722 οὐσιωδῶς
1072 3658 1461 3729 περιεχόμενος
1496 3655 1601 3710 ὑπὸ
1633 3654 1728 3709 τοῦ
1763 3656 1877 3708 Πα-

268 3751 419 3821 τρὺς,
449 3751 545 3805 τὸν
583 3752 808 3825 Πατέρα
833 3753 891 3805 ἐν
921 3751 1102 3823 ἐαυτῷ
1125 3751 1346 3822 έχει,τὰ
1380 3754 1601 3825 ῥήματα
1642 3754 1876 3826 φθεγγό-

274 3859 436 3913 μενον
484 3845 583 3897 καὶ
614 3844 681 3897 τὰ
718 3846 923 3914 σημεῖα
964 3842 1322 3898 ἐπιτελοῦντα
1343 3861 1357 3874 ·
1390 3844 1527 3917 ὅπερ
1560 3847 1874 3920 ἑρμηνεύει,

269 3935 450 4004 λέγων
478 3953 492 3965 ·
534 3955 554 3987 ι
600 3937 668 3990 'A
697 3935 810 4005 ἐγὼ
856 3935 1002 3989 λαλῶ
1035 3935 1186 4015 ὑμῖν,
1223 3936 1319 3989 ἀπῗ
1343 3937 1587 4015 ἐμαυτοῦ
1614 3939 1677 3993 οὐ
1708 3941 1876 4006 λαλῶ,

269 4032 299 4083 ὁ
330 4029 392 4085 δὲ
444 4030 661 4101 Πατὴρι
691 4030 904 4101 ἐνλέμοὶ
934 4013 1119 4099 μένων
1144 4032 1292 4083 ποιεῖ
1331 4030 1400 4084 τά
1424 4013 1585 4103 ἓέργα
1620 4032 1803 4097 αὑτός.
1852 4051 1873 4086 ι

270 4122 446 4178 Ταυτὶ
477 4124 581 4195 τῆς
619 4125 834 4178 ἐκείνου
870 4123 1164 4196 τερθρείας
1195 4122 1266 4178 τὰ
1302 4125 1528 4196 ῥήματα
1550 4141 1563 4155 ο
1596 4125 1787 4194 ἐπειδὴ
1821 4126 1879 4191 δέ

271 4216 379 4289 χρὴ
411 4219 514 4272 καὶ
543 4218 694 4290 ἡμᾶς
720 4217 900 4270 εἰπεῖν
931 4215 995 4270 τὸ
1016 4219 1131 4281 τοῖς
1165 4216 1480 4288 εἰρημένοις
1499 4218 1877 4284 ἀντιστᾳτοῦν,

273 4308 371 4362 καὶ
415 4307 682 4379 ἀδόκιμοί
727 4306 859 4361 ὄντα
904 4307 996 4361 τὸν
1040 4307 1165 4361 νοῦν
1212 4308 1512 4380 διελέγχειν
1559 4308 1876 4380 δυνάμενον,

273 4398 457 4454 ἐκεῖνό
493 4414 681 4471 φημι]
720 4398 795 4452 Τὸ
823 4397 924 4469 μὲν
975 4394 1070 4453 οὖν
1102 4399 1379 4464 οὑσιωδῶς
1413 4401 1769 4473 περιέχεσθαι
1795 4402 1883 4457 λέ-

272 4507 395 4560 γειν
418 4491 517 4545 τὸν
534 4491 667 4546 Υίὸν
696 4491 803 4546 ὑπὸ
834 4486 931 4545 τοῦ
961 4491 1196 4564 Πατρὸς,
1223 4493 1253 4545 ὅ
1282 4492 1480 4548 τίποτε
1507 4494 1618 4565 ἄρα
1646 4492 1815 4561 ἐστὶν,
1845 4493 1880 4567 ἢ

272 4583 328 4636 τί
350 4584 467 4654 ἄρα
515 4581 690 4652 δηλοῖ,
718 4582 780 4635 οὐ
814 4581 1023 4654 σφόδρα
1058 4583 1284 4655 συνίημι
1305 4599 1319 4613 ⁸
1351 4584 1549 4655 χρῆναι
1582 4585 1692 4657 γὰρ
1728 4580 1881 4655 οἶμαι

272 4675 335 4729 τὸ
384 4675 592 4746 ἀληθὲς
650 4678 830 4731 είπεῖν
877 4696 891 4710 ·
926 4677 1199 4748 τοσαύτην
1268 4675 1383 4748 ἔχει
1442 4677 1541 4749 τὴν
1585 4677 1880 4746 ἀσάφειαν.

1980 3477 2112 3543 ber;
2159 3492 2401 3548 cumque
2442 3475 2551 3532 loci
2585 3472 2857 3547 propositi
2884 3483 3113 3527 sensum
3164 3469 3572 3537 perscrutarcr,

1981 3567 2163 3623 inveni
2200 3576 2328 3639 post
2360 3567 2472 3622 alia
2501 3566 2755 3638 quaedam
2784 3564 2862 3618 ita
2899 3562 3170 3633 scriptum
3206 3556 3275 3611 ad
3306 3553 3570 3609 verbum:

1980 3657 2156 3716 Filius
2183 3674 2318 3730 ergo
2355 3658 2804 3716 substantialiter
2841 3659 3144 3711 contentus
3178 3663 3209 3703 a
3248 3645 3439 3709 Patre,
3466 3641 3573 3697 Pa-

1983 3761 2119 3807 trem
2154 3752 2210 3807 in
2244 3753 2433 3824 seipso
2458 3752 2732 3817 continet,
2764 3749 2931 3806 verba
2972 3747 3293 3816 loquentem
3330 3749 3383 3794 et
3414 3737 3574 3808 signa

1980 3853 2334 3915 peragentem
2361 3861 2376 3898 :
2403 3842 2553 3914 quod
2584 3842 2988 3913 interpretatur
3013 3836 3242 3891 dicens:
3267 3848 3285 3882 ι
3317 3828 3450 3905 Quae
3470 3840 3575 3896 ego

1982 3934 2180 4003 loquor
2204 3934 2384 4000 vobis,
2432 3949 2464 3988 a
2497 3933 2714 4004 meipso
2745 3946 2856 3987 non
2903 3929 3124 3998 loquor,
3158 3922 3254 3981 sed
3304 3920 3471 3984 Pater
3516 3918 3572 3974 in

1980 4040 2069 4081 me
2100 4040 2353 4091 manens,
2383 4026 2500 4096 ipse
2527 4024 2661 4080 facit
2689 4038 2879 4094 opera.
2920 4021 3114 4075 illaec
3142 4017 3221 4072 illi
3254 4019 3572 4087 nugantur;

1980 4134 2173 4174 verum
2210 4120 2341 4190 quia
2365 4134 2596 4175 necesse
2627 4127 2712 4174 est
2740 4130 2844 4172 nos
2876 4115 2985 4169 illis
3024 4114 3313 4173 resistere,
3346 4120 3449 4161 nec
3477 4118 3572 4160 ve-

1981 4226 2105 4267 rum
2159 4225 2225 4266 ac
2259 4225 2582 4282 germanum
2631 4223 2759 4266 esse
2806 4207 2961 4263 illum
2994 4217 3222 4261 sensum
3253 4197 3574 4259 ostendere,

1981 4304 2222 4376 primum
2259 4302 2388 4358 dico
2425 4317 2534 4369 me,
2584 4309 2650 4356 ut
2687 4315 2819 4357 vere
2850 4299 3073 4370 loquar,
3123 4291 3270 4349 haud
3301 4288 3443 4346 satis
3480 4301 3576 4342 ca.

1982 4411 2115 4467 pere
2146 4396 2278 4467 quid
2322 4394 2432 4452 sibi
2477 4394 2611 4451 velit
2639 4393 2790 4465 quod
2831 4391 2988 4447 aiunt
3018 4384 3296 4444 contineri
3330 4397 3360 4437 a
3413 4380 3580 4435 Patre

1984 4476 2226 4553 Filium,
2264 4496 2481 4544 tantum
2523 4488 2579 4543 in
2613 4503 2674 4543 se
2717 4482 3079 4544 obscuritatis
3126 4480 3314 4563 habet.
3361 4474 3579 4529 Erube-

1985 4582 2091 4639 s'cit
2119 4582 2292 4647 enim,
2319 4597 2383 4637 ac
2410 4581 2663 4638 tenebris
2683 4575 3097 4651 quodammodo
3120 4562 3433 4627 oll'uuditur
3455 4562 3583 4637 pro-

1984 4675 2188 4748 positio
2234 4676 2489 4732 libertate
2525 4689 2718 4730 vacua.
2769 4666 3247 4738 Quemadmodum
3281 4662 3432 4719 enim
3487 4658 3582 4729 qui

286 4768 557 4839 Ἑρυθριᾷ
580 4770 694 4841 γὰρ
728 4769 940 4841 ὥσπερ,
970 4773 1066 4826 καὶ
1107 4770 1457 4826 συστέλλεται
1497 4788 1616 4834 πως
1658 4771 1798 4842 πρὸς
1823 4769 1873 4823 τὲ

1987 4772 2131 4828 male
2161 4770 2294 4841 agit,
2312 4768 2431 4825 odit
2457 4768 2662 4835 lucem,
2687 4766 2856 4839 786
2874 4778 2979 4820 nec
3003 4760 3157 4819 venit
3186 4758 3253 4815 ad
3279 4758 3485 4820 lucem,
3515 4769 3586 4808 ne

274 4860 653 4932 ἀφανέστερον
684 4863 1005 4934 παρρησίαν
1042 4863 1144 4918 οὐκ
1176 4862 1301 4935 ἕχον
1334 4864 1396 4917 τὸ
1434 4860 1722 4935 θεώρημα.
1754 4863 1882 4915 Ὠσ-

277 4970 382 5025 ςερ
412 4952 530 5024 γὰρ
565 4955 596 5006 ὁ
638 4953 710 5007 τὰ
739 4954 923 5024 φαῦλα
949 4955 1213 5027 πράσσων
1249 4958 1399 5029 μισεῖ
1425 4955 1486 5009 τὸ
1516 4955 1633 5022 φῶς
1659 4956 1756 5010 καὶ
1776 4955 1881 5008 οὐκ

278 5044 503 5115 ἔρχεται
551 5045 692 5115 πρὸς
721 5046 786 5100 τὸ
809 5047 950 5117 φῶς,
983 5048 1072 5103 ἵνα
1103 5050 1180 5120 μὴ
1215 5048 1473 5121 ἐλεγχθῇ,
1501 5048 1643 5102 κατὰ
1665 5047 1762 5119 τὴν
1787 5046 1882 5102 τοῦ

280 5137 542 5207 Σωτῆρος
566 5141 754 5211 φωνήν
774 5156 789 5171 ⁸
813 5138 959 5195 οὕτω
979 5143 1088 5205 πᾶς
1114 5141 1296 5213 λόγος,
1323 5145 1351 5196 ὁ
1387 5142 1458 5196 τὰ
1482 5142 1665 5213 φαῦλα
1684 5142 1881 5213 δηλῶν,

280 5228 367 5284 διὰ
404 5231 704 5286 σκοτεινῶν
745 5233 966 5287 ἐννοιῶν
1004 5233 1261 5306 ἔρχεσθαι
1309 5235 1474 5305 φιλεῖ,
1524 5234 1618 5288 καὶ
1657 5235 1795 5307 πρὸς
1823 5235 1887 5287 τὸ

283 5322 597 5392 σαφηνείας
644 5325 743 5395 οὐχ
809 5326 931 5397 ἥξει
960 5326 1098 5395 φῶς,
1157 5327 1245 5379 ἵνα
1271 5327 1346 5397 μὴ
1376 5327 1609 5399 ἐλεγχθῇ
1642 5327 1744 5398 τῆς
1795 5329 1884 5380 ἐν·

281 5410 450 5484 ούσης
477 5414 1004 5488 αὐτῷβαθρότητος
1026 5419 1061 5487 ἡ
1086 5416 1354 5471 εὐτέλεια.
1397 5418 1464 5472 Τί
1500 5414 1594 5474 οῦν
1623 5419 1732 5491 ἀρα
1769 5418 1887 5472 ἐστὶ

281 5504 344 5556 τὸ
372 5504 656 5570 ούσιωδῶς
695 5506 1054 5579 περιέχεσθαι
1083 5508 1176 5561 τὸν
1198 5507 1327 5562 Υίὺν
1358 5508 1464 5562 ὑπὸ
1494 5508 1589 5564 τοῦ
1632 5509 1885 5576 [ἰατρόςς

287 5595 438 5670 Ἰημι
463 5596 580 5671 γὰρ
610 5597 678 5670 δὴ
708 5599 775 5653 δι’
801 5599 1013 5664 ἐννοίας
1048 5600 1290 5671 ἁπάσης,
1324 5594 1521 5673 οἷσπερ
1549 5601 1616 5656 ἂν
1641 5601 1887 5672 δύνωμαι

354 5767 374 5799 ⁵
413 5775 580 5832 Deut.
635 5792 807 5845 nulla,
841 5776 929 5832 3‘2.
1038 5779 1056 5809 ⁵
1092 5778 1255 5833 Joan.
1294 5794 1389 5846 ιιι,
1425 5779 1513 5833 20.

1989 4865 2379 4936 redarguatur,
2405 4863 2566 4934 juxta
2601 4859 2918 4916 Servatoris
2946 4871 3154 4914 vocem.
3177 4853 3198 4886 ⁸
3226 4872 3240 4909 :
3285 4851 3368 4908 sic
3396 4848 3585 4905 omnis
3661 4845 3667 4850 ’

1990 4957 2169 5014 oratio
2217 4972 2340 5028 quae
2394 4955 2538 5009 mala
2591 4954 2868 5025 designat,
2901 4965 2998 5021 per
3029 4947 3362 5005 tenebrosos
3411 4938 3581 4996 animi

1991 5059 2295 5122 conceptus
2346 5050 2428 5105 ire
2481 5048 2643 5113 solet,
2678 5061 2782 5102 nec
2827 5045 2894 5101 ad
2949 5036 3362 5114 explanationis
3396 5035 3581 5090 lucem
3658 5088 3661 5093 ι

1993 5142 2257 5215 prodibit,
2313 5156 2385 5197 ne
2438 5140 2589 5197 illius
2634 5137 2817 5195 caries
2866 5140 2932 5190 a'c
2980 5132 3242 5189 debilitas
3293 5132 3580 5215 arguatur.

1995 5213 2139 5305 Quid
2165 5250 2299 5307 ergo
2322 5242 2410 5292 est
2439 5230 2892 5291 substantialiter
2923 5224 3199 5283 contineri
3239 5238 3268 5275 a
3304 5218 3466 5273 Patre
3494 5213 3585 5268 Fi-

1995 5329 2172 5404 lium?
2213 5328 2424 5384 Cuncta
2475 5326 2623 5382 enim
2676 5318 3022 5394 perscrutari
3049 5317 3228 5388 juvat,
3280 5316 3335 5366 et
3378 5307 3585 5404 quibus

1998 5401 2221 5493 possum
2251 5418 2568 5474 rationibus
2607 5416 2889 5486 explicare
2929 5410 3078 5483 quod
3109 5408 3348 5464 obscure
3372 5401 3583 5457 dictum
3628 5488 3635 5495 κ

1996 5520 2105 5575 est,
2134 5508 2395 5580 quodque
2429 5506 2621 5561 forsan
2649 5500 2935 5559 erubescit
2978 5512 3049 5553 ne
3099 5496 3287 5550 animo
3331 5502 3586 5560 compre-

1998 5602 2252 5665 hensum,
2291 5600 2411 5671 ejus
2460 5613 2489 5652 ιι
2537 5610 2646 5666 quo
2677 5594 2889 5651 editum
2913 5597 3005 5648 est‘
3031 5586 3304 5645 insaniam
3352 5585 3583 5653 retegat.
