4006 6418
480 296 586 353 219

1478 309 1537 367 S.
1579 311 1863 367 CYRlLLl
1895 311 2362 372 ALEXANDRINI
2403 322 2722 381 ARCHIEP.
2810 341 2821 353 '

3642 344 3743 397 9.20

477 414 537 471 Si
567 394 698 489 ergo
731 418 1005 490 signiﬁcat
1027 420 1227 480 Filium
1262 426 1315 481 in
1344 429 1522 485 Patris
1550 432 1883 498 substantia,
1924 443 2035 489 tan-

2150 434 2500 494 διαπτύσσων
2518 440 2699 512 λόγοις
2724 445 2783 498 τὸ
2816 446 3074 523 ἀμυδρῶς
3104 451 3413 522 εἰρημένον,
3470 456 3565 509 καὶ
3620 458 3741 512 δυσ-

476 525 641 579 quam
694 513 746 567 ei
801 515 1362 587 consubstantialem,
1415 523 1619 580 habere
1673 534 1729 581 et
1771 528 1825 582 in
1871 530 2056 600 seipso

477 600 694 658 Patrem
726 605 782 658 in
813 603 936 661 Filii
968 617 1168 665 natura
1213 613 1656 684 prmlulgeutem,
1692 634 1791 674 nos
1830 621 1880 675 ei
1919 638 2057 691 quo-

474 708 587 763 que
613 696 942 766 expositioni
984 701 1444 771 astipulabimur:
1485 709 1629 776 quod
1661 716 1843 765 tamen
1873 714 2055 767 conti-

475 782 596 838 neri
626 782 800 841 Filius
835 787 1064 854 dicitur,
1095 805 1206 848 non
1234 794 1591 853 mediocriter
1616 799 1804 857 forsan
1836 819 1939 860 nos
1979 806 2058 860 of-

477 872 731 929 fenderit.
785 878 880 933 Sin
928 888 1113 936 autem
1153 884 1302 941 istud
1346 902 1456 942 non
1505 890 1581 945 ait
1642 896 1765 962 (nec
1794 897 1938 950 enim
1988 914 2055 953 ex

474 963 639 1020 Patre
664 969 911 1037 genitum
947 987 1072 1028 esse
1114 974 1316 1031 Filium
1351 995 1594 1049 unquam
1633 984 1910 1050 admittet,
1956 992 2054 1059 qui

472 1061 683 1109 tantam
737 1058 792 1111 in
831 1074 955 1114 eum
1006 1062 1406 1134 blasphemiam
1459 1074 1727 1141 evomuit,
1780 1077 1877 1131 sed
1927 1058 2053 1134 Filii

470 1152 726 1200 naturam
767 1151 934 1205 veluti
970 1168 1175 1225 corpus
1222 1159 1501 1229 quoddam
1548 1164 1761 1221 finitum
1793 1184 1823 1223 a
1874 1169 2054 1227 Patris

468 1243 665 1290 natura
690 1253 816 1293 esse
842 1245 1326 1315 comprehensam,
1362 1254 1607 1325 asserit),
1632 1259 1908 1326 quomodo
1944 1277 2053 1318 non

468 1334 656 1394 aperta
689 1334 767 1383 uti
816 1332 1160 1403 blasphemia
1202 1354 1545 1422 summeque
1593 1346 1883 1405 dementia:
1932 1353 2051 1422 ple-

469 1433 575 1475 nus
594 1435 724 1476 esse
749 1427 1050 1496 arguetur?
1073 1427 1208 1483 Nam
1234 1446 1360 1486 cum
1393 1416 1555 1491 iidem
1591 1438 1697 1508 ipsi
1730 1439 1897 1495 Deum
1926 1458 2052 1499 esse

468 1509 896 1580 dicantFilium,
920 1522 1285 1590 proprietates
1311 1532 1496 1581 tamen
1523 1543 1813 1599 corporum
1842 1532 1891 1586 ei
1921 1548 2053 1602 prm-

465 1611 550 1657 ter
583 1606 851 1663 rationem
882 1609 1143 1682 attingere
1172 1624 1452 1675 conantur
1482 1635 1495 1672 :
1534 1623 1681 1690 quod
1710 1623 1858 1677 enim
1892 1640 2051 1681 men-

464 1708 596 1748 sura
645 1704 741 1750 aut
787 1700 970 1769 spatio
1007 1711 1063 1758 et
1113 1706 1402 1764 intervallo
1449 1711 1945 1782 circumscribitur,
1974 1718 2048 1771 ita

462 1793 525 1840 ut
557 1800 588 1840 a
629 1789 906 1861 principio
928 1796 1167 1863 quodam
1213 1800 1530 1856 inchoatum
1572 1805 1773 1860 alicubi
1810 1779 2047 1874 desinat,
2078 1779 2123 1834 Β

466 1877 658 1948 utique
699 1890 755 1936 et
794 1899 919 1939 esse
955 1887 1005 1940 in
1050 1888 1192 1954 loco,
1224 1898 1284 1945 et
1321 1895 1644 1961 quantitate,
1676 1906 1725 1953 et
1766 1897 1964 1964 forma,
1996 1909 2050 1956 et

466 1971 638 2042 ﬁgura
669 1978 960 2047 suscipiet.
997 1984 1066 2035 At
1097 1986 1380 2052 quomodo
1412 1986 1520 2041 ista
1539 2003 1648 2044 non
1685 2000 1818 2047 sunt
1851 2008 2048 2064 corpo-

458 2077 580 2118 rum
610 2069 867 2138 propria?
893 2076 1170 2142 quomodo
1195 2093 1301 2133 non
1328 2080 1639 2147 nobiscum,
1657 2090 1846 2153 utpote
1871 2087 2042 2141 nostri

456 2157 681 2224 similis,
715 2162 807 2231 qui
857 2179 1025 2236 supra
1077 2184 1177 2225 nos
1208 2180 1317 2232 est.
1347 2175 1712 2230 censebitur?
1762 2185 1858 2231 aut
1906 2195 2045 2249 quo—

457 2249 624 2305 modo
669 2255 827 2310 alteri
876 2269 1148 2316 creaturae
1189 2274 1489 2333 germanus
1537 2283 1650 2322 non
1680 2270 1806 2334 erit,
1834 2271 1926 2339 qui
1961 2272 2045 2326 ni-

454 2339 573 2397 hilo
618 2346 743 2414 plus
792 2349 956 2405 lzabet
1005 2370 1168 2422 quam
1194 2357 1327 2421 "illa,
1360 2366 1635 2429 quatenus
1666 2363 1925 2417 nimirum
1958 2374 2043 2420 est

456 2432 652 2491 ﬁnita?
691 2439 829 2494 Cum
862 2454 1046 2499 autem
1089 2447 1163 2500 ita
1199 2464 1258 2504 se
1294 2450 1515 2516 habeat,
1558 2461 1619 2507 ut
1649 2456 1816 2510 stulte
1847 2458 2040 2512 adver-

451 2524 589 2578 sarii
623 2527 730 2582 sibi
771 2534 1130 2600 persuadent,
1163 2553 1264 2592 cur
1291 2538 1497 2595 frustra
1542 2559 1644 2598 nos
1688 2547 2038 2602 terrebatdi-

450 2632 620 2675 cens:
665 2639 684 2674 ι
729 2621 839 2679 Vos
888 2626 958 2681 de
1004 2627 1270 2685 deorsum
1327 2635 1485 2699 estis,
1524 2651 1626 2706 ego
1665 2653 1733 2692 ex
1776 2641 2039 2709 supernis

446 2724 611 2781 sum;
644 2731 666 2767 ι
696 2724 752 2769 et
778 2733 1015 2775 rursus:
1049 2739 1068 2773 ‹
1108 2720 1219 2778 Vos
1245 2723 1314 2779 de
1343 2726 1446 2779 hoc
1487 2728 1696 2782 mundo
1722 2730 1865 2785 estis
1892 2750 1905 2784 :
1935 2744 2038 2801 ego

445 2818 559 2858 non
593 2822 716 2862 sum
750 2808 820 2864 de
847 2810 953 2867 hoc
986 2816 1194 2870 mundo
1230 2815 1289 2868 σί
1326 2837 1345 2870 ι
1384 2818 1524 2873 Nam
1572 2836 1698 2875 cum
1729 2838 1793 2877 ex
1845 2839 2039 2893 supero

444 2893 537 2951 nis
568 2895 811 2968 seipsum
848 2917 973 2958 esse
994 2903 1233 2970 diceret,
1262 2924 1372 2962 non
1402 2910 1729 2981 simpliciter
1756 2915 2038 2983 significa-

445 2985 543 3042 bat
566 3004 633 3045 ex
660 2993 854 3048 ccelis:
889 2997 1019 3064 quid
1055 2999 1199 3052 enim
1237 3006 1613 3073 praerogativae
1655 3008 1778 3075 plus
1808 3008 2035 3063 haberet

440 3096 612 3152 quam
650 3088 827 3139 sancti
861 3089 1065 3159 angeli,
1094 3092 1370 3161 siquidem
1403 3103 1457 3150 et
1484 3113 1547 3151 ex
1597 3102 1859 3168 supernis
1905 3103 2031 3159 illos
2061 3130 2103 3189 α

442 3187 570 3230 esse
592 3179 988 3245 comperimus,
1017 3182 1063 3235 si
1098 3184 1312 3239 ratione
1338 3186 1442 3241 loci
1480 3189 1531 3243 id
1564 3192 1908 3261 accipiatur?
1935 3194 2030 3249 sed

443 3263 725 3332 signiﬁcat
753 3283 818 3322 ex
853 3283 1110 3339 superna,
1130 3282 1185 3328 et
1217 3291 1337 3344 qum
1362 3294 1532 3349 supra
1556 3284 1816 3337 universa
1838 3294 2031 3339 evecta

440 3364 550 3422 est,
583 3356 896 3414 substantia
931 3363 1203 3432 genitum.
1245 3366 1541 3431 Quomodo
1586 3386 1720 3440 ergo
1768 3387 1897 3445 yere
1932 3373 2030 3429 de-

440 3462 594 3503 mum
634 3449 782 3521 loqui
814 3452 1053 3516 videtur,
1082 3457 1127 3511 si
1157 3460 1529 3529 proprietates
1567 3477 1866 3533 corporum
1899 3480 2029 3520 cum

440 3541 714 3597 creaturis
756 3543 880 3598 aliis
925 3559 1249 3604 communes
1276 3549 1469 3617 habet,
1504 3560 1560 3608 et
1602 3556 1835 3625 perinde
1864 3573 1930 3614 ac
1966 3573 2030 3615 ea

440 3648 566 3702 quae
596 3650 628 3690 e
658 3635 831 3691 nihilo
861 3638 1132 3706 producta
1171 3653 1302 3697 sunt
1335 3644 1386 3697 in
1418 3654 1601 3699 ortum
1634 3662 1663 3699 a
1704 3647 1863 3704 Patre
1890 3666 2030 3707 eon-

437 3724 694 3779 tinetur?
734 3725 1022 3798 Siquidem
1053 3738 1206 3786 extra
1242 3747 1368 3787 eum
1414 3733 1550 3787 nihil
1577 3736 1745 3807 787
1790 3754 1914 3796 esse
1945 3740 2027 3795 fa-

435 3816 701 3875 tebimur.
755 3820 822 3876 Et
880 3821 999 3891 ipse
1056 3823 1285 3893 quidem
1345 3823 1562 3883 Psaltes
1624 3828 1845 3889 divinus
1896 3850 2026 3890 vera

435 3915 666 3971 omnino
721 3925 777 3971 et
838 3919 1099 3974 abstrusa
1152 3923 1419 3991 mysteria
1480 3924 1714 3995 loquens
1780 3930 1838 3999 in
1898 3930 2023 4001 Spi-

434 4006 573 4072 ritu,
621 4006 819 4062 Filium
859 4011 992 4064 nulli
1031 4012 1155 4065 loco
1193 4012 1388 4069 deesse
1430 4015 1525 4082 ait,
1564 4034 1661 4088 per
1686 4021 1792 4076 hoc
1822 4024 2025 4078 testim

437 4113 574 4155 cans
611 4101 1001 4171 incorporeum
1024 4111 1083 4158 et
1125 4104 1674 4180 incircumscriptnm
1718 4129 1842 4169 eu-m
1874 4131 2021 4180 esse,

434 4204 536 4245 nec
577 4191 701 4246 loco
738 4195 1161 4264 comprehendi,
1199 4205 1389 4263 utpote
1428 4200 1627 4259 Deum.
1664 4225 1687 4257 1
1722 4207 1848 4274 Quo
1873 4210 2020 4263 enim

432 4281 525 4336 ibo
550 4298 581 4338 a
615 4282 826 4355 Spiritu
864 4287 1006 4341 tuo?
1045 4295 1244 4358 et‘quo
1274 4305 1303 4344 a
1351 4292 1491 4350 facie
1525 4304 1619 4351 tua
1668 4298 1918 4371 fugiam?
1962 4300 2021 4356 Si

431 4375 735 4431 ascendere
771 4377 826 4431 in
860 4380 1084 4445 emtum,
1126 4389 1183 4435 tu
1220 4383 1334 4440 illic
1363 4401 1425 4442 es
1453 4407 1467 4453 ;
1506 4391 1560 4444 si
1591 4391 1932 4449 descendere
1965 4393 2020 4448 in

2160 529 2488 602 ωπούμενον
2514 536 2658 606 τάχα
2696 539 2771 608 μὴ
2811 540 2905 593 καὶ⁵
2937 541 3043 612 ἄρα
3068 544 3256 612 νοηθὲν
3287 546 3610 623 ἀποκαλύψῃ
3644 555 3742 624 τὴν

2157 621 2253 674 τοῦ
2283 625 2532 690 τεκόντος
2558 628 2689 681 αὐτὸ
2722 629 3063 687 δυσϐουλίαν.
3088 634 3151 687 Εἰ
3178 635 3277 705 μὲν
3306 632 3400 690 οὖν
3432 640 3590 692 τοῦτο
3621 642 3743 712 βού·

2157 712 2307 766 λεται
2342 715 2646 786 δηλοῦν,ὠς
2685 722 2741 775 ὲν
2764 726 2828 793 τῇ
2866 723 2960 777 τοῦ
2988 726 3202 797 Πατρὸς
3231 728 3390 801 οὐσίᾳ
3421 730 3741 804 (ῥαινόμενος

2156 805 2185 857 ὁ
2226 805 2386 889 Υἱὸς,
2408 807 2485 872 ὡς
2523 810 2804 881 ὀμοούσιος
2832 815 3012 888 αὐτῷ,
3041 816 3152 888 ἔχει
3175 819 3268 872 καὶ
3289 821 3453 885 αὐτὸς
3480 824 3539 876 ἐν
3565 826 3741 897 ἑαυτῷ

2155 896 2248 950 τὸν
2281 882 2502 970 Πατέρα
2534 902 2596 955 ἐν
2627 907 2690 974 τῇ
2717 904 2811 957 τοῦ
2843 882 3186 978 γεννήματος
3216 909 3376 979 φύσει
3409 882 3588 976 καλῶς
3626 882 3740 969 διαἰ

2156 989 2461 1063 λάμποντα,
2495 995 2879 1067 συναινέσομεν
2898 999 3013 1079 ’καὶ
3038 1001 3199 1079 ἡμεῖς
3245 1003 3325 1066 είς
3355 1002 3450 1073 τὴν
3484 1004 3575 1058 τοῦ
3601 1005 3740 1059 θεω-

2158 1083 2224 1152 ρή
2235 1099 2402 1151 ματος
2432 1084 2661 1155 δύναμιν
2688 1104 2701 1119 ·
2726 1088 2786 1140 οὑ
2832 1075 3068 1160 μετρίως
3092 1092 3136 1145 δ’
3155 1075 3228 1146 ’ἂν
3274 1094 3528 1166 ἀδικῆσαι
3570 1096 3737 1167 τυχὸν

2153 1172 2215 1226 τὸ
2241 1174 2339 1244 τῆς
2358 1177 2622 1247 περιοχῆς
2653 1177 2824 1250 ὄνομα
2849 1181 3102 1252 κείμενον
3126 1184 3209 1252 ἐφ’
3232 1184 3367 1254 Υἰῷ.
3395 1186 3459 1239 El
3489 1186 3547 1240 δὲ
3579 1189 3740 1242 τοῦτο

2157 1264 2261 1334 μὲν
2286 1263 2347 1317 οὒ
2393 1285 2557 1337 φησιν
2603 1267 2688 1339 (οὐ
2713 1270 2822 1343 γὰρ
2852 1272 2916 1324 ἐκ
2942 1273 3040 1343 τῆς
3064 1274 3250 1336 οὐσίας
3270 1275 3365 1328 τοῦ
3398 1278 3610 1349 Πατρός
3643 1296 3736 1346 γε·

2153 1356 2446 1426 γεννῆσθαί
2502 1375 2631 1411 ποτε
2687 1363 3046 1432 παραδέξεται
3085 1366 3178 1420 τὸν
3230 1366 3359 1420 Υἱδν
3406 1369 3435 1420 ὁ
3483 1370 3740 1440 τοιαύτην

2152 1448 2359 1518 ὲμέσας
2415 1450 2535 1502 κατ’
2570 1450 2734 1505 αὐτοῦ
2777 1452 3107 1526 δυσφημίαν,
3151 1456 3342 1528 ὥσπερ
3385 1459 3442 1511 δέ
3486 1476 3540 1512 τι
3576 1459 3738 1529 σῶμα

2154 1540 2571 1609 πεπερασμένον
2609 1539 2707 1611 τὴν
2750 1541 2844 1595 τοῦ
2898 1542 3031 1597 Υἱοῦ
3073 1545 3235 1614 φύσιν
3272 1548 3737 1619 ὲμπεριειλῆφθαι

2150 1632 2217 1700 τῇ
2254 1628 2349 1683 τοῦ
2388 1630 2598 1701 Πατρὺς
2629 1632 3065 1705 διῖσχυρίζεται),
3103 1638 3222 1702 πῶς
3254 1638 3355 1693 οὐκ
3383 1639 3450 1693 ἂν
3499 1641 3746 1709 ἀναφαν-

2149 1720 2239 1773 δὸν
2282 1720 2564 1791 δυσφήσας
2605 1724 3010 1799 [δυσφημήσας]
3042 1725 3332 1793 ἁλώσεται,
3370 1729 3464 1781 καὶ
3514 1731 3614 1800 τῆς
3663 1731 3747 1792 είς

2160 1816 2327 1887 ἄκρον
2380 1817 2620 1891 ἡκούσης
2668 1818 3093 1888 φρενοϐλαϐείας
3142 1818 3427 1882 ἀνάπλεως
3468 1818 3582 1885 div;
3630 1822 3748 1875 Καὶ

2158 1909 2313 1963 αὐτοὶ
2354 1909 2462 1984 γὰρ
2496 1911 2627 1965 Θεὸν
2667 1908 2806 1966 εἶναι
2835 1912 3086 1979 λέγοντες
3117 1910 3208 1964 τὸν
3250 1912 3399 1977 Υίὸν,
3439 1913 3507 1965 τὰ
3553 1916 3747 1984 σωμά-

2154 2019 2261 2055 των
2281 2002 2389 2055 ἴδια
2420 2003 2756 2074 προσάπτειν
2807 2002 2955 2073 αὐτῷ
3002 2000 3331 2072 παραλόγως
3364 2003 3743 2076 ἐπιχειροῦσιο
3784 2066 3789 2071 λ

2151 2091 2213 2143 τὸ
2241 2089 2350 2162 γὰρ
2377 2091 2514 2154 ὅλως
2549 2091 2892 2163 περιορισμῷ
2925 2110 3031 2145 τινι
3064 2094 3157 2147 καὶ
3189 2093 3374 2164 μέτρῳ
3405 2094 3747 2165 περισχοινί-

2153 2181 2341 2244 ζεσθαι
2367 2181 2444 2254 τῷ
2471 2184 2747 2254 νοουμένῳ
2775 2185 2916 2238 κατὰ
2944 2184 3247 2248 διάστασιν,
3268 2185 3344 2249 ὡς
3386 2187 3479 2240 καὶ
3512 2186 3619 2240 ἀπό
3651 2204 3743 2240 τι-

2150 2291 2242 2335 νος
2263 2273 2439 2344 ἀρχῆς
2462 2275 2796 2345 καταλήγειν
2838 2276 2919 2338 είς
2950 2276 3145 2346 πέρας,
3186 2278 3406 2340 πάντως
3431 2277 3746 2343 ὲπιδέξαιτο

2148 2364 2243 2417 καὶ
2270 2363 2331 2417 τὸ
2359 2361 2499 2417 εἷναι
2526 2364 2685 2434 τυχὸν
2723 2366 2782 2417 ὲν
2809 2364 2976 2436 τόπῳ,
3003 2366 3099 2419 καὶ
3125 2366 3299 2436 ποσῷ,
3335 2368 3427 2419 καὶ
3456 2367 3605 2431 εῖδει,
3644 2370 3748 2423 καὶ

2150 2454 2550 2528 σχήματι.Είτα
2580 2458 2773 2522 πῶςού
2803 2458 3072 2530 σωμάτων
3097 2459 3205 2514 ἴδια
3232 2460 3391 2513 ταυτί
3412 2478 3426 2527 ;
3446 2460 3563 2523 πῶς
3593 2462 3655 2516 δὲ
3676 2464 3742 2516 οὐ

2150 2547 2269 2616 μεθ’
2308 2548 2487 2618 ἡμῶν,
2521 2549 2596 2612 ὡς
2621 2550 2746 2603 καθ’
2780 2551 2991 2620 ἡμᾶς,ὁ
3021 2550 3162 2620 ὑπὲρ
3178 2552 3325 2621 ἡμᾶς
3359 2552 3692 2623 νοηθήσεται
3725 2570 3747 2618 ;

2145 2638 2178 2707 ἢ
2213 2637 2331 2701 πῶς
2387 2641 2488 2693 οὐκ
2523 2639 2751 2709 ἀδελφὸς
2782 2643 2848 2712 τῇ
2902 2641 3066 2711 ἑτέρᾳ
3105 2641 3324 2707 κτίσει,
3362 2641 3549 2696 λοιπὸν
3582 2642 3744 2697 οὐδὲν

2144 2729 2283 2801 ἔχων
2324 2732 2454 2802 παρ’
2490 2732 2660 2804 αὐτὴν
2703 2732 2767 2786 τὸ
2800 2733 2986 2798 πλέον,
3036 2734 3162 2787 ὅσον
3196 2729 3334 2806 ἧκεν
3363 2735 3539 2787 εἰπεῖν
3565 2735 3647 2797 είς
3675 2736 3744 2788 τὸ

2142 2814 2282 2873 εἶναι
2334 2820 2797 2892 πεπερασμένως;
2827 2823 3008 2893 "Eximi
3054 2822 3113 2876 δὲ
3156 2822 3304 2877 οὕτω
3350 2824 3495 2877 κατά
3532 2840 3598 2892 γε
3634 2824 3747 2897 τὴν

2141 2909 2331 2981 ἅμαθῆ
2363 2911 2475 2965 τῶν
2523 2912 2590 2965 δι’
2622 2913 2871 2978 ἐναντίας
2926 2914 3201 2979 ὑπόνοιαν,
3247 2915 3301 2968 τί
3350 2917 3531 2987 μάτην
3584 2919 3742 2988 ἡμᾶς

2142 3005 2512 3075 προσεκτύπει
2570 3005 2744 3074 λέγων
2769 3023 2784 3039 ο
2816 3026 2835 3059 ι
2893 3008 3082 3077 Ὑμεῖς
3124 3009 3188 3061 ὲκ
3218 3007 3329 3062 τῶν
3375 3010 3531 3062 κάτω
3580 3011 3738 3079 ἐστὶ,

2140 3099 2251 3168 ἐγὼ
2280 3101 2344 3153 ὲκ
2382 3099 2490 3154 τῶν
2524 3100 2637 3155 ἄνω
2670 3101 2818 3171 εἰμίς
2862 3120 2881 3153 ι
2916 3102 3026 3155 Καὶ
3056 3101 3240 3155 πάλιν·
3275 3102 3509 3174 (Ὑμεῖς
3537 3105 3603 3156 ἐκ
3635 3104 3739 3159 τοῦ

2135 3192 2342 3263 κόσμου
2391 3192 2583 3246 τούτου
2615 3192 2740 3246 ἐστέ
2774 3209 2789 3225 ·
2828 3192 2940 3261 ἐγὼ
2986 3194 3084 3247 οὐκ
3116 3193 3232 3265 εἰμὶ
3266 3195 3330 3247 ὲκ
3369 3194 3463 3248 τοῦ
3520 3197 3739 3268 κόσμου

2135 3286 2343 3341 τούτου.
2398 3306 2415 3339 t
2485 3286 2725 3340 Ἀνωθεν
2789 3286 2899 3358 γὰρ
2953 3287 3146 3340 ἑαυτὸν
3195 3281 3339 3341 εἶναι
3386 3287 3598 3357 λέγων,
3624 3289 3735 3362 οὐχ

2136 3378 2322 3443 ἁπλῶς
2365 3378 2552 3449 ἐδήλου
2611 3378 2673 3432 τὸ
2709 3379 2770 3445 ἐξ
2802 3380 3088 3451 οὐρανῶν·
3127 3380 3180 3434 τί
3230 3381 3343 3453 γᾲρ
3391 3379 3459 3434 ἂν
3512 3380 3625 3452 ἔχοι
3665 3381 3736 3435 τὸ

2134 3472 2317 3526 πλεῖον
2369 3472 2522 3545 παρὰ
2568 3475 2696 3537 τοὺς
2746 3473 2939 3542 ἁγίους
2986 3473 3274 3542 ἀγγέλους,
3306 3473 3469 3545 εἴπερ
3517 3472 3733 3527 ἄνωθεν

2133 3563 2423 3628 κάκείνους
2476 3564 2635 3628 ὄντας
2689 3565 3034 3636 εὑρήσομεν,
3067 3564 3312 3628 τοπικῶς
3356 3563 3732 3634 έκληφθέντος

2130 3655 2224 3708 τοῦ
2257 3656 2659 3726 σημαινομένου
2689 3670 2704 3721 ;
2748 3656 3005 3727 σημαίνει
3043 3654 3101 3708 δὲ
3140 3655 3221 3708 ὅτι
3256 3656 3358 3727 τῆς
3384 3655 3601 3709 ἄνωθεν
3629 3655 3731 3707 καὶ

2129 3749 2229 3820 τῆς
2278 3750 2391 3812 τοῖς
2420 3749 2563 3812 ὀλοις
2593 3747 2969 3818 ὲποχουμένης
3018 3746 3211 3809 οὐσίας
3234 3746 3417 3815 ἐξέφυ.
3449 3745 3577 3809 Πῶς
3626 3741 3729 3799 οὖν

2131 3839 2336 3911 ἀληθὴς
2360 3838 2718 3908 ἀναφαίνεται
2743 3839 2953 3902 λοιπὸν,
2974 3840 3022 3892 εί
3047 3839 3202 3892 κοινὰ
3236 3837 3373 3907 πρὸς
3404 3836 3505 3908 τὴν
3530 3837 3729 3908 ἑτέραν

2129 3933 2241 4004 ἔχει
2283 3933 2461 3987 κτίσιν
2494 3932 2566 3985 τὰ
2618 3929 2887 4001 σωμάτων
2920 3930 3048 3995 ἴδια,
3081 3930 3177 3984 καὶ
3199 3928 3337 4001 ὁμοῦ
3364 3932 3477 3993 τοῖς
3513 3929 3573 3994 ἐξ
3620 3929 3731 3984 οὐκ

2127 4025 2296 4079 ὄντων
2330 4027 2411 4089 είς
2434 4024 2497 4077 τὸ
2538 4023 2677 4078 εἶναι
2715 4022 3098 4094 παρενεχθεῖσι
3138 4021 3527 4094 περιεχόμενός
3570 4022 3729 4073 ἐστιν

2128 4119 2234 4173 ὑπὸ
2278 4119 2373 4172 τοῦ
2415 4117 2664 4189 Πατρός;
2705 4118 2864 4186 εἴπερ
2902 4115 3058 4168 οὐδὲν
3091 4112 3198 4179 ἔξω
3224 4115 3440 4169 κεῖσθαι
3471 4112 3726 4182 δώσομεν

2125 4211 2315 4267 αὐτοῦ.
2344 4210 2454 4265 Kal
2485 4213 2514 4264 ὁ
2564 4210 2663 4281 μὲν
2722 4208 3011 4271 θεσπέσιος
3060 4205 3314 4278 Μελῳδὸς
3337 4246 3351 4268 ,
3382 4204 3558 4277 ἀληθῆ
3613 4222 3723 4261 που

2126 4302 2353 4365 πάντως
2381 4300 2474 4355 καὶ
2524 4301 2886 4372 κεκρυμμένα
2931 4299 3206 4370 μυστήρια
3233 4298 3411 4351 λαλῶν
3441 4300 3500 4351 ὲν
3544 4296 3722 4351 liveli-

2128 4395 2279 4461 ματι,
2308 4389 2525 4453 οὐδενὸς
2558 4389 2659 4459 μὲν
2712 4388 2992 4452 παντελῶς
3041 4387 3515 4459 ἀπολιμπάνεσθαι
3543 4387 3725 4441 τόπου

429 4466 732 4533 infernum,
760 4470 926 4536 ades;
954 4471 998 4526 si
1026 4489 1316 4545 sumpsero
1336 4494 1549 4549 pennas
1573 4499 1725 4539 meas
1749 4484 2014 4550 diluculo,

2139 4482 2255 4550 ρησὶ
2273 4481 2364 4533 τὸν
2381 4480 2528 4546 Υίὺν,
2545 4479 2608 4533 τὸ
2634 4479 2926 4551 ἀσώματόν
2948 4496 3009 4533 τε
3028 4466 3534 4551 καὶάπεριόριστον
3560 4479 3719 4550 αὐτῷ

428 4565 485 4611 et
524 4558 846 4616 habitavere
872 4562 925 4614 in
948 4566 1213 4623 extremis
1251 4571 1456 4627 maris:
1481 4588 1608 4627 nam
1637 4580 1692 4628 et
1713 4572 1790 4627 ibi
1818 4588 2018 4631 manus

434 4659 526 4703 tua
555 4649 793 4708 deducet
822 4667 934 4718 me,
963 4663 1019 4711 et
1042 4658 1249 4716 tenebit
1286 4677 1376 4717 me
1408 4661 1638 4717 dextera
1666 4670 1763 4718 tua
1789 4663 1833 4718 ⁷.
1879 4681 1898 4715 ι
1951 4664 2019 4721 Hi

431 4748 614 4799 autem
649 4744 895 4817 proiecta
926 4750 1164 4807 audacia
1186 4768 1352 4815 suam
1396 4756 1731 4811 sententiam
1776 4754 2019 4826 Spiritus

428 4836 665 4893 vocibus
700 4851 1062 4910 Opponentes,
1102 4846 1453 4919 Unigenitum
1481 4849 1604 4905 loco
1626 4850 2017 4906 circumscribi

427 4945 495 4985 ac
527 4932 818 4989 terminari
860 4937 1074 5005 volant,
1121 4955 1248 4995 cum
1285 4940 1415 4995 hinc
1451 4942 1636 5010 potius
1693 4946 2019 4999 necessario

426 5034 613 5076 secum
646 5036 910 5095 reputare
942 5028 1231 5095 deberent,
1272 5030 1421 5099 quod
1457 5032 1509 5084 si
1547 5033 1718 5086 caelos
1761 5041 1815 5087 et
1856 5041 2017 5090 terrae

422 5119 670 5169 ostreum
717 5117 950 5188 repleat,
976 5120 1088 5176 hoc
1128 5130 1218 5175 est
1248 5120 1481 5187 inferos,
1525 5112 1775 5209 (μήλειοη
1813 5126 2012 5201 absurc

423 5204 714 5263 dissimum
736 5213 814 5266 sit
836 5212 1359 5282 comprehensionis
1388 5229 1587 5270 nomen
1634 5204 1684 5272 ei
1733 5218 2010 5292 aﬂingere,

420 5311 548 5352 cum
570 5315 756 5371 aeque
778 5303 929 5373 apud
954 5318 1015 5358 se
1044 5305 1313 5373 cogitent,
1345 5305 1497 5374 quod
1550 5307 1598 5363 si
1637 5308 1808 5366 facies
1861 5313 2007 5382 ejus,

421 5386 588 5446 idest
616 5390 862 5463 Spiritus
888 5393 1111 5465 (faciem
1161 5396 1373 5468 quippe
1408 5396 1531 5454 Filii
1580 5400 1850 5471 Spiritum
1906 5424 2003 5462 vo-

420 5480 554 5550 αἱ),
598 5482 789 5551 implet
832 5484 1060 5550 omnia,
1110 5488 1388 5555 quomodo
1443 5490 1562 5560 ipse
1607 5495 2004 5565 continebitur,

423 5567 551 5626 licet
576 5586 615 5625 α
656 5571 770 5628 Deo
812 5583 871 5628 et
902 5572 1069 5632 Patre
1107 5581 1381 5635 contineri
1414 5581 1678 5639 dicatur?
1709 5586 1822 5643 Nec
1857 5594 2005 5649 enim

496 5746 514 5775 θ
570 5748 731 5805 Joan.
771 5765 905 5810 vm.
951 5753 1043 5810 25.
1117 5758 1136 5786 "
1167 5754 1311 5815 Psal.
1338 5775 1600 5829 cxxxvm,
1638 5765 1784 5823 7-10.

472 5836 513 5849 ,ρ

2123 4573 2212 4627 διὰ
2257 4573 2450 4629 τούτου
2504 4573 2967 4644 προσμαρτυρῶν,
3002 4573 3099 4626 καὶ
3143 4572 3228 4626 ὅτι
3260 4573 3335 4642 μὴ
3379 4571 3529 4642 τόπῳ
3557 4589 3717 4644 περι-

2123 4665 2345 4738 ληπτὸς,
2385 4666 2462 4730 ὡς
2514 4666 2672 4732 Θεός.
2711 4685 2732 4719 ‹
2766 4665 2878 4721 Ποῦ
2923 4665 3035 4737 γὰρ
3074 4664 3348 4738 πορευθῶ,
3383 4665 3568 4736 φησὶν,
3600 4664 3716 4719 ἀπὸ

2122 4759 2216 4812 τοῦ
2240 4758 2562 4830 Πνεύματός
2594 4774 2715 4825 σονς
2740 4758 2837 4813 καὶ
2878 4757 2990 4811 ἀπὸ
3017 4756 3114 4809 τοῦ
3143 4754 3443 4828 προσώπου
3475 4772 3569 4808 σου
3601 4752 3713 4809 ποῦ

2123 4853 2318 4922 φύγως
2367 4853 2494 4906 Ἐὰν
2524 4850 2714 4907 ἀνασῶ
2751 4851 2834 4911 εἰς
2860 4849 2951 4903 τὸν
2992 4847 3243 4920 οὐρανὸν,
3269 4847 3334 4900 σὺ
3362 4845 3421 4901 εἴ
3449 4846 3584 4911 ἐκεῖ,
3612 4846 3713 4900 ἐὰν

2121 4944 2345 4999 καταϐῶ
2363 4945 2443 5007 είς
2469 4944 2561 4997 τὸν
2589 4941 2745 5014 ᾅδην,
2760 4940 2926 5011 πάρει
2944 4956 2958 4970 ο
2978 4940 3076 4994 ἐὰν
3097 4938 3355 4994 ἀναλάϐω
3378 4938 3481 5003 τὰς
3507 4936 3711 5008 πτέρυ-

2118 5038 2221 5105 γάς
2264 5053 2368 5107 μου
2410 5037 2534 5089 κατ’
2565 5032 2784 5105 ὄρθρον,
2817 5032 2911 5085 καὶ
2957 5030 3210 5102 πορευθῶ
3254 5031 3342 5093 είς
3392 5027 3464 5082 τὰ
3500 5028 3710 5099 ἔσχατα

2117 5130 2214 5201 τῆς
2248 5127 2547 5198 θαλάσσης,
2570 5126 2667 5181 καὶ
2699 5125 2807 5197 γὰρ
2831 5126 2948 5179 ἐκεῖ
2977 5126 3010 5195 ἡ
3045 5123 3168 5195 χείρ
3197 5139 3290 5176 σου
3313 5122 3575 5193 ὁδηγήσει
3615 5139 3706 5193 με,

2116 5222 2211 5274 καὶ
2261 5220 2480 5285 καθέξει
2532 5236 2605 5290 με
2652 5220 2686 5291 ἡ
2742 5217 2893 5285 δεξιά
2940 5233 3055 5270 σου.
3101 5235 3120 5269 ι
3171 5213 3588 5285 Ῥιψοκινδύνως
3653 5214 3709 5266 δὲ
3784 5250 3793 5255 ›

2116 5309 2284 5380 οὗτοι,
2324 5315 2418 5368 καὶ
2463 5315 2584 5378 ταῖς
2621 5313 2715 5368 τοῦ
2750 5312 3067 5384 Πνεύματος
3102 5312 3307 5379 φωναῖς
3360 5309 3459 5378 τὴν
3494 5305 3704 5359 ἑαυτῶι

2118 5407 2502 5475 ἁντεξάγοντες
2532 5404 2778 5475 γνώμην,
2807 5401 3020 5473 ὁρισμῷ
3050 5402 3145 5455 καὶ
3173 5398 3545 5472 περιγραφαὶς
3571 5396 3708 5448 ὑπο-

2120 5498 2377 5553 ϐάλλουσι
2412 5496 2504 5549 τὸν
2534 5495 2838 5567 Μονογενῆ,
2873 5494 3054 5548 καίτοι
3090 5490 3354 5560 λογισμὸν
3394 5486 3707 5556 ὀφείλοντες

2118 5591 2210 5645 ἐπὶ
2237 5568 2417 5660 τούτῳ,
2438 5588 2621 5644 λαϐεῖν
2651 5587 2946 5657 ἀναγκαῖόν
2978 5604 3036 5639 τε
3064 5584 3159 5638 καὶ⁵
3182 5584 3473 5655 χρήσιμον.
3506 5578 3572 5635 Εἰ
3594 5577 3706 5675 γὰρ
