4006 6456
276 374 383 432 221

1389 379 1457 435 ΙΝ
1484 378 1772 441 JOANNIS
1808 378 2264 442 EVANGELIUM
2298 389 2430 441 LIB.
2468 387 2562 442 1X.

3456 390 3568 449 aee

272 492 620 564 απλήρωκε
669 492 770 564 μὲν
810 493 1093 564 οὐρανοὺς,
1126 494 1220 548 καὶ
1257 493 1327 548 τὰ
1375 494 1578 565 ἔσχατα
1624 495 1724 564 τῆς
1752 493 1870 563 γῆς.

1982 496 2168 554 minus
2193 500 2299 555 erit
2330 498 2667 555 incommodi
2695 498 2742 554 si
2772 498 2920 553 dicat
2960 498 3341 557 circumscribi
3379 505 3567 577 incor-

281 581 602 648 roﬁt’\£art,
636 584 709 638 τὰ
735 585 818 648 είς
850 585 942 639 τὸν
961 584 1096 657 ᾅδην
1116 602 1131 617 ⁸
1153 585 1273 650 πῶς
1305 587 1370 640 οὐ
1401 587 1609 659 σφόδρα
1631 586 1876 657 παραλο-

274 672 526 743 γώτατον
550 673 613 745 τὸ
652 679 918 746 περιοχῆς
949 676 1126 748 ὄνομα
1166 676 1504 746 προσάπτειν
1542 675 1712 747 αὐτῷ,
1741 675 1878 746 μηδὲ

273 769 460 821 ἐκεῖνο
490 768 908 840 λογισαμένους,
931 770 1013 823 ὅτι
1036 771 1084 822 εἰ
1108 770 1173 823 τὸ
1203 771 1496 841 πρόσωπον
1517 769 1707 833 αὐτοῦ,
1731 767 1879 822 τοῦτ’

277 858 415 925 ἐστι,
455 860 518 914 τὸ
556 859 785 932 Πνεῦμα
827 861 1144 933 (πρόσωπον
1172 862 1283 933 γὰρ
1328 862 1423 916 τοῦ
1461 861 1593 915 Υίοῦ
1627 860 1786 916 καλεῖ
1815 861 1877 914 τὸ

280 950 534 1024 Πνεῦμα)
567 953 639 1007 τά
683 953 864 1009 πάντα
906 954 1127 1026 πληροῖ,
1154 954 1277 1018 πῶς
1308 954 1376 1009 ἂν
1426 954 1590 1017 αὐτὸς
1624 954 1755 1007 εἵσω
1782 953 1877 1021 γέ-

280 1061 422 1099 νοιτο
464 1045 754 1115 περιοχῆς,
780 1045 884 1100 κᾶν
914 1046 1071 1119 λέγῃ,
1102 1047 1187 1100 ὅτι
1217 1046 1479 1116 περιοχῆς
1496 1046 1592 1097 τοῦ
1618 1044 1756 1097 Θεοῦ
1783 1044 1878 1097 καὶ

278 1135 535 1207 Πατρόςς
582 1138 723 1191 Ἀλλ’
760 1139 914 1193 οὐδὲν
976 1134 1139 1211 ἦττον
1193 1138 1373 1209 ὐδριεί
1425 1137 1770 1209 περιγράψας
1816 1136 1879 1189 τὸ

273 1226 599 1297 ἀσώματον,
629 1229 724 1282 καὶ
761 1233 947 1302 μέτρῳ
999 1229 1304 1301 περιτιθεὶς
1334 1230 1395 1283 τὸ
1426 1229 1527 1282 οὐκ
1556 1228 1617 1282 ὃν
1645 1245 1880 1300 πεπερα-

275 1316 520 1387 σμένως.
547 1318 622 1371 Τὸ
671 1318 782 1389 γὰρ
814 1319 1088 1384 οὐσιωδῶς
1114 1318 1277 1373 αὑτὸν
1306 1318 1660 1389 περιέχεσθαι
1695 1317 1876 1386 λέγειν

271 1407 382 1461 ὑπὸ
423 1408 522 1461 τοῦ
554 1408 689 1462 Θεοῦ
724 1410 820 1463 καὶ
854 1411 1089 1483 Πατρὸς,
1116 1410 1172 1462 τί
1217 1409 1405 1480 ἕτερόν
1433 1411 1547 1462 ἐστι
1590 1408 1873 1479 δηλοῦν,ἢ

267 1501 358 1554 ὅτι
403 1502 840 1574 πεπερασμένην
873 1502 986 1574 ἔχει
1030 1503 1128 1573 τὴν
1156 1502 1371 1565 οὐσίαν,
1397 1500 1587 1572 ὥσπερ
1611 1496 1707 1555 οὖν
1736 1502 1876 1571 ἀμέ-

267 1592 357 1646 λει
386 1593 486 1646 καὶ
513 1592 574 1646 ἓν
602 1595 838 1649 ἕκαστον
864 1596 972 1649 τῶν
1003 1597 1133 1668 παρ’
1169 1594 1333 1649 αὐτοῦ
1366 1595 1686 1665 γεγονότων,
1713 1592 1749 1647 ἃ
1781 1595 1877 1648 καὶ

264 1685 584 1748 ἀκινδύνως
618 1704 686 1740 τε.
709 1690 804 1741 καὶ
833 1688 1054 1759 άληθῶς
1083 1690 1436 1761 περιέχεσθαι
1464 1688 1728 1759 δώσομεν.
1761 1686 1877 1739 Σώ-

267 1791 427 1845 ματα
453 1775 589 1847 γὰρ,
620 1779 670 1830 εἰ
718 1778 808 1831 κα*
846 1779 921 1849 μὴ
950 1778 1178 1833 τοιαῦτα
1208 1778 1392 1850 τυχὸν,
1422 1781 1583 1833 ὁποῖα
1623 1779 1692 1831 τά
1732 1779 1874 1849 ἠμέ-

1984 604 2236 657 poreum,
2258 601 2312 647 et
2334 607 2608 647 mensurae
2634 590 2895 660 subjiciat
2931 591 3076 660 quod
3113 602 3265 646 caret
3297 597 3560 651 termino.

1983 679 2177 736 Dicere
2209 684 2355 738 enim
2390 682 2836 739 substantialiter
2867 682 3048 751 ipsum
3083 698 3113 735 a
3160 682 3270 737 Deo
3302 691 3356 738 et
3408 683 3569 740 Patre

1982 773 2278 840 contineri,
2317 775 2450 846 quid
2496 775 2600 830 sibi
2646 775 2761 828 vult
2795 772 2967 840 aliud,
2998 789 3163 843 quam
3212 775 3564 830 terminatam

1982 865 2186 921 habere
2227 867 2619 931 substantiam,
2666 883 2779 922 non
2828 882 2991 923 secus
3025 883 3090 923 ac
3130 868 3568 938 unumquodque

1979 969 2172 1009 eorum
2222 971 2345 1025 qua:
2384 954 2530 1011 facta
2582 964 2711 1012 sunt
2741 956 2810 1010 ab
2857 957 2997 1025 ipso,
3042 972 3164 1027 qua:
3196 965 3315 1011 tuto
3342 972 3408 1010 ac
3440 973 3568 1011 vere

1980 1047 2251 1101 contineri
2285 1046 2622 1102 fatebimur?
2654 1049 2901 1118 Corpora
2929 1048 3077 1103 enim
3107 1056 3260 1111 sunt,
3296 1049 3424 1103 licet
3455 1063 3564 1102 non

1980 1138 2109 1191 talia
2149 1137 2333 1193 forsan
2365 1138 2547 1206 qualia
2599 1148 2791 1193 nostra
2834 1145 2985 1193 sunt.
3021 1136 3132 1193 Sed
3161 1146 3215 1193 et
3255 1139 3391 1192 illud
3429 1139 3564 1192 mihi

1980 1236 2248 1299 praeterea
2279 1227 2447 1283 subit.
2484 1227 2642 1293 Quod
2685 1228 2731 1283 si
2773 1243 3001 1284 necesse
3029 1229 3284 1284 dicamus
3322 1239 3383 1283 ut
3415 1229 3565 1299 quod

1979 1318 2051 1373 ab
2087 1318 2273 1387 aliquo
2297 1317 2635 1381 continetur,
2668 1320 2894 1374 omnino
2925 1321 3071 1375 intra
3103 1319 3238 1373 illud
3272 1321 3345 1375 sit
3388 1336 3418 1374 a
3454 1337 3565 1390 quo

1979 1407 2253 1464 contineri
2279 1406 2505 1474 dicitur,
2539 1412 2817 1478 quomodo
2843 1424 2952 1464 non
2979 1409 3275 1465 manifeste
3299 1420 3566 1480 sequetur

1979 1506 2040 1554 ut
2067 1502 2360 1557 continens
2390 1499 2576 1555 minus
2595 1516 2720 1557 esse
2753 1509 3015 1557 contento
3047 1511 3322 1572 putemus,
3351 1505 3565 1575 ipsum-

1978 1607 2084 1662 que
2123 1592 2474 1647 tehninatum
2528 1608 2653 1648 csse
2700 1595 2931 1664 majoris
2964 1593 3374 1664 quodammodo
3405 1611 3565 1650 com-

1978 1682 2231 1750 plexione
2258 1682 2548 1738 dicamus?
2569 1682 2711 1749 Quid
2742 1700 2876 1755 ergo
2903 1700 3100 1740 rursus
3130 1685 3307 1749 dices,
3341 1701 3376 1739 ο
3398 1686 3567 1740 bone?

1979 1771 2120 1828 Ecce
2146 1772 2316 1838 enim,
2349 1789 2479 1828 cum
2530 1790 2589 1830 se
2638 1773 2732 1829 Dei
2780 1790 2844 1830 ac
2878 1775 3058 1831 Patris
3083 1776 3343 1831 exhibeat
3368 1778 3567 1846 imagi-

261 1885 429 1940 τερα.
466 1870 689 1924 Ἔπεισι
717 1871 776 1924 δέ
828 1888 919 1942 μοι
946 1874 1168 1926 κάκεῖνο
1220 1873 1358 1944 πρὸς
1402 1873 1614 1935 τούτοις
1648 1873 1870 1925 ἐννοεῖν.

1981 1882 2123 1935 nem,
2146 1876 2202 1922 et
2236 1880 2423 1939 aperte
2454 1869 2604 1924 dicat
2635 1887 2647 1922 :
2689 1889 2707 1920 ι
2737 1869 2842 1936 Qui
2876 1871 3031 1925 videt
3063 1886 3170 1935 me,
3209 1872 3356 1926 videt
3380 1878 3437 1927 et
3460 1871 3565 1924 Pa-

262 1958 335 2013 Εἰ
384 1960 499 2031 γὰρ
547 1961 847 2030 ἀναγκαῖον
884 1957 1024 2015 εἷναί
1069 1980 1251 2035 φαμεν
1294 1966 1356 2017 τὸ
1408 1964 1514 2018 ὑπό
1544 1981 1637 2016 του
1678 1980 1879 2034 περιει-

264 2050 585 2123 λημμένον,
613 2051 748 2106 εἵσω
804 2052 870 2124 δὴ
928 2054 1146 2108 κεῖσθαι
1198 2055 1418 2119 πάντως
1460 2055 1555 2109 τοῦ
1601 2055 1876 2126 περιέχειν

264 2140 404 2194 αὐτὸ
428 2139 756 2211 λεγομένου,
782 2141 902 2206 πῶς
930 2146 1031 2196 οὐκ
1073 2144 1467 2214 ἀναμφιλόγως
1511 2143 1703 2212 ἕψεται
1731 2144 1792 2196 τὸ
1817 2144 1877 2196 ἐν

263 2232 557 2288 ἐλάττοσιν
575 2229 718 2287 εἶναι
735 2236 878 2287 νοεῖν
898 2233 993 2288 τοῦ
1015 2235 1364 2306 περιέχοντος
1381 2237 1443 2289 τὸ
1466 2236 1871 2307 περιεχόμενον,

264 2324 363 2376 καὶ
392 2324 827 2395 πεπερατιῖηθαι
861 2327 1041 2396 λέγειν
1074 2328 1227 2393 αὐτὸ,
1264 2328 1727 2398 κατακλειόμενον
1764 2327 1876 2380 ὦσ-

262 2431 378 2486 περ
403 2418 474 2486 τῇ
505 2417 601 2472 τοῦ
648 2418 903 2489 μείζονος
963 2423 1226 2492 περιοχῇς
1259 2420 1325 2473 Τί
1372 2419 1486 2481 οὖν,
1515 2415 1560 2473 ὦ
1605 2419 1870 2489 βέλτιστε,

263 2508 433 2561 πάλιν
473 2511 658 2580 ὲρεῖς;
714 2512 848 2565 Ἰδοὺ
879 2512 990 2584 γὰρ
1017 2514 1205 2567 εἰκόνα
1236 2514 1332 2566 τοῦ
1363 2513 1498 2566 Θεοῦ
1532 2513 1625 2566 καὶ
1658 2512 1875 2582 Πατρὸς

261 2600 463 2655 ἑαυτὸν
497 2602 792 2672 παραθεὶς,
828 2606 925 2657 καὶ
970 2605 1269 2679 διαρρήδην
1295 2606 1468 2660 εἰπών
1496 2622 1509 2636 ·
1547 2624 1568 2657 ι
1611 2606 1672 2659 '0
1699 2606 1876 2675 ἑωραο

262 2690 381 2755 κὼς
405 2695 532 2763 ἐμὲ.
564 2693 780 2764 ἑώρακε
807 2696 899 2750 τὸν
932 2698 1177 2769 Πατέρα,
1199 2718 1217 2751 ι
1251 2698 1540 2753 καὶπάλιν
1567 2700 1870 2768 ἐπήνεγκεν

261 2780 460 2846 εὐθύς
492 2802 512 2834 ι
563 2783 708 2853 Ἐγὼ
730 2788 791 2839 ὲν
825 2786 905 2857 τῷ
932 2788 1130 2860 Πατρὶ.
1159 2790 1255 2843 καὶ
1286 2791 1315 2842 6
1344 2789 1536 2861 Πατὴρ
1556 2790 1615 2843 δὲ
1643 2791 1701 2843 ἐν
1747 2789 1873 2860 ἐμοί

259 2875 436 2932 ἔστιν.
476 2896 498 2930 ι
529 2878 595 2931 Ei
636 2878 750 2949 γὰρ
800 2880 963 2933 τοῦτό
1013 2897 1150 2951 φησι
1202 2880 1326 2935 καθ’
1359 2883 1524 2953 ὑμᾶς,
1559 2884 1642 2936 ὅτι
1674 2883 1870 2936 Καίτοι

259 2969 558 3041 χαρακτὴρ
592 2971 690 3025 καὶ
725 2970 891 3024 εἰκὼν
918 2973 1183 3044 ὑπάρχων
1214 2973 1309 3027 τοῦ
1339 2974 1750 3045 γεγεννηκότος,
1791 2975 1874 3027 ού-

263 3058 479 3123 σιωδῶς
522 3059 616 3112 ὑπ’
648 3061 817 3114 αὑτοῦ
875 3063 1228 3141 περιέχομαι,
1267 3063 1386 3128 πῶς
1412 3066 1510 3135 οὐχ
1534 3064 1737 3118 ἅπασιν
1777 3065 1870 3117 ἁν-

1979 1966 2144 2023 trem,
2180 1980 2200 2012 ι
2233 1962 2423 2015 statim
2464 1977 2667 2019 rursus
2698 1963 3024 2033 subiungit:
3065 1980 3084 2013 ι
3134 1962 3244 2031 Ego
3287 1964 3340 2015 in
3371 1962 3562 2028 Patre,

1978 2056 2033 2105 et
2071 2050 2233 2106 Pater
2269 2052 2325 2105 in
2373 2069 2458 2107 me
2504 2064 2608 2108 est.
2664 2074 2681 2105 ι
2727 2053 2863 2107 Nam
2911 2055 2980 2118 si,
3025 2062 3083 2107 ut
3106 2055 3292 2115 vultis,
3340 2054 3421 2107 ait
3467 2070 3555 2119 se,

1978 2142 2231 2211 quamvis
2280 2143 2573 2198 character
2612 2153 2665 2198 et
2707 2145 2890 2215 imago
2929 2145 3003 2199 sit
3052 2141 3260 2210 Patris,
3299 2145 3567 2199 substan—

1978 2234 2184 2289 tialiler
2228 2244 2427 2290 tamen.
2456 2236 2527 2289 ab
2573 2252 2640 2292 eo
2674 2236 2991 2301 contineri,
3019 2237 3270 2305 nunquid
3335 2234 3568 2289 inaiiil‘e-

1978 2336 2123 2380 stum
2155 2337 2210 2382 et
2239 2328 2612 2383 indubitatum
2644 2336 2730 2384 est
2760 2328 3043 2395 omnibus,
3081 2329 3224 2383 velle
3265 2336 3326 2382 ut
3360 2328 3466 2381 alia
3498 2326 3569 2379 de

1976 2418 2138 2474 Patre
2163 2422 2350 2490 qualia
2376 2429 2430 2476 et
2465 2420 2533 2476 de
2572 2421 2695 2491 ipso
2724 2420 3079 2476 sentiamus?
3110 2418 3353 2473 Finitum
3398 2418 3568 2486 igitur

1975 2527 2098 2572 esse
2127 2526 2351 2586 quoque
2400 2511 2569 2582 788
2609 2509 2834 2590 Patrem
2870 2518 3136 2581 oportet:
3176 2519 3264 2564 est
3309 2508 3456 2563 enim
3511 2509 3565 2561 in

1977 2606 2135 2660 Filio.
2167 2605 2391 2671 Qurerat
2418 2605 2602 2671 itaque
2631 2601 2855 2657 demum
2882 2602 3183 2657 baareticus
3218 2600 3346 2670 quis
3390 2600 3569 2667 major

1973 2712 2039 2753 eo
2076 2698 2182 2751 sit:
2220 2711 2330 2749 non
2367 2695 2513 2749 enim
2544 2694 2789 2765 cogitare
2815 2703 2912 2748 aut
2934 2693 3124 2748 dicere
3175 2691 3259 2747 fas
3287 2691 3422 2745 mihi
3456 2700 3564 2752 est,

1975 2804 2075 2843 nec
2112 2789 2256 2843 enim
2296 2786 2496 2856 partim
2534 2786 2757 2855 quidem
2805 2783 2988 2839 Patris
3019 2785 3125 2839 erit
3155 2784 3338 2854 imago
3365 2781 3563 2845 Filius,

1975 2882 2174 2951 partim
2212 2895 2345 2935 vero
2373 2893 2487 2934 non
2523 2880 2650 2932 erit.
2695 2876 2832 2933 Nam
2884 2878 2933 2933 si
2977 2877 3206 2931 omnino
3259 2876 3423 2930 habet
3464 2876 3570 2928 ali-

1972 2972 2103 3042 quid
2136 2972 2284 3042 quod
2334 2969 2789 3042 perfectissimam
2839 2968 3268 3023 similitudinem
3317 2966 3565 3030 dirimat,

1972 3081 2081 3121 non
2131 3066 2235 3120 erit
2278 3064 2527 3133 perlecta
2568 3070 2623 3117 et
2671 3061 2851 3117 solida
2884 3061 3088 3131 imago.
3126 3064 3197 3113 At
3246 3059 3471 3113 ubinam
3509 3059 3567 3111 id

260 3150 605 3220 αμφίλογον,
630 3153 718 3205 ὅτι
756 3153 1012 3218 τοιαύτας
1041 3158 1191 3226 ἡμᾶς
1217 3158 1430 3220 ἑννοίας
1451 3157 1596 3228 ἔχειν
1627 3158 1867 3230 περὶτοῦ

1975 3159 2028 3213 in
2061 3156 2240 3213 sacris
2268 3156 2498 3210 Litteris
2523 3153 2811 3224 reperies?
2842 3168 2947 3207 nec
2969 3153 3117 3207 enim
3151 3152 3258 3207 tuis
3291 3151 3567 3206 sermoni-

260 3241 484 3311 Πατρὸς
518 3242 808 3312 βούλεται,
844 3248 1264 3319 ὁποίανπερᾶν
1325 3250 1584 3321 λάσοιμεν
1641 3253 1736 3305 καὶ
1782 3253 1869 3305 ἐπ’

259 3334 413 3405 αὐτῷ
439 3353 455 3401 ;
492 3337 929 3406 Πεπερατῶσϐαι
954 3341 1246 3412 τοιγαροῦν
1272 3343 1487 3413 ἀνάγκη
1520 3345 1615 3397 καὶ⁴
1643 3345 1733 3397 τὸν
1758 3345 1872 3398 Πα-

184 3418 199 3429 “
256 3424 399 3496 τέρα
423 3446 435 3459 ι
460 3426 585 3482 ἔστι
623 3429 825 3501 γὰρηέν
856 3430 993 3502 Υὶῷ.
1024 3433 1137 3486 Καὶ
1163 3433 1398 3503 ζητείτω
1451 3433 1635 3487 λοιπὸν
1664 3436 1693 3488 ὁ
1721 3436 1870 3504 αἰρε-

258 3518 436 3583 τικὺς,
460 3519 596 3584 τίςὸ
634 3521 840 3592 μείζων
872 3523 1070 3577 αὑτοῦ·
1112 3526 1236 3594 ἐμοὶ
1263 3525 1373 3596 γὰρ
1398 3526 1460 3578 οὐ
1504 3526 1664 3599 Θέμις
1698 3530 1870 3580 εἰπεῖν

259 3610 293 3681 ἢ
319 3613 487 3664 νοεῖν.
511 3612 586 3665 οὐ
624 3613 733 3686 γὰρ
774 3614 880 3668 ἀνὰ
910 3616 1082 3688 μέρος
1130 3618 1230 3685 μὲν
1261 3618 1427 3671 εἰκὼν
1457 3618 1725 3695 ἐσταιητοῦ
1754 3620 1870 3675 Πα-

255 3699 391 3773 τρὸς
423 3703 456 3755 6
490 3701 642 3767 Υἱὸς,
672 3703 779 3761 ἀνὰ
808 3704 974 3776 μέρος
1014 3706 1075 3761 δὲ
1103 3706 1310 3760 οὐκέτι.
1346 3708 1411 3760 Ei
1435 3708 1545 3779 γὰρ
1585 3708 1723 3772 ὅλως
1755 3709 1871 3780 ἔχει

254 3807 311 3846 τι
371 3793 439 3847 τὸ
500 3793 885 3864 παραλλάττον
939 3796 1035 3853 καὶ
1092 3795 1433 3867 μεσολαϐοῦν
1484 3797 1584 3869 τὴν
1636 3800 1870 3852 εἰσάπαν

254 3884 546 3956 ὁμοίωσιν,
580 3886 747 3957 μέρος
779 3886 849 3941 ἂν
881 3889 965 3958 εἴη
995 3887 1204 3955 λοιπὸν,
1239 3889 1339 3959 οὐχ
1362 3889 1653 3962 ὁλόκληρος
1682 3891 1867 3946 εἰκών.

270 3976 438 4031 Ἀλλὰ
471 3976 579 4029 ποῦ
610 3977 770 4032 τοῦτο
787 3978 990 4044 δείξαις
1018 3981 1087 4039 ἂν
1116 3981 1217 4052 τὴν
1243 3982 1407 4049 ἁγίαν
1429 3982 1697 4052 λέγουσαν
1727 3986 1871 4057 Γρα-

256 4069 404 4141 φήν;
439 4069 504 4121 ού
527 4069 639 4141 γὰρ
664 4070 836 4141 δήπου
863 4074 976 4135 τοῖς
1008 4075 1121 4135 σοῖς
1161 4074 1629 4146 ἀναπεπεισμένοι
1664 4076 1866 4145 λόγοις,

254 4157 356 4230 τὴν
377 4156 494 4211 τῶν
522 4157 687 4229 ἱερῶν
702 4159 991 4230 δογμάτων
1015 4161 1288 4234 ὀρθότητα
1320 4167 1712 4235 παρωσόμεθα.
1727 4168 1871 4221 Θαυ-

258 4249 424 4319 μάζω
487 4249 550 4304 δὲ
597 4250 749 4315 ὅπως
789 4253 852 4307 ού
896 4254 1216 4309 κατέδεισαν
1255 4257 1351 4308 ἐπὶ
1407 4258 1617 4322 τούτοις
1654 4263 1866 4314 εἰπεῖν·

256 4340 535 4412 Καθάπερ
562 4343 593 4395 6
628 4342 845 4408 Παῦλος
890 4343 981 4396 τὸν
1017 4345 1254 4415 Χριστὸν
1298 4344 1444 4418 εἶχεν
1478 4351 1537 4403 ὲν
1558 4350 1738 4421 ἑαυτῷ
1767 4351 1867 4405 λα-

254 4430 459 4485 λοῦντα
521 4434 619 4487 καὶ
645 4434 979 4505 ἐνεργοῦντα
1008 4438 1109 4501 τὰς
1139 4439 1430 4510 δυνάμεις,
1460 4442 1553 4495 τὸν
1600 4444 1764 4498 αὑτὸν
1799 4444 1862 4517 δὴ

1976 3250 2079 3304 bus
2111 3247 2362 3317 persuasi
2396 3254 2607 3301 rectam
2630 3259 2925 3300 sacrorum
2945 3244 3270 3314 dogmatum
3288 3244 3565 3296 rationem

1972 3339 2312 3408 rejiciemus.
2346 3337 2484 3391 illud
2530 3336 2720 3389 mirari
2764 3335 2937 3400 subit,
2968 3334 3249 3404 quomodo
3289 3331 3569 3400 sdhjicere

1973 3432 2093 3486 ausi
2125 3431 2276 3485 sint:
2313 3427 2789 3496 Quemadmodum
2813 3426 3023 3482 Paulus
3060 3426 3343 3482 Christum
3396 3425 3569 3480 babe-

1973 3525 2067 3580 bat
2117 3525 2173 3577 in
2223 3523 2412 3593 seipse
2460 3523 2777 3589 loquentem
2827 3528 2884 3575 et
2927 3519 3168 3574 virtutes
3215 3528 3567 3587 operantem,
3675 3594 3681 3600 θ

1970 3615 2162 3671 eodem
2193 3614 2357 3669 modo
2391 3623 2444 3668 et
2476 3612 2652 3668 Filius
2684 3610 2904 3667 Patrem
2941 3613 3256 3682 loquentem
3308 3619 3363 3665 et
3405 3610 3566 3678 signa

1971 3709 2223 3764 edentem
2274 3705 2610 3761 habebat-in
2655 3706 2862 3776 seipse.
2918 3704 3077 3760 Unde
3117 3705 3236 3758 ait:
3284 3721 3303 3754 ι
3343 3703 3581 3757 Credite

1971 3802 2100 3872 quia
2124 3815 2225 3871 ego
2256 3801 2311 3853 in
2347 3799 2530 3863 Patre,
2565 3812 2618 3854 et
2645 3799 2807 3853 Pater
2838 3799 2893 3852 in
2929 3815 3017 3853 me
3050 3806 3156 3861 est,
3189 3797 3394 3863 alioqui
3425 3810 3556 3863 pro.

1974 3901 2098 3963 pter
2132 3906 2301 3962 opera
2346 3893 2465 3962 ipsa
2510 3891 2743 3946 credite.
2802 3911 2819 3942 ι
2854 3889 3056 3945 Verum
3110 3889 3238 3958 quis
3287 3885 3567 3941 Christia-

1971 4002 2108 4041 num
2146 3986 2493 4055 nuncupabit
2524 3985 2677 4037 illum
2738 3984 2836 4053 qui
2871 3984 3005 4037 talia
3043 3984 3112 4037 de
3163 3980 3395 4035 Christo
3429 3995 3562 4033 sen-

1972 4079 2073 4132 tiat
2104 4092 2171 4131 ac
2215 4079 2477 4147 loquatur
2504 4077 2528 4128 ?
2559 4075 2699 4130 Ecce
2728 4075 2898 4138 enim,
2925 4089 3058 4129 ecce
3094 4088 3205 4127 non
3231 4073 3345 4142 jam
3380 4072 3560 4141 ipsum

1972 4186 2098 4225 vere
2130 4168 2503 4233 Deum,dicit,
2548 4168 2646 4224 sed
2683 4166 2958 4238 praecipiti
3013 4168 3246 4220 audacia
3300 4164 3560 4234 aiiingens

1970 4263 2021 4317 ei
2060 4261 2210 4331 quod
2253 4263 2533 4316 creaturis
2587 4260 2851 4315 convenit
2878 4301 2891 4318 ,
2944 4257 3216 4314 deiferum
3261 4257 3562 4328 quemdam

1972 4353 2184 4423 Deique
2217 4353 2569 4423 participem,
2594 4352 2713 4407 sive
2741 4367 2808 4406 ex
2847 4350 2961 4406 Deo
3003 4359 3358 4421 procreatum
3391 4349 3561 4404 Deum

1973 4445 2255 4516 praedicat.
2286 4444 2360 4499 ‘Ei
2389 4446 2597 4516 quippe
2627 4445 2980 4515 propositum
3018 4454 3104 4500 est
3153 4444 3303 4497 omni
3346 4445 3564 4496 ratione

250 4524 463 4595 τρόπον
492 4526 591 4578 καὶ⁵
629 4529 658 4580 6
696 4527 824 4591 Υἱὸς
868 4528 958 4581 τὸν
986 4530 1210 4598 Πατέρα
1234 4531 1504 4588 λαλοῦντα
1527 4575 1543 4596 ,
1561 4536 1746 4589 καὶτὰ
1777 4553 1870 4607 τη-

1979 4553 2044 4595 ac
2075 4537 2243 4593 modo
2285 4553 2317 4592 a
2367 4537 2464 4593 Dei
2503 4553 2569 4593 ac
2600 4535 2781 4593 Patris
2810 4537 3125 4591 substantia
3168 4550 3399 4605 prorsus
3434 4551 3560 4589 cum

256 4618 387 4685 μετα
413 4617 681 4673 ποιοῦντα
709 4616 860 4691 εἶχεν
880 4623 940 4676 ὲν
966 4623 1168 4694 ἑαυτῷ.
1187 4624 1279 4677 Διό
1301 4642 1463 4694 φησι·
1498 4643 1516 4677 ι
1548 4628 1863 4694 Πιστεύετε,

250 4707 334 4760 ὅτι
358 4706 479 4776 ἐγὼ
508 4710 569 4763 ὲν
600 4709 678 4781 τῷ
712 4712 908 4782 Ila-cpi,
945 4714 1043 4771 καὶ
1067 4716 1096 4767 ὁ
1124 4714 1317 4786 Πατὴρ
1348 4715 1404 4769 δὲ
1442 4718 1502 4771 ἐν
1532 4718 1679 4787 ἐμοί.
1714 4719 1778 4772 Et
1806 4719 1863 4773 δὲ

255 4800 466 4871 μὴ,διὰ
495 4800 570 4854 τὰ
608 4800 750 4873 ἔργα
790 4804 932 4859 αὐτὰ
971 4806 1260 4861 πιστεύετέ
1293 4825 1403 4878 μοι.
1439 4827 1458 4859 ι
1507 4805 1639 4862 Εἶτα
1671 4802 1754 4873 τίς
1782 4811 1863 4864 ἔτι

253 4892 594 4958 Χριστιανὸν
618 4899 882 4968 προσερεῖ
909 4897 1003 4951 τὸν
1024 4897 1167 4953 οὕτω
1198 4898 1595 4971 διεσκεμμένον
1635 4902 1730 4957 καὶ
1766 4919 1865 4956 πε-

253 4984 577 5055 φροηκότα
637 4989 771 5058 περὶ
827 4989 1123 5060 Χριστοῦ;
1186 4990 1327 5045 Ἰδοὺ
1383 4993 1530 5065 γὰρ,
1575 4993 1722 5057 ἰδοὺ,
1767 4995 1864 5049 καὶ

258 5076 412 5142 μάλα
436 5076 654 5146 σαφῶς,
680 5079 816 5134 Θεὸν
852 5082 952 5151 μὲν
982 5083 1146 5138 αὑτὸν
1184 5086 1370 5139 οὐκέτι
1411 5088 1577 5159 φησὶν
1609 5086 1825 5158 ἀληθῶς
1845 5104 1860 5120 °

254 5168 660 5238 ῥιψοκινδύνως
687 5171 745 5225 δὲ
790 5174 1039 5244 περιθεὶς
1081 5176 1148 5231 τὸ
1196 5179 1414 5249 πρέπον
1450 5182 1564 5243 τοῖς
1598 5181 1861 5249 κτίσμασι

258 5257 460 5330 μέτρον
482 5260 933 5334 αὐτῷ,οεοφόρον
964 5267 1086 5322 τινὰ
1127 5269 1223 5323 καὶ
1249 5268 1383 5323 Θεοῦ
1411 5270 1658 5341 μέτοχον,
1691 5272 1863 5341 ’ἤγουν

256 5351 322 5405 ἐκ
357 5352 502 5405 Θεοῦ
533 5354 865 5425 γεννηθέντα
917 5359 1051 5413 Θεὸν
1083 5363 1363 5433 κηρύττει.
1397 5365 1606 5428 Σκοπὸς
1634 5365 1742 5437 γὰρ
1762 5365 1862 5420 αύ-

255 5442 333 5514 τῷ
368 5443 461 5498 διὰ
490 5447 805 5511 παντὸς.ὡς
837 5449 969 5514 ἔπος
995 5454 1190 5520 εἰπεῖν,
1224 5455 1429 5525 τρόπου
1456 5456 1549 5510 καὶ
1578 5456 1738 5526 λόγου
1764 5457 1865 5528 τῆς

257 5534 450 5599 οὐσίας
506 5536 607 5590 τοῦ
647 5538 787 5592 Θεοῦ
836 5543 943 5601 καὶ,
980 5544 1196 5616 Πατρὸς
1238 5547 1519 5613 παντελῶς
1574 5550 1863 5621 ἀπείργειν

258 5627 422 5682 αὑτὸν
450 5669 466 5694 ,
506 5629 606 5685 καὶ
643 5632 878 5688 είσάπαν
909 5636 1207 5709 ἀποτεμεῖν
1238 5640 1340 5711 τῆς
1389 5642 1626 5714 φυσικῆς
1651 5644 1745 5698 καὶ
1768 5645 1859 5698 οὐ·

328 5819 351 5851 ⁸
380 5814 590 5875 Jercm.
621 5836 697 5889 ιι,
732 5821 785 5877 l.

1972 4632 2291 4698 excludere,
2332 4640 2388 4684 et
2436 4644 2468 4684 a
2524 4629 2770 4682 naturali
2817 4636 2984 4698 atque
3030 4627 3385 4683 substantiali
3434 4641 3563 4695 pro-

1970 4727 2208 4799 prietate
2237 4738 2404 4795 quam
2446 4737 2571 4777 cum
2609 4738 2713 4778 suo
2740 4721 2908 4776 Patre
2936 4736 3005 4775 ac
3037 4720 3147 4776 Deo
3185 4721 3372 4783 habet,
3407 4735 3565 4789 pror-

1970 4835 2067 4875 sus
2111 4830 2389 4873 resecare.
2430 4814 2502 4868 At
2556 4813 2712 4880 quid,
2744 4828 2958 4883 quaeso,
2986 4812 3074 4867 his
3115 4811 3399 4879 stupidius
3435 4826 3561 4865 esse

1967 4906 2197 4982 potest?
2238 4917 2335 4963 aut
2373 4905 2659 4977 quomodo
2697 4908 2815 4958 non
2843 4905 2995 4959 velut
3044 4902 3281 4958 mortuis
3328 4906 3441 4971 jam
3497 4918 3562 4955 ac

1968 5001 2200 5075 perditis
2238 4998 2703 5070 illacrymaveris,
2729 4997 2826 5067 qui
2862 5004 2972 5050 tam
3007 4994 3277 5052 eiii-enato
3305 5011 3473 5049 cursu
3506 4995 3560 5048 in

1965 5095 2305 5164 impietatem
2353 5091 2731 5161 prmcipitant,
2789 5098 2846 5144 et
2899 5097 3211 5158 opportune
3259 5088 3560 5142 admodum

1966 5186 2156 5241 dices:
2198 5202 2219 5236 ι
2256 5183 2393 5251 Quis
2448 5182 2606 5238 dabit
2645 5180 2812 5251 capiti
2849 5196 2973 5236 meo
3006 5196 3232 5249 aquam,
3283 5187 3337 5233 et
3377 5180 3561 5235 oculis

1969 5278 2108 5332 meis
2149 5275 2357 5330 fontem
2401 5274 2799 5345 lacrymarum,
2848 5279 2904 5326 et
2941 5272 3171 5342 plorabo
3208 5271 3299 5326 die
3338 5285 3404 5323 ac
3454 5285 3560 5325 no-

1971 5378 2059 5425 cte
2080 5369 2142 5422 ⁸⁸2
2173 5388 2193 5420 ι
2223 5368 2306 5423 0b
2333 5367 2533 5422 horum
2564 5365 2714 5420 enim
2744 5365 3161 5419 contumaciam
3208 5376 3317 5417 non
3360 5363 3557 5416 imme-

1972 5460 2079 5515 rito
2098 5459 2228 5530 quis
2251 5472 2506 5529 magnam
2535 5456 2909 5527 laerymarum
2943 5455 3053 5509 vim
3080 5452 3409 5523 profuderit.
3448 5448 3559 5507 Sed

1970 5558 2265 5625 quoniam.
2296 5551 2555 5606 veritatis
2619 5548 2894 5620 dogmatis
2954 5549 3188 5604 illorum
3219 5546 3554 5613 calumnias,

1970 5659 2198 5719 propter
2228 5644 2637 5717 simpliciorum
2670 5641 2994 5709 utilitatem,
3026 5638 3416 5698 rctundendas
3463 5655 3559 5697 ar-
