4006 6478
460 337 569 395 225
1470 338 1532 396 S.
1563 336 1833 396 CYRILLI
1871 336 2343 397 ALEXANDRINI
2381 340 2701 403 ARCIIIEP.
3638 356 3738 417 2‘28

463 458 661 524 bitror,
695 473 816 531 age,
848 473 1049 517 rursus
1085 457 1223 516 illud
1243 459 1325 519 cis
1357 460 1635 547 dicamus.
1659 475 1764 517 nos
1804 459 1923 516 zelo
1956 474 2048 516 ze-

2174 462 2380 530 πιὼδους
2402 467 2737 540 οἰκειότητος
2769 465 2963 543 ἦςέχει
3005 472 3141 545 πρὸς
3170 473 3260 528 τὸν
3296 472 3508 529 ἑαυτοῦ
3526 479 3737 547 Πατέρα

461 553 608 608 lasse
637 550 895 609 Domino.
1145 572 1161 592 ο

2174 558 2242 610 tat
2273 556 2428 612 Θεόν.
2461 555 2594 635 Εἶτα
2625 560 2680 613 τί
2704 561 2770 616 ἂν
2806 563 3017 631 γένοιτο
3049 564 3158 619 τῶν
3189 566 3449 621 τοιούτων
3477 567 3536 620 τὸ
3577 568 3736 638 ὑπερ-

462 642 656 715 τεροῦν
690 647 772 710 είς
798 646 1173 719 ἀποπληξίανς
1202 647 1235 719 ἢ
1266 646 1383 711 πῶς
1413 647 1516 701 οὐκ
1548 647 1613 702 ἀν
1634 664 1737 713 τις,
1759 647 1894 702 ὡσεὶ
1913 648 2128 718 νεκροῖς
2164 648 2266 719 ἤδη
2293 649 2388 702 καὶ
2420 650 2761 721 ἀπολωλόσι,
2804 655 2865 709 τὸ
2908 657 2982 710 ἐκ
3006 657 3107 728 τῆς
3175 659 3401 731 ἀγάπης
3447 658 3740 726 ἀποστάξαι

460 735 719 827 δάκρυον,
766 741 1038 811 ἀχαλίνως
1064 741 1209 795 οὕτω
1241 741 1642 813 τετραμμένοις
1665 744 1747 806 εἰς
1772 742 2050 807 ἀσέϐειαν,
2086 744 2205 814 ἐρεῖ
2229 744 2289 798 δὲ
2309 744 2407 798 καὶ
2442 746 2564 803 λίαν
2595 748 2871 821 εὐκαίρως
2894 767 2909 784 ·
2940 771 2958 804 ι
2982 753 3081 817 Τίς
3108 752 3271 809 δώσει
3306 758 3373 827 τῇ
3406 756 3615 827 κεφαλῇ
3643 773 3739 826 μου

462 826 632 902 ὕδωρ,
659 831 754 884 καὶ
804 835 917 897 τοῖς
949 832 1247 903 ὀφθαλμοῖς
1317 849 1421 903 μου
1476 832 1661 904 πηγὴν
1719 833 1997 905 δακρύων,
2032 833 2129 887 καὶ
2159 834 2467 907 κλαύσομαι
2505 838 2600 894 τὸν
2662 839 2792 895 λαὸν
2820 841 3012 897 τοῦτον
3049 844 3264 917 ἡμέρας
3311 826 3407 901 καὶ
3454 826 3677 913 νυκτός;
3718 868 3734 899 ι

356 925 363 934 ’
474 921 601 1011 Ἐπὶ
624 922 733 994 γὰρ
762 925 874 987 τοῖς
900 925 968 978 τὰ
992 922 1213 978 τοιαῦτα
1246 924 1462 994 φρονεῖν
1492 922 1769 993 ἑλομένοις
1806 922 2053 993 ἀκρατὲς
2088 921 2157 977 ἄν
2210 943 2297 992 τις
2334 931 2564 997 εἰκότως
2609 933 2901 1000 ὲπιστάξαι
2952 936 3209 1009 δάκρυονη.
3265 938 3484 1011 Ἐπειδὴ
3523 939 3580 993 δὲ
3632 943 3742 1006 τοῖς

464 1010 538 1075 ἐξ.
560 1011 817 1081 ἀληθείας
864 1013 1129 1084 δόγμασιν
1183 1011 1590 1084 ἀποκρούεσθαι
1646 1014 1756 1068 δεῖν
1793 1015 1892 1078 τὰς
1947 1015 2080 1085 παρ’
2112 1014 2361 1075 ’ἐκείνων
2406 1025 2782 1093 συκοφαντίας
2828 1028 3597 1101 προσήκεινχὺπολαμϐάνω,
3658 1028 3742 1082 διὰ

463 1103 526 1247 1K6
578 1106 688 1246 1ιὲοῖς
736 1104 1128 1177 ἁπλουστέροις
1190 1102 1507 1170 λυσιτελὲς,
1557 1104 1691 1177 φέρε
1753 1105 1918 1161 πάλιν
1960 1105 2147 1171 αὐτοῖς
2192 1110 2372 1167 έκεῖνο
2417 1113 2668 1187 λέγωμεν
2693 1156 2711 1182 ,
2772 1118 2856 1172 ὅτι
2916 1119 3209 1191 ζηλοῦντες
3272 1118 3629 1191 ὲζηλὼκαμεν
3671 1119 3741 1193 τῷ

519 1210 586 1247 tm
609 1212 676 1247 ω.

519 1210 676 1266 υριῳ.

535 1286 766 1342 Divinus
786 1285 933 1341 enim
970 1283 1200 1353 Paulus,
1226 1297 1282 1344 et
1311 1289 1499 1360 quivis
1531 1296 1857 1345 sanctorum
1881 1287 2053 1350 alius,

2246 1283 2304 1336 Ὀ
2333 1284 2442 1357 γάρ
2471 1303 2549 1340 τοι
2584 1287 2873 1357 θεσπέσιος
2905 1291 3137 1359 Παῦλος,
3180 1285 3225 1345 ὦ
3257 1287 3426 1362 οῦτοι,
3462 1296 3496 1368 ἢ
3542 1300 3638 1353 καί
3664 1317 3748 1366 τις

459 1379 589 1436 cum
616 1377 903 1434 Christum
940 1378 996 1432 in
1032 1379 1152 1434 suis
1193 1381 1476 1438 mentibus
1521 1381 1930 1437 iuhabitantem
1959 1376 2060 1433 ba-

2174 1374 2348 1448 ἑτερος
2376 1378 2487 1431 τῶν
2518 1381 2710 1450 ἁγίων,
2745 1383 2838 1437 τὸν
2869 1385 3105 1457 Χριστὸν
3136 1386 3356 1458 ἔχοντες
3395 1393 3516 1456 ταῖς
3542 1393 3748 1449 ἑαυτῶν

464 1476 663 1533 herent
690 1487 790 1543 per
825 1471 1127 1541 Spiritum,
1162 1471 1443 1535 faciebant
1473 1490 1599 1546 quae
1623 1473 1847 1549 Christo
1876 1473 2059 1543 place-

2174 1469 2426 1535 Βιανοίαις
2472 1473 2848 1531 ένοικισθέντα
2881 1477 2973 1532 διὰ
3025 1479 3125 1535 τοῦ
3181 1479 3539 1553 Πνεὺματος,
3582 1484 3747 1555 ἔδρων

462 1575 612 1636 rent,
633 1574 691 1623 et
717 1564 989 1621 miracula
1006 1564 1266 1623 edebant.
1290 1566 1360 1621 At
1383 1574 1630 1631 constat,
1652 1567 1742 1623 vel
1766 1576 1859 1623 tua
1882 1566 2060 1636 ipsius

2164 1559 2224 1618 εὖ
2261 1564 2406 1633 μάλα
2434 1566 2504 1619 τὰ
2525 1565 2785 1622 δοκοῦντα
2809 1568 3055 1642 Θεῷ,καὶ
3082 1572 3409 1645 δημιουργοὶ
3436 1575 3548 1630 τῶν
3576 1594 3749 1650 παρα-

460 1654 844 1720 confessione,
879 1657 1029 1728 quod
1061 1673 1188 1713 cum
1222 1658 1481 1717 homines
1516 1667 1709 1716 essent
1743 1668 1975 1725 natura,
2005 1666 2063 1713 et

2174 1651 2331 1745 δόξων
2379 1653 2681 1745 ἐφαίνοντο.
2714 1656 2927 1712 υύκοῦν
2976 1660 3183 1732 ἄραρεν
3205 1701 3220 1726 ,
3253 1663 3283 1717 ὅ
3322 1681 3375 1718 τι
3419 1664 3572 1737 δοίης
3608 1667 3653 1720 δ’
3685 1669 3750 1727 ἂν

461 1750 617 1807 aliud
658 1748 927 1822 quiddam
968 1749 1282 1807 substantia
1345 1767 1514 1821 quam
1561 1760 1792 1808 sanctus
1841 1750 2056 1806 Christi

462 1837 713 1915 Spiritus
754 1843 853 1913 qui
891 1842 952 1898 in
994 1844 1076 1898 eis
1110 1842 1423 1909 habitabat,
1471 1843 1727 1915 religiosi
1778 1850 1965 1898 tamen
2004 1852 2060 1897 et

463 1940 670 2010 pietate
688 1937 979 2007 conspicui
999 1944 1162 1992 erant
1183 1936 1352 2007 789
1367 1952 1466 2007 per
1481 1937 1667 1993 datam
1681 1936 1763 1991 eis
1782 1950 1813 1989 a
1836 1934 2060 1990 Christo

463 2030 726 2100 gratiam.
757 2027 865 2083 Sed
903 2028 1195 2084 nobiscum
1223 2029 1418 2099 utique
1447 2027 1735 2095 fateberis,
1758 2027 2060 2098 aliquando

463 2123 645 2194 gratia
678 2122 858 2178 fuisse
888 2120 1221 2188 destitutos,
1249 2128 1633 2177 verumtamen
1663 2135 1730 2177 eo
1760 2120 1937 2176 fuisse
1965 2134 2059 2176 vo-

463 2221 645 2276 catos,
679 2227 805 2268 cum
835 2211 911 2265 ita
943 2212 1125 2267 visum
1152 2218 1302 2267 esset
1328 2212 1516 2266 omnia
1551 2218 1704 2267 recte
1730 2210 2059 2282 gubernanti

463 2305 601 2360 Deo;
649 2302 799 2358 Fieri
826 2316 968 2373 ergo
989 2309 1209 2373 poterat
1239 2311 1301 2357 ut
1330 2303 1468 2358 vitio
1500 2302 1691 2373 aliquo
1721 2301 1806 2357 vel
1832 2308 2060 2372 peccato

462 2397 662 2452 beatus
684 2394 1029 2459 Paulus,aut
1049 2395 1194 2450 alter
1218 2394 1267 2450 ei
1301 2394 1525 2458 similis,
1544 2394 1715 2449 Deum
1751 2392 2058 2459 offendens,

463 2487 593 2543 data
632 2485 740 2542 sibi
772 2486 951 2556 gratia
980 2484 1320 2555 privaretur,
1352 2490 1407 2538 et
1433 2483 1490 2538 in
1518 2481 1640 2538 eam
1664 2481 2061 2540 demissionem

465 2576 615 2634 unde
646 2582 958 2633 emerserat
991 2575 1174 2632 denuo
1204 2575 1602 2630 detruderetur
1624 2582 1793 2645 atque
1826 2574 2059 2631 rediret.

465 2670 625 2738 Quod
685 2669 837 2724 enim
890 2667 1120 2724 aliunde
1166 2666 1466 2724 asciscitur
1517 2674 1575 2723 et
1633 2665 1866 2733 accidit,
1899 2664 2062 2722 facile

463 2763 643 2818 amitti
674 2770 860 2834 potest
897 2768 1066 2833 atque
1094 2759 1326 2823 auferri,
1363 2767 1556 2830 utpote
1598 2759 1811 2814 datum.
1843 2759 1926 2813 An
1962 2756 2065 2828 igi-

463 2864 583 2918 tur.
618 2872 651 2911 ο
683 2856 828 2911 bone
852 2853 1049 2925 (juvat
1082 2853 1232 2910 enim
1268 2852 1469 2907 iterum
1510 2858 1567 2905 te
1600 2849 1983 2923 compellare),
2013 2848 2062 2904 si

463 2947 940 3020 quemadmodum
968 2954 1094 3004 erat
1137 2946 1194 3001 in
1233 2944 1409 3000 Paulo
1445 2943 1707 3000 Christus
1748 2944 1982 3015 loquens
2007 2954 2063 2999 et

2166 1743 2262 1796 καὶ
2309 1743 2474 1809 αὐτὸς
2507 1746 2777 1818 ὑπάρχειν
2833 1749 3076 1821 ἀληθὲς,
3125 1752 3203 1816 ὡς
3252 1752 3535 1827 ἄνθρωποί
3566 1773 3626 1809 τε
3657 1757 3748 1829 τὴν

2167 1834 2330 1904 φύσιν
2368 1836 2741 1909 ὑπάρχοντες,
2792 1841 2891 1894 καὶ
2936 1841 3125 1914 ἕτερόν
3160 1862 3213 1898 τι
3251 1845 3395 1900 κατὰ
3438 1848 3539 1919 τὴν
3570 1848 3749 1905 οὐσίαν

2166 1927 2320 1999 παρὰ
2361 1927 2423 1980 τὸ
2466 1928 2712 1984 ἐνοικοῦν
2767 1932 2955 1997 αὐτοῖς
3001 1933 3159 2002 ἆγιον
3209 1934 3440 2008 Πνεῦμα
3489 1938 3746 2009 Χριστοῦ,

2166 2017 2416 2091 θεοφόϐοι
2464 2021 2610 2085 τινὲς
2638 2016 2783 2092 ἦσαν
2822 2026 2919 2079 καὶ
2966 2025 3212 2099 λαμπροὶ
3249 2027 3341 2084 διὰ
3377 2030 3481 2099 τῆς
3508 2030 3749 2102 δοθείσης

2166 2112 2349 2176 αὐτοῖς
2396 2114 2550 2184 παρὰ
2582 2115 2822 2184 Χριστοῦ
2856 2117 3103 2188 χάριτος.
3138 2120 3395 2191 Συνερεῖς
3436 2120 3494 2174 δὲ
3541 2121 3750 2186 πάντως

2166 2204 2330 2274 ἡμῖν,
2371 2202 2448 2268 ὡς
2486 2204 2686 2277 ἔρημοι
2739 2207 2840 2278 μὲν
2893 2206 2990 2261 τοῦ
3019 2210 3367 2281 χαρίσματος
3410 2206 3557 2283 ἦσάν
3603 2230 3749 2277 ποτε,

2166 2296 2463 2369 κέκληνταί
2499 2316 2565 2368 γε
2597 2299 2705 2371 μὴν
2738 2301 2819 2363 είς
2846 2302 3002 2367 αὐτὸ,
3037 2301 3197 2369 δόξαν
3235 2302 3382 2358 οὑτω
3405 2304 3592 2370 καλῶς
3616 2294 3764 2377 ἐχειιί

2165 2387 2245 2461 τῷ
2275 2390 2455 2445 πάντα
2502 2390 2685 2455 καλῶς
2732 2391 3021 2467 διῖθύνοντι
3067 2394 3191 2466 Θεῷ
3214 2410 3226 2423 ·
3257 2390 3328 2466 ἦν
3356 2391 3452 2451 οῦν
3482 2397 3596 2469 ἄρα
3646 2398 3755 2451 τῶν

2167 2480 2533 2552 ἐνδεχομένων
2562 2484 2658 2536 καὶ⁹
2676 2484 2768 2539 διά
2805 2501 2953 2549 τινος
2983 2483 3093 2540 τῶν
3115 2485 3338 2540 ἀτόπων
3384 2486 3418 2558 ἢ
3455 2487 3556 2541 καὶ
3581 2486 3752 2559 ὀρθῶς

2167 2572 2269 2626 οὑκ
2298 2574 2678 2644 εἰργασμένων
2727 2576 3217 2648 προσκεκρουκότα
3253 2575 3334 2648 τῷ
3376 2576 3499 2647 Θεῷ
3526 2577 3620 2630 τὸν
3653 2594 3755 2648 μα⁶

2169 2665 2360 2738 κάριον
2394 2666 2631 2734 Παῦλον,
2661 2669 2830 2739 ἤγουν
2860 2670 2985 2723 τινὰ
3017 2668 3131 2723 τῶν
3167 2670 3290 2724 κατ’
3329 2670 3545 2725 ἐκεῖνον
3576 2670 3752 2741 ἕτερον

2170 2759 2378 2833 ἔρημον
2409 2760 2510 2833 μὲν
2538 2761 2641 2832 τῆς
2667 2762 2921 2835 δοθείσης
2959 2761 3111 2835 αὐτῷ
3135 2764 3362 2835 χάριτος
3403 2762 3641 2835 ὀφθῆναι
3668 2762 3754 2816 δύ-

2169 2851 2386 2917 νασθαι,
2418 2853 2861 2909 κατωθεῖσθαιδὲ
2891 2850 3049 2918 αὖθις
3078 2855 3174 2910 καὶ
3197 2856 3522 2910 ὑπονοστεῖν
3557 2857 3638 2919 είς
3662 2855 3754 2926 τὴν

2169 2942 2293 2999 ὅθεν
2345 2944 2511 3015 ἀνέϐη
2559 2945 2913 3001 ταπείνωσιν.
2962 2946 3036 3000 Τὸ
3067 2946 3178 3018 γὰρ
3223 2946 3364 3011 ὅλως
3416 2946 3623 3015 ἔξωθεν
3669 2946 3769 3002 καὶ·

464 3042 737 3099 miracula
757 3041 997 3103 faciens,
1015 3040 1175 3111 juxta
1192 3047 1347 3094 tuam
1365 3039 1593 3095 stultam
1613 3046 1669 3094 et
1692 3038 1920 3109 impiam
1937 3052 2066 3093 seno

2174 3038 2412 3092 ἐπακτὸν
2468 3037 2670 3109 ῥᾳδίως
2720 3038 2788 3093 ἂν
2850 3037 3190 3093 ἀποπτύοιτο
3248 3040 3349 3093 καῖ’
3395 3039 3797 3111 ἀναφαίρετόν“

468 3131 729 3194 tentiam,
768 3130 846 3184 ita
877 3127 1096 3185 Patrem
1124 3129 1181 3183 in
1208 3126 1352 3183 Filio
1383 3128 1510 3199 quis
1540 3142 1668 3184 esse
1701 3126 2064 3191 concesserit,

466 3220 725 3293 nunquid
764 3221 983 3278 clarum
1029 3227 1087 3275 et
1118 3220 1495 3276 indubitatum
1527 3225 1616 3276 est
1649 3217 1823 3274 Deum
1858 3231 2067 3287 nequa-

467 3331 635 3387 quam
666 3313 789 3371 fore
821 3313 1128 3371 secundum
1161 3322 1445 3381 naturam,
1480 3313 1581 3368 sed
1615 3310 1770 3366 aliud
1799 3310 2069 3382 quiddam

468 3408 543 3465 ab
572 3408 927 3463 inhabitante
954 3405 1140 3473 Patre,
1167 3407 1266 3478 qui
1288 3421 1417 3463 vere
1441 3405 1627 3462 Deus?
1655 3403 1750 3459 Sic
1768 3404 1918 3461 enim
1945 3409 2069 3458 erat

469 3501 527 3556 in
558 3499 732 3555 Paulo
753 3500 1038 3557 Christus.
1063 3499 1506 3556 lnstrumentum
1533 3498 1707 3570 igitur
1730 3510 1795 3552 ac
1822 3511 1924 3552 vas
1954 3495 2073 3550 vel-

468 3593 554 3649 uti
600 3592 881 3664 quoddam
914 3599 1003 3650 est
1043 3591 1377 3664 Unigenitus
1426 3590 1482 3645 in
1514 3589 1751 3661 gloriam
1790 3600 2072 3659 praepara-

469 3695 610 3751 tum,
640 3699 746 3741 nec
775 3700 807 3740 a
835 3685 971 3742 tibia
1013 3683 1198 3742 forsan
1228 3691 1327 3739 aut
1362 3684 1480 3755 lyra
1514 3680 1771 3745 distabit,
1807 3679 1946 3736 illud
1981 3694 2072 3735 re-

467 3791 682 3833 sonans
715 3776 864 3848 quod
906 3776 1184 3848 inspiratu
1236 3775 1503 3831 nimirum
1547 3779 1649 3828 aut
1692 3773 1906 3843 plectro
1947 3775 2073 3844 jus-

470 3885 595 3926 sum
621 3870 732 3925 erit
762 3889 776 3925 :
807 3876 863 3926 et
906 3871 976 3926 ad
1011 3868 1284 3926 miracula
1317 3866 1531 3923 edenda
1565 3866 1735 3923 Pater
1764 3880 1832 3923 eo
1859 3873 2068 3935 utetur,

468 3977 582 4033 quo
613 3970 782 4034 pacto
833 3962 980 4020 fabri
1018 3962 1245 4035 lignarii
1289 3975 1445 4016 serra
1492 3961 1578 4018 vel
1616 3961 1788 4017 ascia.
1824 3960 1895 4014 At
1935 3959 2069 4032 quid

471 4055 577 4110 hoc
621 4054 965 4111 absurdius?
1001 4052 1139 4109 Nam
1181 4066 1314 4124 eum
1351 4052 1476 4122 eius
1510 4051 1583 4109 sit
1623 4059 1864 4120 naturae,
1895 4058 1955 4107 ut
1992 4050 2072 4106 illi

471 4146 693 4214 dicunt,
724 4162 755 4201 a
778 4145 892 4203 Deo
921 4162 989 4202 ac
1020 4147 1184 4201 Patre
1211 4158 1445 4217 prorsus
1476 4145 1695 4202 alienus
1730 4146 1864 4211 erit,
1886 4158 1952 4201 ea
1982 4158 2074 4199 ra-

471 4236 625 4293 tione
659 4251 768 4307 qua
795 4248 997 4293 natura
1025 4237 1173 4295 Deus
1206 4245 1294 4292 est
1335 4238 1394 4293 in
1426 4237 1615 4305 nobis,
1655 4245 1711 4292 et
1736 4252 1903 4293 nemo
1928 4235 2074 4291 alius

2169 3126 2295 3200 [ῑσ.
2326 3129 2721 3203 ὲναφαίρετόν]
2749 3132 2920 3196 ἐστιν,
2948 3132 3026 3195 ὡς
3056 3131 3231 3187 δοτόν.
3257 3127 3389 3204 τΑρ⁹
3413 3126 3537 3198 οὖν,
3572 3127 3621 3187 ὦ
3646 3131 3758 3204 βέλη

2166 3236 2316 3275 τιστε
2353 3220 2717 3294 (τετράψεται
2761 3225 2871 3294 γὰρ
2917 3223 3056 3294 πρὸς
3103 3222 3165 3276 σὲ
3194 3224 3224 3277 ό
3250 3221 3410 3292 λόγος
3442 3222 3671 3294 πάλιν),
3703 3223 3762 3275 at-

2168 3311 2314 3368 κατά
2358 3313 2459 3385 τὴν
2511 3313 2652 3385 πρὸς
2698 3314 2758 3367 σὲ
2812 3314 3179 3370 ἀπαιδευσίαν
3234 3314 3333 3368 καὶ
3385 3315 3771 3385 ἀσεϐεστάτηνι

2172 3405 2465 3477 ὑπόληψιν,
2492 3404 2749 3479 καθάπερ
2780 3401 2850 3478 ἦν
2872 3408 2930 3461 έν
2953 3406 3033 3479 τῷ
3063 3405 3266 3478 Παύλῳ
3286 3407 3549 3479 Χριστὸς
3586 3406 3763 3461 λαλῶν

2171 3498 2270 3552 καὶ
2300 3498 2684 3570 τερατουργῶν
2702 3539 2717 3566 ,
2767 3498 2943 3565 οὕτως
2991 3498 3132 3556 εῖναι
3171 3500 3291 3572 δοίη
3342 3518 3429 3563 τις
3473 3501 3548 3556 ἂν
3592 3504 3650 3555 ὲν
3689 3501 3762 3573 τῷ

2172 3588 2289 3659 Υίῷ
2325 3587 2418 3643 τὸν
2448 3587 2694 3661 Πατέρα,
2733 3588 2857 3655 πῶς
2897 3591 3001 3647 οὐκ
3038 3591 3349 3664 ἀμφίλογον
3384 3593 3463 3657 ὡς
3494 3593 3638 3659 Θεὸς
3669 3594 3765 3666 μὲν

2171 3681 2328 3737 έσται
2361 3680 2505 3736 κατά
2525 3680 2691 3752 φύσιν
2726 3681 3005 3753 οὐδαμῶς,
3033 3683 3151 3738 ἀλλ’
3176 3683 3368 3758 ἕτερόν
3409 3703 3464 3739 τι
3494 3687 3655 3760 παρὰ
3676 3687 3764 3743 τὸν

2172 3772 2485 3832 ἐνοικοῦντα
2507 3773 2750 3846 Πατέρα,
2778 3774 2913 3832 Θεὸν
2940 3775 3073 3831 ὅντα
3102 3777 3248 3832 κατά
3275 3778 3548 3851 ἀλήθειαν
3572 3798 3587 3849 ;
3617 3779 3769 3836 Οὕτω

2171 3868 2281 3943 γὰρ
2309 3863 2378 3940 ἦν
2403 3869 2462 3922 ἐν
2488 3866 2569 3939 τῷ
2596 3869 2798 3939 Παύλῳ
2821 3869 3079 3941 Χριστός.
3110 3870 3384 3942 Ὅργανον
3412 3867 3508 3928 οῦν
3546 3873 3654 3945 ἄρα
3676 3875 3773 3928 καὶ

2173 3960 2364 4034 ὥσπερ
2394 3978 2448 4015 τι
2479 3958 2674 4024 σκεῦός
2716 3962 2902 4028 ἐστιν,
2953 3962 3037 4023 είς
3070 3961 3231 4028 δόξαν
3261 3967 3707 4041 κατηρτισμένον
3737 3968 3764 4021 ὁ

2174 4052 2521 4124 Μονογενὴς,
2562 4053 2659 4108 καὶ
2690 4051 2879 4107 διοίσει
2921 4054 3025 4125 μὲν
3053 4053 3208 4108 οὐδὲν
3246 4055 3411 4110 αὐλοῦ
3446 4058 3547 4112 καὶ
3577 4058 3770 4132 λύρας,

2173 4150 2352 4203 έκεῖνο
2375 4147 2590 4219 φωνῶν,
2606 4147 2745 4219 ὅπερ
2766 4146 2833 4203 ἂν
2856 4145 3167 4217 ὲμπνέηται
3186 4148 3369 4220 τυχὸν,
3390 4149 3563 4220 ἤγουν
3577 4151 3766 4222 εὐρύθ-

2178 4257 2297 4311 μως
2347 4239 2719 4311 ἀναμελῳδεῖν
2755 4237 2835 4310 τῷ
2866 4238 3131 4310 πλήκτρῳ
3173 4239 3467 4313 κελεύηται
3493 4259 3508 4272 ·
3537 4243 3689 4297 ἔσται
3713 4243 3768 4297 δὲ

471 4329 545 4386 ab
600 4330 743 4400 ipso.
789 4328 949 4397 Quod
1002 4331 1051 4387 si
1096 4346 1128 4385 a
1168 4331 1351 4389 Patris
1403 4329 1720 4388 subStantia
1763 4329 1842 4383 ita
1891 4326 2069 4384 Filius

2176 4332 2322 4387 οὕτω
2346 4331 2688 4403 παράδεκτος
2715 4333 2796 4397 είς
2826 4331 3283 4404 θαυματουργίαν
3310 4331 3392 4404 τῷ
3436 4336 3620 4407 Πατρὶ
3644 4375 3660 4401 ,
3695 4336 3766 4398 ὡς

471 4421 794 4502 “finditur
831 4430 894 4477 ut
933 4437 1046 4478 non
1079 4422 1156 4479 sit
1194 4432 1395 4479 natura
1435 4422 1603 4486 Deus,
1642 4420 1924 4490 quomodo
1960 4434 2069 4475 non

2179 4424 2247 4478 ἂν
2276 4425 2452 4477 νοοῖτο
2494 4423 2660 4493 τυχὸν
2692 4422 2893 4495 πρίων,
2924 4422 2959 4492 ἢ
2997 4421 3310 4495 σκέπαρνον
3340 4425 3457 4488 τοῖς
3503 4404 3672 4480 εἰδόσι
3710 4423 3769 4477 τὸ

471 4529 603 4572 vere
640 4513 881 4572 dicimus
917 4530 1044 4571 eum
1080 4514 1225 4571 inter
1255 4524 1545 4574 creaturas
1573 4513 1910 4569 collocatum
1940 4525 2074 4566 con-

472 4615 826 4663 numeratum
875 4622 1024 4676 esse,
1076 4614 1243 4680 atque
1290 4605 1649 4665 instrumenti
1698 4605 1820 4659 loco
1860 4616 2077 4659 assum-

474 4707 651 4771 ptum,
701 4707 758 4755 et
806 4715 907 4772 pro
965 4699 1199 4757 Domino
1250 4702 1570 4758 ministrum
1619 4696 1843 4753 tandem
1898 4695 2076 4750 videri

474 4790 701 4858 Filium,
729 4792 826 4862 qui
864 4791 976 4848 Deo
1012 4807 1077 4847 ac
1104 4791 1259 4849 Patri
1289 4793 1521 4857 assidet,
1548 4791 1660 4846 imo
1693 4805 1763 4845 ne
1794 4803 1923 4845 vere
1953 4787 2079 4858 qui-

473 4883 599 4939 dem
622 4898 749 4939 esse
771 4881 1019 4938 Filium?
1050 4881 1165 4940 Nec
1194 4884 1345 4939 enim
1375 4882 1528 4956 quod
1560 4879 1922 4937 instrumenti
1957 4879 2080 4935 loco

476 4975 705 5044 ponitur
737 4990 839 5045 pro
873 4972 1019 5029 Filio
1051 4976 1182 5047 quis
1214 4976 1472 5048 accipiet.
1507 4975 1942 5031 lnstrumentum
1972 4973 2081 5028 ita-

473 5084 586 5139 que
619 5084 739 5124 suae
771 5069 913 5124 artis
946 5079 1043 5124 aut
1086 5070 1376 5142 sapientia:
1413 5069 1579 5126 Pater
1620 5069 1837 5141 genuit,
1870 5079 1944 5124 et.
1976 5068 2081 5123 ali-

477 5159 610 5230 quid
657 5160 810 5215 aliud
849 5176 1018 5231 quam
1060 5161 1209 5232 quod
1252 5162 1372 5234 ipse
1403 5162 1478 5218 sit
1527 5161 1793 5235 genuisse
1835 5161 2078 5217 videtur.

477 5251 548 5306 At
578 5250 863 5320 quomodo
888 5249 1007 5306 ﬁeri
1038 5250 1173 5306 illud
1202 5260 1407 5322 potest,
1440 5259 1539 5307 aut
1576 5250 1860 5322 quomodo
1886 5250 2081 5308 istius-

480 5343 633 5402 modi
667 5342 933 5412 quiddam
976 5345 1032 5401 in
1080 5346 1328 5401 animum
1365 5346 1474 5402 sibi
1510 5345 1802 5415 reducere,
1840 5361 1951 5402 non
1993 5354 2080 5402 est

483 5434 911 5494 stultissimum?
938 5436 1060 5495 Nisi
1096 5454 1230 5510 ergo
1269 5438 1468 5495 Filium
1504 5442 1937 5497 instrumentum
1985 5448 2079 5495 aut

483 5524 808 5587 ministrum
862 5529 1186 5587 existimare
1229 5531 1558 5598 cessaveris,
1605 5548 1842 5603 eumque
1889 5545 2075 5586 veram

487 5613 803 5685 genituram
854 5633 980 5677 esse
1024 5635 1136 5675 non
1197 5621 1515 5689 admittens,
1564 5622 1898 5678 iueﬂ'abilem
1957 5621 2080 5691 ejus

490 5708 929 5778 generationem,
952 5728 1020 5770 ex
1037 5714 1347 5771 substantia
1377 5716 1468 5772 Dei
1494 5732 1557 5771 ac
1584 5716 1767 5771 Patris
1797 5714 2079 5777 nimirum,

493 5802 805 5872 negaveris,
854 5804 909 5861 in
953 5804 1135 5877 ipsam
1177 5806 1456 5866 Cenitoris
1512 5809 1741 5878 gloriam
1797 5813 2078 5863 contume-

2181 4514 2521 4586 ξυλουργείν.
2559 4508 2697 4568 Εἶτα
2733 4514 2788 4569 τί
2828 4514 3021 4569 τούτου
3067 4513 3567 4586 παραλογώτερον;
3617 4515 3770 4571 Οῦτω

2181 4594 2292 4677 γὰρ
2318 4605 2460 4677 ἔχων
2491 4605 2729 4675 φύσεως,
2760 4605 3013 4678 καθάπερ
3038 4591 3240 4660 ἐκεῖνοί
3265 4622 3453 4677 φασιν,
3490 4608 3770 4679 ἀλλότριος

2183 4697 2337 4753 ἔσται
2368 4698 2648 4763 παντελῶς
2683 4696 2778 4752 τοῦ
2819 4698 2958 4752 Θεοῦ
2997 4698 3094 4752 καὶ
3123 4698 3365 4769 Πατρὸς,
3401 4699 3528 4754 ὅσον
3569 4699 3688 4754 ἐστὶ
3714 4698 3771 4752 τὸ

2183 4787 2323 4846 εἶναι
2354 4791 2513 4860 φύσει
2540 4790 2676 4855 Θεὸς
2715 4792 2775 4845 ὲν
2816 4790 2987 4859 ἡμῖν,
3037 4774 3134 4843 καὶ
3175 4789 3366 4860 ἕτερος
3423 4791 3559 4863 παρ’
3613 4792 3775 4847 αὐτὸν

2182 4884 2377 4949 οὐδείς.
2419 4885 2482 4938 Εἰ
2525 4884 2582 4937 δὲ
2628 4884 2731 4955 τῆς
2775 4882 2872 4937 τοῦ
2912 4882 3131 4954 Πατρὸς
3168 4883 3360 4948 οὐσίας
3401 4885 3431 4937 ὁ
3461 4883 3597 4949 Υίὸς
3642 4886 3772 4937 ἀπο·

2185 4974 2535 5048 σχοινίζεται,
2566 4975 2709 5030 κατά
2744 4991 2810 5045 γε
2859 4976 2921 5029 τὸ
2962 4972 3103 5029 εἶναι
3138 4975 3301 5045 φύσει
3338 4975 3494 5040 Θεὸς,
3530 4975 3649 5040 πῶς
3676 4977 3773 5029 οὐκ

2183 5066 2400 5140 ἀληθῶς
2428 5066 2529 5138 ἤδη
2575 5065 2779 5136 φαμὲν,
2822 5064 3004 5136 ὅτιτῇ
3056 5066 3233 5119 κτίσει
3285 5063 3652 5119 συντέτακται
3681 5064 3772 5118 καὶ

2186 5159 2747 5231 συνηρίθμηται-τοῖς
2776 5156 3084 5228 ποιήμασι,
3120 5157 3216 5210 καὶ
3260 5158 3321 5211 έν
3353 5156 3592 5227 ὀργάνου
3632 5173 3773 5227 παρ-

2184 5251 2397 5322 ελήφθη
2443 5248 2604 5320 χρείᾳ
2630 5287 2645 5312 ,
2686 5248 2783 5301 καὶ
2825 5247 3102 5319 ὑπουργὸς
3150 5250 3285 5317 ἡμῖν
3330 5249 3453 5302 ἀντὶ
3509 5247 3771 5302 δεσπότου

2188 5342 2430 5410 πέφηνεν
2454 5337 2554 5409 ήδη
2584 5336 2770 5390 λοιπὸν
2792 5338 2823 5390 ὁ
2849 5334 2929 5406 τῷ
2955 5334 3075 5406 Θεῷ
3107 5334 3204 5388 καὶ
3234 5334 3411 5406 Harp).
3440 5332 3773 5404 συνεδρεύων

2186 5433 2314 5496 Υἱὸς
2339 5471 2354 5495 ,
2389 5428 2592 5501 μᾶλλον
2629 5427 2686 5482 δὲ
2719 5426 2843 5482 οὐδὲ
2884 5426 3012 5491 Υίός
3037 5427 3155 5479 ἐστι
3198 5425 3341 5479 κατά
3367 5424 3664 5497 ἀλήθειανς
3698 5421 3771 5474 Οὐ

2186 5527 2295 5598 γὰρ
2335 5524 2397 5578 τὸ
2439 5525 2498 5576 έν
2544 5522 2778 5593 ὀργάνου
2810 5520 2964 5587 τάξει
3000 5519 3158 5581 τεθὲν
3187 5521 3270 5581 είς
3294 5518 3425 5571 Υίόν
3454 5534 3540 5580 τις
3581 5514 3771 5585 νοήσαι

2191 5620 2287 5672 καὶ
2328 5614 2709 5688 παραδέξαιτο.
2761 5612 3075 5685 Ἐργαλεῖον
3120 5606 3218 5665 οὖν
3256 5610 3366 5682 ἄρα
3399 5610 3501 5680 τῆς
3545 5606 3772 5677 ἐνούσης

2194 5708 2342 5777 αὐτῷ
2382 5707 2577 5777 τέχνης
2608 5706 2725 5775 ἤτοι
2765 5706 2956 5773 σοφίας
2985 5702 3172 5758 ἔτεκεν
3203 5706 3230 5757 ὁ
3274 5703 3487 5776 Πατὴρ,
3527 5701 3625 5754 καὶ
3657 5700 3773 5753 ἓτε-

2192 5801 2283 5871 ρόν
2324 5818 2376 5853 τι
2426 5800 2552 5870 mp‘
2599 5801 2735 5869 ὅπερ
2787 5797 2932 5851 ἐστὶν
2982 5796 3142 5863 αὐτὸς
3193 5797 3512 5870 ἀποκυήσας
3559 5793 3773 5866 δρᾶται.
