4006 6416
287 441 404 498 225

1399 433 1464 488 ΙΝ
1498 428 1786 495 JOANNIS
1806 417 2260 485 EVANGELIUM
2302 420 2427 484 LIB.
2465 428 2558 483 IX.

3460 432 3567 489 226

287 554 409 611 Καὶ
442 552 562 615 πῶς
590 550 656 606 ἂν
688 548 988 620 ὲνδέχοιτο;
1019 547 1135 611 πῶς
1164 547 1221 601 δὲ
1249 548 1352 601 οὐκ
1373 546 1567 617 εὔηθες
1597 544 1878 608 παντελῶς

1990 544 2159 601 liosus
2190 550 2322 601 eris.
2356 544 2468 600 Nec
2498 542 2648 601 enim
2678 541 2820 598 ultra
2850 542 3012 600 Pater
3049 544 3213 616 79o
3242 561 3364 601 vere
3405 546 3571 604 Pater

284 646 357 699 τὸ
382 647 527 698 νοεῖν
556 660 609 696 τι
656 640 932 707 τοιοῦτον;
977 641 1092 695 Οὐκ
1142 638 1461 705 ἀπαλλάξας
1499 640 1681 693 τοίνυν
1713 637 1874 708 ὀργα-

284 734 456 806 νικῆς
484 751 545 788 τε
576 732 671 787 καὶ
695 731 975 801 οἰκετικῆς
1004 729 1324 800 ὑπολήψεως
1350 729 1441 782 τὸν
1465 728 1615 793 Υἰὸν,
1637 727 1883 798 γέννημα

285 828 348 881 δὲ
377 824 527 879 κατὰ
557 823 819 895 ἀλήθειαν
850 821 1129 892 ὁμολογῶν
1172 820 1335 874 αὑτὸν
1364 819 1618 891 οὐδαμῶς
1638 859 1653 883 ,
1684 817 1883 890 ἀρνού-

294 936 463 991 μενος
494 918 553 971 se
583 918 683 986 τὴν
712 914 954 987 ἄρρητον
999 912 1253 983 γέννησιν
1278 955 1293 980 ,
1339 911 1440 984 τὴν
1468 913 1534 966 ἐκ
1569 910 1672 981 τῆς
1698 908 1885 972 οὐσίας

288 1011 390 1065 τοῦ
428 1009 571 1063 Θεοῦ
616 1007 712 1062 καὶ
768 1005 988 1078 Πατρός
1040 1022 1221 1076 φημι,
1277 1004 1450 1075 αὐτὴν
1479 1002 1761 1074 ἀδικήσεις
1785 1001 1882 1055 τοῦ

286 1104 550 1166 τεκόντος
577 1102 677 1172 τὴν
710 1099 891 1164 δόξαν.
924 1099 1040 1152 Οὐκ
1083 1097 1165 1152 ἐτι
1205 1098 1316 1168 γὰρ
1345 1097 1498 1151 ἔσται
1529 1096 1723 1169 Πατὴρ
1762 1094 1883 1149 κατ’

289 1192 562 1264 ἀλήθειαν
609 1194 638 1246 6
679 1191 895 1262 Πατήρ.
956 1191 1015 1244 '0
1061 1189 1171 1262 γὰρ
1215 1189 1292 1261 μὴ
1339 1189 1607 1259 γεννήσας
1645 1186 1782 1249 ὅλως
1825 1187 1886 1253 ἐξ

272 1283 519 1350 ⁸ἑαυτοῦ,
554 1285 699 1347 τίνος
753 1282 823 1337 ἂν
878 1280 965 1353 εἴη
1016 1284 1161 1336 κατά
1213 1281 1379 1350 φύσιν
1431 1280 1651 1352 πατήρ;
1704 1277 1885 1331 Ψευδ-

286 1372 517 1445 ὡνυμος
545 1369 641 1427 οῦν
661 1374 773 1444 ἄρα
816 1370 1095 1436 παντελῶς
1123 1372 1158 1442 ἡ
1194 1370 1329 1440 ἀγία
1367 1370 1573 1442 Τριάς,
1612 1371 1751 1441 μήτε
1788 1367 1886 1421 τοῦ

288 1467 517 1538 Πατρὸς
541 1466 698 1529 ὄντος
725 1464 870 1519 κατὰ
898 1463 1160 1534 ἀλήθειαν
1191 1463 1427 1534 Πατρδς,
1463 1463 1602 1534 μήτε
1624 1463 1731 1534 μὴν
1753 1459 1886 1516 Υίοῦ

286 1557 445 1612 κατὰ
472 1557 640 1628 φύσιν
670 1556 767 1610 τοῦ
802 1554 963 1610 Υίοῦ·
997 1555 1360 1627 ἀκολουθήσει
1390 1555 1449 1608 δὲ
1479 1553 1762 1623 ἀναλόγως
1806 1553 1888 1624 τῷ

258 1651 626 1723 Δθεωρήματι
664 1648 760 1703 καὶ
802 1651 837 1720 ή
884 1648 1028 1703 κατὰ
1072 1648 1169 1701 τοῦ
1220 1647 1539 1719 Πνεῦματος
1581 1645 1885 1718 δυσφημία.

285 1741 515 1798 οὐκοῦν
566 1739 927 1812 ἠπατήμεθα,
972 1741 1068 1794 καὶ
1110 1739 1428 1811 διέψευσται
1467 1739 1567 1810 μὲν
1591 1741 1625 1809 ἡ
1663 1737 1885 1798 πίστις’

288 1832 635 1904 ψευδομυθεῖ
664 1831 722 1885 δὲ
750 1833 783 1903 ή
817 1831 954 1899 ἁγία
992 1829 1189 1902 Γραφὴ
1207 1868 1223 1894 ,
1270 1830 1492 1903 Πατέρα
1519 1827 1766 1883 καλοῦσα
1794 1826 1888 1881 τὸν

1985 635 2208 692 futurus
2236 648 2340 693 est.
2366 635 2503 691 Nam
2525 637 2619 708 qui
2653 638 2880 693 omnino
2901 653 2970 694 ex
3000 639 3184 710 seipse
3207 654 3317 695 non
3356 642 3567 710 genuit,

1982 729 2275 799 cujusnam
2313 730 2620 785 secundum
2651 739 2906 789 naturam
2933 739 3090 803 paler
3114 732 3261 788 erit?
3285 730 3447 789 Falso
3468 733 3571 788 ita-

1983 838 2094 892 que
2125 829 2319 878 sancta
2354 820 2602 878 Trinitas
2644 837 2876 894 prorsus
2914 823 3258 888 nominatur,
3295 825 3343 880 si
3392 840 3572 895 neque

1983 913 2147 969 Pater
2177 913 2250 969 sit
2273 929 2342 969 ex
2370 914 2452 969 rei
2486 914 2725 969 veritate
2759 912 2945 980 Pater,
2968 916 3158 984 neque
3197 929 3364 985 porro
3399 913 3574 971 Filius

1985 1006 2058 1061 sit
2086 1009 2391 1062 secundum
2419 1014 2676 1062 naturam
2705 1004 2878 1063 Filius
2904 1025 2918 1061 :
2946 1015 3002 1063 et
3029 1016 3436 1079 consequenter
3457 1008 3573 1079 pia-

1985 1100 2173 1154 culum
2205 1098 2351 1154 istud
2384 1099 2492 1155 erit
2531 1115 2752 1170 quoque
2791 1100 3060 1156 adversus
3103 1099 3391 1171 Spiritum.
3425 1099 3575 1165 Quo-

1985 1191 2141 1246 circa
2180 1191 2393 1261 decepti
2432 1206 2648 1255 sumns,
2681 1199 2737 1246 et
2767 1191 2974 1247 lrustra
3015 1199 3099 1247 est
3134 1191 3268 1247 fides
3301 1210 3315 1246 :
3353 1193 3485 1262 quin
3520 1200 3574 1245 ct

1988 1281 2273 1352 Scriptura
2336 1290 2528 1339 sancta
2589 1282 2890 1346 mentitur,
2954 1298 3075 1352 qua:
3138 1282 3356 1338 Patrem
3413 1290 3572 1337 vorat

1987 1373 2158 1429 Deum
2191 1389 2205 1425 :
2235 1382 2310 1437 et,
2331 1373 2379 1428 si
2404 1388 2513 1428 non
2555 1381 2642 1429 est
2669 1373 2975 1430 secundum
3010 1383 3263 1428 naturam
3305 1372 3449 1429 Deus
3480 1373 3575 1427 Fi-

1987 1467 2118 1531 lius,
2148 1475 2207 1521 ut
2230 1482 2298 1522 ex
2326 1465 2438 1522 Deo
2473 1473 2544 1521 et
2564 1463 2729 1520 Patre
2752 1465 2999 1536 genitus,
3030 1480 3132 1521 nos
3171 1462 3391 1535 quidem
3430 1466 3571 1520 falli-

1989 1573 2130 1625 mur,
2156 1565 2211 1614 et
2242 1572 2351 1612 una
2381 1572 2507 1613 cum
2522 1557 2853 1614 hominibus
2884 1571 3126 1627 superna
3158 1555 3255 1611 illa
3295 1557 3492 1612 civitas
3519 1564 3574 1612 et

1989 1657 2310 1707 sanctorum
2339 1649 2661 1719 angelorum
2706 1647 3011 1719 purissima
3043 1647 3246 1702 cohors
3275 1647 3572 1717 decipitur,

1990 1754 2112 1811 quae
2146 1738 2315 1794 Deum
2345 1726 2655 1794 secundum
2689 1745 2946 1791 naturam
2980 1736 3264 1792 nobiscum
3299 1736 3574 1807 glorificat

1990 1838 2045 1888 et
2073 1830 2288 1895 adorat,
2319 1842 2386 1883 ac
2424 1828 2618 1883 nescio
2657 1825 2936 1897 quomodo
2984 1824 3211 1880 inducta
3253 1833 3340 1880 est
3368 1833 3427 1880 ut
3459 1826 3575 1880 dei-

289 1889 591 1979 ‘OwV'.xal.
614 1924 664 1976 εἰ
699 1889 783 1995 μή
802 1889 922 1976 ἐστι
955 1889 1099 1976 κατὰ
1123 1889 1289 1991 ιρῦσιν
1325 1889 1458 1986 Θεὸις
1482 1923 1511 1976 ό
1537 1919 1688 1985 Υἱὸς,
1722 1920 1797 1985 ὡς
1823 1920 1887 1975 ὲκ

1991 1921 2169 1978 ferum
2210 1919 2483 1991 quoddam
2522 1932 2621 1974 vas
2663 1926 2721 1973 et
2754 1924 3139 1973 creaturarum
3186 1929 3379 1980 unam,
3416 1915 3575 1985 juxta

291 2012 437 2067 Θεοῦ
462 2014 558 2067 καὶ
580 2012 796 2083 Πατρός
822 2010 1127 2083 γεννηθεὶς,
1156 2009 1554 2082 πεπλανήμεθα
1582 2009 1681 2081 μὲν
1705 2010 1887 2080 ἡμεῖς,

291 2104 765 2176 συμπεπλάνηται
797 2104 857 2157 δὲ
882 2105 996 2166 τοῖς
1019 2102 1112 2156 έπί
1133 2102 1235 2172 τῆς
1269 2101 1377 2173 γῆς
1398 2101 1495 2156 καί⁵
1516 2103 1550 2174 ή
1573 2101 1687 2156 ἄνω
1712 2100 1889 2169 πόλις,

290 2195 394 2251 καὶ
425 2198 461 2268 ή
492 2195 605 2250 τῶν
629 2195 803 2265 ἁγίων
833 2195 1083 2265 ἀγγέλων
1129 2195 1495 2267 καθαρωτάτη
1541 2193 1775 2267 πληθὺς,
1808 2191 1889 2265 τῷ

290 2288 447 2343 κατά
494 2288 660 2357 φύσιν
689 2286 809 2359 θεῷ
852 2284 1254 2352 ωνδοξάζουσά
1295 2304 1356 2340 τε
1404 2287 1502 2341 καὶ
1541 2300 1889 2358 συμπροσκυ-

172 2376 181 2381 ’
290 2378 489 2444 νοῦσα,
526 2379 625 2433 xui.
661 2378 765 2432 οὐκ
793 2374 892 2432 οἷδ’
918 2378 1067 2455 ὅπως
1095 2377 1399 2455 δοξολογεῖν
1438 2374 1887 2447 ἀναπεπεισμένη

291 2471 563 2542 θεοφόρον
600 2487 656 2523 τι
690 2468 908 2534 σκεῦος,
938 2471 1034 2523 καὶ
1061 2450 1173 2523 τῶν
1194 2470 1518 2540 ποιημάτων
1537 2468 1619 2535 ἓν,
1649 2466 1794 2521 κατά
1823 2483 1889 2536 γε

289 2561 396 2631 τὴν
433 2559 664 2614 ἐκείνων
698 2558 1053 2631 ἀϐελτηρίαν,
1087 2557 1253 2630 φημί.
1285 2559 1346 2611 Εἰ
1391 2557 1448 2611 δὲ
1480 2556 1721 2627 βούλοιτό
1758 2572 1889 2610 ποτε

288 2653 394 2721 τῆς
427 2651 510 2713 εἰς
548 2649 638 2704 τὸν
669 2648 798 2703 Υἱὸν
838 2649 1081 2719 σχέσεως
1118 2648 1213 2701 καὶ
1248 2650 1349 2720 τῆς
1389 2648 1719 2719 ἐνοικήσεως
1761 2646 1889 2700 ἁναο

289 2743 500 2813 χωρεῖν
535 2741 566 2793 6
609 2739 800 2812 Πατὴρ
826 2781 842 2808 ,
873 2740 1023 2794 οὐδὲν
1057 2738 1250 2792 διοίσει
1278 2740 1418 2810 τάχα
1451 2738 1565 2792 ,τῶν
1593 2737 1890 2815 διωλισθη-

290 2830 472 2883 κότων
500 2830 603 2901 τῆς
634 2830 769 2895 ἰδίας
794 2831 972 2903 ἀρχῆς
994 2870 1010 2896 ,
1057 2830 1188 2884 ῐδιον
1230 2830 1330 2901 μὲν
1357 2829 1497 2901 ἔχων
1527 2829 1680 2883 οὐδὲν
1702 2871 1718 2895 ,
1762 2828 1887 2883 οὔτε

293 2923 406 2993 μὴν
437 2923 495 2976 ἐν
529 2922 636 2993 ἰδία
672 2921 833 2992 φύσει
879 2924 973 2977 τὸν
999 2925 1343 2994 γεννήσαντα
1385 2922 1590 2995 φέρων,
1623 2922 1802 2975 πάντα
1831 2921 1889 2974 δὲ

292 3012 504 3083 μᾶλλον
538 3013 804 3085 ὑπάρχων
836 3014 906 3069 τὰ
949 3012 1074 3067 καθ’
1105 3016 1288 3085 ἡμᾶς,
1332 3015 1428 3073 καὶ
1472 3014 1614 3084 μόνῃ
1659 3015 1726 3084 τῇ
1770 3011 1890 3083 θείᾳ

289 3102 666 3174 νευρούμενος
706 3103 929 3174 χάριτι,
958 3103 1097 3157 ἀλλὰ
1129 3105 1223 3158 καὶ
1260 3101 1341 3173 τῷ
1369 3106 1469 3174 τῆς
1503 3103 1745 3173 υἱότητος
1776 3101 1891 3155 ὀνό-

293 3211 434 3264 ματι
466 3194 592 3265 μεθ’
631 3193 789 3265 ήμῶν
817 3194 1205 3267 τετιμημένος.
1244 3194 1309 3247 Τί
1335 3188 1465 3260 οὖν,
1495 3193 1618 3246 εἰπέ
1658 3209 1780 3263 μοι,
1816 3192 1890 3264 μὴ

288 3289 390 3342 καὶ
443 3288 611 3352 αὐτὸς
661 3289 759 3341 σὺν
802 3289 934 3359 ἡμῖν
974 3288 1076 3358 τὴν
1127 3287 1337 3342 οἰκείαν
1384 3287 1640 3358 ὁμολογεῖ
1687 3286 1887 3356 φύσιν;

289 3379 443 3433 amt
480 3379 542 3432 δὲ
586 3380 751 3450 ἡμεῖς
782 3378 1148 3450 ἀπολλύμενοι
1191 3377 1285 3433 τὸν
1319 3379 1529 3443 αἰῶνα,
1583 3378 1677 3431 καὶ
1727 3378 1890 3441 αὐτὸς

290 3468 613 3540 καθήμενος
652 3468 744 3522 τὸν
773 3468 979 3535 αἰῶνας
1010 3468 1105 3522 τοῦ
1156 3468 1213 3521 δὲ
1260 3469 1324 3539 δὴ
1375 3469 1537 3539 χάριν
1578 3470 1743 3539 ἡμεῖς
1791 3468 1890 3539 μὲν

287 3560 529 3628 οἰκέται,
570 3559 762 3629 κύριος
802 3560 861 3613 δὲ
902 3560 1100 3626 αὐτός;
1149 3560 1218 3613 El.
1254 3557 1362 3630 γὰρ
1406 3559 1500 3613 καὶ
1534 3560 1642 3613 υἰοὶ
1688 3558 1889 3631 κεκλήο

292 3653 444 3724 μεθα
475 3652 651 3718 Θεοῦ,
690 3652 791 3725 τὴν
847 3653 986 3708 ἰδίαν
1037 3653 1199 3723 φύσιν
1247 3655 1398 3708 οὐδὲν
1440 3648 1602 3727 ἦττον
1633 3652 1891 3721 ἐπιγινώο

294 3763 546 3810 σκοντες,
571 3747 674 3800 οὐκ
704 3745 1072 3817 αἰσχυνόμεθα
1109 3744 1208 3817 τὴν
1240 3744 1397 3812 δόξαν
1421 3761 1435 3775 °
1467 3742 1630 3808 αὖτὸς
1658 3744 1737 3809 δὲ,
1767 3744 1890 3797 εἰπέ

295 3852 408 3905 μοι,
436 3835 528 3889 διὰ
553 3836 715 3889 ποίαν
741 3837 936 3903 αἰτίαν,
964 3834 1122 3906 εἴπερ
1151 3835 1269 3887 ἐστὶ
1300 3834 1421 3888 καθ’
1445 3836 1617 3906 ἡμᾶς,
1646 3834 1740 3887 καὶ
1767 3833 1889 3888 κατ’

291 3930 449 3985 οὐδὲν
493 3930 607 3985 τῶν
641 3933 957 4003 κτισμάτων
1006 3933 1065 3984 ὲν
1104 3931 1383 4001 ἀμείνοσι,
1433 3929 1575 3984 κατά
1608 3945 1671 3998 γε
1704 3929 1766 3982 τὸ
1812 3927 1888 3999 μὴ

292 4019 439 4077 εἶναι
468 4021 615 4076 κατά
643 4021 807 4091 φύσιν
845 4021 978 4086 Θεὸς
1023 4020 1216 4092 (τοῦτο
1256 4021 1366 4092 γὰρ
1396 4023 1509 4084 τοῖς
1538 4018 1889 4084 ἀπαιδεύτοις

195 4142 208 4158 ο
290 4114 502 4184 δοκεῖ),
529 4112 585 4166 τί
611 4113 688 4185 μὴ
733 4112 853 4184 μεθ’
877 4112 1037 4184 ἡμῶν
1060 4113 1313 4185 ὁμολογεῖ
1340 4112 1437 4184 τὴν
1465 4111 1744 4178 δουλείαν,
1776 4110 1889 4183 Τὴν

292 4207 348 4261 δὲ
371 4196 704 4278 πρέπουσαν
730 4206 828 4259 καὶ
865 4206 1230 4277 ἀνακειμένην
1272 4203 1455 4268 ἰδικῶς
1478 4206 1546 4275 τῇ
1573 4203 1697 4275 θείᾳ
1726 4202 1888 4274 φύσει

293 4301 462 4369 τιμήν
496 4314 559 4350 τε
598 4297 697 4351 καὶ
720 4296 880 4375 δόξαν
915 4296 1091 4369 ἑαυτῷ
1116 4296 1363 4367 περιθεὶς
1387 4335 1404 4363 ,
1433 4298 1546 4358 τοῖς
1575 4296 1751 4365 ἁγίοις
1782 4312 1889 4367 μα-

292 4390 488 4461 θηταῖς
529 4388 847 4460 εὑρίσκεται
894 4388 1069 4459 λέγων
1101 4404 1117 4420 ο
1160 4408 1179 4442 ι
1241 4390 1431 4461 Ὑμεῖς
1475 4388 1695 4451 καλεῖτέ,
1723 4406 1814 4461 με,
1858 4389 1888 4443 6

290 4481 506 4553 Κύριος
548 4480 644 4532 καὶ
676 4480 705 4533 6
742 4479 1106 4547 Διδάσκαλος,
1154 4481 1251 4536 καὶ
1280 4481 1462 4545 καλῶς
1506 4481 1694 4550 λέγετε
1720 4498 1734 4512 ο
1770 4481 1888 4554 εἰμί

1990 2012 2215 2068 stultam
2256 2009 2644 2065 haereticorum
2686 2006 3052 2069 sententiam,
3092 2006 3386 2077 gloriﬁcet.
3417 2006 3575 2073 Quod

1989 2104 2036 2160 si
2076 2089 2236 2157 Pater
2276 2113 2521 2171 unquam
2558 2097 2627 2153 ab
2660 2097 2754 2153 illa
2785 2097 3183 2168 conjunctione
3218 2104 3274 2151 et
3302 2096 3577 2152 inhabita-

1988 2196 2141 2251 tione
2175 2208 2300 2249 cum
2331 2191 2475 2247 Filio
2498 2191 2757 2248 recedere
2781 2191 2935 2256 velit,
2960 2190 3101 2245 nihil
3128 2189 3320 2260 utique
3348 2188 3576 2244 distabit

1987 2287 2056 2343 ab
2099 2286 2168 2342 iis
2206 2285 2301 2356 qui
2347 2284 2674 2341 exciderunt
2714 2297 2818 2338 suo
2859 2281 3221 2353 principatu,
3257 2279 3398 2335 nihil
3445 2294 3577 2350 pro-

1984 2380 2162 2451 prium
2192 2377 2424 2439 habens,
2451 2390 2556 2432 nec
2586 2375 2643 2431 in
2665 2389 2768 2431 sua
2792 2384 2996 2430 natura
3018 2372 3337 2438 Genitorem
3364 2370 3576 2436 ferens,

1988 2470 2084 2527 sed
2108 2453 2163 2524 in
2188 2467 2448 2526 omnibus
2480 2466 2660 2523 nostri
2696 2464 2899 2522 similis
2935 2464 3241 2529 exsistens,
3263 2472 3319 2518 et
3341 2462 3461 2518 sola
3485 2462 3576 2518 di-

1986 2562 2114 2618 vina
2157 2559 2455 2615 roboratus
2489 2559 2707 2630 gratia,
2746 2556 2885 2612 adde
2923 2566 2977 2612 et
3023 2555 3312 2611 liliationis
3351 2553 3577 2609 nomine

1987 2655 2278 2711 nobiscum
2316 2660 2566 2709 ornatus.
2596 2650 2799 2718 Quidni
2846 2650 3034 2721 igitur,
3072 2665 3291 2721 quaeso,
3330 2648 3499 2705 etiam
3531 2648 3579 2703 is

1987 2747 2279 2802 nobiscum
2311 2759 2469 2802 suam
2494 2742 2794 2799 conﬁtetur
2820 2741 3121 2796 naturam?
3145 2749 3240 2795 aut
3265 2755 3368 2795 cur
3387 2755 3492 2797 nos
3516 2740 3578 2795 iu

1989 2838 2194 2893 saeculo
2235 2837 2505 2907 perimus,
2535 2835 2655 2905 ipse
2705 2848 2839 2889 vero
2875 2832 3084 2888 saeculo
3128 2832 3370 2888 insidet?
3408 2846 3577 2901 quam

1989 2930 2061 2984 ob
2100 2942 2329 2984 causam
2357 2942 2466 3007 nos
2517 2925 2738 2992 famuli,
2784 2925 2901 2996 ipse
2930 2938 3065 2979 vero
3109 2922 3424 2984 Dominus?
3456 2919 3576 2976 Etsi

1990 3024 2138 3083 enim
2181 3021 2280 3076 lilii
2310 3033 2700 3089 nuncupemur
2734 3017 2864 3083 Dei,
2895 3016 3263 3072 nihilominus
3320 3021 3577 3069 naturam

1989 3121 2239 3168 nostram
2292 3116 2685 3182 agnoscentes,
2710 3108 2946 3180 gloriam
2984 3122 3095 3162 non
3125 3105 3577 3161 erubescimus".

1992 3202 2116 3274 Ipse
2143 3218 2276 3258 vero
2297 3201 2343 3257 si
2364 3201 2527 3257 nobis
2555 3208 2640 3255 est
2672 3200 2906 3264 similis,
2946 3214 3050 3254 nec
3078 3199 3195 3254 ullo
3223 3198 3390 3254 modo
3421 3213 3581 3253 crea-

1996 3293 2138 3348 turis
2157 3293 2439 3361 superior,
2468 3291 2526 3344 in
2545 3298 2816 3359 quantum
2837 3296 3045 3355 nonest
3068 3296 3266 3343 natura
3290 3287 3435 3342 Deus
3454 3287 3582 3358 (hoc

1993 3384 2139 3441 enim
2186 3383 2432 3453 imperiti
2477 3380 2774 3453 sentiunt),
2806 3379 3004 3450 quidni
3046 3380 3370 3435 servitutem
3400 3376 3584 3432 nobis-

1993 3474 2478 3545 cum’prolitetur?
2504 3473 2613 3529 Sed
2650 3472 3077 3528 convenientem
3121 3471 3342 3541 proprie
3369 3476 3583 3523 natura:

1992 3568 2192 3624 divinae
2240 3567 2509 3622 honorem
2555 3572 2609 3635 et
2655 3564 2886 3635 gloriam
2940 3564 3047 3618 sibi
3102 3562 3421 3631 vindicans,
3466 3561 3586 3615 suis

1992 3659 2281 3729 discipulis
2310 3658 2507 3714 dicere
2525 3658 2806 3728 reperitur
2834 3676 2846 3710 :
2885 3674 2904 3708 ι
2936 3654 3049 3711 Vos
3078 3655 3295 3711 vocatis
3324 3669 3431 3717 me,
3468 3652 3583 3706 Ma-

1991 3752 2166 3822 gister
2191 3758 2246 3806 et
2271 3747 2503 3806 Domine
2528 3767 2543 3816 ;
2573 3746 2628 3803 e't
2655 3748 2799 3804 bene
2819 3747 3009 3802 dicitis
3039 3765 3055 3801 :
3089 3762 3211 3801 sum
3233 3746 3438 3801 etenim
3466 3746 3529 3798 ⁸ο.
3556 3764 3578 3796 ι

1991 3841 2171 3912 Atque
2201 3840 2320 3896 haec
2350 3839 2571 3911 quidem
2599 3838 2856 3894 Salvator
2896 3856 2910 3893 :
2943 3837 3042 3892 sed
3073 3835 3206 3890 boni
3240 3835 3317 3889 illi
3353 3835 3587 3904 dogma-

1990 3939 2109 3987 tum
2140 3932 2527 3987 haereticorum
2564 3931 2903 4000 interpretes
2947 3927 3176 3982 laudant
3205 3926 3427 3996 quidem
3453 3940 3583 3980 eum

1992 4030 2332 4080 asserentem
2357 4037 2422 4078 ac
2447 4022 2726 4076 dicentem
2764 4034 2823 4076 se
2846 4035 2975 4075 vere
2996 4033 3230 4089 prorsus
3254 4017 3440 4072 vocari
3473 4015 3582 4071 Doa

1991 4114 2226 4181 minum,
2260 4113 2357 4169 sed
2383 4126 2415 4166 a
2445 4112 2688 4167 naturali
2716 4110 3095 4167 dominatione
3129 4124 3257 4165 eum
3280 4108 3582 4164 excluden-

1990 4210 2075 4260 tes
2104 4219 2173 4259 ex
2197 4218 2265 4260 eo
2290 4201 2440 4275 quod
2463 4202 2667 4258 nolunt
2683 4216 2810 4257 eum
2842 4198 3013 4255 Deum
3040 4198 3110 4255 de
3131 4198 3244 4254 Deo
3270 4198 3581 4257 secundum

1990 4300 2247 4348 naturam
2284 4290 2571 4356 conﬁteri,
2598 4306 2710 4347 non
2738 4298 2927 4345 tamen
2971 4296 3267 4359 propterea
3316 4288 3422 4344 sibi
3456 4303 3583 4359 per-

1991 4384 2226 4441 suadent
2275 4400 2334 4440 se
2382 4383 2586 4454 piaculi
2636 4382 2726 4438 sui
2778 4380 3018 4453 prodere
3066 4379 3401 4435 foeditatem.
3440 4378 3582 4455 Nam

1991 4477 2138 4549 quod
2200 4462 2304 4533 nec
2357 4477 2414 4530 in
2474 4473 2810 4529 famulorum
2869 4470 3105 4539 ordine,
3153 4485 3257 4527 nec
3313 4471 3369 4524 in
3426 4485 3582 4525 crea-
3692 4489 3702 4498 -

290 4572 424 4645 γάρ.
466 4591 485 4623 ι
522 4571 635 4626 Καὶ
663 4571 838 4625 ταῦτα
871 4571 971 4642 μὲν
998 4573 1026 4625 6
1052 4572 1244 4644 Σωτήρ
1269 4588 1284 4603 ·
1319 4574 1370 4626 οἰ
1401 4572 1458 4626 δὲ
1506 4572 1661 4627 καλοί
1700 4590 1758 4627 τε
1790 4574 1885 4627 καὶ

1992 4577 2239 4625 turarum
2293 4581 2523 4639 numero
2569 4565 2833 4621 collocari
2890 4564 3043 4629 velit,
3094 4562 3192 4619 sed
3245 4562 3315 4616 ad
3351 4561 3580 4616 liberta-

291 4663 496 4732 ἀγαθοὶ
533 4662 644 4716 τῶν
684 4662 805 4716 κατ’
855 4661 1024 4716 αὑτοῦ
1071 4662 1356 4733 δογμάτων
1389 4665 1682 4736 εἰσηγηταὶ
1724 4667 1887 4718 ἐπαι-

290 4754 448 4808 νοῦσι
490 4753 595 4825 μὲν
626 4752 857 4821 λέγοντα
893 4755 990 4809 καὶ
1018 4752 1420 4825 διατεινόμενον
1442 4798 1459 4821 ,
1495 4755 1571 4820 ὡς
1597 4756 1685 4826 εἴη
1748 4772 1886 4811 παν·

291 4847 516 4918 αληθῶς
548 4845 886 4916 καλούμενος
917 4843 1145 4917 Κύριος,
1174 4845 1274 4916 τῆς
1314 4845 1371 4899 δὲ
1407 4846 1552 4901 κατὰ
1583 4845 1746 4916 φύσιν
1790 4864 1889 4900 κυ-

295 4942 552 5013 ριότητος
604 4938 937 5006 ἐξωθοῦντες
987 4938 1150 4993 αὐτὸν
1196 4937 1285 4991 διὰ
1336 4938 1431 4993 τοῦ
1476 4939 1551 5010 μὴ
1602 4939 1889 5010 βούλεσθαι

290 5036 427 5089 Θεὸν
449 5036 517 5087 ἐκ
551 5032 689 5086 Θεοῦ
720 5030 865 5085 κατὰ
893 5030 1057 5101 φύσιν
1080 5031 1388 5102 ὁμολογεῖν.
1418 5034 1515 5086 καὶ
1552 5033 1650 5106 τῆς
1678 5032 1889 5086 ἑαυτῶν

292 5124 589 5196 βδελυρίας
606 5122 677 5177 τὰ
704 5122 923 5176 πάντων
944 5119 1203 5196 αἴσχιστα
1223 5122 1552 5192 κατηγορεῖν
1578 5121 1640 5172 οὐ
1665 5120 1890 5174 πιστεύ-

290 5192 473 5272 ουσινξ
510 5215 638 5269 Ὅτι
680 5215 793 5286 γὰρ
836 5215 937 5268 οὐκ
985 5214 1045 5267 ὲν
1077 5192 1191 5276 τοῖς
1234 5211 1334 5283 τὴν
1390 5211 1646 5284 δουλικὴν
1701 5212 1888 5282 ἔχουσι

292 5308 452 5372 τάξιν
476 5348 492 5371 ,
543 5306 669 5383 οὐδὲ
719 5307 836 5369 τοῖς
888 5305 998 5360 τῶν
1060 5303 1364 5374 γεγονότων
1427 5304 1754 5373 καταλόγοις
1805 5304 1890 5358 ὲν-

293 5398 559 5470 αρίθμιος
609 5393 751 5452 εἶναι
807 5396 1095 5468 βούλεται,
1168 5395 1357 5465 βλέπει
1421 5395 1480 5451 δὲ
1557 5396 1756 5466 μᾶλλον
1809 5398 1890 5462 εἰς

292 5493 392 5564 τὴν
452 5491 689 5546 ἐνοῦσαν
749 5489 901 5561 αὐτῷ
954 5488 1100 5543 κατά
1156 5487 1319 5557 φύσιν
1374 5486 1730 5559 ἐλευθερίαν,
1794 5490 1891 5542 καὶ

293 5588 385 5640 ὅτε
460 5586 689 5654 γέγονεν
754 5585 813 5637 ὲν
886 5585 953 5655 τῇ
1036 5580 1131 5634 τοῦ
1206 5580 1394 5633 δούλου
1491 5583 1673 5652 μορφῇ
1699 5623 1713 5643 ,
1793 5580 1888 5642 καὶ

294 5679 382 5733 διὰ
422 5677 620 5731 τούτου
663 5677 937 5737 συνήσεις.
988 5672 1239 5743 Ἀφίκετο
1276 5670 1374 5742 μὲν
1419 5670 1528 5742 γὰρ
1572 5672 1629 5724 ὲν
1673 5673 1895 5741 Καφαρ-

1995 4671 2101 4716 tem
2153 4659 2337 4729 potius
2386 4663 2598 4726 spectet
2653 4654 2761 4711 sibi
2799 4668 2827 4707 a
2886 4665 3085 4708 natura
3126 4649 3379 4719 insitam,
3411 4650 3579 4705 etiam

1995 4766 2122 4807 cum
2173 4747 2365 4803 factus
2393 4754 2478 4802 est
2517 4746 2574 4800 in
2616 4745 2796 4800 forma
2838 4743 2984 4800 servi
3009 4743 3084 4810 “,
3118 4741 3278 4813 791
3326 4742 3416 4797 vel
3451 4740 3582 4795 hinc

1994 4840 2286 4911 intelliges.
2316 4834 2606 4892 Profectus
2633 4843 2719 4891 est
2760 4834 2818 4889 in
2861 4833 3288 4904 Capharnaum,
3322 4832 3473 4887 sicut
3524 4829 3582 4887 in

1994 4931 2309 5002 Evangeliis
2350 4928 2589 4999 legimus
2643 4945 2658 4982 :
2706 4932 3004 4982 exactores
3043 4932 3228 4980 autem
3272 4921 3583 4978 didrachmi

1996 5024 2224 5080 Parum
2259 5020 2534 5077 adeuntes
2574 5019 2657 5074 sic
2692 5032 2821 5073 eum
2871 5016 3285 5087 compellarunt
3318 5032 3332 5069 :
3367 5030 3388 5066 ι
3412 5012 3582 5084 Magi-

1997 5126 2111 5174 ster
2151 5125 2334 5172 vester
2385 5127 2497 5168 non
2556 5110 2726 5166 solvit
2775 5107 3270 5166 didrachma"?r
3320 5104 3457 5181 Hoc
3486 5105 3577 5160 ubi

1996 5208 2257 5265 Christus
2288 5204 2542 5268 rescivit,
2574 5201 2708 5273 quid
2734 5200 2802 5256 ad
2836 5200 3062 5256 Petrum
3093 5196 3466 5268 responderit,
3499 5196 3572 5251 vi-

1996 5298 2131 5354 dere
2167 5304 2255 5352 est
2285 5308 2468 5366 operae
2511 5293 2751 5363 pretium
2789 5295 2861 5347 :‘c
2885 5290 3067 5360 Reges
3093 5297 3277 5353 terrae,
3311 5300 3340 5339 a
3372 5286 3579 5356 quibus

1991 5389 2276 5460 accipiunt
2306 5400 2559 5450 censum,
2592 5390 2687 5438 aut
2723 5380 2972 5437 tributa?
3001 5393 3029 5433 a
3070 5374 3202 5433 ﬁliis
3234 5375 3374 5437 suis,
3409 5389 3480 5429 an
3507 5372 3579 5429 ab

1991 5479 2188 5535 alienis
2215 5478 2341 5533 “1's
2389 5475 2557 5532 Petro
2601 5482 2785 5528 autem
2847 5471 3131 5541 sapienter
3172 5474 3229 5523 et
3278 5464 3581 5535 prudenter

1994 5572 2297 5629 conﬁtente
2338 5568 2554 5640 legibus
2589 5582 2655 5622 ac
2686 5564 2914 5620 tributis
2942 5577 3069 5617 eum
3110 5560 3413 5614 obnoxium
3454 5572 3581 5614 esse

1999 5669 2223 5734 debere,
2257 5667 2351 5739 qui
2398 5678 2568 5736 regno
2600 5677 2701 5717 nec
2751 5674 2953 5732 genere
3004 5671 3106 5712 nec
3161 5653 3270 5709 alio
3314 5653 3477 5709 modo
3505 5650 3579 5718 sit

366 5860 390 5892 ⁸
424 5858 443 5912 1
474 5856 638 5913 Joan.
683 5872 780 5923 ιιι,
818 5856 867 5908 ι.
947 5853 990 5885 ¹⁰
1037 5851 1192 5908 Joan.
1234 5850 1467 5915 “11,15.
1547 5851 1587 5881 ¹¹
1624 5847 1861 5917 Philipp.

1994 5846 2103 5902 6~8.
2182 5846 2224 5877 ¹⁹
2258 5841 2451 5897 Matth.
2481 5853 2610 5901 xvn,
2639 5836 2728 5891 2'5.
2811 5836 2854 5869 ¹³
2887 5832 3016 5888 ibid.
3053 5833 3144 5889 24.
