4006 6434
473 426 580 482 εἱζτ

1494 429 1565 486 ‘S.
1606 425 1884 484 CYRILLI
1923 426 2399 484 ALEXANDRINI
2447 425 2771 483 ARCHIEP.

3659 428 3761 484 228

478 536 791 608 proximus,
824 538 1011 594 statim
1055 537 1349 609 subjunxit
1388 538 1670 603 Christus,
1711 539 1822 593 Deo
1857 551 2063 592 conve-

2180 540 2362 610 δαοὺμ,
2394 540 2649 610 καθάπερ
2690 542 2749 593 ἐν
2785 540 2899 603 τοῖς
2939 539 3297 608 Εὑαγγελίοις
3326 539 3676 613 ἀνέγνωμεν·
3714 544 3762 598 οι

479 630 646 685 uicus
691 631 1072 695 testimonium
1126 632 1231 686 sibi
1278 631 1536 685 tribuens
1579 646 1593 683 :
1650 648 1670 681 ι
1708 628 1853 700 Ergo
1903 629 2065 684 liberi

478 731 611 777 sunt
650 723 750 779 ﬁlii
779 724 842 777 “.
890 743 909 775 ι
952 723 1111 789 Quod
1144 725 1189 778 si
1225 720 1543 778 conservus
1568 730 1674 787 est,
1704 737 1771 777 ac
1818 737 1933 777 non
1973 721 2065 777 Fi-

479 815 588 871 lius
624 832 751 873 vere
784 833 849 871 ex
882 815 1063 871 Patris
1109 816 1426 872 substantia
1460 815 1713 885 genitus,
1750 830 1931 887 neque
1967 829 2057 869 na-

478 908 714 960 turalem
770 906 983 962 habens
1022 923 1147 962 cum
1205 905 1369 961 Patre
1425 906 1913 977 conjtmctionem,
1967 922 2069 962 cur

478 1001 622 1054 alios
699 1014 897 1055 omnes
998 1000 1225 1055 tributis
1278 1000 1551 1054 obnoxios
1597 998 1833 1067 faciens,
1867 1008 1927 1055 ut
1970 1001 2066 1071 qui

479 1092 647 1145 alieni
699 1106 807 1145 non
856 1093 969 1146 sint
1019 1101 1214 1145 natura
1269 1092 1338 1145 ab
1377 1100 1642 1146 exactore
1691 1093 1884 1147 tributi
1926 1100 1980 1147 et
2009 1093 2063 1145 in

479 1199 764 1238 servorum
803 1184 922 1238 loco
966 1183 1154 1253 positi,
1192 1184 1300 1238 sibi
1333 1184 1427 1237 uni
1461 1184 1771 1239 libertatem
1814 1184 2066 1239 vindica-

478 1275 590 1329 vit?
621 1268 867 1330 Abusire
904 1276 1114 1331 etenim
1164 1276 1234 1330 de
1274 1276 1440 1330 nobis
1473 1277 1736 1330 dicuntur
1778 1292 1901 1346 qum
1942 1294 2068 1347 pro-

475 1365 595 1435 prie
624 1380 692 1419 ac
714 1381 843 1421 vere
864 1366 1059 1420 deitati
1090 1373 1406 1435 congruunt
1437 1366 1598 1435 eique
1624 1382 1811 1421 revera
1852 1368 2064 1434 insunt,

476 1459 554 1511 ita
579 1466 641 1511 ut
671 1458 717 1512 si
747 1458 876 1527 quis
910 1468 1300 1514 creaturarum
1339 1468 1595 1513 naturam
1645 1473 1904 1516 accurate
1935 1477 2067 1515 con-

476 1550 710 1615 sideret,
747 1551 1032 1606 servitutis
1076 1553 1263 1621 utique
1307 1567 1511 1608 nomen
1564 1568 1629 1607 ac
1672 1569 1789 1608 rem
1836 1555 1885 1609 ei
1932 1569 2068 1608 con-

476 1644 671 1698 venire
726 1644 1005 1714 imprimis
1057 1646 1385 1715 compcriat.
1432 1644 1534 1700 Sin
1579 1655 1765 1701 autem
1811 1655 2064 1702 nostrum

474 1736 649 1806 aliqui
686 1736 961 1791 libertatis
1003 1737 1179 1805 gloria
1223 1738 1470 1808 decorati
1505 1745 1658 1804 sunt,
1693 1739 1921 1793 abusive
1970 1738 2067 1791 ha-

475 1828 609 1884 bent
652 1827 799 1898 quod
844 1829 956 1883 Deo
988 1829 1093 1884 soli
1135 1829 1388 1886 debetur.
1421 1830 1599 1886 Porro
1651 1832 1886 1887 libenter
1919 1832 1972 1886 id
2000 1847 2065 1886 ex

2166 630 2226 706 δέ
2271 631 2369 686 τοῦ
2418 633 2563 686 κατὰ
2616 631 2781 701 νόμον
2827 631 3123 701 διδράχμου
3177 631 3512 702 πράκτορες,
3571 634 3766 706 Πέτρῳ

2168 698 2486 794 προσιόντες
2527 698 2794 792 ἔφασκονο
2826 741 2845 774 ι
2985 698 3306 787 διδάσκαλος
3345 698 3501 795 ὑμῶν
3526 727 3588 778 οὐ
3620 698 3769 782 τελε-’ί

2167 814 2230 867 τὸ
2253 813 2580 886 δίδραχμον;
2609 837 2629 868 ι
2653 815 2761 869 Καὶ
2774 815 2963 888 ἐπειδὴ
2990 815 3149 869 τοῦτο
3196 816 3431 887 Χριστὸς
3460 816 3766 884 διεπύθετο,

2167 905 2219 958 τί
2238 905 2375 976 πρὸς
2395 906 2487 959 τὸν
2504 906 2720 977 Πέτρον
2742 907 3099 978 ἀπεκρίνατο,
3129 906 3340 960 δίκαιον
3367 903 3461 960 οὖν
3483 907 3633 962 ἰδεῖν.
3663 927 3682 959 ι
3700 911 3769 963 0i

2171 995 2414 1066 βασιλεῖς
2461 998 2563 1069 τῆς
2596 1000 2722 1069 γῆς,
2755 1000 2865 1051 ἀπὸ
2890 998 3074 1075 πίνων
3130 999 3470 1069 λαμϐάνουσι
3504 1000 3705 1071 κῆνσον
3735 1002 3770 1073 ἢ

2169 1089 2297 1159 τέλη
2324 1107 2339 1156 ;
2372 1090 2480 1142 ἀπὸ
2509 1089 2619 1143 τῶν
2648 1090 2800 1155 υἱῶν,
2832 1090 2864 1161 ἢ
2901 1090 3011 1143 ἀπὸ
3029 1089 3136 1143 τῶν
3162 1089 3461 1160 ἀλλοτρίων
3487 1108 3536 1157 ;ι
3571 1090 3681 1143 Τοῦ
3715 1091 3772 1143 δὲ

2169 1180 2379 1252 Πέτρου
2411 1182 2589 1249 σοφῶς
2615 1199 2673 1235 τε
2697 1182 2793 1235 καὶ
2819 1180 3088 1251 νου,νεχῶς
3119 1183 3211 1236 τὸν
3242 1184 3342 1251 τῆς
3366 1181 3644 1251 βασιλείας
3672 1182 3774 1234 ἀλ-

2169 1273 2404 1345 λότριον,
2431 1275 2558 1333 ὅσον
2584 1275 2665 1338 είς
2693 1275 2850 1343 γένος
2882 1276 2976 1329 καὶ
3004 1276 3104 1345 τὴν
3139 1274 3261 1327 καθ’
3285 1277 3434 1345 ἡμᾶς
3463 1275 3771 1345 νοουμένην

2168 1367 2525 1436 ἀγχιστείαν,
2592 1367 2917 1421 ὑποκεῖσθαι
2965 1367 3077 1421 δεῖν
3129 1370 3242 1428 τοῖς
3305 1367 3528 1437 θεσμοῖς
3571 1368 3605 1439 ἢ
3651 1369 3773 1431 τοῖς

2169 1459 2377 1512 τέλεσιν
2410 1459 2873 1531 ὁμολογήσαντος,
2918 1458 3084 1523 εὐθὺς
3134 1461 3417 1531 ἐπήγαγεν
3455 1462 3486 1513 δ
3512 1460 3771 1530 Χριστδῦ

2170 1552 2348 1623 ἑαυτῷ
2383 1554 2483 1622 τὴν
2510 1552 2789 1623 θεοπρεπῆ
2831 1554 3138 1624 μαρτυρίαν
3168 1554 3243 1615 ὼς
3285 1553 3504 1624 ἀληθῶς
3542 1553 3775 1606 ἐνοῦσαν

2170 1644 2516 1713 προσνέμων·
2551 1644 2731 1712 ι”Αρα
2765 1659 2829 1710 γε
2869 1641 3147 1712 ἐλεύθεροί
3177 1643 3314 1694 εἰσιν
3332 1643 3381 1694 οἱ
3412 1641 3540 1694 υἱοί.
3575 1659 3593 1691 ›
3624 1642 3689 1694 Εἰ
3713 1641 3775 1695 δὲ

2169 1724 2237 1800 ἦν
2254 1730 2558 1799 ὀμόδουλος,
2587 1732 2681 1783 καὶ
2694 1731 2794 1799 οὐχ
2825 1730 2950 1793 Υἱὸς
2971 1730 3187 1799 άληθῶς
3216 1730 3283 1782 ὲκ
3306 1731 3409 1800 τῆς
3438 1730 3531 1783 τοῦ
3557 1730 3778 1801 Πατρὸς

2170 1822 2358 1884 οὐσίας
2398 1822 2817 1893 γεγεννημένος,
2846 1822 2967 1874 οὐδὲ
3015 1822 3249 1893 φυσικὴν
3301 1823 3441 1892 ἔχων
3495 1822 3633 1891 πρὸς
3676 1821 3778 1874 τὸν

476 1919 559 1975 eis
594 1920 873 1975 sciscitari
907 1921 1096 1987 velim,
1126 1938 1257 1977 num
1290 1922 1563 1979 deiferum
1594 1923 1826 1979 Paulum
1865 1925 2066 1979 dicturi

2180 1913 2396 1967 τεκόντα
2425 1914 2525 1986 τὴν
2557 1916 2884 1984 οἰκειότητα,
2910 1913 2963 1966 τί
3001 1914 3129 1977 τοὺς
3166 1914 3359 1977 ἄλλους
3385 1915 3630 1976 ἅπαντας
3658 1914 3778 1976 τοῖς

479 2012 615 2077 sint,
642 2014 788 2081 quod
822 2012 1086 2070 Christus
1118 2015 1390 2070 inhabitet
1422 2017 1477 2070 in
1508 2031 1576 2072 eo
1614 2032 1713 2087 per
1736 2033 1897 2073 suum
1944 2017 2070 2089 Spi-

479 2104 652 2157 ritum
692 2123 705 2159 :
738 2120 808 2157 an
832 2114 889 2158 et
919 2106 1022 2159 hoc
1052 2115 1332 2187 iurgantes
1369 2108 1669 2162 inticiaturi
1703 2109 1836 2163 sint.
1861 2108 1995 2164 Nam
2022 2112 2069 2165 si

478 2208 673 2250 revera
723 2196 996 2252 deiferum
1059 2213 1171 2253 non
1212 2214 1337 2255 esse
1388 2199 1615 2267 dicent,
1677 2203 1870 2273 utique
1919 2203 2070 2258 istud

480 2286 721 2343 sufﬁciet
781 2297 844 2343 ut
888 2292 1151 2347 omnibus
1192 2293 1571 2363 persuadeant
1605 2295 1940 2366 rejiciendas
1978 2313 2072 2352 eo-

479 2393 604 2433 rum
654 2396 780 2436 esse
823 2398 1002 2453 nugas
1045 2395 1098 2438 et
1132 2399 1353 2440 summo
1386 2386 1516 2441 odio
1543 2386 1851 2455 habendas,
1886 2399 1945 2443 ut
1975 2391 2070 2461 qui

479 2470 622 2524 nihil
668 2472 897 2527 absurdi
942 2476 1015 2528 sit
1057 2476 1207 2546 quod
1237 2477 1489 2547 proferre
1523 2490 1801 2536 recusent.
1839 2480 1934 2537 Sin
1967 2499 2070 2537 au-

479 2573 588 2617 tem
628 2563 731 2617 hoc
765 2564 1043 2633 fugientes
1077 2569 1141 2623 ad
1174 2584 1362 2624 verum
1409 2570 1708 2627 dicendum
1743 2586 2073 2631 convertan-

479 2661 597 2719 tur,
633 2668 699 2709 ac
751 2671 879 2710 vere
913 2658 1187 2713 dciferum
1224 2676 1351 2718 cum
1399 2661 1739 2727 fatebuntur,
1777 2676 2069 2736 propterea

478 2745 627 2813 quod
661 2744 806 2802 Deus
852 2747 911 2801 in
941 2747 1062 2818 ipso
1112 2749 1345 2813 habitet,
1373 2752 1654 2821 quomodo
1700 2768 1808 2808 non
1855 2769 2073 2809 summa

480 2854 605 2893 cum
649 2840 933 2910 impietate
984 2844 1172 2898 dicere
1212 2855 1517 2914 urguentur
1550 2861 1580 2899 a
1631 2847 1726 2901 Dei
1780 2862 1846 2903 ac
1888 2847 2074 2906 Patris

481 2931 799 2987 substantia
839 2935 1081 2988 alienum
1119 2951 1246 2991 esse
1298 2936 1542 2992 Filium?
1588 2937 1707 2994 Non
1756 2941 1868 3011 jam
1925 2943 2073 2997 enim

480 3021 656 3079 deifer
686 3032 772 3079 est
814 3025 1042 3088 Paulus,
1069 3028 1114 3081 si
1149 3042 1257 3081 non
1290 3027 1433 3086 Deus
1478 3032 1787 3087 secundum
1818 3042 2072 3087 naturam

483 3117 560 3172 sit
598 3115 819 3181 Filius;
879 3118 978 3174 sed
1017 3121 1413 3180 erubescentes
1454 3125 1791 3197 quandoque
1835 3132 2075 3197 (summa

2171 2008 2381 2061 τέλεσιν
2410 2008 2654 2071 ὑποθεὶς,
2687 2008 2764 2070 ὡς
2801 2007 2901 2060 οὐκ
2941 2006 3255 2078 ἀλλοτρίους
3285 2007 3446 2070 ὄντας
3486 2006 3628 2059 κατὰ
3670 2006 3778 2076 τὴν

2172 2098 2333 2167 φύσιν
2365 2098 2458 2151 τοῦ
2500 2098 2857 2168 δασμολογεῖν
2894 2095 3201 2165 ὀφείλοντος
3227 2136 3242 2161 ,
3299 2099 3393 2149 καὶ
3436 2096 3494 2149 ὲν
3541 2094 3778 2149 οἰκετῶν

2170 2191 2322 2255 τάξει
2357 2190 2664 2262 κειμένους,
2701 2191 2846 2259 μόνῳ
2894 2189 2994 2258 τὴν
3040 2187 3358 2258 ἐλευθερίαν
3411 2187 3776 2258 μεμαρτύρη-

2170 2300 2269 2336 κεν
2320 2282 2535 2353 ἑαυτῴ;
2580 2278 3055 2352 Καταχρηστικῶς
3101 2279 3200 2351 μὲν
3248 2279 3360 2350 γὰρ
3393 2280 3480 2349 ἐφ’
3521 2282 3656 2350 ἡμῖν
3702 2278 3780 2332 τὰ

2172 2377 2378 2447 κυρίως
2424 2392 2483 2427 τε
2533 2375 2629 2428 καὶ
2684 2358 3084 2447 ἀληθῶςμόνῃ
3122 2372 3405 2442 πρέποντα
3438 2375 3504 2443 τῇ
3555 2372 3777 2451 θεότητι

2174 2473 2423 2541 φέρεται,
2462 2468 2758 2538 ἐνυπάρχει
2813 2466 2871 2519 δὲ
2922 2466 3075 2536 αὐτῷ
3122 2466 3265 2520 κατὰ
3315 2465 3595 2536 ἀλήθειαν,
3628 2464 3777 2518 ὥστε

2172 2564 2273 2634 τὴν
2307 2562 2416 2616 τῶν
2451 2561 2695 2632 γενητῶν
2724 2562 2886 2624 εἴτις
2919 2559 3166 2631 ἀκριϐῶς
3196 2560 3575 2612 διασκέπτοιτο
3607 2558 3780 2627 φύσιν

2176 2652 2451 2723 θεωρῆσαι
2483 2653 2701 2713 πάντως
2729 2650 2867 2721 αὐτῇ
2896 2650 2957 2703 τὸ
2979 2650 3080 2721 τῆς
3106 2648 3353 2712 δουλείας
3384 2648 3557 2719 ὄνομά
3587 2665 3649 2700 τε
3679 2648 3783 2701 καὶ

2175 2748 2409 2817 πρᾶγμα
2442 2744 2913 2816 πρεπωδέστατον.
2949 2742 3013 2797 Εἰ
3039 2743 3097 2796 δέ
3128 2759 3275 2807 τινες
3304 2742 3412 2796 τῶν
3454 2744 3512 2794 ἑν
3542 2743 3678 2812 ἡμῖν
3703 2744 3779 2812 τῇ

2175 2840 2274 2910 τῆς
2329 2839 2646 2910 ἐλευθερίας
2701 2840 3020 2909 τετίμηνται
3088 2836 3255 2907 δόξῃ,
3317 2833 3783 2906 καταχρηστικῶς

2176 2930 2361 3001 ἔχουσι
2400 2932 2462 2984 τὸ
2503 2932 2651 3001 μόνῳ
2690 2930 2810 3001 Θεῷ
2857 2928 3327 3002 χρεωστούμενον.
3380 2928 3586 2991 Ἡδέως
3632 2927 3678 2980 δ’
3710 2925 3783 2982 ἂν

2180 3027 2389 3100 σφόδρα
2419 3028 2642 3080 κάκεῖνο
2684 3026 2820 3098 πρὸς
2863 3025 3075 3087 τούτοις
3123 3024 3355 3095 ἐροίμην
3397 3021 3629 3085 αὐτούς’
3669 3016 3784 3090 ἆρα

2179 3121 2435 3192 θεοφόρον
2475 3120 2662 3191 ἐροῦσι
2710 3122 2801 3173 τὸν
2840 3116 3076 3183 Παῦλον,
3105 3115 3346 3188 Χριστοῦ
3394 3113 3784 3175 κατοικοῦντος

481 3210 686 3264 etenim
717 3209 973 3267 vafrities
995 3220 1051 3267 ct
1077 3214 1390 3286 malignitas
1417 3217 1470 3271 in
1497 3218 1565 3274 iis
1593 3221 1723 3290 est),
1750 3218 1919 3275 Deum
1953 3221 2072 3290 qui-

2180 3214 2266 3268 διὰ
2328 3213 2423 3266 τοῦ
2473 3214 2604 3267 ἰδίου
2654 3212 3070 3283 Πνεῦματοςοῆ
3131 3210 3226 3263 καὶ
3273 3208 3433 3263 τοῦτο
3483 3206 3785 3278 ληροῦντες

2195 3309 2206 3314 -
2301 3308 2312 3314 -
2565 3306 2625 3314 ...
2718 3306 2729 3314 .
2858 3303 2869 3314 .
2964 3306 2977 3314 .
3059 3302 3082 3314 -
3192 3303 3214 3314 -
3336 3303 3349 3314 .
3533 3301 3546 3314 .
3669 3296 3695 3314 .

482 3300 612 3355 dem
642 3298 773 3357 vere
803 3303 992 3359 dicent
1024 3304 1246 3370 Filium,
1277 3324 1385 3363 non
1421 3318 1604 3366 tamen
1632 3328 1697 3366 ex
1728 3311 1838 3367 Dee
1872 3329 2075 3368 secun-

482 3393 614 3449 dum
654 3404 915 3450 naturam
954 3414 1078 3454 esse
1108 3401 1377 3469 genitum,
1409 3419 1513 3459 nec
1546 3404 1779 3459 dubium
1820 3415 1905 3461 est
1939 3409 2077 3477 quin

483 3484 569 3538 vel
598 3484 688 3540 hic
718 3487 774 3540 in
807 3502 902 3543 eos
932 3489 1119 3558 quivis
1164 3491 1444 3563 insurgat.
1483 3494 1778 3559 Quomodo
1808 3496 1954 3551 enim
1988 3513 2075 3552 es-

482 3584 570 3631 set
596 3574 746 3633 Deus
778 3579 846 3642 is,
883 3578 977 3649 qui
1003 3591 1219 3638 nonest
1246 3600 1310 3639 ex
1339 3585 1451 3641 Deo
1485 3588 2075 3643 sccundumnaturam

483 3669 752 3739 genitus?
789 3670 1180 3729 Verumtamen
1218 3676 1352 3731 illud
1390 3677 1629 3751 dicimus
1666 3678 1865 3751 :792
1908 3679 2076 3737 Deum

484 3773 611 3815 esse
635 3760 718 3816 ais
741 3763 1044 3819 secundum
1084 3778 1339 3821 naturam
1367 3766 1589 3822 Filium.
1630 3771 1924 3837 Quomodo
1948 3789 2078 3844 ergo

483 3849 664 3908 deiter
697 3856 824 3921 erit,
848 3866 943 3911 aut
977 3871 1128 3915 certe
1158 3859 1252 3914 Dei
1294 3861 1599 3932 particeps,
1638 3865 1730 3934 qui
1772 3867 2078 3921 secundum

486 3955 753 4002 naturate
793 3957 882 4004 est
922 3951 1103 4007 Deus?
1136 3968 1237 4007 nec
1268 3954 1413 4009 enim
1451 3956 1536 4008 sui
1588 3957 1763 4026 ipsius
1801 3961 2080 4032 particeps

484 4033 656 4091 fuerit.
712 4054 960 4110 unquam
1002 4060 1015 4096 :
1052 4044 1118 4097 ad
1157 4044 1290 4114 quid
1334 4045 1483 4099 enim
1531 4047 1797 4105 habitabit
1846 4050 1991 4108 Deus
2024 4056 2077 4107 in

486 4125 622 4192 Deo,
655 4139 716 4184 ut
762 4132 903 4187 alter
939 4134 993 4188 in
1028 4136 1247 4190 altero?
1283 4135 1341 4190 Si
1369 4134 1521 4192 enim
1562 4139 1707 4194 idem
1747 4153 1833 4197 est
1882 4153 2080 4199 natura

486 4223 638 4291 quod
671 4226 921 4296 suscipit
940 4242 1064 4281 cum
1092 4244 1160 4283 eo
1191 4229 1337 4299 quod
1366 4232 1662 4301 inhabitat,
1693 4236 1826 4305 quid
1857 4236 2078 4291 demum

486 4317 913 4387 participatione
941 4336 1082 4392 opus
1105 4323 1250 4376 erit?
1275 4322 1371 4377 Sin
1402 4333 1587 4379 autem
1613 4328 2079 4396 quemadmodum

485 4407 610 4478 ipse
660 4409 994 4466 inhabitavit
1030 4413 1081 4467 in
1118 4413 1314 4483 Paulo,
1353 4418 1427 4471 ita
1477 4430 1531 4472 et
1562 4417 1725 4473 Pater
1759 4430 1843 4473 est
1895 4420 1949 4474 in
1992 4436 2079 4485 eo,

487 4502 772 4569 quomodo
797 4519 906 4559 non
932 4505 1108 4562 deil‘er
1129 4509 1358 4578 perinde
1389 4526 1455 4565 ac
1484 4509 1692 4566 Paulus
1724 4512 1855 4573 erit,
1879 4513 2084 4583 quippe

2184 3308 2531 3378 ἀρνήσονται.
2564 3306 2628 3357 Ei
2675 3306 2772 3375 μὲν
2812 3303 2920 3374 γὰρ
2960 3302 3145 3374 ἐροῦσι
3190 3303 3447 3372 θεοφόρον
3494 3301 3595 3354 οὐκ
3641 3296 3785 3354 εἶναι

2185 3400 2305 3456 κατ’
2343 3397 2624 3469 ἀλήθειαν,
2672 3398 2899 3471 ἀρκέσει
2945 3396 3009 3469 δὴ
3061 3394 3221 3449 τοῦτο
3267 3395 3416 3467 πρὸς⁴
3446 3397 3508 3447 τὸ
3570 3393 3785 3459 πάντας

2185 3494 2476 3547 ἀναπεῖσαι
2510 3491 2696 3546 λοιπὸν
2745 3489 2877 3560 παρ’
2910 3489 3090 3542 αὐτῶν
3132 3487 3486 3541 ἀποσείεσθαι
3512 3485 3787 3557 φλυαρίας

2187 3590 2281 3642 καὶ
2315 3590 2494 3659 μισεῖν
2535 3588 2616 3649 εἰς
2653 3586 2844 3654 ἄκρον,
2892 3582 2968 3647 ὡς
3012 3582 3167 3636 οὐδὲν
3204 3584 3378 3635 εἰπεῖν
3414 3580 3525 3633 τῶν
3562 3580 3789 3634 ἀτόπων

2190 3681 2678 3756 παραιτουμένους.
2717 3679 2779 3731 Ei
2813 3678 2871 3731 δέ
2909 3694 2975 3746 γε
3012 3676 3171 3729 τοῦτο
3208 3674 3503 3747 φειΐγοντες
3548 3673 3686 3745 πρός
3718 3688 3785 3742 γε

2184 3777 2246 3830 τὸ
2274 3775 2474 3847 χρῆναι
2505 3773 2685 3841 λέγειν
2705 3772 3080 3844 τραπήσονται
3114 3769 3369 3841 τάληθὲς,
3397 3769 3492 3822 καὶ
3525 3766 3788 3837 θεοφόρον

2186 3867 2403 3937 ἀληθῶς
2432 3865 2860 3936 ὁμολογήσουσιν
2893 3862 3079 3925 αὑτὸν,
3110 3861 3198 3915 διὰ
3233 3860 3295 3915 τὸ
3334 3863 3428 3918 τὸν
3458 3862 3700 3933 Χριστὸν
3727 3861 3790 3913 ἐν

2188 3957 2336 4030 αὐτῷ
2375 3959 2669 4021 κατοικεῖν,
2702 3953 2819 4018 πῶς
2845 3954 2906 4006 οὐ
2943 3953 3148 4025 σφόδρα
3173 3953 3449 4017 δυσσεϐῶς
3482 3952 3790 4009 ἁλώσονται

2186 4054 2286 4124 τῆς
2315 4050 2407 4105 τοῦ
2433 4048 2569 4103 Θεοῦ
2601 4048 2695 4101 καὶ
2738 4046 2951 4118 Πατρὸς
2992 4047 3181 4110 οὐσίας
3205 4046 3483 4116 ἀλλότριον
3513 4042 3653 4100 εἶναι
3698 4046 3789 4099 λέ-

2187 4162 2376 4215 γοντες
2408 4144 2499 4196 τὸν
2529 4143 2692 4208 Υίόν;
2735 4141 2934 4195 Οὐκέτι
2962 4140 3071 4212 γὰρ
3114 4139 3373 4212 θεοφόρος
3405 4142 3433 4194 6
3466 4139 3701 4206 Παῦλος,
3738 4141 3789 4193 εί

2194 4238 2266 4309 μὴ
2293 4237 2424 4300 Θεὸς
2459 4235 2602 4289 κατὰ
2637 4234 2798 4303 φύσιν
2842 4233 2990 4286 ἐστὶν
3037 4236 3065 4287 6
3094 4233 3242 4298 Υἱός·
3275 4233 3391 4287 ἀλλ’
3423 4233 3792 4306 ἐρυθριῶντες

2190 4328 2303 4380 ἔσθ’
2340 4328 2428 4380 ὅτε
2458 4327 2739 4399 (πρόσεστι
2772 4324 2881 4396 γὰρ
2910 4325 3004 4378 καὶ
3043 4325 3104 4377 τὸ
3148 4324 3454 4396 πανοῦργον
3482 4326 3664 4390 αὐτοῖς
3695 4325 3795 4379 καὶ

2191 4417 2461 4485 κακόηθες
2499 4418 2579 4479 εἰς
2624 4416 2858 4493 λόγους),
2887 4414 3019 4468 Θεὸν
3061 4415 3160 4487 μὲν
3202 4416 3419 4485 ἐροῦσιν
3452 4415 3669 4485 άληθῶς
3699 4415 3792 4467 τὸν

2191 4509 2343 4571 Υἱὸν,
2382 4507 2455 4578 μὴ
2503 4507 2606 4577 μὴν
2653 4510 2716 4561 ὲκ
2743 4507 2878 4561 Θεοῦ
2918 4506 3279 4578 γεγεννῆσθαι
3309 4507 3452 4562 κατὰ
3479 4508 3663 4578 φύσιν·
3699 4507 3794 4561 καὶ

487 4592 585 4663 qui
627 4595 777 4649 nulla
830 4612 894 4652 ex
948 4608 1108 4669 parte
1159 4601 1273 4670 jam
1329 4603 1531 4657 habeat
1566 4612 1627 4656 ut
1669 4604 1741 4659 sit
1775 4606 2072 4660 secundum

2192 4601 2275 4653 ὅτι
2302 4601 2401 4671 μὲν
2427 4600 2766 4655 άπαστισοῦν
2801 4600 2981 4655 αὐτῶν
3030 4603 3131 4655 κάν
3158 4601 3335 4673 τούτῳ
3374 4601 3791 4672 καταϐοήσειεν,

487 4692 746 4740 naturam
788 4686 956 4755 Deus,
1005 4707 1132 4746 cum
1169 4695 1387 4763 potiore
1420 4695 1516 4766 qui
1553 4695 1825 4753 inhabitet
1873 4700 1983 4753 Deo
2029 4698 2079 4753 ei

487 4776 639 4847 Opus'
658 4778 767 4833 sit?

2188 4696 2288 4748 οὐκ
2318 4695 2642 4765 ἀμφίλογον.
2673 4695 2799 4760 Πῶς
2827 4695 2936 4768 γὰρ
2965 4695 3032 4750 ἂν
3060 4698 3146 4768 εἴη
3176 4697 3328 4761 Θεὸς,
3360 4699 3388 4751 6
3425 4696 3500 4768 μὴ
3550 4698 3614 4748 ἐκ
3655 4694 3795 4748 Θεοῦ

2190 4788 2332 4842 κατά
2384 4788 2544 4857 φύσιν
2599 4790 3037 4861 γεγεννημένος;
3092 4790 3238 4860 Πλὴν
3288 4793 3468 4845 ἐκεῖνο
3519 4789 3794 4859 λέγομεν’

488 4868 624 4922 Θεὸν
670 4867 811 4925 εῖναι
862 4873 968 4945 φὴς
1010 4875 1154 4928 κατὰ
1197 4877 1359 4944 φύσιν
1399 4878 1490 4932 τὸν
1533 4879 1698 4944 Υἱόν;
1737 4879 1861 4943 Πῶς
1896 4876 1988 4934 οὖν
2054 4881 2121 4935 ἂν
2194 4884 2278 4957 εἴη
2320 4882 2579 4954 θεοφόρος
2628 4884 2797 4954 ἤγουν
2846 4883 2982 4938 Θεοῦ
3036 4885 3292 4957 μέτοχος,
3353 4889 3381 4939 6
3433 4886 3575 4939 κατὰ
3631 4882 3797 4951 φύσιν

490 4961 620 5026 Θεός
648 4982 661 5030 ,'
693 4965 814 5019 οὐδὲ
857 4968 967 5038 γάρ
1008 4967 1073 5022 ἂν
1120 4970 1316 5023 ἑαυτοῦ
1365 4971 1626 5043 μετάσχοι
1665 4975 1829 5027 ποτέ’
1861 4976 1941 5039 εἰς
1971 4976 2028 5029 τί
2054 4976 2164 5047 γὰρ
2202 4966 2417 5050 οἰκήσει
2453 4976 2586 5040 Θεὸς
2628 4978 2684 5029 ὲν
2716 4975 2856 5047 Θεῷ,
2900 4976 2975 5040 ὼς
3017 4978 3202 5047 ἕτερος
3232 4979 3290 5031 ὲν
3323 4977 3534 5050 ἑτέρῳς
3578 4975 3641 5028 Εἰ
3680 4971 3796 5043 γὰρ

486 5053 643 5109 τοῦτ’
671 5057 789 5111 ἔστι
842 5060 984 5113 κατὰ
1017 5061 1177 5127 φύσιν
1211 5063 1273 5116 τὸ
1305 5063 1595 5135 δεχόμενον
1643 5067 1780 5138 ὅπερ
1832 5067 1897 5121 ἂν
1926 5070 2097 5121 νοοῖτο
2135 5070 2230 5123 καὶ
2260 5069 2319 5122 τὸ
2344 5070 2607 5136 ἐνοικοῦν,
2655 5069 2785 5123 ποία
2822 5058 2835 5069 “
2862 5064 2954 5123 οὖν
2979 5069 3165 5124 λοιπὸν
3202 5076 3235 5142 ἡ
3287 5070 3386 5141 τῆς
3433 5070 3667 5140 μετοχῆς
3692 5068 3793 5136 γέ-

489 5160 636 5197 νοιτο
675 5148 869 5217 χρεία;
905 5149 969 5201 Εἰ
1008 5149 1064 5202 δὲ
1106 5148 1294 5222 ῶσπερ
1335 5153 1500 5217 αὐτὸς
1544 5153 1789 5228 ὲνῴκησε
1828 5156 1906 5229 τῷ
1952 5158 2172 5223 Παύλω,
2204 5159 2301 5231 τὸν
2327 5159 2490 5212 αὐτὸν
2520 5158 2583 5229 δὴ
2623 5161 2823 5231 τρόπον
2860 5160 2974 5213 καὶ·
3016 5161 3044 5213 6
3080 5161 3273 5232 Πατὴρ
3336 5163 3393 5217 ἐν
3435 5159 3605 5229 αὐτῷ,
3674 5162 3796 5223 πῶς

489 5238 551 5290 οὗ
586 5239 848 5311 θεοφόρος
884 5240 1035 5294 ἔσται
1081 5244 1223 5298 κατὰ
1268 5245 1359 5297 τὸν
1394 5246 1631 5318 Παῦλον,
1685 5252 1746 5303 τὸ
1775 5246 1915 5305 εἶναι
1958 5251 2092 5315 Θεὸς
2130 5253 2273 5307 κατὰ
2310 5252 2472 5322 φύσιν
2516 5253 2816 5325 οὐδαμόθεν
2856 5254 2997 5326 ἔχων
3056 5254 3158 5321 ἔτι,
3207 5254 3299 5309 διὰ
3374 5255 3435 5309 τὸ
3482 5253 3797 5326 κρείττονος

490 5331 751 5402 δεηθῆναι
784 5333 877 5386 τοῦ
905 5335 1244 5400 ἐνοικοῦντος
1288 5338 1457 5407 Θεοῦ;

560 5421 738 5481 Porro
786 5432 1053 5479 strenuus
1103 5426 1195 5480 hic
1236 5426 1327 5483 Dei
1377 5429 1555 5487 hostis
1598 5432 1810 5504 aliquid
1854 5436 2084 5507 insuper

489 5518 790 5585 excogitat,
819 5524 874 5571 et
904 5534 1003 5589 per
1039 5520 1267 5585 multas,
1296 5536 1355 5577 ut
1385 5525 1493 5579 sibi
1534 5527 1710 5598 lingit,
1736 5530 2089 5586 demonstras

490 5609 669 5662 timics
719 5620 878 5661 su:un
919 5609 1230 5668 doctrinam
1264 5614 1316 5669 in
1359 5617 1559 5689 vulgus
1602 5637 1867 5692 spargere
1907 5640 2083 5679 cona-

513 5713 602 5751 ur.
654 5693 851 5765 Operae
915 5700 1151 5769 pretium
1213 5706 1362 5762 enim
1416 5710 1661 5768 arbitror
1717 5715 1904 5768 omnia
1960 5715 2082 5784 ejus

2264 5426 2399 5483 Εἶτα
2454 5431 2614 5485 πάλιν
2656 5432 2748 5485 ἐπὶ
2788 5433 2997 5497 τούτοις
3047 5437 3075 5487 ὁ
3127 5434 3391 5504 γεννάδας
3446 5437 3577 5506 ἡμῖν
3611 5439 3800 5493 οὐτοσὶ

2194 5528 2563 5595 προσεπινοεῖ,
2614 5526 2708 5577 καὶ
2756 5526 2841 5578 διὰ
2879 5526 3089 5580 πολλῶν
3141 5526 3492 5593 ἀποδείξεων,
3523 5529 3599 5593 ὡς
3639 5531 3796 5583 67:322-

2191 5616 2361 5686 ληφεν
2410 5616 2590 5681 αὐτὸς,
2637 5617 2728 5670 τὸν
2761 5619 2959 5671 οἰκεῖον
3000 5618 3262 5691 θρῦλλοῦν
3309 5622 3571 5692 πειρᾶται
3612 5620 3793 5691 λόγον.

2196 5711 2381 5776 Ἄξιον
2416 5710 2525 5782 γὰρ
2562 5707 2717 5783 οἶμαι
2760 5711 2849 5765 διὰ
2893 5710 3109 5767 πάντων
3151 5711 3319 5766 αὐτοῦ
3363 5712 3486 5779 τῶν,
3526 5714 3796 5786 ῥημάτων

592 5850 637 5945 ’ξ
669 5866 861 5929 Matth.
904 5891 1036 5943 xvn,
1068 5877 1160 5935 25..

990 6050 1023 6083 /
