4006 6416
264 431 376 486 229

261 628 525 686 ἀπλῶσαι
573 626 675 700 τὴν
728 627 944 694 πεῦσιν,
983 630 1072 682 ἴνα
1140 628 1485 701 διελέγχηται
1544 631 1732 700 σαφῶς
1787 633 1869 696 ὅτι

258 726 378 788 τοῖς
432 722 740 792 ποιήμασιν
802 722 1116 794 ἐναρίθμιον
1172 721 1382 776 τίθεται
1421 723 1511 777 τὸν
1563 725 1866 797 Μονογενῆ,

260 816 359 870 καὶ
392 812 879 885 κεκομψευμέναις
910 815 1148 878 ἀπάταις
1176 814 1275 886 τὴν
1313 818 1393 881 εἰς
1422 816 1584 871 αὐτὸν
1612 816 1868 870 ἀσέϐειαν

261 904 598 976 καταχώσας
637 906 666 958 ὁ
700 905 952 969 δείλαιος,
998 905 1129 960 Θεὸν
1163 908 1262 977 μὲν
1309 903 1449 961 εἶναι
1494 908 1864 978 συνομολογεῖ,

258 998 358 1069 τῆς
398 1015 466 1067 γε
498 998 607 1070 μὴν
633 998 851 1069 ἀληθῶς
886 1001 979 1052 καὶ
1010 998 1150 1060 κατᾲ
1181 999 1340 1069 φύσιν
1368 999 1619 1066 θεότητος
1658 1002 1867 1073 ἐκπέμ-

260 1109 382 1146 πων
423 1092 591 1145 αὐτὸν
616 1132 632 1157 ,
682 1092 856 1146 οἴεταί
896 1109 1015 1156 πως
1052 1091 1311 1146 δύνασθαι
1360 1091 1544 1145 λαθεῖν
1591 1093 1719 1156 τοὺς
1785 1095 1866 1157 εἰς

258 1184 437 1255 αὐτὴν
467 1183 767 1255 βλέποντας
797 1182 894 1254 τὴν
932 1182 1208 1253 ἀλήθειαν.
1263 1183 1468 1254 Γράφει
1516 1184 1695 1237 τοίνυν
1733 1184 1859 1237 ὡδί·

268 1276 416 1329 Ἀλλ’
461 1276 654 1346 ὥσπερ
683 1276 843 1346 ἡμεῖς
889 1277 947 1327 ἐν
997 1275 1148 1345 αὑτῴ
1177 1272 1310 1329 εἶναι
1344 1275 1650 1347 λεγόμενοι,
1674 1278 1861 1347 φησὶν,

253 1368 442 1439 ἀμιγῆ
472 1368 613 1440 πρὸς
644 1368 811 1421 αὐτὸν
847 1365 1044 1438 ἔχομεν
1090 1366 1190 1438 τὴν
1224 1368 1519 1433 ὑπόστασιν
1540 1385 1553 1398 ·
1583 1368 1674 1423 τὸν
1700 1368 1864 1422 αὑτὸν

255 1460 468 1531 τρόπον
499 1459 598 1512 καὶ
621 1459 651 1510 ὁ
686 1458 814 1520 Υἱὸς
851 1458 909 1509 ὲν
940 1455 1019 1527 τῷ
1048 1456 1222 1527 Πατρὶ
1270 1458 1554 1528 τυγχάνων
1585 1459 1859 1529 διακεκριο

258 1552 437 1623 μένην
481 1551 577 1605 τοῦ
629 1551 930 1621 άγεννήτου
973 1549 1086 1620 ἔχει
1146 1550 1245 1622 τὴν
1293 1550 1474 1623 χάριν.
1513 1551 1618 1604 Φεῦ
1658 1569 1721 1620 γε
1769 1552 1861 1606 τοῦ

253 1644 644 1715 τολμήματοςί
698 1641 776 1704 ὡς
828 1640 999 1706 δεινὸς
1051 1644 1079 1695 ὁ
1126 1642 1304 1713 λόγος,
1347 1628 1442 1698 καί.
1489 1643 1686 1723 μεστδς
1727 1647 1863 1699 ἀπο-

249 1736 431 1801 νοίας,
477 1735 678 1805 μᾶλλον
729 1735 786 1789 δὲ
837 1732 1155 1798 δυσϐουλίας
1203 1737 1424 1806 ἀπάσης
1467 1737 1559 1789 καὶ
1609 1737 1862 1809 ἀποπλη-

248 1829 415 1896 {fagi
462 1827 899 1899 Ἐμωράνθησαν
935 1828 1104 1893 ὅντως
1153 1830 1455 1897 φάσκοντες
1507 1825 1645 1885 εἶναι
1704 1833 1857 1900 σοφοὶ

250 1920 347 1973 καὶ
379 1919 715 1992 φρονοῦντες
734 1917 879 1972 οὕτω
908 1918 1155 1990 περὶτοῦ
1195 1920 1532 1988 Μονογενοῦς
1552 1937 1565 1951 ⁸
1596 1920 1688 1975 τὸν
1725 1922 1855 1991 ἁγο-

249 2010 505 2082 ράσαντα
537 2010 737 2074 αὐτοὺς
789 2012 1065 2081 Δεσπότην
1102 2012 1433 2083 ἠρνήσαντο,
1479 2012 1619 2066 κατά
1663 2012 1724 2066 τὸ
1759 2030 1853 2082 γε-

244 2101 599 2174 γραμμένον.
644 2103 706 2154 El
759 2103 857 2173 μὲν
896 2102 1004 2173 γὰρ
1051 2102 1338 2171 ἄνθρωπον
1390 2098 1531 2158 εἷναί
1574 2122 1707 2174 φασι
1756 2107 1851 2159 καὶ

239 2196 342 2251 ἕνα
372 2196 485 2251 τῶν
522 2196 647 2250 καθ’
668 2198 814 2267 ἡμᾶς
837 2197 927 2250 τὸν
957 2198 1051 2251 τοῦ
1094 2198 1233 2252 Θεοῦ
1278 2200 1471 2269 Λόγον,
1495 2200 1648 2254 οὐδὲν
1681 2201 1760 2255 ἔτι
1789 2200 1849 2256 τὸ

239 2286 463 2339 κωλῦον
486 2288 665 2339 εἰπεῖν
688 2285 864 2350 οὕτως
888 2286 1156 2357 ὑπάρχειν
1179 2288 1342 2341 αὑτὸν
1367 2294 1425 2342 ὲν
1449 2290 1566 2361 Θεῷ
1595 2290 1849 2363 καθάπερ

236 2380 443 2449 ἡμεῖς·
479 2379 528 2431 εί
576 2378 635 2431 δὲ
685 2377 819 2431 Θεὸν
869 2372 1010 2433 εἶναι
1060 2379 1398 2446 πιστεύουσι,
1444 2383 1539 2437 καὶ
1578 2383 1655 2448 ὡς
1691 2384 1851 2439 τοῦτο

235 2470 389 2524 κατά
437 2469 606 2541 φύσιν
647 2470 950 2541 ὑπάρχοντι
996 2475 1323 2544 προσκυνεῖν
1365 2473 1662 2541 ἐγνώκασι,
1692 2477 1744 2529 τί
1776 2478 1850 2547 μὴ

236 2561 454 2632 μᾶλλον
476 2563 848 2632 ἀπονέμουσιν
892 2563 1041 2635 αὐτῷ
1072 2565 1132 2618 τὺ
1162 2564 1484 2637 θεοπρεπῶς
1525 2567 1852 2639 ἐνυπάρχειν

232 2654 317 2725 τῷ
352 2654 475 2724 ἰδίῳ
513 2654 555 2706 Γ
556 2657 829 2726 εννητορι,
872 2654 1016 2726 ἔχειν
1063 2673 1122 2710 τε
1148 2656 1311 2711 αὑτὸν
1343 2659 1400 2711 ὲν
1439 2658 1654 2729 ἑαυτῷ;
1695 2660 1853 2714 τοῦτο

235 2746 356 2816 γὰρ
395 2739 557 2815 οἶμαι
599 2748 820 2815 φρονεῖν
855 2762 914 2798 τε
966 2746 1061 2800 καὶ
1103 2747 1281 2815 λέγειν
1323 2750 1436 2813 τοῖς
1465 2749 1632 2813 ὄντως
1672 2750 1853 2821 θεοφι-

231 2834 358 2891 λέσι
407 2837 886 2909 πρεπωδέστερον.
912 2839 976 2892 Εἰ
1015 2841 1094 2904 δὲ,
1138 2841 1444 2912 ἄθραυστον
1491 2845 1622 2914 ἡμῖν
1657 2846 1850 2914 ἐπιτη-

230 2930 493 2994 δεύοντες
516 2930 617 3003 τὴν
663 2933 1078 3004 ἀναισχυντίαν,
1121 2933 1449 3005 ἐμμένουσιν
1491 2929 1572 2998 οἷς
1619 2937 1848 3007 εἰρήκα-

234 3041 324 3076 σιν
349 3062 368 3090 ,
398 3021 550 3076 οὕτω
588 3023 651 3076 τὲ
681 3041 846 3093 φασιν
879 3026 936 3078 ὲν
963 3025 1138 3096 Πατρὶ
1168 3024 1259 3079 τὸν
1287 3025 1415 3078 Υἱὺν
1439 3025 1629 3096 ὥσπερ
1667 3027 1732 3080 ἀν
1761 3028 1845 3097 εἴη

229 3115 401 3187 τυχὸν
443 3116 540 3169 καὶ
565 3116 727 3188 ἡμῶν
763 3117 994 3182 ἕκαστος
1032 3117 1141 3170 τῶν
1184 3115 1244 3181 ἐξ
1282 3117 1381 3171 οὐκ
1413 3116 1581 3170 ὄντων
1612 3119 1706 3172 καὶ
1739 3119 1846 3173 ἀπὸ

231 3208 340 3277 γῆς
370 3207 441 3260 δι’
465 3207 636 3262 αὐτοῦ
662 3209 1071 3277 γεγονότωνλτί
1104 3210 1179 3280 μὴ
1220 3212 1333 3272 τοῖς
1380 3209 1657 3265 ἐθέλουσιν
1696 3214 1841 3281 ἐφεῖ-

227 3315 324 3352 ται
368 3298 564 3352 λοιπὸν
616 3298 917 3365 ἀκινδύνως
968 3300 1172 3353 εἰπεῖν·
1206 3318 1224 3351 ι
1268 3300 1327 3353 Ὀ
1374 3300 1636 3371 ἑωρακὼς
1692 3304 1793 3373 ἐμὲ
1832 3343 1847 3367 ,

230 3386 454 3457 ἑώρακε
499 3386 593 3440 τὸν
610 3387 858 3460 Πατέρα,
883 3388 1038 3456 κάγὼ
1075 3391 1131 3441 ἐν
1176 3387 1255 3459 τῷ
1294 3389 1491 3459 Πατρὶ,
1533 3391 1628 3444 καὶ
1667 3392 1695 3444 ὁ
1739 3393 1850 3446 Πα-

226 3476 340 3550 τὴρ
372 3479 433 3532 ἐν
456 3476 584 3548 ἐμοί
614 3479 786 3547 ἐστιν;
815 3498 835 3531 ι
871 3479 1035 3542 Ἀλλ’,
1058 3474 1232 3550 οἶμαι,
1262 3479 1473 3550 μωρίας
1494 3480 1593 3550 τῆς
1619 3481 1847 3536 ἁπασῶν

228 3566 481 3639 ἐσχάτης
509 3567 667 3640 ἁλοίη
714 3586 800 3632 τις
855 3570 922 3623 ἂν
964 3570 1056 3623 ἐπὶ
1100 3567 1275 3640 τούτῳ
1322 3573 1529 3642 γραφῇ,
1569 3572 1660 3625 καὶ
1702 3572 1846 3643 μάλα

226 3658 488 3723 εἰκότως.
526 3660 766 3731 Ἀπηχές
785 3677 844 3713 τε
877 3660 1005 3732 γὰρ,
1040 3662 1134 3715 καὶ
1162 3662 1282 3715 κατ’
1308 3662 1521 3727 οὐδενὸς
1544 3662 1651 3716 τῶν
1675 3664 1846 3733 ἁγίων

228 3750 442 3823 ἠνέχθη
493 3751 627 3805 ποτὲ
684 3751 911 3823 τοιαύτη
966 3752 1118 3824 φωνὴ
1171 3754 1322 3826 παρὰ
1376 3758 1444 3828 τῇ
1503 3755 1846 3828 θεοπνεύστῳ

228 3842 431 3917 Γραφῇ
454 3860 469 3873 ·
504 3844 900 3917 παραχωροῦσι
933 3846 990 3900 δὲ
1021 3848 1238 3910 πάντως
1259 3847 1337 3919 τῷ
1367 3847 1509 3901 κατὰ
1543 3849 1706 3917 φύσιν
1734 3852 1845 3902 Κυ-

231 3936 336 4008 ρίῳ
366 3936 465 3991 xa‘t
495 3936 619 4008 Θεῷ
648 3938 726 4009 τῷ
757 3941 1056 4008 μονογενεῇ
1089 3939 1188 4012 τὴν
1235 3941 1320 4012 ἐφ’
1351 3941 1522 3995 ἅπασι
1557 3943 1669 4004 τοῖς
1703 3944 1842 4010 ἀγα-

227 4030 346 4094 θοῖς
395 4031 752 4102 ἀσυγκρίτως
794 4032 1101 4103 ὑπεροχὴν,
1147 4034 1241 4091 καὶ
1280 4034 1345 4106 δὴ
1389 4035 1483 4087 καὶ
1535 4034 1841 4105 κεκράγασι

228 4119 525 4188 λέγοντες·
571 4138 591 4171 ι
633 4120 728 4183 Τίς
782 4122 1181 4193 ὁμοιωθήσεται
1231 4122 1309 4193 τῷ
1364 4122 1554 4195 Κυρίῳ
1603 4125 1661 4177 ὲν
1704 4124 1838 4188 υίοῖς

229 4210 371 4265 Θεοῦ
398 4231 412 4279 ;
453 4231 475 4264 ι
521 4211 648 4274 Πῶς
677 4207 771 4266 οὖν
799 4211 879 4266 ἔτι
928 4214 1049 4267 καθ’
1081 4215 1230 4286 ἡμᾶς
1258 4215 1286 4268 ό
1311 4215 1642 4284 Μονογενὴς,
1682 4213 1839 4287 εἴπερ

228 4303 412 4367 οὐδεὶς
450 4303 568 4361 ἴσος
595 4320 656 4357 τε
692 4303 786 4357 καὶ
818 4303 1000 4374 ὅμοιος
1031 4304 1199 4375 αὐτῷ,
1231 4306 1373 4358 κατὰ
1403 4305 1502 4375 τὴν
1530 4306 1639 4359 τῶν
1669 4305 1838 4375 ἁγίων

230 4397 458 4466 φωνήνς
497 4395 559 4448 Ei
602 4394 660 4448 δὲ
694 4393 867 4458 οὕτως
907 4396 1054 4449 ἐστὶν
1105 4398 1163 4450 ἐν
1204 4395 1323 4466 Θεῷ
1375 4397 1627 4471 καθάπερ
1651 4400 1834 4471 ἡμεῖς,

226 4486 352 4551 πῶς
398 4486 506 4540 οὐκ
554 4487 771 4559 ἀνάγκη
822 4485 1008 4540 λοιπὸν
1048 4487 1456 4559 ψευδομυθῆσαι
1513 4490 1613 4561 μὲν
1657 4490 1837 4559 λέγειν

1361 426 1431 482 ΙΝ
1462 427 1752 487 JOANNIS
1780 425 2241 486 EVANGELIUM
2276 429 2408 486 LIB.
2444 430 2542 486 IX.

264 539 444 594 ἐλθεῖν
472 577 489 602 ,
548 538 645 592 καὶ
694 537 797 609 τῆς
847 536 1075 609 ἐνούσης
1134 536 1286 608 αὐτῷ
1341 537 1610 611 θεομάχου
1671 539 1847 610 βουλῆς

1974 541 2139 605 verba
2172 556 2523 613 percurrere,
2559 551 2614 599 et
2634 543 2758 614 ejus
2784 543 3010 615 impiam
3037 560 3103 601 ac
3132 544 3242 602 Deo
3276 546 3561 605 inimicam
3641 573 3653 583 -

3452 436 3563 493 250

1973 645 2213 689 mentem
2256 636 2617 705 perscrutari,
2647 643 2706 691 ut
2735 637 2887 691 clare
2936 639 3304 709 arguaturjn
3340 649 3564 695 creatu~

1971 741 2158 780 rarum
2208 743 2444 783 numero
2498 725 2856 799 Unigenitum
2890 729 3187 794 collocare,
3219 740 3275 786 et
3322 733 3563 801 eleganti

1972 813 2165 870 fraude
2206 831 2364 871 suam
2415 817 2471 872 in
2506 832 2635 873 eum
2685 817 3029 887 impietatem
3079 820 3335 887 celando,
3388 821 3560 875 Deum

1971 907 2190 976 quidem
2227 923 2352 962 esse
2374 906 2668 963 nobiscum
2703 905 2888 970 fateri,
2920 906 2988 962 de
3014 924 3142 963 vera
3172 916 3357 966 tamen
3385 919 3440 966 et
3469 926 3560 965 na-

1971 996 2134 1049 turali
2169 995 2376 1052 deitate
2405 1013 2529 1052 eum
2556 997 2631 1051 ita
2662 996 2980 1065 excludere,
3012 1008 3074 1053 ut
3103 997 3277 1055 latere
3304 1015 3363 1056 se
3394 1016 3561 1072 posse

1970 1095 2125 1158 putet
2172 1102 2269 1144 eos
2300 1089 2395 1158 qui
2440 1074 2494 1143 in
2535 1088 2712 1158 ipsam
2762 1090 3053 1146 veritatem
3096 1092 3421 1162 respiciunt.
3468 1094 3561 1151 Sic

1968 1194 2100 1248 ergo
2141 1180 2337 1234 scribit
2364 1199 2378 1235 :
2410 1179 2616 1234 Verum
2646 1182 3111 1254 quemadmodum
3140 1200 3241 1241 nos
3275 1186 3370 1255 qui
3407 1188 3463 1241 in
3489 1202 3559 1242 eo

1967 1282 2091 1322 esse
2137 1267 2396 1331 dicimur,
2433 1269 2648 1340 inquit,
2686 1258 3004 1327 nullatenus
3047 1289 3172 1327 cum
3222 1290 3290 1330 eo
3332 1277 3559 1333 mistam

1968 1358 2307 1431 bypostasim
2357 1361 2625 1417 habemus
2659 1381 2673 1417 :
2703 1365 2775 1418 ita
2801 1373 2855 1420 et
2890 1363 3062 1422 Filius
3097 1381 3224 1421 cum
3255 1368 3329 1423 sit
3356 1369 3411 1423 in
3450 1367 3560 1423 Pa-

1968 1459 2067 1516 tre,
2107 1451 2424 1507 distinctam
2482 1454 2640 1511 habet
2682 1456 2751 1510 ab
2801 1456 3051 1528 ingenito
3104 1458 3362 1529 gratiam.
3408 1459 3558 1516 Proh

1966 1539 2185 1595 facinus
2242 1541 2456 1596 audax!
2510 1558 2543 1597 o
2601 1559 2762 1599 voces
2822 1544 3066 1603 nefarias
3120 1556 3174 1602 et
3227 1548 3554 1619 impietatis,

1966 1632 2216 1687 stultitiae
2241 1648 2304 1687 ac
2340 1635 2586 1704 stuporis
2623 1635 3019 1705 plenissimas!
3061 1636 3228 1693 Stulti
3258 1637 3392 1694 facti
3424 1648 3558 1696 sunt

1965 1724 2213 1795 profecto
2264 1726 2517 1782 dicentes
2568 1742 2628 1784 se
2679 1731 2963 1799 sapientes
3023 1733 3099 1795 ιδ,
3146 1741 3314 1803 atque
3371 1734 3447 1789 ita
3483 1734 3559 1793 de

1966 1813 2265 1886 Unigenito
2312 1817 2613 1872 sentientes
2659 1834 2672 1871 :
2715 1818 3004 1873 Dominum
3039 1822 3133 1890 qui
3179 1823 3411 1878 redemit
3455 1840 3558 1885 eos

1892 1888 1933 1942 Β
1962 1907 2323 1977 abnegarunt,
2352 1908 2498 1963 sicut
2524 1911 2795 1978 scriptum
2829 1920 2915 1971 est
2938 1912 3002 1969 ”.
3032 1910 3167 1966 Nam
3202 1913 3247 1967 si
3275 1914 3556 1972 hominem

1960 2015 2083 2055 esse
2115 1985 2311 2056 dicunt
2355 2008 2409 2056 et
2455 2016 2624 2056 unum
2675 2018 2705 2057 e
2750 2003 2916 2059 nobis
2962 2003 3061 2059 Dei
3110 2004 3377 2073 Verbum,
3418 2008 3557 2064 nihil

1958 2091 2074 2164 jam
2125 2094 2384 2165 prohibet
2432 2096 2619 2153 dicere
2661 2113 2787 2152 eum
2832 2099 2908 2153 ita
2952 2099 3010 2153 in
3064 2101 3173 2157 Deo
3217 2118 3342 2160 esse
3385 2103 3555 2161 sicuti

1966 2201 2103 2252 nos;
2152 2186 2301 2254 quod
2359 2187 2407 2242 si
2453 2185 2622 2244 Deum
2672 2204 2800 2244 esse
2838 2191 3098 2259 credunt,
3152 2210 3391 2265 eumque
3430 2204 3554 2253 tau-

1966 2293 2131 2348 quam
2161 2287 2357 2332 natura
2394 2279 2444 2334 id
2487 2280 2851 2335 cxsistentem
2887 2282 3235 2338 adorandum
3270 2295 3551 2354 statuunt,

1964 2368 2155 2439 quidni
2182 2370 2367 2440 potius
2404 2372 2725 2427 concedunt
2756 2389 2882 2429 eum
2922 2374 3035 2430 Deo
3070 2378 3471 2433 convenienter
3493 2378 3555 2435 in

1960 2474 2066 2513 suo
2092 2457 2255 2515 Patre
2284 2460 2580 2526 exsistere,
2610 2477 2852 2533 eumque
2887 2464 2942 2517 in
2988 2465 3176 2535 seipso
3217 2466 3465 2523 habere?
3495 2468 3551 2524 id

1956 2548 2104 2613 enim
2160 2550 2374 2613 sentire
2426 2565 2491 2605 ac
2550 2550 2735 2619 dicere
2788 2569 2948 2609 veros
3004 2554 3098 2610 Dei
3155 2558 3401 2613 cultores
3450 2557 3551 2614 de-

1955 2654 2081 2693 cere
2133 2640 2307 2711 magis
2354 2641 2619 2696 arbitror.
2650 2642 2746 2697 Sin
2795 2654 2978 2699 autem
3029 2646 3323 2716 praefracta
3361 2650 3547 2720 impu-

1954 2730 2139 2784 dentia
2171 2739 2423 2801 perstant
2466 2732 2522 2785 in
2580 2732 2651 2787 iis
2684 2749 2807 2803 quae
2861 2735 3351 2807 dixcr~unt,.atque
3385 2738 3461 2793 ita
3486 2738 3548 2796 in

1957 2818 2118 2875 Patre
2165 2819 2364 2875 Filium
2401 2837 2529 2877 esse
2579 2823 2774 2878 dicunt
2810 2825 2976 2880 sicuti
3024 2829 3412 2900 unusquisque
3441 2845 3547 2884 no-
3591 2816 3611 2833 ’

1956 2918 2137 2967 strum
2184 2914 2281 2983 qui
2336 2929 2400 2969 ex
2446 2915 2619 2970 nihilo
2667 2928 2721 2971 et
2772 2917 2841 2971 de
2895 2927 3044 2971 terra
3096 2935 3191 2989 per
3234 2936 3360 2976 eum
3413 2921 3548 2979 facti

1959 3016 2151 3056 sumus
2187 3020 2202 3057 :
2239 3004 2435 3073 quidni
2481 3004 2670 3060 licebit
2706 3006 3006 3077 unicuique
3051 3018 3305 3063 nostrum
3347 3025 3549 3068 secure

1955 3093 2142 3150 dicere
2175 3114 2192 3149 :
2238 3096 2385 3162 «Qui
2439 3096 2590 3151 videt
2636 3113 2721 3153 me
2772 3099 2926 3153 videt
2973 3107 3026 3152 et
3076 3099 3381 3167 Patremp
3437 3110 3543 3158 et:

1961 3186 2104 3256 (Ego
2134 3188 2187 3241 in
2215 3185 2401 3252 Patre,
2435 3197 2488 3243 et
2513 3188 2675 3243 Pater
2700 3189 2755 3243 in
2792 3206 2880 3245 me
2911 3191 3039 3246 cst?
3069 3211 3087 3244 ι
3118 3191 3226 3247 Sed
3259 3199 3548 3259 extremae,

1953 3285 2171 3352 Opinor,
2214 3286 2516 3343 dementiae
2573 3302 2742 3341 neruo
2789 3303 2900 3341 nun
2949 3287 3004 3342 id
3056 3304 3181 3344 esse
3217 3289 3346 3356 jure
3389 3289 3549 3346 dixe-

1951 3378 2044 3431 rit.
2083 3378 2244 3449 793
2280 3378 2611 3433 Absurdum-
2630 3387 2714 3433 est
2747 3380 2969 3455 quippe,
3003 3396 3104 3436 nec
3131 3381 3197 3437 de
3218 3374 3546 3438 sanctorum

1951 3469 2062 3523 ullo
2086 3470 2140 3523 in
2160 3470 2336 3524 sacris
2351 3468 2577 3525 Litteris
2592 3469 2866 3539 ejusmodi
2883 3486 2989 3526 vox
3008 3472 3409 3543 reperitur,sed
3426 3487 3547 3528 om-

1950 3561 2084 3617 nino
2119 3562 2358 3616 naturali
2392 3561 2625 3643 Dornino
2655 3571 2709 3618 et
2745 3561 2855 3617 Deo
2888 3561 3220 3635 Unigenito,
3256 3565 3549 3636 incompa-

1947 3655 2183 3709 rabilem
2226 3670 2391 3725 supra
2424 3670 2618 3710 omnes
2655 3655 2831 3710 bonos
2872 3656 3225 3710 eminentiam
3269 3656 3544 3725 tribuunt,

1947 3747 2195 3817 adeoque
2229 3748 2573 3801 exclamant:
2611 3767 2628 3798 ι
2659 3746 2797 3813 Quis
2827 3748 3028 3804 similis
3057 3748 3164 3803 erit
3194 3744 3428 3805 Domino
3453 3748 3545 3804 in-

1946 3845 2029 3893 ter
2058 3838 2199 3893 ﬁlios
2240 3836 2333 3892 Dei
2364 3837 2451 3891 ‘7?
2482 3859 2501 3890 ι
2533 3837 2824 3903 Quomodo
2853 3855 2986 3909 ergo
3019 3838 3220 3894 similis
3249 3839 3412 3895 nobis
3454 3847 3544 3898 est

1946 3930 2303 4001 Unigenitus,
2364 3929 2411 3984 si
2464 3930 2652 3983 nullus
2696 3929 2745 3984 ei
2803 3930 3033 4000 aequalis
3073 3938 3156 3987 est
3195 3931 3541 4000 autsimilis,

1938 4022 2094 4092 juxta
2128 4030 2455 4077 sanctorum
2489 4020 2722 4075 vocem?
2760 4020 2921 4088 Quod
2952 4023 2999 4077 si
3038 4038 3105 4078 eo
3136 4022 3322 4077 modo
3362 4032 3448 4081 est
3480 4023 3542 4080 in

1943 4112 2056 4168 Deo
2118 4128 2228 4183 quo
2296 4127 2422 4174 nos,
2473 4113 2743 4182 numquid
2778 4129 3007 4170 necesse
3051 4122 3137 4170 est
3189 4122 3250 4169 ut
3283 4115 3543 4171 dicamus

1942 4214 2261 4262 sanctorum
2286 4203 2521 4258 chorum
2576 4204 2824 4271 mentiri,
2857 4206 3178 4277 nullamque
3211 4206 3542 4278 praerogati-

1942 4312 2065 4354 vam
2105 4299 2339 4352 naturali
2394 4298 2535 4353 Filio
2593 4299 2858 4364 tribuere,
2896 4314 2994 4369 per
3046 4286 3214 4370 quam
3272 4307 3542 4371 praestare

1938 4391 2215 4463 adeptivis
2246 4390 2735 4463 videatur?Apage
2772 4402 2885 4445 tam
2908 4392 3293 4448 detestandum
3327 4392 3540 4455 scelus,

1941 4500 1975 4539 ο
1997 4483 2177 4551 bone;
2233 4499 2582 4554 nequaquam
2643 4498 2747 4539 nos
2776 4484 2851 4538 ita
2898 4485 3189 4546 sentimus,
3224 4483 3405 4538 absit!
3439 4485 3540 4539 sed

225 4579 320 4629 τὸν
354 4576 470 4629 τῶν
504 4575 674 4644 ἁγίων
720 4575 900 4648 χορὸν,
946 4577 1098 4630 οὐδὲν
1127 4578 1184 4631 δὲ
1213 4577 1275 4631 τὸ
1323 4579 1505 4634 πλεῖον
1543 4582 1838 4652 ἀπονεῖμαι

1953 4588 2262 4633 sanetorum
2306 4574 2533 4629 Patrum
2565 4575 2883 4644 opinionem
2935 4583 3251 4645 sequentes,
3300 4574 3535 4646 gloriam

224 4668 305 4739 τῷ
333 4668 484 4722 κατά
516 4667 679 4736 φύσιν
713 4667 850 4737 Υίῷ,
885 4667 951 4722 δι’
980 4663 1246 4739 οὖπερ⁸ἂν
1280 4672 1522 4740 φαίνοιτο
1550 4675 1663 4736 τοῖς
1693 4675 1835 4728 κατᾶ

224 4761 385 4816 θέσιν
440 4762 546 4814 οὐκ
596 4760 936 4826 ίσοστατῶν;
980 4762 1197 4832 ’Ἄπαγε
1244 4764 1341 4834 τῆς
1395 4760 1698 4837 βδελυρίας,
1744 4766 1835 4821 ἄν-

226 4853 452 4925 θρωπεῑ
490 4854 838 4923 φρονήσομεν
873 4852 982 4924 γὰρ
1024 4853 1123 4924 οὐχ
1176 4854 1348 4919 οὕτως
1393 4859 1576 4928 ἡμεῖς,
1611 4859 1685 4929 μὴ
1736 4859 1833 4927 γέ·-

176 4932 191 4939 ”
224 4963 396 5011 νοιτο,
424 4947 544 5009 ταῖς
585 4944 642 4997 δὲ
679 4945 788 4999 τῶν
831 4945 1001 5015 ἁγίων
1032 4946 1290 5016 Πατέρων
1335 4949 1591 5017 ἑπόμενοι
1630 4948 1830 5015 δόξαις,

223 5034 616 5105 εὐδοκιμήσειν
651 5036 803 5105 παρά
847 5034 966 5107 Θεῷ
1013 5036 1366 5106 πιστεύομεν.
1409 5038 1625 5110 Ἐπειδὴ
1663 5039 1719 5092 δὲ
1755 5041 1834 5104 είς

221 5125 509 5191 ἀπόδειξιν
536 5120 612 5179 ὧν
646 5127 904 5195 φρονοῦσι
935 5129 1029 5182 καὶ
1073 5129 1319 5196 λέγουσιν
1353 5132 1528 5183 ἐκεῖνο
1572 5131 1833 5203 παρήγα-

221 5234 321 5285 γον
351 5216 416 5268 τὸ
446 5215 742 5286 εἰρημένον
790 5215 879 5269 διὰ
904 5217 998 5270 τοῦ
1033 5217 1269 5283 Παύλου,
1306 5220 1387 5272 δτι
1420 5239 1439 5270 ι
1461 5220 1549 5272 Ἐν
1583 5220 1701 5291 Θεῴ
1728 5220 1832 5283 ζῶ-

229 5326 353 5378 μεν,
387 5308 485 5361 καὶ
518 5307 838 5376 κινούμεθα,
874 5309 970 5362 καὶ
1000 5309 1188 5379 ἐσμὲν.
1216 5329 1236 5361 δ
1274 5309 1334 5363 τὺ
1365 5312 1422 5363 ἐν
1461 5312 1637 5383 Πατρὶ
1678 5312 1832 5381 λέγε-

228 5399 353 5453 σθαι
389 5400 485 5454 τὸν
509 5391 647 5453 ’Υἰὺν
680 5399 989 5464 δεικνύντες
1035 5402 1240 5455 εἰκαῖον
1267 5405 1329 5455 ὲκ
1354 5403 1461 5457 τῶν
1501 5405 1622 5459 καθ’
1659 5407 1828 5477 ἡμᾶς,

227 5494 360 5566 φέρε
395 5498 521 5559 ταῖς
567 5492 940 5565 καθηκούσαις
988 5493 1237 5565 ἐρεύναις
1280 5494 1339 5547 τὸ
1391 5495 1553 5566 ῥηθὲν
1590 5496 1827 5550 ὑποϐάλ-

225 5584 413 5650 λοντες
442 5585 814 5655 διελέγχωμεν
849 5585 1046 5647 αὐτοὺς
1080 5586 1171 5638 καὶ
1206 5585 1296 5637 τὸν
1337 5586 1445 5637 τῶν
1482 5585 1652 5655 ἁγίων
1689 5588 1825 5640 ἁποο

230 5678 435 5733 στόλων
466 5680 827 5747 συκοφαντεῖν
877 5676 1130 5732 ἐθέλοντα
1172 5678 1286 5750 [7-p.
1337 5677 1647 5751 ἐθέλοντας]
1679 5680 1824 5746 νοῦν,

318 5867 367 5899 ⁸⁵
402 5865 564 5922 Rom.
593 5881 645 5930 ι,
674 5866 746 5920 2‘2
832 5866 876 5898 ¹⁶
903 5865 1025 5921 Act.
1058 5881 1154 5935 ιιι,
1196 5866 1283 5933 15,
1323 5864 1405 5918 14.

1489 5865 1528 5895 ⁸⁷
1560 5863 1707 5921 Psal.
1732 5881 1973 5921 anvm
2000 5906 2014 5929 ,
2052 5866 2103 5919 8.

1944 4670 2086 4740 apud
2137 4668 2306 4722 Deum
2342 4682 2444 4722 nos
2494 4674 2899 4722 consecuturos
2925 4666 3227 4723 credimus.
3259 4667 3367 4724 Sed
3396 4683 3540 4740 quo-

1943 4762 2089 4814 niam
2125 4758 2194 4813 ad
2249 4756 2779 4811 demonstrationem
2834 4771 3025 4811 eorum
3075 4771 3199 4826 qua:
3238 4756 3431 4811 dicunt
3469 4769 3539 4811 ac

1942 4854 2188 4908 sentiunt
2239 4851 2374 4905 illud
2411 4848 2569 4903 Pauli
2620 4849 2827 4904 dictum
2864 4849 3169 4904 attulerunt
3206 4869 3220 4904 :
3261 4869 3281 4901 ι
3323 4849 3381 4905 In
3423 4848 3538 4907 Deo

1940 4945 2200 5010 vivimus,
2243 4957 2529 4998 movemur
2583 4949 2638 4996 et
2668 4956 2862 4996 sumus
2887 4939 2950 5007 ⁸⁸,
2989 4959 3009 4993 ›
3046 4941 3180 4997 illud
3215 4941 3361 5013 quod
3393 4942 3534 4999 dici-

1940 5044 2053 5102 tur,
2105 5034 2302 5089 Filium
2333 5036 2390 5089 in
2445 5031 2636 5098 Patre,
2671 5032 3023 5090 ostendentes
3061 5028 3264 5089 vanum
3312 5050 3437 5092 esse
3464 5051 3535 5091 ex

1940 5129 2123 5192 nobis,
2148 5142 2249 5198 age
2270 5128 2481 5182 dictum
2508 5125 2642 5180 illud
2665 5126 3058 5182 convenienter
3081 5137 3414 5192 scrutantes,
3434 5127 3532 5183 de-

1939 5229 2313 5275 monstremus
2344 5233 2439 5274 eos
2455 5228 2508 5274 et
2536 5224 2858 5273 sanctorum
2892 5219 3269 5289 apostolorum
3294 5227 3531 5274 mentem

1938 5312 2289 5377 calumniari,
2308 5318 2364 5365 et
2397 5311 2452 5364 in
2471 5313 2802 5367 sententiam
2830 5327 2987 5367 suam
3005 5325 3127 5381 quae
3153 5320 3302 5364 recte
3335 5310 3522 5363 admo-

1937 5404 2067 5457 dum
2108 5404 2255 5459 dicta
2289 5411 2417 5458 sunt
2446 5404 2777 5460 stultissime
2818 5402 3172 5471 detorquere.
3221 5401 3354 5454 Nam
3401 5415 3528 5455 cum

1938 5496 2172 5551 Athenis
2202 5506 2350 5553 esset
2390 5496 2590 5552 beatus
2615 5494 2821 5552 Paulus
2872 5495 3246 5565 populumque
3285 5491 3531 5555 videret,

1937 5587 2192 5656 ιμιίιιιιγίε
2221 5587 2502 5657 sapientia:
2524 5587 2746 5641 nomine
2760 5584 3055 5648 celebrem,
3085 5582 3312 5641 deorum
3345 5570 3533 5636 tamen

1937 5678 2075 5733 falsa
2110 5679 2374 5749 religione
2415 5680 2614 5745 teneri,
2654 5677 2774 5769 ‘piis
2813 5676 3129 5732 rationibus
3156 5689 3255 5732 eos
3289 5690 3324 5729 α
3358 5674 3529 5732 νεωτὶ

2187 5867 2226 5896 ‘3
2280 5866 2399 5919 ἐπὶ.
2442 5879 2571 5923 xm,
2607 5860 2695 5916 98.
