4006 6424
477 440 574 495 ΕΞ¹51

1481 436 1536 492 S.
1581 436 1856 493 CilllLLl
1895 437 2366 498 ALEXANDKINI
2411 443 2730 500 AllClllEP.
3635 457 3725 500 (εὶῖῖέ

3638 485 3726 509 ἐς.)ὲὶ

477 553 668 608 fraude
711 551 781 607 ad
829 553 996 607 unius
1031 567 1094 606 ac
1126 553 1241 607 veri
1293 551 1386 606 Dei
1419 554 1752 622 agnitionem
1803 568 2063 610 revocare

2176 562 2260 614 καὶ
2295 562 2373 623 εἰς
2407 560 2469 612 τὸ
2505 558 2695 614 δοκοῦν
2722 558 2905 620 αὐτοῖς
2932 556 3265 610 ἀϐουλότατα
3298 561 3730 631 παρατρέποιτας

475 645 802 710 conabatur,
836 645 927 714 qui
950 643 1224 698 creaturis
1251 644 1368 699 suis
1391 645 1556 698 vitam
1583 655 1781 700 etesse
1815 647 2064 716 largitur.

458 741 690 811 Cuncta
715 741 922 810 quippe
950 738 1214 803 viviﬁcat,
1237 738 1347 790 vita
1376 752 1499 791 cum
1533 738 1605 793 sit
1639 739 1943 793 secundant
1977 756 2068 794 na-

478 847 687 893 turam,
727 833 1113 887 universorum
1161 828 1367 910 opifex,
1397 844 1513 886 sua}
1553 832 1910 901 proprietatis
1959 834 2066 887 vim

475 930 558 984 eis
592 925 943 994 ineli‘abiliter
988 922 1307 977 infundens.
1331 921 1442 978 Nec
1475 923 1622 977 enim
1648 923 1810 979 aliter
1843 939 2070 981 conser-

479 1022 596 1075 vari
632 1027 855 1092 possent
892 1019 945 1071 in
995 1031 1120 1072 esse
1146 1031 1250 1070 suo
1279 1032 1400 1086 qua:
1436 1026 1620 1072 ortum
1667 1018 1888 1072 enihilo
1912 1033 2070 1088 cepe-

479 1123 611 1169 runt
643 1131 655 1168 :
691 1111 899 1180 alioqui
932 1113 1076 1166 enim
1110 1109 1178 1165 ad
1211 1125 1367 1165 suam
1419 1121 1674 1164 naturam
1708 1109 1975 1172 redirent,
2013 1110 2067 1165 id

476 1212 563 1260 est
589 1205 644 1259 in
693 1203 950 1268 nihilum,
993 1203 1101 1258 nisi
1158 1202 1556 1274 conjunctione
1599 1209 1655 1257 et
1701 1202 1970 1257 relatione
1999 1204 2066 1258 ad

474 1314 602 1354 eum
669 1299 763 1368 qui
812 1306 896 1354 est
936 1298 1022 1354 sui
1077 1308 1234 1352 ortus
1290 1297 1662 1350 inﬁrmitatem
1720 1305 2065 1365 superarent.

475 1385 647 1444 Recte
702 1389 888 1459 itaque
953 1389 1176 1443 divinus
1225 1386 1433 1442 Paulus
1497 1387 1702 1452 aiebat,
1770 1387 2068 1444 ostendens

474 1476 648 1534 Deum
709 1480 1100 1534 universorum
1141 1480 1312 1534 vitam
1341 1493 1485 1542 esse,
1521 1493 1624 1534 nos
1675 1478 1730 1532 in
1762 1493 1828 1533 eo
1861 1479 2065 1546 vivere,

473 1581 530 1627 et
570 1572 803 1630 moveri.
834 1578 888 1626 et
917 1586 1042 1627 esse
1101 1590 1114 1626 :
1149 1586 1262 1627 non
1294 1571 1484 1642 utique
1540 1568 1864 1641 signiﬁcans
1909 1569 2064 1638 illud,

475 1661 623 1732 quod
649 1661 752 1731 ipsi
779 1661 872 1732 qui
904 1675 1187 1716 sacrarum
1207 1659 1540 1716 Litterarum
1569 1668 1775 1715 rectam
1801 1661 2067 1716 rationem

476 1760 902 1824 corrumpentes
933 1752 1001 1806 ad
1030 1768 1195 1808 suum
1218 1767 1451 1824 sc0pum
1478 1753 1778 1818 ﬁnxerunt,
1799 1753 1894 1808 sed
1920 1754 2065 1824 quod

476 1861 669 1900 verum
700 1852 820 1900 erat
847 1853 903 1899 et
939 1845 1033 1900 Det
1062 1845 1380 1916 cognitione
1419 1860 1597 1914 nuper
1630 1844 1856 1902 imbutis
1892 1847 2066 1900 utilis-

2177 653 2243 705 τὰ
2274 653 2394 706 λίαν
2427 652 2604 724 ὀρθῶς
2637 649 2921 722 εἰρημένα.
2966 648 3224 721 Ἀθήνῃσι
3255 651 3352 720 μὲν
3385 652 3489 723 γάρ
3513 655 3733 722 γεγονὼς

2175 748 2203 798 ὁ
2248 745 2516 816 μακάριος
2562 742 2791 806 Παῦλος,
2839 738 2960 794 εἶτα
3010 741 3144 794 πολὺ
3197 741 3318 794 λίαν
3367 743 3443 804 εἰς
3498 744 3736 799 πολύθεον

2177 836 2386 906 πλάνην
2433 834 2871 904 ἀνεπτοημένους
2921 831 3097 902 ὁρῶν,
3149 831 3325 884 καίτοι
3375 831 3566 900 σοφοὺς
3611 829 3737 888 εἶναι

2177 928 2639 998 πεπιστευμένους
2695 926 2822 988 τοὺς
2877 925 3056 976 ἐκεῖσε
3105 923 3306 988 λαοὺς,
3355 923 3739 996 παρακομίζειν

2176 1021 2374 1083 αὐτοὺς
2403 1019 2662 1089 ἐπειρᾶτο
2692 1020 2790 1088 τῆς
2816 1015 3050 1087 ἀρχαίας
3083 1015 3322 1085 ἀπάτης,
3354 1019 3464 1078 τοῖς
3498 1017 3575 1079 είς
3602 1018 3742 1071 εὑσέ-

2177 1113 2331 1165 6ειαν
2361 1111 2639 1181 λογισμοῖς
2676 1109 2931 1179 μεταθεὶς
2962 1107 3177 1176 εὐφυῶς
3209 1109 3287 1171 είς
3331 1108 3390 1161 τὸ
3424 1112 3617 1181 χρῆναι
3643 1111 3736 1164 λοι-

2177 1206 2276 1259 πὺν
2304 1206 2398 1256 ἕνα
2423 1221 2482 1256 τε
2525 1205 2619 1257 καὶ
2664 1202 2823 1273 μόνον
2855 1201 3052 1254 εἰδέναι
3090 1200 3244 1265 Θεὸν,
3285 1202 3397 1264 τοῖς
3430 1200 3560 1272 παρ’
3591 1203 3743 1256 αὑτοῦ

2176 1297 2426 1366 γεγονόσι
2455 1296 2547 1349 καὶ
2587 1295 2648 1347 τὸ
2687 1293 2952 1348 κινεῖσθαι
2990 1293 3084 1347 καὶ
3121 1291 3220 1364 ζῇν
3262 1293 3355 1346 καὶ
3392 1288 3531 1346 εἷναι
3559 1294 3746 1365 δωροὺ-

2180 1406 2359 1460 μενον.
2417 1389 2683 1456 Ζωογονεῖ
2739 1385 2847 1460 γὰρ
2896 1384 2967 1438 τά
3020 1386 3220 1451 πάντα,
3273 1385 3389 1457 ζωὴ
3433 1385 3572 1440 κατὰ
3600 1387 3746 1455 φύσιν

2178 1479 2438 1549 ὑπάρχων
2470 1479 2498 1529 ό
2530 1476 2746 1530 πάντων
2781 1475 3144 1546 Δημιουργὸς,
3169 1476 3267 1547 τῆς
3319 1475 3456 1540 ιδίας
3505 1477 3747 1548 ἰδιότητος

2179 1571 2406 1634 ἐντιθεὶς
2431 1570 2686 1642 ἀρρήτως
2711 1570 2894 1632 αὐτοῖς
2921 1567 3020 1639 τὴν
3045 1568 3294 1638 δύναμιν.
3321 1568 3396 1621 Οὐ
3426 1570 3533 1640 γάρ
3554 1565 3620 1640 ἦν
3643 1570 3751 1623 ὲτέ-

2181 1683 2287 1736 ρως
2309 1662 2670 1728 διασώζεσθαι
2703 1663 2840 1734 πρὸς
2868 1663 2929 1715 τὸ
2966 1657 3102 1715 εἶναι
3144 1662 3580 1734 διακρατοὺμενα
3603 1665 3667 1715 τὰ
3693 1666 3749 1717 ἐκ

2175 1756 2269 1810 τοῦ
2300 1755 2375 1828 μὴ
2401 1755 2569 1818 ὅντως
2601 1753 2712 1826 [γρ.
2742 1753 2917 1825 ὄντος]
2943 1754 3174 1825 λαχόντα
3195 1753 3293 1824 τὴν
3318 1752 3534 1822 γένεσιν
3552 1773 3564 1785 ·
3595 1753 3627 1823 ἢ
3654 1753 3750 1823 γὰρ

2179 1849 2244 1903 ἂν
2272 1849 2434 1913 εὐθὺς
2467 1851 2546 1912 είς
2573 1847 2672 1920 τὴν
2705 1848 2911 1901 οἰκείαν
2957 1846 3289 1916 ὑπενόστησε
3324 1847 3508 1915 φύσιν,
3539 1847 3673 1917 φημὶ
3703 1847 3752 1898 δὲ

477 1937 706 2013 simum.
749 1937 951 2006 Atque,
985 1943 1044 1991 ut
1071 1937 1318 2006 apertius
1351 1937 1662 2007 loquamur,
1700 1953 1810 1991 non
1837 1937 1951 2007 jam
1996 1938 2069 1993 si-

2176 1941 2312 2012 πρὸς
2351 1940 2414 1993 τὸ
2455 1940 2530 2012 μὴ
2568 1935 2708 1993 εῖναι
2755 1938 2938 2002 πάλιν,
2981 1940 3033 1990 εἰ
3087 1938 3162 2008 μὴ
3209 1940 3276 2009 τῇ
3325 1938 3462 2009 πρὸς
3510 1939 3600 1990 τὸν
3636 1938 3753 1990 ὅντα

477 2028 752 2101 gniﬁcare
786 2029 961 2082 voluit
987 2043 1112 2092 nos,
1141 2042 1265 2083 cum
1285 2035 1483 2083 natura
1507 2030 1758 2084 homines
1787 2030 1982 2093 simus,
2015 2031 2069 2084 in

477 2119 792 2176 substantia
818 2117 999 2176 Patris
1029 2121 1388 2190 esse-positos
1421 2127 1474 2174 et
1509 2119 1674 2192 794
1693 2121 1850 2192 quasi
1877 2121 1930 2175 in
1951 2121 2073 2192 ipso

478 2211 790 2276 exsistere,
852 2211 946 2266 sed
986 2227 1088 2268 nos
1144 2211 1353 2279 vivere,
1403 2223 1460 2269 et
1509 2214 1563 2268 in
1615 2214 1726 2269 Deo
1765 2230 1909 2279 esse,
1957 2215 2074 2269 sive

476 2301 807 2358 subsistere.
844 2300 1093 2358 Observa
1128 2303 1276 2358 enim
1314 2318 1424 2358 non
1455 2305 1782 2374 simpliciter
1811 2314 1866 2360 et
1906 2306 2073 2361 abso-

477 2389 593 2444 lute
615 2390 820 2453 dicere,
853 2407 955 2446 nos
981 2392 1159 2447 solum
1185 2392 1242 2446 in
1263 2391 1374 2446 Deo
1393 2409 1536 2457 esse,
1568 2403 1789 2465 propter
1814 2405 1989 2460 tuam,
2015 2405 2073 2450 ut

477 2481 741 2537 credibile
763 2491 866 2548 est,
895 2483 1254 2552 imperitiam,
1295 2500 1328 2537 ο
1369 2485 1550 2548 bone;
1609 2485 1702 2540 sed
1736 2487 1888 2540 vario
1909 2487 2073 2542 modo

474 2574 624 2644 quod
653 2573 841 2629 dicere
867 2574 1046 2628 voluit
1080 2575 1434 2645 explicando,
1465 2578 1755 2646 prmmisso
1789 2578 1903 2644 illo,
1941 2581 2073 2634 vivi-

476 2679 616 2725 mus,
650 2664 849 2720 deinde
890 2665 1100 2730 addito,
1133 2682 1423 2727 movemur,
1465 2667 1532 2721 ad
1583 2675 1894 2724 extremum
1923 2672 2072 2725 intu-

476 2755 629 2817 lisse,
669 2771 874 2822 sumus,
904 2767 962 2809 ut
999 2758 1429 2825 praecedentium
1463 2773 1689 2814 sensum
1715 2762 2069 2830 exprimeret.

476 2846 745 2917 Equidem
807 2850 1070 2904 existimo
1124 2848 1220 2905 Dei
1288 2850 1504 2906 hostem
1558 2853 1710 2909 hisce
1761 2856 2073 2912 rationibus

477 2944 665 2998 forsan
685 2942 984 2998 confusum
1018 2944 1124 3010 iri;
1157 2943 1255 2999 sed
1279 2944 1325 3001 si
1347 2961 1545 3002 rursus
1566 2947 1814 3014 insultet,
1843 2949 2070 3014 etillud,

477 3035 532 3089 in
567 3034 694 3099 Deo,
732 3033 798 3088 ad
841 3035 1062 3090 libitum
1098 3051 1259 3091 suum
1307 3037 1657 3110 detorqueat,
1686 3040 1957 3097 divinitus
1987 3042 2074 3097 in-

477 3128 702 3196 spiratre
731 3127 1002 3181 doctrinae
1028 3129 1490 3185 consuetudinem
1523 3130 1897 3208 ostendemus.
1925 3133 2076 3191 Solet

476 3222 626 3274 enim
672 3219 761 3272 illa
797 3219 1133 3288 quandoque
1174 3236 1276 3290 pro
1309 3237 1373 3276 eo
1403 3224 1546 3293 quod
1605 3233 1710 3290 est,
1742 3241 1834 3294 per
1881 3227 2072 3294 Deum,

477 3311 685 3376 dicere,
739 3313 795 3365 in
848 3311 980 3366 Deo.
1037 3314 1256 3384 Alioqui
1310 3317 1648 3386 reSpondeat
1702 3319 1978 3388 quomodo
2019 3320 2072 3374 in

477 3401 716 3459 Psalmis
747 3404 1072 3459 clamaverit
1101 3404 1270 3461 David
1312 3425 1324 3460 :
1370 3426 1387 3458 ι
1430 3407 1487 3461 In
1523 3409 1633 3464 Deo
1661 3409 1926 3467 faciemus
1962 3413 2076 3466 vir-

479 3501 654 3549 tutem
686 3497 771 3561 ‘9;
839 3515 857 3547 ι
901 3497 1028 3551 item
1064 3498 1128 3552 ad
1167 3497 1344 3568 ipsum
1382 3498 1550 3554 Deum
1621 3516 1881 3557 sermone
1943 3519 2076 3559 con-

479 3601 644 3642 verso
678 3606 691 3642 :
727 3607 744 3639 ‹
777 3589 835 3642 ln
861 3597 911 3643 te
948 3590 1205 3646 inimicos
1254 3601 1476 3647 nostros
1514 3593 1910 3649 ventilabimus
1953 3611 2077 3650 eor—

478 3694 551 3733 nu
585 3679 656 3735 ²⁰.
691 3698 710 3732 ι
744 3678 857 3736 Νεε
887 3683 1029 3736 enim
1057 3683 1110 3736 id
1140 3684 1209 3738 ab
1242 3699 1307 3738 eo
1338 3684 1446 3738 dici
1477 3686 1766 3755 quisquam
1796 3687 2078 3742 existima-

479 3773 634 3838 verit,
679 3774 842 3843 quasi
866 3774 919 3827 in
952 3776 1262 3831 substantia
1287 3775 1380 3830 Dei
1408 3777 1668 3832 virtutem
1694 3778 1989 3848 quamdam
2017 3797 2076 3836 se

479 3860 756 3917 facturum
813 3866 1071 3936 recipiat,
1111 3883 1211 3922 nec
1242 3867 1298 3922 in
1347 3869 1463 3937 ipsa
1504 3870 1598 3938 qui
1649 3886 1781 3928 suos
1817 3872 2074 3930 inimicos

476 3953 812 4010 olfenderint
848 3973 944 4013 eos
970 3959 1341 4016 ventilaturos
1371 3976 1544 4017 cornu
1573 3963 1871 4022 Psalmista
1903 3968 2072 4033 dicat,

477 4047 571 4100 sed
597 4048 652 4101 in
696 4047 806 4102 Deo
840 4050 936 4114 ait,
965 4067 1064 4121 pro
1099 4067 1165 4106 eo
1201 4052 1347 4123 quod
1378 4063 1484 4121 est,
1513 4073 1604 4125 per
1632 4057 1817 4126 Deum,
1847 4071 1900 4115 et
1939 4061 2072 4117 illud

475 4143 532 4195 in
569 4151 638 4210 te,
681 4158 901 4210 rursus,
951 4161 1050 4215 pro
1089 4162 1154 4199 eo
1203 4150 1349 4216 quod
1397 4159 1503 4218 est,
1543 4164 1729 4222 perte.
1772 4153 1892 4209 Jam
1942 4173 2074 4213 vero

477 4248 578 4288 cur
633 4235 827 4290 beatus
897 4234 1099 4290 Paulus
1159 4238 1462 4296 Corinthiis
1519 4244 1768 4300 scribens
1848 4249 2068 4305 aiebat:

482 4343 502 4375 ι
541 4322 758 4381 Gratias
787 4342 889 4398 ago
911 4327 1020 4382 Deo
1044 4345 1166 4383 meo
1198 4346 1296 4399 pro
1327 4333 1589 4391 omnibus
1621 4337 1777 4392 vobis
1801 4339 1853 4392 in
1891 4343 2070 4411 gratia

477 4417 572 4473 Dei
605 4434 726 4490 qua:
750 4419 876 4474 data
907 4429 991 4475 est
1032 4423 1188 4477 vobis
1221 4426 1273 4478 iu
1307 4425 1530 4482 Christo
1563 4427 1813 4486 Jesu“?»
1843 4431 1908 4487 Et
1944 4444 2090 4487 rur-'

475 4524 574 4566 sus
607 4527 623 4566 :
668 4530 687 4563 ‹
752 4511 828 4566 Ex
879 4513 1001 4584 ipso
1031 4524 1211 4571 autem
1257 4533 1352 4573 vos
1395 4520 1530 4576 estis
1562 4521 1617 4576 in
1653 4522 1877 4579 Christo
1917 4525 2068 4590 Jesu,

2103 3285 2145 3341 C

2176 2031 2358 2102 σχέσει
2390 2033 2490 2103 τῆς
2531 2034 2738 2096 οἰκείας
2775 2032 3046 2101 γενέσεως
3081 2030 3301 2100 ἐνίκησε
3330 2031 3431 2103 τὴν
3462 2030 3750 2086 ἀσθένειαν.

2178 2125 2323 2194 Ἔφη
2369 2125 2661 2196 τοιγαροῦν
2697 2128 2724 2178 ὁ
2771 2124 3061 2188 θεσπέσιος
3105 2123 3316 2187 Παῦλος
3363 2122 3538 2194 ὀρθῶς
3582 2141 3638 2176 τε
3661 2107 3755 2176 ’καὶ

2177 2217 2323 2288 μάλα
2352 2217 2552 2281 καλῶς,
2580 2215 2724 2288 ζωὴν
2747 2216 2855 2271 τῶν
2876 2216 3013 2270 ὅλων
3044 2215 3360 2279 ἐπιδεικνὺς
3387 2215 3482 2268 τὸν
3506 2214 3655 2279 θεὸν,
3689 2215 3759 2274 ὡς

2174 2312 2233 2366 ἐν
2282 2309 2429 2381 αὐτῷ
2475 2308 2682 2381 ζῶμεν,
2731 2310 2826 2364 καὶ
2881 2308 3213 2381 κινούμεθα,
3271 2307 3370 2361 καὶ
3421 2308 3619 2379 ἐσμέν⁹
3669 2307 3758 2359 οὐκ

2175 2406 2352 2458 ἐκεῖνο
2399 2402 2617 2467 πάντως
2669 2400 2866 2473 δηλῶν,
2930 2403 3069 2472 ὅπερ
3117 2402 3271 2454 αὐτοὶ
3307 2401 3414 2472 τὴν
3464 2400 3574 2453 τῶν
3612 2399 3758 2471 ἱερῶν

2175 2498 2527 2570 Γραμμάτων
2575 2497 2844 2570 ὀρθότητα
2885 2497 3363 2568 παραφθείροντες
3415 2494 3762 2549 διεπλάσαντο

2176 2593 2296 2644 κατ’
2332 2593 2531 2644 οἰκεῖον
2572 2591 2794 2656 σκοπὸν,
2838 2590 2954 2644 ἀλλ’
3001 2591 3138 2660 ὅπερ
3167 2585 3235 2660 ἦν
3283 2587 3492 2659 ἀληθὲς
3538 2587 3761 2646 καὶτοῖς

2175 2684 2300 2754 ἄρτι
2353 2679 2893 2754 παιδαγωγουμένοις
2927 2685 3006 2746 εἰς
3040 2674 3379 2751 θεογνωσίσιν
3432 2677 3764 2751 ὠφελιμώτα-

2173 2792 2287 2832 τον.
2332 2776 2445 2828 Καὶ
2477 2776 2525 2827 εἰ
2560 2775 2642 2828 δεῖ
2671 2775 3004 2845 σαφέστερον
3037 2775 3232 2837 εἰπεῖν,
3262 2773 3372 2827 οὐκ
3419 2772 3501 2825 ἔτι
3542 2767 3764 2843 σημῆναι

2178 2867 2500 2938 βεϐούληται
2538 2866 2620 2919 ὅτι
2654 2865 2932 2937 ἅνθρωποι
2973 2865 3072 2937 τὴν
3110 2865 3271 2936 φύσιν
3300 2866 3686 2936 τυγχάνοντες,
3714 2863 3766 2917 ὲν

2174 2964 2242 3032 τῇ
2271 2959 2429 3030 οὐσίᾳ
2475 2957 2570 3012 τοῦ
2622 2958 2830 3029 Πάτρὸς
2884 2957 3116 3028 κείμεθά
3165 2975 3226 3011 τε
3279 2958 3385 3011 καὶ
3422 2958 3500 3020 ὼς
3542 2956 3688 3019 ὄντες
3716 2956 3767 3006 ὲν

2177 3053 2326 3124 αὑτῷ
2375 3052 2698 3124 φαινόμεθα,
2745 3051 2859 3104 ἀλλ’
2903 3052 2984 3105 ὅτι
3041 3050 3137 3104 καὶ
3189 3049 3409 3121 ζῶμεν,
3463 3049 3558 3104 καὶ
3606 3046 3771 3102 κινού-

2180 3144 2340 3216 μεθα,
2381 3144 2474 3197 καὶ
2519 3143 2686 3211 ἐσμὲν
2714 3143 2778 3194 ἐν
2810 3139 2949 3210 Θεῷ,
2985 3141 3103 3210 ἦτοι
3138 3141 3588 3211 συνεστήκαμεν.
3620 3135 3772 3199 Σὺνες

2178 3237 2286 3308 γὰρ
2309 3237 2383 3300 ὡς
2410 3237 2507 3306 οὐχ
2544 3234 2731 3297 ἁπλῶς
2767 3251 2825 3286 τε
2867 3233 2961 3286 καὶ
2989 3231 3292 3302 ἀνειμένως
3315 3231 3435 3304 ἔφη
3470 3231 3549 3297 τὸ,
3584 3231 3662 3284 ὅτι
3694 3226 3775 3300 μό·

2178 3348 2266 3383 νον
2303 3330 2468 3399 ἐσμὲν
2499 3329 2556 3380 ὲν
2585 3327 2725 3396 Θεῷ,
2758 3325 2844 3378 διὰ
2893 3325 2990 3395 τὴν
3025 3323 3145 3395 σὴν,
3175 3322 3251 3386 ὡς
3293 3323 3475 3389 εἰκὸς,
3518 3317 3764 3393 ἀμαθίαν,

2178 3413 2222 3472 ὧ
2252 3421 2370 3483 τᾶν,
2407 3417 2542 3470 ἀλλά
2575 3415 2867 3486 διαφόρως,
2903 3416 3040 3484 ὅπερ
3081 3412 3355 3483 ἠθέλησεν
3395 3414 3575 3466 εἰπεῖν
3605 3412 3769 3483 ἑρμη-

2177 3512 2369 3574 νεύων,
2395 3509 2490 3564 κα)⁸
2521 3509 2581 3562 τὸ
2618 3507 2803 3577 ζῶμεν
2831 3505 3128 3578 προτάξας,
3170 3504 3477 3575 ἐπαγαγὼν
3519 3505 3575 3557 δὲ
3609 3503 3769 3572 τούτῳ

2178 3606 2272 3658 καὶ
2297 3605 2357 3656 τὸ
2393 3603 2735 3672 κινούμεθα,
2762 3600 2944 3671 τρίτον
2975 3601 3225 3671 ἐπήγαγε
3252 3598 3315 3651 τὸ
3347 3599 3562 3670 ἐσμὲν,
3583 3598 3649 3670 τῇ
3672 3596 3770 3650 τῶν

2177 3696 2559 3768 προλαϐόντων
2586 3693 2792 3764 διανοίᾳ
2831 3692 2928 3747 καὶ
2974 3691 3106 3745 αὐτὸ
3143 3691 3532 3762 χαριζόμενος.
3568 3692 3675 3744 Καὶ
3703 3685 3773 3742 οἷν

2181 3811 2279 3863 μαι
2319 3793 2418 3861 μὲν
2461 3792 2543 3846 ὅτι
2587 3789 2904 3860 δυσωπήσει
2949 3787 3090 3858 τάχα
3124 3803 3228 3839 που
3265 3787 3362 3841 τὸν
3393 3787 3662 3859 θεομάχον
3690 3787 3775 3853 ὀρ-

2179 3886 2284 3950 θῶς
2318 3885 2458 3956 ἔχων
2494 3886 2625 3954 ἡμῖν
2662 3885 2691 3936 ὁ
2723 3881 2854 3952 περὶ
2895 3879 3086 3933 τούτου
3117 3879 3273 3947 λόγος
3293 3896 3308 3912 ·
3355 3879 3697 3950 ἐνισταμένῳ
3723 3875 3775 3929 δὲ

2177 3981 2362 4043 πάλιν,
2391 3979 2485 4033 καὶ
2515 3978 2574 4030 τὸ
2617 3977 2688 4030 ἐν
2717 3974 2798 4040 τῷ
2833 3974 2955 4037 Θεῷ
2987 3973 3375 4044 περιέλκοντες
3421 3972 3538 4046 [γρ.
3569 3970 3779 4043 περιέλ-

2177 4072 2346 4145 κοντι]
2391 4071 2528 4143 πρὸς
2553 4070 2613 4123 τὸ
2640 4067 2787 4139 αὐτῷ
2833 4067 2926 4120 καὶ
2959 4067 3105 4138 μόνῳ
3143 4065 3360 4130 δοκοῦν,
3394 4067 3499 4136 τῆς
3531 4062 3779 4118 θεοπνεύ-

2178 4181 2303 4218 στου
2333 4163 2560 4234 Γραφῆς
2595 4162 2696 4232 τὴν
2743 4159 3030 4229 συνήθειαν
3080 4157 3447 4226 ἐπιδείξομεν.
3483 4156 3646 4219 Ἕθος
3675 4152 3778 4222 γὰρ

2176 4255 2314 4325 αὐτῇ
2345 4254 2524 4322 λέγειν
2555 4252 2666 4305 ἔσθ’
2694 4252 2781 4304 ὅτε
2816 4251 2936 4304 ἀντί
2966 4247 3060 4304 τοῦ
3101 4247 3200 4301 διὰ
3232 4247 3405 4311 Θεοῦ,
3442 4247 3507 4300 τὸ
3538 4248 3611 4300 ἐν
3642 4243 3776 4308 Θεῷ.

2189 4345 2348 4398 Ἐπεὶ
2370 4343 2575 4411 λεγέτω
2595 4343 2704 4414 γάρ
2727 4343 2931 4404 ἐκεῖνος
2954 4343 3110 4411 ἡμῖν,
3134 4338 3252 4402 πῶς
3285 4340 3345 4393 ἐν
3382 4339 3640 4410 Ψαλμοῖς
3664 4336 3780 4389 ἀνα-

2176 4438 2418 4506 κέκραγε
2445 4435 2620 4504 λέγων
2657 4451 2774 4497 τις·
2811 4454 2828 4484 ‹
2877 4433 2965 4486 Ἐν
2991 4430 3068 4502 τῷ
3106 4429 3226 4500 Θεῷ
3273 4431 3590 4501 ποιήσομεν
3629 4428 3782 4480 δύνα-

2179 4545 2304 4599 μινο
2342 4547 2359 4578 ι
2395 4527 2489 4580 καὶ
2543 4526 2702 4580 πάλιν
2750 4525 2825 4588 ὡς
2878 4523 3017 4596 πρὺς
3069 4522 3261 4575 αὐτόν’
3302 4539 3320 4572 ‹
3370 4523 3466 4576 Ἐν
3527 4521 3611 4573 σοὶ
3660 4519 3781 4580 τοὺς

475 4605 572 4672 qui
607 4603 789 4660 factus
819 4614 904 4661 est
951 4609 1112 4664 nobis
1144 4612 1414 4681 sapientia
1445 4628 1473 4666 a
1504 4599 1634 4680 Deo,
1661 4625 1714 4672 et
1747 4619 1984 4687 justitia,
2015 4629 2069 4674 et

2177 4617 2405 4688 ἐχθροὺς
2454 4615 2610 4687 ἡμῶν
2649 4614 3032 4687 κερατιοῦμεν.
3074 4632 3092 4664 ι
3122 4611 3199 4668 Οὐ
3233 4613 3343 4682 γὰρ
3383 4612 3453 4681 δή
3495 4630 3583 4675 τις
3617 4612 3786 4681 οἰήσε-

476 4697 866 4764 sanctiﬁcatio,
916 4709 971 4754 et
1003 4699 1316 4772 redemptio
1361 4705 1460 4757 ²².›
1496 4704 1756 4778 Nunquid
1779 4710 1951 4775 enim,
1982 4711 2068 4763 in-

475 4788 630 4858 quiet
684 4789 986 4860 prudentcr
1029 4793 1217 4849 forsan
1253 4795 1478 4865 aliquis,
1541 4801 1796 4854 traditam
1843 4803 2065 4857 cmlitus

475 4880 781 4936 Corinthiis
802 4884 1034 4951 gratiam
1063 4886 1117 4940 in
1151 4887 1268 4956 ipsa
1293 4887 1496 4946 Christi
1535 4893 1848 4947 substantia
1881 4895 2062 4951 datam

473 4973 551 5026 ait
578 4972 896 5042 Apostolus,
938 4985 1032 5030 aut
1063 4979 1271 5048 aliquid
1299 4981 1445 5037 aliud
1480 4984 1608 5038 huic
1645 4985 1830 5041 simile
1868 4987 2068 5042 intelli-

474 5065 602 5133 git?
637 5065 703 5119 At
735 5068 1014 5137 quomodo
1044 5084 1154 5124 non
1191 5071 1337 5126 istud
1373 5077 1570 5145 nugari
1600 5078 1668 5131 sit
1692 5078 1714 5129 ?
1735 5077 1847 5132 Cur
1879 5080 2067 5152 itaque

473 5171 759 5211 sacrarum
806 5158 1138 5215 Litterarum
1187 5167 1648 5221 consuetudinem
1697 5181 1952 5228 evertens
2013 5183 2065 5228 et

473 5245 620 5302 beati
659 5248 816 5304 Pauli
854 5259 1093 5305 mentem
1127 5255 1415 5324 cavillans,
1444 5274 1569 5314 esse
1597 5277 1697 5316 nos
1721 5263 1775 5316 in
1801 5263 1931 5330 Deo,
1960 5267 2066 5322 hoc

472 5352 557 5396 est
581 5343 635 5396 in
671 5343 985 5398 substantia
1013 5343 1216 5409 Patris,
1258 5349 1362 5416 ais,
1393 5367 1519 5406 cum
1555 5355 1715 5412 audis
1744 5372 1866 5411 cum
1894 5361 2063 5416 Athe—

471 5435 560 5490 nis
600 5436 989 5506 prredieantem
1029 5459 1041 5495 :
1104 5459 1122 5491 ι
1160 5441 1300 5509 Quia
1364 5444 1417 5498 in
1471 5445 1592 5515 ipso
1633 5449 1894 5516 vivimus,
1947 5468 2064 5507 mo-

473 5539 668 5578 vemur
719 5535 771 5578 et
802 5529 1038 5584 sumus?
1076 5548 1095 5580 ι
1135 5529 1378 5595 Atenim,
1409 5534 1582 5602 inquit
1621 5543 2060 5607 perniciosorum

470 5611 786 5682 dogmatum
847 5617 1129 5688 magister,
1187 5620 1633 5692 quandoquidem
1686 5627 1782 5682 tibi
1844 5629 2063 5684 videtur

472 5703 716 5770 illud,in
742 5704 852 5760 Dea
898 5725 1027 5777 esse,
1066 5721 1214 5768 recte
1262 5714 1493 5788 intelligi
1542 5734 1642 5789 pro
1667 5736 1732 5775 eo
1763 5721 1908 5791 quod
1956 5733 2062 5787 est,

548 5874 592 5909 "
623 5874 767 5932 Psal.
799 5894 913 5949 th,
943 5883 1022 5940 li.

1105 5891 1148 5921 ²⁰
1181 5888 1328 5947 Psal.
1372 5909 1504 5949 xuii
1531 5938 1543 5965 ,
1575 5898 1626 5952 G.
1713 5901 1751 5930 "
1788 5899 1804 5950 Ι
1847 5899 1977 5954 Cor.
2005 5918 2041 5969 ι,
2073 5887 2124 5955 4,

2173 4727 2264 4762 ται
2309 4708 2466 4762 τοῦτο
2510 4709 2688 4776 λέγειν
2738 4707 2920 4772 αὑτὸν,
2968 4707 3044 4770 ὡς
3091 4707 3148 4758 ὲν
3186 4707 3255 4776 τῇ
3301 4705 3472 4778 οὐσίᾳ
3517 4705 3614 4760 τοῦ
3652 4700 3783 4756 Θεοῦ

2173 4802 2401 4872 δύναμίν
2441 4818 2554 4854 τινα
2586 4801 3012 4871 δημιουργήσειν
3057 4797 3488 4867 ἐπαγγέλλεται,
3521 4797 3642 4852 ἀλλ’
3670 4793 3787 4848 οὐδὲ

2173 4898 2230 4949 ὲν
2263 4895 2400 4964 αὐτῇ
2447 4895 2575 4957 τοὺς
2621 4893 2781 4956 ἰδίους
2824 4892 3053 4963 ἐχθροὺς
3098 4890 3463 4958 εὑρίσκοντας
3510 4888 3787 4961 κερατιεῖν

2173 4987 2370 5050 αὑτοὺς
2420 4988 2447 5039 ό
2489 4984 2707 5055 ψάλλων
2749 4986 2934 5054 φησὶν,
2983 4983 3097 5037 ἀλλ’
3139 4984 3208 5036 ἐν
3250 4981 3376 5046 Θεῷ
3415 4999 3613 5052 φησιν,
3673 4977 3791 5032 ἀντὶ

2173 5078 2266 5131 τοῦ
2313 5077 2411 5130 διὰ
2460 5076 2608 5130 Θεοῦ
2630 5093 2643 5105 ·
2677 5074 2859 5129 καὶτὸ
2890 5075 2959 5128 ἐν
2989 5075 3089 5128 σοὶ
3140 5072 3324 5138 πάλιν,
3361 5073 3513 5126 ἀντὶ.
3547 5071 3644 5124 τοῦ
3691 5069 3787 5123 διὰ

2173 5170 2310 5224 σοῦ.
2351 5169 2416 5221 Τί
2457 5169 2514 5221 δὲ
2550 5169 2645 5224 καὶ
2689 5170 2717 5222 ὁ
2760 5168 3028 5240 μακάριος
3069 5166 3281 5229 Παῦλος
3315 5166 3649 5238 Κορινθίοις
3678 5166 3795 5215 ὲπι-

2177 5260 2408 5314 στέλλων
2442 5260 2627 5328 ἔλεγεν
2653 5278 2666 5326 ;
2699 5279 2716 5310 t
2755 5260 3077 5331 Εὐχαριστῶ
3100 5259 3178 5330 τῷ
3207 5257 3324 5329 Θεῷ
3359 5276 3470 5329 μου
3499 5259 3634 5327 περὶ
3657 5257 3792 5310 πάν-

2171 5371 2278 5406 των
2311 5353 2466 5425 ὑμῶν
2519 5354 2610 5405 ἐπὶ
2661 5356 2726 5423 τῇ
2780 5353 2998 5424 δοθείσῃ
3043 5355 3172 5424 ὑμῖν
3220 5351 3571 5422 ἐν,Χριστῷ
3618 5347 3793 5421 Ἰησοῦ

2171 5447 2374 5515 χάριτι.
2415 5465 2433 5496 ι
2468 5446 2577 5497 Καὶ
2617 5446 2814 5498 πάλιν·
2855 5466 2872 5496 ι
2924 5445 3014 5512 Ἐξ
3047 5444 3210 5499 αὑτοῦ
3251 5443 3307 5497 δὲ
3365 5444 3537 5513 ὑμεῖς
3580 5444 3707 5494 ἐστε
3735 5441 3792 5491 ἐν

2170 5537 2392 5607 Χριστῷ
2435 5537 2628 5608 Ἰησοῦ,
2679 5539 2735 5602 ὃς
2783 5537 3011 5609 ἐγενήθη
3063 5539 3193 5609 ἡμῖν
3237 5535 3404 5603 σοφία
3465 5536 3581 5588 ἀπὸ
3629 5530 3790 5594 Θεοῦ,

2169 5629 2482 5702 δικαιοσύνη
2516 5648 2576 5683 τε
2607 5634 2700 5685 καὶ
2725 5631 3017 5702 ἁγιασμὸς,
3045 5632 3138 5683 καὶ
3167 5627 3564 5699 ἀπολύτρωσις
3614 5623 3790 5696 »Ἆρα

2173 5721 2302 5792 γὰρ,
2332 5723 2447 5793 ἐρεῖ
2475 5741 2558 5786 τις
2589 5724 2875 5794 νουνεχῶς,
2903 5725 2984 5776 ὅτι
3013 5724 3110 5795 τὴν
3147 5721 3606 5792 ἀπο·.ιεμηθεῖσάν
3646 5720 3790 5775 ἄνω·

2208 5905 2248 5933 ”
2289 5903 2424 5957 ibid.
2455 5904 2541 5958 δυ.
