4006 6440
286 366 406 426 ⁸333

1382 367 1451 424 ΙΝ
1488 368 1777 426 JOANNIS
1817 370 2267 430 EVANGELIUM
2307 373 2437 429 LIB.
2482 372 2574 430 IX.

3465 377 3574 437 234

285 484 387 538 θεν
418 484 536 547 τοῖς
572 480 878 553 Κορινθίοις
903 480 1064 555 χάριν
1102 483 1159 537 ὲν
1192 482 1327 554 αὐτῇ
1351 486 1417 555 τῇ
1442 484 1601 557 οὐσίςγ⁵
1634 486 1727 540 τοῦ
1758 489 1883 559 Χρι-

1990 504 2081 556 per
2112 487 2297 554 Deum,
2336 487 2468 557 quid
2505 487 2715 543 frustra
2752 486 2999 558 nugaris,
3037 495 3131 542 aut
3180 503 3281 544 cur
3313 488 3577 562 blasphe-

286 573 424 629 ο·τοῦ
466 573 715 629 δεδόσθαι
765 574 930 644 φησὶν
970 576 998 627 ὁ
1045 575 1507 647 πνευματοφόρος,
1553 578 1722 648 ἤγουν
1758 578 1888 631 ἀκο-

282 667 501 730 λούθως
549 665 726 734 τούτῳ
769 665 832 718 τὸ
877 665 1065 737 ἕτερον
1098 665 1431 737 ὲκλήψεται;
1478 667 1587 720 Καὶ
1630 668 1747 732 πῶς
1786 670 1888 722 οὐκ

278 762 355 816 ἂν
383 760 566 830 ὁρῷτο
606 758 789 830 ληρῶν
815 775 829 823 ;
860 757 927 810 Τί
961 758 1135 811 τοίνυν
1169 758 1263 811 καὶ
1293 759 1441 812 αὐτὸ·
1469 759 1532 813 τὸ
1574 759 1701 816 τῶν,
1728 761 1890 830 ἱερῶν

280 850 645 921 Γραμμάτων
685 847 982 919 παραλύων
1014 846 1154 913 ἔθος,
1199 849 1293 902 καὶ
1340 849 1439 921 τὴν
1484 849 1578 903 τοῦ
1615 851 1888 920 μακαρίου

286 940 510 994 Παύλου
572 940 768 1013 βουλὴν
825 940 1239 1011 συκοφαντήσας
1260 981 1276 1007 ,
1324 941 1591 1012 ὑπάρχειν
1632 943 1783 1012 ἡμᾶς
1831 944 1889 995 ὲν

281 1033 428 1104 Θεῷ,
466 1034 617 1087 τοῦτ’
661 1034 809 1089 ἔστιν
863 1036 922 1086 ὲν
955 1036 1021 1104 τῇ
1075 1034 1234 1105 οὐσίᾳ
1280 1034 1373 1088 τοῦ
1418 1036 1652 1106 Πατρὸς,
1687 1036 1886 1105 λέγεις,

172 1117 179 1121 ’
280 1128 415 1180 ὅταν
442 1126 690 1198 ἀκούσῃς
727 1129 839 1189 τοῖς
876 1128 934 1179 ὲν
978 1126 1233 1200 Ἀθήνῃσι
1264 1128 1588 1191 διειπόντος·
1624 1146 1643 1179 ι
1682 1129 1802 1182 Ὅτι
1830 1130 1890 1182 ὲν

282 1216 441 1287 αὐτῷ
472 1216 680 1287 ζῶμεν,
733 1217 828 1270 καὶ
870 1216 1207 1287 κινούμεθα,
1258 1216 1354 1271 καὶ
1405 1218 1611 1287 ὲσμέν;
1668 1236 1687 1271 ι
1729 1218 1889 1273 ’Δλλά

282 1309 398 1371 ναὶ,
447 1307 618 1377 φησιν
659 1306 689 1358 ὁ
730 1306 839 1359 τῶν
887 1306 1150 1378 ὀλεθρίων
1196 1307 1483 1377 δογμάτων
1512 1307 1886 1379 προεστηκὼς,

279 1401 409 1453 ἐπεί
441 1417 525 1452 σοι
564 1400 714 1453 δοκεῖ
752 1400 847 1452 καὶ
880 1399 1058 1470 ὀρθῶς
1092 1399 1237 1470 ἔχειν
1282 1400 1533 1468 φαίνεται
1559 1400 1620 1454 τὸ
1662 1399 1733 1455 ἐν
1768 1399 1891 1466 Θεῷ

276 1490 465 1557 εἶναι,
513 1492 610 1546 καὶ
657 1490 895 1546 νοεῖσθαι
937 1492 1038 1547 διὰ
1083 1493 1254 1557 Θεοῦ,
1287 1492 1340 1546 τί
1371 1493 1548 1563 μάτην
1585 1492 1891 1562 καταφλυα·

282 1585 447 1652 ρείς;
502 1582 558 1635 τί
608 1582 664 1636 δὲ
710 1583 821 1645 τοῖς
861 1582 1174 1653 δυσφημίας
1223 1583 1566 1653 ἐγκλήμασιν
1605 1584 1886 1654 ὑποτίθης,

277 1676 414 1728 ὅταν
443 1675 781 1746 πεποιῆσθαι
820 1676 911 1730 διὰ
956 1675 1050 1729 τοῦ
1100 1674 1315 1747 Πατρδς
1359 1674 1755 1746 διατεινὼμεθα
1796 1676 1890 1730 τὸν

279 1762 460 1832 Υίῧνς
502 1768 631 1821 Ἰδοὺ
679 1768 787 1840 γάρ
831 1768 994 1832 αὑτός
1046 1785 1250 1838 φησιν·
1300 1787 1319 1819 ι
1366 1768 1491 1821 ’Ὁτι
1540 1767 1650 1837 ἐγὼ
1688 1768 1760 1821 ἐν
1808 1765 1890 1834 τῷ

278 1862 497 1930 Πατρὶ,
534 1881 554 1914 ι
589 1864 710 1917 ἀντὶ
731 1861 828 1917 τοῦ
844 1863 951 1927 ,διὰ
975 1863 1083 1918 τοῦ
1113 1861 1367 1931 Πατρός,
1398 1863 1541 1917 κατά
1560 1879 1625 1932 γε
1651 1861 1743 1917 τὸν
1770 1861 1884 1927 σὺν,

278 1947 327 2008 ὦ
356 1950 539 2018 οὗτος,
581 1953 739 2023 λόγον
783 1956 878 2009 καὶ
917 1956 1016 2026 τὴν
1058 1954 1261 2025 ἀρτίως
1304 1956 1437 2025 ἡμῖν
1480 1955 1544 2008 ὲκ
1572 1954 1694 2011 ,τῶν
1725 1953 1887 2026 ἱερῶν

280 2044 642 2115 Γραμμάτων
670 2044 1096 2117 παρενεχθεῖσαν
1122 2046 1430 2118 συνήθειαν.
1483 2044 1626 2115 Ἐγὼ
1664 2046 1722 2099 δὲ
1751 2046 1888 2118 πρὸς

278 2135 447 2188 τοῦτό
518 2151 663 2206 φημι
713 2135 826 2189 δεῖν
889 2136 1342 2207 ἀπολογήσασθαι
1391 2135 1593 2199 πάλιν,
1638 2136 1734 2189 καὶ
1787 2135 1887 2200 τάς

278 2226 516 2279 ἐκείνων
567 2226 908 2298 κακουργίας
952 2226 1353 2298 ἀπογυμνῶσαι
1386 2227 1481 2281 καὶ
1516 2226 1712 2296 βλάϐη.
1745 2226 1887 2280 Θαυ-

282 2314 449 2386 μάζω
497 2314 609 2386 γὰρ
658 2317 808 2380 ὅπως
842 2315 1100 2387 ἀσμένως
1151 2315 1493 2380 ἀκούσαντες
1523 2318 1604 2371 ὅτι
1635 2317 1706 2370 ἐν
1736 2317 1882 2382 Θεῷ,

278 2408 382 2463 διὰ
415 2409 570 2463 Θεοῦ
607 2406 788 2477 λέγειῦ
823 2408 946 2472 ἔθος
976 2411 1041 2480 τῇ
1075 2409 1200 2481 θείᾳ
1238 2410 1455 2482 Γραφῇ,
1485 2410 1576 2464 καὶ
1604 2409 1694 2463 διὰ
1721 2410 1903 2481 μόνον,

277 2500 341 2555 τὸ
367 2501 640 2555 δύνασθαι
673 2503 958 2556 κατειπεῖν
988 2519 1044 2560 τι
1068 2503 1166 2573 τῆς
1197 2501 1359 2574 δόξης
1389 2503 1482 2556 τοῦ
1516 2501 1878 2572 Μονογενοῦς,

282 2594 714 2659 συναινέσαντές
743 2612 802 2648 τε
834 2595 930 2649 καὶ
961 2594 1060 2665 τὴν
1106 2594 1252 2662 λέξιν
1288 2593 1751 2668 παραδεξάμενοι,
1782 2596 1882 2667 λη-

284 2687 518 2756 ροῦντες
556 2688 639 2740 ὅτι
694 2686 861 2740 πάλιν
914 2687 1070 2740 οὐδὲν
1106 2682 1272 2760 ἦττον
1321 2685 1621 2742 ἁλώσονται
1660 2686 1885 2758 διεγνώ-

280 2797 448 2833 κασιν
483 2779 759 2850 οὐδαμῶς,
791 2780 968 2834 καίτοι
998 2781 1302 2851 φάσκοντες
1329 2776 1470 2837 εἶναι
1509 2782 1663 2853 σοφοί
1688 2801 1748 2838 τε
1787 2785 1884 2840 καὶ

277 2871 525 2941 δριμεῖς.
553 2867 621 2925 Εἰ
653 2870 755 2941 μὲν
781 2871 1107 2942 γάρ’μόνοις
1136 2874 1348 2942 ἐφεῖται
1378 2874 1491 2936 τοῖς
1527 2873 1594 2927 δι’
1632 2873 1884 2938 ἐναντίας

278 2963 342 3016 τὸ
391 2964 496 3033 τῆς
529 2962 895 3017 θεοπνεύστου
936 2963 1166 3035 Γραφῆς
1205 2966 1294 3018 ἀεὶ
1338 2962 1600 3036 τειχίζειν
1640 2965 1763 3029 ἔθος
1813 2966 1879 3036 τῇ

278 3057 447 3129 οίισίςι⁸
480 3056 581 3112 τοῦ
628 3056 1001 3127 Μονογενοῦς,
1050 3057 1147 3111 καὶ
1201 3057 1290 3120 διὰ
1336 3058 1497 3112 τοῦτο
1547 3047 1880 3129 πεποιῆσθαι

1994 581 2115 635 inice
2176 596 2277 635 nos
2331 594 2583 646 accusas,
2626 594 2751 634 cum
2799 577 3006 632 factum
3060 594 3187 637 esse
3213 595 3310 650 per
3354 580 3575 638 Patrem

1993 669 2191 725 Filium
2226 669 2653 726 contendimus?
2703 667 2848 723 Ecce
2901 669 3048 723 enim
3101 670 3219 739 ipse
3252 671 3382 727 ait:
3435 672 3576 738 Quia

1990 778 2091 834 ego
2149 764 2202 816 in
2249 763 2432 829 Patre,
2490 763 2543 817 id
2590 769 2676 818 est
2726 776 2819 830 per
2872 760 3138 825 Patrem,
3196 746 3358 833 juxta
3426 774 3575 822 tuam

1993 856 2327 909 sententiam
2388 862 2452 911 ct
2515 854 2682 909 modo
2768 854 2931 909 nobis
3005 855 3229 910 allatam
3291 872 3575 914 sacrarum

1918 983 1945 999 .
1993 943 2407 1014 Scripturarum
2476 945 2952 1001 consuetudinem.
3010 943 3123 1018 Ego
3195 963 3326 1002 vero
3394 950 3579 1004 denuo

1994 1036 2081 1091 bis
2126 1038 2572 1108 respondendum
2624 1039 2887 1104 arbitror,
2934 1054 3238 1109 eorumque
3265 1041 3428 1112 795
3464 1061 3551 1097 mu
3592 1110 3595 1115 Α

1993 1128 2165 1185 titiam
2201 1130 2576 1200 retegendam.
2620 1130 2786 1186 Miror
2829 1131 2975 1186 enim
3005 1131 3306 1200 quomsdo,
3345 1142 3556 1189 tamets

1992 1220 2272 1276 audierint
2301 1222 2503 1276 divinae
2531 1220 2832 1291 Scriptura:
2881 1236 3088 1276 morem
3131 1236 3255 1277 esse
3289 1232 3348 1277 ut
3378 1225 3434 1276 in
3471 1223 3575 1277 Deo

1992 1311 2145 1366 dicat
2178 1327 2278 1383 pro
2317 1326 2383 1367 eo
2409 1313 2559 1383 quod
2590 1322 2676 1368 cst
2706 1327 2798 1381 per
2830 1312 3020 1377 Deum,
3054 1321 3220 1383 atque
3258 1314 3327 1368 ad
3371 1315 3579 1385 Unigc-

1992 1404 2095 1458 niti
2125 1405 2356 1475 gloriam
2380 1404 2772 1460 tantummodo
2805 1404 3173 1460 cavillaudam
3206 1408 3573 1471 asscnserint,

1991 1509 2057 1549 ac
2092 1495 2391 1553 dictionem
2424 1497 2576 1551 illam
2606 1496 2969 1566 arripuerint,
3004 1512 3117 1552 non
3148 1505 3332 1552 tamen
3381 1514 3442 1555 se
3475 1515 3572 1553 va-

1991 1600 2095 1643 nos
2142 1595 2198 1643 et
2260 1589 2455 1646 inanes
2504 1602 2632 1644 esse
2679 1589 3158 1655 animadvertant,
3219 1592 3576 1660 quantumvis

1991 1677 2268 1747 sapientes
2302 1692 2363 1733 se
2395 1687 2449 1732 et
2490 1684 2687 1733 acutos
2718 1677 3021 1733 venditem.
3054 1677 3189 1735 Nam
3228 1680 3275 1734 si
3310 1680 3446 1736 solis
3477 1683 3577 1735 ad-

1991 1770 2257 1849 versariis
2296 1770 2634 1839 permittitur
2670 1784 2847 1825 sacrae
2879 1769 3182 1840 Scripturae
3220 1773 3580 1828 consuetudi-

1990 1875 2116 1916 nem
2172 1860 2390 1916 ﬁrmare
2443 1875 2665 1931 semper
2706 1858 2989 1931 Unigeniti
3031 1863 3368 1928 substantia,
3405 1871 3575 1933 atque

1988 1952 2199 2007 idcirco
2245 1967 2370 2008 eum
2419 1966 2452 2005 a
2498 1950 2664 2007 Patre
2713 1950 2919 2007 factum
2948 1967 3075 2008 esse
3104 1954 3314 2017 dicere,
3349 1955 3480 2025 quia
3517 1956 3575 2010 in

1990 2042 2102 2098 Deo
2145 2057 2205 2098 se
2252 2040 2477 2110 quidem
2512 2056 2639 2097 esse
2671 2041 2827 2107 dicit,
2865 2043 2920 2096 in
2955 2042 3065 2099 Deo
3093 2058 3226 2099 vero
3256 2045 3576 2116 signiﬁcare

1984 2149 2078 2202 per
2111 2133 2281 2187 Deum
2310 2132 2722 2199 concessimus,
2758 2134 2976 2190 ratione
3014 2136 3199 2206 aliqua
3238 2136 3342 2191 uiti
3379 2152 3574 2193 eorum

1986 2226 2169 2281 scelus
2214 2223 2361 2281 forte
2393 2224 2694 2280 videretur.
2752 2223 2848 2279 Sin
2889 2234 3075 2283 autem
3127 2227 3265 2281 nihil
3320 2228 3576 2298 prohibet

1985 2317 2149 2373 etiam
2194 2331 2299 2372 nos
2332 2316 2533 2387 quibus
2576 2316 2926 2387 propositum
2980 2325 3066 2375 est
3116 2319 3454 2376 deductione
3503 2320 3575 2375 ad

1986 2409 2253 2479 majorem
2285 2408 2682 2466 absurditatem
2711 2409 2904 2480 putida
2927 2426 3120 2466 eorum
3149 2411 3409 2482 dogmata
3436 2427 3574 2469 con-

1985 2500 2208 2566 vellere,
2242 2500 2311 2556 ad
2340 2501 2523 2571 ipsum
2556 2515 2779 2572 quoque
2806 2501 3023 2558 Patrem
3051 2502 3160 2558 vim
3193 2513 3247 2559 et
3298 2505 3573 2561 rationem

1983 2594 2105 2666 ejus
2139 2595 2285 2666 quod
2316 2595 2666 2667 signiﬁcatur
2685 2604 3028 2663 convertere,
3059 2597 3322 2668 clareque
3351 2599 3567 2665 dicere,

1984 2687 2155 2761 quod,
2188 2702 2315 2743 cum
2344 2687 2443 2755 ait,
2483 2706 2502 2740 ι
2540 2686 2706 2744 Pater
2734 2688 2790 2743 in
2822 2703 2907 2744 me
2940 2700 3046 2755 est,
3090 2707 3110 2740 ι
3152 2689 3573 2761 intelligendum

1983 2780 2057 2837 sit
2090 2779 2249 2849 quasi
2278 2776 2426 2832 dicat
2450 2793 2543 2847 per
2573 2793 2675 2840 me,
2710 2785 2770 2832 ut
2800 2786 2855 2833 et
2897 2779 3021 2848 ipse
3051 2780 3271 2834 demum
3308 2779 3468 2849 Pater
3497 2781 3572 2837 sit

1981 2881 2224 2934 creatus,
2249 2869 2531 2941 quomodo
2552 2869 2742 2925 stultis
2770 2870 3066 2924 admodum
3098 2870 3412 2928 rationibus
3441 2887 3571 2928 con-

1982 2964 2088 3030 ﬁsi,
2123 2978 2234 3018 non
2265 2977 2496 3017 summae
2533 2961 2949 3017 damnabuntur
2982 2961 3260 3018 insaniae?
3289 2962 3570 3030 Quemad-

1982 3056 2204 3112 modum
2241 3054 2416 3110 Filius
2448 3054 2698 3125 seipsum
2735 3055 2789 3109 in
2825 3053 2991 3109 Patre
3033 3069 3161 3110 esse
3212 3055 3368 3124 dicit,
3407 3056 3490 3112 sic
3515 3067 3573 3113 et

279 3150 469 3218 λέγειν
506 3149 670 3203 αὐτὸν
703 3150 857 3220 παρὰ
900 3148 995 3202 τοῦ
1037 3150 1289 3219 Πατρὸς,
1332 3151 1564 3222 ἐπείπερ
1597 3147 1737 3205 εἶναι
1777 3149 1876 3220 μὲν

1985 3148 2201 3202 Patrem
2233 3149 2289 3201 in
2317 3146 2500 3216 seipso
2527 3160 2653 3201 esse
2680 3145 2822 3201 dixit
2852 3164 2867 3201 :
2904 3146 3053 3216 quod
3088 3146 3132 3203 si
3167 3146 3328 3212 illud,
3369 3148 3423 3201 in
3456 3146 3574 3202 Pa-

280 3245 341 3296 ὲν
371 3241 503 3312 Θεῷ
538 3245 739 3314 φησιν,
773 3242 835 3296 τὸ
882 3243 940 3296 δὲ
984 3242 1056 3296 ἐν
1090 3241 1246 3307 Θεῷ,
1301 3239 1404 3295 διὰ
1449 3242 1600 3297 Θεοῦ
1642 3241 1879 3301 νοεῖσθαι

279 3334 630 3404 δεδώκαμεν,
664 3332 847 3398 ἔδοξεν
876 3332 964 3399 ἂν,
1000 3331 1146 3386 κατά
1174 3350 1237 3401 γε
1261 3331 1323 3386 τὸ
1353 3332 1523 3399 είκὸς,
1550 3333 1710 3403 λόγον
1736 3334 1882 3405 ἔχειν

279 3426 473 3489 αὐτοῖς
504 3423 630 3495 οὐχὶ
676 3423 799 3476 λίαν
849 3423 1036 3494 ἀμαθῆ
1084 3423 1145 3477 τὸ
1193 3423 1580 3496 κακούργημα.
1626 3426 1689 3479 El
1732 3427 1791 3480 δὲ
1821 3427 1882 3480 τὸ

280 3517 510 3570 κωλύον
553 3514 707 3568 οὐδὲν
754 3514 851 3566 καὶ
901 3514 1050 3585 ἡμᾶς
1096 3514 1294 3577 αὐτοὺς
1337 3513 1429 3566 διὰ
1481 3514 1583 3585 τῆς
1635 3514 1882 3585 μείζονος

276 3606 521 3670 ἀτοπίας
548 3604 877 3675 ἀνατρέπειν
908 3603 1198 3668 ἐθέλοντας
1235 3604 1335 3677 τὴν
1381 3605 1490 3658 τῶν
1518 3606 1648 3677 παρ’
1694 3607 1883 3670 αὐτοῖς

276 3697 578 3768 δογμάτων
612 3695 959 3775 σαθρότητα,
995 3697 1088 3750 καλ⁸
1129 3698 1219 3749 ἐπ’
1248 3697 1414 3751 αὐτὸν
1445 3698 1742 3769 ἀναφέρειν
1788 3699 1881 3754 τὸν

282 3790 514 3859 Πατέρα
545 3787 643 3841 τοῦ
675 3787 1081 3859 σημαινομένου
1134 3789 1235 3859 τὴν
1286 3788 1520 3861 δύναμιν
1542 3828 1557 3855 ,
1610 3791 1786 3844 εἰπεῖν
1819 3809 1879 3845 τε

283 3880 500 3950 σαφῶς,
531 3879 608 3943 ὡς
637 3879 873 3950 ἐπείπερ
897 3878 995 3932 καὶ
1018 3877 1179 3932 τοῦτό
1213 3896 1382 3951 φησιν
1414 3881 1498 3933 ὅτι
1534 3901 1552 3932 ι
1598 3881 1656 3934 Ὁ
1688 3880 1880 3953 Πατὴρ

280 3974 342 4024 ὲν
377 3970 508 4041 ἐμοί
537 3971 688 4032 ἔστι,
731 3986 750 4019 ι
798 3968 1069 4040 προσήκει
1103 3970 1246 4022 νοεῖν
1275 4008 1288 4032 ,
1322 3970 1442 4022 ἀντὶ
1473 3969 1567 4023 τοῦ
1606 3970 1682 4025 δι’
1705 3970 1876 4042 ἐμοῦ,

284 4064 375 4119 ἶνα
406 4063 598 4118 λοιπὸν
614 4062 860 4132 ,γενητὸς
881 4059 1110 4131 γένηται
1143 4060 1238 4113 καὶ
1267 4060 1430 4125 αὐτος
1456 4061 1485 4113 ὁ
1510 4061 1722 4133 Πατὴρ,
1758 4063 1878 4128 πῶς

282 4156 345 4208 οὗ
391 4155 518 4209 λίαν
569 4151 855 4215 ἀσυνέτοις
895 4151 1371 4223 ὲπιθαρσήσαντες
1422 4152 1738 4224 λογισμοῖς,
1779 4154 1879 4225 τὴν

285 4247 372 4300 ἐπ’
412 4244 642 4316 ἀκράτῳ
686 4241 869 4313 μωρίᾳ
904 4241 1086 4311 ψῆφον
1123 4242 1484 4310 ὰποίσονται;
1524 4243 1734 4316 Ὥσπερ
1766 4242 1879 4316 γάρ

282 4341 311 4392 ό
344 4340 477 4401 Υἱὸς
503 4336 698 4389 ἑαυτὸν
730 4331 869 4389 εἷναί
903 4352 1071 4407 φησιν
1113 4335 1171 4387 ἐν
1209 4333 1290 4405 τῷ
1323 4333 1522 4406 Πατρὶ,
1560 4333 1735 4399 οὕτως
1770 4335 1880 4406 ἔφη.

283 4428 378 4480 καὶ
412 4426 507 4479 τὸν
545 4423 768 4495 Πατέρα
801 4417 944 4477 εἶναι
980 4425 1038 4476 ὲν
1072 4421 1255 4494 ἑαυτῷ
1276 4439 1290 4454 ο
1320 4424 1368 4476 εί
1397 4423 1454 4476 δὲ
1486 4422 1563 4493 τῷ
1611 4423 1741 4497 [γρ.
1776 4425 1874 4499 τὸ]

1986 3248 2086 3303 tre,
2125 3254 2219 3309 per
2282 3236 2502 3291 Patrem
2553 3235 2850 3307 signiﬁcat,
2906 3237 3036 3307 quid
3090 3237 3343 3307 prohibet
3389 3234 3575 3295 dicere

1982 3330 2139 3395 illud,
2177 3330 2234 3382 in
2266 3327 2436 3392 Filio,
2488 3344 2613 3385 esse
2666 3328 3091 3400 intelligendum
3140 3330 3300 3400 quasi
3348 3347 3440 3400 per
3474 3329 3574 3384 Fi-

1984 3422 2115 3476 lium
2157 3419 2473 3491 signiﬁcet?
2522 3418 2630 3476 Sed
2673 3420 2820 3474 absit
2854 3427 2914 3473 ut
2947 3420 3003 3474 in
3033 3427 3244 3474 tantam
3281 3428 3401 3475 una‘
3441 3436 3569 3477 cum

1980 3513 2050 3568 iis
2090 3512 2446 3583 prolabamur
2510 3510 2823 3566 insaniam!
2865 3509 2979 3566 Nec
3016 3510 3162 3566 enim
3215 3526 3315 3582 per
3353 3509 3569 3567 Patrem

1983 3605 2188 3661 factum
2222 3620 2349 3662 esse
2389 3604 2586 3661 Filium
2614 3605 2885 3669 dicemus,
2932 3618 3113 3675 neque
3160 3606 3295 3659 adeo
3334 3619 3432 3675 per
3477 3602 3570 3659 Fi-

1982 3697 2118 3751 lium
2150 3695 2362 3752 factum
2391 3712 2516 3753 esse
2544 3711 2668 3752 eum
2701 3712 2769 3752 ex
2793 3710 2905 3771 quo
2942 3706 3073 3751 sunt
3107 3697 3316 3764 omnia,
3352 3697 3570 3754 Patrem

1982 3802 2048 3842 ac
2080 3786 2252 3843 Deum
2289 3806 2303 3842 :
2348 3787 2444 3843 sed
2477 3776 2750 3843 divinitus
2790 3788 3080 3857 inspirata
3110 3785 3414 3858 Scriptura:
3448 3804 3571 3843 meo

1980 3891 2096 3932 rem
2131 3876 2436 3947 unicuique
2496 3876 2772 3948 tempori,
2834 3890 3109 3945 personae,
3151 3890 3218 3930 ac
3257 3876 3338 3930 rei
3382 3876 3570 3945 potius

1981 3975 2257 4038 aptantes,
2296 3981 2496 4039 purum
2521 3975 2574 4023 et
2616 3967 2962 4036 inculpatum
3001 3965 3069 4022 de
3110 3966 3372 4022 omnibus
3403 3967 3572 4024 rebus

1980 4059 2316 4116 necessariis
2342 4073 2652 4114 sermonem
2688 4065 2960 4113 texemus.
3008 4055 3194 4113 Rebus
3240 4058 3386 4113 enim
3411 4074 3442 4114 e
3479 4059 3570 4113 ui-

1981 4152 2093 4207 liilo
2113 4151 2398 4223 productis
2434 4166 2498 4206 ac
2540 4166 2640 4222 per
2676 4150 2849 4205 Deum
2900 4148 3088 4217 factis,
3121 4149 3400 4220 quomodo
3459 4166 3568 4206 non

1981 4243 2221 4298 maxime
2251 4241 2547 4298 conveniet
2579 4240 2690 4295 dici
2718 4255 2749 4293 a
2769 4239 2933 4295 nobis
2964 4254 3031 4294 ac
3057 4240 3275 4295 censeri
3313 4255 3440 4296 esse
3475 4242 3571 4296 eas

1979 4336 2035 4389 in
2065 4335 2199 4400 Deo,
2230 4334 2285 4389 id
2310 4342 2397 4390 est
2422 4349 2514 4403 per
2542 4332 2711 4387 Deum
2736 4334 2762 4388 ?
2793 4333 2856 4386 in
2889 4331 3133 4388 naturali
3170 4346 3303 4387 vero
3345 4331 3568 4394 Filium.

1981 4424 2274 4480 Dominum
2299 4438 2365 4478 ac
2396 4423 2591 4489 Deum,
2624 4430 2679 4479 ct
2703 4421 3087 4478 universorum
3112 4420 3387 4492 opiﬁcem,
3432 4438 3570 4479 neu-

278 4521 351 4573 ὲν
376 4516 593 4585 Harp),
617 4515 717 4569 διὰ
748 4515 855 4570 τοῦ
881 4514 1114 4582 Πατρός
1143 4514 1384 4569 νοεῖσθαι
1421 4514 1693 4585 βούλεται,
1735 4518 1787 4572 τί
1813 4519 1876 4573 τὸ

1985 4516 2394 4589 tiquamistud,
2428 4517 2651 4587 opinor,
2685 4516 2908 4587 proprie
2929 4529 2995 4571 ac
3023 4528 3154 4571 vere
3182 4513 3566 4585 quadraverit,

281 4612 555 4681 ἀπεῖργον
588 4609 784 4671 εἰπεῖν,
817 4606 899 4659 ὃτι
933 4606 1029 4665 καὶ
1058 4605 1217 4659 τὸ-ὲν
1246 4604 1376 4671 Υίῷ,
1403 4606 1480 4660 δι’
1520 4609 1657 4663 Υἱοῦ
1677 4610 1876 4681 νοηθή-

284 4717 476 4766 σεται;
550 4696 692 4752 Ἀλλ’
734 4698 835 4751 οὐκ
878 4698 967 4761 είς
1013 4698 1172 4751 τοῦτο
1229 4697 1443 4769 μωρίας
1499 4700 1594 4754 σὺν
1645 4702 1880 4765 ἐκείνοις

283 4790 633 4844 κατολισθεῖν
680 4787 986 4859 ἀνεξόμεθα
1043 4788 1239 4842 πάλιν⁹
1306 4789 1428 4843 οὕτε
1483 4789 1591 4863 γάρ
1642 4791 1733 4846 διὰ
1780 4792 1876 4847 τοῦ

284 4881 506 4949 [ἰατρὸς
536 4879 774 4951 ἐροῦμεν
809 4879 1139 4950 πεποιῆσθαι
1168 4878 1260 4934 τὸν
1304 4880 1429 4936 Υἱὸν
1451 4921 1468 4948 ,
1509 4881 1635 4936 οὔτε
1670 4884 1778 4955 μὴν
1810 4885 1878 4940 δι’

286 4971 419 5025 Υίοῦ
461 4972 724 5040 γενέσθαι
767 4973 859 5026 τὸν
910 4972 971 5037 ἐξ
1011 4966 1073 5026 οὗ
1119 4972 1188 5026 τὰ
1242 4973 1452 5038 πάντα,
1507 4973 1731 5046 Πατέρα
1782 4979 1881 5032 καὶ

1985 4610 2084 4666 sed
2140 4624 2265 4666 esse
2320 4609 2726 4665 naturaliterin
2755 4607 2939 4673 Patre,
2973 4607 3028 4661 in
3067 4622 3246 4677 eoque
3271 4608 3565 4667 exsistere.

1984 4718 2222 4774 eumque
2281 4705 2336 4759 in
2389 4704 2575 4775 scipso
2632 4703 2859 4769 habere,
2929 4710 3158 4773 propter
3213 4701 3577 4757 identitatcm.

1986 4796 2350 4863 substantiae,
2397 4795 2648 4866 nihilque
2682 4796 2888 4851 habere
2929 4811 3162 4865 prorsus
3214 4794 3569 4865 interjectum

1985 4888 2260 4959 autquod
2286 4903 2412 4945 eum
2464 4902 2495 4942 a
2531 4886 2700 4944 Patre
2725 4887 2967 4943 naturali
3004 4886 3333 4943 diversitate
3365 4885 3573 4943 distim-

1984 4989 2140 5052 guat.

282 5062 419 5117 θεὸν
441 5083 454 5095 ·
500 5064 625 5128 ἔθος
659 5063 717 5117 δὲ
756 5065 957 5135 μᾶλλον
998 5065 1059 5117 τὸ
1090 5064 1192 5135 τῆς
1236 5064 1596 5122 θεοπνεύστου
1642 5069 1868 5142 Γραφῆς
1907 5074 2127 5146 ἑκάστῳ
2160 5075 2482 5146 πρεπόντως
2507 5072 2966 5147 ὲπιρριπτοῢντες
2998 5073 3196 5145 καιρῷ,
3263 5072 3359 5127 καὶ
3396 5061 3571 5142 προσ..

280 5158 421 5231 ώπῳ
446 5201 462 5226 ,
493 5160 603 5211 κατ’
657 5157 986 5229 πράγματι,
1030 5157 1272 5230 καθαρόν
1318 5177 1379 5213 τε
1428 5161 1524 5214 καὶ
1591 5160 1920 5219 ἀνυπαίτιον
1961 5167 2054 5221 τὸν
2086 5168 2175 5237 ἐφ’
2211 5167 2384 5222 ἅπασι
2423 5170 2536 5232 τοῖς
2581 5167 2905 5236 ἀναγκαίοις
2954 5164 3333 5235 ἐξυφανοῦμεν
3388 5164 3565 5231 λόγον.

282 5255 412 5319 Τοῖς
446 5254 553 5325 μὲν
574 5253 684 5324 γὰρ
711 5253 772 5317 ἐξ
795 5253 896 5307 οὐκ
929 5252 1100 5306 ὄντων
1122 5255 1202 5318 είς
1224 5254 1285 5307 τὸ
1312 5249 1451 5309 εἶναι
1486 5259 1873 5328 παρενεχθεῖσι
1913 5262 2010 5316 καὶ
2035 5263 2287 5331 γεγονόσι
2316 5262 2405 5316 διὰ
2443 5261 2600 5329 Θεοῦ,
2638 5261 2756 5326 πῶς
2782 5262 2884 5316 οὐκ
2947 5260 3014 5315 ἂν
3060 5260 3298 5330 μάλιστα
3366 5254 3570 5325 πρέποι

282 5346 345 5399 τὸ
373 5344 618 5400 νοεῖσθαί
661 5361 721 5398 τε
797 5345 894 5398 καὶ
939 5343 1196 5412 λέγεσθαι
1248 5346 1380 5417 παρ’
1432 5347 1591 5416 ἡμῶν
1634 5349 1711 5412 ὡς
1764 5352 1904 5405 εἰσὶν
1941 5353 2012 5406 ἐν
2038 5354 2196 5420 Θεῷ,
2252 5355 2400 5408 τοῦτ’
2465 5355 2584 5409 ἐστι
2631 5354 2733 5409 διὰ
2765 5353 2960 5418 Θεοῦ;
3018 5352 3109 5423 Τῷ
3150 5367 3213 5420 γε
3273 5346 3380 5418 μὴν
3428 5345 3571 5398 κατά

285 5439 459 5509 φύσιν
488 5436 609 5509 Υἱῷ
633 5438 731 5491 καὶ
773 5438 960 5509 Κυρίῳ
987 5439 1081 5491 καὶ
1109 5438 1250 5509 Θεῷ,
1289 5441 1386 5492 καί¹
1412 5440 1730 5515 δημιουργῷ
1758 5445 1869 5499 τῶν
1906 5447 2045 5502 ὅλων
2070 5489 2084 5513 ,
2124 5451 2226 5504 οὐκ
2256 5449 2323 5503 ἂν
2347 5492 2362 5517 ,
2389 5444 2562 5521 ὀἶμαι
2583 5491 2597 5514 ,
2632 5450 2792 5503 τοῦτο
2859 5449 3065 5520 κυρίως
3098 5463 3158 5498 τε
3195 5443 3289 5497 καὶ
3353 5438 3570 5509 άληθῶς

283 5529 621 5602 ἀρμόσειεν,
700 5525 841 5581 εἶναι
893 5528 951 5582 δὲ
1005 5528 1250 5598 φυσικῶς
1305 5531 1365 5583 ὲν
1416 5532 1620 5604 Πατρὶ,
1669 5535 1765 5587 καὶ
1844 5538 2178 5610 ἐνυπάρχειν
2218 5540 2372 5611 αὐτῷ
2401 5581 2414 5605 ,
2460 5541 2606 5610 ἔχειν
2653 5557 2714 5592 τε
2777 5538 2940 5592 αὐτὸν
2984 5538 3043 5589 ὲν
3118 5529 3339 5602 ἑαυτῷ,
3384 5529 3475 5582 διὰ
3512 5529 3574 5581 τὺ

286 5627 343 5678 ἐν
400 5622 596 5683 οὐσίας
650 5620 944 5692 ταυτότητι
990 5620 1309 5690 φαίνεσθαι,
1364 5623 1458 5676 καὶ
1510 5625 1675 5696 μηδὲν
1729 5626 1875 5698 ἔχειν
1915 5633 2198 5697 παντελῶς
2223 5633 2286 5686 τὸ
2311 5631 2651 5703 μεσολαϐοὖν
2680 5632 2776 5684 καὶ
2795 5630 3081 5700 διατέμνον
3138 5628 3219 5689 είς
3272 5622 3573 5694 ἑτερότητα

327 5717 550 5770 υσικήν.

290 5734 550 5786 ρυσικην.

357 5814 471 5867 Καὶ
507 5812 592 5866 ὅτι
623 5809 724 5879 μὲν
764 5809 896 5873 ἴσως
936 5813 1056 5874 τοῖς
1087 5812 1509 5889 εὐμαθεστέροις
1534 5856 1549 5885 ,
1580 5817 1655 5883 ὣς
1685 5818 1747 5888 γέ
1780 5837 1871 5891 μοι

586 5903 859 5965 ΡΑῖιἭοιι.
906 5906 1021 5965 Gn.
1072 5907 1328 5969 LXXIV.

2054 5816 2180 5874 Haec
2218 5823 2366 5873 recte
2422 5812 2646 5883 quidem
2676 5827 2707 5866 a
2736 5828 2823 5871 mc
2859 5813 3006 5869 dicta
3054 5828 3179 5869 esse
3222 5809 3484 5877 studiesi,
3515 5817 3573 5868 ut

3170 5904 3204 5965 8
