4006 6424
488 314 595 369 235

1519 311 1579 379 S.
1619 310 1892 369 CYRILLI
1923 304 2394 368 ALEXANDRINI
2430 304 2752 365 ARCUIEP.
3626 318 3719 376 236

488 444 631 491 reor,
685 427 1030 498 putaverint,
1098 442 1443 499 nequaquam
1500 438 1679 485 tamen
1733 428 2067 487 assentietur

2178 427 2451 495 φαίνεται,
2485 427 2666 490 καλῶς
2704 427 2973 498 διείρηται
3002 424 3202 492 δόξειεν
3237 424 3322 491 ἂν,
3361 428 3643 483 συναινέσει
3668 449 3722 498 γε

487 521 863 584 adversarius,
911 520 1007 574 sed
1061 522 1317 592 repetitis
1352 522 1417 578 iis
1441 538 1564 592 quae
1605 521 1878 591 principio
1907 521 2073 592 796

487 613 693 677 attulit,
736 612 884 667 dicet
907 614 981 667 ita
1017 611 1237 669 Patrem
1286 628 1411 670 esse
1471 614 1527 667 in
1558 611 1716 675 Filio,
1766 613 1934 668 sicuti
1967 628 2070 668 nos

488 704 541 757 in
576 705 719 773 ipso.
774 705 914 770 Quid
948 719 1080 775 ergo
1116 706 1222 774 (sic
1252 707 1398 759 enim
1428 717 1480 760 te
1524 705 1618 775 qui
1658 714 1770 758 tam
1802 705 1992 775 putida
2017 712 2072 761 et

483 796 751 867 juvenilia
781 798 951 852 sentis
983 813 1047 851 ac
1072 797 1212 852 dicis
1237 798 1574 868 compellare
1600 798 1817 868 juvat)?
1840 806 1955 852 tum
1990 797 2071 854 sic
2116 831 2125 843 ι

488 905 613 944 esse
633 887 832 943 Filium
856 890 911 943 in
969 887 1130 943 Patre
1160 888 1321 955 dicis,
1372 888 1833 958 quemadmodum
1874 874 1978 944 nos
2016 889 2071 943 in

488 984 653 1054 ipso?
680 982 967 1037 Praeclare.
1000 981 1068 1035 At
1091 981 1288 1051 quidni
1313 980 1522 1036 eisdem
1567 996 1670 1035 nos
1699 980 1926 1051 gloriari
1954 996 2071 1036 ser-

488 1076 766 1139 trionibus,
787 1074 988 1143 quibus
1020 1082 1076 1127 et
1116 1073 1236 1142 ipse
1266 1067 1547 1136 Christus,
1596 1080 1810 1127 natura
1871 1079 2074 1126 nostrae

485 1169 627 1221 ratio
667 1165 914 1236 patitur?
940 1166 1062 1233 Ipse
1092 1163 1240 1219 enim
1286 1164 1417 1232 quia
1452 1163 1621 1219 estin
1648 1163 1829 1226 Patre,
1873 1172 1927 1218 et
1976 1162 2074 1215 ba-

485 1259 574 1313 bet
605 1259 659 1312 in
693 1259 877 1327 seipso
907 1256 1157 1321 Patrem,
1212 1258 1421 1327 quippe
1472 1256 1568 1325 qui
1612 1256 1734 1325 ejus
1786 1255 1974 1324 imago
2019 1262 2074 1309 et

483 1352 774 1405 character
799 1349 873 1405 sit
905 1364 998 1420 per
1031 1348 1221 1403 omnia
1244 1349 1455 1404 idcirco
1476 1348 1718 1403 similis:
1755 1364 1773 1398 ι
1799 1346 1903 1413 Qui
1934 1345 2074 1401 vidit

482 1456 591 1505 me,
628 1440 833 1510 inquit,
859 1439 995 1494 vidit
1024 1448 1077 1493 et
1124 1439 1367 1494 Patrem.
1420 1438 1534 1509 Ego
1594 1447 1651 1494 et
1696 1438 1861 1493 Pater
1900 1453 2069 1492 unum

482 1547 697 1586 sumus.
742 1550 762 1582 ι
793 1528 902 1585 Nos
926 1538 1132 1595 autem,
1171 1530 1369 1584 amabo
1388 1541 1462 1593 te,
1498 1531 1547 1585 si
1575 1530 1659 1584 sic
1692 1520 1888 1585 sumus
1926 1529 1979 1582 in
2006 1542 2072 1583 eo

480 1632 537 1677 et
568 1624 687 1694 ipse
734 1624 788 1676 in
844 1622 1011 1678 nobis
1040 1629 1147 1686 est,
1184 1629 1246 1676 ut
1283 1622 1403 1693 ipse
1426 1623 1687 1677 nimirum
1730 1624 1784 1678 in
1821 1622 1981 1678 Patre
2016 1630 2074 1676 et

480 1718 644 1774 Pater
675 1719 729 1773 in
766 1719 909 1788 ipso,
959 1716 1152 1788 quidni
1189 1722 1374 1773 erecta
1405 1716 1621 1772 cervice
1659 1731 1724 1773 ac
1758 1718 1934 1782 vultu,
1973 1730 2073 1786 pa-

2180 520 2285 590 μὴν
2312 521 2340 572 6
2372 520 2438 573 δι’
2472 520 2724 583 ἐναντίας
2760 519 3045 590 οὐδαμῶς·
3079 520 3199 591 ἐρεῖ
3228 519 3284 572 δὲ
3317 520 3380 589 δὴ
3417 521 3611 593 πάλινι
3645 525 3723 579 τὸν

2176 614 2234 666 ὲν
2268 614 2466 682 ἀρχαῖς
2493 612 2983 683 εἰσκεκομισμένον
3024 610 3454 683 ἀναμασώμενος
3478 613 3625 682 λόγον
3651 616 3723 672 ὅτι

2173 706 2348 770 οὕτως
2378 706 2525 759 ἐστὶν
2566 707 2593 757 6
2623 705 2814 775 Πατὴρ
2857 706 2914 756 ὲν
2966 702 3044 772 τῷ
3076 686 3239 773 Ὺὶῷ,
3291 702 3476 773 ὣσπερ
3505 705 3651 776 ἡμεῖς
3677 709 3724 760 ὲν

2173 796 2343 868 αὐτῷ.
2373 796 2437 849 Τί
2466 792 2559 849 οὖν
2591 796 2733 866 ἀρα;
2763 796 3062 865 (φήσαιμεν
3087 793 3153 849 ἂν
3174 795 3273 846 οὑκ
3304 795 3568 857 ἀσυνέτως
3594 796 3729 866 ἐλέγ-

2174 905 2386 960 χοντες,
2429 887 2608 958 σαθρά
2637 904 2695 939 τε
2739 888 2834 941 καὶ
2867 886 3204 959 μειρακιώδη
3241 886 3536 956 φρονοῦντα
3565 906 3619 941 τε
3646 890 3730 944 καὶ

2174 978 2427 1051 λέγοντα)
2455 978 2631 1041 οὕτως
2657 974 2798 1033 εἶναι
2826 980 2932 1049 φὴς
2975 978 3067 1032 τὸν
3101 978 3229 1031 Υἱὸν
3261 978 3318 1032 ἐν
3358 979 3548 1050 Πατρὶ,
3577 980 3730 1033 καθά-

2176 1090 2282 1143 περ
2311 1073 2462 1143 ἡμᾶς
2487 1073 2545 1124 ὲν
2572 1072 2720 1142 αὐτῷ
2745 1090 2760 1139 ;
2803 1072 3020 1134 Καλῶς.
3053 1067 3191 1124 Εἶτα
3219 1070 3271 1141 τί
3304 1071 3391 1142 δὴ,
3434 1071 3566 1141 πρὸς
3587 1071 3731 1126 τοῦτο

2174 1161 2557 1234 ὲροῦμεν,-μὴ
2589 1164 2702 1226 τοῖς
2737 1161 2873 1227 ἴσοις
2902 1164 3050 1234 ἡμᾶς
3078 1161 3551 1233 ὲπισεμνύνεσθαι
3570 1161 3731 1230 λόγοις

2172 1256 2234 1308 τὸ
2266 1256 2365 1326 τῆς
2397 1255 2672 1325 ἡμετέρας
2719 1254 2934 1325 φύσεως
2965 1255 3153 1327 ἐφίησι
3201 1255 3434 1326 μέτρον,
3465 1250 3648 1327 οἷσπερ
3674 1255 3731 1310 ἂν

2174 1349 2350 1420 ὁρῷτο
2380 1350 2475 1402 καὶ
2505 1349 2667 1412 αὐτὸς
2702 1351 2729 1401 6
2755 1348 3027 1419 Χριστός;
3059 1347 3231 1411 Αὐτὸς
3260 1348 3359 1417 μὲν
3381 1347 3487 1417 γὰρ
3520 1348 3731 1417 ἐπείπερ

2175 1442 2324 1495 ἐστὶν
2358 1442 2415 1494 ὲν
2445 1440 2654 1511 Πατρὶ,
2690 1440 2804 1511 ἔχει
2835 1420 2901 1494 δέ
2934 1440 2992 1493 ὲν
3039 1439 3217 1510 ἐαυτῷ
3248 1439 3339 1492 τὸν
3371 1438 3618 1509 Πατέρα,
3649 1440 3733 1492 ἆτε

2172 1534 2236 1606 δὴ
2261 1533 2356 1587 καὶ
2387 1532 2550 1586 εἰκὼν
2573 1532 2739 1587 αὑτοῦ
2781 1532 2877 1587 καὶ
2904 1531 3193 1603 χαρακτὴρ
3226 1531 3635 1603 ἀπαράλλακτος
3656 1530 3735 1585 διὰ

2172 1624 2330 1677 τοῦτο
2363 1623 2625 1695 ὑπάρχων
2650 1639 2663 1653 ·
2702 1641 2721 1675 ι
2767 1622 2827 1678 '0
2862 1622 3125 1694 ἑωρακὼς
3157 1622 3280 1694 ἐμὲ,
3326 1622 3511 1693 φησὶν,
3542 1620 3734 1692 ἑώρακε

2172 1716 2263 1769 τὸν
2302 1715 2522 1787 Πατέρα
2554 1732 2566 1747 ’
2606 1713 2717 1783 ἐγὼ
2758 1715 2852 1769 καὶ
2879 1717 2907 1769 6
2961 1715 3147 1786 Πατὴρ
3174 1714 3234 1766 ’ἐν
3268 1715 3458 1784 ἐσμεν.
3496 1732 3515 1765 ›
3564 1713 3735 1783 Ἡμεῖς

479 1813 590 1867 lam
612 1827 681 1868 ac
702 1827 901 1868 secure
927 1811 1167 1866 dicimus
1192 1826 1205 1861 :
1234 1808 1347 1879 Ego
1382 1808 1436 1862 in
1462 1807 1709 1872 Christo,
1736 1819 1791 1863 et
1819 1807 2067 1865 Christus

2172 1808 2264 1875 δὲ,
2291 1807 2415 1861 εἰπέ
2450 1825 2580 1880 μοι,
2624 1809 2673 1861 εί
2708 1806 2881 1872 οὕτως
2925 1807 3093 1879 ἐσμὲν
3130 1808 3188 1861 ὲν
3227 1806 3378 1878 αὐτῷ
3404 1848 3418 1873 ,
3465 1805 3650 1877 ἔχομέν
3683 1820 3738 1858 τε

480 1907 540 1959 in
571 1919 655 1959 me
681 1903 804 1958 est?
836 1902 939 1968 Qui
977 1900 1115 1955 vidit
1144 1915 1252 1965 me,
1286 1899 1427 1954 vidit
1453 1907 1507 1955 et
1536 1899 1844 1954 Christum.
1882 1898 1995 1963 Ego
2016 1908 2072 1954 et

480 1996 737 2051 Christus
760 2008 930 2049 unum
961 1994 1193 2048 'sumus.
1229 1989 1372 2056 Quid
1404 2005 1574 2061 porro
1609 1990 1740 2046 liinc
1769 1990 2072 2061 sequetur?

360 2155 369 2163 ι
479 2085 676 2153 Nemo,
710 2093 770 2139 ut
800 2085 1019 2157 Opinor,
1055 2084 1295 2154 idipsum
1336 2083 1404 2138 de
1434 2090 1589 2153 patre
1640 2082 1826 2139 dicere
1862 2082 2074 2138 verebi-

481 2188 595 2244 tur,
636 2196 655 2232 ρ
696 2178 808 2251 Ego
839 2185 896 2233 et
925 2186 1083 2249 pater
1119 2192 1287 2231 unum
1319 2192 1533 2232 sumus.
1568 2196 1588 2230 ι
1634 2173 1770 2230 Nam
1813 2175 1859 2232 si
1898 2190 2067 2230 unum

480 2283 567 2330 est
599 2282 753 2345 pater
776 2288 901 2328 cum
935 2271 1069 2339 tilio,
1107 2269 1387 2342 quomodo
1416 2284 1527 2324 non
1562 2268 1793 2337 aequalis
1822 2267 1932 2323 erit
1965 2267 2069 2338 ipsi

480 2367 681 2434 Patri“
707 2380 831 2421 cum
880 2380 978 2436 per
1025 2365 1208 2419 omnia
1264 2360 1466 2418 similis
1492 2363 1675 2432 imago
1715 2360 1789 2418 sit
1819 2360 1969 2416 nulla
2001 2375 2065 2415 ex

479 2468 633 2533 parte
656 2458 956 2514 evariantis
1020 2455 1300 2526 imaginis,
1339 2453 1393 2509 id
1422 2460 1507 2510 est
1530 2452 1697 2507 Filii?
1759 2451 1898 2520 Quis
1932 2466 2066 2525 ergo

478 2567 545 2606 eo
574 2548 850 2605 vecordiae
894 2548 1112 2602 labetur
1174 2559 1441 2616 unquam,
1488 2553 1549 2600 ut
1595 2544 1781 2613 dicere
1819 2545 2066 2600 audeat:

404 2632 410 2649 ’
478 2643 580 2709 Qui
611 2641 813 2696 viderit
850 2654 935 2696 me
957 2680 970 2703 ,
1003 2639 1205 2695 viderit
1237 2647 1294 2695 et
1323 2638 1643 2695 Christum?
1682 2639 1796 2710 Ego
1825 2645 1880 2694 et
1906 2638 2068 2694 Chri-

477 2743 599 2791 stus
628 2748 799 2788 unum
827 2732 1062 2788 sumus?
1091 2729 1228 2786 Nam
1258 2732 1303 2786 si
1329 2746 1425 2801 per
1454 2730 1834 2786 habitudinem
1862 2745 1927 2785 ac
1954 2745 2065 2785 non

477 2840 575 2897 per
601 2834 855 2881 naturam
909 2821 1110 2877 Filium
1138 2838 1264 2878 esse
1295 2824 1350 2877 in
1402 2821 1563 2878 Patre
1601 2822 1888 2889 concedis,
1925 2831 1980 2878 et
2010 2823 2065 2877 in

475 2916 659 2986 seipso
678 2915 885 2970 habere
902 2911 1143 2979 Patrem,
1171 2912 1454 2983 similique
1493 2911 1655 2969 modo
1679 2928 1783 2970 nos
1811 2914 1867 2969 in
1904 2914 2066 2970 Chri-

474 3014 585 3069 sto,
637 3013 694 3060 et
742 3004 999 3060 Christus
1062 3001 1117 3056 in
1162 3002 1474 3058 nobis-est
1506 3020 1519 3057 :
1555 3002 1792 3074 primum
1840 3004 2065 3074 quidem

487 3096 678 3152 eodem
709 3110 822 3165 quo
860 3108 964 3149 nos
1014 3093 1216 3148 ordine
1260 3091 1436 3149 Filius
1475 3095 1830 3160 censebitur;
1867 3095 2067 3151 deinde

476 3188 616 3244 nihil
645 3185 854 3241 vetabit
888 3185 1189 3254 quominus
1225 3184 1390 3239 etiam
1424 3185 1605 3255 ipsum
1634 3224 1649 3249 ,
1701 3185 1748 3240 si
1784 3185 2020 3243 velimus
2044 3228 2061 3255 ,

473 3287 854 3350 prsetergreSSt
896 3275 1132 3344 Filium,
1181 3283 1241 3330 ut
1291 3278 1385 3346 qui
1447 3277 1777 3345 interjectus
1824 3278 1931 3343 sit,
1994 3278 2063 3334 ad

474 3374 654 3442 ipsum
683 3370 898 3424 Patrem
929 3376 1079 3423 recta
1104 3367 1516 3439 quodammodo
1542 3368 1859 3436 tendamus,
1902 3370 2065 3441 eique

474 3479 580 3519 nos
608 3473 716 3518 tam
764 3460 1009 3534 perfecte
1041 3470 1098 3517 ct
1154 3470 1350 3517 exacte
1382 3463 1723 3518 assimilatos
1750 3477 1876 3519 esse
1913 3462 2065 3518 dica-

475 3568 621 3620 mus,
648 3562 716 3617 ,ut
742 3553 878 3607 nihil
898 3552 1044 3609 inter
1075 3568 1176 3608 nos
1214 3564 1266 3608 et
1295 3553 1451 3608 illum
1475 3562 1738 3623 appareat
1783 3554 2064 3610 discrimi-

475 3650 582 3704 nis.
613 3648 793 3704 Unum
825 3647 1031 3718 quippe
1060 3662 1187 3728 esse
1218 3646 1480 3718 quiddam
1523 3662 1648 3701 cum
1686 3647 1896 3718 aliquo,
1922 3647 2066 3705 hanc

474 3742 584 3795 vim
607 3748 667 3817 et
694 3740 1156 3811 significationem
1199 3739 1386 3795 habet.
1417 3737 1699 3810 Numquid
1733 3756 1865 3812 ergo
1908 3741 2064 3797 vide-

2174 1903 2339 1956 αὐτὸν
2367 1903 2424 1956 ἐν
2462 1903 2708 1966 ἑαυτοῖς,
2758 1900 2949 1973 ὥσπερ
2994 1896 3087 1955 οὖν
3131 1901 3331 1970 ἀμέλει
3367 1901 3462 1954 καὶ
3489 1899 3645 1962 αὐτὸς
3688 1898 3739 1952 ἐν

2174 1995 2352 2068 Πατρ“ι
2384 1994 2480 2048 καὶ
2519 1993 2546 2044 6
2574 1993 2766 2064 Πατὴρ
2802 1994 2862 2047 ἐν
2892 1993 3064 2062 αὐτῷ,
3093 1991 3237 2045 διατί
3272 1992 3350 2064 μὴ
3380 1992 3585 2063 μακρὸν
3620 1992 3739 2048 ἀνα-

2172 2088 2443 2152 τείνοντες
2475 2086 2566 2141 τδν
2596 2085 2804 2157 αὐχένα
2832 2087 2928 2140 καὶ
2957 2084 3163 2155 ὑψηλὸν
3193 2085 3306 2148 τοῖς
3350 2084 3623 2139 ὑπαντῶσι
3645 2083 3742 2137 δει-

2172 2182 2396 2246 κνύντες
2466 2180 2527 2234 τὸ
2589 2177 2919 2250 πρόσωπον,
2985 2175 3127 2247 μετὰ
3175 2175 3498 2247 παρρησίας
3548 2173 3738 2245 φαμένο

2184 2274 2325 2344 Ἐγὼ
2353 2276 2412 2327 ἐν
2444 2271 2521 2343 τῷ
2550 2269 2798 2343 Χριστῷ,
2834 2268 2930 2323 καὶ
2955 2270 2984 2322 6
3017 2266 3254 2340 Χριστὸς
3282 2269 3348 2321 ὲν
3384 2266 3534 2339 ἐμοί·
3571 2266 3625 2319 '0
3654 2266 3743 2318 ἑω-

2173 2365 2357 2440 ρακὼς
2389 2363 2491 2435 ἐμὲ
2516 2403 2531 2427 ,
2574 2362 2788 2434 ἑώρακε
2827 2360 2920 2414 τὸν
2966 2360 3225 2432 Χριστόν’
3269 2358 3418 2429 Ἐγὼ
3448 2359 3541 2414 καὶ
3568 2359 3595 2411 6
3623 2358 3744 2428 Χρι-

2172 2458 2295 2525 στὸς
2323 2457 2384 2510 ἓν
2412 2458 2617 2525 ὲσμεν;
2645 2450 2781 2508 Εἶτα
2808 2453 2862 2506 τί
2886 2452 2948 2506 τὸ
2982 2450 3274 2520 ὲντεῦθεν;
3318 2453 3434 2506 Οὐκ
3463 2451 3552 2517 ἂν,
3583 2446 3740 2519 οἶμαι,

2167 2550 2251 2614 τὶς
2284 2524 2653 2603 καταδείσειεν
2678 2542 2874 2615 ὀροῶς,
2900 2542 3011 2597 οὐδ’
3042 2542 3108 2598 ἂν
3138 2546 3479 2615 κατοκνῆσαι
3521 2541 3738 2614 πρεπόν-

2167 2656 2277 2702 τως
2322 2634 2482 2690 τοῦτο
2534 2634 2670 2688 αὐτὸ
2717 2634 2884 2704 φάναι
2932 2633 3215 2704 τολμήσας
3258 2634 3358 2688 καὶ
3408 2633 3536 2706 περὶ
3590 2628 3741 2686 αὑτοῦ

2169 2727 2354 2782 λοιπὸν
2394 2727 2573 2780 εἰπεῖν
2610 2723 2705 2778 τοῦ
2735 2723 2950 2795 Πατρός
2976 2739 2988 2752 ·
3032 2742 3049 2776 ι
3093 2721 3234 2792 Ἐγὼ
3283 2725 3380 2778 καὶ
3408 2725 3438 2777 ὁ
3468 2723 3652 2794 Πατὴρ
3692 2720 3743 2774 ἓν

2168 2822 2357 2892 ἐσμεν.
2394 2838 2413 2871 ι
2448 2817 2513 2873 Εἰ
2548 2817 2660 2889 γὰρ
2694 2816 2753 2870 ἓν
2808 2817 2957 2870 ἔστιν
2986 2816 3015 2868 6
3046 2816 3239 2887 Πατὴρ
3293 2816 3434 2888 πρὸς
3474 2816 3566 2870 τὸν
3605 2813 3741 2878 Υίδν,

2169 2913 2288 2976 πῶς
2322 2912 2423 2966 οὐκ
2448 2909 2598 2982 αὐτῷ
2624 2908 2814 2963 λοιπὸν
2845 2909 3187 2980 ίσομοιρήσει
3234 2907 3319 2980 τῷ
3350 2908 3550 2980 Πατρὶ,
3597 2904 3745 2960 εἰκὼν

2167 3005 2586 3079 ἀπαράλλακτος
2618 3002 3044 3074 ἀπαραλλάκτου
3084 3002 3331 3071 γεγονὼς
3358 3002 3587 3070 εἰκόνος,
3614 2997 3745 3053 τοῦτ’

2169 3102 2286 3157 ἔστι
2313 3100 2410 3156 τοῦ
2436 3099 2567 3154 Υίοῦ
2595 3117 2609 3166 ;
2640 3098 2736 3163 Τίς
2765 3094 2860 3152 οὖν
2890 3096 3169 3169 ἄρα-πρὸς
3197 3096 3362 3150 τοῦτο
3397 3096 3590 3168 μανίας
3624 3110 3746 3147 κατ-

2168 3193 2452 3265 οιχήσεταί
2493 3210 2624 3246 ποτε
2649 3231 2663 3256 ,
2697 3191 2785 3255 ὡς’
2814 3190 3085 3261 τολμῆσαι
3119 3189 3304 3257 λέγειν
3331 3208 3344 3222 ·
3397 3190 3455 3243 '0
3505 3184 3750 3258 ἑωρακὼς

2171 3287 2294 3358 ἐμὲ,
2339 3284 2554 3356 ἑώρακε
2600 3284 2690 3337 τὸν
2742 3283 2978 3355 Χριστόν
3003 3299 3016 3314 ·
3077 3281 3219 3350 Ἐγὼ
3247 3282 3350 3336 καὶ
3380 3285 3409 3336 ὁ
3434 3281 3665 3353 Χριστὸς
3699 3278 3752 3331 ἓν

2172 3380 2339 3448 ἐσμεν
2363 3397 2376 3443 ;
2401 3378 2464 3430 Et
2491 3378 2603 3448 γὰρ
2638 3377 2904 3447 σχετικῶς
2935 3377 3029 3430 καὶ
3057 3376 3119 3430 οὑ
3162 3376 3311 3430 κατά
3363 3376 3531 3446 φύσιν
3563 3371 3750 3429 ἀπονέ-

2176 3489 2297 3542 μεις
2321 3470 2399 3541 τῷ
2428 3470 2546 3541 Υίῷ
2571 3470 2632 3523 τὸ
2651 3465 2793 3523 εἶναι
2819 3471 2877 3524 ὲν
2909 3468 2987 3541 τῷ
3013 3470 3208 3541 Πατρὶ,
3238 3469 3389 3541 ἔχειν
3419 3487 3482 3524 τε
3507 3472 3565 3523 ὲν
3588 3464 3753 3536 ἑαυτῷ

2171 3558 2264 3612 τὸν
2302 3559 2553 3629 Πατέρα,
2593 3557 2737 3611 οὕτω
2771 3558 2867 3612 καὶ
2906 3558 3065 3628 ⁴ἡμεῖς
3098 3560 3155 3612 ὲν
3181 3559 3452 3631 Χριστῷ,
3492 3559 3587 3614 καὶ
3629 3559 3754 3626 Χρι-

2174 3649 2298 3712 στὸς
2329 3650 2387 3702 ἐν
2432 3650 2564 3719 ἡμῖν
2586 3663 2597 3676 ·
2630 3648 2845 3720 πρῶτον
2877 3648 2977 3719 μὲν
3007 3651 3066 3704 ὲν
3101 3648 3254 3714 τάξει
3284 3654 3352 3722 τῇ
3387 3650 3513 3711 καθ’
3556 3650 3697 3721 ἡμᾶς
3730 3647 3756 3700 ὁ

2172 3740 2320 3804 Υίδς,
2357 3735 2475 3795 εἶτα
2504 3740 2566 3793 τὸ
2588 3740 2730 3797 κωλύ
2741 3758 2799 3794 ον
2824 3741 2978 3795 οὐδὲν
3002 3741 3433 3814 παρελάσαντας
3460 3743 3557 3797 καὶ
3579 3739 3751 3805 αὑτὸν,

474 3834 545 3889 tis
579 3841 867 3904 quantam
903 3833 960 3887 in
1012 3832 1303 3887 stultitiam
1370 3838 1427 3886 et
1487 3831 1824 3903 impietatem
1870 3848 2062 3890 eorum

2172 3834 2220 3886 εἰ
2257 3831 2580 3903 βουλοίμεθα
2606 3873 2623 3899 ,
2668 3832 2761 3885 τὸν
2795 3832 2924 3886 Υἱὺν
2949 3871 2962 3896 ,
3007 3833 3082 3897 ὡς
3131 3832 3219 3887 διὰ
3274 3835 3454 3903 μέσου
3493 3832 3753 3904 κείμενον,

473 3933 689 3981 mentes
723 3923 1048 3988 ceciderint,
1081 3930 1135 3979 et
1169 3929 1378 3993 quanta
1409 3937 1470 3979 se
1503 3923 1664 3978 nobis
1694 3923 2062 3980 absurdarum

2170 3926 2256 3977 ἐπ’
2284 3924 2447 3978 αὐτὸν
2468 3922 2659 3994 ῶσπερ
2687 3922 3043 3995 εὐθυδρομεῖν
3077 3923 3167 3977 τὸν
3194 3924 3446 3997 Πατέρα,
3480 3923 3577 3977 καὶ
3617 3918 3757 3989 αὐτῷ

474 4017 754 4072 rationum
803 4015 965 4071 turba
993 4014 1336 4085 ingesserit?
1361 4013 1637 4089 Quaenam,
1671 4014 1840 4086 igitur
1893 4030 2061 4071 causa

2172 4015 2632 4087 προσωμοιῶσθαι
2676 4016 2858 4084 λέγειν
2899 4018 3051 4087 ἡμᾶς
3104 4014 3279 4079 οὕτως
3348 4016 3639 4087 ἀκριϐῶς,
3690 4012 3758 4075 ὡς

474 4108 549 4165 sit
581 4126 681 4164 cur
713 4108 829 4164 haec
856 4107 1041 4162 dicant
1093 4112 1263 4176 atque
1300 4105 1665 4172 contendant,
1701 4116 1924 4178 tamque
1966 4105 2066 4161 fri-

2170 4108 2338 4180 μηδὲν
2372 4105 2607 4179 δρᾶσθαι
2635 4108 2698 4160 τὸ
2723 4105 3063 4161 διαλλάττον.
3094 4108 3168 4160 T6
3212 4107 3325 4180 γὰρ
3364 4108 3425 4162 ἓν
3455 4105 3599 4162 εἶναι
3628 4104 3758 4175 πρός

474 4198 614 4255 volis
644 4198 993 4255 sermonibus
1023 4197 1306 4259 innatent,
1344 4212 1616 4268 exponam
1651 4213 1871 4255 rursus.

2170 4218 2217 4254 τι
2248 4200 2540 4269 λέγεσθαι,
2579 4200 2844 4272 Δτοιαύτην
2883 4199 2949 4253 ἂν
3000 4198 3114 4270 ἔχοι
3166 4200 3265 4271 τὴν
3322 4200 3589 4272 δύναμιν.
3637 4194 3756 4266 'Ap‘

473 4289 567 4350 ὥν
588 4294 687 4365 οὐχ
718 4293 992 4363 ὁρᾶτεδείς
1042 4290 1176 4360 ὅσην
1226 4291 1411 4354 αὐτοῖς
1458 4290 1754 4345 ἀσυνεσίαν
1812 4309 1871 4345 τε
1918 4293 2056 4363 ὁμοῦ
2097 4294 2195 4348 καὶ
2241 4294 2499 4348 ἀσέϐειαν
2541 4270 2846 4346 κατώλισθε
2894 4292 2966 4346 τὰ
3004 4293 3375 4364 φρονήματα,
3453 4270 3553 4348 καὶ
3628 4291 3762 4343 ὅσων

472 4391 606 4460 ἡμῖν
656 4385 931 4459 λογισμῶν
972 4385 1192 4439 ἀτόπων
1239 4386 1612 4457 είσπεπήδηκε
1645 4384 1909 4457 θόρυϐος;
1962 4372 2060 4452 Τίς
2099 4382 2193 4442 οὖν
2232 4391 2265 4459 ἡ
2297 4388 2573 4459 πρόφασις
2626 4389 2721 4441 τοῦ
2761 4388 2938 4443 ταῦτα
2969 4388 3151 4457 λέγειν
3189 4389 3285 4442 καὶ
3372 4386 3761 4453 διατείνεσθαι,

472 4482 710 4545 καὶτοῖς
755 4479 930 4541 οὕτως
973 4476 1161 4542 ἑώλοις
1201 4478 1560 4549 ἐπινήχεσθαι
1609 4476 1791 4546 λόγοις
1840 4478 2058 4544 αὐτοὺς,
2099 4481 2209 4552 ὲρῶ
2241 4482 2305 4552 δὴ
2337 4481 2518 4535 πάλιν.

544 4574 703 4630 Unus
728 4576 809 4628 eis
840 4586 1044 4649 scopus
1096 4571 1414 4642 propositus
1446 4578 1554 4637 est,
1598 4569 1798 4625 Filium
1831 4585 1860 4623 a
1883 4557 2066 4626 Patris

2244 4572 2456 4637 Σκοπὸς
2503 4567 2584 4636 εἷς
2638 4572 2825 4635 αὐτοῖς
2849 4611 2863 4637 ,
2916 4571 3195 4643 ἀλλότριόν
3250 4590 3311 4626 τε
3370 4575 3473 4629 καὶ
3535 4574 3763 4642 ἔκφυλον

473 4669 787 4725 substantia
833 4679 1060 4735 prorsus
1088 4665 1431 4721 .excludere.
1476 4663 1605 4720 llaec
1644 4667 1794 4719 enim
1834 4679 1864 4718 a
1900 4664 2065 4719 nobis

2171 4665 2452 4729 παντελῶς
2472 4666 2569 4737 τῆς
2601 4665 2696 4720 τοῦ
2720 4664 2937 4736 Πατρδς
2967 4665 3155 4728 οὐσίας
3184 4666 3474 4739 ἀποφῆναι
3499 4667 3593 4722 τὸν
3621 4666 3762 4720 Υίὸν.

473 4773 604 4815 vere
641 4757 772 4819 dici,
799 4773 863 4811 ex
888 4757 1249 4826 sequentibus
1277 4766 1331 4811 et
1362 4757 1431 4812 iis
1485 4772 1609 4826 quae
1634 4756 1917 4827 prioribus
1945 4755 2066 4824 ejus

2174 4760 2296 4812 Ὅτι
2332 4758 2442 4830 γὰρ
2485 4758 2845 4829 ἀληθεύοντες
2889 4756 2959 4810 τὰ
2995 4756 3226 4811 τοιαῦτά
3260 4774 3453 4830 φαμεν
3477 4803 3492 4828 ,
3541 4761 3610 4814 ὲκ
3661 4756 3768 4812 τῶν

475 4848 639 4922 797
698 4848 1056 4917 blasphemiis
1117 4850 1419 4917 subjuncta
1489 4856 1620 4904 sunt
1676 4862 2061 4918 agnoscemus.

475 4943 679 5000 Subdit
705 4943 852 4997 enim
884 4962 896 4997 :
928 4938 1134 4998 Verum
1165 4940 1631 5013 quemadmodum
1663 4956 1767 4996 nos
1790 4979 1803 5006 ,
1844 4941 2063 5010 inquit,

473 5037 569 5109 qui
600 5048 796 5089 sumus
830 5034 883 5088 in
916 5035 1070 5104 ipso,
1117 5034 1520 5104 impermistam
1576 5041 1758 5089 tamen
1818 5047 1942 5087 cum
1998 5047 2064 5087 eo

472 5130 745 5185 habemus
799 5116 1187 5200 ltypomasitn:
1235 5127 1310 5181 ita
1362 5137 1410 5180 et
1464 5126 1676 5190 Filius,
1712 5141 1834 5179 cum
1884 5127 1955 5179 sit
2003 5125 2058 5178 in

473 5220 672 5282 Patre,
721 5220 1042 5276 distinctam
1085 5229 1272 5275 tamen
1325 5218 1491 5272 habet
1547 5218 1617 5271 ab
1669 5217 1914 5287 ingenito
1950 5216 2060 5271 Deo

473 5313 867 5368 substantiam.
931 5310 1076 5377 Quid
1136 5313 1257 5374 ais,
1321 5309 1594 5365 demens?
1653 5318 1894 5378 apertam
1958 5308 2061 5364 hoc

476 5403 640 5459 modo
672 5403 852 5458 fecisti
886 5414 1036 5458 tuam
1088 5404 1141 5458 in
1187 5401 1387 5457 Filium
1432 5402 1852 5472 blasphemiam.
1887 5399 2059 5475 Num7

476 5493 605 5560 quid
641 5508 773 5565 ergo
801 5495 984 5564 quivis
1019 5494 1284 5549 fatebitur
1312 5508 1413 5548 nos
1451 5508 1560 5548 non
1608 5493 1816 5547 frustra
1854 5509 2058 5548 vanum

475 5597 539 5636 ac
594 5583 748 5638 futile
798 5586 1058 5640 cavillum
1111 5585 1166 5639 in
1223 5584 1610 5640 haereticorum
1659 5592 1828 5655 caput
1884 5595 2062 5641 retor-

474 5675 695 5735 quere?
724 5674 866 5731 Ecce
908 5676 1057 5731 enim
1095 5685 1245 5747 patet
1275 5693 1370 5732 eos
1404 5677 1538 5731 nihil
1594 5660 1731 5747 plus‘
1767 5675 1909 5733 Filio
1959 5677 2061 5731 tri—

478 5762 649 5822 buere
691 5778 856 5837 quam
910 5769 1146 5824 terrenis
1196 5769 1548 5835 hominibus,
1591 5779 1643 5824 et
1680 5768 1957 5823 creaturis
1989 5768 2057 5823 ab

2169 4850 2367 4922 ἐφεξῆς
2420 4852 2513 4905 καὶ
2553 4850 3018 4923 παρεζευγμένων
3070 4853 3193 4914 ταῖς
3242 4853 3552 4925 προτέραις
3603 4849 3765 4906 αὐτοῦ

2137 4943 2505 5014 ,δυσφημίαις
2556 4942 2836 5012 εἰσόμεθα.
2892 4943 3121 5012 Ἐπάγει
3170 4942 3278 5014 γὰρ
3339 4944 3559 5010 οὕτως’
3630 4942 3766 5001 ’Δλλ’

2170 5037 2361 5107 ὥσπερ
2387 5038 2580 5106 ἡμεῖς,
2615 5034 2781 5105 φησὶν
2802 5075 2816 5096 ,
2866 5035 2925 5087 ἐν
2957 5034 3109 5106 αὐτῷ
3156 5036 3311 5100 ὄντες
3334 5081 3348 5103 ,
3394 5039 3581 5110 ἀμιγῆ
3636 5037 3767 5107 πρὸς

2171 5129 2334 5183 αὑτὸν
2365 5128 2563 5199 ἔχομεν
2597 5126 2695 5198 τὴν
2726 5126 3024 5181 ὑπόστασιν
3050 5145 3061 5155 ·
3098 5128 3190 5181 τὸν
3223 5130 3396 5184 αὐτὸν
3430 5132 3643 5203 τρόπον
3681 5131 3772 5184 καὶ

2170 5224 2198 5274 6
2237 5221 2388 5284 Υἱὸς,
2421 5222 2478 5273 ἐν
2527 5218 2607 5289 τῷ
2652 5219 2829 5288 Πατρὶ
2856 5220 3167 5289 τυγχάνων,
3201 5220 3650 5294 διακεκριμένην
3679 5220 3769 5275 τοῦ

2168 5311 2466 5380 ἁγεννήτου
2493 5307 2630 5361 Θεοῦ
2654 5307 2768 5379 ἔχει
2791 5309 2887 5379 τὴν
2911 5309 3119 5363 οὐσίαν.
3146 5310 3211 5363 Τί
3235 5311 3368 5381 φὴς,
3393 5314 3771 5386 ἐμϐρόντητε;

2168 5403 2382 5475 γυμνὴν
2420 5401 2565 5456 οὕτω
2600 5402 2699 5472 τὴν
2722 5401 2800 5464 εἰς
2825 5402 2915 5455 τὸν
2941 5402 3066 5455 Υίὸν
3091 5404 3398 5474 πεποίησαι
3428 5406 3768 5477 δυσφημίαν.

2168 5489 2297 5564 τΑρ’
2326 5488 2419 5547 οὖν
2452 5492 2528 5563 μὴ
2558 5492 2808 5545 διάκενον
2834 5492 2953 5562 ἐρεῖ
2972 5510 3058 5556 τις
3083 5496 3465 5562 συκοφαντίαν
3510 5496 3771 5566 καταχεῖν

2170 5587 2321 5656 ἡμᾶς
2346 5583 2666 5652 ἐπείγεσθαι
2699 5586 2798 5655 τῆς
2826 5585 2937 5637 τῶν
2966 5583 3256 5657 Οεομόιχων
3294 5589 3555 5659 κεφαλῆς
3584 5605 3599 5655 ;
3642 5587 3767 5640 Ἰδοὺ

2169 5677 2279 5745 γὰρ
2308 5673 2517 5744 σαφῶς,
2547 5674 2699 5726 οὐδὲν
2732 5674 2865 5737 ὅλως
2895 5673 2956 5727 τὸ
2989 5675 3172 5729 πλεῖον
3201 5677 3591 5749 ἀπονέμουσιν
3623 5677 3771 5749 αὐτῷ

2165 5770 2273 5821 τῶν
2307 5769 2415 5821 ἀπὸ
2443 5767 2547 5838 γῆς
2570 5766 2891 5836 γεγονότων,
2929 5768 3022 5821 καὶ
3043 5767 3112 5822 δι’
3147 5768 3315 5825 αὐτοῦ
3353 5772 3503 5843 πρὸς
3537 5771 3601 5826 τὺ
3637 5768 3771 5826 εἶναι
