4006 6432
255 384 359 438 237

1330 378 1394 435 IN
1434 379 1719 438 JOANNIS
1759 376 2215 434 EV'ANGELIUM
2258 379 2390 433 LIB.
2417 379 2512 434 1X.

3435 381 3545 437 258

256 495 784 567 παρενηνεγμένων.
853 496 993 565 Ἐγὼ
1048 497 1124 563 δὲ,
1160 497 1334 552 καίτοι
1387 499 1507 553 λίαν
1541 500 1850 573 ,ἀφορήτως

1957 509 2022 548 eo
2058 495 2125 548 ad
2164 510 2289 550 esse
2325 494 2634 565 productis.
2692 490 2804 563 Ego
2836 507 2967 548 vero
2999 493 3254 563 quamvis
3302 494 3546 565 graviter

255 590 400 658 ἔχων
443 589 528 656 ἐφ’
556 585 640 649 οἷς
670 590 845 642 εἰπεῖν
878 589 928 640 oi
957 588 1177 641 δείλαιοι
1207 590 1628 660 τετολμήκασιν,
1675 592 1852 643 ἐκεῖνο

251 682 433 746 δεῖξαι
485 681 844 753 πειράσομαι,
878 682 957 752 τῷ
1009 681 1195 752 σκοπῷ
1236 683 1395 735 πάλιν
1440 684 1704 753 ἑπόμενος
1753 684 1851 752 τῆς

253 773 413 837 θείας
476 774 742 843 Γραφῆς,
803 773 878 837 ὼς
930 775 1162 845 ἐπείπερ
1210 774 1503 845 ἀρνοῦνται
1551 774 1640 828 τὸν
1699 773 1849 836 Υἱὸν,

256 866 678 936 συνηρνήσαντο
714 865 807 918 τὸν
838 867 1059 936 Πατέρα
1083 909 1096 930 ,
1150 867 1243 918 καὶ
1285 867 1471 920 λοιπόν
1502 869 1640 919 εἰσιν
1676 867 1848 930 ἄθεοι,

256 959 349 1010 καὶ
376 956 579 1010 ἐλπίδα
627 957 702 1028 μὴ
741 958 956 1028 ἔχοντες
986 960 1044 1010 ἐν
1077 958 1211 1029 τῷδε
1241 958 1320 1029 τῷ
1364 960 1583 1028 κόσμῳ,
1621 960 1764 1014 κατά
1790 959 1852 1013 τὸ
1894 968 1897 971 ’

256 1049 673 1118 γεγραμμένον.
702 1051 811 1103 Καὶ
830 1052 910 1102 ὅτι
951 1049 1361 1125 φαμὲνᾼκαλῶς,
1399 1051 1606 1125 ἀληθὴς
1641 1050 1853 1122 μάρτυς

255 1144 388 1210 ἡμῖν
461 1141 781 1211 είσϐήσεται
835 1143 862 1194 ὀ
918 1123 1172 1213 θεοφιλὴς
1243 1123 1497 1213 Ἰωάννης
1556 1142 1852 1213 γεγραφὼς

249 1234 352 1287 ὡδί
371 1250 420 1284 ⁸(
456 1235 516 1287 '0
547 1234 880 1305 ἀρνούμενος
911 1238 1001 1287 τδν
1033 1235 1272 1305 Πατέρα,
1305 1224 1398 1289 κάὶ
1438 1234 1531 1288 τὸν
1554 1234 1702 1287 Υίόν·
1744 1237 1854 1298 πᾶς

249 1330 278 1381 6
308 1327 656 1399 ἀρνούμενος
692 1329 785 1381 τὸν
829 1330 993 1393 my,
1038 1329 1157 1383 οὐδὲ
1214 1331 1306 1385 τὸν
1351 1331 1573 1403 Πατέρα
1616 1331 1763 1402 ἕχει·
1823 1333 1852 1384 6

249 1419 549 1488 ὁμολογῶν
573 1420 665 1473 τὸν
705 1418 853 1483 Υίὺν,
883 1421 978 1473 καὶ
1013 1421 1101 1473 τὸν
1140 1422 1357 1494 Πατέρα
1399 1422 1532 1493 ἔχει.
1578 1443 1596 1474 ι
1646 1422 1852 1494 Ὀρθῶς

249 1511 307 1564 δέ
337 1530 394 1564 τι
422 1512 550 1566 λίαν
590 1513 620 1565 6
650 1514 1099 1585 πνευματοφὸρΟς
1125 1557 1138 1578 ,
1174 1516 1269 1568 καὶ
1299 1517 1397 1585 τῆς
1429 1514 1507 1585 τῷ
1537 1515 1680 1585 λόγῳ
1725 1533 1853 1586 πρε-

250 1603 469 1671 πούσης
496 1604 766 1674 ἁρμονίας
787 1605 888 1657 οὐκ
904 1604 1023 1677 ,ἔξω
1047 1605 1214 1668 τιθεὶς
1238 1606 1298 1657 τὸ
1317 1604 1495 1677 θεώρη
1507 1624 1599 1676 μα.
1633 1607 1851 1676 Ἐπειδὴ

249 1697 368 1769 γὰρ
398 1694 545 1751 οἶδεν
575 1699 674 1751 οὐκ
719 1676 946 1769 ὀνόματι
1003 1699 1197 1768 μόνον,
1236 1676 1487 1771 ἐνεργείᾳ
1531 1700 1586 1753 δὲ
1627 1701 1849 1771 μᾶλλον,

248 1789 395 1861 ὅπερ
428 1785 572 1843 εἶναι
603 1791 698 1844 καὶ
735 1791 985 1860 λέγεται,
1032 1790 1180 1844 τοῦτ’
1232 1790 1347 1844 ἔστι
1373 1831 1387 1856 ,
1440 1792 1632 1863 Πατὴρ
1658 1833 1672 1856 ,
1710 1791 1852 1846 κατὰ

1960 594 2014 640 et
2050 587 2240 656 iniquo
2272 588 2461 640 animo
2494 585 2671 642 feram
2707 602 2772 641 ea
2800 600 2923 654 qua:
2956 582 3206 657 proferre
3237 587 3359 641 ausi
3416 596 3547 642 sunt

1962 680 2176 741 miseri,
2211 681 2510 735 ostendere
2543 690 2724 733 tamen
2778 678 3026 733 conabor
3080 694 3310 749 scopum
3348 695 3546 735 rursus

1962 786 2202 840 sequens
2232 770 2434 826 divina:
2466 770 2772 841 Scriptura:
2793 809 2808 835 ,
2848 785 2945 825 eos
2987 786 3185 841 nempe
3214 772 3308 842 qui
3348 783 3549 842 negant

1961 860 2160 916 Filium
2181 905 2194 929 ,
2228 862 2393 916 simul
2422 878 2641 932 quoque
2674 877 2879 933 negare
2909 861 3129 917 Patrem
3154 903 3168 926 ,
3195 878 3403 933 eosque
3430 863 3549 918 sine

1962 955 2073 1010 Deo
2129 956 2347 1011 tandem
2405 972 2570 1019 esse,
2619 965 2672 1009 et
2720 971 2875 1025 spem
2929 971 3040 1009 non
3088 955 3294 1010 habere
3344 954 3399 1008 in
3445 955 3549 1008 hoc

1963 1046 2205 1109 mundo,
2242 1047 2389 1101 sicut
2415 1048 2683 1117 scriptum
2719 1052 2804 1100 est
2840 1046 2928 1101 '3?
2958 1044 3115 1111 Quod
3146 1054 3297 1101 recte
3326 1062 3355 1100 a
3390 1046 3544 1102 nobis

1961 1140 2108 1204 dici,
2147 1139 2305 1194 testis
2359 1140 2609 1209 locuples
2658 1138 2819 1194 nobis
2872 1138 2979 1192 erit
3029 1139 3155 1209 pius
3186 1138 3278 1193 ille
3302 1138 3542 1195 Joannes

1962 1233 2037 1285 ita
2066 1232 2354 1286 scribens:
2386 1251 2404 1281 ι
2429 1230 2534 1296 Qui
2568 1231 2786 1285 Patrem
2811 1240 2977 1301 negat
2998 1272 3011 1293 ,
3036 1240 3197 1302 negat
3219 1238 3273 1285 et
3298 1229 3502 1284 Filium
3528 1246 3544 1261 ν

1962 1323 2145 1377 omnis
2175 1322 2271 1392 qui
2310 1329 2472 1391 negat
2502 1320 2747 1385 Filium,
2785 1337 2887 1375 nec
2931 1321 3151 1376 Patrem
3199 1323 3367 1378 habet
3399 1342 3412 1377 :
3448 1323 3544 1394 qui

1961 1413 2254 1469 conﬁtetur
2286 1413 2486 1468 Filium
2509 1454 2526 1479 ,
2559 1423 2613 1468 et
2646 1413 2864 1468 Patrem
2902 1414 3065 1470 habet
3098 1416 3162 1468 ".
3196 1434 3214 1466 ι
3247 1416 3411 1471 Recte
3442 1432 3545 1471 au-

1961 1515 2070 1560 tem
2105 1507 2193 1559 vir
2220 1506 2468 1571 divinus,
2519 1522 2701 1575 neque
2749 1506 2803 1560 id
2840 1515 2995 1561 extra
3031 1510 3307 1563 sermonis
3345 1511 3547 1565 seriem

1961 1605 2015 1651 et
2047 1597 2321 1654 ordinem.
2357 1597 2491 1651 Nam
2525 1614 2649 1651 cum
2687 1598 2858 1654 sciret
2903 1615 3013 1653 non
3059 1601 3236 1656 solum
3288 1604 3544 1667 nomine,

1963 1695 2059 1749 sed
2108 1709 2170 1749 re
2209 1703 2264 1749 et
2305 1702 2427 1747 actu
2464 1695 2684 1765 potius,
2727 1694 2778 1748 id
2812 1694 2959 1764 quod
3000 1711 3124 1751 esse
3164 1695 3394 1764 dicitur,
3438 1695 3548 1750 Pa-

1963 1794 2099 1841 trem
2131 1786 2395 1840 nimirum
2427 1786 2733 1843 sceundum
2786 1798 3038 1841 naturam
3092 1790 3396 1854 exsistere,
3447 1805 3547 1846 ne-

250 1860 424 1950 φύσιν
470 1883 787 1955 ὑπάρχοντα
814 1924 828 1948 ,
862 1884 1180 1953 ἀναγκαίως
1208 1860 1654 1955 συνεξαρνεῖσθαί
1687 1902 1850 1955 φησιν

1964 1877 2209 1934 cessario
2256 1876 2424 1931 infert
2487 1878 2725 1933 alterum
2774 1878 2966 1949 negari
3014 1895 3123 1933 una
3168 1895 3292 1935 cum
3345 1881 3546 1937 altero.
3632 1880 3647 1891 '

251 1974 434 2046 ἑτέρῳ
461 1975 558 2028 τὸν
590 1975 795 2046 ἕτερον.
832 1976 1214 2048 Συνειστρέχει
1246 1976 1356 2047 γάρ
1391 1995 1508 2041 πως
1542 1978 1629 2031 ἀεὶ
1665 1979 1740 2049 τῷ
1785 1994 1852 2047 γε

250 2066 369 2119 ὄντι
417 2066 562 2120 κατά
597 2066 759 2136 φύσιν
787 2068 883 2122 καὶ
911 2070 1189 2139 νοουμένῳ
1219 2070 1396 2141 Πατρὶ
1422 2070 1516 2123 τοῦ
1554 2070 1854 2140 προελθόν-

248 2175 343 2222 τος
381 2159 442 2224 ἐξ
472 2159 640 2213 αὑτοῦ
672 2161 1016 2232 γεννήματος
1052 2162 1085 2232 ἡ
1114 2160 1319 2229 γνῶσίς
1355 2179 1413 2214 τε
1460 2162 1555 2215 καὶ
1595 2162 1849 2232 δήλωσις,

250 2251 350 2305 διαὶ
389 2251 470 2321 τῷ
506 2251 823 2323 γεννηθέντι
884 2252 1025 2307 κατὰ
1078 2253 1374 2323 ἀλήθειαν,
1419 2255 1479 2308 τὸ
1520 2254 1613 2307 τοῦ
1648 2255 1851 2309 τίκτειν

248 2345 573 2413 πεφυκότος
616 2348 1011 2407 πνεπινοεῐται
1066 2346 1381 2417 πρόσωπον.
1412 2348 1564 2417 Ἅμα
1606 2347 1715 2419 γάρ
1766 2366 1849 2412 τις

252 2435 404 2502 ἑγνω
439 2433 680 2505 πατέρα,
717 2434 951 2505 συνῆκεν
987 2435 1070 2488 ὅτι
1099 2436 1420 2507 γεγέννηκε,
1458 2438 1552 2490 καὶ
1579 2440 1627 2491 εί
1662 2438 1849 2509 μάοει⁶

247 2525 310 2580 τὸ
345 2525 634 2597 γέννημα,
664 2526 997 2581 διακείσεται
1035 2530 1255 2592 πάντως
1296 2530 1379 2582 ὅτι
1434 2530 1641 2602 πατρὸς
1685 2531 1847 2600 ἐξέφυ

246 2617 417 2681 τινός.
453 2617 669 2671 Οὐκοῦν
700 2618 770 2671 δι’
802 2619 1008 2688 ἀμφοῖν
1037 2622 1152 2683 τοῖς
1186 2620 1560 2691 ἀκροωμένοις
1591 2622 1624 2692 ἡ
1654 2621 1848 2676 ἑκατέ-

247 2727 346 2780 ρου
382 2709 593 2779 γνῶσις
635 2709 980 2765 έντίκτεται·
1021 2713 1117 2765 καὶ
1164 2712 1545 2783 ἀρνησάμενος
1593 2715 1693 2784 μέν
1742 2732 1845 2780 τις,

242 2806 328 2859 ὅτι
366 2805 566 2874 Πατήρ
602 2805 752 2856 ἐστιν
781 2803 1001 2873 ἀληθῶς
1035 2806 1063 2856 6
1100 2803 1253 2869 Θεὸς,
1289 2808 1677 2877 συναναιρήσει
1710 2807 1848 2860 πάν-

242 2915 357 2959 τως
400 2897 504 2968 τὴν
534 2895 630 2949 τοῦ
668 2894 795 2949 Υἱοῦ
844 2896 1120 2966 γέννησιν.
1168 2896 1424 2968 Γέννημα
1466 2899 1523 2951 δὲ
1555 2899 1717 2954 πάλιν
1748 2902 1848 2972 οὐχ

244 2989 597 3061 ὁμολογήσας
623 2984 764 3040 εἶναι
794 2988 888 3041 τὸν
914 2987 1066 3051 Υἱὸν,
1097 2988 1196 3059 τὴν
1231 2989 1361 3060 περὶ
1403 2989 1496 3042 τοῦ
1527 2992 1744 3061 Πατρὸς
1770 2993 1847 3062 (1)

244 3083 454 3151 γνῶσιν
483 3081 763 3148 συνεξελεί
796 3079 860 3151 δὴ
907 3080 1126 3144 πάντως
1154 3080 1325 3151 αὐτῷ.
1355 3083 1485 3135 Ὅτε
1511 3082 1691 3136 τοίνυν
1733 3085 1848 3147 τοῖς

242 3176 489 3238 ἀνοσίοις
543 3175 692 3245 ἡμᾶς
745 3173 1258 3244 κατασφενδονήσας
1301 3172 1516 3242 λόγοις,
1564 3174 1847 3247 διακεκρι-

246 3268 422 3338 μένην
467 3264 565 3319 τοῦ
613 3266 916 3336 ἀγεννήτου
952 3263 1088 3318 Θεοῦ
1136 3266 1237 3337 τὴν
1278 3267 1468 3320 οὐσίαν
1516 3267 1847 3323 διατείνεται

245 3354 394 3423 ἒχειν
424 3354 521 3408 τὸν
550 3352 717 3420 Υἱὸν,
754 3353 873 3415 πῶς
902 3353 965 3406 οὑ
997 3355 1297 3425 διαρρήδην
1333 3357 1455 3409 οὐδὲ
1502 3356 1633 3411 Υἱὸν
1670 3359 1849 3431 ὑπάρ-

244 3463 364 3516 χειν
399 3445 569 3498 αὑτὸν
615 3445 911 3515 ὁμολογεῖς
971 3447 1102 3500 Υίοῦ
1152 3448 1209 3501 δὲ
1262 3450 1365 3502 οὐκ
1394 3448 1547 3513 ὅντος
1572 3491 1586 3512 ,
1636 3452 1747 3505 οὐδ’
1779 3451 1846 3506 ἂν

248 3538 421 3602 αὐτὸς
450 3539 482 3590 6
509 3537 702 3609 Πατὴρ
731 3537 947 3609 ἀληθῶς
976 3538 1057 3592 ἔτι
1091 3542 1265 3594 νοοῖτο
1298 3543 1508 3613 Πατήρ.
1548 3543 1707 3607 Τίνος
1737 3544 1848 3616 γὰρ

241 3631 403 3683 ἔσται
445 3630 652 3701 πατὴρ,
701 3633 751 3684 εί
784 3632 861 3700 μὴ
886 3632 1079 3686 τέτοκε
1107 3650 1121 3699 ;
1154 3635 1552 3707 Διακεκρίσθαι
1586 3638 1687 3708 μὲν
1738 3640 1847 3711 γὰρ

240 3723 371 3793 οὐχὶ
399 3724 503 3793 τῆς
534 3723 759 3787 οὐσίας,
810 3723 948 3777 ἀλλὰ
998 3724 1094 3778 τοῦ
1147 3727 1444 3797 προσώπου
1499 3730 1594 3783 τοῦ
1637 3733 1849 3801 Πατρὺς

243 3818 343 3871 καὶ
378 3816 540 3871 αὐτοί
581 3834 764 3887 φαμεν
792 3818 884 3870 τὸν
930 3818 1091 3883 Υίὺν,
1141 3820 1240 3889 οὐχ
1290 3820 1365 3883 ὡς
1392 3821 1682 3893 ἀλλότριον
1716 3825 1849 3881 ὄντα

243 3908 390 3961 κατά
432 3907 599 3977 φύσιν
633 3907 802 3961 αὐτοῦ
828 3948 842 3972 ,
889 3909 1141 3982 καθάπερ
1172 3910 1367 3981 ἀμέλει
1407 3915 1523 3977 τοῖς
1553 3914 1849 3986 θεομάχοις

241 4000 418 4063 δοκεῖ,
456 3998 575 4052 ἀλλ’
604 4000 679 4063 ὡς
717 4000 845 4053 ὄντα
875 4019 934 4054 τε
969 4004 1064 4056 καὶ
1101 4003 1394 4074 νοούμενον
1422 4009 1483 4060 ἐν
1529 4008 1645 4079 ἰδίῳ
1672 4027 1848 4080 προσ-

244 4091 411 4164 ώπῳ,
453 4094 554 4145 καὶ
587 4094 708 4167 κατ’
757 4093 896 4147 ίδίαν
929 4094 1168 4167 ὕπαρξιν
1211 4098 1516 4169 ἑτερότητι.
1569 4101 1700 4165 Υἱὸς
1737 4104 1849 4175 γάρ

246 4185 397 4249 ἐστι,
439 4186 542 4239 καὶ
577 4187 638 4239 οὑ
666 4187 856 4258 Πατήρ
880 4204 893 4217 ·
925 4188 1308 4261 διακεκρίσθαι
1347 4209 1411 4261 γε
1463 4194 1573 4263 μὴν
1608 4196 1728 4250 κατ’
1758 4198 1848 4250 οὐέ

249 4278 372 4333 σίαν
403 4278 523 4332 οὔτ’
550 4278 620 4332 ἂν
653 4281 808 4334 αὐτοὶ
841 4282 1105 4353 φαίημεν,
1140 4284 1194 4336 εί
1214 4301 1277 4352 γε
1310 4286 1619 4358 φρονοῦμεν
1646 4289 1845 4361 ὀρθῶς,

246 4364 371 4418 οὔτε
416 4367 527 4420 ⁸ειινῖ.
558 4366 668 4419 τῶν
713 4369 962 4439 ἀδελφῶν
1007 4372 1545 4446 συμϐουλεύσαιμεν.
1582 4379 1709 4444 Πῶς
1740 4381 1852 4454 γὰρ

246 4457 310 4509 ἂν
340 4457 443 4511 καὶ
481 4456 831 4531 διακέκριται
865 4461 1025 4531 μόνον
1048 4503 1064 4529 ,
1108 4464 1231 4517 καθ’
1263 4466 1402 4537 ὅπερ
1439 4469 1589 4524 ἐστὶν
1630 4470 1852 4538 ἰδιαζόν-

1874 3218 1921 3280 α

1959 1967 2259 2024 Concurrit
2294 1969 2442 2024 enim
2488 1984 2613 2024 cum
2661 1985 2728 2025 eo
2776 1970 2869 2040 qui
2913 1978 3110 2026 natura
3161 1972 3323 2027 Pater
3366 1983 3447 2029 est
3484 1989 3551 2029 ac

1959 2062 2317 2133 intelligitur,
2346 2062 2709 2132 procedentis
2753 2077 2819 2119 ex
2857 2063 2979 2135 ipso
3015 2060 3140 2118 Filii
3175 2066 3418 2136 cognitio
3466 2076 3550 2121 at-

1958 2171 2067 2227 que
2093 2155 2427 2226 signiﬁcatio
2446 2196 2463 2224 ,
2503 2164 2559 2212 et
2590 2171 2714 2211 cum
2750 2172 2815 2213 co
2842 2158 2934 2227 qui
2971 2173 3164 2213 revera
3194 2160 3414 2230 genitus
3440 2171 3547 2226 est,

1954 2248 2227 2322 genitoris
2257 2263 2493 2319 persona
2525 2249 2693 2306 simul
2727 2250 3063 2320 concipitur.
3100 2248 3278 2305 Simul
3308 2267 3373 2306 ac
3399 2252 3547 2307 enim

1957 2350 2172 2413 patrem
2218 2341 2376 2396 novit
2408 2342 2643 2413 aliquis,
2682 2342 2942 2413 genuisse
2985 2343 3278 2414 intelligit;
3308 2350 3365 2400 et
3398 2343 3446 2400 si
3486 2344 3548 2399 ti-

1958 2432 2092 2487 liqu
2125 2432 2408 2499 audierit,
2442 2433 2637 2504 utique
2665 2433 2869 2490 sentiet
2900 2448 2969 2489 ex
3006 2434 3195 2505 aliquo
3232 2444 3388 2505 patre
3429 2435 3549 2491 edi-

1956 2535 2092 2582 tum.
2122 2526 2393 2594 Quocirca
2416 2544 2514 2599 per
2535 2529 2774 2585 alterum
2796 2527 3026 2585 alterius
3052 2529 3248 2584 notitia
3273 2529 3328 2584 in
3354 2531 3549 2586 menti-

1959 2621 2062 2676 bus
2091 2621 2408 2676 auditorum
2436 2621 2702 2693 gignitur,
2732 2628 2787 2677 et
2812 2621 2860 2677 si
2890 2620 3018 2691 quis
3049 2621 3339 2692 negaverit
3375 2619 3545 2677 Deum

1956 2726 2085 2766 vere
2113 2726 2239 2768 esse
2270 2710 2527 2775 Patrem,
2563 2711 2726 2766 simul
2764 2711 2930 2767 etiam
2961 2708 3085 2765 Filii
3129 2711 3546 2783 generationem

1956 2813 2190 2861 evertet.
2230 2803 2444 2860 Rursus
2473 2819 2641 2869 vero,
2672 2806 2995 2874 quicunque
3023 2805 3280 2874 genimen
3313 2820 3425 2860 non
3461 2803 3545 2858 fa-

1954 2894 2162 2951 tebitur
2191 2909 2317 2952 esse
2346 2893 2547 2949 Filium
2569 2933 2584 2959 ,
2633 2894 2863 2949 omnino
2896 2892 3081 2950 Patris
3125 2895 3384 2950 notitiam
3433 2912 3545 2952 una

1954 3003 2082 3044 cum
2116 2989 2237 3060 ipso
2266 2987 2482 3058 eripiet.
2514 2987 2651 3044 Cum
2681 3003 2815 3059 ergo
2850 3002 2951 3044 nos
2984 2987 3170 3058 impiis
3199 2996 3398 3058 petens
3425 3004 3544 3044 ser-

1955 3081 2213 3137 monibus
2235 3121 2250 3147 ,
2282 3079 2607 3136 distinctam
2636 3078 2706 3134 ab
2739 3079 2990 3151 ingenito
3016 3078 3132 3136 Deo
3168 3079 3544 3135 substantiam

1961 3175 2162 3231 habere
2178 3172 2379 3229 Filium
2405 3172 2734 3238 contendat,
2760 3171 3027 3243 numquid
3061 3179 3251 3242 aperte
3278 3171 3546 3242 przedicat

1955 3285 2027 3337 ne
2055 3269 2239 3340 ipsum
2264 3267 2491 3339 quidem
2523 3283 2647 3323 esse
2676 3266 2877 3321 Filium
2902 3267 2924 3320 ?
2954 3264 3112 3333 Quod
3150 3266 3196 3322 si
3224 3264 3400 3322 Filius
3431 3282 3544 3321 non

1953 3362 2059 3427 sit,
2093 3376 2161 3416 ne
2187 3361 2306 3431 ipse
2330 3361 2571 3431 quidem
2582 3360 2698 3431 jam
2725 3358 2887 3415 Pater
2913 3374 3040 3414 vere
3065 3359 3411 3415 censebitur.
3437 3359 3546 3413 Cu-

1947 3454 2040 3524 jus
2088 3455 2237 3509 enim
2284 3462 2442 3524 pater
2488 3453 2708 3509 futurus
2753 3458 2860 3519 est,
2910 3453 2956 3506 si
3008 3467 3117 3507 non
3162 3450 3547 3523 genuit‘lDis-

1953 3548 2191 3601 tinctum
2233 3547 2436 3616 quippe
2472 3561 2597 3602 esse
2647 3560 2761 3601 non
2799 3561 2830 3599 a
2866 3544 3220 3610 substantia,
3271 3545 3369 3601 sed
3418 3560 3547 3614 per-

1952 3652 2086 3694 sona
2123 3637 2303 3692 Patris
2331 3637 2435 3708 ipsi
2463 3652 2686 3709 quoque
2712 3636 3018 3693 asseritnus
3039 3677 3054 3703 ,
3088 3652 3197 3690 non
3224 3636 3384 3706 quasi
3415 3635 3548 3691 alic-

1951 3744 2062 3785 nus
2095 3729 2171 3784 sit
2203 3728 2274 3783 ab
2302 3742 2370 3783 eo
2403 3727 2713 3784 secundum
2747 3736 3004 3782 naturam
3025 3766 3040 3793 ,
3071 3726 3235 3781 sicuti
3279 3726 3543 3781 nimirum

1954 3820 2048 3876 Dei
2088 3820 2350 3877 hostibus
2380 3820 2625 3885 videtur,
2653 3819 2748 3875 sed
2786 3831 2846 3874 ut
2869 3820 2961 3889 qui
2992 3820 3065 3874 sit
3103 3826 3159 3874 et
3202 3819 3546 3889 intelligatur

1955 3912 2009 3966 in
2046 3913 2271 3983 propria
2304 3927 2581 3981 persona,
2615 3911 2784 3982 798
2814 3920 2868 3966 et
2909 3911 3199 3981 hypostasr
3242 3912 3402 3966 alter.
3450 3910 3544 3965 Fi-

1954 4004 2062 4059 lius
2116 4004 2265 4058 enim
2313 4012 2426 4068 est,
2477 4019 2541 4058 ac
2577 4019 2685 4059 non
2720 4003 2920 4059 Pater:
2958 4019 3142 4074 neque
3186 4011 3373 4059 tamen
3410 4006 3545 4060 sub-

1954 4097 2163 4152 stantia
2210 4096 2479 4167 distingui
2522 4096 2870 4159 dixerimus,
2917 4096 2963 4151 si
3011 4111 3167 4151 meus
3211 4096 3373 4151 nobis
3409 4112 3545 4151 sana

1953 4189 2061 4255 sit,
2097 4202 2278 4259 neque
2325 4187 2382 4242 id
2438 4188 2536 4242 ulli
2586 4186 2822 4241 fratrum
2874 4189 3344 4244 consuluerimus.
3396 4188 3550 4255 Quo-

1956 4280 2120 4335 modo
2148 4281 2297 4336 enim
2326 4268 2495 4336 etiam
2530 4278 2964 4351 unumquodque
2998 4280 3392 4349 singularitate
3425 4296 3548 4350 per-

1955 4390 2104 4431 sonas
2140 4382 2355 4429 tantum
2388 4374 2796 4444 distinguitur?
2821 4372 3020 4429 Petrus
3055 4372 3198 4426 enim
3229 4383 3316 4428 est
3346 4371 3549 4428 Petrus

1953 4483 2019 4523 ac
2045 4483 2160 4524 non
2197 4466 2428 4532 Paulus,
2464 4473 2529 4522 et
2550 4465 2758 4521 Paulus
2788 4473 2874 4521 est
2906 4464 3137 4532 Paulus,
3165 4482 3274 4521 non
3306 4466 3507 4523 Petrus
3530 4509 3546 4533 ,

244 4565 354 4611 τως
392 4547 674 4615 ἓκαστον;
731 4552 789 4603 '0
826 4553 1034 4625 Πέτρος
1075 4556 1185 4625 γὰρ
1242 4558 1448 4629 Πέτρος
1494 4562 1611 4615 ἐστὶ
1650 4565 1746 4617 καὶ
1787 4566 1849 4620 οὺ

1957 4567 2340 4616 verumtamen
2414 4559 2724 4614 indistincti
2783 4566 3071 4613 remanent
3135 4568 3356 4613 natura.
3425 4558 3547 4616 Una

246 4641 498 4705 Παῦλος,
534 4642 627 4695 καὶ
669 4645 698 4695 6
733 4642 945 4707 Παῦλος
979 4645 1040 4698 οὐ
1091 4647 1298 4719 Πέτρος
1329 4689 1342 4710 ,
1378 4651 1602 4721 μένουσί
1640 4671 1704 4723 γε
1741 4658 1849 4727 μὴν

244 4732 557 4805 ἁδιάκριτοι
588 4736 732 4787 κατὰ
762 4737 861 4808 τὴν
893 4735 1076 4805 φύσιν.
1120 4735 1217 4803 Εἷς
1246 4741 1353 4812 γὰρ
1400 4745 1487 4797 ἐπ’
1518 4746 1721 4816 ἀμφοῖν
1752 4750 1850 4819 τῆς

244 4824 440 4887 οὐσίας
467 4827 498 4877 ὁ
525 4825 707 4893 λόγος,
739 4826 836 4879 καὶ
881 4827 991 4880 τῶν
1030 4829 1211 4884 αὐτῶν
1255 4833 1701 4904 ἀπαραλλάκτως
1735 4840 1848 4904 ἕξει

242 4915 313 5004 τα
364 4916 509 4987 πρὸς
553 4916 783 4986 ἑνότητα
839 4920 1099 4990 φυσικὴνο
1128 4924 1486 4996 σονδούμενα.
1542 4928 1584 4981 Τ
1588 4930 1649 4983 οῦ
1695 4930 1750 4983 δὲ
1782 4933 1847 5004 δὴ

249 5001 410 5074 χάριν
476 5003 548 5056 τὰ
609 5004 840 5058 τοιαῦτά
890 5024 1116 5078 φαμεν;
1196 5012 1492 5081 Ἐπιδεῖξαι
1552 5019 1661 5090 γὰρ
1718 5001 1851 5092 ἡμῖν

248 5096 481 5160 σκοπὸς,
533 5096 617 5149 ὅτι
660 5098 991 5167 φρονοῦντες
1016 5101 1216 5156 ἐκεῖνοι
1247 5104 1543 5174 δυσσεϐῶς,
1576 5112 1677 5182 τῆς
1709 5116 1851 5169 κατά

244 5188 416 5257 φύσιν
471 5188 731 5259 θεότητος
789 5190 1072 5256 ἐξέλκουσι
1126 5195 1217 5249 τὸν
1263 5198 1426 5263 Υἰὸν,
1490 5204 1646 5257 οὐδὲν
1701 5208 1851 5278 αὐτῷ

244 5279 436 5346 πλέον,
473 5280 733 5352 καθάπερ
771 5282 870 5352 ἤδη
919 5286 1293 5358 προείπομεν,
1360 5296 1616 5366 σχετικῆς
1646 5299 1849 5353 ἀπονέ-

248 5389 445 5441 μοντες
476 5373 817 5443 οίκειότητος
853 5376 955 5447 τῆς
1002 5378 1080 5441 ὡς
1112 5370 1252 5451 πρὸς
1298 5384 1516 5456 Πατέρα
1552 5393 1647 5443 καὶ
1694 5393 1845 5449 Θεόν.

258 5466 415 5519 Ἐπεὶ
443 5466 536 5520 διὰ
574 5468 734 5521 ποίαν
783 5470 965 5524 αἰτίαν
998 5474 1150 5542 ἡμᾶς
1198 5480 1620 5553 παραδείγματα
1661 5505 1845 5559 παρα-

248 5556 436 5621 θέντες
472 5558 571 5612 τοῦ
620 5559 816 5643 λόγοιζ,
866 5564 1136 5637 Καθάπερ
1182 5570 1379 5639 ἡμεῖς,
1418 5578 1619 5646 φασὶν,
1668 5556 1845 5653 ἀμιγῆ

327 5717 375 5749 ’³
420 5715 625 5787 Ephes.
664 5735 728 5783 tl,
764 5719 849 5774 12.
936 5721 980 5752 ’⁸
1012 5722 1031 5777 1
1061 5721 1222 5779 Joan.
1255 5742 1318 5791 ιι,
1352 5728 1445 5787 “22.

1955 4656 2105 4710 enim
2150 4662 2236 4710 est
2278 4654 2335 4707 in
2373 4653 2648 4708 ambobus
2687 4654 2832 4707 ratio
2867 4652 3228 4718 substantias,
3261 4661 3317 4709 et
3351 4654 3547 4710 eadem

1956 4749 2098 4803 citra
2132 4746 2497 4800 variationem
2534 4746 2701 4799 ullam
2735 4744 2943 4800 habent
2973 4761 3100 4817 quae
3130 4746 3197 4801 ad
3234 4747 3548 4803 naturalem

1957 4841 2223 4894 unitatem
2256 4840 2612 4909 colligantur.
2637 4837 2812 4904 Quam
2838 4854 2972 4894 vero
2998 4839 3070 4894 ob
3097 4854 3319 4895 causam
3353 4840 3549 4896 isthzec
3597 4868 3601 4877 ι

1956 4933 2237 4987 dicimus?
2271 4932 2487 5002 Quippe
2541 4932 2887 5001 propositum
2922 4941 3008 4989 est
3054 4932 3217 4989 nobis
3252 4933 3551 4989 ostendere

1956 5027 2129 5096 quod,
2161 5041 2284 5079 cum
2317 5027 2398 5079 illi
2428 5026 2595 5097 impie
2622 5026 2935 5093 sentiant,a
2961 5028 3206 5081 naturali
3234 5028 3437 5083 deitate
3461 5026 3553 5082 Fi-

1959 5119 2093 5172 lium
2123 5116 2462 5182 excludunt,
2495 5117 2674 5172 nihilo
2710 5119 2837 5188 plus
2869 5118 2918 5173 ei
2945 5158 2960 5184 ,
2991 5128 3052 5173 ut
3080 5128 3246 5174 antea
3268 5118 3511 5173 diximus

1959 5212 2303 5275 tribuentes,
2327 5225 2494 5281 quam
2530 5211 2819 5265 relativam
2848 5226 2973 5265 cum
3004 5210 3167 5266 Patre
3190 5222 3244 5266 et
3278 5211 3386 5265 Deo
3409 5225 3548 5264 con-

1951 5305 2320 5371 junctionem.
2352 5303 2529 5368 Quam
2560 5303 2706 5357 enim
2735 5304 2805 5357 ob
2832 5319 3054 5358 causam
3084 5303 3248 5358 nobis
3273 5303 3328 5356 in
3357 5316 3546 5356 exem-

1959 5398 2107 5467 plum
2151 5397 2275 5465 ejus
2315 5396 2461 5467 quod
2508 5396 2666 5450 aiunt
2697 5397 2997 5466 propositis
3025 5413 3039 5450 :
3068 5392 3544 5461 Quemadmodum

1960 5509 2060 5547 nos
2084 5535 2096 5556 ,
2129 5492 2421 5562 inquiunt,
2462 5491 2760 5546 immistam
2794 5506 2920 5545 cum
2954 5505 3023 5546 eo
3063 5489 3334 5544 habemus
3366 5486 3543 5556 hypo-

1959 5590 2186 5655 stasim,
2223 5605 2349 5644 cum
2384 5592 2556 5647 simus
2594 5590 2643 5644 in
2681 5590 2834 5660 ipso,
2875 5590 2946 5643 ita
2981 5597 3037 5643 et
3067 5588 3184 5656 ipse
3214 5585 3540 5643 distinctam

322 5878 401 5948 (I)
437 5878 565 5947 Ed.,
598 5877 940 5951 Πνεόματος.
979 5882 1253 5959 interpres
1289 5896 1471 5945 tamen
1503 5890 1713 5964 Πατρὸς
1750 5895 1850 5967 legt

1960 5939 1974 5952 .
2012 5895 2168 5953 Eutr.
