4006 6454
459 391 566 448 239

1460 382 1518 439 S.
1561 378 1838 438 CYRILLI
1888 370 2369 430 ALEXANDRINI
2412 370 2732 443 ARCllll‘ZP.

3617 375 3713 430 240

460 505 631 562 habet
661 518 691 557 a
720 498 833 557 Deo
862 497 1230 555 substantiam
1255 535 1271 561 ,
1303 494 1557 567 quamvis
1587 508 1711 550 esse
1740 491 1958 546 dicatur
1993 490 2044 542 in

2157 488 2293 559 πρὸς
2327 487 2489 542 αὑτὸν
2524 488 2719 558 ἔχομεν
2760 484 2859 557 τὴν
2902 486 3232 552 ὑπόστασιν,
3269 485 3420 554 ὄντες
3471 490 3527 545 ἐν
3558 494 3713 566 αὐτῷ,

463 596 607 668 ipso.
633 592 910 664 Numquid
949 590 1238 645 manifesta
1270 596 1356 643 est
1385 586 1606 642 cunctis
1638 586 1729 639 illa
1763 580 2053 638 versutia?

460 686 746 758 Numquid
778 684 905 756 jure
936 685 1082 740 dicet
1118 680 1320 752 aliquis
1368 695 1494 735 eum
1545 679 1635 749 qui
1690 689 1798 731 tam
1848 675 2051 729 fetidos

462 797 753 843 sermones
776 778 1020 836 evomuit
1050 792 1218 831 unum
1251 790 1376 830 esse
1409 789 1475 828 ex
1505 772 1574 827 iis
1606 771 1698 841 qui
1738 786 1834 840 per
1871 766 2051 838 Spiri-

462 886 585 934 tum
614 876 874 931 illusores
910 870 1324 943 prazdicantur?
1354 867 1496 935 Quid
1529 869 1676 922 enim
1713 866 1875 920 nobis
1905 862 2048 919 scri-

466 968 549 1024 bit.
578 964 750 1022 ludas
778 964 869 1018 ille
909 959 1225 1016 Servatoris
1259 956 1614 1028 discipulus?
1645 976 1662 1007 ι
1698 954 1810 1010 Vos
1843 963 2048 1017 autem,

468 1056 820 1121 charissimi,
856 1068 1135 1108 memores
1157 1058 1334 1107 estote
1369 1050 1664 1104 verborum
1700 1062 1824 1118 quas
1858 1046 2053 1116 praedi-

467 1162 554 1208 cta
584 1155 716 1206 sunt
749 1147 816 1200 ab
852 1145 1123 1216 apostolis
1166 1142 1385 1198 Domini
1432 1140 1610 1197 nostri
1640 1138 1770 1203 .lesu
1805 1137 2048 1203 Christi;

464 1243 558 1314 qui
603 1238 862 1296 dicebant
906 1237 1106 1292 vobis:
1142 1233 1416 1301 Quoniam
1467 1234 1522 1287 in
1580 1232 1886 1287 novissimo
1916 1240 2052 1284 tem-

464 1350 597 1406 pore
644 1332 869 1386 venient
916 1330 1206 1392 illusorrs,
1258 1327 1564 1382 secundum
1617 1322 1899 1378 desideria
1948 1336 2049 1376 sua

463 1425 814 1481 ambulantes
849 1424 906 1477 in
940 1421 1344 1492 impietatibus.
1391 1418 1457 1472 lli
1502 1425 1667 1480 sunt,
1719 1416 1816 1485 qui
1861 1430 2048 1483 segre-

461 1525 595 1589 gant
625 1516 994 1586 senieptipsos
1019 1555 1032 1575 ,
1061 1513 1329 1567 animales
1349 1551 1361 1575 ,
1398 1510 1662 1581 Spiritum
1700 1524 1810 1562 non
1840 1508 2049 1562 haben-

463 1619 549 1665 tes
576 1609 642 1662 ²⁸.
676 1628 695 1661 ι
721 1608 893 1663 Nemo
927 1608 1073 1662 enim
1112 1608 1274 1675 plane
1308 1603 1545 1674 Spiritui
1584 1608 1777 1657 sancto
1813 1599 2048 1669 loquens

462 1701 729 1757 adversus
756 1698 1040 1771 Unigeniti
1061 1699 1293 1769 gloriam
1313 1695 1612 1767 quidquam
1634 1694 1910 1763 loquetur.
1935 1690 2049 1747 lloc

462 1795 611 1851 enim
642 1810 770 1851 esse
795 1795 905 1860 aio,
926 1793 1113 1848 dicere
1143 1790 1437 1845 anathema
1465 1786 1595 1844 Jesu
1624 1787 1689 1841 ".
1719 1785 1834 1840 Viri
1865 1794 2046 1840 autem

2153 581 2327 644 οὑτως
2355 582 2450 633 καὶ
2489 579 2651 643 αὑτὸς
2680 576 3107 649 διακεκριμένην
3133 577 3246 648 ἔχει
3277 579 3376 651 τὴν
3420 581 3599 637 οὐσίαν
3628 588 3715 640 τοῦ

2154 673 2325 738 Θεοῦ,
2362 672 2466 727 κᾶν
2500 669 2638 725 εἶναι
2680 670 2944 743 λέγηται,
2976 672 3175 742 φησὶν,
3212 674 3269 726 ἐν
3307 673 3472 746 αὑτῷ.
3504 672 3626 749 Ἆρ’
3664 680 3719 733 ού

2156 768 2323 820 πᾶσιν
2357 763 2692 827 εὑκάτοπτος
2729 766 2761 835 ἡ
2799 764 3143 836 πανουργία;
3183 760 3311 836 Ἆρ’
3353 768 3454 821 οὑκ
3494 771 3608 840 ἐρεῖ
3642 788 3720 836 τις

2155 857 2395 925 εὐλόγως
2438 856 2530 909 τὸν
2572 856 2723 929 οὕτω
2761 856 3166 911 δυσωδέστατον
3209 858 3546 929 ἑξεμέσαντα
3576 863 3723 934 λόγον

2154 947 2379 1001 ἐκείνων
2410 947 2680 1018 ὑπάρχειν
2726 947 2822 1000 ἕνα
2853 947 2961 1001 τῶν
2998 947 3086 1000 διὰ
3131 948 3224 1001 τοῦ
3261 950 3574 1020 Πνεύματος
3607 945 3723 1026 προί

2154 1038 2587 1112 κεκηρυγμένων
2637 1042 2999 1110 ἑμπαικτῶν;
3056 1041 3121 1093 Τί
3181 1043 3290 1116 γὰρ
3360 1044 3556 1109 Ἰούδας
3605 1048 3725 1118 ἡμῖν

2154 1130 2462 1184 ἐπιστέλλει
2510 1129 2605 1183 τοῦ
2648 1131 2901 1203 Σωτῆρος
2950 1132 2979 1184 ὁ
3027 1131 3315 1203 μαθητήςς
3374 1152 3394 1185 ι
3437 1134 3620 1207 Ὑμεῖς
3643 1139 3720 1206 δὲ,

2153 1223 2452 1295 ἀγαπητοὶ,
2488 1222 2766 1295 μνήσθητε
2810 1222 2919 1276 τῶν
2956 1224 3219 1294 ῥημάτιον
3251 1225 3360 1277 τῶν
3404 1229 3731 1299 προειρημέ-

2152 1336 2258 1374 νων
2288 1318 2393 1371 ὑπὺ
2435 1316 2543 1370 τῶν
2587 1316 2904 1370 ἀποστόλων
2947 1316 3042 1369 τοῦ
3102 1317 3308 1389 Κυρίου
3356 1317 3516 1388 ἡμῶν
3564 1320 3727 1392 Ἰησοῦ

2153 1408 2436 1482 Χριστοῦ,
2489 1409 2571 1463 ὅτι
2615 1407 2801 1477 ἔλεγον
2841 1409 3011 1478 ὑμῖν’
3057 1408 3180 1462 Ὅτι
3228 1409 3314 1463 ἐπ’
3368 1409 3599 1481 ἐσχάτου
3645 1407 3730 1465 τοῦ

2152 1503 2349 1573 χρόνου
2383 1500 2696 1555 ἐλεύσονται
2727 1501 3033 1569 ἐμπαῖκται
3071 1499 3213 1553 κατά
3255 1498 3355 1564 τὰς
3384 1500 3592 1556 ἑαυτῶν
3619 1502 3732 1556 ἐπι-

2153 1594 2355 1665 θυμίας
2386 1592 2751 1665 πορευόμενοι
2801 1591 2910 1647 τῶν
2961 1591 3253 1646 ἀσεϐειῶν.
3302 1586 3469 1647 Οὗτοί
3521 1595 3658 1648 εἰσιν
3688 1596 3735 1649 oi

2151 1686 2610 1758 ἀποδιορίζοντες,
2649 1684 2895 1755 ψυχικοὶ,
2924 1682 3150 1755 Πνεῦμα
3191 1685 3268 1756 μὴ
3307 1684 3549 1755 ἔχοντες.
3587 1706 3607 1738 ›
3639 1689 3737 1740 Οὑ-

2150 1780 2267 1844 δείς
2315 1781 2415 1851 μὲν
2471 1778 2581 1847 γὰρ
2623 1777 2684 1830 τὸ
2729 1776 2996 1848 παράπαν
3040 1776 3182 1847 άγίῳ
3238 1776 3527 1847 Πνεύματι
3569 1777 3738 1833 λαλῶν

462 1888 731 1944 animales
765 1902 829 1940 ac
862 1885 1075 1950 timidi,
1122 1893 1176 1938 ct
1211 1880 1421 1953 Spiritu
1469 1890 1661 1936 sancto
1695 1892 1925 1932 vacuum
1953 1893 2044 1935 cer

2155 1872 2383 1944 κατερεῖ
2427 1888 2480 1923 τι
2528 1870 2627 1940 τῆς
2673 1868 2832 1938 δόξης
2874 1866 2968 1922 τοῦ
3018 1868 3386 1935 Μονογενοῦς.
3438 1868 3613 1922 Τοῦτο
3640 1869 3742 1939 γάρ

463 1981 765 2047 habentes,
808 1979 1007 2033 Filium
1060 1993 1088 2031 a
1121 1975 1286 2031 Patre
1318 1981 1647 2046 segregant,
1684 1971 2056 2027 snbstantiale

461 2070 766 2126 discrimen
802 2070 981 2139 ipsum
1025 2066 1230 2121 habere
1255 2064 1534 2128 dicentes,
1584 2060 2052 2132 quemadmodum

461 2162 730 2216 nimirum
748 2166 800 2214 et
820 2165 1125 2225 ereaturze,
1155 2165 1208 2210 et
1240 2153 1674 2226 unumquodque
1704 2167 1899 2207 eorum
1936 2167 2058 2222 qua:

459 2252 608 2308 facta
642 2260 775 2307 sunt
806 2250 877 2304 ab
908 2249 1061 2320 ipso,
1092 2257 1146 2304 et
1180 2263 1248 2303 eo
1280 2246 1444 2301 modo
1473 2246 1630 2301 illum
1673 2258 1800 2300 esse
1849 2244 1905 2299 in
1947 2243 2053 2298 Pa-

460 2355 543 2399 tre
573 2345 880 2400 sentientes
901 2385 914 2409 ,
954 2357 1063 2412 quo
1095 2356 1198 2396 nos
1232 2340 1286 2394 in
1320 2340 1435 2394 illo.

2152 1964 2292 2019 εἷναί
2328 1981 2470 2034 φημι
2520 1962 2579 2016 τὸ
2623 1961 2803 2030 λέγειν
2853 1960 3108 2029 ἀνάθεμα
3162 1960 3395 2029 Ἰησοῦς.
3440 1960 3667 2031 ’Ἄνδρες
3692 1961 3745 2015 δὲ

2151 2055 2409 2128 ψυχικοί,
2470 2036 2565 2110 κάλ
2623 2054 2887 2119 δείλαιοι,
2933 2054 3030 2108 καὶ
3078 2053 3173 2107 τοῦ
3223 2054 3390 2123 ἁγίου
3432 2055 3746 2126 Πνεύματος

2152 2154 2370 2224 ἐρήμην
2426 2149 2641 2221 ἔχοντες
2710 2147 2808 2218 τὴν
2859 2145 3127 2217 καρδίαν,
3185 2146 3603 2218 ἀποδιορίζουσι
3657 2146 3747 2202 τοῦ

2153 2242 2372 2315 Πατρὺς
2414 2240 2504 2295 τὸν
2548 2240 2712 2305 Υἱον,
2759 2237 2993 2307 οὑσιώδη
3045 2238 3358 2309 φάσκοντες
3410 2240 3562 2311 ἔχειν
3593 2241 3749 2294 αὑτὸν

2155 2340 2255 2411 τὴν
2314 2332 2619 2405 διακοπὴν,
2672 2332 2926 2403 καθάπερ
2980 2331 3173 2403 ἀμέλει
3219 2332 3290 2387 τὰ
3351 2333 3607 2406 γενητὰ,
3661 2334 3754 2388 καὶ

456 2435 565 2489 τῶν
632 2432 763 2505 παρ’
814 2431 982 2485 αὑτοῦ
1036 2430 1425 2501 πεποιημένων
1468 2430 1738 2497 ἕκαστον,
1792 2427 1932 2487 εἷναί
1990 2452 2050 2489 τε
2124 2435 2265 2491 οὕτω
2343 2428 2669 2504 φρονοῦντες
2709 2425 2976 2482 αὒτὺνεὲν
3026 2427 3243 2498 Πατρὶ,
3302 2429 3571 2501 καθάπερ
3614 2429 3755 2500 ἡμᾶς

456 2529 515 2581 ἐν
553 2527 723 2599 αὐτῷ.

530 2620 669 2687 Quia
700 2633 828 2673 vero
856 2619 971 2673 haec
1000 2617 1341 2684 scribentes,
1369 2621 2046 2691 suminam’ignorantiam

456 2712 858 2785 prodiderunt,
907 2709 1141 2782 agedum
1176 2725 1206 2764 a
1237 2709 1528 2781 Scriptura
1563 2711 1750 2767 divina
1787 2714 2047 2769 conside-

453 2822 638 2861 remus
671 2820 898 2870 rursus,
936 2803 1118 2872 quoad
1150 2805 1375 2872 assequi
1411 2803 1577 2867 licet,
1614 2812 1667 2859 et
1701 2806 2049 2862 auditoribus

454 2897 751 2955 ostendere
782 2911 1073 2962 conemur,
1113 2910 1218 2953 nos
1250 2896 1410 2950 aliter
1443 2897 1666 2966 quidem
1703 2913 1827 2953 esse
1861 2898 1916 2951 in
1951 2896 2045 2951 Fi-

452 2991 558 3053 lio,
596 2989 757 3044 aliter
792 2987 992 3042 Filium
1034 2989 1091 3042 in
1126 3004 1229 3045 suo
1262 2987 1446 3044 Patre.
1489 2988 1602 3046 Nec
1648 2991 1795 3045 enim
1844 2991 2044 3046 volun-

451 3084 613 3138 tariis
649 3080 958 3136 virtutibus
1009 3080 1075 3134 ad
1130 3080 1312 3149 ipsum
1365 3080 1674 3145 formatus,
1730 3081 1914 3152 imago
1960 3089 2045 3137 est

2225 2619 2353 2669 Ὅτι
2405 2612 2463 2667 δὲ
2506 2612 2602 2684 τῆς
2645 2612 2724 2674 εἰς
2769 2610 2941 2681 ἄκρον
2976 2608 3249 2680 ἀμαθείας
3294 2612 3436 2665 εῖσω
3492 2612 3755 2686 βεϐήκασι

2150 2707 2379 2762 τοιαῦτα
2415 2705 2649 2776 γράφειν
2686 2702 3078 2774 τολμήσαντες,
3115 2704 3248 2774 φέρε
3281 2706 3445 2776 παρὰ
3484 2708 3588 2778 τῆς
3610 2709 3757 2774 θείας

2151 2801 2375 2873 Γραφῆς
2412 2794 2878 2866 διασκεπτὼμεθα
2917 2793 3078 2848 πάλιν
3103 2833 3118 2858 ,
3173 2793 3250 2857 ῶς
3306 2795 3469 2849 ἐστιν
3517 2799 3758 2868 ἐφικτὸν,

2153 2890 2422 2957 ἐπιδεῖξαί
2472 2907 2531 2943 τε
2582 2890 2693 2952 τοῖς
2749 2885 3127 2959 ἀκροωμένοις
3187 2888 3642 2961 σπουδάσωμεν,
3689 2892 3761 2956 ὡς

2158 2987 2365 3058 ἑτέρως
2401 2984 2500 3056 μὲν
2547 2983 2710 3054 ἡμεῖς
2764 2980 2932 3050 ἐσμεν
2983 2980 3043 3033 ἐν
3096 2979 3170 3050 τῷ
3211 2980 3354 3053 Υίῷ,
3396 2985 3666 3054 ἐτεροίως
3702 3000 3765 3052 γε
3814 3041 3829 3054 ,

2158 3080 2265 3151 μὴν
2299 3080 2327 3130 ὀ
2357 3077 2485 3140 Υἱὸς
2536 3077 2595 3128 ἐν
2638 3072 2717 3144 τῷ
2756 3072 2873 3143 ἰδίῳ
2919 3071 3116 3144 Πατρί.
3153 3073 3227 3126 Οὑ
3279 3074 3401 3147 γάρ
3455 3078 3583 3141 ταῖς
3624 3076 3767 3130 κατά

451 3173 782 3227 ειὼειαηιὶευ
839 3171 998 3238 ejus,
1053 3180 1220 3240 atque
1274 3171 1485 3226 ideirco
1528 3172 1581 3225 in
1627 3172 1749 3240 ipso
1782 3180 1907 3227 est:
1947 3168 2044 3227 sed

2153 3171 2371 3243 θέλησιν
2401 3170 2623 3237 ἀρεταῖς
2652 3165 2790 3237 πρὸς
2813 3164 2977 3219 αὑτὸν
3008 3165 3217 3237 μορφού
3227 3184 3428 3238 μενος,
3457 3169 3633 3224 είκών
3655 3171 3767 3224 ἐστι

451 3265 603 3320 velut
651 3264 704 3317 in
755 3260 1047 3317 identitate
1088 3260 1372 3323 naturali,
1418 3268 1473 3315 et
1521 3269 1786 3331 tanquam
1834 3260 2049 3316 habens

453 3370 621 3410 uuam
651 3368 777 3409 cum
808 3368 877 3407 eo
901 3353 1292 3408 substantiam.
1318 3354 1436 3418 Qua
1463 3353 1531 3408 de
1561 3368 1619 3407 re
1646 3352 1811 3423 799
1835 3354 2051 3423 sapien-

450 3449 702 3504 tissimus
732 3447 823 3501 ille
851 3445 1094 3501 Joannes
1124 3446 1284 3502 testis
1316 3446 1480 3501 nobis
1507 3444 1775 3515 prodeat,
1807 3444 2000 3501 dicens
2031 3464 2044 3499 :

455 3562 474 3594 ι
507 3540 573 3594 Ει
620 3541 858 3595 societas
905 3549 1101 3593 nostra
1148 3539 1221 3593 sit
1272 3554 1399 3593 cum
1450 3535 1617 3592 Patre
1648 3544 1704 3591 et
1746 3553 1872 3592 cum
1907 3535 2048 3593 Filio

449 3634 571 3704 ejus
604 3631 733 3688 .Iesu
764 3630 989 3686 Christo
1009 3632 1080 3683 ".
1110 3649 1128 3683 ι
1154 3628 1444 3696 Quomodo
1463 3644 1594 3699 ergo
1620 3629 1794 3693 aiunt,
1820 3639 1912 3683 aut
1934 3643 2047 3699 quo

450 3734 613 3797 pacto
638 3722 987 3779 contendunt
1013 3722 1335 3778 societatem
1366 3720 1527 3775 nobis
1549 3734 1671 3775 esse
1693 3719 1893 3775 debere
1915 3736 2042 3777 cum

448 3814 611 3870 Patre
640 3821 695 3868 et
722 3828 849 3867 eum
882 3810 1024 3867 Filio
1052 3811 1171 3881 ejus
1205 3808 1335 3865 Jesu
1370 3809 1650 3865 Christo?
1676 3808 1812 3863 Nam
1845 3811 1892 3866 si
1922 3810 2045 3866 sub-

449 3910 710 3963 stantiam
744 3915 994 3960 nostram
1038 3901 1449 3973 quodammodo
1488 3901 1789 3958 miscentes
1830 3916 2043 3961 natura:

447 3999 674 4062 divinae,
705 3998 824 4052 sive
846 3994 996 4050 Patri
1024 4008 1075 4050 et
1100 3993 1265 4057 Filio,
1288 3993 1343 4047 in
1363 3993 1527 4049 nobis
1553 4009 1675 4050 esse
1699 3997 2038 4066 putabimus.

448 4106 514 4148 ac
545 4106 654 4144 non
694 4089 877 4160 potius
907 4089 1000 4143 illa
1031 4102 1137 4143 vox
1170 4087 1444 4142 societatis
1475 4087 1542 4142 ad
1571 4090 1924 4144 voluntatmu
1959 4091 2040 4147 si-

447 4180 817 4237 militudinem
855 4188 1108 4250 spectat,
1141 4178 1419 4249 quomodo
1451 4193 1575 4235 eam
1613 4195 1740 4235 cum
1772 4179 1936 4237 Patre
1983 4191 2041 4238 et

446 4274 587 4331 Filio
619 4275 949 4330 habebimus
970 4312 984 4336 ,
1014 4288 1137 4327 cum
1163 4288 1233 4327 ex
1263 4287 1455 4327 eorum
1484 4275 1756 4330 sententia
1789 4290 1901 4330 non
1930 4277 2042 4330 sint

444 4364 1142 4423 consubstantialcs‘iAut
1187 4365 1336 4418 enim
1390 4380 1623 4422 necesse
1664 4376 1750 4423 est
1800 4368 2040 4423 ridicule

445 4459 628 4515 dicere
669 4474 802 4523 nos,
849 4457 1129 4529 propriam
1183 4464 1438 4527 naturam
1472 4467 1763 4525 secantes,
1798 4460 2035 4514 mediam

2151 3267 2253 3335 τῆς
2281 3265 2634 3326 ὑποστάσεως
2661 3261 2850 3325 αὑτοῦ,
2883 3260 2973 3314 διά
2996 3279 3056 3314 τε
3085 3261 3247 3315 τοῦτό
3286 3263 3452 3319 ἐστιν
3485 3267 3548 3319 ἐν
3583 3265 3733 3337 αὑτῷ
3751 3282 3764 3295 ·

2152 3355 2268 3408 ἀλλ’
2320 3354 2395 3418 ὡς
2443 3356 2502 3407 ἐν
2552 3352 2846 3422 ταυτότητι
2897 3353 3140 3423 φυσικῇ,
3189 3353 3288 3405 καὶ
3322 3354 3408 3419 ὡς
3448 3355 3587 3424 μίαν
3635 3354 3773 3427 ἔχων

2150 3448 2285 3519 πρὸς
2340 3446 2502 3501 αὑτὸν
2555 3444 2653 3516 τὴν
2714 3444 2924 3499 οὐσίαν.
2978 3443 3385 3516 Εἰσκεκλήσθω
3442 3447 3505 3500 δὲ
3561 3450 3774 3519 μάρτυς

2149 3542 2281 3612 ἡμῖν
2329 3539 2421 3592 ἐπὶ
2470 3537 2681 3601 τούτοις
2722 3540 2752 3591 ὁ
2801 3536 3115 3607 σοφώτατος
3172 3539 3490 3614 Ἰωάννης,
3551 3543 3773 3613 λέγων’

2155 3653 2173 3686 ι
2210 3633 2321 3687 Καὶ
2366 3629 2687 3704 ήκοινωνία
2733 3630 2792 3684 δὲ
2838 3631 2870 3701 ἡ
2920 3630 3167 3701 ἡμετέρα
3213 3631 3365 3701 μετά
3410 3633 3517 3688 τοῦ
3558 3634 3777 3706 Πατρὸς

2147 3726 2241 3780 καὶ
2273 3726 2413 3797 μετά
2435 3723 2529 3778 τοῦ
2572 3720 2703 3777 Υίοῦ
2729 3720 2895 3777 αὑτοῦ
2941 3724 3119 3793 Ἰησοῦ
3151 3724 3433 3795 Χριστοῦ.
3472 3746 3493 3779 ι
3526 3729 3659 3792 Πῶς
3686 3724 3781 3782 οὖν

2145 3820 2252 3891 ἄρα
2279 3818 2467 3889 φασὶν,
2501 3816 2535 3888 ἣ
2578 3817 2720 3872 κατὰ
2760 3817 2883 3870 τίνα
2919 3815 3364 3888 διισχυρίζονται
3394 3821 3614 3891 χρῆναι
3651 3821 3779 3891 τρόο

2146 3926 2247 3962 πον
2273 3910 2373 3980 τὴν
2408 3909 2695 3963 κοινωνίαν
2725 3908 2876 3984 ἡμᾶς
2915 3908 3055 3978 μετά
3098 3906 3194 3961 τοῦ
3226 3908 3467 3985 Πατρὺς
3502 3915 3605 3966 καὶ
3641 3911 3786 3984 μετὰ

2144 4002 2240 4056 τοῦ
2259 4001 2392 4056 Υίοῦ
2420 4001 2586 4056 αὑτοῦ
2603 3999 2778 4072 Ἰησοῦ
2798 4001 3054 4073 Χριστοῦ;
3080 4002 3142 4055 Εἰ
3172 4001 3276 4072 μὲν
3298 4004 3425 4077 γὰρ
3455 4006 3563 4078 τὴν
3588 4005 3785 4060 οὐσίαν

2143 4092 2334 4164 ὥσπερ
2370 4092 2471 4163 τὴν
2520 4092 2731 4147 ἑαυτῶν
2783 4091 3216 4162 ἀναμιγνύοντες
3262 4097 3342 4166 τῇ
3401 4097 3541 4169 θείᾳ
3595 4099 3785 4167 φύσει,

2143 4186 2263 4258 ἦτοι
2289 4185 2369 4257 τῷ
2412 4184 2589 4256 Πατρὶ
2620 4184 2717 4240 καὶ
2745 4185 2824 4257 τῷ
2870 4184 2989 4257 Υἱῷ
3012 4223 3027 4251 ,
3060 4189 3117 4239 ἐν
3159 4186 3397 4253 ἑαυτοῖς
3436 4186 3598 4245 εἶναι
3630 4190 3790 4247 νοού-

2146 4275 2319 4346 μεθα,
2366 4276 2461 4330 καὶ
2505 4277 2627 4348 οὐχὶ
2668 4276 2871 4346 μᾶλλον
2904 4277 3003 4347 τῆς
3032 4278 3370 4347 κοινωνίας
3394 4284 3427 4335 ὁ
3459 4282 3635 4353 λόγος
3658 4324 3675 4349 ,
3711 4284 3793 4346 εἰς

2140 4368 2241 4441 θὴν
2270 4369 2379 4423 τῶν
2408 4368 2732 4439 θελημάτων
2767 4370 3061 4441 ὁμοιότητα
3094 4371 3315 4441 βλέπει,
3366 4377 3503 4441 πῶς
3537 4377 3612 4432 ἂν
3652 4377 3795 4449 ἔχοι-

2145 4477 2245 4531 μεν
2290 4458 2463 4531 αὑτὴν
2519 4459 2658 4530 μετά
2698 4460 2793 4513 τοῦ
2840 4460 3054 4531 Πατρὸς
3097 4462 3195 4515 καὶ
3243 4464 3409 4531 μετά
3465 4468 3574 4522 τοῦ
3629 4468 3795 4531 Υίοῦ,

445 4550 667 4622 quidem
694 4558 906 4621 partem
936 4547 1113 4614 Patri,
1145 4550 1379 4604 alteram
1406 4551 1568 4606 nobis
1594 4544 1655 4606 et
1684 4549 1825 4604 Filio
1852 4548 2038 4605 dedis-

2151 4552 2323 4606 καίτοι
2355 4552 2474 4605 κατ’
2509 4552 2752 4619 ἐκείνους
2798 4554 2899 4606 οὑκ
2931 4552 3101 4606 ὄντων
3143 4554 3480 4623 ὁμοουσίων
3510 4576 3527 4625 ;
3574 4560 3654 4613 ’Ἡ
3684 4561 3799 4630 γὰρ

445 4660 536 4708 se,
570 4653 738 4714 atque
770 4643 845 4697 ita
880 4642 933 4696 in
959 4643 1026 4698 iis
1058 4657 1185 4698 esse
1211 4650 1615 4710 eensercyaut,
1649 4641 2036 4711 stupidissima

446 4738 537 4790 illa
571 4736 789 4789 ratione
820 4734 1034 4805 reiecta
1054 4774 1069 4801 ,
1099 4730 1340 4790 dicimus
1374 4733 1708 4789 voluntariis
1735 4732 2037 4789 virtutibus

442 4839 499 4885 et
530 4843 657 4884 cum
707 4827 896 4882 divina
944 4835 1110 4898 atque
1142 4826 1407 4884 ineﬂ‘abili
1447 4825 1867 4897 pulchritudine
1900 4840 2037 4879 eon-

445 4920 778 4977 forrnatione
814 4928 1066 4976 nostram
1107 4929 1342 4976 mentem
1380 4919 1693 4975 exhilarare
1731 4910 2037 4983 conantes,

443 5012 732 5069 societatis
778 5014 1015 5083 gratiam
1062 5012 1228 5068 nobis
1269 5025 1617 5080 coinparare.
1666 5009 1747 5062 An
1792 5024 1923 5080 ergo
1959 5010 2040 5065 sic

440 5107 691 5161 dicemus
722 5105 997 5161 exsiStere
1031 5104 1085 5157 in
1120 5102 1285 5159 Patre
1318 5102 1563 5166 Filium,
1605 5117 1703 5158 seu
1750 5104 2035 5160 rclativam

440 5208 495 5254 et
529 5197 716 5254 studio
745 5199 1038 5268 quaesitam
1075 5195 1281 5250 habere
1313 5209 1441 5250 cum
1474 5192 1640 5250 Patre
1673 5196 2041 5253 societatem?

440 5292 508 5344 At
537 5305 636 5346 cur
668 5289 892 5344 demum
930 5303 1027 5358 per
1057 5286 1436 5356 aequalitatem
1473 5300 1702 5355 operum
1740 5301 1805 5342 ac
1841 5289 2039 5343 simili-

441 5382 685 5437 tudinem
720 5380 921 5434 deduci
959 5378 1077 5433 vult
1115 5385 1366 5432 nostram
1419 5384 1657 5459 mentem
1702 5378 1769 5434 ad
1814 5380 2039 5436 indubi-

440 5483 557 5530 tate
592 5473 931 5530 credendum
969 5472 1153 5541 ipsum
1204 5470 1261 5524 in
1311 5469 1476 5525 Patre
1524 5470 1746 5541 quidem
1790 5490 1949 5540 esse,
1983 5483 2040 5530 et

441 5580 642 5621 rursus
675 5565 733 5619 in
764 5563 951 5632 seipso
986 5559 1192 5614 habere
1221 5557 1437 5615 Patrem
1467 5560 1489 5613 ἓ
1521 5560 1717 5613 Annon
1744 5560 1890 5615 enim
1918 5577 2036 5615 ma-

439 5654 864 5713 nifestissimum
898 5660 984 5708 est
1029 5649 1289 5707 omnibus
1321 5666 1642 5723 ac.verum,
1681 5652 1833 5722 quod
1864 5652 2033 5707 clari-

510 5832 558 5865 “
581 5829 711 5886 Jud.
742 5845 784 5897 ι,
816 5829 1006 5887 17-19.
1083 5830 1128 5859 "
1150 5827 1170 5882 l
1192 5826 1318 5882 Cor.
1352 5844 1447 5890 xu,
1479 5828 1537 5882 5.
1608 5826 1878 5889 E’lJoan.
1914 5844 1951 5894 l,
1977 5829 2031 5885 5.

2145 4644 2360 4715 ἀνάγκη
2382 4643 2570 4697 λοιπὸν
2599 4646 2692 4697 καὶ
2715 4646 2863 4716 ἡμᾶς
2883 4644 2955 4698 τά
2977 4644 3214 4714 γέλωτος
3244 4644 3391 4711 ἄξια
3430 4649 3799 4723 φρονοῦντας

2144 4739 2318 4791 εἰπεῖν
2353 4737 2456 4802 ὅτι,
2489 4738 2587 4809 τὴν
2634 4737 2843 4791 οἰκείαν
2895 4737 3286 4801 διακόπτοντες
3323 4741 3539 4811 φύσιν,
3582 4745 3650 4798 τὸ
3692 4744 3800 4814 μὲν

2143 4828 2316 4899 ἥμισυ
2344 4827 2422 4900 τῷ
2474 4828 2686 4900 Πατρὶ,
2724 4828 2785 4881 τὸ
2832 4828 2890 4883 δὲ
2937 4829 3124 4900 ἕτερον
3167 4831 3311 4900 ἡμῖν
3372 4835 3486 4890 καὶ
3540 4836 3632 4909 τῷ
3680 4835 3805 4908 Υἱῷ

2141 4921 2494 4993 δεδώκαμεν,
2546 4922 2689 4976 οὑτω
2726 4922 2878 4976 τεέν
2929 4923 3112 4987 αὐτοῖς
3160 4918 3312 4978 εἶναι
3357 4929 3715 5001 νοούμεθα⁶
3766 4929 3803 5001 ἢ

2140 5015 2573 5087 παραιτούμενοι
2619 5014 2717 5084 τὴν
2765 5014 3113 5087 ἀποπληξίαν
3166 5013 3263 5068 τοῦ
3323 5015 3557 5089 λόγου,
3610 5022 3808 5093 φαμὲν

2138 5104 2221 5158 ὄτι
2267 5106 2392 5168 ταῖς
2438 5105 2582 5159 κατά
2613 5104 2832 5175 θέλησιν
2880 5106 3106 5177 ἀρεταῖς
3160 5105 3256 5159 καὶ
3304 5111 3386 5181 τῇ
3438 5113 3808 5185 συμμορφίᾳ

2138 5200 2205 5269 τῇ
2242 5198 2380 5267 πρὸς
2423 5196 2484 5250 τὸ
2520 5197 2664 5251 θεῖόν
2718 5215 2782 5251 τε
2835 5198 2931 5252 καὶ
2956 5200 3293 5271 -ἀπόρῤητον
3343 5202 3581 5272 κάλλος
3618 5225 3809 5262 κατα-

2143 5289 2457 5360 φαιδρύνειν
2484 5289 2575 5351 τὸν
2606 5291 2805 5344 οἰκεῖον
2848 5291 3246 5356 σπουδάζοντες
3296 5294 3453 5350 νοῦν
3484 5338 3501 5363 ,
3551 5301 3669 5371 τὴν
3705 5301 3812 5369 τῆς

2140 5382 2428 5446 κοινωνίας
2477 5383 2692 5447 ἑαυτοῖς
2743 5383 3185 5455 περιποιούμεθα
3232 5385 3457 5454 χάριν.
3514 5387 3665 5466 Ἀρ*
3713 5390 3815 5449 οὖν

2138 5467 2311 5534 οὕτως
2346 5471 2580 5543 ἐροῦμεν
2614 5472 2883 5545 ὑπάρχειν
2917 5475 2975 5528 ἐν
3019 5475 3197 5544 Πατρὶ
3242 5473 3355 5530 τὸν
3409 5478 3591 5548 Υἱδν,
3629 5484 3814 5555 ἦγουν

2139 5563 2398 5634 σχετικὴν
2425 5565 2517 5618 καὶ
2550 5566 3050 5638 ἐπιτετηδευμένην
3076 5567 3397 5624 κοινωνίαν
3451 5573 3627 5647 ἔχειν
3658 5577 3818 5653 πρὸς

2136 5654 2228 5707 τὸν
2280 5657 2654 5727 γεννήσαντα;
2692 5657 2888 5711 Καίτοι
2933 5658 2987 5712 τί
3038 5658 3103 5730 δή
3153 5673 3297 5713 ποτε
3366 5663 3472 5720 διὰ
3528 5671 3646 5743 τῆς
3697 5669 3819 5724 τῶν
