4006 6416
255 402 358 459 2U

1349 407 1418 464 IN
1443 407 1734 467 JOANNIS
1781 405 2227 464 EVANGELIUM
2270 408 2395 464 LIB.
2431 408 2524 465 IX.

3431 420 3540 476 ειε

258 522 446 594 ἔργων
481 523 727 594 ίσότητός
758 540 818 578 τε
848 523 944 578 καὶ
985 526 1302 599 ὁμοιότητος
1337 528 1694 600 ποδηγεῖσθαι
1726 526 1848 598 βού-

1964 533 2118 581 Latem
2150 541 2380 597 operum
2411 542 2439 581 a
2470 527 2631 584 nobis
2658 528 2864 600 inquiri
2898 531 3089 589 volens
3108 573 3125 599 ,
3156 549 3256 592 suo
3284 536 3432 594 Patri
3461 556 3542 596 se-

257 608 417 667 λεται
449 612 542 666 τὸν
574 614 845 684 ἡμέτερον
888 614 1015 670 νοῦν
1055 616 1150 671 ἐπὶ
1193 616 1258 670 τδ
1309 617 1508 689 χρῆναι
1569 619 1849 673 πιστεύειν

256 704 681 768 άνενδοιάστως,
721 704 799 769 ὡς
834 706 921 777 εἴη
967 708 1065 779 μὲν
1096 708 1258 772 αὐτὸς
1287 710 1346 762 ἐν
1382 709 1593 783 Πατρὶ,
1645 710 1761 779 ἔχει
1794 709 1851 763 δὲ

255 788 325 845 αὖ
357 793 528 847 πάλιν
558 796 618 847 ἐν
656 794 835 865 ἑαυτῷ
878 796 972 850 τὸν
1015 798 1237 871 Πατέρα
1263 816 1278 865 ;
1317 795 1394 853 Ἦ
1425 802 1532 873 γάρ
1562 801 1684 871 οὐχὶ
1716 802 1859 854 πᾶσι

259 884 667 953 προδηλότατον
697 887 792 945 καὶ
826 887 1028 958 ἀληθὲς
1064 890 1310 961 ὑπάρχον
1346 893 1541 964 ὁρᾶται
1565 932 1580 954 ,
1629 892 1712 945 ὃτι
1750 892 1851 963 τὴν

258 976 369 1028 τῶν
399 976 586 1046 ἔργων
624 977 985 1051 λαμπρότητα
1015 982 1146 1051 παρ’
1182 982 1336 1053 ἡμῶν
1367 982 1719 1049 ἐξετάζεσθαι
1770 983 1855 1037 θέ-

257 1066 388 1131 λων,
421 1068 677 1140 ἰσοσθενῆ
709 1072 989 1126 δείκνυσιν
1017 1074 1212 1129 ἐαυτὸν
1250 1075 1330 1146 τῷ
1372 1076 1489 1146 ίδίῳ
1532 1076 1731 1146 Πατρὶ,
1776 1076 1853 1140 ὼς

258 1156 457 1210 οὐδένα
495 1157 657 1226 λόγον
683 1160 917 1232 ἐχούσης
946 1162 1029 1216 ἐτι
1076 1164 1175 1235 τῆς
1208 1165 1327 1218 κατ’
1357 1165 1548 1218 οὐσίαν
1587 1166 1852 1236 διακοπῆς

259 1255 357 1303 καὶ
405 1251 647 1321 φυσικῆς
692 1252 1015 1326 ἑτερότητος
1039 1293 1054 1319 ,
1111 1257 1162 1309 εί
1210 1257 1324 1319 τοῖς
1376 1255 1512 1319 ῐσοις
1567 1259 1853 1327 ἐπαυχοῖεν

259 1339 690 1412 κατορθώμασιν
723 1343 887 1407 αὐτός
922 1361 983 1398 τε
1023 1346 1177 1401 καὶὸ
1215 1348 1443 1419 Πατήρ;
1495 1348 1696 1403 Ἐννόει
1744 1348 1855 1419 γὰρ

257 1430 413 1492 ὅπως
474 1430 575 1484 οὐκ
620 1431 679 1484 ἐν
723 1430 934 1497 τούτοις
987 1436 1177 1505 ἡμεῖς,
1203 1436 1323 1489 ἀλλ’
1373 1436 1581 1510 ἑτέροις
1612 1439 1722 1492 τισὶ
1754 1440 1855 1512 τὴν

261 1521 404 1591 πρὸς
435 1521 531 1574 τὸν
558 1521 692 1575 Θεὸν
722 1525 1076 1595 συμμορφᾶκν
1107 1526 1551 1598 ἐπιτηδεύοντες,
1580 1530 1682 1600 τῆς
1716 1531 1856 1602 πρὸς

260 1611 431 1666 αὐτὸν
490 1613 777 1676 κοινωνίας
836 1615 1159 1686 ἀξιούμεθα.
1226 1619 1690 1693 Ἐποικτείροντες
1745 1622 1856 1696 γάρ

263 1704 536 1776 ἀλλήλους
556 1744 572 1769 ,
614 1707 709 1760 καὶ
752 1707 861 1762 τῶν
889 1709 989 1780 τῆς
1020 1711 1242 1781 ἀγάπης
1274 1712 1452 1783 ἔργων
1487 1714 1658 1785 ἀπρὶξ
1687 1714 1857 1785 ἐξημ-

265 1796 461 1871 μένοι,
500 1798 600 1877 καὶ
652 1800 836 1853 πᾶσαν
886 1801 1302 1871 ἐπιτηδεύοντες
1353 1807 1453 1877 τὴν
1498 1807 1557 1859 ἐν
1608 1805 1688 1877 τῷ
1730 1807 1855 1861 καθ’

260 1870 416 1959 ἡμᾶς
446 1870 549 1960 βίῲ
580 1892 919 1962 σεμνότητα,
954 1870 1076 1947 τότε
1126 1897 1190 1967 δὴ
1240 1870 1499 1967 μόλις-ἐν
1543 1870 1671 1970 Θεῷ-
1716 1896 1858 1954 εἶναι

261 1978 563 2049 λεγόμεθα.
605 1981 714 2035 Καὶ
738 1981 950 2053 μάρτυς
984 1984 1237 2056 Ἰωάννης
1262 1987 1438 2057 λέγων
1458 2004 1473 2020 ·
1508 2010 1527 2041 ι
1568 1990 1656 2044 Ἐν
1681 1990 1858 2061 τούτῳ

262 2070 614 2143 γινώσκομεν
661 2074 747 2128 ὅτι
792 2075 853 2128 ἐν
898 2076 1048 2148 αὐτῷ
1082 2080 1275 2148 ἐσμέν.
1322 2080 1381 2134 '0
1413 2080 1587 2151 λέγων
1618 2084 1676 2136 ἐν
1707 2082 1859 2153 αὐτῷ

264 2163 455 2232 μένειν
477 2204 494 2230 ,
539 2164 780 2235 ὀφείλει,
832 2167 1015 2232 καθὼς
1053 2171 1261 2234 ἐκεῖνος
1292 2173 1667 2245 περιεπάτησε
1695 2216 1710 2239 ,
1764 2176 1860 2230 καὶ

259 2256 429 2320 αὐτὸς
475 2262 827 2330 περιπατεῖν.
879 2280 897 2312 ι
934 2262 1045 2317 Καὶ
1091 2263 1289 2318 πάλινο
1343 2283 1363 2317 ι
1416 2266 1631 2337 Ὑμεῖς,
1669 2268 1857 2339 φησὶν,

259 2347 290 2399 δ
318 2349 419 2403 ἀπ’
450 2350 631 2422 ἀρχῆς
656 2352 953 2420 ἠκούσατε,
981 2356 1039 2408 ἐν
1073 2355 1204 2426 ὑμῖν
1233 2357 1443 2427 μενέτω
1462 2375 1475 2388 ·
1509 2360 1605 2412 ἐὰν
1645 2361 1702 2413 ἐν
1730 2360 1860 2431 ὑμῖν

264 2440 429 2513 μείνῃ
456 2441 488 2494 δ
518 2444 613 2497 ἀπ’
646 2444 824 2515 ἀρχῆς
852 2444 1126 2515 ἠκούσατε
1150 2488 1166 2513 ,
1214 2449 1309 2504 καὶ
1346 2450 1504 2521 ὑμεῖς
1542 2453 1600 2505 ἐν
1630 2452 1709 2524 τῷ
1745 2452 1861 2524 Υίῷ

260 2535 360 2588 καὶ
407 2535 471 2587 ἐν
520 2534 600 2605 τῷ
632 2536 808 2607 Πατρὶ
841 2540 1077 2607 μενεῖτε.
1115 2557 1133 2591 ι
1163 2540 1275 2594 Καὶ
1317 2542 1372 2595 τί
1420 2543 1481 2596 τὺ
1522 2543 1615 2597 ἀπ’
1661 2546 1858 2617 ἀρχῆς,

258 2625 403 2696 ὅπερ
444 2627 585 2695 ἡμῖν
630 2626 1009 2683 διακελεύεται
1039 2630 1260 2701 μένειν,
1305 2634 1392 2687 ἵνα
1428 2635 1589 2705 ἡμεῖς
1620 2634 1772 2707 ὦμεν
1802 2640 1861 2692 ἐν

259 2713 416 2784 Θεῷ,
450 2714 620 2779 αὐτὸς
651 2717 787 2787 ἡμῖν
814 2717 968 2772 οὐδὲν
1001 2713 1167 2790 ἦττον
1216 2725 1475 2793 σαφηνιεῖ
1515 2722 1691 2790 λέγων
1716 2765 1732 2789 ,
1779 2725 1861 2777 ὅτι

266 2826 286 2857 ι
319 2805 478 2876 Δῦτη
513 2806 664 2859 ἐστὶν
699 2808 734 2877 ή
763 2808 1067 2876 ἐπαγγελία
1087 2851 1103 2876 ν
1135 2811 1203 2882 ἢν
1232 2812 1505 2881 ἢκούσατε
1534 2814 1630 2868 ἀπ’
1660 2816 1859 2887 ἀρκῆςν

261 2901 355 2953 (va
399 2900 661 2968 ἀγαπᾶτε
708 2898 992 2971 ἀλλήλους.
1034 2920 1053 2953 ι
1100 2901 1345 2967 Ἀκούεις
1391 2905 1540 2968 ὅπως
1581 2904 1749 2977 ἐσμὲν
1805 2910 1863 2961 ἐν

198 3032 207 3039 .
258 2990 408 3061 Θεῷ,
438 2989 543 3061 τὴν
591 2989 816 3061 ἀγάπην
860 2990 1100 3062 δηλονότι
1131 2993 1232 3065 τὴν
1268 2996 1349 3058 εὶς
1377 2994 1642 3066 ἀλλήλους
1673 3000 1862 3069 ἐπιτη-

257 3085 538 3147 δεύοντες,
590 3085 686 3138 καὶ
714 3084 816 3157 τὴν
853 3084 949 3139 τοῦ
997 3086 1251 3159 Σωτῆρος
1300 3087 1606 3158 ίχνηλατεῖν
1636 3090 1859 3162 ἀρετὴν,

1951 617 2128 687 ipsum
2157 618 2427 689 aequalem
2456 620 2734 687 ostendit,
2772 623 2910 678 adeo
2938 631 2997 678 ut
3031 625 3237 681 nullam
3269 630 3539 685 rationem

1944 701 2062 773 jam
2095 704 2294 760 habeat
2323 706 2416 791 illa
2446 708 2835 766 substantialis
2859 720 2912 765 et
2936 714 3205 770 naturalis
3229 716 3536 782 distinctio,

1951 796 1996 849 si
2020 796 2327 865 aequalibus
2350 794 2512 854 factis
2537 798 2653 869 ipse
2676 808 2732 855 et
2754 800 2917 858 Pater
2939 805 3272 873 glorientur.
3295 806 3538 863 Observa

1951 885 2096 941 enim
2114 896 2173 941 ut
2186 903 2294 941 non
2310 888 2364 942 in
2378 889 2465 945 his
2483 905 2605 957 nos,
2627 892 2721 948 sed
2740 893 2862 948 aliis
2878 895 3210 964 quibusdam
3227 898 3543 953 conforma-

1950 977 2157 1033 tionem
2181 978 2249 1033 ad
2273 979 2444 1036 Deum
2472 982 2715 1039 colentes
2731 1025 2744 1050 ,
2771 986 3037 1043 societate
3067 1003 3193 1044 cum
3222 989 3346 1060 ipso
3368 991 3543 1045 done—

1952 1082 2097 1122 mur.
2124 1068 2231 1123 Alii
2257 1071 2402 1125 enim
2426 1072 2569 1128 alios
2597 1074 2961 1139 miserantes,
2992 1086 3046 1132 et
3077 1077 3371 1135 charitatis
3408 1095 3541 1150 ope-

1953 1157 2115 1214 ribus
2145 1160 2430 1218 mordicus
2461 1160 2818 1232 inhaerentes,
2847 1182 3179 1238 omnemque
3213 1171 3266 1224 in
3293 1170 3399 1227 hac
3424 1173 3543 1226 vita

1953 1246 2293 1304 honestatem
2316 1257 2371 1305 et
2390 1252 2718 1321 gravitatem
2748 1256 3012 1321 colentes,
3034 1266 3166 1314 tunc
3187 1269 3339 1316 certe
3366 1261 3456 1317 vix
3484 1262 3539 1316 in

1955 1338 2068 1394 Deo
2100 1355 2225 1396 esse
2257 1342 2519 1399 dicimur.
2558 1345 2734 1417 Cujus
2769 1348 2847 1403 rei
2883 1350 3044 1405 testis
3072 1360 3156 1408 est
3180 1350 3422 1409 Joannes
3451 1355 3540 1409 di-

1954 1446 2085 1487 cens
2107 1450 2120 1486 :
2142 1450 2161 1485 ι
2184 1432 2241 1487 In
2272 1434 2375 1490 hoc
2402 1437 2611 1494 scimus
2638 1438 2766 1508 quia
2795 1439 2851 1494 in
2882 1441 3002 1512 ipso
3028 1457 3244 1498 sumus.
3270 1444 3373 1510 Qui
3405 1445 3542 1499 dicit

1955 1539 2015 1579 se
2049 1525 2101 1578 in
2140 1526 2260 1596 ipso
2293 1543 2512 1584 manere
2537 1571 2550 1592 ,
2590 1529 2786 1597 debet,
2819 1533 2964 1588 sicut
2994 1535 3085 1590 ille
3115 1536 3457 1602 ambulavit,
3488 1546 3544 1593 et

1955 1615 2070 1686 ipse
2106 1617 2390 1673 ambulare
2419 1622 2520 1675 η.»
2565 1622 2632 1676 Et
2671 1638 2905 1681 rursus:
2938 1645 2956 1677 ι
2988 1625 3119 1690 Vos,
3148 1629 3363 1697 inquit,
3392 1628 3542 1700 quod

1957 1705 2192 1762 audistis
2222 1709 2291 1762 ab
2318 1708 2477 1765 initio
2498 1752 2511 1774 ,
2551 1712 2605 1765 in
2636 1713 2793 1768 vobis
2825 1725 3165 1784 permaneat.
3212 1717 3267 1773 Si
3299 1720 3352 1773 in
3388 1720 3544 1775 vobis

1957 1800 2326 1867 permanserit
2359 1802 2505 1872 quod
2543 1803 2779 1860 audistis
2809 1807 2879 1860 ab
2910 1807 3070 1861 initio
3093 1849 3107 1872 ,
3141 1817 3196 1863 et
3224 1826 3325 1866 vos
3356 1812 3412 1865 in
3448 1810 3545 1864 Fi-

1890 1876 1932 1930 Β
1961 1890 2035 1944 lio
2065 1898 2117 1945 et
2137 1889 2308 1947 Patre
2336 1894 2636 1950 manebitis
2666 1895 2733 1951 ³⁸.
2770 1916 2788 1948 ι
2817 1896 2880 1952 Ει
2910 1900 3040 1969 quid
3075 1901 3145 1955 sit
3174 1902 3309 1956 illud
3341 1903 3408 1957 ab
3436 1903 3544 1957 ini-

1961 1983 2038 2038 tio
2062 2023 2075 2046 ,
2106 1984 2255 2053 quod
2285 1984 2339 2038 in
2370 1986 2532 2042 nobis
2564 2003 2790 2044 manere
2820 1990 3066 2061 jubetur,
3117 2003 3175 2047 ut
3223 2010 3325 2049 uos
3370 1996 3547 2051 simus

1962 2076 2017 2130 in
2055 2077 2197 2140 Deo,
2233 2076 2347 2147 ipsc
2397 2079 2559 2136 nobis
2587 2082 2949 2139 nihilosecius
2980 2083 3284 2141 declarabit
3312 2086 3544 2143 dicens:

1967 2184 1985 2216 ι
2019 2163 2134 2219 IIoc
2178 2176 2262 2221 est
2314 2168 2671 2232 mandatum,
2730 2172 2883 2240 quod
2936 2173 3177 2229 audistis
3231 2175 3299 2230 ab
3353 2176 3546 2240 initio,

1958 2256 2128 2327 800
2159 2264 2218 2310 ut
2245 2257 2493 2328 diligatis
2525 2260 2765 2317 invicem
2801 2264 2865 2318 '°.
2900 2284 2918 2317 ι
2950 2265 3124 2322 Audis
3155 2267 3438 2337 quomodo
3473 2268 3550 2324 si-

1964 2364 2088 2404 mus
2124 2349 2179 2403 in
2222 2349 2368 2414 Deo,
2403 2352 2729 2411 charitatem
2771 2356 3035 2413 videlicet
3078 2361 3313 2416 invicem
3361 2362 3550 2418 colen-

1963 2450 2046 2495 tes
2069 2482 2083 2504 ,
2118 2448 2173 2496 et
2205 2442 2517 2501 Servatoris
2559 2446 2824 2504 virtutem
2847 2488 2861 2514 ,
2901 2450 3087 2521 quoad
3130 2453 3293 2518 licet,
3343 2456 3550 2508 sectari

1963 2542 2230 2591 conantes
2253 2576 2267 2600 ,
2301 2537 2567 2593 virtutem
2600 2539 2765 2603 dico,
2802 2557 2910 2595 non
2955 2543 3108 2597 illam
3152 2543 3421 2598 ctelorum
3458 2554 3552 2599 aut

1965 2626 2287 2696 angelorum
2320 2630 2645 2685 creatrieem
2670 2669 2685 2692 ,
2723 2647 2834 2686 non
2868 2647 2976 2702 qua
3012 2640 3217 2688 terram
3258 2634 3511 2691 fundavit
3532 2675 3547 2698 ,

1965 2725 2061 2771 aut
2095 2733 2247 2773 mare
2273 2718 2556 2786 extendit,
2598 2736 2701 2776 nec
2732 2737 2852 2778 eam
2889 2739 2997 2794 qua
3046 2724 3308 2781 ineﬂ'abili
3358 2734 3415 2782 et
3462 2727 3550 2780 in-

1965 2810 2255 2866 scrutabili
2285 2817 2575 2880 potestate,
2608 2813 2778 2868 verbo
2820 2815 3075 2884 quidem,
3115 2823 3406 2872 ventorum
3438 2818 3549 2872 vim

1965 2898 2212 2963 sedavit,
2250 2907 2346 2953 aut
2376 2907 2627 2957 mortuos
2658 2903 2958 2972 excitavit,
3012 2914 3107 2959 aut
3151 2909 3316 2963 caecis
3368 2909 3549 2963 visum

1964 2988 2245 3054 restituit,
2283 2997 2380 3044 aut
2415 2990 2695 3060 leprosum
2733 2997 2987 3050 mundari
3018 2996 3231 3065 jussit;
3267 3000 3362 3055 sed
3400 3000 3552 3054 illam

1966 3079 2154 3147 potius
2184 3094 2312 3150 qua;
2345 3080 2710 3139 humanitatis
2743 3087 3050 3142 conditioni
3083 3089 3364 3159 congruit.
3400 3089 3554 3143 Inve-

261 3179 387 3233 καθ’
419 3180 549 3234 ὅσον
580 3178 718 3246 ἐνι,·
743 3179 1141 3248 σπουδάζοντες
1162 3196 1177 3213 ⁸
1232 3184 1435 3256 ἀρετὴν
1468 3185 1528 3239 δέ
1575 3201 1749 3255 φημι,
1798 3184 1858 3239 οὐ

1967 3169 2182 3226 uiemus
2211 3186 2334 3225 eum
2353 3211 2367 3235 ,
2398 3174 2862 3242 quemadmodum
2888 3175 3094 3233 Paulus
3123 3178 3199 3232 ait
3222 3179 3292 3211 ³⁸⁸
3314 3221 3329 3245 ,
3357 3178 3424 3233 ab
3452 3178 3554 3233 im-

258 3273 365 3343 τὴν
396 3272 456 3325 ὲν
492 3271 569 3342 τῷ
613 3271 873 3327 δύνασθαι
923 3275 1130 3340 κτίζειν
1181 3276 1450 3347 οὐρανοὺς
1491 3277 1524 3348 ἢ
1556 3279 1732 3331 ποιεῖν
1759 3278 1860 3346 ἀγ-

259 3363 460 3432 γέλους
488 3403 504 3427 ,
555 3363 588 3434 ἢ
623 3363 947 3439 καθιδρῦσαι
987 3367 1093 3437 γῆν
1116 3409 1130 3434 ,
1173 3367 1207 3439 ἢ
1250 3368 1529 3424 θάλασσαν
1567 3368 1858 3438 ἐξαπλοῦν,

260 3454 389 3509 οὔτε
428 3455 537 3526 μὴν
571 3455 670 3525 τὴν
699 3457 758 3509 ἐν
798 3456 994 3529 ἐκείνῳ
1018 3458 1141 3512 καθ’
1164 3456 1193 3511 δ
1223 3459 1449 3531 ἀρρήτῳ
1481 3462 1575 3516 καὶ
1606 3462 1860 3532 ἀπεριερ-

260 3549 457 3619 τάπφ
478 3547 732 3613 δυνάμει.
760 3547 907 3620 λόγῳ
937 3549 1059 3619 μὲν,
1085 3552 1416 3623 πνευμάτων
1439 3552 1690 3624 ἐκοίμισε
1718 3554 1858 3623 βίας,

258 3638 515 3710 διανέστη
560 3638 620 3691 δὲ
652 3638 782 3702 τοὺς
827 3640 1196 3711 τεθνηκότας,
1250 3641 1421 3714 ἧγουν
1479 3646 1591 3707 τοῖς
1640 3643 1863 3712 τυφλοῖς

260 3731 562 3804 ἐχαρίζετο
604 3732 670 3785 τὸ
713 3731 974 3802 βλέπειν,
1023 3733 1057 3804 ἢ
1112 3733 1192 3804 τῷ
1238 3734 1428 3806 λεπρῷ
1469 3735 1865 3807 καθαρίζεσθαι
1902 3742 1905 3749 ‘

266 3823 411 3895 μετά
440 3823 650 3895 πολλῆς
693 3841 843 3889 τινος
870 3826 972 3897 τῆς
998 3824 1251 3891 ἐξουσίας
1284 3827 1580 3882 ἐπέταττεν
1604 3846 1618 3860 ·
1649 3828 1866 3900 ἐκείνην

260 3916 319 3970 δὲ
353 3916 564 3987 μᾶλλον
589 3917 737 3988 ἥπερ
766 3915 834 3970 ἀν
862 3917 1126 3989 ἁρμόττοι
1172 3919 1286 3982 τοῖς
1317 3919 1416 3990 τῆς
1445 3918 1865 3992 ἀνθρωπότητος

265 4010 520 4081 μέτροις.
565 4007 892 4082 Εὐρήσομεν
946 4009 1145 4075 αὑτὸν,
1196 4008 1387 4081 ὥσπερ
1428 4000 1524 4068 οῦν
1570 4012 1600 4062 ό
1654 4011 1865 4076 Παῦλός

263 4119 438 4171 φησι,
484 4100 871 4173 λοιδορηθέντα
925 4103 1026 4173 μὲν
1075 4103 1231 4175 παρά
1280 4103 1390 4159 τῶν
1433 4104 1665 4159 ἀνοσίων
1730 4105 1865 4157 ’1ου-

263 4193 436 4246 δαίων
464 4194 571 4247 οὐκ
597 4193 1113 4266 ἀντιλοιδορήσαντα
1142 4194 1222 4263 δέ,
1245 4194 1383 4250 ἀλλὰ
1427 4196 1707 4267 πάσχοντα
1740 4195 1861 4266 μὲν,

263 4287 367 4340 οὐκ
404 4285 791 4357 ἀπειλήσαντα
834 4287 913 4354 δέ,
950 4288 1270 4360 παραδόντα
1310 4288 1367 4342 δέ
1401 4287 1603 4358 μᾶλλον
1629 4286 1709 4360 τῷ
1747 4287 1869 4359 κρί-

266 4395 416 4433 νοντι
468 4376 724 4441 δικαίως.
780 4367 1107 4450 Εὑρήσομεν
1160 4379 1325 4433 αὐτὸν
1378 4380 1611 4449 λέγοντα
1664 4379 1865 4435 πάλινσ

269 4486 290 4519 ι
321 4466 554 4523 Μάθετε
597 4467 695 4521 ἀπ’
733 4467 872 4538 ἐμοῦ
903 4468 985 4521 ὅτι
1022 4469 1200 4540 πρᾶός
1233 4470 1351 4539 είμι
1384 4470 1480 4523 καὶ
1511 4468 1770 4533 ταπεινὸς
1796 4470 1865 4542 τῇ

264 4648 486 4704 Οὐκοῦν
535 4648 625 4702 διά
663 4649 764 4721 μὲν
804 4650 919 4703 τῶν
954 4651 1229 4704 τοσούτων
1284 4650 1731 4723 κατορθωμάτων
1779 4668 1869 4723 μι-

267 4739 499 4809 μεῖσθαι
565 4739 963 4805 σπουδάζοντες
1019 4741 1114 4794 τὸν
1171 4741 1393 4812 ἀπάσης
1466 4743 1599 4812 ἡμῖν
1665 4742 1870 4814 ἀρετῆς

262 4830 529 4902 ήγεμόνα
565 4830 821 4902 Χριστὸν,
855 4828 913 4882 ἐν
938 4847 998 4883 τε
1024 4829 1102 4901 τῷ
1137 4832 1315 4901 Πατρὶ
1357 4832 1452 4885 καὶ
1488 4833 1547 4885 ἐν
1594 4832 1745 4904 αὐτῷ
1773 4833 1870 4903 μέ-

264 4939 382 4976 νειν
423 4920 726 4992 λεγόμεθα,
755 4921 927 4991 γέρας
958 4921 1150 4994 ὥσπερ
1183 4923 1274 4976 καὶ
1298 4924 1647 4994 ἀντιμισθίαν
1676 4925 1776 4995 τῆς
1810 4926 1869 4978 ἐν

266 5011 373 5083 βίῳ
431 5001 770 5082 σεμνότητος
812 5011 875 5064 τὸ
920 5012 1157 5083 πρᾶγμα
1219 5012 1618 5084 κερδαίνοντες.
1681 5014 1743 5067 '0
1811 5014 1869 5068 δέ

266 5104 401 5168 Υἱὸς
428 5104 535 5157 οὐκ
565 5104 633 5157 ἐκ
657 5102 867 5157 τούτων
888 5105 1038 5174 ἡμᾶς
1060 5103 1158 5176 τὴν
1185 5103 1411 5159 ἐνοῦσαν
1443 5104 1592 5175 αὐτῷ
1622 5104 1870 5176 λαμπρός

260 5212 412 5268 τητα
455 5196 780 5267 δοκιμάζειν
824 5195 1107 5266 βούλεται,
1158 5199 1224 5269 τῇ
1279 5197 1336 5251 δὲ
1385 5196 1495 5251 τῶν
1548 5197 1872 5270 παραδόξων

266 5288 667 5360 μεγαλειότητι
692 5289 831 5358 μετά
855 5289 953 5359 τῆς
987 5288 1213 5359 ἐνούσης
1247 5288 1530 5359 ἀγχινοίας
1559 5306 1869 5362 προσεσχη-

264 5381 438 5443 κότας
473 5380 905 5435 διασκέπτεσθαι
949 5380 1064 5435 δεῖν
1094 5379 1378 5434 ἐπιτάττει
1416 5382 1517 5453 τὴν
1547 5382 1872 5451 ἀπαράλλα-

265 5490 402 5526 κτον
422 5472 730 5543 ὲμφέρειαν
754 5471 822 5544 ἢν
841 5472 954 5541 ἔχει
981 5472 1118 5544 πρὸς
1147 5471 1238 5524 τὸν
1271 5470 1493 5544 Πατέρα
1524 5472 1617 5526 τὸν
1648 5473 1868 5539 ἐαυτοῦ,

267 5563 558 5617 πιστεύειν
594 5581 657 5618 τε
688 5563 832 5617 οὕτω
870 5564 1057 5618 λοιπὸν
1101 5563 1177 5628 ὡς
1203 5564 1439 5635 ἐπείπερ
1480 5565 1631 5619 ἐστὶν
1673 5566 1871 5636 όμοού-

272 5669 416 5717 σιος,
461 5652 579 5725 ἔχει
612 5652 716 5724 μὲν
752 5655 811 5707 ἐν
836 5652 1016 5725 ἐαυτῷ
1051 5652 1143 5708 τὸν
1171 5655 1533 5725 γεννήσαντα,
1574 5655 1871 5727 ἐνυπάρχει

1972 3263 2080 3334 piis
2100 3265 2323 3334 quidem
2357 3265 2562 3323 Iudaeis
2596 3270 2864 3327 conviciis
2886 3272 3144 3341 petitum,
3181 3274 3274 3328 sed
3312 3288 3421 3327 non
3457 3289 3554 3329 re-

1972 3358 2389 3413 malediccntem
2412 3397 2428 3424 ,
2456 3367 2511 3414 et
2540 3361 2836 3431 patientem
2866 3371 2922 3417 at
2950 3380 3059 3418 non
3093 3366 3421 3433 minantem,
3458 3365 3555 3421 sed

1975 3448 2283 3507 tradentem
2318 3454 2500 3521 potius
2524 3453 2678 3524 juste
2724 3454 3019 3525 iudicanti.
3056 3457 3404 3514 Inveniemus
3428 3473 3553 3514 eum

1972 3552 2174 3594 rursus
2224 3540 2543 3597 dicentem:
2581 3561 2599 3593 ι
2628 3542 2837 3600 Discite
2870 3560 2899 3599 a
2935 3561 3024 3601 me
3055 3547 3188 3617 quia
3232 3547 3407 3615 mitis
3434 3563 3556 3603 sum

1971 3637 2027 3685 et
2053 3630 2282 3687 humilis
2309 3632 2508 3697 corde,
2541 3644 2596 3689 et
2626 3635 2925 3692 invenietis
2968 3638 3216 3708 requiem
3262 3638 3559 3696 animabus

1969 3724 2178 3780 vestris
2207 3725 2273 3778 ³¹.
2305 3744 2323 3777 ι
2351 3723 2522 3796 Igitur
2554 3735 2634 3780 tot
2662 3730 2946 3798 praeclaris
2980 3731 3243 3801 operibus
3272 3732 3558 3788 Christum

1969 3816 2154 3872 omnis
2181 3817 2342 3873 nobis
2377 3819 2604 3876 virtutis
2633 3821 2831 3876 ducem
2881 3823 3084 3878 imitari
3138 3824 3458 3888 studentes,
3502 3831 3559 3880 et

1970 3908 2027 3961 in
2056 3906 2221 3962 Patre
2249 3914 2305 3963 et
2331 3908 2388 3963 in
2422 3910 2546 3979 ipso
2575 3925 2796 3966 manere
2841 3911 3102 3977 dicimur,
3130 3913 3415 3982 praemium
3442 3915 3558 3969 vel-

1974 3996 2057 4050 uti
2085 3995 2365 4066 quoddam
2396 4012 2465 4053 ac
2490 3999 2919 4055 retributionem
2957 4000 3266 4057 honestatis
3298 4002 3434 4057 illud
3469 4017 3558 4058 re-

1973 4094 2286 4157 purtantes.
2324 4086 2502 4145 Filius
2528 4096 2710 4144 autem
2735 4131 2752 4156 ,
2779 4104 2892 4145 non
2921 4091 3145 4160 quidem
3175 4108 3243 4148 ex
3277 4091 3368 4149 his
3398 4108 3557 4149 suam

1973 4179 2209 4250 probare
2239 4180 2739 4244 vult‘claritatem,
2787 4183 2885 4238 sed
2936 4183 3334 4242 miraculorum
3385 4184 3560 4256 maje-

1973 4277 2170 4326 statem
2201 4286 2309 4341 qua
2338 4271 2456 4328 lieri
2490 4279 2671 4345 potest
2694 4274 2927 4329 solertia
2967 4274 3335 4342 attendentes,
3373 4277 3560 4334 consi-

1972 4362 2172 4419 derare
2197 4364 2356 4434 jubet
2388 4366 2539 4420 nulla
2569 4382 2636 4421 ex
2668 4376 2825 4437 parte
2867 4367 3178 4423 variantem
3221 4385 3385 4439 quam
3427 4385 3559 4427 cum

1976 4472 2080 4512 suo
2115 4457 2278 4513 Patre
2311 4458 2479 4515 habet
2507 4459 2970 4525 similitudinem,
3001 4470 3168 4532 atque
3211 4462 3287 4518 ita
3334 4463 3562 4520 credere

175 4590 181 4594 -
263 4557 497 4629 καρδίᾳ,
524 4557 621 4610 καὶ
643 4558 908 4630 εὑρήσετε
937 4559 1246 4613 ἀνάπαυσιν
1272 4561 1393 4623 ταῖς
1417 4558 1618 4631 ψυχαῖς
1639 4557 1814 4629 ὑμῶν.
1845 4578 1862 4611 ι

1976 4550 2197 4606 demum
2228 4551 2373 4621 quod
2406 4566 2533 4606 cum
2582 4552 2657 4608 sit
2704 4552 3233 4619 consubstantialis,
3290 4554 3459 4610 habet
3503 4555 3561 4610 iu

1977 4643 2163 4712 seipse
2187 4641 2524 4708 Genitorem,
2557 4652 2612 4699 et
2643 4645 2761 4715 ipse
2804 4646 2859 4700 in
2910 4661 2977 4701 eo
3021 4653 3128 4702 est.
3183 4646 3406 4718 Alioqui
3452 4649 3558 4704 do—

1977 4743 2139 4789 ceant
2166 4734 2350 4789 obiter
2381 4734 2684 4791 adversarii
2721 4737 2932 4807 praemii
2965 4737 3118 4805 loco,
3153 4737 3321 4794 sicuti
3362 4739 3560 4808 nobis,

1978 4826 2031 4881 id
2065 4825 2116 4881 ci
2148 4841 2370 4896 quoque
2400 4841 2560 4891 esse,
2605 4836 2661 4883 et
2711 4829 3097 4887 retributionis
3147 4832 3277 4888 vitae
3310 4847 3564 4904 evange-

1979 4916 2133 4979 licae,
2169 4916 2317 4986 quod
2369 4916 2426 4971 in
2472 4914 2638 4973 Patre
2680 4918 3028 4990 intelligitur.
3075 4920 3185 4977 Sed
3237 4923 3564 4994 neutiquam

1978 5008 2126 5064 istud
2157 5008 2239 5063 eis
2270 5023 2438 5079 grave
2463 5008 2600 5074 erit,
2632 5012 2855 5080 Opinor.
2887 5010 3105 5078 Quibus
3134 5014 3283 5070 enim
3314 5016 3576 5085 petulan-

1977 5102 2071 5156 tiae
2096 5102 2312 5157 nullum
2339 5116 2511 5172 genus
2539 5111 2624 5157 est
2655 5102 3023 5172 intentatum,
3048 5104 3309 5176 quidnam
3339 5104 3564 5162 absurdi

1976 5193 2250 5250 intactum
2293 5195 2666 5266 reliquerint?
2700 5196 3128 5269 Respondebant
3153 5214 3306 5270 ergo,
3355 5208 3416 5254 ut
3441 5214 3563 5254 ore.

1978 5288 2147 5344 dibile
2168 5295 2289 5355 est,
2310 5287 2516 5343 Filium
2546 5289 2755 5345 idcirco
2778 5290 2833 5344 in
2860 5289 3024 5347 Patre
3047 5306 3192 5355 esse,
3217 5299 3273 5347 et
3296 5290 3349 5345 in
3378 5290 3565 5361 seipse

1979 5396 2179 5436 rursus
2214 5380 2425 5438 habere
2453 5379 2709 5449 Patrem,
2741 5383 2873 5454 quia
2916 5384 3222 5441 virtutibus
3268 5398 3410 5455 quas
3457 5383 3563 5454 ipsi

1979 5488 2201 5545 quoque
2229 5474 2602 5545 assequimur,
2623 5473 2693 5529 ad
2724 5489 2849 5530 eum
2880 5475 3279 5531 conformatur.
3300 5476 3370 5529 At
3394 5476 3565 5546 quid-

1976 5566 2035 5620 ni
2065 5580 2263 5622 rursus
2284 5605 2299 5630 ,
2330 5565 2557 5636 inquam
2580 5605 2595 5630 ,
2636 5580 2671 5621 ο
2724 5564 2886 5632 boni,
2917 5580 3044 5621 cum
3087 5564 3382 5638 Philippus
3411 5567 3565 5623 dice-

1979 5664 2061 5713 ret
2113 5675 2126 5711 :
2181 5675 2198 5707 ι
2231 5654 2460 5712 Domine
2482 5695 2498 5722 ,
2532 5655 2765 5712 ostende
2796 5655 2960 5713 nobis
2998 5656 3218 5714 Patrem
3241 5699 3257 5725 ,
3289 5677 3309 5712 ι
3336 5648 3566 5717 sanctos

358 5835 406 5868 “
444 5833 651 5891 lJoan.
688 5850 750 5903 ιι,
784 5836 836 5903 5,
869 5835 921 5892 6.
1001 5838 1045 5869 "
1089 5836 1224 5893 ibid.
1255 5836 1344 5891 ει.
1426 5838 1471 5870 ³ο
1512 5835 1531 5890 ι
1568 5835 1726 5894 Joan.
1767 5853 1849 5904 ιιι,

1964 5877 1977 5892 .
2060 5837 2123 5869 ³⁰”
2155 5834 2174 5889 I
2203 5834 2353 5892 Petr.
2388 5851 2460 5903 ιι,
2492 5836 2582 5891 25.
2662 5837 2701 5868 ³¹
2746 5835 2936 5895 Matth.
2970 5853 3047 5904 ιι,
3075 5830 3163 5894 29.
