4006 6438
497 393 608 448 245

1488 346 1563 448 ⁸Ξ).
1607 387 1884 446 ογιιιιλιιι
1941 386 2416 445 ALEXANDRINI
2459 391 2778 449 ARCHlEP.

3647 400 3740 457 ΞΗ

505 527 701 570 omnes
752 512 1039 585 apostolos
1087 510 1159 568 ad
1215 509 1509 582 imaginem
1566 517 1617 564 ct
1669 507 2088 564 similitudinem

2197 507 2253 563 δὲ
2285 512 2380 565 καὶ
2414 511 2575 575 αὐτὸς
2608 512 2773 582 αύτῷ.
2806 514 2877 565 “ll
2902 511 3305 566 διδασκέτωσαν
3331 513 3669 586 παρελθόντες
3698 520 3741 571 ot

505 612 761 661 exactam
796 604 921 675 elus
955 604 1105 676 quod
1146 605 1203 660 in
1246 603 1430 658 animo
1477 602 1713 656 habebat
1764 600 2088 669 proferens,

512 695 772 751 Christus
793 696 976 751 aiebat
999 715 1012 751 :
1044 694 1255 751 «Tanto
1272 703 1519 763 tempore
1541 691 1771 746 nobiscu
1782 706 1830 744 ιιι
1855 691 2091 744 invicem

505 802 723 851 sumus,
742 794 926 842 etnon
952 787 1263 858 cognovisti
1283 784 1543 839 Patrem?
1571 804 1590 835 ι
1617 784 1780 853 Atqui
1816 784 2090 838 neminem

502 880 743 934 aliorum
776 894 965 934 secum
998 879 1265 942 assumit,
1301 876 1395 933 sed
1431 876 1612 932 solum
1646 876 1811 945 801
1848 890 1907 930 se
1938 873 2091 928 Patri

500 969 609 1023 soli
640 982 989 1038 comparans,
1021 975 1209 1023 nostra
1243 967 1483 1036 praeterit
1503 1006 1518 1030 ,
1554 974 1613 1020 ut
1642 967 1803 1020 valde
1834 973 2089 1036 angusta,

500 1073 745 1129 cumque
780 1060 838 1113 in
872 1059 957 1113 his
986 1057 1236 1113 divinam
1264 1058 1639 1115 substantiam
1674 1063 1935 1112 accurate
1965 1056 2088 1110 nol-

500 1148 577 1202 let
608 1149 955 1218 exprimere,
991 1150 1094 1206 soli
1128 1149 1236 1204 sibi
1270 1149 1736 1219 perfectissimam
1769 1148 2090 1204 similitudi-

499 1256 624 1296 nem
660 1243 965 1297 reservavit
993 1259 1046 1295 ε(
1071 1240 1179 1308 Qui
1211 1243 1356 1298 enim
1389 1258 1474 1298 me
1506 1241 1678 1308 vidit,
1709 1241 1923 1311 inquit,
1956 1242 2090 1295 vidit

497 1338 551 1386 et
576 1330 849 1387 Patrem.)
883 1330 1089 1387 Deinde
1115 1332 1202 1390 his
1235 1333 1423 1387 statim
1454 1332 1778 1401 subjunxit:
1809 1351 1826 1383 ι
1850 1331 2090 1388 Creditis

497 1423 626 1490 quia
649 1438 750 1494 ego
770 1422 825 1477 in
854 1422 1038 1488 Patre,
1061 1433 1114 1478 et
1130 1422 1292 1478 Pater
1317 1425 1371 1477 in
1397 1439 1482 1478 me
1507 1423 1629 1478 est?
1658 1423 1917 1488 iQuandu
1938 1422 2084 1478 enim

498 1515 964 1586 perfectissimam
1023 1516 1076 1569 in
1106 1517 1364 1569 omnibus
1415 1516 1582 1570 habet
1623 1515 2083 1579 similitudinem,

495 1609 776 1679 quomodo
801 1625 910 1663 non
941 1610 1103 1662 habet
1132 1609 1247 1677 ipse
1277 1608 1500 1662 demum
1528 1608 1582 1661 in
1618 1608 1802 1678 seipse
1829 1606 2046 1662 Patrem
2071 1649 2085 1670 ,

494 1703 595 1757 sed
627 1701 1037 1772 quodammodo
1069 1701 1303 1755 habetur
1330 1715 1359 1752 a
1388 1698 1748 1753 Patre?Tale
1778 1699 1907 1769 quid
1938 1698 2085 1753 enim

495 1796 698 1866 cogita,
714 1803 767 1850 et
786 1795 853 1849 ad
871 1809 1064 1849 eorum
1093 1810 1217 1864 qua:
1239 1794 1388 1849 dicta
1411 1801 1539 1848 sunt
1557 1791 2084 1847 demonstrationem

2197 602 2263 654 δι’
2295 604 2543 668 ἐναντίας
2589 606 2671 657 ὅτι
2712 605 2881 676 γέρας
2914 604 3025 675 ἔχει
3048 644 3062 668 ,
3095 603 3345 675 καθάπερ
3374 607 3530 676 ἡμεῖς
3552 648 3565 671 ,
3601 608 3658 661 τὸ
3695 611 3744 663 ὲν

2195 694 2274 765 τῷ
2306 696 2484 767 Πατρὶ
2534 698 2771 751 νοεῖσθαι
2822 698 2917 751 καὶ
2960 696 3126 760 αὐτὸς
3151 737 3166 760 ,
3212 696 3306 748 καὶ
3358 696 3620 762 πολιτείας
3660 700 3743 769 τῆς

2196 788 2336 841 κατὰ
2369 789 2536 859 νόμον
2565 790 2924 858 εὐαγγελικὸν
2970 788 3301 861 ἀντίρροπον
3329 788 3579 859 ἀμοιϐήν.
3623 791 3746 843 Ἀλλ’

2194 881 2367 944 οὐδὲν,
2406 876 2582 950 οἶμαι,
2621 880 2794 935 δεινὸν
2820 882 3047 944 ἐκείνοις
3078 881 3326 950 φαίνεται
3358 880 3451 933 καὶ
3473 878 3640 937 τοῦτο.
3665 876 3748 945 Οἷς

2194 972 2305 1041 γὰρ
2340 967 2476 1034 εἶδος
2509 970 2661 1025 οὐδὲν
2692 971 3074 1040 γλωσσαλγίας
3103 970 3519 1041 ἀνεπιτήδευτον
3538 1011 3551 1036 ,
3586 970 3633 1023 τί
3656 969 3751 1024 τῶν

2194 1062 2315 1116 λίαν
2367 1064 2765 1134 ἀπηχεστάτων
2816 1064 2913 1133 οὐχ
2957 1061 3295 1133 ἱππήλατον;
3349 1060 3509 1123 Εἰκὸς
3550 1056 3639 1113 οὖν
3678 1061 3750 1113 ὅτι

2194 1156 2419 1209 κάκεῖνο
2458 1155 2711 1227 ἐροῦσιν,
2744 1156 2819 1217 ὼς
2862 1155 2947 1225 εἴη
2988 1152 3085 1224 μὲν
3139 1153 3167 1204 6
3207 1150 3336 1214 Υἱὸς
3377 1153 3435 1204 ὲν
3475 1151 3646 1221 IIan
3678 1151 3755 1204 διὰ

2192 1246 2375 1313 τοῦτο,
2417 1247 2530 1318 ἔχοι
2565 1248 2622 1300 δὲ
2649 1242 2714 1300 αὖ
2758 1247 2915 1301 πάλιν
2945 1246 3001 1298 ὲν
3033 1241 3327 1314 έαυτῷκτὸν
3357 1243 3594 1310 Πατέρα,
3620 1242 3755 1294 ὲτιεί-⁸

2195 1356 2300 1410 περ
2326 1342 2446 1403 ταῖς
2485 1339 2581 1393 καὶ¹
2618 1340 2750 1410 ἡμῖν
2777 1338 3030 1407 ὲφικταῖς
3060 1335 3283 1407 ἀρεταῖς
3309 1376 3322 1399 ,
3350 1334 3427 1396 ὡς
3454 1332 3588 1403 πρὸς
3613 1332 3756 1384 αὐτὸν

2196 1432 2613 1502 σχηματίζεται.
2650 1431 2760 1485 Καὶ
2781 1432 2833 1483 τί
2859 1430 2923 1499 δὴ
2963 1427 3145 1494 πάλιν,
3183 1421 3227 1479 ὦ
3255 1425 3541 1495 βέλτιστοι,
3573 1423 3754 1492 φαμὲν,

2191 1522 2458 1574 Φιλίππου
2508 1520 2759 1589 λέγοντος
2786 1536 2797 1548 ·
2842 1537 2859 1570 ι
2914 1517 3087 1589 Κύριε
3109 1558 3123 1581 ,
3165 1511 3339 1578 δεῖξον
3372 1512 3502 1583 ἡμῖν
3539 1510 3624 1564 τὸν
3655 1510 3757 1562 Πακ

2191 1615 2358 1685 τέρα,
2401 1632 2417 1664 ι
2486 1612 2560 1683 μὴ
2618 1612 2827 1674 πάντας
2883 1610 3010 1672 τοὺς
3069 1607 3259 1676 ἁγίους
3321 1602 3648 1664 ἀποστόλους
3690 1603 3760 1666 είς

2192 1708 2380 1760 εἰκόνα
2403 1706 2498 1761 καὶ
2527 1704 2787 1775 ὁμοίωσιν
2822 1702 3023 1774 ἀκριϐῆ
3061 1699 3154 1754 τοῦ
3186 1692 3759 1779 νοουμένουκπαραθεὶς

2194 1800 2434 1869 ἔφασκεν
2473 1801 2501 1851 6
2542 1798 2777 1868 Χριστός
2804 1788 2823 1826 ’ί
2850 1790 3103 1862 Τοσούτῳ
3134 1791 3311 1862 χρόνῳ
3369 1785 3508 1860 μετὰ
3539 1784 3763 1854 ἀλλήλων

498 1904 654 1958 cape.
689 1886 967 1956 Numquid
998 1890 1144 1943 enim
1168 1931 1181 1953 ,
1218 1888 1262 1943 si
1296 1887 1531 1940 Abrahae
1553 1925 1567 1948 ,
1600 1893 1693 1939 aut
1727 1884 1957 1940 alterius
1990 1899 2085 1938 cu-

2195 1894 2383 1964 ὲσμὲν,
2431 1892 2526 1945 καὶ
2563 1892 2664 1944 οὐκ
2699 1890 2944 1957 ἔγνωκας
2974 1888 3068 1939 τὸν
3102 1884 3365 1955 Πατέρας
3406 1880 3549 1934 Ἀλλ’
3592 1878 3764 1931 οὐδένα

493 1975 718 2045 jusdam
747 1976 988 2032 hominis
1022 1977 1191 2030 liliqu
1226 1977 1427 2048 aliquis
1460 1977 1515 2031 in
1544 1976 1787 2030 medium
1819 1975 2085 2038 adducat,

497 2076 615 2120 tum
650 2069 923 2135 genitoris
949 2074 1199 2121 naturam
1223 2077 1453 2137 quazrat,
1479 2074 1943 2136 perconteturque
1967 2066 2089 2135 qui-

497 2175 627 2213 nam
656 2167 711 2215 et
742 2160 924 2231 qualis
955 2161 1026 2216 sit
1057 2160 1104 2215 is
1134 2161 1229 2231 qui
1264 2160 1486 2230 genuit,
1520 2169 1671 2214 recte
1701 2160 1898 2229 utique
1930 2175 2086 2215 suam

498 2255 755 2304 naturam
806 2251 1247 2316 demonstraret,
1298 2251 1494 2306 dicens
1528 2270 1539 2305 :
1571 2270 1588 2303 ι
1620 2250 1724 2317 Qui
1774 2251 1913 2305 vidit
1966 2268 2085 2319 me,

497 2343 637 2397 vidit
659 2352 715 2398 et
736 2344 995 2413 patrem?
1030 2342 1144 2414 Ego
1174 2344 1227 2398 in
1256 2352 1431 2414 patre,
1458 2352 1512 2398 ct
1550 2354 1706 2414 pater
1731 2345 1784 2398 in
1814 2360 1899 2400 me
1929 2353 2037 2400 est.
2065 2365 2083 2396 ι

501 2436 709 2493 Deinde
741 2448 795 2492 ut
828 2437 1144 2494 ostenderet
1173 2453 1233 2493 se
1271 2453 1400 2492 vere
1429 2437 1602 2507 loqui,
1653 2436 1919 2507 numquid
1952 2453 2085 2491 con-

498 2529 789 2586 venientcr
817 2529 1041 2585 afferret
1073 2529 1128 2584 in
1157 2530 1419 2586 Immanis
1453 2530 1717 2599 operibus
1748 2538 1842 2583 aut
1874 2538 2089 2584 naturae

497 2622 724 2678 dotibus
768 2622 1110 2679 identitatem
1138 2665 1151 2689 ,
1184 2622 1377 2678 dicens
1406 2643 1418 2677 :
1453 2640 1471 2674 ι
1502 2621 1737 2694 PrOpter
1770 2638 1936 2694 opera
1968 2625 2087 2693 ipsa

498 2711 636 2768 mihi
690 2712 919 2770 credite.
954 2712 1214 2769 vCuncta
1246 2715 1394 2768 enim
1448 2715 1661 2779 habeo,
1713 2722 1768 2770 et
1822 2729 2089 2786 peragere

497 2813 700 2860 cuncta
732 2820 876 2876 queo
903 2821 1029 2876 quas
1072 2813 1288 2861 natura:
1336 2806 1595 2860 humanae
1646 2807 1861 2862 insunt.
1917 2808 2087 2877 Atqui

496 2913 628 2954 vera
658 2914 762 2955 nos
788 2899 976 2955 dicere
1004 2914 1169 2955 nemo
1195 2915 1308 2954 non
1334 2940 1349 2965 ,
1383 2899 1601 2970 Opinor,
1636 2899 1762 2969 jure
1802 2898 2084 2966 fatebitur,

495 3002 553 3046 et
588 2992 879 3048 identitate
909 2994 965 3047 in
1001 2991 1212 3048 nostris
1253 2990 1521 3062 operibus
1570 2994 1623 3047 id
1667 3001 1827 3046 acute
1859 2994 2089 3048 demon-

497 3084 689 3139 strari.
721 3084 927 3151 Quidni
961 3100 1093 3155 ergo
1123 3085 1221 3155 qui
1251 3091 1399 3140 recta
1450 3094 1785 3155 pervertunt
1839 3086 1905 3151 ³’,
1940 3086 2085 3140 haud

496 3184 709 3232 rectam
740 3178 1016 3233 doctrina:
1049 3179 1302 3234 semitam
1342 3179 1605 3234 insistere
1642 3180 1761 3234 suis
1793 3178 2086 3249 discipulis

500 3269 880 3339 persuadent,
912 3269 1011 3325 sed
1032 3313 1046 3336 ,
1085 3270 1277 3324 relicta
1307 3270 1397 3325 via
1427 3272 1578 3341 regia
1602 3311 1617 3336 ,
1651 3271 2001 3327 inaccessam
2033 3280 2088 3327 et

499 3377 756 3432 asperam
788 3364 1006 3418 calcare
1042 3378 1102 3418 se
1132 3364 1422 3433 ignorant,
1465 3371 1521 3419 et
1565 3377 1705 3418 suos
1747 3364 1991 3419 asseclas
2023 3380 2089 3419 eo

498 3454 844 3525 compellunt
872 3455 895 3510 ?
923 3453 1029 3511 Sed
1063 3471 1197 3521 nos,
1232 3455 1572 3526 ejuscemodi
1619 3456 1702 3508 via
1737 3455 1965 3521 relicta,
1994 3472 2090 3526 per

499 3557 710 3600 rectam
743 3546 1102 3611 incedemus,
1149 3554 1238 3612 et,
1283 3561 1573 3602 sacrarum
1618 3545 1950 3601 Litterarum
1995 3562 2091 3602 au-

496 3636 758 3695 ctoritate
800 3639 1035 3704 muniti,
1088 3639 1516 3709 aequipotentem
1547 3646 1603 3692 et
1634 3638 2090 3693 consubstantia-

498 3730 608 3786 lem
658 3729 772 3786 Deo
815 3746 880 3786 ac
919 3730 1070 3787 Patri
1112 3729 1315 3786 Filium
1346 3731 1470 3802 ejus
1500 3732 1806 3787 secundum
1838 3741 2089 3789 naturam

2192 1986 2299 2041 τῶν
2318 1985 2491 2039 ἄλλων
2517 1983 2697 2054 ἑαυτῷ
2721 1979 3145 2051 συνεισδέχεται,
3180 1978 3346 2049 μόνον
3367 1975 3427 2029 δὲ
3451 1973 3598 2045 μόνῳ
3612 1986 3768 2041 παρα-

2194 2079 2306 2143 θεὶς
2341 2076 2423 2148 τῷ
2451 2076 2628 2147 Πατρὶ
2650 2115 2662 2137 ,
2699 2074 2774 2138 ὡς
2825 2071 3000 2144 μικρὰ
3056 2072 3152 2141 μὲν
3205 2068 3411 2139 κομιδῇ
3446 2062 3767 2137 παρατρέχει

2193 2172 2260 2226 τὰ
2284 2172 2529 2242 ἡμέτερα
2556 2208 2570 2233 ,
2620 2169 2720 2221 οὐκ
2766 2170 2823 2219 ὲν
2871 2166 3086 2228 τούτοις
3113 2163 3171 2216 δὲ
3211 2160 3463 2232 ἀκριϐῶς
3508 2158 3605 2226 τὴν
3634 2155 3770 2210 θείαν

2193 2267 2379 2321 οὐσίαν
2414 2261 2839 2331 ὲξεικονίζεσθαι
2872 2259 3041 2313 θέλων
3063 2300 3076 2324 ,
3110 2255 3291 2326 ἑαυτῷ
3325 2254 3602 2324 τετήρηκε
3639 2249 3768 2320 μόνῳ

2193 2360 2289 2432 τὴν
2324 2361 2402 2421 είς
2446 2357 2622 2428 ἄκραν
2662 2353 2993 2425 ἐμφέρειαψ
3033 2368 3052 2402 ι
3101 2349 3160 2401 '0
3203 2347 3316 2418 γὰρ
3366 2342 3630 2417 ἑωρακὼς
3663 2341 3770 2410 ἐμὲ,

2193 2453 2347 2523 φησι,
2393 2451 2485 2503 τὸν
2511 2447 2731 2517 Πατέρα
2763 2444 3029 2515 ἑώρακεν.
3074 2461 3095 2493 ι
3127 2435 3264 2493 Εἶτα
3300 2437 3516 2499 τούτοις
3553 2434 3771 2505 ἐπήνεγ-

2193 2563 2290 2599 κεν
2323 2542 2515 2605 52306;-
2556 2560 2574 2593 ι
2622 2537 2917 2593 Πιστεύετε
2958 2532 3041 2589 ὅτι
3090 2531 3202 2600 ἐγὼ
3242 2532 3303 2584 ὲν
3344 2528 3425 2600 τῷ
3457 2526 3652 2599 Πατρὶ,
3690 2522 3775 2576 καὶ

2190 2635 2218 2686 6
2253 2632 2445 2703 Πατὴρ
2478 2631 2536 2684 δὲ
2567 2633 2624 2683 ὲν
2664 2627 2789 2699 ἐμοί
2828 2628 3013 2691 ὲστιν;
3053 2642 3072 2677 ι
3108 2624 3287 2675 Ὅπου
3317 2620 3432 2692 γὰρ
3465 2614 3772 2688 ἀπαραλλά-

2192 2742 2334 2788 κτως
2370 2723 2483 2793 ἔχει
2515 2721 2656 2775 κατὰ
2687 2736 2750 2787 γε
2777 2717 2873 2788 τὴν
2906 2715 3140 2770 είσάπαν
3178 2712 3514 2784 ἐμφέρειαν,
3550 2708 3665 2772 πῶς
3687 2706 3779 2758 οὐκ

2190 2818 2256 2872 ἂν
2304 2816 2417 2886 ἔχοι
2457 2812 2645 2866 λοιπὸν
2692 2810 2855 2869 αὐτὸς
2909 2807 3009 2879 μὲν
3058 2808 3114 2858 ὲν
3165 2798 3351 2874 ἑαυτῷ
3403 2802 3500 2855 τὸν
3550 2800 3775 2868 Πατέρα.

2191 2910 2374 2981 ἔχεται
2418 2901 2474 2960 δὲ
2527 2905 2716 2974 ὥσπερ
2757 2901 2863 2955 ὑπὸ
2910 2904 3003 2955 τοῦ
3046 2897 3295 2968 [ἰατρόςς
3352 2895 3563 2949 Ἐννόει
3596 2894 3701 2962 γὰρ
3735 2907 3781 2941 τι

2189 3000 2452 3061 τοιοῦτον,
2496 2998 2591 3049 καὶ
2624 2995 2761 3063 πρὸς
2788 2990 3070 3057 ἀπόδειξιν
3104 2990 3259 3060 δέχου
3301 2987 3417 3041 τῶν
3462 2985 3779 3057 εἰρημένων.

2190 3089 2338 3165 Ἀρα
2374 3090 2505 3160 γὰρ,
2558 3088 2611 3141 εῐ
2649 3104 2734 3150 τις
2768 3083 2835 3140 τὸ⁹
2884 3083 3158 3154 Ἀϐραὰμ,
3199 3083 3378 3152 ἤγουν
3428 3080 3621 3151 ἑτέρου
3653 3073 3786 3135 τινος

2191 3182 2481 3256 ἀνθρώπου
2504 3181 2666 3251 τυχὸν
2702 3180 2784 3242 είς
2824 3178 2986 3248 μέσον
3018 3176 3223 3243 ἀγάγοι
3268 3173 3519 3234 παιδίον,
3550 3165 3665 3223 εἶτα
3698 3166 3786 3233 τὴν

2191 3276 2285 3330 τοῦ
2311 3274 2561 3336 τεκόντος
2593 3270 2726 3324 αὐτὸ
2765 3267 3055 3339 διερωτοίη
3089 3266 3276 3336 φύσιν,
3312 3265 3400 3328 τίς
3440 3281 3503 3316 τε
3542 3263 3679 3324 ὅλως
3712 3257 3791 3325 εἴη

2193 3369 2288 3423 καὶ
2316 3366 2557 3428 ποδαπὸς
2582 3366 2611 3418 6
2645 3361 2822 3416 τεκὼν
2850 3361 3098 3432 βούλοιτο
3130 3358 3357 3429 μαθεῖν,
3399 3358 3507 3409 οὐκ
3548 3354 3614 3408 ἂν
3647 3350 3790 3404 εὐλό-

2196 3478 2309 3531 γως
2338 3458 2611 3528 ὲφώνησε,
2641 3454 2844 3525 μᾶλλον
2870 3452 3049 3522 δὲτὴν
3080 3451 3298 3503 οἰκείαν
3330 3447 3591 3513 ἐπέδειξε
3622 3443 3793 3515 φύσιν,

2194 3552 2404 3621 λέγων·
2466 3568 2484 3601 ι
2546 3549 2605 3602 '0
2655 3545 2917 3617 ἑωρακὼς
2951 3543 3091 3613 ἐμὲ,
3143 3541 3369 3612 ἑώρακε
3411 3541 3509 3594 τὸν
3554 3536 3794 3606 πατέρας

2212 3640 2353 3706 Ἐγῖο
2391 3643 2450 3696 ὲν
2494 3640 2571 3710 τῷ
2625 3638 2834 3707 πατρὶ,
2867 3636 2961 3710 atati.
2994 3635 3023 3688 6
3071 3634 3256 3706 πατὴρ
3310 3636 3372 3689 ἐν
3419 3631 3548 3703 ἐμοί
3583 3631 3747 3683 ἐστιν.
3777 3644 3794 3675 ι

2196 3733 2329 3791 Εἶτα
2375 3734 2514 3805 πρὸς
2544 3706 2832 3793 ⁷ἀπόδειξιν
2862 3706 2954 3782 τού
3002 3726 3103 3796 τὴν
3152 3724 3429 3797 ἀλήθειαν
3466 3725 3680 3783 εἰπεῖν,
3709 3719 3800 3772 οὐκ

495 3839 623 3882 esse
654 3825 971 3891 credimus,
1001 3824 1238 3895 ejusque
1278 3825 1577 3895 imaginem
1619 3840 1742 3882 esse
1764 3867 1779 3892 ,
1812 3834 1978 3897 atque
2010 3827 2088 3882 id-

2195 3829 2252 3884 iv
2308 3826 2570 3897 παροίσαι
2623 3821 2945 3893 πρεπόντως
2999 3818 3100 3888 τὴν
3157 3818 3216 3870 ὲν
3253 3821 3382 3882 τοῖς
3408 3812 3804 3889 ’ἀνθρωπίνοις

495 3917 648 3973 circo
678 3918 733 3973 in
765 3917 930 3972 Patre
957 3933 1113 3982 esse,
1150 3926 1205 3973 et
1236 3918 1290 3971 in
1327 3919 1447 3983 ipso
1474 3915 1719 3975 Patrem.

2195 3920 2417 3989 ἔργοις,
2464 3917 2585 3986 ἦτοι
2646 3914 2900 3983 φυσικοῖς
2958 3910 3416 3981 πλεονεκτήμασι
3476 3908 3801 3973 cuman”,

494 4012 701 4082 λέγων·
745 4032 762 4066 ι
799 4014 899 4068 Διά
933 4015 1007 4068 τὰ
1039 4012 1177 4085 ἔργα
1216 4013 1355 4067 αύτά
1400 4014 1687 4069 πιστεύετέ
1723 4033 1832 4085 μοι.
1880 4036 1896 4067 ›
1939 4017 2090 4087 Ἕχω
2128 4016 2238 4088 γάρ
2278 4015 2480 4077 πάντα,
2558 4010 2653 4067 καὶ
2694 4009 2936 4080 ἐνεργεῖν
3007 4005 3176 4076 ἰσχύω
3227 4004 3299 4059 τὰ
3356 4009 3429 4078 τῇ
3487 4001 3808 4075 ἀνθρωπείῳ

495 4110 772 4179 προσόντα
797 4112 978 4178 φύσει.
1026 4109 1190 4175 Ἀλλ’,
1219 4106 1391 4181 οἶμαι,
1430 4113 1538 4174 πᾶς
1567 4129 1653 4174 τις
1678 4112 1797 4183 ὲρεῖ
1865 4115 1959 4167 καὶ
2027 4113 2332 4166 συναινέσει
2380 4105 2606 4167 δικαίως
2667 4103 2748 4157 ὅτι
2801 4101 3057 4170 λέγοιμεν
3105 4098 3330 4170 ἀληθῆ,
3412 4100 3682 4171 δριμεῖαν
3749 4094 3803 4146 δὲ

492 4200 603 4254 τῶν
648 4203 707 4254 ὲν
737 4203 850 4266 τοῖς
889 4201 1039 4266 ἰδίοις
1069 4201 1253 4273 ἔργοις
1302 4201 1580 4267 ἀπόδειξιν
1626 4203 1725 4274 τὴν
1767 4205 2078 4275 ταυτότητα
2115 4199 2520 4274 παρακομίσαι.
2558 4194 2625 4248 Τί
2659 4191 2953 4264 τοιγαροῦν
2979 4192 3029 4244 ot
3061 4190 3131 4243 τὰ
3160 4189 3347 4261 ὀρθῶς
3418 4191 3628 4261 ἔχοντα
3696 4187 3805 4241 δια-

495 4298 841 4370 στρέφοντες,
890 4299 964 4370 μὴ
1004 4299 1103 4370 τὴν
1138 4298 1353 4351 εὐθεῖαν
1382 4298 1492 4351 τῶν
1533 4300 1907 4371 θεωρημάτων
1942 4303 2080 4354 ἰέναι
2116 4298 2303 4371 τρίϐον
2335 4296 2463 4358 τοὺς
2498 4292 2664 4354 ίδίους
2731 4287 3085 4343 ἀναπείθουσι
3127 4285 3432 4357 φοιτητὰς,
3474 4285 3644 4349 ἀλλά,
3714 4282 3809 4350 τῆς

494 4393 779 4464 βασιλικῆς
804 4409 863 4445 τε
893 4393 985 4445 καὶ
1008 4390 1378 4463 τετριμμένης
1409 4392 1733 4458 ἐξώσαντες,
1759 4394 1858 4463 τὴν
1884 4394 2081 4466 ἀστιϐῆ
2156 4392 2251 4446 καὶ
2319 4389 2580 4460 τραχεῖαν
2632 4383 2918 4454 ἐρχόμενὸι
2966 4378 3322 4450 διαλελήθασι
3385 4379 3497 4452 μὲν
3562 4374 3812 4438 ἑαυτοὺς,

493 4486 839 4557 συντρίϐουσι
903 4487 960 4539 δὲ
1007 4488 1100 4539 καὶ
1148 4488 1277 4549 τοὺς
1333 4486 1564 4540 ’ἔπεσθαι
1622 4487 1733 4539 δεῖν
1793 4488 2078 4557 οἰομένους
2118 4487 2336 4548 αὑτοῖςς
2381 4480 2522 4535 Ἀλλ’
2552 4482 2735 4550 ἡμεῖς,
2781 4478 2841 4531 οὐ
2884 4475 3094 4546 ταύτην
3123 4473 3428 4546 ἐρχόμενοι
3501 4472 3609 4545 τὴν
3676 4468 3811 4567 656v:

487 4579 587 4645 τὴν
638 4578 900 4648 εὐθυτενῆ
950 4577 1318 4648 βαδιούμεθα,
1373 4579 1501 4644 καὶ,
1550 4582 1663 4643 τοῖς
1697 4581 1863 4650 ἱεροῖς
1933 4578 2242 4647 πειθόμενοι
2309 4574 2683 4647 Γράμμασιν,
2735 4568 2984 4638 ίσοσθενῆ
3030 4567 3121 4620 καὶ
3191 4564 3502 4635 ὁμοούσιον
3544 4562 3629 4635 τῷ
3700 4562 3816 4627 Θεῳ

487 4673 581 4725 καὶ
625 4673 801 4743 Πατρὶ
850 4673 1179 4741 πιστεύομεν
1230 4669 1369 4727 εἶναι
1417 4675 1508 4727 τὸν
1556 4675 1615 4741 ἐξ
1670 4676 1836 4730 αὑτοῦ
1881 4677 2214 4748 γεννηθέντα
2284 4671 2425 4726 κατὰ
2471 4670 2631 4740 φύσιν
2674 4667 2837 4730 Υἱδν,
2903 4665 3089 4718 είκόνα
3138 4681 3197 4716 τε
3253 4664 3551 4736 ὑπάρχειν
3627 4655 3814 4721 αὐτοῦ,

485 4762 576 4838 δια
602 4780 663 4815 τε
696 4761 857 4814 τοῦτο
888 4763 1051 4815 αὑτὸν
1082 4765 1180 4833 μὲν
1220 4760 1362 4817 εἶναι
1395 4766 1449 4817 ἐν
1484 4767 1679 4837 Πατρὶ,
1722 4768 1779 4819 ὲν
1810 4768 1991 4838 ἑαυτῴ
2022 4768 2078 4820 δὲ
2116 4766 2208 4819 τὸν
2242 4764 2483 4835 Πατέρα.

537 4832 700 4915 ’ΧΙἫ
737 4852 824 4917 1⁸2,
859 4854 944 4907 15.
976 4832 1160 4919 Amen,
1194 4874 1346 4911 amen
1373 4858 1491 4911 dico
1518 4832 1681 4924 vobis,
1709 4860 1801 4929 qui
1826 4832 1993 4913 credit
2020 4860 2073 4913 in
2110 4863 2151 4918 Ι)

488 4959 570 4997 me
595 4982 609 5007 ,
656 4956 815 5009 opera
840 4960 958 5013 qua:
987 4961 1078 5014 ego
1096 4946 1238 5014 facio
1261 4990 1273 5008 ,
1318 4957 1367 4999 et
1402 4950 1513 5016 ipse
1542 4948 1732 5017 faciet,
1782 4961 1830 5003 et
1870 4952 2079 5021 majora

489 5036 679 5086 horum
712 5032 893 5100 faciet,
920 5037 1046 5104 quia
1068 5053 1160 5105 ego
1185 5037 1255 5091 ad
1280 5036 1498 5092 Putrem
1526 5040 1677 5094 vado.
1715 5040 1778 5094 Et
1809 5044 2079 5112 quodcun-

486 5142 586 5195 que
618 5126 881 5194 petieritis
923 5128 1136 5181 Patrem
1174 5130 1226 5182 in
1260 5132 1468 5184 nomine
1503 5148 1613 5185 meo
1638 5173 1651 5196 ,
1706 5134 1802 5186 hoc
1836 5134 2076 5203 furiam;

491 5228 547 5271 ut
575 5218 909 5289 gloriﬁcatur
942 5219 1106 5275 Pater
1130 5225 1179 5277 in
1215 5222 1379 5277 Filio.

559 5395 615 5451 Si
656 5398 982 5469 quisquam
1035 5402 1197 5473 longe
1246 5412 1392 5473 patet
1442 5404 1546 5458 loci
1598 5406 1764 5475 hujus
1804 5410 2077 5477 expositio

487 5489 724 5545 dicendo
772 5493 998 5548 extendi
1032 5496 1197 5557 velit,
1241 5497 1401 5565 longa
1439 5506 1484 5550 et
1532 5498 1638 5551 alta
1677 5499 1895 5568 quidem
1928 5510 2076 5555 esset

486 5582 665 5635 oratio
699 5584 843 5639 :‘sed
883 5587 1013 5655 quid
1053 5587 1105 5640 in
1135 5588 1299 5657 802
1342 5604 1450 5641 rem
1485 5591 1800 5645 auditurum
1836 5595 1903 5647 sit
1953 5595 2074 5645 ani-

487 5686 577 5725 mo
608 5684 928 5739 versantes,
961 5677 1179 5747 dempta
1223 5681 1493 5735 sermonis
1539 5684 1852 5752 prolixitate
1877 5725 1889 5749 ,
1943 5702 2074 5751 rum

559 5850 602 5879 ι·
643 5848 811 5929 Mitt);
846 5866 938 5913 lli,
975 5856 1028 5905 ν.

2263 4857 2461 4925 Ἀμὴν,
2493 4854 2657 4925 ἀμὴν
2689 4852 2843 4918 λέγω
2894 4849 3055 4919 ὑμῖν,
3111 4851 3142 4902 ό
3182 4840 3514 4901 πίστει-ὕων
3557 4851 3652 4914 εἰς
3695 4847 3818 4917 ἐμὲν

2184 4950 2253 5002 τὰ
2288 4948 2429 5017 ἔργα
2459 4945 2495 4999 ἄ
2537 4945 2650 5012 ἐγὼ
2700 4942 2867 5007 ποιῶ,
2921 4940 3199 5005 κάκεῖνος
3231 4939 3525 5005 ποιήσει,
3568 4941 3674 4994 καὶ
3699 4938 3825 5011 μεί-

2184 5041 2324 5100 ζων-α
2358 5041 2589 5093 τούτων
2628 5035 2888 5102 ποιήσει,
2931 5033 3018 5085 ὅτι
3063 5031 3177 5100 ἐγὼ
3211 5031 3375 5097 πρὸς
3422 5033 3543 5086 τὸν
3586 5031 3825 5100 Πατέρα

2184 5134 2530 5201 πορεύομαι.
2570 5129 2674 5182 Καὶ
2717 5128 2749 5179 ὅ
2780 5145 2832 5181 τι
2866 5127 2942 5178 ἂν
2982 5124 3275 5192 αἰτήσητε
3321 5125 3401 5176 ἐν
3445 5124 3538 5191 τῷ
3572 5124 3825 5196 ὀνόματί

2179 5245 2318 5296 μου,
2356 5225 2530 5278 τοῦτο
2573 5221 2826 5286 ποιήσω,
2870 5221 2968 5273 ἵνα
3004 5214 3277 5284 δοξασθῇ
3314 5221 3350 5269 0'
3386 5220 3617 5288 Πατὴρ
3650 5220 3723 5273 ἐν
3748 5216 3826 5281 τῷ

2197 5318 2327 5384 Υίῷ.

2259 5410 2357 5479 Είη
2390 5408 2488 5478 μὲν
2512 5406 2599 5469 ἂν,
2631 5405 2784 5475 εἴπερ
2832 5423 2909 5474 τῳ
2934 5404 3102 5465 δοκεῖ,
3150 5400 3227 5471 τῷ
3262 5403 3386 5454 τῶν
3425 5406 3828 5476 προκειμένων

2188 5500 2507 5572 θεωρήματι
2540 5496 2977 5550 συνεκτείνεσθαι
3012 5493 3226 5553 πλάτει,
3264 5496 3505 5565 μακρὸς
3530 5497 3631 5550 καὶ
3658 5495 3826 5567 βαθὺς

2185 5592 2212 5643 6
2246 5592 2420 5660 λόγος’
2452 5590 2511 5642 τι
2541 5591 2593 5642 δὲ
2626 5593 2735 5651 τοῖς
2768 5587 3140 5657 ἀκροωμένοις
3173 5585 3516 5652 ἐννοοῦντες
3549 5587 3830 5642 λυσιτελές

2192 5703 2397 5757 οτερον,
2430 5683 2856 5755 περιὸρὰξαιθειι
2892 5682 2999 5733 τὼν
3032 5680 3481 5749 σημαινομένων
3518 5680 3832 5755 οἰησόμεθα
