4006 6418
303 411 413 469 2ίῦ

1377 402 1444 459 ΙΝ
1481 400 1770 461 JOANNIS
1804 397 2264 459 EVANGELIUM
2304 396 2436 455 LIB.
2477 396 2565 453 IX.

3476 389 3583 446 2i6

292 523 550 594 πρέπειν,
598 521 660 575 τὸ
688 518 824 574 πολὺ
853 516 947 573 τοῦ
989 518 1149 589 λόγου
1184 518 1630 589 περιστεῖλαντες
1664 519 1838 590 μῆκος
1868 530 1883 548 ·

1990 514 2450 586 explanabimus:
2487 512 2596 569 erit
2626 510 2776 568 enim
2803 509 2897 568 hic
2923 509 3084 566 locus
3105 507 3216 567 isto
3242 508 3407 565 modo
3434 508 3583 563 mul-

264 613 375 684 τίη
410 611 525 683 γὰρ
551 609 618 665 ἂν
650 610 795 664 οῦτω
826 611 1061 683 μάλιστα
1094 612 1207 674 τοῖς
1236 610 1454 675 πολλοῖς
1480 611 1889 683 εὐπαράδεκτον

288 703 352 756 τὸ
388 701 679 772 θεώρημα.
734 700 1033 775 Ἐπιδεῖξαι
1067 700 1358 773 τοιγαροῦν
1399 701 1664 772 ἐθελήσας
1698 701 1773 765 ὡς
1803 702 1887 773 εἴη

292 795 395 865 μὲν
443 792 731 865 όμοούσιος
762 793 842 866 τῷ
887 794 1000 865 ἰδίῳ
1029 793 1323 865 Γεννήτορι
1361 794 1457 848 καὶ
1490 795 1572 848 δτι
1603 796 1891 866 χαρακτήρ

290 890 442 940 ἐστιν
497 886 686 951 αὑτοῦ,
742 885 1079 958 φορούμενος
1131 885 1229 956 μὲν
1263 884 1340 950 ὡς
1378 886 1439 939 ἐν
1487 885 1782 957 ἀρχετύπῳ
1810 885 1890 955 τῷ

290 977 494 1048 Πατρὶ,
545 976 687 1048 ἔχων
729 994 795 1045 γε
848 978 955 1049 μὴν
1002 978 1061 1030 ἐν
1111 976 1292 1048 ἐαυτῷ
1335 978 1397 1031 τὸ
1437 977 1769 1049 ἀρχέτυπον,
1814 978 1892 1041 ὡς

292 1069 584 1140 χαρακτὴρ
606 1066 854 1138 φυσικῶς
881 1085 940 1121 τε
967 1068 1057 1121 καὶ
1077 1067 1370 1131 οὐσιωδῶς,
1398 1068 1494 1121 καὶ⁹
1513 1068 1574 1120 οὐ
1601 1065 1744 1120 κατά
1769 1082 1891 1119 τινα

293 1160 682 1231 σχηματισμὸν
724 1159 816 1213 τὸν
862 1161 919 1212 ὲν
948 1158 1238 1213 δια-πλάσει
1262 1158 1555 1229 νοούμενον
1606 1158 1756 1229 (ἀνω
1781 1156 1889 1228 γὰρ

294 1248 600 1319 σχημάτων
642 1248 704 1302 τὸ
741 1248 924 1314 Θεῖον,
977 1250 1100 1303 ἐπεὶ
1129 1250 1224 1303 κα)⁵
1255 1248 1567 1320 ἀσώματον)
1592 1291 1605 1313 ,
1662 1268 1681 1300 ι
1721 1248 1887 1318 Ἐγὼ,

291 1342 482 1409 φησὶν,
509 1343 570 1395 ἐν
597 1340 674 1412 τῷ
700 1340 897 1412 Πατρὶ,
939 1343 1032 1394 καὶ
1060 1342 1089 1394 ό
1118 1340 1308 1412 Πατὴρ
1341 1340 1399 1394 δὲ
1425 1341 1482 1395 ἐν
1510 1340 1633 1411 ἐμοί
1664 1344 1831 1395 ἐστιν.
1867 1359 1885 1392 ι

302 1432 450 1484 Ἀλλ’
496 1432 585 1485 ἵνα
625 1432 726 1503 τῆς
772 1432 1071 1503 ἐμφερείας
1117 1432 1216 1502 τὴν
1263 1432 1484 1504 ἰσότητα
1531 1432 1708 1486 καὶτὸ
1753 1432 1890 1504 σύμ-

291 1542 507 1596 μορφον
537 1526 979 1597 ἀπαραλλάκτως
1012 1526 1086 1597 μὴ
1114 1526 1238 1580 καθ’
1268 1526 1459 1597 ἕτερόν
1482 1543 1605 1580 τινα
1639 1526 1891 1595 ζητῶμεν

286 1614 499 1683 τρόπον
526 1616 559 1687 ἢ
595 1617 659 1668 ἐκ
697 1616 875 1686 μόνων
906 1615 1015 1669 τῶν
1042 1619 1109 1688 τῇ
1140 1616 1299 1684 φύσει
1329 1616 1642 1687 προσόντων
1674 1615 1892 1669 πλεονε-

289 1705 597 1774 κτημάτων
642 1703 939 1769 (ἐντεῦθεν
969 1704 1080 1777 γὰρ
1122 1702 1190 1776 ἦν
1233 1705 1468 1776 οὐσιώδη
1515 1706 1609 1758 καὶ
1655 1704 1890 1774 φυσικὴν

285 1796 429 1866 δρᾷν
464 1796 561 1866 τὴν
588 1796 906 1867 ὁμοίωσιν),
967 1798 1079 1851 «Et
1131 1796 1188 1851 δὲ
1242 1796 1337 1868 μή,
1389 1797 1588 1867 φησιν,
1641 1796 1749 1850 ἀπὸ
1781 1797 1890 1849 τῶν

1992 607 2064 663 tis
2109 614 2275 677 captu
2320 606 2520 661 facilis.
2556 604 2766 660 Volens
2797 604 2970 675 igitur
3012 602 3308 659 ostendere
3356 615 3417 657 se
3458 614 3584 656 esse

1992 698 2214 771 quidem
2248 714 2351 755 suo
2376 698 2526 753 Patri
2555 696 3090 754 consubstantialem
3122 695 3361 767 ejusque
3389 694 3584 748 chara-

1992 801 2228 857 cterem,
2269 791 2362 862 qui
2400 792 2457 847 in
2490 790 2651 846 Patre
2680 797 2943 861 tanquam
2978 791 3034 844 in
3064 788 3369 859 archetypo
3403 786 3583 841 couti-

1994 891 2228 948 neatur,
2269 883 2468 938 habeat
2517 890 2705 938 tamen
2757 883 2812 937 in
2865 882 3047 952 seipso
3079 880 3480 951 archetypum,
3523 885 3583 930 ut

1992 978 2283 1032 character
2332 984 2532 1030 natura
2588 983 2752 1046 atque
2810 975 3166 1041 substantia,
3226 989 3337 1029 nou
3396 981 3580 1027 autem

1995 1068 2169 1122 forma
2221 1083 2285 1123 ac
2339 1068 2509 1137 ﬁgura
2546 1067 2799 1139 (ﬁguras
2845 1068 2991 1122 enim
3044 1066 3187 1123 Dcus
3236 1081 3346 1119 non
3396 1064 3579 1135 capit,

1993 1173 2117 1213 cum
2155 1157 2225 1213 sit
2258 1159 2659 1230 incorporeus)
2686 1198 2702 1222 ,
2744 1179 2762 1211 ι
2803 1158 2937 1230 Ego,
2968 1159 3176 1226 inquit,
3209 1158 3263 1211 in
3295 1155 3493 1219 Patre,
3529 1164 3583 1209 ct

1995 1250 2153 1305 Pater
2200 1251 2257 1306 in
2306 1266 2392 1306 me
2430 1258 2536 1306 est.
2570 1271 2590 1302 ι
2632 1250 2737 1306 Sed
2786 1258 2845 1306 ut
2877 1250 3263 1307 similitudinis
3296 1250 3582 1319 aequalita-

1995 1349 2102 1397 tem
2147 1350 2200 1397 et
2234 1341 2679 1397 conformitatem
2732 1356 2829 1413 per
2862 1342 3047 1396 omnia
3084 1342 3322 1397 similem
3359 1340 3583 1395 aliunde

1995 1449 2107 1487 non
2141 1449 2452 1504 qureramus
2482 1448 2648 1505 quam
2698 1449 2764 1489 ex
2795 1434 2927 1489 solis
2960 1442 3174 1487 natum
3204 1432 3580 1504 prmrogativis

1995 1525 2165 1591 (hinc
2214 1528 2359 1580 enim
2401 1525 2831 1581 substantialcm
2881 1536 2935 1581 et
2988 1526 3298 1581 naturalem
3352 1539 3582 1579 cernere

1996 1615 2118 1669 licet
2149 1614 2575 1671 similitudinem
2602 1619 2652 1682 ),
2691 1636 2712 1668 ‹
2742 1615 2983 1687 Alioqui,
3022 1617 3121 1679 ait,
3156 1623 3383 1688 propter
3412 1630 3581 1686 opera

1994 1707 2226 1761 credite.
2267 1726 2287 1758 ι
2323 1706 2490 1763 Recte
2521 1710 2724 1779 quippe
2758 1708 3112 1764 existimabat
3144 1708 3292 1779 quod
3318 1748 3334 1770 ,
3374 1707 3420 1763 si
3455 1707 3580 1777 quis

1996 1814 2057 1853 se
2088 1799 2391 1869 aequalibus
2420 1815 2544 1853 cum
2595 1798 2706 1855 Deo
2750 1815 2814 1855 ac
2850 1799 3015 1855 Patre
3057 1800 3319 1870 operibus
3353 1799 3580 1868 conspi-

286 1886 478 1957 ἔργων
524 1884 835 1941 πιστεύετε.
867 1906 887 1938 ι
938 1888 1098 1958 ᾯετο
1118 1890 1250 1969 ’γὰρ
1299 1888 1362 1959 δὴ
1406 1876 1528 1941 λίαν
1570 1888 1748 1956 ὀρθῶς
1793 1889 1883 1954 ὡς,

1995 1904 2158 1944 cuum
2197 1892 2481 1959 spectarit,
2511 1906 2611 1962 pro
2642 1891 2879 1946 naturali
2909 1892 3232 1947 charactere
3257 1902 3311 1946 et
3343 1891 3581 1960 imagine

288 1980 456 2051 εἴπερ
479 1983 617 2044 ὅλως
639 1980 898 2035 θεάσαιτό
926 1997 1011 2044 τις
1038 1981 1204 2034 αὐτὸν
1238 1984 1350 2044 τοῖς
1380 1980 1517 2043 ἴσοις
1541 1980 1892 2051 ἐκλάμποντα

287 2072 689 2144 κατορθώμασι
727 2072 802 2144 τῷ
836 2073 955 2144 Θεῷ
989 2073 1084 2126 καὶ
1115 2075 1313 2143 Πατρὶ,
1352 2075 1433 2137 εἰς
1467 2074 1695 2142 φυσικὸν
1724 2073 1892 2138 ὄντως

290 2165 670 2236 παραδέξαιτο
705 2167 1034 2249 χαρακτῆρα
1066 2166 1162 2217 καὶ
1196 2166 1384 2219 εἰκόνα
1426 2165 1528 2235 τῆς
1570 2166 1757 2230 οὐσίας
1791 2167 1891 2219 αὐ-

288 2255 387 2309 τοῦ
415 2272 429 2286 ·
490 2256 550 2308 ού
583 2254 694 2326 γάρ
723 2257 791 2309 ἀν
842 2272 974 2309 ποτε
1003 2255 1199 2327 δράσαι
1245 2255 1314 2308 τὰ
1346 2253 1435 2308 ἴσα
1468 2254 1546 2324 τῷ
1570 2254 1687 2325 Θεῴ
1716 2255 1775 2309 τὸ
1814 2256 1889 2326 μὴ

288 2347 357 2399 ἐκ
403 2346 544 2399 Θεοῦ
592 2346 732 2400 κατὰ
779 2346 962 2415 φύσιν,
1011 2346 1126 2401 ἀλλ’
1160 2346 1268 2399 οὐδ’
1302 2348 1368 2401 ἂν
1400 2347 1753 2418 προσγένοιτὸ
1783 2365 1887 2400 τινι

288 2436 401 2490 τῶν
430 2438 681 2507 γενητῶν
712 2436 773 2490 τὸ
813 2426 879 2491 ἐν
920 2436 1020 2508 ἴσῳ
1055 2438 1242 2508 μέτρῳ
1270 2440 1337 2509 τῇ
1372 2437 1492 2509 θείᾳ
1532 2438 1693 2508 φύσει
1726 2430 1888 2509 τερα-

286 2531 549 2599 τουργεῖν
593 2529 855 2583 δύνασθαί
896 2546 1048 2587 ποτε.
1090 2530 1305 2585 Ἀϐατα
1338 2531 1448 2602 γὰρ
1493 2533 1588 2585 καὶ
1633 2522 1889 2601 ἀνέπαςρα

290 2618 585 2684 παντελῶς
610 2622 724 2683 τοῖς
755 2619 816 2685 ἐξ
834 2620 934 2674 οὐκ
959 2620 1128 2674 ὄντων
1159 2623 1240 2686 είς
1271 2623 1332 2676 τὸ
1357 2618 1497 2675 εῖναι
1532 2623 1889 2693 κεκλημένοις

288 2712 357 2765 τὰ
392 2710 495 2763 τοῦ
526 2711 615 2764 ἀεὶ
647 2711 801 2777 ὄντος
836 2715 982 2778 ἰδίως
1014 2713 1199 2783 ἀγαθά
1224 2732 1237 2745 ·
1289 2714 1385 2767 καὶ
1416 2715 1499 2767 ὅτι
1536 2714 1634 2785 μὲν
1685 2715 1890 2768 ἀλοιδόο

290 2820 460 2873 ρητος
512 2803 793 2868 παντελῶς
841 2806 994 2877 παρά
1044 2823 1107 2875 γε
1140 2807 1253 2870 τοῖς
1293 2801 1356 2860 εὖ
1406 2806 1694 2878 φρονοῦσιν
1738 2808 1766 2859 ὁ
1796 2808 1886 2861 τοῦ

288 2895 550 2964 Σωτῆρος
576 2894 729 2949 ἔσται
757 2895 938 2966 λόγος,
982 2897 1283 2969 οὐδαμόθεν
1316 2898 1611 2952 ὲνδοιάσειν
1644 2900 1792 2963 εἰκὸς
1820 2895 1888 2971 ἦν

282 3002 461 3050 τιναςο
486 2985 708 3040 ἔσεσθαί
735 3004 801 3057 γε
824 2988 931 3059 μὴν
959 2990 1071 3051 τοῖς
1100 2990 1360 3045 τάναντία
1378 2990 1690 3057 δοξάζουσιν
1707 2992 1889 3062 ἑτερο-

280 3077 639 3142 διδασκαλίας
687 3080 944 3152 ἀφορμὴν
979 3082 1070 3135 καὶ
1118 3081 1392 3153 πρόφασιν
1452 3083 1547 3136 καὶ
1583 3084 1646 3135 τὸ
1706 3083 1888 3147 καλῶς

284 3170 607 3240 εἰρημένον,
641 3171 742 3224 οὐκ
773 3172 1065 3244 ἠγνόησεν,
1111 3173 1187 3237 ώς
1220 3174 1373 3238 Θεός.
1424 3175 1543 3228 ’Ίνα
1589 3174 1770 3229 τοίνυν
1808 3176 1882 3247 μὴ
1911 3218 1954 3277 C

281 3263 399 3325 τοῖς
430 3260 504 3315 τὰ
545 3261 682 3332 ὀρθὰ
715 3262 1135 3337 διαστρέφουσιν
1169 3264 1609 3336 ἀθυρογλωττίας
1653 3267 1712 3320 ἐν
1758 3267 1883 3320 τού-

281 3369 400 3415 τοις
428 3353 817 3425 περιλείπηται
844 3354 1026 3419 τόπος.
1060 3355 1194 3426 μηδὲ
1218 3355 1428 3425 λέγοιεν
1449 3358 1531 3409 ὅτι
1553 3357 1886 3430 δημιουργὸς

280 3444 394 3498 τῶν
432 3444 733 3516 θαυμάτων
764 3447 987 3516 γέγονεν
1019 3450 1048 3502 ό
1081 3448 1208 3512 Υἱὸς
1258 3450 1358 3502 οὐκ
1404 3451 1467 3502 ἐκ
1514 3449 1616 3521 τῆς
1659 3450 1886 3521 ἐνούσης

285 3536 477 3607 ἔσχύος
508 3536 659 3609 αὐτῷ
701 3538 824 3593 οὐδὲ
852 3540 911 3606 ἐξ
963 3540 1102 3605 ἰδίας
1130 3541 1439 3613 δυνάμεως,
1488 3543 1602 3597 ἀλλ’
1653 3543 1886 3617 ἐπείπερ

281 3624 431 3698 εἶχεν
459 3629 520 3679 ἐν
553 3628 734 3699 ἐαυτῷ
760 3628 852 3682 τὸν
887 3631 1106 3702 Πατέρα
1137 3632 1394 3687 ποιοῦντα
1426 3632 1495 3686 τά
1523 3633 1682 3705 ἔργα,
1719 3634 1886 3688 καθά-

280 3736 393 3789 περ
421 3715 520 3773 οῦν
553 3719 715 3784 αὐτὸς
767 3719 871 3790 ἔφη
902 3721 998 3775 καὶ
1028 3722 1426 3795 διισχυρωατο,
1479 3723 1885 3796 τεθεράπευκεν

278 3810 607 3879 ἀναγκαίως
631 3810 661 3861 ὁ
692 3810 900 3881 Κύριος
924 3815 1044 3877 ταῖς
1073 3814 1183 3866 τῶν
1212 3815 1502 3886 νοημάτων
1530 3818 1848 3888 ἐπαγωγαῖς
1866 3836 1880 3851 ·

280 3892 477 3955 ἐαυτδν
494 3913 499 3919 ’
517 3902 619 3972 μὲν
645 3901 757 3974 γὰρ
786 3904 843 3956 ἐν
867 3904 1080 3969 τούτοις
1104 3905 1324 3973 ἔσεσθαι
1352 3908 1590 3979 χορηγὸν
1618 3911 1885 3980 ἐπαγγέλ-

276 3994 434 4047 λεται
454 3996 574 4058 τοῖς
600 3995 954 4051 πιστεύουσιν
979 3999 1059 4062 είς
1084 3998 1270 4064 αὐτὸν,
1295 3993 1481 4073 ὧνπερ
1508 4002 1575 4056 ἂν
1605 4003 1883 4058 ἐθέλουσιν

276 4088 477 4152 αἰτεῖν,
530 4087 628 4141 καὶ
661 4088 784 4159 οὐχὶ
820 4089 991 4162 μόνην
1023 4092 1209 4157 αὐτοῖς
1242 4094 1643 4162 ἐπαγγέλλεται
1683 4096 1882 4150 τοσαύ-

162 4192 171 4205 ι
277 4193 379 4248 την
412 4180 758 4249 χορηγήσειν
786 4180 1019 4253 δύναμιν
1053 4182 1150 4237 καὶ
1184 4183 1457 4250 ἐξουσίαν,
1489 4185 1627 4240 ἀλλὰ
1651 4187 1751 4259 τὴν
1789 4188 1882 4242 ἐπὶ

276 4270 416 4323 πολύ
440 4288 456 4301 ·
491 4271 718 4341 μείζονα
739 4272 869 4345 γὰρ,
898 4275 1084 4346 φησιν,
1107 4269 1183 4330 ὧν
1207 4276 1318 4345 ἐγὼ
1342 4279 1619 4349 πεποίηκα
1642 4283 1877 4352 ποιήσει.

284 4361 456 4432 Ὁρᾷς
484 4357 587 4415 οὖν
615 4363 766 4427 ὅπως
810 4366 1110 4420 ἀνακόπτει
1141 4369 1430 4440 χρησίμως
1473 4371 1581 4426 τῶν
1625 4372 1695 4425 δι’
1729 4374 1881 4429 ἔνανο

269 4453 397 4518 τίας
437 4455 505 4507 τὸ
555 4454 780 4525 θράσος,
838 4458 935 4511 καὶ
986 4459 1340 4531 ἀνασειράζει
1369 4461 1572 4533 τρόπον
1616 4464 1738 4518 τινὰ
1768 4470 1881 4531 τοῖς

1997 1981 2328 2036 substantiae
2379 1981 2499 2052 ejus
2541 1982 2586 2013 ³³
2648 1982 2829 2053 ipsum
2880 1983 3190 2054 susceperit
3232 2001 3245 2036 :
3296 1997 3578 2052 nunquam

1994 2072 2139 2128 enim
2182 2074 2336 2142 paria
2397 2089 2522 2127 cum
2572 2071 2682 2128 Deo
2727 2073 2896 2129 faciat
2930 2074 3021 2145 qui
3057 2089 3125 2129 ex
3176 2072 3285 2129 Deo
3334 2088 3445 2127 non
3493 2080 3579 2128 est

1996 2163 2297 2218 secundum
2347 2173 2637 2229 naturam,
2693 2163 2787 2218 sed
2846 2177 3025 2233 neque
3077 2170 3330 2217 creatura
3379 2159 3580 2215 divina:

1995 2263 2206 2310 natura:
2255 2254 2539 2309 miraculis
2571 2254 2859 2325 patrandis
2901 2270 2999 2325 par
3028 2269 3153 2310 esse
3186 2247 3379 2324 possit.
3427 2251 3578 2306 Bona

1994 2346 2144 2401 enim
2197 2353 2409 2400 naturae
2460 2345 2611 2400 illius
2649 2360 2771 2415 quze
2822 2359 3038 2414 semper
3097 2349 3182 2398 est
3230 2341 3447 2412 penitus
3489 2339 3577 2394 in-

1996 2451 2222 2494 accessa
2265 2444 2394 2493 sunt
2428 2438 2503 2492 iis
2527 2452 2652 2507 quae
2685 2452 2752 2492 ex
2783 2436 2956 2491 nihilo
2995 2435 3265 2507 producta
3299 2442 3470 2499 sunt;
3524 2438 3579 2487 et

1992 2529 2341 2600 inculpatum
2382 2527 2602 2600 quidem
2646 2542 2876 2599 prorsus
2908 2524 3054 2597 apud
3094 2531 3247 2581 recte
3276 2523 3578 2581 sentientes

1994 2621 2308 2677 Servatoris
2359 2635 2673 2676 sermonem
2723 2618 2881 2686 fore,
2933 2617 3198 2675 credibile
3242 2623 3362 2673 erat
3397 2614 3579 2669 nulla-

1991 2723 2151 2771 tenus
2211 2713 2562 2770 dubitaturos
2618 2713 2873 2783 aliquos;
2922 2719 3302 2767 verumtamen
3356 2707 3577 2764 haereti-

1989 2821 2087 2863 cos
2138 2820 2295 2861 nova:
2341 2804 2618 2859 doctrinae
2648 2804 3006 2860 occasionem
3038 2811 3095 2859 et
3120 2809 3444 2875 praetextum
3484 2815 3575 2855 ar-

1991 2909 2245 2969 repturos
2266 2896 2431 2952 etiam
2457 2896 2509 2951 id
2538 2895 2686 2966 quod
2711 2902 2861 2950 recte
2884 2894 3095 2950 dictum
3118 2902 3260 2960 erat,
3285 2909 3397 2950 non
3419 2893 3576 2965 igno-

1992 2989 2168 3052 ravit,
2206 2996 2269 3042 ut
2312 2988 2476 3043 Deus.
2516 2986 2591 3042 Nc
2631 2986 2801 3056 igitur
2829 2986 2900 3041 iis
2934 2986 3026 3057 qui
3061 2994 3219 3041 recta
3255 2991 3577 3055 pervertunt

1991 3080 2312 3152 petulantiae
2363 3079 2521 3135 locus
2573 3079 2661 3134 bic
2705 3080 3118 3150 relinqueretur
3158 3079 3343 3142 ullus,
3396 3093 3576 3146 neque

1989 3174 2238 3229 dicerent
2268 3172 2532 3227 miracula
2570 3180 2825 3242 patrasse
2875 3169 3079 3225 Filium
3112 3185 3228 3224 nun
3268 3169 3321 3222 vi
3351 3168 3575 3238 quidem

1988 3280 2052 3321 ac
2084 3271 2357 3336 potestate
2400 3279 2531 3329 sua,
2580 3264 2679 3319 sed
2711 3262 2845 3333 quia
2882 3262 3121 3318 habebat
3158 3263 3214 3315 in
3254 3261 3435 3330 seipso
3470 3258 3577 3313 Pa-r

1988 3365 2126 3413 trem
2176 3357 2466 3413 facientem
2515 3370 2722 3425 opera,
2762 3352 3231 3425 quemadmodum
3279 3353 3400 3423 ipse
3436 3351 3577 3406 dixit

1986 3458 2152 3521 atque
2194 3448 2544 3509 conﬁrmavit
2566 3487 2581 3512 ,
2623 3446 2942 3502 necessario
2973 3444 3241 3499 Dominus
3270 3442 3576 3497 remedium

1987 3541 2189 3606 attulit,
2220 3540 2567 3611 subjungens
2598 3555 2657 3595 se
2685 3537 3042 3594 credentibus
3076 3537 3130 3591 in
3156 3551 3216 3592 se
3247 3535 3574 3607 largiturum

1985 3648 2050 3689 ea
2079 3648 2202 3704 qua:
2228 3640 2414 3704 petere
2444 3632 2757 3698 voluerint;
2792 3646 2972 3702 neque
2999 3645 3134 3686 vero
3160 3636 3365 3684 tantam
3393 3643 3453 3684 se
3477 3628 3576 3683 da-

1983 3729 2170 3776 turum
2201 3722 2313 3776 vim
2359 3735 2426 3775 ac
2455 3727 2782 3792 potestatem
2826 3720 3136 3791 promittit,
3185 3719 3282 3775 sed
3339 3719 3575 3789 amplio-

1983 3827 2099 3869 rem
2128 3832 2141 3868 :
2174 3830 2192 3864 ι
2222 3812 2431 3883 Majora
2459 3814 2633 3879 enim,
2666 3813 2867 3883 inquit,
2904 3811 3072 3867 faciet
3100 3812 3188 3867 his
3215 3827 3336 3883 quae
3357 3826 3458 3882 ego
3492 3811 3574 3866 fa-

1984 3906 2125 3960 cio.»
2158 3904 2323 3961 Vides
2354 3919 2485 3975 ergo
2505 3919 2615 3974 quo
2646 3913 2809 3975 pacto
2826 3903 3273 3959 adversariorum
3306 3902 3573 3973 infringat

1981 3996 2300 4062 audaciam,
2340 4004 2397 4051 et
2428 3982 2650 4051 revocet
2684 3995 3095 4066 quodammodo
3123 4010 3224 4050 eos
3251 3996 3346 4066 qui
3389 3995 3442 4049 in
3479 4011 3573 4065 pe-

1982 4098 2097 4144 tras
2120 4088 2251 4144 caeci
2283 4094 2472 4142 ruunt.
2499 4086 2652 4142 Dicet
2681 4088 2827 4150 enim
2853 4086 2938 4143 eis
2968 4085 3166 4156 aliquis
3194 4104 3208 4142 :
3242 4086 3288 4142 Ο
3319 4087 3475 4142 stulti
3505 4101 3572 4143 ac

1981 4182 2134 4248 caeci,
2154 4181 2247 4252 qui
2269 4181 2403 4235 nihil
2421 4196 2487 4235 ex
2507 4180 2691 4250 seipso
2710 4178 2906 4235 Filium
2928 4179 3111 4236 facere
3145 4194 3310 4250 posse
3340 4180 3568 4252 putatis.

1982 4273 2080 4330 sed
2105 4273 2155 4329 ei
2179 4272 2363 4327 datam
2391 4286 2514 4327 esse
2530 4271 2715 4341 potius
2741 4271 3134 4326 miraculorum
3159 4270 3327 4341 803
3346 4278 3572 4341 patran-

1980 4364 2177 4421 dorum
2209 4362 2321 4417 vim
2358 4376 2423 4416 ac
2457 4368 2786 4429 potestatem
2827 4375 2858 4414 a
2886 4359 3049 4416 Patre
3074 4400 3089 4423 ,
3131 4359 3410 4431 quomodo
3454 4375 3571 4415 ma-

1975 4456 2096 4527 jora
2132 4454 2392 4509 daturum
2429 4468 2490 4509 se
2528 4454 2820 4523 pollicetur
2845 4452 3203 4507 credentibus
3256 4451 3313 4506 in
3342 4451 3572 4521 ipsum?

269 4544 528 4615 ἐλέγχοις
550 4547 909 4638 *ἐρχομένους
954 4550 1096 4605 κατὰ
1148 4552 1386 4623 πετρῶν.
1453 4552 1601 4625 Ἐρεί
1642 4557 1750 4628 γάρ
1792 4575 1876 4624 τις

1987 4546 2268 4614 Quomodo
2294 4544 2445 4617 quod
2476 4560 2588 4598 non
2637 4544 2765 4599 fecit
2786 4544 2907 4614 ipse
2936 4583 2952 4608 ,
2991 4544 3133 4598 alter
3164 4542 3430 4614 perﬁciet.
3458 4544 3570 4598 vir-

267 4640 463 4703 αὐτοῖς
488 4656 504 4670 ο
546 4636 620 4692 Ὦ
658 4640 875 4712 ἀνόητοι
906 4644 999 4697 καὶ
1025 4644 1240 4714 τυφλοὶ,
1275 4646 1442 4716 μηδὲν
1477 4647 1537 4713 ἐξ
1569 4650 1764 4704 ἐαυτοῦ
1793 4651 1878 4705 δε-

265 4727 541 4797 δυνῆσθαι
573 4730 880 4801 κατορθοῦν
910 4733 1274 4805 ὑπειληφότες
1318 4734 1410 4788 τὸν
1441 4737 1590 4803 Υίὺν,
1646 4756 1876 4813 κεχορη-

265 4818 480 4889 γῆσθαι
508 4819 567 4873 δὲ
603 4821 805 4889 μᾶλλον
833 4823 933 4895 τὴν
967 4826 1052 4894 ἐφ’
1082 4826 1254 4881 ἆπασι
1284 4831 1397 4891 τοῖς
1433 4830 1754 4900 παραδόξως
1787 4850 1875 4886 τε·

265 4909 627 4981 τελεσμένοις
653 4911 884 4983 δύναμίν
906 4932 966 4967 τε
993 4916 1087 4969 καὶ
1113 4916 1359 4982 ἐξουσίαν
1383 4919 1488 4972 ὑπὸ
1510 4919 1605 4974 τοῦ
1636 4922 1870 4993 Πατρός,

266 5001 391 5065 πῶς
437 5001 549 5055 καὶ
594 5003 821 5073 μείζονα
852 5007 1179 5078 κατορθοῦν,
1232 5011 1631 5079 ἐπαγγέλλεται
1678 5013 1873 5070 δώσειν

264 5094 383 5155 τοῖς
410 5093 770 5150 πιστεύουσιν
796 5098 877 5160 είς
910 5100 1074 5152 αὐτόν
1101 5116 1115 5165 ;
1167 5101 1291 5165 Πῶς
1318 5102 1347 5155 ὃ
1379 5104 1453 5175 μὴ
1485 5104 1745 5176 δέδρακεν
1771 5108 1872 5160 αὑ-

261 5184 381 5249 τὸς,
405 5184 600 5257 ἔτερος
628 5186 990 5259 κατορθώσει,
1015 5191 1114 5264 τὴν
1139 5195 1270 5265 παρ’
1292 5195 1457 5249 αὑτοῦ
1486 5195 1872 5265 δανεισάμενος

262 5275 539 5347 δύναμιν;
596 5279 706 5333 Θέα
734 5279 847 5349 γὰρ
880 5282 1030 5346 ὅπως
1071 5285 1171 5339 οὐκ
1203 5287 1424 5358 εἴρηκεν
1455 5289 1512 5340 ἐν
1539 5290 1750 5353 τούτοις
1787 5290 1872 5343 ὅτι

261 5369 576 5441 χορηγήσει
623 5373 739 5435 τοῖς
786 5374 1107 5429 πιστεύουσι
1156 5376 1384 5448 δύναμιν
1412 5381 1440 5432 ό
1473 5380 1663 5451 Πατὴρ
1683 5422 1696 5444 ,
1724 5384 1729 5388 ’
1753 5382 1868 5435 ἀλλ’

268 5476 289 5509 ι
323 5460 398 5512 Ὅ
419 5476 473 5513 τι
518 5460 586 5514 ἂν
618 5464 880 5536 αἰτήσητε
928 5470 988 5520 ὲν
1017 5467 1093 5539 τῷ
1125 5468 1353 5539 ὀνόματί
1398 5487 1522 5541 μου,
1573 5474 1805 5543 ποιήσω.
1844 5494 1860 5524 9

202 5574 215 5583 ι
272 5550 334 5603 Ὀ
366 5551 428 5604 δὲ
458 5555 574 5617 τοῖς
606 5555 791 5622 ἄλλοις
818 5560 912 5613 καὶ
944 5559 1013 5613 τά
1041 5556 1214 5631 μείζω
1245 5561 1511 5617 δύνασθαι
1539 5563 1862 5636 κατορθοῦν,

259 5641 338 5705 ὡς
366 5641 528 5708 Θεὸς,
581 5647 876 5717 ἐπιδιδοὺς,
931 5652 1046 5717 πῶς
1082 5654 1147 5707 ἂν
1180 5654 1339 5718 αὐτὸς
1373 5656 1683 5728 ἐχορηγήΟη
1736 5661 1863 5728 παρ’

338 5825 387 5857 ³³
427 5824 593 5882 llebr.
630 5845 667 5893 ι,
707 5830 759 5884 3.

1980 4646 2096 4694 tute
2125 4637 2194 4692 ab
2231 4652 2300 4692 eo
2330 4637 2621 4691 mutuata?
2650 4634 2905 4701 ,Adverte
2933 4634 3079 4690 enim
3116 4641 3174 4688 ut
3214 4649 3325 4690 non
3358 4633 3453 4690 hic
3481 4635 3569 4690 di-

1975 4733 2115 4789 xerit
2145 4730 2360 4784 Patrem
2403 4729 2659 4784 ﬁdelibus
2709 4728 2970 4783 virtutem
3021 4727 3380 4797 largiturum,
3430 4729 3555 4796 sed,

1985 4845 2002 4878 ι
2038 4824 2192 4890 Quod
2244 4821 2514 4893 petieritis
2570 4822 2626 4875 in
2682 4820 2909 4876 nomine
2951 4834 3095 4885 meo,
3128 4820 3235 4875 hoc
3284 4819 3507 4877 faciam.
3543 4840 3562 4875 ι

1978 4918 2083 4986 Qui
2107 4931 2238 4987 ergo
2259 4915 2405 4981 aliis,
2427 4922 2487 4969 ut
2505 4913 2671 4978 Deus,
2695 4913 2904 4983 majOra
2930 4913 3184 4983 patrandi
3214 4913 3323 4968 vim
3346 4915 3561 4977 tribuit,

1976 5008 2252 5085 quomodo
2298 5008 2416 5078 ipse
2461 5007 2530 5063 ab
2574 5007 2697 5062 aliis
2725 5007 2830 5062 ista
2871 5005 3108 5061 faciendi
3146 5008 3406 5062 virtutem
3444 5023 3565 5062 mll-

1978 5103 2209 5160 tuetur?
2250 5101 2620 5167 Quamobrem
2647 5116 2805 5170 nugte
2835 5113 2964 5155 sunt
3002 5100 3190 5155 istluec
3235 5116 3463 5169 prorsus
3499 5114 3563 5154 ac

1975 5193 2265 5249 diabolicae
2290 5189 2673 5261 perversitatis
2704 5190 2949 5243 inventa.
2981 5189 3089 5244 Nec
3131 5189 3279 5244 enim
3305 5187 3427 5242 Filii
3453 5190 3560 5242 vim

1976 5303 2040 5341 ac
2060 5292 2391 5357 potestatem
2424 5282 2636 5337 ﬁnitam
2669 5297 2894 5348 cernes,
2944 5290 3004 5335 ut
3040 5282 3107 5335 ad
3139 5281 3404 5335 nonnulla
3438 5279 3560 5349 qui-

1975 5375 2099 5429 dem
2123 5389 2183 5429 se
2209 5372 2491 5436 extendat,
2518 5371 2615 5426 sed
2640 5370 2944 5441 majoribus
2970 5384 3317 5439 nequaquam
3342 5383 3440 5438 par
3464 5369 3559 5435 sit,

1976 5483 2165 5522 verum
2198 5479 2544 5536 quaecunque
2573 5463 2702 5519 velit
2725 5461 2889 5518 facile
2929 5465 3275 5531 peragentem
3301 5497 3316 5519 .
3348 5458 3559 5529 dignis-

1974 5576 2083 5631 que
2110 5559 2433 5630 largientem
2473 5564 2537 5612 ut
2564 5555 2869 5626 aequalibus
2916 5553 3033 5609 sive
3062 5551 3228 5606 etiam
3261 5551 3556 5608 altioribus

1976 5654 2133 5712 soliis
2167 5653 2494 5725 glorientur.
2529 5649 2717 5721 Neque
2744 5655 2931 5705 tamen
2956 5645 3249 5718 quisquam
3280 5653 3433 5719 putet
3455 5659 3558 5703 nos
