4006 6422
475 367 577 423 247

1483 361 1541 419 S.
1565 361 1845 418 CYRILLI
1872 361 2342 416 ΑιΕλΑΝοιιιΝι
2368 363 2687 423 ARCHIEP.

3644 380 3750 436 243

478 482 751 537 allii-mare
770 481 991 554 aliquos
1013 492 1205 539 eorum
1228 478 1323 552 qui
1354 479 1409 536 in
1432 495 1560 536 eum
1577 479 1837 542 credunt,
1869 492 2033 532 crcan

2164 478 2351 550 ἐτέρου
2396 481 2458 534 τὸ
2501 481 2794 551 δύνασθαις
2850 485 3063 539 Οὐκοῦν
3094 486 3262 559 λῆρος
3293 488 3393 558 μὲν
3425 490 3498 545 τὰ
3527 492 3750 549 ἐκείνων

478 573 533 627 di
565 573 757 639 caelos,
780 566 1072 645 solemque
1093 582 1158 630 ac
1186 573 1371 628 lunam
1397 612 1413 637 ,
1449 579 1544 626 aut
1578 572 1849 625 illustrem
1884 577 2060 622 astro-

477 681 599 721 rum
627 666 892 732 chorum,
939 668 1022 723 vel
1046 668 1209 723 etiam
1244 667 1469 736 angelos
1494 703 1509 729 ,
1553 674 1647 718 aut
1677 671 1882 718 terram
1912 701 1929 726 ,
1964 667 2060 716 aut

476 773 600 827 qua:
642 758 698 814 in
755 775 818 814 ea
873 768 1026 825 sunt,
1059 757 1330 814 condendi
1370 758 1421 812 vi
1477 755 1705 827 pollere.
1748 753 1862 809 Nec
1910 753 2057 808 enim

477 848 532 901 in
584 848 673 905 his
719 850 989 905 orationis
1023 864 1223 919 scopus
1256 852 1524 912 vertitur,
1561 847 1656 903 sed
1694 845 1763 900 ad
1806 860 1928 916 qua:
1960 858 2059 915 par

474 946 560 993 est
589 940 908 996 extenditur
930 978 945 1004 ,
981 948 1036 995 et
1068 941 1321 995 humana:
1344 938 1617 994 claritatis
1646 952 1771 1009 quae
1799 935 1970 1006 gloria
2003 943 2059 989 et

475 1030 919 1087 sanctiﬁcatione
971 1039 1193 1087 constat
1244 1030 1469 1113 modum
1527 1044 1637 1085 non
1689 1026 2055 1085 transcendit.

473 1124 688 1180 Idcirco
716 1126 866 1180 enim
901 1127 1178 1182 sermonis
1218 1125 1538 1181 liberiorem
1572 1138 1875 1179 excursum
1910 1136 2052 1192 quo-

471 1215 763 1272 dammodo
800 1217 1059 1275 inhibens
1087 1260 1100 1283 ,
1143 1224 1199 1273 et
1233 1216 1521 1273 miraculis
1560 1229 1591 1270 a
1647 1230 1708 1271 se
1760 1215 1815 1270 in
1862 1221 2008 1268 terra
2036 1248 2055 1278 ,

470 1308 691 1377 quando
736 1307 918 1365 factus
962 1318 1050 1366 est
1100 1308 1301 1373 homo,
1352 1308 1520 1363 editis
1560 1306 1829 1377 majorem
1888 1319 2055 1376 porro

467 1400 906 1470 magnitudinem
937 1416 1251 1474 apponens,
1291 1419 1310 1452 ι
1352 1398 1487 1467 Qua:
1519 1414 1621 1470 ego
1653 1398 1787 1462 feci,
1829 1397 2052 1468 inquit,

412 1510 416 1523 ι
466 1492 656 1561 faciet,
682 1503 739 1550 et
762 1496 973 1565 majora
1005 1497 1111 1552 his.
1138 1514 1159 1548 ι
1192 1494 1313 1553 Non
1340 1495 1488 1552 enim
1514 1495 1673 1566 quasi
1706 1494 1915 1564 majora
1943 1509 2052 1548 non

378 1608 383 1613 ν
466 1593 679 1654 posset,
709 1567 867 1641 suam
896 1593 1226 1657 potestatem
1249 1586 1416 1647 rebus
1444 1602 1474 1640 a
1503 1603 1562 1643 se
1588 1587 1754 1643 editis
1781 1586 2049 1652 deﬁnivit,

467 1677 563 1732 sed
595 1679 836 1747 peractis
879 1694 1001 1749 quae
1042 1681 1331 1750 oportebat
1372 1688 1428 1735 et
1454 1694 1805 1751 quaecunque
1834 1687 2052 1750 tempus

462 1767 520 1821 in
559 1769 801 1824 medium
843 1771 1069 1835 attulit,
1102 1770 1724 1841 incomprehensibilem
1754 1769 2048 1838 potestatis

462 1875 581 1915 suat
630 1858 1068 1931 magnitudinem
1109 1862 1180 1917 iis
1218 1860 1426 1917 ﬁnibus
1470 1877 1579 1916 non
1629 1860 1915 1915 terminari
1961 1860 2047 1916 his

458 1949 650 2005 verbis
703 1950 919 2006 utiliter
962 1951 1181 2008 edocet.
1224 1950 1426 2007 Verum
1476 1961 1574 2016 ut,
1619 1952 1723 2008 loci
1773 1954 2043 2023 propositi

460 2041 711 2097 ordinem
766 2054 1095 2109 servantes,
1146 2032 1455 2099 auditorum
1492 2043 1709 2099 animos
1762 2046 1829 2099 ad
1879 2044 2046 2115 hujus

458 2134 594 2211 dicti
633 2134 1084 2190 observationem
1116 2135 1398 2207 erigamus
1445 2155 1458 2191 :
1521 2155 1540 2188 ι
1578 2138 1750 2190 Amen
1776 2175 1791 2202 ,
1824 2137 2041 2208 inquit,

458 2227 584 2281 dico
617 2226 807 2294 vobis,
843 2228 936 2299 qui
967 2228 1144 2284 credit
1177 2228 1233 2282 in
1271 2243 1356 2282 me
1378 2266 1394 2292 ,
1423 2242 1592 2298 opera
1618 2242 1744 2298 quas
1771 2242 1873 2299 ego
1900 2228 2043 2284 facio

457 2327 514 2371 et
542 2317 661 2387 ipse
686 2317 854 2373 faciet
874 2359 888 2382 ,
915 2318 1046 2389 quia
1077 2333 1180 2390 ego
1209 2317 1277 2373 ad
1306 2316 1523 2373 Patrem
1552 2319 1714 2373 vado.
1754 2336 1773 2369 ι
1816 2318 1885 2373 At
1908 2318 2041 2388 quid

456 2409 535 2463 rei
573 2416 695 2476 est,
757 2409 969 2481 inquiet
1012 2410 1216 2480 aliquis
1258 2409 1452 2465 forsan
1498 2409 1817 2466 auditorum
1873 2412 2041 2482 paulo

453 2499 673 2555 exteris
704 2500 937 2570 aequior,
964 2499 1112 2570 quod
1136 2499 1315 2556 Filius
1345 2501 1460 2569 ipse
1488 2515 1548 2556 se
1580 2501 1647 2555 ad
1671 2500 1887 2557 Patrem
1916 2517 2042 2573 pro-

452 2591 625 2647 ﬁcisci
658 2592 857 2662 inquit,
889 2600 949 2647 ut
980 2593 1076 2663 qui
1102 2593 1335 2649 credunt
1368 2592 1425 2646 in
1450 2606 1577 2647 eum
1612 2594 1825 2665 majora
1851 2593 2038 2651 facere

451 2682 672 2751 possint
719 2697 886 2754 quam
938 2699 1060 2755 quae
1109 2684 1225 2755 ipse
1285 2684 1507 2740 edidit?
1558 2683 1706 2740 Sane
1756 2686 2033 2741 occultam

450 2774 749 2841 quamdam
770 2775 823 2830 in
847 2790 906 2831 se
926 2775 1268 2848 habetﬁﬁﬂI
1288 2777 1498 2832 dictum
1533 2777 1668 2833 illud
1692 2779 2038 2849 contempla-

448 2867 677 2922 tionem.
712 2865 855 2934 Quid
884 2884 1016 2940 ergo
1037 2870 1107 2924 sit
1136 2870 1267 2924 illud
1303 2872 1451 2940 quod
1476 2870 1557 2924 ait
1579 2909 1595 2933 ,
1630 2871 1814 2942 ipsum
1844 2873 2036 2942 accipe

447 2957 524 3012 ita
555 2960 952 3029 propemodum
979 2962 1355 3031 explicantem
1384 2981 1398 3017 :
1449 2960 1494 3018 Ο
1520 2978 1836 3019 sermonum
1880 2980 2034 3022 meo-

444 3066 569 3105 rum
608 3051 848 3107 ministri
881 3067 944 3107 ac
974 3053 1089 3107 veri
1123 3051 1413 3123 discipuli,
1453 3056 1699 3125 quandiu
1742 3055 2031 3113 vobiscum

2165 572 2443 637 παντελῶς
2472 574 2565 627 καὶ
2585 573 2742 637 ὕθλος
2765 576 2970 638 εἰκαῖος
2994 576 3089 630 καὶ
3117 576 3503 648 δαιμονιὼδους
3525 581 3751 652 δυστρο-

2163 664 2296 728 πίας
2322 665 2625 736 εὐρέματα.
2674 667 3109 739 Πεπερασμένην
3141 668 3198 721 δέ
3242 669 3498 741 οὐδαμῶς
3530 673 3628 743 τὴν
3653 674 3750 728 τοῦ

2160 756 2293 810 Υίοῦ
2320 758 2550 830 δύναμιν
2597 758 2873 831 θεωρῆσαι
2899 778 2983 826 τις
3033 759 3124 825 ἂν,
3173 763 3294 816 οὐδὲ
3321 763 3619 831 διήκουσαν
3649 766 3752 835 μὲν

2159 849 2252 903 ἐπί
2278 868 2329 903 τι
2360 849 2469 903 τῶν
2497 851 2689 915 όντων,
2719 852 2821 905 οὐκ
2851 852 3131 925 ἀρκοῦσαν
3162 852 3218 907 δὲ
3244 858 3355 918 τοῖς
3375 854 3457 909 ἔτι
3482 855 3749 927 μείζοσιν,

2158 942 2275 995 ἀλλ’
2317 944 2530 1016 ὅσαπερ
2578 944 2645 998 ἂν
2680 943 2923 1014 βούλοιτο
2950 945 3122 1000 ταῦτὰ
3148 963 3207 999 τε
3239 945 3454 1018 δρῶσαν
3481 948 3750 1017 εὐκόλως,

2158 1036 2254 1089 καὶ
2283 1039 2395 1100 τοῖς
2425 1036 2599 1102 ἀξίοις
2627 1036 2996 1109 χαριζομένην
3012 1037 3075 1091 τὸ
3097 1040 3211 1102 τοῖς
3234 1040 3369 1104 ἴσοις
3394 1040 3553 1111 τυχὸν
3577 1041 3753 1111 ἦγουν

2157 1128 2253 1181 καὶ
2283 1128 2703 1201 ὐπερκειμένοις
2731 1128 3123 1201 ἐναδρύνεσθαι
3157 1128 3375 1194 θώκοις.
3416 1132 3527 1184 Καὶ
3560 1134 3635 1204 μή
3665 1151 3752 1197 τις

2156 1220 2353 1275 οἰέσθω
2381 1221 2561 1290 λέγειν
2593 1223 2745 1292 ἡμᾶς
2789 1222 2868 1276 ὅτι
2902 1222 3188 1295 περιέσται
3234 1222 3366 1275 ποτέ
3398 1223 3461 1277 τὸ
3488 1222 3752 1278 δύνασθαί

2156 1331 2263 1368 τινι
2288 1314 2397 1368 τῶν
2424 1314 2523 1387 τὴν
2553 1317 2634 1379 είς
2667 1314 2830 1369 αὐτὸν
2862 1315 3045 1369 πίστιν
3070 1316 3448 1386 τετιμηκότων
3475 1317 3748 1390 δημιουρ-

2155 1407 2325 1479 γῆσαι
2356 1409 2454 1480 μὲν
2479 1408 2730 1480 οὐρανὸν,
2763 1408 2915 1479 ἥλιον
2940 1408 2997 1463 δὲ
3027 1408 3122 1464 καὶ
3160 1408 3415 1480 σελήνην,
3453 1410 3624 1481 ἤγουν
3655 1411 3753 1464 τὸν

2155 1500 2435 1572 περιφανῆ
2458 1501 2571 1554 τῶν
2597 1500 2843 1571 ἀστέρων
2877 1502 3036 1573 χορὸν
3062 1499 3353 1568 ἀναδεῖξαι,
3377 1501 3561 1556 κτίσαι
3581 1503 3751 1573 τυχὸν

2153 1594 2440 1662 ἀγγέλους,
2471 1593 2504 1662 ἢ
2537 1593 2662 1663 γῆν,
2694 1593 2728 1664 ἢ
2760 1593 2830 1646 τὰ
2860 1594 2920 1646 ἐν
2946 1593 3106 1664 αὐτῇ.
3158 1593 3473 1664 Τέτραπται
3502 1593 3613 1665 γὰρ
3640 1595 3748 1648 οὐκ

2153 1686 2213 1737 ἐν
2238 1685 2448 1749 τούτοις
2479 1686 2509 1738 ὁ
2536 1685 2631 1738 τοῦ
2661 1684 2820 1753 λόγου
2849 1685 3070 1751 σκοπὸς,
3113 1685 3230 1739 ἀλλ’
3260 1684 3347 1752 ἐφ’
3383 1679 3464 1749 οἷς
3491 1680 3561 1758 ἦν
3595 1687 3750 1751 εἰκὸς

2156 1775 2514 1843 συντείνεται,
2547 1775 2643 1829 καὶ
2684 1776 2784 1845 τῆς
2819 1774 3326 1847 ἀνθρωποπρεποῦς
3352 1776 3751 1848 λαμπρότητος

2149 1866 2210 1917 ἐν
2236 1864 2384 1937 δόξῃ,
2433 1866 2598 1936 φημὶ,
2651 1866 2748 1920 καὶ
2796 1867 3054 1938 ἁγιασμῷ
3082 1866 3144 1921 τὸ
3194 1867 3394 1939 μέτρον
3436 1868 3535 1938 οὐχ
3570 1868 3748 1938 ύπερ-

2146 1956 2351 2025 τρέχει.
2399 1956 2499 2010 Διὰ
2531 1956 2641 2028 γάρ
2667 1974 2750 2021 τοι
2794 1957 2953 2011 τοῦτο
3003 1957 3372 2027 περιστέλλων
3417 1957 3610 2030 ὥσπερ
3641 1959 3747 2014 τοῦ

2144 2048 2305 2118 λόγου
2358 2048 2450 2103 τὸν
2501 2050 2587 2119 ἐφ’
2633 2050 2772 2120 ὅπερ
2819 2049 2905 2104 ἄν·
2930 2067 3014 2114 τις
3066 2049 3308 2121 βούλοιτο
3364 2050 3599 2122 δρόμον,
3645 2053 3747 2106 καὶ

2147 2141 2330 2211 μόνοις
2354 2143 2469 2205 τοῖς
2498 2141 2628 2210 παρ’
2663 2140 2828 2195 αὐτοῦ
2856 2141 3177 2213 παραδόξως
3205 2141 3614 2212 τετελεσμένοις
3643 2142 3748 2197 ἐπὶ

2141 2232 2241 2302 τῆς
2274 2230 2398 2301 γῆς.
2449 2232 2538 2285 ὅτε
2583 2230 2806 2300 γέγονεν
2845 2229 3153 2302 ἄνθρωπος,
3186 2220 3297 2286 τῖὒν
3342 2231 3423 2284 ἔτι
3472 2230 3746 2302 μειζόνων

2140 2320 2593 2393 ἀντιπαρεξάγων
2618 2321 2678 2374 τὸ
2704 2320 2954 2391 μέγεθος,
2982 2340 3001 2373 ι
3020 2322 3087 2375 Ἃ
3110 2320 3221 2391 ἐγὼ
3248 2321 3550 2392 πεποίηκα,
3576 2323 3739 2392 φησὶ,

2141 2415 2381 2485 ποιήσει,
2437 2412 2533 2466 καὶ
2569 2412 2793 2483 μείζονα
2827 2412 3057 2468 τούτων.
3103 2432 3121 2464 ι
3183 2414 3261 2466 Οὐ
3305 2413 3417 2485 γὰρ
3462 2414 3739 2484 ἁτονήσας

2141 2506 2272 2577 περὶ
2307 2504 2377 2560 τὰ
2411 2504 2583 2576 μείζω
2615 2506 2776 2578 μέχρι
2803 2506 2913 2560 τῶν
2939 2507 3366 2578 τετελεσμένων,
3393 2506 3494 2577 τὴν
3523 2507 3740 2561 οἰκείαν

2138 2598 2408 2670 ἐπέστησε
2442 2598 2706 2670 δύναμιν,
2762 2599 3080 2664 ἐπιτελέσας
3123 2600 3181 2653 δὲ
3231 2599 3376 2671 ἅπερ
3419 2598 3591 2668 ἐχρῆν
3638 2600 3741 2652 καὶ

2137 2689 2346 2760 ὅσαπερ
2373 2688 2538 2760 τυχὸν
2572 2691 2652 2753 είς
2704 2691 2873 2762 μέσον
2916 2691 3292 2762 παρεκόμισεν
3324 2693 3354 2746 ὁ
3384 2690 3599 2762 καιρὸς,
3648 2689 3736 2744 ὅτι

2140 2780 2215 2851 μὴ
2246 2779 2438 2851 μέχρις
2468 2781 2696 2836 ἐκείνων
2722 2783 3068 2853 ἀφικνεῖσθαι
3096 2782 3323 2837 δύναται
3359 2782 3464 2852 τῆς
3499 2782 3737 2853 ἐνούσης

2135 2873 2387 2939 ἐξουσίας
2430 2874 2583 2946 αὐτῷ
2629 2874 2691 2928 τὸ
2741 2876 3102 2947 ἀπερινόητον
3135 2875 3366 2946 μέγεθος
3419 2873 3734 2928 ἐκδιδάσκει

2134 2965 2422 3038 χρησίμως
2454 2965 2543 3020 διὰ
2585 2965 2694 3021 τῶν
2723 2966 3051 3039 εἰρημένων.
3114 2966 3254 3022 Ἀλλ’
3291 2966 3399 3031 ῐνα,
3444 2964 3543 3038 τὴν
3570 2962 3732 3030 τάξιν

2131 3058 2243 3113 τῶν
2276 3058 2654 3131 προκειμένων
2685 3061 3045 3131 τηρήσαντες,
3073 3061 3140 3130 τῇ
3170 3059 3269 3130 τῆς
3292 3057 3491 3124 λέξεως
3521 3057 3733 3129 θεωρίᾳ

446 3144 502 3197 in
550 3143 714 3199 terris
759 3145 1132 3199 conversabar
1156 3183 1171 3211 ,
1207 3145 1320 3200 vixi
1352 3154 1414 3201 ut
1448 3146 1650 3212 homo,
1686 3164 1797 3204 non
1840 3156 2027 3219 aperte

2137 3151 2244 3207 τῶν
2289 3151 2658 3224 ἀκροωμένων
2704 3151 2799 3206 τὸν
2840 3150 2966 3207 νοῦν
3010 3153 3418 3224 έπιστήσωμεν,
3476 3169 3497 3204 ι
3528 3148 3729 3221 Ἀμην,

444 3234 672 3289 ωηιιίηο
719 3234 881 3309 vobis
933 3234 1157 3292 deitatis
1202 3252 1336 3294 meae
1384 3247 1715 3310 potestatem
1763 3242 2027 3310 ostendi;

445 3326 547 3380 sed
585 3333 640 3381 et
674 3326 898 3383 locutus
934 3342 1056 3383 sum
1081 3368 1096 3393 ,
1147 3337 1203 3384 et
1238 3330 1343 3387 feci
1373 3333 1775 3412 convenienter
1808 3335 2031 3390 humili-

447 3417 580 3473 tatis
626 3418 937 3474 conditioni
985 3428 1040 3475 et
1090 3419 1282 3477 formae
1330 3423 1547 3478 servili.
1582 3423 1858 3490 Quoniam
1901 3441 2030 3483 vero

443 3510 537 3562 illa
579 3508 801 3564 demum
851 3524 952 3581 pro
1005 3525 1071 3566 eo
1117 3527 1183 3566 ac
1225 3512 1457 3569 decebat
1504 3523 1724 3584 peracta
1759 3527 1931 3581 sunt,
1976 3525 2030 3572 et

442 3599 728 3670 impletum
763 3600 901 3656 mihi
936 3609 1023 3657 est
1058 3601 1494 3675 dispensationis
1534 3620 1663 3660 cum
1706 3621 1871 3662 carne
1912 3623 2029 3679 my-

443 3692 675 3747 sterium
707 3692 970 3764 (jamjam
997 3694 1143 3751 enim
1168 3706 1402 3752 mortem
1430 3698 1731 3767 perpetiar,
1757 3707 1811 3754 et
1842 3715 2027 3755 resur-

440 3797 562 3854 gam
587 3782 606 3856 )
632 3826 647 3852 ,
689 3786 956 3855 polliceor
998 3803 1086 3842 me
1114 3788 1276 3845 vobis
1316 3787 1575 3844 daturum
1617 3791 1826 3863 majora
1861 3809 2025 3863 quam

439 3889 561 3943 ιιιιεε
594 3890 691 3944 per
736 3892 823 3933 me
861 3875 1005 3933 facta
1038 3886 1201 3946 sunt,
1238 3877 1507 3934 miracula
1543 3878 1744 3935 edendi
1778 3888 2027 3952 potesta—

438 3974 572 4033 tein,
611 3967 855 4024 instante
877 3968 994 4040 jam
1020 3963 1270 4043 tempore
1294 3978 1350 4026 et
1377 3971 1663 4028 voluntate
1688 3987 1751 4028 ea
1780 3972 2024 4044 largicno

437 4063 514 4117 di.
553 4061 647 4118 Ibo
686 4063 890 4134 quippe
940 4062 1009 4118 ad
1047 4062 1268 4119 Patrem
1295 4104 1310 4131 ,
1351 4079 1725 4121 consessurus
1767 4065 2024 4122 videlicet

437 4163 994 4226 conregnaturusque
1026 4171 1151 4211 cum
1185 4171 1251 4212 eo
1276 4164 1335 4210 ut
1366 4155 1513 4213 Deus
1543 4173 1612 4214 ex
1645 4157 1778 4221 Deo,
1814 4157 2025 4212 incom-

437 4248 711 4315 prehensa
758 4247 967 4303 virtute
1013 4264 1079 4304 a':
1130 4253 1403 4321 potestate
1443 4248 1642 4304 amicis
1692 4248 1831 4305 meis
1876 4249 2020 4305 bona

436 4341 697 4411 largiens.
752 4359 770 4393 ι
818 4340 1122 4413 Quodcun,
1142 4358 1197 4397 se
1226 4341 1503 4412 petieritis
1527 4381 1543 4407 ,
1574 4342 1797 4411 inquit,
1832 4342 1886 4397 in
1919 4359 2021 4398 no-

432 4434 582 4489 mine
620 4447 767 4502 meo,
790 4433 902 4489 hoc
939 4432 1165 4497 iaciam,
1187 4452 1206 4485 ι
1244 4442 1471 4502 peracto
1500 4446 1748 4505 tempore
1777 4451 1888 4506 quo
1919 4452 2019 4493 ne-

2135 3245 2295 3317 φησὶ,
2325 3244 2469 3315 λέγω
2495 3244 2646 3314 ὑμῖν,
2676 3245 2706 3298 ὁ
2734 3243 3008 3299 πιστεύων
3037 3245 3118 3308 είς
3141 3243 3265 3314 ἐμὲ,
3296 3242 3365 3298 τὰ
3391 3242 3529 3315 ἔργα
3555 3240 3592 3295 ἃ
3614 3241 3731 3311 ἐγὼ

2133 3336 2293 3403 ποιῶ,
2316 3339 2568 3402 κάκεῖνος
2598 3338 2839 3410 ποιήσει,
2871 3338 2965 3393 καὶ
2998 3335 3222 3408 μείζονα
3247 3335 3453 3391 τούτων
3481 3337 3726 3406 ποιήσει,

2130 3429 2213 3483 ὅτι
2234 3427 2346 3498 ἐγὼ
2366 3430 2504 3502 πρὸς
2526 3431 2620 3485 τὸν
2646 3430 2865 3501 Πατέρα
2890 3431 3215 3503 πορεύομαι.
3250 3447 3269 3480 ι
3305 3424 3441 3482 Εἶτα
3461 3427 3516 3483 τί
3536 3427 3726 3494 τοῦτο,

2130 3520 2356 3591 φήσειεν
2390 3520 2456 3574 ἄν
2487 3537 2572 3584 τις
2609 3517 2719 3573 τῶν
2752 3519 3124 3591 ἀκροωμένων
3161 3517 3569 3588 ἐπιεικέστερον
3604 3515 3723 3589 [γρ.

2131 3609 2580 3683 ἐπιεικέστερος],
2608 3609 2670 3665 τὸ
2696 3610 3027 3681 πορεύεσθαί
3057 3627 3201 3682 φημι
3223 3610 3361 3682 πρὸς
3389 3609 3482 3663 τδν
3501 3610 3727 3680 Πατέρα

2127 3702 2220 3757 τὸν
2248 3702 2400 3768 Υίὺν,
2458 3702 2599 3774 πρὸς
2639 3702 2702 3756 τὸ
2753 3701 3015 3757 δύνασθαι
3056 3701 3356 3774 κατορθοῦν
3406 3702 3503 3756 καὶ
3534 3701 3606 3755 τὰ
3636 3701 3725 3755 ἔτι

2132 3791 2304 3865 μείζω
2327 3795 2437 3849 τῶν
2470 3794 2599 3864 παρ’
2626 3794 2790 3849 αὐτοῦ
2821 3794 3179 3866 δεδειγμένων
3204 3795 3332 3858 τοὺς
3361 3792 3722 3856 πιστεύοντας

2126 3887 2207 3951 είς
2241 3885 2440 3953 αὐτόν;
2495 3886 2708 3941 Οὐκοῦν
2741 3886 3134 3958 κεκρυμμένην
3167 3885 3292 3940 τινὰ
3338 3885 3575 3956 θεωρίαν
3604 3886 3722 3938 εἰσ-

2128 3976 2285 4049 φέρει
2309 3976 2372 4030 τδ
2412 3976 2721 4049 εἰρημένον.
2771 3977 2837 4029 Τί
2881 3971 2975 4030 οὖν
3006 3978 3154 4030 ἐστιν
3185 3978 3214 4032 ὅ
3248 3993 3402 4046 φησι,
3437 3976 3595 4047 δέχου
3626 3974 3721 4029 λέ-

2126 4090 2292 4144 γοντα
2316 4073 2477 4144 τυχόν
2493 4089 2508 4104 ·
2551 4067 2620 4125 Ὠ
2646 4071 2756 4127 τῶν
2790 4071 2939 4143 ἐμῶν
2967 4071 3237 4143 ὑπηρέται
3261 4070 3436 4139 λόγων
3462 4071 3556 4123 καὶ
3586 4072 3721 4139 γνή-

2127 4182 2231 4221 σιοι
2290 4166 2565 4237 φοιτηταὶ,
2620 4167 2730 4232 ἐως
2789 4166 2889 4237 μὲν
2936 4168 3034 4221 σὺν
3097 4167 3227 4237 ὑμῖν
3280 4164 3380 4230 τὰς
3432 4164 3721 4236 διατριϐὰς

2126 4259 2430 4332 ἐποιούμην
2464 4260 2557 4314 ἐπὶ
2584 4257 2685 4329 τῆς
2719 4259 2855 4331 γῆς,
2908 4258 3346 4329 ἐπολιτευσάμην
3388 4257 3464 4321 ὼς
3502 4256 3720 4325 ἄνθρω-

2125 4369 2246 4416 πος,
2293 4352 2395 4407 οὐκ
2440 4352 2676 4423 ἄκρατον
2720 4351 2850 4422 ὑμῖν
2894 4352 2994 4418 τῆς
3040 4350 3294 4422 θεότητος
3333 4351 3434 4421 τὴν
3463 4349 3718 4416 ἐξουσίαν

2124 4442 2491 4516 ἐπεδειξάμην
2519 4460 2533 4475 '
2572 4440 2724 4498 εἶπόν
2748 4460 2811 4499 τε
2837 4445 2930 4498 καὶ
2959 4444 3222 4516 πέπραχα
3250 4444 3569 4516 πρεπόντως
3595 4461 3718 4508 πως

432 4538 590 4579 cesse
630 4531 788 4591 erat,
828 4522 1052 4593 inquit,
1098 4523 1155 4576 in
1198 4523 1535 4581 humilitatis
1597 4523 1774 4580 forma
1818 4527 2016 4584 videri.

2137 4535 2224 4589 καὶ
2252 4533 2331 4606 τῷ
2355 4514 2456 4606 τῆς
2488 4535 2875 4600 ταπεινώσεως
2907 4514 3092 4607 μέτρω
3123 4514 3220 4589 καὶ
3248 4514 3327 4606 τῷ
3360 4537 3602 4607 σχήματι
3634 4535 3716 4606 τῷ

431 4613 590 4679 Quod
634 4613 868 4670 decebat
912 4613 1202 4669 observavi
1250 4622 1476 4685 propter
1501 4616 2015 4686 dispensationem:

2118 4626 2492 4700 δουλοπρεπεῖ.
2540 4626 2757 4699 Ἐπειδὴ
2787 4628 2845 4682 δὲ
2896 4626 3083 4707 λοιπὸν
3130 4630 3315 4682 ἐκεῖνα
3361 4627 3716 4699 καθηκόντως

306 4742 321 4757 ε
431 4720 581 4759 nunc
608 4719 742 4760 vero
765 4705 944 4775 palam
989 4716 1045 4761 ος
1092 4717 1280 4777 aperte
1322 4709 1589 4778 polliceor
1625 4725 1711 4765 me
1742 4710 2019 4767 facturum

2137 4719 2450 4785 τετέλεσται,
2503 4722 2599 4775 καὶ
2633 4705 2992 4793 πεπλήρωταί
3045 4738 3136 4791 μοι
3187 4721 3286 4794 τῆς
3323 4720 3461 4792 μετὰ
3510 4720 3716 4792 σαρκὸς

428 4813 492 4851 ea
517 4812 639 4868 qua:
665 4796 760 4852 Dei
793 4807 946 4864 sunt,
980 4801 1050 4853 ah
1078 4800 1182 4855 hac
1209 4808 1320 4856 tam
1353 4803 1558 4859 illustri
1584 4806 1765 4876 gloria
1797 4807 2015 4864 Patrem

2137 4810 2429 4882 ιίκονομίας
2454 4810 2516 4864 τὸ
2540 4811 2835 4882 μυστήριον
2857 4827 2872 4843 °
2926 4813 3186 4883 πείσομαι
3212 4812 3321 4883 γὰρ
3347 4814 3470 4865 ὅσον
3499 4811 3717 4863 οὐδέπω

430 4903 541 4941 non
576 4889 880 4944 excludens
906 4931 920 4956 ,
956 4890 1052 4948 sed
1105 4900 1164 4947 ut
1211 4894 1556 4964 gloriﬁcetur
1591 4899 1645 4951 in
1678 4896 1841 4953 Filio.
1878 4898 2015 4955 Nam

2137 4902 2209 4955 τὸν
2249 4901 2503 4969 θάνατον,
2544 4905 2640 4957 καὶ
2677 4903 3085 4976 ἐγερθήσομαιο
3142 4903 3453 4976 χαριεῖσθαι
3492 4904 3550 4957 δὲ
3583 4904 3716 4974 ὑμῖν

431 4981 607 5038 Filius
646 4982 693 5037 si
736 4985 1095 5055 glorificetur,
1145 4990 1372 5045 omnino
1407 4991 1462 5046 in
1494 5007 1562 5047 eo
1595 5008 1821 5063 quoque
1853 4991 2019 5050 Pater

429 5075 856 5146 gloriﬁcabitur.
890 5077 1092 5134 Filium
1117 5082 1323 5152 quippe
1347 5093 1545 5139 natura
1568 5102 1668 5140 sua
1694 5085 1864 5142 Deum
1892 5104 2014 5145 esse

429 5166 621 5221 multis
669 5172 832 5220 antea
878 5167 991 5237 jam
1039 5168 1483 5227 demonstratum
1527 5184 1652 5231 est:
1686 5177 1782 5232 sed
1814 5179 2013 5236 nihilo-

429 5257 612 5312 minus
642 5257 806 5312 etiam
838 5258 940 5314 hoc
970 5276 1033 5315 ex
1067 5277 1133 5317 eo
1163 5271 1315 5333 patet
1340 5265 1490 5334 quod
1527 5276 1852 5323 sanctorum
1889 5286 2015 5324 ora-

428 5349 606 5405 tiones
630 5351 887 5422 suscipit,
916 5353 1110 5424 eisque
1135 5371 1260 5424 quae
1316 5358 1576 5426 petierint
1609 5375 1675 5416 ac
1706 5362 1877 5417 velint
1903 5364 2015 5418 lar-

350 5505 358 5515 .
427 5442 593 5508 gitur.
628 5440 918 5508 Quomodo
948 5460 1083 5515 ergo
1117 5445 1280 5501 Pater
1313 5448 1366 5501 in
1402 5464 1468 5504 eo
1495 5465 1604 5504 non
1639 5452 2017 5521 gloriticetur?

428 5531 501 5587 Ut
526 5535 671 5588 enim
693 5535 819 5606 jure
846 5537 1091 5592 dedecus
1121 5538 1169 5592 ei
1198 5538 1419 5609 aliquod
1450 5542 1770 5607 inferretur,
1797 5549 1841 5602 si
1872 5546 2016 5605 lteus

427 5639 536 5679 non
558 5634 705 5681 esset
729 5636 928 5683 natura
955 5629 1001 5685 is
1026 5629 1124 5697 qui
1154 5646 1221 5685 ex
1248 5631 1369 5701 ipso
1393 5636 1691 5704 processit,
1714 5638 1797 5693 sic
1827 5640 2015 5710 gloria:

429 5719 661 5773 multum
687 5719 940 5787 accipiet,
968 5722 1015 5776 si
1042 5720 1211 5777 Deum
1231 5740 1423 5779 verum
1446 5725 1666 5793 habeat,
1694 5738 1747 5784 et
1773 5732 2009 5786 fructum

429 5823 495 5865 ex
531 5811 838 5867 substantia
873 5826 967 5867 sua
1005 5815 1390 5885 procedentem
1420 5858 1431 5883 ,
1477 5820 1567 5890 qui
1599 5827 1650 5876 ct
1682 5832 1891 5891 cuncta
1929 5824 2009 5879 fa-

2120 4994 2535 5065 ἐπαγγέλλομαι
2577 4992 2762 5049 καὶτὰ
2791 4994 2871 5049 ἔτι
2901 4996 3125 5067 μείζονα
3164 4997 3273 5050 τῶν
3312 4997 3379 5050 δι’
3414 4996 3553 5065 ἐμοῦ
3586 4996 3717 5049 θαυ-

2124 5091 2312 5158 μάτων
2347 5087 2606 5142 δύνασθαι
2640 5087 2918 5160 πληροῦν,
2968 5090 3236 5161 παρόντος
3283 5088 3362 5142 ἐτι
3393 5089 3486 5141 τοῦ
3515 5089 3715 5158 καιροῦ
3756 5158 3771 5163 _

2121 5182 2216 5234 καὶ
2240 5180 2336 5251 τῆς
2367 5182 2458 5234 ἐπὶ
2478 5180 2688 5246 τούτοις
2717 5180 3048 5253 φιλοτιμίας.
3074 5179 3421 5251 Πορεύσομαι
3441 5180 3551 5250 γὰρ
3576 5178 3716 5249 πρὸς

2119 5272 2211 5325 τὸν
2241 5272 2483 5342 Πατέρα,
2536 5271 2907 5343 συνεδρεύσων
2959 5272 3110 5342 αὐτῷ
3159 5270 3406 5341 δηλονότι
3448 5271 3545 5323 καὶ
3572 5286 3715 5341 συμ-

2122 5364 2480 5428 ϐασιλεύσων,
2510 5363 2586 5428 ὼς
2614 5364 2748 5429 Θεὸς
2779 5366 2844 5418 ἐκ
2875 5364 3032 5429 Θεοῦ,
3072 5363 3518 5432 ἀκατακαλύπτῳ
3546 5361 3713 5415 δυνά-

2126 5475 2217 5529 μει
2253 5459 2348 5511 καὶ
2377 5455 2613 5528 ἐξουσίᾳ.
2659 5500 2671 5513 .
2713 5498 2728 5512 .
2774 5500 2787 5513 .
2834 5496 2847 5511 .
2893 5498 2906 5511 .
2978 5457 3079 5527 τῆς
3122 5454 3363 5527 ἐμαυτοῦ
3398 5454 3616 5524 φύσεως
3653 5458 3716 5508 τὸ

2122 5548 2322 5602 διδόναι
2344 5552 2457 5612 τοῖς
2477 5549 2721 5619 γνησίοις
2745 5549 2815 5602 τὰ
2846 5550 3045 5617 ἀγαθά.
3086 5567 3104 5600 ι
3133 5549 3314 5619 Ὅπερ
3338 5547 3405 5603 ἂν
3422 5548 3711 5618 αἰτήσητε,

2124 5641 2309 5712 φησιν,
2357 5642 2449 5695 ἐπὶ
2493 5641 2570 5713 τῷ
2614 5642 2840 5713 ὀνόματί
2876 5660 2997 5712 μου,
3029 5640 3186 5695 τοῦτο
3216 5642 3453 5712 ποιήσω,
3489 5659 3507 5692 ι
3563 5655 3715 5692 τετε-

2120 5732 2382 5804 λεσμένον
2430 5734 2522 5787 τοῦ
2572 5734 2763 5805 καιροῦ
2792 5734 2914 5787 καθ’
2946 5734 3002 5789 ὃν
3040 5733 3169 5793 ἔδει,
3202 5733 3391 5802 φησιν,
3420 5733 3478 5784 ἐν
3507 5729 3587 5801 τῷ
3609 5732 3711 5800 τῆς

2118 5824 2498 5893 ταπεινώσεως
2542 5827 2824 5898 φαίνεσθαι
2857 5828 3113 5899 σχήματι.
3151 5826 3441 5901 Τετήρηκα
3472 5822 3533 5878 τὸ
3569 5821 3707 5893 πρέ-
