4006 6438
271 382 390 454 2.59
1283 372 1355 431 IN
1397 372 1688 434 JOANNIS
1726 376 2175 436 EVANGELIUM
2217 379 2343 436 LIB.
2387 381 2477 447 IX.
3216 402 3229 413 ι’
3465 382 3574 438 250

271 517 385 552 πον
413 498 508 552 διὰ
542 497 644 569 τήν
676 493 991 567 οἰκονομίαν
1017 511 1032 527 ·
1079 495 1199 548 νυνὶ
1227 493 1285 548 δὲ
1310 493 1498 549 λοιπὸν
1527 497 1847 551 ἀκατακαλύ

1988 515 2106 557 cere
2133 508 2187 556 et
2213 505 2432 559 caeteris
2464 512 2522 559 ut
2550 503 2690 559 mira
2714 502 3149 575 faciantlargiri
3185 502 3386 573 possit.
3413 500 3570 567 Quod

272 608 459 655 πτως,
501 590 578 654 ὡς
605 587 761 652 Θεὸς,
796 587 1114 660 ἔνεργήσειν
1161 586 1572 658 ἐπαγγέλλομαι
1614 588 1684 643 τά
1717 589 1850 643 Θεοῦ

1991 593 2031 648 si
2064 593 2131 648 ad
2166 594 2397 664 gloriam
2434 594 2615 652 Patris
2642 604 2858 666 spectat
2891 595 3096 651 Filium
3130 594 3335 649 divinis
3367 608 3573 664 praero-

268 684 338 735 οὑ
373 682 474 733 τὸν
524 680 747 751 Πατέρα
791 679 891 750 τῆς
919 678 1063 734 οὑτω
1091 679 1410 752 πρεπούσης
1440 681 1600 753 δόξης
1640 683 1843 748 ὲξωθού

1990 685 2181 756 gativis
2202 701 2329 743 esse
2350 689 2735 759 conspicuum,
2761 704 3013 759 quaenam
3041 688 3183 742 ratio
3205 685 3413 741 vetabit
3435 701 3572 754 quo-

273 793 466 845 μενος,
493 775 609 829 ἀλλ’
640 775 726 828 ἵνα
756 773 984 844 δοξασθῇ
1018 774 1076 826 ὲν
1101 773 1178 845 τῷ
1208 774 1343 846 Υίῷ.
1372 775 1740 847 Δοξαςομένου
1762 779 1855 851 γάρ

1976 777 2166 834 minus
2186 779 2499 849 puniendus
2527 781 2598 836 sit
2617 781 2931 847 haereticus,
2951 780 3046 850 qui
3073 776 3381 848 impudenti
3411 776 3556 831 blas-

270 867 368 921 τοῦ
390 858 763 937 γεννήματος,
792 865 1183 938 δοξασθήσεται
1213 867 1432 931 πάντως
1461 868 1696 939 ὲνοαὺτῷ
1725 869 1818 922 καὶ
1844 890 1852 921 ε

1992 869 2197 937 phemia
2228 872 2420 928 multis
2447 889 2574 929 eum
2614 875 2794 930 modis
2841 875 3067 929 elevare
3089 887 3199 925 non
3223 870 3299 926 sit
3325 869 3574 923 veritus?

272 962 553 1028 γεννήσας
597 958 779 1012 αὑτόν.
826 957 960 1021 Θεὸς
993 951 1104 1029 γ’άρ
1135 957 1202 1012 ἂν
1236 960 1378 1014 κατὰ
1405 960 1568 1027 φύσιν
1608 961 1854 1033 ὑπάρχωη

1988 958 2196 1016 Addam
2229 969 2286 1017 et
2316 963 2461 1017 aliud
2485 965 2632 1034 quod
2660 965 2880 1019 illormn
2911 961 3289 1034 ignorantiam
3316 966 3373 1014 et
3399 959 3570 1028 impec

267 1052 297 1103 ὁ
341 1051 479 1113 Υἱὸς
523 1052 621 1104 καὶ
651 1050 741 1104 διὰ
784 1050 994 1105 πολλῶν
1035 1051 1132 1121 μὲν
1176 1050 1379 1123 ἐτέρων
1411 1052 1824 1122 καταπέφανται

1986 1051 2161 1105 ritiam
2184 1068 2293 1108 non
2327 1055 2701 1120 mediocriter,
2735 1064 2795 1110 ut
2822 1071 2970 1120 reor,
3009 1059 3316 1124 Oppugnat.
3349 1049 3485 1104 Nam
3520 1049 3568 1104 si

265 1141 427 1195 οὐδὲν
480 1141 539 1195 δὲ
581 1137 747 1215 ἦττον
794 1142 890 1195 καί⁵
936 1141 1026 1197 διὰ
1057 1142 1150 1196 τοῦ
1195 1143 1446 1215 δέχεσθαι
1491 1143 1591 1215 μὲν
1632 1143 1731 1209 τὰς
1761 1146 1847 1199 τῶι

1989 1142 2177 1197 Filium
2214 1159 2539 1214 precamur,
2579 1154 2633 1201 et
2664 1147 2734 1201 ab
2772 1161 2841 1203 eo
2872 1146 3166 1216 petitiones
3203 1142 3478 1212 petimus,
3512 1145 3571 1194 et

265 1233 450 1299 ἁγίων
480 1233 670 1303 εὐχὰς,
713 1236 970 1304 χορηγεῖν
1015 1233 1072 1288 δὲ
1113 1235 1327 1302 αὑτοῖς,
1379 1235 1522 1306 ἅπερ
1556 1235 1622 1289 ἂν
1668 1239 1847 1291 αἰτοῖεε

1987 1235 2096 1305 ipse
2140 1235 2398 1291 daturum
2453 1252 2514 1292 se
2568 1226 2895 1308 pollicetur,
2956 1233 3235 1307 quomodo
3288 1230 3399 1286 non
3460 1228 3569 1286 erit

263 1324 367 1378 xui.
398 1324 699 1395 βούλοιντο.
754 1325 882 1389 Πῶς
927 1320 1021 1380 οὖν
1066 1327 1166 1380 οὑκ
1216 1326 1283 1381 ἂν
1325 1329 1354 1380 6
1388 1328 1575 1397 Πατὴρ
1621 1330 1680 1382 ὲν
1717 1330 1845 1401 αὑτᾷ

1983 1333 2177 1382 natura
2210 1327 2357 1384 Deus
2407 1334 2463 1383 et
2495 1344 2560 1384 ex
2602 1329 2710 1384 Deo
2742 1327 2985 1383 naturali
3045 1322 3317 1395 genitus?
3350 1319 3484 1375 Nam
3517 1319 3565 1376 si

260 1412 587 1483 δοξάζοιτο;
621 1415 841 1485 Ὥσπερ
863 1415 974 1486 γάρ
1011 1415 1107 1469 καὶ
1152 1417 1378 1479 εἰκότως
1421 1417 1488 1470 ἂν
1530 1418 1837 1490 κατεψέχθη

1983 1422 2293 1478 istiusmodi
2327 1423 2403 1479 ita
2436 1439 2497 1480 se
2534 1423 2735 1478 habere
2763 1438 2871 1478 non
2908 1420 3253 1479 existimant,
3283 1414 3381 1471 sed
3409 1426 3565 1468 crea—

261 1506 407 1559 Θεοῦ
436 1505 586 1559 κατὰ
609 1507 773 1576 φύσιν
801 1506 903 1560 οὑκ
929 1506 1082 1571 δντος
1109 1506 1203 1560 τοῦ
1234 1506 1587 1578 προελθόντος
1614 1509 1671 1576 ἐξ
1697 1510 1843 1564 αὑτοί

1982 1522 2090 1570 lum
2127 1515 2359 1582 dicunt,
2386 1531 2496 1587 qua
2530 1506 2584 1571 in
2622 1532 2680 1572 re
2717 1514 3038 1571 diﬂeremus
3076 1510 3242 1582 805
3271 1508 3340 1563 ab
3369 1508 3437 1563 iis
3466 1506 3564 1577 qui

258 1596 617 1666 γεννήματος
645 1612 660 1627 ο
710 1594 884 1660 οὕτως
914 1595 1070 1650 ἔσται
1099 1597 1234 1652 πολὺ
1273 1597 1393 1652 λίαν
1437 1599 1685 1671 εὐκλεὴς,
1732 1601 1840 1654 Θεὸ·

1979 1605 2167 1673 solem,
2197 1612 2293 1659 aut
2316 1607 2540 1671 cmlum,
2571 1606 2690 1662 sive
2713 1614 3097 1662 creaturarum
3126 1604 3369 1671 aliquam
3399 1599 3561 1652 aliam

260 1685 411 1756 ἔχων
436 1686 715 1757 ἀληθινὸν,
755 1689 851 1742 καὶ
874 1688 946 1742 τὰ
986 1689 1166 1743 πάντα
1197 1689 1448 1760 ἰσχύοντα
1477 1690 1609 1763 δρᾷν
1635 1682 1697 1745 τε
1724 1693 1842 1764 ὁμοί

1983 1693 2271 1748 invocant?
2299 1694 2540 1752 Tametsi
2566 1697 2714 1751 enim
2742 1693 3229 1751 inconsiderantiae
3263 1705 3378 1746 suae
3405 1688 3565 1743 dede-

258 1778 360 1832 καὶ
391 1777 609 1850 ἑτέροις
636 1779 959 1849 χαρίζεσθαι
988 1780 1077 1834 τὸν
1102 1782 1167 1835 ὲκ
1197 1781 1294 1852 τῆς
1326 1782 1514 1846 οὐσίας
1540 1783 1703 1837 αὑτοῦ
1729 1801 1840 1857 προ

1976 1798 2100 1840 core
2131 1785 2349 1842 confusi
2377 1793 2689 1843 creaturam
2726 1788 2947 1857 quidem
2974 1787 3155 1856 ipsum
3180 1798 3309 1839 esse
3330 1782 3524 1836 dicunt
3544 1818 3558 1842 ,

258 1871 495 1925 ελθόντα
515 1872 751 1943 καρπόν.
788 1873 853 1927 Εἰ
874 1872 930 1925 δὲ
957 1874 1036 1936 εἰς
1056 1872 1213 1937 δόξαν
1241 1873 1501 1927 συντείνει
1529 1873 1623 1928 τοῦ
1653 1874 1840 1946 Πατρὸί

1979 1877 2184 1933 :mteris
2212 1878 2502 1948 aequalem,
2539 1878 2635 1935 sed
2672 1894 2842 1950 supra
2870 1892 3063 1933 omnes
3089 1874 3390 1931 eminentia
3420 1886 3561 1938 qua»-

256 1964 322 2017 τὸ
352 1966 416 2017 ὲν
448 1966 564 2027 τοῖς
594 1963 961 2035 θεοπρεπέσιν
994 1964 1301 2035 ἀξιώμασιν
1332 1966 1563 2034 ὁρᾶσθαι
1591 1966 1683 2019 τὸν
1707 1966 1836 2021 Υἰὸν

1980 1968 2092 2024 iam
2116 1968 2407 2040 praeditum
2435 2009 2451 2037 ,
2480 1973 2661 2028 sciant
2691 1979 2874 2027 tamen
2933 1986 3007 2026 se
3049 1967 3417 2023 nihilominus
3455 1962 3562 2015 Pa-

258 2057 420 2120 ποῖος
464 2056 565 2110 τοῦ
604 2055 930 2121 κολάξεσθαι
962 2056 1117 2125 λόγος
1146 2056 1407 2124 ὲξελεῖται
1439 2058 1533 2111 τὸν
1562 2059 1836 2130 αἱρετικὸν

1980 2061 2068 2117 μτὶε
2097 2063 2332 2134 gloriam
2365 2064 2564 2133 laedere
2586 2105 2602 2127 ,
2656 2066 2707 2121 id
2743 2072 2828 2120 est
2861 2062 3068 2118 Filium
3097 2102 3112 2128 ,
3159 2059 3384 2131 quando
3417 2057 3562 2111 inter

256 2148 646 2218 ἀναισχύντοις
665 2147 998 2218 δυσφημίαις
1020 2147 1487 2219 κατασμικρύνειν
1508 2148 1671 2203 αὑτὸν
1698 2149 1832 2204 πολυ

1976 2163 2252 2211 creaturas
2281 2171 2408 2212 eum
2434 2157 2733 2214 collocant.
2760 2156 2874 2215 Nec
2906 2156 3053 2212 enim
3079 2154 3348 2225 quaeritur
3372 2160 3558 2206 utrum

252 2242 485 2313 τρόπως
516 2243 577 2295 οὑ
607 2240 1040 2306 καταδείσαντα;
1082 2240 1225 2312 Ἐρῶ
1255 2241 1311 2294 δὲ
1338 2241 1474 2312 πρὸς
1503 2241 1714 2305 τούτοις
1738 2243 1834 2296 ἔτει

1978 2261 2163 2316 magna
2193 2248 2288 2313 sit,
2324 2263 2393 2303 an
2421 2264 2589 2318 parva
2617 2258 2896 2311 creatura,
2925 2248 3019 2306 scd
3053 2263 3122 2302 an
3145 2246 3374 2303 omnino
3400 2258 3560 2299 erea-

254 2350 351 2403 ρον
394 2335 520 2396 ταῖς
555 2333 779 2387 ἐκείνων
815 2332 1196 2396 άπαιδευσίαις
1217 2333 1278 2386 οὑ
1318 2332 1578 2403 μετρίως,
1612 2334 1689 2397 ὡς
1714 2327 1836 2404 ὲγῷι

1974 2347 2087 2394 tum
2131 2342 2225 2406 sit,
2256 2357 2324 2396 an
2376 2358 2484 2396 non
2517 2344 2704 2412 potius
2732 2343 2875 2400 Deus
2914 2341 3220 2399 secundum
3264 2346 3518 2392 naturam
3541 2374 3556 2399 ,

254 2442 383 2495 μαι,
420 2425 755 2495 μαχόμενον.
800 2425 866 2480 Εἰ
894 2424 1004 2495 γάρ
1030 2422 1305 2495 εὐχόμεθα
1331 2423 1409 2494 τῷ
1436 2424 1570 2496 Υίῷ,
1604 2425 1700 2479 καὶ
1726 2442 1836 2498 παρ

1196 2422 1305 2477 ιεθα
1331 2423 1409 2494 τῷ
1436 2424 1570 2496 Υίῷ,
1604 2425 1700 2479 καὶ
1726 2427 1858 2498 παρ’
1964 2429 2111 2498 quod
2142 2446 2328 2484 verum
2357 2432 2580 2502 quidem
2609 2442 2713 2488 est.
2774 2492 2778 2497 ς

250 2518 425 2573 αὑτοῦ
461 2517 738 2589 ζητοῦμεν
766 2516 837 2571 τὰ
863 2518 1161 2588 αἰτήματα,
1207 2515 1302 2570 καὶ
1329 2516 1492 2582 αὐτὸς
1555 2517 1757 2576 διδόναι
1824 2523 2350 2591 κατεπαγγέλλεται,
2397 2524 2514 2588 πῶς
2560 2526 2660 2579 οὐκ
2726 2525 2793 2579 ἂν
2852 2524 2937 2594 είη
2977 2521 3136 2592 φύσει
3175 2520 3308 2583 Θεὸς
3352 2517 3448 2572 καὶ
3494 2519 3560 2571 ἐκ

249 2613 395 2668 Θεοῦ
418 2613 518 2667 τοῦ
541 2613 685 2667 κατὰ
713 2612 876 2682 φύσιν
899 2611 1327 2682 γεγεννημένος;
1364 2612 1559 2683 Είγάρ
1584 2613 1658 2684 μὴ
1719 2612 1892 2679 οὕτως
1966 2616 2110 2687 ἔχειν
2158 2618 2636 2689 ὑπολαμϐάνουσιν
2685 2617 2871 2678 αὑτὸν,
2917 2615 3143 2685 γενητὸν
3188 2613 3246 2665 δὲ
3288 2607 3430 2663 εἶναι
3471 2608 3559 2661 λέ-

252 2722 439 2775 γουσι,
482 2703 628 2757 κατὰ
652 2703 705 2756 τί
732 2702 1005 2771 διοίσομεν
1069 2700 1151 2755 ἔτι
1179 2701 1288 2755 τῶν
1324 2702 1773 2774 ἐπικαλουμένων
1830 2705 1923 2758 τὸν
1962 2706 2136 2777 ἥλιον,
2180 2708 2213 2779 ἢ
2249 2709 2339 2761 τὸν
2369 2708 2619 2780 οὐρανὸν,
2670 2708 2838 2779 ἤγουν
2869 2706 3055 2775 ἕτερόν
3088 2722 3140 2756 τι
3174 2701 3284 2756 τῶν
3319 2699 3552 2770 κτισμάο

245 2810 399 2858 nov;
435 2794 501 2847 Εἰ
521 2791 632 2864 γὰρ
658 2793 773 2857 καὶ,
801 2792 1008 2863 σφόδρα
1037 2790 1361 2861 κακούργως
1385 2793 1482 2864 τῆς
1513 2793 1722 2848 ἑαυτῶν
1744 2794 1967 2865 ἀλογίας
1991 2798 2054 2851 τὸ
2096 2800 2333 2864 ἀκαλλὲς
2391 2799 2827 2868 δυσωπούμενοι,
2864 2798 3071 2867 κτίσμα
3140 2795 3238 2865 μὲν
3306 2793 3555 2860 λέγουσιν

246 2884 419 2940 αὑτὸν
465 2885 529 2937 ὲν
563 2882 667 2954 ἴσῳ
699 2885 814 2947 τοῖς
845 2882 1025 2941 ἄλλοις
1058 2881 1374 2952 κτίσμασιν,
1411 2882 1744 2955 ἀσύγκριτον
1788 2884 1847 2938 δέ
1883 2903 2007 2941 τινα
2028 2888 2127 2958 τὴν
2160 2889 2303 2942 κατὰ
2327 2889 2544 2942 πάντων
2572 2887 2714 2958 ἔχειν
2742 2886 3016 2959 ὑπεροχήν
3041 2902 3055 2914 ·
3134 2882 3247 2936 ἀλλ’
3318 2881 3557 2936 ἴστωσαν

245 2980 329 3032 ὃτι
352 2976 517 3030 οὐδὲν
536 2969 701 3046 ἦττον
728 2972 977 3044 ὑϐριοῦσι
1007 2972 1108 3042 τὴν
1130 2972 1224 3026 τοῦ
1253 2972 1465 3045 Πατρὸς
1526 2973 1705 3040 δόξαν,
1768 2974 1916 3030 τοῦτ’
1953 2977 2071 3032 ἔστι
2089 2978 2181 3031 τὸν
2215 2978 2367 3042 Υἱὸν,
2398 2977 2514 3032 ἔστ’
2535 2979 2600 3033 ἂν
2626 2979 2791 3033 αὑτὸν
2821 2976 3135 3048 ἐναρίθμιον
3160 2973 3393 3041 λέγωσιν
3416 2969 3556 3032 εἶναι

245 3071 360 3134 τοῖς
414 3065 832 3137 πεποιημένοις.
882 3065 955 3118 Τὸ
985 3065 1092 3135 γὰρ
1126 3064 1458 3137 ζητούμενόν
1490 3066 1638 3120 ἐστιν
1665 3066 1767 3121 οὑκ
1799 3070 1849 3122 εἰ
1890 3068 2033 3139 μέγα
2070 3072 2234 3142 τυχόν
2278 3072 2425 3126 ἐστιν
2475 3071 2510 3142 ἢ
2571 3070 2765 3142 μικρὸν
2818 3069 3063 3139 ποίημα,
3114 3064 3229 3120 ἀλλ’
3295 3064 3347 3117 εἰ
3418 3065 3554 3131 ὅλως

246 3160 484 3232 γενητὸς
512 3156 608 3211 καὶ
640 3156 843 3228 μᾶλλον
882 3155 1005 3225 οὐχὶ
1031 3154 1163 3218 Θεὸς
1187 3155 1328 3209 κατὰ
1355 3155 1536 3224 φύσιν,
1566 3158 1705 3229 ὅπερ
1735 3159 1853 3213 ἐστὶ
1891 3161 1987 3214 καὶ
2015 3161 2237 3232 άληθές.

328 3248 483 3305 Ἐάν
524 3265 581 3305 τι
622 3246 912 3316 αἰτήσητε
951 3246 1022 3300 ἐν
1063 3245 1145 3313 τῷ
1188 3247 1439 3318 ὀνόματί
1472 3266 1621 3319 μου,
1669 3250 1847 3307 τοῦτο
1873 3257 1910 3314 C

2021 3252 2172 3317 XIV,
2227 3253 2307 3308 id.
2368 3253 2429 3309 Si
2469 3251 2595 3324 quid
2647 3251 2906 3322 petieritis
2944 3250 3000 3304 in
3038 3250 3250 3305 nomine
3289 3266 3424 3314 meo,
3459 3249 3554 3303 hoc

246 3345 515 3413 ποιήσω.
1188 3382 1201 3389 -

1953 3348 2172 3418 faciant.
3452 3378 3458 3387 ι

330 3433 847 3508 Ἀπημφιεσμένως
890 3435 992 3506 ήδη
1038 3434 1205 3507 φησὶν
1248 3436 1363 3501 ὄτι,
1408 3436 1541 3501 Θεὸς
1589 3438 1852 3511 ὑπάρχων

2023 3441 2232 3510 Aperte
2269 3440 2387 3511 jam
2426 3439 2505 3493 ait
2543 3454 2604 3494 se
2631 3479 2646 3505 ,
2698 3453 2824 3493 cum
2862 3437 3004 3492 Deus
3040 3437 3129 3493 sit.
3147 3450 3315 3492 verus
3341 3474 3357 3500 ,
3395 3434 3557 3490 facile

243 3528 530 3601 ἀληθινὸς,
559 3524 909 3596 προσδέξεται
940 3526 1037 3597 μὲν
1060 3528 1153 3581 καὶ
1171 3525 1293 3581 λίαν
1313 3529 1559 3594 εὐπετῶς
1580 3530 1678 3594 τὰς
1700 3549 1825 3602 napi

1975 3534 2175 3603 [uidem
2217 3547 2447 3589 suorum
2496 3545 2691 3602 preces
2731 3537 3090 3599 accepturum
3119 3567 3134 3594 ,
3193 3538 3248 3583 et
3301 3533 3557 3598 prompte

241 3622 359 3676 τῶν
398 3619 550 3674 ἰδίων
597 3617 788 3689 εὐχάς,
839 3619 1141 3690 χορηγήσει
1173 3617 1230 3672 δὲ
1273 3619 1368 3673 καὶ
1401 3620 1609 3696 σφόδρα
1643 3621 1817 3691 προθύ

1973 3624 2245 3680 idmodum
2281 3624 2609 3694 largiturum
2633 3637 2759 3692 quae
2792 3620 3075 3691 petierint,
3113 3619 3386 3689 spiritalia
3412 3619 3555 3672 dona

246 3730 391 3784 μως,
441 3711 592 3780 ἅπερ
627 3709 693 3765 ἂν
732 3710 1033 3781 βούλωνται
1076 3709 1284 3778 λαϐεῖν,
1331 3710 1647 3783 χαρίσματα
1671 3713 1727 3766 δὲ
1752 3713 1828 3785 δη-

1971 3717 2215 3773 iimirum
2247 3724 2301 3772 et
2334 3729 2579 3787 superna
2607 3713 2990 3769 munificentia
3021 3712 3207 3783 digna.
3234 3709 3426 3780 Neque
3457 3724 3553 3764 ve-

241 3805 429 3860 λονότι
456 3802 812 3877 πνευματικά
837 3802 934 3858 καὶ
979 3801 1082 3872 τῆς
1110 3797 1320 3857 ἄνωθεν
1351 3802 1662 3874 φιλοτιμίας
1699 3804 1823 3871 ἄξια

1973 3825 2014 3866 ὀ
2044 3818 2105 3864 ut
2130 3809 2322 3864 alienae
2350 3805 2713 3878 benignitatis
2743 3820 2808 3861 ac
2834 3803 3104 3859 bonitatis
3139 3801 3397 3856 minister
3439 3801 3555 3854 haec

240 3898 359 3953 Καὶ
392 3898 498 3968 οὑχ
525 3897 602 3960 ὡς
631 3896 731 3965 τῆς
766 3896 955 3967 ἑτέρου
988 3893 1403 3966 φιλανθρωπίας
1425 3894 1689 3963 διάκονος,
1723 3895 1822 3950 οὔτ

1970 3902 2067 3967 iit,
2116 3901 2215 3956 sed
2259 3908 2318 3954 ut
2358 3899 2454 3970 qui
2494 3899 2549 3953 in
2582 3904 2862 3969 potestate
2903 3909 3002 3951 sua
3057 3900 3263 3948 cuncta
3311 3892 3552 3960 habeat,

201 4060 205 4064 γ
244 3989 356 4063 μὴν
390 3991 472 4055 ὡς
516 3988 808 4059 ἀλλοτρίας
837 3987 1179 4058 ἡμερότητος
1225 3987 1501 4059 ὑπουργὸς
1525 3988 1595 4042 τὰ
1620 3988 1783 4043 τοιαῦί

1988 4006 2073 4045 um
2099 3989 2262 4045 Patre
2292 3997 2346 4045 et
2381 3991 2501 4058 ipse
2531 3989 2815 4044 exsistens
2839 4027 2853 4052 ,
2911 3986 2961 4040 is
2994 3999 3092 4054 pcr
3112 3997 3280 4053 quem
3315 3983 3501 4036 omnia
3533 4021 3570 4049 ,τ

242 4098 436 4153 φησιν,
470 4080 591 4134 ἀλλ’
619 4080 694 4144 ὡς
719 4078 859 4150 ἔχων
888 4079 947 4132 ὲν
973 4078 1192 4150 ἐξουσίᾳ
1216 4078 1284 4131 τὰ
1318 4077 1517 4141 πάντα,
1566 4079 1707 4148 μετὰ
1737 4080 1824 4133 Παη

1970 4089 2002 4137 :t
2030 4098 2062 4137 a
2097 4083 2257 4139 nobis
2289 4083 2344 4138 in
2382 4083 2555 4138 Deum
2583 4122 2598 4146 ,
2633 4088 2690 4136 et
2722 4080 2776 4134 in
2816 4093 2920 4133 nos
2956 4076 3029 4131 ab
3058 4076 3183 4146 ipso
3212 4075 3282 4130 “.
3337 4074 3552 4131 Idcirco

240 4173 372 4242 τρὸς
396 4171 501 4226 καὶ
532 4171 696 4234 αὑτὸς
728 4169 1014 4241 ὑπάρχων,
1046 4170 1075 4222 6
1099 4168 1165 4222 δι’
1193 4162 1255 4223 οὗ
1284 4169 1352 4222 τὰ
1377 4168 1578 4233 πάντα,
1610 4170 1763 4241 παρά
1786 4188 1822 4224 τῖ

1973 4174 2113 4229 :tiam
2138 4174 2348 4230 Paulus
2379 4173 2716 4245 coniunctas
2748 4170 2960 4241 pariter
2992 4168 3267 4224 bonorum
3301 4165 3555 4237 largitio-

239 4264 405 4336 ήμῶν
434 4265 520 4325 είς
549 4262 707 4325 Θεὸν,
744 4262 840 4316 καὶ
864 4263 944 4324 εἰς
972 4262 1121 4332 ἡμᾶς
1161 4261 1294 4333 παρ’
1321 4261 1510 4315 αὑτοῦ.
1565 4262 1664 4316 Διά
1689 4262 1821 4316 τοῦτα

1970 4280 2046 4322 tes
2084 4266 2268 4337 dignis
2300 4279 2518 4336 semper
2548 4270 2883 4333 apprecatur
2913 4299 2928 4326 ,
2982 4259 3178 4315 dicens
3223 4276 3237 4312 :
3297 4275 3317 4309 ι
3354 4255 3552 4313 Gratia

239 4356 338 4410 καὶ
388 4353 610 4418 Παῦλος
655 4355 745 4407 ἀεὶ
798 4352 1240 4422 συνεζευγμένας
1292 4351 1393 4416 τὰς
1453 4351 1564 4406 τῶν
1622 4353 1821 4421 ἀγαθῶ

1969 4356 2104 4414 vobis
2153 4364 2209 4413 et
2256 4371 2361 4427 pax
2399 4369 2430 4409 a
2465 4356 2577 4411 Deo
2625 4353 2790 4409 Patre
2820 4358 3019 4407 nostro
3058 4357 3114 4404 et
3153 4347 3388 4404 Domino
3419 4347 3551 4404 Jesu

237 4448 517 4519 χορηγίας
570 4448 687 4510 τοῖς
728 4444 905 4512 ἀξίοις
953 4443 1285 4514 ἐπεύχεται,
1338 4443 1515 4513 λέγων
1541 4460 1556 4476 ’
1620 4462 1639 4496 ι
1668 4444 1819 4518 Χάρι

1966 4450 2174 4506 lhristo
2216 4450 2282 4503 ⁸³.
2323 4468 2342 4502 ι
2391 4447 2581 4519 Neque
2613 4462 2747 4505 vero
2793 4444 3091 4517 quisquam
3141 4458 3292 4497 sana:
3346 4442 3548 4498 mentis

238 4540 369 4611 ὑμῖν
396 4540 494 4593 καὶ
515 4538 710 4609 εἰρήνη
741 4537 851 4592 ἀπὸ
873 4536 1084 4607 [ἰατρὸς
1114 4535 1270 4612 ήμῶν
1300 4536 1394 4588 καὶ
1425 4536 1630 4607 Κυρίου
1667 4537 1820 4608 ’ἰησοὶ

1963 4543 2224 4600 autaverit
2276 4540 2500 4597 Patrem
2559 4540 2794 4597 seorsim
2853 4537 3079 4607 quidem
3135 4534 3373 4606 gratiam
3439 4531 3545 4587 ali-

236 4600 509 4703 Ιίριστοῦ.
543 4600 585 4681 »-
612 4600 724 4682 Καὶ
766 4629 829 4682 οὑ
873 4628 937 4698 δή
969 4600 1052 4691 τις
1077 4600 1205 4681 νοῦκέ
1233 4626 1376 4697 ἔχων
1402 4600 1646 4698 οἰήσεται
1679 4600 1818 4682 πάλι

1967 4650 2110 4707 [uam
2165 4650 2232 4690 ac
2281 4633 2521 4690 seorsim
2568 4632 2771 4686 Filium
2828 4627 3094 4698 elargiri,
3137 4628 3233 4681 sed
3279 4640 3445 4680 unam
3483 4639 3549 4680 ac

235 4723 310 4786 ὡς
363 4721 479 4793 ἰδίᾳ
528 4720 626 4791 μέν
668 4737 792 4774 τινα
836 4719 998 4790 χάριν
1045 4717 1260 4773 δίδωσιν
1307 4718 1337 4770 ὁ
1375 4718 1587 4790 Πατὴρ,
1634 4718 1741 4790 ἰδίᾳ
1786 4720 1815 4773 δ

1968 4730 2195 4784 eamdem
2247 4741 2410 4791 esse,
2462 4727 2593 4781 licet
2645 4724 2715 4778 ab
2765 4733 3004 4791 utroque
3052 4719 3294 4775 dicatur.
3333 4718 3550 4774 Cuncta

236 4816 434 4887 ὥσπερ
484 4815 580 4868 καὶ
611 4812 718 4869 ἀνὰ
753 4811 921 4883 μέρος
971 4807 1039 4885 αὑ
1087 4810 1248 4865 πάλιν
1279 4811 1308 4863 6
1353 4810 1482 4874 Υἱός
1510 4828 1523 4841 ·
1578 4810 1694 4864 ἀλλ’
1725 4809 1818 4864 εστ

1963 4824 2154 4895 ιιιίρρο
2181 4821 2325 4876 bona
2351 4820 2536 4892 dignis
2577 4817 2877 4873 traduntur
2902 4829 2932 4869 a
2966 4813 3134 4870 Patre
3174 4827 3270 4883 per
3299 4810 3502 4867 Filium
3532 4854 3545 4880 ,

241 4905 340 4975 μὲν
391 4906 425 4975 ἡ
480 4904 623 4971 αὑτὴ
666 4904 762 4956 καὶ
814 4902 934 4972 μία,
983 4903 1034 4954 εἰ
1075 4902 1173 4955 καὶ
1223 4900 1293 4955 δι’
1344 4903 1548 4971 ἀμφοῖν
1597 4901 1818 4970 λέγεται

1959 4923 2001 4971 at
2029 4914 2345 4969 divinarum
2377 4912 2684 4984 gratiarum
2720 4908 2779 4963 ﬁt
2809 4906 3139 4963 distributio
3163 4946 3179 4971 ,
3211 4920 3324 4960 non
3357 4915 3541 4960 tamen

236 4997 487 5050 Ποιεῖτσ;
514 4994 648 5064 γοῦν
679 4996 831 5065 ὅμως
854 4994 922 5048 τὰ
968 4993 1339 5073 πάντακπαρὰ
1369 4995 1582 5066 Πατρὸς
1609 4995 1676 5049 δι’
1709 4995 1818 5050 Υἱοὶ

1969 4998 2208 5077 anquam
2243 5020 2340 5076 per
2362 5004 2683 5060 ministrum
2713 5042 2728 5067 ,
2776 5001 2874 5057 sed
2905 5015 3005 5071 per
3039 5013 3163 5054 eum
3201 4999 3296 5067 qui
3328 4999 3548 5053 conlat-

233 5089 346 5150 τοῖς
393 5084 574 5150 ἀξίοις
608 5084 677 5138 τὰ
706 5083 910 5153 ἀγαθὰ,
953 5084 1046 5137 καὶ
1076 5086 1109 5154 ἡ
1140 5084 1248 5138 τῶν
1291 5085 1452 5139 θείων
1481 5087 1815 5158 χαρισμάτω

1964 5096 2091 5165 ςίιοι·
2132 5096 2493 5167 intelligatur,
2530 5101 2587 5148 et
2623 5099 2709 5148 est
2736 5107 2882 5147 vere.
2919 5088 3039 5145 Una
3057 5089 3333 5159 siquidem
3371 5088 3546 5143 deita-

233 5177 496 5248 διανομὴ,
550 5177 652 5230 οὑκ
700 5178 760 5230 ὲν
812 5176 1118 5246 ὑπουργίας
1158 5178 1311 5242 τάξει
1368 5178 1815 5251 παραληφθέντος

1958 5190 2016 5243 ,is
2040 5197 2236 5244 natura
2270 5197 2357 5244 est
2385 5195 2552 5259 atque
2582 5186 2656 5240 ita
2681 5185 2953 5240 creditur.
2974 5183 3131 5238 Licet
3160 5180 3311 5236 enim
3342 5189 3540 5236 exten-

232 5270 497 5341 καθάπερ
541 5270 871 5342 εἰρήκαμεν,
924 5269 1039 5322 ἀλλ’
1073 5269 1151 5333 ὡς
1184 5271 1509 5342 συνδοτῆρπ
1555 5274 1651 5326 καὶ
1702 5289 1814 5342 συγ-

1959 5280 2109 5335 latur
2147 5281 2202 5334 in
2249 5279 2469 5343 Patrem
2505 5288 2561 5333 et
2591 5276 2793 5332 Filium
2832 5291 2896 5331 ac
2933 5283 3188 5330 sanctum
3223 5271 3492 5342 Spiritum
3524 5308 3541 5334 ,

234 5361 480 5436 χορηγοῦ
508 5362 805 5433 νοουμένου
834 5380 893 5416 τε
920 5361 1016 5416 καὶ
1045 5362 1385 5433 ὑπάρχοντος
1440 5364 1546 5436 [αι.
1594 5365 1816 5436 ἐνυπάρ

1960 5385 2290 5441 tequaquam
2349 5379 2535 5425 tamen
2594 5368 2990 5438 unusquisque
3042 5366 3112 5418 ab
3149 5365 3325 5417 altero
3379 5362 3542 5430 plane

230 5455 447 5527 χοντος]
484 5455 722 5527 ἀληθῶς.
769 5455 886 5509 Μία
913 5454 1023 5525 γὰρ
1052 5456 1083 5521 ἡ
1117 5454 1220 5524 τῆς
1248 5454 1500 5526 θεότητος
1532 5455 1695 5525 φύσις
1718 5460 1811 5510 ἐστ

1955 5462 2226 5517 iiducitur
2253 5469 2419 5531 atquc
2443 5468 2756 5532 separatur.
2791 5459 2966 5514 Recte
2997 5456 3208 5526 quippe
3232 5454 3537 5508 sentientes

229 5566 286 5602 τε
330 5548 431 5604 καὶ
468 5546 618 5602 οὕτω
655 5544 996 5600 πιστεύεται.
1037 5544 1158 5598 Κᾶν
1189 5544 1298 5614 γὰρ
1332 5546 1412 5609 είς
1444 5546 1665 5618 Πατέρα
1698 5547 1808 5602 πλα

1952 5555 2191 5611 dicemus
2220 5570 2286 5610 ex
2327 5554 2489 5610 Patre
2519 5569 2644 5610 esse
2680 5562 2735 5609 et
2788 5552 2842 5604 in
2874 5547 3042 5603 Patre
3080 5543 3408 5599 naturaliter
3442 5542 3534 5598 Fi-

231 5642 462 5712 τύνηται
508 5637 608 5692 καὶ
645 5637 777 5692 Υῑὸν
816 5638 912 5691 καὶ
937 5636 1021 5701 εἰς
1059 5636 1122 5690 τὸ
1152 5636 1376 5707 Πνεῦμα
1402 5638 1463 5692 τὸ
1494 5640 1666 5709 ἅγιον,
1717 5641 1813 5695 ἀλλ

1951 5647 2099 5716 lium,
2136 5663 2202 5703 cx
2234 5662 2411 5719 coque
2438 5653 2491 5703 ct
2522 5646 2578 5701 in
2607 5659 2696 5710 eo,
2726 5653 2778 5699 ct
2806 5641 2897 5713 qui
2930 5637 3189 5710 proprius
3212 5634 3337 5706 ejus
3369 5642 3533 5706 atque

304 5815 351 5849 “
386 5815 404 5870 l
438 5816 572 5872 Cor.
608 5832 731 5881 vui,
770 5816 824 5870 6.
905 5815 948 5848 ³⁸
988 5812 1222 5887 Philipp,
1264 5830 1303 5879 ι,
1345 5814 1398 5869 2.
