4006 6436
519 371 622 427 251

3394 336 3421 347 \

1523 360 1579 416 S.
1624 357 1900 419 CYRILLI
1940 355 2415 413 ALEXANDRINI
2456 356 2778 414 ARCIHEI'.
3678 365 3793 422 ξω-

514 480 637 534 Filii
665 483 753 534 est
782 481 1042 533 sanctum
1083 472 1376 545 Spiritum.
1407 470 1545 529 Cum
1574 472 1743 543 igitur
1775 485 1887 526 una
1933 470 2006 525 sit
2049 478 2104 525 et

2211 472 2309 525 οὐκ
2355 471 2468 542 ἔχει
2517 473 2608 525 τὸν
2662 471 2900 526 εἰσάπαν
2956 470 3050 524 καὶ
3108 468 3416 544 ὁλοκλήρως
3461 472 3766 547 διασπασμὸν

515 570 866 641 intelligatur
892 568 1204 625 secundum
1241 573 1495 620 naturam
1536 565 1714 620 deitas
1735 607 1750 631 ,
1781 578 1876 634 per
1911 562 2104 616 Filium

2219 564 2311 619 τὸν
2342 568 2420 630 εἰς
2450 566 2680 619 ἕκαστον
2717 564 2829 619 τῶν
2861 550 3280 636 σημαινομένων
3312 566 3469 637 φημί.
3519 570 3765 622 Διακεισό-

517 680 548 719 a
582 662 754 718 Patre
806 661 863 716 in
914 662 1122 732 Spiritu
1173 660 1355 730 dignis
1386 672 1580 714 eorum
1615 656 1761 711 dona
1807 656 2115 719 tradentur,

513 766 570 811 et
599 762 789 810 nostra
812 755 865 808 in
901 754 1069 808 Deum
1098 753 1426 817 referentur,
1451 750 1729 805 mediante
1754 749 2013 804 nimirum
2033 746 2119 802 Fi-

514 846 610 900 lio.
630 846 802 901 Nemo
827 846 974 900 enim
999 845 1147 899 venit
1168 844 1335 914 806
1365 842 1430 896 ad
1455 841 1696 910 Patrem,
1717 842 1824 896 nisi
1849 857 1947 912 per
1964 857 2114 909 eum,

515 936 663 992 sicut
684 937 801 1006 ipse
825 936 1082 991 nimirum
1112 935 1286 1004 palam
1322 934 1612 1004 professus
1644 942 1749 989 est.
1779 931 1958 987 Jauua
1985 948 2117 1004 ergo

515 1037 571 1084 et
595 1030 684 1083 via
714 1028 970 1082 amicitiae
997 1042 1122 1081 cum
1158 1025 1270 1080 Deo
1306 1041 1372 1080 ac
1400 1025 1565 1081 Patre
1593 1026 1695 1080 fuit
1724 1034 1780 1081 et
1807 1035 1896 1081 cst
1918 1025 2113 1090 Filius,

513 1122 568 1175 et
597 1119 726 1175 doni
753 1119 901 1187 quod
924 1119 994 1172 ab
1018 1119 1139 1188 ipso
1167 1118 1513 1189 conlargitor
1545 1119 1712 1173 simul
1742 1128 1908 1189 atque
1934 1119 2116 1174 distri-

514 1212 714 1277 butor,
756 1218 817 1263 ut
858 1225 925 1265 ex
958 1224 1066 1263 una
1114 1209 1283 1264 simul
1317 1217 1373 1264 et
1426 1212 1711 1265 communi
1755 1210 2110 1279 benignitate.

514 1298 631 1356 Una
657 1302 860 1371 quippe
886 1311 970 1356 est
998 1300 1225 1356 deitatis
1258 1310 1458 1354 natura
1493 1302 1545 1354 in
1580 1317 1821 1371 persona
1856 1310 1910 1355 et
1938 1303 2111 1372 hypo-

510 1395 650 1449 stasi
682 1392 868 1448 Patris
906 1400 961 1447 et
1003 1391 1129 1446 Filii
1176 1393 1467 1462 sanctique
1497 1393 1759 1463 Spiritus.
1806 1393 1946 1460 Quia
1985 1410 2113 1449 vero

511 1485 841 1539 inusitatum
891 1483 1075 1539 adhuc
1115 1492 1233 1539 erat
1284 1484 1530 1554 antiquis
1565 1484 1783 1557 Patrem
1827 1485 1981 1539 adire
2018 1502 2112 1555 per

512 1575 718 1632 Filium
742 1617 757 1643 ,
790 1577 935 1631 istud
962 1591 1184 1647 quoque
1227 1578 1435 1631 utiliter
1466 1578 1667 1641 docet,
1704 1593 1768 1632 ac
1792 1577 1942 1647 jacto
1964 1579 2111 1633 velut

511 1668 759 1738 quodam
803 1668 968 1724 istius
1001 1669 1079 1723 rei
1125 1668 1180 1722 in
1216 1669 1333 1724 suis
1377 1669 1677 1738 discipulis
1712 1667 2109 1737 fundamento,

510 1759 670 1815 tidem
701 1774 764 1815 ac
797 1759 1157 1829 disciplinam
1189 1759 1355 1813 etiam
1392 1759 1446 1813 in
1490 1775 1591 1815 nos
1636 1760 1785 1829 ipsos
1815 1762 2108 1815 transmit-

507 1851 597 1914 tit,
634 1867 699 1906 ac
733 1852 1073 1922 precationis
1106 1852 1328 1905 modum
1352 1859 1406 1905 et
1439 1866 1591 1921 spem
1615 1850 1955 1908 manifestat.
1989 1852 2107 1923 Ipse

509 1959 752 2014 namque
780 1960 904 2014 qua:
949 1944 1179 2013 petituri
1215 1944 1426 1997 orando
1453 1959 1649 1999 sumus
1676 1986 1691 2010 ,
1737 1945 2001 2000 daturum
2046 1963 2107 2002 se

511 2038 840 2107 pollicetur,
885 2038 938 2093 id
979 2038 1209 2106 insuper
1248 2036 1457 2091 addens
1503 2052 1721 2107 quoque
1766 2037 1985 2092 caeteris
2033 2038 2100 2093 ad

509 2129 1006 2185 demonstrandam
1054 2129 1163 2186 sibi
1202 2144 1232 2183 a
1266 2136 1464 2183 natura
1495 2130 1717 2185 insitam
1753 2129 2105 2186 divinitatem

506 2230 952 2293 potestatemque
988 2223 1216 2293 regiam.

2223 657 2363 729 μεθα
2391 657 2500 728 γὰρ
2529 656 2854 729 φρονοῦντες
2901 657 3081 729 ὀρθῶς
3112 657 3187 720 ὼς
3232 658 3296 710 ἐκ
3330 658 3536 728 Πατρός
3573 660 3630 713 τέ
3670 664 3767 715 ἐστι

2220 752 2316 803 καὶ
2344 750 2402 803 ἐν
2450 749 2626 820 Πατρί
2678 748 2924 817 φυσικῶς
2968 751 2997 801 6
3041 748 3188 812 Υἱὸς,
3239 748 3298 812 ἐξ
3330 747 3491 802 αὐτοῦ
3525 768 3579 804 τε
3609 754 3694 804 καὶ
3720 754 3768 806 ἐν

2219 843 2389 914 αὐτῷ,
2443 842 2539 896 καὶ
2585 843 2647 897 τὸ
2678 843 2806 896 ἴδιον
2848 842 3014 895 αὑτοῦ
3040 859 3101 894 τε
3128 841 3223 895 καὶ
3268 840 3362 894 τοῦ
3397 841 3523 895 Υἰοῦ
3552 844 3766 915 Πνεῦμα,

2216 935 2365 988 τοῦτ’
2395 934 2531 1000 ἔστι,
2576 935 2638 988 τὸ
2668 937 2844 1003 ἅγιον.
2896 935 3044 998 Μιᾶς
3072 933 3363 1004 τοιγαροῦν
3408 933 3567 1005 οὔσης
3595 952 3650 988 τε
3689 938 3769 990 καὶ

2218 1029 2513 1098 νοουμένης
2560 1026 2661 1091 τῆς
2691 1025 2831 1080 κατὰ
2876 1025 3340 1096 φύσινθεότητος,
3388 1026 3453 1078 δι’
3480 1025 3603 1078 Υἰοῦ
3640 1029 3767 1096 παρά

2218 1120 2431 1191 Πατρὺς
2452 1120 2509 1171 ἐν
2534 1118 2811 1190 Πνεύματι
2842 1122 2955 1181 τοῖς
2989 1119 3159 1184 ἀξίοις
3183 1119 3251 1173 τὰ
3283 1119 3411 1184 παρ’
3435 1118 3609 1181 αὐτοῖς
3628 1136 3770 1190 χορη-

2215 1210 2535 1282 γηθήσεται,
2590 1211 2683 1262 καὶ
2731 1209 2800 1262 τὰ
2845 1209 2973 1281 παρ’
3023 1209 3181 1279 ήμῶν
3222 1210 3298 1271 εἰς
3339 1207 3469 1261 Θεὸν
3501 1209 3771 1280 ἀπενεχθήο

2218 1321 2391 1368 σεται,
2452 1302 2826 1374 μεσιτεύοντος
2866 1301 3108 1371 δηλονότι
3150 1301 3244 1355 τοῦ
3285 1301 3434 1355 Υίοῦ.
3478 1302 3656 1365 Οὐδεὶς
3680 1303 3771 1376 γὰρ

2215 1394 2436 1464 ἔρχεται
2466 1394 2604 1463 πρὸς
2636 1394 2727 1448 τὸν
2761 1394 2998 1464 Πατέρα,
3049 1395 3097 1446 εἰ
3131 1394 3206 1466 μὴ
3236 1394 3303 1447 δι’
3334 1392 3519 1457 αὑτοῦ,
3550 1395 3773 1464 καθάπερ

2214 1485 2409 1555 ἀμέλει
2465 1483 2840 1553 διωμολόγηκε
2874 1483 2969 1537 καὶ
2999 1484 3182 1547 αὑτός.
3213 1483 3365 1554 Θύρα
3395 1483 3666 1554 τοιγαροῦν
3693 1485 3774 1538 καὶ

2213 1578 2331 1641 ὁδὸς
2375 1578 2473 1647 τῆς
2506 1576 2643 1648 πρὸς
2674 1576 2806 1629 Θεὸν
2850 1576 2946 1629 καὶ
2972 1576 3190 1647 Πατέρα
3229 1576 3413 1644 φιλίας
3441 1593 3498 1629 τε
3526 1575 3653 1645 ὁμοῦ
3697 1577 3775 1628 καί

2215 1671 2442 1743 προόδου
2492 1670 2680 1739 γέγονέ
2729 1686 2789 1723 τε
2838 1670 2935 1724 καὶ
2971 1669 3116 1722 ἔστιν
3143 1670 3172 1722 6
3219 1669 3369 1732 Υἱὸς,
3419 1670 3513 1721 καί
3541 1669 3632 1737 τῆς
3663 1677 3774 1738 παρ’

2213 1764 2379 1818 αὐτοῦ
2412 1765 2622 1834 δωρεᾶς
2659 1763 2921 1833 συνδοτήρ
2969 1779 3029 1814 τε
3063 1761 3197 1832 όμοῦ
3231 1762 3325 1814 καὶ
3362 1762 3667 1831 διανομεὺς,
3712 1760 3776 1823 ὡς

2215 1860 2279 1912 ἐκ
2316 1859 2443 1927 μιᾶς
2473 1874 2529 1909 τε
2560 1856 2675 1925 ἅμα
2724 1856 2816 1909 καὶ
2870 1854 3058 1924 κοινῆς
3099 1854 3430 1925 φιλοτιμίας.
3480 1855 3592 1909 Μία
3626 1853 3775 1924 γάρὴ

2213 1952 2310 2020 τῆς
2359 1949 2612 2019 θεότητος
2661 1948 2823 2015 φύσις
2872 1950 2928 2000 ἐν
2963 1947 3243 2018 προσώπῳ
3291 1966 3352 2000 τε
3390 1949 3483 2001 καὶ
3513 1946 3777 2000 ὑποστάσει

2213 2042 2429 2114 Πατρός
2472 2058 2532 2093 τε
2576 2040 2672 2093 καὶ
2701 2040 2831 2093 Υίοῦ
2878 2041 2974 2094 καὶ
3005 2041 3161 2109 ἁγίου
3192 2040 3532 2111 ιΙνεὺματος.
3589 2039 3778 2110 Ἐπειδὴ

2214 2135 2271 2187 δέ
2293 2130 2563 2202 ἀσύνηθές
2589 2148 2707 2194 πως
2729 2132 2840 2193 τοῖς
2871 2130 3249 2202 ἀρχαιοτέροις
3275 2133 3372 2185 καὶ
3393 2131 3781 2203 ἀνεπιτήδευτον

2211 2223 2279 2297 ἦν
2310 2224 2476 2278 ἔτιτὸ
2502 2224 2569 2277 δι’
2605 2222 2738 2276 Υἰοῦ
2785 2223 3186 2293 προσέρχεσθαι
3217 2223 3294 2295 τῷ
3332 2226 3528 2293 Πατρὶ,
3567 2224 3780 2279 διδάσκει

507 2315 602 2371 καὶ
633 2315 813 2369 τοῦτο·
841 2317 1150 2389 χρησίμως,
1197 2316 1290 2368 καὶ
1332 2314 1523 2387 ὥσπερ
1567 2316 1690 2370 τινὰ
1725 2320 1966 2389 κρηπῖδα
2007 2320 2102 2374 τοῦ
2141 2318 2469 2393 πράγματος
2536 2320 2594 2371 ἐν
2623 2319 2737 2380 τοῖς
2809 2317 2958 2380 ἰδίοις
2999 2316 3270 2386 μαθηταῖς
3323 2316 3779 2387 προκαταόάλλων,

505 2411 602 2466 καὶ
646 2411 743 2484 τὴν
776 2412 870 2465 ἐπὶ⁹
902 2411 1078 2482 τούτῳ
1126 2412 1309 2465 πίστιν
1355 2427 1415 2462 τε
1451 2412 1545 2464 καὶ
1612 2412 1868 2482 μάθησιν,
1916 2415 2011 2469 καὶ
2063 2419 2144 2481 εἰς
2214 2418 2361 2487 ἡμᾶς
2409 2415 2607 2477 αὐτοὺς
2658 2413 3023 2484 παραπέμπει
3068 2414 3163 2467 καὶ
3211 2413 3309 2481 τῆς
3362 2414 3660 2485 προσευχῆς
3703 2412 3780 2466 τὸν

504 2504 709 2576 τρόπον
738 2504 832 2558 καὶ
861 2507 961 2575 τῆς
993 2503 1209 2567 ἐλπίδος
1234 2502 1332 2574 τὴν
1358 2504 1609 2574 δήλωσιν.
1654 2504 1972 2561 Ἐπιδώσειν
1998 2509 2109 2581 γὰρ
2146 2510 2311 2572 αὐτὸς
2353 2509 2420 2561 τὰ
2468 2509 2526 2560 ἐν
2564 2507 2749 2576 εὐχαῖς
2781 2507 2911 2575 ἡμῖν
2979 2504 3401 2573 ἐπαγγέλλεται,
3446 2505 3639 2576 δεῖγμα
3696 2504 3783 2575 τῆς

505 2598 649 2653 κατά
675 2599 836 2667 φύσιν
858 2596 1105 2667 θεότητος
1140 2596 1235 2648 καὶ
1260 2595 1360 2663 τῆς
1388 2595 1614 2666 ἐνούσης
1641 2597 1790 2667 αὐτῷ
1811 2598 2100 2670 βασιλικῆς
2140 2601 2392 2667 ἐξουσίας
2426 2598 2517 2653 καὶ
2548 2597 2710 2650 τοῦτο
2746 2600 2857 2661 τοῖς
2889 2597 3070 2661 ἄλλοις
3108 2597 3450 2668 προστιθείς.

573 2709 719 2777 XIV,
751 2710 836 2765 i5.
870 2709 928 2764 Si
959 2708 1190 2781 diligitis
1223 2726 1324 2776 me,
1359 2712 1619 2763 mandata
1651 2727 1764 2765 mea
1796 2724 2025 2768 servate.

573 2845 711 2902 Cum
740 2844 978 2916 jusserit
999 2853 1059 2899 ut
1086 2844 1179 2916 qui
1208 2844 1431 2915 petituri
1463 2854 1618 2912 sunt,
1663 2846 1718 2900 in
1754 2848 1979 2905 nomine
2001 2866 2100 2906 suo

504 2951 735 3014 petant,
781 2951 834 2997 et
869 2943 1189 3011 petentibus
1242 2942 1576 3012 largiturum
1624 2958 1685 2997 se
1728 2943 2105 3014 quodcunque

506 3037 678 3091 velint
718 3035 1053 3106 polliceatur
1078 3075 1093 3100 ,
1142 3034 1196 3089 id
1228 3034 1504 3105 imprimis
1533 3041 1693 3089 cavet
1725 3049 1796 3090 ne
1833 3036 2105 3091 mentitus

508 3128 780 3194 videatur,
804 3135 1031 3197 propter
1067 3126 1271 3196 impias
1303 3127 1772 3181 calumniatorum
1805 3142 1988 3182 voces.
2016 3126 2094 3180 Ex

2291 2717 2432 2774 Ἐὰν
2470 2716 2737 2788 ἀγαπᾶτέ
2770 2734 2867 2786 με,
2905 2715 3013 2783 τὰς
3040 2715 3301 2783 ἐντολάς
3334 2735 3456 2787 μου
3495 2718 3782 2787 τηρήσετε.

2278 2855 2494 2927 Χρῆναι
2523 2856 2620 2924 μὲν
2652 2855 2825 2907 αἰτεῖν
2855 2850 3186 2922 εὐχομένους
3218 2849 3318 2904 ἐπὶ
3345 2849 3426 2921 τῷ
3455 2850 3672 2920 ὀνόματι
3700 2849 3783 2904 αὑ-

2206 2945 2299 3000 τοῦ
2347 2944 2700 3015 διατεταχὼς,
2751 2944 3079 3013 χορηγήσειν
3113 2940 3171 2993 δὲ
3206 2943 3327 3004 τοῖς
3371 2940 3613 2995 αἰτοῦσιν
3642 2939 3783 3002 αὐτὸς

2205 3038 2342 3107 ὅπερ
2374 3037 2439 3091 ἂν
2466 3036 2766 3107 βούλωνται
2814 3032 3000 3087 λαϐεῖν
3047 3032 3509 3104 ὑπισχνούμενος,
3554 3031 3783 3102 φροντίδα

2219 3132 2453 3183 ποιεῖται
2484 3127 2684 3198 πολλὴν
2712 3125 2805 3179 τοῦ
2840 3126 2915 3196 μὴ
2943 3124 3331 3195 διαψεύδεσθαι
3360 3125 3562 3190 δοκεῖν,
3592 3124 3675 3178 διὰ
3699 3123 3785 3185 τάς

505 3221 644 3291 Ipsis
671 3221 818 3277 enim
859 3220 1037 3276 sacris
1069 3217 1297 3274 Litteris
1329 3218 1682 3288 potissimum
1714 3216 1917 3287 vidcrc_
1931 3218 2060 3273 licet
2080 3257 2095 3282 ,

2211 3223 2318 3276 τῶν
2345 3220 2612 3275 εἰωθότων
2640 3193 2956 3289 ιριλοψογεῖν
2986 3193 3323 3281 καταλαλιάς
3351 3217 3618 3281 ἀνοσίους.
3650 3216 3784 3268 Ἐστι

507 3313 815 3369 nonnullos
847 3310 1004 3367 adire
1051 3311 1276 3381 quidem
1310 3310 1491 3381 ipsum
1528 3318 1583 3366 et
1618 3311 1674 3364 in
1717 3310 1838 3381 ejus
1881 3310 2105 3365 nomine

507 3414 696 3477 petere
720 3444 737 3470 ,
783 3418 1135 3474 nequaquam
1172 3411 1378 3458 tamen'
1406 3403 1664 3473 accipere
1688 3443 1704 3467 ,
1742 3401 1874 3472 quid
1904 3401 2105 3471 cuique

505 3498 806 3553 conveniat
848 3505 904 3551 et
947 3495 1078 3563 quid
1123 3493 1444 3565 petentibus
1482 3495 1758 3549 conducat
1792 3508 1901 3548 non
1942 3492 2103 3563 igno-

505 3595 668 3643 rante
701 3586 812 3643 Deo
837 3587 903 3641 ".
941 3585 1010 3640 Ut
1051 3601 1187 3657 ergo
1219 3585 1486 3641 Dominus
1515 3596 1703 3641 noster
1732 3583 1896 3642 .lesus
1938 3584 2104 3639 Chri-

506 3689 627 3736 stus
656 3680 835 3750 palam
864 3678 1185 3735 ostenderet
1209 3678 1277 3733 ad
1303 3692 1574 3748 quosnam
1603 3676 1769 3731 verba
1794 3676 2018 3741 faceret,
2052 3683 2105 3731 et

505 3767 838 3838 quibusnam
878 3765 1273 3837 promissionis
1325 3765 1505 3836 gratia
1560 3766 1896 3828 deberetur,
1945 3773 2002 3819 et
2048 3766 2101 3819 in

504 3876 615 3931 quo
640 3874 769 3915 vere
802 3858 991 3914 futura
1022 3864 1204 3920 esset,
1255 3856 1444 3911 statim
1493 3855 1796 3926 diligentes
1841 3871 1901 3912 se
1947 3856 2104 3911 exhi-

505 3951 623 4021 buit
646 3991 661 4015 ,
695 3960 751 4007 et
784 3957 1043 4006 exactum
1080 3947 1219 4018 legis
1247 3946 1535 4003 custodem
1571 3946 1828 4017 adjunxit
1853 3987 1867 4012 ,
1905 3956 2099 4003 osten-

504 4045 641 4099 dens
681 4057 792 4098 non
826 4042 895 4096 ad
927 4041 1070 4096 alios
1099 4055 1268 4111 quam
1304 4040 1372 4095 ad
1408 4040 1559 4110 ipsos
1594 4039 1712 4096 ﬁeri
1744 4040 2103 4112 benignitatis

507 4133 934 4203 promissionem
960 4141 1015 4188 et
1041 4133 1381 4203 spiritalium
1412 4132 1687 4187 bonorum
1726 4132 2100 4203 largitionem.

504 4225 642 4281 Nam
678 4226 933 4282 contrahi
968 4241 1113 4296 saepe
1146 4224 1244 4280 Dei
1286 4239 1545 4290 manum,
1591 4231 1647 4279 et
1678 4240 1864 4279 rerum
1908 4239 2103 4294 spera-

503 4327 683 4374 tarum
720 4318 929 4374 exitum
972 4318 1042 4373 iis
1080 4317 1177 4387 qui
1220 4323 1371 4371 recte
1415 4323 1604 4385 petere
1641 4315 1893 4370 nesciant
1935 4316 2104 4368 inter-

502 4409 677 4476 cludi,
713 4409 878 4478 facile
904 4424 1186 4481 agnosccs
1218 4423 1283 4462 ex
1309 4407 1379 4462 iis
1412 4422 1534 4476 quae
1563 4405 1768 4461 Christi
1798 4405 2103 4474 discipulus

2206 3313 2315 3385 γάρ
2354 3311 2500 3377 ἰδεῖν,
2549 3311 2644 3364 καὶ
2690 3309 2751 3375 ἐξ
2796 3308 2977 3363 αὐτῶν
3016 3308 3252 3378 μάλιστα
3290 3307 3403 3363 τῶν
3437 3308 3594 3379 ἱερῶν
3626 3308 3789 3378 Γραμ-

2211 3406 2423 3477 μάτων,
2465 3404 2541 3467 ὡς
2575 3403 2837 3474 προσίασι
2877 3401 2973 3471 μὲν
3020 3400 3115 3454 καὶ
3159 3400 3509 3465 ἐξαιτοῦνταί
3540 3416 3679 3462 τινες
3707 3398 3787 3450 ἐπὶ

2205 3497 2284 3569 τῷ
2333 3497 2557 3567 ὀνόματι
2606 3494 2806 3557 αὐτοῦ,
2861 3493 3106 3563 δέχονταί
3166 3509 3229 3561 γε
3284 3493 3398 3565 μὴν
3450 3493 3696 3565 οὐδαμῶς
3738 3489 3789 3542 τὸ

2208 3590 2423 3660 ἑκάστῳ
2475 3590 2723 3661 πρέπον,
2781 3586 2875 3640 καὶ
2925 3589 3039 3650 τοῖς
3109 3585 3326 3640 αἰτοῦσι
3384 3586 3658 3649 λυσιτελὲς
3704 3583 3793 3635 οὐκ

2206 3682 2539 3753 ήγνοηκότος
2570 3679 2724 3733 Θεοῦ.
2762 3680 2881 3732 Ἵνα
2915 3679 3096 3733 τοίνυν
3127 3679 3380 3752 ἐπιδείξῃ
3414 3679 3600 3748 σαφῶς
3637 3679 3664 3731 6
3694 3675 3793 3729 Κύ-

2210 3791 2322 3845 ριος
2361 3774 2519 3845 ἡμῶν
2567 3771 2775 3842 Ἰησοῦς
2807 3775 2853 3825 δ’
2877 3771 3134 3843 Χριστὸς,
3177 3773 3319 3843 πρὸς
3355 3773 3513 3834 τίνας
3543 3770 3688 3839 αὐτῷ
3710 3768 3791 3837 γέ-

2206 3868 2330 3935 γονέ
2353 3884 2410 3919 τε
2438 3865 2533 3919 καὶ
2557 3864 2709 3918 ἐστιν
2730 3866 2758 3917 6
2783 3863 2961 3932 λόγος,
2985 3865 3079 3917 καὶ
3098 3864 3240 3918 τίσιν
3264 3865 3301 3934 ἡ
3332 3866 3436 3934 τῆς
3467 3863 3797 3935 ὑποσχέσεως

2206 3957 2479 4027 ὀφείλεται
2510 3957 2690 4028 χάρις,
2740 3956 2823 4024 ἐφ’
2870 3949 2914 4023 ᾧ
2948 3955 3104 4010 ἔσται
3155 3957 3250 4009 καὶ
3283 3955 3534 4026 ἀληθῶς,
3577 3952 3796 4027 παρεκό-

2209 4065 2367 4120 μισεν
2409 4047 2573 4111 εὐθὺς
2623 4046 2732 4100 τῶν
2766 4045 3105 4113 ἀγαπώντων
3131 4045 3193 4098 τὸ
3237 4047 3567 4117 πρόσωπον,
3601 4042 3799 4098 καὶτὸν

2204 4139 2406 4212 ἀκριϐῆ
2444 4137 2797 4210 νομοφύλακα
2830 4128 3238 4208 παραζεύγνυσι
3278 4136 3363 4208 τῷ
3404 4137 3573 4208 λόγῳ,
3601 4135 3797 4195 δεικνὺς

2205 4232 2287 4285 ὅτι
2318 4231 2453 4302 πρὸς
2501 4232 2700 4293 αὐτοὺς
2745 4230 2841 4283 καὶ
2885 4230 2983 4301 οὐχ
3017 4230 3236 4299 ἐτέρους
3273 4232 3309 4300 ἡ
3340 4233 3445 4301 τῆς
3476 4229 3800 4301 ἡμερότητος

2207 4322 2512 4391 ἐπαγγελία
2546 4322 2638 4374 καὶ
2672 4321 2704 4391 ἠ
2734 4320 2842 4375 τῶν
2873 4321 3263 4392 πνευματικῶν
3309 4325 3541 4393 ἀγαθῶν
3572 4323 3797 4383 ἐπίδοσις

2206 4413 2273 4465 δι’
2306 4410 2471 4465 αὑτοῦ
2520 4414 2785 4483 κρατήσει
2830 4416 2926 4467 καὶ
2970 4414 3282 4484 γενήσεται.
3330 4416 3461 4471 ’Ότι
3507 4417 3619 4487 γὰρ
3671 4415 3802 4482 ὄκνῳ

503 4502 699 4558 scribit
728 4503 783 4557 in
817 4505 963 4558 hunc
996 4503 1220 4558 modum
1257 4518 1270 4555 :
1324 4519 1343 4551 ‹
1373 4490 1566 4556 Petitis
1592 4542 1606 4566 ,
1647 4510 1702 4554 et
1745 4513 1857 4553 non
1889 4499 2102 4567 accipi—

2211 4503 2468 4565 πολλάκις
2517 4504 2549 4573 ή
2581 4504 2817 4574 χορηγὸς
2845 4504 3193 4557 συστέλλεται
3223 4506 3351 4578 χεὶρ
3385 4507 3485 4561 τοῦ
3512 4506 3668 4569 Θεοῦ,
3700 4506 3801 4565 τοῖς

503 4596 614 4660 tis,
662 4610 730 4652 eo
763 4598 912 4673 quod
953 4597 1095 4650 male
1124 4596 1353 4665 petitis,
1417 4603 1476 4649 ut
1529 4594 1583 4648 in
1626 4592 2100 4663 concupiscentiis

501 4686 701 4741 vestris
731 4688 1077 4741 consumatis
1109 4687 1174 4740 ³⁷.
1212 4707 1229 4738 ι
1272 4688 1487 4742 idcirco
1517 4694 1571 4741 et
1601 4685 1668 4741 de
1701 4685 1895 4739 animo
1919 4684 2100 4755 dupli-

499 4776 660 4832 cibus
693 4779 771 4830 ait
796 4796 808 4831 :
851 4797 870 4829 ι
894 4776 1016 4845 Non
1042 4793 1173 4847 ergo
1201 4778 1441 4834 restituet
1460 4778 1628 4832 homo
1659 4776 1749 4831 ille
1777 4777 1922 4846 quod
1953 4777 2099 4830 acci-

502 4867 617 4937 piat
648 4866 852 4937 aliquid
892 4882 923 4921 a
960 4866 1195 4921 Domino
1227 4884 1240 4920 :
1279 4869 1365 4922 vir
1393 4870 1539 4923 enim
1565 4868 1769 4938 duplex
1800 4868 1988 4923 animo
2018 4869 2100 4922 in-

502 4967 773 5016 constans
810 4966 894 5013 est
925 4957 981 5012 in
1013 4960 1273 5016 omnibus
1304 4961 1411 5015 viis
1445 4962 1562 5016 suis
1603 4961 1666 5013 ³⁸.
1706 4980 1721 5012 ι
1774 4959 2098 5016 Petentibus

500 5049 648 5106 enim
676 5064 974 5118 supernam
999 5052 1230 5120 gratiam
1266 5068 1376 5107 non
1406 5052 1474 5107 ad
1501 5051 1665 5122 807
1688 5052 1947 5105 virtutem
1976 5068 2098 5121 per-

506 5139 797 5196 ﬁciendam
822 5178 837 5203 ,
867 5139 965 5195 sed
988 5142 1052 5194 ad
1085 5146 1273 5199 carnis
1311 5144 1648 5214 voluptatem
1696 5152 1750 5198 et
1786 5144 2098 5200 mundanas

504 5231 834 5300 cupiditates
870 5231 1136 5288 fruendas
1160 5274 1176 5298 ,
1226 5251 1417 5292 aurem
1450 5244 1663 5291 tantum
1702 5252 1808 5290 non
1863 5237 2104 5292 occludit

505 5320 671 5386 Deus,
700 5336 765 5375 ac
796 5322 935 5376 nihil
963 5338 1193 5393 prorsus
1223 5328 1494 5398 elargitur
1530 5347 1551 5382 :-
1591 5344 1711 5399 qum
1742 5330 1888 5383 enim
1915 5332 2100 5384 renuit

506 5430 570 5467 ac
597 5422 858 5483 tanquam
893 5415 1215 5473 detestanda
1258 5420 1470 5488 rejicit,
1503 5421 1783 5491 quomodo
1818 5423 2099 5479 nonnullis

506 5505 804 5576 largietur?
830 5517 922 5561 aut
942 5509 1221 5577 quomodo
1250 5510 1373 5566 fons
1398 5514 1580 5567 omnis
1608 5512 1916 5568 dulcedinis
1945 5529 2097 5567 ama-

505 5596 551 5650 ri
599 5595 878 5665 quidpiam
936 5601 1236 5655 emiserit?
1294 5602 1449 5668 Quod
1513 5614 1694 5659 autem
1763 5606 2094 5674 spiritalium

580 5775 671 5830 “l
700 5776 857 5833 Joan.
894 5797 949 5845 ν,
988 5783 1071 5835 Μ.

1153 5784 1195 5813 ³⁷
1237 5782 1351 5839 Jac.
1399 5800 1469 5851 tv,
1499 5786 1549 5839 5.
1631 5788 1672 5815 ³⁰⁴
1702 5784 1818 5840 Jac.
1858 5802 1892 5851 ι,
1923 5785 1975 5848 7,
2004 5785 2053 5839 8.

2208 4597 2309 4650 οὐκ
2364 4594 2540 4666 ὀρθῶς
2595 4594 2871 4649 ἐθέλουσιν
2931 4597 3102 4651 αἰτεῖν
3162 4597 3226 4651 τὸ
3281 4598 3399 4654 τῶν
3446 4598 3804 4654 ἐλπισθέντων

2209 4689 2575 4744 ἀποκλείουσα
2609 4690 2803 4761 πέρας,
2849 4690 3103 4761 συνήσεις
3130 4680 3466 4758 εὐκόλωςέξ
3499 4686 3578 4746 ὧν
3616 4695 3644 4745 6
3683 4692 3804 4759 Χρι·

2210 4781 2336 4834 στοῦ
2385 4780 2633 4853 μαθητὴς
2681 4779 3032 4834 ἀποτείνεται
3079 4780 3311 4850 γράφων
3347 4782 3491 4836 ὡδί·
3553 4803 3572 4835 ι
3605 4783 3804 4835 Αἰτεῖτε

2210 4875 2302 4927 καὶ
2332 4872 2393 4925 οὐ
2423 4873 2752 4943 λαμϐάνετε,
2804 4872 2941 4926 διότι
2987 4871 3176 4935 κακῶς
3211 4875 3445 4939 αἰτεῖτε,
3489 4876 3580 4929 ἴνα
3606 4879 3663 4928 ἐν
3694 4875 3802 4934 ταῖς

2209 4964 2420 5035 ἡδοναῖς
2454 4963 2607 5034 ὑμῶν
2634 4963 3007 5033 δαπανήσητε.
3041 4981 3059 5014 ι
3099 4964 3190 5015 Διὸ
3224 4966 3321 5017 καὶ
3353 4966 3523 5020 πάλιν
3553 4962 3806 5038 περὶτῶν

2203 5054 2446 5125 διψυχεῖν
2478 5054 2744 5108 εἰωθότων
2772 5052 2904 5123 φησί
2930 5070 2946 5086 ο
3004 5073 3021 5106 ι
3052 5055 3143 5125 Μὴ
3172 5054 3281 5126 γὰρ
3308 5057 3518 5111 οἰέσθω
3552 5061 3581 5111 6
3604 5059 3805 5126 ἄνθρω·

2204 5163 2304 5208 πος
2338 5147 2563 5209 ἐκεῖνος,
2589 5145 2670 5197 ὅτι
2701 5142 2930 5214 λήψεταί
2959 5162 3012 5198 τι
3046 5146 3200 5215 παρά
3246 5146 3345 5200 τοῦ
3376 5150 3595 5221 Κυρίου
3620 5164 3634 5179 ·
3673 5147 3804 5217 ἀνὴρ

2204 5238 2313 5308 γὰρ
2367 5235 2623 5306 δίψυχος,
2679 5236 3061 5302 ἀκατάστατος
3116 5239 3172 5291 ἐν
3230 5239 3444 5305 πάσαις
3502 5246 3624 5305 ταῖς
3675 5241 3805 5301 ὁδοῖς

2204 5325 2391 5379 αὑτοῦ.
2425 5345 2442 5377 ι
2479 5325 2604 5388 Τοῖς
2642 5327 2742 5395 μὲν
2771 5325 2879 5398 γὰρ
2906 5327 3187 5398 ἐρωτῶσιν
3214 5330 3316 5383 οὑκ
3352 5333 3437 5394 εἰς
3470 5332 3805 5403 κατόρθωσιν

2205 5417 2406 5486 ἀρετῆς
2437 5416 2535 5487 τὴν
2568 5417 2772 5473 ἄνωθεν
2804 5420 2984 5489 χάριν,
3015 5420 3133 5472 ἀλλ’
3168 5422 3248 5483 εἰς
3272 5422 3595 5478 ἀπόλαυσιν
3625 5440 3805 5491 σαρκι-

2208 5508 2306 5575 κῆς
2342 5508 2534 5577 ἡδονῆς
2580 5510 2672 5563 καὶ
2703 5511 2984 5581 κοσμικῶν
3017 5511 3348 5582 ἐπιθυμιῶν,
3396 5517 3692 5588 μονονουχὶ
3718 5516 3804 5569 καὶ

2206 5601 2543 5669 ἀποφράττω
2598 5604 2655 5656 τὸ
2711 5600 2802 5667 οὖς
2851 5605 2878 5656 ὁ
2938 5604 3091 5668 Θεὸς,
3145 5610 3378 5675 χορηγεῖ
3425 5607 3485 5663 δὲ
3533 5607 3805 5670 παντελῶς
