  <div class='ocr_page' id='page_1' title='image "/cluster/home/n/w/nwhite01/storage/ocr_20150623/74:no.7/coo.31924054869684/134.png"; bbox 0 0 4006 6436; ppageno 0'>
   <div class='ocr_carea' id='block_1_1' title="bbox 251 385 368 444">
    <p class='ocr_par' dir='ltr' id='par_1_1' title="bbox 251 385 368 444">
     <span class='ocr_line' id='line_1_1' title="bbox 251 385 368 444; baseline 0.034 -4"><span class='ocrx_word' id='word_1_1' title='bbox 251 385 368 444; x_wconf 78' lang='grc'><strong>253</strong></span> 
     </span>
    </p>
   </div>
   <div class='ocr_carea' id='block_1_2' title="bbox 1273 374 2452 443">
    <p class='ocr_par' dir='ltr' id='par_1_2' title="bbox 1273 374 2452 443">
     <span class='ocr_line' id='line_1_2' title="bbox 1273 374 2452 443; baseline 0.002 -2"><span class='ocrx_word' id='word_1_2' title='bbox 1273 384 1346 441; x_wconf 82' lang='grc' dir='ltr'><strong>ΙΝ</strong></span> <span class='ocrx_word' id='word_1_3' title='bbox 1371 381 1658 442; x_wconf 71' lang='lat' dir='ltr'><strong>JOANNIS</strong></span> <span class='ocrx_word' id='word_1_4' title='bbox 1694 374 2149 439; x_wconf 62' lang='lat' dir='ltr'><strong>EVANGELIUM</strong></span> <span class='ocrx_word' id='word_1_5' title='bbox 2193 385 2323 443; x_wconf 83' lang='lat' dir='ltr'><strong>LIB.</strong></span> <span class='ocrx_word' id='word_1_6' title='bbox 2361 386 2452 443; x_wconf 78' lang='lat' dir='ltr'><strong>IX.</strong></span> 
     </span>
    </p>
   </div>
   <div class='ocr_carea' id='block_1_3' title="bbox 3447 394 3554 451">
    <p class='ocr_par' dir='ltr' id='par_1_3' title="bbox 3447 394 3554 451">
     <span class='ocr_line' id='line_1_3' title="bbox 3447 394 3554 451; baseline 0 -1"><span class='ocrx_word' id='word_1_7' title='bbox 3447 394 3554 451; x_wconf 66' lang='grc'><strong>254</strong></span> 
     </span>
    </p>
   </div>
   <div class='ocr_carea' id='block_1_4' title="bbox 249 497 1836 578">
    <p class='ocr_par' dir='ltr' id='par_1_4' title="bbox 249 499 1834 578">
     <span class='ocr_line' id='line_1_4' title="bbox 249 499 1834 578; baseline -0.005 -19"><span class='ocrx_word' id='word_1_8' title='bbox 249 503 413 560; x_wconf 75' lang='grc' dir='ltr'>οὐδέν</span> <span class='ocrx_word' id='word_1_9' title='bbox 440 523 452 536; x_wconf 85' lang='grc'><strong>·</strong></span> <span class='ocrx_word' id='word_1_10' title='bbox 501 503 540 560; x_wconf 75' lang='grc' dir='ltr'><strong>ἀ</strong></span> <span class='ocrx_word' id='word_1_11' title='bbox 588 505 698 578; x_wconf 79' lang='grc' dir='ltr'>γὰρ</span> <span class='ocrx_word' id='word_1_12' title='bbox 746 505 814 560; x_wconf 80' lang='grc' dir='ltr'><strong>ἂν</strong></span> <span class='ocrx_word' id='word_1_13' title='bbox 859 504 1156 578; x_wconf 65' lang='grc' dir='ltr'>ἀποφάσκῃ</span> <span class='ocrx_word' id='word_1_14' title='bbox 1184 504 1280 560; x_wconf 74' lang='grc' dir='ltr'>καὶ</span> <span class='ocrx_word' id='word_1_15' title='bbox 1311 503 1594 575; x_wconf 74' lang='grc' dir='ltr'>ἀπόϐλητα</span> <span class='ocrx_word' id='word_1_16' title='bbox 1637 499 1834 571; x_wconf 78' lang='grc' dir='ltr'>ποιῆτα</span> 
     </span>
    </p>
   </div>
   <div class='ocr_carea' id='block_1_5' title="bbox 1941 497 3549 578">
    <p class='ocr_par' dir='ltr' id='par_1_5' title="bbox 1961 502 3549 578">
     <span class='ocr_line' id='line_1_5' title="bbox 1961 502 3549 578; baseline 0.009 -27"><span class='ocrx_word' id='word_1_17' title='bbox 1961 502 2268 567; x_wconf 74' lang='lat' dir='ltr'><strong>gratiarum</strong></span> <span class='ocrx_word' id='word_1_18' title='bbox 2321 503 2670 562; x_wconf 75' lang='lat' dir='ltr'><strong>amatoribus</strong></span> <span class='ocrx_word' id='word_1_19' title='bbox 2721 504 2894 561; x_wconf 91' lang='lat' dir='ltr'><strong>divite</strong></span> <span class='ocrx_word' id='word_1_20' title='bbox 2951 518 3015 560; x_wconf 85' lang='lat' dir='ltr'><strong>ae</strong></span> <span class='ocrx_word' id='word_1_21' title='bbox 3074 513 3329 578; x_wconf 79' lang='lat' dir='ltr'><strong>prompta</strong></span> <span class='ocrx_word' id='word_1_22' title='bbox 3381 523 3549 565; x_wconf 88' lang='lat' dir='ltr'><strong>manu</strong></span> 
     </span>
    </p>
   </div>
   <div class='ocr_carea' id='block_1_6' title="bbox 244 593 1852 668">
    <p class='ocr_par' dir='ltr' id='par_1_6' title="bbox 244 593 1852 668">
     <span class='ocr_line' id='line_1_6' title="bbox 244 593 1852 668; baseline -0.002 -21"><span class='ocrx_word' id='word_1_23' title='bbox 244 593 340 649; x_wconf 80' lang='grc' dir='ltr'><strong>διά</strong></span> <span class='ocrx_word' id='word_1_24' title='bbox 365 595 472 668; x_wconf 75' lang='grc' dir='ltr'><strong>τὴν</strong></span> <span class='ocrx_word' id='word_1_25' title='bbox 495 596 727 650; x_wconf 78' lang='grc' dir='ltr'>ἐνοῦσαν</span> <span class='ocrx_word' id='word_1_26' title='bbox 752 598 936 658; x_wconf 79' lang='grc' dir='ltr'>αὐτοῖς</span> <span class='ocrx_word' id='word_1_27' title='bbox 967 595 1271 668; x_wconf 79' lang='grc' dir='ltr'><strong>βδελυρίαν,</strong></span> <span class='ocrx_word' id='word_1_28' title='bbox 1299 595 1418 660; x_wconf 89' lang='grc' dir='ltr'><strong>πῶς</strong></span> <span class='ocrx_word' id='word_1_29' title='bbox 1449 597 1516 650; x_wconf 79' lang='grc' dir='ltr'><strong>ἂν</strong></span> <span class='ocrx_word' id='word_1_30' title='bbox 1545 595 1852 666; x_wconf 70' lang='grc' dir='ltr'><strong>χορηγῆσαι</strong></span> 
     </span>
    </p>
   </div>
   <div class='ocr_carea' id='block_1_7' title="bbox 245 685 1852 758">
    <p class='ocr_par' dir='ltr' id='par_1_7' title="bbox 245 685 1852 758">
     <span class='ocr_line' id='line_1_7' title="bbox 245 685 1852 758; baseline 0.001 -19"><span class='ocrx_word' id='word_1_31' title='bbox 245 685 438 748; x_wconf 74' lang='grc' dir='ltr'>τισίνς</span> <span class='ocrx_word' id='word_1_32' title='bbox 493 687 529 757; x_wconf 85' lang='grc' dir='ltr'><strong>ἡ</strong></span> <span class='ocrx_word' id='word_1_33' title='bbox 561 687 618 739; x_wconf 83' lang='grc' dir='ltr'>δὲ</span> <span class='ocrx_word' id='word_1_34' title='bbox 649 688 868 758; x_wconf 83' lang='grc' dir='ltr'>ἀπάσης</span> <span class='ocrx_word' id='word_1_35' title='bbox 905 687 1246 758; x_wconf 82' lang='grc' dir='ltr'><strong>γλυκύτητος</strong></span> <span class='ocrx_word' id='word_1_36' title='bbox 1279 688 1430 758; x_wconf 85' lang='grc' dir='ltr'>πηγὴ</span> <span class='ocrx_word' id='word_1_37' title='bbox 1465 687 1584 751; x_wconf 88' lang='grc' dir='ltr'><strong>πῶς</strong></span> <span class='ocrx_word' id='word_1_38' title='bbox 1615 689 1680 741; x_wconf 87' lang='grc' dir='ltr'>ἂν</span> <span class='ocrx_word' id='word_1_39' title='bbox 1713 685 1852 757; x_wconf 80' lang='grc' dir='ltr'>αὑτὴ</span> 
     </span>
    </p>
   </div>
   <div class='ocr_carea' id='block_1_8' title="bbox 248 777 1852 851">
    <p class='ocr_par' dir='ltr' id='par_1_8' title="bbox 248 777 1852 851">
     <span class='ocr_line' id='line_1_8' title="bbox 248 777 1852 851; baseline -0.002 -19"><span class='ocrx_word' id='word_1_40' title='bbox 248 779 456 850; x_wconf 75' lang='grc' dir='ltr'>πικρὸν</span> <span class='ocrx_word' id='word_1_41' title='bbox 487 779 795 834; x_wconf 81' lang='grc' dir='ltr'>ἀναϐλύσαι</span> <span class='ocrx_word' id='word_1_42' title='bbox 829 782 1010 851; x_wconf 58' lang='lat' dir='ltr'><strong>vitta;</strong></span> <span class='ocrx_word' id='word_1_43' title='bbox 1057 780 1180 834; x_wconf 88' lang='grc' dir='ltr'>’Ότι</span> <span class='ocrx_word' id='word_1_44' title='bbox 1207 779 1265 832; x_wconf 81' lang='grc' dir='ltr'>δὲ</span> <span class='ocrx_word' id='word_1_45' title='bbox 1307 781 1422 842; x_wconf 87' lang='grc' dir='ltr'>τοῖς</span> <span class='ocrx_word' id='word_1_46' title='bbox 1459 777 1570 830; x_wconf 88' lang='grc' dir='ltr'><strong>τῶν</strong></span> <span class='ocrx_word' id='word_1_47' title='bbox 1607 793 1852 845; x_wconf 84' lang='grc' dir='ltr'>πνευμα-</span> 
     </span>
    </p>
   </div>
   <div class='ocr_carea' id='block_1_9' title="bbox 248 867 1852 944">
    <p class='ocr_par' dir='ltr' id='par_1_9' title="bbox 248 867 1852 944">
     <span class='ocr_line' id='line_1_9' title="bbox 248 867 1852 944; baseline -0.001 -22"><span class='ocrx_word' id='word_1_48' title='bbox 248 871 423 924; x_wconf 82' lang='grc' dir='ltr'>τικῶν</span> <span class='ocrx_word' id='word_1_49' title='bbox 456 873 824 944; x_wconf 71' lang='grc' dir='ltr'>χαρισμάτων</span> <span class='ocrx_word' id='word_1_50' title='bbox 851 874 1110 943; x_wconf 76' lang='grc' dir='ltr'>ἐρασταῖς</span> <span class='ocrx_word' id='word_1_51' title='bbox 1153 871 1386 943; x_wconf 73' lang='grc' dir='ltr'>πλουσίᾳ</span> <span class='ocrx_word' id='word_1_52' title='bbox 1412 887 1473 924; x_wconf 83' lang='grc' dir='ltr'><strong>τε</strong></span> <span class='ocrx_word' id='word_1_53' title='bbox 1517 869 1614 923; x_wconf 72' lang='grc' dir='ltr'><strong>καὶ</strong></span> <span class='ocrx_word' id='word_1_54' title='bbox 1651 867 1852 939; x_wconf 86' lang='grc' dir='ltr'>προθυ-</span> 
     </span>
    </p>
   </div>
   <div class='ocr_carea' id='block_1_10' title="bbox 254 951 1850 1036">
    <p class='ocr_par' dir='ltr' id='par_1_10' title="bbox 254 951 1850 1036">
     <span class='ocr_line' id='line_1_10' title="bbox 254 951 1850 1036; baseline 0 -20"><span class='ocrx_word' id='word_1_55' title='bbox 254 951 470 1036; x_wconf 73' lang='grc' dir='ltr'>μοτάτῃ</span> <span class='ocrx_word' id='word_1_56' title='bbox 520 965 667 1035; x_wconf 74' lang='grc' dir='ltr'>χειρὶ</span> <span class='ocrx_word' id='word_1_57' title='bbox 707 963 950 1035; x_wconf 81' lang='grc' dir='ltr'>διανέμει</span> <span class='ocrx_word' id='word_1_58' title='bbox 993 963 1064 1018; x_wconf 81' lang='grc' dir='ltr'>τὰ</span> <span class='ocrx_word' id='word_1_59' title='bbox 1112 963 1312 1033; x_wconf 85' lang='grc' dir='ltr'>ἀγαθὰ,</span> <span class='ocrx_word' id='word_1_60' title='bbox 1364 962 1592 1032; x_wconf 78' lang='grc' dir='ltr'>κατόψει</span> <span class='ocrx_word' id='word_1_61' title='bbox 1626 962 1850 1033; x_wconf 73' lang='grc' dir='ltr'>ῥαδίως,</span> 
     </span>
    </p>
   </div>
   <div class='ocr_carea' id='block_1_11' title="bbox 247 1053 1850 1126">
    <p class='ocr_par' dir='ltr' id='par_1_11' title="bbox 247 1053 1850 1126">
     <span class='ocr_line' id='line_1_11' title="bbox 247 1053 1850 1126; baseline -0.001 -19"><span class='ocrx_word' id='word_1_62' title='bbox 247 1055 376 1107; x_wconf 83' lang='grc' dir='ltr'>ὅταν</span> <span class='ocrx_word' id='word_1_63' title='bbox 399 1053 649 1126; x_wconf 80' lang='grc' dir='ltr'><strong>ἀκούσῃς</strong></span> <span class='ocrx_word' id='word_1_64' title='bbox 674 1055 925 1123; x_wconf 82' lang='grc' dir='ltr'>λέγοντος</span> <span class='ocrx_word' id='word_1_65' title='bbox 947 1055 1036 1109; x_wconf 85' lang='grc' dir='ltr'><strong>διὰ</strong></span> <span class='ocrx_word' id='word_1_66' title='bbox 1067 1056 1164 1126; x_wconf 83' lang='grc' dir='ltr'>μὲν</span> <span class='ocrx_word' id='word_1_67' title='bbox 1204 1055 1427 1108; x_wconf 78' lang='grc' dir='ltr'>Ἡσαΐου</span> <span class='ocrx_word' id='word_1_68' title='bbox 1451 1054 1546 1108; x_wconf 75' lang='grc' dir='ltr'><strong>τοῦ</strong></span> <span class='ocrx_word' id='word_1_69' title='bbox 1572 1054 1850 1126; x_wconf 63' lang='grc' dir='ltr'>προφήτου</span> 
     </span>
    </p>
   </div>
   <div class='ocr_carea' id='block_1_12' title="bbox 246 1145 1842 1217">
    <p class='ocr_par' dir='ltr' id='par_1_12' title="bbox 246 1145 1842 1217">
     <span class='ocr_line' id='line_1_12' title="bbox 246 1145 1842 1217; baseline -0.003 -18"><span class='ocrx_word' id='word_1_70' title='bbox 246 1146 388 1217; x_wconf 74' lang='grc' dir='ltr'>πρὸς</span> <span class='ocrx_word' id='word_1_71' title='bbox 418 1146 622 1211; x_wconf 82' lang='grc' dir='ltr'>αὐτούς</span> <span class='ocrx_word' id='word_1_72' title='bbox 648 1164 662 1179; x_wconf 88' lang='grc'><strong>·</strong></span> <span class='ocrx_word' id='word_1_73' title='bbox 697 1166 716 1198; x_wconf 81' lang='grc' dir='ltr'><strong>ι</strong></span> <span class='ocrx_word' id='word_1_74' title='bbox 745 1148 866 1200; x_wconf 83' lang='grc' dir='ltr'><strong>Ἔτι</strong></span> <span class='ocrx_word' id='word_1_75' title='bbox 897 1146 990 1200; x_wconf 76' lang='grc' dir='ltr'>σοῦ</span> <span class='ocrx_word' id='word_1_76' title='bbox 1024 1146 1332 1212; x_wconf 80' lang='grc' dir='ltr'>λαλοῦντος,</span> <span class='ocrx_word' id='word_1_77' title='bbox 1360 1147 1472 1217; x_wconf 84' lang='grc' dir='ltr'><strong>ὲρῶ</strong></span> <span class='ocrx_word' id='word_1_78' title='bbox 1495 1161 1508 1173; x_wconf 79' lang='grc'><strong>’</strong></span> <span class='ocrx_word' id='word_1_79' title='bbox 1547 1146 1611 1197; x_wconf 84' lang='grc' dir='ltr'>Τί</span> <span class='ocrx_word' id='word_1_80' title='bbox 1643 1145 1791 1209; x_wconf 65' lang='lat' dir='ltr'><strong>seu;</strong></span> <span class='ocrx_word' id='word_1_81' title='bbox 1825 1161 1842 1194; x_wconf 76' lang='grc' dir='ltr'><strong>ι</strong></span> 
     </span>
    </p>
   </div>
   <div class='ocr_carea' id='block_1_13' title="bbox 243 1235 1851 1310">
    <p class='ocr_par' dir='ltr' id='par_1_13' title="bbox 243 1235 1851 1310">
     <span class='ocr_line' id='line_1_13' title="bbox 243 1235 1851 1310; baseline 0 -21"><span class='ocrx_word' id='word_1_82' title='bbox 243 1237 350 1290; x_wconf 75' lang='grc' dir='ltr'>Διά</span> <span class='ocrx_word' id='word_1_83' title='bbox 393 1237 458 1290; x_wconf 79' lang='grc' dir='ltr'><strong>δὲ</strong></span> <span class='ocrx_word' id='word_1_84' title='bbox 505 1239 606 1310; x_wconf 77' lang='grc' dir='ltr'>τῆς</span> <span class='ocrx_word' id='word_1_85' title='bbox 646 1237 744 1292; x_wconf 77' lang='grc' dir='ltr'>τοῦ</span> <span class='ocrx_word' id='word_1_86' title='bbox 777 1237 1090 1304; x_wconf 81' lang='grc' dir='ltr'>Ψάλλοντος</span> <span class='ocrx_word' id='word_1_87' title='bbox 1136 1239 1321 1310; x_wconf 83' lang='grc' dir='ltr'>φωνῆς</span> <span class='ocrx_word' id='word_1_88' title='bbox 1350 1239 1432 1292; x_wconf 86' lang='grc' dir='ltr'>ὅτι</span> <span class='ocrx_word' id='word_1_89' title='bbox 1493 1255 1512 1290; x_wconf 82' lang='grc' dir='ltr'><strong>ι</strong></span> <span class='ocrx_word' id='word_1_90' title='bbox 1550 1235 1851 1307; x_wconf 72' lang='grc' dir='ltr'>Ὀφθαλμοὶ</span> 
     </span>
    </p>
   </div>
   <div class='ocr_carea' id='block_1_14' title="bbox 243 1325 1851 1402">
    <p class='ocr_par' dir='ltr' id='par_1_14' title="bbox 243 1325 1851 1402">
     <span class='ocr_line' id='line_1_14' title="bbox 243 1325 1851 1402; baseline -0.001 -20"><span class='ocrx_word' id='word_1_91' title='bbox 243 1329 462 1402; x_wconf 79' lang='grc' dir='ltr'>Κυρίου</span> <span class='ocrx_word' id='word_1_92' title='bbox 497 1331 592 1384; x_wconf 76' lang='grc' dir='ltr'><strong>ἐπὶ</strong></span> <span class='ocrx_word' id='word_1_93' title='bbox 633 1331 898 1394; x_wconf 75' lang='grc' dir='ltr'>δικαίους,</span> <span class='ocrx_word' id='word_1_94' title='bbox 948 1333 1042 1384; x_wconf 70' lang='grc' dir='ltr'><strong>καὶ</strong></span> <span class='ocrx_word' id='word_1_95' title='bbox 1067 1325 1184 1385; x_wconf 75' lang='grc' dir='ltr'>ὦτα</span> <span class='ocrx_word' id='word_1_96' title='bbox 1217 1329 1384 1385; x_wconf 78' lang='grc' dir='ltr'>αὐτοῦ</span> <span class='ocrx_word' id='word_1_97' title='bbox 1422 1331 1502 1394; x_wconf 87' lang='grc' dir='ltr'><strong>είς</strong></span> <span class='ocrx_word' id='word_1_98' title='bbox 1531 1329 1716 1400; x_wconf 80' lang='grc' dir='ltr'>δέησιν</span> <span class='ocrx_word' id='word_1_99' title='bbox 1753 1328 1851 1381; x_wconf 84' lang='grc' dir='ltr'>αύ-</span> 
     </span>
    </p>
   </div>
   <div class='ocr_carea' id='block_1_15' title="bbox 241 1421 1849 1497">
    <p class='ocr_par' dir='ltr' id='par_1_15' title="bbox 241 1421 1849 1497">
     <span class='ocr_line' id='line_1_15' title="bbox 241 1421 1849 1497; baseline -0.002 -20"><span class='ocrx_word' id='word_1_100' title='bbox 241 1424 378 1480; x_wconf 87' lang='grc' dir='ltr'>τῶν.</span> <span class='ocrx_word' id='word_1_101' title='bbox 415 1443 436 1474; x_wconf 75' lang='grc' dir='ltr'><strong>ι</strong></span> <span class='ocrx_word' id='word_1_102' title='bbox 485 1424 848 1496; x_wconf 83' lang='grc' dir='ltr'>Ὀρισάμενος</span> <span class='ocrx_word' id='word_1_103' title='bbox 879 1425 1060 1479; x_wconf 84' lang='grc' dir='ltr'>τοίνυν</span> <span class='ocrx_word' id='word_1_104' title='bbox 1099 1428 1193 1478; x_wconf 72' lang='grc' dir='ltr'><strong>καὶ</strong></span> <span class='ocrx_word' id='word_1_105' title='bbox 1225 1424 1527 1497; x_wconf 76' lang='grc' dir='ltr'>διαρρήδην</span> <span class='ocrx_word' id='word_1_106' title='bbox 1559 1421 1729 1477; x_wconf 84' lang='grc' dir='ltr'>εἰπὼν</span> <span class='ocrx_word' id='word_1_107' title='bbox 1767 1423 1849 1475; x_wconf 84' lang='grc' dir='ltr'><strong>δτι</strong></span> 
     </span>
    </p>
   </div>
   <div class='ocr_carea' id='block_1_16' title="bbox 235 1512 1850 1586">
    <p class='ocr_par' dir='ltr' id='par_1_16' title="bbox 235 1512 1850 1586">
     <span class='ocr_line' id='line_1_16' title="bbox 235 1512 1850 1586; baseline -0.002 -18"><span class='ocrx_word' id='word_1_108' title='bbox 235 1518 360 1579; x_wconf 85' lang='grc' dir='ltr'>τοῖς</span> <span class='ocrx_word' id='word_1_109' title='bbox 398 1515 698 1585; x_wconf 81' lang='grc' dir='ltr'>ἀγαπῶσιν</span> <span class='ocrx_word' id='word_1_110' title='bbox 738 1517 904 1570; x_wconf 83' lang='grc' dir='ltr'>αὐτὸν</span> <span class='ocrx_word' id='word_1_111' title='bbox 935 1517 1212 1586; x_wconf 76' lang='grc' dir='ltr'>ὀφείλεταί</span> <span class='ocrx_word' id='word_1_112' title='bbox 1253 1534 1312 1570; x_wconf 88' lang='grc' dir='ltr'><strong>τε</strong></span> <span class='ocrx_word' id='word_1_113' title='bbox 1364 1517 1460 1568; x_wconf 81' lang='grc' dir='ltr'><strong>καὶ</strong></span> <span class='ocrx_word' id='word_1_114' title='bbox 1511 1515 1740 1584; x_wconf 76' lang='grc' dir='ltr'>ὑπάρξει</span> <span class='ocrx_word' id='word_1_115' title='bbox 1785 1512 1850 1585; x_wconf 81' lang='grc' dir='ltr'>δὴ</span> 
     </span>
    </p>
   </div>
   <div class='ocr_carea' id='block_1_17' title="bbox 237 1605 1846 1679">
    <p class='ocr_par' dir='ltr' id='par_1_17' title="bbox 237 1605 1846 1679">
     <span class='ocr_line' id='line_1_17' title="bbox 237 1605 1846 1679; baseline -0.003 -17"><span class='ocrx_word' id='word_1_116' title='bbox 237 1608 472 1670; x_wconf 77' lang='grc' dir='ltr'>πάντως</span> <span class='ocrx_word' id='word_1_117' title='bbox 517 1607 582 1660; x_wconf 80' lang='grc' dir='ltr'><strong>τὸ</strong></span> <span class='ocrx_word' id='word_1_118' title='bbox 607 1611 719 1672; x_wconf 85' lang='grc' dir='ltr'>τοῖς</span> <span class='ocrx_word' id='word_1_119' title='bbox 765 1608 972 1663; x_wconf 80' lang='grc' dir='ltr'>ἀνωθεν</span> <span class='ocrx_word' id='word_1_120' title='bbox 1005 1609 1278 1679; x_wconf 70' lang='grc' dir='ltr'>ἐντρυφᾷν</span> <span class='ocrx_word' id='word_1_121' title='bbox 1309 1607 1552 1675; x_wconf 75' lang='grc' dir='ltr'>ἀγαθοῖς,</span> <span class='ocrx_word' id='word_1_122' title='bbox 1585 1605 1846 1658; x_wconf 75' lang='grc' dir='ltr'>δι’-αὑτοῦ</span> 
     </span>
    </p>
   </div>
   <div class='ocr_carea' id='block_1_18' title="bbox 233 1696 1848 1771">
    <p class='ocr_par' dir='ltr' id='par_1_18' title="bbox 233 1696 1848 1771">
     <span class='ocr_line' id='line_1_18' title="bbox 233 1696 1848 1771; baseline 0.001 -22"><span class='ocrx_word' id='word_1_123' title='bbox 233 1697 498 1767; x_wconf 81' lang='grc' dir='ltr'>δηλονότι</span> <span class='ocrx_word' id='word_1_124' title='bbox 546 1700 978 1770; x_wconf 77' lang='grc' dir='ltr'>χορηγουμένοις</span> <span class='ocrx_word' id='word_1_125' title='bbox 1018 1703 1169 1771; x_wconf 87' lang='grc' dir='ltr'><strong>παρά</strong></span> <span class='ocrx_word' id='word_1_126' title='bbox 1217 1699 1451 1770; x_wconf 83' lang='grc' dir='ltr'>Πατρὸς,</span> <span class='ocrx_word' id='word_1_127' title='bbox 1502 1696 1848 1768; x_wconf 75' lang='grc' dir='ltr'>καταγράφει</span> 
     </span>
    </p>
   </div>
   <div class='ocr_carea' id='block_1_19' title="bbox 237 1790 1848 1863">
    <p class='ocr_par' dir='ltr' id='par_1_19' title="bbox 237 1790 1848 1863">
     <span class='ocr_line' id='line_1_19' title="bbox 237 1790 1848 1863; baseline -0.002 -17"><span class='ocrx_word' id='word_1_128' title='bbox 237 1792 600 1863; x_wconf 84' lang='grc' dir='ltr'>παραχρῆμα</span> <span class='ocrx_word' id='word_1_129' title='bbox 629 1793 724 1846; x_wconf 77' lang='grc' dir='ltr'><strong>καὶ</strong></span> <span class='ocrx_word' id='word_1_130' title='bbox 751 1793 851 1860; x_wconf 76' lang='grc' dir='ltr'>τῆς</span> <span class='ocrx_word' id='word_1_131' title='bbox 885 1793 1106 1863; x_wconf 83' lang='grc' dir='ltr'>ἀγάπης</span> <span class='ocrx_word' id='word_1_132' title='bbox 1133 1792 1234 1862; x_wconf 76' lang='grc' dir='ltr'><strong>τὴν</strong></span> <span class='ocrx_word' id='word_1_133' title='bbox 1259 1791 1519 1861; x_wconf 88' lang='grc' dir='ltr'>δύναμιν,</span> <span class='ocrx_word' id='word_1_134' title='bbox 1569 1790 1665 1844; x_wconf 71' lang='grc' dir='ltr'>καὶ</span> <span class='ocrx_word' id='word_1_135' title='bbox 1697 1790 1848 1852; x_wconf 82' lang='grc' dir='ltr'>ὅπως</span> 
     </span>
    </p>
   </div>
   <div class='ocr_carea' id='block_1_20' title="bbox 237 1883 1843 1957">
    <p class='ocr_par' dir='ltr' id='par_1_20' title="bbox 237 1883 1843 1957">
     <span class='ocr_line' id='line_1_20' title="bbox 237 1883 1843 1957; baseline -0.002 -18"><span class='ocrx_word' id='word_1_136' title='bbox 237 1884 306 1940; x_wconf 78' lang='grc' dir='ltr'><strong>ἂν</strong></span> <span class='ocrx_word' id='word_1_137' title='bbox 335 1885 514 1955; x_wconf 78' lang='grc' dir='ltr'>αὐτὴν</span> <span class='ocrx_word' id='word_1_138' title='bbox 544 1885 1024 1957; x_wconf 80' lang='grc' dir='ltr'>ὲπιτηδεύσαιμεν,</span> <span class='ocrx_word' id='word_1_139' title='bbox 1053 1885 1252 1956; x_wconf 77' lang='grc' dir='ltr'>ἄριστά</span> <span class='ocrx_word' id='word_1_140' title='bbox 1279 1902 1339 1938; x_wconf 82' lang='grc' dir='ltr'><strong>τε</strong></span> <span class='ocrx_word' id='word_1_141' title='bbox 1373 1885 1468 1939; x_wconf 70' lang='grc' dir='ltr'>καὶ</span> <span class='ocrx_word' id='word_1_142' title='bbox 1494 1883 1843 1954; x_wconf 75' lang='grc' dir='ltr'><strong>ἀνεγκλήτως</strong></span> 
     </span>
    </p>
   </div>
   <div class='ocr_carea' id='block_1_21' title="bbox 237 1974 1842 2048">
    <p class='ocr_par' dir='ltr' id='par_1_21' title="bbox 237 1974 1842 2048">
     <span class='ocr_line' id='line_1_21' title="bbox 237 1974 1842 2048; baseline -0.002 -17"><span class='ocrx_word' id='word_1_143' title='bbox 237 1977 490 2031; x_wconf 76' lang='grc' dir='ltr'>διδάσκει</span> <span class='ocrx_word' id='word_1_144' title='bbox 535 1976 624 2030; x_wconf 76' lang='grc' dir='ltr'>διὰ</span> <span class='ocrx_word' id='word_1_145' title='bbox 668 1977 730 2030; x_wconf 83' lang='grc' dir='ltr'><strong>τὸ</strong></span> <span class='ocrx_word' id='word_1_146' title='bbox 773 1979 1062 2048; x_wconf 81' lang='grc' dir='ltr'>χρήσιμον.</span> <span class='ocrx_word' id='word_1_147' title='bbox 1115 1977 1188 2030; x_wconf 80' lang='grc' dir='ltr'><strong>Οὐ</strong></span> <span class='ocrx_word' id='word_1_148' title='bbox 1220 1978 1330 2048; x_wconf 79' lang='grc' dir='ltr'><strong>γὰρ</strong></span> <span class='ocrx_word' id='word_1_149' title='bbox 1361 1975 1415 2028; x_wconf 74' lang='grc' dir='ltr'>εἴ</span> <span class='ocrx_word' id='word_1_150' title='bbox 1450 1993 1536 2038; x_wconf 84' lang='grc' dir='ltr'><strong>τις</strong></span> <span class='ocrx_word' id='word_1_151' title='bbox 1572 1975 1719 2043; x_wconf 77' lang='grc' dir='ltr'>λέγοι</span> <span class='ocrx_word' id='word_1_152' title='bbox 1750 1974 1842 2028; x_wconf 83' lang='grc' dir='ltr'><strong>τὸν</strong></span> 
     </span>
    </p>
   </div>
   <div class='ocr_carea' id='block_1_22' title="bbox 236 2067 1841 2141">
    <p class='ocr_par' dir='ltr' id='par_1_22' title="bbox 236 2067 1841 2141">
     <span class='ocr_line' id='line_1_22' title="bbox 236 2067 1841 2141; baseline -0.002 -17"><span class='ocrx_word' id='word_1_153' title='bbox 236 2070 377 2124; x_wconf 79' lang='grc' dir='ltr'>Θεὸν</span> <span class='ocrx_word' id='word_1_154' title='bbox 401 2071 652 2140; x_wconf 75' lang='grc' dir='ltr'>ἀγαπᾷν,</span> <span class='ocrx_word' id='word_1_155' title='bbox 685 2070 904 2134; x_wconf 83' lang='grc' dir='ltr'>πάντως</span> <span class='ocrx_word' id='word_1_156' title='bbox 923 2070 986 2141; x_wconf 82' lang='grc' dir='ltr'><strong>δὴ</strong></span> <span class='ocrx_word' id='word_1_157' title='bbox 1017 2071 1113 2124; x_wconf 71' lang='grc' dir='ltr'><strong>καὶ</strong></span> <span class='ocrx_word' id='word_1_158' title='bbox 1134 2069 1234 2140; x_wconf 83' lang='grc' dir='ltr'>τὴν</span> <span class='ocrx_word' id='word_1_159' title='bbox 1261 2067 1356 2122; x_wconf 76' lang='grc' dir='ltr'>τοῦ</span> <span class='ocrx_word' id='word_1_160' title='bbox 1383 2067 1597 2140; x_wconf 85' lang='grc' dir='ltr'>άληθῶς</span> <span class='ocrx_word' id='word_1_161' title='bbox 1621 2068 1841 2138; x_wconf 76' lang='grc' dir='ltr'>ἀγαπᾷν</span> 
     </span>
    </p>
   </div>
   <div class='ocr_carea' id='block_1_23' title="bbox 233 2161 1840 2234">
    <p class='ocr_par' dir='ltr' id='par_1_23' title="bbox 233 2161 1840 2234">
     <span class='ocr_line' id='line_1_23' title="bbox 233 2161 1840 2234; baseline -0.002 -16"><span class='ocrx_word' id='word_1_162' title='bbox 233 2163 534 2218; x_wconf 77' lang='grc' dir='ltr'>ἀποίσεται</span> <span class='ocrx_word' id='word_1_163' title='bbox 571 2163 750 2230; x_wconf 75' lang='grc' dir='ltr'>δόξαν,</span> <span class='ocrx_word' id='word_1_164' title='bbox 800 2165 924 2217; x_wconf 76' lang='grc' dir='ltr'>ἐπεὶ</span> <span class='ocrx_word' id='word_1_165' title='bbox 956 2165 1031 2234; x_wconf 81' lang='grc' dir='ltr'>μὴ</span> <span class='ocrx_word' id='word_1_166' title='bbox 1076 2165 1134 2216; x_wconf 78' lang='grc' dir='ltr'>ἐν</span> <span class='ocrx_word' id='word_1_167' title='bbox 1166 2162 1309 2234; x_wconf 80' lang='grc' dir='ltr'>λόγῳ</span> <span class='ocrx_word' id='word_1_168' title='bbox 1341 2161 1482 2232; x_wconf 77' lang='grc' dir='ltr'>ψιλῷ</span> <span class='ocrx_word' id='word_1_169' title='bbox 1511 2161 1609 2230; x_wconf 82' lang='grc' dir='ltr'>τῆς</span> <span class='ocrx_word' id='word_1_170' title='bbox 1639 2161 1840 2232; x_wconf 80' lang='grc' dir='ltr'>ἀρετῆς</span> 
     </span>
    </p>
   </div>
   <div class='ocr_carea' id='block_1_24' title="bbox 233 2239 1840 2325">
    <p class='ocr_par' dir='ltr' id='par_1_24' title="bbox 233 2239 1840 2325">
     <span class='ocr_line' id='line_1_24' title="bbox 233 2239 1840 2325; baseline -0.003 -17"><span class='ocrx_word' id='word_1_171' title='bbox 233 2256 269 2325; x_wconf 74' lang='grc' dir='ltr'><strong>ἡ</strong></span> <span class='ocrx_word' id='word_1_172' title='bbox 317 2253 583 2323; x_wconf 73' lang='grc' dir='ltr'>δύναμὶς,</span> <span class='ocrx_word' id='word_1_173' title='bbox 633 2255 770 2325; x_wconf 82' lang='grc' dir='ltr'>μήτε</span> <span class='ocrx_word' id='word_1_174' title='bbox 805 2252 913 2324; x_wconf 82' lang='grc' dir='ltr'><strong>μὴν</strong></span> <span class='ocrx_word' id='word_1_175' title='bbox 943 2255 1001 2307; x_wconf 83' lang='grc' dir='ltr'>ὲν</span> <span class='ocrx_word' id='word_1_176' title='bbox 1027 2255 1256 2324; x_wconf 80' lang='grc' dir='ltr'>γυμνοῖς</span> <span class='ocrx_word' id='word_1_177' title='bbox 1302 2239 1607 2324; x_wconf 52' lang='grc' dir='ltr'>μορλςοῦταί</span> <span class='ocrx_word' id='word_1_178' title='bbox 1634 2253 1840 2324; x_wconf 79' lang='grc' dir='ltr'>ῥήμασι</span> 
     </span>
    </p>
   </div>
   <div class='ocr_carea' id='block_1_25' title="bbox 233 2337 1840 2417">
    <p class='ocr_par' dir='ltr' id='par_1_25' title="bbox 233 2337 1840 2417">
     <span class='ocr_line' id='line_1_25' title="bbox 233 2337 1840 2417; baseline -0.004 -18"><span class='ocrx_word' id='word_1_179' title='bbox 233 2347 337 2417; x_wconf 82' lang='grc' dir='ltr'>τῆς</span> <span class='ocrx_word' id='word_1_180' title='bbox 371 2347 456 2409; x_wconf 72' lang='grc' dir='ltr'>εἰς</span> <span class='ocrx_word' id='word_1_181' title='bbox 487 2346 620 2399; x_wconf 83' lang='grc' dir='ltr'>Θεὸν</span> <span class='ocrx_word' id='word_1_182' title='bbox 657 2337 1036 2410; x_wconf 55' lang='grc' dir='ltr'>εὐσεϐείαίτὸ</span> <span class='ocrx_word' id='word_1_183' title='bbox 1067 2345 1284 2410; x_wconf 87' lang='grc' dir='ltr'>κάλλος,</span> <span class='ocrx_word' id='word_1_184' title='bbox 1314 2344 1431 2399; x_wconf 78' lang='grc' dir='ltr'>ἀλλ’</span> <span class='ocrx_word' id='word_1_185' title='bbox 1465 2345 1498 2416; x_wconf 81' lang='grc' dir='ltr'>ἢ</span> <span class='ocrx_word' id='word_1_186' title='bbox 1531 2343 1589 2408; x_wconf 73' lang='grc' dir='ltr'>ἐξ</span> <span class='ocrx_word' id='word_1_187' title='bbox 1618 2340 1840 2410; x_wconf 77' lang='grc' dir='ltr'>ἀγαθῶν</span> 
     </span>
    </p>
   </div>
   <div class='ocr_carea' id='block_1_26' title="bbox 233 2433 1840 2509">
    <p class='ocr_par' dir='ltr' id='par_1_26' title="bbox 233 2433 1840 2509">
     <span class='ocr_line' id='line_1_26' title="bbox 233 2433 1840 2509; baseline -0.003 -17"><span class='ocrx_word' id='word_1_188' title='bbox 233 2439 708 2509; x_wconf 78' lang='grc' dir='ltr'>ἀποτελεσμάτων</span> <span class='ocrx_word' id='word_1_189' title='bbox 739 2439 834 2493; x_wconf 74' lang='grc' dir='ltr'>καὶ</span> <span class='ocrx_word' id='word_1_190' title='bbox 865 2437 1124 2508; x_wconf 72' lang='grc' dir='ltr'>φιληκόου</span> <span class='ocrx_word' id='word_1_191' title='bbox 1174 2437 1400 2508; x_wconf 77' lang='grc' dir='ltr'>γνώμης</span> <span class='ocrx_word' id='word_1_192' title='bbox 1447 2433 1505 2490; x_wconf 76' lang='grc' dir='ltr'><strong>εὖ</strong></span> <span class='ocrx_word' id='word_1_193' title='bbox 1552 2436 1697 2508; x_wconf 87' lang='grc' dir='ltr'>μάλα</span> <span class='ocrx_word' id='word_1_194' title='bbox 1727 2435 1840 2488; x_wconf 86' lang='grc' dir='ltr'>δια-</span> 
     </span>
    </p>
   </div>
   <div class='ocr_carea' id='block_1_27' title="bbox 232 2529 1840 2606">
    <p class='ocr_par' dir='ltr' id='par_1_27' title="bbox 232 2529 1840 2606">
     <span class='ocr_line' id='line_1_27' title="bbox 232 2529 1840 2606; baseline -0.002 -20"><span class='ocrx_word' id='word_1_195' title='bbox 232 2531 609 2602; x_wconf 82' lang='grc' dir='ltr'>γινώσκεται,</span> <span class='ocrx_word' id='word_1_196' title='bbox 661 2533 760 2588; x_wconf 76' lang='grc' dir='ltr'>καὶ</span> <span class='ocrx_word' id='word_1_197' title='bbox 797 2532 906 2587; x_wconf 87' lang='grc' dir='ltr'><strong>τῶν</strong></span> <span class='ocrx_word' id='word_1_198' title='bbox 935 2532 1094 2588; x_wconf 85' lang='grc' dir='ltr'>θείων</span> <span class='ocrx_word' id='word_1_199' title='bbox 1127 2533 1356 2586; x_wconf 77' lang='grc' dir='ltr'>ἐντολῶν</span> <span class='ocrx_word' id='word_1_200' title='bbox 1387 2533 1420 2603; x_wconf 86' lang='grc' dir='ltr'><strong>ή</strong></span> <span class='ocrx_word' id='word_1_201' title='bbox 1460 2531 1693 2606; x_wconf 75' lang='grc' dir='ltr'>τήρησις</span> <span class='ocrx_word' id='word_1_202' title='bbox 1740 2529 1840 2600; x_wconf 79' lang='grc' dir='ltr'><strong>τὴν</strong></span> 
     </span>
    </p>
   </div>
   <div class='ocr_carea' id='block_1_28' title="bbox 233 2620 1838 2694">
    <p class='ocr_par' dir='ltr' id='par_1_28' title="bbox 233 2620 1838 2694">
     <span class='ocr_line' id='line_1_28' title="bbox 233 2620 1838 2694; baseline -0.001 -20"><span class='ocrx_word' id='word_1_203' title='bbox 233 2623 316 2684; x_wconf 71' lang='grc' dir='ltr'>εἰς</span> <span class='ocrx_word' id='word_1_204' title='bbox 361 2621 426 2674; x_wconf 83' lang='grc' dir='ltr'><strong>τὸ</strong></span> <span class='ocrx_word' id='word_1_205' title='bbox 475 2620 620 2676; x_wconf 87' lang='grc' dir='ltr'>θεῖον</span> <span class='ocrx_word' id='word_1_206' title='bbox 667 2622 891 2694; x_wconf 78' lang='grc' dir='ltr'>ἀγάπην</span> <span class='ocrx_word' id='word_1_207' title='bbox 935 2622 1134 2694; x_wconf 81' lang='grc' dir='ltr'>ἄριστα</span> <span class='ocrx_word' id='word_1_208' title='bbox 1179 2621 1480 2692; x_wconf 77' lang='grc' dir='ltr'>ζωγραφεῖ,</span> <span class='ocrx_word' id='word_1_209' title='bbox 1531 2621 1626 2674; x_wconf 72' lang='grc' dir='ltr'><strong>καὶ</strong></span> <span class='ocrx_word' id='word_1_210' title='bbox 1658 2620 1838 2684; x_wconf 83' lang='grc' dir='ltr'>ζῶσαν</span> 
     </span>
    </p>
   </div>
   <div class='ocr_carea' id='block_1_29' title="bbox 233 2708 1838 2782">
    <p class='ocr_par' dir='ltr' id='par_1_29' title="bbox 233 2708 1838 2782">
     <span class='ocr_line' id='line_1_29' title="bbox 233 2708 1838 2782; baseline -0.001 -20"><span class='ocrx_word' id='word_1_211' title='bbox 233 2709 376 2773; x_wconf 83' lang='grc' dir='ltr'>ὅλως</span> <span class='ocrx_word' id='word_1_212' title='bbox 416 2710 517 2764; x_wconf 73' lang='grc' dir='ltr'><strong>καὶ</strong></span> <span class='ocrx_word' id='word_1_213' title='bbox 560 2709 738 2782; x_wconf 80' lang='grc' dir='ltr'>ἀληθῆ</span> <span class='ocrx_word' id='word_1_214' title='bbox 788 2709 1119 2782; x_wconf 80' lang='grc' dir='ltr'>παρίστησιν</span> <span class='ocrx_word' id='word_1_215' title='bbox 1158 2711 1382 2782; x_wconf 85' lang='grc' dir='ltr'>ἀρετὴν,</span> <span class='ocrx_word' id='word_1_216' title='bbox 1429 2709 1529 2764; x_wconf 77' lang='grc' dir='ltr'><strong>οὐκ</strong></span> <span class='ocrx_word' id='word_1_217' title='bbox 1559 2711 1616 2762; x_wconf 76' lang='grc' dir='ltr'>ὲν</span> <span class='ocrx_word' id='word_1_218' title='bbox 1648 2708 1838 2778; x_wconf 84' lang='grc' dir='ltr'>μόναις</span> 
     </span>
    </p>
   </div>
   <div class='ocr_carea' id='block_1_30' title="bbox 233 2802 1836 2874">
    <p class='ocr_par' dir='ltr' id='par_1_30' title="bbox 233 2802 1836 2874">
     <span class='ocr_line' id='line_1_30' title="bbox 233 2802 1836 2874; baseline -0.001 -19"><span class='ocrx_word' id='word_1_219' title='bbox 233 2802 766 2874; x_wconf 71' lang='grc' dir='ltr'>σκιαγραφουμένην</span> <span class='ocrx_word' id='word_1_220' title='bbox 817 2804 937 2867; x_wconf 88' lang='grc' dir='ltr'>ταῖς</span> <span class='ocrx_word' id='word_1_221' title='bbox 988 2803 1098 2857; x_wconf 85' lang='grc' dir='ltr'><strong>ἀπὸ</strong></span> <span class='ocrx_word' id='word_1_222' title='bbox 1149 2803 1249 2874; x_wconf 82' lang='grc' dir='ltr'>τῆς</span> <span class='ocrx_word' id='word_1_223' title='bbox 1302 2802 1548 2872; x_wconf 83' lang='grc' dir='ltr'>γλώττης</span> <span class='ocrx_word' id='word_1_224' title='bbox 1599 2804 1836 2872; x_wconf 80' lang='grc' dir='ltr'>φωναῖς,</span> 
     </span>
    </p>
   </div>
   <div class='ocr_carea' id='block_1_31' title="bbox 233 2892 1836 2968">
    <p class='ocr_par' dir='ltr' id='par_1_31' title="bbox 233 2892 1836 2968">
     <span class='ocr_line' id='line_1_31' title="bbox 233 2892 1836 2968; baseline 0.001 -23"><span class='ocrx_word' id='word_1_225' title='bbox 233 2892 498 2967; x_wconf 83' lang='grc' dir='ltr'>καθάπερ</span> <span class='ocrx_word' id='word_1_226' title='bbox 519 2897 846 2967; x_wconf 76' lang='grc' dir='ltr'>εἰρήκαμεν,</span> <span class='ocrx_word' id='word_1_227' title='bbox 871 2895 1117 2968; x_wconf 84' lang='grc' dir='ltr'>φαιδροῖς</span> <span class='ocrx_word' id='word_1_228' title='bbox 1141 2895 1197 2949; x_wconf 82' lang='grc' dir='ltr'>δὲ</span> <span class='ocrx_word' id='word_1_229' title='bbox 1219 2895 1410 2966; x_wconf 81' lang='grc' dir='ltr'>ὥσπερ</span> <span class='ocrx_word' id='word_1_230' title='bbox 1431 2894 1836 2966; x_wconf 82' lang='grc' dir='ltr'>διαπρέπουσαν</span> 
     </span>
    </p>
   </div>
   <div class='ocr_carea' id='block_1_32' title="bbox 230 2983 1836 3054">
    <p class='ocr_par' dir='ltr' id='par_1_32' title="bbox 230 2983 1836 3054">
     <span class='ocr_line' id='line_1_32' title="bbox 230 2983 1836 3054; baseline 0.001 -19"><span class='ocrx_word' id='word_1_231' title='bbox 230 2983 497 3053; x_wconf 75' lang='grc' dir='ltr'>χρώμασι</span> <span class='ocrx_word' id='word_1_232' title='bbox 551 2986 678 3050; x_wconf 87' lang='grc' dir='ltr'>ταῖς</span> <span class='ocrx_word' id='word_1_233' title='bbox 738 2983 849 3038; x_wconf 91' lang='grc' dir='ltr'><strong>τῶν</strong></span> <span class='ocrx_word' id='word_1_234' title='bbox 900 2984 1078 3054; x_wconf 77' lang='grc' dir='ltr'>ἔργων</span> <span class='ocrx_word' id='word_1_235' title='bbox 1145 2984 1340 3051; x_wconf 58' lang='grc' dir='ltr'><strong>ίδὲαιςι</strong></span> <span class='ocrx_word' id='word_1_236' title='bbox 1389 2983 1484 3038; x_wconf 72' lang='grc' dir='ltr'><strong>καὶ</strong></span> <span class='ocrx_word' id='word_1_237' title='bbox 1527 2983 1836 3054; x_wconf 83' lang='grc' dir='ltr'>ὁλοκλήρως</span> 
     </span>
    </p>
   </div>
   <div class='ocr_carea' id='block_1_33' title="bbox 214 3075 1836 3150">
    <p class='ocr_par' dir='ltr' id='par_1_33' title="bbox 214 3075 1836 3150">
     <span class='ocr_line' id='line_1_33' title="bbox 214 3075 1836 3150; baseline -0.001 -18"><span class='ocrx_word' id='word_1_238' title='bbox 214 3078 662 3150; x_wconf 61' lang='grc' dir='ltr'>ἐκλάμπουσαν.</span> <span class='ocrx_word' id='word_1_239' title='bbox 711 3078 822 3131; x_wconf 66' lang='grc' dir='ltr'><strong>Καὶ</strong></span> <span class='ocrx_word' id='word_1_240' title='bbox 855 3077 987 3146; x_wconf 84' lang='grc' dir='ltr'>γοῦν</span> <span class='ocrx_word' id='word_1_241' title='bbox 1018 3079 1047 3130; x_wconf 85' lang='grc' dir='ltr'>ὁ</span> <span class='ocrx_word' id='word_1_242' title='bbox 1089 3076 1296 3149; x_wconf 82' lang='grc' dir='ltr'>Κύριος</span> <span class='ocrx_word' id='word_1_243' title='bbox 1339 3077 1498 3148; x_wconf 85' lang='grc' dir='ltr'>ήμῶν</span> <span class='ocrx_word' id='word_1_244' title='bbox 1555 3075 1764 3146; x_wconf 82' lang='grc' dir='ltr'>Ἰησοῦς</span> <span class='ocrx_word' id='word_1_245' title='bbox 1807 3079 1836 3130; x_wconf 87' lang='grc' dir='ltr'><strong>ό</strong></span> 
     </span>
    </p>
   </div>
   <div class='ocr_carea' id='block_1_34' title="bbox 1957 589 3548 667">
    <p class='ocr_par' dir='ltr' id='par_1_34' title="bbox 1957 589 3548 667">
     <span class='ocr_line' id='line_1_34' title="bbox 1957 589 3548 667; baseline 0.004 -24"><span class='ocrx_word' id='word_1_246' title='bbox 1957 589 2097 644; x_wconf 84' lang='lat' dir='ltr'><strong>bona</strong></span> <span class='ocrx_word' id='word_1_247' title='bbox 2120 591 2428 664; x_wconf 72' lang='lat' dir='ltr'><strong>largiatur,</strong></span> <span class='ocrx_word' id='word_1_248' title='bbox 2473 595 2640 650; x_wconf 72' lang='lat' dir='ltr'><strong>facile</strong></span> <span class='ocrx_word' id='word_1_249' title='bbox 2667 595 3010 667; x_wconf 82' lang='lat' dir='ltr'><strong>perspicies,</strong></span> <span class='ocrx_word' id='word_1_250' title='bbox 3055 609 3182 649; x_wconf 87' lang='lat' dir='ltr'><strong>cum</strong></span> <span class='ocrx_word' id='word_1_251' title='bbox 3223 611 3319 664; x_wconf 86' lang='lat' dir='ltr'><strong>per</strong></span> <span class='ocrx_word' id='word_1_252' title='bbox 3351 595 3548 650; x_wconf 79' lang='lat' dir='ltr'><strong>lsaiam</strong></span> 
     </span>
    </p>
   </div>
   <div class='ocr_carea' id='block_1_35' title="bbox 1955 684 3548 758">
    <p class='ocr_par' dir='ltr' id='par_1_35' title="bbox 1955 684 3548 758">
     <span class='ocr_line' id='line_1_35' title="bbox 1955 684 3548 758; baseline 0.001 -20"><span class='ocrx_word' id='word_1_253' title='bbox 1955 684 2276 754; x_wconf 84' lang='lat' dir='ltr'><strong>prephetam</strong></span> <span class='ocrx_word' id='word_1_254' title='bbox 2312 687 2378 740; x_wconf 86' lang='lat' dir='ltr'><strong>ad</strong></span> <span class='ocrx_word' id='word_1_255' title='bbox 2410 703 2508 744; x_wconf 88' lang='lat' dir='ltr'><strong>eos</strong></span> <span class='ocrx_word' id='word_1_256' title='bbox 2537 689 2855 758; x_wconf 78' lang='lat' dir='ltr'><strong>loquentem</strong></span> <span class='ocrx_word' id='word_1_257' title='bbox 2891 687 3080 742; x_wconf 90' lang='lat' dir='ltr'><strong>audies</strong></span> <span class='ocrx_word' id='word_1_258' title='bbox 3122 709 3135 741; x_wconf 91' lang='lat'><strong>:</strong></span> <span class='ocrx_word' id='word_1_259' title='bbox 3183 705 3201 738; x_wconf 78' lang='grc' dir='ltr'><strong>ι</strong></span> <span class='ocrx_word' id='word_1_260' title='bbox 3241 686 3434 740; x_wconf 86' lang='lat' dir='ltr'><strong>Adhuc</strong></span> <span class='ocrx_word' id='word_1_261' title='bbox 3465 687 3548 740; x_wconf 83' lang='lat' dir='ltr'><strong>Io-</strong></span> 
     </span>
    </p>
   </div>
   <div class='ocr_carea' id='block_1_36' title="bbox 1953 777 3550 847">
    <p class='ocr_par' dir='ltr' id='par_1_36' title="bbox 1953 777 3550 847">
     <span class='ocr_line' id='line_1_36' title="bbox 1953 777 3550 847; baseline 0.002 -19"><span class='ocrx_word' id='word_1_262' title='bbox 1953 785 2155 846; x_wconf 90' lang='lat' dir='ltr'><strong>qnente</strong></span> <span class='ocrx_word' id='word_1_263' title='bbox 2195 785 2268 844; x_wconf 91' lang='lat' dir='ltr'><strong>te,</strong></span> <span class='ocrx_word' id='word_1_264' title='bbox 2301 778 2482 833; x_wconf 90' lang='lat' dir='ltr'><strong>dicam</strong></span> <span class='ocrx_word' id='word_1_265' title='bbox 2519 796 2532 832; x_wconf 93' lang='lat'>:</span> <span class='ocrx_word' id='word_1_266' title='bbox 2561 780 2705 847; x_wconf 80' lang='lat' dir='ltr'><strong>Quid</strong></span> <span class='ocrx_word' id='word_1_267' title='bbox 2725 787 2811 835; x_wconf 90' lang='lat' dir='ltr'><strong>est</strong></span> <span class='ocrx_word' id='word_1_268' title='bbox 2834 779 2920 833; x_wconf 66' lang='lat'><strong>’9?</strong></span> <span class='ocrx_word' id='word_1_269' title='bbox 2953 798 2971 830; x_wconf 67' lang='grc' dir='ltr'><strong>ι</strong></span> <span class='ocrx_word' id='word_1_270' title='bbox 3012 778 3080 832; x_wconf 83' lang='lat' dir='ltr'><strong>Et</strong></span> <span class='ocrx_word' id='word_1_271' title='bbox 3117 794 3216 846; x_wconf 88' lang='lat' dir='ltr'><strong>per</strong></span> <span class='ocrx_word' id='word_1_272' title='bbox 3244 777 3550 834; x_wconf 78' lang='lat' dir='ltr'><strong>Psalmista:</strong></span> 
     </span>
    </p>
   </div>
   <div class='ocr_carea' id='block_1_37' title="bbox 1953 869 3548 942">
    <p class='ocr_par' dir='ltr' id='par_1_37' title="bbox 1953 869 3548 942">
     <span class='ocr_line' id='line_1_37' title="bbox 1953 869 3548 942; baseline 0 -18"><span class='ocrx_word' id='word_1_273' title='bbox 1953 883 2143 924; x_wconf 89' lang='lat' dir='ltr'><strong>vocem</strong></span> <span class='ocrx_word' id='word_1_274' title='bbox 2171 889 2184 925; x_wconf 89' lang='lat'><strong>:</strong></span> <span class='ocrx_word' id='word_1_275' title='bbox 2227 889 2244 921; x_wconf 79' lang='grc' dir='ltr'><strong>ι</strong></span> <span class='ocrx_word' id='word_1_276' title='bbox 2271 869 2429 926; x_wconf 86' lang='lat' dir='ltr'><strong>Oculi</strong></span> <span class='ocrx_word' id='word_1_277' title='bbox 2465 872 2680 927; x_wconf 90' lang='lat' dir='ltr'><strong>Domini</strong></span> <span class='ocrx_word' id='word_1_278' title='bbox 2715 887 2883 942; x_wconf 87' lang='lat' dir='ltr'><strong>super</strong></span> <span class='ocrx_word' id='word_1_279' title='bbox 2907 871 3114 941; x_wconf 86' lang='lat' dir='ltr'><strong>justos,</strong></span> <span class='ocrx_word' id='word_1_280' title='bbox 3147 878 3200 925; x_wconf 89' lang='lat' dir='ltr'><strong>et</strong></span> <span class='ocrx_word' id='word_1_281' title='bbox 3229 885 3392 926; x_wconf 86' lang='lat' dir='ltr'><strong>aures</strong></span> <span class='ocrx_word' id='word_1_282' title='bbox 3425 870 3548 938; x_wconf 85' lang='lat' dir='ltr'><strong>ejus</strong></span> 
     </span>
    </p>
   </div>
   <div class='ocr_carea' id='block_1_38' title="bbox 1953 961 3548 1036">
    <p class='ocr_par' dir='ltr' id='par_1_38' title="bbox 1953 961 3548 1036">
     <span class='ocr_line' id='line_1_38' title="bbox 1953 961 3548 1036; baseline 0.001 -21"><span class='ocrx_word' id='word_1_283' title='bbox 1953 961 2008 1016; x_wconf 91' lang='lat' dir='ltr'><strong>in</strong></span> <span class='ocrx_word' id='word_1_284' title='bbox 2050 978 2242 1032; x_wconf 83' lang='lat' dir='ltr'><strong>preces</strong></span> <span class='ocrx_word' id='word_1_285' title='bbox 2267 980 2460 1020; x_wconf 87' lang='lat' dir='ltr'><strong>eorum</strong></span> <span class='ocrx_word' id='word_1_286' title='bbox 2485 967 2552 1019; x_wconf 64' lang='grc' dir='ltr'><strong>ιθ.</strong></span> <span class='ocrx_word' id='word_1_287' title='bbox 2591 985 2610 1018; x_wconf 69' lang='grc' dir='ltr'><strong>ι</strong></span> <span class='ocrx_word' id='word_1_288' title='bbox 2653 965 2952 1036; x_wconf 83' lang='lat' dir='ltr'><strong>Postquam</strong></span> <span class='ocrx_word' id='word_1_289' title='bbox 2975 979 3106 1033; x_wconf 82' lang='lat' dir='ltr'><strong>ergo</strong></span> <span class='ocrx_word' id='word_1_290' title='bbox 3137 965 3330 1019; x_wconf 87' lang='lat' dir='ltr'><strong>statuit</strong></span> <span class='ocrx_word' id='word_1_291' title='bbox 3355 977 3420 1016; x_wconf 89' lang='lat' dir='ltr'><strong>ac</strong></span> <span class='ocrx_word' id='word_1_292' title='bbox 3453 977 3548 1032; x_wconf 81' lang='lat' dir='ltr'><strong>pa-</strong></span> 
     </span>
    </p>
   </div>
   <div class='ocr_carea' id='block_1_39' title="bbox 1953 1054 3546 1128">
    <p class='ocr_par' dir='ltr' id='par_1_39' title="bbox 1953 1054 3546 1128">
     <span class='ocr_line' id='line_1_39' title="bbox 1953 1054 3546 1128; baseline -0.001 -20"><span class='ocrx_word' id='word_1_293' title='bbox 1953 1054 2058 1108; x_wconf 85' lang='lat' dir='ltr'><strong>lam</strong></span> <span class='ocrx_word' id='word_1_294' title='bbox 2094 1065 2148 1110; x_wconf 90' lang='lat' dir='ltr'><strong>et</strong></span> <span class='ocrx_word' id='word_1_295' title='bbox 2191 1066 2378 1126; x_wconf 86' lang='lat' dir='ltr'><strong>aperte</strong></span> <span class='ocrx_word' id='word_1_296' title='bbox 2421 1059 2564 1111; x_wconf 77' lang='lat' dir='ltr'><strong>dixit</strong></span> <span class='ocrx_word' id='word_1_297' title='bbox 2600 1057 2898 1128; x_wconf 80' lang='lat' dir='ltr'><strong>diligentes</strong></span> <span class='ocrx_word' id='word_1_298' title='bbox 2952 1071 3013 1112; x_wconf 90' lang='lat' dir='ltr'><strong>se</strong></span> <span class='ocrx_word' id='word_1_299' title='bbox 3069 1057 3126 1109; x_wconf 90' lang='lat' dir='ltr'><strong>&#39;m</strong></span> <span class='ocrx_word' id='word_1_300' title='bbox 3173 1069 3546 1124; x_wconf 87' lang='lat' dir='ltr'><strong>supernorum</strong></span> 
     </span>
    </p>
   </div>
   <div class='ocr_carea' id='block_1_40' title="bbox 1953 1146 3544 1219">
    <p class='ocr_par' dir='ltr' id='par_1_40' title="bbox 1953 1146 3544 1219">
     <span class='ocr_line' id='line_1_40' title="bbox 1953 1146 3544 1219; baseline -0.001 -17"><span class='ocrx_word' id='word_1_301' title='bbox 1953 1146 2227 1202; x_wconf 90' lang='lat' dir='ltr'><strong>bonorum</strong></span> <span class='ocrx_word' id='word_1_302' title='bbox 2254 1147 2468 1204; x_wconf 88' lang='lat' dir='ltr'><strong>deliciis</strong></span> <span class='ocrx_word' id='word_1_303' title='bbox 2497 1151 2624 1219; x_wconf 90' lang='lat' dir='ltr'><strong>jure</strong></span> <span class='ocrx_word' id='word_1_304' title='bbox 2651 1157 2978 1204; x_wconf 87' lang='lat' dir='ltr'><strong>versaturos</strong></span> <span class='ocrx_word' id='word_1_305' title='bbox 3007 1187 3021 1210; x_wconf 91' lang='lat'><strong>,</strong></span> <span class='ocrx_word' id='word_1_306' title='bbox 3074 1163 3196 1218; x_wconf 58' lang='lat' dir='ltr'><strong>quas</strong></span> <span class='ocrx_word' id='word_1_307' title='bbox 3226 1163 3326 1217; x_wconf 89' lang='lat' dir='ltr'><strong>per</strong></span> <span class='ocrx_word' id='word_1_308' title='bbox 3363 1147 3544 1216; x_wconf 89' lang='lat' dir='ltr'><strong>ipsum</strong></span> 
     </span>
    </p>
   </div>
   <div class='ocr_carea' id='block_1_41' title="bbox 1951 1236 3545 1307">
    <p class='ocr_par' dir='ltr' id='par_1_41' title="bbox 1951 1236 3545 1307">
     <span class='ocr_line' id='line_1_41' title="bbox 1951 1236 3545 1307; baseline 0.003 -15"><span class='ocrx_word' id='word_1_309' title='bbox 1951 1236 2134 1294; x_wconf 90' lang='lat' dir='ltr'><strong>danda</strong></span> <span class='ocrx_word' id='word_1_310' title='bbox 2165 1241 2391 1296; x_wconf 81' lang='lat' dir='ltr'><strong>veniant</strong></span> <span class='ocrx_word' id='word_1_311' title='bbox 2424 1257 2456 1294; x_wconf 91' lang='lat' dir='ltr'><strong>a</strong></span> <span class='ocrx_word' id='word_1_312' title='bbox 2493 1240 2658 1297; x_wconf 80' lang='lat' dir='ltr'><strong>Patre</strong></span> <span class='ocrx_word' id='word_1_313' title='bbox 2681 1282 2697 1307; x_wconf 93' lang='lat'><strong>,</strong></span> <span class='ocrx_word' id='word_1_314' title='bbox 2727 1241 3018 1296; x_wconf 85' lang='lat' dir='ltr'><strong>charitatis</strong></span> <span class='ocrx_word' id='word_1_315' title='bbox 3059 1241 3170 1293; x_wconf 85' lang='lat' dir='ltr'><strong>vim</strong></span> <span class='ocrx_word' id='word_1_316' title='bbox 3217 1240 3404 1295; x_wconf 86' lang='lat' dir='ltr'><strong>statim</strong></span> <span class='ocrx_word' id='word_1_317' title='bbox 3447 1241 3545 1296; x_wconf 89' lang='lat' dir='ltr'><strong>de-</strong></span> 
     </span>
    </p>
   </div>
   <div class='ocr_carea' id='block_1_42' title="bbox 1952 1331 3542 1403">
    <p class='ocr_par' dir='ltr' id='par_1_42' title="bbox 1952 1331 3542 1403">
     <span class='ocr_line' id='line_1_42' title="bbox 1952 1331 3542 1403; baseline -0.002 -17"><span class='ocrx_word' id='word_1_318' title='bbox 1952 1331 2182 1397; x_wconf 86' lang='lat' dir='ltr'><strong>scribit,</strong></span> <span class='ocrx_word' id='word_1_319' title='bbox 2211 1341 2266 1386; x_wconf 91' lang='lat' dir='ltr'><strong>et</strong></span> <span class='ocrx_word' id='word_1_320' title='bbox 2293 1348 2402 1402; x_wconf 91' lang='lat' dir='ltr'><strong>quo</strong></span> <span class='ocrx_word' id='word_1_321' title='bbox 2436 1341 2597 1403; x_wconf 84' lang='lat' dir='ltr'><strong>pacto</strong></span> <span class='ocrx_word' id='word_1_322' title='bbox 2629 1350 2749 1388; x_wconf 87' lang='lat' dir='ltr'><strong>eam</strong></span> <span class='ocrx_word' id='word_1_323' title='bbox 2790 1340 2941 1390; x_wconf 86' lang='lat' dir='ltr'><strong>recte</strong></span> <span class='ocrx_word' id='word_1_324' title='bbox 2987 1343 3042 1388; x_wconf 91' lang='lat' dir='ltr'><strong>et</strong></span> <span class='ocrx_word' id='word_1_325' title='bbox 3072 1332 3359 1402; x_wconf 86' lang='lat' dir='ltr'><strong>ineulpate</strong></span> <span class='ocrx_word' id='word_1_326' title='bbox 3391 1332 3542 1386; x_wconf 86' lang='lat' dir='ltr'><strong>cola-</strong></span> 
     </span>
    </p>
   </div>
   <div class='ocr_carea' id='block_1_43' title="bbox 1953 1423 3542 1488">
    <p class='ocr_par' dir='ltr' id='par_1_43' title="bbox 1953 1423 3542 1488">
     <span class='ocr_line' id='line_1_43' title="bbox 1953 1423 3542 1488; baseline -0.001 -11"><span class='ocrx_word' id='word_1_327' title='bbox 1953 1439 2075 1479; x_wconf 89' lang='lat' dir='ltr'><strong>mus</strong></span> <span class='ocrx_word' id='word_1_328' title='bbox 2117 1423 2184 1478; x_wconf 86' lang='lat' dir='ltr'><strong>ad</strong></span> <span class='ocrx_word' id='word_1_329' title='bbox 2221 1433 2472 1480; x_wconf 89' lang='lat' dir='ltr'><strong>nostram</strong></span> <span class='ocrx_word' id='word_1_330' title='bbox 2511 1427 2804 1480; x_wconf 72' lang='lat' dir='ltr'><strong>utilitatem</strong></span> <span class='ocrx_word' id='word_1_331' title='bbox 2833 1464 2847 1488; x_wconf 89' lang='lat'><strong>,</strong></span> <span class='ocrx_word' id='word_1_332' title='bbox 2901 1425 3118 1480; x_wconf 86' lang='lat' dir='ltr'><strong>edocet.</strong></span> <span class='ocrx_word' id='word_1_333' title='bbox 3154 1423 3266 1478; x_wconf 79' lang='lat' dir='ltr'><strong>Nec</strong></span> <span class='ocrx_word' id='word_1_334' title='bbox 3307 1424 3453 1478; x_wconf 87' lang='lat' dir='ltr'><strong>enim</strong></span> <span class='ocrx_word' id='word_1_335' title='bbox 3493 1424 3542 1478; x_wconf 90' lang='lat' dir='ltr'><strong>si</strong></span> 
     </span>
    </p>
   </div>
   <div class='ocr_carea' id='block_1_44' title="bbox 1950 1507 3543 1582">
    <p class='ocr_par' dir='ltr' id='par_1_44' title="bbox 1950 1507 3543 1582">
     <span class='ocr_line' id='line_1_44' title="bbox 1950 1507 3543 1582; baseline 0.003 -18"><span class='ocrx_word' id='word_1_336' title='bbox 1950 1511 2077 1582; x_wconf 90' lang='lat' dir='ltr'><strong>quis</strong></span> <span class='ocrx_word' id='word_1_337' title='bbox 2125 1513 2293 1568; x_wconf 84' lang='lat' dir='ltr'><strong>Deum</strong></span> <span class='ocrx_word' id='word_1_338' title='bbox 2341 1507 2528 1570; x_wconf 87' lang='lat' dir='ltr'><strong>amare</strong></span> <span class='ocrx_word' id='word_1_339' title='bbox 2567 1529 2625 1570; x_wconf 86' lang='lat' dir='ltr'><strong>se</strong></span> <span class='ocrx_word' id='word_1_340' title='bbox 2667 1515 2854 1579; x_wconf 80' lang='lat' dir='ltr'><strong>dicat,</strong></span> <span class='ocrx_word' id='word_1_341' title='bbox 2895 1515 3127 1569; x_wconf 84' lang='lat' dir='ltr'><strong>omnino</strong></span> <span class='ocrx_word' id='word_1_342' title='bbox 3177 1514 3344 1568; x_wconf 88' lang='lat' dir='ltr'><strong>etiam</strong></span> <span class='ocrx_word' id='word_1_343' title='bbox 3397 1527 3543 1568; x_wconf 74' lang='lat' dir='ltr'><strong>vera:</strong></span> 
     </span>
    </p>
   </div>
   <div class='ocr_carea' id='block_1_45' title="bbox 1951 1605 3541 1684">
    <p class='ocr_par' dir='ltr' id='par_1_45' title="bbox 1951 1605 3541 1684">
     <span class='ocr_line' id='line_1_45' title="bbox 1951 1605 3541 1684; baseline 0.001 -24"><span class='ocrx_word' id='word_1_344' title='bbox 1951 1605 2269 1662; x_wconf 78' lang='lat' dir='ltr'><strong>dilectionis</strong></span> <span class='ocrx_word' id='word_1_345' title='bbox 2305 1609 2545 1680; x_wconf 83' lang='lat' dir='ltr'><strong>gloriam</strong></span> <span class='ocrx_word' id='word_1_346' title='bbox 2589 1609 2918 1680; x_wconf 90' lang='lat' dir='ltr'><strong>reportabit,</strong></span> <span class='ocrx_word' id='word_1_347' title='bbox 2949 1623 3074 1663; x_wconf 88' lang='lat' dir='ltr'><strong>cum</strong></span> <span class='ocrx_word' id='word_1_348' title='bbox 3115 1623 3227 1663; x_wconf 91' lang='lat' dir='ltr'><strong>non</strong></span> <span class='ocrx_word' id='word_1_349' title='bbox 3267 1607 3322 1662; x_wconf 91' lang='lat' dir='ltr'><strong>in</strong></span> <span class='ocrx_word' id='word_1_350' title='bbox 3357 1607 3541 1684; x_wconf 84' lang='lat' dir='ltr'><strong>verbis</strong></span> 
     </span>
    </p>
   </div>
   <div class='ocr_carea' id='block_1_46' title="bbox 1951 1697 3540 1767">
    <p class='ocr_par' dir='ltr' id='par_1_46' title="bbox 1951 1697 3540 1767">
     <span class='ocr_line' id='line_1_46' title="bbox 1951 1697 3540 1767; baseline -0.001 -15"><span class='ocrx_word' id='word_1_351' title='bbox 1951 1697 2117 1754; x_wconf 90' lang='lat' dir='ltr'><strong>nudis</strong></span> <span class='ocrx_word' id='word_1_352' title='bbox 2147 1699 2368 1756; x_wconf 89' lang='lat' dir='ltr'><strong>virtutis</strong></span> <span class='ocrx_word' id='word_1_353' title='bbox 2404 1701 2552 1762; x_wconf 73' lang='lat' dir='ltr'><strong>vices</strong></span> <span class='ocrx_word' id='word_1_354' title='bbox 2580 1701 2888 1756; x_wconf 83' lang='lat' dir='ltr'><strong>consistant</strong></span> <span class='ocrx_word' id='word_1_355' title='bbox 2912 1742 2927 1767; x_wconf 86' lang='lat'><strong>,</strong></span> <span class='ocrx_word' id='word_1_356' title='bbox 2966 1714 3072 1754; x_wconf 90' lang='lat' dir='ltr'><strong>nec</strong></span> <span class='ocrx_word' id='word_1_357' title='bbox 3109 1699 3165 1753; x_wconf 92' lang='lat' dir='ltr'><strong>in</strong></span> <span class='ocrx_word' id='word_1_358' title='bbox 3195 1699 3331 1756; x_wconf 89' lang='lat' dir='ltr'><strong>solis</strong></span> <span class='ocrx_word' id='word_1_359' title='bbox 3370 1712 3540 1753; x_wconf 86' lang='lat' dir='ltr'><strong>voea-</strong></span> 
     </span>
    </p>
   </div>
   <div class='ocr_carea' id='block_1_47' title="bbox 1951 1791 3542 1862">
    <p class='ocr_par' dir='ltr' id='par_1_47' title="bbox 1951 1791 3542 1862">
     <span class='ocr_line' id='line_1_47' title="bbox 1951 1791 3542 1862; baseline -0.001 -16"><span class='ocrx_word' id='word_1_360' title='bbox 1951 1791 2094 1847; x_wconf 90' lang='lat' dir='ltr'><strong>bulis</strong></span> <span class='ocrx_word' id='word_1_361' title='bbox 2121 1793 2342 1862; x_wconf 85' lang='lat' dir='ltr'><strong>pietatis</strong></span> <span class='ocrx_word' id='word_1_362' title='bbox 2379 1793 2433 1847; x_wconf 92' lang='lat' dir='ltr'><strong>in</strong></span> <span class='ocrx_word' id='word_1_363' title='bbox 2470 1792 2640 1848; x_wconf 90' lang='lat' dir='ltr'><strong>Deum</strong></span> <span class='ocrx_word' id='word_1_364' title='bbox 2683 1792 2956 1847; x_wconf 81' lang='lat' dir='ltr'><strong>formetur</strong></span> <span class='ocrx_word' id='word_1_365' title='bbox 2993 1791 3189 1858; x_wconf 83' lang='lat' dir='ltr'><strong>decus,</strong></span> <span class='ocrx_word' id='word_1_366' title='bbox 3219 1791 3315 1846; x_wconf 90' lang='lat' dir='ltr'><strong>sed</strong></span> <span class='ocrx_word' id='word_1_367' title='bbox 3344 1807 3410 1846; x_wconf 79' lang='lat' dir='ltr'><strong>ex</strong></span> <span class='ocrx_word' id='word_1_368' title='bbox 3443 1791 3542 1845; x_wconf 84' lang='lat' dir='ltr'><strong>bo—</strong></span> 
     </span>
    </p>
   </div>
   <div class='ocr_carea' id='block_1_48' title="bbox 1953 1883 3540 1954">
    <p class='ocr_par' dir='ltr' id='par_1_48' title="bbox 1953 1883 3540 1954">
     <span class='ocr_line' id='line_1_48' title="bbox 1953 1883 3540 1954; baseline -0.001 -16"><span class='ocrx_word' id='word_1_369' title='bbox 1953 1885 2040 1940; x_wconf 90' lang='lat' dir='ltr'><strong>nis</strong></span> <span class='ocrx_word' id='word_1_370' title='bbox 2081 1885 2344 1954; x_wconf 84' lang='lat' dir='ltr'><strong>operibus</strong></span> <span class='ocrx_word' id='word_1_371' title='bbox 2395 1891 2446 1940; x_wconf 88' lang='lat' dir='ltr'><strong>et</strong></span> <span class='ocrx_word' id='word_1_372' title='bbox 2496 1884 2680 1938; x_wconf 88' lang='lat' dir='ltr'><strong>animo</strong></span> <span class='ocrx_word' id='word_1_373' title='bbox 2735 1883 2994 1940; x_wconf 80' lang='lat' dir='ltr'><strong>audiendi</strong></span> <span class='ocrx_word' id='word_1_374' title='bbox 3055 1883 3258 1953; x_wconf 82' lang='lat' dir='ltr'><strong>cupido</strong></span> <span class='ocrx_word' id='word_1_375' title='bbox 3304 1883 3540 1937; x_wconf 82' lang='lat' dir='ltr'><strong>maxime</strong></span> 
     </span>
    </p>
   </div>
   <div class='ocr_carea' id='block_1_49' title="bbox 1951 1973 3541 2045">
    <p class='ocr_par' dir='ltr' id='par_1_49' title="bbox 1951 1973 3541 2045">
     <span class='ocr_line' id='line_1_49' title="bbox 1951 1973 3541 2045; baseline -0.002 -15"><span class='ocrx_word' id='word_1_376' title='bbox 1951 1975 2320 2045; x_wconf 81' lang='lat' dir='ltr'><strong>dignoscitur,</strong></span> <span class='ocrx_word' id='word_1_377' title='bbox 2356 1984 2413 2031; x_wconf 87' lang='lat' dir='ltr'><strong>et</strong></span> <span class='ocrx_word' id='word_1_378' title='bbox 2445 1977 2762 2032; x_wconf 89' lang='lat' dir='ltr'><strong>divinorum</strong></span> <span class='ocrx_word' id='word_1_379' title='bbox 2793 1974 3184 2032; x_wconf 82' lang='lat' dir='ltr'><strong>mandatorum</strong></span> <span class='ocrx_word' id='word_1_380' title='bbox 3219 1973 3541 2029; x_wconf 75' lang='lat' dir='ltr'><strong>observatio</strong></span> 
     </span>
    </p>
   </div>
   <div class='ocr_carea' id='block_1_50' title="bbox 1950 2065 3538 2138">
    <p class='ocr_par' dir='ltr' id='par_1_50' title="bbox 1950 2065 3538 2138">
     <span class='ocr_line' id='line_1_50' title="bbox 1950 2065 3538 2138; baseline -0.003 -16"><span class='ocrx_word' id='word_1_381' title='bbox 1950 2069 2276 2124; x_wconf 85' lang='lat' dir='ltr'><strong>charitatem</strong></span> <span class='ocrx_word' id='word_1_382' title='bbox 2329 2072 2384 2124; x_wconf 89' lang='lat' dir='ltr'><strong>in</strong></span> <span class='ocrx_word' id='word_1_383' title='bbox 2438 2068 2605 2123; x_wconf 88' lang='lat' dir='ltr'><strong>Deum</strong></span> <span class='ocrx_word' id='word_1_384' title='bbox 2656 2069 2863 2138; x_wconf 89' lang='lat' dir='ltr'><strong>optime</strong></span> <span class='ocrx_word' id='word_1_385' title='bbox 2911 2067 3202 2137; x_wconf 73' lang='lat' dir='ltr'><strong>depingit,</strong></span> <span class='ocrx_word' id='word_1_386' title='bbox 3255 2073 3310 2121; x_wconf 87' lang='lat' dir='ltr'><strong>et</strong></span> <span class='ocrx_word' id='word_1_387' title='bbox 3362 2065 3538 2118; x_wconf 86' lang='lat' dir='ltr'><strong>vivam</strong></span> 
     </span>
    </p>
   </div>
   <div class='ocr_carea' id='block_1_51' title="bbox 1950 2159 3540 2235">
    <p class='ocr_par' dir='ltr' id='par_1_51' title="bbox 1950 2159 3540 2235">
     <span class='ocr_line' id='line_1_51' title="bbox 1950 2159 3540 2235; baseline -0.002 -18"><span class='ocrx_word' id='word_1_388' title='bbox 1950 2177 2178 2235; x_wconf 87' lang='lat' dir='ltr'><strong>prorsus</strong></span> <span class='ocrx_word' id='word_1_389' title='bbox 2209 2176 2272 2215; x_wconf 93' lang='lat' dir='ltr'><strong>ac</strong></span> <span class='ocrx_word' id='word_1_390' title='bbox 2305 2175 2489 2215; x_wconf 88' lang='lat' dir='ltr'><strong>veram</strong></span> <span class='ocrx_word' id='word_1_391' title='bbox 2516 2159 2778 2228; x_wconf 72' lang='lat' dir='ltr'><strong>virtutem</strong></span> <span class='ocrx_word' id='word_1_392' title='bbox 2817 2159 3078 2223; x_wconf 86' lang='lat' dir='ltr'><strong>exhibet,</strong></span> <span class='ocrx_word' id='word_1_393' title='bbox 3115 2175 3226 2214; x_wconf 91' lang='lat' dir='ltr'><strong>non</strong></span> <span class='ocrx_word' id='word_1_394' title='bbox 3267 2159 3320 2214; x_wconf 93' lang='lat' dir='ltr'><strong>in</strong></span> <span class='ocrx_word' id='word_1_395' title='bbox 3371 2160 3540 2214; x_wconf 85' lang='lat' dir='ltr'><strong>nudis</strong></span> 
     </span>
    </p>
   </div>
   <div class='ocr_carea' id='block_1_52' title="bbox 1951 2249 3536 2326">
    <p class='ocr_par' dir='ltr' id='par_1_52' title="bbox 1951 2249 3536 2326">
     <span class='ocr_line' id='line_1_52' title="bbox 1951 2249 3536 2326; baseline -0.007 -13"><span class='ocrx_word' id='word_1_396' title='bbox 1951 2267 2162 2313; x_wconf 89' lang='lat' dir='ltr'><strong>tantum</strong></span> <span class='ocrx_word' id='word_1_397' title='bbox 2205 2255 2402 2326; x_wconf 70' lang='lat' dir='ltr'><strong>linguae</strong></span> <span class='ocrx_word' id='word_1_398' title='bbox 2438 2253 2668 2308; x_wconf 91' lang='lat' dir='ltr'><strong>vocibus</strong></span> <span class='ocrx_word' id='word_1_399' title='bbox 2703 2251 3126 2314; x_wconf 86' lang='lat' dir='ltr'><strong>adumbratam,</strong></span> <span class='ocrx_word' id='word_1_400' title='bbox 3165 2258 3223 2306; x_wconf 91' lang='lat' dir='ltr'><strong>ut</strong></span> <span class='ocrx_word' id='word_1_401' title='bbox 3257 2249 3536 2317; x_wconf 77' lang='lat' dir='ltr'><strong>diximus,</strong></span> 
     </span>
    </p>
   </div>
   <div class='ocr_carea' id='block_1_53' title="bbox 1949 2343 3540 2414">
    <p class='ocr_par' dir='ltr' id='par_1_53' title="bbox 1949 2343 3540 2414">
     <span class='ocr_line' id='line_1_53' title="bbox 1949 2343 3540 2414; baseline -0.004 -10"><span class='ocrx_word' id='word_1_402' title='bbox 1949 2348 2046 2406; x_wconf 89' lang='lat' dir='ltr'><strong>sed</strong></span> <span class='ocrx_word' id='word_1_403' title='bbox 2077 2347 2243 2402; x_wconf 90' lang='lat' dir='ltr'><strong>claris</strong></span> <span class='ocrx_word' id='word_1_404' title='bbox 2278 2345 2444 2400; x_wconf 89' lang='lat' dir='ltr'><strong>veluti</strong></span> <span class='ocrx_word' id='word_1_405' title='bbox 2477 2343 2783 2408; x_wconf 87' lang='lat' dir='ltr'><strong>coloribus,</strong></span> <span class='ocrx_word' id='word_1_406' title='bbox 2811 2357 3040 2414; x_wconf 89' lang='lat' dir='ltr'><strong>operum</strong></span> <span class='ocrx_word' id='word_1_407' title='bbox 3069 2343 3331 2396; x_wconf 89' lang='lat' dir='ltr'><strong>nimirum</strong></span> <span class='ocrx_word' id='word_1_408' title='bbox 3353 2343 3540 2412; x_wconf 87' lang='lat' dir='ltr'><strong>specie</strong></span> 
     </span>
    </p>
   </div>
   <div class='ocr_carea' id='block_1_54' title="bbox 1950 2433 3538 2506">
    <p class='ocr_par' dir='ltr' id='par_1_54' title="bbox 1950 2433 3538 2506">
     <span class='ocr_line' id='line_1_54' title="bbox 1950 2433 3538 2506; baseline -0.005 -12"><span class='ocrx_word' id='word_1_409' title='bbox 1950 2440 2305 2494; x_wconf 84' lang='lat' dir='ltr'><strong>relucentem.</strong></span> <span class='ocrx_word' id='word_1_410' title='bbox 2339 2435 2404 2489; x_wconf 86' lang='lat' dir='ltr'><strong>Et</strong></span> <span class='ocrx_word' id='word_1_411' title='bbox 2427 2435 2650 2506; x_wconf 87' lang='lat' dir='ltr'><strong>quidem</strong></span> <span class='ocrx_word' id='word_1_412' title='bbox 2685 2435 2952 2490; x_wconf 88' lang='lat' dir='ltr'><strong>Dominus</strong></span> <span class='ocrx_word' id='word_1_413' title='bbox 2977 2443 3168 2490; x_wconf 86' lang='lat' dir='ltr'><strong>noster</strong></span> <span class='ocrx_word' id='word_1_414' title='bbox 3183 2433 3348 2490; x_wconf 80' lang='lat' dir='ltr'><strong>Jesus</strong></span> <span class='ocrx_word' id='word_1_415' title='bbox 3373 2434 3538 2489; x_wconf 47' lang='lat' dir='ltr'><strong>Chri.</strong></span> 
     </span>
    </p>
   </div>
   <div class='ocr_carea' id='block_1_55' title="bbox 1948 2520 3538 2596">
    <p class='ocr_par' dir='ltr' id='par_1_55' title="bbox 1948 2520 3538 2596">
     <span class='ocr_line' id='line_1_55' title="bbox 1948 2520 3538 2596; baseline -0.005 -8"><span class='ocrx_word' id='word_1_416' title='bbox 1948 2540 2069 2588; x_wconf 90' lang='lat' dir='ltr'><strong>stus</strong></span> <span class='ocrx_word' id='word_1_417' title='bbox 2099 2529 2246 2585; x_wconf 89' lang='lat' dir='ltr'><strong>istud</strong></span> <span class='ocrx_word' id='word_1_418' title='bbox 2281 2529 2443 2583; x_wconf 88' lang='lat' dir='ltr'><strong>nobis</strong></span> <span class='ocrx_word' id='word_1_419' title='bbox 2469 2529 2618 2584; x_wconf 86' lang='lat' dir='ltr'><strong>clare</strong></span> <span class='ocrx_word' id='word_1_420' title='bbox 2641 2527 2944 2582; x_wconf 88' lang='lat' dir='ltr'><strong>ostendens</strong></span> <span class='ocrx_word' id='word_1_421' title='bbox 2965 2565 2980 2591; x_wconf 89' lang='lat'><strong>,</strong></span> <span class='ocrx_word' id='word_1_422' title='bbox 3029 2545 3047 2579; x_wconf 75' lang='grc' dir='ltr'><strong>ι</strong></span> <span class='ocrx_word' id='word_1_423' title='bbox 3079 2520 3198 2581; x_wconf 82' lang='grc' dir='ltr'>Νοιι</span> <span class='ocrx_word' id='word_1_424' title='bbox 3225 2527 3412 2581; x_wconf 90' lang='lat' dir='ltr'><strong>omnis</strong></span> <span class='ocrx_word' id='word_1_425' title='bbox 3443 2525 3538 2596; x_wconf 89' lang='lat' dir='ltr'><strong>qui</strong></span> 
     </span>
    </p>
   </div>
   <div class='ocr_carea' id='block_1_56' title="bbox 1947 2621 3536 2692">
    <p class='ocr_par' dir='ltr' id='par_1_56' title="bbox 1947 2621 3536 2692">
     <span class='ocr_line' id='line_1_56' title="bbox 1947 2621 3536 2692; baseline -0.005 -7"><span class='ocrx_word' id='word_1_426' title='bbox 1947 2629 2085 2685; x_wconf 90' lang='lat' dir='ltr'><strong>dicit</strong></span> <span class='ocrx_word' id='word_1_427' title='bbox 2117 2626 2284 2691; x_wconf 90' lang='lat' dir='ltr'><strong>mihi,</strong></span> <span class='ocrx_word' id='word_1_428' title='bbox 2324 2624 2593 2690; x_wconf 89' lang='lat' dir='ltr'><strong>Domine,</strong></span> <span class='ocrx_word' id='word_1_429' title='bbox 2647 2623 2909 2687; x_wconf 89' lang='lat' dir='ltr'><strong>Domine,</strong></span> <span class='ocrx_word' id='word_1_430' title='bbox 2950 2623 3166 2692; x_wconf 90' lang='lat' dir='ltr'><strong>inquit,</strong></span> <span class='ocrx_word' id='word_1_431' title='bbox 3215 2621 3444 2676; x_wconf 88' lang='lat' dir='ltr'><strong>intrabit</strong></span> <span class='ocrx_word' id='word_1_432' title='bbox 3481 2622 3536 2677; x_wconf 91' lang='lat' dir='ltr'><strong>in</strong></span> 
     </span>
    </p>
   </div>
   <div class='ocr_carea' id='block_1_57' title="bbox 1946 2714 3538 2790">
    <p class='ocr_par' dir='ltr' id='par_1_57' title="bbox 1946 2714 3538 2790">
     <span class='ocr_line' id='line_1_57' title="bbox 1946 2714 3538 2790; baseline -0.003 -14"><span class='ocrx_word' id='word_1_433' title='bbox 1946 2735 2174 2790; x_wconf 85' lang='lat' dir='ltr'><strong>regnum</strong></span> <span class='ocrx_word' id='word_1_434' title='bbox 2211 2718 2476 2774; x_wconf 82' lang='lat' dir='ltr'><strong>caelorum</strong></span> <span class='ocrx_word' id='word_1_435' title='bbox 2507 2738 2520 2774; x_wconf 89' lang='lat'>:</span> <span class='ocrx_word' id='word_1_436' title='bbox 2561 2717 2656 2774; x_wconf 90' lang='lat' dir='ltr'><strong>sed</strong></span> <span class='ocrx_word' id='word_1_437' title='bbox 2681 2718 2772 2788; x_wconf 88' lang='lat' dir='ltr'><strong>qui</strong></span> <span class='ocrx_word' id='word_1_438' title='bbox 2804 2717 2934 2772; x_wconf 79' lang='lat' dir='ltr'><strong>facit</strong></span> <span class='ocrx_word' id='word_1_439' title='bbox 2983 2717 3318 2772; x_wconf 82' lang='lat' dir='ltr'><strong>voluntatem</strong></span> <span class='ocrx_word' id='word_1_440' title='bbox 3355 2714 3538 2771; x_wconf 88' lang='lat' dir='ltr'><strong>Patris</strong></span> 
     </span>
    </p>
   </div>
   <div class='ocr_carea' id='block_1_58' title="bbox 1947 2803 3537 2882">
    <p class='ocr_par' dir='ltr' id='par_1_58' title="bbox 1947 2803 3537 2882">
     <span class='ocr_line' id='line_1_58' title="bbox 1947 2803 3537 2882; baseline -0.004 -17"><span class='ocrx_word' id='word_1_441' title='bbox 1947 2811 2052 2866; x_wconf 90' lang='lat' dir='ltr'><strong>mei</strong></span> <span class='ocrx_word' id='word_1_442' title='bbox 2089 2811 2188 2882; x_wconf 91' lang='lat' dir='ltr'><strong>qui</strong></span> <span class='ocrx_word' id='word_1_443' title='bbox 2237 2809 2292 2864; x_wconf 91' lang='lat' dir='ltr'><strong>in</strong></span> <span class='ocrx_word' id='word_1_444' title='bbox 2325 2809 2484 2864; x_wconf 81' lang='lat' dir='ltr'><strong>caelis</strong></span> <span class='ocrx_word' id='word_1_445' title='bbox 2528 2817 2614 2864; x_wconf 90' lang='lat' dir='ltr'><strong>est</strong></span> <span class='ocrx_word' id='word_1_446' title='bbox 2646 2808 2714 2862; x_wconf 66' lang='grc' dir='ltr'><strong>δι.</strong></span> <span class='ocrx_word' id='word_1_447' title='bbox 2754 2826 2772 2858; x_wconf 76' lang='grc' dir='ltr'><strong>ι</strong></span> <span class='ocrx_word' id='word_1_448' title='bbox 2814 2805 2926 2861; x_wconf 87' lang='lat' dir='ltr'><strong>Nec</strong></span> <span class='ocrx_word' id='word_1_449' title='bbox 2955 2805 3101 2861; x_wconf 91' lang='lat' dir='ltr'><strong>enim</strong></span> <span class='ocrx_word' id='word_1_450' title='bbox 3140 2805 3197 2860; x_wconf 91' lang='lat' dir='ltr'><strong>in</strong></span> <span class='ocrx_word' id='word_1_451' title='bbox 3228 2803 3386 2860; x_wconf 87' lang='lat' dir='ltr'><strong>vanis</strong></span> <span class='ocrx_word' id='word_1_452' title='bbox 3411 2820 3537 2860; x_wconf 90' lang='lat' dir='ltr'><strong>ver-</strong></span> 
     </span>
    </p>
   </div>
   <div class='ocr_carea' id='block_1_59' title="bbox 1945 2894 3536 2968">
    <p class='ocr_par' dir='ltr' id='par_1_59' title="bbox 1945 2894 3536 2968">
     <span class='ocr_line' id='line_1_59' title="bbox 1945 2894 3536 2968; baseline -0.005 -10"><span class='ocrx_word' id='word_1_453' title='bbox 1945 2903 2144 2958; x_wconf 89' lang='lat' dir='ltr'><strong>borum</strong></span> <span class='ocrx_word' id='word_1_454' title='bbox 2175 2900 2648 2958; x_wconf 86' lang='lat' dir='ltr'><strong>assentationibus</strong></span> <span class='ocrx_word' id='word_1_455' title='bbox 2684 2899 2838 2964; x_wconf 76' lang='lat' dir='ltr'><strong>fides,</strong></span> <span class='ocrx_word' id='word_1_456' title='bbox 2872 2897 2966 2954; x_wconf 89' lang='lat' dir='ltr'><strong>sed</strong></span> <span class='ocrx_word' id='word_1_457' title='bbox 3011 2897 3066 2952; x_wconf 91' lang='lat' dir='ltr'><strong>in</strong></span> <span class='ocrx_word' id='word_1_458' title='bbox 3094 2894 3368 2952; x_wconf 79' lang='lat' dir='ltr'><strong>factorum</strong></span> <span class='ocrx_word' id='word_1_459' title='bbox 3395 2911 3536 2968; x_wconf 90' lang='lat' dir='ltr'><strong>qua-</strong></span> 
     </span>
    </p>
   </div>
   <div class='ocr_carea' id='block_1_60' title="bbox 1945 2989 3536 3064">
    <p class='ocr_par' dir='ltr' id='par_1_60' title="bbox 1945 2989 3536 3064">
     <span class='ocr_line' id='line_1_60' title="bbox 1945 2989 3536 3064; baseline -0.004 -16"><span class='ocrx_word' id='word_1_460' title='bbox 1945 2993 2199 3049; x_wconf 88' lang='lat' dir='ltr'><strong>litatibus</strong></span> <span class='ocrx_word' id='word_1_461' title='bbox 2225 2994 2489 3064; x_wconf 87' lang='lat' dir='ltr'><strong>probatur</strong></span> <span class='ocrx_word' id='word_1_462' title='bbox 2519 3010 2534 3048; x_wconf 90' lang='lat'><strong>:</strong></span> <span class='ocrx_word' id='word_1_463' title='bbox 2574 2991 2718 3045; x_wconf 90' lang='lat' dir='ltr'><strong>unde</strong></span> <span class='ocrx_word' id='word_1_464' title='bbox 2746 2999 3020 3055; x_wconf 75' lang='lat' dir='ltr'><strong>mortuam</strong></span> <span class='ocrx_word' id='word_1_465' title='bbox 3060 2991 3204 3044; x_wconf 86' lang='lat' dir='ltr'><strong>hanc</strong></span> <span class='ocrx_word' id='word_1_466' title='bbox 3235 3005 3360 3046; x_wconf 85' lang='lat' dir='ltr'><strong>esse</strong></span> <span class='ocrx_word' id='word_1_467' title='bbox 3387 3031 3400 3053; x_wconf 87' lang='lat'><strong>,</strong></span> <span class='ocrx_word' id='word_1_468' title='bbox 3427 2989 3536 3045; x_wconf 89' lang='lat' dir='ltr'><strong>nisi</strong></span> 
     </span>
    </p>
   </div>
   <div class='ocr_carea' id='block_1_61' title="bbox 1943 3083 3533 3158">
    <p class='ocr_par' dir='ltr' id='par_1_61' title="bbox 1943 3083 3533 3158">
     <span class='ocr_line' id='line_1_61' title="bbox 1943 3083 3533 3158; baseline -0.003 -15"><span class='ocrx_word' id='word_1_469' title='bbox 1943 3103 2062 3144; x_wconf 85' lang='lat' dir='ltr'><strong>eam</strong></span> <span class='ocrx_word' id='word_1_470' title='bbox 2089 3101 2258 3158; x_wconf 86' lang='lat' dir='ltr'><strong>opera</strong></span> <span class='ocrx_word' id='word_1_471' title='bbox 2294 3085 2665 3148; x_wconf 87' lang='lat' dir='ltr'><strong>comitentur,</strong></span> <span class='ocrx_word' id='word_1_472' title='bbox 2710 3085 2896 3139; x_wconf 86' lang='lat' dir='ltr'><strong>divina</strong></span> <span class='ocrx_word' id='word_1_473' title='bbox 2936 3085 3228 3153; x_wconf 88' lang='lat' dir='ltr'><strong>Scriptura</strong></span> <span class='ocrx_word' id='word_1_474' title='bbox 3275 3083 3438 3137; x_wconf 84' lang='lat' dir='ltr'><strong>docet</strong></span> <span class='ocrx_word' id='word_1_475' title='bbox 3466 3087 3533 3138; x_wconf 62' lang='grc' dir='ltr'><strong>δ’.</strong></span> 
     </span>
    </p>
   </div>
   <div class='ocr_carea' id='block_1_62' title="bbox 231 3169 1836 3260">
    <p class='ocr_par' dir='ltr' id='par_1_62' title="bbox 231 3169 1834 3246">
     <span class='ocr_line' id='line_1_62' title="bbox 231 3169 1834 3246; baseline -0.003 -19"><span class='ocrx_word' id='word_1_476' title='bbox 231 3172 476 3245; x_wconf 80' lang='grc' dir='ltr'>Χριστὸς</span> <span class='ocrx_word' id='word_1_477' title='bbox 505 3170 697 3242; x_wconf 81' lang='grc' dir='ltr'>σαφῶς</span> <span class='ocrx_word' id='word_1_478' title='bbox 727 3172 863 3242; x_wconf 82' lang='grc' dir='ltr'>ἡμῖν</span> <span class='ocrx_word' id='word_1_479' title='bbox 891 3169 1049 3246; x_wconf 79' lang='grc' dir='ltr'>τοῦτο</span> <span class='ocrx_word' id='word_1_480' title='bbox 1083 3171 1472 3242; x_wconf 80' lang='grc' dir='ltr'>παραδεικνὺς,</span> <span class='ocrx_word' id='word_1_481' title='bbox 1519 3189 1537 3221; x_wconf 75' lang='grc' dir='ltr'><strong>ι</strong></span> <span class='ocrx_word' id='word_1_482' title='bbox 1563 3171 1638 3224; x_wconf 77' lang='grc' dir='ltr'><strong>Οὐ</strong></span> <span class='ocrx_word' id='word_1_483' title='bbox 1667 3171 1774 3234; x_wconf 75' lang='grc' dir='ltr'>πᾶς</span> <span class='ocrx_word' id='word_1_484' title='bbox 1806 3171 1834 3222; x_wconf 80' lang='grc' dir='ltr'>ὁ</span> 
     </span>
    </p>
   </div>
   <div class='ocr_carea' id='block_1_63' title="bbox 1941 3169 3532 3260">
    <p class='ocr_par' dir='ltr' id='par_1_63' title="bbox 1947 3175 3532 3248">
     <span class='ocr_line' id='line_1_63' title="bbox 1947 3175 3532 3248; baseline -0.004 -13"><span class='ocrx_word' id='word_1_485' title='bbox 1947 3179 2102 3236; x_wconf 90' lang='lat' dir='ltr'><strong>Scire</strong></span> <span class='ocrx_word' id='word_1_486' title='bbox 2131 3179 2299 3246; x_wconf 90' lang='lat' dir='ltr'><strong>enim,</strong></span> <span class='ocrx_word' id='word_1_487' title='bbox 2323 3178 2526 3248; x_wconf 86' lang='lat' dir='ltr'><strong>inquit,</strong></span> <span class='ocrx_word' id='word_1_488' title='bbox 2556 3175 2703 3247; x_wconf 90' lang='lat' dir='ltr'><strong>quod</strong></span> <span class='ocrx_word' id='word_1_489' title='bbox 2739 3191 2886 3230; x_wconf 87' lang='lat' dir='ltr'><strong>unus</strong></span> <span class='ocrx_word' id='word_1_490' title='bbox 2921 3177 3060 3230; x_wconf 79' lang='lat' dir='ltr'><strong>Deus</strong></span> <span class='ocrx_word' id='word_1_491' title='bbox 3092 3175 3188 3240; x_wconf 89' lang='lat' dir='ltr'><strong>sit,</strong></span> <span class='ocrx_word' id='word_1_492' title='bbox 3227 3190 3338 3228; x_wconf 89' lang='lat' dir='ltr'><strong>non</strong></span> <span class='ocrx_word' id='word_1_493' title='bbox 3374 3189 3532 3229; x_wconf 88' lang='lat' dir='ltr'><strong>men-</strong></span> 
     </span>
    </p>
   </div>
   <div class='ocr_carea' id='block_1_64' title="bbox 226 3261 1837 3337">
    <p class='ocr_par' dir='ltr' id='par_1_64' title="bbox 226 3261 1837 3337">
     <span class='ocr_line' id='line_1_64' title="bbox 226 3261 1837 3337; baseline -0.003 -17"><span class='ocrx_word' id='word_1_494' title='bbox 226 3267 410 3335; x_wconf 85' lang='grc' dir='ltr'>λέγων</span> <span class='ocrx_word' id='word_1_495' title='bbox 447 3283 563 3337; x_wconf 85' lang='grc' dir='ltr'>μοι,</span> <span class='ocrx_word' id='word_1_496' title='bbox 617 3264 813 3336; x_wconf 83' lang='grc' dir='ltr'>Κύριε,</span> <span class='ocrx_word' id='word_1_497' title='bbox 862 3263 1060 3336; x_wconf 86' lang='grc' dir='ltr'>Κύριε,</span> <span class='ocrx_word' id='word_1_498' title='bbox 1114 3263 1298 3335; x_wconf 77' lang='grc' dir='ltr'>φησὶν,</span> <span class='ocrx_word' id='word_1_499' title='bbox 1345 3261 1715 3317; x_wconf 78' lang='grc' dir='ltr'>εἰσελεύσεται</span> <span class='ocrx_word' id='word_1_500' title='bbox 1757 3264 1837 3326; x_wconf 88' lang='grc' dir='ltr'>εἰς</span> 
     </span>
    </p>
   </div>
   <div class='ocr_carea' id='block_1_65' title="bbox 227 3354 1836 3430">
    <p class='ocr_par' dir='ltr' id='par_1_65' title="bbox 227 3354 1836 3430">
     <span class='ocr_line' id='line_1_65' title="bbox 227 3354 1836 3430; baseline -0.003 -19"><span class='ocrx_word' id='word_1_501' title='bbox 227 3359 328 3430; x_wconf 77' lang='grc' dir='ltr'>τὴν</span> <span class='ocrx_word' id='word_1_502' title='bbox 371 3355 656 3428; x_wconf 86' lang='grc' dir='ltr'>βασιλείαν</span> <span class='ocrx_word' id='word_1_503' title='bbox 688 3355 798 3410; x_wconf 88' lang='grc' dir='ltr'><strong>τῶν</strong></span> <span class='ocrx_word' id='word_1_504' title='bbox 828 3355 1096 3428; x_wconf 80' lang='grc' dir='ltr'>οὐρανῶν,</span> <span class='ocrx_word' id='word_1_505' title='bbox 1127 3355 1244 3409; x_wconf 80' lang='grc' dir='ltr'>ἀλλ’</span> <span class='ocrx_word' id='word_1_506' title='bbox 1269 3357 1298 3409; x_wconf 84' lang='grc' dir='ltr'>ὁ</span> <span class='ocrx_word' id='word_1_507' title='bbox 1330 3355 1498 3410; x_wconf 85' lang='grc' dir='ltr'>ποιῶν</span> <span class='ocrx_word' id='word_1_508' title='bbox 1529 3355 1590 3409; x_wconf 77' lang='grc' dir='ltr'>τὸ</span> <span class='ocrx_word' id='word_1_509' title='bbox 1623 3354 1836 3424; x_wconf 78' lang='grc' dir='ltr'>θέλημα</span> 
     </span>
    </p>
   </div>
   <div class='ocr_carea' id='block_1_66' title="bbox 225 3443 1836 3518">
    <p class='ocr_par' dir='ltr' id='par_1_66' title="bbox 225 3443 1836 3518">
     <span class='ocr_line' id='line_1_66' title="bbox 225 3443 1836 3518; baseline -0.005 -16"><span class='ocrx_word' id='word_1_510' title='bbox 225 3447 323 3502; x_wconf 77' lang='grc' dir='ltr'>τοῦ</span> <span class='ocrx_word' id='word_1_511' title='bbox 353 3447 576 3518; x_wconf 80' lang='grc' dir='ltr'>Πατρός</span> <span class='ocrx_word' id='word_1_512' title='bbox 603 3463 706 3516; x_wconf 89' lang='grc' dir='ltr'><strong>μου</strong></span> <span class='ocrx_word' id='word_1_513' title='bbox 736 3444 830 3498; x_wconf 77' lang='grc' dir='ltr'>τοῦ</span> <span class='ocrx_word' id='word_1_514' title='bbox 866 3447 924 3500; x_wconf 82' lang='grc' dir='ltr'>ὲν</span> <span class='ocrx_word' id='word_1_515' title='bbox 954 3445 1224 3516; x_wconf 82' lang='grc' dir='ltr'>οὐρανοῖς.</span> <span class='ocrx_word' id='word_1_516' title='bbox 1259 3462 1277 3495; x_wconf 76' lang='grc' dir='ltr'><strong>ι</strong></span> <span class='ocrx_word' id='word_1_517' title='bbox 1313 3445 1388 3498; x_wconf 87' lang='grc' dir='ltr'>Ού</span> <span class='ocrx_word' id='word_1_518' title='bbox 1423 3443 1532 3514; x_wconf 81' lang='grc' dir='ltr'><strong>γάρ</strong></span> <span class='ocrx_word' id='word_1_519' title='bbox 1554 3444 1612 3496; x_wconf 80' lang='grc' dir='ltr'>ὲν</span> <span class='ocrx_word' id='word_1_520' title='bbox 1637 3445 1836 3514; x_wconf 87' lang='grc' dir='ltr'>ἀργαῖς</span> 
     </span>
    </p>
   </div>
   <div class='ocr_carea' id='block_1_67' title="bbox 229 3535 1839 3612">
    <p class='ocr_par' dir='ltr' id='par_1_67' title="bbox 229 3535 1839 3612">
     <span class='ocr_line' id='line_1_67' title="bbox 229 3535 1839 3612; baseline -0.004 -18"><span class='ocrx_word' id='word_1_521' title='bbox 229 3541 504 3612; x_wconf 79' lang='grc' dir='ltr'>ῥημάτων</span> <span class='ocrx_word' id='word_1_522' title='bbox 538 3536 855 3602; x_wconf 77' lang='grc' dir='ltr'>κολακείαις</span> <span class='ocrx_word' id='word_1_523' title='bbox 879 3539 913 3610; x_wconf 78' lang='grc' dir='ltr'>ἡ</span> <span class='ocrx_word' id='word_1_524' title='bbox 941 3537 1148 3603; x_wconf 85' lang='grc' dir='ltr'>πίστις,</span> <span class='ocrx_word' id='word_1_525' title='bbox 1179 3536 1294 3591; x_wconf 84' lang='grc' dir='ltr'>ἀλλ’</span> <span class='ocrx_word' id='word_1_526' title='bbox 1329 3538 1386 3590; x_wconf 76' lang='grc' dir='ltr'>ἐν</span> <span class='ocrx_word' id='word_1_527' title='bbox 1416 3539 1536 3601; x_wconf 89' lang='grc' dir='ltr'>ταῖς</span> <span class='ocrx_word' id='word_1_528' title='bbox 1563 3535 1671 3591; x_wconf 87' lang='grc' dir='ltr'><strong>τῶν</strong></span> <span class='ocrx_word' id='word_1_529' title='bbox 1699 3535 1839 3606; x_wconf 81' lang='grc' dir='ltr'>δρω-</span> 
     </span>
    </p>
   </div>
   <div class='ocr_carea' id='block_1_68' title="bbox 228 3621 1836 3704">
    <p class='ocr_par' dir='ltr' id='par_1_68' title="bbox 228 3621 1836 3704">
     <span class='ocr_line' id='line_1_68' title="bbox 228 3621 1836 3704; baseline -0.002 -20"><span class='ocrx_word' id='word_1_530' title='bbox 228 3633 411 3704; x_wconf 76' lang='grc' dir='ltr'>μενων</span> <span class='ocrx_word' id='word_1_531' title='bbox 442 3630 698 3700; x_wconf 83' lang='grc' dir='ltr'>ποιότησι</span> <span class='ocrx_word' id='word_1_532' title='bbox 735 3627 1090 3700; x_wconf 80' lang='grc' dir='ltr'>δοκιμάζεται</span> <span class='ocrx_word' id='word_1_533' title='bbox 1119 3645 1133 3660; x_wconf 75' lang='grc' dir='ltr'><strong>ο</strong></span> <span class='ocrx_word' id='word_1_534' title='bbox 1177 3628 1273 3682; x_wconf 73' lang='grc' dir='ltr'><strong>καὶ</strong></span> <span class='ocrx_word' id='word_1_535' title='bbox 1299 3626 1430 3697; x_wconf 84' lang='grc' dir='ltr'>γοῦν</span> <span class='ocrx_word' id='word_1_536' title='bbox 1461 3627 1662 3700; x_wconf 80' lang='grc' dir='ltr'>νεκρὰν</span> <span class='ocrx_word' id='word_1_537' title='bbox 1693 3621 1836 3682; x_wconf 77' lang='grc' dir='ltr'>εἶναι</span> 
     </span>
    </p>
   </div>
   <div class='ocr_carea' id='block_1_69' title="bbox 222 3719 1835 3795">
    <p class='ocr_par' dir='ltr' id='par_1_69' title="bbox 222 3719 1835 3795">
     <span class='ocr_line' id='line_1_69' title="bbox 222 3719 1835 3795; baseline -0.004 -15"><span class='ocrx_word' id='word_1_538' title='bbox 222 3723 438 3795; x_wconf 81' lang='grc' dir='ltr'>ταύτην</span> <span class='ocrx_word' id='word_1_539' title='bbox 487 3723 549 3776; x_wconf 85' lang='grc' dir='ltr'><strong>ού</strong></span> <span class='ocrx_word' id='word_1_540' title='bbox 598 3721 1002 3794; x_wconf 81' lang='grc' dir='ltr'>παρεπομένων</span> <span class='ocrx_word' id='word_1_541' title='bbox 1053 3720 1164 3775; x_wconf 85' lang='grc' dir='ltr'><strong>τῶν</strong></span> <span class='ocrx_word' id='word_1_542' title='bbox 1211 3720 1392 3793; x_wconf 74' lang='grc' dir='ltr'>ἔργων</span> <span class='ocrx_word' id='word_1_543' title='bbox 1441 3722 1474 3792; x_wconf 83' lang='grc' dir='ltr'><strong>ή</strong></span> <span class='ocrx_word' id='word_1_544' title='bbox 1521 3719 1640 3774; x_wconf 82' lang='grc' dir='ltr'>θεία</span> <span class='ocrx_word' id='word_1_545' title='bbox 1685 3719 1835 3783; x_wconf 79' lang='grc' dir='ltr'>λέγει</span> 
     </span>
    </p>
   </div>
   <div class='ocr_carea' id='block_1_70' title="bbox 223 3809 1832 3888">
    <p class='ocr_par' dir='ltr' id='par_1_70' title="bbox 223 3809 1832 3888">
     <span class='ocr_line' id='line_1_70' title="bbox 223 3809 1832 3888; baseline -0.002 -19"><span class='ocrx_word' id='word_1_546' title='bbox 223 3815 444 3888; x_wconf 79' lang='grc' dir='ltr'>Γραφή.</span> <span class='ocrx_word' id='word_1_547' title='bbox 470 3815 546 3868; x_wconf 79' lang='grc' dir='ltr'><strong>Τὸ</strong></span> <span class='ocrx_word' id='word_1_548' title='bbox 565 3814 666 3885; x_wconf 86' lang='grc' dir='ltr'>μὲν</span> <span class='ocrx_word' id='word_1_549' title='bbox 679 3813 788 3886; x_wconf 82' lang='grc' dir='ltr'><strong>γάρ</strong></span> <span class='ocrx_word' id='word_1_550' title='bbox 809 3813 1028 3878; x_wconf 76' lang='grc' dir='ltr'>εἰδέναι,</span> <span class='ocrx_word' id='word_1_551' title='bbox 1047 3813 1232 3884; x_wconf 77' lang='grc' dir='ltr'>φησὶν,</span> <span class='ocrx_word' id='word_1_552' title='bbox 1257 3813 1340 3866; x_wconf 78' lang='grc' dir='ltr'>ὄτι</span> <span class='ocrx_word' id='word_1_553' title='bbox 1357 3815 1384 3864; x_wconf 87' lang='grc' dir='ltr'>ὁ</span> <span class='ocrx_word' id='word_1_554' title='bbox 1404 3811 1537 3877; x_wconf 78' lang='grc' dir='ltr'>Θεὸς</span> <span class='ocrx_word' id='word_1_555' title='bbox 1563 3809 1642 3874; x_wconf 74' lang='grc' dir='ltr'><strong>εἷς</strong></span> <span class='ocrx_word' id='word_1_556' title='bbox 1660 3816 1832 3876; x_wconf 78' lang='grc' dir='ltr'>ἐστιν,</span> 
     </span>
    </p>
   </div>
   <div class='ocr_carea' id='block_1_71' title="bbox 222 3903 1835 3977">
    <p class='ocr_par' dir='ltr' id='par_1_71' title="bbox 222 3903 1835 3977">
     <span class='ocr_line' id='line_1_71' title="bbox 222 3903 1835 3977; baseline -0.001 -16"><span class='ocrx_word' id='word_1_557' title='bbox 222 3909 326 3961; x_wconf 81' lang='grc' dir='ltr'><strong>οὐκ</strong></span> <span class='ocrx_word' id='word_1_558' title='bbox 355 3909 416 3960; x_wconf 80' lang='grc' dir='ltr'><strong>εν</strong></span> <span class='ocrx_word' id='word_1_559' title='bbox 443 3906 706 3970; x_wconf 80' lang='grc' dir='ltr'>διανοίαις</span> <span class='ocrx_word' id='word_1_560' title='bbox 733 3905 1105 3977; x_wconf 87' lang='grc' dir='ltr'>ἀνθρωπίναις</span> <span class='ocrx_word' id='word_1_561' title='bbox 1137 3905 1446 3976; x_wconf 81' lang='grc' dir='ltr'>εὑρήσομεν</span> <span class='ocrx_word' id='word_1_562' title='bbox 1477 3903 1660 3976; x_wconf 73' lang='grc' dir='ltr'>μόνον,</span> <span class='ocrx_word' id='word_1_563' title='bbox 1698 3904 1835 3959; x_wconf 83' lang='grc' dir='ltr'><strong>ἀλλά</strong></span> 
     </span>
    </p>
   </div>
   <div class='ocr_carea' id='block_1_72' title="bbox 222 3996 1835 4071">
    <p class='ocr_par' dir='ltr' id='par_1_72' title="bbox 222 3996 1835 4071">
     <span class='ocr_line' id='line_1_72' title="bbox 222 3996 1835 4071; baseline -0.001 -17"><span class='ocrx_word' id='word_1_564' title='bbox 222 4001 318 4054; x_wconf 80' lang='grc' dir='ltr'><strong>καὶ</strong></span> <span class='ocrx_word' id='word_1_565' title='bbox 343 4003 405 4054; x_wconf 81' lang='grc' dir='ltr'>ὲν</span> <span class='ocrx_word' id='word_1_566' title='bbox 433 4001 624 4062; x_wconf 78' lang='grc' dir='ltr'>αὐτοῖς</span> <span class='ocrx_word' id='word_1_567' title='bbox 651 4001 767 4064; x_wconf 87' lang='grc' dir='ltr'>τοῖς</span> <span class='ocrx_word' id='word_1_568' title='bbox 796 3997 1136 4070; x_wconf 81' lang='grc' dir='ltr'>ἀκαθάρτοις</span> <span class='ocrx_word' id='word_1_569' title='bbox 1161 3997 1435 4069; x_wconf 83' lang='grc' dir='ltr'>δαίμοσιν,</span> <span class='ocrx_word' id='word_1_570' title='bbox 1475 3996 1512 4052; x_wconf 79' lang='grc' dir='ltr'><strong>ἃ</strong></span> <span class='ocrx_word' id='word_1_571' title='bbox 1558 3999 1650 4052; x_wconf 74' lang='grc' dir='ltr'>καὶ</span> <span class='ocrx_word' id='word_1_572' title='bbox 1676 3999 1835 4071; x_wconf 83' lang='grc' dir='ltr'>φρίτ-</span> 
     </span>
    </p>
   </div>
   <div class='ocr_carea' id='block_1_73' title="bbox 220 4089 1833 4162">
    <p class='ocr_par' dir='ltr' id='par_1_73' title="bbox 220 4089 1833 4162">
     <span class='ocr_line' id='line_1_73' title="bbox 220 4089 1833 4162; baseline -0.001 -18"><span class='ocrx_word' id='word_1_573' title='bbox 220 4110 305 4147; x_wconf 84' lang='grc' dir='ltr'><strong>τει</strong></span> <span class='ocrx_word' id='word_1_574' title='bbox 339 4093 440 4145; x_wconf 82' lang='grc' dir='ltr'><strong>καὶ</strong></span> <span class='ocrx_word' id='word_1_575' title='bbox 469 4093 572 4162; x_wconf 81' lang='grc' dir='ltr'><strong>οὐχ</strong></span> <span class='ocrx_word' id='word_1_576' title='bbox 601 4091 794 4145; x_wconf 74' lang='grc' dir='ltr'>ἑκόντα</span> <span class='ocrx_word' id='word_1_577' title='bbox 837 4091 936 4162; x_wconf 82' lang='grc' dir='ltr'>τὴν</span> <span class='ocrx_word' id='word_1_578' title='bbox 971 4089 1066 4144; x_wconf 80' lang='grc' dir='ltr'>τοῦ</span> <span class='ocrx_word' id='word_1_579' title='bbox 1104 4091 1439 4162; x_wconf 83' lang='grc' dir='ltr'>ποιήσαντος</span> <span class='ocrx_word' id='word_1_580' title='bbox 1468 4089 1720 4161; x_wconf 84' lang='grc' dir='ltr'>δύναμιν.</span> <span class='ocrx_word' id='word_1_581' title='bbox 1760 4090 1833 4144; x_wconf 89' lang='grc' dir='ltr'>Τό</span> 
     </span>
    </p>
   </div>
   <div class='ocr_carea' id='block_1_74' title="bbox 223 4180 1832 4255">
    <p class='ocr_par' dir='ltr' id='par_1_74' title="bbox 223 4180 1832 4255">
     <span class='ocr_line' id='line_1_74' title="bbox 223 4180 1832 4255; baseline 0 -19"><span class='ocrx_word' id='word_1_582' title='bbox 223 4201 286 4252; x_wconf 90' lang='grc' dir='ltr'><strong>γε</strong></span> <span class='ocrx_word' id='word_1_583' title='bbox 319 4183 434 4255; x_wconf 78' lang='grc' dir='ltr'>μὴν</span> <span class='ocrx_word' id='word_1_584' title='bbox 473 4183 776 4255; x_wconf 81' lang='grc' dir='ltr'>σύνδρομον</span> <span class='ocrx_word' id='word_1_585' title='bbox 804 4181 1075 4236; x_wconf 86' lang='grc' dir='ltr'>ποιεῖσθαι</span> <span class='ocrx_word' id='word_1_586' title='bbox 1115 4185 1180 4252; x_wconf 82' lang='grc' dir='ltr'>τῇ</span> <span class='ocrx_word' id='word_1_587' title='bbox 1235 4181 1418 4235; x_wconf 88' lang='grc' dir='ltr'>πίστει</span> <span class='ocrx_word' id='word_1_588' title='bbox 1461 4183 1560 4253; x_wconf 86' lang='grc' dir='ltr'>τήν</span> <span class='ocrx_word' id='word_1_589' title='bbox 1588 4183 1696 4236; x_wconf 80' lang='grc' dir='ltr'><strong>ἀπὸ</strong></span> <span class='ocrx_word' id='word_1_590' title='bbox 1721 4180 1832 4236; x_wconf 86' lang='grc' dir='ltr'><strong>τῶν</strong></span> 
     </span>
    </p>
   </div>
   <div class='ocr_carea' id='block_1_75' title="bbox 221 4273 1829 4348">
    <p class='ocr_par' dir='ltr' id='par_1_75' title="bbox 221 4273 1829 4348">
     <span class='ocr_line' id='line_1_75' title="bbox 221 4273 1829 4348; baseline 0.001 -20"><span class='ocrx_word' id='word_1_591' title='bbox 221 4275 525 4348; x_wconf 79' lang='grc' dir='ltr'>δρωμένων</span> <span class='ocrx_word' id='word_1_592' title='bbox 561 4273 916 4347; x_wconf 78' lang='grc' dir='ltr'>φαιδρότητα,</span> <span class='ocrx_word' id='word_1_593' title='bbox 952 4273 1136 4346; x_wconf 86' lang='grc' dir='ltr'>μόνοις</span> <span class='ocrx_word' id='word_1_594' title='bbox 1165 4273 1233 4328; x_wconf 80' lang='grc' dir='ltr'><strong>ἂν</strong></span> <span class='ocrx_word' id='word_1_595' title='bbox 1266 4275 1480 4346; x_wconf 84' lang='grc' dir='ltr'>πρέπον</span> <span class='ocrx_word' id='word_1_596' title='bbox 1502 4275 1600 4329; x_wconf 77' lang='grc' dir='ltr'><strong>καὶ</strong></span> <span class='ocrx_word' id='word_1_597' title='bbox 1627 4274 1829 4346; x_wconf 82' lang='grc' dir='ltr'>ἐλλάμ-</span> 
     </span>
    </p>
   </div>
   <div class='ocr_carea' id='block_1_76' title="bbox 222 4363 1831 4437">
    <p class='ocr_par' dir='ltr' id='par_1_76' title="bbox 222 4363 1831 4437">
     <span class='ocr_line' id='line_1_76' title="bbox 222 4363 1831 4437; baseline 0.001 -19"><span class='ocrx_word' id='word_1_598' title='bbox 222 4383 322 4419; x_wconf 63' lang='lat' dir='ltr'><strong>nov</strong></span> <span class='ocrx_word' id='word_1_599' title='bbox 353 4365 540 4437; x_wconf 81' lang='grc' dir='ltr'>ὁρῷτο</span> <span class='ocrx_word' id='word_1_600' title='bbox 586 4367 698 4428; x_wconf 86' lang='grc' dir='ltr'>τοῖς</span> <span class='ocrx_word' id='word_1_601' title='bbox 743 4364 960 4436; x_wconf 88' lang='grc' dir='ltr'>ἀληθῶς</span> <span class='ocrx_word' id='word_1_602' title='bbox 1005 4363 1264 4434; x_wconf 79' lang='grc' dir='ltr'>ἀγαπῶσι</span> <span class='ocrx_word' id='word_1_603' title='bbox 1291 4365 1387 4419; x_wconf 83' lang='grc' dir='ltr'><strong>τὸν</strong></span> <span class='ocrx_word' id='word_1_604' title='bbox 1419 4364 1570 4421; x_wconf 86' lang='grc' dir='ltr'>Θεόν.</span> <span class='ocrx_word' id='word_1_605' title='bbox 1620 4365 1831 4420; x_wconf 77' lang='grc' dir='ltr'>Οὐκοῦν</span> 
     </span>
    </p>
   </div>
   <div class='ocr_carea' id='block_1_77' title="bbox 220 4457 1830 4530">
    <p class='ocr_par' dir='ltr' id='par_1_77' title="bbox 220 4457 1830 4530">
     <span class='ocr_line' id='line_1_77' title="bbox 220 4457 1830 4530; baseline 0.002 -18"><span class='ocrx_word' id='word_1_606' title='bbox 220 4458 508 4524; x_wconf 82' lang='grc' dir='ltr'>ἀπόδειξις</span> <span class='ocrx_word' id='word_1_607' title='bbox 541 4457 646 4528; x_wconf 85' lang='grc' dir='ltr'><strong>τῆς</strong></span> <span class='ocrx_word' id='word_1_608' title='bbox 669 4458 894 4528; x_wconf 87' lang='grc' dir='ltr'>ἀγάπης</span> <span class='ocrx_word' id='word_1_609' title='bbox 929 4458 1022 4512; x_wconf 77' lang='grc' dir='ltr'>καὶ</span> <span class='ocrx_word' id='word_1_610' title='bbox 1067 4458 1404 4522; x_wconf 79' lang='grc' dir='ltr'>τελεώτατος</span> <span class='ocrx_word' id='word_1_611' title='bbox 1449 4460 1550 4530; x_wconf 80' lang='grc' dir='ltr'>τῆς</span> <span class='ocrx_word' id='word_1_612' title='bbox 1595 4459 1830 4525; x_wconf 89' lang='grc' dir='ltr'>πίστεως</span> 
     </span>
    </p>
   </div>
   <div class='ocr_carea' id='block_1_78' title="bbox 1941 3267 3537 3339">
    <p class='ocr_par' dir='ltr' id='par_1_78' title="bbox 1941 3267 3537 3339">
     <span class='ocr_line' id='line_1_78' title="bbox 1941 3267 3537 3339; baseline -0.004 -11"><span class='ocrx_word' id='word_1_613' title='bbox 1941 3275 2014 3330; x_wconf 87' lang='lat' dir='ltr'><strong>tis</strong></span> <span class='ocrx_word' id='word_1_614' title='bbox 2043 3273 2314 3328; x_wconf 83' lang='lat' dir='ltr'><strong>duntaxat</strong></span> <span class='ocrx_word' id='word_1_615' title='bbox 2356 3273 2612 3326; x_wconf 72' lang='lat' dir='ltr'><strong>humana:</strong></span> <span class='ocrx_word' id='word_1_616' title='bbox 2660 3285 2784 3326; x_wconf 89' lang='lat' dir='ltr'><strong>esse</strong></span> <span class='ocrx_word' id='word_1_617' title='bbox 2831 3268 3284 3339; x_wconf 88' lang='lat' dir='ltr'><strong>comperiemus,</strong></span> <span class='ocrx_word' id='word_1_618' title='bbox 3339 3267 3434 3328; x_wconf 90' lang='lat' dir='ltr'><strong>sed</strong></span> <span class='ocrx_word' id='word_1_619' title='bbox 3481 3275 3537 3322; x_wconf 88' lang='lat' dir='ltr'><strong>et</strong></span> 
     </span>
    </p>
   </div>
   <div class='ocr_carea' id='block_1_79' title="bbox 1941 3359 3536 3436">
    <p class='ocr_par' dir='ltr' id='par_1_79' title="bbox 1941 3359 3536 3436">
     <span class='ocr_line' id='line_1_79' title="bbox 1941 3359 3536 3436; baseline -0.004 -15"><span class='ocrx_word' id='word_1_620' title='bbox 1941 3366 2285 3436; x_wconf 87' lang='lat' dir='ltr'><strong>impurorum</strong></span> <span class='ocrx_word' id='word_1_621' title='bbox 2319 3365 2627 3419; x_wconf 80' lang='lat' dir='ltr'><strong>daemonum</strong></span> <span class='ocrx_word' id='word_1_622' title='bbox 2651 3403 2666 3428; x_wconf 90' lang='lat'><strong>,</strong></span> <span class='ocrx_word' id='word_1_623' title='bbox 2708 3361 2802 3432; x_wconf 89' lang='lat' dir='ltr'><strong>qui</strong></span> <span class='ocrx_word' id='word_1_624' title='bbox 2849 3361 3012 3416; x_wconf 86' lang='lat' dir='ltr'><strong>etiam</strong></span> <span class='ocrx_word' id='word_1_625' title='bbox 3058 3360 3217 3414; x_wconf 89' lang='lat' dir='ltr'><strong>inviti</strong></span> <span class='ocrx_word' id='word_1_626' title='bbox 3247 3359 3536 3415; x_wconf 83' lang='lat' dir='ltr'><strong>Creatoris</strong></span> 
     </span>
    </p>
   </div>
   <div class='ocr_carea' id='block_1_80' title="bbox 1941 3450 3530 3524">
    <p class='ocr_par' dir='ltr' id='par_1_80' title="bbox 1941 3450 3530 3524">
     <span class='ocr_line' id='line_1_80' title="bbox 1941 3450 3530 3524; baseline -0.004 -14"><span class='ocrx_word' id='word_1_627' title='bbox 1941 3455 2200 3510; x_wconf 87' lang='lat' dir='ltr'><strong>virtutem</strong></span> <span class='ocrx_word' id='word_1_628' title='bbox 2234 3457 2671 3524; x_wconf 88' lang='lat' dir='ltr'><strong>perhorrescunt</strong></span> <span class='ocrx_word' id='word_1_629' title='bbox 2695 3453 2764 3508; x_wconf 69' lang='lat'><strong>”.</strong></span> <span class='ocrx_word' id='word_1_630' title='bbox 2801 3451 2906 3507; x_wconf 84' lang='lat' dir='ltr'><strong>Sed</strong></span> <span class='ocrx_word' id='word_1_631' title='bbox 2933 3450 3264 3506; x_wconf 89' lang='lat' dir='ltr'><strong>charitatem</strong></span> <span class='ocrx_word' id='word_1_632' title='bbox 3301 3466 3530 3521; x_wconf 89' lang='lat' dir='ltr'><strong>operum</strong></span> 
     </span>
    </p>
   </div>
   <div class='ocr_carea' id='block_1_81' title="bbox 1941 3541 3536 3618">
    <p class='ocr_par' dir='ltr' id='par_1_81' title="bbox 1941 3541 3536 3618">
     <span class='ocr_line' id='line_1_81' title="bbox 1941 3541 3536 3618; baseline -0.005 -14"><span class='ocrx_word' id='word_1_633' title='bbox 1941 3563 2066 3604; x_wconf 90' lang='lat' dir='ltr'><strong>eum</strong></span> <span class='ocrx_word' id='word_1_634' title='bbox 2095 3548 2201 3602; x_wconf 86' lang='lat' dir='ltr'><strong>lide</strong></span> <span class='ocrx_word' id='word_1_635' title='bbox 2229 3547 2602 3618; x_wconf 84' lang='lat' dir='ltr'><strong>conjungere,</strong></span> <span class='ocrx_word' id='word_1_636' title='bbox 2637 3546 2706 3601; x_wconf 84' lang='lat' dir='ltr'><strong>iis</strong></span> <span class='ocrx_word' id='word_1_637' title='bbox 2738 3551 2954 3598; x_wconf 83' lang='lat' dir='ltr'><strong>tantum</strong></span> <span class='ocrx_word' id='word_1_638' title='bbox 2989 3541 3250 3613; x_wconf 76' lang='lat' dir='ltr'><strong>congruit</strong></span> <span class='ocrx_word' id='word_1_639' title='bbox 3283 3542 3376 3612; x_wconf 88' lang='lat' dir='ltr'><strong>qui</strong></span> <span class='ocrx_word' id='word_1_640' title='bbox 3406 3555 3536 3597; x_wconf 87' lang='lat' dir='ltr'><strong>vere</strong></span> 
     </span>
    </p>
   </div>
   <div class='ocr_carea' id='block_1_82' title="bbox 1939 3633 3535 3714">
    <p class='ocr_par' dir='ltr' id='par_1_82' title="bbox 1939 3633 3535 3714">
     <span class='ocr_line' id='line_1_82' title="bbox 1939 3633 3535 3714; baseline -0.006 -18"><span class='ocrx_word' id='word_1_641' title='bbox 1939 3642 2174 3714; x_wconf 79' lang='lat' dir='ltr'><strong>diligunt</strong></span> <span class='ocrx_word' id='word_1_642' title='bbox 2207 3641 2400 3698; x_wconf 90' lang='lat' dir='ltr'><strong>Deum.</strong></span> <span class='ocrx_word' id='word_1_643' title='bbox 2431 3639 2706 3708; x_wconf 79' lang='lat' dir='ltr'><strong>Quocirca</strong></span> <span class='ocrx_word' id='word_1_644' title='bbox 2733 3635 3138 3692; x_wconf 87' lang='lat' dir='ltr'><strong>demonstratio</strong></span> <span class='ocrx_word' id='word_1_645' title='bbox 3161 3633 3454 3688; x_wconf 88' lang='lat' dir='ltr'><strong>eharitatis</strong></span> <span class='ocrx_word' id='word_1_646' title='bbox 3479 3641 3535 3688; x_wconf 92' lang='lat' dir='ltr'><strong>et</strong></span> 
     </span>
    </p>
   </div>
   <div class='ocr_carea' id='block_1_83' title="bbox 1939 3726 3535 3807">
    <p class='ocr_par' dir='ltr' id='par_1_83' title="bbox 1939 3726 3535 3807">
     <span class='ocr_line' id='line_1_83' title="bbox 1939 3726 3535 3807; baseline -0.007 -16"><span class='ocrx_word' id='word_1_647' title='bbox 1939 3735 2350 3807; x_wconf 76' lang='lat' dir='ltr'><strong>perfectissima</strong></span> <span class='ocrx_word' id='word_1_648' title='bbox 2381 3733 2526 3788; x_wconf 91' lang='lat' dir='ltr'><strong>ratio</strong></span> <span class='ocrx_word' id='word_1_649' title='bbox 2571 3730 2698 3786; x_wconf 83' lang='lat' dir='ltr'><strong>ﬁdei</strong></span> <span class='ocrx_word' id='word_1_650' title='bbox 2725 3739 2810 3786; x_wconf 88' lang='lat' dir='ltr'><strong>est</strong></span> <span class='ocrx_word' id='word_1_651' title='bbox 2828 3728 3278 3800; x_wconf 79' lang='lat' dir='ltr'><strong>evangelicorum</strong></span> <span class='ocrx_word' id='word_1_652' title='bbox 3307 3726 3535 3798; x_wconf 78' lang='lat' dir='ltr'><strong>dogma-</strong></span> 
     </span>
    </p>
   </div>
   <div class='ocr_carea' id='block_1_84' title="bbox 1939 3818 3529 3899">
    <p class='ocr_par' dir='ltr' id='par_1_84' title="bbox 1939 3818 3529 3899">
     <span class='ocr_line' id='line_1_84' title="bbox 1939 3818 3529 3899; baseline -0.007 -16"><span class='ocrx_word' id='word_1_653' title='bbox 1939 3839 2052 3884; x_wconf 89' lang='lat' dir='ltr'><strong>tum</strong></span> <span class='ocrx_word' id='word_1_654' title='bbox 2083 3829 2253 3899; x_wconf 79' lang='lat'><strong>808</strong></span> <span class='ocrx_word' id='word_1_655' title='bbox 2290 3827 2714 3894; x_wconf 88' lang='lat' dir='ltr'><strong>divinorumque</strong></span> <span class='ocrx_word' id='word_1_656' title='bbox 2748 3831 3152 3892; x_wconf 85' lang='lat' dir='ltr'><strong>praeceptorum</strong></span> <span class='ocrx_word' id='word_1_657' title='bbox 3193 3818 3529 3875; x_wconf 75' lang='lat' dir='ltr'><strong>observatio.</strong></span> 
     </span>
    </p>
   </div>
   <div class='ocr_carea' id='block_1_85' title="bbox 1935 3907 3530 3980">
    <p class='ocr_par' dir='ltr' id='par_1_85' title="bbox 1935 3907 3530 3980">
     <span class='ocr_line' id='line_1_85' title="bbox 1935 3907 3530 3980; baseline -0.008 -6"><span class='ocrx_word' id='word_1_658' title='bbox 1935 3919 2055 3974; x_wconf 85' lang='lat' dir='ltr'><strong>Non</strong></span> <span class='ocrx_word' id='word_1_659' title='bbox 2087 3926 2237 3974; x_wconf 90' lang='lat' dir='ltr'><strong>esset</strong></span> <span class='ocrx_word' id='word_1_660' title='bbox 2261 3917 2480 3972; x_wconf 74' lang='lat' dir='ltr'><strong>diliicile</strong></span> <span class='ocrx_word' id='word_1_661' title='bbox 2513 3915 2622 3969; x_wconf 85' lang='lat' dir='ltr'><strong>alia</strong></span> <span class='ocrx_word' id='word_1_662' title='bbox 2655 3914 2741 3968; x_wconf 90' lang='lat' dir='ltr'><strong>his</strong></span> <span class='ocrx_word' id='word_1_663' title='bbox 2773 3912 2956 3966; x_wconf 79' lang='lat' dir='ltr'><strong>aliinia</strong></span> <span class='ocrx_word' id='word_1_664' title='bbox 3003 3911 3288 3980; x_wconf 77' lang='lat' dir='ltr'><strong>proferre,</strong></span> <span class='ocrx_word' id='word_1_665' title='bbox 3332 3907 3428 3964; x_wconf 90' lang='lat' dir='ltr'><strong>sed</strong></span> <span class='ocrx_word' id='word_1_666' title='bbox 3465 3923 3530 3962; x_wconf 89' lang='lat' dir='ltr'><strong>ea</strong></span> 
     </span>
    </p>
   </div>
   <div class='ocr_carea' id='block_1_86' title="bbox 1935 4001 3527 4082">
    <p class='ocr_par' dir='ltr' id='par_1_86' title="bbox 1935 4001 3527 4082">
     <span class='ocr_line' id='line_1_86' title="bbox 1935 4001 3527 4082; baseline -0.008 -14"><span class='ocrx_word' id='word_1_667' title='bbox 1935 4012 2206 4082; x_wconf 88' lang='lat' dir='ltr'><strong>temporis</strong></span> <span class='ocrx_word' id='word_1_668' title='bbox 2235 4009 2402 4076; x_wconf 88' lang='lat' dir='ltr'><strong>hujus</strong></span> <span class='ocrx_word' id='word_1_669' title='bbox 2432 4020 2557 4064; x_wconf 86' lang='lat' dir='ltr'><strong>esse</strong></span> <span class='ocrx_word' id='word_1_670' title='bbox 2587 4021 2695 4060; x_wconf 88' lang='lat' dir='ltr'><strong>non</strong></span> <span class='ocrx_word' id='word_1_671' title='bbox 2727 4004 2992 4058; x_wconf 90' lang='lat' dir='ltr'><strong>arbitror.</strong></span> <span class='ocrx_word' id='word_1_672' title='bbox 3033 4001 3248 4056; x_wconf 83' lang='lat' dir='ltr'><strong>Idcirco</strong></span> <span class='ocrx_word' id='word_1_673' title='bbox 3283 4001 3527 4056; x_wconf 88' lang='lat' dir='ltr'><strong>eundum</strong></span> 
     </span>
    </p>
   </div>
   <div class='ocr_carea' id='block_1_87' title="bbox 1935 4092 3530 4168">
    <p class='ocr_par' dir='ltr' id='par_1_87' title="bbox 1935 4092 3530 4168">
     <span class='ocr_line' id='line_1_87' title="bbox 1935 4092 3530 4168; baseline -0.009 -8"><span class='ocrx_word' id='word_1_674' title='bbox 1935 4117 2130 4160; x_wconf 88' lang='lat' dir='ltr'><strong>rursus</strong></span> <span class='ocrx_word' id='word_1_675' title='bbox 2187 4100 2254 4155; x_wconf 91' lang='lat' dir='ltr'><strong>ad</strong></span> <span class='ocrx_word' id='word_1_676' title='bbox 2297 4115 2364 4155; x_wconf 89' lang='lat' dir='ltr'><strong>ea</strong></span> <span class='ocrx_word' id='word_1_677' title='bbox 2409 4112 2531 4168; x_wconf 79' lang='lat' dir='ltr'><strong>quae</strong></span> <span class='ocrx_word' id='word_1_678' title='bbox 2583 4095 2872 4168; x_wconf 79' lang='lat' dir='ltr'><strong>proposito</strong></span> <span class='ocrx_word' id='word_1_679' title='bbox 2925 4102 3119 4150; x_wconf 83' lang='lat' dir='ltr'><strong>nostro</strong></span> <span class='ocrx_word' id='word_1_680' title='bbox 3171 4092 3350 4164; x_wconf 76' lang='lat' dir='ltr'><strong>magis</strong></span> <span class='ocrx_word' id='word_1_681' title='bbox 3394 4107 3530 4148; x_wconf 84' lang='lat' dir='ltr'><strong>eon-</strong></span> 
     </span>
    </p>
   </div>
   <div class='ocr_carea' id='block_1_88' title="bbox 1935 4185 3529 4266">
    <p class='ocr_par' dir='ltr' id='par_1_88' title="bbox 1935 4185 3529 4266">
     <span class='ocr_line' id='line_1_88' title="bbox 1935 4185 3529 4266; baseline -0.008 -16"><span class='ocrx_word' id='word_1_682' title='bbox 1935 4201 2141 4266; x_wconf 81' lang='lat' dir='ltr'><strong>gruunt</strong></span> <span class='ocrx_word' id='word_1_683' title='bbox 2177 4211 2190 4248; x_wconf 91' lang='lat'>:</span> <span class='ocrx_word' id='word_1_684' title='bbox 2235 4211 2253 4242; x_wconf 81' lang='grc' dir='ltr'><strong>ι</strong></span> <span class='ocrx_word' id='word_1_685' title='bbox 2287 4190 2344 4246; x_wconf 90' lang='lat' dir='ltr'><strong>Si</strong></span> <span class='ocrx_word' id='word_1_686' title='bbox 2384 4187 2621 4260; x_wconf 76' lang='lat' dir='ltr'><strong>diligitis</strong></span> <span class='ocrx_word' id='word_1_687' title='bbox 2669 4204 2756 4243; x_wconf 89' lang='lat' dir='ltr'><strong>me</strong></span> <span class='ocrx_word' id='word_1_688' title='bbox 2782 4229 2796 4251; x_wconf 92' lang='lat'><strong>,</strong></span> <span class='ocrx_word' id='word_1_689' title='bbox 2843 4185 3066 4256; x_wconf 90' lang='lat' dir='ltr'><strong>inquit,</strong></span> <span class='ocrx_word' id='word_1_690' title='bbox 3111 4185 3372 4238; x_wconf 81' lang='lat' dir='ltr'><strong>mandata</strong></span> <span class='ocrx_word' id='word_1_691' title='bbox 3410 4199 3529 4239; x_wconf 89' lang='lat' dir='ltr'><strong>mea</strong></span> 
     </span>
    </p>
   </div>
   <div class='ocr_carea' id='block_1_89' title="bbox 1935 4276 3530 4344">
    <p class='ocr_par' dir='ltr' id='par_1_89' title="bbox 1935 4276 3530 4344">
     <span class='ocr_line' id='line_1_89' title="bbox 1935 4276 3530 4344; baseline -0.011 0"><span class='ocrx_word' id='word_1_692' title='bbox 1935 4297 2172 4344; x_wconf 83' lang='lat' dir='ltr'><strong>servate.</strong></span> <span class='ocrx_word' id='word_1_693' title='bbox 2208 4304 2226 4336; x_wconf 75' lang='grc' dir='ltr'><strong>ι</strong></span> <span class='ocrx_word' id='word_1_694' title='bbox 2266 4281 2662 4338; x_wconf 81' lang='lat' dir='ltr'><strong>Animadverte</strong></span> <span class='ocrx_word' id='word_1_695' title='bbox 2692 4279 2842 4334; x_wconf 90' lang='lat' dir='ltr'><strong>enim</strong></span> <span class='ocrx_word' id='word_1_696' title='bbox 2888 4293 3090 4332; x_wconf 87' lang='lat' dir='ltr'><strong>rursus</strong></span> <span class='ocrx_word' id='word_1_697' title='bbox 3132 4283 3187 4331; x_wconf 89' lang='lat' dir='ltr'><strong>et</strong></span> <span class='ocrx_word' id='word_1_698' title='bbox 3234 4276 3288 4330; x_wconf 92' lang='lat' dir='ltr'><strong>in</strong></span> <span class='ocrx_word' id='word_1_699' title='bbox 3321 4290 3530 4330; x_wconf 85' lang='lat' dir='ltr'><strong>memo—</strong></span> 
     </span>
    </p>
   </div>
   <div class='ocr_carea' id='block_1_90' title="bbox 1934 4369 3528 4447">
    <p class='ocr_par' dir='ltr' id='par_1_90' title="bbox 1934 4369 3528 4447">
     <span class='ocr_line' id='line_1_90' title="bbox 1934 4369 3528 4447; baseline -0.006 -13"><span class='ocrx_word' id='word_1_700' title='bbox 1934 4381 2075 4434; x_wconf 87' lang='lat' dir='ltr'><strong>riam</strong></span> <span class='ocrx_word' id='word_1_701' title='bbox 2103 4392 2304 4433; x_wconf 89' lang='lat' dir='ltr'><strong>revoca</strong></span> <span class='ocrx_word' id='word_1_702' title='bbox 2336 4375 2484 4447; x_wconf 91' lang='lat' dir='ltr'><strong>quod</strong></span> <span class='ocrx_word' id='word_1_703' title='bbox 2515 4389 2640 4430; x_wconf 92' lang='lat' dir='ltr'><strong>eum</strong></span> <span class='ocrx_word' id='word_1_704' title='bbox 2673 4389 2817 4443; x_wconf 83' lang='lat' dir='ltr'><strong>saepe</strong></span> <span class='ocrx_word' id='word_1_705' title='bbox 2847 4387 2980 4426; x_wconf 87' lang='lat' dir='ltr'><strong>suos</strong></span> <span class='ocrx_word' id='word_1_706' title='bbox 3009 4370 3318 4440; x_wconf 90' lang='lat' dir='ltr'><strong>discipulos</strong></span> <span class='ocrx_word' id='word_1_707' title='bbox 3345 4369 3528 4439; x_wconf 86' lang='lat' dir='ltr'><strong>ipsos-</strong></span> 
     </span>
    </p>
   </div>
   <div class='ocr_carea' id='block_1_91' title="bbox 1934 4459 3530 4542">
    <p class='ocr_par' dir='ltr' id='par_1_91' title="bbox 1934 4459 3530 4542">
     <span class='ocr_line' id='line_1_91' title="bbox 1934 4459 3530 4542; baseline -0.006 -20"><span class='ocrx_word' id='word_1_708' title='bbox 1934 4488 2041 4542; x_wconf 90' lang='lat' dir='ltr'><strong>que</strong></span> <span class='ocrx_word' id='word_1_709' title='bbox 2067 4469 2288 4525; x_wconf 71' lang='lat' dir='ltr'><strong>Judz&#39;eos</strong></span> <span class='ocrx_word' id='word_1_710' title='bbox 2311 4469 2712 4537; x_wconf 84' lang='lat' dir='ltr'><strong>alloqueretur,</strong></span> <span class='ocrx_word' id='word_1_711' title='bbox 2743 4463 2926 4518; x_wconf 83' lang='lat' dir='ltr'><strong>aiebat</strong></span> <span class='ocrx_word' id='word_1_712' title='bbox 2955 4479 2968 4516; x_wconf 89' lang='lat'><strong>:</strong></span> <span class='ocrx_word' id='word_1_713' title='bbox 3013 4481 3032 4513; x_wconf 77' lang='grc' dir='ltr'><strong>ι</strong></span> <span class='ocrx_word' id='word_1_714' title='bbox 3067 4459 3247 4517; x_wconf 76' lang='lat' dir='ltr'><strong>Verba</strong></span> <span class='ocrx_word' id='word_1_715' title='bbox 3277 4474 3402 4530; x_wconf 72' lang='lat' dir='ltr'><strong>qua:</strong></span> <span class='ocrx_word' id='word_1_716' title='bbox 3429 4475 3530 4530; x_wconf 77' lang='lat' dir='ltr'><strong>ego</strong></span> 
     </span>
    </p>
   </div>
   <div class='ocr_carea' id='block_1_92' title="bbox 219 4539 1836 4633">
    <p class='ocr_par' dir='ltr' id='par_1_92' title="bbox 219 4549 1826 4622">
     <span class='ocr_line' id='line_1_92' title="bbox 219 4549 1826 4622; baseline 0.001 -18"><span class='ocrx_word' id='word_1_717' title='bbox 219 4552 367 4622; x_wconf 79' lang='grc' dir='ltr'>ὄρος,</span> <span class='ocrx_word' id='word_1_718' title='bbox 399 4551 512 4604; x_wconf 91' lang='grc' dir='ltr'><strong>τῶν</strong></span> <span class='ocrx_word' id='word_1_719' title='bbox 545 4549 920 4618; x_wconf 81' lang='grc' dir='ltr'>εὐαγγελικῶν</span> <span class='ocrx_word' id='word_1_720' title='bbox 943 4551 1230 4622; x_wconf 84' lang='grc' dir='ltr'>δογμάτων</span> <span class='ocrx_word' id='word_1_721' title='bbox 1256 4552 1290 4622; x_wconf 82' lang='grc' dir='ltr'><strong>ἡ</strong></span> <span class='ocrx_word' id='word_1_722' title='bbox 1327 4553 1562 4622; x_wconf 85' lang='grc' dir='ltr'>τήρησις</span> <span class='ocrx_word' id='word_1_723' title='bbox 1597 4552 1694 4604; x_wconf 83' lang='grc' dir='ltr'><strong>καὶ</strong></span> <span class='ocrx_word' id='word_1_724' title='bbox 1719 4552 1826 4605; x_wconf 87' lang='grc' dir='ltr'><strong>τῶν</strong></span> 
     </span>
    </p>
   </div>
   <div class='ocr_carea' id='block_1_93' title="bbox 1941 4539 3522 4633">
    <p class='ocr_par' dir='ltr' id='par_1_93' title="bbox 1941 4551 3522 4633">
     <span class='ocr_line' id='line_1_93' title="bbox 1941 4551 3522 4633; baseline -0.009 -16"><span class='ocrx_word' id='word_1_725' title='bbox 1941 4565 2154 4633; x_wconf 88' lang='lat' dir='ltr'><strong>loquor,</strong></span> <span class='ocrx_word' id='word_1_726' title='bbox 2195 4551 2304 4616; x_wconf 82' lang='lat' dir='ltr'><strong>non</strong></span> <span class='ocrx_word' id='word_1_727' title='bbox 2327 4567 2458 4614; x_wconf 90' lang='lat' dir='ltr'><strong>sunt</strong></span> <span class='ocrx_word' id='word_1_728' title='bbox 2490 4571 2609 4612; x_wconf 88' lang='lat' dir='ltr'><strong>mea</strong></span> <span class='ocrx_word' id='word_1_729' title='bbox 2635 4597 2650 4621; x_wconf 90' lang='lat'><strong>,</strong></span> <span class='ocrx_word' id='word_1_730' title='bbox 2686 4555 2784 4611; x_wconf 82' lang='lat' dir='ltr'><strong>sed</strong></span> <span class='ocrx_word' id='word_1_731' title='bbox 2815 4555 2938 4623; x_wconf 90' lang='lat' dir='ltr'><strong>ejus</strong></span> <span class='ocrx_word' id='word_1_732' title='bbox 2971 4553 3068 4623; x_wconf 93' lang='lat' dir='ltr'><strong>qui</strong></span> <span class='ocrx_word' id='word_1_733' title='bbox 3099 4553 3250 4608; x_wconf 88' lang='lat' dir='ltr'><strong>misit</strong></span> <span class='ocrx_word' id='word_1_734' title='bbox 3288 4568 3377 4608; x_wconf 90' lang='lat' dir='ltr'><strong>me</strong></span> <span class='ocrx_word' id='word_1_735' title='bbox 3403 4552 3468 4605; x_wconf 69' lang='lat'><strong>“.</strong></span> <span class='ocrx_word' id='word_1_736' title='bbox 3503 4571 3522 4602; x_wconf 75' lang='grc' dir='ltr'><strong>ι</strong></span> 
     </span>
    </p>
   </div>
   <div class='ocr_carea' id='block_1_94' title="bbox 221 4642 1826 4714">
    <p class='ocr_par' dir='ltr' id='par_1_94' title="bbox 221 4642 1826 4714">
     <span class='ocr_line' id='line_1_94' title="bbox 221 4642 1826 4714; baseline 0 -18"><span class='ocrx_word' id='word_1_737' title='bbox 221 4644 385 4696; x_wconf 76' lang='grc' dir='ltr'>θείων</span> <span class='ocrx_word' id='word_1_738' title='bbox 435 4642 672 4696; x_wconf 86' lang='grc' dir='ltr'>ὲντολῶν</span> <span class='ocrx_word' id='word_1_739' title='bbox 721 4643 754 4714; x_wconf 82' lang='grc' dir='ltr'>ὴ</span> <span class='ocrx_word' id='word_1_740' title='bbox 797 4643 1038 4712; x_wconf 81' lang='grc' dir='ltr'>φυλακή.</span> <span class='ocrx_word' id='word_1_741' title='bbox 1092 4643 1205 4696; x_wconf 76' lang='grc' dir='ltr'><strong>Καὶ</strong></span> <span class='ocrx_word' id='word_1_742' title='bbox 1257 4643 1494 4712; x_wconf 77' lang='grc' dir='ltr'>χαλεπὸν</span> <span class='ocrx_word' id='word_1_743' title='bbox 1548 4644 1646 4714; x_wconf 82' lang='grc' dir='ltr'><strong>μὲν</strong></span> <span class='ocrx_word' id='word_1_744' title='bbox 1695 4643 1826 4708; x_wconf 79' lang='grc' dir='ltr'>ἴσως</span> 
     </span>
    </p>
   </div>
   <div class='ocr_carea' id='block_1_95' title="bbox 219 4734 1822 4810">
    <p class='ocr_par' dir='ltr' id='par_1_95' title="bbox 219 4734 1822 4810">
     <span class='ocr_line' id='line_1_95' title="bbox 219 4734 1822 4810; baseline -0.001 -20"><span class='ocrx_word' id='word_1_745' title='bbox 219 4737 376 4790; x_wconf 70' lang='grc' dir='ltr'>οὐδὲν</span> <span class='ocrx_word' id='word_1_746' title='bbox 405 4735 577 4810; x_wconf 82' lang='grc' dir='ltr'>’ἐτερα</span> <span class='ocrx_word' id='word_1_747' title='bbox 612 4735 749 4806; x_wconf 78' lang='grc' dir='ltr'>πρὸς</span> <span class='ocrx_word' id='word_1_748' title='bbox 773 4734 983 4798; x_wconf 87' lang='grc' dir='ltr'>τούτοις</span> <span class='ocrx_word' id='word_1_749' title='bbox 1012 4735 1187 4789; x_wconf 78' lang='grc' dir='ltr'>εἰπεῖν</span> <span class='ocrx_word' id='word_1_750' title='bbox 1220 4734 1458 4804; x_wconf 81' lang='grc' dir='ltr'>συγγενῆ</span> <span class='ocrx_word' id='word_1_751' title='bbox 1485 4751 1602 4800; x_wconf 92' lang='grc' dir='ltr'><strong>πως</strong></span> <span class='ocrx_word' id='word_1_752' title='bbox 1631 4734 1822 4806; x_wconf 80' lang='grc' dir='ltr'>ἔχοντα</span> 
     </span>
    </p>
   </div>
   <div class='ocr_carea' id='block_1_96' title="bbox 217 4822 1820 4900">
    <p class='ocr_par' dir='ltr' id='par_1_96' title="bbox 217 4822 1820 4900">
     <span class='ocr_line' id='line_1_96' title="bbox 217 4822 1820 4900; baseline 0.001 -20"><span class='ocrx_word' id='word_1_753' title='bbox 217 4829 316 4900; x_wconf 73' lang='grc' dir='ltr'>τὴν</span> <span class='ocrx_word' id='word_1_754' title='bbox 349 4829 619 4893; x_wconf 87' lang='grc' dir='ltr'>διάνοιαν,</span> <span class='ocrx_word' id='word_1_755' title='bbox 667 4827 808 4898; x_wconf 83' lang='grc' dir='ltr'>πλὴν</span> <span class='ocrx_word' id='word_1_756' title='bbox 859 4827 920 4880; x_wconf 81' lang='grc' dir='ltr'><strong>οὐ</strong></span> <span class='ocrx_word' id='word_1_757' title='bbox 959 4827 1055 4880; x_wconf 83' lang='grc' dir='ltr'>τοῦ</span> <span class='ocrx_word' id='word_1_758' title='bbox 1104 4826 1372 4898; x_wconf 86' lang='grc' dir='ltr'>παρόντος</span> <span class='ocrx_word' id='word_1_759' title='bbox 1415 4822 1568 4898; x_wconf 80' lang='grc' dir='ltr'>οἶμαι</span> <span class='ocrx_word' id='word_1_760' title='bbox 1602 4826 1820 4900; x_wconf 81' lang='grc' dir='ltr'>καιροῦ.</span> 
     </span>
    </p>
   </div>
   <div class='ocr_carea' id='block_1_97' title="bbox 220 4917 1822 4992">
    <p class='ocr_par' dir='ltr' id='par_1_97' title="bbox 220 4917 1822 4992">
     <span class='ocr_line' id='line_1_97' title="bbox 220 4917 1822 4992; baseline -0.001 -18"><span class='ocrx_word' id='word_1_761' title='bbox 220 4923 310 4974; x_wconf 65' lang='lat' dir='ltr'><strong>At?)</strong></span> <span class='ocrx_word' id='word_1_762' title='bbox 345 4919 415 4992; x_wconf 80' lang='grc' dir='ltr'>δὴ</span> <span class='ocrx_word' id='word_1_763' title='bbox 459 4919 627 4974; x_wconf 83' lang='grc' dir='ltr'>πάλιν</span> <span class='ocrx_word' id='word_1_764' title='bbox 675 4919 816 4972; x_wconf 87' lang='grc' dir='ltr'>ίτέον</span> <span class='ocrx_word' id='word_1_765' title='bbox 864 4919 957 4972; x_wconf 75' lang='grc' dir='ltr'>ἐπὶ</span> <span class='ocrx_word' id='word_1_766' title='bbox 999 4917 1068 4973; x_wconf 78' lang='grc' dir='ltr'>τὰ</span> <span class='ocrx_word' id='word_1_767' title='bbox 1100 4921 1212 4983; x_wconf 87' lang='grc' dir='ltr'>τοῖς</span> <span class='ocrx_word' id='word_1_768' title='bbox 1261 4919 1646 4991; x_wconf 83' lang='grc' dir='ltr'>προκειμένοις</span> <span class='ocrx_word' id='word_1_769' title='bbox 1687 4921 1822 4990; x_wconf 81' lang='grc' dir='ltr'>ἡμῖν</span> 
     </span>
    </p>
   </div>
   <div class='ocr_carea' id='block_1_98' title="bbox 221 4995 1826 5086">
    <p class='ocr_par' dir='ltr' id='par_1_98' title="bbox 221 4995 1826 5086">
     <span class='ocr_line' id='line_1_98' title="bbox 221 4995 1826 5086; baseline -0.006 -18"><span class='ocrx_word' id='word_1_770' title='bbox 221 5013 656 5086; x_wconf 77' lang='grc' dir='ltr'>πρεπωδέστερα</span> <span class='ocrx_word' id='word_1_771' title='bbox 683 5028 696 5043; x_wconf 80' lang='grc'><em>’</em></span> <span class='ocrx_word' id='word_1_772' title='bbox 735 5029 755 5062; x_wconf 79' lang='grc' dir='ltr'><strong>ι</strong></span> <span class='ocrx_word' id='word_1_773' title='bbox 795 5011 921 5065; x_wconf 84' lang='grc' dir='ltr'>Ἐάν</span> <span class='ocrx_word' id='word_1_774' title='bbox 950 5012 1198 5080; x_wconf 77' lang='grc' dir='ltr'>ἀγαπᾶτέ</span> <span class='ocrx_word' id='word_1_775' title='bbox 1233 5029 1321 5084; x_wconf 86' lang='grc' dir='ltr'><strong>με,</strong></span> <span class='ocrx_word' id='word_1_776' title='bbox 1367 4995 1529 5083; x_wconf 75' lang='grc' dir='ltr'>φησὶ,</span> <span class='ocrx_word' id='word_1_777' title='bbox 1550 5013 1651 5076; x_wconf 74' lang='grc' dir='ltr'><strong>τὰς</strong></span> <span class='ocrx_word' id='word_1_778' title='bbox 1677 5013 1826 5066; x_wconf 63' lang='lat' dir='ltr'><strong>two.</strong></span> 
     </span>
    </p>
   </div>
   <div class='ocr_carea' id='block_1_99' title="bbox 220 5103 1825 5178">
    <p class='ocr_par' dir='ltr' id='par_1_99' title="bbox 220 5103 1825 5178">
     <span class='ocr_line' id='line_1_99' title="bbox 220 5103 1825 5178; baseline 0 -18"><span class='ocrx_word' id='word_1_779' title='bbox 220 5108 316 5172; x_wconf 82' lang='grc' dir='ltr'><strong>λάς</strong></span> <span class='ocrx_word' id='word_1_780' title='bbox 354 5123 461 5178; x_wconf 89' lang='grc' dir='ltr'><strong>μου</strong></span> <span class='ocrx_word' id='word_1_781' title='bbox 498 5109 788 5176; x_wconf 83' lang='grc' dir='ltr'>τηρήσετε.</span> <span class='ocrx_word' id='word_1_782' title='bbox 822 5124 842 5156; x_wconf 70' lang='grc' dir='ltr'><strong>ι</strong></span> <span class='ocrx_word' id='word_1_783' title='bbox 903 5103 1068 5168; x_wconf 84' lang='grc' dir='ltr'>Σύνες</span> <span class='ocrx_word' id='word_1_784' title='bbox 1114 5105 1224 5175; x_wconf 75' lang='grc' dir='ltr'><strong>γὰρ</strong></span> <span class='ocrx_word' id='word_1_785' title='bbox 1275 5104 1339 5175; x_wconf 84' lang='grc' dir='ltr'>δὴ</span> <span class='ocrx_word' id='word_1_786' title='bbox 1374 5105 1536 5159; x_wconf 86' lang='grc' dir='ltr'>πάλιν</span> <span class='ocrx_word' id='word_1_787' title='bbox 1578 5106 1672 5159; x_wconf 73' lang='grc' dir='ltr'><strong>καὶ</strong></span> <span class='ocrx_word' id='word_1_788' title='bbox 1711 5105 1825 5160; x_wconf 86' lang='grc' dir='ltr'>δια-</span> 
     </span>
    </p>
   </div>
   <div class='ocr_carea' id='block_1_100' title="bbox 224 5195 1824 5269">
    <p class='ocr_par' dir='ltr' id='par_1_100' title="bbox 224 5195 1824 5269">
     <span class='ocr_line' id='line_1_100' title="bbox 224 5195 1824 5269; baseline -0.001 -17"><span class='ocrx_word' id='word_1_789' title='bbox 224 5201 479 5269; x_wconf 80' lang='grc' dir='ltr'>μέμνησο</span> <span class='ocrx_word' id='word_1_790' title='bbox 528 5195 712 5259; x_wconf 83' lang='grc' dir='ltr'>καλῶς</span> <span class='ocrx_word' id='word_1_791' title='bbox 754 5197 838 5250; x_wconf 85' lang='grc' dir='ltr'><strong>ὅτι</strong></span> <span class='ocrx_word' id='word_1_792' title='bbox 874 5195 1134 5260; x_wconf 80' lang='grc' dir='ltr'>πολλάκις</span> <span class='ocrx_word' id='word_1_793' title='bbox 1168 5199 1280 5262; x_wconf 89' lang='grc' dir='ltr'>τοῖς</span> <span class='ocrx_word' id='word_1_794' title='bbox 1311 5197 1509 5250; x_wconf 78' lang='grc' dir='ltr'>ἑαυτοῦ</span> <span class='ocrx_word' id='word_1_795' title='bbox 1553 5197 1824 5268; x_wconf 81' lang='grc' dir='ltr'>μαθηταῖς</span> 
     </span>
    </p>
   </div>
   <div class='ocr_carea' id='block_1_101' title="bbox 221 5288 1824 5361">
    <p class='ocr_par' dir='ltr' id='par_1_101' title="bbox 221 5288 1824 5361">
     <span class='ocr_line' id='line_1_101' title="bbox 221 5288 1824 5361; baseline 0.001 -21"><span class='ocrx_word' id='word_1_796' title='bbox 221 5288 752 5361; x_wconf 77' lang='grc' dir='ltr'>προσδιαλεγόμενος</span> <span class='ocrx_word' id='word_1_797' title='bbox 821 5288 852 5358; x_wconf 84' lang='grc' dir='ltr'>ἢ</span> <span class='ocrx_word' id='word_1_798' title='bbox 923 5289 1019 5341; x_wconf 77' lang='grc' dir='ltr'><strong>καὶ</strong></span> <span class='ocrx_word' id='word_1_799' title='bbox 1095 5289 1281 5350; x_wconf 80' lang='grc' dir='ltr'>αὐτοῖς</span> <span class='ocrx_word' id='word_1_800' title='bbox 1361 5291 1474 5352; x_wconf 87' lang='grc' dir='ltr'>τοῖς</span> <span class='ocrx_word' id='word_1_801' title='bbox 1547 5288 1824 5353; x_wconf 85' lang='grc' dir='ltr'>Ἰουδαίοις</span> 
     </span>
    </p>
   </div>
   <div class='ocr_carea' id='block_1_102' title="bbox 222 5375 1818 5452">
    <p class='ocr_par' dir='ltr' id='par_1_102' title="bbox 222 5375 1818 5452">
     <span class='ocr_line' id='line_1_102' title="bbox 222 5375 1818 5452; baseline 0.001 -18"><span class='ocrx_word' id='word_1_802' title='bbox 222 5381 431 5448; x_wconf 48' lang='grc' dir='ltr'>ἔφασκε</span> <span class='ocrx_word' id='word_1_803' title='bbox 459 5397 473 5410; x_wconf 89' lang='grc'><strong>·</strong></span> <span class='ocrx_word' id='word_1_804' title='bbox 513 5399 532 5432; x_wconf 87' lang='grc' dir='ltr'><strong>ι</strong></span> <span class='ocrx_word' id='word_1_805' title='bbox 564 5380 644 5433; x_wconf 84' lang='grc' dir='ltr'><strong>Τὰ</strong></span> <span class='ocrx_word' id='word_1_806' title='bbox 675 5380 898 5451; x_wconf 77' lang='grc' dir='ltr'>ῥήματα</span> <span class='ocrx_word' id='word_1_807' title='bbox 929 5379 966 5433; x_wconf 80' lang='grc' dir='ltr'><strong>δι</strong></span> <span class='ocrx_word' id='word_1_808' title='bbox 995 5379 1105 5447; x_wconf 73' lang='grc' dir='ltr'><strong>ἐγὼ</strong></span> <span class='ocrx_word' id='word_1_809' title='bbox 1137 5375 1305 5443; x_wconf 75' lang='grc' dir='ltr'>λαλῶ,</span> <span class='ocrx_word' id='word_1_810' title='bbox 1355 5381 1454 5434; x_wconf 80' lang='grc' dir='ltr'><strong>οὐκ</strong></span> <span class='ocrx_word' id='word_1_811' title='bbox 1493 5381 1642 5434; x_wconf 76' lang='grc' dir='ltr'>ἔστιν</span> <span class='ocrx_word' id='word_1_812' title='bbox 1687 5382 1818 5452; x_wconf 78' lang='grc' dir='ltr'>ἐμὰ,</span> 
     </span>
    </p>
   </div>
   <div class='ocr_carea' id='block_1_103' title="bbox 223 5469 1820 5540">
    <p class='ocr_par' dir='ltr' id='par_1_103' title="bbox 223 5469 1820 5540">
     <span class='ocr_line' id='line_1_103' title="bbox 223 5469 1820 5540; baseline 0.003 -18"><span class='ocrx_word' id='word_1_813' title='bbox 223 5471 359 5526; x_wconf 75' lang='grc' dir='ltr'>ἀλλὰ</span> <span class='ocrx_word' id='word_1_814' title='bbox 416 5470 516 5524; x_wconf 76' lang='grc' dir='ltr'>τοῦ</span> <span class='ocrx_word' id='word_1_815' title='bbox 579 5469 896 5540; x_wconf 73' lang='grc' dir='ltr'>πέμψαντός</span> <span class='ocrx_word' id='word_1_816' title='bbox 964 5486 1050 5540; x_wconf 88' lang='grc' dir='ltr'>με.</span> <span class='ocrx_word' id='word_1_817' title='bbox 1093 5490 1112 5521; x_wconf 68' lang='grc' dir='ltr'><strong>ι</strong></span> <span class='ocrx_word' id='word_1_818' title='bbox 1174 5469 1284 5524; x_wconf 72' lang='grc' dir='ltr'>Καὶ</span> <span class='ocrx_word' id='word_1_819' title='bbox 1352 5471 1515 5526; x_wconf 83' lang='grc' dir='ltr'>πάλιν</span> <span class='ocrx_word' id='word_1_820' title='bbox 1542 5490 1554 5502; x_wconf 93' lang='grc'><strong>·</strong></span> <span class='ocrx_word' id='word_1_821' title='bbox 1629 5491 1646 5524; x_wconf 84' lang='grc' dir='ltr'><strong>ι</strong></span> <span class='ocrx_word' id='word_1_822' title='bbox 1698 5475 1820 5526; x_wconf 75' lang='grc' dir='ltr'><strong>Ἀπ’</strong></span> 
     </span>
    </p>
   </div>
   <div class='ocr_carea' id='block_1_104' title="bbox 226 5561 1820 5634">
    <p class='ocr_par' dir='ltr' id='par_1_104' title="bbox 226 5561 1820 5634">
     <span class='ocr_line' id='line_1_104' title="bbox 226 5561 1820 5634; baseline 0.002 -19"><span class='ocrx_word' id='word_1_823' title='bbox 226 5562 468 5633; x_wconf 58' lang='grc' dir='ltr'>ἐμαυτοῦ</span> <span class='ocrx_word' id='word_1_824' title='bbox 515 5563 581 5616; x_wconf 86' lang='grc' dir='ltr'><strong>οὐ</strong></span> <span class='ocrx_word' id='word_1_825' title='bbox 633 5561 800 5625; x_wconf 86' lang='grc' dir='ltr'>λαλῶ,</span> <span class='ocrx_word' id='word_1_826' title='bbox 845 5561 963 5615; x_wconf 82' lang='grc' dir='ltr'>ἀλλ’</span> <span class='ocrx_word' id='word_1_827' title='bbox 1009 5563 1037 5614; x_wconf 86' lang='grc' dir='ltr'><strong>ό</strong></span> <span class='ocrx_word' id='word_1_828' title='bbox 1083 5561 1309 5631; x_wconf 57' lang='grc' dir='ltr'>πέμψας</span> <span class='ocrx_word' id='word_1_829' title='bbox 1365 5581 1429 5631; x_wconf 89' lang='grc' dir='ltr'><strong>με</strong></span> <span class='ocrx_word' id='word_1_830' title='bbox 1466 5563 1685 5634; x_wconf 85' lang='grc' dir='ltr'>Πατὴρ,</span> <span class='ocrx_word' id='word_1_831' title='bbox 1723 5567 1820 5618; x_wconf 83' lang='grc' dir='ltr'>αύ-</span> 
     </span>
    </p>
   </div>
   <div class='ocr_carea' id='block_1_105' title="bbox 226 5653 1811 5726">
    <p class='ocr_par' dir='ltr' id='par_1_105' title="bbox 226 5653 1811 5726">
     <span class='ocr_line' id='line_1_105' title="bbox 226 5653 1811 5726; baseline 0.002 -20"><span class='ocrx_word' id='word_1_832' title='bbox 226 5653 312 5716; x_wconf 76' lang='grc' dir='ltr'><strong>τός</strong></span> <span class='ocrx_word' id='word_1_833' title='bbox 368 5671 462 5724; x_wconf 87' lang='grc' dir='ltr'><strong>μοι</strong></span> <span class='ocrx_word' id='word_1_834' title='bbox 495 5653 717 5724; x_wconf 73' lang='grc' dir='ltr'>ἐντολὴν</span> <span class='ocrx_word' id='word_1_835' title='bbox 744 5653 946 5707; x_wconf 79' lang='grc' dir='ltr'>δέδωκε</span> <span class='ocrx_word' id='word_1_836' title='bbox 1013 5653 1066 5704; x_wconf 80' lang='grc' dir='ltr'><strong>τί</strong></span> <span class='ocrx_word' id='word_1_837' title='bbox 1124 5655 1262 5707; x_wconf 76' lang='grc' dir='ltr'>εἴπω</span> <span class='ocrx_word' id='word_1_838' title='bbox 1312 5657 1406 5706; x_wconf 69' lang='grc' dir='ltr'>καὶ</span> <span class='ocrx_word' id='word_1_839' title='bbox 1461 5656 1512 5705; x_wconf 73' lang='grc' dir='ltr'><strong>τί</strong></span> <span class='ocrx_word' id='word_1_840' title='bbox 1572 5655 1811 5726; x_wconf 65' lang='grc' dir='ltr'>λαλήσω.</span> 
     </span>
    </p>
   </div>
   <div class='ocr_carea' id='block_1_106' title="bbox 297 5767 1836 5847">
    <p class='ocr_par' dir='ltr' id='par_1_106' title="bbox 297 5767 1826 5847">
     <span class='ocr_line' id='line_1_106' title="bbox 297 5767 1826 5847; baseline 0.004 -25"><span class='ocrx_word' id='word_1_841' title='bbox 297 5768 339 5847; x_wconf 79' lang='lat'><strong>&#39;_’</strong></span> <span class='ocrx_word' id='word_1_842' title='bbox 366 5767 472 5824; x_wconf 84' lang='lat' dir='ltr'><strong>Isa.</strong></span> <span class='ocrx_word' id='word_1_843' title='bbox 500 5783 624 5828; x_wconf 65' lang='grc' dir='ltr'>ων.</span> <span class='ocrx_word' id='word_1_844' title='bbox 838 5769 880 5797; x_wconf 67' lang='grc'><strong>’³⁸⁵</strong></span> <span class='ocrx_word' id='word_1_845' title='bbox 915 5767 1035 5823; x_wconf 75' lang='lat' dir='ltr'><strong>l‘sai</strong></span> <span class='ocrx_word' id='word_1_846' title='bbox 1095 5784 1290 5835; x_wconf 74' lang='lat' dir='ltr'><strong>xxxiii,</strong></span> <span class='ocrx_word' id='word_1_847' title='bbox 1330 5769 1408 5822; x_wconf 72' lang='grc' dir='ltr'><strong>ιδ.</strong></span> <span class='ocrx_word' id='word_1_848' title='bbox 1481 5771 1528 5817; x_wconf 60' lang='lat'><strong>1&#39;&quot;</strong></span> <span class='ocrx_word' id='word_1_849' title='bbox 1570 5770 1760 5826; x_wconf 74' lang='lat' dir='ltr'><strong>Matth.</strong></span> <span class='ocrx_word' id='word_1_850' title='bbox 1799 5792 1826 5829; x_wconf 86' lang='lat' dir='ltr'><strong>v</strong></span> 
     </span>
    </p>
   </div>
   <div class='ocr_carea' id='block_1_107' title="bbox 1941 5767 2517 5847">
    <p class='ocr_par' dir='ltr' id='par_1_107' title="bbox 1941 5775 2517 5843">
     <span class='ocr_line' id='line_1_107' title="bbox 1941 5775 2517 5843; baseline -0.007 -11"><span class='ocrx_word' id='word_1_851' title='bbox 1941 5779 2014 5833; x_wconf 70' lang='lat'><strong>2|.</strong></span> <span class='ocrx_word' id='word_1_852' title='bbox 2093 5779 2138 5810; x_wconf 78' lang='grc'><strong>⁸⁸</strong></span> <span class='ocrx_word' id='word_1_853' title='bbox 2174 5775 2287 5832; x_wconf 77' lang='lat' dir='ltr'><strong>Jac.</strong></span> <span class='ocrx_word' id='word_1_854' title='bbox 2329 5793 2388 5843; x_wconf 86' lang='grc' dir='ltr'><strong>ιι,</strong></span> <span class='ocrx_word' id='word_1_855' title='bbox 2429 5776 2517 5830; x_wconf 70' lang='grc'><strong>20.</strong></span> 
     </span>
    </p>
   </div>
   <div class='ocr_carea' id='block_1_108' title="bbox 233 5837 747 5905">
    <p class='ocr_par' dir='ltr' id='par_1_108' title="bbox 233 5837 747 5905">
     <span class='ocr_line' id='line_1_108' title="bbox 233 5837 747 5905; baseline -0.008 -9"><span class='ocrx_word' id='word_1_856' title='bbox 233 5837 274 5870; x_wconf 71' lang='grc'><strong>⁸⁵</strong></span> <span class='ocrx_word' id='word_1_857' title='bbox 303 5837 464 5896; x_wconf 75' lang='lat' dir='ltr'><strong>Joan.</strong></span> <span class='ocrx_word' id='word_1_858' title='bbox 518 5854 618 5905; x_wconf 75' lang='lat' dir='ltr'><strong>xtl,</strong></span> <span class='ocrx_word' id='word_1_859' title='bbox 659 5838 747 5894; x_wconf 61' lang='grc' dir='ltr'>ιθ.</span> 
     </span>
    </p>
   </div>
   <div class='ocr_carea' id='block_1_109' title="bbox 1930 4644 3529 4719">
    <p class='ocr_par' dir='ltr' id='par_1_109' title="bbox 1930 4644 3529 4719">
     <span class='ocr_line' id='line_1_109' title="bbox 1930 4644 3529 4719; baseline -0.006 -11"><span class='ocrx_word' id='word_1_860' title='bbox 1930 4653 1997 4708; x_wconf 85' lang='grc' dir='ltr'>Ει</span> <span class='ocrx_word' id='word_1_861' title='bbox 2027 4668 2226 4708; x_wconf 86' lang='lat' dir='ltr'><strong>rursus</strong></span> <span class='ocrx_word' id='word_1_862' title='bbox 2254 4671 2267 4706; x_wconf 91' lang='lat'><strong>:</strong></span> <span class='ocrx_word' id='word_1_863' title='bbox 2318 4671 2338 4702; x_wconf 80' lang='grc' dir='ltr'><strong>ι</strong></span> <span class='ocrx_word' id='word_1_864' title='bbox 2375 4653 2451 4705; x_wconf 81' lang='lat' dir='ltr'><strong>Ex</strong></span> <span class='ocrx_word' id='word_1_865' title='bbox 2489 4649 2702 4719; x_wconf 88' lang='lat' dir='ltr'><strong>meipso</strong></span> <span class='ocrx_word' id='word_1_866' title='bbox 2727 4661 2835 4701; x_wconf 92' lang='lat' dir='ltr'><strong>non</strong></span> <span class='ocrx_word' id='word_1_867' title='bbox 2865 4647 3088 4714; x_wconf 89' lang='lat' dir='ltr'><strong>loquor,</strong></span> <span class='ocrx_word' id='word_1_868' title='bbox 3119 4645 3212 4700; x_wconf 84' lang='lat' dir='ltr'><strong>sed</strong></span> <span class='ocrx_word' id='word_1_869' title='bbox 3248 4645 3344 4715; x_wconf 92' lang='lat' dir='ltr'><strong>qui</strong></span> <span class='ocrx_word' id='word_1_870' title='bbox 3377 4644 3529 4700; x_wconf 90' lang='lat' dir='ltr'><strong>misit</strong></span> 
     </span>
    </p>
   </div>
   <div class='ocr_carea' id='block_1_110' title="bbox 1929 4737 3525 4816">
    <p class='ocr_par' dir='ltr' id='par_1_110' title="bbox 1929 4737 3525 4816">
     <span class='ocr_line' id='line_1_110' title="bbox 1929 4737 3525 4816; baseline -0.006 -14"><span class='ocrx_word' id='word_1_871' title='bbox 1929 4763 2016 4803; x_wconf 89' lang='lat' dir='ltr'><strong>me</strong></span> <span class='ocrx_word' id='word_1_872' title='bbox 2047 4745 2226 4811; x_wconf 82' lang='lat' dir='ltr'><strong>Pater,</strong></span> <span class='ocrx_word' id='word_1_873' title='bbox 2264 4747 2382 4816; x_wconf 85' lang='lat' dir='ltr'><strong>ipse</strong></span> <span class='ocrx_word' id='word_1_874' title='bbox 2431 4743 2566 4797; x_wconf 89' lang='lat' dir='ltr'><strong>mihi</strong></span> <span class='ocrx_word' id='word_1_875' title='bbox 2602 4741 2924 4796; x_wconf 85' lang='lat' dir='ltr'><strong>mandatum</strong></span> <span class='ocrx_word' id='word_1_876' title='bbox 2967 4739 3120 4795; x_wconf 89' lang='lat' dir='ltr'><strong>dedit</strong></span> <span class='ocrx_word' id='word_1_877' title='bbox 3157 4737 3291 4808; x_wconf 90' lang='lat' dir='ltr'><strong>quid</strong></span> <span class='ocrx_word' id='word_1_878' title='bbox 3340 4737 3525 4792; x_wconf 90' lang='lat' dir='ltr'><strong>dicam</strong></span> 
     </span>
    </p>
   </div>
   <div class='ocr_carea' id='block_1_111' title="bbox 1904 4830 3528 4908">
    <p class='ocr_par' dir='ltr' id='par_1_111' title="bbox 1904 4830 3528 4908">
     <span class='ocr_line' id='line_1_111' title="bbox 1904 4830 3528 4908; baseline -0.007 -14"><span class='ocrx_word' id='word_1_879' title='bbox 1904 4839 2138 4908; x_wconf 86' lang='lat' dir='ltr'><strong>etquid</strong></span> <span class='ocrx_word' id='word_1_880' title='bbox 2187 4839 2382 4907; x_wconf 88' lang='lat' dir='ltr'><strong>loquar</strong></span> <span class='ocrx_word' id='word_1_881' title='bbox 2405 4834 2506 4889; x_wconf 73' lang='lat' dir='ltr'><strong>&quot;.i</strong></span> <span class='ocrx_word' id='word_1_882' title='bbox 2550 4831 2708 4888; x_wconf 87' lang='lat' dir='ltr'><strong>Nunc</strong></span> <span class='ocrx_word' id='word_1_883' title='bbox 2761 4843 2968 4896; x_wconf 88' lang='lat' dir='ltr'><strong>autem,</strong></span> <span class='ocrx_word' id='word_1_884' title='bbox 3003 4831 3131 4887; x_wconf 89' lang='lat' dir='ltr'><strong>licet</strong></span> <span class='ocrx_word' id='word_1_885' title='bbox 3181 4830 3278 4885; x_wconf 92' lang='lat' dir='ltr'><strong>Dei</strong></span> <span class='ocrx_word' id='word_1_886' title='bbox 3325 4846 3388 4884; x_wconf 90' lang='lat' dir='ltr'><strong>ae</strong></span> <span class='ocrx_word' id='word_1_887' title='bbox 3423 4830 3528 4884; x_wconf 81' lang='lat' dir='ltr'><strong>Pa-</strong></span> 
     </span>
    </p>
   </div>
   <div class='ocr_carea' id='block_1_112' title="bbox 1923 4923 3526 4999">
    <p class='ocr_par' dir='ltr' id='par_1_112' title="bbox 1923 4923 3526 4999">
     <span class='ocr_line' id='line_1_112' title="bbox 1923 4923 3526 4999; baseline -0.006 -13"><span class='ocrx_word' id='word_1_888' title='bbox 1923 4931 2028 4986; x_wconf 89' lang='lat' dir='ltr'><strong>tris</strong></span> <span class='ocrx_word' id='word_1_889' title='bbox 2084 4941 2486 4999; x_wconf 84' lang='lat' dir='ltr'><strong>usquequaque</strong></span> <span class='ocrx_word' id='word_1_890' title='bbox 2536 4925 2703 4981; x_wconf 88' lang='lat' dir='ltr'><strong>verba</strong></span> <span class='ocrx_word' id='word_1_891' title='bbox 2762 4939 2891 4981; x_wconf 86' lang='lat' dir='ltr'><strong>esse</strong></span> <span class='ocrx_word' id='word_1_892' title='bbox 2941 4923 3146 4978; x_wconf 82' lang='lat' dir='ltr'><strong>dixerit</strong></span> <span class='ocrx_word' id='word_1_893' title='bbox 3178 4939 3241 4976; x_wconf 89' lang='lat' dir='ltr'><strong>ea</strong></span> <span class='ocrx_word' id='word_1_894' title='bbox 3295 4937 3418 4992; x_wconf 71' lang='lat' dir='ltr'><strong>quin</strong></span> <span class='ocrx_word' id='word_1_895' title='bbox 3459 4923 3526 4976; x_wconf 87' lang='lat' dir='ltr'><strong>ad</strong></span> 
     </span>
    </p>
   </div>
   <div class='ocr_carea' id='block_1_113' title="bbox 1931 5017 3528 5088">
    <p class='ocr_par' dir='ltr' id='par_1_113' title="bbox 1931 5017 3528 5088">
     <span class='ocr_line' id='line_1_113' title="bbox 1931 5017 3528 5088; baseline -0.005 -10"><span class='ocrx_word' id='word_1_896' title='bbox 1931 5038 2036 5079; x_wconf 87' lang='lat' dir='ltr'><strong>nos</strong></span> <span class='ocrx_word' id='word_1_897' title='bbox 2066 5021 2227 5084; x_wconf 70' lang='lat' dir='ltr'><strong>fecit,</strong></span> <span class='ocrx_word' id='word_1_898' title='bbox 2261 5035 2362 5076; x_wconf 89' lang='lat' dir='ltr'><strong>sua</strong></span> <span class='ocrx_word' id='word_1_899' title='bbox 2389 5027 2574 5074; x_wconf 88' lang='lat' dir='ltr'><strong>tamen</strong></span> <span class='ocrx_word' id='word_1_900' title='bbox 2607 5025 2884 5088; x_wconf 65' lang='lat' dir='ltr'><strong>praecepta</strong></span> <span class='ocrx_word' id='word_1_901' title='bbox 2920 5033 3046 5076; x_wconf 87' lang='lat' dir='ltr'><strong>esse</strong></span> <span class='ocrx_word' id='word_1_902' title='bbox 3077 5017 3154 5070; x_wconf 88' lang='lat' dir='ltr'><strong>ait</strong></span> <span class='ocrx_word' id='word_1_903' title='bbox 3181 5031 3528 5086; x_wconf 63' lang='lat' dir='ltr'><strong>quaecunque</strong></span> 
     </span>
    </p>
   </div>
   <div class='ocr_carea' id='block_1_114' title="bbox 1929 5108 3526 5178">
    <p class='ocr_par' dir='ltr' id='par_1_114' title="bbox 1929 5108 3526 5178">
     <span class='ocr_line' id='line_1_114' title="bbox 1929 5108 3526 5178; baseline -0.006 -12"><span class='ocrx_word' id='word_1_904' title='bbox 1929 5113 2095 5168; x_wconf 88' lang='lat' dir='ltr'><strong>nobis</strong></span> <span class='ocrx_word' id='word_1_905' title='bbox 2118 5113 2337 5166; x_wconf 85' lang='lat' dir='ltr'><strong>loeutus</strong></span> <span class='ocrx_word' id='word_1_906' title='bbox 2356 5118 2440 5164; x_wconf 88' lang='lat' dir='ltr'><strong>est</strong></span> <span class='ocrx_word' id='word_1_907' title='bbox 2467 5127 2480 5163; x_wconf 90' lang='lat'><strong>:</strong></span> <span class='ocrx_word' id='word_1_908' title='bbox 2526 5123 2707 5178; x_wconf 86' lang='lat' dir='ltr'><strong>neque</strong></span> <span class='ocrx_word' id='word_1_909' title='bbox 2732 5123 2863 5164; x_wconf 86' lang='lat' dir='ltr'><strong>vero</strong></span> <span class='ocrx_word' id='word_1_910' title='bbox 2883 5108 3179 5178; x_wconf 86' lang='lat' dir='ltr'><strong>quisquam</strong></span> <span class='ocrx_word' id='word_1_911' title='bbox 3207 5122 3353 5160; x_wconf 68' lang='lat' dir='ltr'><strong>sana:</strong></span> <span class='ocrx_word' id='word_1_912' title='bbox 3377 5121 3526 5159; x_wconf 83' lang='lat' dir='ltr'><strong>men-</strong></span> 
     </span>
    </p>
   </div>
   <div class='ocr_carea' id='block_1_115' title="bbox 1930 5198 3525 5270">
    <p class='ocr_par' dir='ltr' id='par_1_115' title="bbox 1930 5198 3525 5270">
     <span class='ocr_line' id='line_1_115' title="bbox 1930 5198 3525 5270; baseline -0.006 -11"><span class='ocrx_word' id='word_1_913' title='bbox 1930 5207 2001 5259; x_wconf 88' lang='lat' dir='ltr'><strong>tis</strong></span> <span class='ocrx_word' id='word_1_914' title='bbox 2045 5218 2172 5258; x_wconf 89' lang='lat' dir='ltr'><strong>eum</strong></span> <span class='ocrx_word' id='word_1_915' title='bbox 2219 5201 2356 5258; x_wconf 81' lang='lat' dir='ltr'><strong>falsa</strong></span> <span class='ocrx_word' id='word_1_916' title='bbox 2394 5201 2544 5270; x_wconf 86' lang='lat' dir='ltr'><strong>loqui</strong></span> <span class='ocrx_word' id='word_1_917' title='bbox 2588 5201 2825 5267; x_wconf 83' lang='lat' dir='ltr'><strong>putabit.</strong></span> <span class='ocrx_word' id='word_1_918' title='bbox 2872 5199 2986 5256; x_wconf 84' lang='lat' dir='ltr'><strong>Nec</strong></span> <span class='ocrx_word' id='word_1_919' title='bbox 3021 5201 3167 5254; x_wconf 82' lang='lat' dir='ltr'><strong>enim</strong></span> <span class='ocrx_word' id='word_1_920' title='bbox 3200 5198 3525 5252; x_wconf 88' lang='lat' dir='ltr'><strong>Christiano</strong></span> 
     </span>
    </p>
   </div>
   <div class='ocr_carea' id='block_1_116' title="bbox 1928 5288 3523 5364">
    <p class='ocr_par' dir='ltr' id='par_1_116' title="bbox 1928 5288 3523 5364">
     <span class='ocr_line' id='line_1_116' title="bbox 1928 5288 3523 5364; baseline -0.007 -14"><span class='ocrx_word' id='word_1_921' title='bbox 1928 5295 2063 5350; x_wconf 91' lang='lat' dir='ltr'><strong>illud</strong></span> <span class='ocrx_word' id='word_1_922' title='bbox 2099 5309 2338 5364; x_wconf 87' lang='lat' dir='ltr'><strong>unquam</strong></span> <span class='ocrx_word' id='word_1_923' title='bbox 2385 5291 2652 5355; x_wconf 85' lang='lat' dir='ltr'><strong>subierit;</strong></span> <span class='ocrx_word' id='word_1_924' title='bbox 2689 5292 2785 5345; x_wconf 87' lang='lat' dir='ltr'><strong>sed</strong></span> <span class='ocrx_word' id='word_1_925' title='bbox 2824 5305 2950 5346; x_wconf 89' lang='lat' dir='ltr'><strong>vere</strong></span> <span class='ocrx_word' id='word_1_926' title='bbox 2983 5290 3251 5360; x_wconf 88' lang='lat' dir='ltr'><strong>loquitur,</strong></span> <span class='ocrx_word' id='word_1_927' title='bbox 3285 5288 3523 5342; x_wconf 79' lang='lat' dir='ltr'><strong>maxime</strong></span> 
     </span>
    </p>
   </div>
   <div class='ocr_carea' id='block_1_117' title="bbox 1929 5379 3520 5457">
    <p class='ocr_par' dir='ltr' id='par_1_117' title="bbox 1929 5379 3520 5457">
     <span class='ocr_line' id='line_1_117' title="bbox 1929 5379 3520 5457; baseline -0.007 -14"><span class='ocrx_word' id='word_1_928' title='bbox 1929 5403 2056 5443; x_wconf 89' lang='lat' dir='ltr'><strong>cum</strong></span> <span class='ocrx_word' id='word_1_929' title='bbox 2091 5396 2144 5443; x_wconf 89' lang='lat' dir='ltr'><strong>et</strong></span> <span class='ocrx_word' id='word_1_930' title='bbox 2185 5388 2301 5457; x_wconf 90' lang='lat' dir='ltr'><strong>ipse</strong></span> <span class='ocrx_word' id='word_1_931' title='bbox 2337 5385 2542 5440; x_wconf 80' lang='lat' dir='ltr'><strong>veritas</strong></span> <span class='ocrx_word' id='word_1_932' title='bbox 2575 5383 2668 5436; x_wconf 86' lang='lat' dir='ltr'><strong>sit.</strong></span> <span class='ocrx_word' id='word_1_933' title='bbox 2703 5383 2820 5438; x_wconf 85' lang='lat' dir='ltr'><strong>Non</strong></span> <span class='ocrx_word' id='word_1_934' title='bbox 2855 5385 3000 5437; x_wconf 88' lang='lat' dir='ltr'><strong>enim</strong></span> <span class='ocrx_word' id='word_1_935' title='bbox 3040 5389 3099 5436; x_wconf 90' lang='lat' dir='ltr'><strong>ut</strong></span> <span class='ocrx_word' id='word_1_936' title='bbox 3129 5379 3520 5452; x_wconf 86' lang='lat' dir='ltr'><strong>prophetarum</strong></span> 
     </span>
    </p>
   </div>
   <div class='ocr_carea' id='block_1_118' title="bbox 1929 5471 3521 5533">
    <p class='ocr_par' dir='ltr' id='par_1_118' title="bbox 1929 5471 3521 5533">
     <span class='ocr_line' id='line_1_118' title="bbox 1929 5471 3521 5533; baseline -0.003 -2"><span class='ocrx_word' id='word_1_937' title='bbox 1929 5495 2076 5533; x_wconf 90' lang='lat' dir='ltr'><strong>unus</strong></span> <span class='ocrx_word' id='word_1_938' title='bbox 2122 5477 2362 5532; x_wconf 84' lang='lat' dir='ltr'><strong>ministri</strong></span> <span class='ocrx_word' id='word_1_939' title='bbox 2418 5485 2512 5531; x_wconf 87' lang='lat' dir='ltr'><strong>aut</strong></span> <span class='ocrx_word' id='word_1_940' title='bbox 2547 5475 2734 5529; x_wconf 81' lang='lat' dir='ltr'><strong>l&#39;mnuli</strong></span> <span class='ocrx_word' id='word_1_941' title='bbox 2810 5475 2931 5530; x_wconf 85' lang='lat' dir='ltr'><strong>loco</strong></span> <span class='ocrx_word' id='word_1_942' title='bbox 2964 5487 3272 5528; x_wconf 88' lang='lat' dir='ltr'><strong>sermonem</strong></span> <span class='ocrx_word' id='word_1_943' title='bbox 3305 5471 3463 5526; x_wconf 87' lang='lat' dir='ltr'><strong>nobis</strong></span> <span class='ocrx_word' id='word_1_944' title='bbox 3490 5489 3521 5527; x_wconf 84' lang='lat' dir='ltr'><strong>a</strong></span> 
     </span>
    </p>
   </div>
   <div class='ocr_carea' id='block_1_119' title="bbox 1930 5565 3522 5636">
    <p class='ocr_par' dir='ltr' id='par_1_119' title="bbox 1930 5565 3522 5636">
     <span class='ocr_line' id='line_1_119' title="bbox 1930 5565 3522 5636; baseline -0.002 -14"><span class='ocrx_word' id='word_1_945' title='bbox 1930 5570 2092 5625; x_wconf 87' lang='lat' dir='ltr'><strong>Patre</strong></span> <span class='ocrx_word' id='word_1_946' title='bbox 2135 5569 2332 5624; x_wconf 86' lang='lat' dir='ltr'><strong>detulit</strong></span> <span class='ocrx_word' id='word_1_947' title='bbox 2359 5609 2372 5631; x_wconf 87' lang='lat'><strong>,</strong></span> <span class='ocrx_word' id='word_1_948' title='bbox 2429 5569 2525 5622; x_wconf 82' lang='lat' dir='ltr'><strong>sed</strong></span> <span class='ocrx_word' id='word_1_949' title='bbox 2564 5567 2748 5636; x_wconf 87' lang='lat' dir='ltr'><strong>utqui</strong></span> <span class='ocrx_word' id='word_1_950' title='bbox 2790 5582 2916 5620; x_wconf 90' lang='lat' dir='ltr'><strong>eum</strong></span> <span class='ocrx_word' id='word_1_951' title='bbox 2957 5565 3078 5635; x_wconf 89' lang='lat' dir='ltr'><strong>ipso</strong></span> <span class='ocrx_word' id='word_1_952' title='bbox 3115 5571 3320 5618; x_wconf 83' lang='lat' dir='ltr'><strong>tantam</strong></span> <span class='ocrx_word' id='word_1_953' title='bbox 3357 5565 3522 5619; x_wconf 75' lang='lat' dir='ltr'><strong>habet</strong></span> 
     </span>
    </p>
   </div>
   <div class='ocr_carea' id='block_1_120' title="bbox 1929 5656 3519 5728">
    <p class='ocr_par' dir='ltr' id='par_1_120' title="bbox 1929 5656 3519 5728">
     <span class='ocr_line' id='line_1_120' title="bbox 1929 5656 3519 5728; baseline -0.005 -10"><span class='ocrx_word' id='word_1_954' title='bbox 1929 5663 2372 5728; x_wconf 78' lang='lat' dir='ltr'><strong>similitttdinmn,</strong></span> <span class='ocrx_word' id='word_1_955' title='bbox 2402 5670 2460 5715; x_wconf 91' lang='lat' dir='ltr'><strong>ut</strong></span> <span class='ocrx_word' id='word_1_956' title='bbox 2495 5677 2562 5717; x_wconf 86' lang='lat' dir='ltr'><strong>ne</strong></span> <span class='ocrx_word' id='word_1_957' title='bbox 2603 5661 2770 5715; x_wconf 83' lang='lat' dir='ltr'><strong>verbo</strong></span> <span class='ocrx_word' id='word_1_958' title='bbox 2792 5656 3012 5728; x_wconf 86' lang='lat' dir='ltr'><strong>quidem</strong></span> <span class='ocrx_word' id='word_1_959' title='bbox 3047 5657 3368 5726; x_wconf 80' lang='lat' dir='ltr'><strong>discrepare</strong></span> <span class='ocrx_word' id='word_1_960' title='bbox 3397 5672 3519 5712; x_wconf 85' lang='lat' dir='ltr'><strong>cer-</strong></span> 
     </span>
    </p>
   </div>
   <div class='ocr_carea' id='block_1_121' title="bbox 2603 5754 3518 5837">
    <p class='ocr_par' dir='ltr' id='par_1_121' title="bbox 2603 5754 3518 5837">
     <span class='ocr_line' id='line_1_121' title="bbox 2603 5754 3518 5837; baseline -0.002 -8"><span class='ocrx_word' id='word_1_961' title='bbox 2603 5775 2643 5805; x_wconf 59' lang='lat'>”</span> <span class='ocrx_word' id='word_1_962' title='bbox 2671 5773 2809 5829; x_wconf 83' lang='lat' dir='ltr'><strong>ibid.</strong></span> <span class='ocrx_word' id='word_1_963' title='bbox 2849 5773 2930 5827; x_wconf 73' lang='grc' dir='ltr'><strong>ιε).</strong></span> <span class='ocrx_word' id='word_1_964' title='bbox 3013 5754 3055 5818; x_wconf 65' lang='grc' dir='ltr'>ν·</span> <span class='ocrx_word' id='word_1_965' title='bbox 3089 5770 3252 5827; x_wconf 74' lang='lat' dir='ltr'><strong>.loan.</strong></span> <span class='ocrx_word' id='word_1_966' title='bbox 3285 5787 3396 5837; x_wconf 69' lang='lat' dir='ltr'><strong>xxv,</strong></span> <span class='ocrx_word' id='word_1_967' title='bbox 3436 5772 3518 5827; x_wconf 76' lang='grc' dir='ltr'><strong>ιθ.</strong></span> 
     </span>
    </p>
   </div>
  </div>
