4006 6438
499 381 611 440 255

1548 379 1607 436 S.
1648 377 1923 435 CYRELLI
1954 376 2433 434 ALEXANDRINI
2469 374 2791 431 ARClllEP.

3657 388 3748 448 256

499 512 668 559 natur
695 545 710 568 ,
754 500 850 557 sed
880 500 955 555 ita
984 508 1177 556 natura
1208 499 1472 571 loquatur
1497 502 1643 556 sicut
1682 509 1738 556 et
1775 500 1893 571 ipse
1931 497 2086 555 Pater

2195 501 2334 555 Νυνί
2362 500 2418 554 δὲ
2464 499 2528 572 δὴ
2562 498 2747 559 πάλιν,
2782 497 2956 550 καίτοι
2987 495 3078 550 τοῦ
3123 497 3259 553 Θεοῦ
3296 499 3388 553 καὶ
3418 501 3617 575 Πατρὸς
3652 506 3749 562 ἄνω

504 599 768 668 loquitur.
799 596 1067 651 ldentitas
1091 594 1296 664 quippe
1329 591 1656 647 substantiae
1686 606 1790 647 nos
1821 591 1992 662 adigit
2032 598 2094 646 ut

502 687 798 743 credamus
825 684 1014 741 eadem
1051 683 1199 753 loqui
1235 698 1363 737 cum
1389 681 1649 736 Genitore
1690 678 1916 735 Filium.
1951 679 2090 735 Cum

502 788 683 834 autem
727 777 800 833 sit
842 777 961 847 ipse
1000 774 1239 831 Verbum
1274 783 1327 830 et
1361 773 1645 843 Sapientia
1681 786 1746 827 ac
1778 771 1875 828 Dei
1907 770 2091 827 Patris

503 871 786 934 voluntas,
817 869 893 923 ait
925 884 987 924 se
1018 866 1337 921 mandatum
1374 865 1658 935 accepisse
1689 865 1824 936 quid
1858 865 2004 920 dicat
2037 874 2091 921 et

502 962 635 1027 quid
684 962 964 1031 loquatur.
1006 957 1141 1012 Nam
1193 965 1247 1013 et
1292 972 1396 1013 nos
1436 957 1540 1027 ipsi
1573 964 1822 1012 nostram
1853 956 2090 1028 quisque

502 1064 739 1109 mentem
762 1093 778 1117 ,
819 1053 992 1107 verbo
1030 1051 1377 1105 cnuntiativo
1414 1048 1562 1105 foras
1594 1048 1930 1118 erumpenti,
1963 1063 2090 1119 pro-

502 1146 794 1216 pemodum
823 1144 1020 1214 jubere
1052 1143 1304 1198 videmus
1337 1149 1398 1195 ut
1425 1156 1549 1212 quae
1576 1141 1632 1196 in
1661 1155 1725 1196 ea
1756 1148 1888 1195 sunt
1915 1140 2090 1209 expli-

504 1244 609 1291 cet.
644 1234 974 1306 Quanquam
1026 1235 1220 1303 jejuna
1270 1233 1495 1304 quidem
1545 1240 1631 1288 est
1673 1232 1822 1286 illius
1851 1231 2089 1300 exempli

501 1328 585 1381 vis
610 1335 664 1380 et
687 1327 827 1381 ratio
856 1325 923 1379 ad
949 1325 1118 1381 Deum
1153 1327 1323 1381 relata
1346 1344 1360 1380 :
1389 1333 1767 1380 verumtamen
1794 1323 2091 1395 imaginem

502 1434 531 1473 a
566 1419 723 1474 nobis
749 1419 814 1472 ad
844 1418 1377 1474 demonstrationem
1407 1432 1601 1473 eorum
1633 1432 1755 1487 quae
1783 1431 1955 1486 supra
1987 1431 2091 1471 nos

502 1517 630 1563 sunt
662 1510 945 1581 capientes
966 1551 979 1572 ,
1013 1518 1271 1579 tanquam
1300 1510 1356 1563 in
1384 1509 1610 1578 speculo
1642 1517 1698 1564 et
1732 1510 1787 1562 in
1822 1508 2090 1578 aanigma-
2137 1548 2141 1553 .

500 1608 554 1655 te
584 1601 665 1665 *⁸,
707 1600 893 1656 divina
921 1601 1184 1672 mysteria
1221 1599 1409 1653 animo
1443 1598 1991 1668 comprehendimus.

2199 609 2261 646 τε
2305 593 2399 646 καί
2431 592 2584 646 κάτω
2627 592 2756 654 τούς
2799 589 2995 658 λόγους
3040 586 3178 643 εἶναι
3225 590 3632 663 διωμολογηκὼς
3670 598 3749 662 οὓς

2198 685 2493 756 ἐποιήσατο
2543 683 2680 756 πρὸς
2732 685 2908 754 ἡμᾶς,
2961 683 3099 745 ἰδίας
3145 683 3370 747 ἐντολὰς
3420 680 3552 739 εἷναί
3605 707 3749 758 φησιν

2201 775 2342 847 ἅπερ
2371 777 2504 845 ἡμῖν
2534 774 2800 845 λελάληκε
2823 792 2837 805 ε
2887 774 2982 828 καί
3006 776 3066 827 οὐ
3101 774 3164 845 δή
3200 792 3283 835 τις
3313 775 3471 829 αὐτὸν
3495 778 3612 830 νοῦν
3632 781 3751 850 ἔχων

2198 867 2441 938 οἰήσεται
2483 865 2865 938 ψευδομυθείν.
2909 866 3003 937 Μὴ
3041 866 3153 938 γὰρ
3180 866 3413 919 εἰσέλθοι
3452 868 3602 923 τοῦτο
3633 872 3749 943 Χρι-

2198 955 2411 1009 στιανόν
2437 972 2451 985 ο
2514 954 2804 1027 ἀληθεύσει
2859 954 2916 1007 δὲ
2967 955 3163 1015 πάλιν,
3225 955 3320 1008 ἆτε
3366 952 3431 1025 δὴ
3478 957 3569 1008 καὶ
3610 958 3751 1023 αὐτὸς

2197 1047 2515 1119 ὐπάρχωνή
2543 1047 2787 1119 ἀλήθεια.
2821 1049 2898 1101 Οὐ
2928 1049 3034 1119 γὰρ
3069 1047 3191 1102 καθ’
3220 1047 3318 1101 ἕνα
3345 1047 3452 1101 τῶν
3484 1051 3752 1120 προφητῶν

2194 1139 2271 1204 ὡς
2302 1142 2359 1193 ἐν
2384 1140 2633 1194 διακόνου
2657 1140 2809 1206 τάξει
2837 1142 2932 1194 καὶ
2965 1140 3242 1211 ὑπηρέτου
3265 1140 3356 1194 τὸν
3386 1143 3533 1214 παρά
3561 1144 3751 1213 Πατρὶς

2196 1233 2328 1301 ἡμῖν
2370 1231 2766 1304 διεπόρθμευσε
2791 1231 2973 1301 λόγον,
3009 1233 3123 1286 ἀλλ’
3164 1233 3238 1296 ὡς
3286 1232 3425 1304 ἔχων
3455 1234 3585 1304 πρὸς
3611 1233 3753 1288 αὐτὸν

2192 1323 2293 1394 τὴν
2340 1324 2642 1394 ἐμφέρειαν
2692 1325 2768 1386 ὡς
2819 1324 2958 1395 μηδὲ
3001 1325 3147 1395 λόγῳ
3193 1326 3352 1397 τυχὸν
3397 1327 3619 1398 ὁρᾶσθαι
3659 1328 3759 1382 διά-

2193 1431 2381 1486 φορον,
2424 1416 2539 1469 ἀλλ’
2573 1414 2716 1468 οὐτω
2760 1417 3065 1485 πεφυκέναι
3113 1417 3320 1475 λαλεῖν,
3346 1417 3533 1488 ὥσπερ
3572 1418 3633 1472 ἂν
3674 1407 3760 1472 καὶ

2190 1505 2354 1564 αὐτὸς
2380 1507 2409 1559 ό
2442 1506 2632 1577 Πατὴρ
2679 1507 2842 1578 τυχὸν
2893 1508 3216 1577 διαλέγοιτο.
3277 1506 3352 1561 Τὸ
3384 1508 3492 1579 γὰρ
3536 1509 3761 1577 ἀπαράλ-

2190 1597 2389 1651 λακτον
2432 1598 2533 1665 τῆς
2575 1599 2765 1663 οὐσίας
2812 1601 2908 1653 καὶ
2963 1600 3313 1670 ταυτολογεϊν
3374 1602 3651 1655 ἀναπείθει
3696 1602 3764 1671 τῷ

500 1692 822 1763 γεννήσαντι
872 1692 964 1745 τὸν
1014 1692 1161 1746 Υἰόν.
1221 1690 1311 1755 Ὠς
1358 1690 1416 1744 δὲ
1457 1690 1628 1758 Λόγος
1675 1687 1750 1743 ὢν
1784 1689 1948 1753 αὐτὸς
1993 1690 2086 1743 καὶ
2127 1690 2292 1760 σοφία
2338 1690 2432 1744 καὶ
2475 1690 2729 1763 βούλησις
2775 1691 2871 1745 τοῦ
2904 1692 3041 1744 Θεοῦ
3070 1692 3167 1745 καὶ
3237 1693 3476 1764 Πατρὸς,
3542 1692 3766 1764 δεδέχθαι

499 1789 666 1856 φησὶν
713 1787 930 1858 ἐντολὴν
985 1788 1039 1840 τί
1082 1786 1215 1861 εἴπῃ
1258 1786 1355 1839 καὶ
1399 1785 1452 1839 τί
1494 1785 1740 1855 λαλήσει.
1804 1783 1957 1837 Ἐπεὶ
1994 1786 2088 1838 καὶ
2126 1787 2287 1857 ἡμεῖς
2318 1786 2472 1840 αὐτοὶ
2503 1786 2593 1840 τὸν
2620 1788 2820 1840 οἰκεῖον
2849 1786 3073 1840 ἕκαστοι
3102 1784 3249 1846 νοῦν,
3317 1785 3397 1856 τῷ
3447 1786 3586 1840 κατά
3647 1802 3764 1857 προ-

499 1883 672 1952 φορὰν
700 1884 801 1954 τὴν
840 1882 927 1935 διὰ
962 1880 1223 1953 ῥημάτων
1252 1880 1419 1952 λόγῳ,
1455 1880 1736 1951 μονονουχὶ
1775 1880 1868 1932 καὶ
1911 1881 2287 1952 ἐντελλόμενον
2320 1881 2590 1951 βλέπομεν
2633 1879 2771 1954 πρὸς
2840 1879 2895 1934 τὸ
2964 1879 3065 1945 ἔξω
3131 1879 3399 1949 βαδίζοντι
3472 1877 3771 1949 διερμηνεῦ-

500 1992 589 2029 σαι
617 1976 684 2029 τά
710 1977 769 2029 ὲν
800 1977 970 2048 αὐτῷ.
1007 1977 1124 2029 Καὶ
1156 1977 1329 2047 μικρᾷ
1360 1975 1473 2048 [γρ.
1511 1976 1705 2048 μικρὰ]
1738 1976 1835 2046 μὲν
1857 1977 1933 2041 ὡς
1995 1978 2132 2049 πρὸς
2166 1978 2300 2031 Θεὸν
2365 1980 2398 2049 ἡ
2431 1979 2525 2031 τοῦ
2573 1976 3018 2050 παραδείγματος
3048 1976 3299 2047 δύναμις,
3340 1975 3523 2029 εἰκόνα
3558 1975 3612 2028 δὲ
3639 1975 3769 2044 ὅμως

495 2070 594 2139 τὴν
643 2072 700 2123 ἐν
748 2072 861 2133 τοῖς
917 2068 1039 2122 καθ’
1087 2071 1258 2139 ἡμᾶς,
1309 2071 1389 2132 εἰς
1431 2070 1531 2141 τὴν
1578 2070 1688 2123 τῶν
1728 2070 1869 2142 ὑπὲρ
1918 2069 2092 2123 ταῦτα
2132 2069 2509 2142 πληροφορίαν
2542 2070 2845 2142 δεχόμενοι,
2891 2067 3145 2140 καθάπερ
3174 2069 3233 2121 ὲν
3263 2068 3514 2140 ἐσόπτρῳ
3577 2067 3666 2121 καὶ
3720 2065 3768 2124 ἐν

494 2161 800 2231 αἰνίγματι,
828 2160 899 2214 τά
924 2159 1044 2213 θεῖα
1070 2159 1302 2231 νοοῦμεν
1338 2163 1636 2234 μυστήρια.

565 2252 707 2317 XIV,
735 2253 824 2319 16,
858 2254 943 2308 17.
990 2253 1056 2305 Et
1084 2270 1177 2323 ego
1206 2232 1399 2324 rogabo
1430 2232 1668 2320 Patrem,
1700 2264 1749 2309 et
1779 2255 1944 2309 alium
1975 2255 2077 2310 Pa-

2250 2256 2423 2327 Κάγὼ
2478 2249 2757 2322 ἐρωτήσω
2788 2251 2898 2305 τὸν
2949 2249 3202 2319 Πατέρα,
3237 2249 3340 2304 καί
3372 2232 3569 2305 ἄλλον
3590 2253 3769 2321 Παρὰ-

494 2345 753 2399 racletum
782 2345 933 2399 dabit
974 2345 1153 2410 vobis,
1188 2355 1248 2399 ut
1287 2358 1499 2399 maneat
1533 2348 1799 2401 vobiscum
1838 2349 1893 2401 in
1925 2359 2082 2402 ωιτν-

493 2444 654 2498 rium,
688 2435 948 2505 Spiritum
986 2438 1246 2503 veritatis,
1284 2454 1438 2507 quem
1481 2437 1711 2492 mundus
1761 2455 1867 2493 non
1913 2450 2080 2507 potest

493 2530 749 2598 accipere,
772 2530 897 2599 quia
920 2547 1022 2584 non
1048 2529 1183 2584 videt
1210 2546 1352 2593 eum,
1380 2547 1472 2584 nec
1494 2530 1591 2584 scit
1620 2547 1771 2584 eum:
1792 2548 1878 2587 vos
1907 2542 2083 2585 autem

492 2624 805 2692 cognoscitis
833 2640 951 2677 eum
971 2667 985 2690 ,
1021 2624 1148 2693 quia
1183 2622 1323 2693 apud
1350 2639 1440 2677 vos
1473 2623 1742 2688 manebit,
1774 2635 1823 2677 et
1853 2625 1907 2677 in
1940 2624 2083 2679 vobis

489 2715 614 2767 erit.

563 2801 756 2858 Miscet
790 2819 988 2859 rursus
1017 2804 1211 2859 divino
1248 2803 1553 2859 humanum
1581 2845 1594 2867 ,
1644 2820 1747 2861 nec
1782 2806 1848 2860 ad
1888 2820 2082 2876 puram

491 2895 714 2951 diritatis
746 2894 979 2965 gloriam
1019 2897 1338 2963 revertitur,
1377 2913 1557 2968 neque
1589 2898 1733 2951 intra
1768 2899 2083 2952 humanita-

491 2987 563 3042 tis
612 2989 836 3041 modum
886 3003 1119 3057 prorsus
1158 2994 1443 3053 versatur,
1493 2987 1587 3043 sed
1645 3002 1743 3057 per
1788 2996 2086 3058 utrumque

489 3086 657 3138 ntrat,
680 3077 849 3147 809
876 3078 1207 3132 mirabiliter
1240 3077 1481 3132 simulet
1509 3078 1737 3141 mistim,
1775 3080 1902 3148 quia
1929 3079 2087 3133 nimi-

490 3181 613 3221 rum
658 3166 802 3220 idem
852 3174 936 3222 est
970 3165 1114 3222 Deus
1149 3176 1203 3221 et
1241 3167 1426 3221 homo.
1463 3168 1677 3237 Quippe
1708 3175 1903 3222 natura
1940 3169 2084 3226 Deus

478 3264 616 3320 .est,
657 3260 1041 3326 quatenus'ex
1092 3258 1254 3311 Patre
1298 3257 1517 3314 fructus
1558 3270 1612 3314 et
1652 3261 1916 3329 splendor
1961 3261 2085 3317 sub.

491 3347 714 3404 stantiaa
755 3348 882 3417 ejus
927 3356 1061 3403 est:
1106 3349 1273 3404 homo
1323 3359 1506 3405 autem
1543 3366 1772 3415 rursus,
1809 3361 2084 3422 quatenus

492 3439 672 3494 factus
706 3446 793 3495 est
826 3455 977 3494 caro.
1031 3440 1307 3510 Loquitur
1353 3458 1487 3512 ergo
1531 3450 1592 3496 ut
1636 3443 1782 3499 Deus
1825 3445 1991 3499 simul
2029 3453 2085 3501 et

490 3531 703 3586 homo:
751 3533 834 3587 sic
862 3524 1025 3587 'enim
1079 3534 1184 3588 rite
1230 3550 1454 3590 servare
1505 3536 1632 3592 licet
1675 3537 2081 3607 dispensationi

491 3638 618 3678 cum
671 3638 841 3679 carne
887 3626 1286 3682 convenientes
1334 3627 1603 3683 rationes.
1652 3628 2078 3696 Verumtamen,
2110 3605 2152 3662 Ο

490 3716 594 3770 loci
632 3717 902 3787 propositi
947 3733 1173 3773 sensum
1212 3719 1556 3789 inquirentes
1579 3760 1593 3783 ,
1625 3720 1863 3777 dicimus
1897 3720 2084 3774 Domi-

488 3824 620 3863 nmn
652 3816 908 3864 nostrum
955 3808 1047 3865 Dei
1099 3825 1163 3866 ac
1214 3810 1398 3866 Patris
1452 3814 1776 3869 necessario
1827 3814 2085 3869 intulisse

489 3900 846 3964 mentionem,
890 3901 944 3954 in
973 3900 1398 3958 aedificationem
1423 3903 1546 3958 ﬁdei
1575 3913 1632 3959 et
1657 3904 1953 3959 maximam
1986 3920 2084 3960 au-

487 3991 726 4046 ditorum
779 3992 1115 4058 utilitatem,
1174 3995 1639 4064 quemadmodum
1695 3994 1751 4049 in
1806 3995 2082 4053 sermonis

487 4100 787 4155 progressu
829 4086 1534 4155 demonstrabimusﬂuia
1564 4080 1710 4143 enim
1751 4097 1940 4159 petere
1978 4106 2081 4146 nos

482 4175 650 4246 jussit
677 4178 734 4231 iu
766 4178 989 4233 nomine
1015 4178 1139 4247 ejus
1166 4178 1212 4212 ⁸⁷
1237 4222 1252 4244 ,
1292 4189 1348 4233 et
1380 4180 1703 4235 inusitatum
1733 4182 2080 4250 precationis

487 4264 712 4319 modum
755 4265 899 4321 inter
938 4275 1141 4322 cratera
1179 4269 1524 4339 praescripsit
1549 4270 1625 4338 ⁸⁸,
1676 4272 1961 4341 pollicitus
2020 4290 2080 4330 se

484 4349 744 4427 pr'ompto
770 4357 956 4413 animo
985 4358 1243 4414 daturum
1285 4378 1408 4431 qtae
1444 4362 1680 4419 velimus
1713 4383 1726 4419 :
1767 4380 1835 4420 ne
1860 4367 2078 4422 videre-

484 4457 578 4502 tur
598 4464 695 4518 pcr
723 4448 842 4503 haec
873 4449 968 4505 Dei
1004 4466 1069 4505 ac
1095 4450 1277 4508 Patris
1306 4468 1602 4523 personam
1635 4456 1953 4522 excludere,
1980 4468 2075 4513 aut

485 4548 815 4610 potestatem
851 4544 1065 4599 sanctis
1098 4544 1372 4615 largiendi
1394 4547 1443 4601 ei
1483 4545 1781 4604 detrahere
1805 4590 1819 4614 ,
1849 4552 2074 4606 conlar-

481 4633 718 4702 gitorem
750 4650 812 4690 se
849 4634 966 4691 fore
1006 4642 1061 4691 et
1107 4636 1451 4693 Paracletum
1496 4639 1661 4694 simul
1706 4640 1866 4697 nobis
1905 4642 2070 4697 datu-

484 4740 606 4777 rum
635 4722 796 4788 dixit,
825 4726 961 4797 illud
994 4727 1323 4782 vocabulum
1360 4729 1558 4798 rogabo
1595 4747 1794 4789 rursus
1833 4734 2072 4804 subjun-

480 4830 637 4884 gcns,
670 4826 730 4870 ut
756 4817 944 4880 homo,
972 4818 1074 4872 toti
1108 4819 1309 4873 divinae
1339 4828 1392 4876 et
1423 4821 1687 4879 ineﬂ'abili
1723 4835 1936 4880 natura:
1967 4840 2066 4895 pe-

2184 2356 2414 2420 κλητον
2465 2345 2645 2400 δώσει
2693 2342 2837 2410 ὑμῖν
2866 2383 2881 2406 ,
2912 2343 3012 2396 ἵνα
3056 2336 3097 2413 ᾗ
3129 2343 3259 2411 μεθ’
3319 2342 3489 2412 ὑμῶν
3541 2346 3626 2410 εἰς
3680 2344 3773 2398 τὸν

2184 2444 2390 2505 αἰῶνα,
2428 2438 2494 2494 τὸ
2528 2422 2771 2506 Πιθεῦμα
2819 2433 2932 2502 τῆς
2981 2434 3269 2502 ἀληθείας
3303 2434 3334 2487 ὃ
3370 2436 3403 2489 ὁ
3444 2436 3668 2505 κόσμος
3711 2437 3771 2490 οὐ

2183 2536 2435 2590 δύναται
2462 2528 2691 2591 λαϐεῖν,
2709 2527 2798 2581 ὅτι
2835 2528 2907 2580 οὑ
2933 2525 3140 2593 θεωρεῖ
3172 2526 3322 2579 αὐτὸ
3350 2525 3495 2579 οὐδὲ
3516 2524 3772 2593 γινώσκει

2184 2627 2334 2681 αὐτό
2357 2642 2372 2656 ·
2426 2622 2594 2693 ὑμεῖς
2624 2621 2693 2674 δὲ
2737 2619 3059 2690 γινώσκετε
3110 2617 3283 2683 αὐτὸ,
3317 2616 3408 2672 ὅτι
3452 2620 3599 2687 παρ’
3638 2617 3765 2687 ὑμῖν

2180 2723 2372 2791 μένει,
2405 2715 2505 2771 καί
2538 2716 2607 2768 ἐν
2637 2712 2783 2783 ὑμῖν
2810 2711 3033 2793 gown:

2271 2809 2589 2881 ’Δναμίσγει
2633 2805 2794 2860 πάλιν
2839 2803 2915 2874 τῷ
2965 2802 3265 2871 θεοπρεπεῖ
3310 2804 3373 2856 τὸ
3432 2801 3773 2875 ἀνθρώπινον,

2185 2904 2279 2958 καὶ
2305 2901 2429 2955 οὐτε
2453 2898 2588 2971 πρὸς
2621 2899 2859 2969 ἄκρατον
2898 2898 3167 2967 ἁναφοιτᾷ
3194 2896 3297 2968 τῆς
3326 2895 3582 2968 θεότητος
3613 2896 3774 2961 δόξαν,

2186 2994 2310 3051 οὐτε
2348 2994 2453 3066 μὴν
2487 2974 2798 3063 ὁλοκλήρως
2833 2993 2947 3053 τοῖς
2980 2990 3082 3059 τῆς
3126 2988 3556 3061 ἀνθρωπότητος
3578 2991 3777 3061 μέτροις

2187 3085 2575 3157 ἐμφιλοχωρεῖ,
2622 3082 2841 3153 ἔρχεται
2891 3080 2949 3134 δὲ
2986 3080 3055 3133 δι’
3100 3081 3344 3150 ἀμφοῖν,
3389 3080 3704 3154 παραδόξως
3728 3096 3778 3132 τε

2186 3172 2303 3244 ἅμα
2327 3173 2423 3226 καὶ
2452 3169 2834 3240 κεκραμένως,
2857 3164 3050 3222 ὲῖιτείπε
3059 3186 3091 3240 ρ
3111 3169 3261 3221 ἐστὶν
3294 3171 3355 3224 ὲν
3371 3170 3556 3242 ταυτῷ
3585 3170 3709 3234 Θεός
3728 3185 3777 3222 τε

2186 3268 2281 3326 καὶ
2318 3264 2627 3334 ἄνθρωπος.
2659 3262 2792 3325 Θεὸς
2848 3261 2945 3332 μὲν
2974 3260 3086 3331 γὰρ
3110 3257 3181 3333 ἦν
3225 3265 3295 3335 τῇ
3330 3263 3518 3331 φύσει,
3551 3263 3780 3331 καθάπερ

2186 3360 2250 3412 ὲκ
2279 3357 2492 3427 Πατρὸς
2523 3355 2736 3427 καρπὸς
2765 3354 2860 3408 καὶ
2888 3354 3233 3424 ἀπαύγασμα
3262 3358 3367 3421 τῆς
3396 3356 3585 3419 οὐσίας
3605 3352 3775 3409 αὐτοῦ·

2186 3451 2472 3524 ἄνθρωπος
2495 3450 2553 3503 δὲ
2596 3449 2793 3517 πάλιν,
2823 3448 2960 3502 καθὸ
3017 3449 3209 3518 γέγονε
3263 3449 3430 3523 σάρξ.
3480 3451 3647 3505 Λαλεῖ
3686 3466 3783 3502 τοι-

2186 3541 2390 3612 γαροῦν
2415 3543 2491 3606 ὡς
2519 3540 2653 3605 Θεός
2674 3559 2733 3595 τε
2764 3539 2899 3612 ὁμοῦ
2931 3541 3025 3594 καὶ
3052 3541 3346 3612 ἅνθρωπος
3370 3562 3383 3575 ·
3409 3543 3559 3597 οὕτω
3589 3543 3693 3615 γὰρ
3723 3536 3783 3611 ἦν

2185 3635 2423 3706 τηρῆσαι
2464 3633 2647 3698 καλῶς
2667 3636 2731 3705 τῇ
2764 3633 2904 3704 μετὰ
2939 3635 3146 3705 σαρκὸς
3184 3636 3486 3710 οἰκονομίᾳ
3510 3639 3635 3703 τούς
3662 3635 3785 3708 πρέ-

2186 3743 2386 3789 ποντας
2417 3725 2630 3795 λόγους.
2660 3725 2808 3797 Πλὴν
2839 3726 3015 3779 ἐκεῖνό
3050 3743 3251 3795 φαμεν,
3292 3728 3396 3797 τὴν
3454 3728 3552 3782 τοῦ
3587 3746 3786 3799 προκει·

2190 3819 2350 3889 μένου
2395 3817 2782 3889 διερευνῶντες
2826 3817 3090 3889 δύναμιν,
3132 3819 3213 3873 ὅτι
3261 3821 3367 3874 καὶ
3406 3820 3555 3877 νῦνὸ
3594 3821 3787 3893 Κύριος

2185 3913 2218 3981 ἡ
2228 3910 2343 3981 μῶν
2374 3909 2690 3980 ἀναγκαίως
2718 3909 2816 3980 τὴν
2838 3909 2967 3980 περὶ
3000 3909 3092 3962 τοῦ
3125 3908 3261 3963 Θεοῦ
3288 3912 3389 3967 καὶ
3421 3913 3641 3984 Πατρὸς
3670 3915 3783 3965 εἰσ-

2184 3999 2449 4071 κεκόμικε
2508 3999 2730 4071 μνήμην
2756 4040 2770 4062 ,
2802 3999 2882 4062 εἰς
2914 3999 3206 4071 οἰκοδομὴν
3265 4002 3375 4071 τῆς
3426 4003 3668 4066 πίστεως
3703 4000 3787 4055 καὶ

2183 4094 2263 4157 εἰς
2295 4093 2354 4145 τὸ
2388 4091 2594 4165 σφόδρα
2630 4090 2908 4155 λυσιτελὲς
2941 4093 3055 4156 τοῖς
3099 4092 3507 4165 ἀκροωμένοις,
3546 4096 3786 4166 καθάπερ

2182 4184 2455 4250 ἀποδείξει
2496 4184 2701 4257 προῖὼν
2735 4186 2763 4237 ό
2819 4185 2997 4253 λόγος.
3040 4185 3259 4258 Ἐπειδὴ
3295 4189 3410 4259 γὰρ
3450 4191 3624 4243 αῑτεῖν
3652 4188 3789 4260 ἡμᾶς

2182 4277 2472 4330 ἐκέλευσεν
2520 4278 2613 4330 ἐπὶ
2651 4275 2729 4347 τῷ
2777 4275 3006 4347 ὀνόματι
3041 4276 3210 4331 αὐτοῦ
3239 4321 3254 4343 ,
3287 4280 3389 4332 καὶ
3424 4280 3520 4335 τὸν
3553 4284 3668 4344 τοῖς
3694 4280 3784 4349 ag.

2183 4372 2361 4442 χαίοις
2409 4369 2658 4442 ἀσυνήθη
2690 4367 2893 4441 τρόπον
2923 4368 3022 4433 τῆς
3052 4372 3371 4442 προσευχῆς
3408 4372 3551 4443 μετά
3577 4356 3683 4426 τῶν
3706 4371 3790 4426 ἀλ-

2182 4464 2289 4517 λων
2338 4463 2617 4529 ὲθέσπισε,
2652 4461 2844 4516 δώσειν
2877 4462 3477 4535 κατεπαγγειλάμενος
3509 4466 3606 4520 καὶ
3652 4464 3788 4536 μάλα

2180 4555 2478 4628 προθύμως
2522 4556 2668 4626 ἅπερ
2695 4554 2761 4608 ἂν
2794 4553 3074 4624 ἐθέλωμεν
3113 4553 3303 4608 λαϐεῖν
3325 4573 3341 4587 ⁸
3382 4557 3474 4613 ἵνα
3503 4558 3581 4630 μὴ
3616 4555 3789 4625 δοκοίη

2176 4649 2266 4702 διὰ
2318 4647 2526 4703 τούτων
2575 4648 2636 4701 τὸ
2681 4647 2776 4702 τοῦ
2828 4646 2965 4700 Θεοῦ
3001 4647 3095 4701 καὶ
3136 4648 3361 4719 Πατρὸς
3413 4651 3788 4724 παρωθεῖσθαι

2175 4740 2503 4810 πρόσωπον,
2554 4739 2724 4810 ἤγουν
2777 4738 3168 4810 παραιρεῖσθαι
3220 4737 3325 4809 τὴν
3385 4741 3484 4796 τοῦ
3550 4743 3806 4808 τεκόντοςέ

2174 4832 2337 4886 αὐτὸν
2391 4831 2642 4897 ἐξουσίαν
2700 4831 2798 4901 τὴν
2858 4831 2952 4885 ἐπὶ
2996 4832 3121 4894 ταῖς
3168 4832 3281 4884 τῶν
3348 4835 3531 4901 ἁγίων
3594 4836 3793 4905 φιλοτι-

3802 4800 3811 4827 l

480 4907 764 4963 culiariter
786 4908 1075 4965 vindicans
1113 4910 1257 4980 quod
1283 4912 1333 4966 ei
1366 4914 1606 4969 maxime
1638 4918 1922 4980 convenit,
1954 4925 2069 4971 tan-

2189 4925 2361 4995 μίαις,
2399 4924 2578 4995 φημὶ,
2624 4924 2897 4995 χρήσιμον
2940 4923 3104 4977 αὐτὸν
3169 4927 3529 4998 συγχορηγὸν
3581 4927 3792 4981 ἔσεσθαι

481 5014 646 5068 quam
686 5000 741 5053 in
785 5015 1020 5071 persona
1056 5001 1148 5057 Dei
1186 5018 1252 5059 ac
1293 5004 1492 5061 Patris.
1544 5005 1602 5061 Id
1637 5008 1784 5061 enim
1819 5007 1871 5061 ei
1900 5008 2068 5065 moris

2189 5015 2272 5067 ml.
2303 5013 2688 5068 cuvam6d>catv
2717 5017 2848 5085 ἡμῖν
2873 5014 2963 5067 τὸν
2988 5015 3359 5087 Παράκλητον
3402 5019 3537 5090 ἔφη,
3566 5021 3627 5074 τὸ
3659 5020 3793 5086 ἐρω-

478 5106 604 5146 esse
636 5091 749 5161 jam
783 5101 950 5149 antea
988 5110 1136 5164 saepe
1179 5096 1441 5154 diximus.
1480 5099 1665 5153 Alium
1698 5114 1861 5166 porro
1895 5096 2068 5153 Para-

2189 5104 2344 5171 τήσω
2372 5105 2535 5159 πάλιν
2565 5103 2756 5167 ἐπιὼν,
2780 5104 2855 5167 ὡς
2883 5104 3189 5177 ἄνθρωπος,
3211 5104 3407 5171 ἰδικῶς
3433 5125 3497 5161 τε
3524 5106 3793 5168 ἀνατιθεὶς

479 5185 684 5240 cletum
727 5186 995 5256 Spiritum
1036 5198 1198 5243 vocat
1222 5190 1315 5245 Dei
1366 5205 1431 5245 ac
1468 5189 1654 5246 Patris
1694 5192 2066 5257 substantiae,

2189 5198 2375 5270 ὅλῃ-τῇ
2408 5197 2529 5269 θείᾳ
2569 5215 2627 5249 τε
2654 5197 2749 5251 καὶ
2795 5197 3021 5268 ἀρρήτῳ
3066 5197 3225 5267 φύσει
3257 5200 3323 5253 τὸ
3361 5200 3509 5272 αὐτῇ
3561 5200 3794 5271 μάλιστα

480 5280 597 5334 sive
614 5294 746 5334 suae.
768 5278 887 5335 Una
904 5281 1054 5336 enim
1087 5283 1139 5336 in
1159 5282 1430 5339 ambobus
1447 5291 1532 5339 est
1557 5284 1882 5339 substantia
1903 5285 2069 5353 ratio,

2189 5291 2409 5359 πρέπον,
2440 5289 2517 5353 ὡς
2543 5290 2601 5345 ὲν
2628 5289 2909 5362 προσώπῳ
2943 5289 3038 5344 τοῦ
3061 5290 3198 5344 Θεοῦ
3230 5291 3331 5344 καὶ
3356 5293 3605 5365 Πατρός.
3627 5289 3792 5342 Τοῦτο

481 5385 606 5439 quae
635 5371 817 5441 ipsum
860 5388 971 5427 non
1003 5374 1281 5435 excludit.
1313 5374 1409 5429 sed
1439 5374 1609 5429 emcit
1653 5382 1713 5429 ut
1747 5376 2069 5433 distinctius

2189 5384 2287 5453 γὰρ
2321 5379 2441 5445 ἔθος
2474 5380 2655 5452 αὐτῷ,
2682 5381 2826 5435 καθά
2870 5382 2963 5435 καὶ
2993 5381 3252 5443 πολλάκις
3281 5382 3392 5453 ἤδη
3431 5381 3795 5456 προλαϐόντες

481 5472 696 5517 tantum
734 5465 1076 5538 intelligatur
1120 5468 1174 5521 in
1217 5482 1283 5523 eo
1324 5467 1473 5538 quod
1508 5467 1561 5523 in
1599 5468 1822 5539 propria
1854 5470 2076 5526 exsistit

2189 5475 2501 5545 ιίρήκαμεν.
2535 5473 2728 5526 Ἀλλον
2770 5490 2835 5541 γε
2868 5472 2989 5544 μὴν
3038 5472 3420 5544 Παράκλητον
3465 5474 3530 5527 τὸ
3575 5469 3792 5539 Πνεῦμα

484 5552 794 5624 ltypostasi.
843 5555 957 5613 Nec
1001 5557 1149 5614 enim
1196 5555 1372 5612 Filius
1406 5556 1651 5628 Spiritus
1696 5567 1820 5625 est,
1872 5562 1967 5618 sed
2016 5578 2076 5618 re

2189 5564 2334 5618 καλεῖ
2371 5564 2476 5635 τῆς
2502 5562 2599 5617 τοῦ
2653 5563 2790 5617 Θεοῦ
2848 5564 2945 5618 καί
3001 5563 3217 5635 Πατρὸς
3272 5564 3509 5629 οὐσίας,
3539 5565 3661 5636 ἦτοι
3697 5560 3792 5630 τῆς

485 5657 611 5699 vera
643 5652 698 5700 et
725 5649 952 5719 proprie
973 5665 1100 5706 esse
1139 5657 1193 5707 et
1224 5651 1499 5709 exsistere
1539 5654 1592 5709 id
1630 5654 1777 5725 quod
1816 5663 1898 5710 est
1924 5696 1938 5721 ,
1974 5655 2079 5712 ﬁde

2189 5656 2392 5711 ἑαυτοῦ.
2421 5651 2514 5721 Εἷς
2545 5656 2652 5729 γὰρ
2692 5658 2778 5711 ἐπ’
2808 5659 3012 5728 ἀμφοῖν
3055 5657 3155 5729 τῆς
3184 5657 3382 5722 οὐσίας
3421 5658 3451 5711 ὁ
3490 5656 3671 5726 λόγος,
3695 5652 3790 5707 οὐκ

500 5902 505 5907 η
600 5828 643 5860 ⁸⁸
685 5829 854 5885 lCor.
888 5832 1124 5899 xnt,12.
1206 5834 1245 5865 θ’
1269 5832 1425 5891 Joan.
1455 5853 1566 5903 xw,
1595 5836 1685 5902 25,
1720 5838 1811 5892 2i.
1892 5839 1933 5870 ’θ’
1969 5837 2075 5893 Mat

2198 5855 2274 5905 vt,
2302 5838 2442 5894 9-15.
