4006 6418
221 344 334 401 257

1294 344 1357 401 IN
1382 346 1670 405 JOANNIS
1705 346 2154 404 EVANGELIUM
2190 350 2319 406 LIB.
2363 349 2453 406 IX.

3412 364 3518 420 aI58

217 461 538 543 ἐξωπιθεὶς
568 461 721 527 αὐτὸ,
744 462 834 517 τὸν
860 461 919 516 δὲ
943 461 1039 533 τῆς
1063 462 1380 535 ἑτερότητος
1408 466 1567 535 λόγον
1594 470 1653 523 ἐν
1683 471 1824 540 μόνῳ

1935 468 2233 526 credimus.
2269 468 2510 539 Spiritus
2537 469 2742 540 quippe
2771 478 2855 526 est
2893 469 3075 530 Patris
3118 478 3174 529 et
3218 471 3341 531 Filit
3368 518 3385 545 ,
3420 479 3515 534 Sed

217 554 467 608 νοεῖσθαι
506 554 685 618 διδοὺς
713 555 792 626 τῷ
830 549 968 609 εῖναι
1008 557 1104 611 καὶ
1137 558 1404 630 ὑπάρχειν
1440 560 1823 626 ίδιοσυστάτως

214 645 379 701 αὑτό.
424 646 501 699 Οὐ
547 646 659 717 γὰρ
714 647 847 712 Υίὸς
899 648 961 702 τὸ
1007 647 1237 721 Πνεῦμά
1296 652 1478 715 ἐστιν,
1512 651 1823 716 ἁλλ’δντως

217 736 367 800 ίδίως
398 754 461 790 τε
493 737 555 790 ὃν
609 738 704 791 καὶ
732 739 982 810 ὑπάρχον
1008 740 1156 795 τοῦθ’
1190 741 1327 812 ὅπερ
1352 742 1501 796 ἐστὶν
1535 744 1592 795 ἐν
1640 741 1823 796 πίστει

215 830 671 901 παραδεξόμεθα.
704 833 931 905 Πνεῦμα
955 835 1064 905 γάρ
1094 836 1211 888 ἐστι
1238 834 1334 889 τοῦ
1360 836 1574 908 Πατρὸς
1607 835 1703 889 καὶ
1728 836 1821 890 τοῦ

222 920 349 976 Υίοῦ
371 939 386 952 ·
402 922 564 988 εἰδὼς
589 924 649 977 δὲ
673 926 757 979 ὅτι
785 928 876 980 καὶ
902 928 1064 992 αὐτὸς
1085 928 1439 1000 Παράκλητός
1458 929 1574 983 ἐστί
1595 946 1656 982 τε
1682 928 1823 983 κατὰ

220 1014 506 1087 ἀλήθειαν,
539 1019 633 1072 καὶ
674 1020 733 1072 ἐν
771 1022 885 1083 τοῖς
934 1023 1103 1093 ἱεροῖς
1141 1021 1461 1093 ὠνόμασται
1501 1023 1821 1093 Γράμμασι,

219 1108 593 1181 Παράκλητον
633 1111 794 1165 ἄλλον
827 1111 891 1165 τὸ
920 1112 1148 1184 Πνεῦμα
1193 1113 1369 1177 καλεῖ,
1404 1114 1503 1185 οὐχ
1528 1113 1605 1178 ὡς
1636 1113 1822 1185 ἕτερόν

217 1219 267 1255 τι
303 1203 475 1273 τυχὸν
513 1203 761 1274 ἐνεργεῖν
801 1206 857 1257 ἐν
885 1208 998 1270 τοῖς
1033 1206 1209 1274 ἁγίοις
1239 1204 1375 1270 είδὸς
1409 1205 1605 1277 ἢὸπερ
1638 1204 1704 1259 ἂν
1729 1205 1824 1259 καὶ

215 1294 403 1359 αὐτὸς,
447 1287 509 1348 οὗ
555 1295 651 1349 καὶ
680 1295 798 1350 ἔστι
832 1298 929 1353 καὶ
961 1299 1181 1367 λέγεται
1206 1296 1455 1369 Πνεῦμα.
1489 1298 1613 1352 Ὅτι
1644 1297 1701 1351 δέ
1730 1298 1824 1351 καὶ

213 1387 382 1451 αὐτὸς
431 1388 801 1460 Παράκλητος
840 1391 1136 1462 ὠνομάσθη
1183 1409 1243 1446 τε
1278 1392 1374 1445 καὶ
1423 1390 1570 1444 ἔστιν
1603 1392 1632 1444 6
1677 1390 1821 1454 Υἱὸς,

212 1482 571 1554 μαρτυρήσει
590 1482 768 1551 λέγων
793 1483 821 1534 6
862 1483 1151 1553 ἰωάνννης
1174 1485 1231 1536 ἐν
1260 1482 1419 1546 ίδίαις
1438 1485 1782 1554 συγγραφαῖς
1806 1498 1821 1513 ο

214 1590 236 1625 ι
276 1572 475 1628 Ταῦτα
503 1573 670 1643 λέγω,
698 1574 884 1644 φησιν,
905 1575 1036 1645 ὑμῖν
1056 1615 1070 1641 ,
1100 1574 1189 1629 ἵνα
1216 1573 1292 1646 μὴ
1309 1574 1681 1647 ἁμαρτάνητε.
1700 1576 1825 1629 Ἐάν

204 1684 294 1730 τις
325 1666 384 1720 δὲ
413 1668 663 1740 ἁμάρτῃ,
687 1667 1041 1741 παράκλητον
1071 1667 1267 1739 ἔχομεν
1295 1668 1431 1741 πρὸς
1460 1669 1551 1722 τὸν
1584 1669 1822 1742 Πατέρα.

220 1757 446 1829 Ἰησοῦν
500 1759 738 1831 Χριστὸν
785 1760 1037 1827 δίκαιον,
1081 1762 1176 1815 καὶ
1227 1761 1391 1825 αὐτὸς
1429 1761 1658 1831 ἱλασμός
1707 1762 1823 1815 ἐστι

205 1848 347 1920 περὶ
376 1848 492 1902 τῶν
514 1850 803 1920 ἁμαρτιῶν
827 1850 1041 1922 ἡμῶν.»
1083 1851 1279 1905 Ἀλλον
1309 1851 1489 1906 τοίνυν
1542 1852 1834 1925 Παράκλη-

202 1959 304 1994 τον
338 1941 402 1994 τὸ
436 1940 665 2011 Πνεῦμα
694 1942 875 2007 καλεῖ,
906 1944 966 1996 ἐν
1000 1942 1159 2007 ἰδίαις
1192 1942 1292 2014 μέν
1325 1943 1659 1998 ὑποστάσεσι
1685 1948 1821 1999 νοεῖ-

205 2031 344 2086 σθαι
361 2032 540 2086 θέλων
567 2033 721 2098 αὐτὸ,
738 2034 1011 2105 τοσαύτην
1024 2052 1087 2105 γε
1112 2035 1220 2107 μὴν
1249 2034 1372 2107 ἔχον
1395 2034 1495 2108 τὴν
1519 2038 1821 2108 ἐμφέρειαν

200 2124 285 2190 ὡς
335 2124 482 2196 πρὸς
516 2126 703 2193 αὐτὸν,
747 2127 845 2181 καὶ
882 2127 1323 2199 ἀπαραλλάκτως
1363 2127 1538 2194 οὕτως
1576 2130 1821 2202 ἐνεργεῖν

206 2217 405 2288 ἰσχύον
428 2218 576 2291 ἆπερ
601 2219 669 2273 ἂν
710 2221 804 2275 καὶ
841 2220 1005 2286 αὐτὸς
1043 2221 1293 2293 ἐνεργοίη
1331 2223 1513 2294 τυχὸν,
1540 2222 1615 2285 ὠς
1659 2222 1821 2277 αὐτὸν

202 2306 356 2364 εἶναι
386 2310 571 2366 δοκεῖν
598 2312 693 2367 τὸν
728 2313 879 2379 Υίὸν,
907 2315 1002 2368 καὶ
1030 2313 1422 2385 ἓτερονίοὺδέν.
1458 2314 1683 2386 Πνεῦμα
1713 2314 1821 2386 γάρ

186 2406 364 2478 ,ἐστιν
395 2406 594 2460 αὐτοῦ.
635 2407 746 2460 Καὶ
797 2406 932 2477 γοῦν
977 2408 1081 2479 τῆς
1120 2407 1377 2481 ἀληθείας
1408 2407 1538 2462 αὐτὸ
1581 2408 1823 2461 κατωνό-

209 2513 362 2566 μασε
393 2496 629 2564 Πνεῦμα
651 2498 749 2552 καὶ
777 2498 865 2552 διὰ
885 2497 995 2553 τῶν
1030 2501 1414 2572 προκειμένων
1453 2499 1643 2553 ἐαυτὸν
1681 2496 1822 2552 εἶναι

203 2589 307 2661 τὴν
349 2588 613 2661 ἀλήθειαν
634 2589 832 2659 λέγων.
871 2591 1013 2645 Ἀλλ’
1036 2593 1153 2663 ἐρεῖ
1172 2611 1255 2657 τις
1279 2593 1505 2657 εἰκότως
1525 2595 1636 2655 τοῖς
1667 2591 1823 2645 6116-

204 2698 365 2753 τριον
399 2677 548 2735 εἶναι
577 2683 864 2754 νομίζουσι
891 2683 986 2739 τὸν
1015 2683 1141 2739 Υἱὸν
1171 2683 1273 2755 τῆς
1302 2683 1397 2738 τοῦ
1428 2683 1565 2737 Θεοῦ
1586 2684 1680 2738 καὶ
1710 2685 1821 2736 Πα-

205 2773 343 2846 τρδς
386 2774 619 2838 οὐσίας·
653 2776 766 2829 Καὶ
814 2774 954 2838 πῶς,
994 2775 1116 2830 εἰπέ
1164 2793 1295 2848 μοι,
1322 2775 1384 2829 τὸ
1415 2776 1514 2846 τῆς
1561 2773 1822 2845 ἀληθείας

205 2866 445 2938 Πνεῦμα
472 2907 488 2931 ,
520 2866 669 2922 τοῦτ’
704 2867 822 2921 ἔστι
859 2867 1053 2929 τὸ,τοῦ
1101 2868 1255 2932 Υἱοῦ,
1292 2868 1508 2923 δίδωσιν
1547 2869 1576 2921 6
1606 2867 1819 2940 Πατὴρ,

204 2960 307 3030 οὐχ
359 2959 442 3023 ὡς
503 2959 721 3033 ξένονῆ
763 2960 1067 3033 ἀλλότριον,
1098 2960 1216 3015 ἀλλ’
1253 2961 1331 3024 ὡς
1389 2960 1519 3015 ἴδιον
1571 2961 1819 3033 Πνεῦμα,

206 3053 393 3106 καίτοι
428 3052 558 3106 καθ’
604 3053 754 3124 ἡμᾶς
798 3053 1156 3126 διωρισμένον
1202 3052 1343 3124 ἔχων
1368 3053 1470 3124 τῆς
1510 3054 1702 3118 οὐσίας
1730 3055 1822 3109 τὸν

208 3146 388 3216 Λόγον
416 3145 561 3218 πρὸς
594 3146 688 3200 τὸν
723 3146 885 3210 Υίδν,
917 3148 1015 3200 καὶ
1047 3145 1180 3200 Υἱοῦ
1201 3146 1264 3199 τὸ
1298 3146 1526 3219 Πνεῦμά
1559 3148 1820 3215 ἐστιν;οὐ

207 3239 320 3311 γὰρ
374 3240 463 3294 ὅτι
514 3238 843 3310 ἀμφίλογον.
893 3239 1018 3303 Πῶς
1045 3239 1103 3294 δὲ
1136 3234 1203 3294 αὖ
1249 3238 1436 3305 πάλιν,
1483 3241 1644 3313 εἴπερ
1676 3241 1823 3294 ἐστὶν

208 3330 565 3402 ὲτεροοὺσιος
582 3331 611 3383 6
634 3329 786 3396 Υἱὸς,
806 3330 867 3384 τὸ
895 3330 991 3383 τοῦ
1014 3330 1229 3402 Πατρὸς
1263 3329 1487 3401 Πνεῦμα
1506 3329 1720 3385 δίδωσιν
1748 3331 1825 3395 ὼς

204 3420 443 3485 ἑαυτοῦς
466 3421 788 3490 Γέγραπται
817 3421 927 3493 γὰρ
945 3422 1029 3475 ὃτι
1058 3420 1364 3493 ἐνεφύσησε
1384 3423 1498 3487 τοῖς
1529 3421 1824 3494 μαθηταῖς,

203 3510 390 3581 λέγων
415 3529 430 3543 θ
468 3531 488 3564 ‹
520 3514 733 3567 Λάϐετε
770 3512 999 3584 Πνεῦμα
1025 3512 1200 3583 ἅγιον.
1245 3531 1264 3564 ι
1294 3508 1421 3586 'Ap‘
1450 3509 1546 3569 οῦν
1577 3513 1678 3568 οὑκ
1708 3514 1826 3585 οἰή-

208 3606 371 3658 σεταί
427 3622 518 3669 τις
553 3604 651 3658 καὶ
695 3603 845 3676 μάλα
897 3605 1145 3671 δικαίως,
1179 3604 1381 3673 μᾶλλον
1432 3605 1489 3660 δὲ
1537 3605 1825 3678 ἀραρότως

203 3698 562 3752 διακείσεται
592 3698 699 3757 ὅτι.
734 3697 846 3753 τῶν
894 3698 988 3752 τοῦ
1020 3697 1159 3752 Θεοῦ
1197 3700 1294 3753 καὶ
1327 3698 1542 3771 Πατρὸς
1577 3698 1825 3770 φυσικῶν

203 3789 443 3858 ὁγαθῶν
487 3788 770 3851 οὑσιωδῶς
810 3789 1075 3860 ὑπάρχων
1106 3788 1383 3854 κοινωνὸς,
1407 3791 1436 3843 6
1464 3788 1591 3852 Υἱὸς
1624 3788 1736 3860 ἔχει
1765 3788 1826 3842 τὸ

207 3880 449 3951 Πνεῦμα
481 3881 627 3933 κατᾶ
646 3880 836 3934 τοῦτον
866 3880 956 3934 τὸν
983 3879 1184 3952 τρόπον
1218 3879 1526 3951 καθ’ὄνπερ
1559 3880 1625 3934 ἂν
1651 3881 1826 3933 νοοῖτο

209 3972 309 4026 καὶ
341 3973 375 4024 6
407 3970 629 4041 Πατὴρ,
653 3970 756 4025 οὑκ
781 3970 1020 4025 ἐπακτὸν
1049 3970 1169 4025 οὐδὲ
1207 3969 1429 4037 ἔξωθεν·
1461 3968 1658 4041 εὑηθες
1691 3970 1821 4039 γὰρ,

213 4063 425 4135 μᾶλλον
472 4065 532 4117 δὲ
582 4063 811 4135 μανικὸν
846 4064 930 4117 ’τὸ
979 4062 1123 4118 οὑτω
1182 4066 1399 4136 φρονεῖν
1426 4105 1441 4131 ,
1483 4063 1601 4117 ἀλλ’
1634 4062 1824 4136 ὥσπερ

211 4158 377 4228 ἡμῶν
427 4156 667 4221 ἕκαστος
705 4155 767 4211 τὺ
818 4155 948 4213 ἴδιον
998 4157 1057 4212 ἐν
1099 4156 1281 4228 ἐαυτῷ
1310 4158 1531 4228 πνεῦμα
1588 4157 1821 4227 συνέχει,

212 4253 311 4306 καὶ
340 4254 411 4305 ἐκ
468 4249 585 4304 τῶν
611 4250 914 4305 ἐνδοτάτων
965 4249 1294 4321 σπλάγχνων
1340 4251 1420 4314 είς
1448 4249 1509 4303 τὸ
1546 4249 1652 4314 ἔξω
1688 4267 1824 4322 προ-

213 4344 354 4415 χέει,
426 4341 534 4397 Διὰ
562 4340 674 4412 γάρ
710 4358 792 4395 τοι
844 4340 1005 4394 τοῦτο
1049 4338 1380 4411 σωματικῶς
1433 4340 1768 4412 ἐνεφύσησεν
1797 4341 1826 4395 6

213 4428 483 4500 Χριστὸς,
518 4428 737 4493 δεικνὺς
774 4429 859 4483 ὅτι
913 4428 1168 4500 καθάπερ
1200 4430 1265 4482 ἐκ
1299 4428 1567 4500 στόματος
1609 4428 1703 4483 τοῦ
1732 4431 1829 4485 ἀν-

1932 573 2058 613 cum
2095 574 2154 615 se
2188 576 2409 630 quoque
2443 559 2794 625 Paracletum
2826 575 2953 618 esse
2979 577 3173 619 revera
3201 577 3424 633 nosset,
3462 578 3520 624 et

1932 649 1988 704 in
2022 652 2200 707 sacris
2235 650 2463 708 Litteris
2516 652 2591 706 ita
2633 669 2762 709 esse
2805 662 3189 725 nuncupatum
3211 696 3226 721 ,
3260 656 3521 715 Paracle-

1931 753 2048 799 tum
2090 745 2263 800 alium
2310 745 2580 816 Spiritum
2629 747 2914 816 appellat,
2960 762 3072 803 non
3111 749 3272 819 quasi
3309 750 3516 821 ahquid

1931 838 2082 893 aliud
2118 838 2174 893 in
2209 840 2422 894 sanctis
2455 841 2671 909 operari
2702 842 2910 909 possit,
2944 856 3108 911 quam
3137 841 3285 912 quod
3315 852 3369 897 et
3403 843 3521 914 ipse

1930 929 2093 998 cujus
2132 937 2187 984 et
2223 940 2309 985 est
2350 938 2407 984 et
2441 929 2650 985 dicitur
2692 930 2958 999 Spiritus.
2987 933 3145 1000 Quod
3184 944 3367 990 autem
3401 936 3521 1005 ipse

1930 1018 2103 1073 Filius
2148 1017 2470 1076 Paracletus
2527 1032 2887 1092 nuncupetur
2932 1031 2988 1077 et
3047 1023 3165 1088 sit,
3225 1025 3521 1082 testabitur

1928 1108 2175 1166 Joannes
2206 1112 2461 1168 scribens
2495 1128 2509 1165 :
2557 1131 2576 1164 ι
2611 1113 2736 1169 Haec
2764 1115 2891 1170 dico
2913 1154 2928 1179 ,
2967 1115 3191 1186 inquit,
3237 1116 3422 1180 vobis,
3461 1126 3522 1173 ιιι

1931 1217 2042 1257 non
2074 1205 2338 1274 peccetis.
2373 1204 2480 1259 Sed
2511 1214 2565 1259 et
2595 1206 2641 1261 si
2672 1208 2800 1276 quis
2824 1210 3157 1277 peccaverit,
3186 1209 3519 1264 advocatum

1932 1293 2199 1349 habemus
2237 1295 2385 1365 apud
2426 1294 2644 1351 Patrem
2694 1295 2883 1353 Jesum
2934 1297 3217 1355 Christum
3258 1299 3515 1369 justum:

1930 1397 1985 1440 et
2032 1386 2154 1455 ipse
2200 1396 2285 1442 est
2339 1387 2663 1457 protritiatio
2714 1404 2815 1459 pro
2866 1391 3108 1460 peccatis
3157 1392 3368 1448 nostris
3389 1390 3458 1448 ".
3492 1410 3512 1443 ι

1930 1477 2110 1530 Alium
2145 1477 2333 1549 itaque
2372 1477 2721 1535 Paracletum
2756 1479 3026 1550 Spiritum
3059 1493 3263 1549 vocat,
3303 1484 3361 1539 in
3389 1498 3521 1555 pro-

1932 1567 2049 1637 pria
2084 1568 2307 1639 quidem
2361 1569 2647 1641 hypostasi
2696 1572 2886 1629 volens
2925 1588 3052 1629 eum
3109 1574 3381 1645 intelligi,
3419 1576 3519 1646 qui

1934 1668 2144 1714 tantam
2196 1672 2378 1718 tamen
2426 1678 2549 1719 cum
2614 1664 2735 1735 ipso
2793 1666 3223 1723 similitudinem
3278 1669 3517 1735 habeat,

1934 1761 2158 1822 tamque
2184 1767 2281 1823 per
2306 1754 2495 1809 omnia
2540 1754 2707 1810 simili
2738 1758 2958 1813 ratione
2992 1758 3209 1829 operari
3241 1759 3420 1830 possit
3453 1775 3520 1816 ea

1866 1845 1908 1900 Β
1937 1860 2062 1916 quae
2107 1853 2162 1900 et
2194 1844 2309 1917 ipse
2338 1854 2603 1917 operatur
2626 1888 2641 1915 ,
2678 1857 2737 1901 ut
2765 1848 2933 1919 διο
2967 1849 3087 1920 ipse
3114 1849 3366 1906 videatur
3395 1866 3521 1907 esse

1925 1935 2120 2001 Filius,
2156 1950 2221 1992 ac
2248 1937 2388 1992 nihil
2421 1938 2591 1993 aliud.
2622 1939 2868 2009 Spiritus
2896 1942 3044 1995 enim
3070 1943 3193 2012 ejus
3223 1950 3329 1998 est.
3359 1941 3521 2000 Unde

1925 2030 2176 2085 veritatis
2228 2027 2498 2100 Spiritum
2534 2030 2689 2086 illum
2726 2033 3067 2097 nominavit,
3099 2035 3344 2106 seipsum
3374 2038 3521 2092 veri-

1924 2129 2092 2176 tatem
2127 2137 2251 2178 esse
2282 2122 2499 2180 dicens.
2532 2123 2601 2179 At
2630 2124 2778 2179 enim
2817 2125 2888 2181 iis
2916 2125 3008 2196 qui
3042 2124 3241 2180 Filium
3275 2141 3305 2179 a
3341 2124 3433 2181 Dei
3464 2133 3520 2180 et

1923 2212 2104 2269 Patris
2137 2215 2449 2270 substantia
2488 2215 2733 2271 alienum
2775 2231 2902 2283 esse
2936 2225 3138 2287 putant
3167 2257 3182 2280 ,
3213 2216 3340 2286 jure
3368 2218 3521 2273 dicet

1926 2306 2161 2377 aliquis:
2201 2306 2495 2373 Quomodo
2522 2347 2537 2373 ,
2579 2323 2807 2377 quaeso,
2845 2310 3097 2365 veritatis
3134 2307 3428 2379 Spiritum,
3461 2310 3518 2365 id

1923 2407 2008 2455 est
2038 2397 2193 2464 Filii,
2214 2399 2318 2454 idat
2346 2397 2549 2467 Pater,
2579 2414 2689 2455 non
2727 2408 2991 2472 tanquam
3028 2402 3382 2471 peregrinum
3423 2410 3520 2456 aut

1924 2488 2186 2552 alienum,
2219 2487 2315 2544 sed
2342 2495 2400 2541 ut
2421 2488 2705 2558 proprium
2734 2487 3031 2560 Spiritum,
3057 2504 3183 2544 cum
3211 2490 3519 2546 secundum

1924 2595 2022 2635 vos
2050 2580 2372 2635 distinctum
2421 2581 2618 2636 habeat
2664 2595 2696 2635 a
2735 2597 2836 2637 sua
2874 2582 3189 2638 substantia
3225 2580 3471 2639 Verbum
3496 2620 3516 2649 ,

1924 2673 2041 2728 sive
2069 2670 2290 2736 Filium,
2318 2680 2374 2727 et
2413 2671 2681 2742 Spiritum
2712 2688 2838 2729 esse
2864 2671 2992 2727 Filii
3027 2674 3216 2730 nullus
3250 2674 3514 2745 ambigat.

1923 2764 2139 2821 Rursus
2169 2781 2300 2821 vero
2340 2766 2622 2836 quomodo
2646 2809 2662 2834 ,
2702 2766 2752 2822 si
2784 2766 3016 2824 alterius
3058 2776 3148 2823 est
3185 2767 3519 2824 substantia

1922 2862 2123 2931 Filius,
2155 2863 2336 2920 Patris
2374 2864 2645 2933 Spiritum
2693 2863 2863 2919 tradit
2910 2873 2969 2919 ut
2993 2865 3200 2919 suum?
3232 2863 3518 2936 Scriptum

1922 2964 2008 3011 est
2034 2955 2186 3033 enim
2215 2955 2530 3011 insuﬂlasse
2552 2953 2845 3024 discipulis
2885 2954 3024 3020 suis,
3056 2953 3319 3021 dicendo,
3355 2974 3375 3008 ι
3401 2953 3518 3011 Δεσ-

1923 3049 2089 3120 cipite
2111 3046 2377 3119 Spiritum
2406 3055 2658 3104 sanctum
2675 3047 2777 3103 ⁸ο.»
2804 3045 3086 3117 Numquid
3104 3062 3241 3119 ergo
3261 3048 3387 3117 jure
3411 3063 3517 3118 pu-

1926 3140 2066 3194 tabit
2088 3139 2289 3210 aliquis
2317 3181 2332 3206 ,
2362 3143 2473 3194 imo
2496 3153 2627 3194 vero
2660 3137 2894 3195 ﬁrmiter
2922 3138 3113 3195 credet
3137 3177 3152 3203 ,
3186 3154 3312 3194 cum
3347 3148 3517 3194 natu-

1928 3232 2125 3286 ralium
2162 3231 2256 3286 Dei
2288 3246 2353 3285 ac
2384 3229 2569 3286 Patris
2600 3230 2874 3286 bonorum
2909 3230 3357 3287 substantialiter
3385 3246 3518 3301 par-

1927 3322 2103 3391 ticeps
2134 3322 2205 3375 sit
2244 3319 2419 3376 Filius
2445 3360 2461 3385 ,
2516 3318 2713 3392 [eum]
2748 3319 3017 3391 Spiritum
3046 3335 3113 3375 eo
3145 3320 3312 3377 modo
3363 3320 3518 3394 [quo

1927 3420 1983 3468 et
2021 3410 2223 3483 Pater]
2258 3410 2462 3466 habere
2490 3422 2769 3478 censetur,
2804 3426 2911 3466 non
2936 3411 3304 3467 adventitium
3339 3427 3520 3482 neque

1927 3502 2274 3558 extrinsecus
2300 3542 2315 3568 ,
2365 3499 2525 3556 furor
2554 3502 2705 3556 enim
2740 3509 2826 3556 est
2861 3500 2938 3556 ita
2977 3502 3227 3566 sentire;
3270 3499 3366 3556 sed
3403 3515 3517 3570 quo

1927 3593 2092 3650 modo
2124 3594 2511 3665 unusquisque
2539 3600 2795 3648 nostrum
2836 3582 3009 3648 suum.
3043 3593 3099 3647 in
3139 3592 3328 3662 seipse
3355 3592 3520 3663 spiri-

1927 3693 2045 3741 tum
2089 3685 2369 3751 continet,
2417 3693 2471 3739 et
2503 3699 2571 3740 ex
2602 3683 2817 3740 intimis
2853 3682 3163 3739 visceribus
3194 3682 3347 3739 foras
3379 3698 3520 3751 pro-

1927 3778 2147 3834 fundit?
2171 3777 2385 3833 Idcirco
2416 3776 2563 3832 enim
2595 3776 2853 3832 Christus
2885 3775 3186 3832 insulilavit
3207 3776 3519 3846 corporali-

1881 3907 1888 3914 -
1926 3879 2013 3926 ter
2036 3909 2051 3934 ,
2085 3870 2382 3926 ostendens
2413 3868 2563 3939 quod
2605 3868 2749 3923 sicut
2778 3882 2846 3922 ex
2878 3881 2975 3923 ore
3006 3866 3252 3922 humano
3284 3865 3519 3936 spiritus

1927 3963 2113 4035 prodit
2157 3961 2525 4032 corporaliter
2555 4000 2570 4027 ,
2624 3961 2708 4016 sic
2758 3966 2815 4015 et
2862 3975 2929 4015 ex
2978 3959 3165 4015 divina
3206 3957 3518 4015 substantia

1928 4055 2118 4111 deitati
2151 4055 2549 4109 convenienter
2576 4050 2819 4123 Spiritus
2844 4089 2859 4116 ,
2893 4051 2986 4121 qui
3027 4067 3095 4107 ex
3134 4066 3200 4106 eo
3229 4060 3312 4106 est
3342 4090 3355 4114 ,
3391 4066 3521 4120 pro-

1928 4146 2199 4202 funditur.
2231 4145 2368 4202 Cum
2402 4159 2536 4217 ergo
2569 4143 2811 4216 Spiritus
2848 4145 2967 4214 ipse
3014 4143 3106 4200 Dei
3140 4143 3325 4202 Patris
3355 4146 3426 4201 sit
3453 4159 3522 4201 ac

1927 4239 2094 4306 Filii,
2130 4238 2411 4311 quomodo
2445 4253 2557 4293 non
2588 4253 2753 4292 unam
2794 4238 3029 4293 omnino
3062 4237 3344 4294 habebunt
3383 4238 3522 4294 sub-

1929 4333 2188 4388 stantiam
2219 4341 2275 4388 et
2302 4332 2567 4388 distincte
2604 4330 2768 4387 simul
2809 4337 2977 4401 atque
3002 4329 3385 4400 coniunctim?
3413 4329 3520 4384 Pa-

1930 4434 2015 4480 ter
2046 4425 2196 4479 enim
2244 4423 2410 4481 Pater
2439 4431 2523 4480 est
2549 4463 2565 4490 ,
2605 4439 2672 4480 ac
2718 4439 2833 4480 non
2882 4422 3060 4480 Filius
3084 4463 3099 4486 ,
3135 4431 3191 4478 et
3231 4420 3405 4479 Filius
3433 4432 3522 4478 est

216 4521 507 4592 θρωπίνου
544 4520 764 4593 πρόεισι
793 4520 856 4575 τὸ
914 4521 1135 4591 πνεῦμα
1167 4520 1522 4591 σωματικῶς,
1561 4521 1704 4575 οὑτω
1734 4522 1824 4576 καὶ

1932 4518 2110 4575 Filius
2136 4558 2151 4584 ,
2193 4533 2259 4573 ac
2295 4533 2404 4573 non
2443 4516 2628 4573 Pater.
2659 4516 3055 4574 Verumtamen
3085 4515 3252 4571 Pater
3288 4516 3341 4571 in
3376 4513 3524 4570 Filio

216 4614 281 4666 ἐκ
312 4614 422 4683 τῆς
468 4611 623 4677 θείας
660 4612 848 4677 οὐσίας
878 4611 1204 4685 θεοπρεπῶς
1235 4614 1521 4684 προχεῖται
1553 4612 1615 4666 τὸ
1636 4612 1693 4680 ἐξ
1732 4613 1832 4666 αὐ-

216 4705 332 4759 τοῦ.
350 4706 491 4760 ’Ὅτε
513 4705 697 4759 τοίνυν
729 4705 863 4759 αὐτὸ
888 4706 949 4759 τὸ
968 4706 1196 4777 Πνεῦμα
1223 4704 1317 4759 τοῦ
1348 4722 1408 4758 τε
1438 4704 1576 4759 Θεοῦ
1607 4705 1702 4758 xal
1718 4706 1832 4761 Πα⁴

218 4798 348 4869 τρός
389 4800 544 4852 ἐστιν
595 4799 825 4852 καὶτοῦ
876 4797 1049 4863 Υἱοῦ,
1082 4798 1201 4863 πῶς
1249 4798 1372 4871 οὐχὶ
1423 4798 1643 4863 πάντως
1699 4799 1830 4875 μίαν

218 4891 405 4957 ἱξουσι
449 4891 552 4962 τὴν
585 4890 840 4957 ἐξουσίαν
887 4890 1236 4965 διῃρημένως
1270 4909 1330 4945 τε
1361 4890 1477 4962 ἅμα
1502 4893 1598 4947 καὶ
1624 4909 1832 4964 συνημ-

224 4985 401 5055 μένως
425 5001 440 5050 ;
469 4984 663 5055 Πατὴρ
692 4983 868 5057 γὰρ,ό
906 4984 1098 5055 Πατὴρ
1128 4984 1223 5037 καὶ
1248 4984 1347 5055 οὑχ
1380 4983 1531 5049 Υἱὸς,
1554 4985 1649 5038 καὶ
1676 4984 1830 5052 Υἱὸς,

218 5075 246 5127 6
276 5075 413 5138 Υἱὸς
450 5074 545 5128 καὶ
580 5073 701 5144 οὐχὶ
736 5074 947 5145 Πατήρ.
1003 5072 1153 5144 Πλὴν
1185 5075 1213 5127 6
1255 5073 1440 5145 πατὴρ
1471 5076 1531 5127 ἐν
1562 5072 1698 5146 Υίῷ,
1738 5078 1835 5131 καὶ

223 5163 250 5215 6
293 5163 431 5227 Υἱὸς
489 5164 547 5217 ἐν
602 5161 800 5235 Πατρί.
839 5162 1037 5216 Δίδωσί
1080 5180 1143 5232 γε
1194 5164 1301 5234 μὴν
1331 5162 1420 5217 τὸν
1448 5164 1830 5235 Παράκλητον,

225 5254 341 5324 ἦτοι
363 5255 428 5308 τὸ
450 5254 679 5325 Πνεῦμα
704 5254 768 5309 τὸ
802 5253 978 5323 ἅγιον,
1010 5255 1111 5309 οὐκ
1149 5255 1255 5327 ἰδίᾳ
1296 5256 1394 5327 μὲν
1426 5257 1455 5310 6
1484 5256 1698 5329 Πατὴρ,
1726 5257 1835 5331 ἰδίᾳ

228 5345 275 5400 δὲ
306 5348 336 5401 6
365 5347 522 5413 Υἱὸς,
564 5348 887 5419 χορηγεῖται
934 5346 991 5400 δὲ
1039 5347 1240 5418 μᾶλλον
1290 5349 1404 5412 τοῖς
1447 5348 1624 5418 ἁγίοις
1675 5350 1832 5423 παρὰ

228 5437 441 5511 Πατρδς
472 5438 543 5492 δι’
582 5429 767 5494 Υίοῦῗ
784 5438 885 5492 Διὰ
923 5438 1033 5510 γάρ
1055 5455 1137 5491 τοι
1162 5438 1342 5505 τοῦτο,
1380 5439 1579 5495 διδόναι
1603 5441 1832 5514 λεγομέ-

232 5545 316 5583 νου
349 5528 446 5583 τοῦ
477 5530 717 5600 Πατῴς,
750 5531 778 5583 6
818 5530 886 5584 δι’
921 5525 983 5582 οὑ
1012 5531 1081 5585 τὰ
1138 5530 1316 5584 πάντα
1364 5531 1579 5587 δίδωσιν
1607 5535 1636 5587 6
1660 5534 1790 5599 Υἱός
1813 5552 1827 5566 ο

240 5624 345 5692 καὶ,
376 5622 583 5677 διδόναι
631 5623 927 5698 λεγομένου
976 5623 1072 5678 τοῦ
1106 5624 1260 5689 Υἱοῦ,
1291 5627 1321 5679 6
1360 5625 1421 5691 ἐξ
1453 5621 1514 5682 οῦ
1556 5627 1621 5683 τὰ
1650 5629 1831 5686 πάντα

308 5799 353 5832 δ’
441 5798 605 5855 Joan.
653 5814 725 5867 ιι,
762 5798 813 5855 l.
892 5800 937 5834 '°
980 5797 1139 5859 Joan.
1170 5817 1263 5866 xv,
1293 5802 1383 5857 22.

1932 4622 1989 4669 et
2018 4612 2192 4669 Filius
2222 4621 2309 4668 est
2349 4613 2403 4667 in
2440 4612 2622 4667 Patre.
2670 4611 2772 4666 Dat
2814 4626 2945 4667 vero
2982 4609 3329 4666 Paracletum
3352 4649 3368 4674 ,
3404 4609 3524 4665 sive

1936 4705 2201 4776 Spiritutn
2249 4713 2537 4771 sanctum,
2587 4719 2698 4759 non
2747 4704 2981 4768 seorsim
3035 4702 3258 4775 quidem
3310 4701 3521 4767 Pater,

1934 4800 2170 4857 seorsim
2200 4813 2332 4854 vero
2355 4796 2551 4863 Filius,
2583 4797 2678 4853 sed
2713 4798 2894 4868 potius
2926 4797 3137 4852 sanctis
3168 4811 3198 4851 a
3231 4794 3394 4852 Patre
3416 4804 3528 4852 tra-

1931 4892 2082 4949 ditur
2113 4907 2211 4964 per
2246 4890 2468 4947 Filium.
2516 4887 2735 4945 Idcirco
2780 4889 2927 4945 enim
2954 4928 2968 4951 ,
3014 4904 3141 4944 cum
3190 4887 3351 4944 Pater
3392 4887 3526 4945 dare

1934 4985 2140 5042 dicitur
2161 5026 2175 5047 .
2213 4983 2261 5039 is
2294 4999 2393 5055 per
2419 4997 2583 5054 quem
2614 4981 2799 5037 omnia
2832 4979 3138 5046 traduntur
3174 4978 3270 5035 dat
3303 4994 3527 5051 quoque

1937 5075 2150 5133 Filius:
2184 5084 2260 5142 et,
2294 5089 2420 5130 cum
2456 5073 2664 5129 dicitur
2697 5072 2829 5129 dare
2858 5070 3056 5137 Filius,
3094 5070 3143 5126 is
3172 5085 3239 5126 ex
3263 5085 3374 5142 quo
3402 5085 3525 5126 om-

1935 5171 2025 5226 nia
2050 5171 2145 5225 dat
2176 5168 2360 5224 Pater.
2390 5166 2546 5234 Quod
2579 5174 2763 5222 autem
2795 5164 3020 5221 divinus
3049 5178 3114 5218 ac
3144 5178 3255 5237 non
3292 5162 3525 5218 diversae

1935 5264 2005 5320 ab
2036 5263 2157 5334 ipso
2184 5261 2350 5317 Patre
2378 5271 2432 5316 et
2461 5258 2600 5314 Filio
2631 5257 2958 5314 substantia:
2992 5260 3066 5313 sit
3101 5252 3343 5325 Spiritus
3363 5291 3378 5316 ,
3421 5268 3522 5307 ne-

1934 5355 2072 5412 mini
2121 5370 2271 5412 sanze
2303 5352 2506 5409 mentis
2534 5351 2764 5407 dubium
2802 5364 2926 5406 esse
2960 5356 3123 5419 puto,
3156 5352 3323 5415 atque
3374 5351 3434 5397 nt
3469 5344 3520 5398 id

1939 5447 2237 5504 credamus
2258 5445 2401 5500 ratio
2424 5442 2743 5500 necessaria
2774 5455 2880 5496 nos
2908 5437 3111 5508 adiget.
3144 5433 3202 5488 Si
3225 5433 3350 5502 quis
3372 5432 3521 5487 enim

1936 5555 2061 5597 eum
2095 5555 2159 5596 ex
2192 5538 2503 5595 substantia
2539 5534 2634 5592 Dei
2662 5548 2787 5591 esse
2820 5536 3018 5602 negat,
3058 5524 3335 5597 quomodo
3366 5537 3528 5579 crea-

1938 5638 2061 5689 tura
2096 5631 2318 5689 demum
2357 5629 2465 5687 erit
2505 5626 2599 5684 Dei
2641 5623 2921 5697 particeps
2944 5658 2962 5690 ,
2990 5624 3221 5689 accepto
3270 5613 3483 5688 Spiritu
3505 5614 3533 5672 ΐ
