4006 6432
532 348 639 406 ‘259

1503 346 1561 401 S.
1605 343 1883 401 CYltll.Ll
1924 340 2398 398 ALEXANDIlINl
2438 341 2762 400 ARClllEP.

3684 353 3773 409 260

535 460 940 531 Autquoniodo
970 461 1172 533 templa
1210 461 1301 516 Dei
1333 460 1780 529 iiuiiciipabiinur
1804 468 1861 512 et
1886 459 2119 524 erimus,

2226 460 2442 513 δίδωσιν
2459 461 2487 512 ὁ
2510 460 2720 531 Πατήρ.
2754 461 2878 512 Ὅτι
2906 460 2961 512 δὲ
2995 458 3139 511 θεῖόν
3163 474 3221 510 τε
3260 458 3353 511 καὶ
3376 457 3433 511 τὸ
3458 461 3668 534 Πνεῦμα
3700 473 3777 525 ναὶ

536 559 583 611 si
619 564 867 611 creatum
906 564 1000 610 aut
1034 557 1399 625 alienigenam
1450 553 1703 623 spiritum
1747 550 2124 619 accipiamus,

535 667 648 705 non
682 654 864 704 autem
898 650 1050 702 illum
1093 650 1187 717 qui
1237 663 1299 701 ex
1346 644 1454 700 Deo
1483 644 1609 698 est?
1640 641 1935 707 Quomodo
1966 648 2128 694 natu-

536 758 612 797 rae
656 742 857 796 divina}
902 748 1190 795 consortes
1234 738 1280 770 ⁸⁵
1309 776 1325 799 ,
1386 738 1542 804 juxta
1602 744 1920 790 sanctorum
1970 748 2131 787 voces

538 837 667 906 [qui
693 834 935 904 Spiritus
954 832 1251 903 participes
1278 830 1416 883 fiunt
1441 829 1556 901 ⁸⁸],
1587 829 1634 882 si
1667 828 1721 881 in
1747 836 2129 882 creaturarum

536 939 772 979 numero
804 924 1109 978 collocatur
1133 961 1148 987 ,
1200 936 1264 975 ac
1306 938 1415 975 non
1446 922 1635 992 potius
1676 936 1742 975 ex
1783 920 1906 990 ipsa
1935 928 2131 973 natura

536 1017 697 1086 811
736 1015 922 1070 divina
950 1013 1225 1084 procedit,
1246 1015 1339 1082 qui
1373 1028 1480 1067 non
1510 1024 1569 1066 ut
1590 1012 1810 1066 alienus
1837 1026 1932 1081 per
1956 1011 2130 1079 ipsam

539 1109 591 1161 in
634 1122 735 1161 nos
772 1106 1048 1176 pervenit,
1093 1104 1213 1169 sed,
1243 1114 1303 1159 ut
1342 1109 1421 1158 ita
1461 1104 1665 1169 dicam,
1689 1102 1931 1172 qualitas
1963 1102 2132 1157 veluti

536 1200 784 1269 quaedam
837 1198 1065 1253 deitatis
1093 1207 1181 1253 est
1212 1198 1270 1252 in
1315 1198 1498 1262 nobis,
1551 1203 1607 1251 et
1640 1196 1693 1249 in
1726 1194 1938 1251 sanctis
1974 1194 2135 1249 habia

536 1301 636 1354 tat,
681 1298 976 1360 manetque
1025 1305 1264 1361 semper,
1298 1288 1343 1344 si
1393 1288 1756 1345 suarmentis
1793 1288 2013 1342 oculum
2035 1303 2133 1357 per

535 1398 699 1438 omne
718 1382 1011 1453 probitatis
1029 1397 1206 1452 genus
1228 1389 1550 1452 purgantes,
1576 1388 1631 1434 et
1648 1395 1744 1449 per
1762 1379 1985 1433 virtutis
2000 1379 2132 1448 jugc

533 1484 591 1529 et
636 1474 980 1531 indefessum
1026 1474 1271 1529 studium
1333 1475 1567 1545 gratiam
1611 1473 1714 1529 sibi
1770 1479 2126 1527 conservent.

534 1566 718 1637 lp‘sum
740 1567 944 1637 quippe
966 1569 1035 1622 ab
1065 1568 1140 1623 iis
1171 1568 1264 1637 qui
1291 1567 1344 1621 in
1380 1566 1584 1621 mundo
1606 1571 1738 1622 sunt
1762 1579 1861 1620 nec
1881 1565 2003 1634 capi
2026 1579 2131 1620 nec

535 1659 934 1730 comprehendi
979 1674 1147 1729 posse
1186 1660 1456 1715 Christus
1502 1659 1606 1721 ait,
1638 1658 1745 1713 hoc
1794 1665 1881 1713 est
1924 1659 1994 1712 iis
2033 1659 2127 1728 qui

533 1768 658 1824 qua:
696 1753 892 1809 mundi
945 1754 1343 1823 suntsapiunt
1401 1768 1466 1807 ac
1514 1759 1739 1807 terrena
1792 1749 2032 1821 diligunt
2055 1751 2124 1815 ⁸⁷,

2231 552 2330 621 οὐχ
2352 551 2688 622 ἑτεροούσιον
2718 553 2791 615 ὡς
2826 551 2965 621 πρὸς
2995 553 3156 606 αὐτόν
3197 551 3256 603 τέ
3299 568 3436 621 φημι
3468 552 3553 606 τὸν
3590 558 3779 632 Πατέρα

2233 645 2326 697 καὶ
2356 645 2447 697 τὸν
2459 645 2605 708 Υίόν,
2622 645 2799 700 οὐδενὶ
2823 646 2921 716 μὲν
2946 642 3098 716 οἶμαι
3129 645 3240 697 τῶν
3270 640 3328 696 εὖ
3350 647 3672 715 φρονούντων
3698 653 3779 707 ύπ-

2234 736 2429 807 ἀρχειν
2456 737 2777 808 ἀμφίϐολον,
2805 738 2899 791 καί
2929 737 3224 805 ἀναγκαῖος
3254 735 3311 789 δὲ
3346 738 3486 806 ἡμᾶς
3533 740 3781 798 ἀναπείσει

2232 828 2407 893 λόγος.
2436 831 2498 882 Ei
2527 829 2635 900 γὰρ
2664 830 2762 882 οὐκ
2791 826 2928 882 εἷναί
2955 847 3039 891 τις
3060 830 3191 881 αὑτό
3230 846 3392 900 φησιν
3423 831 3484 881 ἑκ
3510 830 3601 900 τῆς
3624 833 3783 897 οὐσίας

2232 920 2327 973 τοῦ
2386 920 2544 986 Θεοῦ,
2578 921 2697 984 πῶς
2736 921 2803 975 ἂν
2854 921 2939 990 εἴη
2974 921 3110 974 Θεοῦ
3167 921 3391 990 μέτοχος
3434 922 3467 991 ἡ
3498 923 3690 987 κτίσις,
3717 925 3784 978 ἑτι

2232 1013 2471 1067 λαϐοῦσα
2501 1013 2562 1067 τὸ
2593 1013 2817 1083 Πνεῦμα
2842 1028 2856 1079 ;
2882 1014 3039 1067 Κατὰ
3069 1014 3189 1067 τίνα
3228 1014 3285 1067 δὲ
3318 1014 3516 1084 τρόπον
3538 1017 3646 1069 ναοὶ
3671 1017 3785 1073 Θεοῦ

2232 1124 2338 1177 χρη
2349 1105 2653 1177 ματιοῦμεν
2688 1106 2782 1160 καὶ
2810 1104 3068 1176 ἐσόμεθα,
3101 1107 3318 1159 κτιστὸν
3346 1106 3379 1177 ἦ
3412 1106 3681 1177 ἁλλογενὲς
3709 1127 3787 1164 κο-

2236 1205 2519 1275 μιζόμενοι
2569 1204 2815 1275 Πνεῦμα,
2865 1207 2960 1259 καὶ
3007 1206 3124 1275 οὐχι
3167 1202 3370 1275 μᾶλλον
3419 1204 3480 1256 τὸ
3528 1205 3588 1257 ἑκ
3637 1206 3787 1273 Θεοῦ;

2232 1297 2358 1361 Πῶς
2391 1298 2446 1350 δὲ
2468 1298 2618 1361 θείας
2650 1298 2867 1367 φύσεως
2895 1298 3167 1363 κοινωνοὶ,
3205 1296 3349 1350 κατά
3371 1294 3470 1358 τάς
3510 1290 3612 1349 τῶν
3642 1298 3788 1365 ἁγίων

2233 1389 2437 1459 φωνὰς,
2474 1390 2521 1443 oi
2566 1390 2885 1461 Πνεύματος
2921 1390 3162 1460 μέτοχοι,
3200 1391 3249 1442 εί
3275 1390 3389 1451 τοῖς
3437 1391 3675 1458 γενητοῖς
3717 1392 3789 1441 ὲν-

2231 1482 2492 1563 αρίθμιόν
2519 1483 2671 1549 ἐστι,
2703 1484 2797 1537 καὶ
2831 1484 2954 1553 οὐχί
2998 1482 3200 1553 μᾶλλον
3241 1482 3299 1548 ἐξ
3350 1481 3518 1550 αὐτῆς
3550 1483 3672 1552 ἡμῖν
3710 1481 3791 1547 τῆς

2231 1573 2381 1636 θείας
2408 1572 2625 1642 φύσεως
2654 1575 2921 1644 πρόεισιν,
2942 1574 3004 1627 οὐ
3036 1573 3456 1643 διακονούμενον
3470 1572 3535 1625 δι’
3552 1573 3709 1641 αὐτῆς
3726 1574 3792 1637 είς

2232 1667 2379 1737 ἡμᾶς
2394 1667 2469 1729 ὡς
2485 1664 2786 1737 ἀλλότριον,
2809 1666 3018 1727 ἀλλ’,ἴν’
3032 1665 3206 1728 οὕτως
3224 1665 3386 1729 εῐπω,
3403 1666 3618 1735 ποιότης
3632 1664 3792 1736 ὥσπερ

2229 1776 2315 1823 τις
2339 1760 2437 1829 τῆς
2463 1758 2713 1829 θεότητος
2743 1760 2800 1811 ἑν
2828 1760 2960 1830 ἡμῖν
2978 1758 3289 1829 γινόμενον,
3313 1758 3410 1811 καὶ
3435 1759 3491 1812 ἑν
3519 1760 3626 1821 τοῖς
3644 1758 3794 1824 ἁγίοις

537 1818 637 1902 sed
689 1861 721 1900 a
776 1847 989 1901 sanctis
1041 1818 1273 1915 capi-et
1308 1842 1548 1914 perspici
1584 1848 1788 1913 potest.
1820 1818 1995 1906 Quam
2055 1841 2119 1895 ob

2231 1851 2542 1915 κατοικοῦν,
2577 1851 2672 1905 καὶ
2705 1851 2979 1919 ἀπομένον
3021 1851 3108 1905 διὰ
3137 1850 3363 1914 παντὸς,
3396 1851 3443 1903 εἱ
3490 1850 3587 1920 τῆς
3613 1850 3793 1903 ἑαυτῶν

535 1937 799 1993 causam?
829 1935 911 1990 llli
943 1938 1151 2007 quippe
1182 1934 1503 2006 impuritate
1534 1950 1654 2005 quae
1678 1933 1767 1988 vix
1800 1933 1910 1989 elui
1951 1933 2127 2003 possit

537 2030 837 2101 inquinati,
887 2036 941 2082 et
999 2029 1235 2098 quadam
1295 2028 1460 2083 veluti
1520 2026 1859 2099 lippitudine
1913 2025 2126 2081 suffuso

536 2123 737 2177 mentis
768 2121 957 2185 oculo,
990 2129 1203 2175 naturae
1250 2136 1365 2175 sua:
1395 2119 1568 2175 decus
1601 2135 1712 2174 non
1755 2119 2122 2188 perspiciunt,

536 2231 717 2285 neque
756 2214 1002 2285 Spiritus
1052 2215 1227 2283 legem
1274 2214 1582 2283 accipiunt,
1618 2213 1809 2267 carnis
1844 2212 2125 2281 cupidita~

537 2307 692 2363 tibus
747 2306 978 2363 omnino
1026 2308 1247 2361 subacti
1287 2322 1301 2357 :
1341 2306 1394 2359 lii
1450 2321 1583 2360 vero
1634 2305 1793 2376 probi
1829 2312 1885 2359 et
1930 2304 2124 2368 sobrii,

534 2414 775 2455 vacuum
819 2398 1009 2477 mundi
1062 2398 1224 2452 malis
1276 2413 1374 2451 cor
1429 2397 1696 2452 habentes
1757 2396 2125 2450 introducunt

533 2494 754 2564 quidem
790 2492 845 2547 in
887 2507 948 2548 se
1004 2491 1152 2553 ultro
1209 2489 1582 2557 Paracletum,
1613 2507 1854 2561 eumque
1904 2496 2125 2546 servant

533 2595 877 2658 susceptum,
925 2596 982 2642 ct
1016 2592 1290 2656 quantum
1338 2585 1667 2640 hominibus
1700 2584 1924 2652 assequi
1973 2582 2122 2646 licet,

532 2681 811 2735 intellectu
878 2678 1373 2749 contemplaiilur,
1430 2694 1688 2749 magnum
1754 2677 1883 2731 inde
1939 2690 2125 2746 operte

530 2770 768 2840 pretium
822 2780 1199 2840 reportantcs.
1236 2768 1623 2824 Sanctificabit
1668 2767 1814 2821 enim
1851 2780 1968 2834 eos,
2001 2779 2125 2819 om-

530 2861 802 2930 niumque
839 2860 1006 2916 simul
1042 2861 1317 2914 bonorum
1348 2859 1592 2915 factores
1621 2859 1836 2923 reddet,
1881 2874 1968 2925 ac,
2007 2874 2124 2913 ser-

528 2956 722 3012 vitutis
775 2956 1036 3010 humanae
1084 2956 1292 3026 probro
1372 2954 1653 3025 adempto,
1708 2954 1981 3024 dignitate
2027 2952 2124 3007 ad-

528 3045 780 3115 optionis
811 3045 1057 3100 ornabit.
1092 3046 1263 3115 Cujus
1291 3046 1369 3100 rei
1397 3047 1558 3102 testis
1588 3046 1695 3101 erit
1727 3046 1884 3101 nobis
1918 3045 2122 3100 Paulus

2227 1938 2466 2002 διανοίας
2523 1939 2615 1992 τὸν
2669 1938 2952 2010 ὀφθαλμὸν
3004 1938 3091 1992 διὰ
3145 1939 3329 2009 πάσης
3356 1940 3647 2003 ἐπιεικείας
3689 1941 3797 1992 ἁπο-

2230 2029 2609 2099 καθαίροντες,
2637 2030 2734 2084 καὶ¹
2767 2029 2856 2082 διὰ
2890 2031 2989 2101 τῆς
3033 2030 3115 2093 είς
3148 2032 3331 2084 πᾶσαν
3362 2031 3560 2102 ἀρετήν
3609 2030 3795 2084 ἀνενδόο

2227 2139 2321 2176 του
2357 2122 2595 2193 σπουδῆς
2627 2125 2947 2192 συντηροῖεν
2979 2123 3194 2186 ἑαυτοῖς
3217 2121 3316 2193 τὴν
3341 2123 3534 2193 χάριν;
3581 2123 3797 2194 Ἀχὼρη-

2226 2230 2318 2268 τον
2354 2214 2453 2284 μὲν
2482 2213 2594 2285 γὰρ
2626 2214 2720 2268 καὶ
2755 2212 3070 2286 ἀθεώρητον
3101 2213 3234 2267 αὐτὸ
3265 2216 3385 2279 τοῖς
3425 2215 3483 2268 ὲν
3509 2215 3688 2285 κόσμῳ
3711 2229 3796 2283 φιτ-

2230 2306 2315 2359 σὶν
2354 2307 2383 2358 ό
2410 2306 2665 2378 Χριστὸς,
2691 2306 2837 2359 τοῦτ’
2864 2305 2980 2360 ἔστι
3011 2309 3125 2370 τοῖς
3150 2305 3218 2362 τὰ
3253 2308 3311 2360 ἑν
3351 2308 3540 2379 κόσμῳ
3569 2306 3797 2379 φρονοῦσι

2227 2399 2322 2451 καὶ
2368 2382 2592 2469 ἀγαπᾷν
2628 2398 2909 2466 ἑλομένοις
2937 2397 3006 2451 τά
3049 2397 3269 2466 ἐπίγεια
3296 2438 3309 2462 ,
3341 2398 3591 2469 χωρητόν
3617 2414 3676 2466 γε
3711 2397 3797 2468 μὴν

2228 2489 2321 2541 καὶ
2354 2489 2692 2542 εὐκάτοπτον
2748 2491 2864 2551 τοῖς
2910 2487 3105 2557 ἁγίοις.
3137 2486 3236 2541 Διά
3290 2488 3456 2542 ποίαν
3504 2487 3710 2555 αἰτίαν;
3741 2488 3794 2540 0i

2231 2579 2330 2649 μὲν
2370 2578 2480 2649 γὰρ
2529 2577 2899 2632 δυσέκπλυτον
2930 2576 3148 2647 ἔχοντες
3176 2576 3276 2648 τὴν
3329 2576 3689 2648 ἀκαθαρσίαν,
3721 2575 3797 2626 καὶ

2225 2670 2409 2743 λήμης
2448 2670 2639 2742 ὥσπερ
2671 2669 2816 2734 τινὸς
2861 2670 2954 2723 τὸν
2997 2670 3201 2723 οἰκεῖον
3235 2669 3647 2741 ἀναπλήσαντες
3672 2666 3796 2731 νοῦν,

2225 2765 2286 2816 τὸ
2313 2765 2411 2834 τῆς
2465 2763 2617 2826 θείας
2668 2761 2887 2831 φύσεως
2925 2762 2986 2815 ού
3022 2761 3393 2833 περιαθροῦσι
3443 2760 3663 2826 κάλλος,
3695 2756 3798 2812 οὔτε

2230 2856 2337 2927 μὴν
2372 2854 2435 2909 τὸ
2476 2853 2573 2908 τοῦ
2609 2854 2749 2907 Πνεύ
2761 2870 2928 2925 ματος
2959 2854 3363 2925 καταδὲχονται
3394 2853 3574 2923 νόμον,
3605 2850 3795 2921 όλοτρό-

2228 2965 2346 3011 πως
2382 2950 2494 3011 τοῖς
2527 2948 2625 3015 τῆς
2665 2946 2869 3017 σαρκὸς
2911 2945 3348 3019 τυραννούμενοι
3396 2946 3622 3002 πάθεσιν
3645 2962 3660 2978 ο
3691 2946 3734 2997 oi
3756 2942 3801 2995 ει

2227 3040 2424 3108 ἀγαθοὶ
2449 3039 2543 3094 καὶ
2565 3039 2847 3110 νηφαλὲοι,
2882 3038 3251 3109 σχολάζουσαν
3276 3038 3395 3092 τῶν
3427 3040 3486 3093 ἑν
3521 3038 3701 3107 κόσμῳ
3717 3050 3799 3088 κα-

527 3139 721 3194 dicens
757 3157 771 3193 :
810 3157 828 3189 ι
868 3138 1145 3204 Quoniam
1187 3146 1369 3194 autem
1424 3139 1561 3194 estis
1613 3138 1733 3203 filii,
1766 3138 1921 3194 misit
1975 3137 2119 3193 Deus

2227 3135 2337 3188 κῶν
2365 3133 2578 3204 ἔχοντες
2601 3132 2700 3203 τὴν
2732 3131 2979 3201 καρδίαν,
3010 3128 3372 3196 είσοικίζουσι
3408 3131 3507 3202 μὲν
3532 3131 3588 3183 ἐν
3616 3127 3801 3188 ἑαυτοῖς

530 3229 805 3300 Spiritum
843 3230 972 3285 Filii
1001 3232 1085 3288 sui
1131 3230 1185 3285 in
1234 3231 1404 3287 corda
1461 3239 1667 3295 vestra,
1724 3231 2057 3287 clamantem
2104 3249 2117 3287 :

525 3322 709 3389 Abba,
746 3322 911 3378 Pater
941 3324 1007 3377 ⁵⁸.
1053 3341 1070 3374 ι

2231 3226 2475 3279 ἐθελοντὶ
2511 3224 2605 3277 τὸν
2656 3222 3053 3294 Παράκλητον,
3080 3222 3413 3287 διασώζουσι
3453 3223 3512 3276 δὲ
3553 3220 3797 3283 λαϐόντες,

2229 3320 2325 3374 καὶ
2379 3316 2612 3370 καθόσον
2646 3315 2955 3386 ἀνθρώποις
3010 3315 3265 3385 ἐφικτὸν,
3298 3314 3509 3386 νοητῶς
3538 3310 3798 3384 θεωροῦσι,

528 3414 665 3469 πολύ
702 3435 753 3471 τι
799 3416 896 3470 καὶ
944 3417 1107 3487 μέγα,
1153 3417 1246 3471 καὶ
1285 3418 1652 3490 ἀξιοζήλωτον
1706 3416 1957 3472 ἐντεῦθεν
1990 3414 2454 3491 ἀποκομιζόμενοι
2503 3413 2690 3482 γέρας.
2723 3412 2968 3479 Ἀγιάσει
2993 3411 3103 3482 γὰρ
3164 3411 3391 3477 αὐτοὺς,
3452 3411 3545 3465 καὶ
3607 3409 3797 3463 πάντων

525 3508 662 3578 ὁμοῦ
693 3510 799 3561 τῶν
818 3508 1039 3577 ἀγαθῶν
1061 3510 1432 3572 ὰποτελεστάς
1470 3509 1766 3575 ἀποδείξει,
1794 3512 1889 3564 καὶ
1903 3511 1963 3563 τὸ
1992 3511 2090 3582 μὲν
2123 3510 2220 3581 τῆς
2236 3502 2744 3577 ἁνθρωποπρεποῦς
2779 3503 3021 3567 δουλείας
3050 3498 3240 3573 αἶσχος
3267 3504 3427 3572 ἀφιεῖ
3459 3501 3568 3575 [γρ.
3592 3497 3800 3569 ἀφελεῖῙ,

524 3600 604 3672 τῷ
637 3602 693 3654 δὲ
730 3602 830 3672 τῆς
864 3603 1136 3667 υἱοθεσίας
1194 3603 1473 3674 ἀξιώματι
1543 3605 1852 3675 περιϐαλεῖ.
1901 3608 2014 3659 Καὶ
2067 3605 2415 3677 μαρτυρήσει
2489 3602 2669 3671 λέγων
2717 3604 2740 3653 5
2784 3599 3031 3664 Παῦλος·
3068 3619 3087 3649 ι
3127 3599 3251 3652 Ὂτ.
3306 3600 3366 3653 δέ
3402 3602 3524 3653 ἑστε
3577 3599 3697 3662 υἱοὶ,
3726 3593 3800 3658 ἑξ-

524 3694 843 3749 απέστειλεν
890 3697 918 3748 ό
969 3696 1101 3762 Θεὸς
1134 3704 1195 3752 το
1235 3698 1459 3771 Πνεῦμα
1508 3700 1603 3753 τοῦ
1640 3702 1771 3754 Υίοῦ
1807 3702 1973 3756 αὑτοῦ
2010 3704 2091 3766 είς
2125 3703 2223 3766 τὰς
2251 3700 2482 3772 καρδίας
2511 3698 2688 3769 ὑμῶν,
2720 3697 2927 3768 κρᾶζον
2951 3714 2965 3728 ⁸
3019 3695 3211 3757 Ἀδδεί,
3246 3697 3275 3749 ὁ
3308 3697 3524 3768 Πατήρ.
3567 3715 3583 3747 ι

596 3785 738 3853 XIV,
790 3788 874 3843 i8.
909 3788 1029 3841 Non
1072 3788 1371 3858 relinquam
1426 3806 1516 3844 vos
1565 3790 1831 3859 orphanos
1865 3807 1882 3846 :
1911 3792 2117 3847 veniam

525 3876 594 3931 ad
622 3894 733 3932 vos.

592 3968 923 4026 Necessario
955 3985 1179 4043 quoque
1216 3985 1363 4025 nunc
1415 3970 1683 4027 Dominus
1715 3983 1901 4029 noster
1956 3971 2118 4028 Jesus

523 4060 778 4117 Christus
841 4062 911 4118 de
962 4070 1156 4117 sancta
1203 4070 1258 4116 et
1316 4064 1781 4119 consubstantiali
1840 4064 2117 4119 Trinitate

524 4168 841 4209 sermonem
891 4157 1161 4210 contexit.
1211 4153 1331 4210 Jani
1366 4156 1512 4211 enim
1554 4157 1713 4227 prius
1752 4157 2116 4225 diligentibus

525 4264 606 4315 se,
638 4249 824 4305 allatis
866 4250 932 4303 ad
987 4249 1284 4304 certiorem
1351 4249 1513 4305 fidem
1567 4251 1754 4306 verbis
1808 4265 1872 4303 ac
1922 4250 2113 4312 rebus,

522 4341 769 4396 ostendit
807 4342 1112 4397 secundum
1161 4353 1417 4397 naturam
1450 4359 1509 4399 se
1550 4344 1723 4397 Deum
1777 4359 1924 4408 esse,
1961 4355 2014 4397 ct
2048 4359 2114 4397 ex

522 4429 633 4485 Deo
660 4429 826 4486 Patre
855 4432 1130 4502 genitum,
1152 4434 1461 4503 eademque
1489 4449 1615 4488 cum
1649 4433 1746 4486 illo
1776 4433 2018 4503 potentia
2052 4448 2115 4488 ac

2298 3791 2419 3843 Οὐκ
2482 3786 2699 3857 ἀφήσω
2760 3785 2915 3855 ὑμᾶς
2978 3785 3327 3853 ὀρφανούς·
3365 3785 3611 3853 ἔρχομαι
3673 3780 3801 3850 πρὸς

2221 3880 2398 3951 ὑμᾶς.

2307 3971 2652 4040 Ἀναγκαίως
2674 3970 2768 4023 καί
2798 3968 2893 4023 νῦν
2921 3972 2949 4023 ὁ
2978 3969 3182 4042 Κύριος
3205 3969 3368 4039 ἡμῶν
3401 3968 3607 4041 Ἰησοῦς
3633 3970 3660 4022 ό
3687 3967 3802 4036 Χρι-

2223 4066 2348 4129 στὸς
2377 4066 2469 4119 τὸν
2507 4065 2636 4135 περὶ
2683 4064 2783 4133 τῆς
2814 4063 2979 4131 ἁγίας
3022 4080 3082 4115 τε
3130 4062 3227 4115 καὶ
3266 4062 3561 4132 ὁμοουσίου
3597 4058 3803 4131 Τριάδος

2224 4160 2504 4229 ἑξυφαίνει
2557 4158 2738 4227 λόγον.
2779 4157 2999 4226 Δέδειχε
3065 4156 3165 4225 μὲν
3222 4156 3333 4226 γὰρ
3378 4156 3480 4227 ήδη
3536 4154 3800 4226 πρότερον,

2224 4252 2494 4323 παραθεὶς
2536 4252 2617 4315 εἰς
2650 4250 3029 4321 πληροφορίαν
3051 4248 3247 4316 λόγους
3273 4266 3335 4301 τε
3364 4248 3462 4302 καὶ
3500 4248 3802 4318 πράγματα,

2221 4348 2335 4408 τοῖς
2358 4343 2646 4412 ἀγαπῶσιν
2680 4343 2864 4408 αὑτὸν,
2897 4342 2979 4395 ὅτι
3014 4359 3073 4394 τε
3105 4342 3199 4395 καὶ
3218 4341 3462 4410 ύπάρχοι
3485 4338 3625 4393 κατά
3660 4338 3802 4405 φύσιν

2222 4435 2375 4501 Θεὸς,
2401 4434 2494 4488 καὶ
2539 4437 2602 4488 ἐκ
2644 4435 2781 4488 θεοῦ
2809 4434 3135 4506 γεγέννηται
3166 4436 3409 4505 Πατρός,
3450 4433 3727 4497 ίσοσθενής
3752 4427 3803 4480 τέ

520 4521 808 4578 voluntate
856 4525 1174 4595 prmditum.
1215 4527 1434 4581 Idcirco
1492 4526 1638 4580 enim
1709 4526 1892 4580 aiebat
1953 4525 2116 4579 modo

2226 4530 2339 4580 ἑστι
2367 4527 2464 4582 καὶ
2498 4526 2817 4597 ίσογνώμων
2834 4526 3122 4597 αὐτῷ’Δή
3153 4526 3263 4597 γὰρ
3299 4526 3466 4579 τοῦτο
3490 4527 3586 4580 καὶ
3616 4525 3803 4594 ἔφασκε

519 4615 742 4684 quidem
778 4633 792 4670 :
831 4635 849 4667 ι
883 4615 1027 4683 Quia
1075 4632 1182 4689 ego
1232 4618 1381 4688 quod
1418 4618 1639 4686 loquor,
1674 4631 1702 4669 a
1744 4615 1957 4685 meipso
1997 4631 2103 4670 non

520 4709 755 4777 loquor;
792 4727 811 4761 ι
846 4709 1013 4764 modo
1041 4724 1174 4764 vero
1203 4724 1436 4764 rursus:
1476 4727 1494 4758 ι
1531 4708 1586 4761 Si
1614 4716 1724 4761 non
1760 4706 1904 4761 facio
1939 4722 2106 4776 opera

518 4798 699 4854 Patris
748 4800 878 4865 mei,
913 4801 1084 4855 nolite
1112 4800 1342 4855 credere
1379 4799 1513 4853 mihi
1551 4818 1563 4852 :
1598 4799 1681 4853 s'rii
1720 4809 1904 4853 autem
1940 4797 2103 4865 facio,

517 4901 571 4944 ιιι
596 4892 642 4946 si
678 4893 812 4946 milii
848 4907 957 4946 non
994 4892 1243 4954 creditis,
1280 4891 1546 4960 operibus
1576 4891 1713 4946 meis
1741 4889 1949 4944 credite
1981 4890 2047 4943 ⁸³.
2082 4910 2100 4943 ι

519 4984 627 5041 Sed
677 4998 911 5041 necesse
938 4992 1061 5039 erat
1111 4994 1378 5054 praeterea
1415 4986 1482 5040 de
1516 4994 1708 5038 sancto
1746 4984 1867 5054 ipso
1900 4983 2104 5053 Spiritu

416 5072 419 5073 ⁷
519 5085 669 5133 recte
720 5084 777 5132 et
828 5075 1113 5145 inculpata
1160 5077 1392 5131 sentire.
1439 5078 1536 5131 Sic
1595 5078 1743 5132 enim
1791 5078 2105 5132 auditorum

521 5177 733 5245 mentes
786 5182 1020 5236 prorsus
1071 5166 1137 5220 ad
1197 5183 1405 5221 rectam
1452 5168 1577 5222 fidei
1625 5170 1901 5223 rationem
1944 5169 2107 5241 dirigi

519 5268 793 5332 poterant.
828 5260 970 5326 Quid
1028 5276 1162 5331 ergo
1213 5275 1316 5314 nos
1371 5261 1538 5331 812
1570 5261 1832 5317 Christus
1880 5278 1944 5316 ex
2002 5263 2106 5317 hoc

517 5357 639 5410 loco
684 5354 905 5421 doceat,
930 5355 1123 5424 paucis
1161 5368 1466 5422 exponam.
1504 5355 1685 5408 Alium
1720 5354 1880 5409 nobis
1932 5371 1961 5408 a
1996 5354 2105 5409 Deo

515 5455 567 5500 et
593 5444 757 5503 Patre
787 5446 1018 5502 missum
1051 5447 1116 5500 iri
1153 5444 1368 5509 dicens,
1402 5445 1666 5515 singulari
1696 5447 1937 5502 consilio
1977 5446 2097 5502 fidei

515 5538 822 5594 doctrinam
860 5539 1066 5592 firmat.
1112 5534 1384 5589 Futurum
1418 5536 1563 5591 enim
1614 5547 1733 5591 erat
1786 5547 1864 5602 ut,
1902 5554 2099 5608 perpe-

515 5642 635 5685 ram
706 5628 913 5685 dictiim
980 5629 1115 5684 illud
1178 5627 1400 5698 quidatn
1456 5630 1776 5700 capientes,
1840 5640 2099 5701 putarent

585 5807 632 5841 ⁸⁸
664 5806 706 5862 ll
733 5805 885 5864 Petr.
926 5825 968 5881 i,
1003 5809 1056 5864 4.
1133 5808 1366 5866 "Hebr.
1409 5826 1484 5878 γι,
1515 5810 1568 5865 Ii.
1646 5812 1688 5844 ⁵⁷
1727 5810 1963 5883 Philipp.
2014 5830 2097 5882 ιιι,

2303 5817 2348 5848 ⁵⁸
2388 5815 2562 5872 Galat.
2599 5834 2673 5885 iv,
2704 5816 2758 5874 6.

2223 4619 2352 4672 ποτε
2389 4619 2487 4690 μέν
2517 4640 2532 4650 ·
2580 4640 2597 4673 ι
2631 4620 2753 4673 Ὅτι
2810 4618 2923 4688 ἐγὼ
2948 4618 2976 4671 ὃ
3016 4618 3183 4684 λαλῶ,
3219 4620 3316 4673 ἀπ’
3356 4616 3602 4690 ἐμαυτοῦ
3632 4618 3690 4670 οὐ
3722 4615 3804 4666 λα-

2221 4711 2318 4777 λῶ,
2345 4732 2362 4764 ι
2394 4712 2525 4765 ποτὲ
2563 4711 2619 4765 δὲ
2654 4713 2815 4766 πάλιν
2844 4729 2857 4740 ·
2899 4730 2916 4762 ι
3054 4713 3115 4765 οὐ
3152 4711 3288 4764 ποιῶ
3316 4712 3388 4766 τὰ
3419 4711 3561 4782 ἔργα
3588 4707 3680 4762 τοῦ
3708 4707 3803 4760 [I1-

2219 4805 2349 4877 τρός
2387 4822 2509 4876 μου,
2551 4804 2624 4877 μὴ
2682 4805 2968 4858 πιστεύετέ
3003 4819 3126 4875 μοι’
3162 4806 3209 4856 εἰ
3254 4803 3311 4857 δὲ
3345 4803 3512 4868 ποιῶ,
3548 4800 3650 4855 κᾶν
3697 4793 3807 4866 ἐμοὶ

2225 4897 2300 4969 μὴ
2335 4897 2627 4967 πιστεύητε
2654 4939 2668 4962 ,
2698 4901 2811 4960 τοῖς
2858 4897 3042 4967 ἔργοις
3104 4915 3206 4966 μου
3243 4895 3560 4949 πιστεύετε.
3609 4913 3627 4944 ι
3678 4887 3806 4943 Ἀλλ’

2210 4987 2277 5062 ἦν
2327 4992 2418 5043 ἐπὶ
2457 4990 2671 5053 τούτοις
2714 4990 2775 5041 ού
2815 4990 3054 5059 μετρίως
3101 4990 3404 5057 ἀναγκαῖον
3459 4987 3522 5040 τὸ
3579 4984 3673 5039 καὶ
3729 4976 3807 5031 ἐπ’

2211 5081 2362 5153 αὐτῷ
2387 5081 2464 5153 τῷ
2488 5082 2630 5152 ἁγίῳ
2663 5079 2943 5151 Πνεύματι
2970 5082 3067 5153 τὴν
3097 5080 3272 5153 ὀρθῶς
3312 5097 3374 5132 τε
3407 5080 3507 5133 καὶ
3548 5070 3806 5142 ἀνεγκλή-

2209 5192 2318 5237 τως
2346 5174 2579 5245 ἔχουσαν
2608 5174 2858 5244 δέχεσθαι
2879 5172 3056 5239 δόξαν.
3083 5173 3241 5228 Οὕτω
3270 5174 3379 5245 γὰρ
3408 5166 3480 5243 ἦν
3509 5167 3808 5237 ὁλοκλήρως

2208 5270 2290 5331 εἰς
2319 5267 2586 5338 ὀρθότητα
2614 5268 2851 5331 πίστεως
2878 5267 2970 5322 τὸν
3016 5266 3127 5320 τῶν
3176 5266 3557 5339 ἀκροωμένων
3588 5253 3808 5316 ansues-

2208 5361 2398 5416 νεσθαι
2426 5361 2569 5415 νοῦν.
2620 5361 2684 5414 Τί
2727 5361 2907 5416 τοίνυν
2959 5363 3106 5431 ἡμᾶς
3138 5359 3229 5414 διὰ
3276 5360 3386 5413 τῶν
3432 5353 3807 5430 προκειμένων

2208 5453 2452 5507 διδάσκει
2486 5452 2744 5524 Χριστὸς,
2781 5454 2858 5517 ὡς
2883 5454 2941 5507 ἑν
2979 5453 3181 5522 ὀλίγοις
3210 5452 3547 5521 ἐκθήσομαι.
3585 5448 3802 5513 Ἕτερον

2209 5547 2343 5617 ἡμῖν
2373 5545 2526 5617 παρὰ
2560 5545 2654 5598 τοῦ
2693 5544 2828 5599 Θεοῦ
2869 5545 2962 5600 καὶ
2997 5544 3210 5616 Πατρὸς
3249 5539 3681 5613 πεμφθήσεσθαι
3724 5530 3805 5586 λέ-

2210 5652 2343 5704 γων,
2377 5636 2735 5705 ἁστραλίζεται
2770 5636 2933 5691 πάλιν
2980 5634 3337 5707 οἰκονομικῶς
3374 5633 3471 5689 τὸν
3500 5630 3595 5686 ἐπὶ
3620 5630 3684 5699 τῇ
3718 5620 3806 5675 πί*

2842 5817 2883 5850 ¹⁹
2920 5816 3081 5872 Joaii.
3119 5834 3169 5884 κ,
3209 5816 3295 5873 '57.
