4006 6414
192 334 292 390 ισι

1247 327 1309 382 IN
1346 326 1635 384 JOANNIS
1674 322 2127 381 EVAM-ELIUM
2170 325 2301 381 LIB.
2344 326 2435 381 IX.

3384 339 3498 394 sus

192 469 313 505 στει
350 446 653 519 λόγον.ἾΙν
668 452 776 523 γὰρ
803 451 865 522 δή
888 468 1037 515 τινας
1069 452 1212 514 εἰκὸς
1235 451 1334 504 οὐκ
1365 450 1539 520 ὀρθῶς
1565 449 1798 503 νοοῦντας

1927 447 2107 518 ipsum
2139 448 2327 505 dicere
2358 464 2468 504 non
2498 464 2623 506 esse
2656 465 2719 505 ex
2758 450 2849 505 Dei
2901 449 3211 510 substantia
3252 467 3504 514 sanctum

190 544 251 595 τὸ
265 542 576 613 εἰρημένον
598 543 882 613 οίήσεσθαι
913 543 1095 612 λέγειν
1114 543 1278 597 αὐτὸν
1301 544 1402 595 οὐκ
1425 544 1488 595 ὲκ
1512 542 1610 611 τῆς
1629 541 1813 604 οὐσίας

187 632 332 688 εἶναι
390 637 492 687 τοῦ
553 635 691 688 Θεοῦ
732 637 795 689 τὸ
842 635 1068 706 Πνεῦμα
1109 636 1170 688 τὸ
1209 630 1403 703 ἆγιον,”
1437 633 1691 704 καθάπερ
1721 630 1814 686 οῦν
1854 662 1867 668 -

188 723 337 788 ἔδοξε
372 724 490 778 τῶν
535 725 815 779 ἀσυνέτων
845 727 1010 786 τισὶν.
1029 726 1145 778 ἀλλ’
1177 725 1365 797 ἕτερόν
1394 743 1447 778 τι
1478 724 1619 778 κατὰ
1650 722 1813 793 φύσιν

192 818 475 888 ὑπάρχειν
508 817 646 871 αὐτό
671 835 683 848 ·
707 816 770 870 τὸ
803 818 911 889 γὰρ
941 816 1134 871 ἄλλον
1164 818 1358 883 εἰπεῖν,
1393 818 1548 887 παρά
1585 832 1647 884 γε
1701 817 1812 879 τοῖς

198 908 610 981 ἁμαθεστέροις
660 909 916 979 τοιαύτης
967 908 1109 972 τινὸς
1162 908 1342 970 αἰτίας
1374 907 1613 978 ἔμφασιν
1639 907 1813 958 εἰσκο-

201 1001 411 1069 μίσειεν
452 1000 543 1054 ἄν.
574 1003 695 1055 Ἱνα
737 1001 922 1054 τοίνυν
972 1001 1218 1074 ἐπιδείξῃ
1260 1001 1444 1069 σαφῶς
1483 1002 1565 1053 ὅτι
1588 1000 1679 1052 τὸν
1713 1000 1811 1070 τῆς

198 1092 528 1162 ἑτερότητος
565 1092 726 1163 λόγον
772 1093 834 1146 οὐ
879 1093 1001 1146 καθ’
1036 1093 1228 1165 ἕτερόν
1258 1110 1380 1146 τινα
1416 1092 1654 1145 νοεῖσθαι
1688 1089 1812 1160 βού-

198 1186 344 1238 λεται.
374 1185 612 1256 τρόπον,
661 1185 801 1239 ἁλλὰ
847 1184 991 1238 κατὰ
1024 1185 1184 1256 μόνον
1236 1185 1298 1241 τὸ
1352 1183 1494 1247 ἰδίως
1538 1184 1808 1252 ὑπάρχειν

196 1276 327 1330 αὐτὸ
360 1276 623 1347 (Πνεῦμα
654 1276 764 1348 γὰρ
786 1316 801 1341 ,
825 1277 886 1331 τὸ
917 1277 1143 1348 Πνεῦμα
1172 1277 1266 1331 κα)⁵
1304 1277 1404 1346 οὐχ
1426 1274 1554 1339 Υἱός
1574 1291 1589 1306 ο
1618 1273 1808 1345 ὥσπερ

193 1364 286 1421 οῦν
314 1367 470 1432 Υἱὸς,
506 1369 536 1421 ὁ
572 1368 703 1432 Υἱὸς
763 1369 858 1421 καὶ
906 1370 1026 1440 οὐχὶ
1072 1368 1306 1443 Πατὴρ),
1332 1364 1806 1436 ἀποσταλήσεσθαι

188 1459 282 1513 τὸν
334 1460 707 1532 Παράκλητον
747 1459 940 1524 εἰπὼν,
976 1461 1138 1524 αὐτὸς
1180 1460 1330 1529 ἥξειν
1383 1457 1803 1527 ἐπαγγέλλεται,

187 1551 290 1621 οὐχ
323 1551 522 1621 ἕτερόν
560 1570 613 1605 τι
647 1553 710 1604 τὸ
740 1552 967 1624 Πνεῦμα
1005 1552 1222 1616 δεικνὺς
1252 1552 1284 1620 ἦ
1324 1553 1463 1622 ὅπερ
1498 1551 1648 1604 ἐστὶν
1707 1550 1807 1603 αὑ-

184 1645 305 1706 τὸς,
350 1644 595 1715 ἐπείπερ
630 1645 779 1698 ἐστὶν
809 1646 874 1697 ὲκ
907 1644 1001 1697 τοῦ
1035 1644 1246 1715 Πατρὸς
1280 1646 1410 1697 ἴδιον
1442 1641 1669 1715 Πνεῦμα
1706 1644 1804 1696 καὶ

183 1729 361 1785 αὐτοῦ
396 1730 606 1785 νοεῖται
637 1735 732 1786 καὶ
766 1733 911 1796 Νοῦς
939 1733 1104 1787 αὐτοῦ
1134 1734 1222 1786 διὰ
1268 1732 1427 1785 τοῦτο
1461 1732 1796 1803 ὠνόμασται.

1921 539 2210 608 Spiritum,
2260 542 2426 596 siculi
2484 544 2773 598 nonnullis
2820 543 2997 599 visum
3060 556 3145 601 cst
3203 547 3502 619 imperitis,

1918 631 2012 687 sed
2056 632 2338 688 diversum
2381 634 2646 704 quiddam
2698 652 2824 692 eum
2881 638 3190 693 secundum
3244 650 3503 696 naturam

1915 724 2227 780 exsistere:
2265 741 2392 781 nam
2433 728 2581 797 quod
2614 729 2782 783 alium
2853 729 3015 797 dixit,
3053 732 3107 785 in
3149 746 3321 786 causa
3363 732 3505 788 forte

1915 814 2082 871 fuerit
2126 832 2223 871 cur
2270 818 2325 872 id
2390 821 2633 876 sentiant
2685 823 2954 891 imperiti.
2998 824 3065 879 Ut
3110 841 3242 896 ergo
3292 825 3504 897 liquido

1914 915 2254 962 monstraret
2311 910 2481 965 alium
2559 927 2591 966 a
2660 928 2720 968 se
2794 914 2902 968 diei
2967 931 3075 970 non
3151 918 3262 970 alio
3339 919 3504 972 modo

1912 1013 2077 1067 quam
2128 998 2277 1086 quod
2317 999 2433 1068 ipse
2484 1003 2708 1071 proprie
2742 1004 3003 1058 subsistit
3035 1004 3301 1076 (Spiritus
3351 1008 3500 1060 enim

1909 1097 1999 1145 est
2029 1088 2298 1160 Spiritus,
2331 1107 2395 1146 ac
2425 1108 2534 1147 non
2565 1093 2762 1159 Filius,
2788 1098 2954 1151 sicuti
2986 1097 3164 1153 Filius
3190 1108 3274 1154 est
3301 1097 3499 1161 Filius,

1910 1195 1977 1235 ac
2037 1197 2151 1235 non
2205 1182 2414 1251 Pater),
2466 1185 2698 1240 missum
2760 1188 2826 1241 iri
2876 1186 3222 1244 Paracletum
3278 1190 3499 1259 dicens,

1910 1272 2028 1343 ipse
2061 1282 2358 1328 venturum
2395 1290 2455 1330 se
2500 1277 2816 1345 pollicetur,
2847 1294 2956 1334 non
2990 1281 3159 1335 alium
3192 1296 3222 1335 a
3257 1298 3316 1337 se
3373 1281 3501 1352 Spi-

1909 1366 2076 1419 ritum
2122 1367 2447 1432 ostendens,
2474 1370 2921 1442 quandoquidem
2960 1381 3045 1427 est
3078 1390 3142 1429 ex
3180 1373 3340 1428 Patre
3370 1389 3500 1444 pro-

1908 1458 2064 1528 prius
2080 1457 2342 1529 Spiritus,
2360 1468 2413 1515 et
2436 1461 2558 1531 ejus
2587 1477 2711 1517 esse
2736 1463 3079 1535 intelligitur,
3098 1474 3154 1521 et
3185 1465 3339 1522 Mens
3372 1467 3495 1537 ejus

1905 1549 2116 1604 idcirco
2164 1560 2250 1606 est
2288 1562 2672 1623 nuncupatus.
2703 1553 2863 1612 Unde
2895 1556 3098 1612 l’aulus
3145 1558 3383 1627 idipsum
3418 1560 3497 1614 si-

1904 1640 2196 1712 gniﬁcans,
2241 1644 2321 1698 ait
2364 1664 2377 1698 :
2414 1665 2431 1696 ι
2466 1643 2579 1702 Nos
2626 1658 2811 1703 autem
2851 1646 3061 1704 Christi
3115 1665 3342 1705 sensum
3394 1650 3497 1704 ha-

1908 1733 2098 1790 bemus
2132 1734 2196 1787 “.
2238 1753 2257 1786 ι
2298 1736 2467 1792 Recte
2503 1737 2693 1808 itaque
2730 1746 2787 1794 et
2817 1739 3118 1811 ,inculpate
3168 1743 3493 1808 sentientes,

182 1823 301 1877 Καὶ
336 1823 476 1891 γοῦν
505 1826 534 1877 ὁ
562 1824 776 1886 Παῦλος
816 1842 980 1894 φησιν
1018 1824 1151 1878 αὐτὸ
1190 1824 1253 1895 δὴ
1283 1821 1443 1877 τοῦτο
1476 1802 1757 1894 σημαίνων
1783 1838 1795 1851 ·

1907 1831 1962 1880 et
1996 1824 2143 1880 omni
2178 1840 2368 1882 errore
2413 1827 2654 1897 ahjecto,
2689 1843 2976 1883 sacrarum
3028 1829 3361 1886 Litterarum
3396 1832 3497 1887 do-

187 1931 206 1963 ι
264 1914 475 1985 Ἡμεῖς
506 1914 564 1967 δὲ
594 1914 718 1968 νοῦν
744 1915 984 1985 Χριστοῦ
1019 1915 1236 1987 ἔχομεν.
1270 1936 1289 1968 ι
1322 1916 1605 1980 Συνιέντες
1626 1916 1803 1969 τοίνυν

179 2003 371 2075 ὀρθῶς
397 2022 461 2058 τε
500 2005 595 2058 καὶ
625 2005 902 2070 ἀπλανῶς,
930 2008 1024 2061 καὶ
1056 2006 1117 2061 τὸ
1147 2007 1512 2078 ὲκτρέπεσθαί
1542 2024 1631 2061 ποι
1654 2007 1805 2078 παρὰ

178 2098 243 2150 τὸ
281 2098 469 2162 εἰκὸς,
498 2098 576 2163 ὡς
610 2098 869 2164 ἀκαλλὲς,
900 2098 1274 2171 διωθούμενοι,
1308 2102 1402 2155 καὶ
1427 2104 1540 2164 τοῖς
1563 2102 1661 2172 τῆς
1686 2101 1803 2154 θεο·

180 2189 325 2243 πνεύ
336 2206 472 2243 στου
494 2190 721 2262 Γραφῆς
745 2192 1004 2261 ἑπόμενοι
1032 2191 1232 2260 λόγοις,
1261 2193 1442 2264 φαμὲν
1462 2195 1545 2247 ὅτι
1561 2194 1660 2265 οὐχ
1684 2193 1804 2246 ’ἐτε-

182 2283 278 2352 ρόν
314 2300 374 2337 τι
428 2284 567 2351 παρ’
595 2284 781 2349 αὐτὸν,
814 2286 937 2338 ὅσον
979 2280 1115 2358 ἧκεν
1147 2288 1322 2339 εἰπεῖν
1363 2288 1443 2349 είς
1494 2287 1803 2356 ταυτότητα

181 2376 438 2447 φυσικὴν
470 2417 486 2442 ,
518 2376 871 2449 διῃρημένως
920 2394 979 2431 τε
1018 2377 1115 2431 καὶ
1170 2377 1575 2442 ἰδιοσυστάτως.
1633 2378 1803 2433 Τοῦτο

179 2467 291 2539 γὰρ
324 2509 341 2532 ,
366 2463 565 2538 οἶμαι,
602 2468 785 2531 συνεὶς
836 2471 931 2523 καὶ
957 2472 985 2523 ὁ
1031 2469 1316 2533 θεσπέσιος
1360 2470 1572 2532 Παῦλος
1619 2489 1800 2542 παρα-

183 2561 381 2632 μίσγει
428 2559 729 2624 πολλάκις,
759 2562 856 2614 καὶ
885 2561 961 2625 ὼς
996 2562 1195 2615 ταυτὸν
1226 2560 1285 2615 ὃν
1315 2560 1578 2632 ἑκάτερον
1611 2561 1800 2630 εἰσφέ-

184 2671 289 2725 ρει,
331 2653 430 2707 τὸν
471 2653 837 2724 Παράκλητόν
895 2671 1037 2725 φημι
1082 2653 1299 2707 καὶτὸν
1346 2653 1494 2707 Υίὸν.
1529 2655 1801 2727 Εὐρήσεις

180 2746 292 2816 γὰρ
327 2744 571 2813 λέγοντα
594 2760 607 2774 ο
657 2763 675 2796 ι
708 2745 773 2803 Εἰ
805 2744 862 2797 δέ
895 2762 980 2808 τις
1007 2744 1234 2816 Πνεῦμα
1259 2744 1497 2816 Χριστοῦ
1525 2745 1627 2799 οὐκ
1662 2745 1796 2816 ἔχει,

180 2832 339 2900 οὗτος
370 2836 480 2890 οὐκ
517 2836 666 2889 ἔστιν
690 2835 914 2889 αὑτοῦ.»
940 2836 1054 2889 Καὶ
1078 2836 1241 2892 πάλιν
1261 2835 1424 2901 εὐθύς
1444 2852 1456 2865 ·
1492 2838 1556 2889 Εἰ
1581 2836 1636 2889 δὲ
1662 2838 1798 2908 Χρι·

184 2944 307 2991 στος
344 2930 408 2981 ὲν
450 2928 620 2999 ὑμῖν,
648 2927 712 2980 τὸ
743 2928 840 2998 μὲν
873 2927 1032 2997 σῶμα
1062 2928 1253 2999 νεκρὸν
1285 2928 1372 2981 διὰ
1406 2929 1702 3000 ἁμαρτίαν,
1737 2928 1800 2982 τὸ

184 3021 236 3073 δὲ
284 3019 529 3091 Πνεῦμα
580 3020 695 3090 ζωὴ
747 3020 836 3073 διὰ
893 3019 1266 3091 δικαιοσύνην.
1309 3039 1328 3069 ι
1378 3020 1624 3084 Ἀκούεις
1680 3020 1799 3085 πῶς

186 3110 428 3181 Χριστὸν
485 3112 634 3180 ἔχειν
688 3109 987 3181 διαρρήδην
1017 3109 1272 3180 ὁμολογεῖ
1312 3110 1440 3173 τοὺς
1480 3109 1541 3162 τὸ
1571 3109 1795 3180 Πνεῦμα
1824 3150 1866 3206 C

182 3203 458 3266 λαὸόντας
516 3202 684 3256 αὐτοῦ
719 3220 733 3268 ;
768 3202 907 3273 Φησὶ
958 3201 1016 3255 δὲ
1067 3203 1159 3256 καὶ
1200 3205 1259 3256 ἐν
1312 3201 1553 3273 ἑτέρως’
1590 3221 1607 3253 ι
1641 3202 1795 3256 Δοκῶ

179 3294 286 3364 γὰρ
345 3290 514 3359 κάγὼ
551 3290 778 3361 Πνεῦμα
810 3292 945 3345 Θεοῦ
977 3291 1143 3362 ἔχειν.
1185 3310 1205 3344 ι
1260 3292 1319 3345 Ὀ
1357 3291 1414 3345 δὲ
1461 3292 1619 3346 τοῦτο
1658 3291 1795 3363 πρὸς

179 3388 331 3455 ἡμᾶς
353 3383 535 3437 είπὼν
570 3401 585 3416 ’
617 3403 636 3435 ι
667 3385 730 3436 Ei
759 3384 988 3456 δοκιμὴν
1016 3387 1252 3455 ζητεῖτε,
1279 3386 1433 3456 φησὶ,
1466 3382 1560 3436 τοῦ
1587 3385 1644 3436 ἐν
1673 3384 1798 3454 ἐμοὶ

176 3474 485 3538 λαλοῦντος
514 3473 783 3544 Χριστοῦ,
829 3493 846 3526 ι
890 3476 985 3529 καὶ
1016 3477 1147 3547 ἡμῖν
1178 3476 1237 3530 δὲ
1276 3478 1389 3541 τοῖς
1429 3475 1797 3530 πεπιστευκό-

179 3585 267 3621 σιν
319 3566 615 3636 ἐνοικῆσαι
677 3567 913 3639 Χριστὸν
959 3567 1050 3621 διὰ
1100 3568 1200 3638 τῆς
1248 3567 1486 3632 πίστεως
1536 3567 1797 3631 πολλάκις

177 3658 531 3738 ἐπεύχεται)
568 3658 749 3710 καίτοι
793 3658 854 3712 τὸ
910 3659 1134 3730 Πνεῦμα
1180 3659 1468 3730 δεχόμενος
1508 3660 1570 3713 τὸ
1616 3660 1792 3728 ἅγιον.

176 3752 293 3804 Καὶ
328 3752 410 3821 μή
440 3767 527 3825 τις
577 3750 774 3803 οἰέσθω
814 3751 993 3821 λέγειν
1042 3753 1193 3823 ἡμᾶς
1239 3752 1323 3805 ὅτι
1368 3751 1477 3805 τῶν
1514 3752 1797 3822 ὀνομάτων

178 3846 303 3915 ἦτοι
332 3844 448 3897 τῶν
484 3841 797 3915 προσώπων
824 3845 1039 3917 ἀναιρεῖ
1063 3844 1161 3915 τὴν
1181 3846 1261 3907 εἰς
1292 3844 1550 3916 ἑκάτερον
1583 3844 1792 3911 στάσιν,

179 3938 213 4008 ἢ
240 3939 325 3991 ὅτι
369 3938 467 3990 τὸν
510 3936 642 3990 Υἰὸν
670 3939 769 4009 οὐχ
810 3938 939 3991 Υίδν
973 3933 1114 3992 εἷναί
1155 3954 1342 4009 φησιν,
1376 3936 1513 3990 ἀλλὰ
1544 3935 1792 4008 Πνεῦμα,

183 4030 356 4100 ἦγουν
395 4029 462 4082 τὸ
498 4026 744 4099 Πνεῦμα,
796 4028 1021 4100 Πνεῦμα
1076 4028 1175 4100 μὲν
1209 4030 1310 4082 οῦκ
1373 4022 1534 4095 οἶδεν,
1566 4028 1697 4081 Υἱὸν
1738 4028 1796 4081 δὲ

184 4117 325 4174 εἶναί
356 4137 532 4191 φησιν
553 4138 567 4151 ·
609 4120 670 4173 οὐ
695 4119 803 4192 γὰρ
845 4112 997 4185 οὗτος
1019 4122 1084 4192 ἦν
1111 4124 1167 4174 ἐν
1202 4119 1397 4191 ἐκείνῳ
1428 4120 1650 4184 σκοπὸς,
1677 4118 1795 4172 ἀλλ’

181 4209 304 4264 οὐδὲ
332 4210 519 4273 οῦτως
546 4211 895 4281 πιστεύομεν.
920 4206 1040 4263 υἷδε
1058 4209 1166 4281 γὰρ
1188 4210 1287 4281 τῆς
1313 4208 1474 4277 ἁγίας
1491 4207 1585 4261 καὶ
1609 4211 1795 4279 ὀμοου-

184 4303 302 4356 σίου
330 4301 577 4373 Τριὰδος
603 4300 701 4372 τὴν
732 4300 1133 4373 ἀπαρίθμησιν,
1163 4303 1257 4356 καὶ
1287 4301 1394 4374 ἰδίᾳ
1419 4301 1519 4372 μὲν
1562 4302 1795 4355 ἕκαστον

182 4394 288 4447 τῶν
320 4394 751 4465 σημαινομένων
779 4395 1080 4463 ὑφεστάναι
1106 4394 1378 4448 διδάσκει⁹
1408 4395 1467 4447 τό
1500 4411 1564 4460 γε
1599 4393 1703 4465 μὴν
1737 4393 1795 4446 ὲν

1905 1919 2150 1971 ctrinam
2189 1927 2503 1986 sequentes,
2533 1919 2774 1976 dicimus
2813 1937 2924 1975 non
2974 1936 3101 1978 esse
3143 1922 3294 1977 aliud
3329 1922 3497 1993 quid-

1903 2008 2027 2062 dam
2062 2008 2130 2063 ab
2161 2007 2306 2078 ipso,
2359 2010 2542 2080 quoad
2591 2012 2905 2068 naturalem
2950 2012 3299 2070 identitatem
3339 2015 3494 2070 vide-

1903 2098 2056 2163 licet,
2102 2098 2440 2171 divisimque
2487 2114 2551 2156 ac
2606 2102 2864 2158 seorsim.
2915 2099 3032 2158 Hoc
3076 2103 3225 2158 enim
3273 2104 3495 2160 divinus

1902 2204 2125 2259 quoque
2172 2188 2383 2246 Paulus
2431 2174 2752 2263 intelligens
2804 2193 3003 2249 miscet
3054 2194 3405 2265 plerumque,
3440 2205 3496 2251 et

1902 2288 2202 2350 utrumque
2250 2281 2401 2335 velut
2449 2280 2706 2337 eumdem
2752 2281 2991 2350 inducit,
3021 2281 3373 2339 Paracletum
3410 2286 3494 2341 ni-

1901 2374 2102 2427 mirum
2134 2382 2190 2427 et
2220 2371 2445 2428 Filium.
2477 2372 2737 2430 Invenies
2767 2374 2976 2452 quippe
3005 2376 3089 2432 sic
3121 2378 3439 2449 loquentem
3475 2397 3490 2435 :

1907 2481 1926 2515 ‹
1975 2462 2033 2517 Si
2063 2463 2189 2533 quis
2220 2462 2490 2534 Spiritum
2520 2464 2730 2523 Christi
2767 2483 2876 2522 non
2920 2467 3106 2536 habet,
3133 2468 3226 2525 hic
3261 2486 3371 2541 non
3409 2478 3495 2527 est

1900 2540 2093 2625 ejus.)
2132 2553 2195 2609 Et
2219 2555 2407 2611 statim
2432 2572 2627 2613 rursus
2657 2576 2670 2613 :
2711 2578 2729 2611 ι
2758 2556 2815 2612 Si
2843 2558 3101 2616 Christus
3124 2560 3180 2615 in
3198 2540 3491 2629 vobisiest,

1900 2662 2102 2717 corpus
2144 2648 2368 2718 quidem
2426 2659 2705 2705 mortuum
2757 2657 2844 2706 est
2898 2661 3125 2722 propter
3177 2662 3489 2722 peccatum,

1900 2740 2130 2810 spiritus
2176 2754 2311 2795 vero
2360 2740 2498 2794 vivit
2557 2750 2786 2811 propter
2830 2741 3110 2812 justitiam
3135 2744 3203 2798 “.
3249 2763 3268 2797 ι
3314 2743 3492 2799 Audis

1898 2846 2009 2901 quo
2056 2840 2215 2901 pacto
2250 2831 2532 2887 Christum
2568 2832 2773 2888 habere
2806 2840 2997 2902 aperte
3043 2832 3369 2905 proﬁteatur
3397 2850 3493 2891 eos

1901 2923 1992 2993 qui
2023 2921 2294 2993 Spiritum
2331 2922 2454 2991 ejus
2490 2923 2883 2995 susceperint?
2916 2925 3062 2991 Quin
3097 2934 3153 2981 et
3188 2926 3323 2982 alibi
3356 2942 3493 2997 quo-

1900 3016 2118 3085 quesait
2153 3035 2164 3069 :
2198 3034 2217 3067 ι
2253 3014 2395 3071 Puto
2439 3026 2623 3072 autem
2674 3017 2820 3087 quod
2862 3025 2917 3071 et
2952 3017 3222 3088 Spiritum
3263 3019 3358 3076 Dei
3395 3020 3493 3074 ha-

1898 3105 2056 3161 beam
2085 3108 2152 3161 ".
2187 3125 2205 3158 ι
2242 3105 2347 3173 Qui
2376 3114 2557 3161 autem
2586 3107 2693 3163 hoc
2719 3108 2885 3164 nobis
2926 3108 3069 3164 dixit
3101 3126 3115 3165 :
3155 3128 3175 3162 ι
3211 3110 3295 3166 An
3325 3127 3491 3183 expe-

1899 3195 2197 3249 rimentum
2268 3197 2519 3266 quaeritis
2592 3196 2715 3266 ejus
2782 3197 2879 3269 qui
2954 3197 3206 3269 loquitur
3279 3200 3335 3255 in
3406 3218 3492 3257 me

1898 3287 2156 3343 Christus
2189 3287 2281 3342 ⁸³⁸2
2315 3308 2333 3339 ›
2368 3288 2513 3344 idem
2545 3299 2601 3345 et
2642 3290 2716 3344 in«
2739 3292 2899 3347 nobis
2930 3291 3286 3349 credentibus
3333 3293 3495 3349 Chri-

1900 3390 2044 3435 stum
2097 3380 2413 3436 inhabitare
2461 3398 2558 3453 per
2617 3383 2778 3438 ﬁdem
2832 3399 2976 3455 saepe
3033 3395 3313 3457 precatur,
3361 3387 3493 3443 licet

1902 3474 2170 3545 Spiritum
2212 3482 2468 3531 sanctum
2513 3477 2771 3547 accipiat.
2806 3476 2995 3548 Neque
3024 3495 3156 3539 vero
3193 3480 3491 3551 quisquam

1900 3564 2082 3620 dicere
2115 3581 2217 3621 nos
2249 3565 2532 3622 existimet
2563 3582 2689 3621 eum
2728 3569 3017 3624 nominum
3071 3579 3166 3625 aut
3222 3587 3492 3643 persona-

1872 3672 2022 3737 \rum
2064 3664 2363 3728 utrumque
2411 3665 2619 3712 statum
2653 3668 2937 3727 evertere,
2986 3669 3080 3716 aut
3123 3662 3325 3718 Filium
3379 3681 3490 3719 non

1897 3766 2023 3806 esse
2051 3748 2255 3803 Filium
2290 3750 2653 3815 contendere,
2693 3751 2789 3807 sed
2824 3751 3131 3823 Spiritum;
3164 3763 3262 3809 aut
3312 3755 3488 3825 Spiri’

1898 3848 2013 3895 tum
2052 3839 2325 3911 Spiritum
2357 3842 2580 3911 quidem
2631 3857 2744 3896 non
2791 3856 3113 3913 agnoscere,
3141 3844 3238 3899 sed
3283 3843 3487 3900 Filium

1897 3948 2021 3988 esse
2048 3933 2240 3989 dicere
2271 3951 2283 3987 :
2315 3948 2424 3987 non
2461 3933 2606 3987 enim
2643 3933 2697 3988 id
2736 3942 2854 3989 erat
2891 3935 2942 3987 ei
2996 3934 3361 4004 propositum,
3390 3953 3488 3993 ne-

1896 4040 2004 4096 que
2034 4040 2200 4095 porro
2232 4040 2334 4080 nos
2364 4025 2440 4078 ita
2488 4026 2789 4080 credimus.
2818 4024 3041 4081 Sciebat
3084 4027 3232 4081 enim
3281 4038 3488 4085 sanctae

1894 4125 1950 4172 et
2003 4115 2505 4171 consubstantialis
2553 4116 2848 4171 Trinitatis
2889 4118 3391 4186 enumerationem,
3434 4129 3488 4175 et

1896 4207 2149 4277 singulas
2176 4206 2399 4275 quidem
2438 4222 2708 4276 personas
2737 4206 2902 4261 docet
2938 4208 2992 4262 in
3027 4223 3128 4263 sua
3156 4225 3281 4266 esse
3314 4211 3485 4283 hypo-

1897 4299 2055 4363 stasi,
2086 4305 2471 4354 verumtamen
2518 4307 2768 4355 sanctam
2802 4299 3136 4357 Trinitatem
3173 4302 3230 4359 in
3281 4304 3487 4361 identi-

1899 4402 2011 4447 tate
2030 4391 2353 4447 nullatenus
2370 4386 2624 4448 variante
2651 4394 2814 4447 sitam
2840 4409 2965 4450 esse
2986 4402 3175 4465 aperte
3199 4397 3486 4466 praedicat.

182 4484 607 4555 ἁπαραλλάκτῳ
655 4484 869 4537 κεῖσθαι
917 4485 1207 4555 ταυτότητι
1260 4485 1358 4556 τὴν
1392 4483 1552 4553 ἁγίαν
1586 4485 1628 4536 Τ
1634 4484 1793 4555 ριάδα

1901 4484 2065 4555 813
2095 4482 2321 4553 Alioqui
2353 4480 2633 4550 quomodo
2668 4479 2913 4551 Spiritus
2952 4490 3037 4537 est
3072 4498 3135 4537 ac
3172 4487 3483 4540 nominatur

182 4575 546 4644 διακὴρύττει
574 4573 783 4642 σαφῶς.
830 4576 984 4628 Ἐπεὶ
1016 4575 1133 4639 πῶς
1168 4576 1228 4628 τὸ
1258 4575 1489 4646 Πνεῦμα
1516 4575 1651 4637 Θεὸς
1680 4575 1796 4629 ἔστι

182 4667 276 4719 καὶ
320 4663 663 4735 ὀνομάζεται
698 4682 711 4732 ;
752 4685 770 4716 ι
803 4666 916 4720 Ούκ
949 4666 1129 4721 οἴδατε
1163 4667 1273 4737 γὰρ
1298 4708 1311 4728 ,
1344 4667 1536 4737 φησὶν,
1565 4668 1646 4720 ὃτι
1670 4668 1797 4732 ναὸς

181 4758 317 4812 Θεοῦ
354 4759 511 4823 ἐστε,
547 4759 643 4812 καὶ¹
677 4756 737 4810 τὸ
765 4757 990 4827 Πνεῦμα
1034 4759 1128 4812 τοῦ
1160 4758 1296 4812 Θεοῦ
1332 4760 1389 4812 ὲν
1420 4759 1547 4830 ύμῖν
1576 4761 1748 4826 οίκεῖ;
1770 4778 1789 4812 ι

183 4848 242 4902 Ei
265 4850 351 4914 δὲ,
377 4848 621 4919 ἐπείπερ
650 4849 708 4901 ὲν
732 4851 866 4919 ἡμῖν
887 4850 1029 4901 οίκεῖ
1056 4848 1117 4901 τὸ
1145 4847 1391 4918 Πνεῦμα,
1414 4848 1532 4901 ναοὶ
1561 4848 1793 4917 γεγόνα-

185 4958 280 5009 μεν
309 4939 409 4993 τοῦ
459 4938 620 5005 Θεοῦ,
654 4939 772 5002 πῶς
822 4941 922 4992 οὐκ
966 4941 1028 4991 ὲκ
1079 4939 1213 4992 Θεοῦ
1262 4940 1322 4992 τὸ
1376 4939 1620 5009 Πνεῦμα,
1644 4938 1788 4992 τοῦτ’

178 5031 351 5100 ἐστιν,
390 5035 458 5085 ὲκ
488 5032 590 5103 τῆς
639 5030 829 5094 οὐσίας
858 5030 1024 5084 αὐτοῦ
1043 5070 1056 5095 ,
1087 5032 1221 5083 Θεὸν
1243 5031 1301 5085 ἐν
1330 5033 1464 5102 ἡμῖν
1488 5032 1693 5097 οίκίξον
1719 5032 1787 5087 δι’

184 5124 382 5180 ἑαυτοῦ
408 5144 422 5191 ;
457 5123 671 5178 υύκοῦν
702 5124 803 5178 οῦκ
832 5124 1112 5192 ἀλλότριον
1145 5124 1243 5194 τῆς
1271 5122 1405 5188 ἰδίας
1428 5123 1642 5193 φύσεως
1666 5123 1788 5177 δει-

185 5220 313 5281 κνὺς
347 5217 413 5270 τὸ
441 5214 667 5287 Πνεῦμα
700 5219 728 5270 ὁ
761 5216 1096 5286 Μονογενὴς,
1139 5214 1291 5285 παρὰ
1321 5215 1416 5269 τοῦ
1448 5217 1661 5286 Πατρὸς
1695 5218 1787 5269 ὲκ-

187 5309 509 5381 πέμπεσθαι
536 5310 649 5371 τοῖς
689 5308 867 5377 ἁγίοις
898 5307 1068 5360 εἰπὼν
1104 5308 1195 5360 τὸν
1220 5307 1596 5379 Παρακλητον,
1627 5308 1789 5374 αὐτὸς

186 5400 333 5469 ⁴ἥξειν
391 5400 795 5469 ἐπαγγέλλεται
825 5443 838 5466 ,
877 5399 972 5453 καὶ
1006 5399 1104 5470 τὴν
1159 5400 1364 5471 πατρὸς
1418 5401 1570 5466 τάξιν
1604 5402 1788 5465 αὐτοῖς

191 5492 674 5565 ἁποπληροῦν,ἵνα
707 5492 782 5565 μὴ
819 5493 1072 5563 καθάπερ
1122 5492 1268 5553 τινὲς
1294 5493 1522 5563 ὀρφανοὶ
1560 5494 1658 5565 τῆς
1691 5493 1786 5546 τοῦ

190 5584 593 5657 προεστηκότος
621 5586 944 5658 ἐπικουρίας
972 5583 1169 5657 ἔρημοι
1196 5583 1285 5637 διά
1316 5601 1375 5637 τε
1406 5583 1563 5638 τοῦτο
1599 5584 1784 5639 λοιπὸν

1900 4573 2077 4629 Deus?
2114 4592 2133 4624 ι
2170 4571 2413 4628 Nescitis
2442 4572 2617 4635 enim,
2660 4571 2863 4640 inquit,
2908 4572 3038 4642 quia
3076 4575 3341 4642 templum
3394 4574 3485 4631 Dei

1898 4666 2056 4730 estis,
2087 4672 2144 4720 et
2195 4664 2438 4732 Spiritus
2474 4662 2568 4717 Dei
2621 4662 2835 4717 habitat
2876 4664 2931 4717 in
2968 4664 3123 4719 vobis
3148 4664 3231 4718 M’?
3272 4685 3291 4718 ι
3330 4666 3484 4733 Quod

1899 4759 1945 4815 si
1995 4773 2061 4813 ex
2109 4773 2176 4813 eo
2223 4758 2369 4837 quod
2422 4756 2667 4827 Spiritus
2707 4756 2763 4811 in
2811 4757 2974 4813 nobis
3014 4757 3250 4823 habitat,
3288 4761 3484 4831 templa

1898 4853 2027 4906 facti
2068 4867 2262 4907 sumus
2297 4851 2413 4913 Dei,
2444 4850 2724 4920 quomodo
2757 4842 2865 4906 non
2895 4867 2964 4907 ex
2995 4850 3105 4906 Deo
3134 4849 3395 4922 Spiritus,
3434 4853 3485 4909 id

1898 4951 1981 4999 est
2014 4959 2076 4998 ex
2108 4940 2419 4997 substantia
2449 4924 2590 5010 ejus,
2621 4941 2715 5011 qui
2752 4940 2921 4996 Deum
2951 4944 3006 4997 in
3045 4942 3208 4998 nobis
3239 4942 3484 4999 habitare

1898 5034 2034 5089 facit
2076 5049 2173 5105 per
2225 5035 2472 5103 seipsum
2504 5032 2527 5086 ?
2568 5033 2845 5100 Quocirca
2884 5049 2994 5087 non
3051 5034 3293 5090 alienum
3326 5050 3355 5089 a
3387 5052 3484 5091 sua

1898 5136 2094 5181 natura
2125 5125 2426 5187 ostendens
2462 5124 2732 5196 Spiritum
2784 5126 3136 5197 Unigenitus,
3189 5134 3482 5198 postquam

1897 5220 2036 5274 dixit
2070 5233 2100 5272 a
2130 5218 2293 5274 Patre
2329 5217 2477 5272 mitti
2512 5227 2765 5273 sanctum
2805 5214 3176 5282 Paracletum,
3201 5217 3317 5286 ipse
3350 5233 3481 5272 ven-

1897 5321 2082 5366 turum
2138 5326 2198 5366 se
2238 5311 2554 5381 pollicetur,
2612 5318 2682 5365 et»
2718 5308 2891 5377 patris
2948 5308 3071 5363 loco
3116 5308 3185 5364 iis
3221 5307 3372 5368 fore.
3417 5323 3479 5363 nc

1896 5402 2050 5458 velut
2092 5401 2329 5471 orphani
2368 5400 2595 5471 quidam
2651 5400 2851 5454 tutoris
2902 5397 3160 5469 praesidio
3205 5397 3481 5454 destituti.

1895 5492 2107 5547 idcirco
2134 5490 2341 5547 diaboli
2392 5490 2612 5560 laqueis
2659 5494 2905 5559 pateant,
2937 5495 2991 5539 et
3026 5485 3216 5540 mundi
3247 5485 3477 5540 scanda'

1897 5585 1989 5651 iis,
2026 5584 2202 5655 iisque
2244 5582 2436 5638 multis
2470 5597 2537 5638 ac
2561 5583 2708 5637 velut
2756 5576 3086 5634 necessitate
3114 5574 3354 5646 quadam
3394 5590 3474 5633 m-

261 5762 304 5793 ⁶⁶
346 5760 363 5814 Ι
402 5762 530 5820 Cor.
578 5780 647 5830 ιι,
700 5764 785 5819 ιϐ.
864 5765 905 5796 ⁶¹
949 5763 1108 5820 Rom.
1150 5780 1269 5832 vm,
1298 5761 1352 5829 9,
1388 5764 1475 5819 10.
1556 5762 1648 5816 "1
1685 5761 1796 5819 Cor

1906 5778 1945 5829 ι,
1990 5762 2077 5817 40.
2158 5746 2201 5794 δέ
2237 5759 2279 5814 ll
2312 5758 2442 5813 Cor.
2479 5772 2597 5823 xm,
2634 5756 2689 5810 5.
2769 5754 2815 5788 “
2850 5752 2880 5809 l‘
2906 5753 3036 5811 Cor.
3072 5768 3159 5824 ιιι,
3196 5749 3290 5810 10.
