4006 6424
544 348 651 407 εὶθῦ
1546 341 1602 396 S.
1643 339 1919 397 CYlilLLI
1964 337 2425 395 ALEXANDRINI
2470 336 2792 394 ARCIIIEP.
3703 348 3790 408 26$

478 510 485 517 ο
544 471 897 543 grnentibus,
943 481 1054 540 pra:
1098 476 1291 521 eorum
1325 475 1353 515 a
1389 459 1594 531 quibus
1626 458 1946 513 inferuntur
1981 456 2060 512 cm

2209 511 2212 521 ,
2242 461 2360 521 ταῖς
2386 458 2480 510 τοῦ
2502 456 2751 510 διαϐόλου
2796 454 3024 523 παγίσιν
3057 453 3342 519 εὐάλωτοι,
3374 456 3466 511 καὶ
3506 454 3611 525 τοῖς
3640 462 3690 516 ἓν
3714 467 3791 518 κό-

546 577 680 621 nato
712 567 920 621 l'urorc.
942 566 1110 617 Arma
1141 560 1325 628 itaque
1343 565 1398 611 et
1416 554 1816 621 munimentum
1843 551 2122 611 infractun

2254 568 2375 621 σμιρ
2411 549 2733 612 σκανδάλοις
2758 547 3162 619 εὐεπιχείρητοι
3188 547 3309 601 λίαν
3330 549 3677 620 εὑρίσκονται,
3694 557 3795 609 καί·

549 660 765 714 nostris
830 654 1114 711 mentibus
1176 650 1329 705 dedit
1387 646 1549 701 Pater
1585 645 1792 699 Christi
1847 643 2131 713 Spiritum,

2251 658 2333 695 τοι
2374 641 2594 705 πολλοῖς
2633 637 2753 694 οὖσι
2793 640 2890 693 καὶ
2917 639 2994 703 ὡς
3040 638 3101 704 ἐξ
3126 639 3373 710 ἀνάγκης
3409 642 3798 714 ἐρχομένοιςδά

552 752 648 820 qui
680 748 914 819 gratiam
949 746 1074 814 ejus
1102 751 1158 798 et
1207 738 1556 810 praesentiam
1595 746 1761 806 atque
1795 736 2055 790 virtutem
2087 736 2134 789 in

2250 734 2350 806 τὴν
2379 734 2684 788 ἀκάθεκτον
2722 733 2832 787 τῶν
2877 734 3196 802 ἐπαγόντων
3246 735 3461 803 μανίαν.
3493 736 3683 791 Ὅπλον
3723 737 3798 794 οὖν

554 841 716 895 nobis
751 839 961 907 implet.
996 834 1143 888 Fieri
1185 832 1328 886 enim
1370 827 1565 899 nequit
1592 835 1651 880 ut
1683 826 1925 881 hominis
1960 827 2136 879 anima

2252 825 2363 897 ἄρα
2393 827 2489 880 καὶ
2537 824 2839 894 ἀσφάλειαν
2879 823 3101 897 άρῤαγῆ
3152 825 3276 888 ταῖς
3305 824 3598 896 ἡμετέραις
3632 826 3802 898 ψυχαῖς

554 934 684 989 boni
729 930 1030 1000 quidquam
1074 933 1222 995 agat,
1252 931 1347 976 aut
1378 937 1511 976 suas
1538 918 1872 989 cupiditates
1900 925 2136 988 superet,

2252 919 2483 973 δέδωκεν
2527 918 2557 970 ὁ
2593 918 2785 989 Πατὴρ
2829 916 2890 970 τὸ
2930 915 3155 986 Πνεῦμα
3204 916 3443 987 Χριστοῦ
3470 958 3485 983 ,
3515 919 3610 987 τὴν
3663 921 3801 974 αὐτοῦ

553 1028 650 1074 ειη
673 1034 830 1072 acres
857 1015 1062 1069 diaboli
1100 1014 1327 1082 laqueos
1347 1012 1535 1076 evitet,
1566 1008 1670 1063 nisi
1695 1009 1872 1063 sancti
1900 1007 2135 1077 Spiritus

2252 1009 2415 1081 χάριν
2449 1028 2508 1063 τε
2561 1011 2657 1063 καὶ
2704 1008 3011 1081 παρουσίαν
3050 1008 3147 1061 καὶ
3187 1007 3416 1077 δύναμιν
3446 1010 3503 1062 ἐν
3531 1010 3654 1080 ημῖν
3690 1016 3805 1066 ἀπο-

554 1112 727 1182 gratia
791 1109 1003 1161 nninita
1054 1108 1164 1167 sit,
1210 1106 1507 1176 ipsumque
1556 1105 1614 1158 in
1675 1104 1880 1173 seipsa,
1916 1103 2136 1172 proinde

2254 1102 2515 1173 πληροῦν.
2535 1102 2842 1173 Ἀμήχανον
2859 1100 2968 1171 γὰρ
2987 1098 3277 1171 ἀνθρώπου
3298 1101 3474 1174 ψυχὴν
3500 1106 3806 1177 κατορθῶσαί

551 1203 868 1266 Christum,
904 1200 1125 1253 habeat.
1150 1197 1307 1253 Unde
1345 1196 1561 1251 Psaltes
1592 1196 1684 1250 ille
1710 1196 1929 1250 divinus
1962 1203 2133 1266 gratu-

2255 1211 2305 1246 τι
2334 1194 2443 1247 τῶν
2464 1194 2684 1262 ἀγαθῶν
2700 1234 2713 1258 ,
2729 1193 2895 1264 ἤγουν
2911 1195 3021 1248 τῶν
3039 1194 3253 1248 οἰκείων
3277 1196 3551 1266 κρατῆσαι
3584 1198 3807 1271 παθῶν,ἢ

552 1292 754 1344 latoria
803 1290 1050 1343 carmina
1107 1303 1205 1358 pro
1249 1303 1347 1343 sua
1381 1287 1652 1357 sapientia
1706 1300 2042 1356 componens
2078 1286 2134 1340 ad

2254 1286 2352 1357 τῆς
2366 1284 2458 1339 τοῦ
2476 1285 2721 1340 διαϐόλου
2747 1288 2978 1356 παγίδος
3000 1288 3180 1357 ὀξείας
3200 1287 3481 1358 διαδρᾶναι
3504 1287 3563 1341 τὸ
3588 1290 3807 1358 μέγεθος,

556 1385 723 1438 Deum
777 1384 1092 1437 clamabat:
1125 1399 1144 1431 ι
1183 1380 1436 1443 Domine,
1476 1388 1536 1432 ut
1571 1386 1733 1433 scuto
1772 1378 1929 1432 home
1957 1380 2138 1434 volun-

2257 1382 2334 1451 μὴ
2367 1382 2434 1451 τῇ
2474 1378 2565 1432 τοῦ
2601 1379 2758 1448 ἁγίου
2812 1380 3128 1451 Πνεύματος
3177 1379 3587 1451 τετειχισμένην
3633 1381 3810 1452 χάριτι,

555 1478 685 1533 tatis
736 1487 845 1531 tuae
876 1474 1161 1530 coronasti
1198 1488 1301 1527 nos
1334 1472 1401 1536 “,
1434 1480 1453 1522 δ
1492 1479 1710 1525 scutum
1765 1471 1924 1525 bona:
1954 1471 2137 1525 volun-

2238 1473 2350 1526 ’καὶ
2373 1465 2534 1526 αὑτὸν
2563 1473 2794 1544 ἔχουσαν
2828 1474 2885 1526 ὲν
2938 1475 3104 1544 ἑαυτῇ
3135 1473 3224 1527 διὰ
3257 1473 3419 1526 τοῦτο
3443 1473 3690 1544 Χριστόν.
3722 1474 3813 1526 Καὶ

557 1573 686 1625 tatis
718 1570 865 1623 aliud
900 1567 1036 1621 nihil
1064 1582 1188 1622 esse
1222 1565 1416 1620 dicens
1438 1578 1604 1633 quam
1636 1572 2016 1634 protegentem
2045 1578 2139 1619 nos

2254 1564 2385 1634 γοῦν
2413 1567 2442 1619 ὁ
2473 1564 2761 1627 Θεσπέσιος
2795 1566 2926 1636 ἡμῖν
2968 1564 3222 1636 Μελῳδδς
3251 1564 3322 1619 τά
3346 1564 3490 1635 ὑπὲρ
3525 1561 3707 1618 τούτου
3732 1581 3815 1633 χαι

559 1671 812 1717 sanctum
852 1661 1146 1726 Spiritum,
1178 1666 1233 1714 et
1287 1656 1600 1712 incredibili
1633 1671 1732 1712 sua
1774 1664 2047 1726 potestate
2088 1664 2141 1709 ul

2258 1657 2514 1729 ριστήρια
2575 1657 2665 1711 διά
2708 1657 2810 1726 τῆς
2865 1657 3093 1728 ἐνούσης
3139 1656 3290 1728 αὐτῷ
3340 1657 3531 1725 σοφίας
3578 1654 3815 1718 συντιθεὶς

553 1754 703 1825 quod
764 1754 871 1809 Deo
935 1753 1199 1824 placitum
1261 1760 1349 1805 est
1402 1750 1644 1804 velimus
1700 1749 2135 1803 conﬁrmantem.

2256 1749 2523 1818 ἀνεφώνει
2554 1750 2689 1821 πρὸς
2744 1749 2879 1803 Θεόν
2913 1766 2927 1779 ο
2972 1768 2990 1801 ι
3037 1748 3212 1820 Κύριε
3240 1789 3255 1814 ,
3287 1749 3366 1813 ὼς
3406 1748 3556 1819 ὅπλῳ
3600 1747 3817 1810 εὐδοκίας

558 1844 729 1917 Igitur
765 1844 1084 1899 adfuturum
1111 1857 1171 1897 se
1193 1848 1248 1896 et
1286 1840 1571 1910 suppetias
1597 1840 1838 1894 laturum
1873 1839 2140 1895 credenti-

2311 1842 2637 1910 ’τετράνωσας
2659 1843 2824 1913 ἡμᾶς’
2840 1861 2860 1895 ι
2880 1841 3045 1896 ὅπλον
3063 1841 3310 1904 εῦδοκίας
3328 1840 3485 1894 οὐδὲν
3510 1839 3597 1892 ἓτε
3606 1856 3689 1910 ρον
3704 1833 3820 1891 εἶναι
3888 1826 3893 1832 ’

559 1939 666 1994 bus
696 1939 750 1992 in
779 1954 840 1993 se
868 1935 1236 1991 nihilominus
1261 1932 1854 2003 pollicetur,quamvis
1888 1931 1943 1985 in
1977 1931 2141 1988 melos

2256 1933 2434 2002 λέγων
2459 1934 2491 2004 ἢ
2514 1933 2573 1985 τὸ
2596 1933 2938 2005 προασπίζον
2970 1932 3126 2004 ἡμῶν
3158 1933 3315 2002 ἅγιον
3341 1931 3697 2000 Πνεῦμα,κα“ι
3720 1930 3821 1982 ἁδο-

560 2032 715 2102 ipsos
765 2038 895 2100 post
942 2026 1415 2083 resurrectionem
1473 2040 1539 2079 ex
1588 2025 1822 2078 mortuis
1864 2024 2142 2085 ascendat.

2256 2026 2410 2095 κήτῳ
2457 2024 2700 2095 συνέχων
2749 2023 2860 2096 [γρ.
2902 2023 3148 2096 συνέχον]
3192 2023 3342 2094 ἰσχύϊ
3393 2024 3533 2094 πρὸς
3567 2021 3627 2075 τὸ
3661 2020 3825 2074 δοκοῦν

563 2130 622 2177 ut
653 2132 918 2191 appareat
949 2133 1096 2173 nunc
1129 2117 1305 2172 vultui
1336 2114 1431 2171 Dei
1462 2131 1562 2186 pro
1595 2116 1777 2183 nobis,
1811 2114 1969 2185 juxta
1991 2114 2145 2169 Pauli

2253 2115 2331 2186 τῷ
2359 2115 2500 2187 Θεῷ.
2537 2116 2746 2170 Οὐκοῦν
2785 2119 2867 2170 ὅτι
2900 2117 3171 2188 παρέσται
3203 2117 3299 2170 καὶ
3345 2114 3607 2186 βοηθήσει
3640 2113 3721 2167 διὰ
3746 2110 3824 2164 τοῦ

557 2226 750 2268 vocem
780 2213 847 2265 “.
2253 2206 2572 2278 Πνεύματος
2617 2210 2728 2272 τοῖς
2778 2208 3129 2261 πιστεύουσιν
3159 2210 3238 2272 είς
3288 2208 3459 2262 αὐτὸν
3512 2207 3660 2261 οὐδὲν
3691 2201 3829 2278 ἦττον

559 2304 973 2374 ἐπαγγέλλεται,
1006 2303 1111 2357 κᾶν
1149 2304 1230 2366 εἰς
1270 2301 1470 2365 αὐτοὺς
1519 2300 1785 2372 ἀναϐαίνῃ
1825 2300 1951 2363 τοὺς
1983 2299 2269 2372 οὐρανοὺς,
2305 2299 2443 2370 μετά
2462 2299 2560 2371 τὴν
2599 2299 2663 2353 ὲκ
2725 2300 2930 2373 νεκρῶν
2966 2300 3287 2367 ἀναϐίωσιν,
3362 2299 3462 2355 νῦν
3526 2297 3830 2371 ἐμφανισθῆ-

561 2402 752 2456 σεσθαι
782 2400 860 2472 τῷ
903 2400 1180 2473 προσώπῳ
1220 2400 1314 2453 τοῦ
1350 2398 1484 2453 Θεοῦ
1519 2399 1660 2468 ὑπὲρ
1691 2397 1872 2468 ἡμῶν,
1900 2397 2041 2452 κατὰ
2070 2396 2169 2470 τὴν
2207 2396 2301 2450 τοῦ
2335 2396 2545 2450 Παύλου
2577 2399 2782 2468 φωνήν.

634 2496 775 2564 Χιν,
850 2497 935 2551 i9.
979 2496 1164 2551 Adhuc
1209 2494 1505 2559 modicum,
1557 2504 1605 2549 et
1652 2494 1882 2549 mundus
1916 2510 1997 2547 me
2036 2493 2148 2560 iam

2328 2493 2456 2547 Ἔτι
2499 2493 2737 2563 μικρὸν,
2790 2493 2885 2548 καί
2924 2496 2958 2548 ὁ
3009 2494 3240 2562 κόσμος
3267 2508 3348 2561 με
3376 2490 3581 2545 οὐκέτι
3629 2485 3827 2556 θεωρεῖ·

558 2605 664 2644 non
697 2590 835 2642 videt
867 2604 885 2642 :
916 2603 1001 2642 vos
1036 2594 1212 2640 autem
1257 2585 1445 2639 videtis
1500 2601 1581 2638 me
1601 2622 1616 2649 ,
1647 2585 1773 2654 quia
1812 2586 1946 2649 vivo,
1974 2591 2027 2638 et
2059 2600 2140 2639 υοι

2254 2580 2425 2651 ὑμεῖς
2450 2580 2520 2635 δὲ
2564 2582 2831 2652 θεωρεῖτέ
2866 2599 2962 2654 με,
3011 2582 3101 2635 ὅτι
3132 2581 3249 2651 ἐγὼ
3280 2579 3376 2647 ζῶ,
3414 2582 3515 2635 καὶ
3543 2577 3709 2649 ὑμεῖς
3750 2577 3829 2647 ζὴ-

557 2682 761 2738 vivetis.

2255 2675 2463 2727 σεσθε.

629 2772 872 2844 Instante
895 2770 1009 2841 jam
1038 2768 1254 2824 foribus
1276 2768 1414 2839 ipsis
1436 2768 1722 2838 passione,
1745 2774 1799 2822 et
1822 2767 2155 2837 assumptio-

2341 2765 2466 2818 Ἐπὶ
2498 2765 2691 2837 θύραις
2718 2765 2871 2829 ὄντος
2901 2764 2995 2818 τοῦ
3024 2764 3250 2833 πάθους,
3289 2765 3389 2820 xui
3413 2765 3506 2819 τὸν
3533 2764 3631 2835 τῆς
3667 2761 3834 2831 ἀναζή-

557 2864 649 2919 nis
692 2873 910 2933 tempus
940 2876 1127 2916 secum
1164 2861 1485 2923 invehentc,
1519 2859 1852 2915 invisibilem
1883 2875 1944 2915 se
1989 2876 2139 2916 mun-

2258 2857 2406 2928 ψεως
2462 2859 2652 2930 καιρὸν
2709 2858 3143 2928 συνεισάγοντος,
3200 2858 3458 2922 ἄποπτος
3511 2855 3725 2910 ἔσεσθαι
3770 2851 3835 2923 τῷ

558 2956 631 3010 do
662 2955 778 3010 fore
809 2955 906 3017 ait,
938 2953 1045 3008 hoc
1085 2961 1171 3007 est
1205 2953 1272 3007 iis
1307 2953 1401 3024 qui
1454 2953 1791 3024 temporaria
1826 2953 1972 3007 bona
2005 2954 2140 3007 divi-

2258 2951 2451 3022 κόσμῳ
2485 2953 2638 3023 φησὶ,
2669 2952 2811 3006 τοῦτ’
2834 2952 2952 3005 ἔστι
2972 2955 3086 3015 τοῖς
3110 2952 3218 3005 τῶν
3249 2951 3417 3005 θείων
3459 2952 3835 3022 προτιμήσασιν

560 3047 648 3101 nis
671 3054 725 3099 et
752 3044 1074 3100 cmlestihus
1101 3051 1319 3098 terrena
1347 3052 1695 3114 przeponunt.
1725 3045 1793 3099 Et
1812 3060 1913 3101 nos
1930 3045 2142 3117 quidem

2256 3040 2478 3111 ἀγαθῶν
2512 3042 2611 3112 τὴν
2631 3042 2738 3097 τῶν
2785 3042 3136 3114 προσκαίρων
3167 3041 3475 3096 ἀπόλαυσιν
3515 3039 3611 3095 καὶ
3640 3038 3740 3093 τῶν
3764 3038 3838 3089 οὐ·

561 3136 950 3206 superiorihus
984 3144 1276 3206 cognatum
1330 3150 1552 3190 sensum
1602 3144 1869 3200 texentes,
1902 3152 2010 3191 non
2065 3145 2143 3193 te-

2261 3134 2462 3204 ρανίων
2488 3134 2557 3188 τὰ
2591 3134 2809 3204 ἐπίγεια
2838 3135 3185 3205 ποιουμένοις
3210 3137 3268 3187 ὲν
3302 3134 3581 3206 ἀμείνοσι.
3623 3133 3727 3186 Καὶ
3744 3131 3839 3192 τοῖς

562 3244 712 3281 mere
750 3227 999 3281 dicemus
1026 3224 1193 3281 Deum
1225 3234 1280 3280 et
1309 3223 1528 3281 Patrem
1570 3225 1915 3282 Paracletum
1935 3269 1951 3294 ,
1975 3227 2029 3282 id
2065 3235 2144 3283 est

2263 3225 2361 3295 μὲν
2383 3225 2483 3297 ἤδη
2510 3226 2929 3298 προειρημένοις
2965 3226 3202 3296 ἀδελφήν
3233 3243 3295 3278 τε
3318 3227 3418 3280 καὶ
3444 3226 3735 3297 σύνδρομον
3757 3221 3838 3291 τὴν

564 3317 830 3388 Spiritum
864 3324 1151 3382 sanctum,
1187 3315 1438 3384 dedisse,
1485 3332 1583 3387 per
1626 3315 1823 3371 Filium
1870 3317 2146 3373 nimirum.

2265 3315 2504 3369 διάνοιαν
2529 3315 2949 3385 .ὲξυφαίνοντες,
2980 3316 3213 3388 ἐροῦμεν
3236 3317 3488 3386 εὐλόγως
3520 3318 3603 3370 ὅτι
3629 3315 3715 3369 τὸν
3761 3313 3840 3383 μὲν

560 3406 730 3479 814
754 3407 949 3462 omnia
991 3407 1195 3477 Quippe
1239 3423 1336 3477 per
1367 3407 1549 3475 ipsum
1591 3421 1620 3459 a
1655 3405 1839 3462 Patre.
1877 3407 2043 3464 Venit
2072 3418 2142 3464 ta-

2262 3408 2638 3480 Παράκλητον,
2666 3408 2812 3462 τοῦτ’
2842 3408 2958 3463 ἐστι
2983 3408 3042 3462 τὸ
3078 3407 3307 3477 Πνεῦμα
3340 3410 3406 3462 τὸ
3433 3409 3613 3479 ἀγιον,
3637 3406 3843 3462 δέδωκεν

564 3517 688 3554 men
738 3516 847 3553 non
885 3499 938 3552 in
989 3514 1182 3553 omnes
1222 3500 1401 3554 bonos
1432 3513 1497 3552 ac
1544 3498 1722 3553 malos
1755 3497 2146 3567 indiﬁ‘erenter,

2262 3500 2289 3552 ό
2354 3499 2488 3562 Θεὸς
2557 3501 2653 3554 καὶ
2721 3500 2934 3572 Πατὴρ,
3003 3500 3071 3555 δι’
3129 3500 3260 3554 Υἱοῦ
3331 3502 3605 3572 δηλονότι.
3686 3500 3844 3555 Πάντα

565 3592 661 3647 sed
694 3592 748 3646 in
781 3605 921 3662 quos
948 3606 1072 3645 cum
1098 3591 1288 3646 venire
1316 3590 1568 3645 decebat.
1599 3590 1878 3656 Quantum
1908 3592 2056 3646 cnim
2089 3592 2147 3648 ad

2263 3591 2369 3664 γὰρ
2397 3591 2463 3645 δι’
2499 3593 2668 3647 αὐτοῦ
2717 3593 2869 3666 παρά
2912 3594 3149 3663 Πατρός.
3207 3594 3478 3667 Ἐλήλυθέ
3520 3612 3586 3664 γε
3628 3593 3731 3666 μὴν
3761 3591 3845 3644 οὐκ

564 3683 751 3738 dantis
807 3683 1306 3753 locupletissimam
1358 3689 1413 3736 et
1460 3682 1994 3738 abundantissimam
2042 3699 2146 3755 grai

2268 3684 2357 3738 ἐπὶ
2406 3684 2616 3750 πάντας
2665 3686 2994 3759 ἀδιακρίτως
3051 3688 3330 3759 πονηρούς
3351 3706 3414 3742 τε
3463 3690 3563 3743 καὶ
3610 3684 3850 3756 ἀγαθοὺς,

566 3775 698 3827 tiam
748 3776 964 3835 attinet.
999 3775 1187 3828 nullus
1233 3773 1552 3827 mortalium
1592 3776 1863 3829 remansit
1891 3790 1955 3830 ea
1992 3775 2148 3832 desti-

2266 3776 2374 3830 ἀλλ’
2406 3777 2490 3847 ἐφ’
2522 3776 2615 3842 οὒς
2656 3773 2725 3850 ἦν
2751 3777 2901 3850 αὐτῷ
2945 3778 3246 3849 βαδιεῖσθαι
3286 3780 3535 3852 πρέπον.
3570 3780 3733 3832 Ὅσον
3768 3773 3848 3847 μὲν

566 3876 722 3924 tutus
753 3886 766 3922 :
801 3887 818 3921 ‹
854 3867 1147 3922 Effundam
1201 3868 1380 3933 cnim,
1420 3867 1602 3939 inquit
1651 3868 1706 3922 in
1738 3870 2046 3939 prephetis,
2091 3870 2148 3926 de

2270 3871 2369 3945 γάρ
2408 3868 2543 3945 ἧκεν
2577 3874 2657 3936 εἰς
2689 3873 2788 3945 τὴν
2822 3871 2916 3926 τοῦ
2947 3872 3181 3937 διδόντος
3210 3873 3644 3944 πλουσιωτάτην
3679 3890 3735 3926 τε
3773 3869 3852 3924 καὶ

566 3961 764 4032 spiritu
800 3977 924 4016 meo
954 3977 1126 4032 super
1163 3975 1384 4015 omnem
1428 3977 1653 4017 carnem
1686 3963 1752 4017 ⁸⁷.
1789 3981 1806 4015 ι
1848 3963 2148 4034 Unusquis-

2270 3961 2492 4032 ἄφθονον
2549 3962 2729 4033 χάριν,
2790 3963 2968 4027 οὐδεὶς
3016 3962 3229 4034 ἔμεινεν
3284 3965 3569 4036 ἀμέτοχος
3622 3962 3728 4029 τῶν
3775 3958 3852 4012 ἐπὶ

565 4069 673 4123 que
707 4062 889 4107 tamen
923 4053 1027 4107 sibi
1080 4052 1184 4122 ipsi
1222 4059 1421 4107 auctor
1461 4061 1548 4107 est
1584 4052 1802 4109 fruendi
1839 4054 1969 4109 boni
2007 4054 2147 4111 illius

2272 4055 2360 4124 τῆς
2387 4057 2511 4126 γῆς’
2534 4074 2553 4108 ι
2577 4056 2782 4127 Ἐκχεῶ
2805 4059 2914 4129 γὰρ
2936 4096 2951 4121 ,
2983 4056 3149 4127 φησὶν
3181 4058 3239 4111 ἐν
3261 4060 3615 4130 προφήταις,
3645 4056 3750 4111 ἀπὸ
3777 4052 3854 4107 τοῦ

565 4145 842 4199 divinitus
883 4146 1020 4209 dati,
1057 4152 1153 4197 aut
1192 4160 1260 4198 eo
1303 4144 1523 4214 penitus
1549 4145 1793 4201 carendi.
1829 4145 2147 4216 Quicunque

2275 4144 2570 4215 πνεύματός
2612 4164 2712 4217 μου
2743 4148 2834 4200 ἐπὶ
2864 4148 3044 4201 πᾶσαν
3080 4148 3280 4219 σάρκα’
3328 4167 3346 4201 ι
3399 4150 3643 4214 ἔκαστός
3669 4166 3731 4218 γε
3767 4147 3857 4218 μὴν

565 4233 844 4303 cnim-per
875 4248 1039 4287 omne
1060 4233 1353 4303 probitatis
1379 4249 1552 4304 genus
1580 4243 1814 4291 mentem
1842 4251 1998 4290 suam
2027 4251 2147 4306 pur-

2278 4235 2439 4307 ἑαυτῷ
2463 4240 2757 4308 παραίτιος
2785 4239 2991 4307 γίνεται
3021 4239 3114 4295 τοῦ
3146 4240 3461 4312 κεκτῆσθαι
3500 4244 3565 4296 τὸ
3604 4240 3860 4296 θεόσδοτον

567 4337 699 4394 gare
729 4323 945 4387 nolunt,
973 4322 1068 4379 sed
1104 4325 1158 4377 in
1187 4324 1376 4379 mundi
1403 4326 1563 4383 malis
1591 4329 1934 4396 volutantur,
1968 4329 2149 4384 divina

2277 4327 2484 4395 ὶγαθὺν,
2514 4322 2561 4400 ἦ
2580 4329 2674 4384 καὶ
2705 4330 2950 4400 μηδόλως
2996 4331 3156 4385 ἑλεῖν.
3189 4333 3252 4384 Οἱ
3287 4333 3396 4403 μὲν
3430 4333 3548 4405 γάρ
3580 4332 3673 4386 διὰ
3700 4332 3859 4400 πάσης

567 4415 744 4484 gratia
781 4415 939 4469 vacui
984 4416 1372 4484 remanebunt,
1419 4434 1531 4473 non
1564 4419 1831 4475 videbunt
1875 4419 2149 4476 Christum

2280 4419 2559 4483 ιπιεικείας
2600 4419 2690 4473 τὸν
2752 4422 2951 4476 οἰκεῖον
3015 4423 3503 4493 ἀποκαθαίροντες
3552 4424 3681 4480 νοῦν
3720 4423 3862 4478 οὐδα-

567 4507 625 4561 in
664 4507 887 4577 seipsis,
926 4506 1250 4562 destitutum
1284 4506 1494 4579 Spiritu
1527 4524 1627 4564 cor
1668 4510 1953 4566 habentes.
1986 4508 2149 4564 Idcir-

2282 4499 2402 4574 ιῶς,
2465 4513 2967 4584 ἐμφιλοχωροῦντες
3001 4514 3059 4568 δὲ
3114 4515 3234 4569 λίαν
3264 4520 3386 4581 τοῖς
3432 4518 3495 4571 ὲν
3557 4518 3749 4588 κόσμῳ
3781 4529 3864 4567 x1-

565 4612 633 4652 co
667 4607 722 4653 et
750 4600 1128 4669 orphanorum
1180 4600 1358 4655 instar
1410 4602 1685 4672 cujusvis,
1736 4610 1795 4656 ut
1832 4601 1907 4657 ita
1948 4602 2147 4667 dicam,

2305 4604 2396 4666 οἷς,
2446 4603 2703 4674 ἁμέτοχοι
2751 4606 2849 4677 τῆς
2898 4604 3047 4669 θείας
3092 4606 3442 4677 ἀπομενοῦσι
3493 4608 3743 4681 χάριτος,
3779 4596 3887 4659 οὺκῖ

566 4663 906 4744 immanitate
941 4691 1311 4762 abripiuntur,
1347 4663 1790 4763 perturbatione,
1821 4700 1918 4748 aut
1951 4663 2146 4755 deamo;

2282 4663 2500 4763 κέλονται.
2528 4663 2760 4766 Χρίστὸν
2890 4663 3123 4762 ἑαυτοῖς,
3162 4663 3389 4771 ἐρήμην
3426 4663 3530 4754 τοῦ
3562 4663 3864 4771 Πνεύνματος

565 4794 691 4843 ne,-
721 4779 839 4834 sive
875 4779 980 4832 alia
1032 4781 1269 4851 quadam
1324 4785 1606 4840 mundana
1674 4783 1997 4853 cupiditate,
2059 4794 2147 4839 aut

2287 4804 2473 4857 χοντες
2502 4788 2599 4859 τὴν
2621 4789 2868 4859 καρδίαν.
2895 4790 2995 4845 Διά
3011 4808 3092 4844 τοι
3116 4790 3277 4843 τοῦτο
3310 4793 3416 4845 καὶ
3449 4795 3511 4847 ὲν
3539 4793 3697 4859 τάξει
3721 4808 3869 4862 γεγο-

565 4868 762 4941 quavis
791 4883 852 4923 re
885 4869 1137 4926 trahente
1165 4872 1575 4942 quodammodo
1606 4881 1661 4928 et
1688 4873 1737 4927 vi
1765 4873 1834 4927 ad
1865 4882 2147 4943 peccatum

2288 4877 2407 4939 ότες
2434 4877 2513 4947 τῷ
2567 4880 2844 4950 προστάτῃ
2875 4879 2984 4932 τῶν
3013 4879 3286 4951 ὀρφανῶν,
3353 4883 3468 4937 ὑπὸ
3530 4883 3755 4948 παντὸς.
3802 4880 3870 4943 ὡς

566 4959 902 5030 impellente.
952 4958 1153 5015 Verum
1198 4963 1407 5018 sanctis
1441 4970 1497 5017 et
1532 4962 1600 5017 ad
1652 4978 1781 5018 eum
1834 4963 2148 5032 suscipien-

2289 4986 2386 5032 πος
2432 4969 2627 5036 εἰπεῖν,
2669 4969 3061 5041 διαρπάζονται
3107 4972 3201 5026 τοῦ
3237 4972 3612 5031 πλεονεκτεῖν
3672 4974 3871 5048 ἰσχύον-

564 5053 695 5108 dum
744 5055 952 5123 paratis
994 5056 1120 5126 jure
1176 5056 1377 5120 aiebat,
1417 5071 1543 5110 cum
1577 5055 1715 5109 nihil
1746 5056 1978 5111 istorum
2028 5074 2146 5126 per-

2288 5077 2367 5128 o;,
2403 5060 2437 5131 ἣ
2479 5060 2707 5128 πάθους,
2752 5061 2784 5131 ἢ
2816 5062 3087 5133 δαίμονος,
3130 5065 3298 5135 ἤγουν
3337 5067 3548 5141 ἑτέρας
3578 5071 3726 5132 τινὸς
3759 5070 3870 5120 ἐπι-

565 5143 779 5212 pessuri
815 5154 1002 5200 essent
1035 5164 1048 5199 :
1082 5162 1102 5196 ι
1155 5143 1275 5200 Νοη
1325 5146 1633 5216 relinquam
1681 5161 1778 5203 vos
1828 5148 2147 5217 orphanos;

2289 5153 2453 5224 υμίας
2508 5154 2797 5225 κοσμικῆς,
2854 5156 2947 5208 καὶ
3010 5155 3211 5219 παντὸς
3268 5162 3627 5232 πράγματος
3685 5159 3871 5216 καθέλ-

570 5235 788 5289 veniam
837 5235 904 5289 ad
938 5251 1038 5290 vos
1067 5236 1134 5288 ".
1176 5255 1194 5288 ι
1232 5237 1404 5306 Igitur
1453 5237 1787 5296 invisibilem
1823 5239 2047 5309 quidem
2094 5248 2150 5296 et

2288 5264 2437 5310 οντος
2476 5246 2665 5318 ὤσπερ
2712 5247 2804 5301 καὶ
2834 5247 3156 5320 βιαζομένου
3189 5252 3334 5323 πρὸς
3389 5255 3709 5326 ἁμαρτίαν.
3755 5254 3870 5314 Τοῖς

562 5326 1056 5399 inconspicahilem
1089 5328 1158 5383 iis
1191 5331 1284 5400 qui
1335 5344 1459 5400 qua:
1503 5331 1694 5385 mundi
1750 5343 1880 5387 sunt
1927 5334 2144 5404 sapiunt

2290 5357 2316 5391 ε
2353 5338 2459 5411 μὴν
2516 5340 2683 5404 ὁσίοις
2713 5338 2808 5394 καὶ
2839 5341 3161 5413 ἐπιτηδείως
3189 5342 3418 5413 ἔχουσιν
3455 5349 3544 5412 είς
3587 5346 3653 5400 τὸ
3696 5344 3870 5399 λαϐεῖν

577 5418 698 5475 fore
731 5436 791 5475 se
824 5420 1035 5491 inquit,
1067 5429 1360 5491 postquam
1409 5423 1537 5477 hinc
1587 5423 1934 5494 migraverit,
1967 5425 2022 5480 id
2062 5434 2150 5491 est

2290 5428 2415 5483 ύτδν
2445 5430 2669 5493 εἰκότως
2698 5430 2957 5500 ἔφασκεν,
2989 5432 3178 5501 ἐπειδὴ
3207 5431 3430 5488 τούτων
3478 5436 3718 5507 ἔμελλον
3748 5437 3870 5488 6m-

564 5520 851 5595 postquam
888 5512 943 5565 in
973 5512 1144 5567 caelos
1171 5513 1421 5568 redierit.
1475 5513 1581 5570 Sed
1618 5517 1886 5574 visibilem
1933 5519 2143 5577 sanctis

2290 5521 2439 5585 ,ἐνειν
2469 5520 2641 5575 οὐδέν’
2685 5540 2705 5574 ι
2741 5522 2856 5576 Οὐκ
2884 5522 3081 5593 ἀφήσω
3116 5522 3261 5594 ὑμᾶς
3290 5522 3614 5596 ὀρφανοὺς,
3648 5528 3872 5599 ἔρχομαι

564 5601 842 5657 inventum
878 5602 943 5656 iri
977 5602 1072 5667 ait,
1104 5602 1349 5659 divinum
1377 5607 1667 5677 quemdam
1708 5619 1759 5664 et
1794 5609 2143 5666 intellectua-

2293 5611 2392 5681 τρὸς
2410 5612 2578 5683 ὑμᾶς.
2630 5632 2650 5666 ι
2678 5613 2888 5669 Οὐκοῦν
2928 5606 3171 5681 ἇπὸπτος
3205 5614 3309 5686 μὲν
3358 5620 3465 5687 καὶ
3497 5620 3740 5683 ἀθέατος
3787 5635 3875 5672 xo-

630 5778 674 5808 "
706 5776 855 5833 Psal.
891 5793 941 5847 v,
978 5779 1064 5836 1‘5.
1141 5781 1187 5813 “
1230 5780 1395 5839 Hebr.
1431 5802 1508 5853 ix,
1549 5786 1639 5840 24.
1717 5789 1760 5819 ⁰⁷
1804 5786 2017 5856 Joel.il,
2054 5788 2142 5844 i8.
2212 5787 2268 5861 λε’
2341 5788 2500 5846 Joan.
2551 5808 2705 5862 xvni,
2751 5794 2835 5873 14.
