4006 6414
243 353 356 412 265

1285 349 1350 404 IN
1381 341 1671 410 JOANNIS
1713 349 2167 410 EVANCELIUM
2203 353 2331 410 Lm.
2370 355 2460 411 ιχ.

3409 364 3513 421 266

239 468 374 540 μιδῇ
438 469 552 531 τοῖς
605 467 673 521 τὰ
719 467 777 520 ἐν
823 467 1013 539 κόσμῳ
1051 467 1308 538 φρονοῦσι
1355 469 1688 542 χρηματίσαι
1735 486 1822 539 φη.

1941 467 2044 522 lem
2076 466 2338 538 fulgorem
2367 484 2557 524 eorum
2589 469 2780 526 ‘cordis
2816 472 2990 528 oculis
3023 473 3345 532 infundente
3386 493 3515 534 san-

233 561 315 623 σὶ,
350 560 494 630 μετά
539 557 636 630 τὴν
669 559 918 614 ἐντεῦθεν
969 560 1302 632 ἀποδημίαν,
1333 564 1476 634 φημὶ
1519 562 1583 634 δὴ
1615 562 1712 634 τὴν
1751 563 1832 624 είς

229 653 504 723 οὐρανοὺς
549 652 924 722 ἀναφοίτησιν.
967 653 1192 724 Ὀρατὺς
1233 653 1291 706 δὲ
1324 656 1438 717 τοῖς
1463 655 1638 722 ἁγίοις
1672 655 1830 724 εὐρε-

1934 564 2024 611 cto
2070 557 2299 627 Spiritu,
2330 574 2656 630 omnemque
2703 562 2903 617 bonam
2947 567 3316 636 cognitionem
3369 570 3513 625 inse-

1933 656 2109 702 rente.
2142 648 2235 703 Vel
2272 651 2421 704 enim
2470 651 2654 707 dicere
2703 653 2884 723 ipsum
2947 657 3268 726 putabimus
3319 659 3453 714 illud
3498 677 3512 716 :

232 745 505 815 θήσεσθαι
541 745 710 814 λέγει,
743 744 892 799 θείαν
925 745 986 798 τέ
1011 763 1134 799 τινα
1160 747 1254 800 καὶ
1279 747 1476 818 νοητὴν
1530 748 1822 810 ἐντιθέντος

1937 755 1957 786 ι
1994 735 2187 790 Adhuc
2215 738 2512 805 modicum,
2548 747 2603 795 et
2633 743 2873 798 mundus
2906 759 2992 800 me
3027 744 3140 815 jam
3180 761 3291 800 non
3320 747 3468 802 videt
3498 765 3512 802 :

239 838 618 908 μαρμαρυγὴν
655 841 771 901 τοῖς
811 838 911 908 τῆς
942 839 1169 909 καρδίας
1206 838 1386 892 αὐτῶν
1414 838 1711 909 ὀφθαλμοῖς
1735 838 1829 891 τοῦ

237 927 387 996 ἁγίου
413 926 559 980 Πνεύ
567 945 736 998 ματος
759 930 856 983 καὶ
878 929 1058 983 πᾶσαν
1073 929 1282 1000 εἴδησιν
1307 931 1683 1002 ἐνσπείροντος
1698 933 1833 1000 ἀγα-

237 1020 351 1091 θήν.
388 1020 466 1072 Ἢ
494 1020 608 1091 γὰρ
636 1019 811 1084 οὕτως
839 1021 1002 1074 αὐτὸν
1023 1021 1322 1093 οἰησόμεθα
1341 1022 1523 1091 λέγειν
1550 1022 1632 1086 τὸ,
1661 1043 1680 1074 ι
1710 1023 1830 1076 Ἔτι

235 1111 458 1182 μικρὸν,
494 1113 588 1165 καὶ
608 1113 637 1165 ὁ
656 1111 860 1183 κόσμος
881 1129 948 1183 με
969 1111 1152 1166 οὐκέτι
1181 1113 1396 1184 θεωρεῖ,
1429 1115 1586 1185 ὑμεῖς
1613 1114 1670 1168 δὲ
1695 1114 1829 1168 θεω-

233 1200 378 1271 ρεῖτέ
436 1216 528 1270 με·
581 1220 601 1254 ι
659 1201 829 1272 ήγουν
866 1202 951 1272 ἐφ’
997 1203 1189 1273 ἑτέραν
1230 1203 1353 1256 τινὰ
1409 1204 1831 1275 παρακλίνοντες

229 1293 513 1363 θεωρίαν,
570 1292 788 1363 μάλισθ’
836 1294 916 1348 ὅτι
973 1295 1373 1366 προσπλέκεται
1427 1298 1541 1359 τοῖς
1600 1298 1830 1368 εἰρημέ-

1931 843 2030 881 vos
2051 838 2232 882 autem
2257 828 2456 884 videtis
2505 846 2624 898 me;
2661 851 2678 883 ι
2714 845 2807 888 aut
2842 845 2994 891 certe
3024 837 3092 891 ad
3130 839 3291 892 aliam
3321 855 3518 910 quam-

1931 918 2057 972 dam
2089 919 2530 977 observationem
2566 927 2843 994 conversi,
2893 929 3128 986 maxime
3175 931 3322 1000 quod
3368 933 3514 988 istud

1931 1010 2365 1079 praecedentibus
2405 1014 2743 1085 adjungitur,
2782 1035 2801 1068 (
2843 1017 2986 1084 Quia
3021 1035 3126 1090 ego
3152 1023 3300 1088 vivo,
3332 1031 3386 1079 et
3415 1040 3516 1080 vos

1931 1100 2199 1165 vivetis,»
2269 1102 2582 1157 istiusmodi
2639 1104 2901 1174 quiddam
2963 1107 3149 1162 animo
3207 1125 3516 1168 versamus.

1931 1189 2137 1261 Nempe
2166 1200 2290 1261 post
2317 1194 2786 1249 resurrectionem
2816 1210 2881 1249 ex
2917 1197 3148 1252 mortuis
3173 1207 3429 1253 revocata
3459 1201 3515 1255 in

1931 1281 2226 1352 pristinum
2259 1291 2464 1339 statum
2494 1293 2683 1341 nostra
2722 1289 2940 1350 natura,
2973 1296 3028 1342 et
3067 1288 3288 1346 homine
3316 1305 3515 1346 corru-

1930 1376 2116 1443 ptione
2145 1374 2395 1438 liberato,
2440 1387 2501 1431 ut
2530 1378 2587 1432 in
2634 1377 2895 1447 primitiis
2926 1387 2981 1433 et
3011 1379 3190 1448 primo
3220 1396 3324 1436 suo
3374 1389 3516 1438 tem-

1928 1465 2038 1534 plo,
2073 1466 2321 1522 ascendit
2359 1468 2426 1522 ad
2465 1469 2683 1524 Patrem
2715 1469 2886 1526 Deum
2934 1471 3028 1542 qui
3060 1472 3117 1526 in
3159 1473 3319 1529 cretis
3350 1491 3365 1541 ;
3412 1475 3510 1530 sed

1927 1565 2122 1613 exacto
2149 1559 2366 1614 modico
2399 1561 2667 1631 temporis
2699 1561 2992 1618 intervallo
3042 1563 3344 1620 descendet
3395 1579 3516 1620 rur-

226 1401 339 1448 νοις
363 1385 499 1454 παρ’
529 1383 695 1438 αὐτοῦ
741 1385 822 1450 τὸ,
863 1405 882 1438 ι
910 1387 1033 1440 Ὅτι
1064 1385 1176 1455 ἐγὼ
1223 1386 1322 1452 ζῶ,
1357 1386 1452 1440 καλ⁸
1485 1387 1642 1458 ὑμεῖς
1671 1387 1831 1458 ζήσε-

226 1476 348 1542 σθε,
371 1495 390 1527 ι
416 1476 748 1548 λογιζόμεθά
767 1495 819 1531 τι
840 1478 1098 1533 τοιοῦτον.
1115 1479 1270 1533 Μετὰ
1286 1479 1393 1550 γὰρ
1409 1479 1508 1552 τὴν
1533 1482 1598 1534 ἐκ
1619 1480 1829 1551 νεκρῶν

221 1567 556 1631 ἀναϐίωσιν,
605 1567 954 1638 κατορθώσας
999 1570 1066 1639 τῇ
1119 1568 1364 1641 ἡμετέρᾳ
1411 1568 1568 1639 φύσει
1603 1571 1702 1641 τήν
1749 1571 1830 1632 εἰς

217 1659 364 1730 ὅπερ
412 1655 484 1730 ἦν
523 1658 584 1725 ἐξ
620 1659 794 1730 ἀρχῆς
824 1661 1229 1732 ἐπαναδρομὴν,
1289 1661 1383 1716 καὶ
1411 1660 1700 1728 ἀποδείξας
1737 1661 1822 1714 τὸν

1930 1663 2049 1712 sus,
2096 1657 2156 1703 ut
2198 1651 2501 1716 credimus,
2553 1665 2618 1706 ac
2649 1661 2959 1709 revertetur
2987 1653 3171 1710 denuo
3204 1655 3273 1710 ad
3305 1670 3406 1711 nos
3457 1657 3511 1710 in

218 1751 521 1821 ἄνθρωπον
556 1750 851 1822 ἄφθαρτον,
881 1752 956 1815 ὡς
994 1753 1052 1805 ἐν
1085 1753 1334 1823 ἀπαρχῇ,
1372 1753 1467 1807 καὶ
1510 1752 1714 1824 πρώτῳ
1752 1751 1822 1822 τῷ

1931 1741 2104 1812 gloria
2134 1741 2316 1797 Patris
2351 1745 2458 1809 sui,
2497 1759 2624 1798 cum
2654 1747 2866 1802 sanctis
2907 1747 3142 1817 angelis,
3167 1757 3222 1803 et
3247 1757 3513 1818 proponet

223 1839 347 1910 ἰδίῳ
373 1840 512 1912 ναῷ,
558 1841 724 1912 ἀνέϐη
756 1843 892 1913 πρὸς
935 1843 1026 1896 τὸν
1075 1843 1134 1896 ἐν
1164 1847 1272 1907 τοῖς
1322 1845 1570 1914 οὐρανοῖς
1605 1843 1822 1915 Πατέρα

1928 1836 2150 1907 quidem
2190 1836 2448 1891 omnibus
2479 1837 2820 1892 tremendum
2869 1837 3138 1903 tribunal,
3173 1854 3296 1893 cum
3327 1839 3511 1903 malis,

215 1931 381 1984 Θεόν·
425 1931 545 1985 ἀλλ’
585 1931 762 2001 ὀλίγον
813 1932 1016 2003 μεταξὺ
1059 1933 1372 1998 διατελέσας
1400 1932 1618 2004 χρόνον,
1663 1948 1822 1986 κατα-

1933 1937 2050 1983 tum
2088 1929 2270 1982 bonis.
2303 1927 2516 1982 Cuncta
2558 1928 2704 1984 enim
2734 1937 2990 1985 creatura
3027 1931 3084 1985 in
3115 1930 3386 2001 judicium
3417 1946 3512 1987 vc—

219 2021 464 2091 ϐήσεται
509 2021 693 2084 πάλιν,
734 2022 986 2093 καθάπερ
1029 2021 1382 2092 πιστεύομεν,
1423 2021 1517 2075 καὶ⁸
1572 2019 1822 2091 ἐπανήξει

1931 2017 2047 2073 niet
2087 2032 2101 2069 :
2131 2025 2187 2073 et
2227 2031 2326 2088 pro
2361 2018 2489 2073 vitae
2515 2017 2786 2088 cujusque
2833 2019 3036 2074 merito
3075 2035 3197 2091 quin
3227 2021 3384 2075 decet
3416 2035 3508 2076 re-

219 2112 393 2164 πάλιν
456 2111 596 2183 πρὸς
641 2112 790 2183 ἡμᾶς
841 2113 899 2164 ἐν
945 2113 1010 2182 τῇ
1061 2111 1188 2184 δόξῃ
1239 2109 1334 2164 τοῦ
1381 2110 1596 2182 Πατρός
1643 2107 1822 2175 αὐτοῦ,

1931 2108 2202 2174 tribuens,
2239 2109 2310 2166 iis
2359 2111 2452 2180 qui
2498 2125 2530 2165 a
2561 2110 2808 2166 sinistris
2857 2119 3041 2177 erunt,
3095 2113 3150 2166 id
3187 2121 3280 2177 est
3317 2112 3386 2167 iis
3417 2114 3514 2182 qui

222 2204 369 2272 μετά
397 2203 511 2256 τῶν
562 2203 734 2272 ἀγίων
787 2203 1038 2272 ἀγγέλων
1065 2242 1080 2267 ,
1108 2203 1204 2256 καὶ
1232 2202 1498 2274 προθήσει
1524 2199 1623 2272 μὲν
1655 2200 1831 2254 ἀπασι

217 2295 280 2348 τὸ
333 2293 782 2364 φρικωδέστατον
839 2293 992 2364 βῆμα
1037 2295 1294 2364 πονηροῖς
1323 2309 1384 2346 τε
1436 2291 1530 2346 καὶ
1582 2289 1828 2359 ἀγαθοῖς.

218 2387 462 2457 Σύμπαν
495 2385 604 2456 γὰρ
627 2385 748 2455 ἥξει
779 2385 840 2439 τὸ
873 2385 1096 2456 ποιηθὲν
1129 2385 1210 2448 είς
1233 2383 1436 2456 κρίσιν·
1465 2382 1744 2452 ἀναλόγως
1771 2383 1831 2436 δὲ

214 2483 333 2542 τοῖς
395 2479 618 2548 ἑκάστῳ
674 2478 1027 2550 βεϐιωμένοις
1073 2477 1358 2539 ἀποδιδοὺς
1404 2477 1474 2531 τά
1524 2474 1826 2547 πρέποντα,

213 2576 331 2636 τοῖς
361 2572 465 2643 μὲν
496 2571 557 2636 ἐξ
581 2571 874 2642 εὐωνύμων
906 2572 1040 2642 ἐρεῖ,
1071 2569 1215 2623 τοῦτ’
1254 2569 1370 2622 ἐστι
1398 2570 1527 2634 τοῖςΙ
1555 2567 1627 2622 τά
1647 2569 1703 2621 ἐν
1730 2566 1828 2622 κόι-

214 2679 347 2734 σμῳ
408 2662 784 2734 πεφροντικόσι
807 2662 958 2716 ποτέ·
998 2681 1017 2714 ι
1051 2661 1357 2734 Πορεύεσθε
1375 2660 1471 2715 ἀπ’
1501 2659 1660 2731 ἐμοῦ,
1694 2674 1833 2715 κατ-

212 2755 516 2827 ηραμένοι,
575 2757 656 2820 είς
701 2755 764 2810 τὸ
796 2754 908 2828 πῦρ
939 2755 1001 2810 τὸ
1033 2753 1273 2822 αίώνιον,
1330 2755 1393 2808 τὸ
1429 2751 1830 2825 ἡτοιμασμένον

211 2847 295 2918 τῷ
345 2847 589 2918 διαϐόλῳ
617 2848 712 2902 καὶ
757 2851 872 2912 τοῖς
921 2848 1176 2917 ἀγγέλοις
1216 2845 1382 2901 αὐτοῦ
1400 2864 1413 2877 ·
1437 2865 1456 2898 ι
1487 2847 1602 2909 τοῖς
1625 2861 1690 2914 γε
1723 2843 1833 2915 μὴν

218 2941 281 2995 ἐκ
306 2938 534 3006 δεξιῶν,
565 2939 709 2993 τοῦτ’
738 2938 856 2994 ἐστι
888 2941 999 3003 τοῖς
1034 2939 1202 3003 ὁσίοις
1231 2938 1326 2994 καὶ
1367 2936 1613 3007 ἀγαθοῖς·
1647 2954 1668 2988 ‹
1695 2933 1834 2988 Δεῦ-

220 3045 296 3091 τε,
324 3031 379 3082 οί
428 3029 794 3100 εὐλογημένοι
819 3029 913 3083 τοῦ
969 3029 1182 3100 Πατρός
1216 3046 1340 3100 μου,
1386 3027 1834 3101 κληρονομήσατε

1930 2199 2208 2254 mundana
2237 2200 2518 2268 quondam
2553 2201 2841 2270 sapuerint
2878 2200 3070 2257 dicet:
3119 2219 3138 2254 ι
3176 2201 3452 2258 Discedite
3480 2216 3512 2255 a

1930 2306 2040 2360 me,
2080 2291 2392 2358 maledicti,
2429 2292 2596 2364 815
2630 2293 2685 2348 in
2722 2294 2902 2364 ignem
2945 2302 3239 2358 aeternum,
3289 2295 3383 2364 qui
3417 2308 3512 2363 pa-

1929 2392 2086 2441 ratus
2122 2391 2208 2440 est
2261 2384 2482 2441 diabolo
2527 2395 2582 2440 et
2614 2385 2825 2456 angelis
2855 2386 2981 2456 ejus
3005 2385 3082 2454 ‘°;
3137 2405 3155 2438 ›
3218 2386 3287 2441 iis
3326 2395 3510 2440 autem

1929 2475 2094 2546 quia
2135 2473 2347 2533 dextris
2395 2485 2596 2541 erunt,
2657 2477 2713 2532 id
2769 2484 2857 2532 est
2906 2477 3120 2534 sanctis
3173 2492 3236 2532 ac
3289 2478 3450 2532 bonis
3493 2497 3507 2532 :

1934 2584 1954 2619 ι
1986 2564 2202 2634 Venite,
2249 2567 2521 2623 benedicti
2554 2566 2737 2622 Patris
2771 2569 2900 2636 mei,
2946 2569 3228 2639 possidete
3262 2576 3511 2640 paratum

1928 2659 2089 2715 vobis
2125 2673 2352 2730 regnum
2397 2674 2426 2714 a
2458 2661 2855 2716 constitutione
2883 2660 3074 2715 mundi
3107 2660 3176 2715 ⁷ο.
3213 2678 3232 2711 ι
3265 2659 3509 2716 Conver—

1931 2751 2208 2809 sabuntur
2237 2751 2383 2806 enim
2424 2758 2483 2807 et
2535 2751 2959 2822 conregnabunt
3010 2766 3137 2806 cum
3178 2753 3423 2820 Christo,
3457 2761 3513 2808 et

1931 2843 2262 2900 cmlestibus
2297 2842 2458 2898 bonis
2489 2857 2708 2898 summa
2741 2858 2869 2899 cum
2906 2843 3190 2914 voluptate
3231 2845 3509 2912 fruentur,

1933 2933 2252 2992 conlormes
2276 2933 2408 2990 facti
2449 2934 2885 2990 resurrectionis
2911 2934 3056 3005 ejus,
3083 2946 3140 2990 et
3165 2935 3367 2993 veteris
3393 2951 3522 2992 cor-

1932 3027 2212 3099 ruptionis
2260 3028 2477 3099 laqueis
2522 3026 2731 3097 vitatis,
2784 3027 2946 3100 longa
2993 3035 3048 3083 et
3082 3027 3353 3084 ineﬂabili
3395 3030 3512 3084 vita

224 3119 315 3190 τὴν
366 3119 791 3191 ἡτοιμασμένην
856 3119 986 3192 ὑμῖν
1036 3118 1314 3190 βασιλείαν
1357 3118 1467 3174 ἀπὸ
1525 3117 1822 3190 καταϐολῆς

1934 3122 2288 3185 circumdati,
2323 3129 2490 3192 atque
2520 3136 2645 3176 cum
2693 3135 2915 3194 semper
2943 3122 3160 3176 vivente
3193 3121 3426 3176 Domino
3454 3123 3511 3176 in

221 3213 450 3281 κόσμου.
496 3230 516 3263 ι
569 3211 889 3265 Συνέσονται
933 3210 1041 3282 γὰρ
1081 3211 1177 3265 καὶ
1220 3209 1714 3283 συμϐασιλεύσουσι
1740 3210 1819 3281 τῷ

1925 3219 2190 3267 aeternum
2225 3211 2453 3267 victuri.
2473 3211 2636 3278 Quod
2653 3213 2799 3266 enim
2815 3227 2939 3266 cum
2956 3212 3182 3268 Christo
3196 3213 3508 3269 indesinen-

212 3302 463 3374 Χριστῷ,
499 3303 596 3356 καὶ
640 3304 754 3368 τοῖς
804 3303 1075 3376 οὐρανίοις
1112 3305 1542 3376 ἐντρυφήσουσιν
1571 3303 1816 3372 ἀγαθοῖς,

1925 3312 2008 3360 ter
2028 3304 2233 3360 victuri
2262 3303 2485 3373 sintqui
2509 3303 2657 3374 piam
2683 3311 2737 3359 et
2763 3304 3022 3360 eximiam
3047 3306 3218 3360 vitam
3242 3319 3512 3362 exercue-

212 3391 540 3462 σύμμορφοι
562 3391 848 3462 γεγονότες
883 3392 984 3464 τῆς
1014 3393 1365 3458 ἀναστάσεως
1389 3391 1580 3462 αὐτοῦ,
1605 3393 1820 3464 καὶτῆς

1925 3398 2056 3462 rint,
2089 3397 2534 3468 contemplantes
2565 3396 2834 3452 nimirum
2883 3396 3127 3451 divinam
3161 3396 3284 3465 ejus
3328 3408 3381 3453 et
3426 3399 3505 3452 in-

210 3485 316 3555 μέν
398 3483 638 3555 ἀρχαίας
699 3481 907 3556 φθορᾶς
971 3483 1305 3555 διαδράντες·
1354 3484 1484 3548 τοὺς
1567 3484 1816 3555 βρόχους,

1925 3487 2194 3544 etl'abilem
2253 3487 2754 3556 pulchritudinem,
2807 3487 3126 3543 declarabit
3172 3487 3400 3555 Paulus,
3432 3490 3512 3544 di-

209 3577 410 3646 μακρᾷ
458 3575 519 3628 δὲ
568 3576 662 3628 καὶ
722 3575 988 3647 ἀμυθήτῳ
1035 3574 1458 3648 περιϐληθέντες
1509 3576 1622 3647 ζωῇ
1650 3616 1666 3640 ,
1723 3575 1820 3630 καὶ

1925 3594 2054 3636 cens
2091 3598 2106 3636 :
2142 3598 2162 3632 ι
2215 3579 2356 3646 Quia
2412 3581 2532 3651 ipse
2567 3579 2834 3635 Dominus
2890 3581 2950 3634 in
2993 3579 3156 3649 jussu
3189 3589 3244 3635 ct
3291 3581 3348 3636 in
3378 3596 3511 3636 vocc

205 3667 596 3738 ἀτελευτήτως
651 3666 728 3738 τῷ
808 3667 894 3720 ἀεὶ
965 3666 1128 3730 ζῶντι
1200 3666 1472 3731 συζῶντες
1547 3665 1817 3738 Δεσπὸτῃ.

1925 3673 2248 3743 archangeli
2280 3681 2336 3727 et
2379 3672 2435 3726 in
2467 3671 2598 3726 tuba
2637 3669 2734 3726 Dei
2775 3670 3081 3727 descendet
3111 3671 3179 3727 de
3210 3673 3352 3728 caalo
3389 3691 3402 3726 :
3453 3684 3509 3728 et

205 3760 340 3814 Ὅτι
383 3761 498 3831 γὰρ
536 3760 583 3811 οἱ
617 3759 839 3829 θεοφιλῆ
888 3759 980 3814 καὶ
1007 3759 1282 3832 ἐξαίρετον
1330 3761 1672 3832 ἀσκήσαντες
1703 3759 1819 3830 βίον

1925 3766 2151 3830 mortui,
2181 3765 2278 3836 qui
2328 3767 2382 3820 in
2436 3763 2668 3820 Christo
2715 3772 2868 3828 sunt,
2929 3772 3225 3835 resurgent
3279 3764 3442 3834 primi
3489 3783 3504 3821 :

204 3852 568 3922 ἀδιαλήπτως
596 3851 712 3923 [γρ.
729 3851 1109 3924 ἀδιαλείπτως]
1153 3851 1562 3923 συνέσονταιτῷ
1573 3850 1816 3923 Χριστῷ,

1925 3857 2120 3913 deinde
2165 3871 2290 3920 nos,
2328 3857 2422 3927 qui
2455 3856 2717 3920 vivimus,
2766 3857 2860 3926 qui
2914 3856 3304 3925 relinquimur,
3341 3856 3505 3912 simul

205 3941 553 4012 θεωροῦντες
578 3941 822 4011 δηλονότι
851 3941 915 3995 τὸ
937 3941 1078 3997 θεῖον
1106 3940 1272 3996 αὑτοῦ
1299 3943 1393 3994 καὶ
1416 3942 1655 4014 ἄρρητον
1689 3942 1818 3996 κάλ-

1925 3949 2199 4018 rapiemur
2231 3961 2354 4000 cum
2395 3946 2505 4001 illis
2538 3946 2593 4000 in
2626 3947 2868 4001 nubibus
2920 3947 3140 4000 obviam
3183 3944 3422 4002 Domino
3451 3947 3504 4000 in

206 4032 320 4098 λος,
358 4033 620 4102 σαφηνιεῖ
656 4031 828 4100 λέγων
859 4032 888 4083 ό
920 4031 1164 4094 Παῦλος·
1213 4050 1233 4084 α
1269 4032 1390 4085 ὀτι
1425 4032 1586 4094 αὐτὸς
1616 4031 1819 4104 Κύριος

1925 4053 2070 4103 aera,
2115 4046 2169 4093 et
2200 4038 2282 4093 sic
2327 4052 2550 4107 semper
2582 4052 2710 4092 cum
2757 4036 2994 4093 Domino
3028 4037 3240 4094 erimus
3268 4039 3335 4092 τι.
3379 4057 3398 4091 ι
3438 4037 3506 4091 Ει

211 4125 266 4176 ἐν
301 4121 665 4192 κελεύσματι,
694 4124 752 4175 ἐν
783 4124 934 4194 φωνῇ
965 4121 1309 4193 ἀρχαγγέλου
1353 4121 1448 4176 κα)⁵
1475 4123 1533 4174 ἐν
1557 4120 1819 4190 σάλπιγγι

1925 4146 2118 4186 rursus
2153 4129 2221 4186 ad
2256 4144 2355 4186 eos
2406 4129 2501 4199 qui
2557 4129 2896 4200 mortiﬁcare
2946 4130 3265 4186 studuerint
3315 4131 3505 4186 mundi

207 4211 345 4264 Θεοῦ
384 4211 762 4281 καταϐήσεται
796 4211 903 4264 ἀπὸ
944 4209 1196 4282 οὐρανοῦ,
1243 4209 1340 4263 καὶ
1384 4211 1435 4262 οἱ
1469 4209 1653 4280 νεκροὶ⁸
1676 4211 1725 4262 οἱ
1760 4211 1819 4262 ἐν

1925 4223 2256 4293 cupiditates
2285 4240 2299 4275 :
2337 4240 2356 4272 ι
2383 4220 2582 4276 Mortui
2613 4221 2764 4276 enim
2794 4221 2949 4287 estis,
2980 4231 3037 4277 et
3068 4223 3180 4276 vita
3207 4230 3388 4278 vestra
3420 4234 3501 4279 cst

204 4299 438 4372 Χριστῷ
468 4300 867 4372 ἀναστήσονται
896 4300 1124 4371 πρῶτοι·
1162 4300 1355 4354 ἔπειτα
1381 4301 1563 4370 ἡμεῖς,
1600 4301 1650 4353 οἱ
1682 4297 1820 4364 ζῶν-

1925 4311 2249 4367 abscondita
2285 4325 2410 4365 cum
2445 4310 2670 4366 Christo
2701 4313 2756 4366 in
2783 4311 2930 4379 Deo;
2965 4328 3092 4368 cum
3122 4313 3380 4371 Christus
3409 4329 3506 4385 ap-

204 4409 317 4457 τες,
380 4393 432 4444 οί
492 4390 955 4462 περιλειπόμενοι,
1017 4393 1114 4446 σὺν
1157 4392 1342 4455 αὐτοῖς
1384 4390 1820 4462 ἁρπαγησόμεθα

1925 4403 2188 4471 paruerit,
2217 4402 2326 4457 vita
2361 4410 2568 4466 vestra,
2603 4410 2739 4458 tunc
2776 4413 2831 4459 et
2857 4419 2957 4460 vos
3003 4405 3345 4476 apparebitis
3377 4420 3504 4460 cum

206 4485 266 4535 ἐν
289 4483 551 4553 νεφέλαις
579 4484 658 4546 εἰς
697 4483 1002 4553 ἀπάντησιν
1044 4482 1138 4536 τοῦ
1167 4483 1374 4553 Κυρίου
1413 4484 1493 4546 εἰς
1528 4483 1688 4550 ἀέρα,
1724 4480 1818 4537 καὶ

1925 4494 2045 4563 ipso
2074 4494 2130 4547 in
2162 4494 2337 4564 gloria
2395 4495 2462 4548 7’.
2509 4513 2528 4546 ι
2580 4494 2874 4561 Quocirca,
2921 4504 2982 4549 ut
3029 4497 3137 4550 vim
3193 4504 3251 4551 et
3280 4512 3503 4552 sensum

208 4574 383 4638 οῦτως
409 4572 644 4625 πάντοτε
675 4575 772 4626 σὺν
797 4573 989 4644 Κυρίῳ
1010 4572 1267 4644 ἐσόμεθα.
1303 4592 1322 4625 ι
1346 4574 1459 4628 Καὶ
1489 4573 1652 4626 πάλιν
1676 4575 1813 4645 πρὸς

1925 4584 2023 4640 loci
2045 4584 2213 4653 hujus
2245 4584 2298 4638 in
2324 4599 2598 4638 summam
2631 4585 2983 4650 contraham,
3015 4585 3108 4656 qui
3135 4586 3326 4641 mundi
3359 4588 3504 4640 mala

206 4668 332 4731 τοὺς
390 4665 628 4736 νεκροῦν
679 4666 966 4737 ἑλομένους
993 4666 1062 4720 τά
1088 4667 1146 4719 ἐν
1169 4666 1358 4737 κόσμῳ
1399 4665 1567 4738 πάθη·
1613 4686 1631 4720 ι
1683 4669 1812 4720 Ἀπ-

205 4755 434 4809 εθάνετε
479 4755 610 4826 γὰρ,
661 4756 754 4807 καὶ
803 4757 836 4826 ή
884 4754 998 4826 ζωὴ
1043 4754 1196 4826 ὐμῶν
1239 4755 1548 4827 κέκρυπται
1589 4757 1686 4810 σὺν
1733 4755 1810 4828 τῷ

202 4847 435 4917 Χριστῷ
494 4838 555 4900 ἐν
601 4846 677 4917 τῷ
723 4846 864 4916 Θεῷ,
916 4846 1044 4899 ὅταν
1091 4847 1120 4898 ό
1161 4847 1396 4918 Χριστὸς
1434 4845 1743 4918 φανερωθῇ,
1775 4849 1810 4918 ἡ

199 4939 316 5011 ζωὴ
361 4939 546 5009 ὑμῶν,
597 4939 717 4992 τότε
753 4939 848 4992 καὶ
889 4939 1046 5008 ὑμεῖς
1075 4937 1525 5009 φανερωθήσεσθε
1568 4937 1665 4991 σὺν
1706 4939 1808 4991 αὐ-

198 5032 279 5102 τῷ
316 5037 376 5085 ἐν
425 5033 578 5103 δόξῃ.
622 5050 640 5083 ι
683 5029 894 5084 Οὐκοῦν
937 5027 1514 5100 (ἀνακεφαλαιὼσομαι
1562 5032 1672 5102 γὰρ
1713 5028 1809 5083 τοῦ

196 5125 361 5192 λόγου
386 5123 495 5194 τὴν
522 5121 861 5193 δύναμιν),οί
897 5120 994 5191 μὲν
1014 5120 1121 5173 τῶν
1148 5122 1205 5173 ἐν
1243 5119 1432 5191 κόσμῳ
1466 5121 1654 5173 κακῶν
1681 5121 1812 5190 ἐρα-

197 5215 325 5266 σταὶ
357 5212 780 5281 κατοιχήσονται
810 5211 947 5280 πρὸς
983 5210 1075 5262 τὸν
1101 5208 1254 5280 ᾅδην,
1293 5209 1386 5262 καὶ
1417 5211 1483 5262 ἐκ
1518 5209 1811 5279 προσώπου

194 5312 531 5377 γενήσονται
585 5301 845 5374 Χριστοῦ·
901 5300 1219 5354 συνέσονταί
1271 5316 1335 5366 γε
1375 5301 1482 5372 μὴν
1523 5300 1672 5372 αὐτῷ
1717 5302 1812 5355 καὶ

201 5400 677 5468 συνδιαιτήσονται
721 5394 814 5448 διὰ
866 5394 1068 5456 παντὸς
1115 5395 1162 5446 οἱ
1191 5393 1288 5464 τῆς
1325 5393 1526 5464 ἀρετῆς
1557 5395 1804 5464 ἐρασταὶ,

195 5492 298 5543 καὶ
326 5491 421 5543 τὸν
449 5486 745 5559 ἀρραϐῶνα
792 5486 886 5539 τοῦ
927 5482 1065 5538 Πνεύ
1076 5501 1238 5554 ματος
1265 5484 1423 5553 ἀσινῆ
1443 5485 1800 5555 τηρήσαντες,

204 5585 459 5644 παρόν-κς
507 5580 567 5635 δὲ
593 5579 858 5646 δηλονότι,
915 5577 1084 5631 καὶτὸ
1133 5575 1434 5646 θεοπρεπὲς
1485 5575 1647 5628 αὐτοῦ
1674 5595 1804 5630 κατ-

315 5765 356 5796 "
393 5764 585 5819 Matth.
618 5781 745 5829 xxv,
787 5765 876 5818 41.
952 5763 998 5794 ’θ
1040 5761 1172 5814 Ibid.
1214 5762 1302 5819 3i.

459 5861 735 5929 Ρηιιοι..
760 5860 876 5921 Gn.
910 5856 1171 5920 LXXIV.

1383 5767 1422 5798 ⁷¹
1453 5765 1470 5820 ι
1500 5763 1702 5823 Thess.
1738 5781 1812 5834 tv,
1854 5763 1936 5829 l5,
1973 5765 2056 5820 16.

1917 4677 2156 4746 diligunt
2192 4679 2247 4731 in
2279 4676 2556 4731 infernum
2591 4676 2813 4742 cadent,
2863 4685 2920 4733 et
2973 4679 3168 4748 procul
3214 4693 3246 4732 a
3292 4677 3503 4734 Christi

1917 4775 2218 4837 conspectu
2254 4766 2697 4822 amandahuntur
2726 4786 2738 4822 :
2794 4768 3023 4824 virtutis
3055 4784 3187 4824 vero
3240 4769 3483 4826 studiosi

1919 4869 1974 4916 et
2011 4867 2290 4930 quotquot
2317 4859 2687 4914 arrhaboncm
2737 4857 2979 4927 Spiritus
3008 4860 3281 4931 integrum
3313 4877 3472 4918 serva

1919 4953 2055 5015 rint,
2092 4950 2577 5006 conversabuntur
2605 4967 2728 5006 cum
2762 4967 2829 5007 eo
2879 4960 2934 5007 et
2980 4954 3146 5008 simul
3182 4954 3387 5018 vivent,
3437 4969 3498 5010 ac

1911 5043 2159 5097 divinam
2220 5041 2342 5110 ejus
2417 5042 2949 5112 contemplabuntur
3010 5045 3498 5114 pulchritudinem.

1915 5152 1934 5184 ι
1972 5132 2089 5186 Erit
2139 5132 2286 5187 enim
2321 5132 2447 5199 tibi,
2486 5133 2690 5202 inquit,
2742 5133 3012 5191 Dominus
3049 5137 3138 5190 lux
3182 5146 3408 5202 acterna,
3445 5147 3500 5192 ct

1910 5223 2056 5279 Deus
2091 5223 2267 5292 gloria
2307 5231 2398 5277 tua
2430 5223 2496 5277 ⁷³.
2534 5243 2552 5274 ›
2596 5223 2751 5290 Quod
2779 5224 3002 5294 quidem
3029 5227 3344 5296 signiticare
3360 5227 3498 5282 velle

1912 5313 2182 5369 Dominus
2239 5313 2462 5368 videtur
2514 5329 2640 5369 cum
2681 5316 2956 5371 dicentem
3010 5333 3135 5372 eum
3184 5317 3492 5374 audimus:

1918 5424 1937 5458 ι
1979 5405 2176 5460 Adhuc
2205 5405 2509 5471 modicum,
2543 5416 2597 5462 et
2623 5406 2866 5463 mundus
2900 5423 2986 5462 me
3019 5407 3133 5477 jam
3161 5423 3275 5462 non
3303 5407 3448 5463 videt
3475 5427 3490 5473 ;

1915 5509 2014 5550 vos
2043 5501 2227 5549 autem
2258 5494 2456 5551 videtis
2485 5511 2573 5551 me
2603 5535 2620 5560 ,
2649 5498 2778 5568 quia
2821 5512 2926 5568 ego
2955 5498 3104 5562 vivo,
3134 5505 3192 5552 et
3215 5512 3314 5554 vos
3350 5497 3496 5554 vivo-

1914 5588 2002 5641 tis.
2049 5606 2066 5637 ι
2099 5585 2461 5658 Nequaquam
2518 5603 2648 5644 vero
2708 5589 2997 5653 mentitur,
3051 5603 3177 5644 cum
3231 5589 3492 5664 exiguum

2724 5766 2766 5798 ⁷³
2809 5764 2915 5821 lsa.
2943 5782 3032 5829 ιι,
3072 5766 3162 5822 i7.

3007 5857 3042 5920 9

2138 5767 2180 5796 ⁷³
2234 5767 2442 5822 Coloss.
2481 5781 2561 5831 ιιι,
2595 5765 2646 5820 ὅ.
