4006 6426
506 340 614 396 267

1522 334 1592 390 'S.
1636 333 1909 390 C’HtILLI
1951 332 2421 392 ALEXANDRINI
2458 331 2779 393 ARCHIEP.

3627 345 3714 404 968

502 453 840 512 intercedere
887 462 1103 522 tempus
1146 447 1213 504 ad
1263 463 1420 505 suam
1471 465 1645 520 usque
1681 449 2077 505 revelationem

2206 451 2403 521 ψονται
2459 451 2656 514 κάλλος
2675 449 3077 516 ἀδιακωλύτως.
3103 469 3122 503 ι
3137 451 3330 508 Ἔσται
3353 454 3454 527 γάρ
3473 472 3566 523 σοι,
3586 462 3716 531 φησι,

499 550 595 602 ait.
637 544 884 617 Longum
923 545 1073 599 enim
1124 549 1341 612 tempus
1398 541 1544 612 apud
1592 556 1692 596 nos
1746 555 1848 611 pro
1903 539 2079 594 nihilo

2206 542 2381 612 ἱύριος
2436 543 2553 613 φῶς
2596 543 2834 610 αἰώνιον,
2885 543 2980 598 καὶ
3008 543 3036 596 ὁ
3093 543 3227 607 Θεὸς
3272 545 3394 611 δόξα
3436 565 3542 603 σου.
3585 553 3720 607 »Καὶ

500 641 644 711 apud
673 640 840 693 Deum
873 638 964 708 qui
997 651 1216 706 semper
1244 646 1329 689 cst
1371 635 1623 690 habetur.
1661 631 1819 700 Quod
1853 631 2080 686 testabi-

2177 631 2322 694 εἰκὸς
2349 632 2406 684 δὲ
2453 631 2611 686 τοῦτο
2665 631 2951 703 βούλεσθαι
2998 631 3193 703 δηλοῦν
3228 634 3316 691 τὸν
3361 636 3570 708 Κύριον,
3617 642 3723 696 ὅταν

503 743 591 787 ιιιι·
625 731 940 794 Psalmista,
977 728 1170 782 dicens
1205 746 1216 779 :
1259 745 1277 777 ι
1332 726 1602 792 Quoniam
1654 726 1806 780 mille
1851 723 1981 777 anni
2024 722 2080 776 in

2206 721 2466 793 ικούωμεν
2513 725 2784 794 λέγοντοςο
2826 745 2845 778 ι
2887 727 3011 782 Ἔτι
3039 725 3254 798 μικρὸν,
3298 728 3437 783 καὶὸ
3464 730 3645 801 κόσμος
3669 751 3724 804 με

471 822 686 882 1oculis
713 820 846 887 tuis,
898 817 1160 881 Domine,
1215 825 1479 887 tanquam
1513 817 1634 873 dies
1667 816 1932 872 hesterna
1959 829 2082 885 quae

2211 815 2364 869 ὐκέτι
2391 815 2605 888 θεωρεῖ,
2633 817 2791 889 ὑμεῖς
2815 817 2872 872 δέ
2891 817 3148 890 θεωρεῖτέ
3174 836 3262 890 με,
3294 820 3374 876 ὅτι
3401 821 3508 891 ἐγὼ
3535 820 3623 889 ζῶ,
3652 829 3730 881 καὶ

503 912 783 983 praeteriit,
814 917 869 966 et
899 909 1148 965 custodia
1180 908 1232 962 in
1258 917 1422 964 nocte
1454 909 1522 962 ⁷⁵.
1564 928 1582 959 ι

2181 909 2339 978 ὑμεῖς
2373 908 2625 980 ζήσεσθε.
2679 929 2698 963 ι
2731 909 3091 980 Διαψεύσεταί
3121 927 3188 980 γε
3223 910 3327 982 μὴν
3370 912 3622 983 οὐδαμῶς,
3655 934 3730 985 μι-

501 1001 651 1068 κρὸν·
671 998 808 1053 εἶναι
838 997 1013 1066 λέγων
1044 998 1134 1050 τὸν
1166 996 1368 1067 μεταξὺ
1408 996 1598 1066 χρόνον
1628 997 1726 1068 τῆς
1757 996 1921 1050 οἱονεὶ
1959 995 2356 1067 ἀποκαλύψεως
2392 996 2581 1053 αὐτοῦ.
2611 998 2732 1070 Θεῷ
2752 999 2860 1070 γὰρ
2895 999 2976 1071 τῷ
3006 1000 3096 1055 ἀεὶ
3137 1000 3252 1060 ὄντι
3309 1003 3402 1058 καὶ
3464 1005 3491 1057 ὀ
3555 1006 3734 1076 μακρὸς

501 1091 795 1161 καθ’ἠμᾶς
828 1089 1019 1160 χρόνος
1071 1089 1128 1140 ἐν
1176 1086 1256 1157 τῷ
1295 1087 1488 1158 μηδενὶ
1518 1087 1757 1142 τέθειται
1789 1086 2087 1151 παντελῶς.
2127 1091 2239 1143 Καὶ
2271 1091 2610 1162 μαρτυρήσει
2643 1090 2818 1161 λέγων
2855 1093 2885 1146 ό
2915 1092 3188 1168 Μελῳδός·
3229 1113 3248 1147 ι
3287 1094 3407 1152 Ὅτι
3464 1094 3596 1166 χίλια
3655 1098 3734 1172 ἐτη

499 1189 556 1240 εν
587 1186 885 1256 ὀφθαλμοῖς
909 1200 1025 1245 σου,
1045 1183 1334 1255 Κύριε,ὠς
1357 1183 1541 1255 ἡμέρα
1563 1186 1596 1254 ἡ
1631 1184 1757 1255 χθὲς
1776 1185 1896 1255 ἥτις
1924 1183 2130 1253 διῆλθε,
2169 1186 2264 1239 καὶ
2297 1187 2512 1258 φυλακὴ
2542 1187 2601 1242 ἐν
2635 1188 2809 1242 νυκτί.
2841 1207 2861 1241 t

572 1279 712 1345 XIV,
747 1279 839 1334 20.
888 1278 952 1333 ιιι
987 1280 1080 1334 illo
1105 1278 1190 1333 die
1216 1296 1304 1334 vos
1338 1283 1664 1350 cognoscetis
1693 1284 1821 1351 quia
1848 1296 1942 1352 ego
1966 1295 2084 1335 sum

499 1373 554 1424 in
591 1370 753 1426 Patre
787 1386 924 1434 meo,
955 1378 1004 1422 et
1040 1385 1126 1422 vos
1159 1371 1213 1424 in
1243 1385 1340 1437 me,
1374 1380 1424 1424 et
1460 1387 1550 1441 ego
1579 1371 1634 1424 in
1669 1370 1834 1426 vobis.

573 1549 743 1621 816
807 1547 1050 1604 Didicilis
1105 1557 1192 1605 est
1246 1548 1355 1604 loci
1407 1548 1575 1620 hujus
1626 1551 1982 1618 intellectus,
2030 1561 2088 1608 et

506 1659 692 1698 acrem
728 1644 1018 1713 requirens
1052 1643 1389 1714 indaginem,
1421 1653 1476 1699 et
1519 1646 1576 1700 in
1635 1659 1747 1715 quo
1793 1644 2087 1701 enodando

508 1751 665 1791 mens
694 1735 842 1790 haud
896 1749 1092 1805 parum
1129 1735 1346 1791 laboret
1378 1751 1392 1788 :
1438 1733 1722 1792 Christum
1758 1742 1940 1791 tamen
1987 1751 2089 1794 nos

509 1842 706 1883 rursus
742 1826 809 1881 ad
836 1827 1123 1881 veritatem
1161 1825 1503 1882 directurum
1529 1825 1826 1882 credimus.
1853 1825 2087 1892 Quidam

2119 1891 2160 1945 Β

2276 1285 2371 1338 Ἑν
2410 1285 2616 1354 ἐκείνῃ
2647 1284 2723 1355 τῇ
2763 1284 2974 1356 ἡμέρᾳ,
3005 1284 3175 1356 ὑμεῖς
3212 1284 3512 1354 γνώσεσθε
3535 1286 3615 1340 ὅτι
3645 1287 3741 1357 ἐγὼ

2188 1372 2260 1426 ἐν
2298 1371 2379 1438 τῷ
2421 1375 2608 1442 Harp!
2639 1391 2781 1444 μου,
2825 1375 2923 1428 καὶ
2981 1373 3152 1444 ὑμεῖς
3203 1373 3275 1428 ἐν
3316 1374 3465 1442 ἐμοὶ,
3522 1375 3744 1444 adniti?

2191 1465 2352 1520 ὑμῖν.

2223 1487 2226 1504 ι
2273 1483 2352 1520 ιν.

2223 1483 2594 1625 μΔυσέφικτον
2621 1555 2722 1627 μέν
2750 1552 2865 1620 πώς
2907 1554 3023 1607 ἐστι
3056 1553 3117 1608 τὸ
3171 1554 3231 1608 ἐν
3262 1555 3375 1617 τοῖς
3404 1555 3748 1627 προκειμένοις

2189 1646 2471 1719 θεώρημα,
2524 1646 2618 1700 καὶ
2662 1646 2911 1718 δριμεῖαν
2961 1644 3149 1717 ὥσπερ
3193 1645 3438 1711 ἐξαιτοῦν
3485 1647 3565 1715 ἐφ’
3599 1647 3748 1717 ἐαυτῷ

2188 1741 2288 1814 τήν
2336 1739 2591 1810 βάσανον,
2620 1737 2777 1794 ὄκνον
2831 1755 2892 1792 τε
2937 1737 3016 1809 τῷ
3047 1737 3190 1808 λόγῳ
3221 1737 3536 1808 περιποιοῦν
3584 1739 3752 1793 invdi-

2189 1848 2349 1886 τατον
2377 1849 2391 1863 ⁸
2427 1830 2737 1902 κατευθύνῃ
2790 1847 2854 1899 γε
2890 1829 2996 1901 μὴν
3036 1829 3118 1883 ὅτι
3153 1829 3318 1884 πάλιν
3369 1831 3515 1900 ἡμᾶς
3541 1832 3615 1894 είς
3643 1831 3754 1901 ἁλή-

508 1935 662 1989 ergo,
695 1919 911 1974 tametsi
947 1918 1155 1988 primas
1186 1919 1317 1975 olim
1351 1919 1500 1974 inter
1551 1919 1750 1990 impios
1797 1920 2087 1978 hereticos

2206 1925 2342 1978 istav
2374 1927 2402 1978 ὁ
2431 1924 2686 1998 Χριστὸς,
2743 1920 3090 1992 πιστεύομεν.
3127 1921 3286 1986 Τινὲς
3351 1923 3446 1992 μέν
3491 1917 3611 1990 οὖν,
3654 1923 3755 1976 καί·

510 2018 780 2073 tenentes,
806 2025 873 2065 ex
903 2009 1220 2066 substantia
1253 2009 1350 2066 Dei
1381 2025 1447 2066 ac
1489 2009 1672 2069 Patris
1717 2011 1912 2068 Filium
1940 2028 2086 2081 esse,

511 2109 678 2171 atque
705 2099 915 2156 idcirco
944 2103 1000 2156 in
1034 2115 1103 2158 eo
1130 2101 1401 2158 exsistere
1429 2103 1681 2160 nolentes
1706 2105 1978 2171 conﬁteri,
2005 2121 2092 2162 re-

513 2191 733 2246 lativam
762 2191 1058 2262 quamdam
1093 2198 1149 2248 et
1187 2206 1298 2247 non
1341 2195 1654 2249 naturalem
1701 2195 1961 2252 unionem
1995 2212 2090 2253 ex-

509 2283 778 2353 cogitant.
832 2281 901 2337 Et
942 2282 1171 2354 quidem
1203 2285 1574 2356 scripserunt,
1609 2294 1929 2344 eructantes
1967 2303 2094 2359 quas

513 2390 628 2429 suae
679 2375 957 2444 opinionis
1017 2384 1201 2439 erant,
1262 2392 1373 2432 non
1419 2393 1544 2448 quae
1592 2380 1772 2435 sancti
1830 2381 2132 2453 Spiritus,-

514 2467 643 2534 quia
679 2463 852 2522 Filius
893 2481 923 2520 a
956 2466 1120 2523 Patre
1141 2467 1416 2538 diligitur,
1452 2471 1568 2539 ipse
1601 2485 1731 2525 vero
1766 2486 1961 2529 rursus
1993 2471 2097 2528 Pa-

517 2567 654 2614 trem
685 2557 888 2629 diligit,
940 2559 1049 2613 hoc
1110 2559 1318 2616 idcirco
1371 2561 1534 2615 modo
1579 2561 1633 2615 in
1687 2577 1754 2617 eo
1803 2579 1946 2620 esse.
2013 2565 2104 2622 Ad-

513 2653 656 2720 quoil
707 2651 1212 2707 demonstrandum
1271 2652 1536 2708 invictum
1589 2656 1758 2711 veluti
1817 2658 2096 2728 quoddam

512 2751 896 2814 argumentum
932 2745 1088 2801 stulti
1131 2754 1454 2816 proponunt
1494 2747 1547 2803 id
1581 2748 1728 2819 quod
1774 2749 1904 2804 huic
1950 2750 2100 2807 dicto

514 2841 580 2892 de
614 2839 773 2894 nobis
806 2847 861 2892 et
893 2838 1013 2909 ipso
1051 2839 1426 2911 subjungitur,
1452 2840 1661 2912 virgam
1694 2842 1862 2898 veluti
1902 2859 2100 2916 quam-

514 2932 638 2984 dam
698 2931 1064 2987 arundineam
1121 2931 1242 2988 suis
1289 2931 1650 3003 blasphemiis
1681 2945 2096 3009 supponentes,

517 3037 714 3091 nempe
750 3023 896 3091 quod
928 3021 1090 3078 sicuti
1123 3037 1227 3077 nos
1259 3022 1316 3077 in
1362 3039 1428 3080 eo
1453 3040 1576 3080 esse
1607 3025 1869 3096 dicimur,
1894 3031 2100 3101 ipsum-

517 3127 623 3180 que
673 3111 727 3166 in
763 3112 926 3168 nobis
986 3111 1255 3168 habemus
1279 3156 1294 3180 ,
1328 3130 1508 3184 neque
1539 3124 1724 3174 tamen
1774 3122 2100 3178 substantiae

2191 2035 2274 2071 τοι
2321 2016 2428 2072 τῶν
2489 2015 2748 2088 προῦχειν
2799 2013 3226 2086 ὐποληερθέντων
3279 2014 3413 2066 ποτέ
3467 2015 3614 2086 παρὰ
3662 2017 3756 2079 toi;

2193 2109 2427 2172 ἀνοσίοις
2448 2110 2765 2182 αῖρετικοῖς,
2786 2107 3214 2180 παραιτούμενοι
3234 2106 3469 2178 πονηρὸς
3489 2105 3598 2177 [τῃ.
3618 2123 3760 2176 πονη-

2358 2201 2420 2254 τὸ
2449 2202 2514 2255 ἐκ
2542 2201 2643 2272 τῆς
2667 2201 2856 2267 οὐσίας
2907 2199 3002 2254 τοῦ
3036 2198 3171 2254 Θεοῦ
3209 2189 3559 2269 καὶἾΙατρὸς
3597 2197 3760 2268 ὁμολο-

2193 2296 2310 2362 γεῖν
2330 2293 2423 2348 τὸν
2452 2292 2601 2358 Υἰὺν,
2633 2293 2724 2348 διά
2750 2309 2810 2346 τε
2831 2293 2990 2348 τοῦτο
3017 2291 3287 2362 ὑπάρχειν
3319 2291 3377 2342 ἐν
3411 2288 3580 2359 αὐτῷ,
3608 2305 3762 2359 σχετι-

2195 2385 2298 2456 κήν
2340 2401 2462 2438 τινα
2490 2383 2584 2438 καὶ
2613 2384 2674 2437 οὐ
2707 2382 2944 2454 φυσικὴν
2978 2379 3267 2435 ὑπονοοῦσι
3309 2379 3411 2450 τὴν
3439 2379 3644 2436 ἕνωσιν.
3675 2375 3765 2429 Καὶ

2194 2471 2260 2545 δὴ
2302 2472 2398 2527 καὶ
2435 2473 2842 2544 γεγραφήκασι,
2874 2470 2945 2524 τὰ
2977 2472 3042 2524 ἐκ
3066 2471 3166 2541 τῆς
3193 2469 3406 2533 οἰκείας
3448 2465 3765 2539 ἐρευγόμενοι

2196 2566 2444 2639 γνώμης,
2474 2569 2535 2622 οὐ
2566 2567 2634 2622 τὰ
2661 2567 2722 2633 ἐξ
2743 2566 2900 2637 ἁγίου
2933 2563 3272 2634 Πνεύματος,
3303 2563 3380 2626 ὡς
3408 2561 3632 2630 ἐπείπερ
3651 2562 3768 2628 ἀγα·

2197 2661 2366 2714 πᾶται
2395 2659 2494 2730 μὲν
2543 2661 2572 2713 ὁ
2601 2659 2730 2724 Υἱὸς
2776 2659 2928 2732 παρὰ
2976 2659 3072 2713 τοῦ
3122 2657 3363 2731 Πατρὸς,
3413 2657 3599 2727 ἀγαπᾷ
3619 2655 3673 2709 δὲ
3712 2646 3768 2706 αὖ

2198 2751 2364 2807 πάλιν
2389 2751 2554 2815 αὐτὸς
2589 2749 2681 2805 τὸν
2711 2751 2950 2821 Πατέρα,
2985 2749 3129 2805 κατὰ
3171 2749 3368 2804 τοῦτόν
3413 2751 3528 2802 ἐστι
3556 2748 3641 2800 τὸν
3664 2744 3771 2816 τρό-

2198 2859 2302 2898 πον
2317 2843 2376 2896 ἐν
2395 2840 2563 2913 αὐτῷ.
2584 2842 2695 2897 Καὶ
2717 2841 2991 2908 ἀπόδειξιν
3004 2841 3194 2912 ὥσπερ
3214 2840 3343 2896 τινὰ
3369 2838 3773 2910 δυσανάτρεπτῡν

2199 2934 2606 3006 εῖσκομίζουσιν
2649 2934 2700 2988 οἱ
2749 2934 3102 3007 παράφρονες
3147 2933 3210 2986 τό
3241 2950 3305 2986 τε
3339 2931 3420 3004 τῷ
3462 2929 3776 3003 προκειμένῳ

2201 3026 2649 3100 παρεζευγμένον
2706 3025 2854 3098 ῥητῷ
2901 3025 3028 3097 περί
3060 3041 3120 3076 τε
3160 3023 3326 3094 ἡμῶν
3375 3024 3472 3078 καὶ¹
3499 3020 3676 3076 αὐτοῦ’
3699 3019 3776 3072 καὶ

2199 3119 2262 3192 δή
2305 3135 2459 3190 φασι,
2491 3117 2798 3189 καλαμίνην
2830 3117 3020 3188 ὥσπερ
3051 3115 3172 3170 τινὰ
3210 3115 3410 3188 ῥάϐδον
3449 3116 3569 3178 ταῖς
3595 3109 3779 3171 ἑαυτῶν

521 3202 734 3256 ratione
764 3203 1009 3267 unimur,
1044 3203 1141 3259 sed
1169 3205 1395 3261 unionis
1425 3206 1624 3266 modus
1655 3209 1710 3264 in
1745 3225 1813 3266 eo
1846 3213 2102 3268 consistit

2206 3210 2609 3280 ὑποστήσαντες
2639 3207 2996 3279 δυσφημίαις,
3026 3207 3106 3264 ὅτι
3135 3204 3331 3277 ὥσπερ
3365 3207 3530 3276 ἡμεῖς
3573 3205 3628 3258 έν
3656 3197 3780 3300 αῨτίῖξ

521 3303 579 3347 ιιι
611 3294 908 3364 diligamus
935 3309 1000 3350 ac
1029 3295 1278 3352 vicissim
1313 3297 1614 3369 diligamur
1648 3320 1661 3355 :
1694 3303 1791 3369 ita,
1821 3304 2101 3375 inquiunt,

520 3394 574 3437 et
609 3385 781 3442 Filius
821 3402 934 3442 non
979 3387 1034 3442 in
1064 3388 1376 3444 substantia
1405 3391 1596 3461 utique
1647 3403 1733 3450 est
1765 3393 1880 3450 Dei'
1906 3411 1970 3451 ac
1997 3398 2105 3452 Pa-

523 3477 640 3540 tris,
677 3477 770 3532 sed
795 3477 1089 3535 distinctus
1113 3480 1338 3534 omnino
1369 3482 1583 3538 ratione
1607 3492 1838 3550 naturae,
1869 3500 2109 3559 cumque

523 3569 744 3624 diverso
776 3568 935 3638 plane
963 3570 1124 3626 modo
1151 3586 1212 3626 se
1242 3572 1461 3636 habeat,
1492 3575 1610 3628 sola
1632 3575 1946 3634 dilectionis
1965 3579 2107 3650 lege,

525 3659 803 3728 inquiunt,
852 3660 908 3714 in
959 3659 1120 3716 Patre
1167 3678 1294 3719 esse
1355 3666 1688 3736 concipitur.
1753 3666 2109 3740 Propositum

523 3750 669 3802 enim
714 3750 796 3806 eis
842 3758 948 3815 est,
995 3758 1056 3805 ut
1093 3751 1258 3808 modo
1298 3753 1562 3818 diximus,
1599 3754 1784 3812 facere
1816 3767 1876 3812 ut
1910 3757 2113 3831 Unige-

524 3843 677 3900 nitus
713 3841 928 3898 factura
956 3853 1014 3899 et
1051 3852 1310 3902 creatura
1335 3859 1460 3902 esse
1493 3848 1776 3916 credatur,
1803 3860 1859 3907 et
1893 3861 2114 3908 creatu-

523 3935 602 3989 ris
634 3933 859 4005 quidem
894 3936 1112 3990 caateris
1144 3936 1447 3994 eminentia
1481 3938 1778 4010 dignitatis
1811 3943 2109 4010 excellere,

525 4025 620 4080 sed
654 4033 810 4086 extra
841 4025 934 4082 Dei
963 4041 1027 4081 ac
1056 4025 1241 4083 Patris
1274 4029 1648 4088 substantiam
1679 4048 1824 4090 esse.
1857 4032 1998 4090 Cum
2019 4050 2114 4090 au-

527 4129 634 4172 tem
663 4117 875 4187 prolixe
899 4116 967 4173 de
991 4118 1097 4172 hoc
1126 4127 1287 4174 antea
1321 4120 1815 4192 disputaverimus,
1852 4132 1907 4182 et
1926 4141 2109 4196 quan-

530 4221 645 4262 tum
669 4208 722 4261 in
758 4209 915 4263 nobis
939 4218 1060 4264 erat
1088 4211 1496 4270 ostenderimus
1519 4216 1826 4270 secundum
1855 4225 2111 4274 naturam

529 4315 651 4354 esse
680 4282 876 4352 Filium
905 4299 958 4352 in
995 4299 1180 4368 Patre,
1207 4311 1262 4357 et
1286 4303 1714 4359 substantialem
1753 4305 1956 4362 habere
1984 4323 2111 4363 cum

530 4407 595 4445 eo
631 4391 909 4456 unionem,
939 4391 1006 4448 de
1045 4392 1149 4448 hoc
1184 4393 1239 4448 in
1284 4410 1532 4464 praesens
1572 4398 1911 4454 contendere
1949 4400 2116 4453 omit-

531 4494 728 4537 temus.
765 4479 1153 4539 Verumtamen
1185 4484 1533 4540 adversarios
1567 4500 1676 4541 non
1711 4488 1934 4543 omnino
1963 4490 2113 4545 sitte-

2209 3297 2347 3355 εἶναι
2383 3299 2676 3371 λεγόμεθα,
2711 3298 2907 3370 ἔχομέν
2941 3315 3001 3352 τε
3047 3296 3214 3352 αὐτὸν
3249 3298 3308 3350 ἐν
3337 3297 3575 3361 ἑαυτοῖς,
3622 3290 3782 3346 καὶού

2209 3393 2352 3451 κατὰ
2369 3393 2461 3448 τὸν
2492 3395 2592 3465 τῆς
2628 3391 2816 3455 οὐσίας
2843 3390 2999 3460 λόγον
3049 3389 3348 3460 ἐνούμεθα,
3377 3388 3579 3460 τρόπος
3619 3383 3672 3440 δὲ
3705 3381 3784 3450 τῆς

2211 3484 2456 3548 ἐνώσεως
2487 3483 2630 3539 κὰθὰ
2667 3482 2985 3553 πεφύκαμεν
3020 3481 3246 3550 ἀγαπᾷν
3277 3497 3342 3532 τε
3377 3481 3473 3533 καὶ
3505 3470 3788 3542 ἁνταγαπᾶ-

2213 3577 2359 3630 σθαι·
2391 3575 2556 3643 οὕτω,
2590 3575 2744 3646 φησὶ,
2787 3575 2880 3629 καὶ
2911 3576 2940 3632 ό
2963 3573 3112 3636 Υἱὸς,
3146 3572 3254 3626 οὐκ
3286 3573 3348 3624 ἐν
3369 3573 3438 3642 τῇ
3487 3567 3644 3640 οὐσίᾳ
3684 3562 3797 3616 πάν-

2211 3687 2319 3734 τως
2364 3669 2483 3722 ἐστὶ
2532 3668 2626 3722 τοῦ
2671 3667 2806 3722 Θεοῦ
2853 3667 2945 3720 καὶ
2987 3664 3227 3736 Πατρὸς,
3292 3659 3704 3732 διακεκριμένος
3747 3653 3791 3706 δὲ

2213 3761 2494 3828 παντελῶς
2542 3762 2686 3817 κατά
2716 3778 2782 3829 γε
2807 3761 2898 3815 τὸν
2927 3760 3026 3829 τῆς
3054 3757 3279 3830 φύσεως
3333 3757 3518 3826 λόγον,
3564 3753 3655 3810 καὶ
3701 3750 3787 3802 ἐτε-

2216 3855 2378 3927 ροίως
2427 3854 2566 3925 ἔχων
2629 3852 2846 3924 κομιδῇ,
2891 3851 3035 3906 κατὰ
3087 3851 3254 3922 μόνον
3324 3848 3422 3902 τὸν
3467 3846 3570 3916 τῆς
3608 3841 3797 3912 ἀγάπης

2216 3948 2418 4018 θεσμὸν
2448 3949 2669 4010 νοεῖται,
2694 3944 2882 4016 φησὶν,
2907 3945 2966 3996 ἐν
2992 3943 3071 4014 τῷ
3116 3941 3323 4013 Πατρί.
3360 3939 3572 4001 Σκοπὸς
3602 3935 3703 4006 γὰρ
3719 3930 3800 3985 αὖ·

2213 4043 2346 4106 τοῖς,
2389 4037 2639 4110 καθάπερ
2670 4037 2880 4107 ἔφαμεν
2912 4034 3134 4106 ἀρτίως,
3170 4035 3416 4104 ποίημα,
3453 4030 3550 4085 καὶ
3602 4025 3800 4094 κτίσμα,

2217 4133 2312 4187 καὶ⁹
2340 4129 2586 4201 γενητὸν,
2614 4130 2708 4183 καὶ
2760 4127 2949 4200 μόναις
2985 4126 3084 4197 μὲν
3132 4128 3259 4189 ταῖς
3307 4124 3458 4178 κατὰ
3503 4121 3614 4175 τῶν
3651 4114 3804 4172 ἄλλων

2218 4222 2534 4292 κτισμάτων
2559 4221 2854 4292 ὑπεροχαῖς
2881 4217 3210 4289 τιμώμενον·
3245 4215 3361 4283 ἔξω
3387 4232 3452 4285 γε
3485 4212 3593 4285 μὴν
3614 4209 3707 4279 τῆς
3734 4203 3807 4256 οὑ-

2221 4314 2340 4376 σίας
2375 4313 2687 4385 ὑπάρχοντα
2719 4311 2811 4364 τοῦ
2838 4310 2973 4362 Θεοῦ
3009 4311 3104 4363 καὶ
3156 4308 3406 4378 Πατρὸς,
3442 4304 3712 4372 ἀποφῆναι
3733 4293 3808 4347 τὸν

2220 4405 2518 4474 Μονογενῆ.
2537 4401 2763 4473 Μακροῦ
2795 4402 2851 4455 δὲ
2877 4403 3010 4473 ἡμῖν
3031 4400 3132 4471 ἤδη
3160 4400 3299 4470 περὶ
3328 4397 3528 4452 τούτου
3555 4388 3811 4463 γεγονότος

2220 4496 2400 4564 λόγου,
2433 4495 2498 4550 δι’
2530 4491 2590 4550 οῦ
2649 4495 2788 4548 κατά
2830 4511 2893 4562 γε
2922 4493 3018 4563 τὴν
3046 4489 3279 4545 ἐνοῦσαν
3313 4492 3456 4561 ἡμῖν
3490 4481 3812 4548 ἐδεικνύομεν

531 4589 652 4626 mus
700 4573 755 4626 in
792 4587 892 4627 nos
928 4573 1085 4643 quasi
1135 4573 1359 4630 deserto
1394 4577 1712 4632 vadimonio
1761 4579 1964 4645 invehi,
2017 4583 2103 4637 sed

2216 4589 2549 4659 δύναμιν,δτι
2574 4589 2716 4643 κατὰ
2742 4588 2902 4656 φύσιν
2929 4585 3078 4640 ἐστὶν
3104 4587 3132 4638 ὁ
3155 4584 3288 4648 Υἱὸς
3313 4585 3374 4637 ἐν
3400 4581 3482 4652 τῷ
3513 4575 3708 4647 Ila.ch
3738 4567 3816 4624 καὶ

533 4664 799 4732 prodituri
830 4681 1024 4721 sumus
1053 4666 1108 4720 in
1143 4666 1342 4732 aciem,
1382 4667 1593 4736 paucis,
1623 4677 1888 4739 quantum
1923 4672 1977 4726 in
2007 4688 2112 4728 no-

533 4760 614 4810 bis
641 4765 747 4821 est,
781 4757 1155 4826 improbitatis
1201 4772 1396 4815 eorum
1446 4760 1767 4818 detestabile
1814 4764 2111 4820 artiﬁcium

532 4847 889 4917 malignitatis
909 4858 963 4903 et
992 4849 1283 4919 imperitiae
1305 4849 1526 4920 plenum
1552 4856 1931 4912 ostendentes.
1952 4855 2110 4923 Quod

530 4942 584 4991 in
622 4939 770 4994 hunc
795 4941 1020 4996 modum
1053 4941 1322 4998 faciemus
1357 4960 1370 4998 :

2216 4679 2451 4750 οὐσιώδη
2485 4680 2622 4751 πρὸς
2649 4679 2810 4733 αὐτὸν
2849 4678 2963 4757 ἔχει
2995 4677 3094 4749 τὴν
3121 4676 3352 4740 ἕνωσιν,
3380 4673 3704 4745 παρήσομεν
3725 4661 3815 4757 ᾼέμτι

2216 4772 2280 4826 τὸ
2311 4772 2440 4843 περὶ
2466 4771 2656 4824 τούτου
2685 4771 2824 4833 τέως
2861 4751 2941 4833 είς
2966 4769 3028 4822 τὺ
3055 4767 3233 4840 παρὸν
3261 4763 3663 4820 διατείνεσθαι.
3693 4751 3818 4822 Πλὴν

2218 4866 2317 4934 οὐχ
2355 4864 2664 4935 ὁλοκλήρως
2695 4862 3065 4935 ἐπιτρέψομεν
3095 4861 3319 4931 ἐρήμην
3344 4859 3545 4928 ὥσπερ
3571 4849 3822 4935 καταδρςιο

2226 4961 2345 5028 μεῖν
2382 4956 2473 5010 τοῦ
2502 4934 2660 5026 λόγου
2695 4934 2837 5019 τοὺς
2863 4955 2929 5008 δι’
2961 4955 3232 5017 ἐναντίας,
3275 4934 3825 5020 ἁντιπαραταξόμεθα

523 5029 598 5092 δὲ’
631 5029 698 5082 δι’
733 5030 952 5100 ὀλίγων,
977 5035 1054 5096 ὡς
1082 5028 1192 5087 οἷόν
1230 5053 1289 5089 τε
1329 5038 1843 5109 κεκακουργημένον
1877 5042 1994 5112 ἅμα
2023 5045 2117 5098 καὶ
2152 5046 2362 5116 ἀμαθὲς
2385 5048 2778 5117 ἀποφαίνοντες
2801 5047 2902 5118 τῆς
2928 5045 3192 5117 πονηρίας
3223 5044 3419 5099 αὐτῶν
3474 5041 3540 5095 τὸ
3602 5030 3827 5109 μυσαρὸν

526 5123 922 5194 φιλοτέχνημα·
948 5124 1059 5179 Καὶ
1081 5125 1145 5196 δὴ
1185 5130 1278 5182 καὶ
1306 5129 1432 5200 ἐροῦ
1440 5148 1559 5201 μεν·

601 5213 661 5268 Si
723 5215 1107 5271 tantummodo
1151 5233 1218 5272 ex
1254 5235 1320 5274 eo
1367 5221 1515 5291 quod
1564 5223 1813 5292 diligitur
1840 5240 1906 5282 ac
1940 5227 2118 5300 diligit

528 5304 700 5362 Filius
735 5308 881 5362 inest
914 5306 1087 5375 Patri,
1149 5312 1349 5369 eadem
1390 5315 1607 5370 ratione
1656 5328 1713 5371 et
1760 5332 1860 5374 nos
1896 5321 1952 5374 in
1992 5320 2116 5391 ipso

528 5407 581 5451 et
613 5398 728 5467 ipse
758 5399 814 5452 in
845 5399 1029 5464 nobis,
1075 5417 1180 5457 nec
1218 5405 1366 5460 aliud
1395 5405 1564 5461 ullum
1593 5407 1875 5463 vinculum
1911 5411 2116 5480 reperi-

529 5497 619 5542 tur
651 5490 798 5559 q,uod
823 5492 1126 5564 conjungat
1161 5497 1244 5551 vel
1293 5496 1446 5552 Patri
1474 5496 1701 5564 Filium,
1731 5501 1816 5555 vel
1851 5514 1955 5558 nos
1984 5501 2112 5572 ipsi,

530 5589 583 5634 et
618 5582 799 5650 ipsum
827 5583 985 5640 nobis
1020 5604 1033 5640 :
1076 5589 1370 5656 quomodo,
1401 5605 1608 5661 quaeso,
1645 5600 1738 5648 aut
1761 5605 1870 5662 qua
1900 5593 2113 5649 ratione

607 5758 652 5787 τί
682 5756 828 5812 Psal.
854 5775 1078 5824 munit,
1112 5762 1165 5819 4.

2286 5227 2349 5279 ΕΞ
2378 5225 2467 5278 διὰ
2500 5226 2660 5294 μόνον
2715 5226 2777 5278 τὸ
2830 5225 3150 5295 ἀγαπᾶσθαι
3215 5227 3322 5278 καὶ
3378 5224 3612 5294 ἀγαπᾷν
3645 5222 3674 5274 ό
3714 5219 3827 5280 Υἱὸς

2213 5317 2389 5370 ἔνεστι
2421 5317 2500 5387 τῷ
2527 5318 2723 5388 Πατρὶ,
2760 5316 2902 5371 κατὰ
2929 5317 3018 5371 τὸν
3040 5314 3200 5370 αὐτὸν
3235 5315 3444 5370 τοῦτον
3470 5315 3656 5384 λόγον,
3687 5309 3830 5381 ἡμεῖς

2211 5424 2269 5460 τε
2299 5407 2357 5459 ἐν
2382 5406 2530 5478 αὐτῴ
2563 5407 2656 5462 καὶ
2689 5409 2853 5472 αὐτὸς
2881 5409 2941 5461 ἐν
2967 5409 3120 5479 ἡμῖν,
3151 5405 3257 5459 καὶ
3298 5406 3512 5476 δεσμὸς
3542 5405 3644 5476 μὲν
3672 5397 3830 5456 οὐδεὶς

2213 5501 2498 5556 συνάπτων
2529 5503 2723 5573 ὁρᾶται
2761 5501 2968 5574 ἕτερος,
2993 5500 3026 5570 ἢ
3053 5498 3132 5576 τῷ
3156 5498 3348 5570 Πατρὶ
3367 5499 3466 5552 τὸν
3484 5496 3638 5562 Υἱὸν,
3677 5491 3831 5563 ῆγουν

2212 5596 2360 5666 ἡμᾶς
2402 5595 2573 5668 αὐτῷ,
2614 5595 2710 5650 καὶ
2737 5595 2901 5650 αὐτὸν
2939 5595 3092 5667 ἡμῖν’
3121 5590 3244 5656 πῶς
3279 5591 3319 5663 ἢ
3351 5592 3447 5646 διὰ
3467 5589 3595 5644 τίνα
3623 5584 3830 5656 τρόπον,

3904 655 3909 808 l
