4006 6418
252 335 355 394 969

1255 337 1324 394 ΙΝ
1363 335 1650 395 JOANNIS’
1680 333 2129 394 EVANGELIUM
2165 336 2296 396 LIB.
2336 339 2428 395 IX.

3451 355 3556 417 270

247 457 368 512 clere
419 474 533 524 ttat,
566 458 752 531 φησὶν,
802 458 880 523 ὼς
907 458 966 513 ἐν
1002 454 1188 528 ἐκείνῃ
1225 457 1292 528 τῇ
1321 456 1507 529 ἡμέρᾳ
1528 454 1826 527 γνωσόμεθ‹

1956 451 2014 509 in
2059 454 2155 510 illo
2201 457 2291 514 die
2334 472 2738 530 cognoscemus
2775 463 2941 536 hujus
2979 470 3350 542 mysterium?
3384 473 3544 534 Non-

243 549 306 604 τὸ
335 551 464 621 περὶ
491 550 684 604 τούτου
707 551 1008 624 μυστήριον
1031 566 1046 616 ;
1076 547 1231 604 οῦπω
1259 549 1389 620 γὰρ,
1421 548 1563 603 κατά
1589 548 1652 603 τὸ
1676 548 1845 612 εἰκὸς,

244 643 564 710 ἐγνώκαμεν
601 644 685 696 ὅτι
710 645 740 697 6
767 642 958 716 Πατὴρ
995 643 1092 714 μὲν
1115 641 1208 695 τὸν
1229 641 1358 696 Υἰὺν
1406 642 1621 712 ἀγαπᾷ,
1655 641 1848 712 ἀγαπᾷ

241 732 296 786 δὲ
317 733 410 786 καὶ
432 733 596 797 αὐτὸς
640 733 732 788 τὸν
755 735 996 807 Πατέραο
1034 733 1150 788 ἀλλ’
1181 733 1292 787 οὐδ’
1316 731 1475 804 ἴσμεν
1497 749 1586 788 πω
1609 732 1753 804 τάχα
1780 731 1848 787 τὰ

245 824 360 878 καθ’
386 826 637 889 ἑαυτοὺς,
667 825 927 898 λογισμὸς
955 826 1012 880 δὲ
1028 826 1177 898 ἡμᾶς
1191 825 1468 891 διαπαίζει
1489 824 1645 889 κενὸς
1663 823 1848 896 οἰομέ-

247 933 359 978 νους
391 917 476 970 ὅτι
513 918 767 988 ἠγάπησε
798 919 896 990 μὲν
927 917 1078 989 ἡμᾶς
1105 918 1134 970 6
1157 917 1306 983 Υἱὸς,
1336 919 1431 972 καὶ
1463 917 1553 971 διὰ
1581 914 1743 971 τοῦτο
1768 915 1848 986 τῷ

248 1010 414 1080 ηατρὶ
441 1013 842 1082 κατεκτήσατο,
867 1013 1240 1084 ἠγαπήσαμεν
1281 1012 1339 1066 δὲ
1360 1011 1454 1066 καὶ
1475 1012 1636 1083 ἡμεῖς
1657 1010 1844 1064 αὐτόν.

241 1101 423 1168 Λέγων
456 1102 566 1174 γάρ
599 1103 678 1168 τὸ,
717 1121 736 1155 ι
779 1103 868 1156 Ἐν
897 1103 1080 1175 ἐκείνῃ
1123 1106 1190 1176 τῇ
1247 1103 1446 1175 ,ἡμέρα
1485 1100 1783 1172 γνώσεσθε,
1821 1119 1842 1154 ι

239 1192 384 1246 οὔπω
442 1195 692 1267 παρόντα
739 1195 974 1250 δεικνύει
1031 1195 1124 1250 τὸν
1164 1195 1265 1266 τῆς
1314 1195 1578 1266 είδὴσεως
1629 1193 1843 1266 χρόνον.

237 1283 362 1340 Εἶτα
388 1285 444 1339 τί
479 1287 659 1358 μάτην
678 1287 826 1358 ἡμᾶς
855 1286 1188 1341 κατεκτῦπει
1209 1286 1388 1356 λέγων
1407 1287 1436 1339 6
1458 1285 1682 1357 Κύριος·
1719 1303 1739 1338 t
1787 1285 1846 1339 '0

235 1377 424 1449 Πατὴρ
452 1379 645 1450 ἀγαπᾷ
673 1379 766 1432 τὸν
804 1378 936 1432 Υῖόν
955 1395 1001 1444 ;›
1045 1379 1168 1433 Ὅτι
1203 1381 1313 1449 γὰρ
1339 1377 1436 1433 καὶ
1468 1378 1632 1442 αὐτὸς
1657 1378 1847 1448 ἀγαπᾷ

231 1470 320 1525 τὸν
353 1471 600 1543 Πατέρα,
630 1472 714 1536 τίς
743 1472 843 1524 οὐκ
877 1472 1031 1543 ἐρεῖ;
1067 1469 1192 1534 Πῶς
1215 1471 1293 1535 δὲ,
1324 1471 1447 1524 εἰπέ
1486 1487 1596 1541 μοι,
1627 1471 1724 1524 καὶ
1746 1470 1847 1541 τῆς

229 1565 309 1628 εἰς
333 1566 484 1635 ἡμᾶς
523 1563 799 1629 ἀπόδειξιν
828 1565 1065 1618 ἐποιεῖτο
1112 1564 1259 1635 σαφῆ
1300 1563 1362 1618 τὸ
1405 1563 1620 1618 ἑλέσθαι
1652 1561 1846 1617 παθεῖν

229 1657 368 1727 ὑπὲρ
404 1643 594 1728 ἡμῶνς
637 1676 655 1709 ι
695 1657 880 1722 Μείξω
911 1657 1042 1730 γάρ,
1073 1657 1229 1728 φησὶ,
1255 1654 1462 1727 ταύτης
1491 1655 1592 1727 τῆς
1623 1654 1847 1726 ἀγάπης

228 1748 403 1812 οὐδεὶς
442 1748 582 1820 ἔχει,
639 1748 726 1802 ἵνα
775 1765 862 1812 τις
907 1748 1007 1819 τὴν
1037 1747 1214 1820 ψυχὴν
1251 1747 1416 1801 αὑτοῦ
1451 1746 1518 1819 θῇ
1560 1746 1700 1818 ὑπὲρ
1737 1745 1846 1801 τῶν

1950 545 2083 602 dum
2119 549 2288 614 enim,
2318 559 2380 606 ut
2413 553 2653 624 videtur,
2693 560 3081 630 cognoscimus
3114 562 3332 623 Patrem
3372 569 3541 642 817

1949 639 2174 709 quidem
2206 641 2439 715 diligere
2474 645 2700 714 Filium,
2731 658 2787 705 et
2816 651 2964 708 hunc
3019 654 3253 727 diligere
3282 639 3548 730 Ραιὲεῐιῖς

1950 731 2047 785 sed
2091 745 2161 787 ne
2195 747 2297 790 nos
2340 737 2563 806 quidem
2604 744 2981 812 agnoscimus,
3014 761 3210 803 verum
3257 751 3405 807 ratio
3443 768 3549 810 nos

1947 837 2090 878 vana
2125 823 2358 892 deludit,
2393 829 2486 898 qui
2517 839 2776 902 putamus
2803 835 3002 893 Filium
3051 855 3156 897 nos
3187 841 3454 900 dilexisse
3486 860 3551 902 ac

1947 916 2180 985 proinde
2214 916 2364 974 Patri
2407 923 2796 992 acquisivisse,
2844 943 3058 1002 nosque
3099 947 3226 989 eum
3262 934 3548 994 dilexisse.

1949 1005 2150 1066 Dicens
2193 1011 2344 1066 enim
2382 1031 2396 1068 :
2434 1032 2455 1066 ι
2494 1014 2553 1070 ln
2603 1016 2699 1073 illo
2743 1019 2835 1076 die
2879 1025 3251 1094 cognoscetis,
3299 1045 3320 1081 ι
3354 1032 3545 1102 cogni-

1948 1099 2119 1192 tionis
2151 1109 2369 1174 tempus
2413 1108 2658 1164 nondum
2685 1110 2880 1168 adesse
2920 1115 3192 1174 ostendit.
3237 1116 3382 1186 Quid
3412 1099 3547 1192 ergo

1948 1189 2158 1248 frustra
2209 1195 2374 1252 nobis
2430 1198 2653 1254 insonat
2687 1199 2978 1272 Dominus,
3013 1206 3251 1264 dicens:
3302 1227 3324 1263 ι
3379 1189 3544 1267 Pater

1948 1281 2126 1354 diligit
2155 1283 2358 1342 Filium
2408 1289 2474 1343 ⁷⁸.
2513 1308 2532 1342 ι
2567 1289 2704 1347 Nam
2734 1302 2789 1349 et
2822 1295 3004 1365 ipsum
3043 1299 3274 1372 diligere
3318 1300 3533 1360 Patren

1947 1376 2074 1446 quis
2108 1393 2218 1434 non
2241 1380 2424 1437 dicet?
2449 1381 2740 1449 Quomodo
2765 1395 2974 1454 autem,
3000 1406 3209 1462 quaeso,
3233 1395 3401 1450 ctiam
3425 1411 3535 1453 sua

1949 1465 2007 1521 in
2041 1482 2144 1525 nos
2189 1469 2510 1529 dilectionis
2563 1473 2920 1532 manifestum
2967 1479 3236 1537 indicium
3275 1483 3534 1544 afferebat

1946 1558 2094 1630 quod
2129 1575 2229 1630 pro
2275 1562 2439 1620 nobis
2472 1566 2585 1635 pati
2639 1567 2952 1626 voluisset?
2987 1590 3006 1624 ι
3057 1571 3322 1645 Majorcm
3351 1579 3497 1634 enim
3519 1617 3536 1646 ,

1947 1653 2149 1722 inquit,
2198 1655 2304 1711 hac
2344 1656 2702 1717 dilectionem
2738 1678 2902 1718 nemo
2946 1665 3146 1733 habet,
3185 1678 3246 1724 ut
3294 1672 3535 1728 animam

1948 1757 2106 1799 suam
2145 1753 2314 1814 ponat
2339 1747 2464 1817 quis
2503 1763 2604 1818 pro
2631 1751 2926 1808 amicis’“.
2975 1771 2995 1806 ι
3026 1755 3136 1810 Aut
3161 1769 3264 1812 cur
3291 1757 3443 1830 diligi
3474 1774 3537 1816 se

229 1840 396 1908 φίλων
427 1839 616 1895 αὑτοῦ.
658 1859 677 1890 ι
715 1840 782 1894 Τί
814 1841 871 1895 δὲ
908 1839 1036 1912 παρ’
1067 1840 1226 1912 ήμῶν
1245 1839 1346 1912 τὴν
1373 1841 1455 1905 εἰς
1484 1839 1678 1895 ἐαυτὸν
1701 1840 1826 1910 ἀγά·

1945 1850 1976 1891 a
2005 1837 2168 1893 nobis
2217 1839 2514 1898 manifeste
2545 1843 2792 1912 petebat,
2842 1852 3010 1917 atque
3062 1847 3138 1902 ita
3187 1849 3527 1907 voluntatem

228 1951 334 2004 πην
367 1932 556 2005 ἐζήτει
584 1931 793 2002 σαφῶς,
844 1931 932 1988 διά
957 1949 1019 1985 τε
1047 1930 1208 1985 τοῦτο
1243 1931 1488 2004 πληροῦν
1522 1931 1839 2002 ἐπείγεσθαι

225 2028 290 2082 τά
336 2025 605 2080 δοκοῦντα
632 2025 817 2096 ain-ip;
856 2043 876 2078 ι
921 2026 980 2080 '0
1009 2026 1116 2096 γάρ
1146 2025 1374 2094 ἀγαπῶν
1409 2043 1498 2097 με,
1555 2027 1710 2097 φησὶ,
1737 2025 1839 2090 τὰς

224 2120 445 2184 ἐντολάς
493 2135 596 2191 μου
626 2121 878 2192 τηρήσει.
916 2136 935 2171 ι
976 2118 1116 2173 Πότε
1153 2118 1263 2191 γάρ
1289 2119 1389 2191 τὴν
1434 2118 1584 2174 θείαν
1615 2119 1836 2192 ἐντολὴν

221 2216 560 2285 τηρήσομεν,
616 2215 696 2277 εἰς
727 2213 788 2267 τὸ
821 2213 994 2284 παρὸν
1029 2214 1436 2285 ἀλογήσαντεςς
1481 2213 1611 2269 Ὅτε
1657 2213 1838 2267 τοίνυν

224 2305 520 2360 πιστεῦσαι
577 2305 678 2378 μὲν
722 2305 893 2373 ἀξιον,
927 2306 1008 2360 ὅτι
1048 2305 1196 2377 φιλεῖ
1222 2306 1251 2359 6
1279 2306 1408 2371 Υἱὸς
1448 2305 1541 2360 τὸν
1587 2305 1834 2378 Πατέρα,

223 2399 415 2470 ἀγαπᾷ
445 2399 503 2451 δέ
540 2398 709 2469 ἡμᾶς,
732 2397 830 2452 καὶ
871 2397 1001 2468 παρ’
1047 2399 1206 2470 ἡμῶν
1247 2399 1554 2468 ἀγαπᾶται,
1581 2399 1698 2464 πῶς
1730 2399 1833 2453 οὐκ

224 2489 522 2543 ἀκόλουθον
537 2490 739 2544 ἐννοεῖν
755 2488 944 2563 ἕτερόν
953 2505 1006 2542 τι
1038 2488 1424 2559 βεϐουλεῦσθαι
1441 2505 1655 2561 καταση
1663 2488 1830 2560 μῆναι

219 2579 308 2636 τὸν
324 2581 484 2646 Υἱδν,
503 2581 708 2636 καὶτὸν
719 2581 818 2655 τῆς
834 2579 1083 2645 ἐνώσεως
1099 2580 1304 2654 τρόπον
1323 2581 1384 2636 οὐ
1408 2581 1486 2653 τῷ
1495 2581 1596 2652 τῆς
1611 2581 1832 2651 ἀγάπης

219 2672 506 2746 ὁρίζεσθαι
556 2673 730 2745 νόμῳ,
788 2672 992 2745 μᾶλλον
1018 2672 1076 2726 δὲ
1103 2673 1228 2729 καθ’
1258 2674 1450 2747 ἕτερόν
1472 2691 1596 2728 τινα
1629 2673 1832 2746 τρόπον

219 2764 669 2836 είσκεκομικέναι
683 2765 1024 2835 σαφῶς,ὅταν
1035 2765 1172 2839 λέγῃ
1186 2765 1636 2838 πρδςήμᾶς.ιἘν
1648 2766 1833 2840 ἐκείνῃ

215 2863 280 2931 τῇ
309 2860 502 2931 ἡμέρα
559 2858 835 2929 γνώσεσθε
873 2861 955 2914 ὅτι
1009 2857 1122 2929 ἐγὼ
1153 2861 1211 2914 ἐν
1239 2859 1319 2931 τῷ
1363 2858 1544 2932 Πατρί
1574 2875 1700 2930 μου,
1728 2861 1828 2914 καὶ

219 2953 375 3024 ὑμεῖς
415 2954 478 3005 ἐν
507 2953 653 3024 ἐμοὶ,
686 2948 845 3020 κάγὼ
881 2951 940 3004 ἐν
967 2950 1133 3020 ὑμῖν;
1168 2968 1187 3001 ι
1455 2979 1460 2984 ’

293 3043 443 3097 Ἀλλ’
485 3043 606 3113 ἐρεῖ
651 3041 788 3113 πρὸς
832 3039 990 3094 τοῦτο
1030 3038 1193 3110 τυχὸν
1233 3040 1262 3093 6
1307 3038 1378 3093 δι’
1405 3039 1680 3106 ἐναντίας,
1736 3041 1823 3096 ὃτι

1947 1943 2107 1986 suam
2150 1944 2181 1984 a
2217 1931 2378 1988 nobis
2408 1932 2671 2005 impleri?
2716 1933 2876 2002 Nam,
2915 1955 2937 1991 ι
2963 1936 3022 1992 Si
3055 1939 3182 2011 quis
3199 1939 3376 2013 diligit
3405 1957 3532 2010 me,

1944 2021 2146 2092 inquit,
2180 2022 2440 2079 mandata
2487 2040 2608 2082 mea
2656 2029 2904 2084 servabit
2933 2029 3002 2084 ".
3058 2049 3078 2084 ο
3121 2031 3354 2099 Quando
3382 2034 3531 2090 enim

1945 2112 2194 2169 divinum
2243 2116 2568 2172 mandatum
2609 2119 2978 2188 servabimus,
3026 2124 3125 2194 qui
3187 2126 3241 2182 in
3286 2141 3531 2197 presens

1947 2205 2087 2261 illud
2129 2207 2510 2280 negligamus?
2554 2210 2692 2266 Cum
2743 2226 2877 2283 ergo
2921 2215 3152 2272 credere
3195 2231 3426 2276 necesse
3458 2220 3534 2277 sit

1943 2295 2143 2353 Filium
2174 2299 2399 2372 diligere
2439 2299 2683 2368 Patrem,
2725 2317 2939 2376 nosque
2973 2307 3044 2363 ab
3077 2307 3221 2378 ipso,
3247 2317 3304 2366 et
3345 2310 3528 2383 ipsum

1941 2404 1973 2444 a
2006 2391 2166 2446 nobis
2196 2392 2385 2464 diligi,
2427 2394 2707 2466 quomodo
2741 2410 2854 2452 non
2894 2399 3250 2470 cogitandum
3279 2404 3532 2475 sequitur

1939 2483 2087 2540 aliud
2121 2485 2385 2555 quiddam
2427 2487 2740 2558 signiﬁcare
2764 2489 3008 2548 voluisse
3037 2489 3260 2561 Filium,
3289 2504 3344 2552 et
3372 2497 3531 2553 unio-

1938 2574 2025 2630 nis
2065 2575 2288 2630 modum
2335 2591 2445 2632 non
2484 2577 2802 2636 dilectionis
2843 2581 2965 2654 lege
3001 2583 3253 2655 definire,
3284 2587 3385 2643 sed
3417 2589 3528 2647 alia

1935 2665 2174 2738 quadam
2224 2667 2441 2724 ratione
2486 2669 2637 2726 clare
2685 2674 3032 2743 exposuisse,
3087 2692 3214 2733 cum
3247 2680 3326 2735 ait
3359 2700 3374 2738 :
3411 2702 3432 2737 ι
3464 2683 3526 2740 In

1935 2758 2032 2813 illo
2063 2759 2152 2814 die
2181 2762 2551 2830 cognoscetis,
2583 2763 2713 2833 quia
2749 2779 2852 2836 ego
2881 2765 2939 2822 in
2968 2765 3135 2826 Patre
3161 2785 3308 2839 meo,
3336 2781 3394 2830 et
3421 2787 3526 2833 vos

1938 2845 1994 2900 in
2026 2861 2132 2912 me,
2176 2858 2232 2903 et
2259 2863 2363 2915 ego
2392 2849 2448 2904 in
2478 2850 2678 2908 vobis?

2001 3026 2110 3084 Sed
2147 3027 2338 3086 forsan
2381 3031 2451 3087 ad
2481 3031 2589 3088 hoc
2633 3033 2784 3090 dicet
2821 3035 3206 3104 adversarius,
3231 3038 3521 3098 Christum

223 3137 322 3206 πρὸ
363 3137 473 3207 μὲν
522 3133 619 3188 τοῦ
661 3133 870 3199 πάθους
895 3133 963 3188 τά
989 3131 1212 3188 τοιαῦτα
1245 3133 1384 3205 πρὸς
1409 3135 1556 3204 ἡμᾶς
1591 3133 1818 3206 λελάλη-

1931 3128 2054 3177 ante
2097 3122 2414 3193 passionem
2451 3125 2678 3196 quidem
2711 3127 2832 3184 haec
2853 3128 2924 3185 ad
2953 3143 3058 3186 nos
3091 3130 3340 3188 locutum
3369 3149 3522 3200 esse.

217 3243 307 3280 κεν
332 3227 362 3280 6
389 3224 658 3296 Χριστὸς,
689 3223 767 3288 ὡς
790 3223 980 3295 ἀγαπᾷ
1007 3222 1109 3294 μὲν
1136 3222 1300 3287 αὐτὸς
1330 3222 1422 3276 τὸν
1447 3223 1689 3297 Πατέρα,
1726 3225 1819 3280 καὶ

211 3318 604 3386 άνταγαπᾶται
640 3316 792 3388 παρά
832 3314 926 3369 τοῦ
957 3315 1191 3388 Πατρός,
1221 3316 1414 3390 ἀγαπᾷ
1442 3317 1500 3372 δὲ
1530 3318 1627 3372 καὶ
1650 3319 1822 3390 ἡμᾶς,

210 3409 305 3463 καὶ
340 3410 507 3480 ἡμεῖς
537 3408 702 3462 αὐτόν
731 3425 747 3442 ο
785 3408 924 3480 μετὰ
952 3407 1009 3461 δέ
1043 3424 1107 3476 γε
1151 3407 1212 3462 τὸ
1258 3409 1432 3474 πάθος
1477 3410 1571 3464 καὶ
1612 3410 1712 3482 τὴν
1755 3412 1822 3465 ἐκ

210 3500 428 3571 νεκρῶν
468 3499 786 3565 ἀναϐίωσιν,
820 3499 1053 3572 ἐπείπερ
1083 3499 1301 3572 εἴδομεν
1336 3500 1710 3574 διαρῤήξαντα
1744 3501 1824 3558 ’τά

207 3589 304 3642 τοῦ
347 3587 588 3642 θανάτου
625 3588 824 3658 δεσμά,
851 3587 1175 3662 ἐγνώκαμεν
1218 3592 1299 3644 ὅτι
1333 3591 1392 3644 ἐν
1425 3591 1602 3663 Πατρί
1647 3593 1817 3660 ἐστιν,

209 3683 307 3736 ἀτε
340 3682 407 3754 δὴ
438 3682 535 3735 καὶ
567 3680 952 3752 ἀγαπώμενος,
981 3681 1070 3735 διά
1097 3700 1156 3736 τε
1183 3682 1342 3737 τοῦτο
1367 3684 1460 3738 καὶ
1485 3684 1726 3748 ἀναστὰς
1755 3686 1821 3738 ἐκ

206 3774 462 3845 νεκρῶνο
497 3773 584 3826 διὰ
625 3773 784 3827 τοῦτο
815 3774 912 3827 καὶ
957 3774 1123 3838 αὐτὸς
1160 3776 1217 3829 ἐν
1248 3777 1379 3847 ἡμῖν
1425 3775 1521 3830 καὶ
1554 3779 1715 3849 ἡμεῖς
1760 3779 1820 3831 ἐν

205 3867 382 3939 αὐτῷ,
419 3867 566 3921 κατά
599 3865 689 3920 τὸν
722 3866 884 3920 αὑτὸν
921 3867 1022 3938 τῆς
1054 3868 1276 3938 ἀγάπης
1306 3869 1484 3938 λόγον.
1531 3868 1724 3940 Ἡμεῖς
1759 3869 1818 3923 δέ

205 3958 348 4029 πρὸς
384 3957 546 4010 τοῦτό
587 3974 786 4027 φαμεν,
823 3958 1062 4029 μάλιστα
1116 3960 1216 4030 μὲν
1265 3959 1514 4032 ληρώδης
1556 3962 1686 4032 ὑμῖν
1723 3962 1819 4017 καὶ

205 4051 478 4113 ἀσύνετος
530 4050 830 4118 παντελῶς,
870 4051 964 4104 καὶ
1011 4051 1101 4106 διά
1153 4051 1372 4123 σαθρῶν
1409 4050 1514 4106 εἶσι
1563 4051 1736 4123 λόγων
1779 4055 1814 4126 ἡ

203 4145 511 4208 ἀντίθεσις.
562 4145 732 4216 Πλὴν,
774 4140 819 4200 ὦ
849 4149 1111 4216 γενναῖοι,
1143 4147 1508 4218 διασκέψασθε
1543 4149 1706 4204 πάλιν
1732 4151 1814 4204 ὅτι

203 4241 315 4311 πρὸ
343 4241 451 4312 τῆς
483 4241 548 4293 ἐκ
593 4240 804 4312 νεκρῶν
833 4239 1185 4306 ἀναστάσεως
1213 4242 1351 4313 ὅπερ
1389 4241 1638 4315 ἔγνωμεν
1677 4243 1812 4314 ἀλη-

201 4330 336 4395 θῶς,
389 4331 496 4384 οὐκ
549 4329 654 4383 ἔδει
708 4330 898 4401 μαθεῖν
935 4331 1073 4402 μετὰ
1109 4331 1208 4403 τὴν
1255 4331 1570 4390 ἀνάστασιν.
1607 4335 1670 4388 El
1712 4335 1813 4406 μὲν

200 4421 314 4491 γάρ
371 4419 585 4484 ἀτελῶς
633 4421 990 4492 ἐπιστεύομεν
1035 4419 1128 4475 τὸν
1173 4420 1325 4474 τίω
1353 4423 1670 4492 ἀγαπᾶσθαι
1711 4425 1812 4495 μὲν

198 4515 363 4586 παρὰ
396 4513 494 4567 τοῦ
531 4513 662 4567 ῑδὶου
708 4513 942 4584 Πατρὸς,
986 4514 1207 4584 ἀγαπᾷν
1258 4513 1316 4611 δέ
1367 4515 1463 4569 καὶ
1513 4516 1677 4571 αὐτὸν
1715 4517 1810 4611 τὸν
1841 4553 1886 4611 D

198 4606 455 4676 Πατέρα,
489 4603 804 4674 περιμένειν
837 4603 1010 4666 ὅντως
1042 4603 1210 4675 ἐχρῆν
1246 4602 1344 4676 τὴν
1372 4605 1688 4670 ἀνάστασιν,
1721 4605 1811 4661 ἵνα

192 4699 300 4770 τῆς
330 4697 596 4766 γνώσεως
629 4696 842 4768 ἔχωμεν
879 4695 1085 4749 ἐκεῖθεν
1118 4696 1216 4766 τὴν
1243 4695 1578 4769 τελειότητα.
1627 4697 1692 4752 Εἰ
1751 4697 1810 4751 δὲ

195 4791 529 4856 ἀξιόπιστος
568 4790 596 4842 6
626 4789 819 4859 Πατὴρ
843 4828 858 4854 ,
908 4788 1003 4841 καὶ
1047 4788 1152 4859 πρὸ
1191 4788 1289 4859 τῆς
1331 4789 1683 4854 ἀναστάσεως
1717 4789 1809 4843 λέ-

193 4901 349 4953 γωνο
385 4903 404 4936 ί
438 4882 610 4946 Αὐτός
650 4884 798 4935 ἐστιν
842 4883 870 4934 6
911 4879 1041 4939 Υἱός
1087 4899 1191 4952 μου
1241 4883 1270 4934 6
1303 4883 1608 4954 ἀγαπητὸς,
1643 4903 1662 4937 ι
1688 4885 1813 4956 ἀλη-

193 4976 355 5030 θεῦει
413 4975 471 5028 δὲ
519 4973 613 5028 καὶ
660 4973 822 5036 αὐτὸς
879 4973 907 5024 6
954 4973 1168 5044 Σωτὴρ,
1205 4973 1412 5042 λέγων,
1451 4993 1470 5026 ‹
1522 4975 1589 5045 Ὀ,
1621 4977 1810 5049 Πατὴρ

189 5069 398 5138 ἀγαπᾷ
442 5066 536 5120 τὸν
585 5065 732 5118 Υἱὸν⁶
774 5084 793 5116 ι
847 5064 875 5116 6
919 5065 976 5118 se
1024 5064 1122 5136 τῆς
1165 5066 1386 5137 ἀγάπης
1431 5066 1590 5136 λόγος
1641 5075 1699 5128 ἐν
1741 5071 1808 5140 τῇ

189 5161 343 5216 κατά
383 5162 495 5213 πᾶν
533 5158 831 5229 τελειότητι
877 5159 1076 5210 νοεῖται
1124 5159 1478 5229 πρεπόντως’
1517 5158 1570 5211 τί
1601 5159 1807 5230 φληνά·

185 5271 310 5321 φως
341 5253 498 5324 ἡμᾶς
529 5253 918 5322 κατακροτεῖτε
950 5249 1169 5318 λόγοις;
1199 5250 1266 5303 Τί
1315 5250 1393 5318 δὲ,
1436 5251 1497 5304 τὸ
1533 5252 1632 5323 τῆς
1669 5251 1807 5324 άλη-

188 5344 355 5406 θειας
405 5340 826 5413 παρωθούμενοι
873 5338 1088 5404 κάλλος,
1135 5337 1196 5391 τὸ
1234 5338 1475 5402 δυσειδὲς
1507 5342 1641 5411 ἡμῖν
1669 5341 1804 5395 ἀνα-

189 5438 474 5489 πλάττετε
529 5433 744 5504 ψεῦδος,
794 5432 1108 5497 ὲξέλκοντες
1159 5431 1258 5501 μὲν
1304 5431 1403 5501 τῆς
1455 5431 1550 5485 τοῦ
1592 5432 1807 5505 Πατρὸς

184 5527 388 5592 οὐσίας
418 5526 511 5579 τὸν
543 5525 604 5590 ἐξ
651 5522 816 5576 αὐτοῦ
861 5522 955 5576 καὶ
993 5520 1060 5574 δι’
1091 5520 1256 5576 αὑτοῦ
1296 5520 1447 5586 Υἰὸν,
1482 5519 1716 5592 σαθροὺς
1747 5522 1804 5576 δὲ

185 5617 312 5673 λίαν
358 5619 740 5687 ἐπινοούμενοι
789 5615 1000 5682 λόγους,
1040 5613 1133 5666 καὶ
1173 5613 1412 5682 στροφὰς
1433 5613 1649 5666 ἀτόπων
1683 5615 1803 5667 ἐπιο

185 5709 450 5773 νοοῦντες
509 5705 926 5776 συλλογισμῶν;
961 5706 1080 5756 ’Ότι
1147 5701 1254 5773 γάρ
1317 5702 1605 5774 ἠγάπησεν
1655 5705 1801 5774 ἡμᾶς

1925 3229 2125 3286 nempe
2143 3217 2290 3287 quod
2310 3217 2432 3287 ipse
2463 3218 2685 3289 quidem
2709 3217 2931 3276 Patrem
2964 3220 3164 3294 diligat
3187 3232 3242 3279 et
3267 3225 3520 3283 vicissim

1927 3307 2193 3380 diligatur
2232 3324 2264 3364 a
2301 3308 2491 3379 Patre,
2538 3311 2793 3382 adeoque
2824 3327 2930 3370 nos
2962 3315 3082 3385 ipse
3111 3315 3305 3389 diligat
3331 3327 3390 3374 et
3415 3334 3522 3376 nos

1927 3400 2148 3472 ipsum;
2197 3401 2293 3457 sed
2341 3410 2474 3474 post
2513 3405 2833 3472 passionem
2881 3413 2938 3462 et
2979 3408 3448 3465 resurrectionem
3488 3425 3521 3466 a

1925 3493 2187 3556 mortuis,
2247 3494 2545 3564 postquam
2599 3496 2935 3567 agnovimus
2987 3513 3116 3554 eum
3171 3501 3373 3558 mortis
3422 3517 3522 3557 ru-

1923 3583 2074 3654 pisse
2103 3583 2348 3651 vincula,
2391 3595 2753 3656 perspectum
2800 3588 2967 3646 nobis
3003 3588 3180 3648 fuisse
3229 3608 3358 3649 eum
3392 3609 3520 3651 esse

1923 3675 1980 3730 in
2026 3675 2214 3744 Patre,
2261 3685 2453 3748 utpote
2501 3679 2770 3736 dilectum
2812 3695 2878 3736 ac
2922 3683 3161 3752 proinde
3206 3699 3236 3738 a
3281 3686 3517 3741 mortuis

1921 3769 2261 3836 excitatum;
2293 3769 2509 3826 idcirco
2536 3780 2594 3826 et
2632 3771 2816 3843 ipsum
2856 3788 2982 3830 esse
3028 3775 3086 3829 in
3121 3775 3285 3832 nobis
3315 3786 3371 3831 et
3411 3793 3518 3835 nos

1921 3859 1979 3915 in
2011 3861 2155 3931 ipso,
2171 3863 2474 3918 secundum
2491 3863 2738 3920 eamdem
2755 3865 3070 3922 dilectionis
3089 3869 3382 3927 rationem.
3401 3869 3515 3928 Nos

1921 3957 2106 4007 autem
2121 3953 2520 4024 respondemus
2533 3951 2787 4012 frivolam
2801 3973 2925 4014 esse
2943 3967 2996 4014 et
3017 3960 3263 4030 putidam
3279 3977 3514 4033 prorsus

1918 4043 2707 4114 objectionem.Verumtamen
2721 4052 3070 4110 considerate
3083 4058 3511 4128 rursus,oboni,

1917 4150 2029 4191 non
2063 4136 2241 4195 fuisse
2273 4139 2436 4196 nobis
2475 4155 2616 4212 opus
2649 4152 2776 4214 post
2806 4147 3276 4204 resurrectionem
3295 4149 3514 4208 discere

1917 4226 2066 4298 quod
2089 4237 2217 4284 ante
2228 4232 2694 4288 resurrectionem
2717 4249 2848 4291 vere
2870 4238 3258 4306 cognovimus.
3281 4238 3340 4296 Si
3357 4241 3507 4298 enim

1915 4318 2238 4390 imperfecte
2253 4322 2622 4380 credebamus
2647 4325 2803 4398 diligi
2841 4341 2869 4380 a
2903 4342 3006 4384 suo
3026 4327 3192 4387 Patre
3219 4329 3421 4388 Filium
3453 4343 3510 4390 et

1913 4414 2067 4470 hunc
2094 4415 2342 4474 vicissim
2377 4417 2598 4474 Patrem
2627 4419 2874 4492 diligere,
2908 4423 3284 4494 exspectanda
3312 4426 3506 4497 utique

1913 4515 2034 4563 erat
2064 4509 2428 4576 resurrectio,
2479 4520 2538 4566 ut
2582 4513 2920 4583 cognitionis
2951 4515 3345 4585 perfectionem
3377 4519 3508 4576 inde

1916 4615 2410 4672 consequeremur.
2442 4603 2601 4668 Quod
2635 4604 2682 4660 si
2729 4620 2896 4661 verax
2943 4614 3062 4662 erat
3103 4605 3304 4672 Pater,
3335 4610 3504 4668 etiam

1917 4707 2042 4746 cum
2074 4701 2204 4747 ante
2226 4694 2702 4749 resurrectionem
2737 4695 2953 4754 diceret
2985 4713 2998 4751 :
3036 4714 3056 4749 ι
3085 4695 3186 4754 Hic
3216 4711 3301 4756 est
3327 4698 3504 4757 Filius

1918 4798 2078 4842 meus
2107 4783 2348 4840 dilectus
2370 4786 2436 4849 ",
2467 4805 2485 4837 ι
2522 4794 2578 4841 et
2610 4785 2872 4842 Servator
2901 4787 3026 4858 ipse
3051 4804 3181 4845 vere
3226 4790 3500 4862 loquitur,

1918 4892 2041 4931 cum
2091 4877 2169 4932 ait
2214 4897 2227 4930 :
2271 4876 2478 4933 «Pater
2529 4877 2715 4949 diligit
2771 4879 2975 4934 Filium
3009 4881 3080 4945 ⁷⁸,
3115 4901 3133 4934 ι
3177 4881 3501 4938 dilectionis

1921 4978 2103 5023 autem
2147 4969 2316 5039 818
2346 4969 2614 5025 rationem
2645 4970 3105 5041 perfectissimam
3149 4975 3368 5030 censeri
3399 4974 3500 5029 de-

1919 5068 2006 5116 cet
2036 5079 2050 5114 :
2083 5074 2186 5115 cur
2236 5077 2337 5116 nos
2371 5061 2586 5117 frivolis
2626 5064 2979 5120 sermonibus
3015 5064 3374 5121 obtunditis?
3404 5074 3501 5120 aut

1916 5167 2041 5219 cur,
2085 5153 2341 5210 veritatis
2370 5155 2786 5224 pulchritudine
2820 5155 3048 5225 rejecta,
3083 5157 3289 5214 infame
3332 5156 3499 5212 nobis

1913 5244 2265 5299 mendacium
2316 5246 2546 5318 fingitis,
2594 5246 2664 5302 de
2708 5248 3024 5304 substantia
3071 5247 3255 5303 Patris
3302 5245 3498 5302 detru-

1913 5335 2108 5390 dentes
2151 5352 2277 5391 eum
2309 5338 2402 5408 qui
2433 5355 2499 5395 ex
2541 5340 2664 5409 ipso
2706 5347 2760 5394 et
2802 5355 2902 5410 per
2937 5341 3118 5411 ipsum
3152 5346 3238 5394 est
3269 5337 3494 5406 Filium,

1913 5427 2244 5498 excogitatis
2271 5429 2480 5500 putidis
2509 5430 2822 5486 rationibus
2853 5440 2908 5486 et
2934 5429 3301 5486 absurdorum
3331 5443 3502 5500 argu-

1912 5527 2227 5575 mentorum
2282 5521 2577 5591 strophis?
2650 5521 2810 5589 Quod
2868 5521 3016 5578 enim
3073 5519 3334 5576 dilexerit
3387 5533 3495 5577 nos

1912 5609 2245 5682 Unigenitus
2278 5627 2516 5683 eumque
2567 5629 2668 5670 nos
2717 5612 3107 5677 dilexerimus,
3138 5611 3318 5669 cuivis
3365 5626 3494 5684 per-

1911 5703 2121 5774 spicere
2177 5703 2381 5767 licebit,
2430 5707 2604 5774 ipsam
2641 5705 2891 5760 veritatis
2942 5712 3194 5760 naturam
3234 5702 3493 5781 conside-

267 5825 320 5858 "
366 5823 515 5882 ican.
547 5839 634 5884 in.
671 5823 759 5878 35.
846 5823 912 5855 ⁷⁸⁸
955 5818 1117 5876 Joan.
1149 5837 1244 5885 xv,
1278 5819 1364 5876 f5.
1440 5817 1670 5891 "Joan.
1704 5837 1815 5890 xw,

1933 5861 1945 5873 .
2027 5820 2086 5894 ”_
2114 5817 2301 5874 Matth.
2335 5839 2469 5889 mi,
2503 5825 2555 5880 5.
2635 5826 2680 5856 ⁷⁸
2712 5821 2870 5880 Joati.
2915 5839 2996 5887 in,
3038 5822 3128 5879 55.
