4006 6432
485 314 585 370 271

1485 315 1542 373 S.
1582 318 1861 376 CYRILLI
1899 317 2372 373 ALEXANDRINI
2410 318 2735 377 ARCHIEP.
3634 340 3722 399 273

486 451 611 492 rare
656 435 885 493 volenti.
926 456 944 488 ι
971 435 1108 493 Nam
1159 452 1287 493 cum
1316 438 1370 493 in
1409 437 1584 494 forma
1631 441 1725 495 Dei
1760 456 1838 495 ac
1881 440 2065 496 Patris

2175 443 2197 494 ὁ
2222 440 2552 510 Μονογενὴς,
2578 439 2946 510 ἠγαπήσαμεν
2973 439 3030 494 δὲ
3069 441 3165 495 καὶ
3199 443 3358 513 ἡμεῖς
3387 446 3560 516 αὑτὸν,
3585 458 3725 510 παντί

486 537 655 592 esset.
686 544 797 584 non
828 530 1078 599 rapinam
1108 532 1410 587 arbitratus
1439 540 1524 586 est
1549 547 1672 588 esse
1702 548 1765 589 sc
1796 534 2067 603 aequalem

493 619 628 679 lico.
681 621 776 676 sed
849 622 1213 692 semetipsum
1272 625 1585 680 exinauivit
1632 623 1868 681 formam
1924 627 2070 682 servi

488 712 773 781 accipiens
799 713 868 768 ".
899 733 916 765 ι
954 716 1024 768 At
1055 731 1333 785 quanam,
1371 716 1628 779 obsecro,
1663 718 1861 772 borum
1897 732 2071 774 causa

490 805 634 858 fuit?
660 803 854 861 Nonne
884 804 1203 863 dilectionis
1234 823 1364 877 erga
1402 822 1505 864 nos
1540 808 1719 862 ratio?
1750 809 1820 863 At
1847 810 2069 864 cuinam

489 894 719 949 dubium
770 896 920 951 istud
952 912 1077 953 esse
1115 899 1367 967 poterit?
1399 899 1555 965 Quod
1589 909 1773 956 autem
1801 916 1905 957 nos
1929 916 2069 968 quo-

488 1000 597 1054 quc
633 1000 736 1055 pro
779 986 1006 1044 Christo
1040 989 1219 1059 ipsam
1258 992 1408 1046 ultro
1455 990 1694 1047 animam
1729 1008 2072 1064 persequen-

488 1080 639 1134 tibus
689 1078 1128 1149 objiciinus,one
1179 1083 1474 1140 Dominum
1523 1093 1777 1141 nostrum
1828 1086 2068 1157 abnege-

490 1185 638 1235 mus,
681 1172 938 1243 nunquid
981 1174 1277 1231 manifesto
1310 1177 1632 1236 dilectionis
1676 1180 1733 1235 in
1759 1181 1944 1251 ipsum
1976 1195 2069 1236 ar-

490 1272 752 1333 gumento
789 1272 845 1320 et
880 1264 1330 1323 indiciofuerit?
1355 1272 1525 1341 Atqui
1556 1274 1641 1328 vel
1683 1273 1831 1329 istud
1877 1289 2070 1329 verum

486 1371 612 1412 esse
670 1356 955 1423 fateberis,
1008 1359 1094 1416 vel
1142 1370 1373 1418 sanctos
1428 1374 1702 1437 martyres
1755 1365 2067 1433 damnabis,

486 1450 649 1519 quasi
691 1447 899 1505 frustra
936 1461 1159 1523 propter
1208 1453 1495 1511 Christum
1552 1457 1703 1527 passi
1748 1458 1902 1523 sint,
1945 1466 2071 1512 tan-

486 1548 718 1608 tumque
747 1540 1053 1609 periculum
1081 1544 1255 1615 gratis
1280 1552 1335 1601 et
1354 1546 1497 1602 «siue
1531 1548 1785 1604 mercede
1823 1550 2072 1617 pertule-

488 1630 622 1684 rint.
649 1630 786 1687 Cum
814 1648 946 1704 ergo
974 1635 1267 1706 perspicue
1297 1637 1594 1695 admodum
1627 1641 2069 1697 demonstratum

488 1722 563 1776 sit
600 1721 818 1779 Patrem
857 1724 1174 1795 perfectam
1239 1728 1479 1798 quidem
1505 1732 1560 1785 in
1611 1730 1811 1786 Filium
1870 1733 2072 1789 habere

2170 550 2249 603 τῳ
2281 533 2632 604 προκείσεται
2684 532 2781 585 καὶ
2827 531 2948 586 λίαν
2995 533 3231 603 ἑτοίμως
3272 536 3419 603 ίδεῖν,
3457 542 3613 615 αὑτὴν
3638 545 3726 602 επ-

2172 624 2360 695 αθρεῖν
2384 623 2619 677 ἐθέλοντι
2637 622 3019 693 τῆςάληθείας
3050 623 3149 694 τὴν
3179 623 3361 692 φύσιν.
3398 646 3416 679 ι
3457 630 3542 683 ‘Ev
3568 641 3729 711 μορφῇ

2171 718 2281 787 γὰρ
2315 717 2575 787 ὑπάρχων
2608 714 2702 769 τοῦ
2740 714 2876 768 Θεοῦ
2912 716 3007 768 καὶ
3049 716 3285 788 Πατρὸς,
3332 719 3428 788 οὑχ
3466 722 3732 793 ἁρπαγμὸν

2172 809 2416 879 ἡγήσατο
2434 809 2500 862 τὸ
2528 804 2666 861 εἶναι
2699 808 2790 860 ίσα
2822 805 2964 877 θεῷ,
3010 807 3127 862 ἀλλ’
3150 808 3339 863 ἑαυτὸν
3378 812 3606 867 ὲκένωσε
3629 816 3737 870 δού-

2171 903 2264 955 λου
2293 900 2506 973 μορφὴν
2526 900 2726 955 λαϐὼν.
2769 919 2787 951 ι
2812 895 2945 953 Εἶτα
2973 901 3079 965 τίς,
3103 902 3226 954 είπέ
3252 918 3366 972 μοι,
3385 903 3489 958 τῶν
3504 907 3737 963 τοιούτων

2171 995 2204 1064 ἡ
2234 993 2545 1064 πρόφασιςς
2582 988 2708 1064 Ἆρ’
2734 993 2796 1045 οὑ
2829 991 2929 1062 τῆς
2962 994 3044 1056 εἰς
3072 994 3219 1063 ἡμᾶς
3252 995 3471 1066 ἀγάπης
3497 999 3525 1050 ὁ
3570 1000 3740 1068 λόγος;

2174 1085 2286 1137 Kal.
2322 1083 2442 1147 πῶς
2475 1083 2624 1138 ἐστιν
2653 1084 2981 1154 ἀμφιϐαλεῖν
3006 1102 3020 1150 ;
3060 1085 3133 1137 Τὸ
3161 1085 3220 1138 δὲ
3251 1087 3348 1139 καὶ
3376 1088 3521 1157 ἡμᾶς
3556 1088 3741 1144 ἐθέλειν

2172 1175 2315 1245 ὑπὲρ
2348 1173 2586 1245 Χριστοῦ
2616 1176 2710 1228 καὶ
2741 1173 2910 1246 αὑτὴν
2936 1176 3167 1247 έτοίμως
3180 1175 3333 1246 ἔχειν
3356 1180 3744 1250 καταπροέσθαι

2171 1271 2283 1332 τοῖς
2299 1267 2556 1322 διώκουσι
2594 1268 2694 1338 τὴν
2730 1266 2930 1339 ψυχὴν,
2963 1269 3050 1322 ῖνα
3094 1268 3170 1340 μὴ
3213 1269 3304 1324 τὸν
3351 1270 3559 1326 ἑαυτῶν
3588 1274 3745 1344 ἀρνη-

2175 1358 2394 1431 σώμεθα
2445 1360 2671 1432 Κύριον,
2716 1356 2807 1433 ἆρ’
2845 1360 2945 1414 οὑκ
2995 1360 3062 1415 ἂν
3112 1361 3426 1431 είσκομίσαι
3476 1365 3619 1434 σαφῆ
3659 1365 3747 1437 τὴν

2171 1449 2445 1517 ἀπόδειξιν
2493 1450 2596 1520 τῆς
2641 1453 2720 1515 είς
2765 1450 2929 1504 αὑτὸν
2972 1452 3229 1523 άγάπης;
3281 1452 3423 1506 Ἀλλ’
3464 1453 3498 1524 ἢ
3548 1454 3746 1520 πάντως

2171 1542 2368 1612 ἀληθὲς
2406 1542 2521 1612 έρεῖ
2574 1558 2658 1605 τις
2719 1542 2812 1595 καὶ
2857 1539 3033 1605 τοῦτο,
3080 1543 3114 1613 ή
3164 1541 3277 1613 [γρ.
3323 1542 3385 1614 ἦ]
3438 1544 3547 1597 τῶν
3597 1544 3749 1614 ἁγίων

2171 1634 2594 1704 καταψηφιεῖται
2626 1633 2940 1705 μαρτύρων,
2978 1634 3055 1697 ὡς
3105 1636 3191 1687 ἐπ’
3221 1634 3401 1688 οὑδενὶ
3431 1634 3539 1688 τῶν
3571 1637 3750 1708 χρησί-

2176 1743 2291 1797 μων
2329 1724 2695 1795 διηθληκότων
2746 1726 2834 1791 διά
2884 1725 3118 1796 Χριστὸν
3160 1725 3255 1778 καὶ
3290 1724 3490 1797 ἀμισθὶ
3515 1727 3751 1782 τοσοῦτον

489 1814 847 1879 charitatem,
879 1826 930 1871 ct
963 1816 1133 1872 simili
1181 1821 1347 1875 modo
1393 1836 1523 1877 cum
1553 1821 1774 1878 Patrem
1805 1823 2059 1895 diligere,

2175 1819 2592 1889 άνατλησάντων
2634 1818 2898 1872 κίνδυνον.
2944 1818 3426 1889 Ἀποδεδειγμένου
3453 1819 3750 1892 τοιγαροῦν,

488 1914 541 1958 et
574 1920 678 1961 nos
711 1921 858 1970 eum,
886 1924 1100 1978 nosque
1139 1910 1210 1966 ab
1234 1926 1301 1967 eo
1334 1912 1509 1984 diligi,
1537 1915 1671 1985 quid
1720 1915 1951 1972 rationis
1975 1916 2073 1972 de-

491 2012 640 2052 mum
672 2009 757 2053 est
791 2009 985 2068 putare
1015 1999 1083 2054 ad
1118 2001 1224 2056 alia
1244 2009 1508 2075 tempora
1548 2004 1717 2075 hujus
1756 2006 1835 2061 rei
1873 2008 2071 2078 cogni-

490 2090 695 2146 tionem
725 2090 1003 2155 devolare,
1041 2109 1167 2150 cum
1198 2094 1470 2153 Dominus
1499 2097 1651 2153 dicat
1682 2117 1696 2153 :
1732 2118 1750 2152 ι
1770 2098 1829 2153 In
1860 2100 1951 2155 illa
1981 2101 2072 2155 die

487 2183 857 2252 cognoscetis,
889 2185 1018 2254 quia
1045 2200 1147 2257 ego
1166 2186 1221 2241 in
1254 2186 1441 2253 Patre,
1456 2197 1535 2244 ~et'
1549 2207 1649 2247 vos
1673 2191 1728 2245 in
1754 2206 1862 2259 me,
1881 2201 1935 2248 et
1961 2208 2065 2261 ego

488 2275 546 2330 in
592 2276 768 2332 vobis.
802 2296 821 2329 ι
863 2276 1093 2334 Valeant
1129 2281 1283 2336 enim
1319 2281 1540 2338 illorum
1582 2299 1742 2354 nugm
1768 2293 1826 2341 et
1871 2285 2070 2355 impia-

491 2382 610 2421 rum
665 2368 1153 2427 ratiocinationum
1213 2382 1526 2429 commenta
1579 2391 1593 2428 :
1650 2389 1774 2441 nos,
1828 2374 2075 2446 Spiritus

490 2460 860 2518 illustratione
888 2461 1108 2527 conﬁsi,
1140 2462 1326 2519 dicere
1361 2479 1472 2521 non
1504 2466 1818 2522 verebimur
1848 2483 1975 2539 quae
2003 2469 2074 2524 ad

487 2552 812 2621 quaestionis
841 2553 1006 2625 hujus
1031 2554 1450 2625 explicationem
1492 2570 1642 2615 recte
1668 2573 1729 2614 se
1758 2559 1960 2617 habere
1989 2561 2073 2616 vi-

487 2643 790 2699 debuntur.

2176 1914 2271 1968 καὶ
2307 1911 2453 1981 μάλα
2487 1910 2697 1981 σαφῶς,
2725 1909 2802 1973 ὡς
2842 1910 3054 1963 τελείαν
3103 1910 3201 1982 μὲν
3251 1914 3280 1964 ὁ
3328 1911 3521 1983 Πατὴρ
3561 1913 3639 1974 εις
3671 1912 3753 1965 τὸν

2176 2005 2304 2060 Υίδν
2351 2005 2465 2075 ἔχει
2528 2004 2627 2076 τὴν
2670 2004 2926 2074 ἀγάπην,
2985 2004 3284 2075 ίσοτρόπως
3336 2003 3397 2057 δὲ
3451 2005 3547 2059 καὶ
3598 2004 3755 2067 αὑτὸς

2175 2098 2368 2168 ἀγαπᾷ
2405 2096 2497 2150 τὸν
2531 2094 2771 2168 Πατέρα,
2817 2095 2912 2148 καὶ
2939 2095 3100 2164 ἡμεῖς
3141 2093 3239 2163 μὲν
3289 2093 3480 2156 αὑτὸν,
3519 2094 3675 2158 αὑτδς
3704 2093 3757 2147 δέ

2174 2191 2339 2260 ἡμᾶς,
2369 2191 2520 2244 ποῖον
2550 2187 2613 2242 ἂν
2634 2187 2750 2258 ἔχοι
2775 2186 2929 2256 λόγον
2952 2186 3013 2239 τὸ
3044 2187 3124 2249 εἰς
3151 2185 3378 2257 ἐτέρους
3402 2185 3612 2241 οἴεσθαι
3644 2185 3760 2257 χρό-

2172 2302 2294 2348 νους
2314 2283 2650 2337 ἀνάπτεσθαι
2687 2281 2847 2351 τυχὸν
2877 2279 2974 2350 τὴν
3008 2279 3111 2332 sub
3127 2279 3266 2349 τῷδε
3293 2278 3609 2348 διάγνωσιν,
3641 2279 3759 2332 ὅταν

2169 2376 2304 2448 λέγῃ
2347 2377 2376 2428 ὁ
2423 2373 2657 2445 Κύριος’
2694 2392 2712 2426 ι
2758 2375 2846 2428 Ἐν
2897 2372 3080 2444 ἐκείνῃ
3115 2374 3182 2443 τῇ
3241 2371 3437 2443 ἡμέρᾳ
3492 2367 3759 2440 γνώσεσθε

2172 2471 2255 2525 ὅτι
2295 2468 2408 2538 ἐγὼ
2440 2469 2500 2522 ὲν
2531 2469 2609 2540 τῷ
2645 2469 2840 2541 Πατρὶ,
2883 2469 2977 2523 καὶ
3019 2468 3175 2538 ὑμεῖς
3222 2468 3283 2520 ὲν
3323 2467 3475 2536 ἐμοὶ,
3518 2463 3671 2533 κάγὼ
3711 2465 3763 2517 έν

2176 2562 2339 2632 ὑμῖν;
2365 2580 2384 2612 ι
2427 2559 2584 2613 Ἀλλά
2609 2560 2718 2630 γὰρ
2745 2560 2953 2632 ιρρέτω
2985 2560 3083 2630 μὲν
3114 2557 3184 2612 τὰ
3212 2558 3448 2613 ἐκείνων
3486 2546 3766 2629 ληρήματα

2176 2655 2273 2708 καὶ
2303 2653 2412 2708 τῶν
2438 2653 2707 2725 μισοθέων
2732 2652 3007 2725 λογισμῶν
3036 2655 3070 2724 ἡ
3100 2652 3489 2724 νπαρεὺρεσιςκ
3512 2651 3671 2722 ἡμεῖς
3693 2645 3765 2711 δὲ,

485 2741 552 2811 τῇ
579 2738 673 2793 τοῦ
720 2740 1033 2812 Πνεύματος
1063 2743 1315 2816 δᾳδουχίᾳ
1348 2744 1743 2819 θαρσήσαντες,
1771 2750 1943 2803 εἰπεῖν
1968 2748 2067 2804 οὑκ
2104 2751 2404 2821 όκνήσομεν
2439 2749 2583 2822 άπερ
2620 2747 2796 2814 ἔδοξεν
2845 2748 2988 2820 ἔχειν
3049 2746 3227 2817 ὀρθῶς
3290 2747 3439 2817 ὑπὲρ
3485 2740 3770 2815 σαφηνείας

485 2831 596 2885 τῶν
626 2830 992 2905 ζητουμένων.

554 2922 693 2979 Cum
723 2939 858 2995 ergo
890 2925 1253 2995 pratmisisset
1288 2946 1300 2981 :
1340 2946 1359 2980 ι
1392 2928 1526 3000 Ego,
1560 2938 1638 2996 et,
1662 2946 1760 2988 vos
1799 2932 2015 2996 vivctis,
2045 2952 2063 2985 ι

485 3016 671 3074 statim
730 3017 819 3074 his
874 3018 1163 3091 subiungit
1203 3038 1217 3074 :
1260 3040 1282 3072 ‹
1311 3020 1367 3076 lu
1416 3023 1510 3077 illo
1564 3023 1655 3080 die
1708 3024 2069 3095 cognoscetis

2247 2924 2601 2999 Προειρηκὼς
2625 2923 2939 2995 τοιγαροῦν,
2972 2922 3053 2977 ὅτι
3092 2940 3111 2975 ι
3161 2922 3311 2992 Ἐγὼ
3356 2923 3456 2978 καὶ
3499 2924 3654 2996 ὑμεῖς
3679 2922 3775 2996 ζῆ.

2176 3019 2369 3086 σεσθε;
2401 3038 2420 3071 ι
2456 3017 2797 3089 παραχρῆμα
2829 3016 3038 3081 τούτοις
3069 3015 3396 3086 ἐπενεγκὼν
3428 3017 3770 3087 εὑρίσκεται·

487 3110 620 3179 quia
656 3124 762 3181 ego
784 3110 840 3165 in
856 3107 1057 3166 Patre-
1079 3126 1204 3169 meo
1231 3121 1286 3168 et
1314 3128 1412 3170 vos
1441 3115 1497 3169 in
1525 3130 1633 3184 me,
1663 3123 1719 3171 et
1750 3131 1854 3188 ego
1883 3117 1939 3172 in
1974 3130 2070 3172 vo-

2181 3132 2200 3165 (
2243 3113 2332 3166 Ἑν
2353 3111 2533 3183 ἐκείνῃ
2556 3113 2622 3182 τῇ
2647 3110 2831 3181 ἡμέρᾳ
2848 3108 3125 3178 γνώσεσθε
3154 3110 3240 3163 ὅτι
3273 3108 3395 3179 ἐγὼ
3425 3112 3485 3164 ὲν
3508 3108 3587 3180 τῷ
3615 3105 3777 3180 Ilath

489 3202 596 3258 bis.
630 3221 650 3255 ι
695 3202 764 3256 At
792 3202 1278 3262 cuinam‘omnino
1318 3221 1510 3263 eorum
1543 3208 1637 3277 qui
1660 3215 1802 3264 sunt
1828 3222 1898 3264 ac
1923 3217 2073 3264 recte

490 3293 737 3349 sentiunt
761 3307 874 3350 non
890 3295 1052 3352 valde
1078 3298 1431 3369 perspicuum
1450 3297 1539 3354 sit
1559 3298 1705 3355 diem
1728 3300 2074 3373 cognitionis

490 3386 880 3453 determinare,
924 3403 1035 3458 quo
1082 3403 1185 3444 nos
1225 3389 1393 3445 etiam
1443 3389 1509 3444 ad
1546 3389 1737 3461 ipsum
1786 3388 2072 3445 reformati

490 3478 560 3533 ad
588 3479 757 3533 vitam
796 3479 1088 3536 ascensuri
1120 3494 1317 3536 sumus
1346 3488 1630 3544 aeternam,
1666 3480 1862 3536 mortis
1900 3478 2074 3534 male—

488 3570 735 3626 dictione
770 3571 978 3627 vitata?
1007 3569 1075 3625 Et
1115 3570 1342 3641 quidem
1382 3571 1517 3625 mihi
1547 3571 1656 3627 tale
1681 3570 1816 3641 quid
1860 3570 2075 3641 signiﬁ-

488 3677 621 3718 care
646 3661 864 3718 videtur
894 3661 1121 3729 Paulus,
1156 3677 1282 3718 eum
1318 3662 1567 3716 divinum
1613 3663 1779 3717 nobis
1819 3662 2073 3718 revelans

488 3752 815 3824 mysterium
864 3752 932 3808 ad
986 3752 1287 3809 nonnullus
1339 3752 1582 3809 scribit:
1624 3771 1643 3804 ‹
1675 3751 1877 3807 Mortui
1922 3751 2071 3806 enim

483 3844 643 3912 estis,
664 3851 722 3899 et
745 3844 853 3898 vita
892 3854 1074 3901 vestra
1097 3851 1196 3899 est
1232 3842 1557 3899 abscondita
1584 3859 1713 3899 cum
1759 3843 1987 3899 Christo
2012 3843 2068 3897 iu

486 3936 619 3994 Deo.
648 3934 885 4003 Quando
921 3950 1056 4007 ergo
1088 3934 1351 3990 Christus
1383 3935 1709 4005 apparuerit
1742 3934 1915 4006 819
1956 3934 2071 3989 vita

483 4038 689 4093 vestra,
740 4034 873 4083 tunc
914 4034 971 4082 et
1016 4041 1115 4082 vos
1154 4025 1503 4097 apparebitis
1532 4041 1658 4082 eum
1692 4027 1817 4098 ipso
1854 4027 1910 4081 in
1950 4027 2072 4099 glo-

480 4116 1061 4176 ria”.——Reformabit
1075 4118 1220 4172 enim
1234 4132 1439 4189 corpus
1450 4117 1787 4174 humilitatis
1805 4127 2030 4184 nostrae,
2044 4139 2064 4169 ι

482 4214 588 4267 hoc
634 4209 897 4264 nimirum
930 4222 998 4262 ac
1037 4222 1145 4262 non
1184 4207 1359 4271 aliud,
1397 4228 1416 4260 ι
1440 4209 1848 4281 configuratum
1880 4209 2073 4280 gloriae

480 4319 594 4359 suae
617 4302 718 4366 ",i
745 4310 801 4356 et
821 4300 875 4354 in
900 4297 1196 4369 pristinum
1226 4306 1432 4356 statum
1458 4299 1784 4356 reformabit
1808 4299 2071 4357 ineffabili

479 4396 691 4449 virtute
711 4390 960 4447 hominis
984 4395 1271 4453 naturam,
1304 4391 1491 4446 omnia
1527 4390 1687 4447 facile
1718 4390 2071 4447 transferens

2178 3222 2303 3277 μου,
2338 3206 2435 3259 καὶ
2452 3204 2618 3276 ὑμεῖς
2640 3203 2719 3256 -έν
2764 3203 2910 3274 ἐμοὶ,
2945 3199 3102 3270 κάγὼ
3147 3202 3206 3254 ὲν
3264 3202 3425 3272 ὑμῖν.
3465 3221 3485 3254 ι
3513 3197 3646 3255 Εἶτα
3680 3199 3777 3254 τίνι

2172 3296 2283 3351 τῶν
2310 3296 2479 3351 ὄντων
2524 3295 2620 3350 καὶ
2669 3296 2887 3365 φρονεῖν
2929 3292 3198 3348 εἰωθότων
3236 3293 3431 3366 ὀρθῶς
3460 3294 3564 3349 οὑκ
3607 3295 3673 3348 ἂν
3701 3292 3783 3361 γέ-

2174 3405 2318 3444 νοιτο
2356 3388 2463 3441 -καὶ
2506 3386 2658 3458 μάλα
2704 3386 2875 3455 σαφὲς
2912 3385 2989 3450 ὡς
3032 3384 3255 3458 ἡμέρας
3313 3386 3498 3458 ὁρίζει
3545 3387 3666 3456 τῆς·
3698 3380 3782 3435 ἐπὶ

2172 3478 2623 3551 τοὺτῳγνὼσεως
2652 3477 2749 3531 τὸν
2781 3476 2995 3550 καιρὸν,
3029 3476 3152 3531 καθ’
3179 3476 3249 3531 δν
3279 3477 3351 3532 ἂν
3385 3477 3485 3531 καὶ
3515 3478 3676 3548 ἡμεῖς
3698 3474 3786 3528 αὑο

2171 3569 2256 3624 τοὶ
2288 3568 2426 3641 πρὸς
2453 3568 2617 3623 αὑτὸν
2648 3567 3126 3639 ἀναμορφούμενοι
3146 3568 3303 3638 πρὸς
3332 3568 3490 3639 ζωὴν
3521 3566 3785 3638 άναὸησό-

2176 3661 2318 3733 μεθα
2340 3661 2441 3732 τὴν
2467 3659 2708 3723 αἰώνιον,
2740 3661 2840 3731 τὴν
2861 3658 2958 3713 τοῦ
2987 3658 3219 3714 θανάτου
3256 3660 3596 3731 διαδράντες
3625 3658 3788 3729 ἀράν,

2172 3753 2283 3808 Καί
2316 3770 2409 3823 μοι
2436 3752 2585 3806 δοκεῖ
2624 3751 2864 3806 τοιοῦτόν
2892 3768 2946 3806 τι
2976 3751 3277 3824 σημαίνειν
3312 3753 3345 3806 δ
3374 3752 3622 3824 Χριστός
3644 3767 3788 3821 φησι.

2173 3846 2318 3915 φημὶ
2359 3844 2416 3898 δὲ
2453 3845 2545 3898 τὸν
2584 3843 2816 3907 Παῦλον,
2859 3844 2991 3897 ὅταν
3029 3842 3090 3896 τὸ
3138 3842 3292 3899 θεῖον
3334 3846 3480 3917 hum
3524 3840 3793 3899 ἀποχαλύο

2173 3951 2324 3989 πτων
2351 3937 2652 4006 μυστήριον
2680 3935 2970 4005 ἐπιστέλλῃ
2996 3934 3133 4007 πρός
3156 3952 3322 4001 τινας
3340 3955 3354 3968 ο
3395 3957 3416 3989 ‹
3467 3936 3791 3991 Ἀπεθάνετε

2172 4026 2302 4100 γὰρ,
2342 4027 2438 4082 καὶ
2465 4028 2499 4097 ἡ
2522 4026 2650 4098 ζωὴ
2683 4025 2839 4097 ὑμῶν
2884 4026 3193 4098 κέκρυπται
3223 4028 3332 4082 σὺν
3363 4027 3450 4099 τῷ
3484 4026 3711 4100 Χριστῷ
3740 4027 3792 4079 έν

2170 4119 2249 4191 τῷ
2295 4119 2434 4190 Θεῷ.
2469 4119 2638 4173 Ὅταν
2700 4114 2795 4172 οὖν
2845 4118 2875 4171 ὁ
2922 4116 3156 4189 Χριστὸς
3226 4121 3543 4193 φανερωθῇ
3604 4121 3640 4191 ὴ
3686 4116 3793 4187 ζωὴ

2172 4211 2349 4281 ὑμῶν,
2398 4211 2520 4266 τότε
2571 4211 2666 4265 καὶ
2713 4211 2869 4281 ὑμεῖς
2902 4208 3378 4281 φανερωθήσεσθε
3418 4213 3523 4267 σὺν
3562 4208 3714 4281 αὑτῷ
3742 4210 3795 4262 ὲν

2169 4304 2317 4375 δόξῃ.
2352 4302 2839 4374 Μετασχηματίσει
2891 4300 2999 4372 γάρ
3031 4301 3093 4353 τὸ
3149 4301 3327 4373 σῶμα
3372 4304 3484 4373 τῆς
3541 4300 3798 4357 ταπεινῶ-

2171 4411 2311 4457 σεως
2364 4393 2539 4465 ἡμῶν,
2592 4412 2611 4445 ι
2660 4392 2819 4448 τοῦτο
2870 4392 2935 4463 δὴ
2990 4391 3228 4457 πάντως,
3278 4393 3386 4448 καὶ
3435 4394 3545 4465 οὑχ
3594 4393 3795 4463 ἕτερον.

480 4490 534 4540 in
587 4483 959 4556 quodcunque
1001 4480 1247 4537 voluerit
1287 4500 1299 4535 :
1343 4482 1528 4539 «Deus
1572 4483 1721 4538 enim
1761 4491 1847 4538 est
1886 4498 2070 4547 verus.

2186 4503 2205 4536 ι
2251 4484 2573 4558 σύμμορφον
2617 4485 2717 4555 τῆς
2760 4484 2920 4556 δόξης
2972 4481 3169 4547 αὑτοῦ,
3216 4502 3238 4536 ι
3301 4485 3408 4539 καὶ
3462 4482 3800 4556 μεταπλάσει

479 4578 574 4650 qui
634 4577 769 4635 facit
817 4576 1002 4632 omnia
1037 4582 1093 4630 et
1127 4574 1509 4641 transformat,
1544 4595 1561 4626 ι
1606 4576 1751 4631 sicut
1800 4576 2068 4646 scriptum

477 4677 565 4723 est
590 4668 659 4723 ⁸³.
691 4669 854 4725 Circa
880 4669 1037 4724 illum
1061 4669 1209 4726 diem
1239 4670 1428 4741 igitur,
1465 4670 1584 4724 sive
1618 4678 1857 4739 tempus,
1883 4685 1992 4739 quo
2016 4678 2072 4726 et

483 4775 583 4817 vos
606 4760 714 4830 ipsi
737 4760 936 4814 vivetis
961 4760 1111 4831 (vivo
1132 4761 1278 4818 enim
1293 4776 1416 4833 ego,
1434 4760 1690 4831 quamvis
1716 4761 1880 4816 homo
1903 4762 2073 4817 sicuti

483 4864 585 4905 vos
623 4848 832 4912 factus,
864 4857 920 4903 ct
957 4863 1196 4921 corpore
1235 4849 1581 4921 corruptioni
1602 4858 1809 4905 natura
1838 4866 1939 4907 sua
1976 4854 2074 4907 ob-

485 4938 657 4994 noxio
693 4936 972 5007 indutus),
1021 4941 1174 4995 clare
1218 4939 1642 5011 «cognoscetis,
1692 4941 1893 5011 inquit,
1942 4942 2072 5013 quia

483 5044 587 5099 ego
615 5028 674 5084 in
718 5025 905 5097 Patre,
943 5036 998 5085 et
1029 5045 1126 5085 vos
1163 5030 1218 5085 in
1266 5045 1354 5084 me
1382 5040 1436 5085 et
1463 5045 1566 5102 ego
1592 5031 1647 5085 in
1690 5031 1866 5088 vobis.
1891 5051 1910 5084 ι
1946 5034 2071 5088 Sta-

485 5130 706 5178 tuemus
745 5130 927 5177 autem
967 5122 1083 5177 haec
1116 5123 1182 5179 ad
1220 5137 1323 5178 nos
1354 5120 1644 5179 Dominum
1696 5123 1926 5190 dixisse,
1959 5141 2068 5180 non

484 5222 546 5270 ut
592 5214 979 5271 existimemus
1024 5230 1150 5270 eum
1203 5230 1331 5271 esse
1373 5215 1428 5269 in
1482 5215 1650 5270 Patre
1704 5216 1921 5272 ratione
1978 5217 2067 5271 di-

482 5307 761 5372 lectionis,
790 5306 953 5362 sicuti
991 5305 1325 5363 adversariis
1355 5307 1563 5378 placet,
1596 5307 1692 5364 sed
1724 5309 1940 5366 ratione
1973 5311 2067 5365 alti

482 5399 756 5469 mysterii,
789 5397 938 5468 quod
967 5412 1070 5454 nec
1113 5407 1298 5454 mente
1331 5398 1626 5468 concipere
1670 5414 1773 5455 nec
1817 5402 2073 5457 oratione

484 5489 766 5558 explicare
789 5496 876 5545 cst
892 5488 1077 5557 facile,
1092 5496 1495 5557 verumtamen,
1508 5492 1690 5560 quoad
1707 5499 1919 5561 potero,
1936 5493 2070 5547 illud

484 5596 759 5652 exponere
802 5583 1073 5640 conabor.
1106 5580 1377 5651 Quamvis
1422 5598 1554 5654 ergo
1600 5583 1850 5653 cujusvis
1889 5584 2072 5639 homi-

2175 4577 2313 4648 πρὸς
2343 4577 2404 4631 τὸ
2429 4579 2655 4650 ἀρχαῖον
2690 4577 2916 4650 ἀρρήτῳ
2953 4575 3181 4646 δυνάμει
3215 4576 3329 4648 τὴν
3368 4575 3680 4649 ἀνθρώπου
3716 4571 3801 4640 cpti-

2176 4686 2282 4735 σιν,
2321 4670 2501 4723 πάντα
2552 4669 2864 4740 μετατιθεὶς
2912 4667 3150 4728 εὐκόλως
3197 4668 3354 4737 πρὸς
3398 4669 3548 4739 ὅπερ
3590 4669 3659 4723 ἂν
3690 4663 3804 4736 βού-

2174 4761 2341 4827 λοιτο,
2373 4760 2765 4822 διακωλύοντος
2805 4759 3049 4823 οὑδενός·
3081 4777 3098 4809 ι
3134 4757 3277 4822 Θεὸς
3317 4762 3439 4834 γάρ
3484 4762 3641 4815 ἐστιν
3680 4758 3805 4828 ἀλη-

2176 4853 2343 4918 θινὸς,
2390 4852 2559 4906 ποιῶν
2605 4852 2803 4913 πάντα.
2838 4850 2933 4905 καὶ
2982 4852 3469 4921 μετασκευάζων,
3511 4872 3533 4904 ι
3570 4852 3716 4907 κατὰ
3753 4851 3809 4903 τὸ

2176 4943 2584 5015 γεγραμμένον.
2608 4942 2745 4995 Κατ’
2770 4941 2984 5010 ἐκείνην
3013 4936 3107 4994 οὖν
3130 4940 3243 5011 ἄρα
3280 4944 3393 5013 τὴν
3416 4944 3670 5017 ἡμέραν,
3696 4942 3811 5013 ἦτοι

2176 5035 2269 5089 τὸν
2320 5035 2552 5112 καιρὸν...
2576 5034 2698 5089 καθ’
2739 5034 2798 5088 δν
2849 5035 2942 5087 καὶ
2990 5034 3149 5104 ὑμεῖς
3200 5033 3378 5088 αὑτοὶ
3428 5036 3679 5105 ζήσεσθε
3715 5033 3813 5104 (ζῶ

2177 5125 2287 5196 γάρ
2326 5124 2438 5194 ἐγὼ
2480 5126 2656 5181 καίτοι
2704 5124 2826 5178 καθ’
2869 5125 3013 5195 ὑμᾶς
3050 5122 3361 5196 ἄνθρωπος
3398 5126 3681 5197 γεγονὼς,
3724 5124 3813 5179 καὶ

2175 5219 2238 5273 τὸ
2287 5217 2593 5271 ὑποπίπτον
2618 5220 2685 5289 τῇ
2742 5216 2921 5288 φθορᾷ
2968 5216 3109 5269 κατά
3157 5231 3228 5284 γε
3291 5219 3404 5289 τὴν
3454 5219 3603 5273 ἰδίαν
3658 5217 3816 5288 φύσιν

2178 5310 2541 5379 ἐνδυσάμενος
2574 5309 2795 5380 σῶμα),
2824 5308 3034 5378 σαφῶς,
3066 5328 3085 5360 ι
3108 5308 3581 5378 Ἑπιγνώσεσθε,
3629 5308 3815 5382 φησὶν.

2177 5404 2260 5456 ὅτι
2289 5400 2401 5470 ἐγὼ
2433 5399 2533 5471 μὲν
2560 5401 2618 5455 ἐν
2647 5400 2726 5471 τῷ
2755 5402 2951 5468 Πατρὶ,
2985 5402 3139 5471 ὑμεῖς
3165 5398 3230 5452 δὲ
3267 5402 3335 5455 ὲν
3369 5404 3533 5473 ἐμοὶ,
3566 5402 3731 5471 κάγὼ
3763 5402 3818 5452 ὲν

2179 5495 2327 5565 ὑμῖν.
2361 5512 2380 5545 ι
2408 5492 2807 5564 Διακεισόμεθα
2837 5493 2896 5546 δὲ
2926 5492 3085 5546 ταυτὶ
3106 5490 3255 5561 πρὸς
3287 5494 3455 5564 ἡμᾶς
3483 5495 3582 5550 τὸν
3612 5493 3819 5564 Κύριον

2178 5587 2373 5652 εἰπεῖν,
2398 5584 2494 5653 οὑχ
2528 5585 2614 5639 ῖνα
2648 5585 2956 5657 νομίζωμεν
2986 5582 3264 5655 ὑπάρχειν
3305 5587 3493 5645 αὑτὸν
3529 5590 3593 5645 έν
3618 5584 3817 5658 Πατρὶ,

559 5756 617 5831 τ’,
633 5755 867 5829 Philipp.
899 5773 959 5825 ιι,
991 5758 1044 5826 6,
1076 5759 1129 5813 7.
1206 5759 1252 5793 ”
1286 5758 1498 5818 Coloss.
1525 5776 1606 5827 ιιι,
1644 5762 1696 5829 5,
1728 5760 1782 5817 4.
1860 5763 1902 5796 ⁸¹
1931 5760 2069 5818 Phili

2206 5775 2290 5832 ιιι,
2323 5760 2412 5817 21.
2484 5762 2536 5834 ,⁸³
2564 5760 2733 5818 Amos
2763 5776 2816 5828 v,
2858 5759 2911 5818 8.
