4006 6416
275 399 383 457 275

1294 411 1361 467 ιΝ
1400 407 1686 466 ,ΙΟᾹΝΝΙΞ
1730 406 2186 466 EVANGELIUM
2229 408 2357 463 LIB.
2397 409 2486 465 lX.

3444 412 3553 468 9'”

274 516 419 571 κατά
468 535 531 587 γε
572 519 662 573 τὸν
706 520 804 591 τῆς
846 521 1067 595 ἀγάπης
1114 525 1292 592 λόγον,
1336 526 1523 597 ὥσπερ
1568 521 1659 579 οῦν
1696 526 1847 579 ἐδόκε

1972 526 2063 579 nis
2102 531 2343 579 mentem
2381 525 2506 580 huic
2537 533 2795 581 accurate
2824 525 3153 595 explicando
3183 526 3342 597 longe
3371 528 3552 598 impa—

271 611 385 672 τοῖς
424 609 493 662 δι’
541 611 788 677 ἐναντίας
827 618 1075 684 φρονεῖν,
1124 616 1260 670 ἀλλά
1312 619 1454 671 κατὰ
1487 618 1713 687 δύναμιν
1757 635 1859 686 μυ-

274 699 499 768 στηρίου
532 701 745 771 βαθέος,
797 704 826 758 ὃ
871 706 963 758 καὶ
1003 706 1195 776 νοῆσαι
1241 707 1339 776 μὲν
1388 710 1566 761 ἐκεῖνο
1606 707 1858 778 χαλεπὸν,

271 790 480 859 φράσαι
509 792 566 846 δὲ
595 795 656 847 οὐ
693 795 895 867 ῥᾴδιον·
919 797 1057 869 πλὴν
1085 798 1234 863 ὅπως
1252 798 1318 852 ἂν
1348 793 1458 863 οἷός
1494 816 1553 852 τε
1588 792 1862 870 ὧ,διηγεί-

274 878 395 934 σθαι
450 884 809 956 πειράσομαι.
855 888 967 959 Τῆς
1007 889 1106 959 μὲν
1153 885 1247 943 οὖν
1291 890 1552 961 ἀκριϐοῦς
1593 889 1860 953 ἐκθέσεως

276 972 405 1026 πολὺ
459 974 584 1029 λίαν
628 979 894 1049 ἡττῆσθαι
936 982 1114 1036 πάντα
1161 981 1288 1035 νοῦν
1338 983 1709 1053 ὑπολαμϐάνω
1753 983 1861 1034 τῶν

272 1065 360 1119 ἐπὶ
410 1068 538 1138 γῆς,
582 1071 662 1141 τῷ
715 1089 778 1141 γε
828 1074 935 1145 μὴν
979 1074 1166 1147 θερμῷ
1197 1075 1295 1147 τῆς
1326 1076 1567 1146 ἀγάπης,
1604 1076 1708 1130 κᾶν
1733 1075 1863 1144 γοῦν

273 1156 513 1227 μετρίως
558 1161 685 1215 ἰδεῖν
735 1181 796 1217 τε
840 1166 936 1219 καὶ
996 1168 1201 1239 φράσαι
1248 1166 1730 1238 παραθησόμενος,
1770 1166 1864 1220 νῦν

271 1248 473 1321 ἴδωμεν
504 1252 607 1325 τῆς
638 1255 733 1310 τοῦ
766 1258 1104 1327 Μονογενοῦς
1129 1259 1596 1331 ὲνανθρωπὴσεως
1624 1259 1715 1313 τὸν
1739 1276 1856 1314 σκο-

268 1341 388 1396 πόν.
417 1343 559 1417 Φέρε
591 1346 981 1422 δοκιμάσωμεν
1009 1353 1108 1424 τὴν
1154 1352 1357 1418 αἰτίαν,
1395 1353 1463 1406 δι’
1485 1355 1551 1423 ἢν
1584 1354 1643 1405 ὲν
1679 1354 1861 1424 μορερῇ

264 1430 357 1484 τοῦ
387 1431 533 1487 Θεοῦ
569 1437 663 1490 καὶ
701 1440 914 1512 Πατρὺς
947 1443 1233 1516 ὑπάρχων,
1261 1443 1519 1508 ὼςνΘεὸς,
1552 1445 1861 1515 οὺχτάρπα-

262 1523 404 1593 γμὸν
437 1527 683 1598 ἡγήσατο
705 1530 768 1584 τὸ
792 1528 932 1587 εἶναι
961 1533 1051 1590 ἴσα
1080 1535 1219 1607 Θεῷ,
1243 1536 1358 1591 ἀλλ’
1380 1537 1571 1590 ἑαυτὸν
1597 1535 1852 1601 ὲκένωσε,

263 1620 483 1693 μορφὴν
510 1622 703 1678 δούλου
739 1625 942 1695 λαϐὼν,
980 1629 1074 1681 καὶ
1106 1627 1367 1700 ὑπέμεινε
1402 1628 1637 1700 σταυρὸν
1670 1627 1860 1698 αἰσχύ-

262 1726 360 1781 νης
389 1718 837 1789 καταφρονήσας.
883 1720 1074 1774 Ἔσται
1116 1720 1225 1792 γὰρ
1256 1720 1399 1775 οὕτω
1440 1722 1535 1774 καὶ
1570 1720 1724 1792 μόλις
1764 1720 1857 1773 εὑ-

262 1802 554 1872 σύνοπτον,
586 1813 728 1866 κατά
768 1827 832 1880 γε
879 1812 941 1866 τὸ
988 1812 1286 1885 ἐγχωροῦν,
1330 1813 1438 1867 τῶν
1484 1813 1859 1885 προκειμένων

1969 631 2084 670 rem
2124 616 2457 680 existiment,
2502 616 2792 673 charitatis
2824 624 3009 672 tamen
3049 616 3262 673 fervore
3290 619 3424 672 illud
3454 634 3553 688 pro

1968 717 2158 763 nostra
2211 707 2591 763 mediocritate
2639 709 2968 780 exposituri,
3020 724 3169 764 nunc
3217 709 3552 763 incarnatio-

1966 801 2055 855 nis
2078 797 2363 871 Unigeniti
2391 814 2621 871 scopum
2640 801 2946 856 videamus.
2977 800 3109 871 Age,
3139 813 3363 854 causam
3397 814 3552 854 scru-

1968 900 2173 954 temur,
2204 891 2276 946 ob
2305 906 2468 962 quam
2514 893 2573 947 in
2613 891 2793 946 forma
2830 890 2923 947 Dei
2964 906 3033 946 ac
3079 890 3261 945 Patris
3294 906 3419 945 cum
3464 906 3552 946 es-

1967 995 2072 1047 set,
2104 990 2297 1053 ulpote
2338 985 2501 1051 Deus.
2531 1000 2641 1040 non
2676 985 2930 1055 rapinam
2968 984 3277 1041 arbitratus
3316 985 3390 1039 sit
3430 997 3555 1038 csse

1967 1093 2038 1132 se-
2082 1077 2348 1147 aequalem
2416 1076 2547 1140 Deo,
2608 1077 2704 1133 sed
2768 1078 3130 1147 semetipsum
3189 1076 3553 1137 exinanierit,

1967 1167 2144 1245 forma
2196 1164 2344 1222 servi
2398 1175 2653 1238 accepta,
2685 1177 2740 1223 et
2787 1183 3011 1224 crucem
3072 1167 3395 1239 ignominis
3416 1181 3550 1221 con.-

1969 1268 2175 1329 temma
2223 1258 2535 1328 pertulerit.
2567 1258 2662 1314 Sic
2695 1261 2843 1315 enim
2888 1260 2970 1317 rei
3018 1260 3339 1331 proposita,
3372 1273 3550 1329 quan-

1967 1358 2083 1405 tum
2125 1361 2335 1409 nostrae
2371 1353 2780 1416 vires..ferunt.
2823 1353 3063 1409 altitudo
3105 1353 3550 1423 patebit.Agno-

1967 1455 2192 1499 scemus
2228 1452 2409 1499 autem
2454 1445 2732 1515 quomodo
2767 1445 2843 1501 sit
2878 1441 3054 1500 Filius
3089 1444 3146 1498 in
3176 1443 3358 1508 Patre,
3388 1448 3548 1497 natuv

1966 1531 2160 1588 raliter
2189 1534 2476 1601 nimirum,
2515 1550 2626 1591 non
2664 1545 2846 1591 autem
2875 1535 3035 1605 juxta
3085 1534 3266 1590 iictam
3296 1533 3445 1588 illam
3475 1530 3547 1587 ab

1965 1625 2301 1683 adversariis
2347 1644 2413 1685 ex
2458 1643 2529 1685 eo
2573 1627 2725 1700 quod
2770 1628 2953 1699 diligit
2986 1642 3050 1682 ac
3101 1625 3352 1696 diligitur
3399 1623 3543 1679 rela-

1965 1718 2195 1774 tionem.
2232 1717 2500 1776 Similiter
2541 1728 2599 1777 et
2629 1735 2733 1777 nos
2777 1719 2971 1777 eodem
3015 1717 3181 1774 modo
3210 1718 3264 1772 in
3311 1717 3454 1786 ipso,
3491 1725 3547 1771 et

1966 1812 2085 1883 ipse
2116 1813 2172 1868 in
2204 1812 2383 1869 nobis.

222 1966 227 1970 ,
256 1900 317 1953 τὸ
351 1900 542 1972 βάθος.
587 1905 919 1979 Γνωσόμεθα
958 1908 1014 1963 δὲ
1068 1908 1186 1974 πῶς
1229 1910 1329 1982 μέν
1372 1912 1520 1965 ἐστιν
1559 1911 1588 1962 ὁ
1656 1908 1785 1974 Υἱὸς
1835 1909 1895 1962 ιν
1931 1909 2134 1979 Πατρὶ,
2163 1907 2407 1977 φυσικῶς
2436 1908 2677 1981 δηλονότι
2740 1908 2835 1963 καὶ
2869 1907 2931 1962 οὐ
2961 1907 3103 1962 κατά
3133 1921 3196 1974 γε
3224 1904 3324 1977 τὴν
3355 1905 3419 1958 ὲκ
3447 1904 3543 1958 τοῦ

258 1990 581 2061 ἀγαπᾶσθαι
632 1998 728 2052 καὶ
776 1997 998 2071 ἀγαπᾷν
1038 2000 1419 2072 ὲπινοηθεῖσαν
1468 1999 1652 2071 σχέσιν
1701 1998 1854 2072 παρά
1890 1998 2000 2053 τῶν
2026 1998 2093 2052 δι’
2127 1997 2392 2063 ἐναντίας.
2439 1999 2627 2070 Ἡμεῖς
2657 1998 2719 2053 δὲ
2743 1994 2810 2053 αὖ
2855 1997 3019 2053 πάλιν
3060 1998 3121 2051 ὲν
3186 1995 3336 2067 αύτῷ
3400 1989 3586 2049 κατὰ

254 2086 347 2141 τὸν
382 2089 502 2145 ἴσον
539 2092 764 2163 τρόπον,
806 2096 901 2150 καὶ
933 2096 1094 2160 αὐτὸς
1124 2098 1182 2150 ὲν
1211 2099 1362 2170 ἡμῖν.

324 2182 544 2237 Οὐκοῦν
577 2184 707 2255 μίαν
742 2186 841 2258 μὲν
883 2187 1074 2261 ὥσπερ
1114 2189 1288 2261 ἀληθῆ
1322 2207 1383 2244 τε
1430 2193 1524 2246 καὶ
1557 2192 1852 2261 γενικωτάι

2027 2182 2306 2250 Quocirca
2335 2198 2510 2240 unam
2540 2183 2763 2256 quidem
2794 2198 2985 2240 veram
3025 2182 3430 2254 et'gcucralem
3455 2184 3541 2239 im-

252 2292 354 2345 την
406 2276 593 2330 αἰτίαν
641 2278 740 2350 τῆς
796 2280 1261 2354 ὲνανθρωπήσεως
1310 2283 1406 2339 τοῦ
1444 2285 1784 2354 Μονογενοῦς
1829 2285 1859 2337 δ

255 2366 423 2436 σοφὸς
474 2368 608 2438 ἡμῖν
653 2370 1016 2443 ἐξηγούμενος
1054 2375 1265 2441 Παῦλος
1317 2377 1591 2447 ἔφασκεν
1636 2396 1654 2431 ι
1697 2377 1858 2432 Εύδόι

253 2475 394 2529 κησε
434 2458 557 2531 γὰρ
586 2462 616 2515 ὁ
653 2461 787 2527 Θεὸς
824 2467 919 2518 καὶ
951 2466 1760 2538 Πατὴρτάνακεφαλαιὼσασθαι
1790 2469 1858 2525 τὰ

252 2552 436 2606 πάντα
471 2553 532 2606 ὲν
562 2552 642 2623 τῷ
670 2555 921 2627 Χριστῷ,
960 2576 979 2609 ι
1009 2560 1119 2613 Καὶ
1168 2560 1249 2614 ὄτι
1306 2561 1369 2614 τὸ
1420 2562 1520 2630 τῆς
1554 2563 1854 2631 ἀναπείσαι-

252 2644 568 2714 ,ιαιώσεως
598 2647 773 2718 ὄνομά
814 2666 875 2703 τε
909 2651 1001 2704 καὶ
1036 2653 1273 2723 πρᾶγμα
1311 2653 1556 2723 δηλοῖ-τὸ
1589 2655 1857 2726 ἀνακομι-

253 2755 347 2790 σαι
370 2737 544 2793 πάλιν
571 2740 668 2793 κα).
693 2740 984 2795 ἀναλαϐεῖν
1010 2742 1090 2806 είς
1117 2744 1256 2814 ὅπερ
1282 2738 1350 2815 ἦν
1370 2746 1428 2798 ὲν
1455 2746 1600 2818 ἀρχῇ
1623 2747 1693 2800 τὰ
1715 2746 1854 2820 πρὸς

249 2830 513 2899 ἀνόμοιον
544 2830 940 2886 ἐκπεπτωκότα
964 2832 1137 2897 τέλος.
1170 2831 1302 2888 Εἶτα
1340 2836 1465 2901 τοὺς
1492 2840 1591 2909 τῆς
1642 2839 1844 2893 ἀνακε-

250 2919 618 2989 φαλαιώσεως
659 2923 897 2994 τρόπους
920 2924 1023 2979 ἀνά
1052 2924 1217 2998 μέρος
1269 2928 1400 2997 ἡμῖν
1441 2928 1854 2985 ἀπολευκαίνειν

250 3014 477 3079 ἐθέλων,
522 3016 655 3069 ποτὲ
709 3017 809 3086 μὲν
846 3016 1083 3087 ἔφασκε’
1124 3038 1142 3071 ι
1180 3018 1254 3073 Τὸ
1305 3020 1413 3092 γὰρ
1460 3020 1720 3077 ἀδύνατον
1759 3024 1850 3078 τοῦ

255 3107 439 3177 νόμου,
492 3110 553 3162 ὲν
595 3100 642 3177 ᾧ
681 3107 900 3180 ἠσθένει
943 3110 1032 3165 διὰ
1081 3111 1182 3181 τῆς
1237 3113 1468 3186 σαρκὸς,
1508 3116 1538 3168 ὁ
1590 3115 1722 3181 Θεὸς
1759 3117 1851 3172 τὸν

253 3196 619 3251 ἑαυτοῦηΥῒὸν
647 3199 872 3270 πέμψας
918 3201 975 3255 ὲν
1006 3203 1311 3275 ὁμοιώματι
1351 3207 1551 3277 σαρκὸς
1578 3207 1853 3279 ἁμαρτίας

249 3288 510 3361 καὶπερὶ
548 3290 849 3361 ἁμαρτίας,
883 3293 1172 3366 κατέκρινε
1210 3294 1310 3367 τὴν
1352 3297 1631 3369 ἁμαρτίαν
1676 3302 1735 3355 ὲν
1780 3303 1849 3372 τῇ

247 3381 442 3450 σαρκὶ,
475 3379 567 3434 ἵνα
594 3381 661 3434 τὸ
675 3381 949 3455 δικαίωμα
992 3385 1087 3439 τοῦ
1117 3385 1282 3457 νόμου
1318 3387 1582 3461 πληρωθῇ
1612 3391 1670 3443 ὲν
1695 3391 1847 3462 ἡμῖν,

246 3473 361 3536 τοῖς
403 3473 484 3543 μὴ
515 3474 658 3528 κατά
681 3475 861 3548 σάρκα
892 3478 1307 3549 περιπατοῦσιν,
1334 3481 1470 3536 ἀλλά
1503 3481 1644 3535 κατά
1676 3482 1844 3536 πνεῦ-

1959 2277 2301 2334 carnationis
2337 2276 2619 2351 U-nigeniti
2660 2291 2888 2334 causam
2923 2276 3147 2333 divinus
3190 2276 3394 2332 Paulus
3444 2294 3542 2332 no.

1958 2369 2045 2427 bis
2070 2385 2373 2442 exponens,
2408 2371 2592 2428 aiebat
2621 2390 2634 2427 :
2674 2391 2693 2424 ι
2722 2371 2935 2427 Placuit
2971 2371 3120 2426 enim
3156 2369 3266 2425 Deo
3294 2384 3357 2425 ac
3389 2370 3539 2425 Patri

1958 2461 2270 2520 instaurare
2309 2463 2495 2518 omnia
2533 2463 2590 2519 in
2626 2463 2853 2520 Christo
2875 2461 3088 2517 “alibi
3127 2463 3435 2518 instaurare
3458 2465 3540 2518 si-

1957 2557 2184 2630 gniﬁcat
2217 2559 2270 2613 in
2304 2559 2606 2629 pristinum
2665 2570 2870 2616 statum
2918 2573 3340 2628 revocare-quae
3371 2559 3426 2613 in
3456 2560 3541 2613 di»

1956 2662 2180 2704 versum
2207 2649 2371 2720 plane
2401 2648 2611 2704 exitum
2645 2648 2983 2705 ceciderant.
3019 2647 3289 2705 Praeterea
3320 2648 3535 2704 instau-

1956 2739 2191 2795 rationis
2232 2739 2426 2796 modos
2474 2739 2763 2812 sigillatim
2799 2740 2960 2796 nobis
3009 2740 3198 2796 volens
3232 2741 3532 2811 explicare,

1955 2832 2122 2886 modo
2180 2832 2401 2902 quidem
2456 2831 2680 2887 aiebat:
2747 2830 2924 2886 «Nam
2989 2832 3135 2901 quod
3194 2833 3536 2904 impossibile

1954 2929 2075 2977 erat
2119 2922 2248 2992 legi,
2284 2922 2339 2977 in
2379 2937 2489 2992 quo
2539 2922 2943 2979 inﬁrmabatur-
2976 2937 3074 2991 per
3098 2936 3352 2988 carnem,
3392 2921 3534 2977 Deus

1956 3012 2156 3069 Filium
2181 3030 2342 3070 suum
2378 3013 2699 3070 mittensin
2736 3013 3535 3084 similitudinem-carnispa-

1955 3106 2066 3161 cati
2088 3114 2153 3162 et
2180 3107 2248 3162 de
2296 3110 2551 3176 peccato,
2580 3104 2752 3175 820
2800 3103 3082 3160 damnavit
3134 3111 3424 3175 peccatum
3476 3104 3533 3158 in

1954 3212 2144 3262 carne,
2179 3206 2241 3252 ut
2264 3196 2609 3267 justiﬁeatio
2625 3195 2762 3266 legis
2797 3194 3118 3266 impleretur
3139 3197 3196 3250 in
3228 3195 3407 3260 nobis,
3437 3197 3535 3264 qui

1954 3304 2064 3344 non
2098 3289 2406 3346 secundum
2452 3302 2689 3344 carnem.
2708 3287 3079 3352 ambulamus,
3109 3288 3203 3344 sed
3228 3286 3541 3343 secundum

1957 3381 2223 3452 Spiritum
2249 3381 2329 3449 ⁸⁸;
2357 3400 2375 3432 ο
2410 3381 2574 3437 modo
2596 3395 2729 3436 vero
2754 3394 2952 3437 rursus
2976 3398 2989 3434 :
3023 3380 3193 3446 «Quia
3221 3393 3361 3450 ergo
3380 3379 3532 3449 pueri

1954 3474 2509 3530 communicaverunt
2526 3475 2783 3529 carni-et
2821 3472 3100 3544 sanguini,
3130 3480 3186 3528 et
3211 3471 3331 3542 ipse
3373 3470 3541 3524 simi-

249 3577 349 3630 μα·
395 3581 418 3614 ι
450 3562 587 3615 ποτὲ
632 3562 692 3616 δὲ
732 3564 897 3618 πάλιν
925 3581 940 3597 ·
974 3585 993 3616 ι
1043 3566 1262 3638 Ἐπειδὴ
1292 3568 1400 3640 γὰρ
1431 3568 1503 3622 τά
1537 3568 1725 3622 παιδία
1758 3586 1847 3622 κε-

1958 3566 2084 3623 liter
2122 3567 2478 3638 participavit
2505 3566 2741 3632 eisdem,
2775 3576 2837 3620 ut
2872 3580 2970 3637 per
3016 3572 3248 3620 mortem
3270 3563 3537 3619 destrucs

245 3653 561 3725 κοινώνηκε
592 3657 796 3728 σαρκὸς
824 3657 917 3711 καὶ
955 3658 1209 3730 αἵματος,
1243 3658 1335 3714 διά
1363 3659 1520 3715 τοῦτο
1562 3662 1656 3716 καὶ
1689 3663 1853 3726 αὐτὸς

248 3746 657 3817 παραπλησίως
692 3748 925 3821 μετέσχε
956 3750 1067 3804 τῶν
1093 3751 1299 3817 αὐτῶν,
1329 3752 1660 3808 ἶναδιάτοῦ
1682 3753 1849 3809 θανά-

244 3856 345 3892 του
390 3840 729 3912 καταργήσῃ
750 3841 843 3894 τὸν
887 3841 949 3894 τὸ
989 3843 1188 3914 κράτος
1224 3842 1419 3915 ἔχοντα
1462 3844 1561 3899 τοῦ
1595 3845 1850 3910 θανάτου,

245 3931 395 3985 τοῦτ’
423 3931 547 3985 ἔστι
578 3930 673 3985 τὸν
699 3932 963 3999 διάϐολον,
995 3936 1089 3988 καὶ
1130 3935 1414 4009 ἀπαλλάξῃ
1450 3935 1695 4001 τούτους,
1737 3939 1850 3992 ὅσοι

247 4023 403 4093 φόϐῳ
430 4022 666 4077 θανάτου
697 4023 786 4078 διὰ
829 4025 1028 4090 παντὸς
1070 4026 1167 4081 τοῦ
1207 4025 1307 4099 ζῇν
1351 4027 1524 4098 ἔνοχοι
1559 4023 1701 4099 ἦσαν
1732 4030 1852 4082 δου-

246 4114 423 4178 λείας.
451 4133 487 4166 »η
509 4115 623 4169 Καὶ
645 4115 741 4170 δύο
779 4115 878 4187 μὲν
901 4118 1124 4180 τούτους
1155 4118 1288 4189 ἡμῖν
1307 4118 1408 4190 τῆς
1434 4119 1853 4189 ἀνακεφαλαιώ-

247 4222 392 4271 σεως
432 4207 679 4279 τρόπους
725 4210 1041 4278 ἀναγκαίως
1086 4209 1311 4281 ἔχοντας
1353 4210 1459 4281 τῆς
1497 4212 1847 4285 ὲνανθρωπή-

248 4315 388 4362 οεως
409 4294 519 4352 τοῦ
542 4298 884 4367 Μονογενοῦς
906 4299 997 4353 τὸν
1026 4300 1185 4366 λόγον
1215 4302 1244 4354 ὀ
1276 4300 1489 4364 Παῦλος
1511 4300 1844 4373 ὲξηγήσατοε

244 4390 454 4460 τρόπον
501 4389 561 4443 δὲ
604 4390 699 4444 ἐπὶ
743 4390 951 4456 τούτοις
997 4391 1121 4445 τῶνε
1155 4391 1358 4463 ἐτέρων
1401 4394 1770 4465 περιεκτικὺν,
1821 4396 1850 4449 ὀ

246 4482 419 4554 σοφὸς
446 4482 847 4554 εὐαγγελιστὴς
885 4484 1156 4555 Ἰωάννης.
1177 4484 1384 4556 Γράφει
1412 4486 1521 4556 γὰρ
1552 4485 1696 4542 οὕτω
1722 4489 1850 4559 περὶ

244 4573 533 4647 Χριστοῦ·
568 4592 605 4627 ι.
623 4575 721 4637 Εἰς
755 4574 825 4628 τὰ
874 4575 982 4629 ἴδια.
1008 4571 1163 4647 ἦλθε,
1211 4573 1305 4628 καὶ
1344 4578 1393 4629 oi
1426 4575 1547 4629 ἴδιοι
1586 4577 1747 4630 αὑτὸν
1787 4576 1847 4629 οὐ

246 4664 602 4737 παρέλαϐον⁹
632 4667 749 4720 ὅσοι
780 4664 837 4719 δὲ
869 4665 1062 4719 ἔλαϐον
1105 4666 1288 4731 αὐτὸν,
1314 4666 1514 4720 ἔδωκεν
1545 4668 1728 4732 αὐτοῖς
1758 4668 1846 4732 s5"-

243 4758 443 4812 ουσίαν
491 4757 663 4812 τέκνα
707 4756 844 4811 Θεοῦ
900 4758 1174 4826 γενέσθαι,
1213 4761 1324 4822 τοίς
1380 4757 1727 4814 πιστεύουσιν
1770 4762 1848 4825 είς

240 4851 304 4904 τὸ
331 4850 518 4922 ὄνομα
538 4848 727 4914 αὑτοῦ,
756 4848 807 4903 οἶ
833 4850 934 4903 οὐκ
962 4849 1312 4922 ὲξαίμάτων,
1334 4850 1456 4904 οὐδὲ
1498 4852 1563 4904 ἐκ
1606 4851 1847 4923 θελήμαδ-

1955 3666 2040 3715 ret
2064 3673 2192 3714 eum
2237 3659 2333 3730 qui
2359 3658 2600 3714 habebat
2629 3657 2830 3714 mortis
2862 3655 3176 3728 imperium,
3208 3654 3263 3710 id
3303 3663 3390 3710 est
3417 3653 3535 3708 dia-

1954 3750 2164 3815 bolum,
2189 3756 2246 3805 et
2274 3748 2536 3805 liberaret
2571 3760 2691 3809 eos.
2718 3746 2814 3817 qui
2843 3745 3043 3802 timore
3089 3744 3286 3800 mortis
3314 3757 3414 3813 per
3444 3749 3531 3797 to-

1956 3852 2066 3895 tam
2093 3841 2265 3895 vitam
2294 3839 2519 3895 obnoxii
2546 3846 2704 3894 erant
2734 3837 2988 3894 servituti
3010 3835 3081 3889 ⁸⁸.
3105 3852 3126 3887 ι
3155 3836 3223 3890 Et
3241 3834 3382 3888 duos
3404 3833 3533 3902 αιιίει

1955 3932 2079 3988 dem
2114 3931 2216 3986 hos
2254 3930 2418 3985 nobis
2456 3926 2878 3984 instaurationis
2911 3921 3537 3981 modusincarnatiouis

1955 4020 2256 4095 Unigeniti.
2281 4021 2558 4075 rationem
2590 4017 2907 4074 necessario
2937 4017 3289 4072 continentes
3326 4011 3530 4066 Paulus

1952 4115 2250 4189 exposuit;
2285 4115 2407 4171 sed
2439 4113 2663 4184 sapiens
2714 4111 3053 4182 evangelista
3104 4109 3367 4171 Joannes.
3411 4121 3531 4162 mo-

1953 4211 2087 4265 dum
2133 4215 2400 4278 praeterea
2440 4205 2535 4276 qui
2570 4213 2799 4261 caeteros
2832 4203 3232 4273 complectitur.
3263 4198 3355 4254 Sic
3383 4199 3529 4254 etaim

1953 4299 2152 4356 scribit
2178 4298 2246 4353 de
2268 4295 2496 4353 Christo
2530 4313 2544 4350 :
2584 4314 2603 4347 ι
2631 4293 2694 4349 In
2718 4293 2963 4365 propria
2992 4292 3162 4359 venit,
3192 4299 3247 4347 et
3281 4291 3368 4346 sui
3404 4303 3530 4344 eum
3568 4324 3574 4333 ι

1953 4404 2066 4444 non
2096 4394 2469 4458 receperunt:
2503 4391 2780 4456 (ιιιοιίιιιοι
2810 4390 2995 4438 autem
3029 4387 3358 4451 receperunt
3381 4393 3529 4443 eum,

1953 4477 2117 4534 dedit
2149 4477 2232 4534 eis
2285 4483 2620 4546 potestatem
2658 4473 2804 4529 ﬁlios
2838 4471 2932 4528 Dei
2974 4470 3109 4537 ﬁeri,
3159 4469 3245 4523 his
3270 4468 3368 4538 qui
3409 4483 3532 4522 cre-

1953 4570 2097 4626 dunt
2146 4570 2202 4624 in
2257 4569 2481 4623 nomine
2532 4566 2654 4636 ejus
2686 4582 2699 4619 :
2734 4563 2828 4635 qui
2881 4578 2993 4618 non
3038 4577 3102 4617 ex
3142 4560 3533 4631 sanguinibus,
3570 4612 3573 4613 ν

1952 4675 2132 4732 neque
2151 4675 2219 4714 ex
2244 4660 2530 4714 voluntate
2552 4656 2761 4717 carnis,
2792 4668 2971 4723 neque
2999 4668 3067 4708 ex
3094 4652 3378 4709 voluntate
3404 4650 3532 4711 viri.
3568 4700 3573 4705 .

1952 4753 2049 4810 sed
2079 4768 2148 4808 ex
2172 4752 2291 4806 Deo
2325 4751 2440 4805 nati
2476 4758 2610 4805 sunt
2640 4749 2708 4803 ⁸⁵.
2737 4767 2758 4802 ι
2800 4746 3165 4801 Manifestum
3186 4751 3273 4799 est
3288 4745 3534 4799 ~Acuuctis

1952 4847 2122 4918 igitur
2168 4859 2264 4900 eas
2313 4843 2553 4899 maxime
2599 4842 2673 4899 ob
2721 4855 2925 4897 causas
2977 4838 3359 4909 Unigeuitum,
3406 4853 3532 4892 cum

240 4959 335 5006 τος
378 4940 616 5014 σαρκὸς,
643 4941 765 4995 οὐδὲ
808 4942 874 4995 ἐκ
903 4941 1208 5013 θελήματος
1235 4941 1449 5013 ἀνδρὸς,
1473 4941 1589 4995 ἀλλ’
1618 4943 1683 4995 ὲκ
1705 4941 1846 4996 Θεοῦ

1958 4939 2099 4994 Deus
2131 4936 2204 4992 sit
2227 4946 2282 4991 et
2307 4951 2372 4990 ex
2404 4934 2516 4990 Deo
2543 4933 2846 4990 secundum
2883 4939 3141 4985 naturam
3167 4929 3420 4995 exsistat,
3448 4927 3534 4982 Ῐιιη

241 5033 650 5106 ἐγεννήθησαν.
691 5051 711 5084 ι
750 5032 1023 5105 Πρόδηλον
1050 5027 1144 5087 οῦν
1172 5032 1281 5105 ἄρα
1325 5032 1419 5086 καὶ
1453 5033 1639 5097 πᾶσιν,
1667 5025 1844 5103 οἶμαι,

237 5125 509 5197 διαφανὲς
544 5125 627 5179 ὅτι
656 5123 866 5178 τούτων
894 5123 1060 5177 ἕνεκα
1103 5122 1168 5193 δὴ
1218 5123 1451 5195 μάλιστα
1480 5120 1590 5175 τῶν
1635 5123 1844 5187 αἰτιῶν,

238 5219 381 5283 Θεὸς
415 5217 516 5272 καὶ
551 5218 619 5270 ἐκ
656 5213 797 5269 Θεοῦ
853 5212 999 5269 κατά
1036 5215 1198 5284 φύσιν
1247 5215 1529 5287 ὑπάρχων,
1564 5214 1849 5286 ἄνθρωπος

242 5311 479 5378 γέγονεν
522 5310 552 5363 δ
594 5307 929 5379 Μονογενὴς,
968 5308 1055 5362 ἵνα
1095 5306 1337 5378 δηλονότι
1392 5307 1698 5379 κατακρίνῃ
1751 5306 1848 5375 μὲν

243 5402 346 5473 τὴν
396 5400 680 5474 ἁμαρτίαν
712 5402 770 5454 ὲν
800 5402 871 5472 τῇ
921 5400 1105 5471 σαρκὶ,
1141 5399 1394 5472 νεκρὼσῃ
1420 5398 1476 5453 δὲ
1500 5398 1576 5470 τῷ
1610 5397 1726 5468 ἰδίῳ
1756 5396 1850 5450 θα-

244 5495 401 5566 νάτῳ
443 5494 541 5548 τὸν
569 5492 824 5561 θάνατον,
875 5492 970 5546 καὶ
1015 5493 1167 5557 υίοὺς
1203 5493 1351 5563 ἡμᾶς
1380 5491 1639 5565 ἀποδείξῃ
1685 5488 1845 5553 Θεοῦ,

243 5586 392 5657 πρὸς
422 5585 486 5640 τδ
512 5584 658 5656 ὑπὲρ
685 5583 855 5655 φύσιν.
875 5583 1093 5654 ἀξίωμα
1122 5584 1247 5646 τοὺς
1291 5582 1450 5648 ὂντας
1486 5584 1578 5636 ἐπὶ
1617 5582 1715 5654 τῆς
1747 5584 1851 5653 γῆς

246 5677 637 5748 ἀναγεννήσας
700 5676 765 5727 ὲν
809 5674 1108 5746 Πνεύματι.
1148 5670 1256 5727 Ἷίν
1313 5673 1420 5744 γὰρ
1474 5673 1646 5746 δήπου
1671 5715 1687 5741 ,
1758 5674 1852 5727 καὶ

1955 5039 2104 5085 ctum
2132 5044 2255 5085 esse
2296 5027 2601 5092 hominem,-
2627 5037 2686 5081 ut
2717 5026 2979 5081 nimirum
3007 5023 3313 5079 damnaret.
3332 5037 3534 5092 peccas

1955 5127 2073 5174 tum
2118 5119 2173 5173 ἱιι
2221 5132 2399 5173 εονιιθο
2430 5124 2486 5172 Cl
2529 5125 2722 5172 morte-
2744 5130 2845 5172 sua
2903 5122 3136 5168 mortem
3198 5112 3531 5173 destrueret,

1957 5226 2170 5282 nosque
2222 5210 2312 5264 Dei
2363 5209 2505 5266 ﬁlios
2543 5208 2805 5275 eliicerct,
2837 5222 2902 5262 ex
2940 5202 3534 5261 terrenaconditione

1957 5301 2402 5373 regeneratos-in
2436 5298 2670 5371 Spiritu.
2698 5297 2813 5354 Hoc
2852 5298 2999 5354 enim
3046 5295 3236 5363 utique
3268 5291 3433 5347 modo
3468 5292 3534 5345 li.

1958 5396 2119 5452 cebat
2167 5395 2484 5448 instaurare
2516 5400 2572 5448 et
2599 5391 2654 5446 in
2695 5390 2984 5461 pristinum
3030 5395 3241 5441 statum
3258 5398 3535 5440 .rcvocare

1958 5490 2176 5559 lapsum
2225 5501 2402 5557 genus
2435 5484 2743 5540 hominum.
2780 5479 2997 5536 Rursus
3039 5491 3370 5555 unaquaque
3401 5488 3535 5530 cau-

1959 5595 2145 5636 sarum
2168 5580 2397 5635 istarum
2432 5577 2487 5631 in
2521 5573 3358 5644 medio.prolata,.cousentanca
3390 5581 3536 5640 quat-

1957 5674 2083 5728 dam
2111 5671 2382 5727 dicamus.

255 5769 409 5840 μάλα
434 5767 638 5831 καλῶς,
666 5765 812 5821 κατά
845 5767 1058 5821 τουτονὶ
1092 5767 1186 5820 τὸν
1220 5765 1417 5837 τρόπον
1449 5763 2034 5834 ἀνακεφαλαιώσασθαι
2109 5764 2271 5818 πάλιν
2320 5763 2412 5816 καὶ
2462 5762 2542 5823 εἰς
2609 5765 2670 5819 τὸ
2707 5758 2928 5830 ἀρχαῖον
3000 5750 3290 5811 ἀναλαϐεῖν
3356 5754 3416 5811 τὸ
3457 5752 3531 5808 δι-

329 5879 379 5913 ”
411 5877 616 5950 Ephes.
644 5896 683 5949 ι,
723 5878 810 5937 l0.
893 5880 940 5912 '"
970 5877 1131 5938 Rom.
1166 5894 1288 5947 vui,
1322 5881 1375 5946 '5.
1407 5880 1463 5936 αἱ.
1541 5881 1584 5915 ⁸⁸
1617 5879 1782 5939 Hebr.
1820 5895 1852 5937 ιι

1958 5880 2005 5946 Ξ,
2042 5881 2128 5937 l5.
2204 5880 2249 5912 “
2288 5876 2445 5934 ὅσοι).
2487 5891 2524 5941 l,
2560 5872 2751 5929 ll-l5.‘
