4006 6426
492 391 604 450 275

1494 381 1551 438 S.
1592 381 1867 440 CYRiLLl
1905 381 2377 440 ALEXANDRINI
2416 386 2732 443 ARCHIEP.

3635 400 3728 456 276

491 503 786 574 ολισθῆσαν
819 501 997 568 γένος,
1022 497 1166 553 τοῦτ’
1213 497 1328 550 ἔστι
1375 495 1436 549 τὸ
1485 493 1846 566 ἀνθρώπινον.
1887 492 2058 550 Πάλιν
2113 494 2352 567 ἑκάστην
2384 496 2462 568 τῷ
2492 498 2635 570 λόγῳ
2665 497 3000 569 παραθέντες
3029 499 3138 553 τῶν
3169 495 3368 571 ἀρτίως
3416 503 3541 574 ἡμῖν
3597 509 3730 580 εἰρη-

497 600 674 671 μένων
694 595 905 660 αίτιιῖιν,
932 596 1018 649 ἐπ’
1042 595 1179 664 αύτῇ
1204 592 1275 647 τά
1298 594 1485 646 είκότα
1511 589 1776 660 λέγωμεν.

565 700 935 771 Quaerendum
977 708 1092 766 quo
1137 701 1298 765 pacto
1351 692 1768 764 intelligendum
1815 693 1888 747 sit
1930 691 2077 762 quod
2108 691 2152 747 Α

496 795 780 855 damnavit
806 799 1092 864 peccatum
1119 788 1173 841 in
1205 801 1395 848 carne,
1429 785 1599 840 misso
1627 783 1768 840 Filio
1790 799 1892 838 suo
1938 782 2080 837 Deus

497 904 562 945 ac
613 888 779 943 Pater
822 885 878 939 in
935 878 1353 938 similitudinem
1411 879 1605 932 carnis
1660 876 1896 948 peccati.
1946 876 2080 930 Eum

493 983 722 1054 quippe,
756 973 975 1031 tametsi
1006 971 1152 1026 Deus
1192 970 1264 1025 sit
1301 969 1608 1025 secundum
1641 977 1893 1023 naturam
1929 977 1983 1022 et
2013 983 2078 1022 ex

492 1076 618 1143 ejus
653 1066 966 1127 substantia
1010 1064 1258 1134 genitus,
1297 1076 1361 1116 ac
1402 1061 1908 1117 immutabiiitatem
1953 1075 2082 1130 pro-

492 1162 746 1234 prietatis
767 1158 890 1229 ejus
911 1155 1243 1212 naturaliter
1263 1154 1486 1216 habeat,
1511 1153 1852 1225 proindeque
1875 1154 1929 1208 in
1957 1168 2083 1224 pec-

491 1267 679 1314 catum
707 1253 813 1308 labi
836 1267 1066 1322 prorsus
1085 1249 1318 1315 nesciat,
1339 1257 1434 1303 aut
1455 1250 1510 1304 in
1537 1248 1730 1303 vitium
1755 1247 2078 1311 deﬂectere,

495 1351 546 1401 in
573 1355 860 1418 peccatum
883 1355 1068 1400 tamen
1087 1342 1242 1400 carni
1268 1342 1579 1412 subjectum
1599 1341 1932 1397 descendere
1955 1339 2084 1396 fecit

497 1441 666 1502 ultro,
695 1450 756 1493 ut
790 1439 966 1509 ipsam
997 1451 1222 1492 carnem
1256 1450 1411 1490 suam
1448 1434 1697 1491 eil‘ectam
1739 1433 1805 1489 ad
1838 1433 2084 1505 proprie-

497 1540 668 1587 tatem
717 1545 878 1586 suam
921 1527 1272 1588 transferret,
1315 1525 1369 1580 id
1414 1534 1501 1581 est
1554 1525 1764 1596 peccati
1805 1532 2081 1581 exsortem

501 1625 727 1679 faceret.
748 1621 860 1676 Nec
887 1622 1036 1676 enim
1071 1619 1539 1683 existimabimus,
1558 1618 1604 1674 si
1637 1633 1794 1673 mens
1821 1632 1957 1673 sana
1982 1633 2082 1674 no-

499 1716 586 1771 bis
631 1714 723 1780 sit,
753 1713 1114 1784 Unigenitum
1149 1709 1358 1766 factum
1395 1726 1521 1766 esse
1553 1711 1862 1776 hominem,
1887 1717 1948 1765 nt
1981 1724 2084 1766 suo

499 1807 707 1878 templo
745 1807 923 1862 solum
975 1804 1030 1858 id
1077 1810 1404 1874 praestaret:
1457 1804 1735 1873 quomodo
1774 1803 1920 1858 enim
1963 1802 2083 1872 ejus

501 1896 772 1951 adventus
811 1896 879 1950 ad
911 1910 1014 1951 nos
1050 1891 1461 1964 magniﬁcentia
1503 1900 1557 1948 et
1599 1892 1814 1948 utilitas
1851 1902 2081 1964 pateret,

502 1987 551 2042 si
576 2001 740 2042 suum
771 1986 1041 2040 duntaxat
1071 1997 1281 2053 corpus
1312 1983 1632 2039 servasset?
1667 1983 1760 2040 sed
1794 1985 2082 2040 credemus

503 2079 692 2150 potius
728 2077 1086 2148 Unigenitum
1133 2040 1339 2131 factum
1383 2091 1507 2133 esse
1547 2077 1846 2145 hominem,
1883 2087 1942 2134 ut
1987 2079 2080 2148 qui
2114 2040 2158 2096 Β

503 2182 716 2226 natura:
739 2170 1010 2226 universa!
1038 2184 1135 2241 per
1163 2169 1409 2240 seipsum
1441 2176 1498 2224 et
1517 2168 1680 2238 82],
1712 2169 1766 2225 in
1792 2183 1852 2226 se
1880 2170 2079 2240 primo,

501 2263 654 2319 velut
702 2263 758 2318 in
807 2261 1069 2333 primitiis
1141 2261 1508 2319 humanitatis
1557 2263 1702 2319 bona
1761 2262 2081 2319 vindicatu-

501 2369 601 2410 rus
629 2360 796 2412 esset.
836 2350 1319 2418 Quemadmodum
1369 2351 1518 2406 enim
1557 2367 1669 2407 non
1721 2361 1957 2408 mortem
1991 2367 2086 2409 so-

501 2447 644 2511 lum,
692 2445 788 2502 sed
845 2445 1137 2500 universas
1170 2443 1356 2502 carnis
1406 2443 1698 2515 passiones
1756 2445 1932 2501 secuti
1989 2460 2085 2500 su.-

501 2553 655 2605 mus,
703 2537 872 2608 idque
906 2537 1067 2594 nobis
1098 2537 1154 2592 in
1184 2536 1364 2608 primo
1403 2535 1631 2592 homine
1673 2536 1925 2608 contigit,
1954 2551 2082 2592 cum

501 2638 727 2702 propter
758 2629 1266 2700 praevaricationem
1293 2635 1409 2682 tum
1441 2626 1686 2682 divinam
1729 2628 2078 2684 maledictio-

506 2737 630 2780 nem
675 2736 690 2776 :
732 2721 950 2786 eodem,
1002 2720 1201 2790 opinor
1231 2759 1248 2785 ,
1310 2717 1478 2774 modo
1533 2733 1832 2789 sequemur
1887 2734 2084 2785 omnes

502 2813 808 2878 Christum,
827 2822 1137 2869 servantem
1157 2809 1544 2880 multipliciter
1559 2821 1614 2867 et
1641 2811 2082 2868 sanctiﬁcantem

503 2906 690 2961 carnis
746 2912 1000 2960 naturam
1047 2905 1105 2960 in
1159 2903 1367 2974 seipso.
1405 2901 1618 2962 idcirco
1654 2904 1822 2960 etiam
1878 2902 2086 2961 Paulus

503 2998 686 3053 aiebat
723 3016 738 3053 :
779 3015 798 3051 ι
832 2997 898 3052 Ει
931 2997 1076 3054 sicut
1119 2999 1466 3070 portavimus
1517 2997 1812 3068 imaginem
1859 2995 2084 3061 terreni,

504 3097 790 3160 portemus
835 3097 890 3146 et
939 3090 1234 3161 imaginem
1286 3090 1531 3149 cmlestis
1555 3089 1624 3145 ⁸⁷.
1653 3108 1672 3142 ›
1708 3088 1896 3159 imago
1939 3089 2086 3143 enim

502 3181 735 3246 terreni,
768 3181 874 3237 hoc
901 3190 988 3239 est
1019 3181 1248 3250 Adami,
1277 3192 1362 3240 est
1389 3184 1445 3238 in
1477 3181 1834 3254 passionibus
1872 3189 1929 3236 et
1962 3197 2090 3238 cor-

501 3274 764 3346 ruptione
798 3276 1007 3332 versari
1057 3294 1072 3329 :
1120 3276 1303 3348 imago
1346 3284 1532 3332 autem
1583 3275 1849 3341 cmiestis,
1898 3273 1956 3330 id
2005 3282 2092 3330 est

501 3368 735 3434 Christi,
766 3379 850 3423 est
887 3367 1177 3425 affectibus
1205 3379 1261 3426 et
1283 3369 1647 3441 corruptione
1673 3383 1908 3424 vacuum
1940 3382 2085 3424 esse.
2115 3397 2158 3456 ο

503 3459 800 3514 Damnavit
846 3459 1014 3530 igitur
1045 3468 1336 3532 peccatum
1367 3462 1425 3518 in
1453 3476 1556 3518 sua
1589 3475 1777 3524 carne,
1812 3458 1960 3517 Deus
1992 3475 2090 3516 ex-

503 3552 711 3608 sistens
744 3552 1046 3608 secundum
1082 3561 1364 3618 naturam,
1405 3552 1671 3620 Verbum,
1701 3551 1908 3624 iubens
1955 3553 2091 3608 illud

419 3641 434 3654 °
507 3655 736 3698 cessare
776 3651 831 3698 et
871 3642 940 3698 ad
987 3641 1082 3698 Dei
1113 3643 1460 3700 voluntatem
1495 3643 1676 3714 potius
1717 3657 1880 3714 quam
1933 3657 2092 3698 suam

508 3734 890 3802 conformatus,
925 3744 1090 3807 atque
1118 3737 1195 3791 ita
1234 3751 1460 3807 corpus,
1494 3735 1731 3792 animale
1756 3749 1886 3790 cum
1922 3741 2092 3801 esset,

506 3826 694 3885 eﬂ‘ecit
730 3827 866 3883 illud
915 3828 1187 3900 spiritale.
1241 3827 1398 3885 Unus
1450 3829 1622 3900 igitur
1666 3826 2094 3884 instaurationis

511 3922 603 3978 hic
634 3920 830 3979 modus
855 3932 940 3979 est
972 3941 986 3978 :
1019 3921 1115 3979 sed
1138 3921 1280 3978 alter
1300 3921 1451 3979 subit
1473 3921 1709 3977 maxime
1734 3920 2092 3983 conveniens,

507 4029 577 4071 ac
627 4029 818 4071 rerum
882 4014 1294 4085 propositarum
1348 4013 1800 4085 contemplationi
1853 4013 2094 4069 debitus.

507 4106 865 4176 Propositum
917 4111 1099 4160 autem
1137 4111 1224 4160 est
1273 4104 1342 4160 de
1383 4114 1588 4161 aeterna
1626 4105 1740 4159 vita
1787 4103 2018 4174 dicere,
2042 4112 2098 4158 et

510 4197 712 4252 mortis
733 4195 1135 4262 destructione,
1160 4205 1214 4252 et
1237 4211 1347 4267 quo
1373 4204 1537 4267 pacto
1565 4210 1597 4250 a
1626 4205 1822 4250 natura
1852 4194 2094 4249 humana

511 4285 928 4357 corruptionem
996 4286 1327 4359 Unigenitus
1397 4278 1682 4343 averterit.
1760 4303 1779 4337 ι
1820 4284 2097 4351 Quoniam

509 4378 681 4451 igitur
718 4378 876 4449 pueri
917 4381 1410 4436 communicarunt
1454 4377 1611 4434 carni
1646 4385 1702 4432 et
1733 4376 2012 4449 sanguini,
2043 4386 2099 4433 et

509 4472 630 4542 ipse
675 4471 844 4528 simili
879 4471 1048 4527 modo
1099 4470 1460 4543 participavit
1502 4468 1735 4532 eisdem,
1777 4476 1837 4523 ut
1865 4478 2097 4525 mortem

509 4564 826 4622 destrueret
845 4563 915 4629 ⁸⁸,
944 4581 964 4615 ι
1003 4571 1060 4620 et
1101 4563 1196 4634 qui
1235 4581 1254 4614 ι
1281 4561 1494 4617 creavit
1543 4568 1606 4614 ut
1651 4569 1841 4618 essent
1884 4563 2096 4624 omnia,

507 4663 566 4711 et
593 4655 871 4713 salutares
893 4653 1024 4710 fecit
1051 4652 1434 4726 generationes
1465 4651 1678 4715 mundi,
1697 4669 1716 4704 ι
1747 4662 1807 4708 ut
1829 4653 2096 4724 scriptum

2251 684 2377 750 Πῶς
2406 688 2513 760 γάρ
2554 688 2620 742 ἂν
2664 690 2759 742 καὶ
2808 689 3010 760 πρέποι
3053 693 3192 744 νοεῖν
3225 691 3480 763 ζητητέον
3515 696 3591 750 ότι
3619 717 3732 754 κατ-

2182 777 2364 849 ἑκρινε
2395 779 2491 851 τὴν
2519 781 2795 853 ἁμαρτίαν
2825 783 2882 835 ὲν
2913 785 2978 853 τῇ
3022 784 3205 854 σαρκὶ,
3247 785 3465 855 πέμψας
3495 788 3581 842 τὸν
3623 791 3736 846 ἴδιον

2184 870 2312 924 Υίὸν
2344 871 2373 922 ό
2398 871 2529 935 Θεὸς
2568 873 2661 926 καὶ
2689 871 2899 945 Πατὴρ,
2936 875 2994 928 ὲν
3026 873 3328 946 ὁμοιώματι
3359 879 3554 948 σαρκὸς
3581 881 3730 952 ἁμαρε

2181 962 2323 1026 τίας.
2354 962 2487 1016 Θεὸν
2526 964 2635 1036 γάρ
2677 963 2807 1017 ὄντα
2846 964 2985 1018 κατά
3023 962 3182 1033 φύσιν
3225 968 3319 1021 καὶ
3355 969 3418 1021 ὲκ
3453 971 3546 1038 τῆς
3574 973 3740 1037 οὐσίας

2182 1054 2346 1109 αὐτοῦ
2391 1057 2689 1125 πεφηνότα,
2737 1058 2832 1112 καὶ
2877 1058 2941 1112 τὸ
2991 1058 3262 1129 ἄτρεπτον
3293 1059 3483 1131 ἔχοντα
3519 1066 3741 1130 φυσικῶς

2182 1147 2279 1216 τῆς
2311 1147 2569 1218 ἰδιότητος
2607 1148 2795 1216 αὑτοῦ,
2833 1151 2923 1205 διά
2967 1169 3027 1205 τε
3063 1151 3220 1205 τοῦτο
3249 1155 3323 1223 μὴ
3353 1154 3528 1208 εἰδότα
3567 1175 3746 1210 παντε-

2183 1239 2289 1304 λῶς
2323 1239 2385 1294 τὸ
2417 1240 2700 1296 διολισθεῖν
2740 1244 2821 1306 είς
2861 1244 3159 1316 ἁμαρτίαν,
3202 1245 3369 1316 ᾖγουν
3418 1249 3743 1318 παρατρέπε·

2184 1330 2310 1385 σθαί
2340 1349 2431 1386 ποι
2465 1332 2601 1404 πρὸς
2621 1333 2682 1387 τὸ
2710 1334 2784 1407 μὴ
2815 1335 2936 1406 ἕχον
2965 1335 3162 1408 ὀρθῶς,
3183 1339 3262 1401 είς
3305 1337 3404 1409 τὴν
3433 1338 3748 1394 ὑποπίπτου-

2184 1439 2284 1476 σαν
2323 1425 2390 1494 τῇ
2449 1423 2615 1496 σαρκὶ
2665 1425 2941 1497 ἁμαρτίαν
3004 1427 3307 1499 καταϐῆναι
3359 1430 3748 1500 παρεσκεύασεν

2182 1519 2440 1585 ἐθελοντὶ,
2469 1521 2555 1574 ἵνα
2584 1521 2719 1576 ίδίαν
2763 1524 2936 1593 αὐτὴν
2982 1525 3353 1596 ποιησάμενος
3397 1527 3594 1598 σάρκα,
3631 1530 3751 1600 πρὸς

2181 1611 2244 1664 τὸ
2272 1611 2399 1666 [διον
2424 1613 2588 1666 αὐτοῦ
2616 1614 2712 1668 καὶ
2739 1615 2964 1683 φυσικὸν
2997 1617 3335 1690 μεταστήσῃ,
3363 1617 3511 1671 τοῦτ’
3539 1619 3672 1685 ἐστι,
3701 1619 3755 1674 τὸ

2185 1703 2261 1776 μὴ
2294 1705 2649 1776 ἁμαρτάνειν.
2683 1706 2758 1760 Οὐ
2791 1707 2901 1780 γάρ
2967 1708 3139 1776 δήπου
3176 1709 3589 1781 διακεισόμεθα,
3640 1730 3756 1784 φρο-

2183 1795 2402 1860 νοῦντες
2445 1797 2646 1868 ὀρθῶς,
2685 1798 2768 1852 ὅτι
2799 1798 2864 1870 δὴ
2909 1799 3054 1870 μόνῳ
3097 1799 3175 1870 τῷ
3226 1801 3418 1872 οἰκείῳ
3459 1803 3574 1873 ναῷ
3620 1803 3758 1858 τοῦτο

2183 1887 2546 1959 κατορθώσων
2571 1889 2792 1959 γέγονεν
2807 1890 3094 1963 ἄνθρωπος
3119 1891 3149 1944 ό
3170 1892 3508 1964 Μονογενής.
3525 1895 3632 1948 Ποῦ
3661 1895 3757 1967 γὰρ

2186 1979 2253 2034 ἂν
2301 1979 2439 2044 ὅλως
2489 1979 2664 2053 ὁρῷτο
2707 1983 2806 2054 τῆς
2855 1982 2931 2047 ὡς
2983 1984 3134 2053 ἡμᾶς
3167 1983 3410 2054 ἀφίξεως
3452 1987 3513 2040 τὸ
3551 1987 3764 2057 μεγαλο-

2189 2071 2395 2143 πρεπὲς
2424 2071 2520 2126 καὶ
2548 2072 2845 2144 ὠφέλιμον,
2878 2076 2925 2128 εί
2959 2075 3118 2146 μόνον
3151 2078 3212 2130 τὸ
3253 2077 3454 2132 ἑαυτοῦ
3485 2078 3764 2132 διεσώσατο

2189 2163 2386 2236 σῶμαες
2425 2165 2786 2237 πιστεύσομεν
2813 2167 2869 2221 δὲ
2910 2169 3106 2240 μᾶλλον
3134 2169 3211 2234 ὡς
3258 2171 3355 2242 ὅλῃ
3405 2175 3474 2243 τῇ
3523 2171 3677 2242 φύσει
3707 2173 3767 2226 δι’

2189 2252 2406 2318 ἑαυτοῦ,
2429 2253 2524 2308 καὶ
2549 2254 2608 2308 ὲν
2640 2254 2790 2326 αύτῷ
2813 2255 3036 2328 πρώτῳ,
3063 2257 3320 2330 καθάπερ
3343 2261 3402 2313 ὲν
3433 2261 3651 2332 ἀπαρχῇ
3680 2263 3767 2330 τῆς

2188 2347 2606 2419 ἀνθρωπότητος
2649 2349 3018 2420 περιποιήσων
3055 2350 3124 2404 τά
3177 2353 3390 2421 άγαθά,
3419 2353 3612 2422 γέγονε
3659 2353 3768 2408 καθ’

2189 2440 2339 2510 ἡμᾶς
2385 2441 2414 2492 ὁ
2469 2442 2802 2514 Μονογενής.
2841 2442 3054 2514 Ὠσπερ
3104 2443 3214 2515 γάρ
3261 2445 3389 2514 οὐχὶ
3435 2445 3515 2516 τῷ
3572 2445 3770 2516 θανάτῳ

2193 2530 2377 2602 μόνον,
2427 2531 2542 2585 ἀλλ’
2591 2532 2733 2598 ὅλοις
2781 2533 3228 2607 ἠκολουθήσαμεν
3280 2540 3400 2602 τοῖς
3444 2539 3641 2594 πάθεσι
3687 2539 3773 2609 τῆς

2193 2625 2416 2696 σαρκὸς,
2442 2627 2500 2678 ὲν
2527 2625 2605 2696 τῷ
2634 2625 2835 2698 πρώτῳ
2862 2627 3024 2681 τοῦτο
3069 2629 3343 2694 παθόντες
3375 2630 3669 2702 ἀνθρώπῳ,
3697 2631 3775 2684 διά

2190 2731 2252 2767 τε
2303 2715 2405 2786 τὴν
2449 2714 2762 2786 παράϐασιν
2815 2717 2908 2770 καὶ
2951 2716 3051 2789 τὴν
3096 2717 3249 2774 θείαν
3301 2722 3478 2794 ἀράν
3529 2722 3668 2776 κατά
3696 2721 3778 2774 τὸν

2193 2806 2378 2871 αὐτὸν,
2407 2802 2579 2878 οἶμαι,
2606 2807 2808 2878 τρόπον
2840 2808 3082 2881 ἑψόμεθα
3112 2811 3438 2884 σύμπαντες
3469 2815 3548 2886 τῷ
3575 2813 3778 2886 Χριστῷ

2192 2899 2512 2966 διασώζοντι
2546 2901 2899 2971 πολυτρόπως
2947 2904 3043 2958 καί⁷
3071 2905 3360 2972 ἀγιάζοντι
3395 2907 3497 2980 τὴν
3534 2907 3634 2978 τῆς
3665 2924 3783 2978 σαρ-

2195 2994 2291 3058 κὸς
2319 2995 2481 3062 φύσιν
2505 2995 2564 3047 ὲν
2584 2995 2781 3066 ἑαυτῷ.
2814 2997 2905 3050 Διὸ
2932 2999 3024 3052 καὶ
3046 3001 3074 3052 ό
3104 2999 3326 3065 Παῦλος
3352 3001 3564 3072 ἔφασκε
3584 3019 3599 3032 ο
3635 3021 3654 3054 ι
3684 3001 3784 3056 Καὶ

2196 3085 2380 3150 καθὼς
2411 3086 2754 3157 ὲφορέσαμεν
2798 3086 2897 3159 τὴν
2935 3089 3119 3144 εἰκόνα
3160 3091 3258 3145 τοῦ
3306 3093 3524 3163 χοϊκοῦ,
3555 3092 3786 3164 φορέσω-

2199 3199 2300 3253 μεν
2347 3181 2441 3236 καὶ
2491 3180 2589 3253 τὴν
2639 3181 2825 3236 εἰκόνα
2879 3180 2974 3236 τοῦ
3027 3184 3388 3256 ἐπουρανίου.
3426 3205 3446 3237 ι
3483 3185 3658 3241 Είκὼν
3691 3184 3788 3256 γὰρ

2196 3275 2290 3330 τοῦ
2314 3273 2521 3346 χοϊκοῦ,
2551 3272 2696 3328 τοῦτ’
2724 3273 2872 3328 ἐστιν
2900 3275 3088 3346 ’Δδάμ,
3119 3276 3180 3330 τὺ
3212 3278 3276 3331 ὲν
3306 3278 3517 3333 πάθεσι
3549 3278 3792 3348 γενέσθαι

2199 3367 2295 3422 καὶ
2343 3365 2554 3437 φθορᾷ·
2610 3363 2776 3419 εἰκὼν
2823 3366 2881 3420 δὲ
2932 3364 3026 3420 τοῦ
3076 3368 3441 3440 ἐπουρανίου,
3487 3369 3635 3424 τοῦτ’
3687 3369 3794 3422 ἔστι

2196 3455 2455 3530 Χριστοῦ,
2505 3454 2568 3509 τὸ
2622 3455 2681 3509 ὲν
2727 3454 2967 3527 ἀπαθείᾳ
3017 3456 3277 3526 γενέσθαι
3340 3460 3445 3516 καὶ
3508 3457 3796 3532 ἀφθαρσίᾳ.

2194 3547 2499 3620 Κατέκρινε
2550 3546 2730 3600 τοίνυν
2776 3546 2875 3618 τὴν
2927 3548 3205 3620 ἁμαρτίαν
3252 3551 3317 3604 ὲν
3347 3553 3419 3622 τῇ
3462 3550 3574 3622 ἰδίᾳ
3622 3549 3796 3620 σαρκὶ,

2193 3639 2328 3704 Θεὸς
2361 3639 2624 3712 ὑπάρχων
2662 3639 2806 3694 κατὰ
2835 3640 3020 3709 φύσιν,
3059 3643 3088 3696 ό
3136 3641 3346 3712 Λόγος,
3392 3644 3592 3716 ἀργεῖν
3627 3641 3804 3698 ὲπιτά-

2196 3734 2306 3802 ξας·
2335 3732 2498 3804 αὐτῇ,
2529 3733 2624 3787 καὶ
2677 3733 3126 3806 μεταρῤυθμίσας
3166 3735 3386 3806 μᾶλλον
3437 3739 3525 3802 εἰς
3553 3738 3616 3792 τὸ
3649 3736 3804 3792 κινεῖ⁹

2197 3825 2324 3880 σθαι
2357 3824 2494 3900 πρὸς
2532 3824 2594 3878 τὸ
2631 3825 2822 3880 δοκοῦν
2854 3824 2934 3896 τῷ
2975 3825 3096 3898 Θεῷ
3123 3827 3218 3880 καὶ
3267 3829 3349 3900 μὴ
3403 3829 3548 3902 πρὸς
3581 3827 3644 3884 «et
3685 3827 3806 3882 ῐδιον

2195 3919 2276 3974 ἔτι
2305 3918 2546 3991 θέλημα·
2573 3917 2716 3972 οῦτω
2746 3936 2807 3973 τε
2835 3918 3064 3990 ψυχικὸν
3095 3919 3356 3993 ὑπάρχον
3384 3923 3452 3978 τὸ
3491 3923 3655 3994 σῶμα
3685 3937 3807 3976 κατ⁸

2195 4011 2464 4066 εσκεύασε
2509 4011 2898 4083 πνευματικόν.
2956 4007 3053 4077 Εἷς
3096 4012 3198 4085 μὲν
3241 4010 3345 4070 οὖν
3397 4017 3507 4088 τῆς
3540 4019 3809 4086 ἀνακεφα-

2196 4103 2475 4167 λαιώσεως
2515 4103 2696 4158 οὑτοσί
2738 4103 2960 4176 τρόπος·
2989 4105 3018 4158 ό
3057 4105 3116 4159 δὲ
3149 4107 3247 4160 καὶ
3284 4109 3541 4180 μάλιστα
3567 4111 3806 4182 πρέπων,

2198 4195 2294 4250 καὶ
2321 4197 2388 4267 τῇ
2415 4193 2527 4249 τῶν
2555 4195 2933 4266 προκειμένων
2958 4195 3163 4269 θεωρίᾳ
3184 4201 3683 4274 χρεωστούμενος,
3700 4199 3811 4272 μετ’

2197 4287 2405 4341 ἐκεῖνον
2433 4286 2769 4359 εἰσϐήσεται.
2798 4289 3157 4360 Προκείσεται
3201 4290 3263 4345 δὲ
3311 4295 3505 4350 εἰπεῖν
3546 4295 3679 4367 περὶ
3722 4293 3815 4362 τῆς

2199 4375 2420 4430 αἰωνίου
2444 4374 2612 4446 ζωῆς,
2637 4377 2734 4430 καὶ
2759 4376 2862 4448 τῆς
2890 4377 2985 4431 τοῦ
3013 4377 3250 4434 θανάτου
3287 4385 3656 4457 νεκρώσεως,
3678 4386 3816 4447 ὅπως

2199 4485 2260 4522 τε
2289 4468 2391 4539 τῆς
2421 4468 2770 4541 ἀνθρωπείας
2803 4469 3021 4540 φύσεως
3050 4471 3148 4544 τὴν
3179 4474 3246 4528 ὲκ
3301 4477 3412 4550 τῆς
3448 4478 3819 4548 παραϐάσεως

2201 4559 2408 4633 φθοράν
2454 4560 2763 4633 ἀπέστησεν
2797 4565 2827 4617 ό
2863 4562 3200 4636 Μονογενής.
3240 4585 3262 4620 ε
3304 4569 3538 4626 Οὐκοῦν
3597 4570 3820 4642 ἐπείπερ

2199 4653 2272 4709 τά
2317 4653 2506 4708 παιδία
2549 4654 2951 4727 κεκοινώνηκεν
3004 4656 3242 4728 αἵματος
3313 4663 3421 4716 καὶ
3467 4663 3703 4735 σαρκὸς,
3735 4659 3823 4716 καὶ

509 4755 598 4803 est
614 4747 686 4813 ",
709 4755 765 4804 et
791 4762 980 4803 rerum
1009 4747 1244 4802 formam
1278 4744 1333 4798 in
1352 4745 1651 4815 pristinum
1688 4753 1896 4802 statum
1914 4746 2094 4803 denuo

2203 4744 2365 4810 αὐτὸς
2393 4744 2790 4817 παραπλησίως
2813 4744 3044 4817 μετέσχε
3071 4745 3182 4801 τῶν
3204 4748 3430 4814 αὐτῶν,
3460 4751 3558 4806 ἵνα
3578 4750 3825 4822 νεκρώσῃ

512 4848 822 4897 revocaret.
854 4839 922 4894 Et
947 4838 1230 4894 curiosius
1263 4837 1484 4908 quidem
1519 4853 1686 4910 quam
1727 4847 1970 4910 oportet,
2001 4854 2098 4896 ne-

511 4934 760 4991 cessario
789 4941 975 4989 tamen
1006 4932 1076 4988 de
1120 4932 1347 5002 antiquo
1395 4941 1588 4989 nostro
1626 4940 1776 4990 statu
1821 4933 1989 4989 verba
2017 4932 2098 4988 i'a-

513 5027 745 5082 ciemus.
779 5024 950 5081 Recte
975 5023 1178 5094 quippe
1206 5023 1340 5094 quid
1381 5023 1796 5081 observandum
1829 5024 1906 5080 sit
1943 5037 2098 5079 com-

513 5118 679 5190 plecti
711 5117 874 5183 veiie,
906 5115 1140 5187 pigritia:
1178 5117 1378 5186 probro
1409 5117 1601 5188 utique
1639 5115 1881 5172 vacabit.

2205 4837 2298 4891 τὸν
2349 4835 2600 4902 θάνατον,
2640 4856 2658 4890 ι
2697 4837 2792 4890 καὶ
2837 4839 2867 4890 ό
2921 4854 2940 4888 σ
2999 4839 3194 4903 κτίσας
3245 4841 3338 4906 εἰς
3388 4843 3718 4916 ἀφθαρσίαν
3765 4841 3828 4895 τά

2206 4934 2406 5000 πάντα,
2450 4932 2548 4986 καὶ
2599 4933 2902 5005 σωτηρίους
2944 4933 3237 4999 ἀποδείξας
3290 4937 3404 5002 τὰς
3434 4941 3697 5008 γενέσεις
3738 4935 3828 4992 τοῦ

2205 5025 2434 5096 κόσμου,
2469 5041 2490 5076 ›
2517 5023 2660 5077 κατά
2703 5022 2764 5077 τὸ
2804 5026 3214 5096 γεγραμμένον,
3269 5030 3628 5104 μεταπλάσῃ
3676 5031 3820 5086 πάλιι

2204 5115 2314 5170 τῶν
2345 5116 2684 5186 πραγμάτων
2711 5114 2773 5170 τὺ
2809 5116 2998 5188 σχῆμα
3025 5117 3160 5189 πρὸς
3187 5118 3256 5171 τὸ
3286 5121 3324 5172 ἀ
3333 5125 3564 5192 ρχαῖον.
3603 5122 3714 5177 Καί
3747 5137 3825 5193 μα

515 5214 678 5269 πάλιν
704 5212 917 5280 όλόγος
944 5211 1361 5284 περιεργότερον
1393 5212 1514 5282 μὲν,
1565 5213 1712 5283 ἤπερ
1744 5211 1937 5281 ἐχρῆν,
1978 5212 2300 5282 ἀναγκαίως
2345 5210 2392 5264 δ’
2439 5205 2532 5264 οὖν
2604 5209 2756 5281 ὅμως
2809 5212 3179 5283 προϐλήσεται
3251 5212 3381 5285 [γρ.
3439 5215 3831 5289 προϐήσεται],

514 5305 614 5376 τὴν
636 5303 745 5358 τῶν
771 5301 892 5356 καθ’
918 5303 1065 5375 ἡμᾶς
1092 5304 1428 5376 ἀρχαιότητα
1453 5302 1840 5374 παραδεικνύς.
1867 5304 1941 5356 Τὸ
2003 5304 2133 5376 γὰρ,

2204 5299 2402 5374 οἶμαι,
2464 5303 2919 5374 περιδράττεσθαι
2981 5303 3089 5358 τῶν
3149 5304 3563 5379 θεωρημάτων
3628 5307 3834 5364 ἐθέλειν

516 5399 713 5474 ὀρθῶς,
761 5399 869 5453 τῶν
917 5400 976 5466 ἐξ
1020 5398 1179 5454 ὄκνου
1231 5399 1593 5470 πταισμάτων
1633 5399 1929 5470 ἀμοιρήσει
1971 5399 2276 5464 παντελῶς.

585 5491 814 5550 Factum
841 5503 927 5552 est
955 5495 1125 5568 igitur
1152 5495 1390 5550 rationis
1419 5507 1649 5564 compos
1677 5493 1812 5548 illud
1849 5495 2056 5548 animal
2079 5536 2096 5560 ,

518 5583 971 5657 homo,inquam,
991 5602 1020 5640 a
1053 5586 1352 5658 principio,
1371 5585 1438 5640 ad
1465 5585 1749 5640 Creatoris
1779 5586 2096 5656 imaginem,

447 5752 463 5768 θ
514 5671 676 5748 juxta
722 5677 1040 5750 Scripturas
1080 5679 1147 5733 ’°.
1185 5675 1252 5732 Et
1304 5676 1450 5731 ratio
1490 5676 1712 5733 diversa
1753 5677 1977 5748 quidem
2011 5687 2101 5734 est

591 5855 638 5891 "
667 5855 689 5912 ι
717 5857 845 5918 Cor.
873 5877 966 5930 xv,
1004 5858 1094 5920 49.
1149 5857 1219 5938 f’
1257 5858 1429 5920 Hebr.
1464 5866 1648 5934 11,14.
1724 5866 1770 5901 ⁸⁸
1812 5864 1943 5938 Sap.
1974 5881 2013 5938 ι,
2057 5865 2142 5924 Η.

2278 5493 2580 5565 Πεποίηται
2623 5493 2804 5548 τοίνυν
2853 5493 3005 5548 τουτὶ
3045 5493 3106 5548 τὺ
3153 5494 3396 5563 λογικὸν
3445 5499 3548 5552 ἐπὶ
3592 5497 3699 5569 τῆς
3737 5493 3837 5566 γῆς

2205 5585 2365 5651 ζῶον,
2397 5587 2540 5658 φημὶ
2575 5587 2638 5660 δὴ
2680 5588 2772 5642 τὸν
2804 5588 3112 5660 ἄνθρωπον,
3143 5587 3204 5652 ἐξ
3239 5589 3463 5664 ἀρχῆς,
3501 5593 3633 5646 κατ’
3657 5589 3840 5644 εἰκόνα

2202 5679 2298 5732 τοῦ
2332 5677 2655 5746 κτίσαντος,
2686 5680 2831 5736 κατά
2856 5681 2955 5746 τὰς
2982 5680 3228 5754 Γραφάς.
3268 5683 3398 5739 Καὶ
3438 5683 3712 5758 διάφορος
3743 5679 3839 5756 μὲν

2221 5867 2268 5901 ⁹⁰
2307 5863 2442 5926 Gen.
2481 5879 2522 5934 ι,
2551 5863 2645 5924 26.
