4006 6414
255 361 368 417 277

253 565 402 620 ἀλλὰ
432 568 573 622 κατὰ
599 569 826 634 πολλούς
844 588 857 601 ·
891 572 1058 644 μέρος
1095 591 1159 643 γε
1198 576 1304 647 μὴν
1328 577 1386 630 τὸ
1408 578 1516 631 τῶν
1545 578 1720 633 ἄλλων
1753 581 1857 651 μά-

254 658 424 711 λιστα
464 657 896 728 διαφανέστατον
931 664 1030 735 τῆς
1075 666 1214 736 πρὸς
1257 667 1349 721 τὸν
1387 671 1692 741 ποιήσαντα
1722 672 1858 725 Θεὸν

257 748 587 820 ἐμφερείας,
629 751 693 805 τὸ
723 752 1000 826 ἄφθαρτον
1048 759 1142 812 καὶ
1192 759 1516 834 ἀνώλεθρον.
1564 762 1702 816 Ἀλλ’
1759 764 1860 817 οὐκ

257 837 344 902 iv,
380 834 567 910 οἶμαι,
591 842 722 895 ποτὲ
752 842 888 915 πρὸς
910 845 970 899 τὸ
993 845 1166 912 οὕτως
1195 849 1338 920 ἔχειν
1355 851 1614 907 δύνασθαι
1643 854 1702 907 τὸ
1719 854 1858 920 ζῶον

261 933 564 1001 ἐξήρκεσεν
604 933 804 1005 ἐαυτῷ,
855 937 999 990 κατά
1059 955 1123 1008 γε
1175 940 1268 995 τὸν
1318 946 1419 1014 τῆς
1469 943 1606 1008 ἰδίας
1643 944 1859 1014 φύσεως

262 1019 444 1087 λόγον.
475 1020 604 1085 Πῶς
630 1023 738 1094 γὰρ
777 1024 843 1079 ἂν
878 1027 906 1078 ό
944 1027 1051 1081 ἀπὸ
1083 1028 1186 1098 γῆς
1219 1033 1275 1085 ἐν
1309 1033 1414 1104 ἰδίᾳ
1462 1034 1623 1103 φύσει
1661 1037 1723 1089 τὸ
1759 1036 1861 1107 τῆς

261 1114 580 1186 ἀφθαρσίας
604 1115 816 1189 ἐδείχθη
845 1117 984 1189 ἔχων
1015 1120 1295 1194 καύχημα,
1329 1124 1403 1194 μὴ
1438 1125 1558 1196 οὐχὶ
1582 1126 1734 1198 παρὰ
1764 1127 1857 1181 τοῦ

261 1207 410 1260 κατὰ
444 1206 609 1275 φύσιν
653 1208 933 1281 ἀφθάρτου
975 1229 1035 1266 τε
1086 1215 1180 1269 καὶ
1223 1215 1534 1287 ἀνωλέθρου
1565 1219 1723 1284 Θεοῦ,
1767 1221 1861 1273 καὶ

260 1297 534 1363 ὡσαύτως
559 1299 731 1364 ὅντως
761 1302 869 1367 ἀεὶ,
899 1303 1022 1358 καθ’
1044 1305 1334 1379 ὁμοιότητα
1377 1309 1485 1362 τῶν
1525 1309 1702 1364 ἄλλων
1727 1311 1863 1381 ἀγα-

261 1387 377 1440 θῶν
424 1390 522 1443 καὶ
546 1389 704 1444 τοῦτο
749 1391 1180 1466 πεπλουτηκὼςς
1228 1415 1246 1449 ι
1269 1397 1334 1450 Τί
1374 1398 1482 1470 γὰρ
1514 1398 1678 1469 ἔχεις,
1706 1399 1735 1454 ὃ
1763 1402 1863 1455 οὐκ

259 1481 505 1550 ἔλαϐες;
542 1501 559 1534 ι
592 1483 822 1548 εἰκότως
847 1502 910 1554 γε
941 1487 1145 1560 σφόδρα
1171 1490 1264 1543 καὶ
1289 1490 1505 1562 ἀληθῶς
1543 1493 1680 1563 πρὸς
1713 1494 1862 1564 ἡμᾶς

261 1570 372 1625 πού
411 1590 580 1645 φησιν
611 1576 640 1628 ό
667 1573 952 1640 θεσπέσιος
977 1577 1205 1642 Παῦλος.
1235 1581 1354 1636 ’Ίνα
1384 1581 1564 1636 τοίνυν
1594 1583 1655 1637 τὸ
1677 1585 1742 1637 ἐκ
1770 1583 1863 1637 τοῦ

262 1665 347 1734 μὴ
379 1664 538 1728 δντος
574 1667 869 1737 παροισθὲν
896 1668 976 1731 εἰς
997 1669 1212 1737 γένεσιν
1239 1672 1316 1744 μὴ
1359 1673 1496 1744 πρὸς
1527 1673 1626 1745 τὴν
1658 1673 1864 1727 οἰκείαν

260 1756 651 1824 ὑπονοστῆσαν
679 1758 876 1828 ἀρχὴν,
910 1759 1070 1815 πάλιν
1120 1763 1338 1834 οἴχηται
1388 1765 1526 1838 πρὸς
1563 1766 1626 1820 τὸ
1674 1767 1860 1838 μηδὲν,

261 1847 516 1920 σώζηται
553 1851 611 1905 δὲ
658 1852 858 1922 μᾶλλον
900 1833 1381 1927 διηνεκῶςίοὖτος
1432 1833 1546 1930 7&9
1593 1833 1751 1930 ἦν“ό-
1771 1861 1864 1916 τοῦ
1897 1833 1938 1890 Β

261 1942 579 2007 κτίσαντος
610 1944 854 2015 σκοπός)·
899 1945 1124 2017 μέτοχον
1156 1948 1318 2002 αὑτὸν
1351 1951 1450 2022 τῆς
1481 1951 1616 2016 ἰδίας
1653 1953 1725 2022 φύ
1737 1970 1867 2018 seu);

261 2031 533 2085 ἀποτελεί
569 2032 722 2097 Θεός.
765 2055 784 2088 ι
833 2037 1165 2108 Ἐνεφύσησε
1202 2039 1313 2112 γὰρ
1358 2042 1437 2104 εἰς
1487 2040 1547 2094 τὸ
1577 2043 1868 2114 πρόσωπον

261 2125 446 2178 αὑτοῦ
475 2126 644 2198 πνοὴν
669 2129 836 2200 ζωῆς,
873 2148 892 2181 ι
921 2131 1067 2186 τοῦτ’
1096 2131 1213 2185 ἐστι
1250 2133 1311 2188 τὸ
1339 2133 1566 2206 Πνεῦμα
1589 2136 1683 2189 τοῦ
1715 2137 1864 2192 Υίοῦ.

261 2216 384 2269 Καὶ
414 2216 526 2285 γάρ
559 2218 708 2273 ἐστιν
741 2219 902 2284 αὐτὸς
949 2223 982 2292 ἠ
1029 2220 1144 2292 ζωὴ
1179 2222 1317 2292 μετὰ
1363 2225 1596 2296 Πατρὸς,
1629 2227 1869 2298 συνέχων

262 2309 353 2371 εἰς
380 2308 445 2360 τὸ
489 2304 630 2362 εἶναι
661 2310 732 2364 τὰ
757 2310 954 2367 πάντα.
993 2313 1238 2367 Κινείται
1267 2315 1375 2387 γὰρ
1416 2318 1474 2370 ἐν
1501 2318 1649 2389 αὐτῷ
1677 2336 1737 2373 τε
1775 2321 1871 2374 καὶ

264 2399 342 2469 ζῇ
373 2397 445 2451 τὰ
487 2399 634 2472 ζωῆς
661 2401 908 2468 δεκτικὰ,
937 2405 1078 2460 κατὰ
1129 2406 1229 2478 τὴν
1270 2407 1364 2461 τοῦ
1404 2409 1616 2463 Παύλου
1663 2413 1866 2483 φωνήν,

265 2494 389 2546 Καὶ
424 2495 500 2563 μή
536 2511 620 2558 τις
644 2495 802 2564 ἡμῶν
839 2497 934 2550 ἐπὶ⁵
954 2497 1127 2570 τούτῳ
1158 2498 1327 2572 ψευδῆ
1363 2503 1670 2573 κατηχείτω
1692 2504 1866 2573 λόγον,

266 2585 487 2654 οἰηθεὶς
515 2589 692 2640 εἰπεῖν
724 2589 785 2642 τὸ
819 2590 960 2644 θεῖον
992 2591 1296 2664 ἐμφύσημα
1325 2595 1609 2662 γεγονέναι
1647 2597 1724 2667 τῷ
1746 2596 1870 2668 ζὼῳ

267 2676 494 2746 ψυχήν⁸
533 2678 693 2734 τούτο
718 2679 828 2752 γὰρ
873 2681 936 2734 οὐ
975 2683 1174 2753 φαμὲν,
1217 2683 1462 2757 λογισμῷ
1501 2687 1702 2758 τοσῷδε
1734 2689 1876 2760 πρὸς

269 2771 374 2840 τὴν
419 2769 519 2823 τοῦ
573 2771 902 2843 πράγματος
947 2774 1210 2846 ἀλήθειαν
1253 2776 1768 2849 διακυϐερνώμενοι.
1808 2782 1871 2834 Εἰ

270 2863 388 2934 γὰρ
420 2863 628 2917 οἰονταί
669 2881 814 2929 τινες
856 2865 918 2918 τὸ
955 2865 1098 2920 θεῖον
1137 2866 1442 2940 ἐμφύσημα
1477 2870 1728 2939 γενέσθαι
1763 2871 1871 2943 ψυ-

275 2953 403 3022 χὴν,
442 2952 752 3021 λεγέτωσαν
797 2956 931 3026 ἡμῖν
974 2956 1204 3028 πότερόν
1238 2974 1370 3012 ποτε
1400 2961 1724 3033 παρετράπη
1773 2963 1874 3034 τῆς

281 3041 423 3108 ιδίας
478 3043 696 3113 φύσεως
741 3047 833 3100 καὶ
869 3047 1094 3116 γέγονεν
1142 3050 1222 3112 εἰς
1264 3049 1522 3123 ψυχὴν,ἢ
1565 3054 1872 3124 μεμένηκεν

278 3137 337 3190 ἐν
378 3138 674 3209 ταυτότητι
716 3142 782 3211 τῇ
831 3141 1048 3196 ἑαυτοῦ.
1079 3143 1142 3196 Εἰ
1192 3143 1290 3214 μὲν
1320 3143 1430 3216 γὰρ
1478 3143 1661 3218 ἐροῦσι
1709 3165 1874 3218 μετα-

276 3230 588 3310 τετράφθαι
622 3247 714 3284 ποι
745 3231 841 3284 καὶ
889 3233 980 3286 τὸν
1007 3233 1106 3305 τῆς
1156 3234 1292 3299 ἰδίας
1323 3235 1539 3306 φύσεως
1569 3238 1876 3309 παρελάσαι

279 3322 511 3393 θεσμὸν,
564 3322 976 3394 δυσνφημοῦντες
1024 3325 1358 3381 ἁλώσονταιο
1393 3331 1632 3402 τρεπτὴν
1678 3331 1786 3402 γὰρ
1829 3334 1878 3387 εἰ

281 3411 400 3485 [πρ.
432 3408 602 3485 εῖναι]
648 3415 867 3480 πάντως
912 3415 1122 3487 ἐροῦσι,
1171 3418 1271 3489 τὴν
1314 3418 1584 3490 ἄτρεπτον
1632 3422 1727 3475 καὶ
1768 3423 1880 3477 ὠσ-

283 3505 472 3569 αύτως
500 3506 730 3577 ἔχουσαν
751 3508 840 3562 ἀεὶ
865 3509 1050 3578 φύσιν.
1076 3510 1140 3563 Εἰ
1168 3509 1225 3563 δὲ
1253 3511 1580 3585 παρετράπη
1607 3514 1879 3588 οὐδαμῶς,

281 3596 664 3669 διαμεμένηκε
694 3599 750 3653 δὲ
789 3599 934 3654 τοῦθ’
963 3602 1101 3674 ὅπερ
1143 3597 1213 3674 ἦν
1243 3604 1331 3658 ἀεὶ
1357 3604 1620 3676 προελθὸν
1652 3609 1716 3661 ἐκ
1745 3607 1881 3662 Θεοῦ

284 3692 350 3744 τὸ
379 3691 691 3763 ἐμφύσημα
718 3692 906 3760 αὐτοῦ,
935 3694 1052 3758 πῶς
1081 3695 1274 3768 ἐξέστη
1313 3697 1450 3768 πρὸς
1481 3699 1757 3769 ἁμαρτίαν
1787 3701 1884 3755 καὶ

287 3782 564 3854 τοσαύτης
596 3783 784 3837 παθῶν
813 3785 1078 3857 διαφορᾶς
1121 3787 1314 3856 γέγονε
1347 3789 1629 3858 δεκτικόν;
1661 3790 1736 3844 Οὐ
1773 3791 1884 3864 γὰρ

286 3877 469 3947 δήπου
530 3879 691 3946 φαῖεν
722 3876 790 3934 ἂν
842 3877 920 3942 ὡς
961 3877 1168 3934 ἔνεστιν
1195 3881 1333 3945 ὅλως
1364 3882 1432 3953 τῇ
1479 3881 1600 3953 θείᾳ
1633 3881 1792 3951 φύσει
1824 3883 1886 3936 τὸ

287 3967 556 4023 δύνασθαι
603 3969 963 4040 πλημμελεῖν.
1003 3971 1144 4025 Ἀλλ’
1187 3972 1277 4026 ἴνα
1336 3971 1411 4044 μὴ
1459 3976 1697 4045 μακραῖς
1753 3974 1886 4027 ἀπο-

287 4061 528 4128 δείξεσιν
555 4061 653 4114 ιέπί⁵
687 4061 862 4135 τούτῳ
895 4062 1169 4135 χρώμενοι
1211 4063 1306 4118 τὸν
1349 4067 1464 4129 τοϊς
1504 4065 1886 4137 προκειμένοις

291 4155 758 4228 χρεωστούμενονρ
774 4156 1173 4228 παρελάσωμεν
1200 4155 1378 4226 λόγον,
1403 4157 1547 4229 φημὶ
1575 4157 1684 4211 δεῖν
1711 4160 1888 4212 ἐκεῖνο

293 4249 462 4302 πάλιν
489 4247 860 4312 ἀναλαϐόντας
886 4249 1082 4314 εἰπεῖν,
1110 4247 1187 4312 ὼς
1230 4247 1330 4300 οὒκ
1363 4245 1450 4311 ἂν,
1475 4245 1651 4319 οἶμαι,
1687 4249 1772 4313 τὶς
1798 4249 1888 4303 εὑ-

295 4339 515 4412 φρονῶν
541 4339 604 4394 τὸ
631 4341 696 4394 ἐκ
729 4340 830 4412 τῆς
859 4339 1008 4404 θείας
1049 4339 1238 4404 οὐσίας
1280 4339 1541 4411 προελθὸν
1587 4339 1889 4412 ἐμφύσημα

294 4433 478 4505 ψυχὴν
501 4434 668 4487 οἰοιτο
697 4432 952 4501 γενέσθαι
982 4430 1062 4504 τῷ
1087 4431 1231 4503 ζώῳ,
1257 4431 1565 4502 ψυχωθέντι
1595 4431 1652 4485 δέ
1685 4432 1911 4503 μᾶλλον.⁵

1319 367 1390 422 ΙΝ
1422 367 1706 425 JOANNIS
1747 368 2196 427 EVANGELIUM
2232 371 2360 428 LIB.
2412 373 2499 428 IX.

251 476 361 546 τῆς
389 478 602 543 εἰκόνος
639 479 671 536 ό
716 480 902 550 λόγος·
931 483 1096 539 εἰκὼν
1135 484 1243 556 γὰρ
1271 487 1330 538 οὐ
1373 488 1492 540 καθ’
1511 487 1607 542 ενα
1633 488 1854 558 τρόπον,
1885 491 1931 546 Α
1961 487 2214 558 imaginis

3433 393 3539 450 ‘278

2260 509 2272 543 :
2333 491 2516 562 imago
2566 494 2770 563 quippe
2804 503 2888 549 est
2928 513 3036 551 non
3068 513 3178 553 uno
3209 504 3407 564 modo.
3445 510 3538 563 sed

1961 579 2254 648 pluribus;
2293 581 2386 636 sed
2417 597 2542 637 cum
2576 586 2773 656 opiﬂce
2814 587 2922 644 Deo
2951 590 3332 650 similitudinis
3363 601 3541 654 maxi-

1959 684 2049 726 me
2068 671 2304 729 illustris
2331 688 2461 744 pars
2482 689 2545 731 ea
2572 687 2676 743 est,
2709 681 3070 752 corruptione
3095 685 3356 742 nimirum
3381 700 3544 759 atque

1961 760 2191 817 interitu
2221 779 2438 821 vacare.
2469 766 2670 824 Verum
2706 787 2812 827 non
2843 774 3105 830 existimo
3130 779 3356 843 animal,
3392 793 3449 835 ut
3477 786 3542 837 ad

1960 871 2086 911 eum
2117 864 2324 912 statum
2354 863 2645 929 pervenire
2683 866 2858 934 possit
2885 907 2901 929 ,
2937 878 3150 925 natura:
3181 887 3294 927 sua:
3328 875 3547 929 ratione

1961 963 2062 1018 par
2107 965 2348 1022 unquam
2390 953 2526 1010 fore.
2568 956 2855 1022 Quomodo
2888 963 3036 1016 enim
3081 971 3340 1022 terrenus
3383 968 3548 1022 homo

1963 1047 2162 1096 natura
2197 1055 2296 1099 sua
2323 1044 2396 1098 ita
2419 1057 2775 1116 comparatus
2801 1051 2896 1114 sit,
2928 1060 2989 1106 ut
3022 1053 3548 1127 incorruptibililale

1964 1135 2252 1204 glorietur,
2288 1138 2396 1193 nisi
2430 1153 2550 1194 eam
2585 1140 2657 1196 ab
2690 1141 2784 1196 illo
2817 1143 2913 1213 qui
2946 1146 3253 1202 secundum
3293 1159 3546 1203 naturam

1964 1241 2120 1283 suam
2180 1229 2620 1300 incorruptibilis
2669 1241 2726 1288 et
2783 1233 3114 1292 immortalis
3162 1247 3290 1304 est,
3342 1239 3552 1310 quique

1962 1318 2152 1375 eodem
2190 1336 2253 1378 se
2286 1321 2454 1378 modo
2495 1337 2718 1395 semper
2763 1325 2959 1394 habet,
2999 1325 3166 1399 822
3207 1329 3272 1384 ad
3308 1331 3542 1386 aliorum

1963 1413 2232 1469 bonorum
2270 1415 2694 1474 similitudinem
2741 1419 2906 1475 etiam
2957 1421 3173 1479 hoc'sit
3216 1425 3543 1479 assecutus?

1972 1523 1990 1555 ι
2010 1503 2149 1571 Quid
2167 1507 2314 1562 enim
2335 1506 2530 1573 habes,
2548 1509 2692 1580 quod
2721 1525 2832 1566 non
2869 1512 3151 1583 recepisti,
3180 1531 3196 1564 ι
3219 1516 3343 1581 jure
3375 1515 3542 1569 meri-

1965 1604 2021 1652 to
2051 1611 2116 1651 ac
2145 1613 2272 1655 vere
2305 1599 2485 1669 inquit
2505 1599 2574 1656 ad
2605 1617 2708 1656 nos
2742 1601 2971 1659 divinus
2998 1600 3203 1660 Paulus
3231 1603 3436 1661 alicubi
3466 1605 3577 1657 "?'

1963 1686 2046 1744 Ne
2073 1689 2240 1760 igitur
2264 1690 2318 1746 id
2347 1690 2493 1761 quod
2540 1707 2571 1747 e
2617 1692 2795 1747 nihilo
2829 1694 2882 1748 in
2917 1701 3102 1749 ortum
3130 1694 3391 1751 eductum
3425 1705 3546 1757 est.

1969 1783 2036 1837 ad
2086 1781 2422 1853 principium
2469 1799 2630 1839 suum
2688 1785 2942 1849 rediens,
3004 1801 3198 1842 rursus
3231 1787 3286 1841 in
3318 1787 3547 1841 nihilum

1968 1872 2169 1939 abeat,
2205 1873 2297 1928 sed
2331 1873 2514 1944 potius
2543 1883 2814 1945 perpetuo
2841 1887 3203 1931 conservetur
3237 1877 3367 1946 (hic
3399 1880 3547 1932 enim

1975 1963 2257 2022 Creatoris
2281 1981 2482 2038 scopus
2517 1965 3001 2038 est),'participem
3033 1983 3158 2022 eum
3197 1969 3379 2023 reddit
3407 1968 3562 2025 Deus

1970 2069 2084 2110 sua:
2133 2061 2364 2111 naturte.
2417 2076 2434 2108 ι
2470 2055 2815 2114 Ιηευίἰιίινίιι
2856 2060 3002 2114 enim
3039 2058 3135 2112 «in
3181 2059 3380 2114 faciem
3430 2061 3552 2131 ejus

1969 2146 2305 2216 spiraculum
2335 2147 2462 2204 vitae
2490 2150 2536 2181 ⁹¹
2562 2189 2576 2212 ,
2609 2169 2626 2201 ι
2672 2150 2776 2204 hoc
2809 2159 2890 2205 est
2927 2147 3046 2204 Filii
3091 2147 3386 2218 Spiritum.
3433 2155 3554 2221 lpse

1969 2237 2117 2292 enim
2144 2238 2252 2293 vita
2284 2250 2369 2295 est
2401 2254 2526 2294 cum
2573 2239 2756 2304 Patre,
2785 2241 2837 2294 in
2867 2256 2989 2296 esse
3018 2243 3205 2295 omnia
3235 2247 3546 2300 continens.

1970 2327 2030 2384 In
2057 2343 2124 2384 eo
2155 2329 2360 2402 quippe
2398 2341 2688 2387 moventur
2723 2345 2787 2388 ac
2822 2332 3016 2387 vivunt
3047 2348 3392 2404 quaecunque
3430 2339 3554 2388 vita:

1971 2424 2102 2472 sunt
2141 2418 2367 2487 capacia
2395 2457 2410 2482 ,
2454 2418 2610 2488 juxta
2665 2419 2825 2474 Pauli
2867 2435 3054 2475 vocem
3095 2421 3159 2474 ⁵³.
3199 2418 3390 2490 Neque
3425 2435 3556 2476 vero

1971 2510 2266 2580 quisquam
2299 2509 2393 2566 hic
2429 2511 2590 2566 nobis
2619 2511 2941 2582 obganniat,
2976 2527 3155 2581 neque
3191 2512 3294 2567 sibi
3327 2527 3557 2582 persua-

1971 2603 2101 2658 deat
2151 2616 2255 2658 nos
2305 2602 2491 2658 dicere
2527 2603 2778 2659 divinum
2827 2603 2980 2658 illum
3038 2603 3284 2658 inﬂatum
3331 2605 3558 2660 animali

1972 2694 2256 2751 exstitisse
2281 2695 2518 2750 animam
2553 2712 2567 2748 :
2599 2708 2948 2765 nequaquam
2978 2695 3124 2750 enim
3156 2693 3260 2747 hoc
3294 2693 3555 2755 dicimus,

1973 2783 2288 2840 istiusmodi
2320 2784 2530 2839 ratione
2556 2783 2624 2838 ad
2649 2783 2728 2839 rei
2753 2783 3033 2839 veritatem
3129 2783 3395 2837 instituti.
3419 2779 3556 2836 Nam

1974 2876 2022 2933 si
2061 2875 2308 2930 divinum
2372 2874 2622 2930 inﬂatum
2682 2875 2923 2930 animam
2970 2875 3219 2929 nonnulli
3257 2875 3434 2928 fuisse
3459 2889 3559 2943 pu-

1975 2976 2096 3024 tant
2129 3009 2144 3034 ,
2182 2970 2369 3024 dicant
2410 2969 2572 3026 nobis
2599 2978 2782 3025 utrum
2819 2985 2846 3024 a
2885 2979 3084 3025 natura
3121 2985 3219 3025 sua
3261 2970 3560 3025 desciverit

1977 3067 2032 3117 et
2063 3061 2116 3115 in
2149 3060 2389 3116 animam
2426 3067 2669 3117 mutatus
2697 3061 2793 3127 sit,
2826 3076 2896 3116 an
2929 3061 3073 3118 idem
3099 3061 3153 3116 in
3184 3077 3242 3117 se
3272 3075 3557 3116 remanse-

1901 3177 1946 3237 α
1978 3153 2070 3208 rit.
2099 3150 2234 3208 Nam
2265 3153 2311 3207 si
2341 3153 2692 3209 immutatum
2731 3167 2857 3210 esse
2897 3152 3089 3208 dicunt
3118 3163 3172 3209 et
3201 3169 3314 3209 suae
3348 3161 3590 3206 naturae-

1981 3245 2152 3316 legem
2182 3254 2630 3317 praetergressum
2661 3284 2676 3309 ,
2735 3243 3086 3314 blasphemiae
3119 3243 3518 3297 convincentur
3544 3263 3557 3295 :

1981 3335 2297 3392 mutabilem
2331 3337 2480 3392 enim
2514 3335 2715 3408 utique
2752 3335 2941 3391 dicent
2983 3334 3382 3390 immutabilem
3415 3333 3562 3386 illam

1982 3437 2035 3483 et
2066 3428 2234 3483 simili
2267 3428 2432 3483 modo
2467 3442 2686 3499 semper
2729 3442 2790 3484 se
2825 3425 3117 3482 habentem
3155 3433 3429 3480 naturam.
3464 3422 3562 3476 Sin

1983 3527 2165 3574 autem
2219 3519 2372 3575 nullo
2405 3519 2570 3575 modo
2611 3521 2858 3573 mutatus
2895 3527 3008 3582 est,
3059 3517 3154 3572 sed
3207 3513 3474 3570 remansit
3509 3512 3563 3566 id

1982 3610 2130 3681 quod
2157 3619 2275 3666 erat
2305 3625 2524 3681 semper
2547 3626 2612 3667 ex
2649 3609 2761 3666 Deo
2792 3609 3104 3681 procedens
3135 3607 3226 3662 ille
3254 3606 3376 3676 ejus
3406 3603 3564 3658 inﬂa-

1984 3711 2096 3768 tus,
2127 3701 2406 3775 quomodo
2435 3702 2789 3774 degeneravit
2825 3702 2883 3755 in
2923 3707 3208 3770 peccaturo
3249 3708 3305 3752 et
3357 3704 3564 3751 tantam

1984 3795 2042 3850 in
2077 3811 2136 3851 se
2173 3796 2447 3850 malorum
2477 3795 2801 3850 varietatem
2835 3791 3127 3863 suscepit?
3164 3789 3277 3844 Nec
3309 3789 3455 3845 enim
3483 3788 3568 3842 di-

1987 3887 2206 3952 xerint,
2258 3889 2494 3958 opinor,
2527 3894 2786 3941 naturam
2827 3885 3071 3940 divinam
3111 3897 3344 3954 peccare
3376 3895 3562 3950 posse.

1989 3978 2100 4034 Sed
2137 3994 2206 4034 ne
2243 3977 2424 4049 longis
2457 3975 3029 4033 demonstrationibus
3067 3981 3285 4030 utentes
3323 3970 3566 4028 debitam
3601 4013 3604 4016 .

1987 4069 2120 4124 huic
2168 4069 2290 4124 loco
2328 4067 2598 4123 rationem
2639 4073 3065 4137 praetereamus,
3105 4063 3241 4120 illud
3273 4063 3454 4119 denuo
3481 4076 3568 4117 re-

1988 4168 2155 4232 peto,
2207 4159 2481 4215 neminem
2535 4175 2685 4216 sana:
2733 4159 2936 4215 mentis
2977 4158 3422 4214 existimaturum
3463 4169 3570 4209 un-

1987 4266 2152 4323 quam
2191 4250 2458 4315 inﬂatum,
2488 4265 2556 4305 ex
2585 4251 2769 4306 divina
2807 4250 3118 4306 Substantia
3157 4247 3602 4318 procedentem,-

1989 4339 2213 4394 animali
2245 4339 2529 4396 exstitisse
2553 4339 2815 4406 animam,
2850 4338 2948 4394 sed
2974 4339 3217 4393 animato
3251 4335 3435 4406 potius
3458 4372 3474 4398 ,
3516 4340 3595 4388 et.

1991 4431 2060 4486 ad
2091 4431 2484 4502 proprietatem
2511 4439 2724 4486 naturae
2757 4429 3012 4501 perfectae
3040 4445 3105 4486 ex
3133 4429 3317 4483 anima
3349 4434 3406 4481 et
3441 4438 3570 4480 eor-

297 4523 396 4577 καὶ
444 4523 586 4593 πρὸς
634 4522 875 4594 ἰδιότητα
912 4523 1012 4594 τῆς
1057 4522 1270 4586 τελείας
1325 4522 1541 4592 φύσεως
1586 4521 1654 4576 δι’
1688 4523 1877 4595 ἁμφοῖη

1998 4529 2132 4593 pere
2169 4521 2443 4586 deducto,
2473 4530 2686 4578 natura:
2714 4537 2828 4578 sua:
2872 4519 3145 4591 quoddam
3180 4517 3348 4572 veluti
3387 4516 3602 4585 signa-7

298 4613 614 4685 ἀφιγμένῳ,
641 4613 822 4685 ψυχῆς
867 4613 932 4685 δὴ
981 4613 1129 4683 λέγω
1167 4613 1263 4667 καὶ
1318 4611 1590 4684 σώματος,
1637 4613 1889 4687 καθάπερ

299 4705 424 4760 τινὰ
475 4704 748 4777 σφραγῖδα
794 4707 895 4777 τῆς
938 4703 1132 4759 ἐαυτοῦ
1171 4704 1386 4774 φύσεως
1425 4705 1688 4777 ἐνέπηξεν
1718 4708 1748 4761 ό
1787 4709 1892 4778 Δη-

307 4795 571 4866 μιουργὸς
599 4795 661 4848 τὸ
695 4793 923 4866 Πνεῦμα
950 4793 1012 4848 τὸ
1045 4795 1218 4861 ἅγιον,
1250 4793 1396 4847 τοῦτ’
1425 4792 1562 4858 ἐστι,
1591 4794 1689 4865 τὴν
1719 4797 1890 4868 πνοὴν

302 4889 402 4960 τῆς
452 4886 626 4958 ζωῆς,
671 4887 738 4940 δι’
767 4880 838 4958 ἧς
885 4887 1023 4958 πρὸς
1080 4885 1140 4940 τὸ
1194 4887 1501 4958 ἀρχέτυπον
1545 4885 1893 4943 διεπλάττετο

304 4982 530 5046 κάλλος,
568 4979 884 5035 ἀπετελεῖτο
937 4979 995 5033 δὲ
1039 4981 1158 5033 κατ’
1199 4979 1380 5034 εἰκόνα
1431 4978 1527 5032 τοῦ
1566 4979 1892 5046 κτίσαντος,

306 5076 446 5148 πρὸς
477 5075 661 5128 πᾶσαν
704 5073 848 5128 ἰδέαν
896 5073 1097 5144 ἀρετῆς
1124 5073 1350 5144 δυνάμει
1380 5072 1474 5126 τοῦ
1501 5073 1895 5138 ἐνοικισθέντος

305 5166 460 5238 αὐτῷ
498 5164 964 5236 διακρατούμενος
1009 5163 1343 5234 Πνεύματος.
1384 5164 1600 5236 Ἐπειδὴ
1637 5165 1695 5218 δὲ
1734 5164 1896 5218 αὺτο-

307 5257 639 5332 προαίρετος
667 5256 766 5322 ὢν,
795 5257 890 5311 καὶ
917 5255 1017 5320 τὰς
1049 5255 1158 5310 τῶν
1203 5256 1348 5310 ἰδίων
1378 5255 1700 5328 θελημάτων
1732 5266 1897 5310 πεπι-

311 5351 610 5421 στευμένος
639 5349 798 5420 ἡνίας
825 5347 1014 5420 (μοῖρα
1060 5347 1169 5418 γὰρ
1207 5348 1305 5418 τῆς
1352 5349 1560 5411 εἰκόνος
1602 5349 1694 5402 καὶ
1729 5349 1900 5418 αὐτή·

313 5441 726 5508 κατεξουσιάζει
767 5439 877 5512 γὰρ
918 5440 1029 5494 τῶν
1081 5439 1299 5494 οἰκείων
1351 5438 1676 5510 θελημὰτων
1722 5441 1899 5506 Θεὸς),

315 5533 532 5606 ἐτράπη
581 5533 679 5589 καὶ
733 5533 994 5587 πέπτωκε
1043 5530 1124 5604 (τὸ
1163 5531 1220 5584 δέ
1269 5532 1506 5602 ὅπως,ή
1551 5531 1667 5586 θεία
1712 5533 1750 5584 Γ
1757 5533 1901 5605 ραφὴ

319 5627 640 5682 διδασκέτω·
669 5626 846 5698 σαφὴς
871 5625 982 5698 γὰρ
1021 5626 1051 5679 ό
1095 5625 1227 5698 περὶ
1255 5624 1449 5678 τούτου
1479 5624 1609 5696 παρ’
1639 5625 1777 5696 αὐτῇ
1813 5625 1901 5678 λό-

401 5808 443 5842 ⁹¹
483 5805 663 5864 lCor.
695 5822 770 5876 iv,
804 5804 855 5860 7.
929 5804 975 5840 ⁸³
1013 5804 1148 5863 Gen.
1183 5817 1244 5874 ιι,
1275 5800 1326 5858 7.
1404 5802 1451 5838 ’³
1487 5800 1612 5861 Act.
1642 5802 1893 5871 “11,28.

1996 4611 2182 4667 culum
2214 4611 2535 4668 Creatorem
2566 4611 2917 4682 impressisse
2937 4651 2952 4675 ,
2991 4616 3243 4666 sanctum
3282 4607 3571 4677 Spiritum,

1997 4704 2051 4760 id
2086 4712 2171 4760 est
2199 4705 2539 4775 spiraculum
2566 4705 2720 4769 vitae,
2773 4717 2870 4775 per
2895 4703 3052 4772 'qnod
3092 4701 3157 4756 ad
3202 4700 3570 4770 exemplarem

1999 4795 2280 4866 archetypi
2313 4795 2779 4865 pulchritudinem
2810 4793 3107 4849 formatum
3135 4801 3241 4856 est,
3268 4798 3323 4847 et
3351 4791 3422 4844 ad
3448 4793 3576 4845 ima-

1995 4888 2177 4957 ginem
2204 4887 2484 4943 Creatoris
2519 4885 2825 4958 perfectum
2859 4885 2927 4940 ad
2960 4899 3180 4940 omnem
3206 4882 3430 4938 virtutis
3456 4895 3576 4950 spe-

2000 4979 2143 5034 ciem
2178 4978 2230 5033 vi
2267 4978 2635 5034 inhabitantis
2668 4977 2722 5032 in
2759 4991 2824 5033 eo
2869 4975 3108 5047 Spiritus
3136 4975 3575 5032 corroboratum.

2003 5070 2110 5126 Sed
2147 5079 2460 5142 poStquam,
2494 5084 2608 5126 sua:
2632 5070 2846 5141 spontis
2878 5084 3002 5126 cum
3035 5078 3180 5126 esset
3223 5079 3446 5137 sumque
3480 5077 3576 5117 vo-

1971 5164 2238 5219 luntatis
2267 5164 2516 5220 habenas
2553 5171 2764 5219 teneret
2816 5153 2989 5233 (pars
3023 5161 3171 5216 enim
3209 5160 3314 5215 ista
3357 5167 3580 5226 quoque

2003 5265 2087 5312 est
2119 5258 2375 5327 imaginis
2403 5275 2416 5312 :
2464 5273 2593 5313 nam
2642 5273 2757 5314 sua:
2786 5255 3052 5312 voluntati
3081 5252 3226 5308 Deus
3261 5251 3496 5319 imperat
3519 5245 3541 5313 )
3563 5283 3577 5306 ν

2004 5359 2274 5405 mutatum
2320 5359 2407 5406 est
2449 5364 2515 5405 ac
2563 5350 2770 5405 cecidit
2819 5347 2966 5419 (quo
3003 5352 3162 5416 pacto
3185 5356 3353 5403 vero,
3394 5337 3610 5392 divina.

2005 5442 2294 5514 Scriptura
2315 5444 2529 5509 doceat,
2567 5443 2623 5497 in
2653 5456 2759 5512 qua
2787 5441 2840 5496 id
2863 5437 3153 5496 manifeste
3178 5430 3576 5500 describitur),

2004 5535 2058 5588 in
2103 5535 2268 5606 823
2316 5534 2615 5606 pristinum
2665 5539 2870 5588 statum
2914 5535 3167 5584 naturam
3218 5522 3459 5578 hominis
3495 5522 3582 5578 in-

2004 5634 2259 5684 staurare
2287 5625 2474 5684 denuo
2498 5623 2767 5697 decrevit_
2791 5629 2845 5678 et
2877 5632 3173 5693 aggressus
3194 5622 3280 5674 est
3311 5614 3456 5673 Deus
3479 5651 3483 5654 -
3513 5627 3582 5671 ac
