4006 6432
487 355 593 410 979

1490 357 1547 414 S.
1591 355 1862 412 CYRILLI
1900 355 2368 412 ALEXANDRINI
2407 355 2729 414 ARCHiEP.

3621 364 3715 421 280

488 471 650 526 Pater
681 469 734 526 in
758 470 976 530 Christo
998 474 1044 506 ³ο
1065 513 1082 539 ,
1116 481 1169 530 et
1199 475 1346 545 quod
1384 477 1594 544 voluit,
1624 476 1878 546 perfecit.
1914 475 2061 542 Quo-

2176 479 2305 549 γος)·
2330 479 2917 548 ἀνακεφαλαιώσασθαι
2951 477 3113 532 πάλιν
3143 476 3242 548 τὴν
3271 474 3550 549 ἀνθρώπου
3577 483 3718 550 φύσιν

490 576 616 615 nam
650 562 817 634 igitur
858 565 1022 620 modo
1047 564 1251 621 factum
1289 566 1340 622 id
1376 568 1543 624 l‘ucrit
1569 607 1584 630 ,
1628 578 2064 623 consentaneum

489 659 574 708 est
597 655 934 725 perspicere.
955 657 1072 712 Non
1091 666 1307 728 poterat
1330 661 1515 726 homo,
1534 667 1744 714 natura:
1771 675 1894 715 cum
1920 667 2066 715 esset

490 750 893 816 corruptibilis,
940 760 1166 807 mortem
1198 751 1456 822 ell'ugere,
1497 754 1603 806 nisi
1640 762 1874 808 veterem
1916 753 2064 806 illam

489 837 722 903 gratiam
753 839 1045 908 reciperet,
1074 849 1126 895 et
1152 841 1424 912 particeps
1443 841 1537 898 Dei
1565 841 1716 897 ﬁeret
1738 843 1832 914 qui
1866 845 1920 896 in
1943 858 2066 898 esse

492 935 688 980 cuncta
720 929 989 996 continet,
1024 945 1087 984 ac
1125 931 1364 986 viviﬁcat
1396 948 1492 1002 per
1516 931 1713 987 Filium
1747 934 1800 987 in
1831 933 2063 1004 Spiritu.

492 1015 929 1074 Communicavit
964 1021 1130 1091 igitur
1173 1023 1326 1076 carni
1371 1032 1423 1078 et
1472 1025 1727 1094 sanguini
1760 1026 1807 1058 π
1841 1067 1856 1089 ,
1899 1025 1952 1079 id
1983 1033 2068 1080 est

495 1107 662 1160 homo
707 1109 884 1164 factus
932 1119 1046 1176 est,
1099 1113 1206 1165 vita
1259 1129 1385 1168 cum
1433 1114 1506 1169 sit
1553 1115 1860 1171 secundum
1908 1123 2070 1169 natu-

496 1212 642 1260 ram.
677 1207 729 1253 et
759 1214 824 1256 ex
848 1201 960 1255 vita
1003 1203 1306 1258 secundum
1336 1211 1592 1259 naturam
1629 1206 1870 1276 genitus,
1902 1205 1954 1260 id
1985 1214 2071 1261 est

491 1305 557 1344 ex
590 1289 699 1346 Deo
734 1301 801 1347 ac
835 1293 997 1350 Patre
1027 1295 1368 1366 unigenitum
1408 1296 1529 1366 ejus
1559 1295 1826 1363 Verbum,
1855 1304 1915 1349 ut
1946 1310 2070 1349 cor-

491 1383 736 1453 ruptibili
794 1386 988 1452 carni,
1057 1389 1270 1443 ratione
1326 1404 1440 1444 sua:
1504 1395 1716 1444 natura
1776 1386 2069 1442 ineffabili-

493 1483 603 1540 ler,
640 1484 696 1530 et
745 1478 909 1533 modo
943 1479 1180 1550 quodam
1207 1495 1447 1544 arcano,
1501 1489 1556 1536 et
1581 1495 1743 1551 quem
1774 1479 1928 1535 solus
1956 1480 2072 1548 ipse

492 1565 667 1633 novit,
700 1567 942 1638 seipsum
977 1571 1194 1636 uniens,
1224 1572 1289 1625 ad
1320 1586 1476 1627 suam
1508 1571 1689 1642 ipsius
1721 1572 1889 1626 vitam
1914 1586 2072 1626 revo-

492 1666 646 1710 caret
675 1695 690 1720 ,
737 1673 800 1715 ac
842 1660 1161 1730 participem
1211 1675 1308 1731 per
1355 1660 1596 1731 seipsum
1648 1660 1742 1716 Dei
1793 1658 2070 1728 ac,Patris

492 1747 747 1805 eﬂieeret.
793 1749 1058 1808 Mcdialor
1088 1752 1232 1806 enim
1273 1759 1357 1807 est
1397 1751 1492 1806 Dei
1516 1759 1571 1807 et
1605 1751 1923 1816 hominum,
1959 1751 2068 1806 sic-

2167 573 2246 634 είς
2269 571 2330 624 τὸ
2361 572 2586 641 ἀρχαῖον
2618 569 2972 623 ἐϐουλεύσατὸ
3011 586 3071 622 τε
3113 569 3206 623 καὶ
3255 571 3652 641 ἐπικεχείρηκεν
3695 576 3721 626 6

2166 659 2297 724 Θεὸς
2329 662 2422 714 καὶ
2455 661 2644 732 Πατὴρ
2681 661 2740 714 ἐν
2782 659 3022 731 Χριστῷ,
3069 659 3164 713 καὶ
3221 658 3452 730 θελήσας
3497 661 3717 730 ἐξήνυσε.

2167 750 2293 815 Πῶς
2325 747 2418 805 οὖν
2454 752 2560 822 ἄρα
2597 753 2840 820 γέγονεν,
2887 751 3178 806 ἀκόλουθον
3229 751 3460 804 κατιδεῖν
3484 768 3496 781 ·
3534 753 3640 805 Οὐκ
3663 750 3722 823 ῆν

2167 843 2370 912 ἑτέρως
2420 842 2695 916 διαδρᾶναι
2749 844 2840 896 τὸν
2903 843 3131 898 θάνατον
3182 843 3392 912 φύσεως
3451 842 3574 895 ὄντα
3636 845 3723 911 τῆς

2169 934 2533 1006 φθειρομένης
2562 934 2654 988 τὸν
2682 935 2986 1006 ἄνθρωπον,
3017 938 3065 988 εί
3099 935 3174 1006 μὴ
3216 935 3315 1005 τὴν
3345 935 3568 1004 ἀρχαίαν
3600 936 3722 989 ἐκεί-

2168 1044 2266 1096 νην
2306 1027 2667 1096 ἀνεκομίσατο
2693 1027 2872 1098 χάριν,
2909 1027 3003 1081 καὶ
3045 1027 3270 1097 μετέσχε
3317 1025 3410 1078 τοῦ
3454 1026 3521 1079 τὰ
3565 1026 3722 1078 πάντα

2171 1119 2307 1190 πρὸς
2333 1118 2396 1172 τὸ
2435 1113 2572 1172 εῖναι
2601 1118 2913 1189 συνέχοντος
2941 1119 3098 1182 Θεοῦ,
3131 1119 3223 1171 καὶ
3262 1116 3642 1185 ζωογονοῦντος
3665 1117 3724 1170 δι’

2172 1209 2303 1263 Υίοῦ
2341 1210 2400 1263 ἐν
2434 1209 2727 1280 Πνεύματι.
2761 1209 3138 1280 Κεκοινὼνηκε
3182 1209 3357 1262 τοίνυν
3395 1209 3614 1278 αἵματος
3644 1209 3725 1261 καὶ

2173 1302 2374 1372 σαρκὸς
2399 1341 2416 1368 ,
2465 1299 2610 1354 τοῦτ’
2661 1299 2776 1354 ἔστι
2842 1300 3064 1369 γέγονεν
3119 1299 3419 1373 ἄνθρωπος,
3453 1299 3561 1368 ζωὴ
3603 1299 3726 1352 κατά

2173 1394 2332 1464 φύσιν
2378 1393 2660 1464 ὑπάρχων,
2700 1393 2794 1446 καὶ
2839 1395 2904 1446 ἐκ
2947 1392 3091 1464 ζωῆς
3131 1391 3230 1462 τῆς
3277 1391 3418 1445 κατά
3459 1390 3611 1460 φύσιν
3657 1408 3728 1460 γε·

2172 1483 2502 1555 γεννημένος
2526 1522 2542 1547 ,
2605 1481 2750 1536 τοῦτ’
2794 1480 2910 1535 ἐστι
2953 1481 3048 1534 τοῦ
3111 1479 3246 1534 Θεοῦ
3304 1480 3400 1533 καὶ
3456 1479 3658 1551 Πατρὸς
3703 1481 3728 1532 6

2176 1575 2471 1647 μονογενὴς
2532 1573 2696 1628 αὑτοῦ
2732 1574 2926 1642 Λόγος,
2961 1573 3049 1626 ἵνα
3092 1575 3159 1643 τῇ
3199 1571 3529 1644 φθειρομένη
3559 1574 3727 1641 σαρκὶ,

2173 1666 2315 1720 κατά
2341 1683 2402 1735 γε
2434 1665 2524 1719 τὸν
2547 1665 2703 1734 λόγον
2728 1665 2826 1734 τῆς
2857 1665 2994 1727 ίδίας
3018 1663 3252 1733 φύσεως,
3288 1663 3542 1735 ἀρῤήτως
3568 1679 3622 1714 τε
3647 1661 3731 1713 καὶ

2173 1759 2486 1830 ἀφράστως,
2517 1757 2614 1812 καὶ
2644 1756 2719 1820 ὡς
2747 1757 2908 1818 αὐτὸς
2937 1756 3142 1824 ἔγνωκε
3175 1755 3358 1825 μόνος,
3391 1752 3578 1807 ἐαυτὸν
3613 1753 3732 1805 ἐνώ-

495 1843 572 1896 uti
612 1843 879 1913 scriptum
930 1852 1016 1900 est
1048 1845 1094 1877 ³⁵
1119 1883 1135 1908 ,
1174 1843 1285 1900 Deo
1319 1845 1541 1915 quidem
1577 1859 1642 1898 ac
1671 1844 1822 1898 Patri
1849 1854 2067 1899 naturar

2176 1824 2272 1913 σας
2301 1849 2438 1919 πρὸς
2467 1849 2565 1919 τὴν
2603 1847 2737 1902 ἰδίαν
2763 1847 2928 1901 αὑτοῦ
2956 1824 3266 1918 ἀνακομίση
3302 1847 3468 1917 ζωὴν,
3503 1846 3595 1898 καὶ
3627 1845 3734 1914 μέτ-

494 1935 620 1988 liter
647 1973 661 1996 .
705 1941 764 1987 ut
799 1933 980 1998 Deus,
1035 1943 1090 1990 et
1121 1943 1180 1990 ut
1213 1937 1306 2006 qui
1345 1952 1410 1990 ex
1449 1951 1514 1992 eo
1537 1976 1550 2000 ,
1584 1936 1931 2006 conjunctus,
1970 1936 2068 1991 sed

496 2023 814 2080 hominibus
853 2040 1072 2090 rursus,
1111 2035 1172 2081 ut
1197 2027 1364 2082 homo
1389 2066 1405 2091 ,
1436 2037 1490 2082 et
1517 2027 1726 2083 habens
1753 2026 1975 2098 quidem
2013 2028 2068 2082 in

495 2114 679 2184 seipso
711 2113 927 2171 Patrem
952 2157 966 2182 ,
1019 2126 1073 2172 et
1107 2118 1224 2188 ipse
1254 2117 1309 2172 in
1337 2117 1500 2174 Patre
1527 2119 1824 2174 exsistens.
1858 2119 2069 2172 Chara-

495 2215 609 2259 cter
638 2207 782 2260 enim
810 2214 898 2262 est
951 2223 1017 2264 ac
1047 2209 1307 2278 splendor
1331 2209 1658 2265 substantiae
1683 2209 1804 2279 ejus
1830 2211 1872 2242 ⁸⁷
1905 2251 1918 2276 ,
1961 2224 2070 2264 non

494 2313 525 2352 a
560 2298 871 2367 substantia
896 2344 909 2365 .
942 2300 1101 2371 cujus
1126 2309 1209 2358 est
1241 2301 1533 2357 character
1563 2309 1616 2357 et
1650 2317 1715 2356 ex
1746 2317 1850 2372 qua
1882 2317 2073 2372 proce-

495 2391 596 2454 dit,
629 2399 689 2446 ut
723 2393 1001 2464 splendoi',
1036 2394 1268 2460 alienus,
1309 2396 1404 2452 sed
1432 2397 1484 2450 in
1513 2411 1576 2451 ea
1609 2397 1726 2466 ipse
1754 2397 2031 2452 exsistens
2056 2438 2070 2462 ,

493 2494 548 2539 et
577 2482 786 2539 habens
818 2499 936 2540 eam
963 2487 1015 2540 in
1048 2487 1253 2557 seipso,
1283 2504 1494 2558 nosque
1519 2504 1712 2543 rursus
1742 2489 1795 2542 iu
1827 2504 1906 2554 se,
1935 2502 2073 2558 qua-

495 2584 658 2630 tenus
689 2581 931 2630 nostram
965 2577 1200 2646 gestavit
1234 2585 1486 2632 naturam
1514 2619 1528 2643 ,
1569 2587 1624 2633 et
1671 2593 1872 2649 corpus
1905 2577 2070 2634 Verbi

494 2675 745 2722 nostrum
767 2680 972 2736 corpus
1004 2668 1197 2722 audiit.
1229 2668 1373 2724 Caro
1409 2669 1555 2724 enim
1593 2669 1828 2726 Verbum
1869 2670 2071 2727 factum

493 2763 599 2824 est,
615 2756 771 2827 juxta
791 2756 1024 2814 Joannis
1053 2773 1242 2814 vocem
1260 2761 1327 2813 ’⁸.
1352 2761 1499 2814 Tulit
1521 2769 1767 2818 nostram
1796 2769 2070 2825 naturam,

495 2849 562 2903 ad
581 2863 735 2905 suam
757 2848 924 2904 vitam
946 2863 1065 2904 eam
1093 2847 1424 2906 reformans.
1450 2849 1546 2906 Est
1564 2861 1744 2906 autem
1771 2852 1934 2907 etiam
1961 2851 2077 2921 ipse

496 2941 551 2994 in
600 2939 760 2996 nobis
795 2957 808 2994 :
859 2940 1155 3010 participes
1203 2940 1351 2994 enim
1383 2940 1504 3011 ejus
1535 2943 1761 2997 omnino
1797 2940 1926 2998 facti
1978 2957 2074 2997 su-

495 3046 645 3098 mus,
698 3046 940 3101 cumque
994 3032 1052 3086 in
1106 3032 1270 3088 nobis
1317 3047 1416 3102 per
1471 3031 1737 3103 Spiritum
1778 3034 2072 3090 habemus.

497 3122 707 3180 Idcirco
738 3123 884 3178 enim
936 3131 991 3180 et
1032 3124 1231 3179 divinae
1261 3123 1621 3180 facti-sumus
1666 3137 1952 3183 consortes
1980 3142 2078 3181 na-

494 3223 636 3271 tura
664 3215 708 3248 '°
739 3221 793 3270 et
817 3214 913 3272 filii
944 3216 1285 3286 appellamur
1317 3215 1334 3247 ¹
1360 3256 1375 3282 ,
1407 3217 1584 3286 ipsum
1607 3233 1829 3289 quoque
1857 3216 2072 3274 Patrem

497 3307 757 3364 similiter
788 3307 844 3361 in
885 3307 1046 3362 nobis
1076 3307 1339 3363 habentes
1367 3323 1463 3378 per
1490 3308 1714 3373 Filium,
1742 3310 1822 3364 uti
1848 3317 1902 3364 et
1935 3312 2075 3365 Pau-

497 3401 585 3454 lus
611 3406 850 3456 testatur
878 3398 1067 3454 dicens
1104 3417 1116 3453 :
1176 3417 1197 3449 ς
1227 3399 1501 3466 Quoniam
1552 3409 1734 3456 autem
1769 3401 1906 3458 estis
1939 3400 2033 3455 ﬁlii
2058 3442 2074 3468 ,

499 3491 652 3547 misit
682 3490 825 3546 Deus
854 3490 1122 3559 Spiritum
1153 3488 1282 3544 Filii
1319 3491 1406 3546 sui
1433 3491 1488 3546 iu
1521 3493 1688 3547 corda
1717 3500 1897 3548 vestra
1922 3531 1937 3557 ,
1969 3492 2076 3546 cla-

498 3590 737 3639 mantem
794 3601 808 3636 :
867 3581 1021 3638 Abba
1047 3622 1062 3648 ,
1099 3582 1262 3638 Pater
1292 3587 1339 3639 ¹.
1379 3603 1398 3637 ι
1445 3582 1564 3638 Non
1613 3585 1760 3638 enim
1796 3583 2073 3639 diversum

498 3676 631 3746 quid
676 3690 706 3730 a
752 3674 893 3730 Filio
927 3683 1012 3732 est
1053 3674 1297 3746 Spiritus
1336 3677 1457 3747 ejus
1484 3717 1498 3740 ,
1539 3677 1843 3731 secundum
1880 3677 2077 3733 identi—

498 3773 659 3821 latcm
716 3773 931 3821 naturae
990 3765 1265 3822 videlicet.
1307 3765 1404 3821 His
1463 3767 1535 3820 ita
1606 3766 1918 3835 expositis.
1955 3781 2077 3837 age.

497 3857 766 3928 propositi
803 3857 908 3912 loci
940 3872 1164 3914 sensum
1195 3856 1560 3928 profcrcntes,
1595 3856 1906 3914 Servatoris
1933 3857 2079 3912 voci-

496 3949 601 4005 bus
630 3964 758 4005 eum
784 3948 1289 4004 accommodemus.

2169 1959 2294 2011 οχον
2319 1939 2575 2012 ἀποδείξῃ
2617 1939 2684 1991 δι’
2713 1938 2907 1992 ἐαυτοῦ
2940 1939 3034 1991 τοῦ
3079 1938 3213 1991 Θεοῦ
3247 1938 3345 1992 καὶ
3385 1936 3611 2007 Πατρός.
3635 1936 3735 1989 Με-

2173 2031 2326 2100 σίτης
2351 2029 2459 2101 γάρ
2485 2029 2601 2082 ἐστι
2627 2025 2759 2081 Θεοῦ
2793 2029 2887 2081 καὶ
2910 2027 3232 2096 ἀνθρώπων,
3265 2026 3408 2080 κατὰ
3429 2027 3490 2078 τὸ
3513 2041 3737 2096 γεγραμ-

2173 2125 2353 2191 μένον,
2379 2120 2455 2192 τῷ
2483 2121 2582 2191 μὲν
2605 2121 2724 2192 Θεῷ
2748 2121 2843 2174 καὶ
2872 2119 3047 2191 Πατρὶ
3073 2119 3341 2190 φυσικῶς,
3369 2119 3444 2182 ὡς
3474 2117 3623 2181 Θεὸς,
3654 2114 3738 2169 καὶ

2173 2214 2232 2280 ἐξ
2264 2213 2426 2268 αὑτοῦ
2467 2212 2892 2283 συναπτόμενος,
2917 2211 3225 2282 ἀνθρώποις
3258 2210 3316 2263 δὲ
3342 2209 3526 2275 πάλιν,
3561 2207 3632 2271 ὡς
3661 2208 3739 2260 ἀν-

2173 2306 2393 2376 θρωπος
2415 2346 2429 2369 ,
2467 2304 2563 2358 καὶ
2617 2304 2755 2374 ἔχων
2800 2303 2898 2372 μέν
2938 2304 2996 2355 ἐν
3049 2301 3225 2370 ἐαυτῷ
3258 2301 3350 2354 τὸν
3388 2299 3624 2368 Πατέρα,
3657 2299 3740 2384 καὶ

2173 2395 2248 2448 ὢν
2284 2395 2446 2457 αὐτὸς
2498 2395 2556 2446 ἐν
2599 2393 2676 2463 τῷ
2732 2391 2926 2462 Πατρί.
2981 2390 3283 2462 Χαρακτὴρ
3331 2389 3440 2459 γάρ
3492 2391 3602 2442 ἐστι
3658 2385 3742 2440 καὶ

2174 2487 2514 2557 ἀπαύγασμα
2551 2487 2650 2556 τῆς
2693 2483 3044 2542 ὑποστάσεως
3076 2481 3264 2543 αὑτοῦ,
3311 2481 3373 2534 οὑ
3407 2477 3743 2551 διωρισμένος

2173 2578 2275 2649 τῆς
2303 2576 2512 2642 οὐσίας,
2545 2568 2611 2645 ἦς
2655 2576 2770 2628 ἐστι
2798 2573 3103 2644 χαρακτὴρ,
3150 2571 3246 2624 καὶ
3281 2569 3342 2636 ἐξ
3384 2565 3452 2642 ἦς
3496 2568 3742 2638 πρόεισιν,

2175 2669 2250 2730 ὡς
2278 2666 2639 2736 ἀπαύγασμα,
2673 2664 2787 2718 ἀλλ’
2832 2665 2889 2716 ἐν
2931 2663 3068 2733 αὐτῇ
3101 2679 3158 2715 τε
3185 2661 3262 2714 ὢν
3289 2660 3474 2723 αὑτὸς,
3503 2658 3596 2712 καὶ
3623 2655 3743 2725 ἔχων

2175 2758 2345 2830 αὑτὴν
2375 2760 2433 2812 ἐν
2459 2755 2661 2828 ἐαυτῷ,
2685 2757 2830 2826 ἡμᾶς
2857 2754 2916 2808 δὲ
2940 2755 3102 2808 πάλιν
3135 2754 3275 2824 ἔχων
3319 2755 3377 2806 ἐν
3409 2748 3603 2818 ἐαυτῷ,
3627 2743 3748 2800 καθὸ

2174 2853 2275 2922 τὴν
2303 2850 2578 2922 ἡμετέραν
2607 2848 2890 2921 πεφόρηκε
2925 2847 3110 2916 φύσιν,
3144 2846 3239 2899 καὶ
3269 2846 3433 2916 σῶμα
3459 2842 3552 2896 τοῦ
3589 2840 3748 2907 Λόγου

2178 2941 2554 3012 κεχρημάτικε
2584 2940 2645 2992 τὸ
2668 2939 2938 3010 ἡμέτερον
2988 2937 3165 3008 σῶμα.
3196 2936 3349 3008 Σὰρξ
3400 2934 3511 3005 γὰρ
3537 2933 3564 2986 6
3596 2929 3751 2997 Λόγος

2178 3033 2413 3101 ἐγένετο,
2442 3029 2584 3086 κατὰ
2611 3030 2709 3102 τὴν
2749 3031 2997 3085 Ἰωάννου
3028 3028 3231 3098 φωνήν.
3270 3025 3565 3096 Πεφὸρηκε
3587 3021 3640 3074 δὲ
3666 3017 3753 3088 τὴν

2178 3123 2453 3195 ἡμετέραν
2485 3122 2667 3191 φύσιν,
2705 3122 2842 3192 πρὸς
2885 3124 2984 3193 τὴν
3033 3121 3167 3176 ἰδίαν
3202 3119 3380 3190 αὑτὴν
3420 3115 3756 3171 ἀναπλάττων

2182 3215 2349 3282 ζωήν.
2379 3215 2534 3268 Ἔστι
2559 3213 2616 3268 δὲ
2640 3213 2732 3267 καὶ
2759 3213 2920 3277 αὑτὸς
2946 3215 3004 3266 ἐν
3033 3213 3160 3283 ἡμῖν
3181 3227 3194 3240 ·
3225 3211 3450 3283 μέτοχοι
3476 3207 3582 3278 γὰρ
3607 3199 3755 3258 αὐτοῦ

2184 3308 2401 3370 πάντως
2433 3308 2756 3378 γεγόναμεν,
2785 3305 2882 3360 καὶ
2929 3305 3094 3360 αὑτὸν
3127 3303 3330 3376 ἐχομεν
3361 3304 3420 3357 ἐν
3450 3301 3658 3360 ἑαυτοῖς
3681 3293 3759 3347 διὰ

2183 3398 2276 3452 τοῦ
2325 3397 2659 3468 Πνεύματος.
2693 3399 2793 3452 Διά
2843 3398 2953 3466 γὰρ
2997 3396 3173 3463 τοῦτο,
3227 3397 3330 3449 καὶ
3383 3393 3535 3455 θείας
3564 3389 3759 3459 φύσεως

2183 3489 2486 3558 γεγόναμεν
2527 3489 2796 3554 κοινωνοὶ,
2845 3489 2941 3542 καὶ
3006 3488 3112 3542 υίοὶ
3153 3483 3596 3558 χρηματίζομεν,
3635 3477 3762 3530 οὕτω

2183 3581 2279 3634 καὶ
2333 3581 2495 3634 αὑτὸν
2543 3581 2756 3652 ἔχοντες
2803 3582 2857 3634 ἐν
2896 3583 3108 3644 ἑαυτοῖς
3153 3581 3242 3633 τὸν
3293 3576 3520 3647 Πατέρα
3565 3571 3650 3626 διὰ
3680 3564 3761 3620 τοῦ

2184 3674 2336 3738 Υίοῦ,
2373 3676 2468 3728 καὶ
2501 3675 2840 3745 μαρτυρήσει
2866 3675 3039 3741 λέγων
3069 3675 3096 3726 6
3126 3671 3367 3735 Παῦλος·
3393 3671 3548 3722 (Ὅτι
3573 3665 3628 3719 δέ
3655 3665 3764 3715 ἐστε

2185 3767 2308 3830 υἱοὶ,
2333 3764 2717 3830 ἐξαπέστειλεν
2749 3768 2776 3820 6
2807 3766 2939 3830 Θεὸς
2969 3765 3029 3819 τὸ
3053 3763 3285 3834 Πνεῦμα
3311 3762 3410 3817 τοῦ
3451 3757 3582 3814 Υἱοῦ
3616 3753 3765 3810 αὑτοῦ

2184 3857 2263 3919 εἰς
2308 3855 2406 3917 τὰς
2446 3853 2670 3925 καρδίας
2712 3854 2888 3924 ὑμῶν,
2935 3853 3167 3923 κρᾶζον·
3213 3851 3415 3914 ‘A66éi,
3442 3852 3471 3903 6
3503 3847 3708 3916 Πατήρ.
3747 3860 3763 3893 ο

2186 3950 2264 4002 Οὐ
2289 3948 2398 4019 γὰρ
2417 3948 2603 4020 ἕτερόν
2633 3966 2682 4001 τι
2717 3946 2869 4019 παρὰ
2896 3947 2988 4001 τὸν
3021 3945 3148 3999 Υἱὸν
3203 3943 3268 3998 τὸ
3326 3942 3561 4013 Πνεῦμα
3587 3935 3764 3997 αὐτοῦ,

500 4041 648 4096 κατά
690 4058 755 4111 γε
791 4041 882 4094 τὸν
914 4041 973 4094 ἐν
1001 4040 1290 4111 ταυτότητι
1325 4040 1504 4110 λόγον,
1541 4041 1687 4113 φημὶ
1729 4042 1788 4096 δὲ
1831 4045 1895 4113 τῇ
1950 4045 2172 4113 φυσικῇ.
2215 4043 2372 4096 Οὕτω
2434 4043 2491 4095 δὲ
2538 4046 2672 4114 ἡμῖν
2721 4043 2816 4096 τοῦ
2870 4045 3000 4112 περὶ
3043 4037 3250 4094 τούτων
3285 4034 3769 4112 προκεχωρηκότος

496 4134 680 4205 λόγου,
723 4135 858 4206 φέρε
918 4133 1016 4206 τὴν
1062 4136 1170 4190 τῶν
1217 4137 1594 4208 προκειμένων
1647 4137 1984 4209 παραθέντες
2031 4138 2292 4204 διάνοιαν,
2325 4141 2444 4201 ταῖς
2472 4135 2567 4191 τοῦ
2621 4138 2871 4206 Σωτῆρος
2920 4135 3121 4203 φωναῖς
3149 4132 3326 4203 αὐτὴν
3355 4129 3767 4200 ἐφαρμόσωμεν’

574 4245 594 4278 ι
626 4223 686 4280 in
719 4225 813 4280 illa
842 4225 952 4291 die,
990 4226 1191 4298 inquit,
1213 4229 1561 4298 cognoscetis
1588 4228 1717 4298 quia
1740 4245 1842 4298 ego
1868 4245 1990 4284 sum
2029 4228 2073 4282 in

2269 4252 2288 4283 ε
2325 4232 2413 4284 Ἐν
2441 4231 2621 4299 ἐκείνῃ
2644 4228 2754 4298 γὰρ
2786 4229 2852 4298 τῇ
2888 4226 3093 4296 ἡμέρᾳ,
3122 4222 3438 4292 γνώσεσθε,
3477 4220 3670 4292 φησὶν,
3698 4216 3772 4268 ὅτι

498 4314 664 4370 Patre
697 4329 821 4370 meo
843 4354 859 4378 ,
905 4323 962 4371 et
992 4331 1089 4372 vos
1120 4317 1174 4372 in
1210 4332 1332 4383 me,
1369 4326 1424 4372 et
1460 4333 1562 4388 ego
1611 4319 1668 4372 in
1703 4318 1878 4373 vobis.
1916 4337 1934 4370 ι
1972 4317 2073 4389 Egr

2191 4324 2301 4393 ἐγὼ
2328 4325 2384 4376 ἐν
2415 4323 2491 4394 τῷ
2520 4323 2714 4390 Πατρὶ,
2734 4320 2830 4374 καὶ
2857 4319 3014 4389 ὑμεῖς
3037 4319 3095 4370 ἐν
3126 4317 3271 4386 ἐμοὶ,
3303 4315 3468 4382 κάγὼ
3506 4315 3564 4366 ἐν
3590 4311 3730 4380 ὑμῖν.
3751 4324 3768 4356 ι

499 4409 650 4466 enim
679 4409 804 4463 vivo
828 4451 842 4474 ,
879 4409 1062 4481 inquit
1103 4428 1118 4467 :
1158 4410 1270 4464 vita
1297 4411 1447 4466 enim
1487 4426 1609 4465 sum
1646 4410 1952 4466 secundum
1986 4428 2073 4466 na-

2205 4415 2346 4484 Ἐγὼ
2382 4415 2480 4485 μὲν
2517 4414 2624 4484 γὰρ
2663 4411 2769 4477 ζῶ,
2800 4411 2962 4480 φησί·
2993 4407 3105 4478 ζωὴ
3138 4406 3246 4477 γάρ
3280 4407 3405 4477 εἰμι
3435 4404 3583 4458 κατά
3603 4400 3772 4470 φύσιν.

502 4510 706 4568 turam,
738 4511 794 4559 et
826 4502 1018 4558 vivens
1043 4517 1167 4557 esse
1199 4517 1383 4557 meum
1418 4501 1680 4571 templum
1705 4501 1942 4557 ostendi.
1979 4499 2073 4557 Sed

2191 4506 2288 4558 καὶ
2316 4505 2496 4570 ζῶντα
2525 4504 2616 4558 τὸν
2661 4500 2898 4574 ἐμαυτοῦ
2929 4500 3139 4569 δέδειχα
3170 4498 3324 4552 ναόν.
3367 4497 3515 4550 Ἀλλ’
3540 4496 3665 4548 ὅταν
3691 4488 3775 4544 κα)⁵

500 4609 626 4648 cum
659 4594 763 4664 ipsi
795 4593 960 4651 etiam
995 4609 1116 4659 vos,
1148 4595 1241 4664 qui
1276 4593 1659 4662 corruptibilis
1691 4600 1902 4648 naturae
1925 4594 2073 4660 estis1

2191 4598 2348 4668 ὑμεῖς
2377 4595 2548 4660 αὐτοὶ,
2573 4593 2822 4666 φθαρτῆς
2850 4593 3002 4654 ὄντες
3029 4590 3265 4660 φύσεως,
3296 4590 3516 4654 ζῶντας
3562 4583 3777 4644 tau-reb;

500 4685 753 4741 viventes
787 4685 1070 4752 videritis,
1108 4683 1280 4757 824
1324 4685 1394 4740 ad
1433 4686 1539 4740 mei
1581 4685 1845 4740 nimirum
1885 4685 2073 4742 simili-

2189 4686 2541 4757 θεωρήσητε,
2594 4683 2717 4736 καθ’
2761 4682 3055 4752 ὁμοιότητα
3098 4679 3196 4750 τὴν
3242 4681 3389 4752 πρός
3427 4696 3537 4750 με·
3580 4678 3698 4730 τότε
3720 4671 3777 4741 δὴ

503 4776 751 4833 tudinem
779 4815 794 4841 ,
832 4785 965 4832 tunc
996 4775 1196 4846 utique
1227 4776 1523 4833 manifeste
1549 4776 1922 4848 cognoscetis,
1955 4777 2073 4846 quia

2187 4776 2494 4847 γνώσεσθε,
2523 4776 2616 4827 καὶ
2645 4774 2789 4845 μάλα
2827 4771 3040 4841 σαφῶς,
3063 4771 3145 4824 ὅτι
3169 4769 3286 4842 ζωὴ
3317 4770 3470 4825 κατὰ
3494 4768 3658 4840 φύσιν
3686 4766 3780 4819 ὑπ·

503 4870 617 4924 vita
659 4870 938 4925 exsistens
983 4865 1294 4924 secundum
1340 4875 1632 4934 naturam,
1678 4868 1789 4923 Deo
1828 4881 1893 4922 ac
1936 4867 2068 4920 Patr

2188 4871 2373 4940 ἅρχων
2397 4909 2410 4933 ,
2449 4868 2748 4938 ὑπάρχοντι
2799 4865 2894 4918 καὶ
2928 4863 3076 4935 αὑτῷ
3114 4864 3227 4933 ζωῇ
3281 4864 3434 4916 κατὰ
3487 4862 3652 4931 φύσιν
3708 4855 3780 4925 τῷ
3811 4907 3830 4943 ξ

501 4961 598 5030 qui
643 4968 700 5017 et
743 4962 864 5030 ipse
905 4959 1020 5015 vita
1053 4966 1141 5013 est
1180 4959 1488 5014 secundum
1523 4967 1776 5014 naturam
1819 4958 2073 5027 conjunxi

2186 4961 2306 5031 Θεῷ
2337 4960 2430 5014 καὶ
2461 4960 2635 5027 Harp!
2661 4957 2872 5025 συνῆψα
2898 4955 2965 5008 δι’
2996 4953 3254 5026 ἐμαυτοῦ,
3279 4955 3584 5016 κοινωνοὺς
3603 4951 3782 5017 ὥσπερ

504 5066 604 5122 per
635 5051 908 5120 meipsum
930 5091 944 5113 ,
984 5059 1274 5106 consortes
1307 5051 1718 5122 quodammodo
1753 5066 1816 5106 ac
1851 5049 2083 5122 partici-

505 5158 605 5214 pes
631 5143 872 5198 reddens
903 5141 1336 5215 immortalitatis
1364 5143 1505 5213 ejus.
1539 5143 1652 5215 Ego
1681 5142 1960 5212 siquidem
1992 5156 2084 5194 na-

507 5236 768 5290 turaliter
798 5235 851 5289 in
877 5214 1041 5289 Patre
1073 5252 1087 5288 :
1117 5233 1334 5292 fructus
1365 5237 1570 5308 quippe
1593 5214 1718 5291 sum
1756 5232 2082 5289 substantia:

508 5327 630 5396 ejus
653 5367 669 5390 ,
703 5342 769 5382 ac
805 5340 941 5381 vera
967 5325 1225 5397 genitura
1247 5367 1262 5394 ,
1295 5326 1351 5382 in
1383 5341 1449 5383 eo
1478 5325 1756 5381 essistens
1778 5364 1792 5390 ,
1829 5331 1884 5378 et
1917 5338 1982 5377 ex
2015 5337 2081 5378 eo

507 5419 802 5484 exsistens,
834 5417 952 5473 vita
980 5433 1048 5474 ex
1081 5419 1189 5474 vita
1217 5437 1230 5473 :
1262 5434 1360 5474 vos
1384 5426 1569 5474 autem
1593 5417 1648 5471 in
1675 5431 1782 5482 me,
1810 5423 1864 5469 et
1893 5429 1994 5485 ego
2029 5415 2086 5470 in

508 5510 702 5573 vobis.
753 5517 1030 5580 quatenus
1053 5527 1155 5585 ego
1188 5511 1408 5582 quidem
1440 5510 1607 5565 homo
1635 5507 1863 5578 apparui
1897 5524 1911 5562 :
1949 5522 2082 5562 con-

579 5725 1030 5800 "_Ephes.i,10.
1107 5731 1154 5800 ’Ψ
1179 5727 1343 5800 llebr.
1387 5745 1446 5787 ιι.
1474 5729 1558 5783 14.
1637 5732 1679 5762 9"
1708 5731 1728 5785 1
1759 5728 1899 5785 Tim.
1954 5743 2012 5797 ιι,
2046 5726 2098 5781 5.

501 5799 527 5871 f
565 5797 772 5857 “oin.
807 5817 889 5867 ut,
923 5803 973 5856 l.
1051 5802 1070 5832 '
1111 5799 1290 5854 Gaiat.
1331 5815 1406 5867 ιν,
1442 5800 1494 5853 6.

2192 5052 2287 5105 καὶ
2324 5049 2584 5121 μετόχους
2617 5046 2896 5100 ἀποτελῶν
2927 5045 3027 5114 τῆς
3054 5043 3372 5113 ἀφθαρσίας
3407 5041 3602 5095 αὑτοῦ.
3650 5033 3782 5103 Ἐγὼ

2153 5189 2156 5192 .
2195 5141 2296 5211 μὲν
2325 5139 2432 5210 γὰρ
2478 5135 2725 5206 φυσικῶς
2765 5137 2821 5188 ἐν
2870 5133 3076 5204 Πατρί·
3116 5130 3335 5203 καρπὸς
3379 5133 3492 5202 γάρ
3534 5132 3650 5200 εἰμι
3692 5124 3783 5194 τῆς

2190 5233 2377 5295 οὐσίας
2404 5229 2569 5284 αὑτοῦ
2591 5269 2606 5294 ,
2638 5228 2734 5282 καὶ
2775 5229 2996 5298 γνήσιον
3027 5227 3276 5296 γέννημα
3297 5265 3312 5287 ,
3366 5225 3697 5294 ἐνυπάρχων
3729 5232 3784 5269 τε

2191 5325 2287 5378 καὶ
2315 5323 2374 5388 ἐξ
2417 5320 2582 5374 αὐτοῦ
2619 5319 2905 5390 πεφηνὼς,
2959 5316 3074 5386 ζωὴ
3104 5319 3166 5370 ἐκ
3197 5316 3352 5386 ζωῆς
3377 5355 3394 5378 ,
3447 5316 3609 5385 ὑμεῖς
3636 5309 3693 5364 δὲ
3730 5308 3784 5360 ὲν

2193 5415 2336 5486 ἐμοὶ.
2365 5411 2520 5480 κάγὼ
2543 5413 2599 5465 ἐν
2631 5411 2780 5482 ὑμῖν,
2811 5409 2947 5464 καθὸ
2975 5409 3192 5478 πέφηνα
3220 5407 3325 5475 μὲν
3352 5407 3646 5476 ἄνθρωπος
3661 5397 3784 5468 ἐγὼ,

2194 5506 2483 5569 κοινωνοὺς
2519 5504 2576 5560 δέ
2616 5503 2764 5567 θείας
2793 5501 3008 5572 φύσεως
3041 5499 3334 5564 ἀπέδειξα,
3382 5499 3448 5553 τὸ
3481 5496 3706 5566 Πνεῦμα
3731 5487 3789 5546 τὸ

3221 5719 3267 5749 ³⁰³
3325 5714 3365 5769 ιι
3411 5714 3566 5771 I‘clr.
3646 5725 3697 5773 ι,
3733 5707 3782 5762 4.

2179 5727 2222 5759 ’τ
2254 5725 2417 5782 Hebr.
2449 5743 2486 5793 l,
2529 5727 2581 5782 5.
2661 5724 2706 5759 ’⁸
2744 5724 2901 5780 Joan.
2964 5738 3001 5790 ι,
3061 5721 3144 5776 li.
