4006 6412
1287 404 1350 458 IN
1391 405 1682 460 JOANNIS
1721 405 2174 463 EVANGELIUM
2212 407 2342 464 LIB.
2378 409 2447 465 Χ.

3390 412 3498 467 282

231 502 365 574 ἐμὸν
414 500 687 566 ἑνοικίσας
724 502 872 573 ὑμῖν.
937 499 1026 553 Ἐν
1055 500 1188 570 ἡμῖν
1210 499 1319 570 γάρ
1346 501 1492 553 ἐστιν
1524 502 1552 554 ό
1584 500 1816 573 Χριστὸς

1927 511 2102 558 sortes
2132 512 2316 557 autem
2347 514 2560 558 naturae
2594 500 2795 556 divinae
2823 515 2926 555 vos
2960 501 3196 567 reddidi,
3232 500 3499 572 Spiritum

230 594 319 648 διὰ
359 593 455 648 τοῦ
496 592 846 664 Πνεῦματος,
903 591 1265 664 μετατρέπων
1296 593 1376 656 είς
1421 591 1732 663 ἀφθαρσίαν
1757 591 1818 645 τὸ

229 687 550 761 φθείρεσθαι
577 687 843 757 πεφυκὸς,
875 687 969 740 καὶ
999 684 1306 757 μετατιθεὶς
1331 686 1395 738 ὲκ
1423 684 1515 737 τοῦ
1547 683 1816 754 καταθνή-

230 796 381 833 σκειν
406 781 547 851 πρὸς
572 780 632 833 τὸ
658 780 734 852 μὴ
762 779 935 843 οὕτως
955 778 1196 850 ἓχον.Διὸ
1222 779 1316 833 καὶ
1344 779 1373 831 ὁ
1390 778 1600 842 Παῦλός
1627 795 1813 848 φησιν,

233 874 304 925 ὅτι
328 890 348 923 ι
389 873 646 944 Ἐγείρας
675 873 884 944 Ἰησοῦν
918 872 1153 944 Χριστὸν
1180 874 1244 925 ἐκ
1288 872 1521 942 νεκρῶν,
1547 870 1815 942 ζωοποιή-

236 981 307 1017 σει
340 966 440 1018 καὶ
460 965 533 1018 τὰ
554 965 726 1038 θνητὰ
753 965 981 1036 σώματα
1008 963 1193 1036 ὑμῶν,
1238 963 1327 1018 διὰ
1351 963 1445 1018 τοῦ
1476 962 1817 1026 ἐνοικοῦντος

236 1054 391 1108 αὑτοῦ
429 1056 753 1127 Πνεῦματος
781 1057 839 1109 ὲν
873 1057 1023 1127 ὑμῖν.
1052 1073 1072 1108 ι
1124 1056 1188 1109 El
1215 1055 1323 1126 γὰρ
1357 1053 1453 1107 καὶ
1482 1053 1727 1124 πρόεισιν
1750 1055 1815 1107 ἐκ

233 1148 441 1220 Harpe;
484 1149 550 1203 τὸ
581 1148 808 1219 Πνεῦμα
835 1148 896 1203 τὸ
944 1149 1128 1218 ἅγιον,
1175 1148 1289 1203 ἀλλ’
1316 1146 1536 1218 ἔρχεται
1564 1147 1631 1201 δι’
1660 1146 1812 1210 Υἱοῦ,

231 1240 317 1292 καὶ
363 1239 501 1294 ἴδιόν
546 1240 696 1294 ἐστιν
740 1239 929 1294 αὑτοῦ.
999 1241 1186 1294 Πάντα
1225 1238 1334 1310 γὰρ
1379 1239 1445 1292 δι’
1484 1238 1614 1292 Υίοῦ
1662 1237 1816 1310 παρὰ

227 1331 463 1403 Πατρός.
499 1331 624 1386 Ὅτι
659 1331 771 1403 γὰρ
819 1332 908 1387 διὰ
936 1331 1032 1386 τοῦ
1057 1330 1374 1402 Πνεύματος
1413 1332 1494 1394 είς
1520 1329 1668 1402 ζωὴν
1716 1330 1814 1383 ἁν-

224 1422 581 1496 επλάσθημεν
607 1424 710 1495 τὴν
751 1424 990 1490 αἰώνιον,
1020 1425 1048 1478 ὁ
1082 1422 1227 1486 θεῖος
1259 1424 1392 1494 ἡμῖν
1412 1422 1666 1494 Μελῳδδς
1692 1422 1818 1475 ἐπι-

223 1518 568 1589 μαρτυρήσει
590 1558 606 1585 ,
668 1516 809 1588 βοῶν
850 1516 927 1581 ὡς
989 1515 1127 1588 πρὸς
1167 1515 1260 1570 τὸν
1304 1514 1414 1568 τῶν
1465 1513 1602 1568 ὅλων
1639 1512 1773 1568 Θεόν
1796 1528 1811 1541 '

225 1627 245 1661 ι
278 1608 619 1675 Ἀνοίξαντος
662 1609 757 1663 σοῦ
797 1611 898 1682 τὴν
942 1613 1104 1682 χεῖρα
1122 1650 1138 1675 ,
1208 1609 1280 1664 τὰ
1322 1609 1615 1681 σύμπαντα
1673 1608 1813 1679 πλη-

222 1700 482 1773 σθήσεται
536 1701 941 1773 χρηστότητοςο
1009 1699 1455 1772 ἀποστρέψαντος
1504 1699 1563 1753 δὲ
1616 1697 1711 1752 σοῦ
1753 1698 1815 1752 τὺ

223 1793 515 1866 πρόσωπον
536 1833 553 1859 ,
598 1792 1059 1865 ταραχθήσονται.
1114 1790 1452 1855 Ἀντανελεῖς
1487 1790 1550 1844 τὸ
1592 1788 1814 1859 πνεῦμα

1919 610 2100 650 meum
2133 595 2188 649 in
2219 595 2376 650 vobis
2425 595 2727 649 collocans.
2761 594 2818 648 In
2848 592 3010 650 nobis
3061 594 3208 649 enim
3238 602 3320 650 est
3339 594 3501 650 Chri-

1919 696 2041 743 stus
2079 701 2175 759 per
2205 686 2473 757 Spiritum
2494 727 2509 750 ,
2540 687 2609 742 ad
2642 687 3115 756 incorruptionem
3154 684 3503 742 transferens

1918 777 1973 833 id
2000 779 2147 848 quod
2183 786 2383 834 natura
2418 793 2520 833 sua
2557 787 2642 834 est
2673 777 3061 849 corruptibile,
3097 786 3151 832 et
3179 793 3209 830 a
3234 788 3411 832 morte
3436 778 3502 833 ad

1919 869 2392 924 immortalitatem
2445 868 2771 924 traducens.
2819 867 2975 923 Unde
3025 876 3080 923 et
3123 866 3329 924 Paulus
3383 870 3502 922 ait:

1924 976 1943 1009 ‹
1979 956 2084 1024 Qui
2115 958 2408 1015 suscitavit
2460 957 2646 1014 Jesum
2681 956 3020 1012 Christuma
3051 957 3321 1022 mortuis,
3358 958 3504 1011 vivi-

1916 1049 2104 1104 ﬁcabit
2126 1058 2179 1103 et
2213 1051 2466 1104 mortalia
2496 1065 2731 1121 corpora
2766 1059 2975 1113 vestra,
3013 1058 3249 1121 propter
3284 1049 3506 1103 inhabi-

1917 1151 2126 1200 tantem
2160 1142 2424 1213 Spiritum
2451 1143 2574 1213 ejus
2610 1143 2665 1197 in
2695 1143 2858 1198 nobis
2889 1143 2931 1195 ³.
2968 1162 2986 1194 ι
3035 1141 3190 1197 Licet
3239 1142 3387 1197 enim
3436 1157 3501 1197 ex

1915 1236 2081 1291 Patre
2135 1235 2379 1306 Spiritus
2414 1245 2640 1291 sanctus
2675 1236 2970 1306 procedat,
3002 1235 3163 1291 venit
3193 1241 3376 1288 tamen
3405 1248 3504 1303 per
3604 1282 3607 1285 .

1915 1328 2140 1394 Filium,
2167 1337 2223 1384 et
2254 1329 2515 1399 proprius
2554 1334 2642 1385 est
2678 1328 2817 1400 ejus.
2847 1326 3044 1384 Omnia
3076 1328 3277 1398 quippe
3309 1335 3438 1381 sunt
3470 1340 3501 1379 a

1918 1423 2079 1478 Patre
2117 1438 2213 1493 per
2241 1421 2466 1477 Filium.
2494 1421 2658 1491 Quod
2695 1423 2843 1478 enim
2883 1436 2981 1492 per
3009 1420 3272 1492 Spiritum
3321 1421 3375 1475 in
3415 1421 3499 1474 vi-

1916 1521 2031 1569 tam
2056 1522 2315 1569 aeternam
2349 1513 2640 1570 reformati
2665 1515 2862 1581 simus,
2896 1512 3119 1568 divinus
3154 1512 3317 1567 nobis
3344 1511 3501 1566 Psal-

1915 1602 2084 1658 mista
2135 1602 2294 1660 testis
2328 1602 2545 1669 aderit,
2587 1603 2839 1660 clamans
2895 1604 2964 1658 ad
2998 1603 3248 1658 universi
3283 1601 3452 1656 Deum
3483 1617 3499 1655 :

1921 1714 1942 1749 ι
1980 1695 2277 1768 Aperiente
2301 1704 2356 1752 te
2386 1711 2613 1751 manum
2648 1704 2801 1751 tuam
2827 1736 2844 1761 ,
2889 1695 3079 1750 omnia
3120 1693 3502 1765 implebuntur

1916 1788 2163 1845 bonitate
2187 1804 2203 1854 ;
2235 1796 2521 1845 avertente
2545 1794 2733 1844 autem
2761 1797 2813 1843 te
2838 1786 3060 1855 faciem,
3095 1786 3490 1841 turbabuntur.

222 1887 417 1953 αὐτῶν,
454 1887 553 1942 καὶ
580 1887 922 1956 ἐκλείψουσι,
961 1886 1058 1940 καὶ
1090 1887 1170 1950 είς
1199 1885 1291 1939 τὸν
1321 1882 1450 1956 χοῦν
1482 1882 1661 1938 αὐτῶν
1689 1885 1813 1938 ἐπι-

1927 1880 2147 1936 Auieres
2174 1880 2433 1950 spiritum
2464 1895 2680 1946 eorum,
2718 1889 2775 1935 et
2801 1878 3061 1935 deﬁcient
3102 1884 3159 1933 et
3212 1877 3267 1931 in
3301 1874 3499 1947 pulve4

224 1974 585 2054 στρέφουσιν(
614 1981 1026 2048 Ἐξαποστελεῖς
1063 1980 1124 2034 τὸ
1147 1979 1375 2052 Πνεῦμά
1400 1996 1494 2033 σου
1511 2019 1527 2044 ,
1578 1979 1674 2032 καὶ
1699 1996 1815 2034 κτι-

222 2074 547 2145 σθήσονται,
581 2074 677 2128 καὶ
716 2074 1053 2137 ἀνακαινιεῖς
1086 2072 1147 2128 τὸ
1177 2072 1470 2144 πρόσωπον
1499 2071 1600 2142 τῆς
1629 2071 1752 2143 γῆς.
1786 2090 1806 2124 ι

229 2165 482 2230 ’Δκούεις
528 2165 679 2230 ὅπως
712 2163 1075 2238 συνετάραξεν
1111 2161 1189 2235 (1)
1221 2163 1354 2234 ἡμῖν
1392 2161 1492 2233 τὴν
1520 2160 1813 2233 ἀνθρώπου

217 2259 377 2330 φύσιν
400 2261 438 2331 ἡ
470 2259 790 2332 παράϐασις
822 2260 857 2331 η
888 2258 946 2311 ὲν
983 2255 1176 2329 Ἀδὰμ,
1210 2256 1305 2311 καὶ
1330 2256 1494 2310 οἱονεὶ
1518 2254 1627 2309 τῶν
1653 2254 1812 2310 θείων

214 2352 575 2424 ὲντα).μάτων
595 2354 630 2424 ή
652 2349 970 2424 ἀποστροφὴ
986 2389 1002 2416 ,
1031 2350 1127 2405 καὶ
1149 2351 1229 2413 είς
1255 2348 1355 2421 τὴν
1383 2348 1521 2403 ἰδίαν
1549 2347 1654 2419 γῆν
1676 2348 1811 2402 ὑπο-

214 2443 482 2513 νοστῆσαι
514 2440 949 2515 παρεσκεύασεν.
985 2440 1117 2494 Ὀτε
1143 2439 1201 2493 δὲ
1226 2437 1603 2506 ἐξαπέστειλεν
1632 2441 1661 2492 ὁ
1681 2438 1814 2504 Θεὸς

211 2535 270 2590 τὸ
292 2533 535 2605 Πνεῦμα
569 2533 767 2599 αὐτοῦ,
821 2532 915 2588 xal.
952 2532 1213 2604 μετόχους
1259 2532 1407 2605 ἡμᾶς
1433 2530 1685 2597 ἀπέδειξε
1711 2532 1813 2604 τῆς

214 2627 354 2690 ἰδίας
379 2626 627 2697 φύσεως,
651 2625 746 2680 καὶ
769 2625 839 2679 δι’
864 2623 1027 2679 αὐτοῦ
1053 2623 1406 2695 ἅνεκαινίσθη
1430 2623 1491 2678 τὸ
1520 2623 1813 2693 πρόσωπον

210 2719 311 2791 τῆς
341 2719 478 2791 γῆς,
517 2715 1030 2791 μετεμορφώθημεν
1057 2717 1140 2781 εἰς
1168 2715 1469 2788 καινότητα
1498 2714 1680 2788 ζωῆς,
1709 2717 1811 2788 τὴν

211 2814 273 2869 ἐκ
306 2813 409 2884 τῆς
441 2810 728 2883 ἁμαρτίας
757 2808 1123 2873 ἀποϐαλόντες
1156 2807 1365 2881 φθορὰν
1387 2848 1401 2873 ,
1428 2808 1524 2863 καὶ
1550 2808 1649 2880 τῆς
1676 2809 1812 2862 αίω-

210 2906 323 2960 νὶου
360 2904 517 2975 ζωῆς
568 2900 815 2966 εἰσαῦθις
859 2900 1287 2973 ὲπιδραξάμενοι
1317 2901 1407 2955 διὰ
1446 2900 1548 2972 τῆς
1591 2903 1813 2972 χάριτος

215 2995 304 3049 καὶ
330 2992 761 3066 φιλανθρωπίας
782 2988 877 3045 τοῦ
907 2992 1115 3064 Κυρίου
1145 2990 1303 3064 ἡμῶν
1340 2991 1518 3062 Ἰησοῦ
1546 2990 1810 3063 Χριστοῦ,

217 3086 277 3140 δι’
299 3079 361 3141 οὗ
384 3085 490 3141 καὶ
523 3083 647 3156 μεθ’
681 3075 740 3138 οὗ
769 3080 848 3153 τῷ
868 3080 987 3152 Θεῷ
1016 3080 1109 3134 xal.
1133 3080 1311 3152 Πατρὶ
1337 3081 1372 3152 ἡ
1399 3079 1525 3146 δόξα
1556 3081 1653 3134 σὺν
1673 3079 1813 3152 ἁγίῳ

218 3176 498 3249 Πνεύματι
529 3175 611 3242 είς
641 3174 771 3239 τοὺς
799 3172 1024 3237 αίῶνας.
1066 3172 1261 3244 Ἀμήν.

274 3353 299 3387 ⁸
338 3352 513 3409 Rom.
548 3365 671 3418 vm,
707 3350 797 3405 Η.
870 3351 895 3382 δ
931 3348 1080 3404 Psal.
1110 3362 1230 3414 cm,
1265 3344 1450 3403 28-30.

1915 1986 2033 2028 rem
2084 1987 2247 2028 suum
2296 1979 2669 2028 revertentur.
2711 1968 2944 2026 Emittes
2988 1966 3255 2040 Spiritum
3308 1976 3495 2029 tuum,

1913 2072 1969 2120 et
1998 2065 2369 2128 creabuntur,
2403 2072 2456 2120 et
2489 2062 2786 2120 renovabis
2825 2061 3024 2118 faciem
3068 2069 3229 2116 terrae
3253 2060 3294 2113 ⁵.
3325 2078 3344 2113 ι
3384 2061 3499 2113 Au-

1913 2158 2002 2214 dis
2031 2157 2308 2229 quomodo
2350 2156 2741 2227 praevaricatio
2776 2155 2831 2209 in
2865 2154 3040 2208 Adam
3086 2167 3151 2207 ac
3188 2152 3498 2208 divinorum

1914 2249 2301 2305 mandatorum
2323 2248 2635 2318 repudiatio
2657 2254 2915 2301 naturam
2934 2244 3179 2299 hominis
3207 2243 3502 2298 imminue-

1912 2341 2022 2407 rit,
2066 2348 2122 2397 et
2158 2341 2216 2396 in
2261 2351 2461 2396 terram
2499 2354 2658 2396 suam
2696 2339 2878 2394 redire
2935 2336 3197 2408 coegerit.
3234 2336 3306 2391 At
3350 2344 3501 2405 post-

1913 2448 2079 2507 quam
2130 2434 2282 2489 misit
2329 2432 2477 2489 Dcus
2532 2431 2805 2503 Spiritum
2849 2444 3048 2496 suum,
3092 2436 3147 2482 et
3197 2425 3500 2497 participes

1912 2533 2129 2584 natura;
2152 2540 2268 2582 suae
2301 2541 2402 2582 nos
2435 2524 2697 2589 reddidit,
2729 2538 2795 2579 ac
2829 2536 2929 2593 per
2957 2535 3084 2576 eum
3116 2524 3380 2573 renovata
3415 2521 3502 2570 est

1913 2619 2084 2677 facies
2116 2629 2310 2685 terrae,
2346 2619 2404 2673 in
2436 2617 2738 2674 novitatem
2773 2615 2899 2670 vitae
2930 2609 3221 2669 reformati
3255 2608 3460 2664 fuimus
3483 2643 3498 2667 ,

1912 2711 2164 2782 deposita
2199 2708 2558 2779 corruptione
2586 2705 2796 2778 peccati
2852 2712 2907 2760 et
2938 2711 3146 2759 aeterna
3181 2700 3364 2756 denuo
3384 2696 3499 2752 vita

1910 2812 2131 2874 recepta
2166 2817 2265 2873 per
2291 2800 2528 2872 gratiam
2566 2807 2621 2856 et
2647 2797 3047 2870 benignitatem
3073 2790 3292 2847 Domini
3316 2787 3500 2844 nostri

1910 2895 2041 2954 Iesu
2070 2894 2277 2951 Christi
2305 2932 2322 2959 ,
2350 2908 2447 2963 per
2475 2908 2641 2965 quem
2685 2899 2743 2947 et
2789 2904 2919 2945 cum
2959 2901 3071 2958 quo
3103 2885 3216 2940 Deo
3249 2896 3316 2938 ac
3343 2878 3498 2937 Patri

1914 2988 2090 3063 gloria
2118 3002 2245 3043 cum
2273 2993 2469 3043 sancto
2504 2983 2720 3056 Spiritu
2751 2981 2807 3038 in
2838 2979 3061 3039 saecula.
3087 2976 3285 3033 Amen.

278 3508 356 3580 (1)
383 3507 698 3572 Aubertus,
733 3505 1045 3572 συνέταξεν,
1078 3504 1220 3561 etin
1251 3501 1516 3576 margine,
1549 3517 1641 3571 γρ.
1678 3497 1816 3553 συνέι

1927 3513 1994 3552 ιν.
2039 3494 2198 3552 Enn.

222 3698 1869 3735 ψ

1790 3688 2069 3705 "‘—

1873 3706 1988 3724 -.ὥ

1992 3681 3487 3721 W

744 3856 1314 3948 ΚΕΦΑΛΑΙΑ
1391 3856 1538 3941 ΤΑ
1600 3854 1745 3942 ΕΝ
1818 3849 1970 3939 Tt)
2073 3849 2519 3938 ΔΕΚΑΤΩ
2569 3847 2962 3935 ΒΙΒΛΙΩ.

1671 4229 2089 4320 CAPITA

1196 4419 1365 4488 (ὶοΕ
1405 4421 1473 4476 IN
1502 4421 1712 4479 LIBRO
1752 4423 2014 4480 DECIMO
2051 4423 2575 4482 CONTINENTUR.

218 4723 299 4781 A'.
331 4724 462 4799 Ὅτι
491 4723 819 4799 κατ’ίοὺόξᾷν
841 4725 1110 4799 uano;-
1135 4727 1307 4783 ἐστὶν
1332 4730 1365 4783 ὁ
1384 4728 1515 4796 Υἱὸς
1534 4727 1644 4785 τοῦ
1669 4732 1816 4788 Θεοῦ

1927 4731 1964 4787 l.
2006 4731 2159 4799 Quod
2188 4730 2338 4787 nulla
2372 4733 2429 4785 in
2463 4747 2517 4784 re
2559 4730 2736 4784 minor
2763 4731 2833 4784 sit
2874 4728 2982 4784 Deo
3017 4743 3081 4783 ac
3105 4726 3271 4799 Patre
3305 4725 3507 4794 Filius,

286 4795 393 4877 καί
425 4794 692 4877 Πατρός,
738 4796 877 4862 ῑσος
902 4797 973 4849 δὲ
1002 4797 1257 4877 ⁸μᾶλλον
1293 4799 1395 4877 θεαὶ
1435 4794 1638 4877 (hieme
1671 4803 1821 4877 κατα

285 4868 489 4939 φύσιν
519 4868 704 4939 αὐτῷ,
724 4868 1130 4939 μροκειιιρνου
1146 4869 1336 4936 ῥητοῦ
1355 4887 1369 4900 ·
1407 4887 1427 4920 ι
1458 4872 1529 4923 Et
1552 4870 1822 4939 ἠγαπὰτέ

498 4935 684 5010 ἁρηῌτε
716 4936 827 5010 ἂν,
869 4935 957 5010 ὅτι
979 4937 1095 5007 ἐγὼ
1124 4935 1281 5010 ,πρὸς
1303 4939 1415 4992 τὸν
1444 4935 1681 5010 Πατέρα
1709 4957 1821 4996 πο-

283 4954 389 5007 pa,
419 4936 684 5007 ἐχάρητε
716 4936 827 4999 ἂν,
869 4937 957 4992 ὅτι
979 4937 1095 5007 ἐγὼ
1124 4939 1271 5007 πρὸς
1303 4939 1415 4992 τὸν
1444 4936 1681 5010 Πατέρα
1709 4957 1758 4993 π.

281 5009 564 5078 ρεύομαιᾼ,
593 5006 743 5078 ene
772 5006 975 5078 Πατήρ
1002 5025 1122 5076 μου
1141 5008 1354 5077 μείζων
1370 5027 1488 5078 μου
1516 5009 1709 5065 ἐστίν.
1740 5031 1758 5062 ι

220 5074 300 5132 B’.
330 5074 460 5131 Ὅτι
488 5076 572 5143 τῷ
591 5076 717 5143 Θεῷ
745 5077 846 5132 καί
870 5074 1051 5146 Πάτρὶ
1076 5074 1395 5147 όιὶοσύσιόξ
1420 5079 1592 5133 ἐστιν
1612 5084 1644 5133 ό
1668 5081 1821 5147 Υἱὸς,

292 5148 398 5203 καὶ
427 5149 544 5217 οὐχ
576 5147 944 5216 ἐτεροφυὴς,
980 5147 1124 5202 οὐδὲ
1165 5149 1432 5218 ἔκφυλος
1468 5149 1621 5204 κατὰ
1656 5168 1825 5218 τινας

292 5218 420 5299 τῷν
441 5218 952 5299 δέειζτραμμᾷνωγ,
970 5221 1364 5299 αξροκειμεξνρυ
1384 5220 1575 5288 ῥητοῦ
1597 5235 1613 5250 ο
1630 5239 1658 5299 ,ι

294 5290 415 5358 ειμι
455 5288 497 5355 ἡ
545 5286 838 5358 ἄμπελοζε,
874 5286 1044 5353 ὑμεῖς
1074 5288 1148 5342 τὰ
1176 5286 1461 5358 κλήματα
1494 5308 1514 5343 ι
1549 5289 1646 5345 καί
1692 5309 1710 5344 ι
1750 5286 1823 5345 ’Ὀ

296 5360 507 5428 Πατήρ
522 5376 645 5429 μου
675 5361 709 5414 ὁ
739 5359 998 5428 γεωργός
1021 5359 1211 5413 ἐστιν.
1244 5376 1264 5410 ι

303 5532 512 5592 'Joan.
546 5553 660 5603 xiv,
700 5534 795 5592 28.
872 5536 892 5568 ⁸
923 5532 1081 5591 Joan.
1109 5550 1197 5603 xv,
1241 5534 1356 5600 1,5.

1995 4804 2088 4858 sed
2120 4801 2344 4871 wqualis
2374 4802 2554 4870 potius
2600 4800 2978 4871 eique_similis
3018 4798 3308 4854 secundum
3349 4809 3511 4853 natu-

1996 4889 2137 4936 ram,
2166 4869 2437 4941 proposito
2470 4871 2635 4937 dicto,
2663 4869 2689 4923 ⁷ι
2734 4869 2797 4927 Si
2825 4870 3120 4939 diligentis
3163 4885 3265 4935 me,
3309 4871 3512 4941 gaude-

1997 4945 2125 5014 retis
2157 4940 2358 5014 utique,
2378 4942 2506 5014 quia
2529 4958 2625 5013 ego
2660 4941 2795 4996 vado
2827 4941 2896 4995 ad
2922 4941 3163 5009 Patrem,
3193 4940 3321 5011 quia
3348 4940 3514 4995 Pater

2004 5012 2181 5082 major
2210 5012 2289 5066 me
2324 5012 2404 5067 est
2436 5013 2479 5066 ⁸.
2513 5032 2532 5064 ι

1928 5082 1994 5141 ll.
2053 5079 2209 5149 Quod
2244 5084 2350 5138 Deo
2393 5099 2457 5136 ac
2496 5082 2653 5137 Patri
2683 5080 3168 5136 consubstantialis
3201 5081 3272 5135 sit
3307 5079 3511 5145 Filius,

2004 5171 2112 5208 non
2149 5161 2327 5208 autem
2352 5152 2574 5207 alterius
2606 5162 2839 5214 natum,
2872 5168 3036 5222 neque
3060 5152 3258 5206 dit-arsi
3286 5155 3493 5222 generis

2004 5234 2061 5278 ut
2096 5224 2340 5278 nonnulli
2389 5238 2664 5293 perperam
2722 5220 2980 5286 sentiunt,
3018 5224 3289 5293 proposito
3347 5220 3512 5282 dicto,

2010 5313 2030 5346 ι
2067 5293 2179 5365 Ego
2200 5310 2327 5365 sum
2360 5290 2501 5361 vilis,
2532 5310 2617 5348 vos
2645 5294 2931 5365 palmites;
2961 5312 2980 5345 ι
3009 5301 3081 5362 et,
3110 5311 3129 5343 ι
3155 5290 3315 5345 Pater
3364 5304 3511 5343 meus

2007 5358 2245 5436 agricola
2289 5373 2387 5419 est.
2423 5381 2442 5416 ι
2486 5358 2494 5361 ’
2645 5358 2655 5363 ⁷
2803 5358 2811 5375 ⁸
