4006 6420
523 413 632 470 288
1524 405 1579 462 S.
1611 404 1883 460 CYlilLLI
1923 401 2394 457 ALEXANDRINI
2434 399 2756 456 ARCIIIEP.

1087 752 1257 838 ΕΙΣ
1304 752 1450 835 ΤΟ
1529 744 1831 836 ΚΑΤΑ
1923 747 2428 833 ΙΩΑΝΝΗΝ
2531 745 3235 832 ΕΥΑΓΓΕΛΙΟΝ

1633 964 2075 1052 ΒΙΒΛΙΟΝ
2119 963 2673 1052 ΔΕΚΑΤΟΝ.

2126 1188 2172 1206 μο

866 1355 988 1444 ΙΝ
1043 1355 1555 1449 JOANNIS
1627 1357 2412 1450 EVANGELIUM
2482 1359 2845 1449 LIBER
2908 1357 3473 1452 DECIMUS.

588 1741 892 1814 825—26
926 1741 1070 1808 XIV,
1106 1743 1199 1796 21.
1243 1743 1348 1810 Qui
1377 1744 1532 1798 habet
1591 1745 1850 1798 mandata
1881 1761 1996 1799 mea
2048 1753 2097 1799 et

2283 1743 2336 1795 Ὀ
2366 1742 2524 1812 ἔχων
2566 1745 2672 1809 τὰς
2722 1742 2976 1809 ἐντολάς
3025 1761 3146 1812 μου
3191 1743 3290 1796 καὶ
3333 1745 3531 1810 τηρῶν
3582 1745 3784 1811 αὐτὰς,

518 1846 794 1900 seruatea,
827 1836 918 1889 ille
932 1844 1008 1889 est
1035 1837 1125 1905 qui
1156 1835 1334 1906 diligit
1361 1853 1464 1903 me;
1491 1837 1583 1907 qui
1605 1849 1778 1892 autem
1801 1837 1979 1908 diligit
1999 1854 2099 1901 me,

518 1925 773 1997 diligetur
803 1945 836 1980 a
869 1926 1032 1982 Patre
1058 1944 1168 1982 meo
1200 1944 1218 1983 :
1243 1939 1292 1983 et
1322 1946 1416 2000 ego
1447 1929 1670 2001 diligant
1688 1946 1827 1995 eum,
1852 1940 1902 1984 et
1924 1933 2100 1984 mani-

519 2020 726 2089 [estabo
750 2022 799 2076 ei
834 2022 1110 2088 meipsum.

592 2109 837 2181 Mysterii
889 2111 1284 2166 revelationem
1340 2119 1471 2166 tunc
1500 2113 1806 2182 praesertim
1865 2112 2102 2169 manife-

518 2210 658 2259 stam
696 2203 814 2258 fore
848 2203 1063 2266 dicens,
1098 2219 1224 2259 cum
1271 2220 1372 2260 nos
1408 2205 1474 2260 ad
1521 2205 1645 2275 ejus
1680 2205 2097 2262 similitudinem

515 2295 764 2352 viventes
794 2297 1252 2366 conspexerimus
1285 2316 1296 2352 :
1332 2316 1352 2349 ι
1389 2296 1528 2352 Vivo
1568 2299 1712 2354 enim
1742 2314 1865 2369 ego,
1899 2300 2098 2369 inquit,

515 2398 571 2442 et
595 2402 696 2444 vos
752 2388 950 2444 vivetis
982 2390 1002 2421 ⁷
1040 2406 1054 2443 :
1090 2408 1108 2442 ι
1139 2388 1301 2460 cujus
1346 2391 1421 2445 rei
1474 2389 1610 2446 ﬁdes
1654 2391 1954 2462 unicuique
2009 2392 2100 2448 fiet

513 2493 626 2534 non
659 2496 725 2534 ex
778 2479 846 2534 iis
893 2495 1014 2550 qua:
1055 2481 1330 2548 audierit,
1377 2483 1472 2538 sed
1513 2498 1577 2538 ex
1627 2499 1809 2539 rerum
1848 2486 2096 2555 ipsarqu

515 2572 872 2640 possessione
899 2571 1291 2641 promissionis
1338 2573 1546 2628 exitum
1583 2577 1908 2645 reportanti.
1949 2575 2098 2633 Prm-

513 2669 625 2717 stat
656 2664 802 2718 enim
838 2663 1277 2734 experimentum
1319 2666 1506 2722 verbis
1546 2667 1613 2721 ad
1649 2670 2094 2738 persuadendum

515 2754 788 2825 fidemque
816 2763 970 2810 certo
999 2755 1330 2812 faciendam.
1369 2755 1571 2814 Verum
1605 2774 1672 2814 ne
1709 2768 1818 2814 tam
1857 2773 2095 2833 augusto

513 2846 664 2903 dono
693 2859 926 2905 cunctos
965 2851 1174 2921 passim
1213 2850 1320 2906 frui
1362 2867 1525 2921 posse
1561 2861 1838 2923 putemus,
1873 2858 2095 2913 tametsi

513 2942 671 3012 probi
699 2957 810 2997 non
840 2943 954 2997 sint
981 2958 1046 2998 ac
1074 2945 1266 2999 divino
1297 2953 1444 3000 metu
1472 2946 1757 3014 illustrati,
1794 2965 2093 3020 personam

513 3050 708 3089 eorum
740 3051 769 3089 a
800 3036 1003 3106 quibus
1041 3037 1291 3107 diligitur
1317 3038 1501 3093 statim
1547 3039 1873 3108 subjicicns,
1915 3044 2093 3097 mani-

2206 1835 2435 1901 ἐκεῒι-ός
2460 1836 2630 1888 ἐστιν
2657 1839 2690 1889 ό
2709 1833 2956 1904 ἀγαπῶν
2971 1853 3049 1905 με
3068 1851 3082 1865 ·
3107 1838 3139 1890 ό
3164 1833 3231 1887 δὲ
3254 1833 3502 1904 ἀγαπῶν
3525 1852 3620 1904 με,
3644 1837 3782 1902 ἀγα·

2205 1924 2537 1993 πηθήσεται
2567 1925 2683 1980 ὑπὸ
2715 1925 2821 1979 τοῦ
2853 1928 3082 1993 Πατρός
3101 1944 3222 1995 μου
3243 1943 3256 1956 ·
3306 1926 3469 1996 κάγὼ
3497 1926 3784 1995 ἁγαπὴσω

2203 2019 2409 2082 αὑτὸν,
2439 2019 2538 2073 καὶ
2557 2019 2868 2088 ἐμφανίσω
2895 2018 3056 2086 αὐτῷ
3087 2020 3368 2091 ἐμαυτόν.

2269 2112 2659 2184 Φανερωτέραν
2688 2111 2906 2167 ἔσεσθαι
2927 2113 3022 2166 τοῦ
3058 2114 3358 2184 μυστηρίου
3386 2115 3484 2186 τὴν
3507 2115 3780 2168 ἀποκάλυ-

2203 2205 2292 2277 ψιν
2320 2206 2442 2258 τότε
2488 2205 2550 2276 δὴ
2598 2206 2838 2276 μάλιστα
2880 2206 3054 2275 λέγων
3081 2209 3138 2260 ὲν
3167 2210 3335 2279 ἡμῖν,
3385 2209 3512 2262 ὅταν
3560 2211 3784 2272 ἑαυτοὺς

2201 2297 2611 2369 ἀπαθρήσωμεν
2653 2297 2864 2362 ζῶντας
2911 2299 3033 2352 καθ’
3085 2299 3380 2371 ὁμοιότητα
3423 2301 3522 2371 τὴν
3573 2300 3739 2353 αὑτοῦ
3769 2317 3782 2329 ·

2208 2409 2226 2441 ι
2258 2389 2344 2443 Ζῶ
2371 2391 2476 2462 γὰρ
2507 2389 2681 2459 κάγὼ,
2712 2391 2866 2461 φησι,
2907 2391 3137 2462 ζήσεσθε
3170 2391 3226 2445 δὲ
3256 2393 3349 2446 καὶ
3374 2393 3551 2463 ὑμεῖς.
3585 2412 3602 2443 ι
3640 2393 3786 2462 Πλη-

2204 2483 2611 2555 ροφορουμένης
2640 2483 2828 2554 ὥσπερ
2849 2485 2947 2555 τῆς
2970 2485 3200 2538 ἑκάστου
3219 2485 3475 2550 διανοίας,
3500 2486 3599 2539 οὐκ
3628 2485 3686 2550 ἐξ
3710 2480 3788 2538 ὧν

2197 2577 2526 2647 ἠκροάσατο,
2554 2577 2646 2629 καὶ
2676 2575 3005 2630 πεπίστευκε
3029 2577 3208 2648 μόνον,
3234 2572 3349 2630 ἀλλ’
3379 2576 3438 2642 ἐξ
3471 2569 3545 2630 ὧν
3572 2577 3636 2630 ἂν
3665 2577 3786 2647 ἔχοι

2201 2669 2432 2740 μᾶλλον,
2469 2669 2833 2741 κομισάμενος
2865 2671 2966 2742 ἤδη
2994 2670 3094 2740 τῆς
3127 2671 3460 2740 ἐπαγγελίας
3491 2671 3553 2724 τὸ
3590 2671 3784 2741 πέρας.

2199 2762 2369 2831 Πεῖρα
2403 2760 2514 2832 γὰρ
2553 2761 2727 2829 λόγων
2760 2761 3153 2833 εὐσθενεστὲρα
3198 2763 3335 2834 πρὸς
3376 2763 3439 2815 τὸ
3470 2761 3789 2816 ἀναπείθειν

2195 2851 2454 2906 δύνασθαι
2500 2851 2596 2906 καὶ
2642 2852 3024 2924 πληροφορείν.
3085 2854 3202 2906 Ἵνα
3257 2853 3334 2924 μὴ
3387 2857 3553 2905 πᾶσιν
3599 2852 3792 2916 ἁπλῶς

2197 2944 2521 3016 προκεῖσθαι
2573 2943 2881 3014 νομίζωμεν
2924 2945 2984 2997 τὸ
3033 2943 3235 3010 ἐξεῖναι
3287 2945 3448 3016 τυχὸν
3491 2945 3591 3015 τῆς
3644 2944 3788 2998 οὕτω

2198 3037 2401 3108 σεπτῆς
2417 3035 2720 3090 ἀπολαῦσαι
2746 3036 2976 3108 δωρεᾶς,
2993 3037 3089 3090 καὶ¹
3109 3038 3158 3090 εἰ
3183 3038 3256 3108 μή
3278 3054 3422 3101 τινες
3446 3033 3552 3090 εἷεν
3569 3038 3787 3105 ἀγαθοὶ,

511 3126 655 3183 feste
707 3129 949 3184 ostendit
1002 3106 1181 3183 nullos
1235 3129 1377 3186 alios
1436 3135 1548 3184 tam
1604 3106 2092 3203 incomparabilem

2200 3145 2296 3184 και
2320 3106 2398 3199 τῷ
2424 3128 2554 3200 θείῳ
2578 3106 3057 3200 λελαμπρυσμὲνοι
3083 3106 3268 3198 φόϐῳ,
3309 3129 3368 3182 τὸ
3389 3129 3499 3182 τῶν
3526 3131 3789 3198 ἀγαπῶν-

512 3215 749 3285 gratiam
805 3217 1090 3286 suscipere
1142 3232 1328 3286 posse,
1381 3219 1487 3275 nisi
1546 3221 1640 3290 qui
1694 3232 1845 3277 recte
1878 3223 2096 3278 vivendi

512 3306 661 3359 viam
706 3306 1051 3362 institerint:
1096 3307 1152 3362 hi
1187 3310 1333 3364 enim
1359 3318 1491 3366 sunt
1531 3312 1622 3381 qui
1669 3313 1913 3384 diligunt
1943 3330 2092 3372 eum.

511 3395 667 3453 Licet
694 3400 841 3454 enim
871 3399 1130 3458 Christus
1162 3404 1413 3458 omnium
1462 3419 1702 3474 corpora
1747 3408 2096 3465 excitaturus

515 3487 591 3544 sit
622 3487 938 3561 (resurgent
966 3493 1114 3546 enim
1170 3493 1334 3564 827
1372 3494 1501 3548 boni
1544 3505 1709 3565 atque
1755 3499 1933 3564 mali),
1986 3515 2095 3555 non

512 3585 697 3634 tamen
730 3583 994 3638 omnibus
1029 3583 1404 3641 iudiﬂ‘erenter
1439 3586 1506 3640 ad
1547 3588 1778 3656 gloriam
1827 3600 1922 3644 aut
1955 3591 2094 3648 deli-

514 3671 636 3728 cias
718 3675 1051 3731 reviviscere
1101 3675 1346 3732 dabitur.
1408 3676 1762 3735 Manifestum
1817 3684 1963 3737 enim
2013 3695 2098 3741 est

512 3763 664 3835 quod
714 3765 768 3819 hi
814 3767 1037 3836 quidem
1084 3768 1311 3822 excitati
1348 3776 1557 3825 tantum
1600 3773 1669 3826 ad
1716 3776 2090 3845 supplicium,

513 3859 667 3913 omni
709 3868 888 3916 morte
918 3861 1088 3915 vitam
1120 3861 1488 3919 crudeliorem
1525 3864 1768 3921 habituri
1814 3877 1967 3936 sunt,
2011 3869 2094 3924 illi

512 3966 645 4007 vero
675 3950 730 4006 in
778 3951 1043 4010 felicitate
1084 3955 1308 4027 longum
1340 3955 1606 4028 degentes
1641 3975 1840 4026 aevum,
1881 3962 2096 4030 optabi-

511 4044 617 4098 lem
655 4045 710 4099 in
752 4045 982 4101 Christo
1025 4053 1081 4101 et
1128 4057 1375 4104 sanctam
1407 4051 1576 4105 vitam
1631 4067 1821 4108 revera
1882 4055 2092 4110 vivent.

515 4133 674 4200 Quod
727 4136 873 4192 enim
912 4137 971 4191 bi
1027 4138 1121 4209 qui
1175 4146 1421 4210 tempore
1467 4141 1662 4213 judicii
1723 4145 2013 4215 suppliciis
2064 4163 2095 4202 a

511 4225 734 4283 Christo
765 4237 894 4286 sunt
924 4229 1240 4297 addicendi,
1273 4243 1525 4289 exsortes
1551 4234 1728 4290 beatae
1757 4237 1881 4292 vita:
1923 4236 2093 4294 futuri

513 4319 647 4382 sint,
684 4321 940 4390 quamvis
985 4335 1332 4378 communem
1361 4326 1571 4381 sanctis
1612 4329 2090 4384 resurrectionem

2199 3239 2308 3276 των
2327 3221 2490 3275 αὐτὸν
2519 3221 2810 3274 πρόσωπον
2835 3220 3185 3292 παραζεύξας
3211 3220 3373 3284 εὐθὺς
3393 3222 3470 3291 τῷ
3502 3221 3674 3292 λόγῳ,
3703 3222 3792 3275 δέ·

2197 3314 2373 3384 δειχεν
2395 3312 2640 3385 ἐναργῶς
2663 3314 2739 3377 ὼς
2759 3314 2858 3384 οὐχ
2883 3313 3088 3385 ἑτέροις
3108 3314 3249 3366 ἑλεῖν
3281 3313 3380 3385 τὴν
3410 3313 3584 3378 οὓτως
3613 3314 3791 3382 ἀσύγ-

2198 3422 2383 3477 κριτον
2403 3405 2618 3472 ἐξέσται
2643 3405 2824 3476 χάριν,
2854 3409 2902 3460 εί
2926 3407 3000 3478 μὴ
3020 3408 3130 3471 τοῖς
3165 3407 3364 3478 ἄριστα
3386 3405 3582 3475 διαζῇν
3603 3407 3794 3478 ἑλομέ-

2197 3511 2307 3560 νοις
2325 3512 2342 3528 ·
2357 3491 2500 3550 οὗτοι
2516 3497 2622 3568 γὰρ
2641 3495 2707 3551 ἀν
2731 3493 2841 3552 εἶεν
2859 3498 2908 3552 oi
2929 3497 3250 3567 ἀγαπῶντες
3271 3497 3452 3552 αὐτόν.
3477 3499 3540 3551 Et
3567 3501 3676 3568 γὰρ
3696 3500 3793 3553 καὶ¹

2201 3589 2268 3643 τὰ
2315 3589 2534 3644 πάντων
2573 3589 2736 3659 τυχὸν
2779 3589 3022 3660 διεγείρῃ
3074 3587 3304 3660 σώματα
3343 3589 3579 3660 Χριστὸς
3623 3593 3792 3661 (ἀνα-

2199 3681 2485 3751 στήσονται
2513 3678 2622 3749 γάρ
2656 3679 2884 3750 πονηροὶ
2909 3679 3005 3733 καὶ
3028 3679 3270 3747 ἀγαθοὶ),
3316 3679 3434 3732 ἀλλ’
3455 3679 3553 3750 οὐχ
3585 3679 3794 3734 ἅπασιν

2198 3769 2524 3840 ἀδιακρίτως
2557 3767 2693 3839 πρὸς
2736 3767 2894 3834 δόξαν
2919 3768 2952 3838 ἢ
2976 3768 3186 3840 τρυφὴν
3215 3769 3276 3820 τὸ
3304 3767 3605 3822 ἀναϐιῶναι
3635 3771 3793 3840 δοθή-

2199 3880 2375 3917 σεται.
2406 3860 2678 3932 Πρόδηλον
2729 3860 2839 3932 γάρ
2880 3861 2964 3912 ὅτι
3008 3863 3056 3914 οἱ
3091 3860 3189 3932 μὲν
3228 3860 3321 3913 ἐπὶ
3355 3860 3415 3912 τὸ
3457 3861 3790 3925 κολάζεσθαι

2201 3954 2360 4025 μόνον
2421 3951 2676 4015 λαϐόντες
2729 3951 2827 4022 τὴν
2878 3952 3174 4006 ἀνάστασιν
3199 3992 3215 4016 ,
3286 3951 3518 4005 Θανάτου
3583 3953 3793 4016 παντὸς

2196 4045 2576 4117 ἀπηνεστέραν
2618 4043 2799 4108 ἕξουσι
2836 4043 2936 4116 τὴν
2989 4043 3134 4115 ζωὴν
3160 4084 3176 4108 ,
3230 4046 3278 4097 ol.
3334 4043 3390 4097 δὲ
3439 4045 3689 4116 μακροὺς
3731 4047 3794 4098 ἐν

2201 4138 2564 4210 μακαριότητι
2621 4135 2902 4208 τρίϐοντες
2959 4137 3184 4207 χρόνους
3218 4174 3234 4200 ,
3303 4137 3560 4206 ζήσουσιν
3616 4136 3795 4200 ὅντως

2195 4228 2294 4300 τὴν
2325 4231 2383 4282 ὲν
2421 4223 2643 4296 Χριστῷ
2671 4223 2999 4277 πολύευκτον
3033 4240 3093 4276 τε
3128 4224 3225 4277 καὶ
3255 4225 3416 4292 ἁγίαν
3442 4222 3610 4296 ζωήν.
3664 4225 3794 4278 Ὀτι

2197 4319 2308 4390 γάρ
2339 4318 2390 4370 οἱ
2420 4317 2518 4387 τὴν
2543 4317 2636 4370 ἐπὶ
2666 4315 2744 4385 τῷ
2763 4314 3086 4378 κολάζεσθαι
3118 4315 3299 4384 ψῆφον
3334 4314 3786 4396 ἀποκομίζεσθαι

512 4415 843 4477 sortiantur,
875 4415 1119 4470 ostendit
1139 4415 1361 4472 dicens:
1401 4438 1420 4470 ι
1450 4417 1554 4484 Qui
1577 4419 1754 4474 credit
1785 4419 1838 4474 in
1869 4417 2091 4485 Filium,

2203 4411 2490 4482 μέλλοντες
2532 4409 2684 4480 παρά
2713 4407 2950 4479 Χριστοῦ
2976 4447 2991 4472 ,
3023 4407 3168 4461 κατά
3194 4408 3286 4461 τὸν
3317 4408 3508 4479 καιρὸν
3532 4407 3632 4478 τῆς
3670 4408 3796 4478 κρί-

509 4505 678 4560 habet
712 4506 880 4561 vitam
915 4516 1173 4564 aeternam
1208 4529 1221 4564 :
1274 4511 1370 4581 qui
1411 4518 1595 4566 autem
1651 4511 1976 4568 incredulus
2007 4522 2094 4570 est

509 4595 675 4662 Filio,
711 4614 822 4653 non
853 4599 1062 4655 videbit
1095 4601 1282 4668 vitam,
1318 4602 1414 4657 sed
1455 4602 1540 4656 ira
1569 4600 1663 4657 Dei
1709 4613 1894 4659 manet
1929 4619 2096 4676 super

509 4703 634 4743 eum
665 4689 706 4741 '.
746 4709 765 4743 ι
804 4689 1199 4748 Animadverte
1244 4694 1391 4748 enim
1427 4709 1539 4764 quo
1571 4700 1756 4764 pacto,
1806 4693 1932 4748 licet
1976 4710 2096 4749 om-

510 4795 612 4835 nes
667 4779 796 4835 boni
835 4797 900 4836 ac
951 4784 1081 4839 mali
1129 4784 1443 4840 suscitaudi
1495 4784 1628 4848 sint,
1686 4784 2092 4844 incredulitatis

509 4875 694 4924 tamen
729 4885 857 4926 reos
892 4887 961 4927 ne
992 4873 1212 4927 visuros
1243 4873 1466 4944 quidem
1507 4873 1674 4927 vitam
1715 4874 1886 4939 dicat,
1923 4876 2091 4931 vitam

510 4976 637 5018 esse
664 4962 945 5033 inquiens,
984 4979 1091 5020 non
1146 4967 1339 5036 utique
1384 4979 1678 5036 resurgere
1713 4975 1949 5031 tantum,
1998 4969 2095 5024 sed

513 5053 686 5118 illam,
723 5056 938 5124 opinor,
963 5073 1088 5127 qua:
1118 5057 1174 5111 in
1211 5058 1401 5126 requie
1438 5067 1494 5112 et
1529 5058 1725 5128 gloria,
1773 5059 2096 5131 deliciisque

513 5145 882 5214 spiritalibus,
923 5162 1032 5202 non
1073 5155 1260 5202 autem
1308 5149 1432 5204 aliis
1466 5159 1742 5205 versatur.
1765 5150 2094 5207 Deliciarum

507 5247 694 5292 autem
715 5240 984 5310 spiritalis
1003 5240 1200 5294 modus
1227 5248 1330 5304 est,
1357 5240 1605 5311 perfecta
1627 5241 1720 5298 Dei
1743 5244 2005 5314 cognitio,
2043 5253 2096 5300 et

506 5333 900 5401 mysteriorum
921 5330 1369 5387 Christianorum
1398 5333 1642 5402 perfecta
1669 5335 1954 5400 revelatio,
1982 5351 2094 5392 non

504 5421 559 5475 in
609 5424 837 5492 speculo
885 5437 1083 5478 rursus
1131 5431 1184 5477 et
1229 5424 1283 5477 in
1326 5425 1614 5496 aenigmate
1643 5428 1698 5490 ',
1734 5427 1897 5482 sicuti
1948 5441 2097 5482 nunc

505 5514 784 5570 obscuros
843 5528 1030 5568 rerum
1086 5516 1447 5583 quaesitarum
1499 5517 1856 5575 characteres
1897 5521 2092 5586 edens,

506 5603 605 5658 sed
643 5611 755 5658 tota
789 5619 928 5674 pure
953 5605 1008 5660 in
1039 5607 1201 5665 nobis
1231 5607 1458 5666 elucens
1487 5618 1542 5665 et
1573 5612 1846 5680 emicans,
1890 5621 1944 5666 et
1971 5627 2096 5682 per-

509 5695 878 5756 fectissimam
943 5701 1198 5760 notitiam
1247 5703 1522 5765 inserens.
1561 5724 1580 5761 ι
1622 5705 1781 5774 Quod
1829 5706 1980 5763 enim
2022 5721 2090 5763 ex

589 5883 611 5918 '
642 5879 935 5952 leonum,
966 5881 1051 5941 19.
1184 5880 1344 5942 Joan.
1380 5897 1468 5957 ut,
1496 5882 1586 5941 56.
1663 5882 1684 5916 ⁸
1722 5880 1742 5939 1
1777 5880 1906 5941 Cor.
1939 5894 2064 5950 xm,
2097 5879 2184 5936 l2.

2198 4520 2356 4566 σεως,
2381 4501 2638 4571 ἄγευστοι
2675 4499 2896 4572 μενοῦσι
2926 4499 3025 4569 τῆς
3067 4500 3345 4569 μακαρίας
3374 4499 3520 4569 ζωῆς
3541 4540 3555 4564 ,
3607 4501 3796 4554 καίτοι

2195 4596 2375 4649 κοινὸν
2403 4596 2514 4656 τοῖς
2554 4592 2732 4662 ἁγίοις
2772 4591 2834 4643 τὸ
2871 4588 3170 4644 ἀναϐιῶναι
3205 4590 3494 4660 λαχόντες,
3536 4591 3799 4662 παραδη-

2194 4687 2278 4741 λοῖ
2300 4685 2474 4756 λέγων
2497 4703 2542 4736 ·ι
2573 4685 2634 4739 '0
2656 4681 2929 4737 πιστεύων
2957 4683 3036 4746 είς
3058 4683 3147 4735 τὸν
3173 4681 3323 4746 Υίὸν,
3345 4682 3457 4754 ἔχει
3485 4682 3632 4752 ζωὴν
3657 4681 3799 4736 αἰώ-

2193 4797 2307 4834 νιον
2333 4795 2346 4809 ·
2386 4780 2415 4832 ό
2445 4779 2501 4832 δὲ
2535 4775 2776 4830 ἀπειθῶν
2800 4773 2879 4845 τῷ
2912 4771 3060 4845 Υίῷ,
3104 4775 3207 4827 οὐκ
3239 4775 3431 4844 ὄψεται
3471 4775 3574 4845 τὴν
3607 4775 3791 4846 ζωὴν,

2193 4872 2308 4926 ἀλλ’
2340 4873 2374 4943 ἡ
2421 4871 2562 4944 όργὴ
2606 4869 2704 4923 τοῦ
2737 4869 2872 4924 Θεοῦ
2905 4870 3058 4940 μενεῖ
3079 4869 3164 4921 ἐπ’
3192 4867 3373 4922 αὐτόν.
3407 4885 3425 4918 ι
3472 4865 3642 4929 Σύνες
3677 4867 3800 4937 τὰρ

2193 4965 2362 5029 ὅπως,
2397 4963 2576 5017 καίτοι
2609 4962 2825 5015 πάντων
2852 4959 3104 5032 πονηρῶν
3154 4975 3216 5013 τε
3259 4959 3353 5012 καὶ
3387 4957 3623 5026 ἀγαθῶν
3650 4960 3802 5012 ἀνα-

2194 5056 2489 5130 στήσεσθαι
2539 5053 3040 5127 προσδοκωμένων,
3079 5052 3207 5114 τοὺς
3254 5051 3473 5121 ἐνόχους
3521 5053 3635 5113 τοῖς
3687 5050 3806 5120 τῆς

2193 5147 2480 5212 ἀπειθείας
2508 5147 2885 5219 ἐγκλήμασιν,
2937 5144 3060 5198 οὐδὲ
3105 5145 3230 5199 ὅσον
3265 5141 3586 5211 ἀπαθρῆσαι
3625 5142 3804 5212 μόνον

2196 5242 2330 5314 φησὶ
2357 5241 2454 5312 τὴν
2497 5240 2643 5310 ζωὴν
2663 5282 2676 5305 ,
2707 5240 2853 5306 ζωὴν
2889 5235 3030 5292 εἶναι
3063 5237 3238 5306 λέγων
3257 5276 3271 5300 ,
3318 5235 3442 5306 ούχὶ
3479 5234 3714 5298 πάντως
3739 5236 3807 5288 τὸ

2193 5331 2495 5402 ἀναστῆναι
2520 5331 2710 5402 μόνον,
2759 5328 2876 5384 ἀλλ’
2906 5327 3152 5398 ἐκείνην,
3183 5319 3367 5396 οἶμαι,
3398 5325 3494 5378 καὶ
3528 5324 3685 5394 μάλα.
3721 5325 3808 5377 εί-

2195 5425 2368 5489 κότως
2390 5465 2406 5490 ,
2453 5424 2552 5496 τὴν
2598 5425 2655 5476 ὲν
2701 5421 3010 5476 ἀναπαύσει
3065 5421 3161 5474 καὶ⁵
3203 5418 3330 5489 δόξῃ
3379 5418 3473 5470 καὶ
3519 5419 3802 5486 τρυφαῖς,

2195 5519 2598 5589 πνευματικαῖς
2625 5516 2683 5570 δὲ
2719 5513 2983 5586 δηλονότι,
3017 5513 3114 5568 καὶ
3139 5512 3239 5583 οὐχ
3265 5511 3499 5583 ἑτέραις.
3553 5511 3805 5580 Τρυφῆς

2194 5613 2253 5666 δὲ
2279 5611 2481 5683 τρόπος
2514 5607 2888 5680 πνευματικὸς
2908 5647 2924 5674 ,
2952 5607 2986 5677 ἡ
3015 5604 3199 5676 τελεία
3228 5605 3359 5675 περὶ
3386 5601 3523 5656 Θεοῦ
3553 5602 3805 5670 γνῶσις,

2194 5701 2292 5759 καὶ
2328 5699 2438 5757 τῶν
2463 5699 2558 5756 ἐπὶ
2587 5696 2810 5773 Χριστῷ
2834 5695 3151 5770 μυστηρίων
3173 5695 3210 5768 ἡ
3232 5693 3463 5768 ἀκριϐὴς
3493 5691 3808 5748 ἀποκάλυ-
