4006 6436
250 437 362 496 285

1336 431 1405 486 IN
1435 430 1732 488 JOAN‘NIS
1769 429 2227 488 EVANGELIUM
2296 431 2430 487 LIB.
2467 432 2536 489 Χ.

3434 437 3544 492 286

247 553 365 623 ψις,
397 550 506 606 οὐκ
539 553 599 605 ἐν
630 550 886 622 ἐσόπτρῳ
918 549 1080 604 πάλιν
1127 549 1221 603 καὶ
1253 550 1310 601 ἐν
1340 549 1647 622 αἰνίγματι,
1677 549 1843 604 καθά-

1960 559 2117 619 parte
2136 557 2221 605 est
2254 551 2644 619 evacuabitur,
2679 571 2696 604 ι
2727 552 2884 623 juxta
2913 551 3073 608 Pauli
3099 568 3290 608 vocem
3319 554 3384 607 ¹⁰.
3406 552 3544 604 Cum

246 662 356 716 περ
395 643 498 697 καὶ
547 643 645 698 νῦν
670 642 953 714 ἀμυδροὺς
990 643 1123 713 ἡμῖν
1166 640 1277 694 τῶν
1319 639 1673 712 ζητουμένων
1723 643 1852 705 τοὺς

245 737 615 808 χαρακτῆρας
658 735 1001 806 ἐμφαίνουσα
1020 773 1036 799 ,
1072 734 1186 787 ἀλλ’
1217 733 1314 805 ὅλη
1349 733 1610 805 καθαρῶς
1634 737 1692 787 ἐν
1717 735 1852 804 ἡμῖν

247 827 649 898 διαφαινομένη
686 845 747 881 τε
785 828 880 882 καὶ
909 828 1224 897 λάμπουσα,
1251 826 1345 878 καὶ
1372 826 1724 898 τελειοτάτην
1751 828 1854 894 ἐμ-

253 919 487 973 ποιοῦσα
517 919 621 991 τὴν
655 918 886 990 εἴδησιν.
925 937 943 965 ι
995 919 1068 972 Τὸ
1093 919 1202 989 γάρ
1235 920 1300 971 ἐκ
1334 918 1536 988 μέρους
1569 934 1852 990 καταργη-

251 1011 520 1081 θήσεται,
563 1032 581 1063 ›
627 1012 773 1066 κατά
812 1013 912 1081 τὴν
955 1010 1048 1064 τοῦ
1077 1009 1292 1064 Παύλου
1328 1011 1533 1081 φωνήν.
1574 1010 1852 1063 Διδάσκων

249 1101 546 1174 τοιγαροῦν
599 1104 750 1174 ἡμᾶς
795 1102 825 1154 6
855 1100 1062 1172 Κύριος
1094 1099 1253 1171 ήμῶν
1295 1101 1504 1170 Ἰησοῦς
1538 1101 1567 1152 6
1615 1099 1852 1172 Χριστὸς

249 1195 326 1247 ὃτι
351 1197 474 1258 τοῖς
507 1196 734 1266 ἀγαπᾷν
765 1193 1042 1264 ἑλομένοις
1076 1191 1262 1254 αὐτὸν,
1292 1193 1386 1246 καὶ
1414 1195 1529 1255 τοῖς
1549 1191 1660 1244 τῶν
1689 1191 1852 1247 θείων

248 1285 415 1339 αὑτοῦ
473 1285 851 1358 κηρυγμάτων
903 1285 1191 1355 ἐργάταις,
1228 1285 1262 1354 ὴ
1290 1285 1390 1354 τῆς
1452 1283 1852 1352 ἀποκαλύψεως

243 1378 571 1449 ὑπόσχεσις,
590 1374 1022 1450 πρεπωδεστέρα
1043 1377 1103 1430 τέ
1125 1378 1264 1442 ἐστι,
1285 1376 1381 1430 καὶ
1406 1377 1626 1442 οἰκείως
1649 1376 1853 1448 ἔχουσα

247 1469 456 1540 μᾶλλον
478 1513 492 1535 ,
543 1471 610 1524 οὐ
645 1471 753 1542 μὴν
797 1471 910 1533 τοῖς
947 1468 1212 1524 τάναντία
1253 1469 1626 1540 πεφρονηκόσι
1659 1486 1720 1523 τε
1758 1470 1853 1524 καὶ

241 1559 568 1630 δεδρακόσι,
591 1560 991 1631 χρησιμώτατα
1036 1561 1150 1623 τοῖς
1197 1558 1512 1630 εἰρημένοις
1548 1560 1848 1630 ἐπήνεγκε,

242 1652 423 1720 λέγων
451 1670 465 1682 ·
518 1671 538 1705 ι
582 1652 641 1705 '0
676 1652 816 1723 ἔχων
845 1650 946 1716 τὰς
973 1650 1196 1715 ἐντολάς
1240 1669 1373 1722 μου,
1415 1651 1512 1704 καὶ
1548 1651 1732 1723 τηρῶν
1753 1653 1852 1706 αύ-

242 1744 366 1806 τάς,
399 1737 562 1807 οὗτός
590 1744 739 1797 ἐστιν
765 1745 792 1796 6
813 1741 1045 1811 ἀγαπῶν
1079 1759 1165 1812 με.
1197 1761 1219 1794 ι
1259 1743 1414 1813 Ἔχει
1436 1742 1496 1796 δέ
1527 1759 1612 1806 τις
1633 1741 1734 1808 τὰς
1764 1743 1852 1797 ἐν·

243 1831 436 1896 ωλάς,
485 1834 586 1902 τὴν
625 1831 811 1886 πίστιν
853 1832 1338 1904 παραδεξάμενος,
1374 1833 1469 1886 καὶ
1500 1833 1588 1887 διὰ
1625 1834 1850 1905 μνήμης

1952 657 2086 712 ergo
2115 643 2343 699 doceret
2383 660 2486 700 nos
2518 644 2786 702 Dominus
2837 655 3029 704 noster
3074 646 3239 703 Iesus
3291 644 3545 700 Christus

1949 734 2312 806 diligentibus
2361 751 2423 791 se
2469 747 2527 792 et
2553 737 2744 791 divina
2800 738 2924 808 ejus
2983 738 3248 793 mandata
3283 736 3544 791 facienti-

1949 826 2057 880 bus
2083 826 2446 881 revelationis
2479 827 2914 898 promissionem
2958 829 3282 892 convenire,
3327 834 3380 880 et
3396 842 3542 896 .pro-

1955 919 2130 989 priam
2167 934 2293 974 esse
2325 920 2509 988 potius
2545 937 2712 991 quam
2748 921 2817 976 iis
2856 922 2948 991 qui
2981 921 3267 975 contraria
3295 921 3546 974 sentiunt

1953 1024 2018 1064 ac
2058 1009 2292 1076 faciunt,
2330 1012 2540 1067 utiliter
2581 1013 2748 1068 dictis
2781 1013 3094 1082 subjunxit,
3119 1013 3356 1067 dicens:
3392 1029 3410 1063 ι
3439 1011 3544 1075 Qui

1953 1102 2122 1158 habet
2155 1103 2414 1158 mandata
2452 1121 2593 1168 mea,
2624 1114 2680 1160 et
2723 1115 2910 1161 servat
2938 1120 3023 1171 ea,
3058 1105 3150 1158 ille
3176 1112 3261 1158 est
3292 1103 3386 1172 qui
3418 1102 3544 1157 dili-

1953 1195 2031 1265 git
2057 1210 2142 1250 me
2183 1196 2248 1249 “.
2287 1215 2306 1248 ι
2345 1195 2396 1251 Is
2443 1205 2626 1252 autem
2677 1197 2842 1251 habet
2889 1197 3172 1259 mandata,
3220 1195 3544 1264 quicunque

1954 1289 2114 1345 Iidem
2150 1291 2421 1360 suscepit,
2457 1298 2512 1346 et
2538 1307 2634 1360 per
2672 1291 2870 1346 bonam
2915 1291 3236 1344 memoriam
3264 1287 3543 1358 evangeli-

1953 1395 2142 1435 corum
2178 1390 2581 1452 praceptorum
2633 1382 2946 1437 doctrinam
2986 1396 3179 1452 puram
3209 1395 3276 1434 ac
3311 1379 3540 1433 nitidam

1951 1483 2134 1526 mente
2167 1472 2378 1541 hausit,
2429 1490 2608 1546 eaque
2646 1486 2776 1530 actu
2827 1484 2882 1531 et
2917 1489 3086 1545 opere
3142 1473 3430 1543 adimplet,
3484 1478 3542 1524 et

1949 1559 2224 1618 factorum
2259 1565 2558 1634 splendore
2591 1566 2806 1621 clarere
2857 1565 3062 1621 studet.
3111 1564 3393 1619 Perfectus
3429 1565 3538 1616 ita-

1951 1669 2062 1725 que
2097 1662 2361 1727 totusque
2389 1657 2459 1712 ad
2488 1659 2748 1728 pietatem
2786 1657 3060 1714 formatus
3091 1658 3183 1712 ille
3213 1664 3300 1712 est
3343 1655 3437 1725 qui
3470 1672 3540 1709 ex

1951 1743 2040 1800 bis
2074 1744 2314 1811 duobus,
2371 1747 2479 1802 (ide
2528 1749 2794 1802 nimirum
2857 1759 2910 1803 et
2962 1763 3156 1819 Opere,
3227 1747 3542 1802 sanctitatis

1953 1835 2286 1893 Christianae
2341 1839 2726 1894 testimonium
2783 1840 2993 1896 habet:
3057 1859 3078 1892 ι
3129 1838 3189 1894 In
3242 1855 3340 1894 ore
3392 1840 3538 1893 enim

241 1924 464 1994 ἀγαθῆς
489 1927 570 1988 εἰς
594 1924 686 1978 τὸν
709 1926 908 1978 οἰκεῖον
936 1903 1370 1995 εἰσοικισάμενος
1399 1924 1523 1979 νοῦν
1542 1965 1559 1992 ,
1595 1925 1693 1998 τὴν
1716 1903 1843 1980 ἀθό-

1949 1930 2184 1984 duorum
2213 1938 2309 1982 aut
2350 1929 2516 1984 trium
2549 1930 2774 1985 testium
2815 1931 2986 1986 stabit
3016 1945 3180 1986 omne
3216 1930 3469 1992 verbum,
3514 1948 3533 1979 ο

240 2017 416 2070 λωτόν
442 2034 505 2071 τε
533 2018 627 2072 καὶ
656 2017 830 2087 διειδῆ
858 2017 967 2070 τῶν
993 2017 1370 2086 εὐαγγελικῶν
1399 2018 1688 2089 δογμάτων
1717 2019 1845 2073 παί-

238 2109 466 2175 δευσιν,
503 2109 707 2179 πληροῖ
749 2109 807 2162 δὲ
847 2108 1020 2172 αὑτὰς
1065 2111 1392 2181 πρακτικῶς
1424 2111 1699 2182 ἐνεργῶν,
1749 2112 1845 2168 καὶ

237 2203 304 2272 τῇ
357 2201 476 2254 τῶν
519 2201 821 2272 δρωμένων
866 2201 1215 2274 λαμπρότητι
1254 2203 1564 2276 διαπρεπὴς
1611 2205 1845 2277 ὁρᾶσθαι

238 2297 591 2363 σπουδάζων.
629 2298 850 2362 Τέλειος
875 2293 970 2353 οὖν
1003 2299 1113 2371 ἄρα
1146 2299 1571 2370 καὶόλοκλήρως
1603 2301 1842 2373 ἀπηρτι-

237 2390 441 2458 σμένος
496 2391 578 2452 εἰς
609 2389 924 2452 εὐσέϐειαν,
970 2390 999 2443 6
1045 2389 1224 2443 πίστει
1277 2390 1484 2461 τεκαὶ
1529 2391 1728 2462 πράξει
1772 2393 1843 2446 δι’

233 2482 471 2552 ἀμφοῖν,
497 2481 688 2553 ῶσπερ
713 2483 804 2535 ἐπὶ
832 2481 1074 2554 ὁσιότητι
1104 2485 1170 2553 τῇ
1198 2481 1342 2536 κατά
1369 2483 1608 2554 Χριστὸν
1640 2501 1846 2556 μαρτυ-

235 2573 533 2644 ρούμενος.
573 2591 594 2626 ι
631 2573 757 2626 Ἐπὶ
785 2573 1054 2644 στόματος
1081 2573 1192 2645 γάρ
1219 2572 1313 2628 δύο
1361 2573 1393 2645 ἢ
1427 2574 1594 2645 τριῶν
1637 2575 1845 2646 μαρτύ-

235 2682 348 2735 ρων
402 2665 744 2735 σταθήσεται
775 2666 884 2718 πᾶν
909 2667 1080 2736 ῥῆμα,
1111 2682 1130 2714 ι
1169 2665 1314 2718 κατὰ
1341 2663 1400 2718 τὸ
1429 2667 1840 2736 γεγραμμένον.

232 2757 338 2810 Τὸν
361 2757 424 2811 δὲ
449 2757 520 2828 δὴ
541 2757 810 2821 τοιοῦτον,
843 2756 1071 2820 εἰκότως
1097 2756 1379 2826 ἀγαπήσει
1408 2757 1507 2826 μὲν
1539 2757 1567 2808 6
1587 2756 1720 2821 Θεὸς
1746 2758 1842 2812 καὶ

231 2849 455 2921 Πατὴρ,
500 2849 782 2920 ἀγαπήσει
814 2849 871 2902 δὲ
905 2848 1056 2902 οὐδὲν
1082 2843 1245 2920 ἦττον
1271 2847 1365 2901 καὶ
1387 2849 1414 2901 6
1443 2848 1591 2911 Υίός.
1628 2848 1838 2923 Ὥσπερ

231 2943 342 3012 γάρ
413 2945 572 2996 ἐστιν
630 2941 947 3013 όμοούσιος,
991 2940 1139 2995 οὕτω
1205 2943 1302 2995 καὶ
1355 2941 1714 3013 συνεθελητὴς
1759 2943 1839 3014 τῷ

241 3037 349 3107 ἰδίῳ
371 3037 688 3106 γεννήτορι.
715 3037 863 3099 Μιᾶς
882 3034 991 3105 γὰρ
1012 3034 1199 3098 οὐσίας
1221 3033 1279 3087 ἒν
1301 3034 1473 3105 δήπου
1516 3034 1576 3086 τὸ
1603 3033 1836 3105 θέλημα,

242 3128 325 3181 καὶ
356 3127 572 3190 σκοπὸς
609 3128 694 3196 ἐφ’
721 3126 926 3181 ἅπασιν
964 3122 1064 3192 εἷς,
1101 3127 1197 3180 καὶ
1230 3126 1291 3178 τὸ
1328 3124 1631 3192 διαφωνοῦν
1663 3125 1834 3190 οὐδὲν,

235 3220 400 3290 ἤγουν
424 3219 512 3282 είς
536 3217 735 3288 ἑτέραν
771 3217 866 3271 καὶ
888 3217 1082 3288 ἑτέραν
1103 3214 1432 3286 κατασχίζον
1455 3214 1693 3286 θέλησιν.
1710 3217 1834 3281 Τοῖς
1863 3255 1906 3313 c

229 3327 292 3378 γε
323 3311 435 3380 μὴν
457 3309 565 3378 τῆς
589 3308 741 3371 θείας
761 3307 984 3378 ἀγάπης
1013 3306 1337 3378 ἠξιωμένοις
1360 3304 1614 3377 λαμπρὸν
1640 3307 1836 3360 ἐπιδώ-

232 3421 347 3457 σειν
380 3405 446 3457 τδ
471 3404 646 3474 γέρας
680 3399 1102 3470 ἐπαγγέλλεται,
1133 3400 1228 3452 καὶ
1259 3400 1341 3452 ὅτι
1367 3401 1488 3462 ταῖς
1508 3399 1649 3471 ὑπὲρ
1678 3400 1836 3470 λόγον

226 3495 432 3558 αὐτοὺς
461 3491 800 3562 καταστέψει
829 3491 1083 3562 δωρεαῖς.
1109 3509 1129 3541 ι
1149 3488 1468 3560 Ἐμφανίσω
1487 3489 1616 3563 γὰρ,
1645 3494 1834 3562 φησὶν,

228 3585 385 3655 αὐτῷ
426 3583 696 3655 ἐμαυτόν.
743 3602 761 3634 r
807 3581 1059 3653 Καθαροὶ
1092 3580 1200 3650 γὰρ
1239 3579 1390 3650 παρά
1422 3583 1536 3645 τοῖς
1576 3583 1838 3655 καθαροῖς

230 3681 281 3732 οἱ
311 3677 576 3748 περὶτῆς
616 3673 876 3738 θεοπτίας
909 3673 1124 3727 ἔσονται
1161 3671 1311 3740 λόγοι
1332 3689 1346 3703 ο
1391 3672 1690 3744 διαλάμπει
1723 3675 1780 3729 δὲ
1808 3677 1840 3730 6

227 3768 472 3840 Χριστὸς
503 3767 562 3821 ἐν
596 3767 780 3829 αὐτοῖς
800 3807 814 3832 ,
847 3764 934 3819 διὰ
961 3763 1054 3818 τοῦ
1087 3763 1216 3818 ἰδίου
1245 3762 1490 3833 δηλονότι
1514 3765 1836 3837 Πνεύματος

226 3863 312 3924 εις
344 3861 564 3914 ἐκαστα
597 3857 705 3911 τῶν
733 3856 961 3910 δεόντων
1007 3855 1363 3925 φωταγωγῶν
1383 3897 1396 3922 ,
1435 3857 1530 3910 καὶ
1572 3859 1835 3930 ἀρρήτοις

226 3953 339 4006 τισὶ
360 3948 680 4023 δᾳδουχίαις
701 3949 821 4010 ταῖς
842 3946 985 4000 κατά
1001 3946 1092 4000 τὸν
1108 3945 1238 3999 νοῦν-
1252 3945 1448 3999 ἐαυτὸν
1466 3947 1837 4003 ἐκκαλύπτων

230 4047 322 4098 καὶ
363 4043 593 4114 ἐμφανῆ
625 4039 909 4103 καθιστάς.
945 4040 1008 4093 Ol.
1037 4038 1095 4092 δὲ
1130 4037 1277 4104 ἅπαξ
1304 4037 1540 4103 ἑλόντες,
1569 4041 1830 4112 μακάριοί

1946 2028 2009 2074 ιιι
2034 2021 2305 2092 scriptum
2335 2029 2422 2076 est
2463 2023 2528 2077 ¹².
2558 2021 2892 2092 Quicunque
2926 2038 3057 2078 vero
3091 2022 3218 2078 talis
3263 2022 3358 2086 sit,
3392 2021 3540 2075 hunc

1940 2110 2068 2182 jure
2093 2112 2240 2168 Deus
2271 2128 2334 2168 ac
2357 2111 2522 2169 Pater
2550 2114 2762 2186 diliget,
2797 2130 2900 2169 nec
2945 2116 3134 2170 minus
3167 2115 3296 2170 item
3333 2113 3536 2174 Filius.

1948 2203 2020 2259 Ut
2046 2205 2192 2260 enim
2227 2204 2398 2276 828
2425 2213 2512 2261 est
2544 2205 3062 2272 consubstantialis,
3098 2208 3175 2260 ita
3209 2213 3263 2261 et
3286 2205 3538 2276 ejusdem

1944 2304 2031 2353 est
2058 2311 2184 2353 cum
2210 2295 2472 2354 Genitore
2499 2313 2603 2354 suo
2633 2299 2961 2354 voluntatis.
2999 2298 3186 2356 Unius
3215 2299 3362 2353 enim
3406 2297 3540 2353 sub-

1943 2387 2166 2445 stantiae
2209 2402 2320 2443 una
2357 2389 2555 2460 utique
2588 2397 2679 2446 est
2710 2390 2992 2456 voluntas,
3029 2405 3290 2460 unusque
3331 2404 3538 2459 scapus

1945 2478 2001 2533 in
2029 2478 2312 2544 omnibus,
2348 2494 2453 2534 nec
2493 2479 2870 2551 discrepantia
2898 2480 3030 2545 ulla,
3058 2494 3168 2549 qua
3213 2479 3267 2533 in
3315 2479 3538 2533 diversa

1946 2570 2218 2627 ferantur.
2276 2570 2653 2644 Quoscunque
2709 2588 2842 2629 vero
2893 2571 3194 2628 dilectione
3247 2586 3348 2626 sua
3389 2569 3537 2625 Deus

1943 2661 2202 2733 dignatus
2235 2660 2425 2727 fuerit,
2461 2661 2531 2717 iis
2574 2663 2792 2718 clarum
2830 2661 3119 2734 praemium
3163 2659 3427 2715 daturum
3475 2675 3536 2717 se

1943 2753 2260 2824 pollicetur,
2294 2767 2504 2822 eosque
2534 2753 2700 2809 donis
2751 2755 2903 2808 omni
2942 2753 3194 2808 oratione
3228 2751 3535 2821 majoribus

1941 2854 2359 2900 coronaturum.
2402 2863 2420 2897 ι
2469 2843 2838 2900 Manifestabo
2870 2845 3040 2906 enim,
3074 2844 3282 2914 inquit,
3327 2843 3374 2898 ei
3420 2858 3535 2898 me-

1941 2937 2143 3008 ipsum.
2178 2956 2196 2988 ι
2235 2936 2365 2991 Puri
2405 2937 2556 2993 enim
2613 2936 2762 3007 apud
2805 2952 2973 3007 puros
3002 2942 3166 2990 erunt
3214 2934 3281 2990 de
3317 2933 3410 2989 Dei
3445 2931 3534 2987 vi-

1939 3030 2094 3086 sione
2131 3045 2457 3085 sermones:
2484 3029 2813 3099 resplendet
2840 3046 2975 3084 vero
3007 3027 3270 3082 Christus
3317 3027 3373 3081 in
3430 3031 3530 3091 iis.

1939 3137 2036 3192 per
2086 3137 2247 3177 suum
2283 3136 2481 3191 nempe
2518 3121 2786 3190 Spiritum
2829 3121 2898 3175 ad
2940 3119 3122 3175 oilicia
3169 3118 3387 3189 singula
3435 3133 3533 3172 eos

1938 3211 2236 3275 deducens,
2263 3220 2320 3267 et
2353 3211 2620 3268 ineﬂ‘abili
2652 3212 3030 3268 illustratione
3061 3211 3307 3281 seipsurn
3341 3224 3534 3263 eorum

1943 3305 2225 3360 mentibus
2275 3304 2535 3360 revelans
2597 3313 2765 3375 atque
2814 3304 3208 3358 manifestans.
3260 3300 3367 3367 Qui
3403 3314 3535 3354 vero

1942 3396 2112 3451 semel
2147 3411 2271 3452 eum
2317 3396 2688 3466 susceperint,
2721 3396 2867 3452 beati
2902 3406 2957 3451 et
2988 3394 3324 3466 spectabiles
3349 3399 3533 3448 erunt.

1942 3486 2096 3542 Talis
2121 3487 2252 3542 mihi
2287 3488 2507 3542 videtur
2537 3487 2708 3544 David
2746 3489 3034 3558 propheta,
3068 3503 3192 3541 cum
3221 3487 3298 3539 ait
3333 3503 3345 3538 :
3387 3488 3536 3538 «Au-

1942 3579 2090 3634 diam
2140 3580 2272 3649 quid
2327 3579 2584 3650 loquatur
2627 3582 2681 3635 in
2726 3596 2814 3636 me
2872 3579 3143 3635 Dominus
3199 3577 3346 3632 Deus
3384 3576 3448 3628 ¹³.
3508 3593 3528 3626 ι

1942 3669 2090 3738 Quin
2145 3682 2199 3727 et
2247 3672 2368 3742 ipse
2417 3671 2640 3728 divinus
2695 3673 3003 3744 Apostolus
3046 3672 3344 3727 scribens:
3388 3688 3406 3720 ι
3447 3669 3532 3722 Αη

1939 3763 2376 3834 experimentum
2417 3765 2670 3830 quaeritis
2708 3766 2830 3835 ejus
2881 3766 2976 3835 qui
3031 3765 3086 3818 in
3145 3780 3233 3819 me
3286 3763 3533 3830 loquitur

1939 3855 2198 3911 Christus
2230 3856 2320 3910 “‘3
2357 3875 2377 3907 ι
2407 3855 2681 3927 Loquitur
2717 3859 2864 3913 enim
2895 3859 2947 3911 in
2977 3859 3184 3912 sanctis
3216 3871 3314 3925 per
3351 3853 3529 3923 Spiri-

1941 3953 2076 4009 tum,
2100 3952 2217 3998 tum
2237 3960 2357 4009 sua,
2386 3955 2500 3999 tum
2525 3948 2629 4000 alia
2665 3955 2926 4018 praeterea
2962 3949 3217 4003 revelans
3239 3947 3532 4018 mysteria.

1936 4034 2152 4093 Idcirco
2189 4038 2339 4092 enim
2399 4045 2454 4093 et
2509 4047 2772 4094 accurate
2829 4054 2893 4094 ea
2953 4041 3330 4109 intelligentes
3389 4039 3536 4094 alias

229 4153 286 4190 τε
329 4137 432 4190 καὶ
481 4131 740 4201 ζηλωτοί.
796 4131 907 4186 Καί
948 4148 1040 4200 μοι
1089 4130 1239 4185 δοκεῖ
1277 4130 1518 4194 τοιοῦτός
1563 4148 1646 4195 τις
1687 4128 1830 4189 εἶναι

1944 4130 2157 4202 quidem
2193 4131 2390 4186 aiunt:
2433 4149 2454 4183 ι
2492 4130 2662 4188 Nobis
2707 4132 3154 4189 revelavit'Deus
3204 4149 3303 4204 per
3355 4130 3534 4201 Spiri-

227 4227 408 4295 λέγων
434 4227 464 4280 6
509 4223 799 4294 προφήτης
830 4221 1026 4274 Δαϐίδ·
1071 4239 1092 4273 ι
1138 4221 1470 4292 Ἀκούσομαι
1504 4222 1558 4275 τί
1596 4222 1821 4294 λαλήσει

1944 4234 2053 4280 tum
2070 4226 2138 4294 ¹⁸;
2154 4245 2172 4276 ›
2187 4227 2326 4282 alias
2346 4241 2481 4282 vero
2500 4246 2545 4282 ε(
2561 4227 2667 4282 Nos
2684 4227 2888 4283 Christi
2909 4244 3132 4284 sensum
3156 4225 3526 4290 habemns“,t

229 4319 286 4370 ἐν
318 4321 450 4388 ἐμοὶ
484 4315 691 4385 Κύριος
719 4315 748 4367 6
774 4311 926 4376 Θεός.
954 4331 974 4365 r
1026 4313 1139 4367 Καὶ
1170 4312 1276 4384 μὴν
1311 4308 1597 4377 καὶάύτὸς
1633 4315 1767 4384 ἡμῖν
1800 4317 1830 4369 6

1944 4331 2162 4372 sensum
2197 4316 2403 4372 Christi
2434 4316 2704 4388 Spiritum
2739 4319 2862 4388 ejus
2889 4335 3014 4376 esse
3040 4321 3313 4375 dicentes.

229 4411 374 4474 θεῖος
408 4405 747 4462 ἐπιστέλλων
789 4404 1110 4468 ’Δπόστολος
1134 4421 1150 4437 ο
1204 4423 1222 4456 ι
1257 4404 1320 4457 Εἰ
1345 4404 1576 4474 δοκιμὴν
1608 4405 1826 4476 ζητεῖτε
1863 4407 1959 4461 τοῦ
1991 4409 2049 4462 ἐν
2076 4409 2202 4480 ἐμοὶ
2229 4408 2524 4475 λαλοῦντος
2551 4411 2828 4482 Χριστοῦς
2870 4433 2890 4466 ι
2929 4413 3097 4467 Λαλεῖ
3156 4412 3264 4483 γὰρ
3301 4411 3360 4464 ἐν
3419 4409 3532 4470 τοῖς

228 4505 412 4573 ἁγίοις
444 4501 538 4556 διὰ
563 4499 658 4554 τοῦ
690 4498 1010 4567 Πνεύματος
1038 4497 1112 4551 τὰ
1137 4495 1256 4551 καθ’
1293 4497 1506 4561 ἐαυτὸν,
1537 4499 1632 4552 καὶ
1665 4499 1832 4570 ἔτερα
1863 4500 1921 4554 δέ
1949 4501 2088 4573 πρὸς
2108 4500 2318 4566 τούτοις
2348 4503 2753 4558 ἀποκαλύπτων
2821 4507 3115 4578 μυστήρια.
3185 4503 3286 4556 Διὰ
3309 4499 3419 4570 γάρ
3449 4515 3530 4555 τοι

225 4598 414 4661 τοῦτο,
446 4595 547 4649 καὶ
576 4591 830 4654 συνέντες
867 4589 1114 4661 ἀκριϐῶς
1147 4587 1324 4655 αὐτὰ,
1387 4589 1519 4643 ποτὲ
1575 4589 1679 4661 μὲν
1745 4592 2033 4663 λέγουσιν,
2079 4594 2162 4647 ὄτι
2234 4613 2253 4646 ι
2301 4595 2464 4666 Ἡμῖν
2521 4597 2625 4667 μὲν
2656 4596 3008 4667 ἀπεκάλυψεν
3049 4599 3077 4650 6
3117 4595 3252 4658 Θεὸς
3303 4596 3394 4650 διὰ
3434 4593 3530 4647 τοῦ

226 4688 590 4759 Πνεύματος,
622 4705 642 4739 ι
697 4685 828 4739 ποτέ
857 4684 916 4738 δὲ
939 4683 1134 4751 πάλιν,
1164 4703 1186 4736 ι
1235 4685 1429 4756 Ἡμεῖς
1455 4686 1514 4740 δὲ
1544 4685 1670 4740 νοῦν
1699 4684 1939 4757 Χριστοῦ
1964 4684 2182 4756 ἔχομεν,
2215 4703 2234 4735 ›
2267 4684 2392 4738 νοῦν
2423 4681 2565 4740 εἶναι
2598 4687 2852 4756 λέγοντες
2915 4688 2977 4742 τὸ
3037 4685 3263 4756 Πνεῦμα
3339 4685 3527 4741 αὐτοῦ.

296 4781 478 4851 Λέγει
506 4778 670 4845 αὐτῷ
706 4779 929 4846 Ἰούδας
949 4817 964 4842 ,
996 4781 1116 4847 οὐχ·
1139 4778 1562 4849 όἸσκαριώτης
1581 4795 1596 4810 ο
1629 4780 1830 4848 Κύριε,

2011 4777 2152 4844 XIV,
2185 4777 2276 4834 2‘2.
2311 4778 2454 4832 Dicit
2477 4781 2524 4834 ei
2551 4777 2750 4845 ludas,
2782 4797 2887 4834 non
2927 4781 3018 4835 ille
3049 4779 3338 4835 Iscariotes
3365 4796 3382 4834 :
3415 4778 3530 4834 Do-

225 4875 286 4928 τί
309 4873 590 4944 γέγονεν,
621 4870 709 4925 ὅτι
727 4870 872 4940 ἡμῖν
897 4871 1150 4941 μέλλεις
1173 4870 1516 4940 ἐμφανίζειν
1541 4871 1828 4938 σεαυτὸν,

1944 4869 2099 4931 mine,
2129 4869 2256 4939 quid
2297 4869 2498 4939 factum
2530 4882 2608 4925 ρει
2650 4872 2779 4941 quia
2815 4873 3261 4943 manifestatum;
3291 4889 3345 4927 es
3379 4872 3528 4927 nobis

227 4965 326 5022 καὶ
358 4963 504 5031 οὐχ).
531 4960 612 5028 τῷ
642 4963 887 5032 κόσμφ;

1944 4961 2165 5030 teipsum
2184 4998 2198 5022 ,
2239 4969 2289 5014 et
2317 4977 2420 5014 non
2451 4962 2694 5017 mundo?

309 5059 407 5124 Ἐξ
443 5055 670 5124 ἀγάπης
721 5055 820 5126 μὲν
861 5053 1078 5126 πρόεισι
1116 5053 1570 5126 φιλοπευστήσων
1600 5053 1634 5107 6.
1655 5053 1833 5126 μαθη-

2013 5050 2382 5108 Siscitaturus
2439 5053 2664 5124 quidem
2712 5053 3032 5110 dilectionis
3088 5053 3140 5108 vi
3197 5061 3251 5108 et
3285 5053 3528 5123 impulsu

227 5149 358 5220 τὴς,
397 5147 545 5219 πλὴν
586 5146 688 5200 οὑκ
714 5145 962 5217 ἀκριϐῶς
1003 5147 1199 5217 ὁρᾶται
1244 5147 1427 5212 συνεὶς
1453 5146 1549 5202 τοῦ
1579 5148 1833 5220 Σωτῆρος

1944 5144 2152 5199 accedit
2187 5143 2515 5215 discipulus,
2577 5147 2675 5202 sed
2735 5164 2846 5202 non
2899 5157 3155 5202 accurate
3217 5144 3528 5199 Servatoris

225 5242 318 5296 τὸν
352 5240 542 5308 λόγον.
602 5239 672 5293 ⁸0·
697 5239 798 5308 μὲν
831 5238 942 5310 γὰρ
966 5238 1178 5308 Κύριος
1201 5239 1359 5309 ήμῶν
1395 5239 1603 5310 Ἰησοῦς
1645 5240 1674 5292 6
1698 5241 1834 5311 Χρι-

1944 5253 2243 5293 sermonem
2280 5253 2481 5308 capere
2510 5237 2750 5294 videtur.
2799 5238 3066 5294 Dominus
3130 5239 3274 5292 enim
3337 5245 3528 5290 noster

228 5331 352 5394 στδς
379 5329 661 5400 ἐξαίρετόν
680 5346 804 5382 τινα
824 5331 941 5392 τοῖς
954 5327 1129 5397 ἁγίοις
1151 5330 1463 5401 ὑπισχνεῖτο
1485 5329 1585 5401 τὴν
1606 5330 1832 5399 γνῶσιν,

1944 5326 2092 5385 Iesus
2121 5328 2382 5384 Christus
2427 5328 2694 5384 eximiam
2731 5330 3034 5400 quamdam
3073 5329 3282 5384 sanctis
3335 5327 3526 5398 cogni-

230 5424 322 5476 καὶ
335 5423 462 5492 οὐχὶ
479 5424 546 5493 τῇ
560 5420 670 5474 τῶν
685 5420 864 5476 ἄλλων
883 5421 1684 5493 παρεικασμένην.’1σχνότεροι
1724 5428 1834 5496 γάρ

1944 5422 2140 5478 :ionem
2164 5422 2568 5491 pollicebatur,
2596 5439 2698 5479 nec
2743 5423 2980 5478 aliorum
3027 5420 3332 5492 cognitioni
3369 5420 3526 5476 simi-

1929 5513 2060 5570 lem.
2093 5511 2425 5570 Subtiliores
2455 5515 2660 5585 quippe
2685 5530 2749 5569 ac
2778 5515 2952 5570 multo
2994 5513 3262 5569 clariores
3301 5511 3525 5566 divino-

1935 5620 2061 5662 rum
2093 5606 2486 5678 mysteriorum
2521 5607 2876 5663 characteres
2915 5607 2972 5661 in
3022 5605 3230 5662 divinis
3285 5603 3527 5660 homini-

231 5515 323 5567 καὶ
354 5513 504 5567 κατά
539 5513 675 5567 πολὺ
706 5513 1056 5585 διειδέστεροι
1085 5513 1202 5567 τῶνε
1223 5513 1382 5568 θείων
1415 5515 1733 5586 μυστηρίων
1779 5517 1835 5570 οἰ

231 5608 588 5679 χαρακτῆρες
617 5607 680 5660 ἐν
706 5607 818 5671 τοῖς
847 5605 1160 5678 ἀνθρώποις
1183 5608 1297 5671 τοῖς
1320 5606 1486 5673 θείοις
1518 5607 1832 5680 ἐκλάμπου-

302 5806 347 5837 ¹⁶
391 5804 714 5880 [Cor-1x311,
755 5806 841 5863 ιο.
920 5807 977 5880 ἥ
1005 5805 1421 5880 Joan.xiv,72gl.
1501 5809 1546 5845 ¹²
1575 5808 1738 5868 Deut.
1771 5825 1843 5877 xu

1947 5807 2005 5880 5;
2035 5806 2227 5866 Matth.
2259 5823 2417 5878 κνιιι,
2454 5809 2542 5867 16.
2581 5802 2586 5805 ’
2619 5810 2670 5845 η
2695 5807 2842 5867 Psal.
2863 5821 3086 5874 mxtv,
3119 5807 3175 5866 9.
3251 5804 3366 5866 “Il
3390 5806 3519 5867 Cor.

238 5888 360 5942 xm,
391 5876 450 5934 3.
528 5877 571 5910 "
611 5875 629 5930 1
661 5875 790 5932 Cor.
818 5893 882 5939 Il,
920 5878 1007 5933 10.
1062 5879 1106 5911 ίθ
1139 5876 1277 5935 Ibid.
1309 5879 1396 5935 I6.
