4006 6416
214 336 324 399 289

1216 333 1283 391 lN
1321 333 1612 390 JOANNIS
1650 331 2103 389 EVANGELIUM
2142 332 2273 389 LIB.
2320 332 2387 388 Χ.

3376 338 3488 395 290

214 451 310 510 καὶ
333 452 667 526 εἰθισμένως
689 455 800 518 τοῖς
821 452 1001 517 ἄλλοις
1021 452 1117 524 τὴν
1137 455 1200 506 ἐκ
1225 453 1319 507 τοῦ
1345 454 1611 524 ὀνόματος
1637 470 1702 525 ση
1713 470 1803 525 μα-

1917 451 2046 520 quis
2082 450 2372 504 civitatem
2407 449 2673 515 nominet,
2728 449 2900 504 totius
2939 447 3180 506 civitatis
3205 449 3375 522 83o
3409 453 3495 506 in-
3560 455 3566 461 '

212 546 338 601 σίαν
372 544 645 599 ἐκλαϐών.
702 544 926 615 Κόσμον
964 543 1073 616 γὰρ
1114 543 1235 608 ἔθος
1268 544 1416 597 ἐστὶν
1444 547 1577 615 ἡμῖν
1602 544 1807 616 όνομά-

210 638 358 703 ζειν,
402 637 551 691 κατά
585 653 651 703 γε
698 637 788 691 τὸν
828 636 1054 709 εὑτριὸῆ
1101 636 1196 689 καὶ
1239 639 1353 701 τοῖς
1401 636 1582 700 ἄλλοις
1634 636 1807 690 ἅπασι

210 726 584 797 προκείμενον
618 725 778 795 λόγον
800 768 814 788 ,
857 729 984 790 τοὺς
1018 729 1077 779 έν
1102 727 1266 779 παντὶ
1296 726 1373 798 τῷ
1402 728 1595 797 κόσμῳ
1619 728 1804 799 τυχὸν,

214 818 404 891 ὥσπερ
432 821 487 873 εί
503 837 592 883 τις
620 821 716 874 καὶ
740 819 894 874 πόλιν
912 819 1080 888 λέγοι,
1104 820 1230 884 τοὺς
1244 819 1371 891 ὅλην
1399 820 1682 883 οἰκοῦντας
1707 820 1807 891 τὴν

219 910 382 962 ¹πόλιν.
414 910 568 982 Πλὴν
584 911 947 984 ἀξιοζήλωτος
970 912 1063 966 καὶ
1090 912 1259 965 ταῦτα
1277 912 1452 981 λέγων
1476 915 1504 966 ὁ
1529 910 1803 984 μαθητής.

222 1000 405 1071 ’Δθρει
435 1001 550 1073 γὰρ
597 1004 750 1067 ὅπως
794 1002 949 1071 ἡλίου
996 1003 1152 1073 δίκην
1203 1006 1316 1067 τοῖς
1364 1004 1466 1057 ἀνὰ
1497 1006 1677 1058 πᾶσαν
1706 1003 1805 1075 τὴν

219 1094 310 1162 γῆν
339 1095 446 1164 τὴν
489 1094 589 1149 τοῦ
618 1095 875 1167 Σωτῆρος
926 1094 1307 1164 διαφαίνεσθαι
1334 1094 1494 1160 δόξαν
1523 1096 1802 1167 ἐπιθυμεῖ,

216 1184 386 1237 καίτοι
423 1182 541 1236 τῶν
572 1183 699 1238 καθ’
732 1184 927 1238 ἑαυτὸν
954 1185 1004 1236 εἰ
1041 1182 1204 1254 μόνον
1253 1184 1490 1235 ὲποιεῖτο
1519 1181 1800 1252 πρόνοιαν,

214 1275 334 1344 ἐξῆν
366 1273 570 1343 ἔχοντα
602 1275 704 1344 τῆς
738 1273 995 1344 γνώσεως
1017 1274 1116 1345 τὴν
1154 1274 1468 1345 ὑπόσχεσιν,
1496 1274 1589 1327 ἐπὶ
1623 1272 1806 1343 μόνοις

210 1370 316 1431 τοῖς
362 1368 523 1432 ἰδίοις
555 1367 785 1439 ἥδεσθαι
817 1369 1025 1432 καλοῖς.
1077 1367 1217 1421 Ἀλλ’
1262 1368 1364 1421 οὐκ
1415 1365 1638 1438 ἐξήρκει
1664 1366 1803 1437 πρὸς

209 1460 484 1532 θυμηδίαν
532 1460 596 1514 τὸ
641 1460 956 1525 ἰδιαζόντως
1008 1459 1199 1532 ὥσπερ
1243 1459 1394 1529 αὐτῷ
1440 1457 1803 1530 δοθησόμενον

205 1552 412 1620 ἀγαθόν
443 1570 459 1584 '
492 1552 687 1625 ἐπειδὴ
720 1552 779 1605 δὲ
812 1548 880 1624 ἦν
910 1551 1158 1622 φιλόθεός
1181 1569 1239 1606 τε
1273 1552 1410 1623 ὁμοῦ
1435 1552 1532 1606 καὶ
1564 1551 1806 1621 φιλάδελ-

1916 542 2091 598 colas.
2126 541 2518 597 Verumtamen
2550 540 2717 597 laude
2746 555 2969 611 quoque
2998 541 3200 612 dignus
3244 551 3329 597 est
3371 557 3498 597 cum

1916 633 2032 688 haec
2063 633 2141 687 ait
2163 632 2490 703 discipulus.
2520 631 2658 688 Vide
2687 632 2836 687 enim
2862 647 2975 702 quo
3006 640 3166 701 pacto
3191 631 3503 691 Servamris

1915 725 2145 794 gloriam
2175 724 2314 781 solis
2352 724 2532 780 instar
2566 739 2664 794 per
2710 723 3030 779 universam
3066 734 3268 777 terram
3316 724 3503 779 lucere

1913 817 2121 886 cupiat,
2162 832 2287 871 cum
2312 817 2361 871 ei
2391 817 2583 872 liceret
2612 815 2729 871 suis
2763 815 3148 870 tantummodo
3191 815 3352 871 bonis
3402 815 3501 869 ob-

1913 908 2140 987 lecturi.
2172 907 2510 978 cOgnitionis
2552 906 2983 976 promissionem
3020 905 3264 970 habenti,
3304 905 3353 961 si
3417 905 3502 960 sui

1914 1009 2124 1053 tantum
2152 1014 2343 1054 curam
2382 999 2634 1053 haberet.
2669 996 2779 1053 Sed
2811 999 3016 1053 bonum
3053 997 3161 1055 sibi
3202 996 3302 1053 uni
3337 1011 3506 1066 pecu—

1913 1091 2126 1147 liariter
2149 1091 2321 1146 tribui
2354 1104 2703 1161 nequaquam
2744 1088 2809 1143 ad
2845 1087 3163 1143 felicitatem
3209 1086 3348 1142 satis
3376 1100 3503 1141 esse

1910 1184 2174 1255 putabat:
2205 1198 2398 1239 verum
2428 1197 2557 1237 cum
2597 1180 2694 1235 Dei
2735 1180 2899 1235 simul
2933 1195 2998 1234 ac
3034 1178 3270 1234 fratrum
3304 1192 3502 1233 amans

1909 1276 2005 1341 sit,
2029 1275 2196 1345 longe
2225 1275 2443 1344 lateque
2466 1273 2690 1329 extendi
2720 1272 3035 1328 Servatoris
3068 1271 3299 1341 gloriam
3322 1269 3499 1340 cupit,

1908 1380 1966 1426 et
2016 1369 2288 1423 fratribus
2337 1368 2568 1439 gratiam
2635 1368 2692 1422 in
2744 1381 3039 1421 commune
3102 1364 3363 1435 proponi.
3413 1362 3497 1417 Ad

1911 1467 2159 1517 exactam
2200 1460 2401 1530 quippe
2437 1457 2532 1513 Dei
2557 1457 2930 1528 cognitionem
2976 1455 3189 1522 vocari,
3235 1453 3495 1525 quidnam

1920 1553 2081 1606 habet
2113 1551 2257 1621 quod
2300 1565 2424 1606 cum
2465 1564 2533 1606 eo
2567 1549 2880 1619 comparari
2913 1547 3132 1619 possit?

207 1664 324 1716 (ρος,
354 1646 803 1701 ὲκπλατύνεσθαι
830 1644 925 1699 τοῦ
975 1645 1232 1716 Σωτῆρος
1262 1643 1539 1714 τὴνδὸξαν
1560 1644 1845 1715 ἐπιθυμεῖ,
1886 1641 2074 1712 κοινὴν
2117 1642 2176 1695 δὲ
2219 1644 2332 1706 τοῖς
2380 1640 2631 1710 ἀδελφοῖς
2676 1640 3004 1710 προκεῖσθαι
3052 1637 3151 1711 τὴν
3201 1639 3385 1711 χάριν.
3424 1638 3500 1693 Τὸ

209 1739 313 1810 γὰρ
340 1740 427 1803 εἰς
469 1737 675 1808 γνῶσιν
709 1737 914 1810 ἀκριϐῆ
960 1736 1246 1791 καλεῖσθαι
1278 1736 1439 1803 Θεοῦ,
1478 1736 1532 1789 τί
1560 1736 1627 1791 ἂν
1646 1735 1762 1806 ἔχοι
1788 1734 1851 1787 τὸ
1882 1732 2222 1799 ἰσοστατοῦνς

280 1856 608 1925 Ἀπεκρίθη
651 1855 919 1923 Ἰησοῦς,
960 1854 1060 1909 καὶ
1093 1855 1264 1909 εἶπεν
1290 1850 1452 1920 αὐτῷ
1480 1869 1494 1882 ·
1549 1851 1685 1906 Ἐάν
1716 1869 1805 1917 τις

1981 1849 2123 1916 XIV,
2159 1851 2248 1904 23.
2297 1849 2590 1919 Respondit
2632 1848 2828 1914 Iesus,
2863 1859 2915 1905 et
2963 1850 3102 1904 dixit
3139 1852 3236 1906 ei:
3266 1849 3328 1906 Si
3377 1850 3497 1921 quis

208 1944 413 2018 ἀγαπᾷ
436 1962 551 2015 με,
591 1944 702 1999 τὸν
726 1947 918 2016 λόγον
935 1961 1056 2015 μου
1081 1944 1335 2013 τηρήσει
1354 1985 1369 2009 ,
1404 1942 1503 1997 καὶ
1536 1945 1569 1997 ό
1595 1939 1799 2010 Πατήρ

1913 1942 2075 2015 tiligit
2105 1960 2208 2008 me,
2241 1960 2533 1998 sermonem
2567 1960 2740 1997 meum
2767 1943 2994 1998 servabit
3021 1959 3040 1997 :
3063 1952 3112 1998 et
3139 1944 3305 1998 Pater
3349 1958 3497 1996 meus

203 2058 322 2112 μου
345 2037 662 2110 ἀγαπήσει
686 2038 894 2103 αὐτὸν,
914 2038 1013 2095 καὶ
1034 2038 1185 2108 πρὸς
1197 2038 1388 2093 αὐτὸν
1407 2036 1801 2105 ἐλευσόμεθα,

206 2131 304 2187 καὶ
321 2130 539 2202 μονὴν
568 2130 705 2200 παρ’
730 2128 894 2196 αὐτῷ
913 2131 1307 2200 ποιησόμεθα.

273 2246 352 2298 Οὐ
382 2245 602 2315 σφόδρα
624 2246 854 2301 συνέντα
875 2246 1164 2318 θεωρήσας
1190 2244 1285 2299 τὸν
1315 2243 1565 2317 μαθητὴν
1586 2287 1601 2310 ,
1641 2243 1807 2299 ἐπάν-

206 2355 310 2390 εισι
342 2337 518 2392 πάλιν
550 2338 643 2390 ἐπὶ
678 2338 741 2392 τὸ
770 2338 830 2391 ὲν
862 2339 1061 2409 ἀρχαῖς
1089 2337 1413 2410 εἰρημένον,
1443 2338 1540 2391 καὶ
1565 2336 1805 2390 διδάσκει

210 2428 433 2498 σαφῶς,
472 2429 552 2494 ὡς
588 2431 650 2483 οὐ
686 2430 831 2485 κατά
859 2430 1027 2501 μόνην
1048 2428 1147 2501 τὴν
1177 2431 1237 2483 ἐν
1262 2428 1466 2502 είδήσει
1510 2429 1808 2501 νοουμένην

206 2521 513 2589 ἐπίγνωσιν
545 2521 742 2575 ἑαυτὸν
786 2521 1082 2593 ἑμφανίσει
1121 2522 1237 2586 τοῖς
1272 2519 1543 2592 γνησίοις,
1580 2519 1696 2574 ἀλλ’
1721 2518 1808 2584 ὲξ-

206 2614 429 2685 αίρετός
463 2631 552 2677 τις
597 2614 783 2676 αὐτοῖς
825 2613 922 2666 καὶ
952 2613 1076 2683 οὐχὶ
1122 2615 1235 2676 τοῖς
1279 2611 1463 2677 ἄλλοις
1500 2610 1754 2684 ἐντριϐὴς
1779 2611 1808 2663 ὁ

204 2704 303 2775 τῆς
336 2702 674 2775 ἐλλάμψεως
693 2701 926 2775 ὑπάρξει
954 2704 1176 2775 τρόπος.
1204 2704 1267 2757 Oi
1305 2706 1403 2776 μὲν
1425 2704 1534 2776 γὰρ
1564 2704 1807 2773 ἀγελαῖοι

205 2796 392 2867 τυχὸν,
425 2797 529 2849 καὶ
559 2795 687 2868 ἄρτι
716 2795 881 2865 τυχὸν
902 2796 1004 2867 τῆς
1027 2794 1139 2849 τῶν
1161 2795 1399 2850 εἰδώλων
1423 2794 1640 2866 ἀπάτης
1675 2796 1808 2850 ἀπο-

208 2886 608 2956 φοιτήσαντες,
670 2883 1003 2955 κεκλημένοι
1040 2901 1102 2939 τε
1153 2884 1293 2956 πρὸς
1354 2882 1656 2953 ἐπίγνωσιν
1711 2883 1806 2938 τοῦ

209 2979 344 3032 κατά
395 2976 572 3047 φύσιν
626 2976 783 3041 ὄντος
838 2975 1006 3044 θεοῦ,
1053 2976 1112 3032 ὲν
1135 2975 1311 3046 ψιλοῖς
1362 2976 1459 3031 καὶ
1513 2975 1808 3048 ἀζητήτοις

213 3068 386 3139 ἔχουσι
422 3068 719 3140 λογισμοῖς
748 3067 849 3140 τὴν
882 3067 1100 3132 πίστιν,
1147 3067 1283 3121 αὐτὸ
1315 3065 1381 3139 δὴ
1409 3065 1569 3121 τοῦτο
1602 3065 1805 3138 μαθόν-

210 3176 292 3224 τες
323 3162 592 3233 φρονεῖν,
641 3159 719 3224 ὡς
748 3159 902 3213 οὐδὲν
941 3158 1158 3213 εἴδωλον
1189 3160 1248 3212 ὲν
1283 3158 1474 3230 κόσμῳ
1496 3157 1694 3231 τυχὸν,
1722 3152 1809 3221 ἐἷς

203 3253 257 3307 δέ
280 3256 451 3324 μόνος
484 3254 515 3307 ό
545 3251 712 3324 φύσει
741 3251 897 3316 Θεός.
950 3253 1014 3307 Oi
1040 3251 1099 3305 δὲ
1147 3251 1238 3306 διά
1273 3251 1455 3323 πάσης
1483 3252 1687 3324 ἀρετῆς
1715 3250 1808 3305 τὸν
1835 3302 1878 3359 C

203 3347 407 3399 οἰκεῖον
435 3343 1009 3416 καταλαμπρύνοντες
1036 3343 1181 3411 νοῦν,
1206 3342 1425 3416 ἔχοντές
1457 3362 1517 3398 τε
1536 3344 1638 3415 ἤδη
1664 3344 1805 3416 πρὸς

199 3438 259 3493 τὸ
290 3436 605 3509 μανθάνειν
631 3435 961 3508 ἐπιτηδείως
987 3434 1058 3489 τὰ
1084 3434 1203 3491 θεῖά
1232 3452 1293 3489 τε
1318 3435 1415 3490 καὶ
1442 3436 1804 3508 κεκρυμμένα

202 3533 520 3603 μυστήρια,
555 3529 659 3602 τὴν
688 3528 781 3583 διὰ
818 3527 915 3583 τοῦ
949 3528 1273 3601 Πνεῦματος
1309 3528 1571 3600 λήψονται
1618 3527 1804 3599 δᾳδου-

197 3624 347 3695 χίαν,
391 3624 495 3677 καὶ
524 3622 691 3677 αὐτὸν
719 3623 778 3676 ὲν
815 3623 1030 3686 ἑαυτοῖς
1056 3620 1444 3676 ὲναυλισθέντα
1471 3620 1562 3675 τὸν
1594 3619 1804 3691 Κύριον

196 3718 308 3780 τσῐς
337 3718 446 3787 τῆς
497 3714 741 3777 διανοίας
783 3712 1208 3787 ὲπαθροίσουσιν
1243 3712 1361 3786 [γρ.
1406 3709 1802 3785 ὲπαθρήσουσι]

195 3807 532 3878 ὀφθαλμοῖς.
592 3803 807 3860 Οὐκοῦν
838 3805 902 3859 οὐ
936 3804 1090 3876 κοινὴ
1120 3807 1233 3869 τοῖς
1275 3803 1456 3867 ἄλλοις
1483 3803 1594 3857 τῶν
1630 3801 1804 3873 ἁγίων

198 3903 232 3971 ἠ
255 3902 473 3971 γνῶσις
493 3941 509 3965 ,
563 3899 682 3955 ἀλλ’
715 3898 996 3972 ἐξαίρετός
1031 3916 1117 3962 τις
1149 3900 1243 3952 καὶ
1283 3895 1648 3969 διωρισμένη,
1709 3894 1805 3949 xui.

203 3995 409 4066 πολλὴν
479 3991 685 4064 ἔχουσα
729 3992 831 4063 τὴν
877 3990 1166 4063 διαφοράν.
1248 3988 1463 4057 Ὠφελεῖ
1507 3984 1803 4058 τοιγαροῦν

205 4084 283 4139 διὰ
310 4084 529 4149 παντὸς
563 4085 715 4157 ἡμᾶς
741 4083 903 4153 λόγου
924 4100 986 4137 τε
1006 4083 1101 4138 καὶ
1128 4082 1334 4154 τρόπου
1360 4079 1618 4152 Χριστός.
1650 4077 1804 4151 Πρῶ-

202 4194 289 4232 τον
320 4178 428 4250 μὲν
456 4178 576 4249 γὰρ
602 4176 687 4241 τίς
710 4179 740 4231 ό
767 4177 930 4231 αὐτὸν
958 4175 1190 4245 ἀγαπῶν
1215 4170 1275 4229 εὖ
1310 4175 1456 4245 μάλα
1484 4173 1801 4243 διορίζεται,

200 4270 441 4335 δεικνὺς,
475 4268 555 4334 ὣς
588 4268 654 4338 γέ
686 4286 780 4340 μοι
803 4266 1170 4338 φαίνεταικαὶ
1192 4269 1336 4322 νοεῖν
1368 4266 1578 4320 ἔπεισιν
1601 4264 1798 4338 ὀρθῶς,

202 4361 277 4424 ὡς
308 4362 413 4432 οὐχ
449 4361 661 4415 ἅπασιν
704 4360 920 4427 ἐφεῖται
966 4358 1156 4412 λαϐεῖν
1189 4358 1290 4431 τὴν
1337 4356 1432 4412 τοῦ
1466 4356 1803 4428 χαρίσματος

203 4453 468 4525 δύναμιν,
526 4453 644 4506 ἀλλ’
693 4446 888 4523 οἷσπερ
932 4448 1000 4505 ἀν
1052 4450 1357 4523 ἐνυπάρχον
1390 4449 1566 4521 ὁρῷτο
1605 4447 1667 4502 τὸ
1701 4445 1803 4513 τῆς

205 4548 281 4609 εἰς
334 4545 509 4600 αὐτὸν
550 4544 911 4616 γνησιότητος
969 4541 1231 4614 καύχημα
1295 4542 1383 4596 διὰ
1421 4540 1515 4596 τοῦ
1562 4542 1802 4612 τηρῆσαι

1907 2036 2091 2107 diliget
2121 2053 2261 2099 eum,
2296 2045 2345 2090 et
2372 2037 2442 2091 ad
2464 2053 2586 2091 eum
2610 2038 2896 2101 veniemus,
2919 2046 2969 2092 et
2996 2037 3329 2092 mansionem
3355 2033 3498 2106 apud

1907 2144 2028 2183 eum
2053 2128 2335 2198 faciemus.

1978 2239 2115 2296 Cum
2135 2255 2420 2298 sermones
2450 2256 2583 2298 suos
2610 2241 2941 2312 discipulum
2964 2241 3115 2297 haud
3140 2242 3278 2299 satis
3301 2258 3500 2316 capere

1907 2331 2143 2399 videret,
2182 2334 2250 2387 ad
2299 2332 2353 2388 id
2391 2332 2539 2405 quod
2595 2333 2757 2388 initio
2798 2333 3009 2389 dictum
3045 2343 3129 2389 est
3180 2337 3496 2400 revertitur,

1908 2423 2168 2495 clareque
2222 2423 2385 2480 docet
2441 2440 2554 2480 non
2611 2425 2921 2481 secundum
2982 2427 3156 2480 solam
3214 2442 3335 2497 quae
3376 2428 3499 2482 visu

1910 2521 2128 2570 constat
2160 2515 2533 2585 cognitionem
2563 2516 2682 2572 suis
2704 2530 2829 2573 sese
2859 2516 3370 2581 manifestaturum,
3401 2519 3499 2574 sed

1909 2605 2261 2662 eminentiori
2294 2605 2535 2675 quodam
2566 2621 2668 2662 nec
2700 2607 2825 2675 aliis
2856 2606 3060 2661 usitato
3106 2606 3499 2663 illustrationis

1910 2697 2095 2752 modo.
2128 2696 2403 2754 Rudiores
2447 2697 2594 2753 enim
2644 2712 2709 2751 ac
2743 2697 3010 2768 imperiti,
3062 2706 3117 2752 et
3157 2697 3250 2768 qui
3303 2713 3498 2755 recens

1911 2791 1982 2846 ab
2012 2789 2286 2846 idolorum
2311 2788 2504 2845 fraude
2538 2796 2914 2855 recesserunt,
2942 2798 3107 2860 atque
3133 2791 3199 2845 ad
3226 2791 3499 2847 naturalis

1912 2882 2008 2938 Dei
2046 2884 2416 2955 cognitionem
2446 2882 2627 2937 vocati
2653 2891 2807 2948 sunt,
2834 2881 2889 2935 in
2924 2882 3071 2935 nuda
3105 2888 3158 2936 et
3183 2882 3496 2938 indiscussa

1911 2976 2129 3031 ratione
2161 2974 2323 3030 [idem
2370 2972 2601 3039 habent,
2650 2972 2708 3027 id
2741 2971 3008 3027 nimirum
3046 2972 3259 3027 sentire
3290 2972 3496 3038 edocti,

1912 3068 2120 3124 nullum
2164 3082 2291 3124 esse
2334 3065 2542 3122 idolum
2592 3064 2650 3119 in
2679 3063 2911 3128 mundo,
2944 3063 3040 3119 sed
3095 3080 3267 3119 unum
3300 3074 3500 3121 natura

1913 3160 2105 3216 Deum.
2140 3158 2470 3230 Quicunque
2517 3171 2651 3212 vero
2695 3171 2794 3228 per
2837 3170 3001 3210 omne
3048 3155 3277 3211 virtutis
3325 3172 3501 3227 genus

1913 3266 2069 3309 suam
2104 3258 2342 3306 mentem
2384 3249 2683 3314 illustrant,
2720 3257 2775 3304 et
2806 3252 2873 3302 ad
2906 3245 3175 3304 discenda
3206 3247 3398 3303 divina
3444 3258 3501 3303 et

1911 3356 2112 3400 arcana
2142 3342 2405 3414 mysteria
2448 3347 2578 3397 sunt
2615 3338 2819 3401 idonei,
2858 3338 3291 3395 illustrationem
3324 3338 3501 3411 Spiri-

1911 3444 2001 3493 tus
2033 3435 2329 3507 accipient,
2356 3434 2652 3505 ipsumque
2672 3434 2728 3488 in
2749 3433 3066 3505 semetipsis
3097 3432 3498 3487 inhabitantem

1911 3530 2211 3587 Dominum
2287 3530 2494 3586 mentis
2549 3528 2728 3586 oculis
2797 3528 3239 3585 contuebuntur.
3314 3525 3500 3597 Itaque

1910 3621 2225 3681 communis
2264 3621 2390 3677 aliis
2424 3635 2533 3676 non
2566 3629 2653 3676 est
2694 3627 3018 3676 sanctorum
3076 3619 3343 3691 cognitio,
3401 3618 3498 3674 sed

1911 3718 2113 3775 eximia
2134 3724 2189 3773 et
2218 3715 2504 3782 distincta,
2540 3714 2811 3786 longeque
2858 3712 2927 3769 ab
2967 3712 3064 3766 illa
3098 3711 3376 3767 communi
3417 3711 3499 3766 di-

1909 3825 2091 3867 versa.
2124 3809 2215 3865 Sic
2243 3808 2392 3864 omni
2426 3806 2590 3862 modo
2618 3816 2673 3861 et
2699 3805 2916 3861 ratione
2958 3802 3215 3859 Christus
3260 3818 3363 3857 nos
3395 3802 3493 3856 ad-

1908 3903 2089 3974 juvat.
2113 3900 2396 3972 imprimis
2421 3899 2567 3953 enim
2603 3896 2796 3953 definit
2825 3897 2952 3968 quis
2983 3896 3055 3951 sit
3076 3895 3169 3950 ille
3197 3893 3499 3965 quidiligit

1911 4009 2061 4061 eum,
2099 3991 2425 4055 ostendens,
2459 3999 2520 4044 ut
2556 3988 2779 4059 opinor,
2825 4002 2937 4042 non
2971 3985 3230 4042 omnibus
3266 3985 3496 4041 concedi

1911 4093 1972 4141 ut
2021 4083 2213 4157 gratia:
2268 4082 2527 4137 virtutem
2588 4079 2889 4147 accipiant,
2947 4077 3043 4134 sed
3097 4077 3192 4148 qui
3240 4075 3496 4131 mandata

1911 4176 2187 4234 servando
2239 4172 2466 4247 genuini
2521 4170 2645 4242 ejus
2689 4169 2854 4225 amici
2888 4183 3012 4226 esse
3048 4167 3493 4238 comperiuntur.

1912 4270 2121 4327 Deinde
2161 4282 2403 4340 quonam
2447 4265 2612 4322 modo
2644 4265 2859 4337 fulgere
2912 4265 2967 4319 in
3003 4263 3072 4319 iis
3120 4261 3348 4328 debeat,
3402 4269 3497 4316 aut

1910 4381 2021 4437 quo
2047 4370 2211 4435 pacto
2239 4362 2310 4419 sit
2350 4361 2405 4416 in
2441 4360 2512 4417 iis
2558 4360 2934 4421 habitaturus,
2972 4356 3235 4424 declarat,
3267 4357 3491 4411 dicens:

1916 4475 1936 4510 ι
1970 4456 2134 4512 Pater
2158 4470 2312 4511 meus
2345 4452 2533 4524 diliget
2557 4465 2703 4506 eum.
2734 4468 2753 4500 ι
2783 4447 2886 4516 Qui
2914 4447 3059 4503 enim
3080 4446 3185 4502 fide
3212 4445 3268 4501 in
3294 4443 3496 4502 Filium

1911 4543 2127 4599 Patrem
2163 4539 2546 4603 honoraverit,
2579 4538 2934 4601 dilectionem
2972 4536 3091 4606 ejus
3120 4551 3221 4591 ceu
3251 4535 3493 4590 fructum

202 4637 300 4701 τὰς
331 4635 586 4700 ἐντολάς.
648 4630 784 4688 Εἶτα
836 4634 960 4688 τίνα
996 4633 1199 4704 τρόπον
1245 4632 1428 4696 αὐτοῖς
1476 4629 1800 4701 ὲπιλάμψει,

1913 4635 2073 4707 831
2108 4633 2237 4688 inde
2262 4630 2592 4701 reportabit.
2635 4628 2923 4685 Postremo
2953 4627 3086 4697 quid
3114 4627 3251 4682 lucri
3284 4627 3495 4683 obven-

204 4728 320 4793 πῶς
340 4728 402 4781 δὲ
430 4727 621 4790 αὐτοῖς
643 4725 1216 4797 ὲγκατοικισθήσεται,
1234 4724 1417 4794 λέγει’
1448 4741 1467 4774 ι
1500 4723 1803 4793 Ἀγαπήσει

1913 4739 2093 4784 turum
2129 4725 2260 4781 hinc
2293 4723 2341 4778 ei
2377 4722 2474 4786 sit,
2526 4721 2752 4792 planum
2788 4718 3062 4774 'faciens:
3106 4737 3127 4770 ι
3170 4716 3493 4782 Veniemus,

204 4821 313 4893 γὰρ
337 4821 509 4875 αὑτὸν
541 4821 570 4873 ὁ
598 4819 791 4891 Πατήρ
817 4834 942 4890 μου,
976 4835 995 4869 ι
1030 4817 1183 4890 φησί.
1235 4816 1563 4888 Τετιμηκὼς
1593 4815 1704 4885 γὰρ
1736 4815 1804 4868 δι’

203 4910 524 4974 εὐπειθείας
550 4909 651 4981 τῆς
683 4910 763 4973 είς
787 4908 880 4962 τὸν
910 4908 1041 4963 Υίὸν
1062 4949 1076 4974 ,
1110 4908 1204 4962 τὸν
1234 4907 1293 4973 ἐξ
1320 4904 1493 4979 οὗπερ
1525 4907 1643 4961 ἐστὶ
1668 4907 1802 4960 Γεν-

202 5004 428 5074 νήτορα,
463 4999 681 5074 καρπὸν
704 4998 820 5065 ἕξει
846 4999 944 5054 τοῦ
987 4999 1311 5073 πράγματος
1358 5000 1460 5070 τὴν
1500 4999 1800 5069 ἀγάπησιν.

203 5084 337 5152 Εἶτα
363 5096 423 5151 τί
452 5095 518 5149 τὸ
550 5094 809 5150 ἐντεῦθεν
845 5094 1130 5157 ἀνατελεῖ,
1187 5096 1339 5148 ποῖον
1369 5093 1425 5147 δὲ
1456 5091 1607 5163 αὐτῷ
1640 5108 1794 5163 περι-

202 5191 360 5244 ἐσται
408 5189 472 5244 τὸ
518 5189 713 5261 κέρδος
761 5188 934 5259 σαφὲς
974 5186 1277 5254 καθιστὰς,
1336 5206 1356 5239 ι
1413 5185 1800 5257 Ἑλευσόμεθα,

205 5285 371 5355 φησὶ,
403 5282 547 5354 πρὸς
574 5281 740 5336 αὑτὸν
772 5279 885 5351 ἐγὼ
914 5280 1009 5335 καὶ
1042 5282 1070 5334 ό
1090 5279 1311 5351 Πατὴρ,
1348 5280 1443 5334 καὶ
1476 5277 1644 5351 μονὴν
1671 5278 1802 5349 παρ’

205 5377 353 5447 αὑτῷ
385 5372 755 5446 ποιησόμεθα.
789 5392 809 5425 ι
842 5373 1289 5444 Κατοικήσαντος
1312 5371 1423 5443 γὰρ
1455 5372 1512 5425 ὲν
1542 5372 1674 5441 ἡμῖν
1706 5369 1801 5423 τοῦ

209 5469 464 5542 Σωτῆρος
503 5466 668 5539 ἡμῶν
709 5465 950 5538 Χριστοῦ
996 5464 1085 5518 διὰ
1120 5462 1216 5519 τοῦ
1265 5464 1427 5534 ἁγίου
1460 5464 1799 5535 Πνεῦματος,

212 5561 465 5615 συνέσται
492 5559 669 5633 δήπου
691 5556 913 5622 πάντως
930 5558 1023 5612 καὶ
1050 5558 1079 5611 ὁ
1094 5556 1362 5628 γεννήσας
1377 5556 1557 5609 αὐτόν’
1578 5556 1803 5627 Πνεῦμα

212 5650 319 5722 γὰρ
347 5653 445 5706 καὶ⁵
472 5650 641 5707 αὐτοῦ
668 5649 764 5704 τοῦ
792 5648 1033 5723 Πατρὺς,
1063 5648 1124 5702 τὸ
1154 5646 1379 5719 Πνεῦμα
1406 5647 1665 5721 Χριστοῦ.
1694 5648 1804 5702 Καὶ

214 5739 341 5807 γοῦν
367 5743 397 5796 ὁ
431 5740 723 5807 θεσπέσιος
744 5739 986 5809 Παῦλος,
1037 5739 1113 5812 πῆ
1148 5740 1247 5813 μὲν
1278 5740 1406 5795 ἴδιον
1433 5739 1528 5795 τοῦ
1559 5741 1794 5813 Πατρὸς,

1906 4820 2107 4891 inquit,
2134 4817 2199 4872 ad
2235 4831 2360 4871 eum
2415 4830 2518 4885 ego
2564 4822 2621 4868 et
2652 4812 2838 4875 Pater,
2885 4819 2939 4865 et
2967 4810 3310 4867 mansionem
3350 4810 3496 4881 apud

1906 4928 2031 4969 eum
2065 4910 2352 4966 faciemus.
2414 4925 2433 4959 ι
2474 4904 2773 4960 Habitante
2819 4902 3022 4974 quippe
3057 4903 3110 4957 in
3163 4901 3324 4960 nobis
3361 4899 3495 4957 Ser-

1903 5015 2103 5062 vatore
2134 5010 2325 5059 nostro
2357 4999 2582 5057 Christo
2612 5012 2708 5069 per
2740 5005 2994 5052 sanctum
3029 4995 3297 5067 Spiritum
3319 5037 3334 5063 ,
3390 4996 3497 5051 erit

1910 5111 2132 5170 quoque
2176 5094 2403 5149 omnino
2454 5090 2746 5146 nobiscum
2779 5095 2837 5144 et
2866 5087 3099 5144 Genitor
3130 5106 3145 5142 :
3178 5103 3305 5143 nam
3373 5086 3498 5156 Spi-

1911 5191 2052 5246 ritus
2088 5186 2297 5242 Christi
2323 5184 2466 5239 idem
2491 5192 2578 5239 est
2602 5189 2658 5238 et
2690 5180 2892 5237 Patris.
2924 5178 3085 5236 Unde
3118 5178 3323 5233 Paulus
3350 5176 3495 5232 divi-

1911 5279 2213 5345 nus,'a|ias
2260 5276 2484 5348 quidem
2514 5274 2721 5337 Patris,
2773 5273 2908 5328 alias
2958 5282 3138 5327 autem
3190 5268 3314 5322 Filii
3362 5281 3494 5337 pro-

1915 5373 2099 5445 prium
2152 5369 2421 5440 Spiritum
2459 5366 2556 5433 ait,
2608 5378 2960 5436 nequaquam
3015 5360 3121 5417 sibi
3155 5371 3489 5428 repugnans,

1910 5466 2004 5523 sed
2032 5467 2086 5520 in
2123 5473 2358 5533 utroque
2390 5474 2579 5515 verum
2602 5457 2831 5513 dicens:
2870 5455 2944 5508 ita
2972 5452 3174 5523 quippe
3204 5458 3399 5505 natura
3433 5466 3494 5506 se

1912 5557 2096 5612 habet.
2134 5553 2341 5609 Scribit
2367 5567 2499 5621 ergo
2550 5549 2618 5604 ad
2665 5548 2920 5619 aliquos:
2984 5562 3002 5595 ι
3051 5541 3154 5622 Qui
3200 5539 3495 5597 suscitavit

1911 5649 2098 5705 Jcsum
2126 5644 2409 5703 Christum
2447 5656 2475 5696 a
2524 5641 2777 5704 mortuis,
2812 5633 3108 5691 vivificabit
3141 5639 3197 5688 et
3235 5631 3492 5687 mortalia

1911 5755 2149 5812 corpora
2180 5745 2363 5798 vestra
2395 5731 2926 5819 periinhabitantem
2960 5724 3229 5799 Spiritum
3283 5722 3404 5796 ejus
3434 5724 3492 5781 in
