4006 6414
238 336 348 396 993

1284 331 1353 389 ΙΝ
1373 330 1659 389 JOANNIS
1691 329 2142 388 EVANGELIUM
2185 328 2312 386 LIB.
2353 327 2422 384 Χ.

3425 321 3532 378 296

236 432 330 486 τὸν
359 429 492 484 Υίόν
518 446 532 463 ’
589 429 623 501 ἢ
653 428 785 495 Θεὸς
821 424 902 492 εἷς
948 427 1005 480 ὲν
1046 429 1177 498 ἡμῖν
1207 430 1407 482 νοεῖταί
1436 446 1496 483 τε
1542 431 1640 484 καὶ
1685 429 1834 484 ἔστιν

1952 429 2093 484 ratio
2124 429 2181 483 in
2209 427 2373 484 nobis
2399 426 2542 483 duos
2576 424 2703 482 illos
2736 423 2804 479 ad
2837 423 3102 480 unitatem
3124 424 3342 498 redigit,
3395 439 3525 482 cum

237 522 501 592 άληθῶς;
549 521 614 575 Εί
646 520 745 592 μὲν
774 519 882 591 γάρ
911 519 1098 592 ἕτερός
1123 522 1242 574 ἐστι
1279 520 1420 574 κατά
1453 521 1614 591 φύσιν
1647 524 1677 576 6
1709 522 1838 586 Υἱὸς

1952 523 2092 587 iuxta
2116 528 2351 577 vestram
2377 519 2734 581 dementiam,
2761 516 3038 572 identitati
3067 516 3392 573 substantiae
3411 533 3523 573 non

236 610 525 672 παντελῶς
563 609 656 663 κα)⁸
700 611 759 663 ὲν
801 609 908 680 ἰδίᾳ
955 610 1061 662 τινὶ
1105 610 1268 679 φύσει
1321 609 1655 681 νοούμενος,
1717 611 1837 675 πῶς

235 705 337 758 οὐκ
369 702 589 775 ἀνάγκη
614 699 782 755 δυάδα
823 700 963 755 θεῶν
997 702 1055 755 ὲν
1083 703 1216 772 ἡμῖν
1243 702 1500 769 γενέσθαι
1536 701 1836 767 πιστεύειν,

236 797 364 849 ὅταν
398 795 662 864 τηρῶμεν
696 792 796 857 τὰς
819 793 1041 857 ὲντολάς
1073 811 1088 859 ;
1145 794 1206 846 Εἰ
1238 793 1295 847 δὲ
1345 795 1465 847 ναοὶ
1493 794 1836 867 χρηματίζο-

246 905 360 960 μεν,
387 887 513 950 ἑνὸς
529 885 774 958 δηλονότι
800 885 895 939 καὶ
916 885 978 939 ού
1001 884 1094 938 δύο
1118 885 1278 950 θεῶν,
1301 887 1429 939 ὅταν
1449 888 1581 956 ἡμῖν
1605 888 1633 940 6
1652 887 1840 958 Πατὴρ

246 981 332 1034 καὶ
375 978 563 1044 ὁΥίὺς
614 978 1030 1048 ὲναυλίζωνται,
1080 980 1230 1042 ποῖος
1261 981 1319 1032 ὲν
1362 981 1498 1050 ἡμῖν
1552 979 1635 1032 ἔτι
1679 979 1841 1048 λόγος

248 1073 528 1127 συστέλλει
565 1072 700 1143 πρὸς
741 1071 972 1144 ἑνότητα
1019 1072 1147 1136 τοὺς
1186 1071 1309 1138 δύο,
1356 1073 1460 1143 τῆς
1489 1074 1610 1127 κατ’
1650 1072 1842 1138 οὐσίας

246 1164 579 1235 ταυτότητος
619 1162 720 1217 οὐκ
748 1162 981 1233 ἐχούσης
1007 1161 1174 1217 τόπον
1193 1203 1207 1228 ,
1247 1160 1393 1215 κατά
1420 1178 1486 1230 γε
1514 1160 1613 1232 τὴν
1643 1161 1843 1232 ὑμετέ-

248 1274 343 1328 ραν
411 1253 882 1326 φρενοϐλάϐειανς
932 1255 1003 1307 Ἢ
1050 1253 1160 1326 γὰρ
1226 1254 1440 1326 ἀνάγκη
1489 1254 1712 1323 λέγειν,
1759 1254 1842 1310 ὅτι

243 1345 417 1417 ψευδῆ
448 1345 588 1417 πρὸς
614 1346 765 1416 ἡμᾶς
808 1344 1107 1416 λελάληκεν
1137 1347 1164 1400 6
1197 1346 1464 1418 Χριστὸς,
1511 1344 1842 1410 ἐνοικίζεται

239 1439 295 1492 δὲ
349 1440 518 1512 μόνον
552 1443 685 1512 ἡμῖν
719 1441 747 1494 6
779 1441 974 1513 Πατὴρ
1016 1441 1105 1500 διὰ
1147 1441 1242 1496 τοῦ
1272 1442 1591 1514 Πνεύματος
1613 1459 1628 1475 ⁸
1673 1443 1842 1515 ἤγουν

242 1532 448 1586 ἐνοικεῖ
475 1532 576 1604 μὲν
603 1532 767 1597 αὐτὸς
785 1573 800 1598 ,
851 1533 1048 1588 ἄπεστι
1076 1534 1134 1587 δὲ
1159 1537 1188 1588 6
1217 1536 1432 1607 Πατήρ.
1485 1535 1648 1589 Ἀλλά
1685 1535 1843 1590 τοῦτο

241 1626 448 1679 ἄτοπον
469 1641 484 1656 ⁸
538 1621 623 1690 εἶς
651 1624 709 1678 δὲ
737 1626 873 1692 Θεὸς
899 1628 958 1682 ὲν
1002 1629 1164 1700 ἡμῖν,
1200 1629 1329 1682 ὅταν
1361 1629 1530 1700 ἄμφω
1561 1628 1839 1700 λάϐωμεν.

242 1717 356 1788 Οὐχ
386 1717 736 1790 έτεροούσιος
759 1718 869 1786 ἄρα
898 1719 1038 1792 πρὸς
1072 1719 1164 1774 τὸν
1192 1719 1388 1774 ἑαυτοῦ
1415 1720 1636 1792 Πατέρα
1664 1723 1846 1790 φανεῖ-

1941 613 2014 670 sit
2031 612 2216 668 locus?
2235 611 2332 667 Vel
2360 611 2505 666 enim
2524 625 2751 668 necesse
2771 618 2857 666 est
2877 609 3061 666 dicere
3079 609 3360 665 Christum
3385 609 3526 666 falsa

1941 704 2102 759 nobis
2139 719 2264 759 esse
2302 705 2576 767 locutum,
2603 712 2657 758 et
2687 702 2996 758 inhabitare
3025 711 3236 757 tantum
3281 703 3337 758 in
3365 702 3527 758 nobis

1941 796 2156 852 Patrem
2187 813 2284 868 per
2308 796 2575 863 Spiritum
2600 814 2614 862 ;
2639 797 2725 851 vel
2749 796 3060 852 inhabitare
3083 795 3302 866 quidem
3323 795 3527 866 ipsum,

1943 892 2138 946 abesse
2155 906 2288 945 vero
2306 890 2548 945 Patrem.
2565 888 2636 944 At
2659 888 2762 944 hoc
2791 888 3091 944 absurdqu
3115 907 3128 942 :
3151 902 3298 943 unus
3328 887 3532 959 quippe

1943 983 2088 1038 Deus
2126 989 2214 1038 est
2244 983 2298 1036 in
2334 981 2514 1047 nobis,
2561 997 2685 1036 cum
2728 980 2926 1038 ambos
2972 980 3344 1047 suscepimus.
3406 976 3532 1033 Non

1943 1089 2074 1145 ergo
2123 1075 2356 1131 diversae
2402 1089 2433 1128 a
2493 1074 2658 1129 Patre
2717 1088 2820 1130 suo
2868 1071 3198 1129 substantiae
3247 1070 3536 1142 apparebit

1945 1163 2296 1235 Unigenitus,
2333 1165 2429 1220 sed
2463 1179 2529 1218 ex
2561 1163 2769 1233 seipso,
2797 1172 2851 1218 et
2896 1163 2952 1217 in
2989 1163 3130 1233 ipso,
3161 1162 3310 1218 sicut
3343 1161 3396 1216 in
3443 1161 3534 1216 lu-

1944 1255 2092 1310 mine
2128 1255 2395 1326 splendor
2439 1255 2534 1326 qui
2573 1270 2639 1310 ex
2697 1269 2806 1310 eo:
2859 1253 2963 1309 hoc
3011 1255 3160 1310 enim
3209 1253 3396 1317 modo,
3420 1267 3535 1307 non

1945 1357 2127 1404 autem
2183 1349 2314 1412 alio,
2347 1348 2595 1419 mysterii
2628 1347 2712 1403 vis
2740 1353 2796 1403 et
2853 1347 2998 1401 ratio
3054 1361 3182 1400 vera
3230 1343 3416 1400 fuerit.
3467 1340 3538 1397 Et

1945 1442 2165 1512 quidem
2191 1441 2420 1497 divinus
2463 1439 2671 1496 Paulus
2709 1455 2821 1495 non
2857 1439 3092 1496 duorum
3125 1438 3354 1494 deorum
3399 1445 3538 1492 tem—

1945 1536 2036 1606 pla
2067 1549 2166 1591 nos
2201 1535 2518 1605 appellavit,
2559 1533 2657 1590 sed
2687 1533 2852 1589 unius
2882 1550 2896 1588 :
2933 1551 2952 1584 ι
3007 1530 3270 1598 Nescitis,
3333 1529 3537 1601 inquit,

1946 1628 2075 1699 quia
2097 1629 2361 1698 templum
2390 1627 2484 1683 Dei
2521 1628 2684 1691 estis,
2718 1636 2772 1682 et
2797 1625 3044 1696 Spiritus
3082 1624 3176 1680 Dei
3216 1624 3430 1680 habitat
3480 1623 3541 1679 in

1947 1720 2106 1776 vobis
2127 1719 2210 1774 ’⁸2
2237 1740 2256 1773 ι
2293 1718 2456 1776 Vides
2487 1729 2580 1786 ut,
2618 1720 2674 1775 in
2708 1719 3032 1776 substantia:
3075 1718 3415 1774 identitatem
3441 1715 3542 1772 Pa-

240 1827 332 1863 ται
374 1809 571 1863 λοιπὸν
615 1811 644 1863 6
691 1811 1038 1883 Μονογενὴς,
1095 1811 1315 1879 ἀλλ’ίὲξ
1363 1812 1595 1880 ἑαυτοῦ,
1644 1815 1739 1868 καὶ
1787 1815 1846 1868 ὲν

1952 1816 2034 1864 tre
2060 1816 2118 1864 et
2164 1807 2301 1865 Filio
2328 1809 2568 1875 collatis,
2630 1809 2832 1880 templa
2872 1825 2977 1866 nos
3025 1809 3206 1866 factos
3254 1823 3380 1865 esse
3427 1808 3540 1873 ait,

241 1901 426 1972 αὐτῷ,
466 1901 726 1975 καθάπερ
767 1905 826 1957 ὲν
879 1903 957 1975 τῷ
1004 1905 1148 1974 φωτὶ
1181 1903 1242 1959 τδ
1285 1906 1631 1978 ἀπαύγασμα
1678 1907 1737 1962 τὸ
1784 1907 1842 1975 ἐξ

1952 1917 2058 1958 non
2091 1902 2341 1968 deorum,
2381 1903 2476 1959 sed
2515 1902 2632 1957 Dei.
2658 1901 2771 1958 Cur
2803 1901 2958 1958 vanis
2992 1902 3159 1972 igitur
3201 1901 3543 1957 ratiunculis

241 1993 440 2048 αὐτοῦ’
491 1994 581 2066 εἴη
611 1995 720 2067 γάρ
755 1995 822 2050 ἂν
851 1995 997 2050 οὕτω
1035 1996 1129 2051 καὶ
1159 1997 1258 2069 οὐχ
1303 1997 1509 2070 ἑτέρως
1543 2000 1578 2072 η
1614 1998 1710 2053 τοῦ
1744 2017 1846 2069 μυ-

1952 1993 2206 2050 veritatis
2251 1994 2362 2056 vim
2400 1993 2732 2060 concutitis,
2781 2000 2836 2048 et
2873 1993 3174 2064 impietatis
3219 2001 3418 2048 vestrae
3446 2007 3546 2047 ve-

241 2086 470 2157 στηρίου
501 2087 736 2158 δύναμις
761 2088 990 2159 ἀληθής.
1033 2090 1146 2144 Καὶ
1167 2089 1300 2159 γοῦν
1328 2093 1357 2145 6
1382 2091 1672 2156 θεσπέσιος
1694 2091 1844 2146 Παῦ-

1952 2102 2160 2143 nenum
2181 2087 2249 2144 iis
2280 2086 2576 2142 infunditis
2604 2086 2699 2157 qui
2723 2100 2914 2142 sacras
2945 2083 3275 2157 divinasque
3304 2082 3546 2148 Litteras

235 2177 328 2242 λος
348 2217 364 2242 ,
414 2179 542 2250 οὐχὶ
569 2179 662 2234 δύο
688 2181 825 2234 θεῶν
853 2182 1003 2252 ἡμᾶς
1029 2182 1284 2254 ὠνόμασε
1317 2184 1480 2248 ναοὺς
1497 2225 1512 2249 ,
1573 2183 1690 2238 ἀλλ’
1724 2183 1844 2249 ἑνὸς

1952 2179 2426 2238 inconsideratius
2453 2180 2724 2250 attingere
2755 2177 2981 2236 solent?

233 2270 484 2340 δηλονότι
525 2276 619 2328 καὶ
674 2276 864 2333 αὐτοῦ.
895 2297 916 2331 ι
967 2279 1084 2334 Οὐκ
1111 2280 1289 2334 οἴδατε
1309 2322 1322 2345 ,
1351 2282 1548 2353 φησὶν,
1591 2282 1675 2336 ὅτι
1709 2282 1838 2346 ναὸς
1875 2279 2011 2334 Θεοῦ
2037 2282 2161 2334 ὲστε
2183 2321 2198 2347 ,
2233 2279 2328 2334 καὶ
2353 2279 2415 2333 τὸ
2439 2279 2666 2351 Πνεῦμα
2697 2279 2792 2333 τοῦ
2819 2278 2955 2332 Θεοῦ
2989 2279 3132 2332 οἰκεῖ
3197 2279 3255 2333 ἒν
3323 2278 3490 2349 ὕμτνς
3521 2301 3543 2338 ι

247 2363 416 2436 Ὁρᾷς
447 2369 533 2422 ὃτι
552 2409 567 2434 ,
609 2371 1040 2440 συνεισενεγκὼν
1071 2375 1152 2438 είς
1179 2374 1367 2439 οὐσίας
1400 2375 1710 2447 ταυτότητα
1744 2375 1838 2430 τὸν
1875 2374 2098 2446 Πατέρα
2119 2373 2322 2428 καὶτὸν
2343 2374 2491 2440 Υἰὺν,
2510 2373 2672 2437 ναοὺς
2696 2373 2846 2444 ἡμᾶς
2907 2369 3285 2442 ἀποδεδεῖχθαί
3357 2385 3548 2443 φησιν⁹

233 2458 293 2510 οὐ
325 2457 473 2511 θεῶν
498 2460 726 2530 μᾶλλον,
751 2462 890 2518 ἀλλά
915 2463 1076 2519 Θεοῦ.
1139 2466 1206 2520 Τί
1276 2467 1461 2522 τοίνυν
1516 2467 1750 2532 είκαίοις
1810 2465 2230 2538 παρακρούεσθε
2263 2465 2544 2538 λογισμοῖς
2590 2464 2694 2535 τῆς
2739 2462 2996 2535 ἀληθείας
3032 2462 3131 2535 τὴν
3158 2461 3420 2532 δύναμιν,
3455 2451 3552 2512 καὶ

233 2548 336 2619 τῆς
357 2550 576 2604 ἑαυτῶν
608 2552 931 2618 δυσσεϐείας
958 2555 1050 2610 τὸν
1084 2555 1161 2610 ίὺν
1184 2557 1537 2632 έπισπείρετε
1568 2561 1683 2622 τοῖς
1714 2557 2057 2631 ἀλογώτερον
2083 2557 2301 2613 εἰωθόσι
2331 2557 2693 2630 προσϐάλλειν
2717 2560 2834 2622 τοῖς
2883 2559 3050 2629 ίεροῖς
3108 2572 3170 2610 τε
3229 2555 3328 2610 καὶ
3381 2551 3551 2609 θείοις

232 2639 582 2712 Γράμμασιν
608 2661 623 2710 ;

321 2735 383 2788 '0
417 2735 510 2806 μὴ
553 2737 804 2808 ἀγαπῶν
823 2757 921 2811 με,
955 2742 1100 2809 τοὺς
1127 2744 1354 2817 λόγους
1374 2763 1493 2816 μου
1520 2746 1592 2803 οὐ
1619 2744 1805 2815 τηρεῖ.

303 2916 727 2987 Προαποδείξις
791 2915 852 2975 εὖ
911 2920 1056 2992 μάλα
1106 2921 1202 2978 καὶ
1245 2923 1625 2995 διορισάμενος
1669 2925 1847 2999 ὀρθῶς

237 3009 381 3074 τίνες
413 3009 486 3064 ἂν
516 3005 628 3064 εῐεν
654 3013 704 3065 οἱ
733 3012 1060 3083 ἀγαπῶντες
1079 3015 1265 3080 αὑτὸν,
1298 3016 1566 3087 μεθέξωσι
1595 3017 1651 3072 δὲ
1674 3018 1846 3074 ποίων

241 3099 488 3170 ἀγαθῶν,
525 3103 772 3173 μέτεισιν
805 3104 968 3169 εὐθὺς
989 3106 1076 3177 ἐφ’
1097 3106 1320 3179 ἑτέρους
1346 3109 1474 3172 τοὺς
1498 3107 1652 3163 οὔπω
1671 3109 1847 3179 φιλεῖν

241 3192 560 3264 ἑλομένους.
597 3195 672 3249 Ού
704 3195 814 3269 γὰρ
843 3197 1058 3252 ἔσονται
1091 3198 1353 3268 φύλακες,
1388 3201 1545 3270 φησὶ,
1583 3203 1846 3274 ῥημάτων

234 3285 347 3340 τῶν
374 3287 535 3357 ἐμῶν
559 3300 574 3315 ·
613 3287 774 3343 τοῦτο
805 3290 916 3362 γάρ
943 3291 1062 3344 ἐστι
1087 3290 1170 3355 τὺ,
1202 3292 1277 3346 06
1305 3293 1539 3365 τηρήσει
1566 3293 1656 3348 τὸν
1687 3293 1848 3364 λόγον

239 3397 368 3450 μου,
425 3380 508 3446 ὡς
537 3380 662 3436 καθ’
700 3381 821 3447 ἐνὸς
867 3383 902 3454 ἢ
952 3384 1082 3457 περὶ
1138 3383 1256 3450 ἑνὸς
1301 3385 1617 3457 λεγόμενον,
1669 3387 1718 3440 εί
1752 3388 1850 3442 καὶ

237 3471 510 3528 πλατεῖάν
557 3492 677 3540 πως
706 3474 822 3547 ἔχει
857 3478 950 3531 καὶ
985 3477 1212 3550 γενικὴν
1243 3479 1345 3551 τὴν
1383 3479 1636 3552 δήλωσιν.
1694 3481 1851 3535 Ἀκο-

234 3563 450 3632 λούθως
478 3567 538 3622 δὲ
569 3568 775 3642 σφόδρα
823 3571 918 3625 καὶ
943 3569 1103 3626 τοῦτό
1131 3589 1317 3645 φησιν.
1367 3573 1432 3628 Ei
1482 3573 1595 3646 γὰρ
1636 3575 1737 3646 τῆς
1769 3576 1850 3641 είς

236 3656 403 3711 αὐτὸν
436 3657 669 3732 ἀγάπης
694 3661 972 3727 ἀπόδειξις
999 3662 1154 3717 ἔσται
1184 3664 1363 3735 σαφὴς
1390 3665 1453 3719 τὸ
1479 3665 1721 3738 τηρῆσαι
1752 3666 1852 3731 τὰς

237 3749 624 3822 ὲντολάςήτοι
649 3752 743 3808 τὸν
766 3756 897 3828 παρ’
925 3755 1090 3810 αὑτοῦ
1114 3754 1294 3826 λόγον,
1326 3758 1412 3828 εἴη
1437 3758 1610 3829 δήπου
1631 3759 1852 3824 πάντως

235 3839 297 3896 ὂν
330 3842 543 3914 ἀληθὲς
575 3845 671 3899 καὶ
696 3845 760 3900 τὸ
791 3847 1058 3902 ἐναντίον.
1086 3851 1298 3922 Δεῖγμα
1327 3849 1439 3921 γάρ
1468 3851 1623 3904 ἔσται
1649 3851 1744 3905 τοῦ
1773 3850 1851 3924 μὴ

239 3931 468 3988 ἑλέσθαι
521 3933 720 4004 φιλεῖν,
769 3937 833 3990 τὸ
881 3937 951 3991 δι’
984 3937 1200 4004 οὐδενὸς
1235 3940 1510 3994 ποιεῖσθαι
1557 3940 1718 4011 λόγου
1749 3940 1850 4012 τὴν

239 4026 491 4099 ἐντολὴν,
525 4027 905 4099 παρωθεῖσθαι
936 4029 995 4084 δὲ
1019 4029 1079 4085 τὸ
1111 4030 1563 4102 κεκελευσμένον,
1595 4032 1850 4105 καθάπερ

240 4137 289 4172 τι
327 4120 445 4175 τῶν
491 4119 699 4175 ἀδικεῖν
740 4121 1030 4180 εἰωθότων.
1074 4122 1214 4178 Ἀλλ’
1246 4122 1437 4196 ὥσπερ
1470 4127 1583 4188 τοῖς
1613 4124 1850 4195 νομοφύ-

239 4211 390 4278 λαξιν
421 4213 718 4267 ὲνοικίσειν
743 4213 937 4270 ἑαυτὸν
963 4215 1099 4287 όμοῦ
1125 4214 1205 4287 τῷ
1233 4215 1354 4286 Θεῷ
1380 4215 1478 4269 καὶ
1504 4217 1680 4286 Πατρὶ
1709 4232 1850 4270 κατ-

240 4303 621 4374 επηγγέλλετο
645 4320 659 4334 ⁸
701 4304 843 4359 κατά
870 4304 964 4359 τὸν
1000 4305 1186 4368 αὐτὸν,
1218 4302 1395 4378 οἶμαι,
1429 4306 1586 4376 λόγον
1627 4306 1737 4361 τῶν
1770 4307 1846 4379 μὴ

239 4395 508 4450 τοιούτων
533 4397 988 4468 ἀπαναστήσεται
1020 4398 1115 4453 καὶ
1155 4400 1519 4470 άποφοιτήσει
1548 4399 1846 4462 παντελῶς.

253 4487 578 4560 ’Δληθεύσει
608 4489 718 4559 γὰρ
745 4488 921 4558 λέγων
948 4492 977 4544 6
1009 4489 1264 4562 Σολομὼν
1290 4492 1374 4544 ὅτι
1405 4492 1486 4554 είς
1519 4491 1850 4562 κακότεχνον

239 4579 421 4651 ψυχὴν
454 4579 624 4649 σοφία
650 4581 750 4634 οὐκ
781 4581 1174 4646 εἰσελεύσεται,
1207 4583 1328 4638 οὐδὲ
1359 4585 1607 4636 κατοικεῖ
1639 4585 1698 4637 ὲν
1745 4581 1849 4637 σώ-

242 4689 378 4742 ματι
405 4673 705 4743 κατάχρεῳ
741 4674 1036 4746 ἁμαρτίας.
1068 4676 1179 4729 Καὶ
1205 4674 1317 4746 γάρ
1346 4692 1429 4728 τοι
1454 4676 1548 4729 καὶ
1579 4675 1664 4745 ἐφ’
1689 4675 1850 4747 ἡμῶν

237 4764 418 4829 οὕτως
469 4763 706 4836 ἔχουσαν
733 4767 990 4838 εὑρήσεις
1024 4766 1119 4820 τοῦ
1155 4769 1482 4838 πράγματος
1527 4768 1629 4840 τὴν
1663 4767 1846 4838 φύσιν.

239 4858 309 4910 Ἥ
339 4856 457 4927 γάρ
487 4857 609 4927 οὐχὶ
637 4859 750 4921 τοῖς
781 4859 1047 4930 όμόφροσι
1080 4859 1177 4914 καὶ
1204 4858 1536 4932 όμοτροπεῖν
1573 4860 1852 4932 ἑλομένοις

239 4949 298 5000 τὸ
329 4948 746 5004 συνδιαιτᾶσθαι
780 4950 981 5021 μᾶλλον
1013 4951 1182 5021 ἤγουν
1213 4953 1327 5016 τοῖς
1352 4951 1561 5022 ἑτέροις
1589 4954 1754 5008 παντί
1772 4971 1854 5025 τῳ

238 5041 568 5110 τετίμηνται
795 5041 1171 5115 τετίμηται];
1243 5062 1262 5095 ι
1294 5044 1492 5097 Καίτοι
1547 5045 1655 5098 πᾶν
1712 5045 1852 5109 ζῶον

236 5133 436 5202 ἀγαπᾷ
462 5132 526 5184 τὸ
547 5131 732 5202 ὅμοιον
758 5133 930 5204 αὐτῷ,
961 5135 1105 5188 κατὰ
1130 5134 1191 5188 τὸ
1215 5137 1626 5208 γεγραμμένον,
1655 5138 1749 5191 καὶ
1767 5137 1846 5208 τῷ

235 5222 414 5293 ὁμοίῳ
450 5222 604 5294 αὐτῷ
635 5224 1178 5296 προσκολληθήσεται
1206 5227 1366 5298 ἀνήρ.
1399 5247 1418 5280 ι
1478 5229 1542 5282 Ei
1575 5228 1632 5281 δὲ
1665 5230 1760 5283 καὶ
1787 5231 1844 5284 ἐν

237 5317 374 5385 ἡμῖν
405 5316 596 5379 αὐτοῖς
627 5317 890 5388 όμοήθεσι
939 5321 1179 5372 συνεῖναι
1216 5319 1360 5373 κατά
1396 5320 1595 5375 ταυτὸν
1625 5321 1734 5376 τῶν
1762 5323 1844 5376 ὅτι

242 5407 487 5475 μάλιστα
518 5406 610 5460 διά
643 5407 882 5478 σπουδῆς
928 5404 1068 5462 εἶναι
1117 5409 1284 5473 δοκεῖ,
1341 5410 1459 5474 πῶς
1482 5411 1605 5482 οὐχὶ
1640 5412 1844 5484 μᾶλλον

239 5498 414 5564 οὕτως
468 5497 617 5570 ῐχειν
674 5501 769 5554 ἐπὶ
819 5499 955 5555 θεοῦ
1006 5499 1384 5572 λογιούμεθα;
1451 5503 1682 5573 Ἀγαθδς
1737 5503 1848 5577 γάρ

241 5589 512 5659 ὑπάρχων
559 5591 628 5661 τῇ
678 5589 876 5659 φύσει,
922 5591 1018 5645 καὶ
1065 5590 1270 5664 ἀρετῆς
1323 5593 1542 5664 ἀπάσης
1575 5593 1848 5666 ἀρχὴκαὶ

241 5677 482 5746 γένεσις,
533 5680 657 5751 ούχὶ
689 5683 791 5751 τῆς
842 5681 1179 5754 φαυλότητος
1223 5683 1506 5753 ἐρασταῖς,
1561 5683 1700 5738 ἀλλά
1739 5685 1842 5758 τῆς

317 5791 364 5822 ³⁸
393 5791 567 5851 lCor.
603 5809 687 5862 ιιι,
724 5793 812 5851 16.
890 5795 936 5830 ³⁸
962 5792 1093 5867 Sap.
1133 5809 1174 5867 t,
1210 5795 1261 5852 4.
1343 5796 1390 5887 ⁸7⁷
1417 5786 1591 5856 Eccli.
1620 5813 1740 5869 xm,
1779 5801 1868 5860 19.

2024 2737 2165 2808 XIV,
2201 2739 2293 2794 24.
2324 2737 2430 2806 Qui
2459 2754 2565 2791 non
2595 2737 2773 2808 diligit
2814 2752 2919 2804 me,
2951 2750 3221 2791 sermones
3265 2751 3410 2792 mea:
3440 2751 3549 2792 non

1950 2839 2144 2887 σεῖσαι.

2022 2923 2326 2996 Postquam
2356 2922 2607 2980 ostendit
2627 2935 2692 2977 ac
2724 2927 2877 2977 recte
2919 2919 3170 2977 deﬁnivit
3217 2920 3383 2992 833
3419 2921 3550 2993 qui-

1951 3031 2080 3072 nam
2117 3017 2232 3074 sint
2261 3017 2358 3087 qui
2389 3015 2631 3087 diligunt
2670 3028 2820 3081 eum,
2871 3020 2927 3068 et
2971 3013 3215 3084 qualium
3274 3015 3550 3069 bonorum

1953 3111 2068 3169 sint
2117 3111 2453 3182 participes,
2507 3108 2576 3163 ad
2627 3107 2770 3164 alios
2825 3106 3016 3162 statim
3065 3122 3125 3162 se
3189 3107 3408 3164 confert
3453 3107 3552 3179 qui

1954 3203 2208 3261 nondum
2238 3202 2469 3274 diligere
2499 3215 2627 3256 eum
2661 3199 2716 3252 in
2753 3198 3002 3253 animum
3038 3198 3405 3256 induxerunt.
3434 3197 3553 3255 Nec

1954 3293 2127 3356 enim,
2158 3291 2360 3362 inquit,
2396 3289 2562 3346 verba
2604 3302 2727 3343 mea
2765 3287 3123 3344 custodient:
3154 3288 3261 3344 hoc
3297 3297 3404 3352 est,
3430 3287 3554 3345 Non

1951 3384 2197 3440 servabit
2223 3398 2544 3440 sermonem
2577 3397 2785 3450 meum,
2813 3381 2963 3454 quod
3016 3381 3176 3452 quasi
3224 3380 3292 3436 de
3324 3395 3434 3435 uno
3463 3381 3553 3436 di-

1951 3475 2252 3540 citur,licet
2310 3473 2552 3544 amplam
2623 3470 3041 3542 quodammodo
3112 3479 3168 3526 et
3240 3470 3551 3541 generalem

1951 3568 2418 3640 signiﬁcationem
2466 3566 2690 3620 habeat.
2736 3563 2910 3620 Valde
2943 3572 3127 3620 autem
3175 3572 3555 3619 consentanea

1953 3660 2103 3717 istud
2148 3660 2315 3715 etiam
2355 3657 2496 3715 iniit.
2546 3656 2682 3712 Nam
2722 3656 2772 3714 si
2817 3656 3074 3712 mandata
3104 3656 3189 3712 vel
3238 3670 3553 3713 sermonem

1950 3751 2075 3821 ejus
2109 3765 2332 3806 servare
2379 3748 2700 3804 dilectionis
2735 3749 2790 3804 in
2833 3747 3014 3818 ipsum
3069 3745 3431 3802 manifestum
3467 3753 3555 3804 est

1951 3850 2340 3914 argumentum
2389 3849 2555 3910 atque
2606 3839 2915 3905 indicium,
2964 3841 3072 3895 erit
3106 3841 3298 3909 utique
3359 3856 3550 3896 verum

1949 3933 2314 3989 contrarium.
2368 3932 2687 3987 Mandatum
2738 3933 2886 3987 enim
2924 3946 3029 4001 pro
3079 3931 3255 3986 nihilo
3302 3932 3550 4000 habere,

1951 4033 2007 4082 et
2037 4027 2182 4097 quod
2208 4026 2428 4097 jussum
2459 4033 2546 4081 est
2582 4025 2732 4080 velut
2772 4022 3036 4080 infestum
3067 4023 3352 4094 quidpiam
3383 4039 3552 4081 aver—

1953 4119 2088 4183 sari,
2154 4119 2360 4173 indicio
2415 4124 2502 4172 est
2553 4117 2687 4171 nihil
2749 4131 2875 4173 esse
2943 4113 3280 4170 dilectionis.
3345 4113 3553 4172 Verum

1951 4209 2415 4279 quemadmodum
2459 4208 2514 4263 in
2571 4209 2752 4278 legum
2799 4205 3252 4263 observatoribus
3306 4205 3553 4275 seipsum

1951 4317 2061 4356 una
2097 4317 2224 4358 cum
2274 4300 2390 4358 Deo
2425 4315 2493 4357 ac
2543 4299 2709 4356 Patre
2755 4299 3197 4354 inbabitaturum
3247 4298 3549 4370 promisit:

1950 4395 2174 4459 eodem,
2210 4395 2430 4465 Opinor,
2465 4392 2630 4448 modo
2687 4392 2757 4447 ab
2802 4391 2873 4448 iis
2929 4390 3026 4462 qui
3079 4391 3221 4447 tales
3267 4405 3376 4446 non
3423 4397 3554 4447 sunt

1952 4501 2184 4559 prorsus
2213 4486 2456 4542 recedet.
2491 4483 2633 4541 Vere
2673 4484 2821 4540 enim
2856 4484 3079 4538 locutus
3123 4492 3210 4539 est
3265 4481 3550 4550 Salomon,

1952 4594 2079 4633 cum
2109 4578 2272 4643 dixit,
2302 4578 2356 4632 in
2391 4576 2720 4630 malevolam
2761 4575 3003 4628 animam
3037 4589 3150 4629 non
3192 4573 3550 4629 introituram

1880 4705 1926 4760 Β
1955 4670 2308 4740 sapientiam,
2345 4683 2446 4723 nec
2481 4667 2732 4723 habitare
2766 4668 2822 4722 in
2861 4681 3096 4738 corpore
3138 4667 3384 4722 obnoxio
3418 4681 3550 4737 pec-

1953 4762 2094 4818 catis
2116 4762 2184 4815 ’°.
2217 4759 2435 4816 Etenim
2476 4760 2553 4815 ita
2585 4774 2646 4815 sc
2681 4759 2760 4813 rei
2797 4767 3056 4814 naturam
3086 4758 3141 4814 in
3181 4759 3344 4814 nobis
3380 4757 3550 4814 etiam

1949 4853 2152 4910 habere
2173 4855 2502 4924 comperies.
2553 4851 2815 4922 Nunquid
2864 4851 3016 4908 enim
3045 4867 3169 4907 cum
3229 4851 3298 4908 iis
3334 4849 3550 4908 versari

1949 4951 2187 5021 quisque
2213 4950 2452 5004 maxime
2486 4948 2641 5019 cupit
2672 4964 2815 5019 quos
2843 4948 3041 5006 iisdem
3077 4960 3268 5001 secum
3299 4944 3550 5000 moribus

1951 5057 2017 5097 ac
2044 5042 2102 5097 in
2129 5041 2326 5098 eadem
2347 5041 2618 5098 sententia
2642 5056 2769 5098 esse
2797 5039 3053 5096 noverit?
3081 5038 3296 5109 Quippe
3337 5053 3357 5088 ι
3385 5050 3550 5092 omne

1954 5137 2156 5192 animal
2186 5137 2366 5209 diligit
2387 5135 2568 5193 simile
2597 5135 2724 5202 sibi,
2761 5143 2821 5189 ut
2843 5133 3112 5204 scriptum
3144 5139 3252 5195 est,
3286 5136 3341 5184 et
3364 5127 3546 5183 omnis

1954 5226 2122 5283 homo
2161 5229 2474 5298 proximum
2511 5227 2616 5284 sibi
2640 5227 2708 5281 ’⁷.
2767 5245 2786 5278 ι
2845 5224 3002 5292 Quod
3041 5223 3088 5279 si
3140 5231 3194 5277 et
3246 5217 3391 5289 apud
3439 5233 3545 5274 nos

1955 5323 2111 5394 ipsos
2143 5337 2376 5378 summae
2399 5335 2550 5376 curae
2581 5335 2707 5376 esse
2739 5317 2957 5374 videtur
2989 5325 3048 5371 ut
3073 5331 3202 5370 cum
3223 5309 3545 5368 hominibus

1954 5415 2150 5472 iisdem
2185 5414 2432 5470 moribus
2466 5412 2715 5485 praeditis
2746 5424 3033 5468 versemur
3053 5447 3068 5473 ,
3120 5404 3400 5477 quomodo
3429 5416 3543 5457 non

1957 5508 2134 5580 magis
2170 5509 2247 5562 ita
2296 5524 2412 5565 rem
2445 5509 2499 5562 in
2533 5507 2645 5564 Deo
2687 5521 2810 5562 esse
2860 5495 3383 5575 putabimus?Nam
3413 5509 3542 5550 cum

1956 5600 2030 5656 sit
2066 5607 2269 5656 natura
2297 5601 2500 5665 bonus,
2535 5608 2590 5656 et
2617 5597 2799 5654 omnis
2830 5592 3054 5651 virtutis
3078 5597 3245 5662 caput
3277 5596 3334 5645 et
3361 5585 3539 5658 origo,

1951 5707 2302 5766 nequaquam
2334 5693 2390 5749 in
2422 5691 2768 5749 amatoribus
2809 5685 3091 5759 nequitiae,
3123 5680 3220 5742 scd
3271 5681 3329 5739 in
3359 5677 3538 5736 iacto-
