4006 6418
483 321 588 378 295
1503 313 1560 371 S.
1599 311 1873 370 CYRILL!
1909 313 2377 373 ALEXANDRlNl
2415 315 2733 371 ARCHIEP.
3632 319 3734 377 ξος

486 432 641 487 ribus
693 428 909 487 virtutis
969 426 1260 491 inhabitat,
1314 433 1370 482 et
1420 426 1670 496 impuros
1735 424 2061 496 cumprimis

2162 429 2364 501 ἀρετῆς
2418 430 2680 499 ἐργάταις
2727 429 3093 495 ἐναυλίζεται,
3136 433 3482 501 παραιτεῖται
3535 431 3592 485 δὲ
3636 436 3732 503 τὴν

486 532 787 577 aversatur.
834 519 1304 586 Quemadmodum
1357 533 1488 589 ergo
1530 532 1631 572 nos
1666 517 1772 586 ipsi
1828 517 1944 570 luto
2000 531 2064 570 ac

2170 521 2284 594 [γρ.
2312 521 2396 593 τὸ]
2446 523 2784 593 ἀκάθαρτον,
2830 522 2924 575 καὶ
2960 521 3078 575 λίαν
3105 521 3297 593 ὀρθῶς.
3346 522 3614 595 Καθάπερ
3644 520 3734 577 οὖν

486 616 744 671 sordibus
788 623 1007 669 nostras
1044 626 1277 683 purgare
1304 610 1500 666 domos
1534 623 1821 672 curamus,
1872 622 1974 662 nec
2008 610 2061 661 in

2167 613 2359 684 ἀμέλει
2380 615 2474 667 καὶ
2495 616 2657 684 ἡμεῖς
2686 614 2838 668 αὐτοὶ
2868 613 3128 684 βορϐόρου
3158 614 3253 666 καὶ
3275 612 3538 677 δυσωέίας
3566 612 3738 684 ἀπηλ-

488 707 555 762 iis
587 708 632 761 si
661 706 795 777 quid
831 706 907 760 sit
942 702 1254 760 istiusmodi
1283 702 1534 757 habitare
1564 701 1819 756 volumus
1839 738 1856 765 ,
1920 715 2063 753 nun-

2166 706 2360 777 λάχθαι
2396 707 2496 771 τάς
2522 707 2730 762 ἑαυτῶν
2758 704 3019 779 οίκ[ε]ίας
3047 703 3440 775 σπουδάζομεν,
3490 704 3649 776 εἴπερ
3684 723 3735 759 τι

485 800 617 871 quid
660 799 832 853 multo
865 798 1035 868 magis
1079 811 1249 866 purus
1280 795 1371 850 ille
1405 801 1462 849 et
1493 793 1885 849 sanctissimus
1914 790 2063 846 Deus

2164 799 2275 853 τῶν
2318 799 2574 853 τοιούτων
2617 798 2754 862 ὅλως
2798 799 2932 870 ἔχοι,
2982 798 3043 852 τδ
3095 802 3154 852 ὲν
3190 798 3380 861 αὐταῖς
3427 796 3738 861 αὐλίζεσθαι

487 903 674 947 noster
705 893 970 961 impuram
996 889 1233 942 animam
1260 886 1609 942 aversabitur
1645 892 1699 939 et
1730 899 1827 939 cor
1849 884 2064 955 peccati

2167 889 2630 959 παραιτούμενον
2680 884 2768 956 ἆρ’
2800 884 2891 941 οὖν
2943 888 3004 942 ού
3044 885 3304 959 μειζόνως
3335 889 3363 941 ό
3406 886 3644 958 καθαρός
3678 902 3738 939 τε

488 985 603 1039 luto
633 984 979 1053 inquinatum
1030 979 1421 1036 aversabitur?
1480 977 1669 1033 Talem
1703 978 1908 1048 quippe
1946 976 2065 1032 fore

2166 980 2261 1033 καὶ
2307 980 2571 1048 πανάγιος
2599 980 2756 1050 ἡμῶν
2801 978 2933 1042 Θεὸς
2975 979 3075 1049 τὴν
3108 979 3527 1050 μεμολυσμένην
3559 980 3739 1051 ψυχὴν

485 1089 611 1129 eum
640 1076 733 1143 qui
765 1073 1076 1125 mandatum
1101 1086 1207 1125 non
1240 1069 1541 1126 servaverit
1578 1071 1873 1140 (impurus
1915 1068 2062 1122 enim

2166 1073 2565 1143 παραιτήσεται
2605 1072 2698 1125 καὶ
2727 1072 3203 1142 καταμυσάττεται
3249 1071 3477 1140 καρδίαν
3525 1071 3606 1139 τῷ
3638 1070 3738 1141 τῆς

485 1174 569 1221 εει
599 1180 663 1219 ac
700 1165 798 1218 luti
832 1179 1024 1218 amans
1051 1164 1093 1228 ),
1136 1165 1256 1234 ipsa
1290 1170 1344 1218 te
1386 1162 1492 1217 loci
1524 1162 1690 1231 hujus
1720 1161 1804 1216 vis
1836 1167 1891 1215 et
1924 1159 2063 1213 ratio

2165 1164 2440 1236 ἁμαρτίας
2470 1162 2716 1235 βορϐόρῳ
2741 1162 3220 1234 κατηφανισμένην
3248 1180 3262 1229 ;
3306 1162 3446 1215 Ἀλλ’
3474 1162 3620 1216 ἔστιν
3640 1163 3740 1216 οὐκ

483 1258 725 1312 docebit.
758 1258 820 1310 in
851 1256 1170 1310 divinorum
1203 1256 1409 1311 etenim
1451 1262 1838 1309 mandatorum
1873 1250 2060 1320 negle-

2163 1255 2482 1325 ἀμφίϐολον.
2514 1256 2636 1310 Ὅτι
2663 1255 2771 1325 γὰρ
2790 1256 2849 1310 ὲν
2877 1254 3084 1318 τούτοις
3110 1254 3262 1308 ἔσται
3288 1255 3382 1307 καὶ
3407 1253 3507 1323 ούχ
3530 1254 3741 1325 ἑτέροις

481 1359 572 1406 ctu
603 1350 781 1405 omnis
818 1358 1028 1420 peccati
1081 1346 1207 1403 fons
1248 1355 1305 1403 et
1336 1349 1494 1419 origo
1538 1347 1808 1402 cernitur.
1857 1342 2061 1414 Quem-

2162 1349 2190 1400 ό
2226 1349 2301 1420 μὴ
2329 1350 2574 1420 τηρήσας
2602 1347 2700 1420 τὴν
2728 1347 2942 1419 ἐντολὴν
2970 1347 3295 1420 (ἀκάθαρτος
3326 1347 3437 1418 γάρ
3466 1348 3561 1401 καὶ
3588 1347 3741 1416 φιλο-

482 1444 774 1498 admodum
813 1444 959 1497 enim
1012 1441 1155 1497 lucis
1203 1441 1438 1511 privatio
1472 1438 1639 1495 infert
1694 1437 2054 1501 contrarium,

2162 1440 2463 1513 ϐόρϐορος),
2507 1443 2642 1513 αὐτή
2677 1459 2735 1494 σε
2762 1441 2925 1495 πάλιν
2953 1444 2985 1511 ἡ
3016 1440 3109 1494 τοῦ
3143 1441 3497 1511 θεωρήματος
3535 1438 3740 1505 διδάξει

480 1535 534 1589 id
558 1543 660 1590 'cst
686 1535 963 1599 tenebras,
989 1535 1069 1589 sic
1101 1533 1247 1587 nolle
1276 1532 1537 1587 virtutem
1590 1543 1871 1592 exercere,
1906 1528 2061 1596 prin-

2161 1530 2407 1603 δύναμις.
2451 1533 2536 1584 Ἐν
2561 1531 2670 1603 γὰρ
2697 1530 2773 1602 τῷ
2801 1530 2876 1602 μὴ
2904 1532 3141 1603 τηρῆσαι
3183 1530 3281 1593 τάς
3324 1529 3475 1593 θείας
3518 1528 3743 1591 ὲντολάς

479 1629 682 1699 cipium
721 1638 776 1683 et
800 1628 954 1699 origo
984 1637 1067 1682 est
1099 1626 1380 1697 nequitiae.
1424 1622 1716 1693 Nunquam
1760 1619 1906 1675 enim
1937 1633 2061 1688 qua:

2161 1626 2193 1696 ή
2222 1624 2320 1695 τῆς
2345 1623 2621 1695 ἁμαρτίας
2649 1624 2958 1695 εὑρίσκεται
2980 1623 3213 1691 γένεσις.
3246 1621 3457 1692 Ὀνπερ
3486 1619 3596 1692 γὰρ
3614 1620 3743 1691 τρό-

478 1720 885 1775 contrariorum
915 1727 1000 1774 est
1035 1718 1199 1784 ratio,
1245 1718 1301 1771 in
1336 1731 1445 1771 uno
1469 1714 1776 1784 eodemque
1808 1711 2056 1781 subjecto

2160 1733 2262 1769 πον
2290 1719 2323 1787 ή
2352 1716 2449 1769 τοῦ
2498 1716 2671 1787 φωτὸς
2717 1715 2971 1787 στέρησις
3013 1714 3337 1786 παρεισάγει
3380 1714 3442 1767 τὸ
3471 1714 3739 1777 ἐναντίον,

477 1811 643 1885 834
674 1815 997 1882 contingent
1035 1825 1098 1866 ea
1133 1825 1253 1881 qua:
1285 1812 1426 1864 inter
1457 1825 1518 1864 se
1545 1808 1807 1879 qualitate
1840 1803 2052 1860 discre-

2161 1772 2323 1879 φημὶ,
2346 1807 2402 1861 δὲ
2442 1772 2534 1861 τὸν
2566 1772 2776 1861 σκότον·
2814 1772 2974 1861 ὀὁτυζ
3016 1772 3185 1877 τδιμὴ
3215 1772 3347 1877 δρᾷν
3391 1804 3598 1858 ἐθέλειν
3638 1772 3743 1875 τὴν

479 1911 633 1973 puttl.
663 1901 866 1956 Vitium
903 1910 958 1957 et
990 1903 1184 1969 virtus,
1219 1901 1516 1957 contrariis
1558 1900 1702 1955 inter
1732 1913 1791 1954 se
1816 1897 2054 1968 qualita-

2158 1900 2388 1971 ἀρετὴν,
2445 1900 2544 1970 τὴν
2593 1900 2694 1969 τῆς
2742 1899 3074 1970 φαυλότητος
3124 1897 3449 1969 παρεισάγει
3498 1895 3739 1959 γένεσιν.

478 1997 649 2059 tibus,
683 2003 778 2049 aut
817 1995 924 2049 alio
953 1994 1153 2065 quovis
1177 1993 1592 2048 contrarietatis
1624 1990 1784 2045 modo
1812 1988 2054 2044 maxime

2159 1990 2297 2044 Καθ’
2326 1990 2383 2043 ἓν
2420 1990 2531 2063 γάρ
2584 2008 2639 2043 τι
2684 1991 2743 2044 τὸ
2793 1989 3112 2044 ὑποκεῖσθαι
3143 1988 3454 2060 νοούμενον,
3507 1987 3609 2041 οὐκ
3647 1986 3741 2051 ἂν,

477 2089 719 2145 distant:
751 2102 912 2143 nemo
939 2096 1120 2142 tamen
1150 2101 1213 2140 ea
1246 2085 1412 2141 simul
1445 2099 1511 2139 ac
1540 2082 1709 2138 semel
1736 2082 1916 2136 inesse
1952 2079 2051 2134 ulli

2161 2080 2334 2154 οἶμαι,
2383 2083 2525 2137 κατά
2554 2084 2751 2137 ταυτὸν
2785 2082 3023 2153 συμϐαίη
3072 2082 3205 2135 ποτὲ
3235 2082 3303 2135 τά
3350 2081 3452 2151 τῆς
3494 2080 3743 2152 ἀλλήλων

481 2180 690 2234 homini
741 2179 1054 2249 putaverit,
1105 2184 1199 2230 aut
1241 2175 1435 2232 eodem
1489 2183 1614 2228 actu
1662 2167 1899 2241 impleri.
1944 2169 2053 2223 Aut

2164 2174 2491 2247 διωρισμένα
2522 2177 2828 2246 ποιότητος,
2885 2176 3027 2230 κατά
3051 2192 3119 2245 γε
3147 2173 3239 2229 τὸν
3267 2174 3424 2243 λόγον
3450 2173 3543 2227 τοῦ
3583 2175 3746 2226 ἐναν-

478 2270 625 2324 enim
653 2272 830 2324 malus
860 2278 943 2323 est
971 2268 1195 2338 aliquis,
1236 2273 1333 2320 aut
1360 2264 1562 2326 bonus,
1601 2262 1728 2317 licet
1758 2276 1868 2315 non
1898 2273 2054 2315 sum-

2159 2267 2291 2330 τίως
2317 2266 2481 2337 ἔχειν.
2517 2268 2703 2321 Κακία
2746 2268 2841 2322 καὶ
2887 2268 3056 2341 ἀρετὴ
3085 2265 3366 2338 διώρισται
3392 2281 3452 2319 τε
3480 2265 3575 2318 καί⁵
3600 2264 3741 2318 πολὺ

480 2376 622 2416 mam
667 2362 852 2417 forsan
896 2360 1197 2430 nequitiam
1253 2364 1348 2412 aut
1408 2356 1705 2410 bonitatem
1737 2360 2052 2409 assecutus.

2157 2358 2406 2430 διέστηκε
2453 2360 2590 2430 πρὸς
2619 2358 2680 2413 τὸ
2709 2360 2967 2426 ἐναντίον,
3016 2359 3117 2430 τῆς
3147 2358 3392 2429 ἀλλήλων
3429 2357 3739 2426 ποιότητος,

481 2448 603 2506 Uno
657 2451 822 2522 igitur
874 2451 929 2504 in
961 2450 1119 2505 nobis
1165 2448 1520 2517 praevalente,
1580 2445 1813 2500 alterum
1862 2441 2053 2511 utique

2161 2449 2192 2521 ἢ
2218 2451 2366 2513 ὅπως
2396 2448 2463 2503 ἀν
2493 2468 2579 2514 τις
2610 2449 2781 2503 εἰπὼν
2808 2450 2909 2504 οὐκ
2935 2450 3001 2505 ἂν
3032 2449 3267 2522 ἁμάρτοι
3287 2449 3466 2518 τυχὸν,
3497 2447 3613 2501 ἀλλ’
3635 2446 3743 2500 ούκ

478 2541 716 2606 deﬁciet,
748 2541 801 2596 id
828 2550 913 2597 est
939 2541 1303 2596 contrarium.
1328 2537 1484 2603 Quod
1515 2536 1562 2591 si
1584 2537 1638 2590 in
1666 2532 2052 2591 observatione

2160 2542 2223 2596 ἀν
2257 2559 2367 2597 τινι
2396 2543 2508 2596 τῶν
2537 2544 2706 2597 ὅντων
2736 2542 2857 2596 καθ’
2886 2545 2920 2615 ἡ
2931 2545 3036 2614 μᾶς
3063 2543 3334 2614 προσόντα
3364 2541 3557 2612 φανείη
3594 2539 3742 2594 κατά

478 2636 859 2690 mandatorum
903 2634 1114 2704 species
1160 2632 1382 2686 virtutis
1426 2638 1534 2692 est,
1588 2625 1839 2700 nunquid
1872 2625 2050 2680 mani-

2161 2634 2354 2688 ταυτὸν
2394 2634 2685 2706 ἀμφότερα
2713 2634 2811 2688 καὶ
2841 2634 2907 2688 δι’
2932 2634 3211 2706 ἐνεργείας
3242 2632 3613 2704 πληρούμενα.
3663 2630 3743 2683 Ἢ

478 2726 838 2785 festissimum
878 2737 963 2783 est
992 2728 1046 2781 in
1075 2739 1265 2781 eorum
1292 2724 1542 2794 neglectu
1567 2722 1898 2791 principium
1925 2731 2051 2773 esse

2159 2726 2268 2798 γὰρ
2315 2725 2553 2798 πονηρός
2602 2727 2687 2791 τίς
2733 2728 2905 2793 ἔστιν,
2944 2726 2979 2798 ἢ
3029 2726 3256 2794 ἀγαθὸς,
3300 2728 3350 2779 εί
3380 2725 3475 2779 καί⁹
3515 2724 3616 2777 οὐκ
3653 2724 3741 2788 είς

477 2820 777 2891 nequitiae?
812 2819 968 2874 Sicut
1001 2828 1181 2873 autem
1213 2816 1510 2888 repositum
1554 2824 1639 2871 est
1683 2814 1734 2870 ei
1767 2813 1861 2883 qui
1895 2827 2053 2867 man-

2161 2818 2326 2891 ἀκρον
2353 2819 2619 2891 πονηρίας
2644 2820 2828 2890 τυχὸν,
2858 2820 2979 2891 ἦτοι
3024 2818 3122 2887 τῆς
3150 2818 3505 2888 ἀγαθότητος.
3529 2814 3743 2870 Οὐκοῦν

477 2912 603 2969 data
633 2913 939 2969 servaverit
971 2912 1028 2966 in
1054 2912 1237 2981 seipso
1267 2911 1471 2965 habere
1499 2907 1717 2963 Patrem
1748 2916 1804 2961 et
1828 2904 2051 2973 Filium,

2161 2913 2439 2985 ἰσχύοντος
2488 2914 2546 2966 ἑν
2593 2915 2728 2984 ἡμῖν
2772 2913 2866 2966 τοῦ
2916 2912 3065 2975 ἑνὸς,
3112 2911 3364 2983 ἀτονήσει
3407 2911 3625 2972 πάντως
3674 2909 3742 2962 τὸ

479 3007 625 3077 quod
665 3007 847 3060 omnis
888 3003 1172 3060 felicitatis
1202 3011 1256 3057 et
1289 3001 1476 3073 gloria:
1507 3001 1720 3055 initium
1766 3008 1850 3054 est
1885 3006 2054 3069 atque

2159 3004 2365 3073 ἕτερον,
2416 3002 2562 3058 τοῦτ’
2610 3003 2726 3058 ἐστι
2770 3003 2832 3056 τὸ
2872 3002 3129 3065 ἐναντίως
3177 3002 3321 3072 ἔχον.
3369 3002 3433 3055 Ei
3480 3000 3625 3054 δὲ’ὲν
3655 2998 3741 3070 τῷ

477 3098 894 3154 fundamentum
925 3112 942 3150 :
967 3097 1042 3151 ita
1070 3106 1125 3152 et
1149 3095 1198 3150 ei
1232 3096 1324 3166 qui
1368 3110 1478 3150 non
1505 3091 1825 3157 servaverit,
1853 3090 2053 3147 divina:

2160 3097 2394 3169 τηρῆσαι
2422 3094 2520 3161 τάς
2547 3095 2766 3160 ἐντολὰς
2792 3094 2854 3148 τὸ
2897 3095 2998 3165 τῆς
3043 3092 3245 3164 ἀρετῆς
3279 3087 3417 3154 εἶδός
3449 3092 3586 3155 εστι,
3618 3089 3742 3152 πῶς

475 3200 530 3246 et
571 3189 865 3244 ineﬂabilis
909 3194 1127 3243 natura:
1170 3187 1594 3258 participatione
1633 3197 1841 3246 carere,
1898 3179 2047 3251 quod

2159 3188 2273 3259 οὐχὶ
2298 3189 2696 3261 προδηλότατον
2734 3188 2812 3252 ὡς
2844 3188 2901 3241 ὲν
2928 3185 3007 3257 τῷ
3033 3186 3107 3257 μὴ
3132 3184 3373 3257 τηρῆσαι
3408 3183 3508 3255 τῆς
3534 3182 3741 3245 κακίας

476 3290 561 3336 est
595 3279 776 3335 omnis
806 3279 1033 3333 omnino
1071 3277 1198 3333 boni
1233 3276 1495 3332 fruitione
1517 3275 1743 3347 privari.
1776 3274 2049 3340 Quocirca

2161 3280 2186 3351 ἢ
2224 3280 2474 3350 γένεσις;
2534 3279 2846 3335 Ἀπόκειται
2879 3278 2937 3332 δὲ
2979 3278 3168 3349 ὥσπερ
3195 3276 3276 3349 τῷ
3304 3276 3632 3349 τετηρηκότι
3676 3275 3743 3329 τὸ

477 3372 525 3430 si
600 3373 687 3427 oui
745 3372 1066 3442 praeclarum
1118 3379 1173 3426 et
1219 3368 1521 3441 optandum
1574 3368 1790 3423 videtur
1841 3373 2053 3421 natura;

2160 3370 2297 3441 ἔχειν
2325 3374 2382 3427 ὲν
2408 3371 2588 3443 ἑαυτῷ
2611 3372 2703 3426 τὸν
2738 3371 2958 3443 Πατέρα
2986 3371 3078 3425 καὶ
3106 3369 3196 3424 τὸν
3229 3369 3379 3435 Υίὸν,
3424 3369 3560 3440 ὅπερ
3587 3368 3742 3423 ἐστὶν

477 3464 678 3519 divinae
708 3464 824 3520 fieri
850 3463 1170 3534 participem
1192 3462 1262 3529 “,
1295 3470 1352 3517 et
1373 3463 1428 3516 in
1464 3460 1649 3516 cordis
1677 3460 2050 3531 penetralibus

2156 3464 2371 3535 ἀπάσης
2397 3464 2666 3536 θυμηδίας
2693 3481 2754 3517 τε
2784 3464 2880 3517 καὶ
2917 3462 3077 3534 δόξης
3108 3461 3251 3534 ἀρχὴ
3298 3462 3392 3515 καὶ
3439 3461 3696 3527 ὑπόθεσις
3722 3478 3738 3492 ’

475 3567 786 3612 versantem
823 3564 878 3611 et
915 3556 1315 3611 inltabitantem
1354 3555 1559 3609 habere
1599 3553 1843 3609 universi
1880 3553 2050 3607 Deum

2158 3555 2292 3609 οὕτω
2322 3556 2417 3610 καὶ
2441 3555 2502 3608 τὸ
2528 3554 2644 3628 [γρ.
2674 3554 2774 3627 τῷ]
2821 3554 2895 3626 μὴ
2923 3555 3226 3626 τηρήσαντι
3250 3553 3311 3607 τὸ
3340 3554 3539 3624 ἥκιστα
3570 3570 3740 3623 μετα-

477 3663 541 3703 ac
573 3648 785 3703 Patrem
842 3663 938 3718 per
989 3646 1187 3702 Filium
1247 3647 1303 3700 in
1362 3644 1594 3715 Spiritu,
1649 3653 1844 3717 purget
1890 3658 2048 3699 suam

2158 3648 2301 3717 σχεῖν
2336 3647 2437 3716 τῆς
2471 3644 2622 3709 θείας
2661 3662 2720 3698 τε
2750 3647 2843 3700 καὶ
2864 3646 3104 3717 ἀρρήτου
3134 3645 3372 3715 φύσεως,
3418 3646 3558 3716 ὅπερ
3586 3645 3740 3699 ἐστὶν

476 3745 735 3806 animam,
765 3749 819 3797 et
847 3740 1217 3811 improbitatis
1249 3738 1443 3793 sordes
1471 3739 1674 3808 quibus
1709 3738 1884 3807 possit
1927 3752 2052 3791 mo-

2157 3738 2362 3801 οὐδενὸς
2391 3737 2454 3790 τὸ
2496 3737 2719 3808 σύμπαν
2748 3736 3047 3801 ἀπόλαυσις
3081 3736 3310 3807 ἀγαθοῦ.
3345 3737 3555 3797 Οὐκοῦν
3579 3736 3636 3790 εί
3658 3753 3739 3808 τῳ

474 3834 582 3897 dis,
615 3833 728 3888 imo
769 3846 898 3887 vero
942 3845 1039 3902 per
1086 3845 1249 3885 omne
1292 3829 1497 3885 bonum
1546 3845 1691 3900 opus
1749 3830 2045 3900 abstergat.

2156 3829 2312 3883 καλὸν
2341 3830 2437 3883 καὶ
2457 3829 2778 3901 ἀξιέραστον
2802 3826 2940 3883 εἶναι
2969 3829 3117 3883 δοκεῖ
3137 3830 3198 3882 τὸ
3217 3829 3318 3899 τῆς
3350 3828 3499 3892 θείας
3519 3829 3738 3899 φύσεως

474 3924 629 3980 Tunc
651 3926 796 3980 enim
820 3939 1008 3981 revera
1041 3923 1135 3979 Dei
1164 3923 1426 3993 templum
1454 3923 1762 3990 vocabitur,
1792 3933 1846 3979 et
1865 3924 2049 3978 diver-

2156 3920 2509 3992 μεταλαχεῖν,
2562 3917 2977 3989 ἐνδιαιτώμενόν
3024 3936 3085 3973 τε
3135 3918 3232 3974 καὶ
3265 3918 3581 3974 ἐνοικοῦντα
3622 3921 3738 3981 τοῖς

473 4018 686 4073 sabitur
715 4017 770 4071 in
799 4032 864 4071 eo
890 4027 1055 4086 atque
1085 4015 1438 4081 inltahitahit,
1470 4025 1528 4071 ut
1558 4018 1827 4087 scriptum
1858 4023 1944 4071 est
1975 4016 2043 4069 ⁸⁹.

2155 4015 2247 4084 τῆς
2279 4012 2505 4083 καρδίας
2530 4012 2781 4082 ταμείοις
2804 4012 2898 4066 τὸν
2921 4010 3030 4066 τῶν
3061 4012 3198 4066 ὅλων
3225 4010 3372 4083 ἔχειν
3400 4011 3621 4081 Πατέρα
3645 4012 3737 4065 καὶ

472 4105 582 4161 Nec
611 4107 757 4160 enim
813 4105 1010 4161 similis
1043 4105 1148 4159 erit
1186 4105 1258 4170 ei,
1308 4106 1467 4176 cujus
1524 4107 1579 4161 in
1632 4105 1941 4176 Evangeliis
1985 4104 2046 4160 ﬁt

2150 4104 2278 4158 Θεὸν
2324 4102 2389 4157 δι’
2437 4102 2564 4156 Υίοῦ
2600 4103 2661 4156 ὲν
2705 4102 3006 4173 Πνεύματι,
3060 4102 3345 4168 διανιζέτω
3385 4102 3485 4174 τὴν
3532 4102 3732 4157 ἑαυτοῦ

473 4199 698 4261 mentio,
732 4198 866 4269 legis
911 4196 1146 4264 doctori,
1176 4198 1271 4268 qui
1321 4214 1433 4253 non
1484 4207 1797 4270 exspectata
1837 4197 2043 4254 Serva-

2153 4195 2345 4268 ψυχὴν,
2374 4196 2468 4249 καὶ
2502 4195 2603 4266 τὴν
2623 4196 2690 4248 ὲκ
2720 4196 2819 4265 τῆς
2847 4194 3200 4266 φαυλότητος,
3230 4194 3296 4249 δι’
3318 4189 3395 4250 ὧν
3424 4195 3491 4249 ἂν
3511 4195 3735 4250 δύναιτο

471 4290 609 4344 toris
633 4289 807 4359 gratia
831 4296 982 4342 motu
1003 4302 1108 4343 suo
1132 4287 1201 4343 ad
1224 4303 1349 4344 eum
1379 4289 1722 4361 sequendum
1756 4290 2044 4343 incitatum

2151 4288 2384 4360 τρόπων,
2433 4286 2631 4357 μᾶλλον
2656 4286 2714 4339 δὲ
2743 4288 2811 4341 δι’
2838 4287 3059 4357 ἀπάσης
3089 4286 3460 4359 ἀγαθουργίας
3499 4288 3733 4358 ἀποτρι-

471 4394 530 4435 se
568 4379 768 4444 aiebat,
799 4392 1037 4448 eumque
1077 4378 1186 4434 sibi
1226 4378 1491 4435 honorem
1520 4378 1796 4444 arripiens
1827 4398 1841 4434 :
1876 4399 1896 4432 ι
1932 4379 2045 4434 Ma-

2148 4376 2289 4428 ϐἐτω
2320 4374 2533 4446 κηλῖδα.
2569 4376 2881 4446 Χρηματιεῖ
2911 4374 3019 4447 γὰρ
3047 4375 3171 4429 τότε
3200 4376 3326 4439 ναὸς
3351 4377 3518 4438 ὅντως
3545 4376 3686 4430 Θεοῦ
3713 4394 3729 4409 ·

470 4470 660 4539 gister,
693 4471 894 4540 inquit,
927 4484 1128 4540 sequar
1162 4479 1213 4526 te
1259 4486 1595 4541 quocunque
1645 4470 1777 4527 ieris
1793 4471 1862 4526 ³ο.
1899 4489 1919 4523 ι
1977 4471 2047 4524 At

2152 4466 2522 4521 ἀναπαύσεται
2574 4464 2633 4519 δὲ
2685 4469 2744 4519 ὲν
2774 4465 2925 4537 αὐτῷ
2975 4469 3069 4521 καὶ
3116 4468 3433 4532 καταλύσει,
3478 4469 3623 4523 κατά
3671 4470 3734 4523 τὸ

468 4559 599 4629 quid
623 4559 688 4614 ad
715 4574 841 4615 eum
883 4557 1192 4616 Dominus?
1220 4558 1592 4631 Enigmatice
1621 4566 1678 4614 et
1724 4573 1823 4630 per
1871 4575 2040 4630 para-

2151 4558 2552 4628 γεγραμμένον.
2590 4559 2666 4613 Οὐ
2697 4559 2806 4630 γάρ
2834 4558 2988 4613 ἔσται
3018 4562 3137 4613 κατ’
3165 4562 3370 4614 ἐκεῖνον
3400 4560 3494 4615 τὸν
3518 4562 3580 4614 ὲν
3616 4562 3733 4624 τοῖς

468 4651 684 4705 holam:
717 4669 736 4701 ι
781 4650 985 4720 Vulpes
1027 4649 1216 4708 foveas
1247 4651 1472 4717 habent,
1523 4659 1580 4707 et
1613 4654 1871 4707 volucres
1909 4651 2039 4707 caeli

2147 4650 2499 4719 Εὑαγγελίοις
2531 4651 2755 4723 νομικὸν
2784 4652 3192 4723 ὠνομασμένον,
3240 4652 3298 4717 ὃς
3326 4652 3424 4724 τὴν
3448 4653 3603 4724 παρά
3634 4652 3729 4707 τοῦ

466 4741 669 4795 nidos:
703 4738 873 4797 Filius
906 4754 1088 4798 autem
1132 4744 1375 4800 hominis
1408 4757 1519 4798 non
1552 4743 1718 4798 habet
1751 4742 1844 4797 ubi
1875 4752 2041 4813 caput

2151 4744 2396 4815 Σωτῆρος
2425 4746 2487 4799 ού
2519 4745 2840 4816 περιμείνας
2866 4744 3049 4816 χάριν,
3075 4745 3406 4815 αὐτόκλητος
3429 4741 3569 4799 εἶναι
3592 4745 3733 4815 πρὸς

468 4837 698 4891 reclinet
722 4836 787 4892 ³¹.
827 4856 846 4889 ι
877 4836 1079 4909 Vulpes
1114 4848 1295 4895 autem
1348 4847 1403 4894 et
1432 4838 1555 4893 coeli
1604 4852 1735 4893 aves
1768 4837 2040 4909 malignos

2153 4834 2502 4906 ἀκολούθησιν
2526 4836 2654 4907 ἔφη,
2680 4837 2774 4890 καὶ
2793 4839 2891 4907 τὴν
2913 4836 3085 4900 οὕτως
3109 4836 3436 4906 ἀξιάγαστον
3463 4837 3735 4910 ἁρπάζων

465 4936 520 4981 et
556 4926 797 4997 impuros
826 4931 1162 5000 nuncupavit
1186 4928 1491 4992 daemonas.
1544 4937 1601 4983 et
1658 4929 1823 4983 hosce
1878 4944 2042 4984 mun-

2153 4928 2337 4999 τιμὴν,
2367 4928 2537 4999 φησί·
2569 4927 2926 4991 «Διδάσκαλε,
2958 4927 3307 4999 ἀκολουθήσω
3341 4946 3443 4996 σοι,
3470 4929 3605 4982 ὅπου
3633 4931 3735 4986 ἐὰν

464 5017 640 5073 danos
667 5028 831 5090 atque
860 5020 1041 5076 aerios
1070 5019 1321 5090 spiritus,
1362 5019 1457 5089 qui
1509 5019 1564 5076 in
1615 5018 2040 5076 libidinosorum

2152 5021 2383 5092 ἀπέρχῃ.
2416 5039 2435 5072 ι
2509 5020 2672 5074 Ἀλλά
2701 5021 2755 5073 τί
2789 5021 2926 5093 πρὸς
2957 5020 3121 5074 αὐτὸν
3165 5023 3194 5074 ό
3244 5021 3483 5092 Κύριος;
3549 5021 3639 5085 Ὠς
3675 5025 3734 5078 ὲν

465 5109 728 5167 cordibus
754 5122 1043 5167 versantur
1074 5122 1238 5180 atque
1286 5110 1621 5176 inhabitant,
1674 5126 1788 5167 sua:
1840 5112 2038 5168 volun-

2154 5113 2430 5185 παραϐολῇ
2481 5114 2576 5166 καὶ
2624 5112 2905 5183 αἰνίγματι
2929 5129 2944 5145 ·
2998 5132 3016 5165 ι
3047 5113 3114 5166 Ai
3160 5112 3445 5178 ἀλώπεκες
3487 5114 3736 5183 φωλεοὺς

465 5201 592 5258 tatis
641 5202 848 5259 exitum
886 5202 1195 5266 consecuti,
1242 5201 1585 5273 miserasque
1622 5217 1812 5258 eorum
1854 5218 1885 5259 a
1913 5205 2040 5274 qui-

2156 5205 2351 5277 ἕχουσι,
2370 5206 2466 5259 καὶ
2488 5205 2802 5260 τῶπετεινά
2826 5205 2920 5259 τοῦ
2950 5205 3182 5277 οὐρανοῦ
3205 5205 3679 5277 κατασκηνώσεις
3707 5208 3738 5259 ὁ

463 5292 569 5349 bus
596 5294 972 5365 suscipiuntur
1004 5293 1216 5349 animas
1243 5294 1300 5349 in
1329 5301 1546 5348 arctum
1580 5295 1719 5349 adeo
1742 5304 2029 5367 cogentes.

2149 5299 2196 5353 Sb
2213 5299 2340 5362 Υίὸς
2358 5298 2453 5352 τοῦ
2469 5297 2756 5370 ἀνθρώπου
2774 5298 2874 5352 οὐκ
2890 5298 3002 5370 ἔχει
3019 5297 3121 5352 ποῦ
3140 5297 3239 5369 τὴν
3256 5296 3498 5367 κεφαλὴν
3514 5298 3695 5369 κλίνῃ.
3710 5318 3731 5347 ι

464 5393 524 5439 ιιι
560 5387 770 5441 nullum
818 5401 1054 5457 prorsus
1087 5386 1144 5441 in
1175 5386 1245 5442 iis
1292 5386 1673 5458 requiescendi
1709 5389 1862 5444 locus
1921 5388 2032 5446 Deo

2153 5391 2466 5456 Ἀλώπεκας
2498 5392 2556 5445 δὲ
2589 5392 2684 5445 καὶ
2712 5392 2944 5464 ούρανοῦ
2976 5391 3200 5445 πετεινά
3232 5392 3360 5454 τοὺς
3386 5391 3735 5461 πανούργους

461 5475 808 5547 relinquatur
833 5497 848 5534 :
878 5477 932 5531 id
961 5477 1106 5533 enim
1135 5478 1433 5548 signilicat,
1467 5499 1487 5533 ι
1510 5480 1778 5537 reclinare
1805 5491 1988 5552 caput.
2010 5502 2029 5535 ι

2152 5486 2234 5538 tati.
2254 5485 2599 5557 ἀκαθάρτους
2627 5485 2881 5556 ὠνόμασε
2913 5485 3195 5556 δαίμονας,
3228 5483 3321 5536 καὶ
3347 5484 3418 5536 τὰ
3455 5483 3734 5553 ὲγκόσμια

458 5564 764 5637 Purgcmus
802 5569 990 5639 itaque
1021 5568 1191 5623 corda
1231 5578 1419 5626 nostra
1457 5572 1526 5628 ab
1570 5574 1721 5629 omni
1753 5574 1914 5630 labe:
1952 5576 2034 5632 sic

2153 5577 2296 5631 cauti
2336 5576 2431 5630 καὶ
2490 5578 2652 5648 ἀέρια
2699 5576 3002 5647 πνεύματα,
3046 5575 3082 5631 ἃ
3111 5578 3231 5639 ταῖς
3261 5573 3561 5646 φιληδόνων
3589 5590 3735 5645 καρι-

529 5740 573 5771 ³⁸
609 5741 657 5794 ll
687 5740 828 5797 l’etr.
865 5759 904 5805 t.
935 5745 987 5800 4.
1066 5745 1160 5800 "l
1206 5747 1330 5804 Cor.
1382 5766 1463 5811 nt.
1507 5750 1588 5807 16.
1683 5753 1726 5784 ⁸ο
1756 5751 1943 5807 Matth.
2004 5768 2111 5807 vni

1066 5745 1160 5800 “I
1206 5747 1330 5804 Cor.
1382 5766 1463 5811 ιιι.
1507 5750 1588 5807 16.
1683 5753 1726 5784 ⁸⁰
1756 5751 1943 5807 Matth.
2004 5768 2121 5810 Vtu.
2165 5751 2249 5806 19.
2291 5753 2328 5785 ³³
2361 5751 2500 5809 Ibid.
2543 5752 2630 5808 20.
