4006 6412
296 338 411 396 2θῖ
1359 339 1426 396 ιΝ
1452 338 1749 399 JOANNIS
1786 339 1871 395 εν

1973 335 2243 394 (ΞΕΙιΙυΜ
2291 336 2420 392 Lli}.
2464 335 2555 391 Χ..
3450 337 3555 397 *298

287 454 435 517 δίαις
475 451 842 527 ἐμφιλοχωρεί
875 464 935 508 τε
966 452 1060 509 καῖ⁹
1095 448 1458 521 ἐναυλίζεται,
1479 458 1577 527 τὴν
1597 455 1705 508 τῶν
1731 454 1871 507 ίδίων

1980 450 2151 515 enim,
2194 449 2277 505 sic
2305 457 2359 503 et
2394 449 2447 502 in
2488 446 2648 504 nobis
2680 440 2954 501 habitabit
2984 447 3146 511 Dens,
3178 456 3232 503 et
3262 452 3411 504 omni
3447 454 3556 507 dia-

286 544 616 615 θελημάτων
642 545 835 616 ἔχοντα
860 544 969 615 πλὴ
980 561 1165 616 ρωσιν,
1195 544 1629 617 στενοχωροῦντά
1649 561 1706 597 τε
1729 543 1871 596 οὑτω

1973 541 2161 596 bolico
2193 539 2402 595 insultu
2425 536 2750 610 superiores
2793 539 3007 605 efficiet,
3038 540 3338 611 beatosqlie
3382 557 3445 597 ac
3477 544 3557 598 fe-

284 636 392 700 τάς
423 636 617 700 ἀθλίας
659 636 771 690 τῶν
800 635 1102 709 δεχομένων
1131 636 1328 707 ψυχὰς,
1366 637 1442 700 ὡς
1485 638 1650 690 τόπον
1680 634 1871 688 οὐδένα

1976 633 2116 688 lices
2148 630 2363 693 reddet,
2388 628 2554 703 835
2591 637 2754 702 atque
2782 630 2982 687 divinae
3008 638 3069 687 et
3092 631 3393 689 ineﬂ‘abi‘lis
3432 650 3556 691 suae

282 728 574 790 παντελῶς
598 729 955 793 ἀναπαύσεως
979 730 1038 781 ἐν
1063 729 1257 792 αὑταῖς
1289 727 1564 799 εὑρίσκειν
1587 726 1678 779 τὸν
1707 723 1839 778 Θεόν
1854 739 1868 753 ’

1977 731 2188 778 naturae
2214 723 2535 794 participes.

274 817 447 871 τοῦτο
478 820 590 892 γάρ
617 823 733 874 ἐστι
774 820 833 874 τὸ
869 820 1048 875 κλῖναι
1092 820 1190 892 τὴν
1232 820 1494 890 κεφαλήν.
1523 817 1928 889 Καθαρίσωμεν
1963 818 2142 871 τοίνυν
2172 816 2279 870 ἀπὸ
2327 814 2529 877 παντὸς
2571 815 2848 887 μολυσμοῦ
2890 816 2990 880 τάς
3033 816 3242 871 ἑαυτῶν
3286 818 3515 888 καρδίας
3540 834 3555 850 ·

272 909 430 966 οὑτω
464 912 596 983 γὰρ,
628 911 774 965 οὑτω
816 912 909 966 καὶ
944 914 1002 966 ἐν
1052 914 1186 983 ἡμῖν
1240 913 1448 984 οἰκήσει
1487 912 1641 978 θεὸς,
1683 912 1777 964 καὶ
1814 909 2072 980 ἀμείνους
2111 911 2257 981 ἡμᾶς
2306 910 2525 979 ἀπάσης
2593 910 2859 982 ἐπηρείας
2905 910 3175 979 ἀποφανεῖ
3220 911 3555 984 διαϐολικῆς,

281 1000 597 1071 μακαρίους
622 1017 682 1053 τε
713 999 809 1053 καὶ
847 997 1121 1070 ζηλωτοὺς
1156 1001 1469 1070 ἐργάσεται,
1517 1001 1613 1055 καὶ
1645 999 1935 1061 κοινωνοὺς
1965 997 2235 1063 ἀποδείξει
2262 998 2361 1069 τῆς
2395 996 2544 1061 θείας
2586 998 2750 1052 αὑτοῦ
2782 1000 2875 1053 καὶ
2901 1000 3142 1072 ἀρρήτου
3176 1000 3413 1070 φύσεως.
3569 1060 3577 1067 ,

350 1092 469 1146 Καὶ
511 1094 543 1145 ὀ
569 1092 753 1160 λόγος
785 1091 860 1144 ὃν
882 1090 1131 1145 ἀκούετε
1172 1093 1282 1145 οὐκ
1320 1091 1491 1145 ἔστιν
1515 1091 1680 1161 ἐμὸς,
1707 1090 1870 1145 ἀλλὰ

2046 1088 2184 1151 XIV,
2215 1089 2306 1143 24.
2345 1086 2415 1141 Et
2447 1105 2619 1143 sermo
2672 1106 2823 1159 quem
2864 1090 3062 1145 auditis
3098 1106 3202 1145 non
3254 1102 3334 1146 est
3382 1106 3552 1159 meus,

279 1187 391 1241 τοῦ
419 1184 777 1256 πέμψαντός
804 1202 883 1254 με
913 1185 1161 1253 Πατρός.

1974 1181 2064 1235 sed
2099 1181 2213 1251 ejus
2246 1183 2338 1251 qui
2367 1182 2512 1235 misit
2544 1197 2625 1235 me
2658 1179 2862 1235 Patris.

351 1278 651 1346 Οἱκονομεί
673 1293 726 1328 τι
754 1275 914 1329 πάλιν
935 1275 1044 1328 τῶν
1075 1275 1408 1343 ἀναγκαίων,
1441 1276 1532 1328 καὶ
1562 1274 1866 1328 καλούντων

2042 1271 2425 1329 Necessarium
2463 1273 2669 1343 aliquid
2720 1284 2918 1328 rursus
2957 1273 3219 1338 instituit,
3272 1276 3419 1345 quod
3482 1279 3553 1331 ad

276 1368 359 1430 εἰς
390 1364 665 1436 ὀρθότητα
690 1364 988 1436 λογισμῶν,
1014 1365 1109 1418 καὶ
1128 1364 1192 1417 δι’
1213 1355 1289 1417 ὧν
1315 1363 1537 1436 ἔμελλεν
1566 1359 1678 1435 [ἴον.
1707 1363 1868 1434 ἐμελ-

1974 1374 2180 1420 rcctam
2216 1363 2340 1420 ildei
2372 1365 2613 1435 regulam
2643 1365 2900 1431 deducat,
2923 1380 3096 1436 eaque
3114 1376 3318 1422 rursus
3343 1369 3554 1437 profert

275 1459 406 1532 λον]
452 1458 864 1529 εὑμαθεστέραν
911 1456 1055 1528 ἔχειν
1105 1458 1343 1510 διάνοιαν
1389 1458 1470 1521 είς
1519 1457 1580 1509 τὸ
1626 1456 1867 1510 συνιέναι

1975 1459 2029 1512 in
2063 1458 2304 1513 medium
2336 1472 2433 1528 per
2456 1471 2577 1527 qua
2609 1457 2676 1511 ad
2702 1466 2849 1513 recte
2871 1457 3279 1528 percipiendam
3299 1461 3552 1529 mysterii

276 1552 467 1617 καλῶς
499 1552 596 1605 τοῦ
641 1549 943 1623 μυστηρίου
973 1549 1033 1603 τὸ
1078 1548 1261 1619 βάθος,
1299 1547 1669 1621 παρακομίζει
1704 1541 1867 1601 πάλιν

1976 1548 2322 1604 altitudinem
2354 1546 2576 1603 animus
2609 1547 2831 1605 facilius
2862 1548 3149 1605 evehatur.
3184 1547 3391 1603 Firmat
3422 1566 3555 1606 vero

273 1648 360 1709 εὶς
402 1645 589 1715 μέσον.
640 1643 894 1716 Στηρίζει
929 1642 985 1697 δὲ
1037 1643 1144 1695 τῶν
1191 1642 1556 1712 ἀκροωμένων
1587 1641 1677 1694 τὸν
1720 1640 1864 1705 νοῦν,

1977 1645 2214 1693 mentem
2242 1638 2577 1701 auditorum,
2617 1654 2685 1693 ne
2711 1635 3026 1695 Iudaeorum
3080 1640 3298 1695 inscitia
3331 1642 3553 1711 quidam

279 1737 373 1789 ἶνα
399 1737 479 1807 μὴ
513 1738 631 1798 ταῖς
670 1734 941 1788 Ἰουδαίων
970 1733 1233 1805 ἀμαθίαις
1262 1731 1752 1802 συγκαθελκόμενοι
1780 1730 1871 1782 καὶ

1976 1729 2190 1799 abrepti
2240 1743 2542 1801 eorumque
2586 1731 2829 1786 furorem
2872 1739 2928 1786 et
2974 1731 3250 1786 insaniam
3290 1732 3551 1795 annulati,

269 1831 400 1892 ταῖς
447 1826 674 1881 ἐκείνων
724 1825 1003 1889 ὑπονοίαις
1043 1824 1111 1879 τὰ
1151 1826 1245 1879 ise.
1287 1827 1427 1877 νοεῖν
1459 1823 1863 1895 ἀγαπήσαντες,

270 1922 379 1991 τὴν
435 1920 599 1989 ἁγίαν
642 1918 736 1972 καὶ
785 1918 1151 1988 εὑαγγελικήν
1200 1934 1343 1980 τινες
1377 1913 1694 1987 ἀτιμάζοιεν
1740 1914 1868 1968 παί-

270 2015 483 2068 δευσιν.
528 2014 593 2065 ⁸0
621 2011 679 2066 δὲ
716 2011 890 2064 εἰπεῖν
925 2009 1207 2081 βούλομαι,
1243 2008 1441 2077 σαφῶς
1458 2009 1575 2061 ἐστι
1603 2006 1863 2061 τοιοῦτον.

280 2105 347 2159 Ὀ
380 2105 554 2175 νόμος
588 2104 686 2175 μὲν
710 2102 822 2174 γὰρ
849 2102 1004 2156 σκιάν
1033 2100 1173 2171 ἔχων
1202 2102 1297 2155 καὶ
1326 2101 1498 2154 τύπον
1540 2098 1705 2170 μέχρι
1740 2116 1865 2153 και-

276 2194 376 2264 ροῦ
412 2191 758 2265 διορθώσεως
802 2191 1171 2261 ἐπικείμενον,
1222 2189 1363 2243 κατά
1395 2190 1492 2261 τὴν
1525 2187 1618 2242 τοῦ
1648 2187 1865 2242 Παύλου

271 2286 493 2356 φωνὴν,
545 2283 891 2352 παιδαγωγὸς
928 2282 1086 2355 ἡμῶν
1113 2282 1337 2352 γέγονεν
1365 2283 1445 2346 είς
1476 2280 1732 2353 Χριστὸν,
1772 2273 1868 2333 καὶ

272 2375 692 2448 προμελέτησιν
722 2373 911 2447 ὥσπερ
935 2372 1060 2427 τινὰ
1082 2374 1182 2443 τῆς
1213 2375 1333 2428 κατ’
1361 2372 1641 2427 εὐσέϐειαν
1665 2373 1867 2444 ἀρετῆς

268 2463 619 2535 είσεκόμιζε.
648 2462 1062 2536 Προγύμνασμα
1091 2463 1272 2517 τοίνυν
1296 2461 1398 2533 τῆς
1425 2462 1656 2535 ἀληθοῦς
1689 2466 1782 2516 καὶ
1808 2455 1866 2514 ἐν

271 2557 561 2626 πνεύματι
590 2554 847 2627 λατρείας
874 2553 941 2608 τὰ
964 2554 1054 2608 διὰ
1078 2555 1319 2619 Μωσέως
1346 2554 1517 2608 είπών
1541 2571 1645 2619 τις,
1673 2555 1773 2608 οὑκ
1800 2553 1866 2607 ἂν

269 2648 520 2718 ἁμάρτοι
544 2646 639 2700 τοῦ
667 2647 992 2716 πρέποντος.
1016 2646 1116 2700 Διά
1138 2647 1247 2718 γάρ
1270 2663 1351 2701 τοι
1381 2646 1540 2701 τοῦτο
1583 2644 1865 2700 τετελείω-

272 2755 369 2794 κεν
401 2738 435 2790 ό
483 2738 651 2810 νόμος
695 2737 871 2793 οὐδέν.
933 2736 990 2791 '0
1036 2737 1093 2790 δὲ
1135 2737 1337 2809 Κύριος
1383 2736 1539 2809 ἡμῶν
1597 2736 1800 2808 Ἰησοῦς
1838 2738 1867 2790 ὀ

272 2830 523 2902 Χριστὸς
582 2829 768 2884 οὐκέτι
842 2829 1186 2900 πραγμάτων
1234 2827 1484 2893 εἰκόνας,
1533 2822 1647 2882 ἀλλ’
1697 2828 1867 2900 αὑτὴν

272 2923 410 2992 ἡμῖν
432 2920 742 2991 ἀναφανδὸν
765 2919 1012 2987 ὑπέδειξε
1039 2918 1139 2991 τὴν
1167 2912 1443 2991 ἀλήθειαν,
1468 2920 1568 2973 οὑκ
1595 2918 1651 2973 ἐν
1674 2918 1866 2981 τύποις

271 3013 352 3065 ἔτι
387 3013 487 3065 καὶ
521 3012 763 3082 σχήματι
803 3011 864 3063 τὸ
900 3011 1000 3080 τῆς
1046 3010 1248 3081 ἀρετῆς
1294 3010 1666 3082 καταγράφων
1700 3007 1863 3073 εἶδος.

1973 1829 2223 1877 sanetam
2256 1828 2311 1876 et
2349 1822 2723 1893 evangelicam
2760 1821 3069 1877 doctrinam
3114 1831 3550 1879 contemnerent.

1970 1912 2127 1981 Quod
2154 1921 2337 1968 autem
2363 1913 2490 1968 volo
2517 1922 2602 1969 est
2629 1914 2961 1971 istiusmodi.
3008 1914 3117 1972 Lex
3152 1918 3401 1972 umbram
3450 1920 3554 1973 lia-

1970 2005 2105 2060 hens
2137 2014 2192 2060 et
2225 2004 2455 2075 ﬁguram
2478 2006 2523 2038 ³²
2550 2022 2729 2077 usque
2764 2006 2833 2062 ad
2853 2012 3079 2079 'tetn‘pds
3105 2010 3464 2065 correetionis
3482 2008 3550 2074 ³³,

1966 2096 2124 2166 juxta
2153 2095 2310 2152 Pauli
2344 2112 2555 2163 vocem,
2587 2099 2920 2172 pmdagogus
2970 2100 3130 2156 nobis
3160 2100 3264 2155 fuit
3308 2101 3361 2155 in
3393 2101 3557 2156 Chri-

1969 2202 2056 2245 sto
2081 2189 2147 2255 ³⁸,
2176 2197 2233 2246 et
2279 2191 2810 2261 praemeditationem
2851 2194 3026 2249 veluti
3079 2196 3372 2265 quamdam
3413 2210 3556 2252 verae

1969 2282 2191 2353 pietatis
2234 2282 2472 2337 induxit.
2508 2282 2567 2338 Si
2592 2284 2718 2355 quis
2749 2300 2880 2356 ergo
2911 2284 3205 2341 Mosaicam
3235 2288 3409 2358 legem
3437 2290 3551 2342 vrri

1970 2383 2025 2427 et
2050 2374 2320 2446 spiritalis
2358 2375 2546 2432 cultus
2584 2377 3195 2447 praeexercitamen'tum
3236 2390 3360 2435 esse
3398 2381 3555 2434 dixe-

1971 2466 2064 2532 rit,
2097 2483 2205 2524 non
2237 2468 2446 2523 errabit
2486 2484 2517 2523 a
2551 2485 2701 2526 vero.
2738 2467 2953 2525 Idcirco
2982 2472 3128 2526 enim
3163 2473 3301 2527 nihil
3324 2473 3396 2527 ad
3420 2478 3554 2544 per-

1972 2557 2175 2613 fectum
2205 2557 2436 2613 adduxit
2458 2558 2546 2614 lex
2566 2559 2634 2616 ³⁸.
2670 2558 2941 2616 Dominus
2969 2566 3149 2617 autem
3170 2569 3364 2617 noster
3390 2558 3552 2620 iesus

1968 2646 2227 2707 Christus
2257 2665 2367 2705 non
2399 2651 2641 2722 amplius
2674 2662 2860 2708 rerum
2894 2654 3179 2723 imagines,
3226 2652 3323 2709 Sed
3373 2656 3550 2726 ipsam

1971 2739 2133 2793 nobis
2163 2748 2348 2809 aperte
2371 2741 2611 2796 ostendit
2635 2741 2946 2808 veritatem,
2987 2756 3096 2797 non
3132 2743 3246 2813 jam
3302 2744 3355 2798 in
3407 2747 3553 2815 typis

1970 2844 2035 2884 ac
2060 2830 2253 2901 ﬁguris
2278 2832 2501 2889 virtutis
2526 2835 2765 2904 speciem
2789 2833 3114 2904 depingens,
3141 2834 3286 2904 quod
3315 2835 3555 2891 faciebat

1970 2921 2175 2987 Moses,
2214 2924 2311 2979 sed
2363 2922 2571 2980 nudam
2620 2924 3031 2996 quodammodo
3066 2935 3121 2982 et
3150 2936 3395 2995 apertam
3439 2936 3551 2982 sta.
3584 2930 3589 2935 ‘

1971 3021 2155 3074 tuens,
2190 3011 2576 3085 hominemque
2604 3015 2673 3070 ad
2701 3016 2962 3086 pietatem
3010 3015 3231 3084 plenum
3264 3022 3330 3070 ac
3362 3010 3551 3087 perie-

270 3107 412 3178 ὅπερ
440 3076 866 3175 ἐποίει-Μωσῆς,
909 3076 1045 3157 ἀλλὰ
1074 3076 1287 3174 γυμνὴν
1316 3076 1506 3172 ὥσπερ
1530 3076 1624 3156 καὶ
1648 3102 1863 3173 ἐμφανῆ

1973 3112 2121 3158 ctum
2165 3103 2427 3161 reddens.
2460 3076 2763 3174 disciplina
2794 3103 2962 3175 igitur
3006 3076 3311 3160 verborum
3344 3076 3553 3161 Christi

274 3197 572 3261 καθιστὰς,
619 3198 710 3251 καὶ
754 3195 934 3266 πλήρη
974 3190 1108 3266 πρὸς
1138 3190 1419 3247 εὐσέϐειαν
1453 3193 1546 3247 τὸν
1578 3192 1867 3264 ἄνθρωπον

273 3288 588 3343 ἀποτελῶν.
638 3283 748 3342 Ἦν
797 3284 891 3340 οὑν
936 3287 1044 3357 ἄρα
1094 3284 1205 3339 τῶν
1242 3284 1430 3339 τύπων
1479 3286 1559 3348 εἰς
1608 3284 1866 3356 ἀλήθειαν

276 3377 672 3449 μεταχώρησις
719 3378 813 3430 καὶ
846 3375 1182 3447 μετάπλασις
1213 3373 1323 3428 τῶν
1368 3373 1455 3429 διὰ
1494 3373 1731 3446 Χριστοῦ
1764 3376 1867 3446 ρη-

277 3472 471 3542 μάτων
522 3473 557 3541 ἡ
606 3469 909 3533 παίδευσις.
972 3466 1191 3540 Ἐπειδὴ
1234 3467 1290 3520 δὲ
1336 3469 1436 3539 τῆς
1472 3467 1731 3539 ἀληθείας
1766 3468 1865 3541 ἤδη

276 3562 737 3635 διαλαμπούσης,
799 3559 1053 3633 περιττὸν
1102 3556 1170 3630 ἦν
1222 3558 1303 3613 ἔτι
1354 3558 1719 3628 κρατύνεσθαι
1768 3560 1868 3630 τὴν

279 3653 481 3717 σκιὰν,
543 3652 729 3706 οὑκέτι
790 3653 903 3714 τοῖς
955 3651 1198 3720 νομικοῖς
1248 3648 1440 3712 τύποις
1492 3649 1869 3703 πολιτεύεσθαι

277 3746 597 3816 ἐνομοθέτει
639 3743 873 3815 Χριστὸς
915 3743 1041 3805 τοὺς
1087 3742 1411 3813 προσιόντας
1453 3742 1603 3814 αὑτῷ
1643 3740 1729 3796 διὰ
1768 3738 1870 3813 τῆς

280 3836 547 3898 πίστεως.
596 3834 767 3888 Τοῦτο
794 3833 914 3887 λίαν
956 3832 1145 3886 ἐλύπει
1174 3834 1303 3897 τοὺς
1358 3830 1668 3897 Ἰουδαίους,
1698 3832 1868 3905 ῷοντό

277 3946 340 3982 τε
370 3928 458 3982 ὅτι
492 3927 587 3981 τὸν
615 3927 844 3998 ἀρχαῖον
877 3925 1199 3979 καταλύσων
1223 3924 1386 3995 νόμον
1414 3923 1815 3997 ἐπιδεδήμηκεν
1839 3922 1870 3978 δ

279 4018 547 4089 Χριστὸς,
568 4017 746 4069 καίτοι
774 4015 1070 4089 διαρρήδην
1092 4014 1320 4085 βοιῖιντος
1342 4014 1629 4078 ἀκούοντες
1654 4028 1668 4044 ’
1713 4033 1731 4065 ι
1758 4015 1871 4068 Οὑκ

280 4102 451 4181 ἦλθον
486 4106 789 4163 καταλῦσαι
818 4106 909 4161 τὸν
947 4104 1133 4174 νόμον,
1178 4101 1315 4161 ἀλλὰ
1351 4106 1658 4176 πληρῶσαι.
1712 4105 1871 4173 Λέγω

281 4203 392 4273 γάρ
422 4203 577 4272 ὑμῖν,
605 4201 687 4253 ὅτι
723 4198 857 4252 ίῶτα
890 4195 970 4263 ἐν,
1002 4197 1037 4270 ἢ
1072 4198 1172 4270 μία
1200 4199 1396 4269 κεραία
1423 4198 1483 4251 οὑ
1516 4199 1591 4270 μὴ
1625 4197 1870 4269 παρέλθῃ

285 4294 394 4348 ἀπὺ
429 4292 530 4345 τοῦ
559 4291 748 4364 νόμου,
790 4287 895 4353 ἕως
936 4290 1003 4344 ἂν
1044 4291 1220 4344 πάντα
1245 4290 1489 4361 γένηται.
1522 4309 1540 4341 ο
1590 4285 1872 4362 Πλήρωμα

287 4384 392 4455 γὰρ
420 4383 537 4454 ἔχει
559 4384 656 4447 τῆς
678 4381 775 4435 τοῦ
805 4382 971 4450 νόμου
998 4383 1155 4445 σκιᾶς
1182 4382 1215 4452 ἡ
1247 4380 1389 4434 κατὰ
1417 4380 1674 4451 ἀλήθειαν
1698 4380 1866 4451 ἀρετὴ
1890 4413 1947 4468 .D

283 4475 371 4529 διὰ
420 4473 536 4527 τῶν
584 4471 820 4546 Χριστοῦ
864 4474 1043 4544 νόμων
1073 4471 1562 4543 εἰσκεκομισμένη,
1617 4469 1868 4543 καθάπερ

284 4568 494 4637 ἀρτίως
543 4564 824 4636 ἐλέγομεν.
884 4564 1104 4630 Ἐπειδὴ
1157 4564 1267 4635 γὰρ
1318 4562 1530 4635 ἀκρίτῳ
1584 4562 1739 4634 θυμῷ
1792 4563 1872 4616 δι-

282 4659 660 4730 ωλισθηκότες
705 4659 787 4721 είς
816 4656 1099 4711 ἀπείθειαν
1140 4656 1236 4711 καὶ
1273 4657 1353 4719 είς
1385 4654 1544 4725 ζῆλον
1582 4656 1751 4719 ἰόντες
1777 4653 1872 4707 τοῦ

284 4752 493 4822 νόμου,
542 4749 604 4802 οὑ
657 4751 780 4803 κατ’
816 4747 1111 4815 ἐπίγνωσιν
1159 4745 1478 4816 συνηγορεῖν
1529 4744 1749 4798 ἐδόκουν
1791 4744 1871 4814 τῷ

285 4842 460 4912 νόμῳ,
486 4839 558 4893 τά
587 4838 677 4893 διὰ
699 4836 936 4909 Χριστοῦ
967 4833 1403 4909 παρωθούμενοι,
1435 4834 1525 4888 διὰ
1549 4835 1706 4889 τοῦτο
1737 4849 1872 4907 χρη-

292 4929 505 4997 σίμως,
557 4931 648 4985 ἵνα
694 4925 770 5002 μὴ
812 4927 994 4999 δοκοίη
1025 4928 1137 4981 τισὶ
1170 4926 1391 4990 καινούς
1437 4943 1590 4989 τινας
1632 4925 1666 4998 ἢ
1705 4927 1870 4991 ἰδίους

292 5018 449 5089 παρὰ
474 5025 572 5087 τὴν
594 5023 821 5077 ἐνοῦσαν
850 5020 1105 5091 βούλησιν
1134 5018 1212 5090 τῷ
1238 5018 1358 5089 Θεῷ
1380 5020 1474 5072 καὶ
1504 5020 1679 5089 Πατρὶ
1702 5018 1872 5088 διορί-

290 5106 407 5173 ζειν
436 5108 666 5179 νόμους,
702 5111 1013 5176 ἀναγκαίως
1044 5111 1368 5182 ἐπήνεγκεν,
1398 5110 1480 5162 ὅτι
1509 5129 1526 5159 ι
1550 5110 1608 5163 Ὀ
1635 5109 1793 5178 λόγος
1813 5110 1874 5161 ὃν

289 5198 523 5254 ἀκούετε
558 5198 659 5252 οὑκ
718 5198 866 5253 ἐστιν
896 5202 1046 5270 ἐμὸς,
1093 5201 1228 5256 ἀλλά
1252 5201 1346 5255 τοῦ
1376 5201 1690 5273 ’πέμψαντός
1721 5219 1810 5272 με·
1845 5223 1865 5255 ι

293 5294 371 5364 μὴ
403 5291 515 5363 γὰρ
560 5290 626 5362 δή
656 5308 743 5354 τις
772 5291 989 5355 οἰέσθω,
1032 5297 1194 5365 φησὶ,
1233 5296 1340 5349 τῶν
1377 5297 1708 5364 προσιόντων
1748 5294 1873 5366 ἐμοὶ

291 5384 383 5438 διὰ
404 5383 508 5453 τῆς
539 5382 796 5448 πίστεως,
846 5374 922 5448 ὠς
947 5384 1160 5455 ἀπῳδόν
1193 5402 1312 5441 τινα
1335 5387 1493 5456 λόγον
1526 5388 1873 5459 ἐποιησάμην

290 5471 369 5544 τῷ
399 5470 525 5543 Θεῷ
559 5471 653 5526 καὶ
678 5472 875 5546 Πατρί.
913 5472 1090 5527 Αὑτοῦ
1138 5473 1299 5526 πάλιν
1332 5475 1425 5526 καὶ
1469 5476 1568 5547 οὑχ
1600 5474 1785 5545 ἐτέρου
1812 5474 1873 5528 τὸ

292 5564 651 5635 εὐαγγελικόν
672 5566 788 5618 ἐστι
815 5566 1096 5637 κήρυγμα,
1120 5565 1220 5618 οὑκ
1242 5566 1665 5639 ἐρυθριάσαντος
1684 5567 1832 5621 ὥσπε
1840 5584 1873 5637 ρ

365 5738 409 5770 ⁸⁸
438 5737 608 5793 ilehr.
652 5753 705 5803 x,
740 5740 792 5793 i.
868 5742 911 5773 ³³
936 5741 1098 5796 lli-br.
1128 5758 1203 5802 Ix.
1240 5744 1324 5796 10.
1400 5744 1438 5776 ³³³
1482 5744 1656 5799 Calai.
1689 5759 1771 5810 Ill,
1806 5743 1896 5799 2i.

537 5830 812 5893 PATBOL.
846 5835 963 5895 (in.
1000 5827 1271 5898 LXXIV.

1968 3194 2383 3253 transformatio
2414 3208 2468 3253 et
2492 3199 2783 3255 conversio
2808 3197 3101 3269 ﬁguramm
3123 3207 3242 3253 erat
3275 3197 3328 3253 in
3352 3199 3554 3254 verita.

1968 3296 2100 3343 tem.
2133 3287 2272 3343 Cum
2303 3298 2484 3344 autem
2529 3290 2763 3345 veritate
2808 3288 3028 3344 demum
3064 3289 3317 3345 elucente
3362 3304 3557 3360 snper-

1970 3378 2139 3433 iluum
2176 3390 2328 3436 esset
2359 3381 2609 3436 umbram
2638 3381 2849 3437 diutius
2884 3382 3159 3446 obtinere,
3198 3395 3310 3437 non
3344 3381 3457 3453 jam
3496 3383 3553 3437 in

1972 3470 2244 3543 legalibus
2300 3472 2450 3544 typis
2493 3473 2680 3527 vivere
2741 3472 3098 3543 praecipiebat
3148 3473 3404 3530 Christus
3456 3489 3553 3529 eos

1970 3563 2063 3631 qui
2099 3561 2165 3616 ad
2199 3563 2375 3634 ipsum
2409 3574 2508 3635 per
2544 3563 2707 3619 iidem
2745 3573 3123 3620 accesserant.
3174 3563 3289 3621 Hoc
3337 3561 3554 3621 Iudaeos

1968 3654 2323 3711 vehementer
2352 3656 2652 3727 pungebat,
2686 3656 2901 3726 sibique
2942 3658 3348 3728 persuadebant
3392 3652 3557 3711 Chri-

1971 3761 2114 3806 stum
2142 3750 2432 3806 advenisse
2476 3758 2535 3804 ut
2566 3748 2743 3820 legem
2778 3749 3041 3815 solveret,
3074 3749 3203 3803 licet
3232 3757 3421 3819 aperte
3442 3749 3555 3804 cla-

1971 3852 2213 3898 mantem
2254 3834 2508 3897 audirent
2541 3858 2555 3895 :
2593 3860 2612 3891 ι
2648 3839 2765 3896 Non
2792 3840 2922 3895 'veni
2962 3839 3177 3895 solvere
3222 3840 3416 3909 legem,
3454 3840 3552 3893 sed

1973 3934 2293 4003 adimplere.
2324 3931 2457 3987 Dico
2503 3933 2651 3987 enim
2698 3930 2878 3996 vobis,
2907 3929 3057 4000 quod
3099 3930 3208 3983 iota
3253 3946 3421 3984 unum
3456 3939 3554 3984 aut

1968 4039 2115 4078 unus
2148 4039 2286 4098 apex
2339 4039 2449 4078 non
2511 4022 2813 4093 praeteribit
2862 4036 2892 4075 a
2944 4022 3084 4093 lege,
3142 4021 3320 4077 donec
3367 4024 3555 4077 omnia

1972 4115 2105 4168 ﬁant
2127 4107 2194 4170 “.
2231 4133 2248 4167 ι
2276 4106 2416 4170 Vera
2441 4115 2589 4171 enim
2613 4115 2790 4170 virtus
2812 4121 2910 4186 per
2929 4113 3135 4170 Christi
3157 4114 3306 4186 leges
3332 4113 3555 4170 inducta

1974 4204 2165 4277 legalis
2194 4208 2402 4263 umbrae
2450 4207 2853 4277 plenitudinem
2887 4206 3159 4262 continet.
3198 4205 3557 4277 Quandoqui-

1973 4297 2097 4357 dem
2128 4296 2271 4356 enim
2301 4294 2566 4370 praecipiti
2628 4298 2816 4354 furore
2840 4298 2897 4353 in
2941 4297 3385 4353 incredulitatem
3417 4292 3555 4366 lapsi

1975 4398 2031 4445 et
2052 4390 2109 4443 in
2149 4387 2324 4445 zelum
2357 4388 2501 4460 legis
2539 4386 2728 4454 delati,
2758 4402 2870 4443 non
2902 4387 3209 4443 Secundum
3242 4387 3553 4450 scientiam,

1974 4477 2178 4536 Christi
2224 4476 2479 4535 doctrina
2526 4480 2833 4551 repudiata,
2880 4479 3217 4551 patrocinari
3251 4479 3355 4550 legi
3403 4477 3557 4532 vide-

1974 4573 2213 4637 bantur;
2264 4570 2494 4635 idcirco,
2543 4585 2610 4625 ne
2673 4570 3004 4641 quibusdam
3043 4567 3323 4625 videretur
3382 4583 3555 4624 novas

1976 4660 2245 4729 quasdam
2286 4666 2381 4714 aut
2424 4659 2675 4729 proprias
2723 4668 2924 4729 praeter
2954 4657 3290 4713 voluntatem
3345 4655 3458 4712 Deo
3491 4673 3557 4711 ac

1980 4751 2132 4806 Patri
2179 4752 2329 4824 leges
2393 4750 2793 4822 praescribere,
2846 4749 3160 4805 necessario
3218 4749 3555 4819 subjunxit:

1982 4861 2001 4893 ι
2038 4841 2232 4898 Sermo
2280 4854 2442 4912 quem
2491 4838 2694 4895 auditis
2741 4838 2910 4911 836
2960 4853 3070 4894 non
3104 4844 3190 4894 est
3224 4854 3405 4904 meus,
3461 4840 3558 4894 sed

1975 4926 2097 5003 eius
2142 4934 2234 5003 qui
2269 4931 2422 4988 misit
2452 4946 2541 4987 me
2585 4931 2783 4988 Patris.
2823 4949 2844 4983 ι
2886 4931 2966 4989 Ne
2995 4932 3121 5003 ‘quis
3164 4933 3309 4987 enim
3364 4946 3556 4986 eorum

1977 5024 2072 5094 qui
2098 5038 2194 5093 per
2231 5022 2391 5077 (idem
2420 5021 2488 5076 ad
2520 5036 2608 5077 me
2641 5030 3005 5079 accesserunt
3032 5022 3335 5087 existimet,
3357 5021 3562 5093 inquit,

1979 5128 2065 5167 me
2086 5122 2400 5168 sermdnem
2433 5111 2632 5167 iecisse
2667 5111 2777 5169 Deo
2823 5128 2889 5169 ac
2920 5113 3068 5168 Patri
3118 5113 3557 5168 dissentanemn.

1982 5206 2196 5261 Rursus
2227 5215 2405 5260 autem
2435 5203 2555 5273 ejus
2580 5210 2666 5258 est
2687 5243 2703 5267 ,
2732 5219 2842 5259 non
2877 5216 3009 5260 vero
3041 5204 3290 5267 alterius,
3319 5216 3558 5272 evange‘

1980 5295 2082 5349 lica
2110 5293 2441 5364 praedicatio,
2466 5293 2557 5363 qui
2589 5308 2697 5347 non
2720 5294 3018 5359 erubescit,
3049 5300 3109 5347 ut
3136 5293 3212 5346 ita
3243 5292 3447 5357 dicam,
3487 5291 3559 5345 ob

1979 5386 2127 5454 leges
2159 5384 2438 5454 antiquas,
2474 5397 2575 5440 nec
2616 5385 2775 5456 quasi
2827 5385 2941 5453 jam
2979 5393 3256 5455 repertum
3315 5383 3387 5438 sit
3419 5397 3558 5451 prae-

1980 5476 2221 5533 stantius
2261 5476 2602 5539 mandatum,
2657 5475 2753 5532 sed
2787 5485 3044 5545 tanquam
3078 5475 3131 5529 in
3188 5482 3432 5543 tempore
3457 5489 3557 5537 op-

1982 5578 2241 5638 pnrlttnn,
2283 5569 2548 5624 translata
2596 5567 2663 5622 ad
2699 5567 2986 5623 veritatem
3042 5567 3235 5638 ﬁgura.
3267 5564 3372 5632 Qui
3406 5568 3553 5621 enim

1973 5746 2016 5777 ³³
2058 5744 2223 5800 llebr.
2263 5760 2355 5810 vn,
2392 5745 2474 5799 19.
2553 5743 2599 5774 ³⁸
2630 5742 2822 5797 Matth.
2855 5759 2909 5806 ν,
2944 5743 3029 5810 Π,
3060 5741 3146 5797 l8.

3139 5834 3206 5896 ιο
