4006 6418
427 379 532 433 999

1452 365 1510 421 S.
1546 356 1825 420 CYRILLI
1865 350 2342 416 ALEXANDRINI
2365 347 2687 413 ABClllEP.

3570 338 3680 401 500

428 514 523 567 per
554 510 638 551 me
664 501 797 548 tunc
817 490 908 546 illa
943 488 1219 545 veteribus
1246 488 1465 543 loculus
1492 490 1596 549 est,
1628 480 1821 535 eadem
1844 485 1900 534 et
1931 476 2001 532 ad

2111 477 2199 531 ἐπὶ
2230 480 2342 541 τοῖς
2371 474 2749 549 ἀρχαιοτέροις
2778 470 3020 541 θεσμοῖς,
3071 467 3185 521 ἀλλ’
3212 464 3333 520 οὐδέ
3363 464 3439 527 ὡς
3467 464 3561 519 νῦν
3585 466 3679 533 ηὑ-

424 607 525 646 vos
573 603 721 644 nunc
778 585 1040 656 loquitur.
1096 581 1335 638 Verbum
1388 577 1592 634 etenim
1649 587 1773 629 sum
1813 572 2004 627 vivens

429 682 523 738 Dei
557 697 622 735 ac
649 680 829 733 Patris
854 675 1147 732 ineil'abilis
1177 668 1476 727 voluntatis
1510 666 1818 735 interpres:
1856 660 2005 717 ideo-

427 788 535 844 que
576 777 807 826 vocatus
854 782 978 825 sum
1021 766 1201 836 magni
1249 758 1468 817 consilii
1506 756 1751 827 Angelus
1773 753 1841 807 ³⁷.
1899 754 2006 807 Aut

426 866 572 922 enim
602 865 706 919 bac
732 863 943 919 ratione
973 858 1181 914 dictum
1214 853 1350 910 illud
1380 851 1746 922 accipiemus,
1767 862 2004 935 nempe:

431 978 450 1012 ι
509 955 830 1013 Sermonem
865 966 1027 1024 quem
1084 946 1345 1009 audistis,
1399 957 1510 997 non
1540 947 1625 996 est
1658 953 1855 999 meus.
1914 934 2005 990 sed

424 1048 547 1118 ejus
578 1046 671 1116 qui
701 1043 850 1099 misit
878 1054 985 1102 me,
1009 1036 1220 1102 Patris;
1249 1054 1267 1086 ι
1300 1040 1398 1087 aut
1417 1040 1570 1087 certe
1601 1029 1761 1083 aliter
1788 1042 2010 1097 quoque

426 1139 821 1209 intelligemus.
854 1132 953 1196 Dei
994 1131 1138 1187 enim
1175 1144 1239 1183 ac
1281 1124 1463 1180 Patris
1497 1135 1660 1179 suum
1695 1132 2006 1175 sermonem

423 1234 581 1297 dicit,
615 1237 675 1284 ut
699 1227 792 1298 qui
821 1238 947 1281 eum
971 1229 1195 1280 servant
1224 1218 1408 1276 sciant
1431 1230 1491 1272 se
1522 1212 1692 1268 Deum
1716 1210 2007 1271 honorare,

422 1322 771 1383 sermonibus
801 1319 924 1390 ejus
954 1313 1230 1388 persuasi.
1269 1309 1375 1378 Qui
1412 1323 1543 1365 vero
1578 1306 1636 1361 in
1669 1301 2008 1360 contrarium

422 1415 746 1473 ceciderunt
781 1418 839 1467 et
880 1405 1266 1464 incredulitate
1304 1416 1404 1457 sua
1434 1398 1625 1454 datum
1682 1393 2006 1449 mandatum

422 1507 630 1562 violare
660 1518 774 1559 non
807 1505 1091 1563 verentur,
1126 1493 1181 1549 in
1232 1494 1407 1563 ipsam
1474 1494 1708 1559 peccant
1757 1482 2007 1539 omnium

422 1596 669 1669 reginam
696 1598 973 1648 naturam.
1007 1583 1231 1641 Duobus
1265 1588 1448 1636 autem
1486 1574 1667 1631 modis
1692 1573 2006 1628 auditorum

423 1662 641 1745 animus
673 1679 992 1741 confirmari
1011 1678 1241 1749 potest:
1274 1683 1369 1727 aut
1391 1668 1538 1726 enim
1574 1663 1881 1722 honorandi
1914 1662 2008 1718 Dei

421 1782 689 1836 voluntas
719 1775 786 1831 ad
814 1770 1151 1829 credendum
1180 1765 1374 1836 utique
1402 1759 1701 1832 impulerit,
1734 1765 1830 1813 aut
1856 1763 2009 1811 certe

2107 567 2355 640 ρημένης
2380 569 2477 637 τῆς
2502 564 2784 635 ἀμείνονος
2805 561 3045 633 ἐντολῆς,
3072 559 3186 614 ἀλλ’
3215 558 3290 622 ὡς
3317 557 3377 611 ἐν
3403 556 3582 629 καιρῷ
3605 556 3685 627 τῷ

2104 659 2277 715 δέοντι
2312 656 2838 730 μεταπεπλασμένου
2886 654 2981 708 τοῦ
3023 652 3197 707 τύπου
3235 649 3372 722 πρὸς
3400 649 3680 721 ἀλήθειαν.

2117 751 2178 805 '0
2204 750 2313 823 7&9
2356 752 2538 803 ἐκεῖνα
2583 748 2824 818 λαλήσας
2867 745 2936 799 δι’
2971 743 3106 816 ἐμοῦ
3146 746 3260 807 τοῖς
3308 742 3687 813 ἀρχαιοτέροις

2105 842 2249 907 τότε,
2278 842 2373 894 καὶ
2396 839 2569 894 ταῦτα
2600 839 2720 893 νυνὶ
2741 838 2877 909 πρὸς
2904 837 3069 908 ὑμᾶς.
3096 836 3269 903 Λόγος
3296 835 3405 905 γάρ
3434 835 3550 905 είμι
3574 831 3687 899 ζῶν

2106 937 2206 1008 τῆς
2224 932 2317 988 τοῦ
2347 931 2481 986 Θεοῦ
2505 932 2598 986 καὶ
2617 931 2829 999 Πατρὸς
2852 930 3093 1001 ἀρρήτου
3128 927 3401 999 θελήσεως
3423 926 3689 997 ἑρμηνευ-

2106 1027 2279 1087 τικὸς,
2310 1022 2392 1076 διὸ
2416 1022 2510 1076 καὶ
2552 1021 2827 1091 κέκλημαι
2874 1019 3119 1090 μεγάλης
3163 1016 3360 1087 βουλῆς
3394 1014 3684 1084 Ἄγγελος.

2116 1116 2184 1171 Ἦ
2216 1116 2324 1187 γὰρ
2353 1115 2494 1169 κατά
2517 1115 2705 1168 τοῦτον
2728 1114 2821 1166 τὸν
2858 1111 3058 1184 τρόπον
3088 1108 3415 1181 ὲκδεξόμεθα
3438 1108 3500 1162 τὸ
3531 1110 3687 1180 είρηο

2112 1209 2294 1280 μένον,
2323 1208 2467 1280 φημὶ
2504 1208 2560 1261 δὲ
2588 1206 2670 1270 τὸ,
2717 1225 2736 1258 ι
2770 1207 2829 1260 '0
2857 1204 3014 1273 λόγος
3038 1203 3097 1257 ὃν
3126 1202 3378 1285 ἀκούετε,
3409 1202 3510 1255 οὐκ
3540 1199 3691 1253 ἐστιν

2107 1299 2262 1371 ἐμὸς,
2309 1298 2447 1353 ἀλλά
2473 1297 2568 1353 τοῦ
2599 1296 2913 1370 πέμψαντός
2959 1312 3027 1367 με
3060 1293 3295 1365 Πατρὸς,
3324 1312 3344 1345 ι
3390 1293 3558 1364 ἤγουν
3593 1293 3687 1346 καὶ

2108 1389 2310 1463 ἑτέρως
2363 1391 2653 1463 νοήσομεν.
2703 1387 2812 1443 Τοῦ
2859 1388 2970 1459 γὰρ
3019 1385 3158 1441 Θεοῦ
3203 1386 3299 1441 καὶ
3341 1384 3557 1456 Πατρὸς
3597 1384 3690 1438 τὸν

2109 1480 2304 1536 ἑαυτοῦ
2349 1481 2506 1550 λόγον
2552 1481 2751 1551 φησὶν,
2801 1479 2891 1532 ἵνα
2921 1479 2971 1532 oi
3021 1478 3119 1549 μὲν
3171 1476 3466 1548 τηροῦντες
3499 1475 3692 1529 εἰδεῖεν

2108 1572 2188 1627 ὅτι
2211 1571 2344 1625 Θεὸν
2366 1570 2714 1641 τετιμήκασι,
2740 1571 2854 1626 τοῖς
2882 1568 3013 1640 παρ’
3045 1567 3211 1623 αὐτοῦ
3240 1568 3489 1637 γεγονόσι
3516 1586 3692 1623 κατα-

2109 1662 2423 1734 πειθόμενοι
2452 1660 2652 1729 λόγοις.
2689 1659 2751 1713 Οί
2779 1658 2837 1711 δέ
2873 1673 2938 1726 γε
2967 1657 3105 1730 πρὸς
3130 1658 3191 1711 τὸ
3221 1656 3398 1727 τούτῳ
3433 1657 3693 1720 πεσόντες

2108 1753 2372 1817 ἐναντίον,
2408 1754 2504 1807 καὶ
2551 1754 2670 1816 ταῖς
2711 1750 3023 1815 ἀπειθείαις
3064 1748 3162 1822 τὴν
3193 1749 3443 1804 δοθεῖσαν
3472 1749 3697 1817 ἐντολὴν

420 1830 910 1929 ἱιιίιιξοᾱειιάεηάἰ
930 1870 1113 1919 metus
1141 1830 1380 1930 idipsum
1408 1830 1628 1910 elliciet.
1666 1850 1724 1905 In
1769 1857 2006 1919 utroque

2111 1843 2411 1916 ἐξυϐρίζειν
2434 1843 2495 1897 οὐ
2529 1840 2979 1914 παραιτούμενοι,
3012 1842 3094 1905 είς
3125 1841 3294 1912 αὐτὴν
3318 1839 3695 1912 ἁμαρτάνουσι

421 1966 568 2022 enim
598 1971 747 2019 certa
796 1956 1051 2015 utilitatis
1083 1952 1225 2008 ratio
1282 1954 1587 2020 spectatur.
1641 1943 1780 2000 Cum
1823 1949 2008 1995 autem

421 2055 522 2120 ait,
558 2072 577 2107 ι
619 2049 736 2106 Non
767 2055 855 2105 est
893 2058 1076 2102 sermo
1106 2056 1286 2105 meus,
1345 2056 1365 2090 ›
1400 2036 1827 2107 haudquaquam
1862 2042 2012 2087 certe

422 2118 526 2204 nos
548 2160 580 2198 a
600 2157 700 2199 sua
732 2151 968 2211 persona
991 2138 1186 2188 avocat
1215 2144 1323 2200 qua
1354 2125 1596 2181 Verbum
1619 2134 1704 2181 est
1734 2138 1799 2178 ac
1824 2118 2007 2178 Deus:

423 2239 519 2295 sed
546 2237 676 2307 quia
711 2232 967 2289 servilem
1010 2226 1242 2281 formam
1280 2223 1333 2276 in
1383 2236 1445 2276 se
1493 2217 1705 2273 habens
1736 2224 1794 2270 et
1846 2213 2011 2269 homo

423 2329 588 2386 sicuti
622 2340 723 2380 nos
755 2316 1115 2381 exsistens”,
1162 2315 1276 2369 haec
1314 2312 1414 2377 ait,
1473 2320 1787 2365 sermonem
1844 2318 2008 2360 suum

423 2437 532 2477 non
569 2420 689 2475 vult
730 2417 1028 2471 humanum
1074 2405 1313 2470 censeri,
1368 2399 1466 2457 sed
1505 2398 1756 2455 divinum
1816 2409 2009 2451 revera

421 2523 478 2570 et
509 2511 744 2582 regium,
774 2520 900 2563 eum
932 2499 1247 2558 necessario
1272 2495 1341 2552 ad
1381 2493 1562 2550 Patris
1595 2503 1890 2562 personam
1927 2500 2011 2542 re-

424 2605 633 2666 ferens,
677 2615 768 2664 ne,
805 2597 851 2653 si
904 2596 1152 2666 seipsum
1189 2587 1487 2651 divideret,
1524 2598 1714 2641 ansam
1747 2582 2012 2653 praeberet

422 2702 563 2754 duos
594 2696 735 2750 ﬁlios
770 2685 1137 2756 intelligendi,
1175 2696 1304 2738 cum
1340 2686 1469 2735 ante
1509 2685 1564 2733 et
1600 2683 1722 2748 post
1759 2675 2013 2729 incarna—

421 2792 625 2846 tionem
657 2800 798 2841 unus
829 2783 904 2838 sit
927 2779 1124 2835 Filius.
1164 2774 1318 2834 Unus
1346 2773 1493 2829 enim
1522 2778 1607 2827 est
1637 2768 1917 2831 Christus,
1945 2779 2010 2820 ac

422 2894 531 2934 n0u
564 2877 693 2938 dun,
733 2871 901 2929 sicuti
936 2870 1132 2924 volunt
1161 2866 1356 2937 aliqui.
1390 2862 1537 2920 Deus
1566 2863 1710 2918 enim
1735 2860 2010 2917 exsistens

423 2969 664 3025 Verbum
720 2982 790 3031 ex
830 2964 995 3018 Patre
1029 2973 1162 3015 caro
1194 2957 1399 3013 factum
1442 2965 1550 3023 est,
1578 2953 1737 3025 juxta
1779 2949 2009 3007 Joannis

425 3076 613 3116 vocem
637 3059 708 3123 ³⁸,
739 3072 850 3111 non
882 3054 937 3109 in
968 3066 1137 3109 carne
1172 3054 1627 3109 transmutatum,
1654 3043 1753 3099 sed
1783 3042 2008 3112 templo,

421 3154 477 3209 id
507 3161 594 3207 est
630 3165 831 3214 carne,
857 3163 921 3202 ex
956 3152 1149 3200 sancta
1182 3141 1407 3214 Virgine
1427 3138 1531 3195 sibi
1568 3145 1875 3207 assumpto.
1925 3135 2008 3189 Ne

2111 1936 2211 2006 τὴν
2241 1937 2459 1991 πάντων
2502 1933 2751 2007 βασιλίδα
2794 1932 2980 2003 φύσιν.
3019 1927 3130 1986 Ἦν
3161 1932 3220 1985 δέ
3246 1931 3311 2003 δὴ
3351 1931 3512 1985 πάλιν
3549 1930 3697 1985 κατά

2111 2028 2205 2084 δύο
2252 2029 2488 2102 τρόπους
2552 2028 2643 2082 τὸν
2705 2024 2816 2081 τῶν
2873 2024 3240 2099 ἀκροωμένων
3288 2022 3696 2094 ἀσφαλίσασθαι

2111 2118 2255 2174 νοῦν.
2302 2119 2374 2172 Ἦ
2402 2116 2514 2189 γὰρ
2539 2117 2599 2171 τὸ
2633 2116 2810 2170 θέλειν
2844 2116 3070 2187 τιμῆσαι
3099 2114 3192 2168 τὸν
3223 2113 3356 2168 Θεὸν
3390 2114 3697 2186 προτρέψαι

2111 2211 2331 2275 πάντως
2350 2211 2428 2274 εἱς
2451 2208 2784 2274 εὐπείθειαν,
2808 2208 2976 2279 ἤγουν
3000 2206 3062 2261 τὸ
3080 2205 3309 2261 δεδιέναι
3331 2204 3700 2278 προσκρούειν

2111 2301 2258 2374 αὐτῷ
2290 2301 2447 2355 τοῦτο
2471 2299 2536 2372 δὴ
2566 2299 2729 2355 πάλιν
2766 2301 3083 2371 ἐργάσεται.
3110 2294 3230 2352 Eiet
3257 2299 3366 2371 7&9
3393 2298 3460 2351 δι’
3492 2299 3700 2368 ἀμφοῖν

2110 2398 2139 2451 ό
2169 2395 2264 2449 τοῦ
2290 2395 2561 2468 χρησίμου
2583 2410 2644 2447 τε
2672 2394 2766 2448 καὶ
2792 2392 3169 2464 συμφέροντος
3192 2392 3472 2463 λογισμός.
3502 2393 3699 2461 Λέγων

2109 2489 2167 2543 δὲ
2196 2490 2278 2543 ὅτι
2328 2505 2349 2539 ι
2380 2488 2499 2541 Οὐκ
2527 2487 2675 2541 ἔστιν
2716 2485 2847 2557 ἐμὸς
2877 2486 2906 2539 ὁ
2939 2485 3118 2556 λόγος,
3151 2504 3170 2538 ι
3220 2486 3343 2556 οὐχὶ
3373 2483 3437 2555 δὴ
3478 2484 3701 2546 πάντως

2109 2584 2260 2654 ἡμᾶς
2299 2580 2544 2650 ἐξίστησι
2589 2579 2683 2633 τοῦ
2747 2578 2878 2633 [δίου
2925 2576 3222 2651 προσώπου
3281 2577 3528 2648 καθάπερ
3577 2577 3699 2630 ἐστὶ

2111 2674 2285 2743 Λόγος
2311 2674 2405 2726 καὶ⁵
2438 2671 2571 2734 Θεός
2600 2687 2613 2699 ’
2658 2670 2846 2741 ἐπειδὴ
2878 2670 2935 2724 δὲ
2962 2670 3061 2742 τὴν
3090 2670 3369 2740 οἰκετικὴν
3398 2667 3537 2740 ἔχων
3566 2685 3701 2741 μορ-

2113 2764 2221 2837 φὴν
2254 2764 2335 2819 ἔτι
2377 2764 2474 2819 καὶ
2516 2764 2575 2816 ἐν
2612 2761 2935 2835 ἀνθρωπίνῳ
2976 2761 3303 2832 φαινόμενος
3333 2762 3574 2832 σχήματι
3605 2761 3700 2814 καὶ

2114 2859 2376 2931 ὑπάρχων
2430 2856 2648 2929 άληθῶς
2694 2855 2821 2911 καθ’
2867 2855 3036 2927 ἡμᾶς,
3100 2853 3170 2907 τὰ
3239 2850 3466 2905 τοιαῦτά
3509 2867 3698 2920 φησιν,

2111 2952 2213 3006 οὐκ
2238 2949 2579 3022 ἀνθρώπινον
2605 2948 2697 3003 τὸν
2727 2945 2924 3002 ἑαυτοῦ
2958 2944 3197 3000 νοεῖσθαι
3232 2943 3479 3015 βούλεται
3514 2942 3697 3011 λόγον,

2110 3042 2247 3098 ἀλλά
2278 3042 2420 3097 θεῖον
2448 3041 2622 3103 όντως
2663 3040 2761 3094 καὶ
2789 3037 3091 3110 βασιλικὸν,
3124 3034 3494 3109 περιενεγκὼν
3523 3035 3697 3102 ἀναγο

2112 3136 2283 3198 καίως
2314 3136 2395 3198 εἰς
2424 3132 2485 3187 τὸ
2525 3131 2619 3186 τοῦ
2652 3131 2870 3203 Πατρὸς
2908 3129 3224 3202 πρόσωπον,
3258 3127 3349 3182 ἵνα
3378 3126 3475 3199 μὴ,
3506 3125 3701 3180 διελὼν

422 3259 556 3313 ergo
588 3247 886 3297 humanum
914 3252 1039 3294 esse
1074 3243 1332 3306 putemus
1376 3244 1689 3287 sermonem
1718 3227 1859 3299 ejus,
1908 3240 2008 3281 nec

2111 3225 2325 3291 ἑαυτὸν,
2354 3225 2448 3279 δύο
2486 3224 2672 3277 λοιπὸν
2712 3224 2862 3299 υἱοὺς
2896 3221 3132 3276 νοεῖσθαι
3168 3220 3584 3293 παρασκευάσῃ,
3616 3212 3699 3283 εἷς

419 3352 452 3391 a
494 3343 691 3389 natura
725 3331 911 3386 divina
961 3327 1314 3398 disciplinam
1362 3320 1741 3392 evangelicam
1790 3318 2011 3374 abstra-

423 3429 645 3488 hamus,
679 3420 775 3477 sed
808 3419 901 3475 Dei
937 3416 1178 3491 supremi
1227 3429 1352 3471 esse
1381 3411 1694 3473 credamus,
1744 3405 2011 3479 singulari

422 3516 661 3571 consilio
697 3520 955 3583 t-ecteque
982 3509 1303 3572 admodum,
1342 3512 1537 3576 utpote
1577 3516 1702 3556 cum
1731 3509 1786 3557 et
1817 3501 1871 3555 in
1910 3500 2012 3553 lut-

424 3623 587 3662 mana
623 3604 801 3660 forma
844 3608 1155 3673 appareret,
1199 3606 1413 3653 natura:
1469 3593 1669 3648 divinae
1701 3606 2012 3647 sermonem

424 3714 619 3754 rursus
652 3696 867 3760 tribuit,
892 3703 1159 3764 tanquam
1193 3691 1250 3745 in
1297 3702 1534 3760 persona
1565 3686 1662 3741 Dei
1684 3700 1751 3740 ac
1804 3683 2009 3747 Patris,

423 3808 488 3847 ex
519 3807 627 3863 quo
652 3800 707 3844 et
733 3790 786 3843 in
814 3802 926 3860 quo
956 3782 1266 3842 secundum
1295 3787 1550 3836 naturam
1582 3786 1688 3840 est,
1729 3784 1788 3830 ut
1822 3776 2010 3847 splen-

424 3883 526 3937 dor
552 3892 608 3937 et
643 3879 880 3936 Verbum
911 3876 1076 3950 837
1110 3872 1256 3945 ejus,
1296 3880 1352 3927 et
1393 3871 1684 3926 character
1716 3870 1840 3941 ejus
1877 3867 2009 3925 sub-

420 3974 644 4029 stantia:
662 3972 731 4027 ιθ.

2107 3317 2184 3373 ὢν
2222 3319 2387 3385 Υἱὸς,
2439 3316 2535 3371 καὶ
2575 3315 2683 3389 πρὸ
2719 3314 2819 3387 τῆς
2875 3315 3207 3386 σαρκιῢσεως
3256 3314 3351 3368 καλ⁵
3400 3312 3539 3384 μετά
3589 3313 3694 3382 τὴν

2111 3412 2407 3484 σάρκωσιν.
2434 3405 2529 3475 Εἷς
2550 3409 2659 3481 γὰρ
2681 3411 2710 3464 ὁ
2734 3409 2991 3480 Χριστὸς,
3018 3408 3113 3461 καὶ
3131 3408 3193 3461 οὐ
3217 3406 3331 3472 δύο,
3354 3405 3494 3460 κατά
3518 3422 3696 3468 τινας.

2109 3505 2242 3570 Θεὸς
2271 3505 2380 3576 γὰρ
2408 3502 2482 3556 ὢν
2511 3503 2540 3556 ὁ
2573 3503 2745 3569 Λόγος
2774 3503 2839 3556 ἐκ
2869 3500 3086 3572 Πατρὸς
3117 3499 3311 3571 γέγονε
3351 3497 3508 3568 σὰρξ,
3556 3498 3700 3551 κατά

2108 3595 2209 3667 τὴν
2244 3593 2493 3648 Ἰωάννου
2516 3592 2721 3665 φωνὴν,
2754 3593 2855 3646 οὐκ
2883 3593 2966 3656 είς
2992 3591 3171 3662 σάρκα
3199 3589 3698 3661 μεταϐεϐλημένος,

2107 3688 2223 3742 ἀλλ’
2255 3686 2392 3742 ἰδίαν
2417 3684 2790 3755 ποιησάμενος
2812 3682 2993 3755 σάρκα
3021 3684 3113 3737 τὸν
3132 3684 3197 3737 ἐκ
3228 3683 3326 3754 τῆς
3358 3682 3521 3751 ἁγίας
3551 3683 3703 3752 Παρ-

2108 3780 2262 3833 θένου
2315 3776 2463 3831 ναόν.
2517 3775 2638 3830 ἰνα
2681 3775 2861 3829 τοίνυν
2896 3773 2971 3845 μὴ
3003 3771 3343 3844 ἀνθρώπινον
3371 3767 3511 3825 εἶναι
3538 3771 3700 3842 νομί⁹

2106 3867 2292 3939 ζωμεν
2319 3867 2412 3921 τὸν
2441 3867 2601 3935 λόγον
2631 3863 2818 3930 αὐτοῦ,
2855 3863 2992 3934 μηδὲ
3022 3860 3124 3933 τῆς
3151 3862 3301 3925 θείας
3336 3861 3704 3932 ὲκστήσωμεν

2105 3960 2320 4031 φύσεως
2366 3958 2429 4013 τὸ
2478 3958 2711 4029 μάθημα
2745 3957 2806 4010 τὸ
2832 3954 3210 4028 εὐαγγελικὸν,
3251 3952 3391 4008 ἀλλά
3434 3953 3573 4006 Θεοῦ
3602 3951 3702 4006 τοῦ

423 4069 519 4121 ἐπὶ
564 4065 772 4141 πάντας
813 4059 953 4118 εἶναι
997 4059 1367 4131 πιστεύωμεν,
1412 4053 1774 4130 οἰκονομικῶς
1824 4054 1920 4109 καὶ
1959 4054 2164 4129 σφόδρα
2228 4053 2433 4118 καλῶς,
2480 4051 2579 4107 ἀτε
2620 4050 2686 4123 δὴ
2734 4050 2832 4105 καὶ
2890 4050 2950 4104 ἐν
2997 4047 3325 4121 ἀνθρωπίνῳ
3375 4048 3705 4118 φαινόμενος

426 4134 684 4229 σχήματι,
730 4156 798 4226 τῇ
847 4153 971 4224 θείᾳ
1012 4150 1173 4223 φύσει
1211 4148 1478 4219 ἀπονέμει
1509 4148 1672 4203 πάλιν
1704 4146 1798 4201 τὸν
1825 4146 2006 4214 λόγον,
2042 4146 2118 4209 ὡς
2148 4148 2208 4199 ὲν
2242 4143 2522 4215 προσώπῳ
2549 4141 2645 4197 τοῦ
2685 4138 2824 4196 Θεοῦ
2873 4142 2968 4196 καὶ
3022 4140 3260 4212 Πατρὸς,
3302 4140 3362 4207 ἐξ
3393 4133 3455 4195 οὗ
3498 4139 3595 4195 καὶ
3643 4142 3705 4193 ἐν

421 4243 468 4317 ᾧ
494 4249 634 4303 κατὰ
663 4247 822 4317 φύσιν
851 4245 1021 4307 ἐστὶν,
1049 4244 1126 4308 ὡς
1161 4241 1503 4313 ἀπαύγασμα
1534 4241 1627 4295 καὶ
1652 4239 1825 4309 Λόγος
1850 4236 2017 4293 αὑτοῦ
2059 4238 2153 4292 καὶ
2183 4238 2284 4309 τῆς
2315 4238 2670 4300 ὑποστάσεως
2694 4234 2860 4289 αὐτοῦ
2890 4235 3198 4306 χαρακτήρ.

493 4338 634 4404 XIV,
661 4339 752 4405 25,
789 4337 881 4394 26.
915 4336 1040 4392 Hau:
1083 4335 1292 4391 loculus
1344 4351 1458 4389 sunt
1514 4333 1695 4395 vobis,
1734 4331 1876 4400 apud
1916 4346 2005 4384 vos

2188 4328 2380 4386 Ταῦτα
2409 4328 2722 4394 λελάληκα
2748 4326 2914 4399 ὑμῖν,
2947 4326 3083 4395 παρ’
3106 4324 3250 4396 ὑμῖν
3275 4324 3493 4396 μένων.
3540 4323 3604 4377 '0
3634 4324 3707 4376 δὲ

424 4448 665 4487 manens.
699 4427 1020 4483 Paracletus
1057 4436 1233 4482 autem
1284 4423 1521 4495 Spiritus
1572 4432 1814 4488 sanctus,
1855 4437 2005 4492 quem

2112 4422 2504 4491 Παράκλητος
2534 4419 2599 4473 τὸ
2622 4419 2867 4489 Πνεῦμα
2901 4417 2969 4473 τὸ
3006 4417 3196 4488 ἅγιον,
3244 4417 3276 4471 ὃ
3308 4417 3529 4487 πέμψει
3557 4417 3707 4486 ὑμῖν

423 4528 594 4580 mittet
623 4524 791 4579 Pater
821 4523 878 4576 in
912 4522 1125 4576 nomine
1157 4536 1294 4584 meo,
1319 4519 1410 4574 ille
1441 4534 1529 4573 vos
1560 4514 1767 4570 docebit
1800 4513 2002 4579 omnia,

2113 4517 2147 4568 ό
2192 4512 2395 4582 Πατὴρ
2429 4512 2500 4566 ἐν
2542 4510 2621 4578 τῷ
2663 4511 2910 4582 ὀνόματί
2943 4528 3086 4579 μου,
3127 4509 3355 4576 ἐκεῖνος
3403 4508 3561 4577 ὑαιῑς
3600 4511 3707 4564 δι·-

422 4630 474 4675 et
505 4630 746 4692 suggeret
774 4617 918 4674 vobis
947 4617 1130 4674 onmia
1162 4629 1486 4687 quwcunque
1515 4611 1703 4666 dixero
1734 4606 1902 4663 vobis.

2112 4604 2282 4670 δάξει
2313 4603 2532 4671 πάντα,
2568 4603 2669 4658 καὶ
2696 4602 3035 4673 ὑπομνήσει
3067 4601 3223 4673 ὑμᾶς
3243 4602 3439 4656 πάντα
3462 4601 3501 4656 ἆ
3526 4597 3709 4656 εἷπον

2108 4695 2244 4767 ἐγώ.

2184 4789 2336 4858 Ἔχει
2370 4785 2532 4841 πάλιν
2557 4787 2585 4841 ό
2614 4785 2772 4855 λόγος
2801 4786 2861 4839 τὸ
2895 4783 3258 4858 ἀνθρώπινον,
3307 4782 3403 4836 καὶ
3430 4780 3541 4834 τῶν
3576 4779 3707 4834 καθ’

423 4899 578 4947 nem,
603 4891 658 4939 et
699 4898 728 4937 a
759 4893 951 4939 nostra
984 4881 1308 4939 conditione
1334 4896 1447 4935 non
1484 4879 1782 4934 admodum
1814 4878 2008 4942 distat,

2111 4879 2257 4950 ἡμᾶς
2277 4879 2339 4932 οὗ
2366 4878 2487 4932 λίαν
2517 4877 2865 4949 ἀπήλλακται
2895 4877 3133 4947 μέτρων,
3162 4876 3285 4929 ὅσον
3316 4867 3451 4945 ἧκεν
3473 4872 3555 4935 είς
3573 4869 3709 4925 νοῦν

422 4979 468 5030 si
526 4974 636 5030 loci
680 4974 848 5043 hujus
909 4990 1135 5032 sensum
1187 4974 1612 5028 convenientem
1667 4981 2008 5044 spectemus.

2111 4975 2222 5036 τοῖς
2250 4971 2638 5042 προκειμένοις
2666 4970 2757 5024 τὸν
2796 4969 3095 5042 πρέποντα.
3130 4968 3269 5022 Πότε
3296 4966 3427 5038 γὰρ,
3458 4964 3701 5024 εὐλόγως

420 5066 790 5134 Quandonam
817 5066 992 5133 enim,
1022 5065 1239 5134 inquiet
1283 5063 1415 5134 jure
1460 5064 1689 5133 aliquis,
1732 5064 1876 5135 apud
1911 5081 2008 5118 nos

2111 5063 2229 5131 ἐρεῖ
2268 5079 2375 5126 τις,
2409 5062 2486 5126 ὼς
2513 5062 2575 5114 ού
2626 5058 2758 5132 παρ’
2787 5061 2921 5132 ἡμῖν
2950 5061 3097 5113 ἐστιν
3125 5059 3154 5110 ό
3185 5057 3439 5129 Χριστὸς,
3464 5047 3609 5100 κατά
3631 5063 3700 5114 γε

420 5160 687 5216 Christus
735 5175 848 5215 non
912 5167 1024 5223 est,
1058 5157 1305 5213 deitatis.
1335 5156 1600 5211 nimirum
1661 5157 1910 5228 potentia
1949 5174 2008 5213 ac

2111 5155 2210 5224 τὴν
2252 5154 2352 5223 τῆς
2399 5153 2652 5223 θεότητος
2695 5152 2947 5225 δύναμιν,
2997 5152 3173 5206 καίτοι
3221 5143 3420 5213 πληροῖ
3473 5140 3573 5212 μὲν
3627 5139 3703 5192 τὰ

424 5254 671 5316 virtute,
706 5253 902 5324 implet
937 5251 1145 5321 quippe
1189 5249 1481 5313 universa,
1507 5263 1609 5304 nec
1662 5249 1732 5304 ab
1790 5249 1899 5304 ulla
1956 5265 2008 5304 re

2112 5246 2313 5307 πάντα,
2340 5245 2435 5298 καὶ
2462 5245 2675 5308 οὐδενὸς
2703 5244 2766 5297 τὸ
2797 5244 3017 5315 σύμπαν
3043 5236 3336 5307 ἀποδημεῖ,
3359 5231 3614 5303 περιέπει
3640 5230 3701 5284 δὲ

430 5343 592 5412 plane
648 5321 830 5406 abest,
858 5341 954 5397 sed
1005 5337 1270 5397 ineﬂabili
1311 5338 1521 5395 virtute
1568 5340 1753 5410 potius
1809 5349 2008 5396 cuneta

2116 5333 2318 5405 μᾶλλον
2347 5337 2574 5407 ἀρρήτῳ
2601 5335 2849 5407 δυνάμει,
2877 5334 2983 5403 γῆν
3014 5347 3073 5385 τε
3108 5329 3204 5384 καὶ
3230 5324 3481 5399 οὐρανὸν,
3507 5324 3622 5377 τῶν
3639 5321 3702 5375 δὲ

430 5442 696 5503 permeat,
727 5442 935 5488 terram
969 5446 1033 5486 ac
1069 5430 1294 5493 caelum,
1325 5444 1432 5484 nec
1481 5429 1637 5484 abest
1687 5444 1716 5482 a
1751 5442 2008 5499 penetra-

2111 5425 2342 5480 &6tiaoou
2371 5428 2557 5497 μυχῶν
2580 5427 2678 5480 οὐκ
2702 5423 3172 5495 ἀπολιμπάνεται;
3200 5418 3309 5473 Ποῦ
3334 5417 3443 5488 γὰρ
3459 5415 3559 5469 οὐκ
3579 5414 3701 5467 ἔστι

432 5526 576 5583 libus
606 5525 838 5595 abyssi?
868 5522 971 5579 Ubi
996 5523 1142 5579 enim
1173 5536 1282 5575 non
1316 5528 1404 5577 est
1444 5519 1625 5575 Deus?
1656 5519 1791 5575 Cum
1840 5521 2008 5590 igitur

2114 5520 2284 5583 Θεόςς
2335 5518 2506 5574 Ὅταν
2550 5516 2642 5575 οὖν
2681 5518 2816 5592 λέγῃ
2836 5535 2850 5549 ⁸
2908 5535 2926 5567 ι
2957 5514 3146 5570 Ταῦτα
3176 5512 3312 5584 πρὸς
3345 5510 3491 5579 ὑμᾶς
3522 5503 3702 5568 εἶπον.

431 5619 508 5673 ait
542 5638 555 5672 :
594 5635 617 5705 ιγ
651 5616 779 5671 llaec
803 5616 1022 5673 locutus
1046 5628 1168 5670 sum
1187 5612 1372 5681 vobis,
1394 5612 1538 5683 apud
1566 5626 1665 5667 vos
1695 5628 1952 5676 manens,
1983 5632 2001 5663 ι

2115 5615 2246 5684 παρ’
2274 5613 2402 5683 ὑμῖν
2440 5613 2635 5676 μένων,
2667 5631 2685 5664 ι
2715 5610 2854 5665 κατά
2875 5608 2936 5662 τὸ
2963 5604 3302 5678 ἀνθρώπινον
3324 5596 3704 5673 ὲκληψόμεθα.

500 4791 680 4848 liabet
709 4808 905 4848 rursus
937 4792 1028 4848 hic
1070 4806 1255 4848 sermo
1286 4786 1656 4843 humanitatis
1696 4783 2013 4855 expressio-

502 5795 547 5827 ³⁷
577 5794 679 5850 lsa.
722 5808 798 5860 ix,
830 5792 862 5848 6
902 5809 1014 5850 sec.
1054 5792 1219 5851 LXX.
1294 5794 1340 5827 "
1364 5790 1598 5860 Philipp.
1640 5805 1703 5853 ιι,
1739 5791 1791 5844 τ.
1870 5790 1917 5823 ³³
1955 5787 2008 5845 τι(

2111 5830 2116 5843 ,
2169 5803 2225 5854 ι,
2278 5789 2365 5843 ll.
2444 5788 2490 5821 “
2535 5789 2703 5845 llebr.
2742 5803 2793 5853 ι,
2834 5787 2891 5845 '5.
