4006 6418
237 404 337 458 501

1299 397 1364 452 IN
1404 389 1691 451 JOAN‘NIS
1721 381 2165 450 EVANGELlUM
2209 381 2334 446 LIB.
2379 377 2442 448 it.

3395 376 3498 446 3(ιέ

237 523 353 575 Καὶ
409 518 642 589 ἐπείπερ
695 473 1018 589 ἔμελλενέξ
1075 514 1369 586 ὀφθαλμῶν
1416 512 1668 582 γενέσθαι
1714 511 1824 566 τῶν

1945 509 2291 564 inmanitatis
2344 512 2557 564 ratione
2601 508 2656 562 id
2702 492 3093 576 intelligemus.
3130 493 3197 561 ΪΞι
3230 509 3356 578 quia
3409 526 3496 563 re-

235 612 550 684 ήμετέρων,
581 611 723 664 κατά
755 627 818 678 γε
844 609 942 679 τὴν
969 608 1147 678 σάρκα
1177 607 1342 677 φημὶ,
1376 605 1474 676 τὴν
1501 606 1560 658 ἐν
1587 606 1699 667 τοῖς
1733 603 1826 655 ού-

237 705 430 775 ρανοϊς
480 701 793 772 ἀποδημίαν
840 698 1212 769 στειλάμενος,
1259 697 1327 752 τά
1375 695 1606 761 τοιαῦτά
1651 707 1825 764 φησι⁸

233 795 335 863 τὴν
359 793 423 846 δὲ
449 793 546 846 τοῦ
585 791 890 862 μυστηρίου
917 791 1264 860 τελειοτάτην
1291 789 1384 848 καὶ
1425 785 1828 858 ἀκριϐεστάτην

238 885 372 955 ἡμῖν
396 880 747 950 ἀποκάλυψιν
764 880 856 934 διά
874 879 970 934 τοῦ
998 879 1358 952 Παρακλήτου
1381 877 1634 946 γενέσθαι
1657 875 1827 944 λέγει,

242 976 382 1029 τοῦτ’
419 973 560 1040 ἐστι,
587 973 684 1027 τοῦ
714 971 873 1039 ἁγίου
900 970 1218 1042 Πνεύματος
1249 968 1651 1032 ἀποσταλέντος
1677 967 1832 1039 παρά

241 1069 331 1122 τοῦ
359 1065 584 1138 Πατρὸς
610 1067 702 1121 ἐπὶ
725 1065 806 1137 τῷ
827 1063 1050 1136 ὀνόματι
1077 1061 1264 1125 αὐτοῦ,
1289 1063 1434 1129 λέγω
1464 1061 1530 1132 δη
1558 1054 1650 1114 τοῦ
1676 1055 1827 1115 Υίοῦ.

251 1161 338 1223 Ὡς
389 1159 505 1228 γάρ
549 1157 810 1229 Χριστὸς,
856 1157 916 1209 ἐν
958 1157 1092 1227 ἡμῖν
1133 1152 1195 1208 τὸ
1237 1153 1464 1224 Πνεῦμα
1490 1147 1678 1207 αὐτοῦ.
1734 1147 1832 1204 Διά

238 1250 401 1305 τοῦτό
432 1266 620 1322 φησιν,
655 1249 737 1302 ὅτι
769 1266 789 1300 ι
812 1245 1049 1310 Ἐκεῖνος
1081 1245 1282 1314 διδάξει
1309 1246 1452 1316 ὑμᾶς
1481 1245 1657 1298 πάντα
1688 1243 1724 1299 ἃ
1753 1234 1825 1298 εί·

239 1360 342 1395 πον
369 1342 507 1411 ὑμῖν
541 1339 674 1407 ἐγώ.
705 1360 724 1393 ι
769 1334 988 1409 Ἐπειδὴ
1018 1338 1126 1410 γάρ
1161 1340 1278 1392 ἐστι
1322 1337 1550 1408 Πνεῦμα
1594 1335 1830 1408 Χριστοῦ

239 1433 337 1486 καὶ
361 1431 494 1494 νοῦς
526 1423 716 1492 αὑτοῦ,
751 1429 895 1484 κατά
920 1429 982 1483 τὸ
1007 1429 1415 1501 γεγραμμένον,
1446 1420 1545 1500 οὐχ
1571 1422 1756 1498 ἕτερον
1782 1443 1833 1479 τι

238 1524 374 1595 παρ’
413 1521 579 1576 αὐτὸν
603 1521 682 1586 ὃν,
717 1520 861 1575 κατά
890 1537 956 1589 γε
980 1516 1074 1574 τὸν
1103 1512 1161 1574 ἐν
1188 1512 1477 1590 ταυτότητι
1509 1517 1712 1589 φυσικῇ
1747 1517 1828 1569 λό-

238 1627 364 1684 γον,
409 1614 594 1669 καίτοι
641 1609 933 1684 νοούμενόν
975 1628 1038 1666 τε
1086 1611 1181 1666 καὶ
1225 1611 1469 1683 ὑπάρχον
1523 1611 1690 1673 ίδίως,
1724 1603 1834 1663 οἶδε

240 1707 430 1760 πάντα
456 1703 526 1758 τά
559 1703 617 1756 ἐν
641 1701 811 1774 αὐτῷ.
835 1701 947 1757 Καὶ
979 1700 1323 1772 μαρτυρήσει
1343 1699 1520 1768 λέγων
1538 1702 1566 1752 6
1590 1697 1798 1761 Παῦλος
1817 1712 1831 1728 ο

247 1816 266 1848 ι
289 1796 390 1860 Τίς
423 1795 535 1868 γὰρ
562 1791 671 1849 οἵδε
708 1797 781 1848 τά
819 1791 916 1848 τοῦ
949 1791 1257 1864 ἀνθρώπου,
1295 1793 1344 1847 εί
1393 1791 1468 1864 μὴ
1514 1786 1575 1844 τὺ
1618 1783 1838 1860 πνεῦμα

1927 615 2124 656 versus
2158 599 2229 654 ad
2277 601 2452 656 caelos
2501 614 2830 656 evanescere
2881 598 3116 653 debebat
3167 614 3233 652 ex
3291 608 3498 654 nostris

1927 695 2129 758 oculis,
2158 694 2306 765 quod
2341 693 2411 749 ad
2437 709 2665 750 carnem
2704 700 2939 764 spectat,
2969 692 3180 749 idcirco
3208 684 3328 748 lucc
3372 693 3451 749 ait
3483 712 3493 749 ;

1929 785 2180 855 mysterii
2223 799 2354 840 vero
2405 784 2869 854 perfectissimam
2921 782 2972 838 et
3027 784 3500 839 accu‘ratissimani

1930 877 2328 932 revelationem
2360 892 2457 947 per
2479 875 2826 930 Paracletttm
2855 874 3018 930 nobis
3047 873 3250 929 factam
3279 874 3374 936 ait,
3399 875 3505 929 hos

1928 978 2015 1026 est
2041 984 2137 1039 per
2165 978 2419 1024 sanctum
2457 967 2750 1038 Spiritum,
2789 965 2881 1037 qui
2921 966 3126 1021 missus
3157 971 3244 1021 est
3275 981 3304 1019 a
3341 963 3508 1019 Patre

1931 1058 1987 1114 in
2019 1059 2243 1114 nomine
2272 1058 2420 1128 ejus,
2474 1059 2526 1113 id
2561 1065 2646 1114 est
2678 1056 2822 1112 Filii.
2857 1058 2926 1112 Ut
2971 1057 3118 1112 enim
3159 1056 3414 1112 Christus
3449 1057 3500 1110 in

1931 1147 2116 1209 nobis,
2149 1147 2224 1200 ita
2252 1152 2307 1200 et
2341 1145 2585 1216 Spiritus
2617 1143 2760 1213 dus.
2800 1144 3015 1199 idcirco
3043 1145 3122 1198 ait
3153 1163 3163 1197 :
3195 1153 3216 1195 ι
3259 1146 3381 1214 ipse
3407 1159 3502 1200 vos

1931 1237 2157 1294 docebit
2184 1236 2371 1292 ninnia
2400 1250 2524 1306 quae
2554 1249 2657 1306 ego
2686 1234 2798 1289 disi
2833 1233 3012 1290 vobis.
3054 1253 3072 1286 ι
3109 1230 3242 1287 Nam
3275 1249 3400 1288 cum
3435 1246 3508 1288 sn

1933 1329 2147 1384 Christi
2194 1327 2438 1399 Spiritus
2465 1333 2521 1382 et
2562 1342 2718 1382 mens
2757 1325 2901 1394 ejus,
2931 1334 2994 1380 ut
3025 1326 3294 1395 scriptum
3325 1332 3411 1380 est
3438 1324 3505 1386 δ’,

1933 1437 2044 1476 non
2091 1421 2241 1474 aliud
2291 1419 2553 1489 quiddam
2599 1417 2874 1473 exsistens
2925 1417 2996 1471 ab
3048 1417 3187 1485 ipso,
3235 1413 3508 1468 naturalis

1937 1511 2243 1567 identitatis
2275 1510 2660 1577 rationedicet
2690 1509 2744 1562 in
2778 1507 3003 1578 propria
3030 1506 3308 1577 hypo‘stasi
3341 1505 3506 1558 intel-

1936 1603 2140 1673 ligatur
2165 1617 2230 1656 ac
2269 1601 2363 1666 sit,
2391 1601 2578 1656 omnia
2618 1601 2772 1654 novit
2803 1611 2925 1668 quae
2955 1598 3012 1652 in
3042 1605 3109 1653 eo
3154 1603 3302 1652 sunt.
3335 1595 3509 1664 Cujus

1935 1696 2015 1750 rei
2060 1695 2225 1751 testis
2271 1694 2429 1749 nobis
2455 1694 2561 1748 erit
2591 1685 2815 1755 Paulus,
2842 1685 3038 1746 dicens
3073 1707 3086 1743 :
3121 1704 3138 1742 ι
3174 1687 3312 1756 Quis
3359 1689 3503 1742 enim

1938 1786 2045 1842 scit
2075 1801 2198 1857 quae
2241 1795 2376 1840 sunt
2411 1783 2678 1846 hominis,
2724 1783 2831 1838 nisi
2861 1781 3095 1852 spiritus
3141 1780 3382 1836 hominis
3411 1787 3506 1847 qui

240 1887 338 1941 τοῦ
367 1885 663 1956 ἀνθρώπου
688 1887 751 1940 τὸ
777 1885 840 1939 ὃν
869 1886 928 1939 ἐν
953 1885 1131 1957 αὐτῷ;
1181 1885 1338 1939 οὕτω
1369 1885 1462 1938 καὶ
1486 1881 1554 1938 τά
1580 1881 1672 1937 τοῦ
1700 1879 1834 1937 Θεοῦ

1945 1879 1993 1933 in
2027 1879 2150 1948 ipso
2174 1879 2298 1934 est?
2325 1877 2402 1931 Ita
2431 1885 2487 1932 et
2533 1893 2657 1947 quae
2709 1877 2800 1931 Dei
2843 1881 2994 1938 sunt,
3027 1887 3190 1929 nemo
3229 1873 3510 1944 cognovit,

243 1977 426 2040 οὐδεὶς
453 1977 714 2046 ἔγνωκεν,
745 1978 794 2030 el.
828 1975 902 2048 μὴ
938 1976 996 2030 τὸ
1025 1973 1251 2048 Πνεῦμα
1276 1975 1370 2030 τοῦ
1407 1974 1562 2029 Θεοῦ.
1601 1975 1832 2037 Οὐκοῦν,

245 2069 322 2131 ὡς
367 2068 514 2134 είδδς
541 2067 611 2122 τά
641 2067 701 2121 ἐν
731 2064 798 2140 τῇ
831 2065 1078 2138 βουλήσει
1108 2067 1202 2121 τοῦ
1243 2066 1612 2136 Μονογενοῦς,
1657 2067 1836 2120 πάντα

246 2160 384 2229 ἡμῖν
416 2155 731 2228 ἀναγγέλει,
778 2158 880 2211 ούκ
907 2160 972 2212 ἐκ
1002 2158 1292 2232 μαθήσεως
1324 2157 1446 2228 ἔχον
1475 2157 1574 2228 τὴν
1606 2155 1835 2227 εἴδησιν,

247 2247 337 2302 ἵνα
369 2250 452 2320 μὴ
479 2249 743 2322 φαίνηται
769 2248 1016 2303 διακόνου
1038 2248 1190 2312 τάξιν
1212 2247 1568 2318 ἀποπληροῦν
1596 2247 1837 2311 καὶτοὺς

243 2336 445 2409 ἑτέρου
480 2338 644 2408 τυχὸν
673 2335 1092 2408 διαπορθμεύων
1127 2336 1337 2406 λόγους,
1372 2337 1486 2392 ἀλλ’
1509 2334 1586 2401 ὼς
1618 2335 1838 2407 πνεῦμα

242 2427 546 2498 ἀνθρώπου
575 2425 676 2496 (l),
711 2425 963 2497 καθάπερ
992 2424 1195 2496 ἀρτίως
1219 2426 1541 2497 εἰρήκαμεν,
1577 2424 1671 2479 καὶ
1701 2417 1838 2488 είδδς

243 2516 554 2579 ἀδιδάκτως
580 2516 758 2570 πάντα
787 2515 858 2570 τά
885 2515 944 2582 ἐξ
973 2509 1034 2570 οῦ
1061 2515 1156 2569 καὶ
1186 2517 1244 2569 ὲν
1269 2509 1420 2587 ᾧπέρ
1449 2517 1588 2581 ἐστι,
1619 2515 1690 2570 τὰ
1718 2516 1839 2570 θεία

243 2607 359 2668 τοῖς
403 2603 590 2672 ἀγίοις
616 2603 996 2658 ἀποκαλύπτει
1031 2605 1332 2675 μυστήρια,
1364 2605 1614 2676 καθάπερ
1645 2604 1838 2674 ἀμέλει

247 2697 340 2750 καὶ
366 2697 398 2749 6
423 2693 771 2766 ἀνθρώπινος
798 2694 922 2758 νοῦς
952 2693 1132 2748 πάντα
1157 2693 1442 2762 γινώσκων
1473 2694 1542 2748 τά
1575 2696 1634 2747 ἐν
1666 2694 1840 2765 αὐτῷ,

244 2789 491 2842 διακονεί
518 2785 658 2856 πρὸς
686 2785 748 2839 τὸ
783 2785 909 2853 ἔξω,
939 2785 1083 2856 λόγῳ
1114 2786 1277 2857 τυχὸν
1306 2785 1387 2858 τῷ
1417 2785 1740 2858 προφορικῷ
1771 2787 1841 2842 τὰ

247 2880 540 2949 θελήματα
586 2878 686 2948 τῆς
717 2871 920 2948 ψυχῆς,
959 2867 1026 2950 ἧς
1050 2878 1290 2931 ἐστικαὶ
1321 2876 1465 2942 νοῦς,
1511 2877 1698 2949 ἕτερον
1740 2880 1841 2949 μέν

249 2984 298 3025 τι
331 2973 472 3043 παρ’
504 2956 680 3042 αὐτὴν
707 2971 828 3033 ταῖς
853 2969 1121 3033 ἐπινοίαις
1146 2967 1420 3042 ὀρώμενός
1443 2986 1505 3022 τε
1533 2969 1628 3023 καὶ
1648 2969 1842 3040 ὀνομα-

255 3064 501 3134 ζὸμενος,
529 3062 718 3132 ἔτερος
745 3061 802 3115 δὲ
829 3060 973 3115 κατά
991 3060 1152 3130 φύσιν
1177 3061 1276 3114 οὐκ
1294 3060 1390 3126 ὢν,
1419 3060 1536 3114 ἀλλ’
1555 3060 1631 3125 ὼς
1653 3061 1840 3134 μόριον

255 3155 340 3208 τοῦ
370 3153 585 3218 παντὸς
614 3151 1077 3224 συμπληρωτικὸν
1105 3153 1164 3206 ἐν
1191 3152 1328 3225 αὐτῇ
1359 3169 1420 3206 τε
1451 3152 1716 3224 ὑπάρχον,
1745 3153 1841 3206 καὶ

1936 1973 2044 2028 nisi
2073 1971 2320 2042 Spiritus
2349 1969 2442 2023 Dei
2468 1969 2534 2022 ι’.
2563 1987 2582 2019 ι
2617 1967 2889 2034 Quocirca
2925 1975 2985 2022 ut
3026 1964 3121 2037 qui
3150 1965 3302 2020 novit
3324 1972 3508 2018 omnia

1937 2079 2060 2134 quae
2087 2073 2219 2119 sunt
2261 2063 2316 2117 in
2349 2062 2632 2118 voluntate
2666 2049 2968 2131 Unigeniti,
2998 2055 3183 2112 omnia
3218 2054 3380 2109 nobis
3414 2060 3514 2108 an-

1939 2153 2180 2215 nuntiat,
2213 2150 2645 2220 nondisciplina
2673 2156 3050 2218 comparatam
3085 2144 3372 2200 scientiam
3410 2143 3504 2197 ha-

1941 2246 2098 2310 bens,
2137 2259 2208 2299 ne
2240 2241 2481 2298 ministri
2508 2242 2684 2296 vicem
2735 2240 2964 2312 implere
2996 2238 3245 2293 videatur
3273 2245 3328 2292 et
3377 2237 3515 2289 alte--

1939 2337 2058 2392 rius
2109 2349 2394 2390 sermones
2435 2332 2673 2396 deferre,
2718 2332 2811 2386 sed
2862 2339 2923 2385 ut
2973 2330 3202 2400 spiritus
3251 2326 3512 2391 hominis,

1941 2426 2106 2483 sicuti
2141 2424 2304 2480 modo
2333 2423 2604 2487 diximus,
2637 2430 2692 2478 et
2720 2421 2814 2492 qui
2848 2421 2987 2476 citra
3013 2419 3260 2475 doctoris
3289 2426 3516 2489 cperant

1942 2517 2098 2571 novit
2127 2516 2314 2571 omnia
2354 2529 2476 2586 quae
2520 2522 2653 2570 sunt
2684 2513 2806 2582 ejus
2839 2527 2906 2568 ex
2952 2527 3064 2582 quo
3088 2519 3146 2567 et
3175 2511 3234 2566 in
3266 2524 3378 2580 quo
3405 2509 3513 2572 est,

1941 2608 2130 2663 divina
2165 2607 2378 2665 sanctis
2409 2607 2615 2663 revelat
2646 2604 2934 2676 mysteria,
2965 2602 3131 2659 sicuti
3164 2602 3424 2658 nimirum
3462 2603 3519 2656 et

1942 2716 2098 2756 mens
2144 2699 2384 2754 humana
2417 2697 2602 2754 omnia
2642 2713 2765 2768 quae
2811 2697 2866 2750 in
2895 2712 2954 2751 se
3005 2705 3135 2752 sunt
3177 2709 3514 2766 agnoscens,

1943 2790 2292 2846 enuntiativo
2311 2790 2480 2846 verbo
2502 2797 2560 2843 ut
2578 2787 2727 2845 foras
2752 2789 2968 2844 emittat
2985 2787 3292 2844 voluntates
3319 2789 3518 2843 animae

1945 2881 2250 2942 ministrat.
2283 2880 2442 2952 cujus
2469 2887 2554 2936 est
2583 2881 2750 2936 etiam
2801 2893 2980 2941 mens,
3017 2878 3167 2933 aliud
3195 2879 3418 2956 quidem
3447 2880 3517 2934 ali

1945 2974 2066 3044 ipsa
2102 2972 2328 3028 nomine
2377 2981 2432 3028 et
2472 2979 2768 3042 conceptu,
2795 2971 2891 3026 sed
2927 2971 3034 3024 alia
3078 2971 3380 3028 secundum
3417 2979 3516 3024 na-

1946 3075 2126 3122 turam
2158 3079 2267 3120 non
2299 3064 2600 3127 essistens.
2629 3064 2726 3120 sed
2754 3078 2877 3133 qua:
2905 3063 3074 3118 Velllti
3108 3078 3238 3132 pars
3270 3063 3521 3132 compleo

1945 3157 2057 3212 tiva
2089 3155 2262 3212 totius
2291 3155 2346 3210 in
2374 3171 2438 3211 ea
2461 3155 2706 3220 exsistit,
2731 3163 2783 3209 et
2812 3166 2878 3210 ex
2908 3169 2970 3210 ea
3001 3154 3224 3224 prodire
3247 3153 3516 3209 creditur.

251 3247 306 3310 ἐξ
337 3245 519 3317 αὐτῆς
551 3243 889 3314 ἀναφύεσθαι
917 3245 1327 3314 πιστευόμενον.
1383 3244 1554 3318 ’Υπὲρ
1589 3245 1648 3300 δὲ
1683 3246 1844 3300 τοῦτο

1945 3240 2112 3320 838
2134 3248 2298 3318 Atqui
2322 3246 2505 3302 divina
2530 3257 2584 3301 et
2613 3245 2911 3303 ineti‘abilis
2943 3256 3138 3300 natura
3169 3258 3335 3317 supra
3372 3241 3521 3301 istud

249 3338 417 3393 πάλιν
465 3339 501 3408 ἡ
555 3337 677 3391 θεία
728 3353 788 3390 τε
841 3337 936 3392 καὶ
981 3337 1222 3409 ἀρῤητος
1260 3335 1442 3405 φύσις.
1497 3336 1688 3409 Μικρά
1733 3337 1844 3410 γὰρ

254 3430 407 3483 πᾶσα
434 3427 900 3500 παραδειγμάτων
925 3427 1099 3500 ἰσχῦς,
1130 3426 1234 3482 κᾶν
1258 3427 1346 3482 διά
1377 3427 1590 3482 λεπτῶν
1615 3428 1844 3501 ἔρχηται

255 3521 454 3589 λόγων.
504 3519 718 3574 Οὐκοῦν
749 3520 786 3589 η
815 3518 994 3573 τελεία
1029 3517 1268 3590 μάθησις
1292 3517 1381 3573 διὰ
1404 3518 1499 3574 τοῦ
1530 3521 1845 3591 Πνεύματος

255 3613 365 3674 τοῖς
391 3609 576 3678 ἁγίοις
604 3611 930 3665 ἐντίκτεται.
962 3611 1072 3665 Καὶ
1101 3609 1235 3680 γοῦν
1261 3613 1291 3665 6
1317 3610 1603 3676 θεσπέσιος
1631 3610 1845 3676 Παῦλος

256 3702 573 3756 ἐπιστέλλει
620 3689 756 3773 πρός
810 3718 1002 3766 τιναςο
1058 3723 1077 3756 ι
1105 3702 1280 3773 Κάγὼ
1321 3703 1560 3769 ἀκούσας
1599 3704 1696 3775 τὴν
1725 3704 1849 3758 καθ’

259 3794 406 3865 ὑμᾶς
425 3793 615 3847 πίστιν
643 3794 700 3846 ἐν
728 3791 807 3864 τῷ
839 3791 1029 3864 Κυρίῳ
1063 3793 1258 3864 Ἰησοῦ,
1283 3794 1381 3849 καὶ
1406 3793 1506 3867 τὴν
1536 3797 1616 3857 είς
1639 3793 1848 3856 πάντας

259 3882 384 3946 τοὺς
415 3883 608 3952 ἁγίους
638 3881 892 3955 ἀγάπην,
943 3883 1005 3936 ού
1050 3882 1295 3954 παύομαι
1341 3883 1677 3955 εὐχαριστῶν
1709 3883 1849 3954 ὑπὲρ

261 3973 439 4044 ὒμῦν,
494 3973 692 4043 μνείαν
723 3973 1045 4044 ποιούμενος
1090 3970 1184 4026 ἐπὶ
1224 3972 1334 4026 τῶν
1369 3972 1686 4045 προσευχῶν
1721 3989 1845 4042 μου,

263 4059 348 4114 ἵνα
373 4064 403 4116 6
432 4061 572 4124 Θεὸς
602 4059 698 4114 τοῦ
726 4061 931 4132 Κυρίου
960 4060 1117 4132 ἡμῶν
1160 4061 1335 4132 Ἰησοῦ
1371 4061 1630 4133 Χριστοῦ,
1676 4063 1704 4114 6
1735 4062 1848 4115 Πα-

265 4154 363 4225 τὴρ
381 4153 488 4222 τῆς
511 4150 689 4221 δόξης,
713 4151 825 4223 6ιῇ
846 4153 972 4223 ὑμίν
996 4151 1221 4224 Πνεῦμα
1244 4153 1434 4222 σοφίας
1458 4155 1552 4207 καὶ
1579 4152 1852 4206 ἀποκαλύ-

265 4247 406 4314 ψεως
435 4247 498 4298 ἐν
519 4241 814 4312 ἐπιγνώσει
837 4244 1023 4310 αὑτοῦ,
1047 4245 1495 4316 πεφωτισμένους
1510 4245 1636 4308 τοὺς
1654 4243 1851 4314 ὀφθαλ-

272 4337 401 4405 μοὺς
445 4337 552 4408 τῆς
580 4335 828 4406 καρδίας,
879 4338 960 4399 εἰς
998 4336 1060 4389 τὸ
1094 4335 1291 4389 είδέναι
1323 4337 1466 4406 ὑμᾶς
1516 4335 1601 4399 τίς
1633 4337 1781 4390 ἐστιν
1817 4336 1852 4407 ὴ

269 4429 421 4492 ἐλπὶς
471 4428 576 4500 τῆς
621 4427 869 4498 κλήσεως
901 4427 1088 4492 αὐτοῦ,
1143 4429 1239 4482 καὶ
1283 4429 1369 4492 τίς
1409 4429 1438 4480 6
1480 4427 1708 4492 πλοῦτος
1753 4427 1853 4498 τῆς

268 4520 424 4593 δόξης
461 4521 555 4590 τῆς
585 4520 950 4592 κληρονομίας
997 4520 1164 4575 αὑτοῦ
1194 4522 1252 4573 ἐν
1279 4523 1391 4583 τοῖς
1420 4520 1616 4588 ἀγίοις,
1663 4522 1758 4573 καὶ
1800 4521 1853 4574 τί

270 4583 708 4684 τὺ-ῦπερδάλλον
728 4583 957 4682 μέγεθος
979 4613 1078 4683 τῆς
1103 4612 1384 4683 δυνάμεως
1415 4583 1586 4665 αῦτοῦ
1603 4583 1685 4674 ⁷είς
1707 4613 1854 4683 ἡμᾶς
1886 4583 1930 4638 D

270 4705 394 4765 τοὺς
425 4700 807 4767 πιστεύοντας,
853 4701 998 4757 κατά
1025 4703 1125 4774 τὴν
1151 4703 1432 4774 ἐνέργειαν
1459 4703 1526 4775 ην
1553 4704 1857 4774 ἐνήργηκεν

268 4794 325 4848 ἐν
347 4794 430 4865 τῷ
449 4794 700 4866 Χριστῷ,
722 4795 945 4866 ἐγείρας
973 4796 1136 4849 αὑτὸν
1161 4797 1226 4850 ἐκ
1245 4797 1477 4868 νεκρῶν,
1506 4798 1600 4851 καὶ
1627 4797 1857 4862 καθίσας

275 4886 328 4931 ὲν
362 4887 521 4958 δεξιᾷ
554 4887 721 4940 αὐτοῦ
748 4887 807 4940 ἐν
834 4889 948 4951 τοῖς
976 4888 1342 4959 ἐπουρανίοις,
1393 4889 1649 4960 ὑπεράνω
1677 4888 1858 4959 πάσης

285 4972 510 5042 Ἀρχῆς.
560 4979 655 5032 καὶ
693 4979 996 5045 Ἐξουσὶας,
1045 4982 1139 5034 καὶ
1165 4983 1476 5051 Δυνάμεως,
1525 4983 1620 5036 καὶ
1656 4982 1858 5052 κυριό-

273 5077 457 5134 τητος,
505 5067 602 5144 κα),
627 5071 826 5136 παντὸς
860 5071 1124 5140 ὀνόματος
1151 5070 1573 5144 ὀνομαζομένου,
1601 5074 1664 5126 ού
1697 5073 1858 5144 μόνον

274 5153 331 5204 ἐν
356 5153 436 5223 τῷ
480 5140 640 5207 αίιῖἷνι
667 5153 864 5226 τούτῳ,
896 5160 1032 5215 άλλά
1074 5162 1170 5216 καὶ
1199 5140 1258 5216 ὲν
1284 5163 1363 5235 τῷ
1391 5140 1659 5234 μέλλοντι.
1770 5165 1859 5218 Ἔν

274 5243 380 5317 γὰρ
405 5245 476 5314 τῇ
504 5244 618 5297 τῶν
642 5246 900 5301 τοιούτων
928 5251 1268 5322 ἀποκαλύψει
1298 5254 1386 5307 διὰ
1417 5253 1512 5307 τοῦ
1543 5255 1860 5326 Πνεύματος

276 5337 333 5388 ἐν
376 5330 518 5405 ἡμῖν
566 5337 896 5409 ἀπορρήτως
922 5336 1311 5414 ἐνεργουμένη,
1354 5345 1455 5414 τῆς
1490 5344 1626 5414 μετά
1659 5344 1859 5415 σαρκὸς

277 5427 594 5498 οίκονομίας
620 5427 687 5482 τὸ
712 5429 876 5499 βάθος
896 5431 990 5484 καὶ
1015 5430 1108 5486 τοῦ
1135 5435 1520 5505 κεκρυμμένου
1555 5436 1856 5506 μυστηρίου

275 5521 370 5592 τὴν
418 5521 654 5592 δύναμιν
703 5521 1038 5594 θεωροῦμεν.
1108 5525 1232 5580 Ὅτι
1279 5526 1341 5579 δὲ·
1387 5527 1488 5600 τὴν
1547 5527 1712 5582 αὐτοῦ
1761 5528 1856 5583 τοῦ

1947 3339 2107 3409 longe
2140 3339 2322 3409 posita
2365 3345 2471 3393 est.
2517 3324 2618 3392 Vis
2667 3335 2815 3393 enim
2859 3337 3238 3406 exemplarum
3288 3336 3356 3390 ad
3398 3345 3520 3388 eam

1945 3430 2326 3500 explicandam
2383 3429 2660 3501 imbecilla
2727 3443 2960 3500 prorsus
3007 3437 3111 3492 est,
3162 3429 3522 3500 quantumvis

1948 3521 2247 3577 suhtilibus
2281 3519 2466 3576 verbis
2498 3519 2822 3575 efferantur.
2859 3519 3033 3590 Igitur
3075 3519 3318 3591 perfecta
3348 3520 3538 3575 disci-.

1950 3613 2098 3682 plina
2128 3628 2224 3682 per
2253 3612 2519 3683 Spiritum
2558 3611 2615 3666 in
2651 3612 2863 3670 sanctis
2893 3613 3159 3684 gignitur.
3195 3595 3352 3668 Unde
3382 3611 3523 3667 Pan-

1949 3705 2036 3760 lus
2084 3704 2174 3760 ille
2206 3703 2430 3760 divinus
2471 3703 2540 3759 ad
2573 3705 2872 3760 nonnullos
2907 3703 3141 3760 scribit:
3171 3719 3190 3754 ι
3227 3697 3522 3772 Propterea

1947 3804 2004 3852 et
2033 3810 2136 3864 ego
2171 3795 2404 3851 audiens
2434 3794 2593 3850 ﬁdem
2639 3803 2904 3859 vestram,
2931 3809 3057 3863 quae
3099 3800 3184 3848 est
3216 3793 3270 3847 in
3303 3792 3524 3846 Chrisu.

1950 3878 2105 3949 Jesu,
2139 3891 2195 3940 et
2222 3883 2570 3939 dilectionem
2609 3883 2664 3937 in
2694 3897 2887 3937 omnes
2942 3891 3189 3946 sanctos,
3222 3896 3332 3935 non
3362 3892 3523 3935 cesso

1955 3974 2168 4046 gratias
2213 3989 2383 4046 agens
2416 3989 2518 4046 pro
2544 3974 2726 4039 vobis,
2763 3974 3086 4028 memoriam
3114 3972 3283 4027 vestri
3317 3969 3527 4025 iaciens

1953 4067 2009 4122 in
2041 4065 2392 4121 orationibus
2434 4063 2592 4130 meis,
2633 4073 2693 4119 ut
2739 4062 2885 4120 Deus
2925 4063 3136 4119 Damini
3178 4064 3356 4119 nostri
3394 4053 3525 4118 Iesu

1951 4157 2188 4221 Christi,
2220 4155 2385 4212 Pater
2412 4156 2623 4228 gloriar,
2654 4155 2747 4211 det
2770 4155 2925 4210 vobis
2946 4154 3217 4224 Spiritum
3246 4155 3527 4226 sapientia:

1951 4259 2008 4306 et
2059 4248 2440 4314 revelationis,
2488 4248 2543 4302 in
2608 4247 2892 4319 agnitione
2958 4247 3084 4318 ejus
3133 4265 3145 4300 :
3190 4247 3529 4300 illuminatos

1955 4344 2151 4399 oculos
2184 4343 2376 4399 cordis
2400 4341 2590 4405 Vestri,
2631 4349 2689 4395 ut
2721 4339 2917 4395 sciatis
2957 4355 3078 4408 qua:
3112 4339 3185 4392 sit
3210 4351 3337 4406 spes
3371 4352 3528 4391 voca;

1956 4435 2125 4491 tionis
2159 4434 2303 4506 ejus,
2334 4441 2388 4490 et
2418 4450 2541 4504 qua:
2569 4433 2778 4490 divitia:
2803 4432 2991 4503 glOrize
3039 4430 3374 4486 hereditatis
3407 4429 3530 4497 ejus

1959 4528 2013 4580 in
2055 4527 2286 4592 sanctis,
2335 4534 2391 4581 et
2439 4541 2560 4595 qua:
2616 4527 2690 4580 sit
2734 4523 3159 4596 supereminens
3207 4522 3530 4592 magnitudi-

1959 4617 2177 4672 virtutis
2211 4616 2332 4686 ejus
2369 4615 2426 4670 in
2457 4631 2559 4672 nos
2588 4615 2681 4684 qui
2713 4615 3016 4676 credimus,
3055 4611 3362 4668 secundum
3399 4624 3527 4680 ope-

1955 4711 2226 4765 rationem
2259 4709 2518 4781 potentia:
2539 4709 2767 4763 virtutis
2793 4708 2939 4777 ejus,
2961 4719 3124 4777 quam
3159 4713 3421 4775 operatus
3442 4711 3530 4758 est

1955 4804 2010 4856 in
2046 4803 2295 4865 Christo,
2326 4801 2607 4856 suscitans
2661 4799 2812 4853 illum
2863 4810 2894 4852 a
2930 4797 3187 4861 mortuis,
3221 4805 3276 4850 et
3315 4809 3530 4851 constt-

1957 4904 2118 4948 tuens
2169 4892 2236 4946 ad
2301 4892 2580 4948 dexteram
2635 4906 2792 4947 suam
2849 4891 2903 4944 in
2966 4890 3318 4952 coelestibus,
3365 4901 3534 4958 supra

1959 5000 2176 5038 omnem
2214 4976 2618 5053 Principatum,
2645 4989 2700 5037 et
2747 4979 3110 5047 Potestatem,
3138 4981 3194 5036 et
3238 4977 3528 5044 Virtutem,

1957 5083 2011 5128 et
2041 5059 2506 5138 Dominatimiem,
2535 5076 2591 5128 et
2640 5088 2804 5128 omne
2835 5086 3036 5128 nomen
3089 5071 3234 5142 quod
3282 5071 3524 5126 nominaa

1957 5167 2068 5229 tur,
2097 5179 2207 5218 non
2241 5165 2418 5220 solam
2472 5165 2528 5218 in
2576 5165 2681 5218 hoc
2739 5162 2968 5228 saeculo,
2993 5162 3090 5219 sed
3125 5163 3290 5218 etiam
3341 5161 3396 5216 in
3447 5159 3532 5214 tua

1956 5262 2083 5309 turo
2107 5255 2172 5310 ⁸³.
2215 5267 2235 5308 ι
2267 5256 2328 5310 in
2367 5255 2602 5312 istarum
2647 5255 2852 5312 etenim
2897 5255 3237 5311 revelatione
3275 5266 3397 5322 qua:
3437 5258 3535 5320 per

1958 5349 2226 5418 Spiritum
2259 5349 2317 5404 in
2362 5349 2526 5404 nobis
2555 5349 2858 5420 perﬁcitur,
2896 5345 3294 5404 incarnationis
3343 5345 3532 5398 altituo

1963 5439 2146 5494 dinem
2176 5449 2231 5496 ct
2259 5441 2567 5496 absconditi
2598 5441 2847 5512 mysterii
2876 5440 2983 5494 vim
3018 5449 3350 5508 spectamus.
3375 5433 3535 5502 Quod

1965 5539 2148 5586 autem
2189 5531 2364 5602 ipsius
2397 5531 2606 5586 Christi
2642 5532 2990 5602 praesentiam
3025 5529 3386 5588 et-virtutem
3436 5529 3538 5583 ima

343 5658 385 5689 δ’
429 5658 446 5710 l
492 5658 642 5716 Petr.
681 5674 737 5726 ι,
783 5661 872 5715 ιι.
949 5661 996 5694 δ’
1034 5659 1212 5719 lCor.
1269 5679 1352 5730 ιι,
1395 5665 1484 5718 tl.
1563 5663 1612 5698 ⁵³
1647 5663 1844 5737 Ephes.

1981 5657 2174 5726 t5-2t.

347 5813 423 5883 tl)
468 5812 591 5879 Ed.,
623 5811 810 5878 αὑτοῦ,
835 5814 972 5882 ejus,
1007 5818 1150 5886 quod
1180 5815 1332 5872 ﬂuxit
1358 5828 1421 5872 cx
1455 5818 1865 5877 abbreviatione
1901 5821 2231 5894 descriptori
2266 5787 2405 5878 male
2436 5822 2734 5879 intellecta.
2778 5821 2939 5898 Ean,
