4006 6432
478 401 590 459 34B

1510 401 1567 457 S.
1607 397 1885 455 CYRILLI
1920 392 2391 453 ALEXANDRINI
2429 390 2754 451 ARCHIEP.

3628 400 3722 455 δθι

486 528 630 594 pleat
662 522 906 594 Spiritus
935 522 1079 594 ejus,
1109 523 1166 577 in
1208 522 1418 577 sanctis
1446 520 1786 587 inhabitans,
1826 529 1880 575 et
1921 532 2063 573 cun-

2175 514 2405 589 Χριστοῦ
2457 514 2767 587 παρουσίαν
2812 528 2874 566 τε
2921 510 3016 566 καὶ⁵
3068 510 3300 582 δύναμιν
3348 512 3632 586 ἀναπληροῖ
3665 521 3718 572 τὸ

486 627 572 671 cta
626 617 821 672 doceat
868 632 1217 687 quaecunque
1266 617 1385 687 ipse
1427 614 1496 669 ad
1535 629 1642 669 nos
1688 614 1911 669 locutus
1956 618 2063 679 est,

486 704 692 761 Paulus
731 707 849 778 ipse
878 707 1054 763 nihilo
1080 706 1264 762 secius
1291 705 1452 761 nobis
1482 703 1813 775 explicabit,
1837 703 2064 758 dicens:

494 820 511 850 ι
555 797 731 868 Hujus
759 798 839 855 rei
864 800 1045 869 gratia
1075 796 1234 853 ﬂecto
1273 812 1449 869 genua
1474 811 1595 851 mea
1627 795 1697 850 ad
1721 795 1970 858 Patrem,
2000 809 2070 850 ex

487 906 599 959 quo
626 891 811 946 omnis
844 891 1146 961 paternitas
1170 890 1231 944 in
1266 890 1424 945 ccelis
1455 896 1511 944 et
1538 890 1592 943 in
1626 896 1776 943 terra
1807 889 2064 943 nomina-

488 994 602 1047 tur,
632 994 689 1037 ut
727 982 820 1038 det
839 983 999 1038 vobis
1028 982 1336 1038 secundum
1364 981 1588 1036 divitias
1610 981 1801 1052 gloriae
1823 994 1938 1036 suae
1960 981 2072 1034 vir-

489 1080 606 1127 tute
644 1073 997 1127 corroborari
1044 1087 1139 1142 per
1168 1070 1438 1142 Spiritum
1474 1071 1598 1141 ejus
1644 1070 1700 1124 in
1745 1069 2070 1124 interiorem

488 1163 790 1230 hominem,
822 1162 1110 1218 Christum
1163 1164 1415 1218 habitare
1450 1177 1548 1232 per
1579 1161 1741 1217 tidem
1784 1161 1842 1215 in
1887 1159 2072 1215 cordi-

488 1253 592 1307 bus
628 1254 830 1309 vestris
865 1271 879 1307 :
910 1253 964 1307 in
1016 1253 1290 1309 charitate
1338 1252 1573 1307 radicati
1618 1259 1675 1308 et
1723 1251 1961 1317 fundati,
2013 1257 2073 1305 ut

487 1346 717 1415 possitis
747 1346 1222 1416 comprehendere
1250 1360 1377 1402 cum
1407 1344 1665 1400 omnibus
1690 1344 1924 1410 sanctis,
1949 1358 2074 1414 quas

488 1439 560 1493 sit
610 1437 868 1501 latitudo,
898 1445 954 1493 et
1001 1438 1312 1509 longitudo,
1354 1445 1409 1492 et
1448 1437 1792 1502 sublimitas,
1824 1444 1878 1490 et
1940 1449 2070 1507 pro-

488 1529 719 1583 l’undum
775 1549 788 1583 :
846 1530 995 1585 scire
1043 1531 1208 1584 etiam
1263 1529 1763 1600 superemineutcm
1824 1526 2075 1582 scientiae

485 1623 812 1675 charitatem
851 1621 1080 1685 Christi,
1119 1631 1180 1675 ut
1228 1620 1569 1692 impleamini
1605 1619 1660 1674 in
1698 1633 1916 1674 omnem
1953 1617 2074 1689 ple-

487 1709 797 1766 nitudinem
826 1710 921 1767 Dei
946 1710 1014 1765 ιδ.
1058 1730 1075 1764 ι
1112 1709 1428 1765 Notandum
1459 1720 1642 1766 autem
1666 1724 1869 1766 rursus
1900 1707 2070 1779 quod,

487 1819 613 1859 cum
667 1806 853 1858 omnia
914 1804 1126 1860 sanctis
1169 1819 1268 1877 per
1316 1802 1590 1874 Spiritum
1646 1803 1947 1859 revelatum
2006 1800 2074 1855 iri

2168 610 2396 681 Πνεῦμα
2440 607 2628 672 αὐτοῦ,
2672 609 2787 671 τοῖς
2820 605 2997 675 ἁγίοις
3029 602 3292 671 ἐνοικοῦν,
3325 607 3419 659 καὶ
3448 607 3616 661 πάντα
3649 609 3722 662 δι·

2168 704 2360 758 δάσκει
2391 700 2538 772 ἆπερ
2561 699 2723 762 αὑτὸς
2755 697 3021 768 λελάληκε
3059 697 3198 768 πρὸς
3224 697 3392 767 ἡμᾶς,
3422 697 3578 751 πάλιν
3605 699 3724 767 ἡμῖν

2167 793 2321 849 οὐδὲν
2338 789 2500 867 ἦττον
2525 793 2556 846 ό
2584 789 2797 853 Παῦλος
2817 790 3070 859 σαφηνιεί
3090 788 3265 855 λέγων
3291 801 3307 819 ·
3340 786 3566 840 «Τούτου
3583 790 3726 858 χάριν

2170 887 2413 957 κάμπτω
2437 882 2507 937 τὰ
2535 882 2741 953 γόνατά
2771 898 2874 952 μου
2899 880 3034 952 πρὸς
3055 879 3147 933 τὸν
3170 878 3406 949 Πατέρα,
3431 878 3490 944 ἐξ
3510 873 3569 932 οῦ
3596 881 3729 935 πάσα

2170 976 2382 1049 πατριὰ
2420 975 2477 1029 ἐν
2521 992 2583 1028 τε
2626 971 2843 1046 οὖρανῷ
2871 971 2968 1025 καὶ
3015 972 3111 1025 ἐπὶ
3137 971 3243 1041 γῆς
3276 970 3616 1041 ὀνομάζεται,
3651 972 3732 1025 ἶνα

2170 1069 2283 1140 δῴη
2308 1070 2437 1139 ὑμῖν
2462 1065 2605 1121 κατὰ
2643 1065 2736 1120 τὸν
2777 1064 3007 1118 πλοῦτον
3041 1062 3141 1134 τῆς
3171 1059 3329 1134 δόξης
3362 1062 3582 1133 δυνάμει
3610 1081 3727 1135 κρα-

2170 1164 2471 1234 ταιωθῆναι
2496 1161 2587 1216 διὰ
2621 1161 2716 1215 τοῦ
2746 1158 3066 1229 Πνεύματος
3097 1156 3264 1212 αὑτοῦ
3290 1159 3371 1221 είς
3402 1157 3492 1211 τὸν
3524 1157 3625 1211 ἐσω
3649 1159 3734 1212 ἄν.

2174 1256 2414 1328 θρωπον,
2449 1257 2776 1324 κατοικῆσαι
2798 1251 2891 1307 τὸν
2919 1252 3155 1325 Χριστὸν
3188 1249 3275 1304 διὰ
3299 1250 3401 1319 τῆς
3433 1250 3659 1314 πίστεως
3685 1253 3735 1305 ἐν

2172 1350 2290 1411 ταῖς
2323 1346 2578 1417 καρδίαις
2598 1343 2772 1416 ὑμῶν,
2797 1345 2856 1396 ἐν
2876 1343 3066 1415 ἀγάπῃ
3090 1340 3451 1414 ἐρριζωμένοι
3481 1340 3574 1394 καί
3597 1340 3736 1393 τεθε-

2177 1436 2525 1508 μελιωμένοι,
2562 1435 2651 1489 ἵνα
2686 1434 3009 1506 ἐξισχύσητε
3042 1429 3447 1486 καταλαϐέσθαι
3483 1431 3580 1483 σῦν
3619 1431 3740 1483 πᾶσι

2174 1533 2287 1594 τοῖς
2315 1529 2511 1599 ἁγίοις,
2532 1528 2585 1582 τί
2610 1528 2673 1582 τὸ
2704 1527 2926 1592 πλάτος,
2957 1527 3053 1581 καὶ
3091 1525 3288 1596 μῆκος,
3317 1524 3415 1593 καὶ
3449 1522 3628 1594 βάθος,
3656 1524 3772 1576 καὶ-

2176 1623 2332 1694 ῦψος.
2381 1621 2585 1690 γνῶναί
2627 1638 2688 1674 τε
2737 1621 2838 1692 τὴν
2876 1618 3325 1691 ὑπερϐάλλουσαν
3371 1615 3475 1686 τῆς
3507 1614 3744 1686 γνώσεως

2175 1716 2397 1788 ἀγάπην
2444 1714 2541 1770 τοῦ
2595 1715 2867 1785 Χριστοῦ,
2921 1713 3009 1767 ἵνα
3049 1709 3378 1782 πληρωθῆτε
3424 1709 3505 1772 είς
3546 1709 3651 1761 πᾶν
3690 1708 3745 1761 τὸ

2176 1806 2450 1879 πλήρωμα
2470 1806 2565 1861 τοῦ
2587 1805 2746 1861 Θεοῦ.
2778 1826 2798 1859 ι
2836 1806 2910 1877 Ση
2920 1804 3179 1877 μειωτὲον
3205 1803 3263 1857 δὲ
3293 1801 3463 1856 πάλιν
3483 1802 3565 1856 ὅτι
3586 1802 3747 1855 πάντα

487 1898 658 1962 dicat,
703 1911 1053 1967 nequaquam
1105 1905 1288 1952 tamen
1323 1911 1419 1953 eos
1468 1896 1562 1951 alii
1612 1896 1825 1952 doctori
1875 1893 2068 1959 tradit,

2175 1900 2263 1956 διὰ
2310 1901 2406 1955 τοῦ
2456 1901 2775 1974 Πνεῦματος
2821 1895 3383 1969 άποκαλυφθήσεσθαι
3426 1898 3541 1959 τοῖς
3588 1895 3749 1962 ἁγίοις

491 1987 585 2042 sed
625 1988 728 2041 sibi
762 1987 865 2056 ipsi
902 2003 1001 2059 per
1034 1986 1331 2058 Spiritum,
1377 1988 1470 2058 qui
1520 2003 1632 2043 non
1669 1987 1908 2059 amplius
1949 2001 2074 2042 cor-

493 2082 644 2151 puris
672 2081 873 2147 oculis,
897 2080 993 2136 sed
1022 2079 1493 2135 intellectualibus
1529 2079 1717 2135 cordis
1748 2077 2070 2145 luminibus,

490 2187 591 2243 pro
619 2187 686 2227 eo
718 2186 782 2228 ac
815 2170 924 2227 Deo
956 2170 1239 2237 convenit,
1268 2170 1671 2243 conspicabilis
1693 2179 1798 2228 est.

555 2447 724 2520 839
769 2431 1058 2513 XIV,'27.
1112 2449 1311 2505 Pacem
1363 2449 1605 2522 relinquo
1660 2438 1845 2518 vobis,
1889 2467 2071 2521 pacem

486 2557 659 2593 meum
706 2540 773 2594 do
803 2542 947 2595 vobis
981 2557 1125 2596 :uon
1161 2546 1424 2613 quomodo
1460 2542 1688 2597 mundus
1720 2542 1968 2614 ἄσπορα
2002 2544 2071 2601 do

485 2630 628 2685 vobis
663 2647 682 2687 :
714 2648 816 2685 non
851 2632 1095 2687 turbetur
1123 2649 1214 2687 cor
1238 2644 1489 2700 vestrum,
1522 2650 1685 2704 neque
1723 2633 1996 2704 formidet.

555 2806 653 2861 Sui
682 2805 737 2861 in
767 2805 941 2861 cmlos
967 2820 1236 2863 ascensus
1266 2808 1534 2864 memoria
1565 2811 1777 2867 sanctis
1804 2810 2070 2883 apostolis

483 2905 774 2962 renovata,
807 2898 1121 2969 injectaque
1153 2900 1473 2972 suspicione
1508 2902 1627 2959 fore
1666 2912 1727 2958 ut
1765 2904 1870 2960 soli
1902 2906 2072 2959 relino

482 3002 807 3064 querentur,
838 3006 904 3047 ex
934 3005 1001 3046 eo
1026 2991 1175 3063 quod
1204 2993 1420 3047 dixerat
1445 3009 1460 3048 :
1490 3012 1509 3047 ι
1543 2996 1671 3051 Πίου
1699 2995 1921 3053 locutus
1946 3013 2069 3053 sum

485 3084 640 3140 vobis
665 3084 809 3154 apud
830 3098 931 3138 vos
957 3098 1210 3148 manens,
1239 3103 1259 3137 ι
1279 3084 1430 3140 illico
1446 3086 1859 3155 animadvertit,
1876 3097 2070 3160 utpote

482 3177 577 3247 qui
610 3174 918 3231 secundum
952 3184 1204 3231 naturam
1230 3175 1375 3233 Deus
1396 3187 1538 3245 erat,
1566 3193 1881 3235 sermonem
1912 3181 2069 3235 illum

484 3283 595 3323 non
631 3267 895 3323 mediocri
927 3266 1101 3325 fuisse
1136 3268 1207 3325 iis
1243 3271 1467 3336 terrori,
1502 3284 1681 3342 eoque
1715 3272 2071 3330 vehementer

482 3374 608 3414 esse
637 3358 915 3425 turbatos,
948 3365 1004 3414 et
1036 3358 1307 3431 cujusque
1334 3362 1581 3417 animum
1612 3365 1887 3434 gravitate
1912 3366 2073 3422 dolo-

483 3455 564 3507 ris
610 3467 860 3522 pressum
899 3467 964 3508 ac
1004 3452 1299 3522 dejectum.
1329 3452 1472 3520 Quid
1529 3456 1677 3511 enim
1719 3467 1806 3512 est
1849 3457 1944 3512 illo
1973 3459 2073 3513 do-

2098 3239 2143 3297 ϐ

484 3546 605 3599 lore
635 3544 884 3616 gravius,
913 3554 1008 3599 aut
1045 3545 1178 3616 quid
1219 3553 1435 3600 tantum
1486 3547 1773 3604 interioris
1815 3553 2072 3606 mceroris

485 3635 691 3692 inferre
735 3644 938 3708 potest,
966 3653 1135 3714 quam
1182 3637 1618 3708 iucundissimis
1648 3642 1814 3697 rebus
1858 3642 2068 3710 orbari,

482 3745 792 3800 eorumque
824 3745 948 3800 quae
981 3729 1137 3784 cordi
1175 3730 1418 3786 maxime
1460 3731 1562 3787 tibi
1591 3733 1707 3788 sint
1730 3732 2071 3806 inopinatam

483 3821 629 3876 ferre
681 3820 994 3891 iacturam?
1034 3820 1331 3892 Componit
1382 3822 1555 3895 igitur
1606 3839 1704 3881 eos
1764 3826 1956 3882 dolore
2010 3843 2075 3883 ac

481 3920 633 3969 metu
666 3915 944 3969 turbatos.
974 3912 1154 3970 Causa
1186 3914 1332 3969 enim
1381 3920 1436 3971 et
1463 3915 1620 3972 radix
1654 3918 1891 3985 doloris,
1924 3922 2070 3992 quod

481 4007 842 4063 discessurus
882 4015 1033 4063 esset
1066 4007 1135 4061 ab
1163 4006 1233 4061 iis
1273 4014 1330 4064 et
1358 4007 1427 4063 ad
1460 4006 1678 4066 Patrem
1716 4028 2070 4083 reversurus,

477 4094 798 4165 justissima
845 4095 1257 4166 quodammodo
1284 4105 1423 4163 erat,
1448 4114 1550 4155 nec
1579 4102 1680 4158 abs
1728 4117 1789 4160 re
1819 4105 2073 4175 suspica-

480 4190 685 4241 bantur
717 4188 821 4243 sibi
862 4188 1054 4243 ultima
1091 4203 1326 4260 quaeque
1358 4201 1569 4263 parata,
1602 4195 1649 4249 si
1686 4212 1923 4267 corpore
1958 4214 2071 4253 non

481 4280 701 4333 adesset
739 4280 979 4350 amplius
1023 4278 1072 4336 is
1103 4281 1199 4350 qui
1250 4297 1473 4341 servare
1512 4294 1748 4357 poterat.
1782 4286 2073 4355 Quomodo

479 4377 663 4425 autem
699 4385 893 4426 eorum
925 4380 1132 4427 metum
1171 4373 1349 4442 sedat,
1378 4383 1476 4432 aut
1519 4395 1628 4449 quo
1667 4389 1829 4451 pacto
1859 4393 2071 4440 mentes

477 4474 674 4515 eorum
718 4460 786 4515 ad
817 4460 1059 4518 divinam
1107 4467 1568 4536 tranquillitatem
1612 4469 1863 4527 reducit?
1906 4493 1924 4524 ι
1970 4471 2074 4527 Pa-

2172 1991 2374 2061 είπὼν,
2428 1994 2529 2064 οὐχ
2575 1991 2749 2064 ἐτέρῳ
2800 1989 3017 2044 δίδωσιν
3071 1989 3268 2052 αὑτοὺς
3305 1985 3633 2057 διδασκάλῳ,
3682 1986 3750 2055 μὴ

2172 2084 2330 2140 τοῦτο
2369 2085 2618 2158 νομίσῃς,
2666 2081 2846 2154 ἐαυτῷ
2884 2082 2942 2136 δὲ
2986 2081 3286 2154 παρίστησι
3332 2079 3426 2134 διὰ
3456 2079 3551 2132 τοῦ
3594 2078 3751 2132 Πνεύ-

2175 2193 2366 2249 ματος,
2406 2177 2689 2248 σαρκικοῖς
2722 2174 2821 2246 μὲν
2855 2174 3039 2229 οὐκέτι
3070 2173 3405 2244 φαινόμενος
3444 2171 3750 2243 ὀφθαλμοῖς,

2171 2270 2283 2332 τοῖς
2315 2283 2379 2336 γε
2411 2268 2518 2339 μὴν
2546 2268 2760 2339 νοητοῖς
2796 2264 2897 2336 τῆς
2927 2263 3155 2337 καρδίας
3187 2264 3409 2335 ὄμμασι
3449 2260 3753 2332 θεοπρεπῶς

2171 2359 2568 2431 θεωρούμενος.

2247 2449 2515 2519 Εἰρήνην
2533 2449 2745 2520 ἀφίημι
2772 2448 2935 2519 ὑμῖν,
2957 2448 3209 2519 ειρήνην
3234 2449 3358 2516 τὴν
3380 2449 3538 2520 ἐμὴν
3565 2447 3755 2517 διδωμι

2174 2542 2318 2613 ὑμῖν
2340 2558 2356 2576 ο
2405 2545 2478 2597 οὐ
2510 2542 2707 2609 καθὼς
2756 2545 2789 2597 ό
2824 2543 3054 2613 κόσμος
3108 2542 3389 2609 δίδωσιν,
3421 2540 3540 2613 ἐγὼ
3568 2540 3759 2609 δίδωμι

2170 2632 2316 2702 ὑμῖν
2342 2649 2357 2663 ·
2420 2633 2508 2704 μὴ
2566 2633 2964 2704 ταρασσέσθω
3009 2635 3180 2706 ὑμῶν
3224 2635 3264 2703 ἡ
3328 2634 3581 2704 καρδία,
3618 2629 3761 2703 μηδὲ

2171 2724 2321 2780 δειλι
2330 2724 2468 2782 άτω.

2247 2816 2341 2882 Ei;
2389 2817 2696 2890 ἀνάμνησιν
2738 2817 2981 2887 ἐνεγκὼν
3035 2819 3162 2883 τοὺς
3206 2819 3413 2887 ἁγίους
3444 2815 3765 2878 ἀποστόλους

2171 2909 2272 2981 τῆς
2299 2911 2380 2975 είς
2412 2911 2674 2982 οὐρανοὺς
2703 2910 3047 2977 ἀναϐάσεως,
3075 2911 3171 2964 καὶ
3198 2911 3289 2964 ὅτι
3322 2909 3770 2983 περιλειφθήσον-

2171 3020 2262 3057 ται
2289 3002 2433 3058 κατὰ
2456 3003 2615 3057 τοῦτο
2659 3004 2809 3074 μόνοι
2853 3002 3286 3073 παρασκευάσας
3318 3003 3525 3056 ἐννοεῖν
3558 2999 3643 3055 διὰ
3683 2997 3768 3051 τοῦ

2176 3095 2363 3168 φῆναι,
2393 3113 2411 3147 ι
2440 3094 2627 3151 Ταῦτα
2667 3094 2941 3167 λελάληκα
2988 3094 3117 3166 ὑμῖν
3169 3094 3311 3164 παρ’
3343 3093 3481 3166 ὑμῖν
3523 3093 3715 3165 μένων,
3749 3109 3767 3141 ι

2177 3187 2424 3260 συνίησιν
2454 3185 2515 3243 εὖ
2546 3188 2691 3260 μάλα
2715 3187 2955 3260 γοργῶς,
2989 3187 3081 3242 ἆτε
3111 3185 3177 3260 δὴ
3211 3187 3321 3241 καὶ
3352 3187 3625 3259 ὑπάρχων
3647 3183 3777 3238 κατὰ

2177 3278 2340 3349 φύσιν
2393 3278 2547 3346 Θεὸς,
2597 3278 2673 3344 ὡς
2714 3280 2776 3333 οὑ
2824 3278 3053 3352 μετρίαν
3100 3278 3298 3345 αὐτοῖς
3359 3278 3644 3335 ἐντέθεικε
3688 3276 3778 3347 τὴν

2176 3371 2372 3425 πτοίαν
2408 3355 2645 3441 δ’λόγος,
2675 3370 3014 3445 τεθορύϐηκε
3052 3371 3110 3426 δὲ
3137 3370 3365 3441 δεινῶς,
3394 3373 3494 3426 καὶ
3522 3369 3601 3442 τῷ
3629 3370 3776 3441 βάρει

2175 3463 2275 3534 τῆς
2316 3463 2497 3536 λύπης
2545 3468 2956 3536 καταφορτίσας
3008 3464 3100 3518 τὸν
3145 3464 3393 3519 ἑκάστου
3438 3462 3775 3520 κατεθόλωσε

2176 3556 2320 3611 νοῦν.
2347 3558 2412 3611 Τί
2434 3556 2544 3630 γὰρ
2569 3557 2635 3612 ἂν
2654 3557 2867 3628 γένοιτο
2888 3557 2987 3629 τῆς
3009 3558 3189 3630 λύπης
3216 3557 3282 3611 τὸ
3308 3557 3776 3629 δυσαχθέστερονς

2175 3650 2228 3705 τί
2256 3650 2312 3704 δὲ
2338 3647 2483 3704 οῦτω
2513 3651 2793 3722 φορτικὸν,
2824 3651 2901 3715 ὡς
2938 3648 3049 3705 τῶν
3079 3649 3318 3721 ἡδίστων
3348 3653 3390 3725 ὴ
3427 3651 3781 3723 παραίρεσις,

2176 3741 2271 3794 καὶ
2312 3740 2372 3794 τὸ
2411 3740 2521 3794 τῶν
2554 3739 2634 3794 ἐτι
2681 3740 2920 3812 μάλιστα
2954 3740 3291 3812 φιλαιτάτων
3343 3742 3621 3814 ἀδόκητον
3654 3741 3782 3794 ὑπο-

2178 3832 2362 3904 μένειν
2399 3831 2604 3903 ζημίαν
2632 3849 2648 3899 ;
2708 3830 3015 3903 Καθίστησι
3054 3830 3236 3886 τοίνυν
3265 3833 3484 3900 αὐτοὺς
3518 3834 3670 3909 λύπῃ
3695 3832 3785 3887 καὶ

2176 3924 2327 3996 φόϐῳ
2370 3923 2837 3996 τεταραγμένους.
2881 3924 3164 3996 Πρόφασις
3196 3924 3303 3996 μὲν
3348 3926 3464 3998 γὰρ
3507 3927 3607 3980 καὶ
3667 3925 3785 3998 ῥίζα

2175 4015 2375 4087 λύπης,
2431 4016 2493 4070 τὸ
2527 4016 2745 4088 μέλλειν
2787 4015 2969 4071 αὐτῶν
2999 4018 3336 4090 άποφοιτᾷν,
3384 4020 3489 4076 καὶ
3527 4017 3789 4088 ἀνακομί-

2175 4106 2365 4173 ζεσθαι
2396 4106 2533 4178 πρὸς
2554 4106 2646 4160 τὸν
2671 4104 2912 4177 Πατέρα,
2939 4105 3258 4177 δικαιοτάτη
3286 4122 3416 4171 πως
3441 4103 3538 4177 ἦν,
3562 4107 3792 4160 ἐποιεῖτο

2174 4201 2231 4254 δὲ
2265 4199 2482 4272 μητέρα
2524 4198 2624 4270 τὴν
2675 4198 2913 4268 ὑποψίαν
2951 4196 3047 4252 τοῦ
3083 4198 3266 4252 πάντα
3308 4199 3655 4265 πείσεσθαι,
3703 4197 3794 4251 καὶ

2174 4291 2297 4346 λίαν
2322 4290 2575 4361 ἑτοίμως,
2605 4292 2666 4344 ού
2710 4289 3095 4362 συμπαρόντος
3129 4288 3235 4356 ἔτι,
3270 4293 3430 4347 κατά
3465 4310 3535 4362 γε
3561 4291 3666 4364 τὴν
3696 4291 3792 4360 ἐμ-

2176 4383 2320 4452 φανῆ
2370 4382 2466 4435 τοῦ
2512 4381 2764 4451 σώματος
2808 4381 2952 4450 ὄψιν,
2990 4380 3086 4434 τοῦ
3124 4380 3436 4446 διασώζειν
3489 4382 3790 4455 ἰσχύοντος.

2178 4474 2303 4537 Πῶς
2333 4472 2390 4526 δὲ
2422 4472 2765 4543 καθίστησιν,
2805 4473 2839 4545 ἢ
2882 4473 3004 4526 τίνα
3028 4472 3230 4545 τρόπον
3261 4476 3471 4541 αὐτοῖς
3505 4478 3572 4531 τὸ
3606 4479 3674 4531 ἐκ
3703 4476 3795 4545 τῆς

478 4566 622 4615 cem,
652 4552 856 4622 luquit,
885 4566 1063 4609 meam
1114 4555 1187 4611 do
1225 4558 1405 4625 vobis,
1445 4569 1499 4615 et
1532 4576 1722 4631 pacem
1758 4580 1936 4619 meam
1979 4581 2068 4621 re-

2176 4564 2439 4636 εὐθυμίας
2471 4565 2697 4637 φαιδρὸν
2724 4565 3102 4631 είσοικίζεται,
3142 4567 3239 4621 καὶ
3272 4569 3427 4641 πρὸς
3460 4569 3621 4625 θείαν
3646 4563 3796 4631 αὖθις

478 4643 669 4712 linquo
710 4644 891 4700 vobis.
930 4663 948 4698 ι
993 4645 1118 4702 Dixi
1152 4650 1452 4719 multoties,
1489 4653 1689 4725 inquit,
1717 4671 1804 4711 me
1831 4672 1931 4711 vos
1958 4672 2067 4711 non

479 4737 805 4792 relicturum
869 4741 1172 4811 orphanos,
1251 4744 1351 4801 sed
1404 4762 1585 4817 neque
1645 4763 1741 4803 vos
1804 4749 1858 4802 in
1918 4756 2068 4804 terra

483 4844 785 4887 mansuros
824 4834 1161 4904 cpitulatore
1196 4836 1519 4894 destitutos.
1566 4838 1750 4894 Adero
1787 4841 1931 4895 enim
1974 4859 2069 4897 vo-

479 4920 571 4976 bis
624 4936 858 4986 rursus,
903 4935 981 4989 et,
1026 4925 1229 4982 absens
1280 4942 1535 4999 corpore,
1580 4935 1797 4987 animos
1851 4942 2066 4991 vestros

477 5013 889 5083 tranquillitate
939 5017 1209 5081 muniam,
1246 5025 1306 5071 ut
1354 5017 1524 5085 Deus,
1560 5035 1662 5074 uec
1707 5022 1917 5076 turbari
1967 5041 2065 5081 vos

475 5106 679 5172 sinam,
708 5114 800 5160 aut
832 5107 999 5161 animi
1046 5108 1215 5163 vestri
1262 5111 1374 5165 vim
1406 5126 1471 5165 ac
1511 5112 1681 5166 robur
1711 5129 1741 5168 a
1786 5130 2063 5187 quoquam

476 5200 753 5267 superari.
785 5196 982 5254 Omnis
1017 5201 1221 5271 quippe
1251 5212 1433 5257 metus
1464 5218 1528 5257 ac
1566 5206 1836 5265 timiditas
1870 5211 2064 5280 procul

477 5289 892 5357 amandabitur,
925 5298 982 5344 et
1014 5290 1204 5345 divina
1244 5292 1495 5361 quaedam
1528 5295 1611 5350 vis
1640 5296 1693 5350 in
1734 5299 1893 5355 vobis
1919 5302 2066 5357 orie-

483 5389 596 5443 tur,
628 5397 750 5452 quu:
777 5392 968 5451 pacata
1004 5390 1190 5437 mente
1218 5393 1273 5438 et
1302 5384 1472 5439 corde
1507 5389 1828 5457 tranquillo,
1858 5407 1956 5449 vos
1996 5394 2065 5448 ad

477 5475 874 5528 revelationem
913 5470 1145 5527 deducet
1175 5487 1367 5529 eorum
1401 5491 1524 5546 quze
1548 5488 1784 5536 mentem
1821 5482 2065 5542 hominis

478 5570 844 5632 exsuperant.
901 5562 1062 5618 Nunc
1118 5573 1327 5632 autem,
1371 5586 1391 5619 ι
1440 5585 1631 5640 pacem
1688 5574 1760 5628 do
1811 5579 1991 5643 vobis,
2043 5599 2062 5633 ι

479 5668 588 5707 non
634 5652 984 5720 simpliciter,
1029 5652 1122 5707 sed
1162 5672 1180 5705 ι
1217 5668 1409 5724 pacem
1466 5674 1669 5717 meam.
1710 5683 1728 5717 ι
1775 5665 1830 5720 ld
1878 5678 2065 5724 autem

548 5831 595 5864 “
625 5830 835 5903 Ephes.
874 5846 957 5899 tu,
1001 5833 1185 5890 13-19.

2174 4656 2417 4729 γαλήνην
2445 4659 2473 4711 ὁ
2504 4656 2628 4722 νοῦς
2654 4657 3076 4724 κατευνάζεται;
3118 4675 3138 4709 ι
3161 4657 3406 4731 Δίδωμι,
3450 4663 3648 4732 φησὶν,
3674 4661 3801 4732 ὑμῖν

2173 4749 2436 4820 εἰρήνην,
2488 4748 2583 4801 καὶ
2644 4747 2847 4818 ἀφίημι
2906 4747 3035 4818 ὑμῖν
3085 4748 3323 4819 εἰρήνην
3391 4750 3504 4822 τὴν
3572 4752 3739 4823 ἐμήν.
3776 4766 3794 4798 ι

2172 4839 2410 4911 Εἶρηκα,
2459 4839 2611 4911 φησι,
2671 4840 3025 4904 πλειστάκις,
3068 4839 3143 4903 ὡς
3198 4840 3312 4896 οὐκ
3381 4845 3601 4917 ἀφήσω
3658 4844 3801 4914 ὑμᾶς

2169 4933 2438 5006 ὀρφανούς
2462 4951 2475 4965 ·
2503 4933 2619 4987 ἀλλ’
2648 4934 2769 4987 οὐδὲ
2800 4932 2955 5006 μόνοι
2978 4932 3078 5005 τὴν
3099 4933 3204 5004 γῆν
3227 4935 3517 5006 οἰκήσετε
3548 4936 3652 4992 τοῦ
3672 4936 3796 5003 ροη-

2171 5027 2393 5092 θοῦντος
2451 5025 2651 5097 ἔρημοι
2697 5026 2792 5079 καὶ
2828 5024 3049 5096 γυμνοί.
3102 5023 3436 5098 Συνέσομαι
3479 5030 3596 5096 γὰρ
3636 5022 3799 5079 πάλιν

2169 5121 2337 5190 ὑμῖν,
2391 5118 2487 5174 καὶ
2518 5117 2674 5173 ἀπὼν
2705 5116 2783 5188 τῷ
2819 5117 3057 5189 σώματι,
3093 5115 3408 5187 ἀνατειχιῶ
3466 5118 3643 5176 πάλιν
3679 5117 3800 5178 ταῖς

2168 5213 2502 5283 εύμενείαις,
2542 5211 2618 5276 ὡς
2669 5210 2822 5275 Θεὸς,
2863 5209 2976 5265 ἄνω
3004 5207 3241 5280 θήσομαι
3275 5208 3543 5282 θορύϐου
3573 5210 3801 5275 παντὸς,

2171 5301 2457 5373 περιέσται
2504 5300 2560 5355 δὲ
2606 5301 2707 5371 τῆς
2762 5302 3033 5373 ὑμετέρας
3088 5298 3405 5370 εὐτολμίας
3440 5303 3655 5366 οὐδείς.
3688 5303 3804 5363 Πᾶς

2167 5393 2278 5465 γὰρ
2311 5393 2562 5465 ἀτονήσει
2588 5392 2773 5464 φόϐος,
2805 5393 2899 5446 καὶ
2930 5391 3100 5445 δειλία
3130 5392 3229 5462 μὲν
3266 5393 3547 5449 ἐκποδιυν
3582 5397 3806 5466 οἰχήσε-

2168 5504 2281 5553 ται,
2326 5485 2446 5539 θεία
2493 5485 2551 5539 δέ
2583 5502 2667 5549 τις
2713 5486 2773 5538 ἐν
2808 5486 2938 5555 ὑμῖν
2968 5484 3219 5538 ἁνατελεί
3258 5484 3548 5559 δύναμις,
3596 5488 3808 5559 σχολά-

2170 5579 2316 5645 ζοντι
2365 5577 2464 5648 νῷ,
2518 5577 2612 5632 καὶ
2662 5575 2979 5649 γαληνιώσῃ
3010 5576 3227 5648 καρδίᾳ,
3281 5577 3627 5650 ξεναγοῦσα
3674 5580 3814 5651 πρὸς

2170 5667 2514 5740 ἀποκάλυψίν
2563 5670 2673 5724 τῶν
2720 5668 2862 5739 ὑπὲρ
2925 5666 3276 5739 ἀνθρώπινον
3348 5672 3516 5729 νοῦν.
3574 5672 3698 5727 Νῦν
3753 5670 3816 5723 δὲ
