  <div class='ocr_page' id='page_1' title='image "/cluster/home/n/w/nwhite01/storage/ocr_20150623/74:no.7/coo.31924054869684/160.png"; bbox 0 0 4006 6414; ppageno 0'>
   <div class='ocr_carea' id='block_1_1' title="bbox 279 412 380 472">
    <p class='ocr_par' dir='ltr' id='par_1_1' title="bbox 279 412 380 472">
     <span class='ocr_line' id='line_1_1' title="bbox 279 412 380 472; baseline 0 -2"><span class='ocrx_word' id='word_1_1' title='bbox 279 412 380 472; x_wconf 56' lang='grc' dir='ltr'><strong>διε</strong></span> 
     </span>
    </p>
   </div>
   <div class='ocr_carea' id='block_1_2' title="bbox 1311 401 2450 463">
    <p class='ocr_par' dir='ltr' id='par_1_2' title="bbox 1311 401 2450 463">
     <span class='ocr_line' id='line_1_2' title="bbox 1311 401 2450 463; baseline -0.003 0"><span class='ocrx_word' id='word_1_2' title='bbox 1311 405 1383 463; x_wconf 80' lang='lat' dir='ltr'><strong>IN</strong></span> <span class='ocrx_word' id='word_1_3' title='bbox 1417 403 1705 463; x_wconf 77' lang='lat' dir='ltr'><strong>JOANNIS</strong></span> <span class='ocrx_word' id='word_1_4' title='bbox 1722 401 2176 463; x_wconf 67' lang='lat' dir='ltr'><strong>EYANGELIUM</strong></span> <span class='ocrx_word' id='word_1_5' title='bbox 2212 401 2340 458; x_wconf 87' lang='lat' dir='ltr'><strong>LIB.</strong></span> <span class='ocrx_word' id='word_1_6' title='bbox 2380 402 2450 460; x_wconf 78' lang='grc' dir='ltr'><strong>Χ.</strong></span> 
     </span>
    </p>
   </div>
   <div class='ocr_carea' id='block_1_3' title="bbox 3440 408 3559 467">
    <p class='ocr_par' dir='ltr' id='par_1_3' title="bbox 3440 408 3559 467">
     <span class='ocr_line' id='line_1_3' title="bbox 3440 408 3559 467; baseline 0 -1"><span class='ocrx_word' id='word_1_7' title='bbox 3440 408 3559 467; x_wconf 72' lang='grc' dir='ltr'><strong>5οῢ</strong></span> 
     </span>
    </p>
   </div>
   <div class='ocr_carea' id='block_1_4' title="bbox 278 519 1873 602">
    <p class='ocr_par' dir='ltr' id='par_1_4' title="bbox 278 526 1863 602">
     <span class='ocr_line' id='line_1_4' title="bbox 278 526 1863 602; baseline -0.004 -17"><span class='ocrx_word' id='word_1_8' title='bbox 278 553 295 585; x_wconf 82' lang='grc' dir='ltr'><strong>ι</strong></span> <span class='ocrx_word' id='word_1_9' title='bbox 323 532 522 602; x_wconf 74' lang='grc' dir='ltr'>δίδωμι</span> <span class='ocrx_word' id='word_1_10' title='bbox 560 530 693 601; x_wconf 81' lang='grc' dir='ltr'>ὑμῖν</span> <span class='ocrx_word' id='word_1_11' title='bbox 720 529 967 602; x_wconf 78' lang='grc' dir='ltr'><strong>εἰρήνην,</strong></span> <span class='ocrx_word' id='word_1_12' title='bbox 1000 547 1019 582; x_wconf 71' lang='grc' dir='ltr'><strong>ι</strong></span> <span class='ocrx_word' id='word_1_13' title='bbox 1060 528 1160 599; x_wconf 79' lang='grc' dir='ltr'>οὐχ</span> <span class='ocrx_word' id='word_1_14' title='bbox 1204 527 1414 593; x_wconf 77' lang='grc' dir='ltr'>ἁπλῶς,</span> <span class='ocrx_word' id='word_1_15' title='bbox 1442 526 1557 582; x_wconf 84' lang='grc' dir='ltr'>ἀλλ’</span> <span class='ocrx_word' id='word_1_16' title='bbox 1594 545 1613 579; x_wconf 83' lang='grc' dir='ltr'><strong>ι</strong></span> <span class='ocrx_word' id='word_1_17' title='bbox 1638 526 1863 598; x_wconf 77' lang='grc' dir='ltr'><strong>εἰρήνην</strong></span> 
     </span>
    </p>
   </div>
   <div class='ocr_carea' id='block_1_5' title="bbox 1973 519 3547 602">
    <p class='ocr_par' dir='ltr' id='par_1_5' title="bbox 1973 519 3547 593">
     <span class='ocr_line' id='line_1_5' title="bbox 1973 519 3547 593; baseline 0.004 -15"><span class='ocrx_word' id='word_1_18' title='bbox 1973 522 2109 578; x_wconf 84' lang='lat' dir='ltr'><strong>nihil</strong></span> <span class='ocrx_word' id='word_1_19' title='bbox 2139 522 2289 578; x_wconf 83' lang='lat' dir='ltr'><strong>aliud</strong></span> <span class='ocrx_word' id='word_1_20' title='bbox 2323 528 2409 577; x_wconf 91' lang='lat' dir='ltr'><strong>est</strong></span> <span class='ocrx_word' id='word_1_21' title='bbox 2454 534 2644 593; x_wconf 88' lang='lat' dir='ltr'><strong>quam,</strong></span> <span class='ocrx_word' id='word_1_22' title='bbox 2672 520 2822 577; x_wconf 84' lang='lat' dir='ltr'><strong>Dabo</strong></span> <span class='ocrx_word' id='word_1_23' title='bbox 2853 519 3148 592; x_wconf 89' lang='lat' dir='ltr'><strong>Spiritum,</strong></span> <span class='ocrx_word' id='word_1_24' title='bbox 3176 531 3229 578; x_wconf 90' lang='lat' dir='ltr'><strong>et</strong></span> <span class='ocrx_word' id='word_1_25' title='bbox 3272 522 3439 580; x_wconf 86' lang='lat' dir='ltr'><strong>adero</strong></span> <span class='ocrx_word' id='word_1_26' title='bbox 3465 528 3547 584; x_wconf 73' lang='lat' dir='ltr'><strong>eis</strong></span> 
     </span>
    </p>
   </div>
   <div class='ocr_carea' id='block_1_6' title="bbox 267 615 1864 694">
    <p class='ocr_par' dir='ltr' id='par_1_6' title="bbox 267 615 1864 694">
     <span class='ocr_line' id='line_1_6' title="bbox 267 615 1864 694; baseline -0.006 -16"><span class='ocrx_word' id='word_1_27' title='bbox 267 621 369 694; x_wconf 78' lang='grc' dir='ltr'><strong>τήν</strong></span> <span class='ocrx_word' id='word_1_28' title='bbox 398 623 564 692; x_wconf 74' lang='grc' dir='ltr'>ἐμήν.</span> <span class='ocrx_word' id='word_1_29' title='bbox 616 639 634 673; x_wconf 73' lang='grc' dir='ltr'><strong>ι</strong></span> <span class='ocrx_word' id='word_1_30' title='bbox 679 620 852 675; x_wconf 85' lang='grc' dir='ltr'>Τοῦτο</span> <span class='ocrx_word' id='word_1_31' title='bbox 887 619 946 673; x_wconf 78' lang='grc' dir='ltr'><strong>δὲ,</strong></span> <span class='ocrx_word' id='word_1_32' title='bbox 978 615 1049 692; x_wconf 80' lang='grc' dir='ltr'>ἦν</span> <span class='ocrx_word' id='word_1_33' title='bbox 1081 618 1325 691; x_wconf 77' lang='grc' dir='ltr'><strong>ἐναργῶς</strong></span> <span class='ocrx_word' id='word_1_34' title='bbox 1365 618 1517 672; x_wconf 77' lang='grc' dir='ltr'>οὐδὲν</span> <span class='ocrx_word' id='word_1_35' title='bbox 1554 617 1743 689; x_wconf 68' lang='grc' dir='ltr'>ἕτερον</span> <span class='ocrx_word' id='word_1_36' title='bbox 1785 617 1864 669; x_wconf 84' lang='grc' dir='ltr'>εἰ-</span> 
     </span>
    </p>
   </div>
   <div class='ocr_carea' id='block_1_7' title="bbox 275 709 1859 787">
    <p class='ocr_par' dir='ltr' id='par_1_7' title="bbox 275 709 1859 787">
     <span class='ocr_line' id='line_1_7' title="bbox 275 709 1859 787; baseline -0.004 -18"><span class='ocrx_word' id='word_1_37' title='bbox 275 718 418 780; x_wconf 83' lang='grc' dir='ltr'>πεῖν,</span> <span class='ocrx_word' id='word_1_38' title='bbox 447 715 483 786; x_wconf 76' lang='grc' dir='ltr'>ἦ</span> <span class='ocrx_word' id='word_1_39' title='bbox 514 716 596 769; x_wconf 82' lang='grc' dir='ltr'>ὅτι</span> <span class='ocrx_word' id='word_1_40' title='bbox 625 714 933 787; x_wconf 75' lang='grc' dir='ltr'>Χορηγήσω</span> <span class='ocrx_word' id='word_1_41' title='bbox 957 713 1019 767; x_wconf 80' lang='grc' dir='ltr'><strong>τὸ</strong></span> <span class='ocrx_word' id='word_1_42' title='bbox 1049 711 1293 783; x_wconf 80' lang='grc' dir='ltr'><strong>Πνεῦμα,</strong></span> <span class='ocrx_word' id='word_1_43' title='bbox 1328 711 1424 765; x_wconf 81' lang='grc' dir='ltr'><strong>καί</strong></span> <span class='ocrx_word' id='word_1_44' title='bbox 1465 710 1763 781; x_wconf 87' lang='grc' dir='ltr'>συνέσομαι</span> <span class='ocrx_word' id='word_1_45' title='bbox 1794 709 1859 762; x_wconf 86' lang='grc' dir='ltr'>δι’</span> 
     </span>
    </p>
   </div>
   <div class='ocr_carea' id='block_1_8' title="bbox 273 803 1863 877">
    <p class='ocr_par' dir='ltr' id='par_1_8' title="bbox 273 803 1863 877">
     <span class='ocr_line' id='line_1_8' title="bbox 273 803 1863 877; baseline -0.004 -16"><span class='ocrx_word' id='word_1_46' title='bbox 273 807 513 876; x_wconf 77' lang='grc' dir='ltr'><strong>ἐμαυτοῦ</strong></span> <span class='ocrx_word' id='word_1_47' title='bbox 560 810 673 870; x_wconf 89' lang='grc' dir='ltr'>τοῖς</span> <span class='ocrx_word' id='word_1_48' title='bbox 716 806 1026 877; x_wconf 79' lang='grc' dir='ltr'><strong>δεχομένοις</strong></span> <span class='ocrx_word' id='word_1_49' title='bbox 1073 805 1226 859; x_wconf 82' lang='grc' dir='ltr'>αὐτό.</span> <span class='ocrx_word' id='word_1_50' title='bbox 1276 805 1400 857; x_wconf 85' lang='grc' dir='ltr'>’Ότι</span> <span class='ocrx_word' id='word_1_51' title='bbox 1444 803 1554 874; x_wconf 86' lang='grc' dir='ltr'>γὰρ</span> <span class='ocrx_word' id='word_1_52' title='bbox 1596 804 1630 872; x_wconf 91' lang='grc' dir='ltr'><strong>ή</strong></span> <span class='ocrx_word' id='word_1_53' title='bbox 1671 803 1863 873; x_wconf 88' lang='grc' dir='ltr'>εἰρήνη</span> 
     </span>
    </p>
   </div>
   <div class='ocr_carea' id='block_1_9' title="bbox 271 891 1865 969">
    <p class='ocr_par' dir='ltr' id='par_1_9' title="bbox 271 891 1865 969">
     <span class='ocr_line' id='line_1_9' title="bbox 271 891 1865 969; baseline -0.005 -15"><span class='ocrx_word' id='word_1_54' title='bbox 271 898 514 968; x_wconf 79' lang='grc' dir='ltr'>Χριστοῦ</span> <span class='ocrx_word' id='word_1_55' title='bbox 548 897 610 953; x_wconf 78' lang='grc' dir='ltr'>τὸ</span> <span class='ocrx_word' id='word_1_56' title='bbox 642 896 868 969; x_wconf 87' lang='grc' dir='ltr'>Πνεῦμά</span> <span class='ocrx_word' id='word_1_57' title='bbox 900 897 1051 950; x_wconf 79' lang='grc' dir='ltr'>ἐστιν</span> <span class='ocrx_word' id='word_1_58' title='bbox 1085 895 1277 962; x_wconf 83' lang='grc' dir='ltr'>αὐτοῦ,</span> <span class='ocrx_word' id='word_1_59' title='bbox 1314 893 1524 966; x_wconf 89' lang='grc' dir='ltr'>μακροῦ</span> <span class='ocrx_word' id='word_1_60' title='bbox 1568 893 1669 964; x_wconf 78' lang='grc' dir='ltr'>μὲν</span> <span class='ocrx_word' id='word_1_61' title='bbox 1709 891 1865 964; x_wconf 76' lang='grc' dir='ltr'>οἶμαι</span> 
     </span>
    </p>
   </div>
   <div class='ocr_carea' id='block_1_10' title="bbox 275 986 1863 1062">
    <p class='ocr_par' dir='ltr' id='par_1_10' title="bbox 275 986 1863 1062">
     <span class='ocr_line' id='line_1_10' title="bbox 275 986 1863 1062; baseline -0.003 -16"><span class='ocrx_word' id='word_1_62' title='bbox 275 991 346 1062; x_wconf 78' lang='grc' dir='ltr'>μὴ</span> <span class='ocrx_word' id='word_1_63' title='bbox 376 992 592 1046; x_wconf 82' lang='grc' dir='ltr'>δεῖσθαι</span> <span class='ocrx_word' id='word_1_64' title='bbox 623 990 786 1061; x_wconf 84' lang='grc' dir='ltr'>λόγου</span> <span class='ocrx_word' id='word_1_65' title='bbox 836 990 975 1062; x_wconf 81' lang='grc' dir='ltr'>πρὸς</span> <span class='ocrx_word' id='word_1_66' title='bbox 1027 988 1402 1060; x_wconf 79' lang='grc' dir='ltr'>πληροφορίαν</span> <span class='ocrx_word' id='word_1_67' title='bbox 1439 987 1535 1041; x_wconf 74' lang='grc' dir='ltr'><strong>καί</strong></span> <span class='ocrx_word' id='word_1_68' title='bbox 1564 986 1863 1051; x_wconf 83' lang='grc' dir='ltr'>ἀπόδειξιν.</span> 
     </span>
    </p>
   </div>
   <div class='ocr_carea' id='block_1_11' title="bbox 273 1077 1864 1155">
    <p class='ocr_par' dir='ltr' id='par_1_11' title="bbox 273 1077 1864 1155">
     <span class='ocr_line' id='line_1_11' title="bbox 273 1077 1864 1155; baseline -0.005 -16"><span class='ocrx_word' id='word_1_69' title='bbox 273 1084 422 1155; x_wconf 74' lang='grc' dir='ltr'>Πλὴν</span> <span class='ocrx_word' id='word_1_70' title='bbox 459 1085 644 1137; x_wconf 77' lang='grc' dir='ltr'>ἐκεῖνο</span> <span class='ocrx_word' id='word_1_71' title='bbox 675 1084 843 1154; x_wconf 81' lang='grc' dir='ltr'>φάναι</span> <span class='ocrx_word' id='word_1_72' title='bbox 883 1083 993 1136; x_wconf 83' lang='grc' dir='ltr'>δεῖν</span> <span class='ocrx_word' id='word_1_73' title='bbox 1024 1080 1413 1151; x_wconf 78' lang='grc' dir='ltr'>ὑπολαμϐάνω.</span> <span class='ocrx_word' id='word_1_74' title='bbox 1470 1081 1534 1133; x_wconf 87' lang='grc' dir='ltr'>Εἰ</span> <span class='ocrx_word' id='word_1_75' title='bbox 1564 1077 1676 1151; x_wconf 81' lang='grc' dir='ltr'>γὰρ</span> <span class='ocrx_word' id='word_1_76' title='bbox 1702 1078 1864 1143; x_wconf 83' lang='grc' dir='ltr'>αὐτός</span> 
     </span>
    </p>
   </div>
   <div class='ocr_carea' id='block_1_12' title="bbox 271 1168 1866 1247">
    <p class='ocr_par' dir='ltr' id='par_1_12' title="bbox 271 1168 1866 1247">
     <span class='ocr_line' id='line_1_12' title="bbox 271 1168 1866 1247; baseline -0.005 -19"><span class='ocrx_word' id='word_1_77' title='bbox 271 1177 423 1229; x_wconf 72' lang='grc' dir='ltr'>ἐστιν</span> <span class='ocrx_word' id='word_1_78' title='bbox 447 1177 483 1247; x_wconf 87' lang='grc' dir='ltr'><strong>ή</strong></span> <span class='ocrx_word' id='word_1_79' title='bbox 509 1177 569 1229; x_wconf 80' lang='grc' dir='ltr'>ἐν</span> <span class='ocrx_word' id='word_1_80' title='bbox 588 1176 704 1238; x_wconf 88' lang='grc' dir='ltr'>τοῖς</span> <span class='ocrx_word' id='word_1_81' title='bbox 728 1175 978 1246; x_wconf 79' lang='grc' dir='ltr'>οὐρανοῖς</span> <span class='ocrx_word' id='word_1_82' title='bbox 1000 1173 1193 1244; x_wconf 88' lang='grc' dir='ltr'>εἰρήνη</span> <span class='ocrx_word' id='word_1_83' title='bbox 1221 1172 1319 1224; x_wconf 75' lang='grc' dir='ltr'><strong>καὶ</strong></span> <span class='ocrx_word' id='word_1_84' title='bbox 1346 1172 1438 1224; x_wconf 76' lang='grc' dir='ltr'><strong>ἐπὶ</strong></span> <span class='ocrx_word' id='word_1_85' title='bbox 1467 1169 1568 1239; x_wconf 83' lang='grc' dir='ltr'>τῆς</span> <span class='ocrx_word' id='word_1_86' title='bbox 1595 1171 1720 1240; x_wconf 83' lang='grc' dir='ltr'>γῆς,</span> <span class='ocrx_word' id='word_1_87' title='bbox 1748 1168 1866 1232; x_wconf 86' lang='grc' dir='ltr'>πῶς</span> 
     </span>
    </p>
   </div>
   <div class='ocr_carea' id='block_1_13' title="bbox 270 1260 1865 1337">
    <p class='ocr_par' dir='ltr' id='par_1_13' title="bbox 270 1260 1865 1337">
     <span class='ocr_line' id='line_1_13' title="bbox 270 1260 1865 1337; baseline -0.004 -18"><span class='ocrx_word' id='word_1_88' title='bbox 270 1267 370 1319; x_wconf 71' lang='grc' dir='ltr'><strong>οὐκ</strong></span> <span class='ocrx_word' id='word_1_89' title='bbox 400 1266 468 1321; x_wconf 71' lang='grc' dir='ltr'><strong>ἂν</strong></span> <span class='ocrx_word' id='word_1_90' title='bbox 503 1265 590 1337; x_wconf 82' lang='grc' dir='ltr'><strong>εἰη</strong></span> <span class='ocrx_word' id='word_1_91' title='bbox 622 1266 811 1320; x_wconf 85' lang='grc' dir='ltr'>λοιπὸν</span> <span class='ocrx_word' id='word_1_92' title='bbox 842 1263 1005 1321; x_wconf 88' lang='grc' dir='ltr'>παντί</span> <span class='ocrx_word' id='word_1_93' title='bbox 1048 1281 1128 1333; x_wconf 86' lang='grc' dir='ltr'>τῳ</span> <span class='ocrx_word' id='word_1_94' title='bbox 1159 1262 1331 1333; x_wconf 73' lang='grc' dir='ltr'>σαφὲς</span> <span class='ocrx_word' id='word_1_95' title='bbox 1356 1262 1459 1323; x_wconf 81' lang='grc' dir='ltr'>ὅτι.</span> <span class='ocrx_word' id='word_1_96' title='bbox 1500 1260 1752 1333; x_wconf 81' lang='grc' dir='ltr'>καθάπερ</span> <span class='ocrx_word' id='word_1_97' title='bbox 1786 1261 1865 1313; x_wconf 86' lang='grc' dir='ltr'><strong>εἱ-</strong></span> 
     </span>
    </p>
   </div>
   <div class='ocr_carea' id='block_1_14' title="bbox 274 1353 1868 1430">
    <p class='ocr_par' dir='ltr' id='par_1_14' title="bbox 274 1353 1868 1430">
     <span class='ocr_line' id='line_1_14' title="bbox 274 1353 1868 1430; baseline -0.004 -18"><span class='ocrx_word' id='word_1_98' title='bbox 274 1359 552 1430; x_wconf 85' lang='grc' dir='ltr'>ρήκαμεν,</span> <span class='ocrx_word' id='word_1_99' title='bbox 588 1359 621 1428; x_wconf 86' lang='grc' dir='ltr'><strong>ἡ</strong></span> <span class='ocrx_word' id='word_1_100' title='bbox 657 1358 849 1429; x_wconf 83' lang='grc' dir='ltr'>εἰρήνη</span> <span class='ocrx_word' id='word_1_101' title='bbox 891 1356 957 1428; x_wconf 85' lang='grc' dir='ltr'>δὴ</span> <span class='ocrx_word' id='word_1_102' title='bbox 992 1355 1210 1418; x_wconf 87' lang='grc' dir='ltr'>πάντως</span> <span class='ocrx_word' id='word_1_103' title='bbox 1254 1355 1370 1408; x_wconf 79' lang='grc' dir='ltr'><strong>εστί</strong></span> <span class='ocrx_word' id='word_1_104' title='bbox 1415 1353 1479 1407; x_wconf 82' lang='grc' dir='ltr'><strong>τὸ</strong></span> <span class='ocrx_word' id='word_1_105' title='bbox 1507 1353 1734 1423; x_wconf 78' lang='grc' dir='ltr'>Πνεῦμα</span> <span class='ocrx_word' id='word_1_106' title='bbox 1768 1353 1868 1407; x_wconf 86' lang='grc' dir='ltr'><strong>αὑ-</strong></span> 
     </span>
    </p>
   </div>
   <div class='ocr_carea' id='block_1_15' title="bbox 267 1443 1862 1519">
    <p class='ocr_par' dir='ltr' id='par_1_15' title="bbox 267 1443 1862 1519">
     <span class='ocr_line' id='line_1_15' title="bbox 267 1443 1862 1519; baseline -0.003 -18"><span class='ocrx_word' id='word_1_107' title='bbox 267 1448 365 1502; x_wconf 87' lang='grc' dir='ltr'><strong>τοῦ</strong></span> <span class='ocrx_word' id='word_1_108' title='bbox 388 1465 406 1513; x_wconf 88' lang='lat'><strong>;</strong></span> <span class='ocrx_word' id='word_1_109' title='bbox 451 1450 563 1503; x_wconf 69' lang='grc' dir='ltr'><strong>Καὶ</strong></span> <span class='ocrx_word' id='word_1_110' title='bbox 590 1448 725 1519; x_wconf 82' lang='grc' dir='ltr'>γοῦν</span> <span class='ocrx_word' id='word_1_111' title='bbox 758 1451 787 1502; x_wconf 98' lang='lat'><strong>6</strong></span> <span class='ocrx_word' id='word_1_112' title='bbox 814 1448 1103 1511; x_wconf 80' lang='grc' dir='ltr'>Θεσπέσιος</span> <span class='ocrx_word' id='word_1_113' title='bbox 1138 1445 1353 1510; x_wconf 78' lang='grc' dir='ltr'><strong>Παῦλος</strong></span> <span class='ocrx_word' id='word_1_114' title='bbox 1380 1446 1518 1518; x_wconf 88' lang='grc' dir='ltr'>πρός</span> <span class='ocrx_word' id='word_1_115' title='bbox 1545 1462 1699 1509; x_wconf 90' lang='grc' dir='ltr'>τινας</span> <span class='ocrx_word' id='word_1_116' title='bbox 1722 1443 1827 1516; x_wconf 77' lang='grc' dir='ltr'>ἔφη</span> <span class='ocrx_word' id='word_1_117' title='bbox 1848 1462 1862 1476; x_wconf 91' lang='grc'><strong>·</strong></span> 
     </span>
    </p>
   </div>
   <div class='ocr_carea' id='block_1_16' title="bbox 273 1537 1865 1613">
    <p class='ocr_par' dir='ltr' id='par_1_16' title="bbox 273 1537 1865 1613">
     <span class='ocr_line' id='line_1_16' title="bbox 273 1537 1865 1613; baseline -0.001 -21"><span class='ocrx_word' id='word_1_118' title='bbox 273 1561 294 1592; x_wconf 76' lang='grc' dir='ltr'>«ι</span> <span class='ocrx_word' id='word_1_119' title='bbox 315 1542 433 1597; x_wconf 70' lang='grc' dir='ltr'>Καὶ</span> <span class='ocrx_word' id='word_1_120' title='bbox 458 1544 492 1612; x_wconf 90' lang='grc' dir='ltr'><strong>ή</strong></span> <span class='ocrx_word' id='word_1_121' title='bbox 524 1542 717 1613; x_wconf 78' lang='grc' dir='ltr'>εἰρήνη</span> <span class='ocrx_word' id='word_1_122' title='bbox 747 1538 841 1594; x_wconf 90' lang='grc' dir='ltr'><strong>τοῦ</strong></span> <span class='ocrx_word' id='word_1_123' title='bbox 873 1537 1030 1607; x_wconf 85' lang='grc' dir='ltr'>Θεοῦ,</span> <span class='ocrx_word' id='word_1_124' title='bbox 1062 1541 1096 1611; x_wconf 84' lang='grc' dir='ltr'>ἠ</span> <span class='ocrx_word' id='word_1_125' title='bbox 1131 1539 1474 1611; x_wconf 83' lang='grc' dir='ltr'>ὑπερέχουσα</span> <span class='ocrx_word' id='word_1_126' title='bbox 1502 1538 1683 1593; x_wconf 85' lang='grc' dir='ltr'>πάντα</span> <span class='ocrx_word' id='word_1_127' title='bbox 1717 1538 1865 1605; x_wconf 86' lang='grc' dir='ltr'>νοῦν,</span> 
     </span>
    </p>
   </div>
   <div class='ocr_carea' id='block_1_17' title="bbox 152 1629 1858 1707">
    <p class='ocr_par' dir='ltr' id='par_1_17' title="bbox 152 1629 1858 1707">
     <span class='ocr_line' id='line_1_17' title="bbox 152 1629 1858 1707; baseline -0.004 -18"><span class='ocrx_word' id='word_1_128' title='bbox 152 1700 157 1703; x_wconf 23' lang='grc' dir='ltr'><em>ι</em></span> <span class='ocrx_word' id='word_1_129' title='bbox 268 1634 566 1707; x_wconf 80' lang='grc' dir='ltr'>φρουρήσῃ</span> <span class='ocrx_word' id='word_1_130' title='bbox 597 1633 699 1697; x_wconf 81' lang='grc' dir='ltr'><strong>τάς</strong></span> <span class='ocrx_word' id='word_1_131' title='bbox 723 1632 953 1705; x_wconf 83' lang='grc' dir='ltr'>καρδίας</span> <span class='ocrx_word' id='word_1_132' title='bbox 978 1631 1135 1703; x_wconf 82' lang='grc' dir='ltr'>ὑμῶν</span> <span class='ocrx_word' id='word_1_133' title='bbox 1159 1632 1255 1686; x_wconf 75' lang='grc' dir='ltr'><strong>καὶ</strong></span> <span class='ocrx_word' id='word_1_134' title='bbox 1279 1630 1347 1685; x_wconf 77' lang='grc' dir='ltr'>τὰ</span> <span class='ocrx_word' id='word_1_135' title='bbox 1367 1631 1613 1703; x_wconf 74' lang='grc' dir='ltr'>νοήματα</span> <span class='ocrx_word' id='word_1_136' title='bbox 1636 1631 1666 1684; x_wconf 83' lang='grc' dir='ltr'>ὑ</span> <span class='ocrx_word' id='word_1_137' title='bbox 1675 1629 1814 1701; x_wconf 83' lang='grc' dir='ltr'>μῶν.</span> <span class='ocrx_word' id='word_1_138' title='bbox 1839 1649 1858 1683; x_wconf 74' lang='grc' dir='ltr'><strong>ι</strong></span> 
     </span>
    </p>
   </div>
   <div class='ocr_carea' id='block_1_18' title="bbox 267 1721 1868 1795">
    <p class='ocr_par' dir='ltr' id='par_1_18' title="bbox 267 1721 1868 1795">
     <span class='ocr_line' id='line_1_18' title="bbox 267 1721 1868 1795; baseline -0.003 -14"><span class='ocrx_word' id='word_1_139' title='bbox 267 1726 471 1781; x_wconf 78' lang='grc' dir='ltr'>Καίτοι</span> <span class='ocrx_word' id='word_1_140' title='bbox 504 1724 623 1787; x_wconf 75' lang='grc' dir='ltr'><strong>πῶς</strong></span> <span class='ocrx_word' id='word_1_141' title='bbox 657 1725 720 1778; x_wconf 84' lang='grc' dir='ltr'><strong>οὐ</strong></span> <span class='ocrx_word' id='word_1_142' title='bbox 751 1724 959 1778; x_wconf 87' lang='grc' dir='ltr'>δίκαιον</span> <span class='ocrx_word' id='word_1_143' title='bbox 989 1724 1215 1789; x_wconf 72' lang='grc' dir='ltr'>ἐννοεῖν,</span> <span class='ocrx_word' id='word_1_144' title='bbox 1259 1721 1336 1787; x_wconf 83' lang='grc' dir='ltr'><strong>ὡς</strong></span> <span class='ocrx_word' id='word_1_145' title='bbox 1376 1722 1441 1776; x_wconf 76' lang='grc' dir='ltr'><strong>οῦ</strong></span> <span class='ocrx_word' id='word_1_146' title='bbox 1472 1722 1601 1795; x_wconf 77' lang='grc' dir='ltr'>περὶ</span> <span class='ocrx_word' id='word_1_147' title='bbox 1633 1722 1868 1793; x_wconf 85' lang='grc' dir='ltr'>ταυτησί</span> 
     </span>
    </p>
   </div>
   <div class='ocr_carea' id='block_1_19' title="bbox 265 1814 1866 1890">
    <p class='ocr_par' dir='ltr' id='par_1_19' title="bbox 265 1814 1866 1890">
     <span class='ocr_line' id='line_1_19' title="bbox 265 1814 1866 1890; baseline -0.002 -19"><span class='ocrx_word' id='word_1_148' title='bbox 265 1818 372 1889; x_wconf 82' lang='grc' dir='ltr'>τῆς</span> <span class='ocrx_word' id='word_1_149' title='bbox 401 1817 628 1890; x_wconf 85' lang='grc' dir='ltr'>εἰρήνης</span> <span class='ocrx_word' id='word_1_150' title='bbox 659 1817 760 1889; x_wconf 83' lang='grc' dir='ltr'>τῆς</span> <span class='ocrx_word' id='word_1_151' title='bbox 797 1819 856 1871; x_wconf 81' lang='grc' dir='ltr'><strong>έν</strong></span> <span class='ocrx_word' id='word_1_152' title='bbox 882 1815 961 1888; x_wconf 83' lang='grc' dir='ltr'>τῷ</span> <span class='ocrx_word' id='word_1_153' title='bbox 992 1815 1161 1887; x_wconf 77' lang='grc' dir='ltr'>κοινῷ</span> <span class='ocrx_word' id='word_1_154' title='bbox 1181 1816 1482 1888; x_wconf 77' lang='grc' dir='ltr'>νοουμένης</span> <span class='ocrx_word' id='word_1_155' title='bbox 1503 1814 1648 1887; x_wconf 83' lang='grc' dir='ltr'>λόγῳ</span> <span class='ocrx_word' id='word_1_156' title='bbox 1679 1832 1741 1869; x_wconf 90' lang='grc' dir='ltr'><strong>τε</strong></span> <span class='ocrx_word' id='word_1_157' title='bbox 1771 1815 1866 1869; x_wconf 84' lang='grc' dir='ltr'><strong>καί</strong></span> 
     </span>
    </p>
   </div>
   <div class='ocr_carea' id='block_1_20' title="bbox 268 1906 1864 1979">
    <p class='ocr_par' dir='ltr' id='par_1_20' title="bbox 268 1906 1864 1979">
     <span class='ocr_line' id='line_1_20' title="bbox 268 1906 1864 1979; baseline -0.001 -18"><span class='ocrx_word' id='word_1_158' title='bbox 268 1908 569 1979; x_wconf 74' lang='grc' dir='ltr'>πράγματι</span> <span class='ocrx_word' id='word_1_159' title='bbox 609 1908 679 1962; x_wconf 88' lang='grc' dir='ltr'><strong>τά</strong></span> <span class='ocrx_word' id='word_1_160' title='bbox 708 1906 941 1963; x_wconf 79' lang='grc' dir='ltr'>τοιαῦτᾶ</span> <span class='ocrx_word' id='word_1_161' title='bbox 976 1925 1172 1979; x_wconf 88' lang='grc' dir='ltr'>φησιν;</span> <span class='ocrx_word' id='word_1_162' title='bbox 1228 1908 1295 1973; x_wconf 81' lang='grc' dir='ltr'><strong><em>Ἦ</em></strong></span> <span class='ocrx_word' id='word_1_163' title='bbox 1329 1907 1427 1979; x_wconf 83' lang='grc' dir='ltr'><strong>μὲν</strong></span> <span class='ocrx_word' id='word_1_164' title='bbox 1453 1907 1563 1978; x_wconf 82' lang='grc' dir='ltr'>γὰρ</span> <span class='ocrx_word' id='word_1_165' title='bbox 1591 1906 1864 1979; x_wconf 68' lang='grc' dir='ltr'>ἀφιλόμα-</span> 
     </span>
    </p>
   </div>
   <div class='ocr_carea' id='block_1_21' title="bbox 266 2000 1869 2073">
    <p class='ocr_par' dir='ltr' id='par_1_21' title="bbox 266 2000 1869 2073">
     <span class='ocr_line' id='line_1_21' title="bbox 266 2000 1869 2073; baseline 0 -20"><span class='ocrx_word' id='word_1_166' title='bbox 266 2018 369 2069; x_wconf 72' lang='grc' dir='ltr'><strong>χος</strong></span> <span class='ocrx_word' id='word_1_167' title='bbox 402 2001 502 2054; x_wconf 83' lang='grc' dir='ltr'>καὶ</span> <span class='ocrx_word' id='word_1_168' title='bbox 535 2000 937 2073; x_wconf 80' lang='grc' dir='ltr'>ἀφιλοπόλεμος</span> <span class='ocrx_word' id='word_1_169' title='bbox 979 2001 1113 2068; x_wconf 74' lang='grc' dir='ltr'>ἕξις,</span> <span class='ocrx_word' id='word_1_170' title='bbox 1162 2002 1289 2055; x_wconf 81' lang='grc' dir='ltr'>ὅσον</span> <span class='ocrx_word' id='word_1_171' title='bbox 1320 2002 1378 2054; x_wconf 75' lang='grc' dir='ltr'><strong>εν</strong></span> <span class='ocrx_word' id='word_1_172' title='bbox 1414 2000 1645 2064; x_wconf 80' lang='grc' dir='ltr'>οἰκείαις</span> <span class='ocrx_word' id='word_1_173' title='bbox 1673 2001 1869 2073; x_wconf 76' lang='grc' dir='ltr'>ῥοπαῖς</span> 
     </span>
    </p>
   </div>
   <div class='ocr_carea' id='block_1_22' title="bbox 268 2088 1869 2162">
    <p class='ocr_par' dir='ltr' id='par_1_22' title="bbox 268 2088 1869 2162">
     <span class='ocr_line' id='line_1_22' title="bbox 268 2088 1869 2162; baseline 0.002 -22"><span class='ocrx_word' id='word_1_174' title='bbox 268 2091 370 2143; x_wconf 80' lang='grc' dir='ltr'><strong>καί</strong></span> <span class='ocrx_word' id='word_1_175' title='bbox 418 2090 479 2143; x_wconf 84' lang='grc' dir='ltr'>ὲν</span> <span class='ocrx_word' id='word_1_176' title='bbox 532 2088 751 2160; x_wconf 83' lang='grc' dir='ltr'>θελήσει</span> <span class='ocrx_word' id='word_1_177' title='bbox 800 2092 867 2161; x_wconf 80' lang='grc' dir='ltr'>τῇ</span> <span class='ocrx_word' id='word_1_178' title='bbox 915 2090 1037 2145; x_wconf 80' lang='grc' dir='ltr'>καθ’</span> <span class='ocrx_word' id='word_1_179' title='bbox 1089 2089 1292 2162; x_wconf 78' lang='grc' dir='ltr'>ἑαυτὴν</span> <span class='ocrx_word' id='word_1_180' title='bbox 1335 2089 1562 2162; x_wconf 88' lang='grc' dir='ltr'>εἰρήνην</span> <span class='ocrx_word' id='word_1_181' title='bbox 1612 2088 1726 2160; x_wconf 74' lang='grc' dir='ltr'>ἔχει</span> <span class='ocrx_word' id='word_1_182' title='bbox 1775 2090 1869 2144; x_wconf 79' lang='grc' dir='ltr'><strong>καί</strong></span> 
     </span>
    </p>
   </div>
   <div class='ocr_carea' id='block_1_23' title="bbox 266 2182 1915 2256">
    <p class='ocr_par' dir='ltr' id='par_1_23' title="bbox 266 2182 1915 2256">
     <span class='ocr_line' id='line_1_23' title="bbox 266 2182 1915 2256; baseline 0.001 -21"><span class='ocrx_word' id='word_1_183' title='bbox 266 2182 594 2252; x_wconf 68' lang='grc' dir='ltr'>ἐργάζεται.</span> <span class='ocrx_word' id='word_1_184' title='bbox 649 2182 761 2236; x_wconf 76' lang='grc' dir='ltr'><strong>Καὶ</strong></span> <span class='ocrx_word' id='word_1_185' title='bbox 817 2183 919 2237; x_wconf 78' lang='grc' dir='ltr'><strong>οὐκ</strong></span> <span class='ocrx_word' id='word_1_186' title='bbox 974 2182 1339 2238; x_wconf 76' lang='grc' dir='ltr'>ὲνυπόστατόν</span> <span class='ocrx_word' id='word_1_187' title='bbox 1378 2201 1435 2238; x_wconf 88' lang='grc' dir='ltr'><strong>τι</strong></span> <span class='ocrx_word' id='word_1_188' title='bbox 1472 2183 1567 2239; x_wconf 80' lang='grc' dir='ltr'><strong>καί</strong></span> <span class='ocrx_word' id='word_1_189' title='bbox 1623 2183 1871 2256; x_wconf 79' lang='grc' dir='ltr'>ὑπάρχον</span> <span class='ocrx_word' id='word_1_190' title='bbox 1911 2205 1915 2213; x_wconf 64' lang='grc' dir='ltr'><strong>ν</strong></span> 
     </span>
    </p>
   </div>
   <div class='ocr_carea' id='block_1_24' title="bbox 272 2272 1869 2347">
    <p class='ocr_par' dir='ltr' id='par_1_24' title="bbox 272 2272 1869 2347">
     <span class='ocr_line' id='line_1_24' title="bbox 272 2272 1869 2347; baseline -0.001 -18"><span class='ocrx_word' id='word_1_191' title='bbox 272 2273 426 2339; x_wconf 81' lang='grc' dir='ltr'>ἰδίως</span> <span class='ocrx_word' id='word_1_192' title='bbox 474 2273 781 2346; x_wconf 85' lang='grc' dir='ltr'>οἰησόμεθά</span> <span class='ocrx_word' id='word_1_193' title='bbox 813 2291 943 2329; x_wconf 86' lang='grc' dir='ltr'>ποτε</span> <span class='ocrx_word' id='word_1_194' title='bbox 991 2275 1090 2346; x_wconf 77' lang='grc' dir='ltr'>τὴν</span> <span class='ocrx_word' id='word_1_195' title='bbox 1121 2272 1263 2329; x_wconf 77' lang='grc' dir='ltr'>οὕτω</span> <span class='ocrx_word' id='word_1_196' title='bbox 1291 2274 1591 2346; x_wconf 81' lang='grc' dir='ltr'>νοουμένην</span> <span class='ocrx_word' id='word_1_197' title='bbox 1623 2275 1869 2347; x_wconf 85' lang='grc' dir='ltr'>εἰρήνην,</span> 
     </span>
    </p>
   </div>
   <div class='ocr_carea' id='block_1_25' title="bbox 266 2360 1872 2437">
    <p class='ocr_par' dir='ltr' id='par_1_25' title="bbox 266 2360 1872 2437">
     <span class='ocr_line' id='line_1_25' title="bbox 266 2360 1872 2437; baseline -0.001 -15"><span class='ocrx_word' id='word_1_198' title='bbox 266 2367 390 2422; x_wconf 81' lang='grc' dir='ltr'>ἀλλ’</span> <span class='ocrx_word' id='word_1_199' title='bbox 424 2368 485 2420; x_wconf 76' lang='grc' dir='ltr'>ἑν</span> <span class='ocrx_word' id='word_1_200' title='bbox 534 2366 646 2431; x_wconf 68' lang='grc' dir='ltr'>ἔξει</span> <span class='ocrx_word' id='word_1_201' title='bbox 691 2369 758 2437; x_wconf 78' lang='grc' dir='ltr'>τῇ</span> <span class='ocrx_word' id='word_1_202' title='bbox 793 2366 905 2420; x_wconf 86' lang='grc' dir='ltr'>τῶν</span> <span class='ocrx_word' id='word_1_203' title='bbox 952 2360 1294 2433; x_wconf 73' lang='grc' dir='ltr'>ἀγαπώντων</span> <span class='ocrx_word' id='word_1_204' title='bbox 1337 2365 1506 2437; x_wconf 75' lang='grc' dir='ltr'>αὐτὴν</span> <span class='ocrx_word' id='word_1_205' title='bbox 1551 2364 1872 2437; x_wconf 76' lang='grc' dir='ltr'>συμϐαίνειν</span> 
     </span>
    </p>
   </div>
   <div class='ocr_carea' id='block_1_26' title="bbox 267 2454 1872 2531">
    <p class='ocr_par' dir='ltr' id='par_1_26' title="bbox 267 2454 1872 2531">
     <span class='ocr_line' id='line_1_26' title="bbox 267 2454 1872 2531; baseline 0 -17"><span class='ocrx_word' id='word_1_206' title='bbox 267 2460 677 2531; x_wconf 79' lang='grc' dir='ltr'>ὑπονοήσομεν.</span> <span class='ocrx_word' id='word_1_207' title='bbox 711 2459 837 2524; x_wconf 83' lang='grc' dir='ltr'><strong>Πῶς</strong></span> <span class='ocrx_word' id='word_1_208' title='bbox 862 2454 956 2513; x_wconf 85' lang='grc' dir='ltr'><strong>οῦν</strong></span> <span class='ocrx_word' id='word_1_209' title='bbox 986 2459 1094 2531; x_wconf 78' lang='grc' dir='ltr'><strong>ἄρα</strong></span> <span class='ocrx_word' id='word_1_210' title='bbox 1122 2460 1312 2531; x_wconf 85' lang='grc' dir='ltr'>νοήσαι</span> <span class='ocrx_word' id='word_1_211' title='bbox 1335 2476 1421 2523; x_wconf 90' lang='grc' dir='ltr'><strong>τις</strong></span> <span class='ocrx_word' id='word_1_212' title='bbox 1445 2458 1512 2513; x_wconf 82' lang='grc' dir='ltr'><strong>ἂν</strong></span> <span class='ocrx_word' id='word_1_213' title='bbox 1542 2458 1721 2514; x_wconf 88' lang='grc' dir='ltr'>πάντα</span> <span class='ocrx_word' id='word_1_214' title='bbox 1745 2458 1872 2514; x_wconf 86' lang='grc' dir='ltr'>νοῦν</span> 
     </span>
    </p>
   </div>
   <div class='ocr_carea' id='block_1_27' title="bbox 267 2551 1869 2625">
    <p class='ocr_par' dir='ltr' id='par_1_27' title="bbox 267 2551 1869 2625">
     <span class='ocr_line' id='line_1_27' title="bbox 267 2551 1869 2625; baseline 0 -19"><span class='ocrx_word' id='word_1_215' title='bbox 267 2552 571 2624; x_wconf 80' lang='grc' dir='ltr'>ὑπερέχειν</span> <span class='ocrx_word' id='word_1_216' title='bbox 619 2553 719 2623; x_wconf 79' lang='grc' dir='ltr'><strong>τήν</strong></span> <span class='ocrx_word' id='word_1_217' title='bbox 763 2552 1023 2625; x_wconf 74' lang='grc' dir='ltr'>τοιαύτην</span> <span class='ocrx_word' id='word_1_218' title='bbox 1067 2554 1328 2625; x_wconf 89' lang='grc' dir='ltr'>εἰρήνην;</span> <span class='ocrx_word' id='word_1_219' title='bbox 1385 2551 1458 2606; x_wconf 83' lang='grc' dir='ltr'>Τὸ</span> <span class='ocrx_word' id='word_1_220' title='bbox 1502 2552 1613 2625; x_wconf 80' lang='grc' dir='ltr'>γὰρ</span> <span class='ocrx_word' id='word_1_221' title='bbox 1645 2552 1869 2625; x_wconf 79' lang='grc' dir='ltr'>μηδαμῆ</span> 
     </span>
    </p>
   </div>
   <div class='ocr_carea' id='block_1_28' title="bbox 274 2644 1871 2717">
    <p class='ocr_par' dir='ltr' id='par_1_28' title="bbox 274 2644 1871 2717">
     <span class='ocr_line' id='line_1_28' title="bbox 274 2644 1871 2717; baseline 0 -19"><span class='ocrx_word' id='word_1_222' title='bbox 274 2645 552 2717; x_wconf 82' lang='grc' dir='ltr'>μηδαμῶς</span> <span class='ocrx_word' id='word_1_223' title='bbox 610 2645 671 2700; x_wconf 78' lang='grc' dir='ltr'>ὃν</span> <span class='ocrx_word' id='word_1_224' title='bbox 726 2645 853 2700; x_wconf 76' lang='grc' dir='ltr'>κατ’</span> <span class='ocrx_word' id='word_1_225' title='bbox 899 2645 1039 2700; x_wconf 87' lang='grc' dir='ltr'>ἰδίαν</span> <span class='ocrx_word' id='word_1_226' title='bbox 1104 2645 1372 2716; x_wconf 75' lang='grc' dir='ltr'>ὕπαρξιν,</span> <span class='ocrx_word' id='word_1_227' title='bbox 1420 2644 1540 2709; x_wconf 86' lang='grc' dir='ltr'>πῶς</span> <span class='ocrx_word' id='word_1_228' title='bbox 1580 2644 1646 2701; x_wconf 83' lang='grc' dir='ltr'><strong>ἂν</strong></span> <span class='ocrx_word' id='word_1_229' title='bbox 1697 2646 1871 2700; x_wconf 83' lang='grc' dir='ltr'>νοοῖτο</span> 
     </span>
    </p>
   </div>
   <div class='ocr_carea' id='block_1_29' title="bbox 272 2735 1873 2808">
    <p class='ocr_par' dir='ltr' id='par_1_29' title="bbox 272 2735 1873 2808">
     <span class='ocr_line' id='line_1_29' title="bbox 272 2735 1873 2808; baseline -0.001 -17"><span class='ocrx_word' id='word_1_230' title='bbox 272 2737 527 2807; x_wconf 85' lang='grc' dir='ltr'>κρεῖττόν</span> <span class='ocrx_word' id='word_1_231' title='bbox 565 2754 626 2790; x_wconf 89' lang='grc' dir='ltr'><strong>τε</strong></span> <span class='ocrx_word' id='word_1_232' title='bbox 659 2737 751 2790; x_wconf 85' lang='grc' dir='ltr'><strong>καί</strong></span> <span class='ocrx_word' id='word_1_233' title='bbox 786 2737 1007 2808; x_wconf 76' lang='grc' dir='ltr'>ἄμεινον</span> <span class='ocrx_word' id='word_1_234' title='bbox 1052 2735 1355 2807; x_wconf 81' lang='grc' dir='ltr'>ἀνθρώπων</span> <span class='ocrx_word' id='word_1_235' title='bbox 1399 2735 1583 2807; x_wconf 79' lang='grc' dir='ltr'>τυχὸν,</span> <span class='ocrx_word' id='word_1_236' title='bbox 1633 2736 1666 2808; x_wconf 78' lang='grc' dir='ltr'>ἢ</span> <span class='ocrx_word' id='word_1_237' title='bbox 1699 2736 1873 2806; x_wconf 83' lang='grc' dir='ltr'>ἀγγέ-</span> 
     </span>
    </p>
   </div>
   <div class='ocr_carea' id='block_1_30' title="bbox 271 2825 1873 2901">
    <p class='ocr_par' dir='ltr' id='par_1_30' title="bbox 271 2825 1873 2901">
     <span class='ocr_line' id='line_1_30' title="bbox 271 2825 1873 2901; baseline 0.002 -19"><span class='ocrx_word' id='word_1_238' title='bbox 271 2829 405 2895; x_wconf 78' lang='grc' dir='ltr'>λων,</span> <span class='ocrx_word' id='word_1_239' title='bbox 441 2829 481 2901; x_wconf 83' lang='grc' dir='ltr'><strong>ἢ·</strong></span> <span class='ocrx_word' id='word_1_240' title='bbox 508 2829 622 2883; x_wconf 86' lang='grc' dir='ltr'><strong>τῶν</strong></span> <span class='ocrx_word' id='word_1_241' title='bbox 652 2829 735 2883; x_wconf 78' lang='grc' dir='ltr'>ἔτι</span> <span class='ocrx_word' id='word_1_242' title='bbox 764 2829 1024 2901; x_wconf 83' lang='grc' dir='ltr'>προσάνω</span> <span class='ocrx_word' id='word_1_243' title='bbox 1050 2829 1359 2901; x_wconf 83' lang='grc' dir='ltr'>νοουμένων</span> <span class='ocrx_word' id='word_1_244' title='bbox 1384 2846 1399 2894; x_wconf 91' lang='lat'><strong>;</strong></span> <span class='ocrx_word' id='word_1_245' title='bbox 1436 2828 1580 2884; x_wconf 90' lang='grc' dir='ltr'>Νοῦν</span> <span class='ocrx_word' id='word_1_246' title='bbox 1601 2828 1710 2900; x_wconf 83' lang='grc' dir='ltr'>γὰρ</span> <span class='ocrx_word' id='word_1_247' title='bbox 1732 2825 1873 2885; x_wconf 78' lang='grc' dir='ltr'>εῖναι</span> 
     </span>
    </p>
   </div>
   <div class='ocr_carea' id='block_1_31' title="bbox 272 2921 1874 2996">
    <p class='ocr_par' dir='ltr' id='par_1_31' title="bbox 272 2921 1874 2996">
     <span class='ocr_line' id='line_1_31' title="bbox 272 2921 1874 2996; baseline -0.002 -18"><span class='ocrx_word' id='word_1_248' title='bbox 272 2924 368 2978; x_wconf 67' lang='grc' dir='ltr'>καὶ</span> <span class='ocrx_word' id='word_1_249' title='bbox 420 2923 604 2980; x_wconf 89' lang='grc' dir='ltr'>ταῦτά</span> <span class='ocrx_word' id='word_1_250' title='bbox 654 2941 857 2994; x_wconf 88' lang='grc' dir='ltr'>φαμεν.</span> <span class='ocrx_word' id='word_1_251' title='bbox 909 2921 1182 2995; x_wconf 81' lang='grc' dir='ltr'>Οὐκοῦνή</span> <span class='ocrx_word' id='word_1_252' title='bbox 1230 2923 1371 2996; x_wconf 81' lang='grc' dir='ltr'>ὑπὲρ</span> <span class='ocrx_word' id='word_1_253' title='bbox 1413 2922 1632 2994; x_wconf 76' lang='grc' dir='ltr'>Ἀρχὰς,</span> <span class='ocrx_word' id='word_1_254' title='bbox 1665 2923 1699 2993; x_wconf 88' lang='grc' dir='ltr'><strong>ή</strong></span> <span class='ocrx_word' id='word_1_255' title='bbox 1730 2921 1874 2993; x_wconf 80' lang='grc' dir='ltr'>ὑπὲρ</span> 
     </span>
    </p>
   </div>
   <div class='ocr_carea' id='block_1_32' title="bbox 285 3014 1875 3087">
    <p class='ocr_par' dir='ltr' id='par_1_32' title="bbox 285 3014 1875 3087">
     <span class='ocr_line' id='line_1_32' title="bbox 285 3014 1875 3087; baseline -0.002 -17"><span class='ocrx_word' id='word_1_256' title='bbox 285 3014 599 3081; x_wconf 78' lang='grc' dir='ltr'>Ἐξουσίας,</span> <span class='ocrx_word' id='word_1_257' title='bbox 631 3015 665 3085; x_wconf 80' lang='grc' dir='ltr'><strong>ἡ</strong></span> <span class='ocrx_word' id='word_1_258' title='bbox 704 3014 847 3086; x_wconf 77' lang='grc' dir='ltr'>ὑπὲρ</span> <span class='ocrx_word' id='word_1_259' title='bbox 874 3014 1115 3087; x_wconf 87' lang='grc' dir='ltr'>Θρόνους</span> <span class='ocrx_word' id='word_1_260' title='bbox 1142 3015 1176 3086; x_wconf 78' lang='grc' dir='ltr'><strong>ἢ</strong></span> <span class='ocrx_word' id='word_1_261' title='bbox 1208 3016 1577 3087; x_wconf 84' lang='grc' dir='ltr'>Κυριότητας,</span> <span class='ocrx_word' id='word_1_262' title='bbox 1609 3014 1704 3069; x_wconf 87' lang='grc' dir='ltr'><strong>καί</strong></span> <span class='ocrx_word' id='word_1_263' title='bbox 1732 3014 1875 3086; x_wconf 87' lang='grc' dir='ltr'>ὑπὲρ</span> 
     </span>
    </p>
   </div>
   <div class='ocr_carea' id='block_1_33' title="bbox 279 3100 1872 3179">
    <p class='ocr_par' dir='ltr' id='par_1_33' title="bbox 279 3100 1872 3179">
     <span class='ocr_line' id='line_1_33' title="bbox 279 3100 1872 3179; baseline -0.002 -18"><span class='ocrx_word' id='word_1_264' title='bbox 279 3108 456 3161; x_wconf 72' lang='grc' dir='ltr'>πάντα</span> <span class='ocrx_word' id='word_1_265' title='bbox 489 3105 620 3161; x_wconf 87' lang='grc' dir='ltr'>νοῦν</span> <span class='ocrx_word' id='word_1_266' title='bbox 650 3107 866 3178; x_wconf 89' lang='grc' dir='ltr'>εἰρήνη,</span> <span class='ocrx_word' id='word_1_267' title='bbox 896 3106 958 3160; x_wconf 76' lang='grc' dir='ltr'><strong>τὸ</strong></span> <span class='ocrx_word' id='word_1_268' title='bbox 994 3106 1221 3177; x_wconf 86' lang='grc' dir='ltr'>Πνεῦμα</span> <span class='ocrx_word' id='word_1_269' title='bbox 1255 3104 1496 3179; x_wconf 86' lang='grc' dir='ltr'>Χριστοῦ</span> <span class='ocrx_word' id='word_1_270' title='bbox 1529 3107 1670 3170; x_wconf 77' lang='grc' dir='ltr'>ἐστι,</span> <span class='ocrx_word' id='word_1_271' title='bbox 1708 3104 1776 3158; x_wconf 88' lang='grc' dir='ltr'>δι’</span> <span class='ocrx_word' id='word_1_272' title='bbox 1808 3100 1872 3158; x_wconf 79' lang='grc' dir='ltr'><strong>οῦ</strong></span> 
     </span>
    </p>
   </div>
   <div class='ocr_carea' id='block_1_34' title="bbox 277 3197 1943 3299">
    <p class='ocr_par' dir='ltr' id='par_1_34' title="bbox 277 3197 1943 3299">
     <span class='ocr_line' id='line_1_34' title="bbox 277 3197 1943 3299; baseline 0.001 -45"><span class='ocrx_word' id='word_1_273' title='bbox 277 3201 338 3254; x_wconf 68' lang='grc' dir='ltr'>τὰ</span> <span class='ocrx_word' id='word_1_274' title='bbox 370 3199 561 3254; x_wconf 83' lang='grc' dir='ltr'>πάντα</span> <span class='ocrx_word' id='word_1_275' title='bbox 597 3197 676 3270; x_wconf 82' lang='grc' dir='ltr'>τῷ</span> <span class='ocrx_word' id='word_1_276' title='bbox 701 3197 821 3270; x_wconf 87' lang='grc' dir='ltr'><strong>Θεῷ</strong></span> <span class='ocrx_word' id='word_1_277' title='bbox 854 3198 948 3252; x_wconf 78' lang='grc' dir='ltr'><strong>καί</strong></span> <span class='ocrx_word' id='word_1_278' title='bbox 979 3198 1158 3271; x_wconf 85' lang='grc' dir='ltr'>Πατρί</span> <span class='ocrx_word' id='word_1_279' title='bbox 1186 3198 1525 3270; x_wconf 84' lang='grc' dir='ltr'>κατήλλαξεν</span> <span class='ocrx_word' id='word_1_280' title='bbox 1556 3200 1585 3252; x_wconf 91' lang='grc' dir='ltr'><strong>ό</strong></span> <span class='ocrx_word' id='word_1_281' title='bbox 1612 3199 1767 3266; x_wconf 72' lang='grc' dir='ltr'>Υἰδς,</span> <span class='ocrx_word' id='word_1_282' title='bbox 1794 3199 1873 3273; x_wconf 81' lang='grc' dir='ltr'>τῷ</span> <span class='ocrx_word' id='word_1_283' title='bbox 1900 3239 1943 3299; x_wconf 68' lang='lat' dir='ltr'><strong>G</strong></span> 
     </span>
    </p>
   </div>
   <div class='ocr_carea' id='block_1_35' title="bbox 274 3289 1872 3364">
    <p class='ocr_par' dir='ltr' id='par_1_35' title="bbox 274 3289 1872 3364">
     <span class='ocr_line' id='line_1_35' title="bbox 274 3289 1872 3364; baseline 0 -20"><span class='ocrx_word' id='word_1_284' title='bbox 274 3291 342 3346; x_wconf 84' lang='grc' dir='ltr'><strong>τά</strong></span> <span class='ocrx_word' id='word_1_285' title='bbox 373 3291 581 3345; x_wconf 79' lang='grc' dir='ltr'>ἑαυτοῦ</span> <span class='ocrx_word' id='word_1_286' title='bbox 612 3290 791 3345; x_wconf 83' lang='grc' dir='ltr'>θέλειν</span> <span class='ocrx_word' id='word_1_287' title='bbox 820 3290 915 3345; x_wconf 76' lang='grc' dir='ltr'>καὶ</span> <span class='ocrx_word' id='word_1_288' title='bbox 945 3289 1251 3362; x_wconf 83' lang='grc' dir='ltr'>βούλεσθαι,</span> <span class='ocrx_word' id='word_1_289' title='bbox 1292 3291 1435 3343; x_wconf 86' lang='grc' dir='ltr'>νοεῖν</span> <span class='ocrx_word' id='word_1_290' title='bbox 1464 3308 1525 3344; x_wconf 86' lang='grc' dir='ltr'><strong>τε</strong></span> <span class='ocrx_word' id='word_1_291' title='bbox 1569 3291 1663 3346; x_wconf 76' lang='grc' dir='ltr'><strong>καὶ</strong></span> <span class='ocrx_word' id='word_1_292' title='bbox 1697 3291 1872 3364; x_wconf 72' lang='grc' dir='ltr'>πράτι-</span> 
     </span>
    </p>
   </div>
   <div class='ocr_carea' id='block_1_36' title="bbox 274 3380 1873 3455">
    <p class='ocr_par' dir='ltr' id='par_1_36' title="bbox 274 3380 1873 3455">
     <span class='ocr_line' id='line_1_36' title="bbox 274 3380 1873 3455; baseline -0.001 -18"><span class='ocrx_word' id='word_1_293' title='bbox 274 3399 411 3445; x_wconf 84' lang='grc' dir='ltr'>τειν,</span> <span class='ocrx_word' id='word_1_294' title='bbox 449 3381 547 3436; x_wconf 83' lang='grc' dir='ltr'><strong>καί</strong></span> <span class='ocrx_word' id='word_1_295' title='bbox 583 3382 661 3455; x_wconf 79' lang='grc' dir='ltr'>μὴ</span> <span class='ocrx_word' id='word_1_296' title='bbox 703 3380 940 3452; x_wconf 77' lang='grc' dir='ltr'>ἑτέρωσέ</span> <span class='ocrx_word' id='word_1_297' title='bbox 972 3397 1064 3435; x_wconf 88' lang='grc' dir='ltr'><strong>ποι</strong></span> <span class='ocrx_word' id='word_1_298' title='bbox 1092 3382 1291 3452; x_wconf 78' lang='grc' dir='ltr'>χωρεῖν</span> <span class='ocrx_word' id='word_1_299' title='bbox 1316 3381 1396 3445; x_wconf 87' lang='grc' dir='ltr'><strong>εἰς</strong></span> <span class='ocrx_word' id='word_1_300' title='bbox 1430 3381 1752 3448; x_wconf 84' lang='grc' dir='ltr'>ἀπόστασιν,</span> <span class='ocrx_word' id='word_1_301' title='bbox 1784 3381 1873 3437; x_wconf 82' lang='grc' dir='ltr'>διὰ</span> 
     </span>
    </p>
   </div>
   <div class='ocr_carea' id='block_1_37' title="bbox 275 3471 1874 3545">
    <p class='ocr_par' dir='ltr' id='par_1_37' title="bbox 275 3471 1874 3545">
     <span class='ocr_line' id='line_1_37' title="bbox 275 3471 1874 3545; baseline 0 -18"><span class='ocrx_word' id='word_1_302' title='bbox 275 3477 374 3545; x_wconf 78' lang='grc' dir='ltr'>τῆς</span> <span class='ocrx_word' id='word_1_303' title='bbox 402 3475 486 3537; x_wconf 89' lang='grc' dir='ltr'><strong>εἰς</strong></span> <span class='ocrx_word' id='word_1_304' title='bbox 513 3472 587 3526; x_wconf 90' lang='grc' dir='ltr'><strong>τά</strong></span> <span class='ocrx_word' id='word_1_305' title='bbox 631 3471 816 3542; x_wconf 83' lang='grc' dir='ltr'>φαῦλα</span> <span class='ocrx_word' id='word_1_306' title='bbox 858 3472 1241 3545; x_wconf 84' lang='grc' dir='ltr'>παρατροπῆς.</span> <span class='ocrx_word' id='word_1_307' title='bbox 1288 3472 1466 3526; x_wconf 89' lang='grc' dir='ltr'>Λυπεῖ</span> <span class='ocrx_word' id='word_1_308' title='bbox 1513 3472 1571 3526; x_wconf 78' lang='grc' dir='ltr'>δὲ</span> <span class='ocrx_word' id='word_1_309' title='bbox 1597 3472 1750 3527; x_wconf 71' lang='grc' dir='ltr'>οὐδὲν</span> <span class='ocrx_word' id='word_1_310' title='bbox 1778 3474 1874 3527; x_wconf 73' lang='grc' dir='ltr'>καὶ</span> 
     </span>
    </p>
   </div>
   <div class='ocr_carea' id='block_1_38' title="bbox 276 3562 1872 3639">
    <p class='ocr_par' dir='ltr' id='par_1_38' title="bbox 276 3562 1872 3639">
     <span class='ocr_line' id='line_1_38' title="bbox 276 3562 1872 3639; baseline 0.002 -21"><span class='ocrx_word' id='word_1_311' title='bbox 276 3563 543 3635; x_wconf 78' lang='grc' dir='ltr'>λογισμὸν</span> <span class='ocrx_word' id='word_1_312' title='bbox 575 3563 669 3617; x_wconf 66' lang='grc' dir='ltr'><strong>ἐπὶ</strong></span> <span class='ocrx_word' id='word_1_313' title='bbox 689 3564 869 3634; x_wconf 84' lang='grc' dir='ltr'>τούτῳ</span> <span class='ocrx_word' id='word_1_314' title='bbox 888 3563 1075 3618; x_wconf 78' lang='grc' dir='ltr'>λαϐεῖν</span> <span class='ocrx_word' id='word_1_315' title='bbox 1099 3564 1199 3617; x_wconf 81' lang='grc' dir='ltr'><strong>οὐκ</strong></span> <span class='ocrx_word' id='word_1_316' title='bbox 1222 3562 1502 3619; x_wconf 77' lang='grc' dir='ltr'>ἀσύνετον.</span> <span class='ocrx_word' id='word_1_317' title='bbox 1531 3565 1741 3637; x_wconf 87' lang='grc' dir='ltr'>Ὅνπερ</span> <span class='ocrx_word' id='word_1_318' title='bbox 1762 3567 1872 3639; x_wconf 86' lang='grc' dir='ltr'>γὰρ</span> 
     </span>
    </p>
   </div>
   <div class='ocr_carea' id='block_1_39' title="bbox 276 3653 1874 3727">
    <p class='ocr_par' dir='ltr' id='par_1_39' title="bbox 276 3653 1874 3727">
     <span class='ocr_line' id='line_1_39' title="bbox 276 3653 1874 3727; baseline 0.003 -19"><span class='ocrx_word' id='word_1_319' title='bbox 276 3656 483 3727; x_wconf 80' lang='grc' dir='ltr'>τρόπον</span> <span class='ocrx_word' id='word_1_320' title='bbox 526 3654 766 3727; x_wconf 78' lang='grc' dir='ltr'>ἐπείπερ</span> <span class='ocrx_word' id='word_1_321' title='bbox 814 3653 929 3727; x_wconf 78' lang='grc' dir='ltr'><strong>ζωὴ</strong></span> <span class='ocrx_word' id='word_1_322' title='bbox 967 3655 1109 3709; x_wconf 87' lang='grc' dir='ltr'><strong>κατά</strong></span> <span class='ocrx_word' id='word_1_323' title='bbox 1138 3655 1299 3725; x_wconf 79' lang='grc' dir='ltr'>φύσιν</span> <span class='ocrx_word' id='word_1_324' title='bbox 1326 3656 1475 3710; x_wconf 77' lang='grc' dir='ltr'>ἐστιν</span> <span class='ocrx_word' id='word_1_325' title='bbox 1503 3657 1531 3710; x_wconf 91' lang='lat'><strong>6</strong></span> <span class='ocrx_word' id='word_1_326' title='bbox 1563 3656 1695 3722; x_wconf 78' lang='grc' dir='ltr'>Υἰδς</span> <span class='ocrx_word' id='word_1_327' title='bbox 1715 3699 1729 3720; x_wconf 87' lang='grc'><strong>.</strong></span> <span class='ocrx_word' id='word_1_328' title='bbox 1779 3660 1874 3715; x_wconf 74' lang='grc' dir='ltr'><strong>καὶ</strong></span> 
     </span>
    </p>
   </div>
   <div class='ocr_carea' id='block_1_40' title="bbox 236 3744 1875 3818">
    <p class='ocr_par' dir='ltr' id='par_1_40' title="bbox 236 3744 1875 3818">
     <span class='ocr_line' id='line_1_40' title="bbox 236 3744 1875 3818; baseline 0.001 -19"><span class='ocrx_word' id='word_1_329' title='bbox 236 3746 239 3749; x_wconf 83' lang='grc'><em>’</em></span> <span class='ocrx_word' id='word_1_330' title='bbox 279 3746 446 3814; x_wconf 83' lang='grc' dir='ltr'>σοφία</span> <span class='ocrx_word' id='word_1_331' title='bbox 491 3747 591 3799; x_wconf 67' lang='grc' dir='ltr'>καὶ</span> <span class='ocrx_word' id='word_1_332' title='bbox 618 3744 851 3816; x_wconf 76' lang='grc' dir='ltr'>δύναμις</span> <span class='ocrx_word' id='word_1_333' title='bbox 891 3744 1140 3798; x_wconf 85' lang='grc' dir='ltr'>καλεῖται</span> <span class='ocrx_word' id='word_1_334' title='bbox 1175 3744 1231 3797; x_wconf 84' lang='grc' dir='ltr'>δὲ</span> <span class='ocrx_word' id='word_1_335' title='bbox 1262 3745 1356 3798; x_wconf 80' lang='grc' dir='ltr'><strong>καί</strong></span> <span class='ocrx_word' id='word_1_336' title='bbox 1389 3744 1506 3798; x_wconf 75' lang='grc' dir='ltr'>ἔστι</span> <span class='ocrx_word' id='word_1_337' title='bbox 1556 3746 1617 3799; x_wconf 86' lang='grc' dir='ltr'><strong>τὸ</strong></span> <span class='ocrx_word' id='word_1_338' title='bbox 1649 3747 1875 3818; x_wconf 81' lang='grc' dir='ltr'>Πνεῦμα</span> 
     </span>
    </p>
   </div>
   <div class='ocr_carea' id='block_1_41' title="bbox 279 3836 1870 3909">
    <p class='ocr_par' dir='ltr' id='par_1_41' title="bbox 279 3836 1870 3909">
     <span class='ocr_line' id='line_1_41' title="bbox 279 3836 1870 3909; baseline 0.002 -19"><span class='ocrx_word' id='word_1_339' title='bbox 279 3838 471 3905; x_wconf 82' lang='grc' dir='ltr'>αὐτοῦ,</span> <span class='ocrx_word' id='word_1_340' title='bbox 495 3837 725 3909; x_wconf 83' lang='grc' dir='ltr'>Πνεῦμά</span> <span class='ocrx_word' id='word_1_341' title='bbox 750 3839 866 3891; x_wconf 79' lang='grc' dir='ltr'>ἐστι</span> <span class='ocrx_word' id='word_1_342' title='bbox 889 3836 1055 3909; x_wconf 76' lang='grc' dir='ltr'>ζωῆς,</span> <span class='ocrx_word' id='word_1_343' title='bbox 1083 3837 1177 3891; x_wconf 78' lang='grc' dir='ltr'><strong>καί</strong></span> <span class='ocrx_word' id='word_1_344' title='bbox 1200 3837 1413 3907; x_wconf 82' lang='grc' dir='ltr'>σοφίας,</span> <span class='ocrx_word' id='word_1_345' title='bbox 1439 3837 1531 3891; x_wconf 87' lang='grc' dir='ltr'><strong>καί</strong></span> <span class='ocrx_word' id='word_1_346' title='bbox 1558 3838 1838 3909; x_wconf 86' lang='grc' dir='ltr'>δυνάμεως</span> <span class='ocrx_word' id='word_1_347' title='bbox 1857 3858 1870 3873; x_wconf 89' lang='grc'><strong>·</strong></span> 
     </span>
    </p>
   </div>
   <div class='ocr_carea' id='block_1_42' title="bbox 277 3924 1873 4001">
    <p class='ocr_par' dir='ltr' id='par_1_42' title="bbox 277 3924 1873 4001">
     <span class='ocr_line' id='line_1_42' title="bbox 277 3924 1873 4001; baseline 0.005 -24"><span class='ocrx_word' id='word_1_348' title='bbox 277 3924 457 3989; x_wconf 80' lang='grc' dir='ltr'>οὕτως</span> <span class='ocrx_word' id='word_1_349' title='bbox 503 3925 742 3997; x_wconf 76' lang='grc' dir='ltr'>ἐπείπερ</span> <span class='ocrx_word' id='word_1_350' title='bbox 785 3927 934 3980; x_wconf 72' lang='grc' dir='ltr'>ἐστὶν</span> <span class='ocrx_word' id='word_1_351' title='bbox 968 3925 1134 3990; x_wconf 80' lang='grc' dir='ltr'>αὑτός</span> <span class='ocrx_word' id='word_1_352' title='bbox 1176 3943 1237 3980; x_wconf 85' lang='grc' dir='ltr'><strong>τε</strong></span> <span class='ocrx_word' id='word_1_353' title='bbox 1292 3927 1386 3982; x_wconf 79' lang='grc' dir='ltr'><strong>καὶ</strong></span> <span class='ocrx_word' id='word_1_354' title='bbox 1440 3928 1539 3999; x_wconf 85' lang='grc' dir='ltr'>οὐχ</span> <span class='ocrx_word' id='word_1_355' title='bbox 1589 3927 1795 4001; x_wconf 71' lang='grc' dir='ltr'>ἔτερος,</span> <span class='ocrx_word' id='word_1_356' title='bbox 1838 3930 1873 4001; x_wconf 81' lang='grc' dir='ltr'><strong>ή</strong></span> 
     </span>
    </p>
   </div>
   <div class='ocr_carea' id='block_1_43' title="bbox 279 4017 1877 4089">
    <p class='ocr_par' dir='ltr' id='par_1_43' title="bbox 279 4017 1877 4089">
     <span class='ocr_line' id='line_1_43' title="bbox 279 4017 1877 4089; baseline 0.004 -19"><span class='ocrx_word' id='word_1_357' title='bbox 279 4018 501 4088; x_wconf 80' lang='grc' dir='ltr'>ἀληθῶς</span> <span class='ocrx_word' id='word_1_358' title='bbox 522 4034 585 4071; x_wconf 85' lang='grc' dir='ltr'><strong>τε</strong></span> <span class='ocrx_word' id='word_1_359' title='bbox 614 4017 710 4071; x_wconf 85' lang='grc' dir='ltr'><strong>καί</strong></span> <span class='ocrx_word' id='word_1_360' title='bbox 738 4017 947 4088; x_wconf 87' lang='grc' dir='ltr'>κυρίως</span> <span class='ocrx_word' id='word_1_361' title='bbox 967 4017 1183 4089; x_wconf 86' lang='grc' dir='ltr'>εἰρήνη,</span> <span class='ocrx_word' id='word_1_362' title='bbox 1217 4017 1414 4088; x_wconf 81' lang='grc' dir='ltr'>λέγοιτ’</span> <span class='ocrx_word' id='word_1_363' title='bbox 1438 4018 1505 4072; x_wconf 78' lang='grc' dir='ltr'>ἂν</span> <span class='ocrx_word' id='word_1_364' title='bbox 1531 4019 1758 4084; x_wconf 87' lang='grc' dir='ltr'>εἰκότως</span> <span class='ocrx_word' id='word_1_365' title='bbox 1780 4022 1877 4076; x_wconf 76' lang='grc' dir='ltr'>καὶ</span> 
     </span>
    </p>
   </div>
   <div class='ocr_carea' id='block_1_44' title="bbox 279 4096 1869 4182">
    <p class='ocr_par' dir='ltr' id='par_1_44' title="bbox 279 4096 1869 4182">
     <span class='ocr_line' id='line_1_44' title="bbox 279 4096 1869 4182; baseline 0.003 -18"><span class='ocrx_word' id='word_1_366' title='bbox 279 4112 458 4164; x_wconf 83' lang='grc' dir='ltr'>νοοῖτο</span> <span class='ocrx_word' id='word_1_367' title='bbox 508 4109 676 4164; x_wconf 82' lang='grc' dir='ltr'>πάλιν</span> <span class='ocrx_word' id='word_1_368' title='bbox 717 4108 841 4162; x_wconf 88' lang='grc' dir='ltr'>κατ’</span> <span class='ocrx_word' id='word_1_369' title='bbox 871 4096 1035 4163; x_wconf 67' lang='grc' dir='ltr'>ἀύτὸν</span> <span class='ocrx_word' id='word_1_370' title='bbox 1082 4109 1277 4180; x_wconf 86' lang='grc' dir='ltr'>εἰρήνη</span> <span class='ocrx_word' id='word_1_371' title='bbox 1327 4109 1389 4162; x_wconf 76' lang='grc' dir='ltr'><strong>τό</strong></span> <span class='ocrx_word' id='word_1_372' title='bbox 1426 4110 1652 4182; x_wconf 83' lang='grc' dir='ltr'>Πνεῦμα</span> <span class='ocrx_word' id='word_1_373' title='bbox 1681 4112 1869 4171; x_wconf 81' lang='grc' dir='ltr'>αὐτοῦ.</span> 
     </span>
    </p>
   </div>
   <div class='ocr_carea' id='block_1_45' title="bbox 282 4200 1876 4278">
    <p class='ocr_par' dir='ltr' id='par_1_45' title="bbox 282 4200 1876 4278">
     <span class='ocr_line' id='line_1_45' title="bbox 282 4200 1876 4278; baseline 0.003 -24"><span class='ocrx_word' id='word_1_374' title='bbox 282 4202 380 4256; x_wconf 82' lang='grc' dir='ltr'>Διά</span> <span class='ocrx_word' id='word_1_375' title='bbox 398 4219 487 4255; x_wconf 90' lang='grc' dir='ltr'><strong>τοι</strong></span> <span class='ocrx_word' id='word_1_376' title='bbox 513 4201 675 4255; x_wconf 89' lang='grc' dir='ltr'>τοῦτο</span> <span class='ocrx_word' id='word_1_377' title='bbox 702 4201 799 4255; x_wconf 79' lang='grc' dir='ltr'>καὶ</span> <span class='ocrx_word' id='word_1_378' title='bbox 831 4200 1014 4266; x_wconf 86' lang='grc' dir='ltr'>ἰδικῶς</span> <span class='ocrx_word' id='word_1_379' title='bbox 1038 4202 1259 4267; x_wconf 72' lang='grc' dir='ltr'>ἀναθεὶς</span> <span class='ocrx_word' id='word_1_380' title='bbox 1274 4204 1349 4275; x_wconf 73' lang='grc' dir='ltr'>τῇ</span> <span class='ocrx_word' id='word_1_381' title='bbox 1364 4203 1559 4258; x_wconf 77' lang='grc' dir='ltr'>ἑαυτοῦ</span> <span class='ocrx_word' id='word_1_382' title='bbox 1588 4203 1748 4274; x_wconf 85' lang='grc' dir='ltr'>φύσει</span> <span class='ocrx_word' id='word_1_383' title='bbox 1777 4205 1876 4278; x_wconf 81' lang='grc' dir='ltr'>τὴν</span> 
     </span>
    </p>
   </div>
   <div class='ocr_carea' id='block_1_46' title="bbox 288 4292 1877 4370">
    <p class='ocr_par' dir='ltr' id='par_1_46' title="bbox 288 4292 1877 4370">
     <span class='ocr_line' id='line_1_46' title="bbox 288 4292 1877 4370; baseline 0.005 -25"><span class='ocrx_word' id='word_1_384' title='bbox 288 4294 422 4349; x_wconf 80' lang='grc' dir='ltr'>ἰδίαν</span> <span class='ocrx_word' id='word_1_385' title='bbox 475 4295 723 4365; x_wconf 83' lang='grc' dir='ltr'>εἰρήνην,</span> <span class='ocrx_word' id='word_1_386' title='bbox 779 4292 927 4347; x_wconf 87' lang='grc' dir='ltr'>τοῦτ’</span> <span class='ocrx_word' id='word_1_387' title='bbox 959 4293 1074 4347; x_wconf 74' lang='grc' dir='ltr'>ἐστι</span> <span class='ocrx_word' id='word_1_388' title='bbox 1122 4294 1184 4348; x_wconf 83' lang='grc' dir='ltr'><strong>τὸ</strong></span> <span class='ocrx_word' id='word_1_389' title='bbox 1232 4294 1498 4365; x_wconf 87' lang='grc' dir='ltr'>Πνεῦμα,</span> <span class='ocrx_word' id='word_1_390' title='bbox 1552 4294 1700 4365; x_wconf 85' lang='grc' dir='ltr'>λέγει</span> <span class='ocrx_word' id='word_1_391' title='bbox 1747 4301 1877 4370; x_wconf 84' lang='grc' dir='ltr'><strong>περί</strong></span> 
     </span>
    </p>
   </div>
   <div class='ocr_carea' id='block_1_47' title="bbox 281 4385 1878 4458">
    <p class='ocr_par' dir='ltr' id='par_1_47' title="bbox 281 4385 1878 4458">
     <span class='ocr_line' id='line_1_47' title="bbox 281 4385 1878 4458; baseline 0.004 -19"><span class='ocrx_word' id='word_1_392' title='bbox 281 4385 451 4439; x_wconf 80' lang='grc' dir='ltr'>αὑτοῦ</span> <span class='ocrx_word' id='word_1_393' title='bbox 478 4401 492 4416; x_wconf 89' lang='grc'><strong>·</strong></span> <span class='ocrx_word' id='word_1_394' title='bbox 551 4403 571 4437; x_wconf 84' lang='grc' dir='ltr'><strong>ι</strong></span> <span class='ocrx_word' id='word_1_395' title='bbox 603 4386 843 4457; x_wconf 85' lang='grc' dir='ltr'>Εἰρήνην</span> <span class='ocrx_word' id='word_1_396' title='bbox 870 4385 971 4456; x_wconf 81' lang='grc' dir='ltr'>τὴν</span> <span class='ocrx_word' id='word_1_397' title='bbox 1003 4385 1144 4458; x_wconf 79' lang='grc' dir='ltr'>ὲμὴν</span> <span class='ocrx_word' id='word_1_398' title='bbox 1173 4385 1378 4458; x_wconf 86' lang='grc' dir='ltr'>ἀφίημι</span> <span class='ocrx_word' id='word_1_399' title='bbox 1411 4387 1562 4458; x_wconf 83' lang='grc' dir='ltr'>ὑμῖν.</span> <span class='ocrx_word' id='word_1_400' title='bbox 1595 4407 1615 4440; x_wconf 73' lang='grc' dir='ltr'><strong>ι</strong></span> <span class='ocrx_word' id='word_1_401' title='bbox 1665 4389 1787 4445; x_wconf 82' lang='grc' dir='ltr'>Ὀτι</span> <span class='ocrx_word' id='word_1_402' title='bbox 1820 4390 1878 4445; x_wconf 79' lang='grc' dir='ltr'>δὲ</span> 
     </span>
    </p>
   </div>
   <div class='ocr_carea' id='block_1_48' title="bbox 284 4474 1875 4550">
    <p class='ocr_par' dir='ltr' id='par_1_48' title="bbox 284 4474 1875 4550">
     <span class='ocr_line' id='line_1_48' title="bbox 284 4474 1875 4550; baseline 0.003 -21"><span class='ocrx_word' id='word_1_403' title='bbox 284 4476 377 4530; x_wconf 81' lang='grc' dir='ltr'>καὶ</span> <span class='ocrx_word' id='word_1_404' title='bbox 406 4475 564 4546; x_wconf 79' lang='grc' dir='ltr'>παρὰ</span> <span class='ocrx_word' id='word_1_405' title='bbox 593 4477 706 4540; x_wconf 85' lang='grc' dir='ltr'>τοῖς</span> <span class='ocrx_word' id='word_1_406' title='bbox 737 4475 912 4545; x_wconf 83' lang='grc' dir='ltr'>ἁγίοις</span> <span class='ocrx_word' id='word_1_407' title='bbox 943 4476 1251 4548; x_wconf 70' lang='grc' dir='ltr'>προφήταις</span> <span class='ocrx_word' id='word_1_408' title='bbox 1279 4474 1426 4531; x_wconf 85' lang='grc' dir='ltr'>οῦτω</span> <span class='ocrx_word' id='word_1_409' title='bbox 1455 4478 1875 4550; x_wconf 87' lang='grc' dir='ltr'>κατωνόμασται</span> 
     </span>
    </p>
   </div>
   <div class='ocr_carea' id='block_1_49' title="bbox 1962 615 3550 692">
    <p class='ocr_par' dir='ltr' id='par_1_49' title="bbox 1962 615 3550 692">
     <span class='ocr_line' id='line_1_49' title="bbox 1962 615 3550 692; baseline 0.003 -22"><span class='ocrx_word' id='word_1_410' title='bbox 1962 616 2059 687; x_wconf 85' lang='lat' dir='ltr'><strong>qui</strong></span> <span class='ocrx_word' id='word_1_411' title='bbox 2084 631 2183 686; x_wconf 89' lang='lat' dir='ltr'><strong>per</strong></span> <span class='ocrx_word' id='word_1_412' title='bbox 2209 615 2482 687; x_wconf 91' lang='lat' dir='ltr'><strong>meipsum</strong></span> <span class='ocrx_word' id='word_1_413' title='bbox 2524 615 2678 671; x_wconf 89' lang='lat' dir='ltr'><strong>illum</strong></span> <span class='ocrx_word' id='word_1_414' title='bbox 2712 618 3082 687; x_wconf 75' lang='lat' dir='ltr'><strong>susceperint.</strong></span> <span class='ocrx_word' id='word_1_415' title='bbox 3111 616 3311 673; x_wconf 85' lang='lat' dir='ltr'><strong>Pacem</strong></span> <span class='ocrx_word' id='word_1_416' title='bbox 3347 620 3550 692; x_wconf 79' lang='lat' dir='ltr'><strong>quippe</strong></span> 
     </span>
    </p>
   </div>
   <div class='ocr_carea' id='block_1_50' title="bbox 1963 707 3551 779">
    <p class='ocr_par' dir='ltr' id='par_1_50' title="bbox 1963 707 3551 779">
     <span class='ocr_line' id='line_1_50' title="bbox 1963 707 3551 779; baseline 0.002 -16"><span class='ocrx_word' id='word_1_417' title='bbox 1963 707 2175 764; x_wconf 89' lang='lat' dir='ltr'><strong>Christi</strong></span> <span class='ocrx_word' id='word_1_418' title='bbox 2206 707 2474 779; x_wconf 77' lang='lat' dir='ltr'><strong>Spiritum</strong></span> <span class='ocrx_word' id='word_1_419' title='bbox 2507 708 2631 778; x_wconf 86' lang='lat' dir='ltr'><strong>ejus</strong></span> <span class='ocrx_word' id='word_1_420' title='bbox 2664 722 2810 774; x_wconf 86' lang='lat' dir='ltr'><strong>esse,</strong></span> <span class='ocrx_word' id='word_1_421' title='bbox 2838 707 3001 779; x_wconf 78' lang='lat' dir='ltr'><strong>longa</strong></span> <span class='ocrx_word' id='word_1_422' title='bbox 3035 722 3144 763; x_wconf 88' lang='lat' dir='ltr'><strong>non</strong></span> <span class='ocrx_word' id='word_1_423' title='bbox 3181 716 3266 764; x_wconf 91' lang='lat' dir='ltr'><strong>est</strong></span> <span class='ocrx_word' id='word_1_424' title='bbox 3299 712 3551 767; x_wconf 88' lang='lat' dir='ltr'><strong>oratione</strong></span> 
     </span>
    </p>
   </div>
   <div class='ocr_carea' id='block_1_51' title="bbox 1966 798 3548 874">
    <p class='ocr_par' dir='ltr' id='par_1_51' title="bbox 1966 798 3548 874">
     <span class='ocr_line' id='line_1_51' title="bbox 1966 798 3548 874; baseline 0.004 -21"><span class='ocrx_word' id='word_1_425' title='bbox 1966 800 2331 870; x_wconf 88' lang='lat' dir='ltr'><strong>probandum.</strong></span> <span class='ocrx_word' id='word_1_426' title='bbox 2368 798 2758 855; x_wconf 75' lang='lat' dir='ltr'><strong>Verumtamen</strong></span> <span class='ocrx_word' id='word_1_427' title='bbox 2798 799 2868 855; x_wconf 91' lang='lat' dir='ltr'><strong>de</strong></span> <span class='ocrx_word' id='word_1_428' title='bbox 2903 800 3011 855; x_wconf 87' lang='lat' dir='ltr'><strong>hoc</strong></span> <span class='ocrx_word' id='word_1_429' title='bbox 3052 800 3352 857; x_wconf 88' lang='lat' dir='ltr'><strong>dicendum</strong></span> <span class='ocrx_word' id='word_1_430' title='bbox 3391 813 3548 874; x_wconf 90' lang='lat' dir='ltr'><strong>puto.</strong></span> 
     </span>
    </p>
   </div>
   <div class='ocr_carea' id='block_1_52' title="bbox 1967 890 3554 966">
    <p class='ocr_par' dir='ltr' id='par_1_52' title="bbox 1967 890 3554 966">
     <span class='ocr_line' id='line_1_52' title="bbox 1967 890 3554 966; baseline 0.003 -20"><span class='ocrx_word' id='word_1_431' title='bbox 1967 890 2024 946; x_wconf 91' lang='lat' dir='ltr'><strong>Si</strong></span> <span class='ocrx_word' id='word_1_432' title='bbox 2059 892 2207 947; x_wconf 88' lang='lat' dir='ltr'><strong>enim</strong></span> <span class='ocrx_word' id='word_1_433' title='bbox 2239 892 2360 962; x_wconf 88' lang='lat' dir='ltr'><strong>ipse</strong></span> <span class='ocrx_word' id='word_1_434' title='bbox 2379 902 2463 948; x_wconf 90' lang='lat' dir='ltr'><strong>est</strong></span> <span class='ocrx_word' id='word_1_435' title='bbox 2494 908 2601 964; x_wconf 87' lang='lat' dir='ltr'><strong>pax</strong></span> <span class='ocrx_word' id='word_1_436' title='bbox 2635 893 2688 947; x_wconf 90' lang='lat' dir='ltr'><strong>in</strong></span> <span class='ocrx_word' id='word_1_437' title='bbox 2716 892 2872 949; x_wconf 80' lang='lat' dir='ltr'><strong>ccelis</strong></span> <span class='ocrx_word' id='word_1_438' title='bbox 2902 901 2957 948; x_wconf 92' lang='lat' dir='ltr'><strong>et</strong></span> <span class='ocrx_word' id='word_1_439' title='bbox 2987 895 3044 950; x_wconf 90' lang='lat' dir='ltr'><strong>in</strong></span> <span class='ocrx_word' id='word_1_440' title='bbox 3076 903 3249 960; x_wconf 83' lang='lat' dir='ltr'><strong>terra,</strong></span> <span class='ocrx_word' id='word_1_441' title='bbox 3275 897 3554 966; x_wconf 81' lang='lat' dir='ltr'><strong>quomodo</strong></span> 
     </span>
    </p>
   </div>
   <div class='ocr_carea' id='block_1_53' title="bbox 1964 984 3550 1057">
    <p class='ocr_par' dir='ltr' id='par_1_53' title="bbox 1964 984 3550 1057">
     <span class='ocr_line' id='line_1_53' title="bbox 1964 984 3550 1057; baseline 0.005 -21"><span class='ocrx_word' id='word_1_442' title='bbox 1964 984 2145 1039; x_wconf 81' lang='lat' dir='ltr'><strong>cuivis</strong></span> <span class='ocrx_word' id='word_1_443' title='bbox 2198 998 2307 1038; x_wconf 89' lang='lat' dir='ltr'><strong>non</strong></span> <span class='ocrx_word' id='word_1_444' title='bbox 2370 985 2583 1055; x_wconf 76' lang='lat' dir='ltr'><strong>patebit</strong></span> <span class='ocrx_word' id='word_1_445' title='bbox 2634 986 2862 1042; x_wconf 87' lang='lat' dir='ltr'><strong>omnino</strong></span> <span class='ocrx_word' id='word_1_446' title='bbox 2902 1000 3118 1057; x_wconf 90' lang='lat' dir='ltr'><strong>pacem,</strong></span> <span class='ocrx_word' id='word_1_447' title='bbox 3162 996 3221 1042; x_wconf 90' lang='grc' dir='ltr'><strong>ιιι</strong></span> <span class='ocrx_word' id='word_1_448' title='bbox 3281 988 3550 1052; x_wconf 80' lang='lat' dir='ltr'><strong>diximus.</strong></span> 
     </span>
    </p>
   </div>
   <div class='ocr_carea' id='block_1_54' title="bbox 1944 1073 3551 1148">
    <p class='ocr_par' dir='ltr' id='par_1_54' title="bbox 1944 1073 3551 1148">
     <span class='ocr_line' id='line_1_54' title="bbox 1944 1073 3551 1148; baseline 0.005 -19"><span class='ocrx_word' id='word_1_449' title='bbox 1944 1088 2091 1130; x_wconf 81' lang='lat' dir='ltr'><strong>esse</strong></span> <span class='ocrx_word' id='word_1_450' title='bbox 2129 1073 2398 1145; x_wconf 87' lang='lat' dir='ltr'><strong>Spiritum</strong></span> <span class='ocrx_word' id='word_1_451' title='bbox 2441 1076 2603 1146; x_wconf 84' lang='lat' dir='ltr'><strong>ejus?</strong></span> <span class='ocrx_word' id='word_1_452' title='bbox 2631 1076 2695 1131; x_wconf 88' lang='lat' dir='ltr'><strong>Et</strong></span> <span class='ocrx_word' id='word_1_453' title='bbox 2736 1079 2958 1148; x_wconf 86' lang='lat' dir='ltr'><strong>quidem</strong></span> <span class='ocrx_word' id='word_1_454' title='bbox 2992 1079 3218 1136; x_wconf 86' lang='lat' dir='ltr'><strong>divinus</strong></span> <span class='ocrx_word' id='word_1_455' title='bbox 3248 1080 3451 1138; x_wconf 90' lang='lat' dir='ltr'><strong>Paulus</strong></span> <span class='ocrx_word' id='word_1_456' title='bbox 3481 1081 3551 1137; x_wconf 91' lang='lat' dir='ltr'><strong>ad</strong></span> 
     </span>
    </p>
   </div>
   <div class='ocr_carea' id='block_1_55' title="bbox 1966 1167 3553 1244">
    <p class='ocr_par' dir='ltr' id='par_1_55' title="bbox 1966 1167 3553 1244">
     <span class='ocr_line' id='line_1_55' title="bbox 1966 1167 3553 1244; baseline 0.005 -23"><span class='ocrx_word' id='word_1_457' title='bbox 1966 1167 2234 1237; x_wconf 88' lang='lat' dir='ltr'><strong>quosdam</strong></span> <span class='ocrx_word' id='word_1_458' title='bbox 2265 1168 2549 1225; x_wconf 87' lang='lat' dir='ltr'><strong>scribebat</strong></span> <span class='ocrx_word' id='word_1_459' title='bbox 2576 1187 2589 1224; x_wconf 87' lang='lat'><strong>:</strong></span> <span class='ocrx_word' id='word_1_460' title='bbox 2618 1188 2643 1221; x_wconf 71' lang='grc' dir='ltr'><strong>ι</strong></span> <span class='ocrx_word' id='word_1_461' title='bbox 2675 1171 2741 1227; x_wconf 86' lang='grc' dir='ltr'>Ει</span> <span class='ocrx_word' id='word_1_462' title='bbox 2771 1186 2873 1242; x_wconf 88' lang='lat' dir='ltr'><strong>pax</strong></span> <span class='ocrx_word' id='word_1_463' title='bbox 2903 1171 3070 1244; x_wconf 65' lang='grc'><strong>840</strong></span> <span class='ocrx_word' id='word_1_464' title='bbox 3102 1173 3219 1239; x_wconf 87' lang='lat' dir='ltr'><strong>Dei,</strong></span> <span class='ocrx_word' id='word_1_465' title='bbox 3246 1190 3367 1244; x_wconf 64' lang='lat' dir='ltr'><strong>quae</strong></span> <span class='ocrx_word' id='word_1_466' title='bbox 3387 1189 3553 1232; x_wconf 83' lang='lat' dir='ltr'><strong>exsu-</strong></span> 
     </span>
    </p>
   </div>
   <div class='ocr_carea' id='block_1_56' title="bbox 1968 1263 3553 1328">
    <p class='ocr_par' dir='ltr' id='par_1_56' title="bbox 1968 1263 3553 1328">
     <span class='ocr_line' id='line_1_56' title="bbox 1968 1263 3553 1328; baseline 0.006 -16"><span class='ocrx_word' id='word_1_467' title='bbox 1968 1268 2125 1328; x_wconf 84' lang='lat' dir='ltr'><strong>perat</strong></span> <span class='ocrx_word' id='word_1_468' title='bbox 2168 1273 2387 1315; x_wconf 90' lang='lat' dir='ltr'><strong>omnem</strong></span> <span class='ocrx_word' id='word_1_469' title='bbox 2435 1274 2685 1325; x_wconf 91' lang='lat' dir='ltr'><strong>sensum,</strong></span> <span class='ocrx_word' id='word_1_470' title='bbox 2728 1263 3003 1319; x_wconf 85' lang='lat' dir='ltr'><strong>custodiat</strong></span> <span class='ocrx_word' id='word_1_471' title='bbox 3056 1265 3225 1321; x_wconf 91' lang='lat' dir='ltr'><strong>corda</strong></span> <span class='ocrx_word' id='word_1_472' title='bbox 3268 1275 3453 1323; x_wconf 86' lang='lat' dir='ltr'><strong>vestra</strong></span> <span class='ocrx_word' id='word_1_473' title='bbox 3496 1276 3553 1322; x_wconf 87' lang='lat' dir='ltr'><strong>et</strong></span> 
     </span>
    </p>
   </div>
   <div class='ocr_carea' id='block_1_57' title="bbox 1967 1348 3549 1429">
    <p class='ocr_par' dir='ltr' id='par_1_57' title="bbox 1967 1348 3549 1429">
     <span class='ocr_line' id='line_1_57' title="bbox 1967 1348 3549 1429; baseline 0.005 -25"><span class='ocrx_word' id='word_1_474' title='bbox 1967 1348 2363 1420; x_wconf 79' lang='lat' dir='ltr'><strong>intelligentias</strong></span> <span class='ocrx_word' id='word_1_475' title='bbox 2407 1361 2624 1409; x_wconf 86' lang='lat' dir='ltr'><strong>vestras</strong></span> <span class='ocrx_word' id='word_1_476' title='bbox 2648 1353 2790 1408; x_wconf 80' lang='lat'><strong>“°&quot;.</strong></span> <span class='ocrx_word' id='word_1_477' title='bbox 2840 1372 2858 1406; x_wconf 73' lang='grc' dir='ltr'><strong>ι</strong></span> <span class='ocrx_word' id='word_1_478' title='bbox 2895 1355 2966 1410; x_wconf 82' lang='lat' dir='ltr'><strong>At</strong></span> <span class='ocrx_word' id='word_1_479' title='bbox 3005 1357 3132 1427; x_wconf 91' lang='lat' dir='ltr'><strong>quis</strong></span> <span class='ocrx_word' id='word_1_480' title='bbox 3166 1358 3418 1429; x_wconf 85' lang='lat' dir='ltr'><strong>nonjure</strong></span> <span class='ocrx_word' id='word_1_481' title='bbox 3442 1358 3549 1416; x_wconf 88' lang='lat' dir='ltr'><strong>sibi</strong></span> 
     </span>
    </p>
   </div>
   <div class='ocr_carea' id='block_1_58' title="bbox 1969 1443 3551 1522">
    <p class='ocr_par' dir='ltr' id='par_1_58' title="bbox 1969 1443 3551 1522">
     <span class='ocr_line' id='line_1_58' title="bbox 1969 1443 3551 1522; baseline 0.007 -26"><span class='ocrx_word' id='word_1_482' title='bbox 1969 1444 2319 1512; x_wconf 80' lang='lat' dir='ltr'><strong>persuadeat,</strong></span> <span class='ocrx_word' id='word_1_483' title='bbox 2357 1443 2566 1501; x_wconf 84' lang='lat' dir='ltr'><strong>nonde</strong></span> <span class='ocrx_word' id='word_1_484' title='bbox 2599 1446 2701 1500; x_wconf 87' lang='lat' dir='ltr'><strong>hac</strong></span> <span class='ocrx_word' id='word_1_485' title='bbox 2732 1460 2867 1515; x_wconf 83' lang='lat' dir='ltr'><strong>pace</strong></span> <span class='ocrx_word' id='word_1_486' title='bbox 2896 1462 3061 1518; x_wconf 88' lang='lat' dir='ltr'><strong>quam</strong></span> <span class='ocrx_word' id='word_1_487' title='bbox 3102 1450 3268 1522; x_wconf 77' lang='lat' dir='ltr'><strong>vulgo</strong></span> <span class='ocrx_word' id='word_1_488' title='bbox 3308 1450 3551 1509; x_wconf 84' lang='lat' dir='ltr'><strong>dicimus</strong></span> 
     </span>
    </p>
   </div>
   <div class='ocr_carea' id='block_1_59' title="bbox 1969 1533 3551 1605">
    <p class='ocr_par' dir='ltr' id='par_1_59' title="bbox 1969 1533 3551 1605">
     <span class='ocr_line' id='line_1_59' title="bbox 1969 1533 3551 1605; baseline 0.008 -20"><span class='ocrx_word' id='word_1_489' title='bbox 1969 1546 2034 1587; x_wconf 88' lang='lat' dir='ltr'><strong>ac</strong></span> <span class='ocrx_word' id='word_1_490' title='bbox 2057 1533 2419 1605; x_wconf 73' lang='lat' dir='ltr'><strong>intelligimus</strong></span> <span class='ocrx_word' id='word_1_491' title='bbox 2434 1534 2541 1591; x_wconf 90' lang='lat' dir='ltr'><strong>ista</strong></span> <span class='ocrx_word' id='word_1_492' title='bbox 2554 1535 2707 1592; x_wconf 86' lang='lat' dir='ltr'><strong>dici?</strong></span> <span class='ocrx_word' id='word_1_493' title='bbox 2735 1537 2969 1595; x_wconf 87' lang='lat' dir='ltr'><strong>Animus</strong></span> <span class='ocrx_word' id='word_1_494' title='bbox 2982 1539 3129 1595; x_wconf 90' lang='lat' dir='ltr'><strong>enim</strong></span> <span class='ocrx_word' id='word_1_495' title='bbox 3149 1542 3305 1596; x_wconf 88' lang='lat' dir='ltr'><strong>omni</strong></span> <span class='ocrx_word' id='word_1_496' title='bbox 3317 1550 3551 1598; x_wconf 55' lang='lat' dir='ltr'><strong>conten.-</strong></span> 
     </span>
    </p>
   </div>
   <div class='ocr_carea' id='block_1_60' title="bbox 1971 1624 3571 1701">
    <p class='ocr_par' dir='ltr' id='par_1_60' title="bbox 1971 1624 3571 1701">
     <span class='ocr_line' id='line_1_60' title="bbox 1971 1624 3571 1701; baseline 0.008 -24"><span class='ocrx_word' id='word_1_497' title='bbox 1971 1624 2140 1683; x_wconf 87' lang='lat' dir='ltr'><strong>tionis</strong></span> <span class='ocrx_word' id='word_1_498' title='bbox 2174 1626 2361 1683; x_wconf 81' lang='lat' dir='ltr'><strong>studio</strong></span> <span class='ocrx_word' id='word_1_499' title='bbox 2389 1640 2598 1685; x_wconf 87' lang='lat' dir='ltr'><strong>vacuus</strong></span> <span class='ocrx_word' id='word_1_500' title='bbox 2641 1629 2697 1683; x_wconf 91' lang='lat' dir='ltr'><strong>in</strong></span> <span class='ocrx_word' id='word_1_501' title='bbox 2729 1643 2830 1684; x_wconf 90' lang='lat' dir='ltr'><strong>sua</strong></span> <span class='ocrx_word' id='word_1_502' title='bbox 2861 1631 3228 1701; x_wconf 88' lang='lat' dir='ltr'><strong>propensione</strong></span> <span class='ocrx_word' id='word_1_503' title='bbox 3266 1647 3331 1688; x_wconf 90' lang='lat' dir='ltr'><strong>ac</strong></span> <span class='ocrx_word' id='word_1_504' title='bbox 3357 1635 3571 1690; x_wconf 15' lang='lat' dir='ltr'><strong>volun-1</strong></span> 
     </span>
    </p>
   </div>
   <div class='ocr_carea' id='block_1_61' title="bbox 1969 1718 3552 1796">
    <p class='ocr_par' dir='ltr' id='par_1_61' title="bbox 1969 1718 3552 1796">
     <span class='ocr_line' id='line_1_61' title="bbox 1969 1718 3552 1796; baseline 0.008 -27"><span class='ocrx_word' id='word_1_505' title='bbox 1969 1723 2085 1773; x_wconf 86' lang='lat' dir='ltr'><strong>tate</strong></span> <span class='ocrx_word' id='word_1_506' title='bbox 2120 1731 2307 1789; x_wconf 84' lang='lat' dir='ltr'><strong>pacem</strong></span> <span class='ocrx_word' id='word_1_507' title='bbox 2344 1718 2507 1774; x_wconf 85' lang='lat' dir='ltr'><strong>habet</strong></span> <span class='ocrx_word' id='word_1_508' title='bbox 2540 1733 2774 1791; x_wconf 86' lang='lat' dir='ltr'><strong>eamque</strong></span> <span class='ocrx_word' id='word_1_509' title='bbox 2808 1722 2963 1778; x_wconf 88' lang='lat' dir='ltr'><strong>colit.</strong></span> <span class='ocrx_word' id='word_1_510' title='bbox 2986 1721 3175 1795; x_wconf 82' lang='lat' dir='ltr'><strong>Neque</strong></span> <span class='ocrx_word' id='word_1_511' title='bbox 3198 1740 3329 1780; x_wconf 89' lang='lat' dir='ltr'><strong>vero</strong></span> <span class='ocrx_word' id='word_1_512' title='bbox 3362 1740 3552 1796; x_wconf 86' lang='lat' dir='ltr'><strong>pacem</strong></span> 
     </span>
    </p>
   </div>
   <div class='ocr_carea' id='block_1_62' title="bbox 1971 1808 3553 1888">
    <p class='ocr_par' dir='ltr' id='par_1_62' title="bbox 1971 1808 3553 1888">
     <span class='ocr_line' id='line_1_62' title="bbox 1971 1808 3553 1888; baseline 0.008 -25"><span class='ocrx_word' id='word_1_513' title='bbox 1971 1808 2287 1866; x_wconf 86' lang='lat' dir='ltr'><strong>istiusmodi</strong></span> <span class='ocrx_word' id='word_1_514' title='bbox 2326 1825 2568 1881; x_wconf 81' lang='lat' dir='ltr'><strong>unquam</strong></span> <span class='ocrx_word' id='word_1_515' title='bbox 2618 1812 2939 1882; x_wconf 84' lang='lat' dir='ltr'><strong>putabimus</strong></span> <span class='ocrx_word' id='word_1_516' title='bbox 2974 1815 3216 1888; x_wconf 78' lang='lat' dir='ltr'><strong>aliquam</strong></span> <span class='ocrx_word' id='word_1_517' title='bbox 3263 1833 3388 1874; x_wconf 88' lang='lat' dir='ltr'><strong>esse</strong></span> <span class='ocrx_word' id='word_1_518' title='bbox 3417 1818 3553 1874; x_wconf 85' lang='lat' dir='ltr'><strong>sub-</strong></span> 
     </span>
    </p>
   </div>
   <div class='ocr_carea' id='block_1_63' title="bbox 1969 1901 3552 1980">
    <p class='ocr_par' dir='ltr' id='par_1_63' title="bbox 1969 1901 3552 1980">
     <span class='ocr_line' id='line_1_63' title="bbox 1969 1901 3552 1980; baseline 0.006 -24"><span class='ocrx_word' id='word_1_519' title='bbox 1969 1902 2259 1965; x_wconf 84' lang='lat' dir='ltr'><strong>stantiam,</strong></span> <span class='ocrx_word' id='word_1_520' title='bbox 2288 1901 2387 1957; x_wconf 86' lang='lat' dir='ltr'><strong>sed</strong></span> <span class='ocrx_word' id='word_1_521' title='bbox 2437 1901 2493 1957; x_wconf 88' lang='lat' dir='ltr'><strong>in</strong></span> <span class='ocrx_word' id='word_1_522' title='bbox 2530 1916 2726 1958; x_wconf 90' lang='lat' dir='ltr'><strong>eorum</strong></span> <span class='ocrx_word' id='word_1_523' title='bbox 2762 1905 2963 1963; x_wconf 87' lang='lat' dir='ltr'><strong>animis</strong></span> <span class='ocrx_word' id='word_1_524' title='bbox 2992 1908 3090 1978; x_wconf 90' lang='lat' dir='ltr'><strong>qui</strong></span> <span class='ocrx_word' id='word_1_525' title='bbox 3142 1909 3383 1980; x_wconf 82' lang='lat' dir='ltr'><strong>diligunt</strong></span> <span class='ocrx_word' id='word_1_526' title='bbox 3429 1926 3552 1967; x_wconf 90' lang='lat' dir='ltr'><strong>eam</strong></span> 
     </span>
    </p>
   </div>
   <div class='ocr_carea' id='block_1_64' title="bbox 1968 1992 3557 2071">
    <p class='ocr_par' dir='ltr' id='par_1_64' title="bbox 1968 1992 3557 2071">
     <span class='ocr_line' id='line_1_64' title="bbox 1968 1992 3557 2071; baseline 0.007 -24"><span class='ocrx_word' id='word_1_527' title='bbox 1968 1992 2158 2048; x_wconf 81' lang='lat' dir='ltr'><strong>habitu</strong></span> <span class='ocrx_word' id='word_1_528' title='bbox 2230 1992 2547 2050; x_wconf 79' lang='lat' dir='ltr'><strong>formatam.</strong></span> <span class='ocrx_word' id='word_1_529' title='bbox 2600 1994 2892 2061; x_wconf 85' lang='lat' dir='ltr'><strong>Quomodo</strong></span> <span class='ocrx_word' id='word_1_530' title='bbox 2954 2013 3086 2071; x_wconf 79' lang='lat' dir='ltr'><strong>ergo</strong></span> <span class='ocrx_word' id='word_1_531' title='bbox 3149 2016 3339 2071; x_wconf 90' lang='lat' dir='ltr'><strong>pacem</strong></span> <span class='ocrx_word' id='word_1_532' title='bbox 3410 2002 3557 2058; x_wconf 88' lang='lat' dir='ltr'><strong>hanc</strong></span> 
     </span>
    </p>
   </div>
   <div class='ocr_carea' id='block_1_65' title="bbox 1970 2089 3556 2163">
    <p class='ocr_par' dir='ltr' id='par_1_65' title="bbox 1970 2089 3556 2163">
     <span class='ocr_line' id='line_1_65' title="bbox 1970 2089 3556 2163; baseline 0.006 -23"><span class='ocrx_word' id='word_1_533' title='bbox 1970 2100 2189 2141; x_wconf 88' lang='lat' dir='ltr'><strong>omnem</strong></span> <span class='ocrx_word' id='word_1_534' title='bbox 2238 2101 2465 2142; x_wconf 86' lang='lat' dir='ltr'><strong>sensum</strong></span> <span class='ocrx_word' id='word_1_535' title='bbox 2529 2104 2871 2160; x_wconf 81' lang='lat' dir='ltr'><strong>exsuperare</strong></span> <span class='ocrx_word' id='word_1_536' title='bbox 2936 2089 3556 2163; x_wconf 60' lang='lat' dir='ltr'><strong>itttelligemusi’Quod</strong></span> 
     </span>
    </p>
   </div>
   <div class='ocr_carea' id='block_1_66' title="bbox 1969 2176 3557 2255">
    <p class='ocr_par' dir='ltr' id='par_1_66' title="bbox 1969 2176 3557 2255">
     <span class='ocr_line' id='line_1_66' title="bbox 1969 2176 3557 2255; baseline 0.006 -23"><span class='ocrx_word' id='word_1_537' title='bbox 1969 2176 2115 2232; x_wconf 78' lang='lat' dir='ltr'><strong>enim</strong></span> <span class='ocrx_word' id='word_1_538' title='bbox 2161 2192 2437 2249; x_wconf 89' lang='lat' dir='ltr'><strong>nusquam</strong></span> <span class='ocrx_word' id='word_1_539' title='bbox 2470 2179 2697 2235; x_wconf 88' lang='lat' dir='ltr'><strong>omnino</strong></span> <span class='ocrx_word' id='word_1_540' title='bbox 2731 2196 2829 2251; x_wconf 89' lang='lat' dir='ltr'><strong>per</strong></span> <span class='ocrx_word' id='word_1_541' title='bbox 2855 2196 2919 2238; x_wconf 87' lang='lat' dir='ltr'><strong>se</strong></span> <span class='ocrx_word' id='word_1_542' title='bbox 2951 2182 3232 2249; x_wconf 87' lang='lat' dir='ltr'><strong>subsistit,</strong></span> <span class='ocrx_word' id='word_1_543' title='bbox 3275 2185 3557 2255; x_wconf 87' lang='lat' dir='ltr'><strong>quomodo</strong></span> 
     </span>
    </p>
   </div>
   <div class='ocr_carea' id='block_1_67' title="bbox 1970 2269 3553 2348">
    <p class='ocr_par' dir='ltr' id='par_1_67' title="bbox 1970 2269 3553 2348">
     <span class='ocr_line' id='line_1_67' title="bbox 1970 2269 3553 2348; baseline 0.005 -25"><span class='ocrx_word' id='word_1_544' title='bbox 1970 2269 2328 2338; x_wconf 64' lang='lat' dir='ltr'><strong>praestantius</strong></span> <span class='ocrx_word' id='word_1_545' title='bbox 2353 2270 2461 2326; x_wconf 90' lang='lat' dir='ltr'><strong>erit</strong></span> <span class='ocrx_word' id='word_1_546' title='bbox 2489 2271 2833 2339; x_wconf 74' lang='lat' dir='ltr'><strong>hominibus,</strong></span> <span class='ocrx_word' id='word_1_547' title='bbox 2856 2280 2957 2330; x_wconf 80' lang='lat' dir='ltr'><strong>aut</strong></span> <span class='ocrx_word' id='word_1_548' title='bbox 2984 2275 3221 2348; x_wconf 78' lang='lat' dir='ltr'><strong>angelis.</strong></span> <span class='ocrx_word' id='word_1_549' title='bbox 3240 2277 3364 2333; x_wconf 84' lang='lat' dir='ltr'><strong>sive</strong></span> <span class='ocrx_word' id='word_1_550' title='bbox 3391 2277 3553 2333; x_wconf 84' lang='lat' dir='ltr'><strong>etiam</strong></span> 
     </span>
    </p>
   </div>
   <div class='ocr_carea' id='block_1_68' title="bbox 1971 2361 3588 2435">
    <p class='ocr_par' dir='ltr' id='par_1_68' title="bbox 1971 2361 3588 2435">
     <span class='ocr_line' id='line_1_68' title="bbox 1971 2361 3588 2435; baseline 0.006 -20"><span class='ocrx_word' id='word_1_551' title='bbox 1971 2361 2499 2435; x_wconf 77' lang='lat' dir='ltr'><strong>archangelis,quos</strong></span> <span class='ocrx_word' id='word_1_552' title='bbox 2526 2373 2736 2423; x_wconf 85' lang='lat' dir='ltr'><strong>mentes</strong></span> <span class='ocrx_word' id='word_1_553' title='bbox 2758 2365 2923 2423; x_wconf 87' lang='lat' dir='ltr'><strong>etiam</strong></span> <span class='ocrx_word' id='word_1_554' title='bbox 2948 2381 3071 2423; x_wconf 88' lang='lat' dir='ltr'><strong>esse</strong></span> <span class='ocrx_word' id='word_1_555' title='bbox 3087 2366 3588 2435; x_wconf 80' lang='lat' dir='ltr'><strong>dicimus?Quare-~</strong></span> 
     </span>
    </p>
   </div>
   <div class='ocr_carea' id='block_1_69' title="bbox 1970 2453 3557 2531">
    <p class='ocr_par' dir='ltr' id='par_1_69' title="bbox 1970 2453 3557 2531">
     <span class='ocr_line' id='line_1_69' title="bbox 1970 2453 3557 2531; baseline 0.006 -22"><span class='ocrx_word' id='word_1_556' title='bbox 1970 2468 2074 2524; x_wconf 84' lang='lat' dir='ltr'><strong>pax</strong></span> <span class='ocrx_word' id='word_1_557' title='bbox 2104 2453 2198 2509; x_wconf 89' lang='lat' dir='ltr'><strong>illa</strong></span> <span class='ocrx_word' id='word_1_558' title='bbox 2234 2470 2358 2526; x_wconf 72' lang='lat' dir='ltr'><strong>quae</strong></span> <span class='ocrx_word' id='word_1_559' title='bbox 2390 2467 2693 2529; x_wconf 84' lang='lat' dir='ltr'><strong>exsuperat</strong></span> <span class='ocrx_word' id='word_1_560' title='bbox 2720 2457 3094 2531; x_wconf 79' lang='lat' dir='ltr'><strong>Principatus,</strong></span> <span class='ocrx_word' id='word_1_561' title='bbox 3128 2468 3181 2514; x_wconf 88' lang='lat' dir='ltr'><strong>et</strong></span> <span class='ocrx_word' id='word_1_562' title='bbox 3221 2457 3557 2528; x_wconf 70' lang='lat' dir='ltr'><strong>Potestates,</strong></span> 
     </span>
    </p>
   </div>
   <div class='ocr_carea' id='block_1_70' title="bbox 1971 2544 3556 2624">
    <p class='ocr_par' dir='ltr' id='par_1_70' title="bbox 1971 2544 3556 2624">
     <span class='ocr_line' id='line_1_70' title="bbox 1971 2544 3556 2624; baseline 0.006 -25"><span class='ocrx_word' id='word_1_563' title='bbox 1971 2554 2026 2600; x_wconf 90' lang='lat' dir='ltr'><strong>et</strong></span> <span class='ocrx_word' id='word_1_564' title='bbox 2049 2544 2308 2603; x_wconf 89' lang='lat' dir='ltr'><strong>Thronos</strong></span> <span class='ocrx_word' id='word_1_565' title='bbox 2338 2548 2492 2620; x_wconf 90' lang='lat' dir='ltr'><strong>ipsos</strong></span> <span class='ocrx_word' id='word_1_566' title='bbox 2511 2558 2565 2605; x_wconf 91' lang='lat' dir='ltr'><strong>et</strong></span> <span class='ocrx_word' id='word_1_567' title='bbox 2588 2550 3025 2618; x_wconf 89' lang='lat' dir='ltr'><strong>Dominationes,</strong></span> <span class='ocrx_word' id='word_1_568' title='bbox 3044 2553 3307 2624; x_wconf 86' lang='lat' dir='ltr'><strong>adeoque</strong></span> <span class='ocrx_word' id='word_1_569' title='bbox 3338 2569 3556 2609; x_wconf 85' lang='lat' dir='ltr'><strong>onmem</strong></span> 
     </span>
    </p>
   </div>
   <div class='ocr_carea' id='block_1_71' title="bbox 1973 2640 3557 2716">
    <p class='ocr_par' dir='ltr' id='par_1_71' title="bbox 1973 2640 3557 2716">
     <span class='ocr_line' id='line_1_71' title="bbox 1973 2640 3557 2716; baseline 0.005 -24"><span class='ocrx_word' id='word_1_570' title='bbox 1973 2648 2240 2705; x_wconf 79' lang='lat' dir='ltr'><strong>mentem,</strong></span> <span class='ocrx_word' id='word_1_571' title='bbox 2264 2640 2737 2711; x_wconf 82' lang='lat' dir='ltr'><strong>Spiritus-Christi</strong></span> <span class='ocrx_word' id='word_1_572' title='bbox 2767 2654 2874 2709; x_wconf 90' lang='lat' dir='ltr'><strong>est,</strong></span> <span class='ocrx_word' id='word_1_573' title='bbox 2901 2659 3001 2716; x_wconf 90' lang='lat' dir='ltr'><strong>per</strong></span> <span class='ocrx_word' id='word_1_574' title='bbox 3032 2661 3194 2715; x_wconf 88' lang='lat' dir='ltr'><strong>quem</strong></span> <span class='ocrx_word' id='word_1_575' title='bbox 3227 2646 3412 2701; x_wconf 82' lang='lat' dir='ltr'><strong>Omnia</strong></span> <span class='ocrx_word' id='word_1_576' title='bbox 3447 2644 3557 2700; x_wconf 87' lang='lat' dir='ltr'><strong>Deo</strong></span> 
     </span>
    </p>
   </div>
   <div class='ocr_carea' id='block_1_72' title="bbox 1973 2735 3555 2806">
    <p class='ocr_par' dir='ltr' id='par_1_72' title="bbox 1973 2735 3555 2806">
     <span class='ocr_line' id='line_1_72' title="bbox 1973 2735 3555 2806; baseline 0.002 -17"><span class='ocrx_word' id='word_1_577' title='bbox 1973 2749 2041 2790; x_wconf 82' lang='lat' dir='ltr'><strong>ac</strong></span> <span class='ocrx_word' id='word_1_578' title='bbox 2075 2735 2235 2791; x_wconf 75' lang='lat' dir='ltr'><strong>Patri</strong></span> <span class='ocrx_word' id='word_1_579' title='bbox 2254 2738 2658 2803; x_wconf 79' lang='lat' dir='ltr'><strong>reconciliavit,</strong></span> <span class='ocrx_word' id='word_1_580' title='bbox 2682 2738 2812 2793; x_wconf 85' lang='lat' dir='ltr'><strong>dum</strong></span> <span class='ocrx_word' id='word_1_581' title='bbox 2844 2739 2979 2794; x_wconf 85' lang='lat' dir='ltr'><strong>nihil</strong></span> <span class='ocrx_word' id='word_1_582' title='bbox 3007 2738 3157 2793; x_wconf 86' lang='lat' dir='ltr'><strong>aliud</strong></span> <span class='ocrx_word' id='word_1_583' title='bbox 3197 2741 3331 2804; x_wconf 89' lang='lat' dir='ltr'><strong>vult,</strong></span> <span class='ocrx_word' id='word_1_584' title='bbox 3368 2740 3555 2806; x_wconf 86' lang='lat' dir='ltr'><strong>sentit,</strong></span> 
     </span>
    </p>
   </div>
   <div class='ocr_carea' id='block_1_73' title="bbox 1973 2826 3559 2893">
    <p class='ocr_par' dir='ltr' id='par_1_73' title="bbox 1973 2826 3559 2893">
     <span class='ocr_line' id='line_1_73' title="bbox 1973 2826 3559 2893; baseline 0.003 -12"><span class='ocrx_word' id='word_1_585' title='bbox 1973 2835 2069 2882; x_wconf 86' lang='lat' dir='ltr'><strong>aut</strong></span> <span class='ocrx_word' id='word_1_586' title='bbox 2100 2826 2252 2893; x_wconf 80' lang='lat' dir='ltr'><strong>facit,</strong></span> <span class='ocrx_word' id='word_1_587' title='bbox 2280 2843 2381 2884; x_wconf 91' lang='lat' dir='ltr'><strong>nec</strong></span> <span class='ocrx_word' id='word_1_588' title='bbox 2411 2829 2781 2886; x_wconf 87' lang='lat' dir='ltr'><strong>conversione</strong></span> <span class='ocrx_word' id='word_1_589' title='bbox 2817 2830 2885 2884; x_wconf 88' lang='lat' dir='ltr'><strong>ad</strong></span> <span class='ocrx_word' id='word_1_590' title='bbox 2931 2831 3136 2885; x_wconf 88' lang='lat' dir='ltr'><strong>malum</strong></span> <span class='ocrx_word' id='word_1_591' title='bbox 3163 2830 3272 2884; x_wconf 90' lang='lat' dir='ltr'><strong>alio</strong></span> <span class='ocrx_word' id='word_1_592' title='bbox 3316 2830 3559 2886; x_wconf 83' lang='lat' dir='ltr'><strong>deﬂectit</strong></span> 
     </span>
    </p>
   </div>
   <div class='ocr_carea' id='block_1_74' title="bbox 1972 2917 3560 2988">
    <p class='ocr_par' dir='ltr' id='par_1_74' title="bbox 1972 2917 3560 2988">
     <span class='ocr_line' id='line_1_74' title="bbox 1972 2917 3560 2988; baseline 0.001 -16"><span class='ocrx_word' id='word_1_593' title='bbox 1972 2918 2042 2973; x_wconf 80' lang='lat' dir='ltr'><strong>ab</strong></span> <span class='ocrx_word' id='word_1_594' title='bbox 2083 2918 2226 2988; x_wconf 88' lang='lat' dir='ltr'><strong>ipso.</strong></span> <span class='ocrx_word' id='word_1_595' title='bbox 2259 2917 2408 2974; x_wconf 88' lang='lat' dir='ltr'><strong>Nihil</strong></span> <span class='ocrx_word' id='word_1_596' title='bbox 2454 2928 2638 2975; x_wconf 89' lang='lat' dir='ltr'><strong>autem</strong></span> <span class='ocrx_word' id='word_1_597' title='bbox 2695 2920 2854 2975; x_wconf 86' lang='lat' dir='ltr'><strong>obest</strong></span> <span class='ocrx_word' id='word_1_598' title='bbox 2906 2918 3407 2975; x_wconf 87' lang='lat' dir='ltr'><strong>considerationem</strong></span> <span class='ocrx_word' id='word_1_599' title='bbox 3468 2918 3560 2973; x_wconf 84' lang='lat' dir='ltr'><strong>hic</strong></span> 
     </span>
    </p>
   </div>
   <div class='ocr_carea' id='block_1_75' title="bbox 1972 3010 3557 3081">
    <p class='ocr_par' dir='ltr' id='par_1_75' title="bbox 1972 3010 3557 3081">
     <span class='ocr_line' id='line_1_75' title="bbox 1972 3010 3557 3081; baseline 0.001 -16"><span class='ocrx_word' id='word_1_600' title='bbox 1972 3024 2139 3080; x_wconf 88' lang='lat' dir='ltr'><strong>porro</strong></span> <span class='ocrx_word' id='word_1_601' title='bbox 2180 3011 2377 3066; x_wconf 85' lang='lat' dir='ltr'><strong>all‘erre</strong></span> <span class='ocrx_word' id='word_1_602' title='bbox 2427 3025 2539 3066; x_wconf 91' lang='lat' dir='ltr'><strong>non</strong></span> <span class='ocrx_word' id='word_1_603' title='bbox 2595 3010 2865 3068; x_wconf 87' lang='lat' dir='ltr'><strong>insulsam</strong></span> <span class='ocrx_word' id='word_1_604' title='bbox 2911 3018 3061 3067; x_wconf 89' lang='lat' dir='ltr'><strong>certe</strong></span> <span class='ocrx_word' id='word_1_605' title='bbox 3104 3012 3187 3066; x_wconf 85' lang='lat' dir='ltr'><strong>vel</strong></span> <span class='ocrx_word' id='word_1_606' title='bbox 3221 3011 3557 3081; x_wconf 84' lang='lat' dir='ltr'><strong>imperitam.</strong></span> 
     </span>
    </p>
   </div>
   <div class='ocr_carea' id='block_1_76' title="bbox 1972 3097 3587 3167">
    <p class='ocr_par' dir='ltr' id='par_1_76' title="bbox 1972 3097 3587 3167">
     <span class='ocr_line' id='line_1_76' title="bbox 1972 3097 3587 3167; baseline -0.001 -13"><span class='ocrx_word' id='word_1_607' title='bbox 1972 3097 2445 3167; x_wconf 75' lang='lat' dir='ltr'><strong>Quemadmodum</strong></span> <span class='ocrx_word' id='word_1_608' title='bbox 2475 3100 2625 3157; x_wconf 90' lang='lat' dir='ltr'><strong>enim</strong></span> <span class='ocrx_word' id='word_1_609' title='bbox 2662 3115 2787 3156; x_wconf 89' lang='lat' dir='ltr'><strong>cum</strong></span> <span class='ocrx_word' id='word_1_610' title='bbox 2819 3101 2932 3154; x_wconf 90' lang='lat' dir='ltr'><strong>vita</strong></span> <span class='ocrx_word' id='word_1_611' title='bbox 2960 3098 3264 3156; x_wconf 89' lang='lat' dir='ltr'><strong>secundum</strong></span> <span class='ocrx_word' id='word_1_612' title='bbox 3304 3108 3587 3154; x_wconf 80' lang='lat' dir='ltr'><strong>naturam.</strong></span> 
     </span>
    </p>
   </div>
   <div class='ocr_carea' id='block_1_77' title="bbox 1976 3189 3565 3263">
    <p class='ocr_par' dir='ltr' id='par_1_77' title="bbox 1976 3189 3565 3263">
     <span class='ocr_line' id='line_1_77' title="bbox 1976 3189 3565 3263; baseline -0.001 -16"><span class='ocrx_word' id='word_1_613' title='bbox 1976 3191 2050 3247; x_wconf 89' lang='lat' dir='ltr'><strong>sit</strong></span> <span class='ocrx_word' id='word_1_614' title='bbox 2092 3189 2290 3257; x_wconf 86' lang='lat' dir='ltr'><strong>Filius,</strong></span> <span class='ocrx_word' id='word_1_615' title='bbox 2334 3200 2391 3248; x_wconf 89' lang='lat' dir='ltr'><strong>et</strong></span> <span class='ocrx_word' id='word_1_616' title='bbox 2442 3193 2742 3262; x_wconf 86' lang='lat' dir='ltr'><strong>sapientia,</strong></span> <span class='ocrx_word' id='word_1_617' title='bbox 2785 3206 2850 3248; x_wconf 90' lang='lat' dir='ltr'><strong>ac</strong></span> <span class='ocrx_word' id='word_1_618' title='bbox 2883 3192 3082 3258; x_wconf 83' lang='lat' dir='ltr'><strong>virtus,</strong></span> <span class='ocrx_word' id='word_1_619' title='bbox 3123 3201 3178 3247; x_wconf 87' lang='lat' dir='ltr'><strong>et</strong></span> <span class='ocrx_word' id='word_1_620' title='bbox 3212 3190 3449 3263; x_wconf 83' lang='lat' dir='ltr'><strong>Spiritus</strong></span> <span class='ocrx_word' id='word_1_621' title='bbox 3488 3194 3565 3248; x_wconf 87' lang='lat' dir='ltr'><strong>sit</strong></span> 
     </span>
    </p>
   </div>
   <div class='ocr_carea' id='block_1_78' title="bbox 1977 3281 3590 3354">
    <p class='ocr_par' dir='ltr' id='par_1_78' title="bbox 1977 3281 3590 3354">
     <span class='ocr_line' id='line_1_78' title="bbox 1977 3281 3590 3354; baseline 0 -17"><span class='ocrx_word' id='word_1_622' title='bbox 1977 3292 2143 3354; x_wconf 83' lang='lat' dir='ltr'><strong>atque</strong></span> <span class='ocrx_word' id='word_1_623' title='bbox 2174 3289 2407 3339; x_wconf 78' lang='lat' dir='ltr'><strong>Vocetur</strong></span> <span class='ocrx_word' id='word_1_624' title='bbox 2447 3283 2573 3353; x_wconf 90' lang='lat' dir='ltr'><strong>ejus</strong></span> <span class='ocrx_word' id='word_1_625' title='bbox 2606 3282 2872 3354; x_wconf 81' lang='lat' dir='ltr'><strong>Spiritus,</strong></span> <span class='ocrx_word' id='word_1_626' title='bbox 2911 3281 3150 3353; x_wconf 88' lang='lat' dir='ltr'><strong>Spiritus</strong></span> <span class='ocrx_word' id='word_1_627' title='bbox 3178 3291 3280 3339; x_wconf 88' lang='lat' dir='ltr'><strong>est</strong></span> <span class='ocrx_word' id='word_1_628' title='bbox 3319 3284 3463 3349; x_wconf 67' lang='lat' dir='ltr'><strong>vim,</strong></span> <span class='ocrx_word' id='word_1_629' title='bbox 3505 3291 3590 3339; x_wconf 66' lang='lat' dir='ltr'><strong>et-</strong></span> 
     </span>
    </p>
   </div>
   <div class='ocr_carea' id='block_1_79' title="bbox 1976 3372 3563 3445">
    <p class='ocr_par' dir='ltr' id='par_1_79' title="bbox 1976 3372 3563 3445">
     <span class='ocr_line' id='line_1_79' title="bbox 1976 3372 3563 3445; baseline -0.001 -15"><span class='ocrx_word' id='word_1_630' title='bbox 1976 3374 2283 3445; x_wconf 58' lang='lat' dir='ltr'><strong>sapientiae.</strong></span> <span class='ocrx_word' id='word_1_631' title='bbox 2337 3388 2402 3429; x_wconf 87' lang='lat' dir='ltr'><strong>ac</strong></span> <span class='ocrx_word' id='word_1_632' title='bbox 2442 3373 2664 3431; x_wconf 84' lang='lat' dir='ltr'><strong>virtutis</strong></span> <span class='ocrx_word' id='word_1_633' title='bbox 2714 3392 2728 3430; x_wconf 92' lang='lat'><strong>:</strong></span> <span class='ocrx_word' id='word_1_634' title='bbox 2771 3372 2849 3428; x_wconf 88' lang='lat' dir='ltr'><strong>ita</strong></span> <span class='ocrx_word' id='word_1_635' title='bbox 2893 3388 3019 3429; x_wconf 89' lang='lat' dir='ltr'><strong>cum</strong></span> <span class='ocrx_word' id='word_1_636' title='bbox 3055 3374 3128 3428; x_wconf 88' lang='lat' dir='ltr'><strong>sit</strong></span> <span class='ocrx_word' id='word_1_637' title='bbox 3166 3372 3287 3444; x_wconf 89' lang='lat' dir='ltr'><strong>ipse</strong></span> <span class='ocrx_word' id='word_1_638' title='bbox 3339 3382 3392 3429; x_wconf 87' lang='lat' dir='ltr'><strong>et</strong></span> <span class='ocrx_word' id='word_1_639' title='bbox 3450 3388 3563 3428; x_wconf 84' lang='lat' dir='ltr'><strong>non</strong></span> 
     </span>
    </p>
   </div>
   <div class='ocr_carea' id='block_1_80' title="bbox 1921 3464 3562 3538">
    <p class='ocr_par' dir='ltr' id='par_1_80' title="bbox 1921 3464 3562 3538">
     <span class='ocr_line' id='line_1_80' title="bbox 1921 3464 3562 3538; baseline 0.001 -17"><span class='ocrx_word' id='word_1_640' title='bbox 1921 3481 1926 3485; x_wconf 84' lang='lat'>&#39;</span> <span class='ocrx_word' id='word_1_641' title='bbox 1976 3466 2118 3522; x_wconf 89' lang='lat' dir='ltr'><strong>alius</strong></span> <span class='ocrx_word' id='word_1_642' title='bbox 2145 3481 2275 3522; x_wconf 88' lang='lat' dir='ltr'><strong>vera</strong></span> <span class='ocrx_word' id='word_1_643' title='bbox 2303 3474 2358 3523; x_wconf 90' lang='lat' dir='ltr'><strong>et</strong></span> <span class='ocrx_word' id='word_1_644' title='bbox 2403 3468 2630 3538; x_wconf 87' lang='lat' dir='ltr'><strong>propria</strong></span> <span class='ocrx_word' id='word_1_645' title='bbox 2680 3481 2807 3537; x_wconf 83' lang='lat' dir='ltr'><strong>pax,</strong></span> <span class='ocrx_word' id='word_1_646' title='bbox 2839 3466 2964 3536; x_wconf 75' lang='lat' dir='ltr'><strong>iure</strong></span> <span class='ocrx_word' id='word_1_647' title='bbox 3011 3464 3228 3521; x_wconf 89' lang='lat' dir='ltr'><strong>dicetur</strong></span> <span class='ocrx_word' id='word_1_648' title='bbox 3260 3481 3327 3521; x_wconf 89' lang='lat' dir='ltr'><strong>ac</strong></span> <span class='ocrx_word' id='word_1_649' title='bbox 3360 3480 3562 3522; x_wconf 82' lang='lat' dir='ltr'><strong>cense-</strong></span> 
     </span>
    </p>
   </div>
   <div class='ocr_carea' id='block_1_81' title="bbox 1977 3556 3577 3630">
    <p class='ocr_par' dir='ltr' id='par_1_81' title="bbox 1977 3556 3577 3630">
     <span class='ocr_line' id='line_1_81' title="bbox 1977 3556 3577 3630; baseline -0.003 -16"><span class='ocrx_word' id='word_1_650' title='bbox 1977 3558 2132 3614; x_wconf 88' lang='lat' dir='ltr'><strong>bitur</strong></span> <span class='ocrx_word' id='word_1_651' title='bbox 2165 3558 2312 3615; x_wconf 88' lang='lat' dir='ltr'><strong>sicut</strong></span> <span class='ocrx_word' id='word_1_652' title='bbox 2359 3558 2479 3630; x_wconf 90' lang='lat' dir='ltr'><strong>ipse</strong></span> <span class='ocrx_word' id='word_1_653' title='bbox 2532 3574 2636 3630; x_wconf 89' lang='lat' dir='ltr'><strong>pax</strong></span> <span class='ocrx_word' id='word_1_654' title='bbox 2689 3556 2934 3629; x_wconf 89' lang='lat' dir='ltr'><strong>Spiritus</strong></span> <span class='ocrx_word' id='word_1_655' title='bbox 2980 3557 3391 3628; x_wconf 79' lang='lat' dir='ltr'><strong>ejus.ldeoque</strong></span> <span class='ocrx_word' id='word_1_656' title='bbox 3447 3572 3577 3614; x_wconf 67' lang='lat' dir='ltr'><strong>suae-</strong></span> 
     </span>
    </p>
   </div>
   <div class='ocr_carea' id='block_1_82' title="bbox 1978 3650 3562 3722">
    <p class='ocr_par' dir='ltr' id='par_1_82' title="bbox 1978 3650 3562 3722">
     <span class='ocr_line' id='line_1_82' title="bbox 1978 3650 3562 3722; baseline -0.001 -16"><span class='ocrx_word' id='word_1_657' title='bbox 1978 3651 2156 3722; x_wconf 90' lang='lat' dir='ltr'><strong>ipsius</strong></span> <span class='ocrx_word' id='word_1_658' title='bbox 2198 3660 2410 3707; x_wconf 68' lang='lat' dir='ltr'><strong>naturae</strong></span> <span class='ocrx_word' id='word_1_659' title='bbox 2460 3651 2741 3722; x_wconf 88' lang='lat' dir='ltr'><strong>propriam</strong></span> <span class='ocrx_word' id='word_1_660' title='bbox 2778 3663 2968 3722; x_wconf 90' lang='lat' dir='ltr'><strong>pacem</strong></span> <span class='ocrx_word' id='word_1_661' title='bbox 3018 3650 3372 3721; x_wconf 82' lang='lat' dir='ltr'><strong>peculiariter</strong></span> <span class='ocrx_word' id='word_1_662' title='bbox 3401 3652 3562 3704; x_wconf 86' lang='lat' dir='ltr'><strong>attri-</strong></span> 
     </span>
    </p>
   </div>
   <div class='ocr_carea' id='block_1_83' title="bbox 1978 3743 3561 3815">
    <p class='ocr_par' dir='ltr' id='par_1_83' title="bbox 1978 3743 3561 3815">
     <span class='ocr_line' id='line_1_83' title="bbox 1978 3743 3561 3815; baseline -0.001 -15"><span class='ocrx_word' id='word_1_663' title='bbox 1978 3744 2176 3812; x_wconf 89' lang='lat' dir='ltr'><strong>buens,</strong></span> <span class='ocrx_word' id='word_1_664' title='bbox 2232 3745 2287 3801; x_wconf 91' lang='lat' dir='ltr'><strong>id</strong></span> <span class='ocrx_word' id='word_1_665' title='bbox 2348 3753 2434 3802; x_wconf 85' lang='lat' dir='ltr'><strong>est</strong></span> <span class='ocrx_word' id='word_1_666' title='bbox 2479 3743 2784 3815; x_wconf 89' lang='lat' dir='ltr'><strong>Spiritum,</strong></span> <span class='ocrx_word' id='word_1_667' title='bbox 2821 3743 2892 3800; x_wconf 90' lang='lat' dir='ltr'><strong>de</strong></span> <span class='ocrx_word' id='word_1_668' title='bbox 2938 3743 3061 3813; x_wconf 85' lang='lat' dir='ltr'><strong>ipso</strong></span> <span class='ocrx_word' id='word_1_669' title='bbox 3115 3743 3194 3797; x_wconf 83' lang='lat' dir='ltr'><strong>ait</strong></span> <span class='ocrx_word' id='word_1_670' title='bbox 3232 3762 3244 3799; x_wconf 76' lang='grc' dir='ltr'><strong>ε</strong></span> <span class='ocrx_word' id='word_1_671' title='bbox 3288 3761 3307 3795; x_wconf 83' lang='grc' dir='ltr'><strong>ι</strong></span> <span class='ocrx_word' id='word_1_672' title='bbox 3360 3743 3561 3798; x_wconf 84' lang='lat' dir='ltr'><strong>Pacem</strong></span> 
     </span>
    </p>
   </div>
   <div class='ocr_carea' id='block_1_84' title="bbox 1978 3832 3563 3906">
    <p class='ocr_par' dir='ltr' id='par_1_84' title="bbox 1978 3832 3563 3906">
     <span class='ocr_line' id='line_1_84' title="bbox 1978 3832 3563 3906; baseline -0.001 -16"><span class='ocrx_word' id='word_1_673' title='bbox 1978 3851 2155 3891; x_wconf 88' lang='lat' dir='ltr'><strong>meam</strong></span> <span class='ocrx_word' id='word_1_674' title='bbox 2210 3837 2465 3906; x_wconf 86' lang='lat' dir='ltr'><strong>relinquo</strong></span> <span class='ocrx_word' id='word_1_675' title='bbox 2503 3836 2681 3892; x_wconf 80' lang='lat' dir='ltr'><strong>vobis.</strong></span> <span class='ocrx_word' id='word_1_676' title='bbox 2719 3853 2738 3888; x_wconf 72' lang='grc' dir='ltr'><strong>ι</strong></span> <span class='ocrx_word' id='word_1_677' title='bbox 2771 3832 2931 3902; x_wconf 85' lang='lat' dir='ltr'><strong>Quod</strong></span> <span class='ocrx_word' id='word_1_678' title='bbox 2974 3844 3158 3888; x_wconf 87' lang='lat' dir='ltr'><strong>autem</strong></span> <span class='ocrx_word' id='word_1_679' title='bbox 3204 3833 3372 3889; x_wconf 85' lang='lat' dir='ltr'><strong>etiam</strong></span> <span class='ocrx_word' id='word_1_680' title='bbox 3415 3832 3563 3904; x_wconf 87' lang='lat' dir='ltr'><strong>apud</strong></span> 
     </span>
    </p>
   </div>
   <div class='ocr_carea' id='block_1_85' title="bbox 1980 3922 3566 3997">
    <p class='ocr_par' dir='ltr' id='par_1_85' title="bbox 1980 3922 3566 3997">
     <span class='ocr_line' id='line_1_85' title="bbox 1980 3922 3566 3997; baseline -0.004 -15"><span class='ocrx_word' id='word_1_681' title='bbox 1980 3934 2204 3982; x_wconf 88' lang='lat' dir='ltr'><strong>sanctos</strong></span> <span class='ocrx_word' id='word_1_682' title='bbox 2234 3927 2534 3997; x_wconf 87' lang='lat' dir='ltr'><strong>prophetas</strong></span> <span class='ocrx_word' id='word_1_683' title='bbox 2584 3924 2657 3980; x_wconf 90' lang='lat' dir='ltr'><strong>ita</strong></span> <span class='ocrx_word' id='word_1_684' title='bbox 2688 3933 3062 3995; x_wconf 84' lang='lat' dir='ltr'><strong>nuncupatus.</strong></span> <span class='ocrx_word' id='word_1_685' title='bbox 3089 3925 3161 3980; x_wconf 89' lang='lat' dir='ltr'><strong>sit</strong></span> <span class='ocrx_word' id='word_1_686' title='bbox 3198 3924 3405 3979; x_wconf 86' lang='lat' dir='ltr'><strong>Christi</strong></span> <span class='ocrx_word' id='word_1_687' title='bbox 3442 3922 3566 3993; x_wconf 83' lang='lat' dir='ltr'><strong>Spi-</strong></span> 
     </span>
    </p>
   </div>
   <div class='ocr_carea' id='block_1_86' title="bbox 1979 4012 3561 4085">
    <p class='ocr_par' dir='ltr' id='par_1_86' title="bbox 1979 4012 3561 4085">
     <span class='ocr_line' id='line_1_86' title="bbox 1979 4012 3561 4085; baseline -0.003 -12"><span class='ocrx_word' id='word_1_688' title='bbox 1979 4018 2141 4082; x_wconf 84' lang='lat' dir='ltr'><strong>ritus,</strong></span> <span class='ocrx_word' id='word_1_689' title='bbox 2170 4032 2237 4072; x_wconf 84' lang='lat' dir='ltr'><strong>ex</strong></span> <span class='ocrx_word' id='word_1_690' title='bbox 2272 4016 2434 4072; x_wconf 76' lang='lat' dir='ltr'><strong>Isaiae</strong></span> <span class='ocrx_word' id='word_1_691' title='bbox 2474 4015 2657 4071; x_wconf 83' lang='lat' dir='ltr'><strong>verbis</strong></span> <span class='ocrx_word' id='word_1_692' title='bbox 2702 4023 2857 4070; x_wconf 86' lang='lat' dir='ltr'><strong>recte</strong></span> <span class='ocrx_word' id='word_1_693' title='bbox 2900 4015 3219 4085; x_wconf 78' lang='lat' dir='ltr'><strong>intelliges:</strong></span> <span class='ocrx_word' id='word_1_694' title='bbox 3250 4032 3268 4066; x_wconf 86' lang='grc' dir='ltr'><strong>ι</strong></span> <span class='ocrx_word' id='word_1_695' title='bbox 3309 4012 3561 4073; x_wconf 84' lang='lat' dir='ltr'><strong>Domine,</strong></span> 
     </span>
    </p>
   </div>
   <div class='ocr_carea' id='block_1_87' title="bbox 1980 4106 3589 4182">
    <p class='ocr_par' dir='ltr' id='par_1_87' title="bbox 1980 4106 3589 4182">
     <span class='ocr_line' id='line_1_87' title="bbox 1980 4106 3589 4182; baseline -0.004 -16"><span class='ocrx_word' id='word_1_696' title='bbox 1980 4110 2163 4182; x_wconf 86' lang='lat' dir='ltr'><strong>inquit</strong></span> <span class='ocrx_word' id='word_1_697' title='bbox 2195 4108 2363 4172; x_wconf 86' lang='lat' dir='ltr'><strong>enim,</strong></span> <span class='ocrx_word' id='word_1_698' title='bbox 2393 4106 2539 4164; x_wconf 90' lang='lat' dir='ltr'><strong>Deus</strong></span> <span class='ocrx_word' id='word_1_699' title='bbox 2571 4114 2783 4171; x_wconf 89' lang='lat' dir='ltr'><strong>noster,</strong></span> <span class='ocrx_word' id='word_1_700' title='bbox 2820 4122 3011 4178; x_wconf 81' lang='lat' dir='ltr'><strong>pacem</strong></span> <span class='ocrx_word' id='word_1_701' title='bbox 3041 4106 3109 4162; x_wconf 87' lang='lat' dir='ltr'><strong>da</strong></span> <span class='ocrx_word' id='word_1_702' title='bbox 3142 4106 3302 4162; x_wconf 92' lang='lat' dir='ltr'><strong>nobis</strong></span> <span class='ocrx_word' id='word_1_703' title='bbox 3333 4124 3346 4161; x_wconf 88' lang='lat'><strong>:</strong></span> <span class='ocrx_word' id='word_1_704' title='bbox 3377 4107 3589 4161; x_wconf 38' lang='lat' dir='ltr'><strong>omnia.</strong></span> 
     </span>
    </p>
   </div>
   <div class='ocr_carea' id='block_1_88' title="bbox 1979 4198 3568 4266">
    <p class='ocr_par' dir='ltr' id='par_1_88' title="bbox 1979 4198 3568 4266">
     <span class='ocr_line' id='line_1_88' title="bbox 1979 4198 3568 4266; baseline -0.004 -7"><span class='ocrx_word' id='word_1_705' title='bbox 1979 4202 2122 4262; x_wconf 88' lang='lat' dir='ltr'><strong>enim</strong></span> <span class='ocrx_word' id='word_1_706' title='bbox 2177 4201 2467 4257; x_wconf 85' lang='lat' dir='ltr'><strong>reddidisti</strong></span> <span class='ocrx_word' id='word_1_707' title='bbox 2520 4202 2681 4257; x_wconf 89' lang='lat' dir='ltr'><strong>nobis</strong></span> <span class='ocrx_word' id='word_1_708' title='bbox 2701 4201 2769 4257; x_wconf 78' lang='lat'><strong>&quot;.</strong></span> <span class='ocrx_word' id='word_1_709' title='bbox 2813 4220 2832 4253; x_wconf 76' lang='grc' dir='ltr'><strong>ι</strong></span> <span class='ocrx_word' id='word_1_710' title='bbox 2877 4198 3050 4266; x_wconf 82' lang='lat' dir='ltr'><strong>Quasi</strong></span> <span class='ocrx_word' id='word_1_711' title='bbox 3097 4200 3244 4256; x_wconf 90' lang='lat' dir='ltr'><strong>enim</strong></span> <span class='ocrx_word' id='word_1_712' title='bbox 3290 4199 3380 4256; x_wconf 82' lang='lat' dir='ltr'><strong>lex</strong></span> <span class='ocrx_word' id='word_1_713' title='bbox 3428 4200 3568 4254; x_wconf 86' lang='lat' dir='ltr'><strong>nihil</strong></span> 
     </span>
    </p>
   </div>
   <div class='ocr_carea' id='block_1_89' title="bbox 1980 4291 3566 4366">
    <p class='ocr_par' dir='ltr' id='par_1_89' title="bbox 1980 4291 3566 4366">
     <span class='ocr_line' id='line_1_89' title="bbox 1980 4291 3566 4366; baseline -0.001 -17"><span class='ocrx_word' id='word_1_714' title='bbox 1980 4296 2055 4351; x_wconf 84' lang='lat' dir='ltr'><strong>ad</strong></span> <span class='ocrx_word' id='word_1_715' title='bbox 2085 4295 2389 4366; x_wconf 80' lang='lat' dir='ltr'><strong>perlectum</strong></span> <span class='ocrx_word' id='word_1_716' title='bbox 2424 4294 2736 4360; x_wconf 79' lang='lat' dir='ltr'><strong>adduxerit,</strong></span> <span class='ocrx_word' id='word_1_717' title='bbox 2783 4308 2963 4364; x_wconf 91' lang='lat' dir='ltr'><strong>neque</strong></span> <span class='ocrx_word' id='word_1_718' title='bbox 2999 4293 3138 4348; x_wconf 86' lang='lat' dir='ltr'><strong>adeo</strong></span> <span class='ocrx_word' id='word_1_719' title='bbox 3166 4291 3404 4349; x_wconf 84' lang='lat' dir='ltr'><strong>sulIiciat</strong></span> <span class='ocrx_word' id='word_1_720' title='bbox 3440 4292 3566 4361; x_wconf 83' lang='lat' dir='ltr'><strong>ejus</strong></span> 
     </span>
    </p>
   </div>
   <div class='ocr_carea' id='block_1_90' title="bbox 1977 4385 3567 4459">
    <p class='ocr_par' dir='ltr' id='par_1_90' title="bbox 1977 4385 3567 4459">
     <span class='ocr_line' id='line_1_90' title="bbox 1977 4385 3567 4459; baseline -0.001 -17"><span class='ocrx_word' id='word_1_721' title='bbox 1977 4388 2220 4459; x_wconf 74' lang='lat' dir='ltr'><strong>iustitia,</strong></span> <span class='ocrx_word' id='word_1_722' title='bbox 2248 4400 2311 4443; x_wconf 91' lang='lat' dir='ltr'><strong>ut</strong></span> <span class='ocrx_word' id='word_1_723' title='bbox 2343 4387 2409 4443; x_wconf 91' lang='lat' dir='ltr'><strong>ad</strong></span> <span class='ocrx_word' id='word_1_724' title='bbox 2446 4387 2824 4458; x_wconf 85' lang='lat' dir='ltr'><strong>plenissimam</strong></span> <span class='ocrx_word' id='word_1_725' title='bbox 2848 4393 2904 4442; x_wconf 92' lang='lat' dir='ltr'><strong>et</strong></span> <span class='ocrx_word' id='word_1_726' title='bbox 2948 4385 3410 4456; x_wconf 72' lang='lat' dir='ltr'><strong>perfectissimam</strong></span> <span class='ocrx_word' id='word_1_727' title='bbox 3446 4385 3567 4454; x_wconf 89' lang='lat' dir='ltr'><strong>pie-</strong></span> 
     </span>
    </p>
   </div>
   <div class='ocr_carea' id='block_1_91' title="bbox 1981 4476 3565 4545">
    <p class='ocr_par' dir='ltr' id='par_1_91' title="bbox 1981 4476 3565 4545">
     <span class='ocr_line' id='line_1_91' title="bbox 1981 4476 3565 4545; baseline -0.004 -11"><span class='ocrx_word' id='word_1_728' title='bbox 1981 4489 2151 4535; x_wconf 86' lang='lat' dir='ltr'><strong>tatem</strong></span> <span class='ocrx_word' id='word_1_729' title='bbox 2210 4481 2487 4536; x_wconf 82' lang='lat' dir='ltr'><strong>hominem</strong></span> <span class='ocrx_word' id='word_1_730' title='bbox 2542 4487 2787 4543; x_wconf 83' lang='lat' dir='ltr'><strong>revocet,</strong></span> <span class='ocrx_word' id='word_1_731' title='bbox 2831 4476 3077 4533; x_wconf 77' lang='lat' dir='ltr'><strong>divinum</strong></span> <span class='ocrx_word' id='word_1_732' title='bbox 3136 4477 3254 4531; x_wconf 87' lang='lat' dir='ltr'><strong>dari</strong></span> <span class='ocrx_word' id='word_1_733' title='bbox 3298 4476 3565 4545; x_wconf 86' lang='lat' dir='ltr'><strong>Spiritum</strong></span> 
     </span>
    </p>
   </div>
   <div class='ocr_carea' id='block_1_92' title="bbox 280 4563 1873 4644">
    <p class='ocr_par' dir='ltr' id='par_1_92' title="bbox 280 4563 1873 4642">
     <span class='ocr_line' id='line_1_92' title="bbox 280 4563 1873 4642; baseline 0.005 -23"><span class='ocrx_word' id='word_1_734' title='bbox 280 4567 342 4619; x_wconf 70' lang='grc' dir='ltr'><strong>το</strong></span> <span class='ocrx_word' id='word_1_735' title='bbox 375 4567 606 4637; x_wconf 79' lang='grc' dir='ltr'>Πνεῦμα</span> <span class='ocrx_word' id='word_1_736' title='bbox 632 4564 892 4637; x_wconf 84' lang='grc' dir='ltr'>Χριστοῦ,</span> <span class='ocrx_word' id='word_1_737' title='bbox 936 4568 1190 4638; x_wconf 89' lang='grc' dir='ltr'>συνήσεις</span> <span class='ocrx_word' id='word_1_738' title='bbox 1216 4563 1278 4621; x_wconf 86' lang='grc' dir='ltr'><strong>εῦ</strong></span> <span class='ocrx_word' id='word_1_739' title='bbox 1311 4567 1456 4639; x_wconf 75' lang='grc' dir='ltr'>μάλα</span> <span class='ocrx_word' id='word_1_740' title='bbox 1482 4567 1555 4622; x_wconf 78' lang='grc' dir='ltr'><strong>τὸ·</strong></span> <span class='ocrx_word' id='word_1_741' title='bbox 1575 4569 1662 4624; x_wconf 88' lang='grc' dir='ltr'><strong>διά</strong></span> <span class='ocrx_word' id='word_1_742' title='bbox 1690 4571 1873 4642; x_wconf 81' lang='grc' dir='ltr'>φωνῆς</span> 
     </span>
    </p>
   </div>
   <div class='ocr_carea' id='block_1_93' title="bbox 1973 4563 3584 4644">
    <p class='ocr_par' dir='ltr' id='par_1_93' title="bbox 1988 4567 3584 4644">
     <span class='ocr_line' id='line_1_93' title="bbox 1988 4567 3584 4644; baseline -0.004 -18"><span class='ocrx_word' id='word_1_743' title='bbox 1988 4571 2220 4644; x_wconf 71' lang='lat' dir='ltr'><strong>ﬂagitat,</strong></span> <span class='ocrx_word' id='word_1_744' title='bbox 2265 4586 2363 4643; x_wconf 90' lang='lat' dir='ltr'><strong>per</strong></span> <span class='ocrx_word' id='word_1_745' title='bbox 2406 4587 2571 4643; x_wconf 91' lang='lat' dir='ltr'><strong>quem</strong></span> <span class='ocrx_word' id='word_1_746' title='bbox 2631 4570 2993 4626; x_wconf 37' lang='lat' dir='ltr'><strong>reconciliati]</strong></span> <span class='ocrx_word' id='word_1_747' title='bbox 3029 4569 3141 4625; x_wconf 86' lang='lat' dir='ltr'><strong>Deo</strong></span> <span class='ocrx_word' id='word_1_748' title='bbox 3186 4583 3253 4624; x_wconf 84' lang='lat' dir='ltr'><strong>ac</strong></span> <span class='ocrx_word' id='word_1_749' title='bbox 3309 4567 3460 4622; x_wconf 83' lang='lat' dir='ltr'><strong>Patri</strong></span> <span class='ocrx_word' id='word_1_750' title='bbox 3499 4571 3584 4624; x_wconf 88' lang='lat' dir='ltr'><strong>ad.</strong></span> 
     </span>
    </p>
   </div>
   <div class='ocr_carea' id='block_1_94' title="bbox 292 4654 1875 4731">
    <p class='ocr_par' dir='ltr' id='par_1_94' title="bbox 292 4654 1875 4731">
     <span class='ocr_line' id='line_1_94' title="bbox 292 4654 1875 4731; baseline 0.002 -21"><span class='ocrx_word' id='word_1_751' title='bbox 292 4657 527 4711; x_wconf 68' lang='grc' dir='ltr'>Ἡσαΐου</span> <span class='ocrx_word' id='word_1_752' title='bbox 572 4655 758 4726; x_wconf 82' lang='grc' dir='ltr'>μαθών</span> <span class='ocrx_word' id='word_1_753' title='bbox 781 4670 795 4686; x_wconf 81' lang='grc'><em>’</em></span> <span class='ocrx_word' id='word_1_754' title='bbox 836 4674 855 4708; x_wconf 89' lang='grc' dir='ltr'><strong>ι</strong></span> <span class='ocrx_word' id='word_1_755' title='bbox 879 4655 1054 4727; x_wconf 79' lang='grc' dir='ltr'>Κύριε</span> <span class='ocrx_word' id='word_1_756' title='bbox 1084 4654 1213 4728; x_wconf 77' lang='grc' dir='ltr'>γὰρ,</span> <span class='ocrx_word' id='word_1_757' title='bbox 1249 4657 1436 4728; x_wconf 70' lang='grc' dir='ltr'>φησιν,</span> <span class='ocrx_word' id='word_1_758' title='bbox 1469 4657 1501 4709; x_wconf 88' lang='lat'><strong>6</strong></span> <span class='ocrx_word' id='word_1_759' title='bbox 1527 4657 1661 4720; x_wconf 83' lang='grc' dir='ltr'>Θεὸς</span> <span class='ocrx_word' id='word_1_760' title='bbox 1695 4660 1875 4731; x_wconf 76' lang='grc' dir='ltr'>ἡμῶν,</span> 
     </span>
    </p>
   </div>
   <div class='ocr_carea' id='block_1_95' title="bbox 278 4744 1884 4819">
    <p class='ocr_par' dir='ltr' id='par_1_95' title="bbox 278 4744 1884 4819">
     <span class='ocr_line' id='line_1_95' title="bbox 278 4744 1884 4819; baseline 0.003 -23"><span class='ocrx_word' id='word_1_761' title='bbox 278 4747 513 4817; x_wconf 85' lang='grc' dir='ltr'>εἰρήνην</span> <span class='ocrx_word' id='word_1_762' title='bbox 541 4744 631 4808; x_wconf 83' lang='grc' dir='ltr'>δὸς</span> <span class='ocrx_word' id='word_1_763' title='bbox 656 4746 791 4817; x_wconf 87' lang='grc' dir='ltr'>ήμῖν</span> <span class='ocrx_word' id='word_1_764' title='bbox 816 4760 830 4775; x_wconf 89' lang='grc'><strong>·</strong></span> <span class='ocrx_word' id='word_1_765' title='bbox 864 4745 1044 4799; x_wconf 87' lang='grc' dir='ltr'>πάντα</span> <span class='ocrx_word' id='word_1_766' title='bbox 1072 4744 1183 4816; x_wconf 86' lang='grc' dir='ltr'>γὰρ</span> <span class='ocrx_word' id='word_1_767' title='bbox 1210 4746 1502 4811; x_wconf 84' lang='grc' dir='ltr'>ἀπέδωκας</span> <span class='ocrx_word' id='word_1_768' title='bbox 1531 4748 1682 4819; x_wconf 79' lang='grc' dir='ltr'>ἡμῖν.</span> <span class='ocrx_word' id='word_1_769' title='bbox 1714 4767 1751 4800; x_wconf 72' lang='grc' dir='ltr'>»ι</span> <span class='ocrx_word' id='word_1_770' title='bbox 1793 4750 1884 4816; x_wconf 78' lang='grc' dir='ltr'>Ὠς</span> 
     </span>
    </p>
   </div>
   <div class='ocr_carea' id='block_1_96' title="bbox 277 4837 1882 4914">
    <p class='ocr_par' dir='ltr' id='par_1_96' title="bbox 277 4837 1882 4914">
     <span class='ocr_line' id='line_1_96' title="bbox 277 4837 1882 4914; baseline 0 -21"><span class='ocrx_word' id='word_1_771' title='bbox 277 4840 393 4910; x_wconf 86' lang='grc' dir='ltr'><strong>γάρ</strong></span> <span class='ocrx_word' id='word_1_772' title='bbox 424 4839 583 4893; x_wconf 78' lang='grc' dir='ltr'>οὐδὲν</span> <span class='ocrx_word' id='word_1_773' title='bbox 610 4837 708 4892; x_wconf 86' lang='grc' dir='ltr'><strong>τοῦ</strong></span> <span class='ocrx_word' id='word_1_774' title='bbox 743 4837 914 4908; x_wconf 79' lang='grc' dir='ltr'>νόμου</span> <span class='ocrx_word' id='word_1_775' title='bbox 943 4838 1378 4905; x_wconf 78' lang='grc' dir='ltr'>τετελειωκότος,</span> <span class='ocrx_word' id='word_1_776' title='bbox 1421 4838 1547 4893; x_wconf 78' lang='grc' dir='ltr'>οὔτε</span> <span class='ocrx_word' id='word_1_777' title='bbox 1581 4841 1687 4914; x_wconf 83' lang='grc' dir='ltr'>μὴν</span> <span class='ocrx_word' id='word_1_778' title='bbox 1719 4841 1882 4913; x_wconf 79' lang='grc' dir='ltr'>ὲξαρ-</span> 
     </span>
    </p>
   </div>
   <div class='ocr_carea' id='block_1_97' title="bbox 278 4928 1883 5005">
    <p class='ocr_par' dir='ltr' id='par_1_97' title="bbox 278 4928 1883 5005">
     <span class='ocr_line' id='line_1_97' title="bbox 278 4928 1883 5005; baseline 0.004 -24"><span class='ocrx_word' id='word_1_779' title='bbox 278 4929 495 4999; x_wconf 81' lang='grc' dir='ltr'>κούσης</span> <span class='ocrx_word' id='word_1_780' title='bbox 521 4928 624 5000; x_wconf 88' lang='grc' dir='ltr'>τῆς</span> <span class='ocrx_word' id='word_1_781' title='bbox 659 4928 782 4983; x_wconf 83' lang='grc' dir='ltr'>κατ’</span> <span class='ocrx_word' id='word_1_782' title='bbox 814 4929 980 4984; x_wconf 83' lang='grc' dir='ltr'>αὑτὸν</span> <span class='ocrx_word' id='word_1_783' title='bbox 1006 4929 1357 5002; x_wconf 83' lang='grc' dir='ltr'>δικαιοσύνης</span> <span class='ocrx_word' id='word_1_784' title='bbox 1390 4932 1470 4996; x_wconf 87' lang='grc' dir='ltr'><strong>εἰς</strong></span> <span class='ocrx_word' id='word_1_785' title='bbox 1500 4930 1883 5005; x_wconf 74' lang='grc' dir='ltr'>πληρεστάτην</span> 
     </span>
    </p>
   </div>
   <div class='ocr_carea' id='block_1_98' title="bbox 281 5020 1883 5098">
    <p class='ocr_par' dir='ltr' id='par_1_98' title="bbox 281 5020 1883 5098">
     <span class='ocr_line' id='line_1_98' title="bbox 281 5020 1883 5098; baseline 0.006 -26"><span class='ocrx_word' id='word_1_786' title='bbox 281 5020 577 5077; x_wconf 74' lang='grc' dir='ltr'>εὐσέΰειαν</span> <span class='ocrx_word' id='word_1_787' title='bbox 601 5023 938 5094; x_wconf 82' lang='grc' dir='ltr'>ἀνακομίσαι</span> <span class='ocrx_word' id='word_1_788' title='bbox 983 5024 1074 5079; x_wconf 86' lang='grc' dir='ltr'><strong>τὸν</strong></span> <span class='ocrx_word' id='word_1_789' title='bbox 1103 5023 1410 5096; x_wconf 78' lang='grc' dir='ltr'>ἄνθρωπον,</span> <span class='ocrx_word' id='word_1_790' title='bbox 1454 5025 1514 5080; x_wconf 88' lang='grc' dir='ltr'>τὺ</span> <span class='ocrx_word' id='word_1_791' title='bbox 1563 5025 1794 5098; x_wconf 87' lang='grc' dir='ltr'>Πνεῦμα</span> <span class='ocrx_word' id='word_1_792' title='bbox 1820 5028 1883 5082; x_wconf 80' lang='grc' dir='ltr'><strong>τὸ</strong></span> 
     </span>
    </p>
   </div>
   <div class='ocr_carea' id='block_1_99' title="bbox 280 5111 1883 5193">
    <p class='ocr_par' dir='ltr' id='par_1_99' title="bbox 280 5111 1883 5193">
     <span class='ocr_line' id='line_1_99' title="bbox 280 5111 1883 5193; baseline 0.007 -28"><span class='ocrx_word' id='word_1_793' title='bbox 280 5111 429 5166; x_wconf 67' lang='grc' dir='ltr'>θεῖον</span> <span class='ocrx_word' id='word_1_794' title='bbox 478 5113 700 5183; x_wconf 85' lang='grc' dir='ltr'>δοθῆναι</span> <span class='ocrx_word' id='word_1_795' title='bbox 747 5116 1092 5187; x_wconf 83' lang='grc' dir='ltr'>παρακαλεῖ,</span> <span class='ocrx_word' id='word_1_796' title='bbox 1132 5117 1198 5172; x_wconf 86' lang='grc' dir='ltr'>δι’</span> <span class='ocrx_word' id='word_1_797' title='bbox 1236 5111 1297 5171; x_wconf 83' lang='grc' dir='ltr'><strong>οῦ</strong></span> <span class='ocrx_word' id='word_1_798' title='bbox 1333 5118 1775 5192; x_wconf 86' lang='grc' dir='ltr'>κατηλλαγμένοι</span> <span class='ocrx_word' id='word_1_799' title='bbox 1803 5121 1883 5193; x_wconf 82' lang='grc' dir='ltr'>τῷ</span> 
     </span>
    </p>
   </div>
   <div class='ocr_carea' id='block_1_100' title="bbox 278 5204 1884 5283">
    <p class='ocr_par' dir='ltr' id='par_1_100' title="bbox 278 5204 1884 5283">
     <span class='ocr_line' id='line_1_100' title="bbox 278 5204 1884 5283; baseline 0.006 -26"><span class='ocrx_word' id='word_1_800' title='bbox 278 5204 406 5276; x_wconf 85' lang='grc' dir='ltr'><strong>Θεῷ</strong></span> <span class='ocrx_word' id='word_1_801' title='bbox 432 5205 531 5260; x_wconf 74' lang='grc' dir='ltr'><strong>καί¹</strong></span> <span class='ocrx_word' id='word_1_802' title='bbox 551 5206 730 5277; x_wconf 72' lang='grc' dir='ltr'>Πατρὶ</span> <span class='ocrx_word' id='word_1_803' title='bbox 761 5207 901 5279; x_wconf 81' lang='grc' dir='ltr'>πρὸς</span> <span class='ocrx_word' id='word_1_804' title='bbox 933 5208 1114 5278; x_wconf 83' lang='grc' dir='ltr'>φιλίαν</span> <span class='ocrx_word' id='word_1_805' title='bbox 1140 5211 1584 5283; x_wconf 85' lang='grc' dir='ltr'>ἀνακεκλήμεθα,</span> <span class='ocrx_word' id='word_1_806' title='bbox 1616 5212 1884 5282; x_wconf 84' lang='grc' dir='ltr'>δραπέται</span> 
     </span>
    </p>
   </div>
   <div class='ocr_carea' id='block_1_101' title="bbox 276 5297 1883 5374">
    <p class='ocr_par' dir='ltr' id='par_1_101' title="bbox 276 5297 1883 5374">
     <span class='ocr_line' id='line_1_101' title="bbox 276 5297 1883 5374; baseline 0.006 -25"><span class='ocrx_word' id='word_1_807' title='bbox 276 5297 343 5349; x_wconf 78' lang='grc' dir='ltr'>τὺ</span> <span class='ocrx_word' id='word_1_808' title='bbox 372 5300 507 5370; x_wconf 76' lang='grc' dir='ltr'>πρὶν</span> <span class='ocrx_word' id='word_1_809' title='bbox 541 5297 979 5370; x_wconf 86' lang='grc' dir='ltr'>ἀναδεδειγμένοι</span> <span class='ocrx_word' id='word_1_810' title='bbox 1009 5300 1095 5354; x_wconf 81' lang='grc' dir='ltr'>διὰ</span> <span class='ocrx_word' id='word_1_811' title='bbox 1125 5301 1225 5372; x_wconf 84' lang='grc' dir='ltr'>τὴν</span> <span class='ocrx_word' id='word_1_812' title='bbox 1250 5303 1334 5371; x_wconf 75' lang='grc' dir='ltr'>ἐφ’</span> <span class='ocrx_word' id='word_1_813' title='bbox 1367 5304 1515 5373; x_wconf 78' lang='grc' dir='ltr'>ἡμᾶς</span> <span class='ocrx_word' id='word_1_814' title='bbox 1566 5303 1883 5374; x_wconf 84' lang='grc' dir='ltr'>βασιλεύου-</span> 
     </span>
    </p>
   </div>
   <div class='ocr_carea' id='block_1_102' title="bbox 281 5391 1880 5468">
    <p class='ocr_par' dir='ltr' id='par_1_102' title="bbox 281 5391 1880 5468">
     <span class='ocr_line' id='line_1_102' title="bbox 281 5391 1880 5468; baseline 0.006 -26"><span class='ocrx_word' id='word_1_815' title='bbox 281 5406 389 5443; x_wconf 83' lang='grc' dir='ltr'><strong>σαν</strong></span> <span class='ocrx_word' id='word_1_816' title='bbox 450 5391 753 5461; x_wconf 80' lang='grc' dir='ltr'>ἁμαρτίαν.</span> <span class='ocrx_word' id='word_1_817' title='bbox 803 5391 904 5457; x_wconf 84' lang='grc' dir='ltr'><strong>Δὸς</strong></span> <span class='ocrx_word' id='word_1_818' title='bbox 954 5391 1244 5465; x_wconf 90' lang='grc' dir='ltr'>τοιγαροῦν</span> <span class='ocrx_word' id='word_1_819' title='bbox 1296 5393 1395 5465; x_wconf 81' lang='grc' dir='ltr'><strong>τὴν</strong></span> <span class='ocrx_word' id='word_1_820' title='bbox 1441 5397 1664 5467; x_wconf 85' lang='grc' dir='ltr'>εἰρήνην</span> <span class='ocrx_word' id='word_1_821' title='bbox 1712 5398 1880 5468; x_wconf 77' lang='grc' dir='ltr'>ἡμῖν,</span> 
     </span>
    </p>
   </div>
   <div class='ocr_carea' id='block_1_103' title="bbox 278 5477 1882 5560">
    <p class='ocr_par' dir='ltr' id='par_1_103' title="bbox 278 5477 1882 5560">
     <span class='ocr_line' id='line_1_103' title="bbox 278 5477 1882 5560; baseline 0.004 -24"><span class='ocrx_word' id='word_1_822' title='bbox 278 5485 481 5555; x_wconf 60' lang='grc' dir='ltr'>φησὶν,</span> <span class='ocrx_word' id='word_1_823' title='bbox 519 5477 566 5537; x_wconf 84' lang='grc' dir='ltr'><strong>ὦ</strong></span> <span class='ocrx_word' id='word_1_824' title='bbox 594 5484 860 5549; x_wconf 87' lang='grc' dir='ltr'>Δέσποτα,</span> <span class='ocrx_word' id='word_1_825' title='bbox 897 5484 1076 5539; x_wconf 83' lang='grc' dir='ltr'>πάντα</span> <span class='ocrx_word' id='word_1_826' title='bbox 1102 5484 1223 5560; x_wconf 12' lang='grc' dir='ltr'>γὰρ,</span> <span class='ocrx_word' id='word_1_827' title='bbox 1248 5485 1535 5553; x_wconf 84' lang='grc' dir='ltr'>ἀπέδωκας</span> <span class='ocrx_word' id='word_1_828' title='bbox 1564 5489 1719 5560; x_wconf 75' lang='grc' dir='ltr'>ἡμῖν.</span> <span class='ocrx_word' id='word_1_829' title='bbox 1769 5490 1882 5543; x_wconf 72' lang='grc' dir='ltr'>Καὶ</span> 
     </span>
    </p>
   </div>
   <div class='ocr_carea' id='block_1_104' title="bbox 278 5558 1881 5648">
    <p class='ocr_par' dir='ltr' id='par_1_104' title="bbox 278 5558 1881 5648">
     <span class='ocr_line' id='line_1_104' title="bbox 278 5558 1881 5648; baseline 0.004 -20"><span class='ocrx_word' id='word_1_830' title='bbox 278 5574 309 5627; x_wconf 75' lang='grc' dir='ltr'><strong>ὃ</strong></span> <span class='ocrx_word' id='word_1_831' title='bbox 365 5573 621 5645; x_wconf 81' lang='grc' dir='ltr'>βούλεται</span> <span class='ocrx_word' id='word_1_832' title='bbox 673 5574 866 5647; x_wconf 88' lang='grc' dir='ltr'>δηλοῦν</span> <span class='ocrx_word' id='word_1_833' title='bbox 914 5572 1056 5631; x_wconf 81' lang='grc' dir='ltr'><strong>εἷναί</strong></span> <span class='ocrx_word' id='word_1_834' title='bbox 1110 5558 1256 5648; x_wconf 80' lang='grc' dir='ltr'>φημι</span> <span class='ocrx_word' id='word_1_835' title='bbox 1311 5558 1615 5633; x_wconf 89' lang='grc' dir='ltr'>τοιοῦτον</span> <span class='ocrx_word' id='word_1_836' title='bbox 1648 5580 1881 5645; x_wconf 87' lang='grc' dir='ltr'>Ἐπίδος,</span> 
     </span>
    </p>
   </div>
   <div class='ocr_carea' id='block_1_105' title="bbox 279 5662 1878 5745">
    <p class='ocr_par' dir='ltr' id='par_1_105' title="bbox 279 5662 1878 5745">
     <span class='ocr_line' id='line_1_105' title="bbox 279 5662 1878 5745; baseline 0.004 -24"><span class='ocrx_word' id='word_1_837' title='bbox 279 5662 551 5739; x_wconf 76' lang='grc' dir='ltr'>φησίν,ὧ</span> <span class='ocrx_word' id='word_1_838' title='bbox 595 5667 865 5734; x_wconf 85' lang='grc' dir='ltr'>Δέσποτα,</span> <span class='ocrx_word' id='word_1_839' title='bbox 911 5669 1011 5741; x_wconf 78' lang='grc' dir='ltr'><strong>τὴν</strong></span> <span class='ocrx_word' id='word_1_840' title='bbox 1057 5669 1303 5743; x_wconf 84' lang='grc' dir='ltr'>εἰρήνην.</span> <span class='ocrx_word' id='word_1_841' title='bbox 1356 5669 1541 5725; x_wconf 83' lang='grc' dir='ltr'>Πάντα</span> <span class='ocrx_word' id='word_1_842' title='bbox 1582 5671 1691 5744; x_wconf 84' lang='grc' dir='ltr'>γὰρ</span> <span class='ocrx_word' id='word_1_843' title='bbox 1734 5672 1878 5745; x_wconf 80' lang='grc' dir='ltr'>ἔχειν</span> 
     </span>
    </p>
   </div>
   <div class='ocr_carea' id='block_1_106' title="bbox 1982 4661 3568 4732">
    <p class='ocr_par' dir='ltr' id='par_1_106' title="bbox 1982 4661 3568 4732">
     <span class='ocr_line' id='line_1_106' title="bbox 1982 4661 3568 4732; baseline -0.002 -15"><span class='ocrx_word' id='word_1_844' title='bbox 1982 4663 2281 4718; x_wconf 88' lang='lat' dir='ltr'><strong>amicitiam</strong></span> <span class='ocrx_word' id='word_1_845' title='bbox 2323 4664 2567 4719; x_wconf 84' lang='lat' dir='ltr'><strong>revocati</strong></span> <span class='ocrx_word' id='word_1_846' title='bbox 2601 4677 2817 4729; x_wconf 88' lang='lat' dir='ltr'><strong>sumus,</strong></span> <span class='ocrx_word' id='word_1_847' title='bbox 2846 4661 2939 4732; x_wconf 92' lang='lat' dir='ltr'><strong>qui</strong></span> <span class='ocrx_word' id='word_1_848' title='bbox 2981 4668 3473 4732; x_wconf 72' lang='lat' dir='ltr'><strong>prupter‘regnans</strong></span> <span class='ocrx_word' id='word_1_849' title='bbox 3511 4661 3568 4715; x_wconf 89' lang='lat' dir='ltr'><strong>iu</strong></span> 
     </span>
    </p>
   </div>
   <div class='ocr_carea' id='block_1_107' title="bbox 1982 4750 3571 4826">
    <p class='ocr_par' dir='ltr' id='par_1_107' title="bbox 1982 4750 3571 4826">
     <span class='ocr_line' id='line_1_107' title="bbox 1982 4750 3571 4826; baseline -0.003 -15"><span class='ocrx_word' id='word_1_850' title='bbox 1982 4770 2083 4811; x_wconf 87' lang='lat' dir='ltr'><strong>nos</strong></span> <span class='ocrx_word' id='word_1_851' title='bbox 2116 4763 2407 4826; x_wconf 87' lang='lat' dir='ltr'><strong>peccatum</strong></span> <span class='ocrx_word' id='word_1_852' title='bbox 2460 4753 2676 4826; x_wconf 82' lang='lat' dir='ltr'><strong>fugitivi</strong></span> <span class='ocrx_word' id='word_1_853' title='bbox 2719 4753 2875 4825; x_wconf 89' lang='lat' dir='ltr'><strong>prius</strong></span> <span class='ocrx_word' id='word_1_854' title='bbox 2918 4767 3162 4809; x_wconf 88' lang='lat' dir='ltr'><strong>eramus.</strong></span> <span class='ocrx_word' id='word_1_855' title='bbox 3204 4769 3223 4804; x_wconf 83' lang='grc' dir='ltr'><strong>ι</strong></span> <span class='ocrx_word' id='word_1_856' title='bbox 3260 4750 3339 4806; x_wconf 90' lang='lat' dir='ltr'><strong>Da</strong></span> <span class='ocrx_word' id='word_1_857' title='bbox 3378 4765 3571 4821; x_wconf 86' lang='lat' dir='ltr'><strong>pacem</strong></span> 
     </span>
    </p>
   </div>
   <div class='ocr_carea' id='block_1_108' title="bbox 1982 4843 3576 4920">
    <p class='ocr_par' dir='ltr' id='par_1_108' title="bbox 1982 4843 3576 4920">
     <span class='ocr_line' id='line_1_108' title="bbox 1982 4843 3576 4920; baseline -0.002 -18"><span class='ocrx_word' id='word_1_858' title='bbox 1982 4849 2143 4903; x_wconf 86' lang='lat' dir='ltr'><strong>nobis</strong></span> <span class='ocrx_word' id='word_1_859' title='bbox 2191 4847 2381 4920; x_wconf 77' lang='lat' dir='ltr'><strong>igitur,</strong></span> <span class='ocrx_word' id='word_1_860' title='bbox 2430 4862 2465 4903; x_wconf 89' lang='grc' dir='ltr'><strong>ο</strong></span> <span class='ocrx_word' id='word_1_861' title='bbox 2504 4846 2737 4904; x_wconf 86' lang='lat' dir='ltr'><strong>Domine</strong></span> <span class='ocrx_word' id='word_1_862' title='bbox 2787 4847 3020 4903; x_wconf 86' lang='lat' dir='ltr'><strong>:omnia</strong></span> <span class='ocrx_word' id='word_1_863' title='bbox 3076 4845 3222 4901; x_wconf 90' lang='lat' dir='ltr'><strong>enim</strong></span> <span class='ocrx_word' id='word_1_864' title='bbox 3278 4843 3576 4901; x_wconf 79' lang='lat' dir='ltr'><strong>reddidisti</strong></span> 
     </span>
    </p>
   </div>
   <div class='ocr_carea' id='block_1_109' title="bbox 1983 4935 3571 5009">
    <p class='ocr_par' dir='ltr' id='par_1_109' title="bbox 1983 4935 3571 5009">
     <span class='ocr_line' id='line_1_109' title="bbox 1983 4935 3571 5009; baseline -0.003 -13"><span class='ocrx_word' id='word_1_865' title='bbox 1983 4942 2167 4998; x_wconf 87' lang='lat' dir='ltr'><strong>nobis.</strong></span> <span class='ocrx_word' id='word_1_866' title='bbox 2203 4960 2222 4993; x_wconf 73' lang='grc' dir='ltr'><strong>ι</strong></span> <span class='ocrx_word' id='word_1_867' title='bbox 2256 4939 2404 4995; x_wconf 90' lang='lat' dir='ltr'><strong>ldem</strong></span> <span class='ocrx_word' id='word_1_868' title='bbox 2436 4948 2524 4996; x_wconf 85' lang='lat' dir='ltr'><strong>est</strong></span> <span class='ocrx_word' id='word_1_869' title='bbox 2558 4954 2627 4995; x_wconf 90' lang='lat' dir='ltr'><strong>ac</strong></span> <span class='ocrx_word' id='word_1_870' title='bbox 2658 4939 2703 4996; x_wconf 94' lang='lat' dir='ltr'><strong>si</strong></span> <span class='ocrx_word' id='word_1_871' title='bbox 2733 4941 2943 4996; x_wconf 89' lang='lat' dir='ltr'><strong>diceret</strong></span> <span class='ocrx_word' id='word_1_872' title='bbox 2972 4955 2984 4991; x_wconf 92' lang='lat'>:</span> <span class='ocrx_word' id='word_1_873' title='bbox 3022 4937 3120 5004; x_wconf 92' lang='lat' dir='ltr'><strong>Da,</strong></span> <span class='ocrx_word' id='word_1_874' title='bbox 3161 4936 3362 5009; x_wconf 89' lang='lat' dir='ltr'><strong>inquit,</strong></span> <span class='ocrx_word' id='word_1_875' title='bbox 3396 4953 3430 4992; x_wconf 89' lang='grc' dir='ltr'><strong>ο</strong></span> <span class='ocrx_word' id='word_1_876' title='bbox 3462 4935 3571 4991; x_wconf 86' lang='lat' dir='ltr'><strong>Do-</strong></span> 
     </span>
    </p>
   </div>
   <div class='ocr_carea' id='block_1_110' title="bbox 1986 5029 3571 5104">
    <p class='ocr_par' dir='ltr' id='par_1_110' title="bbox 1986 5029 3571 5104">
     <span class='ocr_line' id='line_1_110' title="bbox 1986 5029 3571 5104; baseline -0.002 -16"><span class='ocrx_word' id='word_1_877' title='bbox 1986 5035 2153 5095; x_wconf 86' lang='lat' dir='ltr'><strong>mine,</strong></span> <span class='ocrx_word' id='word_1_878' title='bbox 2183 5048 2398 5104; x_wconf 88' lang='lat' dir='ltr'><strong>pacem.</strong></span> <span class='ocrx_word' id='word_1_879' title='bbox 2444 5032 2643 5089; x_wconf 90' lang='lat' dir='ltr'><strong>Omnia</strong></span> <span class='ocrx_word' id='word_1_880' title='bbox 2691 5032 2838 5089; x_wconf 88' lang='lat' dir='ltr'><strong>enim</strong></span> <span class='ocrx_word' id='word_1_881' title='bbox 2869 5038 3002 5087; x_wconf 92' lang='lat' dir='ltr'><strong>tunc</strong></span> <span class='ocrx_word' id='word_1_882' title='bbox 3038 5045 3142 5088; x_wconf 86' lang='lat' dir='ltr'><strong>nos</strong></span> <span class='ocrx_word' id='word_1_883' title='bbox 3180 5032 3384 5088; x_wconf 87' lang='lat' dir='ltr'><strong>habere</strong></span> <span class='ocrx_word' id='word_1_884' title='bbox 3431 5029 3571 5085; x_wconf 80' lang='lat' dir='ltr'><strong>late-</strong></span> 
     </span>
    </p>
   </div>
   <div class='ocr_carea' id='block_1_111' title="bbox 1983 5124 3572 5199">
    <p class='ocr_par' dir='ltr' id='par_1_111' title="bbox 1983 5124 3572 5199">
     <span class='ocr_line' id='line_1_111' title="bbox 1983 5124 3572 5199; baseline -0.004 -17"><span class='ocrx_word' id='word_1_885' title='bbox 1983 5126 2189 5193; x_wconf 87' lang='lat' dir='ltr'><strong>bimur,</strong></span> <span class='ocrx_word' id='word_1_886' title='bbox 2220 5127 2469 5199; x_wconf 85' lang='lat' dir='ltr'><strong>nihilque</strong></span> <span class='ocrx_word' id='word_1_887' title='bbox 2502 5126 2633 5182; x_wconf 89' lang='lat' dir='ltr'><strong>boui</strong></span> <span class='ocrx_word' id='word_1_888' title='bbox 2683 5126 2879 5183; x_wconf 87' lang='lat' dir='ltr'><strong>deesse</strong></span> <span class='ocrx_word' id='word_1_889' title='bbox 2909 5125 3184 5181; x_wconf 80' lang='lat' dir='ltr'><strong>videbitur</strong></span> <span class='ocrx_word' id='word_1_890' title='bbox 3222 5125 3271 5179; x_wconf 89' lang='lat' dir='ltr'><strong>ei</strong></span> <span class='ocrx_word' id='word_1_891' title='bbox 3317 5125 3409 5194; x_wconf 87' lang='lat' dir='ltr'><strong>qui</strong></span> <span class='ocrx_word' id='word_1_892' title='bbox 3454 5124 3572 5191; x_wconf 83' lang='lat' dir='ltr'><strong>ple-</strong></span> 
     </span>
    </p>
   </div>
   <div class='ocr_carea' id='block_1_112' title="bbox 1986 5213 3571 5292">
    <p class='ocr_par' dir='ltr' id='par_1_112' title="bbox 1986 5213 3571 5292">
     <span class='ocr_line' id='line_1_112' title="bbox 1986 5213 3571 5292; baseline -0.001 -22"><span class='ocrx_word' id='word_1_893' title='bbox 1986 5218 2294 5275; x_wconf 86' lang='lat' dir='ltr'><strong>nitudinem</strong></span> <span class='ocrx_word' id='word_1_894' title='bbox 2345 5218 2508 5292; x_wconf 61' lang='lat'><strong>841</strong></span> <span class='ocrx_word' id='word_1_895' title='bbox 2542 5218 2749 5275; x_wconf 88' lang='lat' dir='ltr'><strong>Christi</strong></span> <span class='ocrx_word' id='word_1_896' title='bbox 2796 5217 3095 5288; x_wconf 88' lang='lat' dir='ltr'><strong>acceperit.</strong></span> <span class='ocrx_word' id='word_1_897' title='bbox 3134 5213 3325 5271; x_wconf 90' lang='lat' dir='ltr'><strong>Omnis</strong></span> <span class='ocrx_word' id='word_1_898' title='bbox 3368 5215 3571 5285; x_wconf 87' lang='lat' dir='ltr'><strong>quippe</strong></span> 
     </span>
    </p>
   </div>
   <div class='ocr_carea' id='block_1_113' title="bbox 1985 5306 3571 5381">
    <p class='ocr_par' dir='ltr' id='par_1_113' title="bbox 1985 5306 3571 5381">
     <span class='ocr_line' id='line_1_113' title="bbox 1985 5306 3571 5381; baseline -0.004 -17"><span class='ocrx_word' id='word_1_899' title='bbox 1985 5310 2117 5364; x_wconf 87' lang='lat' dir='ltr'><strong>boui</strong></span> <span class='ocrx_word' id='word_1_900' title='bbox 2153 5310 2438 5381; x_wconf 87' lang='lat' dir='ltr'><strong>plenitudo</strong></span> <span class='ocrx_word' id='word_1_901' title='bbox 2483 5318 2590 5375; x_wconf 90' lang='lat' dir='ltr'><strong>est,</strong></span> <span class='ocrx_word' id='word_1_902' title='bbox 2636 5309 2807 5365; x_wconf 89' lang='lat' dir='ltr'><strong>Deum</strong></span> <span class='ocrx_word' id='word_1_903' title='bbox 2851 5308 2906 5364; x_wconf 91' lang='lat' dir='ltr'><strong>in</strong></span> <span class='ocrx_word' id='word_1_904' title='bbox 2956 5307 3117 5363; x_wconf 90' lang='lat' dir='ltr'><strong>nobis</strong></span> <span class='ocrx_word' id='word_1_905' title='bbox 3173 5306 3422 5360; x_wconf 82' lang='lat' dir='ltr'><strong>habitare</strong></span> <span class='ocrx_word' id='word_1_906' title='bbox 3472 5320 3571 5375; x_wconf 86' lang='lat' dir='ltr'><strong>per</strong></span> 
     </span>
    </p>
   </div>
   <div class='ocr_carea' id='block_1_114' title="bbox 1951 5396 3569 5472">
    <p class='ocr_par' dir='ltr' id='par_1_114' title="bbox 1951 5396 3569 5472">
     <span class='ocr_line' id='line_1_114' title="bbox 1951 5396 3569 5472; baseline -0.002 -18"><span class='ocrx_word' id='word_1_907' title='bbox 1951 5412 1956 5417; x_wconf 82' lang='lat'>&#39;</span> <span class='ocrx_word' id='word_1_908' title='bbox 1991 5399 2260 5471; x_wconf 85' lang='lat' dir='ltr'><strong>Spiritum</strong></span> <span class='ocrx_word' id='word_1_909' title='bbox 2303 5399 2370 5457; x_wconf 73' lang='grc'>⁸³.</span> <span class='ocrx_word' id='word_1_910' title='bbox 2423 5402 2700 5469; x_wconf 84' lang='lat' dir='ltr'><strong>Quoniam</strong></span> <span class='ocrx_word' id='word_1_911' title='bbox 2740 5414 2873 5472; x_wconf 78' lang='lat' dir='ltr'><strong>ergo</strong></span> <span class='ocrx_word' id='word_1_912' title='bbox 2918 5396 3161 5470; x_wconf 88' lang='lat' dir='ltr'><strong>Spiritus</strong></span> <span class='ocrx_word' id='word_1_913' title='bbox 3194 5411 3354 5450; x_wconf 87' lang='lat' dir='ltr'><strong>omne</strong></span> <span class='ocrx_word' id='word_1_914' title='bbox 3394 5396 3569 5451; x_wconf 88' lang='lat' dir='ltr'><strong>animi</strong></span> 
     </span>
    </p>
   </div>
   <div class='ocr_carea' id='block_1_115' title="bbox 1991 5478 3572 5562">
    <p class='ocr_par' dir='ltr' id='par_1_115' title="bbox 1991 5478 3572 5562">
     <span class='ocr_line' id='line_1_115' title="bbox 1991 5478 3572 5562; baseline -0.003 -16"><span class='ocrx_word' id='word_1_915' title='bbox 1991 5494 2398 5549; x_wconf 85' lang='lat' dir='ltr'><strong>turbamentum</strong></span> <span class='ocrx_word' id='word_1_916' title='bbox 2433 5494 2651 5559; x_wconf 88' lang='lat' dir='ltr'><strong>sedare,</strong></span> <span class='ocrx_word' id='word_1_917' title='bbox 2673 5504 3001 5562; x_wconf 88' lang='lat' dir='ltr'><strong>omnemque</strong></span> <span class='ocrx_word' id='word_1_918' title='bbox 3032 5488 3087 5543; x_wconf 92' lang='lat' dir='ltr'><strong>in</strong></span> <span class='ocrx_word' id='word_1_919' title='bbox 3130 5488 3290 5544; x_wconf 87' lang='lat' dir='ltr'><strong>nobis</strong></span> <span class='ocrx_word' id='word_1_920' title='bbox 3328 5478 3572 5552; x_wconf 79' lang='lat' dir='ltr'><strong>formidi-</strong></span> 
     </span>
    </p>
   </div>
   <div class='ocr_carea' id='block_1_116' title="bbox 1991 5574 3569 5655">
    <p class='ocr_par' dir='ltr' id='par_1_116' title="bbox 1991 5574 3569 5655">
     <span class='ocr_line' id='line_1_116' title="bbox 1991 5574 3569 5655; baseline -0.003 -16"><span class='ocrx_word' id='word_1_921' title='bbox 1991 5600 2115 5639; x_wconf 91' lang='lat' dir='ltr'><strong>nem</strong></span> <span class='ocrx_word' id='word_1_922' title='bbox 2142 5574 2496 5655; x_wconf 81' lang='lat' dir='ltr'><strong>compesCere</strong></span> <span class='ocrx_word' id='word_1_923' title='bbox 2524 5585 2763 5640; x_wconf 87' lang='lat' dir='ltr'><strong>maxime</strong></span> <span class='ocrx_word' id='word_1_924' title='bbox 2786 5589 2986 5655; x_wconf 90' lang='lat' dir='ltr'><strong>potest,</strong></span> <span class='ocrx_word' id='word_1_925' title='bbox 3005 5580 3138 5634; x_wconf 89' lang='lat' dir='ltr'><strong>illud</strong></span> <span class='ocrx_word' id='word_1_926' title='bbox 3162 5579 3569 5651; x_wconf 86' lang='lat' dir='ltr'><strong>quodammodo</strong></span> 
     </span>
    </p>
   </div>
   <div class='ocr_carea' id='block_1_117' title="bbox 1993 5670 3581 5743">
    <p class='ocr_par' dir='ltr' id='par_1_117' title="bbox 1993 5670 3581 5743">
     <span class='ocr_line' id='line_1_117' title="bbox 1993 5670 3581 5743; baseline -0.003 -12"><span class='ocrx_word' id='word_1_927' title='bbox 1993 5675 2302 5734; x_wconf 88' lang='lat' dir='ltr'><strong>subsidium</strong></span> <span class='ocrx_word' id='word_1_928' title='bbox 2338 5676 2405 5733; x_wconf 91' lang='lat' dir='ltr'><strong>ad</strong></span> <span class='ocrx_word' id='word_1_929' title='bbox 2436 5676 2606 5732; x_wconf 88' lang='lat' dir='ltr'><strong>animi</strong></span> <span class='ocrx_word' id='word_1_930' title='bbox 2639 5675 2809 5732; x_wconf 90' lang='lat' dir='ltr'><strong>robur</strong></span> <span class='ocrx_word' id='word_1_931' title='bbox 2829 5684 2884 5731; x_wconf 87' lang='lat' dir='ltr'><strong>et</strong></span> <span class='ocrx_word' id='word_1_932' title='bbox 2915 5671 3353 5743; x_wconf 84' lang='lat' dir='ltr'><strong>perturbationis</strong></span> <span class='ocrx_word' id='word_1_933' title='bbox 3384 5670 3581 5727; x_wconf 32' lang='lat' dir='ltr'><strong>vacuis</strong></span> 
     </span>
    </p>
   </div>
   <div class='ocr_carea' id='block_1_118' title="bbox 365 5842 2143 5920">
    <p class='ocr_par' dir='ltr' id='par_1_118' title="bbox 365 5842 2143 5920">
     <span class='ocr_line' id='line_1_118' title="bbox 365 5842 2143 5920; baseline 0.01 -25"><span class='ocrx_word' id='word_1_934' title='bbox 365 5842 485 5876; x_wconf 78' lang='lat'><strong>“-“</strong></span> <span class='ocrx_word' id='word_1_935' title='bbox 519 5843 761 5917; x_wconf 89' lang='lat' dir='ltr'><strong>Philipp.</strong></span> <span class='ocrx_word' id='word_1_936' title='bbox 791 5860 868 5915; x_wconf 83' lang='grc' dir='ltr'><strong>ιν,</strong></span> <span class='ocrx_word' id='word_1_937' title='bbox 909 5845 959 5902; x_wconf 87' lang='lat'><strong>7.</strong></span> <span class='ocrx_word' id='word_1_938' title='bbox 1038 5844 1082 5882; x_wconf 68' lang='grc'><strong>⁸⁷</strong></span> <span class='ocrx_word' id='word_1_939' title='bbox 1120 5845 1224 5905; x_wconf 88' lang='lat' dir='ltr'><strong>lsa.</strong></span> <span class='ocrx_word' id='word_1_940' title='bbox 1264 5863 1412 5915; x_wconf 77' lang='lat' dir='ltr'><strong>xxvi,</strong></span> <span class='ocrx_word' id='word_1_941' title='bbox 1460 5848 1544 5905; x_wconf 78' lang='grc'>12.</span> <span class='ocrx_word' id='word_1_942' title='bbox 1626 5851 1674 5885; x_wconf 75' lang='grc'><strong>⁸⁸</strong></span> <span class='ocrx_word' id='word_1_943' title='bbox 1713 5852 1929 5910; x_wconf 88' lang='lat' dir='ltr'><strong>Coloss.</strong></span> <span class='ocrx_word' id='word_1_944' title='bbox 1971 5868 2016 5920; x_wconf 86' lang='lat' dir='ltr'><strong>l,</strong></span> <span class='ocrx_word' id='word_1_945' title='bbox 2056 5853 2143 5912; x_wconf 85' lang='lat' dir='ltr'><strong>l9.</strong></span> 
     </span>
    </p>
   </div>
  </div>
