4006 6432
551 389 656 456 307
1576 396 1634 451 S.
1662 395 1941 453 (lYltlLLl
1977 393 2449 460 ALEXANDRINI
2483 394 2802 452 ARCHIEP.
3655 402 3740 457 308

549 515 717 569 tatem
753 509 1098 577 aptissimum
1137 510 1394 568 daturum
1440 529 1501 568 se
1540 513 1831 584 promittit,
1879 512 2114 566 dicens:

2159 521 2192 574 Α
2221 511 2629 582 ὁμολογήσομεν
2657 512 2800 573 τότε,
2831 510 3134 574 ὲλλελοιπὸς
3167 512 3224 564 δι
3251 513 3486 581 φανεῖται
3514 513 3606 565 τῶν
3632 515 3741 572 ἀγα-

553 619 572 653 ι
616 599 814 655 Pacem
854 619 1030 660 meam
1066 605 1315 676 relinquo
1353 605 1508 664 vobis
1549 621 1564 661 :
1604 621 1674 660 ne
1721 604 1980 661 turbetur
2017 617 2114 657 cor

2222 603 2332 657 θῶν
2364 603 2549 666 οὐδὲν,
2603 603 2684 674 τῷ
2715 620 2777 672 γε
2824 601 2974 667 ἅπαξ
3025 605 3376 674 κομισαμένῳ
3417 604 3476 656 τδ
3514 605 3746 676 πλήρωμα

549 701 815 759 vestrum,
848 710 1022 765 neque
1055 697 1334 752 formidet.
1379 716 1397 748 ι

2227 695 2487 766 Χριστοῦ.
2527 695 2733 758 Παντὸς
2763 695 2871 767 γὰρ
2904 695 3186 765 πλήρωσις
3210 695 3432 764 ἀγαθοῦ,
3466 697 3747 765 κατοικῆσαι

545 785 679 839 θεὸν
712 787 772 839 ὲν
822 788 953 858 ἡμῖν
994 789 1085 843 διὰ
1130 788 1222 841 τοῦ
1275 787 1610 858 Πνεύματος.
1673 788 1894 860 Ἐπειδὴ
1939 789 2118 843 τοίνυν
2157 790 2486 846 ἱκανώτατον
2515 789 2718 859 σφόδρα
2760 789 2822 847 τὸ
2850 788 3075 859 Πνεῦμά
3101 790 3234 852 ἐστι,
3270 789 3448 841 πάντα
3502 788 3596 850 τῆς
3651 788 3748 840 δια-

548 877 694 942 νοίας
759 882 1087 952 καταραΐσαι
1151 881 1399 952 θόρυϐον,
1447 886 1542 938 καὶ
1585 885 1766 943 πᾶσαν
1805 885 1905 955 τὴν
1949 888 2009 938 ὲν
2061 888 2195 960 ἡμῖν
2233 885 2580 956 καταργῆσαι
2603 883 2826 947 δειλίαν,
2855 884 3065 954 ἐφόδιον
3088 883 3278 954 ὥσπερ
3316 885 3394 944 είς
3419 882 3649 954 ἀνδρείαν
3673 883 3751 936 καὶ

547 967 846 1037 ἀταραξίαν
891 971 953 1023 τὸ
1011 973 1314 1042 ἐπιτήδειον
1365 972 1649 1034 ἐπιδώσειν
1703 976 2098 1044 ἐπαγγέλλεται
2137 978 2311 1044 λέγων
2341 991 2354 1005 ·
2387 996 2406 1028 ι
2443 977 2682 1050 Εἰρήνην
2708 975 2808 1047 τὴν
2852 976 2991 1047 ἐμὴν
3028 975 3231 1046 ἀφίημι
3275 975 3399 1048 ὑμῖν
3423 991 3436 1006 ·
3480 974 3551 1045 μὴ
3583 991 3760 1045 ταρασ-

547 1057 722 1110 σέσθω
749 1058 902 1128 ὑμῶν
931 1061 964 1129 ἡ
989 1061 1206 1131 καρδία,
1233 1064 1368 1134 μηδὲ
1396 1063 1661 1124 δειλιάτω.
1699 1085 1718 1118 ι

614 1149 756 1214 XIV,
792 1150 882 1205 28.
927 1153 1164 1212 Audistis
1200 1156 1326 1224 quia
1352 1171 1444 1226 ego
1486 1155 1607 1210 dixi
1647 1159 1791 1214 vobis
1822 1177 1839 1215 :
1877 1160 2023 1215 Vada
2065 1170 2114 1214 et

2298 1153 2629 1209 Ἠκούσατε
2654 1151 2744 1203 ὅτι
2791 1150 2904 1220 ἐγὼ
2951 1150 3128 1208 εἷπον
3175 1149 3334 1220 ὐμῖνο
3388 1150 3642 1224 Ὑπάγω,
3671 1160 3754 1215 και

544 1245 688 1306 uenio
717 1243 789 1296 ad
813 1260 922 1298 vos.

2213 1245 2458 1313 ἔρχομαι
2487 1241 2637 1310 πρὸς
2673 1239 2845 1311 ὑμᾶς.

613 1329 732 1384 Non
765 1331 832 1386 ab
859 1331 989 1394 alio,
1021 1333 1222 1402 inquit,
1243 1349 1411 1405 quam
1437 1349 1467 1390 a
1497 1351 1584 1392 me
1615 1336 1852 1398 audistis
1897 1337 1961 1391 de
1994 1352 2112 1392 meo

2283 1334 2397 1404 Οὐχ
2451 1332 2662 1403 ἐτέρου,
2689 1333 2845 1401 φησι,
2877 1329 3197 1385 διεπύθεσοε
3234 1331 3484 1400 λέγοντος
3507 1335 3603 1405 τὴν
3638 1337 3757 1408 ἐμὴν

541 1420 814 1482 discessu,
864 1421 965 1490 ipsi
1021 1422 1231 1493 quippe
1269 1438 1388 1478 mea
1436 1424 1601 1484 verba
1645 1425 1874 1486 auribus
1917 1424 2113 1480 vestris

2215 1422 2466 1478 ἐντεῦθεν
2497 1421 2826 1492 ἀποδημίαν·
2849 1422 3111 1491 αὐτήκοοι
3143 1421 3250 1494 γὰρ
3291 1420 3402 1478 τῶν
3437 1423 3582 1493 ἐμῶν
3605 1428 3758 1496 ρημά.

543 1510 830 1567 hausistis.
864 1512 1010 1576 Quid
1045 1522 1226 1568 autem
1269 1514 1426 1572 vobis
1485 1515 1736 1586 promisi,
1761 1518 1855 1586 qui
1887 1516 2115 1571 mentiri

2212 1531 2320 1569 των
2345 1514 2626 1583 γεγόνατε.
2651 1513 2716 1566 Τί
2741 1513 2797 1570 δὲ
2819 1513 2947 1584 ὑμῖν
2969 1511 3410 1584 ἐπηγγειλάμην,
3440 1517 3469 1568 ὁ
3497 1514 3759 1584 ψεύδεσθαι

544 1601 770 1655 nescio?
799 1621 818 1654 ι
858 1601 973 1674 Ego
1005 1607 1162 1669 vado,
1185 1613 1241 1660 et
1263 1605 1422 1660 venio
1445 1605 1514 1660 ad
1547 1620 1665 1662 vos.
1698 1624 1718 1658 ι
1747 1605 1882 1661 Nam
1915 1607 1961 1662 si
1994 1607 2112 1662 dis—

2214 1603 2290 1676 μὴ
2319 1604 2508 1669 είδώςς
2543 1623 2560 1654 ι
2616 1603 2756 1672 Ἐγὼ
2778 1604 2999 1670 ὑπάγω,
3029 1602 3125 1656 καὶ
3169 1602 3402 1674 ἔρχομαι
3425 1606 3559 1676 πρὸς
3584 1608 3755 1677 ὑμᾶς.»

540 1707 737 1747 cessus
793 1709 949 1750 meus
981 1696 1382 1758 consolationis
1431 1697 1570 1751 nihil
1608 1706 1759 1754 esset
1801 1699 2112 1765 habiturus,

2211 1691 2273 1750 Ei
2304 1691 2404 1760 μὲν
2446 1687 2540 1745 οὖν
2564 1690 2947 1762 ἀπαράκλητον
2979 1690 3108 1760 ὑμῖν
3148 1692 3178 1744 ὁ
3216 1690 3376 1760 λόγος
3402 1694 3655 1763 ἠπείλησε
3677 1698 3759 1765 τήν

540 1800 750 1854 vosque
794 1784 848 1839 in
899 1796 1222 1855 perpetuum
1267 1803 1448 1847 essem
1495 1788 1826 1854 relicturus,
1874 1789 2117 1859 graviter

2209 1781 2543 1852 ἀποδημίαν,
2590 1783 2684 1835 καὶ
2721 1781 2946 1852 διηνεκῆ
2998 1783 3099 1852 τὴν
3127 1783 3440 1854 ἀπόλειψιν,
3471 1781 3539 1856 ἦν
3585 1787 3644 1857 δή
3676 1805 3762 1840 που

541 1876 733 1945 utique
765 1875 818 1930 id
851 1875 1017 1945 ferre,
1048 1888 1210 1948 atque
1245 1879 1315 1937 ob
1341 1880 1394 1934 id
1428 1879 1672 1935 animum
1706 1880 1833 1950 jure
1873 1879 2114 1951 despon~

2211 1873 2306 1926 καὶ
2339 1872 2483 1942 μάλα
2511 1873 2659 1936 εἰκὸς
2685 1873 2776 1928 ἐπὶ
2805 1873 2980 1943 τούτῳ
3008 1873 3129 1926 λίαν
3159 1874 3550 1945 ἀσχάλλοντας,
3584 1878 3763 1947 ἀφορῄ..

541 1966 669 2024 dere
697 1967 1014 2022 videremini
1037 1985 1052 2035 ;
1076 1967 1173 2023 sed
1213 1984 1338 2025 cum
1381 1971 1539 2025 vobis
1563 1969 1798 2026 dixerim
1835 1985 1945 2026 non
1986 1978 2109 2026 tan-

2184 1981 2320 2028 λτως
2353 1962 2416 2033 δὴ
2449 1962 2595 2033 ἔχειν
2650 1964 2744 2016 καὶ
2789 1965 2869 2027 είς
2920 1963 3192 2033 ἀκράτους
3237 1944 3552 2036 δυσθυμίας
3575 1944 3766 2022 κατολι-

542 2065 655 2114 tum
702 2074 790 2113 me
821 2057 1100 2114 abiturum
1123 2098 1140 2125 ,
1177 2059 1274 2116 sed
1313 2069 1466 2116 certo
1493 2069 1740 2133 tempore
1775 2077 1861 2118 me
1903 2062 2112 2118 reditu-

2216 2054 2384 2108 σθεῖν⁸
2403 2055 2590 2127 ἐπειδὴ
2614 2055 2669 2110 δὲ
2690 2055 2827 2128 πρὸς
2855 2058 2997 2128 ὑμᾶς
3024 2057 3182 2131 ἔφην,
3199 2058 3278 2122 ὼς
3295 2060 3402 2116 οὐκ
3423 2059 3764 2131 ἀπελεύσομαι

541 2164 685 2215 runt,
740 2164 862 2216 cur,
919 2151 1120 2221 inquit,
1174 2151 1421 2209 dolorem
1478 2154 1664 2209 animo
1721 2155 2108 2224 suscipientes,

2215 2147 2398 2218 μόνον,
2423 2148 2538 2203 ἀλλ’
2577 2149 2659 2202 ὅτι
2712 2151 2807 2206 καὶ
2851 2149 3106 2220 ἐπανήξω
3153 2149 3301 2203 κατὰ
3360 2150 3577 2222 καιρὸν,
3612 2151 3662 2205 τί
3686 2152 3759 2222 δὴ.

539 2245 682 2313 quod
713 2243 956 2299 laztitiam
979 2244 1279 2300 conciliare
1302 2245 1475 2316 possit
1503 2245 1720 2314 penitus
1742 2261 1805 2300 ex
1843 2244 2110 2300 memoria

2212 2241 2368 2311 φησὶ,
2396 2240 2555 2311 μόνον
2580 2239 2642 2294 τὸ
2664 2239 2865 2296 λυποῦν
2891 2243 3008 2303 ταῖς
3037 2241 3246 2295 ἑαυτῶν
3273 2242 3539 2306 διανοίαις
3563 2243 3762 2296 εἰσοικί-

537 2346 720 2390 γρεινιι
757 2335 990 2391 deletis?
1017 2335 1226 2406 Pugnet
1267 2335 1570 2396 remedium
1613 2336 1851 2400 vulneri,
1877 2344 1932 2397 et
1975 2351 2110 2408 gau-

2211 2331 2417 2400 ζοντες,
2467 2332 2530 2386 τὸ
2583 2332 2826 2402 πεφυκὸς
2889 2334 3201 2405 εὐφραίνειν
3250 2337 3378 2399 ταῖς
3438 2336 3770 2406 ἀμνηστείαις

536 2429 609 2481 dii
647 2429 728 2482 vis
760 2427 939 2483 dolori
973 2429 1216 2484 resistat.
1260 2426 1494 2484 Paratus
1535 2427 1682 2482 enim
1729 2444 1850 2483 sum
1901 2428 1970 2483 ad
2006 2428 2109 2484 Pa-

2211 2424 2492 2496 ὺδρίζεςες
2523 2423 2942 2495 ’Δντεγειρέσθω
2963 2423 3040 2494 τῷ
3068 2423 3364 2495 πλήττοντι
3390 2425 3453 2478 τὸ
3473 2425 3770 2496 Θεραπεύειν

537 2523 672 2567 trem
706 2528 770 2568 ac
801 2512 970 2569 Deum
997 2515 1316 2579 ascendere,
1350 2515 1446 2571 sed
1480 2517 1786 2572 rediturum
1813 2533 1898 2573 me
1925 2518 2109 2573 denuo

2209 2513 2372 2580 είδὸς,
2396 2514 2797 2568 ἁντιπαλαιέτω
2821 2517 2936 2578 τοῖς
2951 2516 3106 2587 ἁνιᾷν
3123 2515 3436 2586 πεφυκόσιν
3463 2516 3499 2586 ἡ
3529 2515 3622 2569 τοῦ
3649 2531 3768 2568 κατ-

533 2606 786 2674 promisi.
865 2606 1032 2662 Sedat
1118 2608 1286 2678 igitur
1340 2608 1884 2665 vehementissimum
1953 2609 2106 2664 illum

2208 2607 2592 2677 ευιρραίνοντος
2643 2604 2891 2678 δύναμις.
2941 2606 3327 2677 Συντέταγμαι
3377 2607 3481 2678 μὲν
3543 2607 3668 2677 γὰρ,
3709 2605 3772 2666 ὡς

533 2712 698 2765 quem
746 2696 800 2751 in
841 2697 1134 2767 discipulis
1183 2699 1427 2755 dolorem
1467 2699 1693 2756 invenit.
1727 2700 1792 2755 Et
1838 2701 2105 2771 quemad-

2207 2698 2614 2770 ἀναϐησόμενος
2672 2698 2809 2769 πρὸς
2837 2698 2931 2751 τὸν
2978 2698 3200 2770 Πατέρα
3249 2699 3352 2752 καὶ
3385 2699 3544 2762 Θεὸν,
3569 2697 3676 2752 ἀλλ’
3705 2697 3773 2750 ὅτι

533 2786 754 2850 modum
787 2796 945 2858 pater
983 2790 1257 2860 quispiam
1300 2791 1601 2847 liberorum
1635 2805 1862 2851 suorum
1916 2807 2107 2846 aman-

2207 2793 2300 2846 καὶ
2331 2791 2588 2862 ἐπανήξω
2625 2791 2787 2846 πάλιν
2815 2792 3182 2862 ὲπήγγελμαι.
3231 2792 3587 2863 Καταραῖζει
3617 2790 3775 2844 τοίνυν

533 2878 804 2946 tissimus,
831 2895 1015 2936 rerum
1056 2883 1493 2938 necessariarum
1536 2897 1706 2939 causa
1742 2883 2101 2954 longinquam

2205 2885 2581 2956 ἀκμαιοτάτην
2621 2886 2679 2938 ὲν
2737 2886 2849 2948 τοῖς
2886 2883 3157 2955 μαθηταῖς
3200 2885 3310 2956 τὴν
3361 2884 3544 2956 λύπην
3599 2881 3775 2955 εὑρὼν.

529 2971 1024 3042 peregrinationem
1061 2973 1344 3043 suscipere
1376 2982 1628 3040 coactus,
1654 2989 1886 3030 cernens
1911 2989 2010 3031 eos
2049 2975 2103 3028 in

2205 2976 2317 3030 Καὶ
2340 2975 2531 3046 ὥσπερ
2552 2975 2619 3028 ἂν
2641 2975 2695 3028 εί
2731 2993 2812 3040 τις
2841 2975 3096 3044 φιλόπαις
3127 2975 3308 3046 δντως
3353 2977 3499 3049 ἀνὴρ
3546 2977 3638 3030 καὶ
3662 2976 3779 3042 ἀγας

529 3062 802 3133 lacrymas
830 3062 1059 3131 eﬂttsos,
1097 3065 1301 3135 quibus
1330 3073 1511 3137 potest
1555 3067 1866 3122 rationibus
1905 3080 2105 3120 conso-

2206 3067 2466 3131 Θώτατος,
2491 3066 2589 3136 τῆς
2611 3065 2940 3137 ἐνεγκούσης
2961 3066 3212 3139 ἀπαίρειν
3241 3067 3346 3120 ἐπί
3365 3084 3481 3121 τισι
3504 3067 3614 3121 τῶν
3634 3067 3781 3133 ἁναγε

533 3154 696 3216 latur,
719 3162 776 3210 et
793 3139 1044 3217 l‘uturum
1071 3171 1135 3212 ex
1161 3172 1261 3213 suo
1287 3157 1536 3214 discessu
1565 3158 1768 3214 bonum
1800 3156 2101 3212 identidem

2204 3156 2376 3210 καίων
2406 3155 2793 3227 ἐκϐιαζόμενος
2814 3197 2828 3221 ,
2861 3151 2983 3212 εἶτα
3013 3156 3145 3209 πολὺ
3173 3157 3297 3212 τῶν
3335 3157 3489 3212 ίδίων
3515 3159 3714 3212 τέκνων
3732 3156 3784 3209 τὸ

530 3246 830 3316 replicans,
875 3262 1027 3318 spem
1087 3264 1268 3304 rerum
1323 3250 1865 3320 jucundissimarum
1923 3249 2098 3304 dolori

2202 3245 2436 3320 δάκρυον
2475 3247 2708 3317 βλέπων,
2741 3248 2839 3318 τὴν
2883 3249 3324 3322 τρυφερωτάτην
3377 3250 3562 3304 αὐτῶν
3591 3250 3682 3305 καὶ
3712 3247 3784 3318 φί-

533 3337 936 3408 quodammodo
981 3341 1210 3413 opponit
1238 3360 1252 3397 :
1278 3342 1357 3398 sic
1390 3343 1553 3399 etiam
1608 3341 1876 3398 Dominus
1910 3349 2103 3398 noster

2204 3337 2300 3410 λην
2331 3338 2670 3410 καταϐρέχον
2709 3339 2964 3409 παρειὰν,
2995 3339 3082 3394 διὰ
3106 3340 3323 3406 παντὸς
3349 3337 3462 3395 εἶσι
3497 3343 3673 3411 λόγου,
3705 3341 3786 3394 καὶ

523 3431 688 3486 Jesus
709 3430 970 3488 Christus
988 3447 1054 3488 ex
1073 3434 1260 3490 animo
1277 3444 1596 3492 sanctorum
1623 3434 1869 3489 dolorem
1895 3435 2099 3489 evellit.

2201 3429 2257 3484 τὸ
2284 3432 2349 3484 ὲκ
2370 3428 2470 3500 τῆς
2496 3427 2807 3498 ἀποδημίας
2836 3429 3095 3500 ἐσόμενον
3122 3429 3338 3498 ἀγαθὸν
3371 3432 3466 3488 ἀεὶ
3495 3428 3783 3504 παρακομίο

533 3517 706 3572 Norat
727 3521 898 3583 enim,
923 3529 1103 3582 norat.
1140 3529 1330 3591 utpote
1357 3537 1482 3581 cum
1514 3535 1678 3576 verus
1699 3518 1844 3578 Deus
1861 3519 1954 3584 sit,
1971 3533 2100 3590 gra-

2201 3522 2305 3587 ζων
2333 3523 2414 3585 εἰς
2445 3520 2628 3592 μέσον,
2677 3520 2989 3584 ἀνθοπλίζει
3019 3521 3223 3592 τρόπον
3276 3523 3412 3577 τινὰ
3440 3527 3564 3588 ταῖς
3602 3523 3783 3582 λύπαις

527 3610 816 3666 rissimum
847 3613 954 3670 illis
975 3613 1092 3669 l'ore
1118 3614 1264 3684 quod
1283 3629 1472 3674 eorum
1502 3614 1698 3669 oculos
1722 3612 1954 3683 fugeret,
1975 3613 2100 3666 licet

2202 3613 2291 3684 τὴν
2314 3613 2407 3665 ἐπὶ
2428 3615 2542 3674 τοϊς
2564 3611 2798 3682 ἡδίστοις
2818 3612 3028 3666 ἐλπίδα*
3049 3611 3192 3666 οὕτω
3224 3615 3327 3669 καὶ
3354 3617 3384 3670 ὁ
3405 3615 3617 3687 Κύριος
3640 3613 3784 3686 ἡμῶν

524 3717 650 3756 eum
681 3703 765 3760 eis
805 3716 1066 3775 perpetuo
1103 3707 1322 3761 futurus
1347 3713 1495 3760 esset
1527 3719 1626 3774 per
1652 3703 1940 3774 Spiritum.
1977 3703 2094 3758 Hoc

2208 3703 2415 3777 Ἰησοῦς
2445 3705 2473 3756 ὁ
2503 3705 2756 3776 Χριστὸς,
2795 3707 2895 3777 τῆς
2945 3705 3054 3759 τῶν
3081 3704 3254 3774 ἁγίων
3289 3706 3484 3780 ψυχῆς
3524 3705 3790 3780 περιστέλη

523 3803 704 3849 autent
739 3814 965 3858 sum:th
1009 3799 1301 3854 charitatis
1346 3813 1412 3851 ac
1457 3795 1770 3851 sanctitatis
1811 3803 1896 3852 est
1931 3812 2092 3868 argu-

2201 3794 2273 3848 λει
2300 3795 2398 3866 τὴν
2422 3795 2618 3867 λύπην.
2647 3797 2804 3869 ᾜδει
2829 3798 2956 3868 γὰρ,
2985 3797 3101 3868 ᾔδει
3141 3797 3282 3861 Θεὸς
3313 3799 3594 3871 ὑπάρχων
3621 3795 3783 3866 ἀληθι-

521 3899 792 3954 mentum.
827 3888 980 3946 Velle
1024 3891 1170 3948 enim
1211 3904 1336 3945 cum
1384 3889 1609 3945 Christo
1661 3890 1880 3959 degere,
1912 3904 2096 3943 nonne

2205 3887 2303 3951 νὸς,
2339 3887 2751 3959 φορτικωτὰτην
2789 3888 2972 3952 αὐτοῖς
3018 3887 3242 3943 ἔσεσθαι
3267 3890 3378 3961 τὴν
3406 3889 3787 3960 ἀπόλειψινῌ)

521 3979 734 4047 sanctis
763 3988 848 4036 est
881 3981 1502 4038 convenientissimum?
1532 3981 1704 4048 Quem
1737 3996 1863 4034 cum
1892 3978 2096 4036 Paulus

2207 3977 2380 4038 ιύτοῦ,
2407 3977 2583 4032 καίτοι
2605 3978 2855 4042 συνόντος
2879 3979 2963 4032 ἀεὶ
2994 3979 3082 4034 διὰ
3109 3978 3205 4033 τοῦ
3249 3983 3610 4051 Πνεύματος.
3647 3980 3789 4046 ’Δγά-

522 4073 576 4125 in
624 4086 684 4126 se
721 4087 952 4142 scopum
1001 4073 1228 4130 haberet
1261 4093 1274 4130 :
1313 4093 1335 4127 ι
1374 4075 1564 4132 Melius
1599 4082 1707 4143 est,
1743 4072 1944 4144 inquit,
1979 4073 2093 4128 dis-

2206 4087 2302 4140 κης
2328 4069 2384 4122 δὲ
2411 4070 2571 4124 τοῦτο
2596 4070 2693 4124 καὶ
2719 4071 3000 4139 ὁσιότητος
3022 4071 3121 4142 τῆς
3149 4074 3233 4127 εἰς
3276 4073 3471 4145 ἄκραν
3501 4070 3788 4136 ἀπόδειξις.

520 4159 683 4222 solvi,
718 4169 773 4215 et
803 4176 926 4217 esse
955 4177 1079 4217 cum
1113 4161 1332 4219 Christo
1358 4163 1424 4218 ".
1465 4182 1484 4217 ι

2209 4161 2272 4214 Τὸ
2300 4161 2408 4232 γὰρ
2470 4163 2709 4220 συνεῖναι
2775 4162 3061 4232 βούλεσθαι
3091 4161 3168 4232 τῷ
3199 4164 3465 4236 Χριστῷ,
3526 4165 3648 4228 πῶς
3701 4163 3791 4214 οὐκ

517 4255 734 4325 ἀληθῶς
762 4258 876 4322 τοῖς
903 4258 1081 4327 ἁγίοις
1111 4259 1597 4330 πρεπωδέστατον;
1629 4261 1740 4316 Καὶ
1764 4259 1895 4329 γοῦν
1919 4261 1947 4313 ὁ
1973 4257 2278 4327 Θαυμάσιος
2343 4255 2555 4320 Παῦλος
2598 4255 2788 4311 τοῦτον
2852 4257 2992 4328 ἔχων
3047 4259 3107 4311 ἐν
3161 4257 3358 4330 ἑαυτῷ
3395 4259 3497 4313 τὸν
3570 4255 3795 4313 σκοπόν·

521 4369 541 4403 ι
578 4351 842 4424 Κρεῖσσον
871 4354 1009 4426 γὰρ,
1057 4355 1220 4426 φησὶ,
1265 4354 1328 4416 τδ
1358 4355 1645 4423 ἀναλῦσαι,
1696 4357 1794 4412 καὶ
1829 4357 1927 4409 σὺν
1961 4353 2184 4426 Χριστῷ
2213 4348 2374 4406 εἶναι.
2400 4371 2422 4404 ι

1072 4467 1236 4539 842
1283 4468 1437 4525 CAP.
1477 4466 1518 4522 ι.
2117 4449 2159 4502 υ

2117 4449 2159 4502 υ
2782 4467 3028 4522 ΚΕΦΑΔ.
3083 4466 3160 4520 A’.

515 4576 669 4641 Quod
699 4577 848 4630 nulla
877 4579 933 4631 in
970 4595 1026 4633 re
1051 4582 1225 4634 minor
1252 4583 1321 4635 sit
1356 4583 1461 4636 Dea
1487 4599 1549 4636 ac
1576 4581 1738 4636 Patre
1769 4578 1964 4643 Filius,
1997 4578 2088 4633 sed

2216 4587 2315 4637 οτι
2341 4583 2468 4634 κατ’
2495 4581 2677 4636 οὐδὲν
2724 4582 2990 4637 ἐλάττων
3010 4581 3184 4635 ἐστὶν
3213 4584 3251 4636 ό
3293 4581 3444 4648 Υἱὸς
3489 4579 3606 4635 τοῦ
3656 4575 3797 4648 Θεοῦ

582 4648 806 4717 (aqualis
829 4650 1028 4718 potius,
1051 4652 1198 4720 eique
1211 4653 1404 4707 similis
1427 4651 1714 4706 secundum
1743 4662 2015 4704 naturam.

2254 4653 2351 4732 καὶ
2380 4653 2629 4732 Πατρόςξ
2664 4654 2798 4719 ισος
2850 4652 2922 4706 δὲ
2960 4651 3203 4722 μᾶλλον
3252 4653 3366 4706 καὶ
3393 4653 3617 4722 ὅμοιος
3660 4647 3802 4703 κατὰ

2145 4755 2154 4774 ι
2255 4723 2446 4790 φύσιν
2477 4723 2657 4785 αὐτῷ.

587 4801 722 4867 XIV,
751 4803 842 4858 28.
875 4803 936 4859 Si
965 4807 1256 4878 diligentis
1290 4825 1392 4872 me,
1420 4808 1719 4876 guuderelis
1747 4807 1944 4874 utique,
1962 4808 2087 4876 quia
2141 4796 2155 4808 ’

2253 4815 2323 4868 El
2385 4813 2654 4882 ἠγαπᾶτέ
2688 4829 2786 4883 με,
2846 4811 3102 4882 ἐχάρητε
3159 4809 3266 4875 ἂν,
3329 4810 3432 4867 ὅτι
3463 4810 3802 4880 πορεύομαι

514 4894 646 4960 vado
685 4894 754 4947 ad
807 4893 1044 4963 Patrem,
1084 4900 1212 4968 quia
1244 4897 1408 4952 Pater
1443 4899 1616 4968 major
1647 4913 1727 4952 me
1771 4908 1870 4951 est.

2219 4906 2336 4972 φύς
2389 4905 2496 4959 τὸν
2521 4904 2769 4974 Πατέρα,
2819 4903 2921 4980 ὅτι
2949 4908 2983 4958 ό
3015 4905 3217 4971 Πατήρ
3255 4921 3396 4973 μου
3439 4903 3670 4974 μείζων
3685 4915 3801 4971 μου

2178 5009 2376 5048 εστιν.

584 5076 940 5132 Occasionem
989 5075 1198 5132 doloris
1249 5076 1414 5131 vertit
1463 5075 1516 5130 in
1558 5086 1939 5147 argumentum
1989 5077 2084 5131 laeo

2263 5084 2732 5156 Ἀντιπεριτρέπει
2785 5085 2883 5155 τῆς
2914 5067 3090 5154 λύπῖης
3121 5083 3221 5152 τὴν
3269 5083 3558 5154 ἀφορμὴν
3600 5081 3684 5142 είς
3710 5077 3801 5130 θυ-

506 5169 667 5230 tiliaa,
706 5169 999 5238 palamque
1058 5182 1155 5222 eos
1213 5168 1396 5236 arguit
1442 5165 1587 5228 quod
1651 5181 1760 5220 non
1828 5166 2083 5222 laatentur

2224 5175 2376 5244 ηδίας
2405 5174 2680 5240 ὑπόθεσιν,
2712 5175 2805 5227 καὶ
2856 5176 2937 5229 ὅτι
2965 5173 3040 5246 μὴ
3067 5172 3330 5244 χαίρουσι
3396 5172 3619 5242 μᾶλλον
3651 5169 3737 5240 ἐφ’
3762 5160 3805 5236 ᾧ

505 5258 689 5324 potius
715 5257 784 5311 de
815 5271 881 5312 eo
931 5255 1078 5325 quod
1113 5255 1397 5310 dolebant.
1436 5253 1610 5310 Simul
1655 5263 1836 5312 autem
1878 5259 2079 5313 docere

2218 5264 2272 5317 ὗν
2321 5265 2670 5335 ἀσχάλλουσι,
2707 5266 3050 5322 καταιτιᾶται
3105 5261 3334 5329 σαφῶς.
3387 5265 3486 5316 Ἐν
3515 5261 3707 5333 ταυτῷ
3748 5259 3800 5312 δὲ

502 5355 759 5412 conatur,
797 5361 937 5416 opus
964 5359 1092 5401 esse
1139 5353 1200 5401 ut
1243 5345 1335 5416 qui
1386 5362 1568 5401 veram
1617 5361 1681 5402 ac
1713 5349 1988 5404 sinceram
2021 5351 2076 5405 in

2221 5359 2434 5427 ειρᾶται
2493 5356 2786 5420 διδάσκειν,
2849 5357 2933 5410 ὅτι
2986 5356 3114 5418 τοὺς
3142 5353 3569 5424 ἁκαπήλευτόν
3608 5371 3671 5408 τε
3711 5351 3803 5405 καὶ

503 5441 642 5495 alios
696 5438 1021 5492 charitatem
1077 5436 1291 5503 colunt,
1336 5454 1444 5492 non
1504 5447 1718 5495 tantum
1770 5443 1916 5510 quod
1969 5443 2072 5499 sibi

2223 5447 2349 5517 ιηΘῆ
2380 5448 2478 5518 τὴν
2499 5450 2579 5511 εἰς
2600 5449 2819 5517 ἑτέρους
2849 5448 3070 5516 ἀγάπην
3101 5445 3585 5514 ἐπιτηδεύοντας,
3619 5444 3805 5514 ζητεῖν

499 5529 656 5595 cordi
707 5529 779 5583 sit
813 5541 878 5582 ac
908 5526 1173 5599 voluptati
1207 5537 1474 5600 qumrant,
1509 5531 1602 5587 sed
1633 5534 1779 5603 quod
1827 5535 1950 5589 usui
1997 5538 2072 5591 sit

2218 5542 2469 5606 λαγκαῖον
2499 5541 2618 5610 οὐχὶ
2674 5539 2738 5611 δὴ
2793 5540 3011 5602 πάντως
3041 5537 3199 5612 μόνον
3262 5536 3333 5596 τὸ
3377 5537 3585 5608 σφίσιν
3617 5535 3800 5603 αὐτοῖς

569 5669 612 5697 δ’
654 5665 889 5736 Philipp.
927 5683 988 5731 ι,
1026 5668 1100 5730 25

565 5817 646 5890 (1)
681 5817 1045 5891 Ἀποκαλυψιν,
1073 5823 1158 5882 ed.
1186 5823 1350 5889 Infra,
1381 5841 1434 5896 μ.
1468 5825 1592 5888 8-H,
1625 5824 1713 5878 διὰ
1741 5827 1837 5895 τὴν
1863 5825 2123 5886 δοκοῦσαν

1073 5823 1158 5882 ed.
1186 5823 1350 5889 infra,
1381 5841 1434 5896 [ι.
1468 5825 1592 5888 ιιι,
1625 5824 1713 5878 διὰ
1741 5827 1837 5895 τὴν
1863 5825 2123 5886 δοκοῦσαν
2147 5826 2447 5896 ἀπόλειψιν.
2494 5828 2646 5888 Ιέοιι.
