4006 6412
305 395 424 452 309

1348 395 1414 451 IN
1453 395 1740 453 JOANNIS
1772 397 2230 457 EVANGELIUM
2269 401 2399 455 LIB.
2444 400 2511 455 Χ.

3461 397 3568 452 510

308 515 410 586 ἡδύ
437 532 500 568 τε
533 513 627 567 καὶ
653 514 822 584 φίλον,
845 514 982 569 ἀλλά
1011 517 1105 569 καὶ
1128 517 1242 580 τοῖς
1273 516 1662 588 ἀγαπωμένοις
1677 518 1891 570 λυσιτε-

2003 519 2068 574 iis
2105 534 2249 589 quos
2297 519 2556 590 diligunt,
2599 515 2893 572 occasione
2948 512 3001 571 id
3053 514 3385 586 postulante.
3420 514 3572 582 Quo-

309 605 424 672 λὶς,
461 605 656 677 καιροῦ
683 607 778 660 καὶ
801 606 960 660 τοῦτο
987 608 1120 678 δρᾷν
1169 607 1581 672 ἀναπείθοντος.
1610 609 1708 662 Διά
1736 607 1896 662 τοῦτο

307 699 408 750 καὶ
459 697 489 750 6
544 696 754 761 Παῦλος
800 697 1150 764 ἐπιστέλλων,
1213 699 1398 768 φησίν·
1438 717 1457 750 ι
1499 699 1563 752 Ἦ
1615 700 1803 770 ἀγάπη
1833 701 1894 752 οὐ

307 788 734 859 περπερεύεται,
768 788 830 842 οὑ
869 787 1180 858 φυσιοῦται,
1205 789 1306 842 οὑκ
1349 791 1672 861 ἀσχημονεῖ,
1704 792 1766 845 οὑ
1796 790 1896 862 ζη-

305 878 488 930 τεῖτά
510 879 727 950 ἑαυτῆς.
755 897 774 930 ι
798 879 962 947 Λέγει
988 880 1044 932 δὲ
1066 880 1203 951 πρός
1225 898 1395 944 τινας·
1430 900 1450 932 ι
1471 883 1561 951 Μὴ
1593 882 1663 937 τά
1689 883 1898 938 ἑαυτῶν

308 969 628 1038 ζητοῦντες,
657 969 795 1024 ἀλλά
827 971 922 1024 καλ⁵
955 971 1023 1025 τὰ
1061 974 1287 1044 ἐτέρων.
1324 992 1344 1026 ι
1389 973 1635 1044 Ἀγάπης
1660 973 1769 1046 γὰρ
1809 973 1902 1046 ἔρ-

309 1078 410 1129 γον
430 1062 533 1132 τῆς
566 1062 852 1133 ἀκριϐοῦς,
882 1065 1005 1134 οὐχὶ
1023 1064 1200 1135 δήπου
1230 1065 1448 1128 πάντως
1477 1065 1538 1118 rb
1571 1066 1730 1135 μόνον
1751 1067 1899 1137 ἡμᾶς

308 1157 568 1225 προνοεῖν
613 1154 721 1208 τῶν
776 1155 922 1208 ίδίων
955 1157 1197 1224 ἀγαθῶν,
1245 1156 1380 1210 ἀλλά
1417 1158 1514 1210 καὶ
1560 1155 1639 1226 τῷ
1668 1157 1900 1228 πλησίον

310 1243 779 1316 περισκέπτεσθαι
797 1245 857 1298 rb
887 1246 1176 1316 χρήσιμον·
1198 1245 1358 1298 τοῦτο
1387 1243 1496 1317 γὰρ
1523 1249 1740 1318 φρονεῖν
1769 1246 1900 1300 ἀνα-

308 1337 492 1391 πείθει
511 1337 637 1400 τοὺς
661 1335 857 1389 ἐαυτοῦ
912 1337 1161 1407 μαθητὰς
1213 1337 1302 1392 διὰ
1330 1335 1439 1390 τῶν
1470 1337 1848 1408 προκειμένων
1872 1339 1901 1392 6

308 1429 532 1499 Σωτήρ.
562 1429 674 1483 Καὶ
705 1427 839 1499 φέρε
862 1428 926 1498 δὴ
958 1428 1122 1481 πάλιν
1151 1429 1235 1498 ἐφ’
1266 1430 1399 1500 ἡμῖν
1432 1429 1618 1490 αὑτοῖς
1647 1427 1899 1499 καθάπερ

308 1520 408 1573 ἐπὶ
435 1519 644 1586 πίνακι,
679 1519 1027 1590 λεπτοτέροις
1054 1519 1343 1591 γραφείοις
1365 1519 1462 1591 τὴν
1490 1518 1585 1572 τοῦ
1619 1519 1903 1590 θεωρήμαο

308 1628 408 1674 τος
437 1612 847 1676 ἀνατυποῦντες
899 1611 1151 1682 δύναμιν,
1215 1611 1596 1682 ἀναϐαίνωμεν
1653 1611 1902 1666 ἐντεῦθεν

311 1706 408 1758 ἐπὶ
427 1705 489 1758 rb
518 1705 756 1776 Χριστοῦ
794 1708 1112 1776 μυστήριον.
1166 1705 1425 1778 Προξενεῖ
1453 1705 1559 1776 γὰρ
1592 1705 1850 1768 πολλάκις
1875 1705 1903 1759 6

1997 611 2144 666 circa
2173 622 2227 666 et
2247 609 2451 666 Paulus
2477 610 2543 666 ad
2575 609 2844 680 quosdam
2878 607 3104 664 scribit:
3138 609 3428 663 «Charitas
3459 623 3567 663 non

1997 703 2106 772 agit
2137 718 2442 772 perperam,
2473 718 2580 758 non
2608 700 2842 767 inﬂatur,
2869 714 2977 754 non
2999 708 3083 756 est
3118 699 3434 765 ambitiosa,
3461 717 3570 755 non

1998 797 2198 864 quaerit
2228 812 2348 866 quae
2382 811 2482 850 sua
2514 802 2645 850 sunt
2668 795 2734 848 ⁸⁰.
2784 811 2804 846 ι
2847 793 2928 848 Ad
2958 793 3098 848 alios
3132 799 3315 846 autem
3349 810 3362 846 :
3397 811 3414 844 ι
3452 791 3570 846 Non

2000 902 2100 942 sua
2140 895 2471 958 quaerentes,
2501 887 2596 942 sed
2645 901 2768 957 qua:
2811 892 2942 940 sunt
2990 884 3315 939 aliorum".
3359 903 3377 937 ι
3418 883 3576 939 νει-ω

1998 981 2204 1035 etenim
2254 979 2543 1036 charitatis
2595 994 2734 1049 opus
2779 985 2898 1044 est,
2935 991 3045 1031 non
3081 977 3269 1048 utique
3317 991 3420 1032 nos
3478 990 3579 1029 no-

1999 1082 2240 1128 strorum
2270 1071 2539 1126 bonorum
2566 1071 2834 1126 duntaxat
2861 1083 3052 1124 curam
3085 1084 3294 1140 gerere,
3318 1069 3417 1124 sed
3443 1081 3569 1138 pro-

2000 1162 2206 1232 pinquo
2245 1163 2391 1232 quod
2428 1163 2550 1217 usui
2609 1161 2681 1217 sit
2715 1161 3024 1232 providere.
3059 1161 3118 1216 id
3165 1161 3314 1215 enim
3365 1162 3568 1216 sentire

2000 1269 2131 1309 suos
2182 1253 2488 1324 discipulos
2539 1253 2644 1308 hoc
2678 1254 2800 1308 loco
2852 1252 3110 1309 Servator
3154 1253 3428 1308 admonet.
3467 1250 3576 1305 Sed

2000 1361 2120 1415 age,
2157 1360 2356 1400 rursus
2407 1345 2462 1399 in
2506 1346 2665 1401 nobis
2713 1346 2849 1417 ipsis
2881 1346 3031 1402 velut
3072 1346 3129 1401 in
3164 1345 3354 1400 tabula
3405 1344 3574 1414 hujus

2000 1444 2186 1492 textus
2211 1437 2321 1492 vim
2355 1446 2409 1493 et
2441 1438 2708 1494 rationem
2757 1436 3034 1494 subtiliori
3084 1437 3342 1508 penicillo
3370 1435 3574 1506 depin-

2001 1537 2214 1598 gentes,
2261 1529 2392 1584 hinc
2446 1530 2512 1584 ad
2547 1529 2752 1585 Christi
2805 1529 3131 1601 mysterium
3184 1527 3573 1584 ascendamus.

2004 1616 2158 1687 Saepe
2191 1619 2336 1674 enim
2389 1634 2578 1674 rerum
2623 1621 2938 1675 tenuiorum
2988 1619 3300 1689 exemplum
3356 1617 3485 1672 facit
3516 1624 3576 1672 ut

2003 1709 2069 1764 ad
2123 1725 2212 1766 res
2265 1711 2731 1779 incomparabiles
2787 1711 3104 1767 cvebamur.
3138 1709 3309 1781 Igitur
3363 1719 3575 1781 gratum

307 1797 370 1849 ἐν
388 1800 507 1860 τοῖς
534 1796 784 1851 ἐλάττοσι
804 1797 975 1862 τύπος
990 1797 1051 1851 rb
1071 1799 1356 1868 ἐφικέσθαι
1382 1797 1644 1851 δύνασθαι
1679 1798 1775 1852 καὶ
1793 1798 1901 1851 τῶν

2003 1806 2141 1863 erat,
2169 1798 2324 1854 verbi
2358 1799 2557 1869 gratia,
2589 1797 2745 1853 Pauli
2780 1799 3073 1871 discipulis
3103 1814 3230 1854 cum
3262 1815 3327 1854 eo
3361 1813 3578 1868 semper

305 1889 660 1959 ἀσυγκρίτως
692 1889 837 1960 ἔχειν
867 1890 1341 1960 πεπιστευμένων.
1370 1891 1583 1945 Οὐκοῦν
1623 1892 1720 1962 ἡδὺ
1764 1891 1862 1962 μὲν
1882 1931 1897 1956 ,

2003 1889 2210 1944 versari
2249 1907 2264 1944 :
2300 1890 2396 1946 sed
2450 1890 2646 1946 melius
2681 1889 2853 1946 Paulo
2900 1870 2965 1946 ac
3021 1891 3196 1946 satius
3251 1890 3474 1944 dissolvi
3525 1897 3578 1944 et

306 1979 445 2051 φέρε
479 1982 675 2043 εἰπεῖν,
699 1983 812 2044 τοῖς
843 1981 1058 2034 Παύλου
1086 1981 1360 2052 μαθηταῖς
1396 1983 1457 2036 τὸ
1485 1983 1636 2053 αὑτῷ
1664 1985 1901 2037 συνεῖναι

305 2071 398 2124 διὰ
425 2071 652 2134 παντός·
684 2071 821 2125 ἀλλά
855 2075 1105 2143 κρεῖττον
1164 2072 1242 2143 τῷ
1292 2073 1492 2144 Παύλῳ
1543 2076 1604 2126 rb
1638 2073 1902 2128 ἀναλῦσαι

307 2159 408 2212 καὶ
431 2160 532 2212 σὺν
565 2159 788 2231 Χριστῷ
809 2155 974 2225 εῖναι,
1005 2160 1260 2232 καθάπερ
1293 2162 1454 2223 αὑτὸς
1479 2161 1902 2216 διεϐεϐαιὼσατο

306 2251 562 2319 γράφων.
593 2247 704 2306 Ἦν
736 2247 830 2306 οῦν
879 2251 1038 2323 ἔργον
1077 2256 1192 2316 τοῖς
1223 2255 1445 2324 ἀγαπᾷν
1488 2254 1763 2324 ἑλομένοις
1800 2255 1900 2308 αύο

303 2341 421 2405 τὸν,
445 2342 508 2394 rb
529 2341 774 2413 πληροῦν
810 2343 1129 2412 ἐπείγεσθαι
1165 2344 1264 2415 τὴν
1304 2347 1382 2408 εἰς
1411 2344 1572 2398 αὑτὸν
1604 2346 1904 2416 ἀγάπησιν,

305 2433 406 2486 καὶ
448 2433 530 2504 μὴ
564 2433 846 2488 δύσοιστον
887 2435 977 2488 ἀεὶ
1027 2436 1300 2489 ποιεῖσθαι
1322 2437 1384 2488 τὸ
1408 2437 1592 2500 αὐτοῖς
1622 2437 1714 2489 καὶ
1745 2436 1904 2507 μόνον

301 2523 430 2592 ἡδὺ,
466 2523 904 2595 περιαθροῦντας
941 2526 998 2581 δὲ
1051 2527 1257 2596 μᾶλλον
1281 2527 1376 2581 καὶ
1399 2527 1460 2578 rb
1492 2526 1570 2597 τῷ
1600 2527 1906 2597 διδασκάλῳ

303 2615 684 2686 ἀποδημοῦντι
714 2617 1021 2688 συμφέρον,
1058 2618 1374 2687 ἐπείγεσθαι
1403 2621 1640 2672 συνεῖναι
1662 2615 1902 2688 Χριστῷ.

306 2708 500 2776 Ἔχεις
525 2708 620 2761 τοῦ
656 2709 1012 2781 θεωρήματος
1047 2711 1104 2764 ἐν
1133 2711 1246 2773 τοῖς
1274 2711 1396 2764 καθ’
1418 2711 1564 2782 ἡμᾶς
1586 2709 1684 2781 τὴν
1715 2709 1894 2762 σκιάν.

300 2798 443 2870 Φέρε
470 2799 540 2870 δὴ
568 2800 769 2863 τοίνυν,
803 2801 910 2854 τῶν
951 2801 1046 2854 ἐπὶ
1078 2800 1302 2872 Χριστῷ
1337 2801 1652 2872 μυστηρίων
1682 2799 1781 2868 τὴν
1804 2798 1898 2852 δύ-

1998 1995 2121 2036 esse
2179 1994 2305 2034 cum
2362 1979 2607 2045 Christo,
2651 1981 2796 2036 sicut
2853 1980 2970 2051 ipse
3021 1979 3390 2036 conﬁrmavit.
3429 1977 3580 2047 Opus

1998 2069 2168 2141 igitur
2197 2079 2284 2126 est
2338 2079 2398 2125 ut
2440 2071 2532 2141 qui
2585 2087 2710 2126 eum
2753 2071 3013 2144 diligunt,
3051 2071 3400 2131 dilectionem
3448 2084 3580 2141 erga

1996 2175 2122 2216 eum
2152 2161 2384 2231 implere
2412 2170 2708 2227 conentur,
2735 2179 2916 2234 neque
2947 2172 3164 2218 tantum
3203 2178 3362 2234 aequo
3395 2162 3580 2215 animo

1997 2267 2062 2309 ea
2103 2251 2280 2308 [erant
2330 2268 2454 2323 quae
2493 2253 2598 2310 sibi
2649 2255 2776 2311 unis
2810 2263 2967 2326 grata
3007 2264 3157 2319 sunt,
3186 2254 3282 2311 sed
3329 2254 3582 2309 conside-

2003 2330 2194 2399 rantes
2229 2344 2418 2414 potius
2451 2345 2598 2414 quod
2634 2347 2940 2403 discedenti
2993 2346 3258 2417 magistro
3301 2344 3582 2401 conduce-

2003 2442 2107 2500 ret,
2153 2435 2378 2491 studere
2418 2450 2543 2492 cum
2572 2436 2797 2494 Christo
2827 2439 3062 2495 versari.
3098 2437 3283 2494 Habes
3332 2439 3385 2492 in
3423 2439 3582 2492 nobis

2001 2525 2364 2581 theorematis
2401 2527 2552 2582 illius
2589 2530 2864 2584 umbram.
2899 2530 3142 2601 Agedum
3175 2531 3326 2600 ergo,
3371 2529 3478 2582 vim
3527 2534 3584 2580 et

2003 2617 2268 2672 rationem
2300 2618 2508 2675 Christi
2554 2621 2947 2689 mysteriorum
3000 2635 3102 2676 ceu
3148 2619 3366 2674 colores
3399 2619 3583 2672 varios

2005 2709 2216 2765 umbris
2267 2710 2615 2778 inducentes,
2646 2712 2820 2782 ipsam
2861 2713 3009 2769 clare
3057 2712 3277 2769 demum
3325 2709 3584 2766 ostenda-

2006 2817 2129 2856 mus
2151 2803 2462 2860 veritatem.

300 2909 474 2962 ναμιν
523 2893 776 2967 καθάπερ
813 2913 868 2948 τι
902 2894 1104 2967 χρῶμα
1146 2895 1426 2960 πολυειδὲς
1460 2898 1580 2958 ταῖς
1619 2896 1798 2957 σκιαῖς
1842 2893 2248 2966 ἐπαλείφοντες,
2304 2898 2475 2970 αὑτὴν
2512 2899 2612 2972 ἤδη
2659 2898 2844 2970 σαφῶς
2893 2898 3248 2972 ἐπιδείξωμεν
3299 2899 3398 2971 τὴν
3447 2897 3583 2970 ἀλήο

301 2989 484 3045 θειαν.

384 3087 479 3140 Ἐν
513 3089 696 3158 μορφῇ
727 3087 838 3159 γὰρ
876 3087 1139 3160 ὑπάρχων
1182 3087 1268 3142 τοῦ
1315 3088 1451 3141 Θεοῦ
1483 3089 1578 3142 καὶ
1617 3088 1832 3165 Πατρδς
1872 3089 1900 3142 6

2072 3083 2210 3138 Nam
2267 3098 2392 3138 cum
2419 3085 2476 3138 in
2523 3084 2702 3138 forma
2740 3080 2836 3138 Dei
2882 3095 2948 3136 ac
2982 3079 3168 3136 Patris
3206 3087 3353 3136 esset
3386 3077 3587 3150 Unige—

303 3177 646 3247 Μονογενὴς,
679 3178 772 3231 καὶ
827 3179 886 3232 ἐν
946 3179 1151 3250 ἰσότητι
1187 3182 1253 3251 τῇ
1286 3179 1429 3233 κατά
1487 3179 1751 3250 Πνεῦμα,
1801 3180 1900 3250 οὑχ

305 3269 612 3339 ἁρπαγμὸν
653 3271 900 3342 ἡγήσατο
931 3271 993 3325 rb
1022 3268 1160 3326 εἶναι
1189 3273 1280 3327 ῖσα
1305 3271 1444 3342 Θεῷ,
1485 3273 1574 3328 διά
1596 3290 1655 3326 τε
1687 3271 1785 3344 τὴν
1817 3273 1901 3335 είς

304 3363 461 3430 ἡμᾶς
495 3362 776 3432 ἀγάπησιν
830 3363 1134 3417 κεκένωκεν
1188 3364 1404 3428 ἐαυτὸν,
1457 3363 1671 3436 μορφὴν
1711 3362 1898 3417 δούλου

304 3453 513 3512 λαϐὼν.
542 3455 638 3508 καὶ
659 3455 870 3524 ὑπέστη
889 3472 951 3524 γε
971 3455 1130 3509 τοῦτο
1155 3455 1364 3521 παθὼν,
1402 3457 1489 3510 ἴνα
1523 3457 1730 3521 πάντας
1752 3456 1901 3528 ἡμᾶς

306 3544 595 3618 ἀπευθύνῃ
632 3545 771 3618 πρὸς
800 3548 982 3600 πᾶσαν
1025 3546 1236 3618 εἴδησιν
1269 3548 1493 3619 ἀρετῆς,
1526 3548 1636 3614 ἵνα,
1677 3548 1764 3603 διά
1801 3549 1901 3621 τῆς

306 3634 419 3687 τῶν
451 3634 749 3706 θαυμάτων
769 3635 1105 3708 ἀσυγκρίτου
1135 3638 1512 3710 φαιδρότητος,
1547 3639 1787 3710 θεωροὺς
1810 3657 1903 3709 γε·

306 3726 502 3782 νέσθαι
527 3726 931 3800 παρασκευάσῃ
951 3728 1052 3798 τῆς
1082 3729 1308 3800 ἐνούσης
1357 3733 1423 3802 τῇ
1473 3730 1593 3802 θείᾳ
1621 3731 1782 3800 φύσει
1811 3731 1902 3784 δυ-

308 3814 532 3885 νάμεώς
559 3833 619 3871 τε
639 3817 737 3871 καὶ
769 3816 948 3888 δόξης,
982 3817 1077 3871 καὶ
1107 3818 1422 3891 ὑπερφυοῦς
1455 3819 1722 3886 ἐξουσίας.
1744 3819 1901 3874 Οῦτω

305 3906 417 3977 γὰρ
443 3901 514 3977 ἦν
537 3907 831 3961 ἀναπεῖσαι
860 3908 988 3971 τοὺς
1027 3910 1108 3972 είς
1139 3911 1376 3980 ἐσχάτην
1402 3909 1642 3980 ἀμαθίαν
1671 3910 1902 3983 ὠλισθη-

307 3997 499 4060 κότας,
525 3998 839 4070 ἀνασφῆλαι
865 3999 1026 4052 πάλιν
1064 4001 1144 4063 είς
1178 4000 1411 4068 σύνεσιν,
1439 4002 1534 4055 καὶ
1574 4005 1901 4072 προσκυνεῖν

308 4089 413 4157 μὲν
441 4088 631 4142 οὐκέτι
658 4091 724 4160 τῇ
756 4089 932 4142 κτίσει
959 4090 1110 4163 παρά
1133 4091 1224 4143 τὸν
1255 4091 1540 4157 κτίσαντα,
1566 4092 1659 4145 τὸν
1683 4093 1739 4146 δὲ
1763 4093 1900 4163 ἀλη-

306 4180 420 4244 θῶς
450 4180 550 4233 ἕνα
586 4182 684 4235 καὶ
713 4180 874 4251 φύσει
900 4181 1033 4235 Θεὸν
1082 4182 1510 4254 ἐπιγράφεσθαι.
1551 4183 1812 4253 Ὠφέλησε
1844 4185 1900 4238 δὲ

305 4271 404 4324 καὶ
436 4271 560 4325 καθ’
587 4271 805 4343 ἐτέρους
828 4273 1065 4345 τρόπους
1086 4275 1234 4344 ἡμᾶς
1250 4276 1278 4326 6
1297 4274 1605 4346 Μονογενης
1633 4276 1902 4348 ἐνανθρω-

307 4365 513 4433 πήσας·
547 4363 881 4435 κατέστρεψε
903 4365 1013 4434 γὰρ
1046 4364 1144 4418 τοῦ
1174 4364 1406 4418 θανάτου
1429 4365 1490 4420 rb
1515 4365 1741 4436 κράτος,
1765 4384 1899 4420 κατ-

2007 3177 2178 3241 nitus,
2228 3183 2284 3230 et
2328 3173 2386 3228 in
2433 3172 2750 3243 aequalitate
2800 3170 3104 3227 secundum
3145 3167 3435 3240 Spiritum,
3473 3184 3584 3224 non

2007 3268 2260 3338 rapinam
2300 3265 2605 3321 arbitratus
2639 3271 2723 3321 est
2754 3279 2878 3320 esse
2912 3279 2973 3319 se
3019 3262 3284 3333 aequalem
3322 3259 3454 3327 Deo,
3488 3258 3586 3316 sed

2007 3365 2233 3429 propter
2280 3372 2440 3412 suam
2495 3356 2552 3410 in
2609 3371 2711 3411 nos
2771 3355 3097 3408 charitatem
3139 3351 3442 3408 exiuanivit
3497 3367 3585 3406 se-

2009 3449 2327 3521 metipsum,
2366 3448 2595 3503 fortnam
2632 3447 2779 3503 servi
2807 3445 2972 3520 843
3002 3445 3284 3513 accipiens
3312 3445 3381 3506 ",
3417 3443 3584 3513 idque

2008 3543 2298 3610 sustinuit,
2325 3550 2387 3596 ut
2419 3556 2525 3597 nos
2562 3555 2756 3596 omnes
2789 3540 2856 3594 ad
2878 3537 3102 3594 'omnem
3139 3536 3366 3592 virtutis
3396 3537 3588 3606 cogni-

2009 3632 2586 3698 tioneminl‘ormaret,
2613 3642 2672 3688 ut
2697 3648 2792 3703 per
2829 3629 3318 3702 incomparabilem
3357 3629 3588 3683 miracu-

2007 3727 2185 3781 lorum
2216 3725 2522 3781 claritatem
2552 3733 2890 3797 spectatores
2921 3739 3024 3780 nos
3047 3722 3281 3780 alliceret
3311 3720 3436 3792 ejus
3463 3733 3589 3790 quae

2007 3828 2223 3874 naturae
2253 3816 2457 3873 divinae
2491 3817 2634 3872 inest
2665 3815 2891 3872 virtutis
2919 3821 2974 3870 et
2999 3814 3208 3885 gloria),
3234 3828 3300 3868 ac
3325 3826 3587 3882 superna—

2009 3910 2208 3966 turalis
2262 3909 2539 3980 potentiae.
2573 3907 2667 3964 Sic
2721 3908 2869 3964 enim
2927 3908 2981 3962 in
3041 3914 3342 3962 extremam
3402 3903 3586 3972 lapsos

2009 4001 2283 4058 inscitiam
2332 4000 2398 4056 ad
2435 4014 2626 4054 sanam
2661 4008 2899 4055 mentem
2947 3997 3130 4053 denuo
3177 4009 3442 4051 revocare
3492 4009 3588 4063 po-

2009 4101 2169 4157 terat,
2204 4093 2279 4146 ita
2314 4101 2371 4146 ut
2404 4100 2714 4147 creaturam
2751 4107 2858 4146 non
2884 4090 3124 4162 amplius
3151 4087 3454 4144 adorarent
3478 4100 3590 4156 pra:

2008 4184 2295 4248 Creatore,
2324 4183 2420 4240 sed
2463 4199 2633 4238 unum
2666 4197 2792 4238 vere
2823 4197 2890 4237 ac
2923 4189 3120 4236 natura
3153 4179 3323 4235 Deum
3373 4193 3592 4232 nuncu-

2009 4281 2226 4346 parent.
2260 4273 2366 4328 Sed
2413 4281 2467 4328 et
2496 4273 2624 4328 aliis
2657 4271 2836 4328 modis
2872 4287 2974 4327 nos
3009 4269 3342 4342 Unigenitus
3373 4282 3590 4323 assum-

2011 4376 2102 4437 pta
2160 4381 2328 4422 carne
2388 4363 2885 4436 juvitzdestruxit
2951 4363 3099 4418 enim
3162 4361 3358 4417 mortis
3418 4359 3591 4428 impe-

307 4456 472 4509 έλυσε
506 4457 606 4526 τῆς
643 4457 919 4528 ἁμαρτίας
957 4457 1056 4528 τὴν
1082 4456 1336 4527 δύναμιν,
1369 4458 1602 4511 δέδωκεν
1626 4460 1762 4529 ἡμῖν
1789 4477 1898 4513 πα-

2010 4459 2151 4512 rium
2178 4457 2248 4524 ",
2293 4457 2405 4511 vim
2444 4458 2654 4528 peccati
2705 4455 2959 4518 resolvit,
2993 4468 3160 4524 supra
3200 4458 3488 4524 serpentes
3535 4457 3593 4505 et

304 4547 420 4596 τεῖν
455 4545 644 4597 ἐπάνω
671 4545 850 4615 ὄφεων
895 4547 990 4598 καὶ
1017 4545 1318 4616 σκορπίων,
1354 4546 1448 4600 καὶ
1481 4547 1573 4598 ἐπὶ
1603 4549 1780 4600 πᾶσαν
1804 4547 1902 4619 τὴν

303 4636 542 4706 δύναμιν
576 4635 670 4689 τοῦ
704 4635 920 4710 ἐχθροῦ.
955 4633 1064 4689 Ἦν
1094 4632 1186 4690 οὖν
1209 4637 1338 4708 ἄρα,
1363 4637 1459 4690 καὶ
1506 4636 1626 4690 λίαν
1649 4639 1898 4702 εἰκότως,

309 4729 447 4796 ἡμῖν
475 4727 575 4798 μὲν
607 4727 811 4791 αὑτοῖς,
847 4728 880 4798 ἢ
918 4727 1012 4780 καὶ
1049 4730 1163 4792 τοῖς
1187 4729 1365 4796 ἀγίοις
1388 4728 1686 4799 μαθηταῖς,
1716 4727 1813 4798 ήδύ
1839 4745 1899 4781 τε

307 4820 405 4871 καὶ
425 4818 601 4887 φίλον,
634 4819 729 4874 καὶ
759 4819 960 4883 παντὸς
999 4817 1147 4884 ἀξιον
1196 4820 1378 4888 λόγου,
1417 4819 1479 4873 rb
1534 4821 1771 4872 συνεῖναι
1816 4819 1906 4872 διὰ

308 4910 515 4974 παντὸς
546 4910 625 4982 τῷ
653 4910 926 4964 τοσούτων
976 4913 1107 4982 ἡμῖν
1141 4911 1363 4980 ἀγαθῶν
1409 4910 1598 4981 δοτῆρι
1648 4909 1904 4983 Χριστῷ,

308 4998 674 5069 συμπαρόντα
707 5015 768 5052 τε
809 4999 898 5052 ἀεὶ
923 5001 1017 5053 καὶ
1068 4998 1523 5070 συνδιαιτώμενον
1559 5000 1722 5070 ἔχειν.
1764 5001 1906 5054 Ἀλλ’

308 5089 374 5142 οὑ
409 5089 620 5160 σφόδρα
662 5090 936 5162 χρήσιμον
990 5091 1140 5160 αὑτῷ
1192 5091 1531 5160 διεφαίνετο,
1587 5093 1645 5145 ἐν
1676 5095 1908 5163 μακροῖς

308 5179 459 5233 οὕτω
519 5181 734 5251 χρόνοις
782 5181 1186 5252 ἐμφιλοχωρεῖν
1239 5180 1319 5252 τῷ
1367 5182 1467 5249 τῆς
1523 5179 1907 5245 ταπεινώσεως

310 5273 562 5341 σχήματι
594 5270 992 5342 παραδεχθέντι
1046 5272 1335 5344 χρησίμως
1378 5272 1469 5324 διὰ
1495 5271 1594 5341 τὴν
1645 5273 1724 5334 είς
1759 5274 1907 5342 ἡμᾶς

307 5365 618 5434 ἀγάπησιν,
647 5363 902 5436 καθάπερ
931 5365 1035 5436 ἤδη
1064 5365 1420 5436 προείπομεν.
1456 5365 1605 5419 Ἔδει
1628 5365 1738 5436 γάρ
1772 5365 1908 5435 μᾶλ-

309 5453 406 5506 λον
430 5456 528 5524 τῆς
563 5455 686 5508 καθ’
717 5457 868 5527 ἡμᾶς
898 5457 1212 5528 οίκονομίας
1244 5456 1555 5520 ἀκολούθως
1599 5458 1701 5529 ἤδη
1733 5475 1906 5511 πεπε-

313 5549 618 5618 ρασμένης,
651 5549 732 5612 είς
763 5548 864 5619 τὴν
912 5549 1049 5602 ἰδίαν
1105 5549 1469 5621 ἀναφοιτῆσαι
1499 5549 1656 5614 δόξαν
1708 5549 1902 5614 αὑτὸν,

311 5654 407 5692 και
442 5637 584 5707 μετά
619 5638 720 5708 τῆς
765 5639 832 5692 δι’
877 5640 1027 5712 ἡμᾶς
1055 5639 1361 5710 ληφθείσης
1388 5639 1589 5710 σαρκὸς
1613 5639 1903 5712 παλινδρο-

2007 4548 2368 4618 scorpiones,
2423 4555 2480 4603 et
2537 4562 2705 4616 supra
2768 4559 2987 4600 omnem
3045 4543 3224 4599 hostis
3288 4542 3589 4613 potentiam

2009 4639 2224 4693 calcare
2255 4637 2384 4693 fecit
2408 4636 2478 4690 “.
2504 4635 2634 4691 Erat
2664 4636 2832 4707 igitur
2861 4633 3332 4706 iucundissimum
3356 4640 3408 4686 et
3433 4639 3590 4702 opta-

2007 4731 2306 4795 tissimum,
2335 4745 2458 4785 cum
2485 4729 2646 4784 nobis
2683 4729 2842 4799 ipsis,
2875 4739 2988 4782 tum
3025 4726 3238 4782 sanctis
3270 4724 3589 4795 discipulis,

2009 4837 2226 4891 semper
2254 4837 2378 4877 esse
2413 4835 2524 4876 una
2547 4835 2672 4875 cum
2704 4809 2988 4875 tantorum
3027 4818 3297 4874 bonorum
3330 4817 3592 4889 largitore

2005 4911 2246 4973 Christo,
2283 4925 2348 4964 ac
2396 4918 2728 4980 praesentem
2772 4925 2993 4980 semper
3023 4924 3151 4964 eum
3197 4923 3262 4963 ac
3297 4907 3587 4963 nobiscum

2005 5009 2318 5055 versantem
2350 5000 2556 5056 habere
2588 5019 2602 5056 :
2639 4999 2734 5055 sed
2771 5015 2882 5054 non
2917 4999 3150 5054 multum
3178 4999 3227 5054 ei
3273 4998 3408 5053 utile
3437 4996 3588 5051 vide-

2006 5091 2190 5156 batur,
2220 5100 2330 5145 tam
2379 5091 2564 5163 longis
2603 5091 2949 5161 temporibus
2997 5088 3329 5145 commorari
3380 5087 3435 5140 in
3487 5085 3588 5138 hue

2008 5183 2261 5237 militatis
2323 5182 2500 5237 forma
2553 5198 2722 5253 quam
2780 5193 3008 5253 propter
3054 5180 3404 5235 dilectionem
3455 5191 3588 5246 erga

2006 5287 2108 5326 nos
2164 5280 2570 5342 assumpserat,
2604 5272 2773 5329 sicuti
2817 5273 2930 5343 jam
2972 5272 3234 5326 diximus.
3285 5268 3590 5338 Oportebat

2002 5365 2176 5430 enim,
2206 5376 2392 5421 nostra
2414 5367 2832 5437 dispensatione
2847 5366 2961 5435 jam
2985 5363 3050 5418 ad
3072 5364 3277 5419 exitum
3298 5359 3586 5433 perducta,

2005 5454 2071 5508 ad
2105 5470 2260 5510 suam
2289 5455 2521 5526 gloriam
2560 5457 2742 5526 ipsum
2784 5454 2991 5518 redire,
3018 5463 3221 5509 etcum
3256 5466 3429 5506 carne
3458 5465 3588 5520 pro-

2004 5554 2130 5615 pter
2169 5561 2270 5603 nos
2330 5556 2612 5617 assumpta
2660 5545 2728 5601 ad
2775 5545 3146 5616 aequalitatem
3199 5557 3324 5597 cum
3365 5541 3476 5597 Deo
3521 5555 3588 5594 ac

2004 5638 2164 5696 Patre
2211 5640 2438 5706 reverti,
2474 5655 2639 5711 quam
2689 5655 2814 5694 cum
2851 5637 3101 5708 rapinam
3135 5636 3438 5693 arbitratus
3477 5648 3588 5689 non

387 5813 434 5845 "
475 5814 492 5868 Ι
530 5817 662 5870 Cor.
693 5831 824 5883 xm,
859 5814 921 5883 4,
957 5816 1008 5872 5.
1088 5815 1128 5848 "
1171 5815 1190 5870 1
1224 5815 1357 5870 Cor.
1397 5831 1452 5882 ι,
1481 5814 1572 5870 24.
1650 5816 1696 5848 "
1731 5813 1901 5886 Phili;

2015 5831 2077 5880 tr,
2121 5816 2242 5870 6-8.
2320 5815 2366 5846 "
2399 5813 2444 5869 ll
2483 5812 2627 5870 Tim.
2663 5829 2703 5881 ι,
2738 5811 2823 5867 l0.
2898 5813 2945 5846 ’δ
2980 5811 3116 5867 Luc.
3148 5827 3217 5878 ι,
3256 5812 3339 5866 l9.
