4006 6424
524 413 585 468 3i
606 416 633 469 i,

1550 422 1607 478 S.
1650 424 1933 480 CYRILLI
1964 424 2437 486 ALEXASDRINI
2473 429 2794 488 ARCHIEP.

3644 435 3732 491 ιιι

522 540 672 585 esset
710 531 909 601 (ipsam
960 533 1106 588 enim
1160 548 1260 589 ceu
1316 537 1599 607 proprium
1648 538 1854 595 bonum
1896 539 2073 595 haberi

2207 547 2328 615 μεῖν
2358 549 2438 611 εἰς
2461 547 2683 619 ἰσότητα
2711 550 2811 618 τὴν
2840 546 2977 619 πρὸς
3008 545 3141 600 Θεὸν
3184 544 3280 598 καὶ
3308 543 3537 616 Πατέρα,
3566 544 3625 616 ἠν
3648 548 3733 619 οὐχ

524 623 786 688 licebat),
845 624 899 680 in
963 626 1259 681 humanam
1320 628 1715 697 ignobilitatem
1785 632 2092 689 descendit.

523 713 778 778 Quandiu
830 714 987 769 enim.
1027 725 1150 771 erat
1179 718 1234 771 in
1264 726 1433 782 terra,
1462 719 1589 775 licet
1623 719 1770 777 Deus
1813 724 2103 791 sitverus,‘

521 819 585 857 ac
632 805 873 861 universi
913 807 1201 868 Dominus.
1230 811 1380 864 nullo
1411 819 1591 866 tamen
1629 823 1878 869 nostrum
1912 817 2095 885 potior

516 898 874 965 rcputabatur
913 900 981 954 ab
1008 900 1076 956 iis
1101 901 1194 971 qui
1237 901 1471 973 gloriam
1506 904 1627 974 ejus
1654 919 1766 960 non
1798 917 2088 966 noverant.

520 983 676 1041 Unde
722 996 778 1042 et
808 988 1060 1059 colaphis
1099 1005 1296 1058 caesus,
1335 1002 1391 1047 et
1439 995 1619 1064 sputis
1670 996 2011 1067 inquinatus,
2036 1007 2092 1055 et

512 1078 815 1135 cruciﬁxus
857 1093 961 1147 est,
1000 1094 1053 1138 et
1095 1081 1413 1140 Iudaeorum
1456 1103 1658 1145 sannas
1696 1091 1843 1154 tulit,
1875 1092 1981 1163 qui
2008 1093 2092 1149 di-

512 1184 638 1222 ιιριεε
691 1172 817 1225 ausi
866 1183 996 1227 sunt
1029 1192 1043 1229 :
1083 1195 1102 1228 ι
1139 1174 1196 1231 Si
1248 1175 1421 1236 Filius
1464 1178 1561 1234 Dei
1597 1196 1679 1247 es,
1716 1182 1988 1240 descende
2021 1185 2089 1240 de

511 1274 694 1323 cruce,
732 1269 787 1315 et
814 1264 1105 1321 credemus
1151 1267 1250 1323 tibi
1272 1268 1341 1323 ”.
1378 1289 1397 1322 ι
1443 1268 1743 1341 Postquam
1781 1285 1963 1328 autem
2005 1274 2088 1328 in-

508 1355 848 1413 carnationis
899 1358 1143 1428 implevit
1172 1363 1521 1433 mysterium,
1558 1364 1627 1419 ad
1658 1365 1936 1422 cmlestem
1984 1364 2089 1421 Pa-

504 1454 653 1499 trem
678 1461 744 1502 ac
775 1447 950 1504 Deum
986 1466 1047 1507 se
1088 1455 1318 1523 recepit,
1350 1465 1546 1511 exacto
1570 1457 1830 1512 nimirum
1865 1458 2087 1515 humili-

505 1537 637 1590 tatis
659 1547 926 1610 tempore,
947 1550 1002 1596 et
1034 1544 1362 1601 voluntaria:
1386 1546 1708 1603 inanitionis
1740 1550 2085 1621 temporibus

504 1627 580 1683 ad
612 1629 817 1684 exitum
872 1633 1176 1707 perductis,
1219 1634 1366 1692 Deus
1418 1637 1641 1693 tandem
1682 1640 1940 1707 supernis
1982 1655 2082 1711 po-

502 1720 799 1777 testatibus
840 1725 1119 1793 apparuit.
1152 1724 1264 1781 Nec
1310 1728 1457 1784 enim
1499 1729 1799 1786 ascendere
1836 1731 2081 1789 universi

501 1805 799 1865 Dotiiinum
828 1815 1030 1868 cmlum
1058 1815 1354 1887 ignoravit,
1386 1819 1482 1875 sed
1513 1820 1658 1890 jussi
1696 1829 1826 1877 sunt
1859 1825 1955 1894 qui
1985 1840 2080 1880 su-

2203 640 2498 712 ἁρπαγμὸν
2552 641 2899 712 ἡγησάμενος
2960 637 3137 709 (ἐξῆν
3178 635 3287 706 γὰρ
3334 635 3489 707 ἔχειν,
3522 635 3590 700 ὡς
3626 638 3737 692 ἰδιον

2199 732 2426 805 ἀγαθὸν)
2444 775 2457 794 ,
2489 735 2566 796 εἰς
2593 732 2939 805 ἀνθρωπίνην
2969 728 3345 800 καταϐέϐηκεν
3372 727 3592 794 ἀδοξίαν.
3609 729 3735 795 Ἕως

2201 825 2300 896 μὲν
2326 826 2435 896 γὰρ
2457 820 2524 896 ἦν
2546 826 2641 878 ἐπὶ
2684 826 2783 896 τῆς
2825 824 2931 895 γῆς
2960 820 3061 889 ἔτι,
3110 822 3289 875 καίτοι
3331 821 3460 884 Θεὸς
3506 821 3740 893 ὑπάρχων

2197 917 2469 988 ἀληθινὸς,
2506 920 2600 972 καὶ
2629 917 2737 972 τῶν
2763 916 2900 972 ὅλων
2921 916 3146 986 Κύριος,
3168 914 3380 977 οὑδενὸς
3405 913 3626 984 ἀμείνων
3642 914 3735 968 τῶν

2195 1010 2319 1065 καθ’
2349 1013 2499 1083 ἡμᾶς
2540 1010 2814 1080 ἐλογίζετο
2861 1009 3016 1080 παρά
3053 1025 3118 1077 γε
3171 1009 3283 1070 τοῖς
3321 1005 3419 1059 οὐκ
3471 1005 3626 1059 εἰδόσι
3655 1007 3739 1075 τὴν

2193 1103 2353 1171 δόξαν
2379 1102 2565 1157 αὑτοῦ.
2597 1103 2708 1162 Καὶ
2756 1099 2888 1170 γοῦν
2933 1097 3266 1171 ὲρραπίσθη,
3310 1097 3405 1150 καὶ
3430 1095 3736 1164 ὲνεπτύσθη,

2194 1195 2289 1249 καὶ
2310 1193 2649 1264 ἐσταυρώθη,
2668 1193 2763 1247 καὶ
2784 1192 2883 1263 τῆς
2909 1190 3178 1245 Ἰουδαίων
3199 1187 3538 1259 ἀνοσιότητος
3553 1186 3739 1256 ὑπέστη

2192 1285 2282 1340 τὸν
2302 1285 2726 1355 γέλωτα,,τολμη
2734 1282 2939 1336 σάντων
2955 1281 3151 1334 εἰπεῖν⁸
3175 1279 3267 1333 «Εἰ
3287 1276 3412 1342 Υἱὸς
3425 1271 3480 1329 εἰ
3493 1274 3583 1328 τοῦ
3599 1274 3737 1339 Θεοῦ,

2192 1378 2462 1449 κατάϐηθι
2490 1377 2586 1431 νῦν
2637 1376 2745 1433 ἀπὸ
2789 1373 2885 1430 τοῦ
2944 1371 3202 1444 σταυροῦ,
3257 1370 3352 1424 καὶ
3405 1366 3743 1437 πιστεύσομεν

2193 1487 2329 1526 σοι.»
2363 1465 2581 1538 Ἐπειδὴ
2615 1464 2677 1520 τὸ
2704 1464 2825 1519 καθ’
2846 1464 2995 1536 ἡμᾶς
3020 1459 3428 1532 ἀποπληρώσας
3450 1458 3738 1529 μυστήριον,

2190 1561 2328 1631 πρὸς
2353 1559 2445 1614 τὸν
2484 1560 2542 1612 ὲν
2568 1560 2681 1622 τοῖς
2711 1556 2960 1629 οὐρανοῖς
2997 1549 3353 1622 ἀνεκομίζετο
3402 1547 3617 1619 Πατέρα
3661 1548 3745 1599 καὶ

2187 1652 2345 1717 Θεὸν,
2366 1650 2461 1706 ἅτε
2480 1648 2546 1721 δὴ
2572 1648 2979 1719 παρελάσαντος
3007 1644 3109 1716 ἢδη
3137 1640 3233 1697 τοῦ
3263 1641 3366 1712 τῆς
3385 1639 3742 1700 ταπεινώσεως

2188 1744 2382 1816 χρόνου
2412 1743 2504 1802 καὶ
2531 1739 2971 1811 πεπερασμένων
2994 1735 3106 1790 τῶν
3142 1732 3353 1805 καιρῶν
3385 1731 3486 1800 τῆς
3517 1728 3745 1784 ἑκουσίου

2186 1833 2506 1898 κενώσεως,
2523 1831 2656 1896 Θεὸς
2679 1830 2780 1903 ἢδη
2809 1832 2934 1893 ταῖς
2981 1826 3097 1882 ἀνω
3126 1825 3393 1895 δυνάμεσι
3440 1820 3740 1891 διεφαίνετο.

501 1903 690 1973 pernis
736 1903 926 1973 januis
962 1916 1229 1977 praesunt,
1261 1918 1591 1986 potestatum
1641 1910 1934 1970 Dominum
1984 1917 2073 1971 ad-

2186 1928 2263 1982 Ού
2285 1926 2395 1997 γὰρ
2422 1924 2696 1996 ἠγνόησεν.
2718 1920 3079 1990 ἀναϐαίνοντα
3127 1916 3218 1972 τὸν
3244 1915 3357 1970 τῶν
3387 1913 3524 1969 ὅλων
3557 1911 3744 1965 Δεσπό-

501 1992 739 2059 mittere,
768 1995 897 2052 licet
919 2013 1043 2054 cum
1073 2014 1243 2056 carne
1272 2002 1679 2071 ascendentem,
1700 2006 1862 2076 eique
1890 2015 2079 2078 portas

502 2083 757 2138 attollere
794 2087 1090 2147 mandabat
1115 2087 1378 2162 Spiritus,
1402 2091 1590 2151 dicens
1620 2112 1633 2150 :
1673 2113 1693 2148 ι
1733 2093 1930 2153 Tollite
1956 2113 2080 2169 por-

500 2182 607 2239 tas,
647 2177 948 2249 principes,
977 2192 1213 2248 vestras,
1244 2190 1300 2238 et
1342 2184 1658 2250 elevamini,
1690 2195 1862 2258 portae
1912 2197 2075 2243 aeter-

499 2266 685 2331 naies,
720 2277 774 2324 et
808 2271 1058 2340 introibit
1092 2273 1206 2329 ltex
1253 2275 1461 2346 gloria.
1502 2275 1768 2335 Dominus
1821 2279 1978 2338 fortis
2020 2291 2077 2337 et

497 2362 715 2425 potens,
745 2359 915 2433 ω
942 2364 1291 2435 omnipotens
1320 2368 1374 2424 in
1408 2368 1617 2439 praelio.
1671 2369 1938 2430 Dominus
1961 2374 2075 2430 vir-

497 2458 673 2505 tutum
707 2456 825 2525 ipse
863 2466 950 2514 cst
995 2457 1110 2515 Rex
1149 2462 1337 2532 gloriae
1364 2464 1431 2518 ⁸⁸.
1480 2483 1499 2516 ι
1562 2465 1806 2521 lunotuit
1842 2469 1986 2523 enim
2020 2479 2075 2526 et

494 2540 905 2617 Principat-ihus
931 2558 986 2606 et
1015 2551 1391 2612 Patr-statibus
1412 2557 1772 2617 multiformis
1801 2560 2072 2631 sapientia

492 2635 611 2699 Dei,
636 2642 939 2697 secundum
972 2644 1386 2714 praeﬂnitionem
1429 2650 1768 2711 saeculorum
1789 2667 1953 2724 quam
1988 2653 2070 2713 fe-

490 2729 565 2781 cit
599 2730 652 2784 in
686 2730 930 2801 Christo,
974 2737 1140 2792 sicuti
1178 2736 1385 2795 Paulus
1417 2740 1497 2796 ait
1516 2742 1584 2798 ⁸⁷.
1615 2741 1894 2801 Reversus
1921 2746 2068 2801 enim

488 2821 557 2874 ad
591 2821 832 2891 Patrem,
869 2827 1001 2883 licet
1031 2830 1209 2900 major
1240 2846 1404 2902 quam
1436 2834 1557 2904 ipse
1595 2835 1720 2897 ideo
1750 2844 2065 2902 censeatur,

486 2914 634 2980 quod
669 2915 756 2971 hic
804 2919 1026 2988 quidem
1063 2922 1264 2978 mansit
1305 2924 1362 2978 in
1409 2924 1476 2979 iis
1508 2925 1563 2980 in
1608 2926 1810 2997 quibus
1848 2944 2068 2999 semper

485 3014 626 3070 erat,
653 3007 744 3063 ille
766 3025 897 3065 vero
924 3013 1292 3074 voluntariam
1323 3016 1685 3073 inanitionem
1720 3019 1964 3085 subiens,
2009 3021 2065 3075 in

485 3097 631 3148 servi
669 3095 846 3152 forma
876 3100 1187 3169 descendit,
1209 3102 1276 3158 ad
1310 3108 1587 3180 propriam
1622 3123 1818 3166 rursus
1840 3118 2077 3166 evectus.

482 3195 570 3241 est
621 3189 874 3260 gloriam,
932 3195 1252 3268 audivitque
1285 3220 1298 3254 :
1336 3218 1356 3251 ι
1397 3197 1538 3257 Sede
1566 3216 1597 3255 a
1641 3202 1851 3258 dextris
1903 3204 2060 3271 meis,

2185 2016 2342 2091 τηνό
2365 2017 2615 2090 οὐρανὸς,
2644 2015 2761 2070 ἀλλ’
2808 2011 3124 2069 ἐκελεύοντο
3156 2010 3257 2081 μὲν
3281 2011 3332 2063 οἱ
3365 2007 3485 2071 ταῖς
3517 2004 3624 2060 ἄνω
3650 2003 3743 2057 πύ-

2183 2111 2303 2176 λαις
2330 2108 2714 2181 ὲφεστηκότες,
2745 2108 2824 2172 ώς
2847 2106 2940 2161 τὸν
2975 2104 3086 2159 τῶν
3127 2102 3414 2173 δυνάμεων
3442 2096 3745 2172 προσίεσθαι

2183 2202 2408 2275 Κύριον,
2434 2200 2611 2253 καίτοι
2652 2198 2791 2269 μετὰ
2824 2194 3025 2268 σαρκὸς
3054 2192 3459 2263 άνιπτάμενονσ
3497 2189 3667 2259 αῖρειν
3694 2202 3747 2238 τε

2181 2292 2281 2355 τὰς
2311 2290 2483 2354 πύλας
2506 2287 2653 2358 αύτῷ
2682 2286 2936 2342 διετύπου
2962 2285 3024 2339 τὸ
3047 2282 3297 2354 Πνεῦμα,
3314 2281 3494 2350 λέγον*
3522 2299 3539 2332 ι
3561 2280 3748 2346 Ἄρατε

2183 2384 2380 2449 πύλας,
2431 2384 2484 2436 οί
2534 2382 2817 2453 ἄρχοντες,
2847 2378 3027 2450 ὑμῶν,
3078 2377 3175 2431 καὶ
3225 2369 3544 2446 ὲπάρθητε,
3596 2369 3753 2423 πύλαι

2181 2474 2411 2535 αἱώνιοι.
2439 2473 2535 2527 καὶ
2560 2471 2931 2526 εἰσελεύσεται
2952 2471 2980 2523 ό
3015 2467 3269 2539 βασιλεὺς
3290 2467 3395 2536 τῆς
3440 2463 3615 2534 δόξης.
3647 2459 3747 2515 Κύ-

2183 2585 2294 2639 ριος
2317 2564 2596 2635 κραταιὸς,
2629 2563 2724 2616 καὶ
2774 2562 3018 2624 δυνατὸς,
3075 2558 3281 2630 Κύριος
3325 2554 3554 2617 δυνατὸς
3578 2553 3634 2639 εν
3658 2567 3746 2603 m-

2177 2637 2349 2731 λὲμῳ.
2384 2658 2589 2730 Κύριος
2639 2655 2750 2709 τῶν
2802 2652 3083 2723 δυνάμεων
3137 2650 3304 2713 αὑτός
3351 2651 3500 2702 ἐστιν
3551 2637 3748 2705 οὑτοςό

2179 2752 2428 2825 βασιλεὺς
2482 2750 2582 2820 τῆς
2611 2748 2789 2819 δόξης.
2817 2768 2837 2801 ι
2884 2741 3305 2835 Ἐγνώσθηῗγὰρ
3366 2742 3487 2835 ταῖς
3545 2736 3751 2835 ’ξιξχαξς

2176 2844 2272 2898 καὶ
2308 2845 2428 2906 ταῖς
2468 2839 2769 2908 Ἐξουσίαις
2796 2840 2830 2909 ἡ
2878 2834 3264 2897 πολυποίκιλος
3291 2831 3460 2901 σοφία
3487 2828 3582 2882 τοῦ
3603 2826 3748 2885 Θεοῦ.

2172 2937 2240 3007 ἢν
2259 2932 2513 3004 ἐποίησεν
2540 2933 2597 2985 ὲν
2623 2930 2701 3003 τῷ
2719 2929 2958 3002 Χριστῷ,
2990 2928 3242 2998 καθάπερ
3274 2925 3305 2977 ὁ
3335 2920 3552 2984 Παῦλός
3580 2935 3749 2989 φησιν.

2185 3025 2602 3096 Ἀνακομισθεὶς
2632 3024 2742 3094 γὰρ
2771 3023 2908 3095 πρὸς
2942 3023 3035 3075 τὸν
3055 3019 3299 3091 Πατέρα,
3334 3016 3519 3072 καίτοι
3542 3011 3751 3083 μείζονα

2171 3120 2214 3191 ἢ
2239 3119 2360 3174 κατ’
2383 3117 2548 3171 αὐτὸν
2579 3116 2701 3170 κατ’
2731 3116 2907 3170 ἐκεῖνο
2937 3111 3245 3183 νοούμενον,
3282 3108 3411 3162 καθ’
3440 3107 3578 3176 ὅπερ
3606 3104 3633 3155 ὁ
3664 3099 3752 3171 μὲν

2171 3192 2386 3282 ἔμεινεν
2417 3212 2475 3263 ὲν
2503 3204 2585 3273 οἷς
2615 3203 2685 3279 ἦν
2712 3208 2820 3270 ἀεὶ,
2844 3209 2873 3260 ὁ
2904 3206 2961 3259 δὲ
2987 3205 3087 3276 τὴν
3140 3201 3399 3257 ἑκούσιον
3461 3194 3752 3267 ὑπομείνας

483 3278 661 3336 donec
695 3297 892 3352 ponam
928 3285 1184 3345 inimicos
1207 3299 1334 3347 tuos
1367 3292 1671 3349 scabellum
1707 3292 1904 3362 pedum
1940 3302 2065 3347 tuo-

2178 3278 2422 3367 κενωσιν,
2448 3303 2508 3355 ὲν
2536 3302 2602 3372 τῇ
2630 3278 2725 3354 τοῦ
2752 3298 2939 3353 δούλου
2981 3295 3184 3367 κατέϐη
3239 3295 3459 3366 μορφῇ,
3503 3289 3641 3361 πρὸς
3664 3286 3755 3343 τὴν

484 3387 606 3425 rum
631 3372 702 3428 ⁵⁸.
735 3395 754 3428 ι
790 3373 898 3431 Sed
949 3395 1019 3435 ne
1052 3380 1171 3451 ipse
1203 3383 1487 3439 videretur
1537 3385 1802 3440 honorem
1839 3385 1943 3441 sibi
1977 3401 2066 3440 ra-

484 3463 693 3532 puisse,
726 3466 1000 3541 Paterque
1044 3474 1285 3530 ctelestis
1332 3477 1418 3531 vel
1475 3477 1685 3533 invitus
1736 3475 1936 3532 Filium
1996 3479 2062 3533 ad

483 3555 737 3613 dextram
764 3562 1089 3629 collocasse,
1126 3566 1244 3636 ipse
1302 3566 1465 3624 Pater
1498 3568 1893 3636 introducitur,
1926 3569 2062 3624 illud

481 3648 673 3706 dicens
702 3669 716 3706 :
751 3671 769 3704 ι
814 3654 955 3715 Sede
984 3672 1017 3712 a
1050 3658 1263 3735 dextris
1291 3661 1450 3718 meis.
1490 3680 1510 3714 ι
1541 3661 1730 3731 Neque
1762 3678 1892 3718 vero
1935 3679 2063 3718 cor-

482 3739 643 3806 datus
683 3745 973 3817 quisquam
1021 3751 1222 3808 dixerit
1248 3750 1467 3806 Patrem
1505 3752 1780 3809 secundas
1835 3754 2063 3811 honoris

483 3843 669 3903 partes
716 3838 936 3910 dedisse
986 3839 1149 3909 Filio,
1190 3843 1337 3915 quod
1369 3860 1492 3900 eum
1532 3861 1562 3900 a
1599 3846 1809 3902 dextris
1838 3845 2058 3912 habent,

480 3925 575 3980 sed
609 3926 748 3983 illud
772 3933 923 4002 apud
947 3950 1008 3989 se
1051 3937 1330 4006 reputabit
1354 3938 1559 4008 potius,
1593 3939 1909 4011 oportuisse
1938 3953 2059 3993 om-

479 4016 611 4071 nino
644 4019 929 4083 dexterum
957 4033 1013 4080 et
1046 4026 1255 4084 nullius
1296 4027 1701 4085 imminutionis
1735 4038 2057 4099 suspectum

478 4103 683 4171 locum,
711 4125 819 4164 non
850 4114 1072 4182 quidem
1099 4115 1377 4185 Patri,sed
1403 4117 1541 4173 Filio
1574 4118 1825 4184 attribui,
1856 4120 2060 4190 quippe

476 4197 593 4265 qui,
625 4210 849 4272 propter
906 4207 1273 4265 voluntariam
1332 4211 1694 4266 inanitionem
1754 4220 1811 4266 et
1871 4211 2058 4280 subje-

475 4289 733 4353 ctionem,
762 4303 820 4346 ut
857 4297 1042 4354 minor
1065 4300 1400 4370 arguebatur
1430 4302 1498 4354 ab
1525 4303 1593 4356 iis
1616 4302 1709 4372 qui
1733 4302 2054 4373 mysterium

475 4378 874 4439 incarnationis
902 4402 1100 4457 capere
1131 4405 1239 4444 non
1277 4402 1520 4460 possent.
1546 4391 1760 4447 Idcirco
1788 4408 1817 4446 a
1844 4392 2055 4457 dextris

473 4479 559 4525 est
611 4472 815 4542 Patris,
859 4479 955 4547 qui
1005 4482 1324 4537 nullatenus
1369 4485 1524 4561 argui
1585 4490 1793 4562 potest,
1825 4495 1883 4539 ut
1919 4483 2057 4540 Filio

472 4571 721 4618 servetur
762 4567 989 4625 honoris
1015 4572 1320 4642 mqualitas.

2163 3394 2371 3458 οἰκείαν
2398 3390 2553 3457 αὖθις
2604 3390 2937 3460 ἀνεϐιϐάσθη
2967 3386 3153 3455 δόξαν,
3202 3385 3482 3448 ἀκούσας·
3519 3401 3540 3434 ι
3580 3377 3754 3433 Κάθου

2164 3474 2229 3542 ἐκ
2263 3486 2452 3554 δεξιῶν
2479 3503 2603 3558 μου,
2643 3486 2747 3549 ἕως
2769 3485 2837 3538 ἂν
2865 3482 2945 3537 θῶ
2981 3486 3108 3546 τοὺς
3158 3478 3401 3551 ἐχθρούς
3432 3493 3530 3531 σου
3561 3469 3757 3534 ὑποπό-

2162 3580 2273 3635 διον
2300 3578 2413 3633 τῶν
2450 3577 2630 3641 ποδῶν
2647 3593 2761 3631 σου.
2793 3597 2811 3629 ι
2846 3576 2961 3629 Ἵνα
2984 3575 3041 3627 δὲ
3073 3572 3149 3644 μὴ
3198 3571 3396 3641 δοκοίη
3430 3562 3754 3629 πλεονεκτή-

2166 3683 2285 3732 σας,
2320 3667 2416 3720 καὶ
2446 3667 2544 3738 οὑχ
2582 3666 2776 3719 ἑκόντα
2802 3664 2965 3736 τυχὸν
2998 3663 3088 3716 τὸν
3121 3665 3179 3715 ὲν
3201 3664 3326 3725 τοῖς
3360 3658 3623 3730 οὐρανοῖς
3648 3653 3759 3706 Πα-

2160 3759 2296 3830 τέρα
2327 3759 2422 3813 καὶ
2471 3759 2604 3821 Θεὸν
2653 3758 2876 3812 καθίσαι
2922 3757 3058 3828 πρὸς
3082 3757 3195 3818 τοῖς
3224 3754 3435 3819 δεξιοῖς
3478 3751 3574 3805 τὸν
3612 3746 3757 3807 Υἰὸνι

2162 3849 2327 3912 αὐτὸς
2350 3847 2511 3902 τοῦτο
2537 3848 2711 3916 λέγων
2738 3850 2767 3901 ό
2805 3847 2993 3917 Πατὴρ
3025 3847 3409 3915 εἰσενήνεκται
3444 3841 3540 3938 τὸ,
3598 3856 3625 3938 ι
3672 3837 3763 3938 Ἰἓκ

2160 3940 2349 4009 δεξιῶν
2375 3958 2476 4012 μου
2506 3941 2698 4005 κάθου,
2728 3960 2746 3992 ι
2802 3940 2956 4010 φησί,
2996 3937 3108 3992 Καὶ
3131 3934 3191 3990 οὐ
3232 3938 3300 4008 δή
3357 3953 3451 3999 τις
3500 3934 3621 4006 ἐρεῖ
3641 3934 3758 3983 νοῦν

2161 4033 2321 4104 ἔχων,
2355 4033 2430 4096 ὡς
2449 4033 2561 4095 τοῖς
2584 4032 2858 4105 δευτέροις
2878 4033 2906 4084 ό
2926 4029 3119 4108 Πατὴρ
3150 4029 3461 4098 τετίμηται
3494 4026 3588 4079 τὸν
3609 4020 3770 4082 Υἱὸν,

2162 4122 2322 4194 ἔχων,
2346 4126 2409 4177 ἐκ
2444 4122 2656 4189 δεξιῶν,
2675 4110 2933 4190 λογιεῖται
2963 4119 3019 4173 δὲ
3044 4117 3245 4190 μᾶλλον
3278 4118 3491 4182 ἐκεῖνο,
3523 4115 3621 4169 καὶ
3649 4112 3759 4165 δια-

2162 4215 2440 4284 σκέψεταιυ
2474 4213 2582 4266 ἔδει
2611 4215 2719 4285 γὰρ
2744 4212 2911 4276 ὅντως
2943 4214 3007 4265 ὲκ
3024 4208 3216 4275 δεξιῶν
3239 4209 3519 4273 νοεῖσθαι,
3546 4205 3645 4260 καὶ
3673 4202 3759 4256 τὸν

2159 4307 2469 4359 ἀνύποπτον
2526 4306 2605 4369 εἰς
2662 4305 2959 4360 ἐλάττωσιν
3002 4302 3147 4373 ἔχειν
3194 4303 3393 4365 τόπον,
3423 4302 3552 4372 ούχί
3590 4298 3760 4369 δήπου

2160 4399 2377 4459 πάντως
2408 4398 2500 4451 τὸν
2561 4397 2798 4469 Πατέρα,
2831 4396 3034 4467 μᾶλλον
3066 4394 3123 4449 δὲ
3174 4395 3269 4448 τὸν
3318 4395 3484 4455 Υἰὸν,
3547 4389 3641 4445 διὰ
3666 4387 3762 4458 τὴν

2158 4489 2405 4545 ἑκούσιον
2439 4489 2670 4544 κένωσιν
2725 4490 2820 4543 καὶ
2871 4488 3185 4563 ὑποταγὴν,
3241 4488 3322 4551 ὡς
3384 4486 3478 4540 ἐπ’
3513 4483 3774 4537 ἐλάττοσι.

2159 4580 2641 4652 κατηγορούμενον
2670 4577 2822 4650 παρὰ
2851 4577 2960 4631 τῶν
3019 4577 3264 4631 συνιέναι
3324 4576 3409 4648 μὴ
3439 4570 3776 4643 δυναμένων,

468 4654 531 4706 τὸ
561 4658 816 4732 ἐπάὑτῷ
849 4664 1167 4737 μυστήριον.
1192 4667 1290 4727 Διά
1318 4668 1474 4725 τοῦτο
1536 4674 1601 4730 ἐκ
1665 4674 1853 4749 δεξιῶν
1890 4675 1992 4731 τοῦ.
2047 4675 2357 4749 μηδαμόθεν
2417 4671 2843 4745 κατηγορεῖσθαι
2890 4670 3186 4743 δυναμένοὺ
3243 4670 3482 4741 Πατρὸς
3504 4710 3520 4734 ,
3579 4665 3668 4719 ῖνα
3702 4660 3763 4717 τὸ

473 4748 716 4817 ἰσότιμον
742 4751 981 4823 σώζηται
1020 4756 1099 4826 τῷ
1130 4756 1263 4828 Υίῷ.
1587 4756 1600 4769 ’

541 4840 721 4907 Atque
774 4842 889 4897 haec
935 4845 1155 4913 quidem
1226 4860 1355 4905 sunt
1399 4867 1429 4905 a
1498 4856 1661 4910 nobis
1726 4858 1930 4913 utiliter
1986 4856 2041 4912 in

2220 4851 2328 4904 Καὶ
2366 4849 2524 4903 ταυτί
2559 4848 2659 4920 μὲν
2708 4848 2841 4918 ἡμῖν
2898 4846 3249 4917 εἰσεκομίσθη
3298 4845 3376 4900 τὰ
3432 4848 3762 4919 διηγήματα

468 4943 715 5008 prmseus
763 4935 1182 5007 expusilu,qua3
1221 4940 1288 4994 ad
1348 4957 1461 4998 rem
1510 4948 1849 5017 propositam
1909 4963 2049 5005 cou-

2178 4944 2432 5015 έρησίμως
2465 4942 2544 5003 εἰς
2569 4940 2631 4992 τὸ
2656 4940 2852 5009 παρὸν,
2876 4940 2975 4992 οὑκ
2996 4937 3267 5007 ἀσυντελῆ
3292 4942 3420 5004 τοῖς
3457 4937 3762 5011 προκειμέ..

467 5020 703 5079 ducunt.
765 5023 871 5080 Sed
944 5027 1125 5083 denuo
1183 5042 1460 5103 repetens,
1509 5046 1693 5108 atque,
1746 5048 1805 5093 ut
1883 5041 2049 5095 verbo

2178 5053 2257 5098 οις
2283 5035 2475 5107 ἔχοντα
2534 5031 2627 5084 τὸν
2672 5030 2852 5101 λόγον.
2898 5029 3209 5084 Ἀναλαϐὼν
3252 5029 3317 5084 δὲ
3359 5031 3626 5097 ἐσαῦθις,
3667 5032 3760 5084 καὶ

464 5113 672 5208 άίρειιι,
700 5122 872 5170 totum
900 5118 971 5173 ab
1018 5119 1177 5176 initio
1224 5127 1562 5182 narrationis
1598 5144 1824 5200 scopum
1871 5130 2048 5185 revol-

2178 5125 2286 5189 λον,
2314 5126 2389 5188 ὡς
2417 5123 2547 5186 ἔπος
2571 5124 2763 5185 εἰπεῖν,
2792 5121 2851 5187 ἐξ
2900 5122 3077 5193 ἀρχῆς
3102 5123 3637 5197 ἀναμηρυσάμενος
3663 5123 3760 5193 τῆς

468 5207 628 5272 vcns,
678 5207 856 5270 dicam
911 5213 1154 5280 tandem,
1198 5225 1412 5286 gratum
1479 5220 1641 5281 nobis
1695 5229 1751 5276 et
1806 5221 2048 5291 optabile

2178 5215 2460 5289 ξηγήσεως
2485 5213 2575 5266 τὸν
2610 5213 2831 5278 σκοπὸν,
2870 5213 2981 5282 ἐρῶ
3016 5212 3081 5283 δὴ
3112 5211 3334 5303 λοιπὸν,
3397 5214 3483 5279 ὠς
3526 5214 3631 5285 ἡδὺ
3661 5213 3764 5284 μιν

462 5311 590 5350 esse
619 5312 746 5352 cum
776 5298 1068 5361 Servatore
1097 5303 1320 5364 Christo
1343 5311 1549 5366 versari
1585 5326 1822 5382 semper,
1848 5328 2044 5381 quam-

2185 5305 2297 5372 μῖν,
2337 5302 2432 5354 καὶ
2459 5301 2526 5354 δι’
2554 5302 2738 5372 εὐχῆς,
2781 5303 2876 5366 καὶ
2921 5300 3075 5371 φίλον
3106 5300 3168 5353 τὸ
3203 5298 3470 5358 συνεῖναι
3502 5305 3601 5359 διὰ
3623 5322 3762 5358 παν-

464 5388 547 5442 vis
577 5400 801 5461 propter
837 5409 942 5449 nos
989 5399 1232 5468 seipsum
1287 5403 1639 5468 csinanierit,
1678 5411 1738 5458 ut
1774 5404 2040 5474 scriptum

2178 5397 2233 5459 ὸς
2259 5394 2336 5466 τῷ
2375 5398 2591 5467 Σωτῆρι
2619 5395 2860 5467 Χριστῷ,
2895 5396 3073 5449 καίτοι
3102 5394 3171 5448 δι’
3211 5396 3379 5467 ἡμᾶς
3416 5402 3765 5454 κεκενωκότι

459 5484 548 5532 est
575 5479 644 5545 ⁸⁸,
667 5490 718 5536 et
749 5482 804 5538 in
836 5484 1011 5541 forma
1044 5490 1190 5544 servi
1226 5489 1413 5558 fuerit,
1434 5499 1490 5546 et
1512 5493 1566 5545 in
1605 5494 1857 5547 humanae
1888 5493 2041 5565 igno-

2178 5490 2351 5548 αυτὸν,
2376 5489 2518 5543 καοά
2539 5490 2868 5558 γέγραπται,
2893 5488 2987 5541 καλ⁸
3016 5489 3096 5551 εἰς
3133 5488 3194 5540 τὸ
3224 5488 3441 5560 σχῆμα
3470 5492 3765 5564 γενομένῳ
3832 5576 3837 5585 '

462 5570 671 5643 bilitate
700 5582 927 5634 naturae.
953 5578 1090 5646 Quid
1128 5581 1272 5634 enim
1300 5591 1384 5637 est
1414 5590 1612 5637 natura
1653 5583 1892 5639 hominis
1916 5600 2040 5644 cum

2178 5579 2515 5645 ὸοίκετικὸν,
2579 5581 2673 5634 καὶ
2728 5582 2805 5644 εἰς
2866 5580 2966 5651 τὴν
2997 5581 3095 5652 τῆς
3125 5580 3507 5653 ἀνθρωπίνης
3543 5585 3766 5654 φύσεως
3828 5576 3845 5621 ί

462 5666 572 5719 Deo
606 5670 960 5736 comparata?
986 5671 1151 5742 Atqui
1205 5688 1312 5726 non
1343 5684 1423 5729 cst
1476 5675 1529 5729 id
1566 5675 1669 5745 ipsi
1709 5674 1847 5731 Filio
1886 5678 2039 5741 utile,

2179 5671 2372 5736 δοξίαν.
2425 5673 2490 5724 Τί
2529 5673 2639 5744 γὰρ
2686 5675 2719 5743 ἡ
2754 5672 3039 5743 ἀνθρώπου
3066 5671 3227 5740 φύσις
3289 5673 3376 5738 ὡς
3406 5677 3553 5748 πρὸς
3584 5676 3760 5741 Θεόν;

531 5778 809 5889 ΜῖΜιιιΙΙΙ.
855 5801 999 5849 χλιιι
1029 5824 1043 5852 ,
1089 5787 1177 5847 40.
1294 5788 1340 5819 ⁵⁸
1381 5788 1525 5845 Psal.
1570 5807 1701 5845 xxut
1729 5832 1742 5859 ,
1783 5791 1847 5855 7.
1883 5793 1939 5852 8-.
2052 5793 2071 5823 ⁵

2178 5787 2340 5866 ,pltcs.
2380 5804 2480 5856 tu,
2519 5789 2607 5852 l0.
2718 5788 2763 5819 ⁸⁸
2797 5785 2940 5849 l‘sal.
2974 5802 3097 5851 cu,
3141 5784 3200 5849 l,
3244 5784 3309 5843 ἒ.
3398 5789 3449 5821 ⁸³
3501 5786 3754 5857 Philipp.

462 5863 537 5915 υ,
585 5863 628 5898 τ’.
1202 5882 1203 5885 π
