4006 6464
309 394 425 449 543

1394 382 1464 438 IN
1497 378 1786 439 JOANNIS
1819 377 2276 438 EVANGE..JUM
2301 380 2433 436 LIB.
2477 382 2543 439 Χ.

3484 384 3591 442 3M

318 510 469 563 ’Δλλ’
495 508 597 562 οὐκ
624 506 774 576 αύτῷ
802 505 879 577 τῷ
898 502 1012 575 Υἰῷ
1041 503 1199 557 τοῦτο
1227 502 1516 574 χρήσιμον,
1553 499 1827 561 λυσιτελὲς
1843 498 1895 552 δὲ

2005 503 2101 555 sed
2137 500 2400 557 conducit
2422 503 2606 572 potius
2633 500 2701 556 ad
2726 500 2952 555 Patrem
2978 500 3591 575 ascendere,.suamque

308 601 523 672 μᾶλλον
538 599 599 652 τὸ
623 598 894 667 ἀναϐῆναι
916 596 1052 668 πρὸς
1073 596 1166 649 τὸν
1179 595 1421 664 Πατέρα,
1450 592 1547 647 καὶ
1574 592 1670 663 τὴν
1698 591 1904 644 οἰκείαν

305 688 758 761 ἀνακομίσασθαι
789 689 950 755 δόξαν
979 705 1037 741 τε
1066 687 1161 741 καὶ⁵
1183 684 1435 753 ἐξουσίαν
1471 684 1569 737 καὶ
1600 682 1818 751 ἀξίωμα
1844 679 1906 734 τὸ

2008 594 2243 664 gloriam
2275 604 2329 649 et
2356 601 2681 665 potestatem
2699 609 2764 650 ac
2788 593 3114 665 dignitatem
3144 595 3384 649 divinam
3413 597 3590 665 palam

2009 695 2065 740 et
2113 701 2221 741 non
2269 687 2382 756 jam
2440 687 2658 741 occulte
2706 693 2872 756 atque
2930 685 3259 741 adumbrate
3320 688 3588 756 recipere.

303 782 627 853 θεοπρεπὲς
670 779 998 851 ἀναφανδὸν,
1025 780 1123 833 καὶ
1163 777 1347 831 οὐκέτι
1396 773 1895 844 κατεσκιασμένως.

2011 776 2166 833 Sedit
2190 779 2337 833 enim
2360 793 2389 831 a
2422 778 2653 845 dextris,
2678 778 2731 833 id
2761 779 2882 848 ipso
2907 793 3130 850 quoque
3153 779 3372 835 volente
3392 778 3588 835 Patre:

305 874 596 929 Κεκάθικε
622 873 734 945 γὰρ
767 874 830 926 ἐκ
852 872 1064 937 δεξιῶν,
1114 870 1390 932 ἐθέλοντος
1420 867 1578 922 τοῦτο
1606 867 1701 921 καὶ
1735 863 1902 919 αὐτοῦ

305 963 400 1019 τοῦ
440 964 681 1036 Πατρός·
710 963 857 1032 φιλεί
880 963 990 1034 γὰρ
1008 961 1085 1025 ὡς
1117 961 1249 1015 ῐδιον
1268 960 1535 1030 γέννημα,
1563 960 1656 1011 καὶ
1670 956 1747 1020 ὡς
1775 972 1906 1027 καρ-

307 1059 413 1111 πὸν
451 1059 557 1129 τῆς
611 1057 802 1121 οὐσίας
859 1054 1047 1109 αὑτοῦ.
1089 1053 1304 1108 Οὐκοῦν
1347 1051 1436 1106 διὰ
1483 1050 1643 1105 τοῦτό
1695 1065 1902 1120 φησιν·

306 1148 371 1202 ΕΞ
401 1148 670 1217 ἠγαπᾶτέ
712 1165 802 1219 με,
838 1147 1074 1218 ἐχάρητε
1120 1145 1189 1198 ἂν
1214 1145 1297 1198 ὅτι
1321 1142 1626 1214 πορεύομαι
1654 1141 1792 1210 πρὸς
1811 1138 1904 1192 τὸν

305 1238 563 1312 Πατέρα,
609 1239 691 1291 ὅτι
739 1240 769 1290 ὁ
802 1237 993 1309 Πατὴρ
1028 1234 1232 1306 μείζων
1270 1250 1370 1305 μου
1421 1231 1591 1288 ἐστίν.
1634 1248 1654 1281 ι
1693 1231 1902 1293 Ὄντως

302 1330 411 1400 τῆς
445 1332 528 1394 είς
557 1329 721 1385 αὐτὸν
756 1330 978 1400 ἀγάπης
1007 1325 1279 1390 ἀπόδειξις
1305 1320 1374 1396 ἦν
1421 1324 1484 1377 τὸ
1511 1322 1588 1395 μὴ
1613 1321 1903 1376 λυπεῖσθαι

300 1421 574 1476 τοσοῦτον
602 1421 693 1475 διὰ
712 1421 813 1493 τὴν
835 1420 1100 1475 δοκοῦσαν
1131 1417 1417 1487 ἀπόλειψιν
1463 1417 1560 1470 καὶ
1587 1414 1904 1484 ἀναγκαίως

301 1513 773 1584 παραληφθεῖσαν
803 1512 1133 1583 ἀποδημίαν·
1158 1509 1562 1581 διενθυμεῖσθαι
1584 1508 1642 1562 δὲ
1678 1507 1900 1579 μᾶλλον,

298 1605 387 1657 δτι
417 1605 562 1676 πρὸς
582 1604 682 1675 τὴν
713 1604 863 1675 αύτῷ
913 1602 1230 1676 πρέπουσάν
1289 1618 1349 1655 τε
1401 1600 1497 1653 καὶ
1542 1598 1901 1670 ὀφειλομένην

297 1697 618 1768 πεφοίτηκε
657 1696 836 1762 δόξαν,
886 1696 982 1750 καὶ
1024 1697 1106 1759 είς
1141 1695 1204 1748 τὸ
1235 1694 1464 1765 ἀρχαῖον
1488 1691 1727 1762 ἀξίωμα,
1754 1689 1901 1744 τοῦτ’

297 1788 452 1853 ἐστι,
472 1789 538 1843 τὸ
561 1788 867 1861 θεοπρεπὲς
896 1787 1165 1861 ἐναργῶς.
1214 1787 1326 1841 Καὶ
1371 1784 1504 1855 γοῦν
1540 1787 1570 1838 ὁ
1600 1782 1859 1855 Μελῳδός
1881 1821 1898 1848 ν

2009 879 2158 924 amat
2186 872 2388 941 quippe
2421 878 2481 925 ut
2509 887 2668 928 suum
2705 870 2983 941 genimen,
3017 878 3071 926 et
3096 881 3154 925 ut
3184 868 3425 926 fructum
3455 871 3591 925 sub-

2011 963 2229 1019 stantia:
2262 980 2395 1020 suae.
2421 964 2688 1030 Quocirca
2722 963 2834 1017 ait:
2861 981 2882 1014 ι
2918 961 2975 1017 Si
3000 961 3302 1034 diligeretis
3324 977 3431 1027 me,
3459 977 3591 1033 gau~

2010 1055 2218 1111 deretis
2256 1056 2465 1127 utique,
2507 1057 2636 1128 quia
2681 1056 2822 1111 vado
2854 1055 2924 1110 ad
2967 1053 3186 1110 Patrem
3222 1075 3236 1109 :
3271 1056 3399 1125 quia
3428 1054 3594 1110 Pater

2010 1148 2188 1217 major
2217 1163 2306 1203 me
2338 1157 2443 1204 est.
2489 1167 2509 1201 ι
2557 1147 2624 1203 Et
2650 1159 2798 1204 certe
2827 1147 3143 1223 dilectionis
3176 1161 3305 1218 erga
3340 1161 3467 1202 eum
3497 1162 3592 1200 ar-

2008 1252 2326 1310 gumentum
2369 1242 2588 1307 fuisset,
2628 1253 2982 1310 nequaquam
3022 1247 3236 1293 tantum
3269 1237 3478 1293 doloris
3523 1255 3591 1293 ex

2008 1332 2131 1401 ejus
2163 1333 2412 1390 absentia
2448 1341 2502 1388 et
2538 1333 2661 1403 ejus
2693 1332 2948 1387 discessu
2985 1345 3207 1400 capere,
3248 1330 3343 1385 sed
3380 1329 3437 1384 in
3472 1329 3589 1383 ani-

2011 1440 2158 1479 mum
2199 1427 2382 1496 potius
2421 1423 2709 1489 inducere,
2746 1424 2816 1479 ad
2849 1423 3267 1483 convenientem
3307 1420 3473 1493 845
3513 1421 3590 1476 si-

2009 1512 2178 1584 bique
2212 1514 2449 1569 debitam
2479 1514 2732 1586 gloriam,
2761 1521 2817 1568 et
2855 1512 2925 1567 ad
2958 1519 3201 1567 veterem
3240 1511 3587 1582 dignitatem,

2011 1605 2116 1659 hoc
2145 1613 2229 1662 est
2259 1605 2370 1661 Deo
2397 1606 2588 1677 utique
2616 1605 2861 1677 dignam,
2883 1606 3065 1675 ipsum
3088 1603 3412 1660 ascendere.
3435 1600 3592 1658 Unde

2009 1697 2326 1764 Psalmista,
2357 1700 2452 1769 qui
2482 1714 2577 1769 per
2606 1696 2872 1769 Spiritum
2901 1696 3161 1769 mysteria
3209 1695 3539 1766 loquebatur
3572 1712 3588 1751 :

1984 1786 2035 1842 ἰ
2076 1788 2281 1846 Omnes
2323 1798 2534 1861 gentes,
2596 1790 2797 1862 inquit,
2856 1790 3100 1860 plaudite
3150 1788 3407 1844 manibus
3442 1786 3520 1855 “;
3565 1804 3584 1839 ι

297 1881 492 1935 καίτοι
525 1880 618 1935 διὰ
637 1880 733 1935 τοῦ
773 1879 1093 1952 Πνεύματος
1115 1878 1294 1932 λαλῶν
1340 1878 1637 1949 μυστήρια,
1668 1895 1686 1928 ι
1716 1876 1895 1930 Πάντα

2004 1880 2202 1936 deinde
2257 1880 2577 1937 festivitatis
2632 1897 2862 1937 causam
2923 1878 3590 1951 explicans,Servatoris

294 1973 371 2025 τὰ
400 1971 558 2041 ἔθνη,
593 1970 748 2043 φησὶ,
783 1972 1091 2042 κροτήσατε
1123 1972 1335 2042 χεῖρας·
1371 1988 1392 2022 ι
1423 1964 1544 2023 εἶτα
1572 1967 1675 2038 τῆς
1703 1966 1901 2038 ἑορτῆς

293 2062 404 2132 τὴν
434 2062 624 2117 αἰτίαν
656 2061 1025 2133 ἐξηγούμενος
1053 2061 1150 2134 τὴν
1184 2062 1265 2125 εἰς
1313 2061 1580 2133 οὐρανοὺς
1631 2059 1901 2132 ἀνάληψιν

290 2150 400 2204 τοῦ
434 2151 696 2222 Σωτῆρος
736 2150 1105 2224 παρεκόμιζε,
1141 2150 1337 2219 λέγων’
1407 2169 1427 2201 ε
1473 2149 1666 2220 Ἀνέϐη
1708 2152 1738 2204 ὁ
1767 2149 1903 2214 Θεὸς

291 2243 357 2295 ἐν
381 2241 712 2313 ἀλαλαγμῷ,
731 2242 939 2315 Κύριος
953 2244 1012 2296 ὲν
1029 2245 1182 2315 φωνῇ
1209 2225 1530 2312 σάλπιγγος,
1543 2261 1561 2293 ι
1584 2241 1903 2312 ἀλαλαγμὸν

289 2337 592 2407 ὀνομάζων
628 2337 725 2392 καὶ
766 2337 1047 2406 σάλπιγγα
1086 2335 1187 2407 τὴν
1213 2334 1423 2408 ὑψηλὴν
1458 2335 1555 2389 καὶ
1574 2332 1903 2400 ἐξάκουστον

288 2428 393 2481 τοῦ
426 2427 751 2498 Πνεύματος
801 2430 1009 2499 φωνήν*
1054 2428 1143 2481 ὅτε
1186 2429 1306 2491 ταῖς
1363 2426 1477 2480 ἄνω
1508 2426 1775 2497 δυνάμεσι
1801 2425 1902 2490 τὰς

289 2517 480 2581 πύλας
504 2520 685 2589 αἴρειν
710 2517 1068 2585 διεκελεύετο,
1090 2518 1183 2572 καὶ
1217 2517 1424 2589 Κύριον
1457 2517 1622 2572 αὑτὸν
1645 2517 1900 2589 ὠνόμαζε

285 2611 407 2665 τῶν
447 2612 760 2682 δυνάμεων,
783 2611 1038 2684 καθάπερ
1066 2610 1327 2681 ἐλέγομεν
1360 2610 1585 2682 ἀρτίως.
1617 2611 1733 2664 Ἐπ’
1754 2610 1902 2681 αὐτῷ

288 2705 349 2757 δὲ
382 2703 455 2775 δὴ
490 2704 670 2775 τούτῳ
718 2705 814 2758 καὶ
862 2703 1029 2758 αὐτὸν
1073 2703 1380 2776 εὑρήσομεν
1422 2702 1515 2756 τὸν
1565 2704 1677 2756 τῶν
1732 2704 1902 2771 ἁγίων

288 2795 465 2866 χορὸν
500 2795 601 2848 καὶ
626 2795 685 2848 ὲν
715 2793 939 2858 πολλαῖς
960 2793 1227 2863 γεγονότα
1275 2794 1397 2857 ταῖς
1428 2792 1739 2864 θυμηδίαις.
1779 2794 1903 2847 Τοι-

286 2888 494 2959 γάρτοι
522 2887 620 2940 καὶ
649 2886 878 2956 ἔφασκε,
913 2886 1045 2940 ποτὲ
1074 2887 1175 2957 μὲν
1202 2886 1284 2940 ὅτι
1320 2906 1339 2938 ι
1386 2886 1445 2941 Ὀ
1472 2886 1681 2959 Κύριος
1712 2886 1899 2941 ἐϐασί-

286 2979 510 3040 λευσεν,
541 2978 896 3048 ἀγαλλιάσθω
944 2980 978 3049 ἡ
1011 2979 1104 3049 γῆ,
1131 2999 1149 3031 ι
1179 2961 1313 3032 ποτὲ
1369 2979 1426 3033 δὲ
1470 2975 1538 3033 αὖ
1567 2979 1750 3033 πάλιν·
1781 2999 1799 3031 ‹
1844 2980 1902 3035 '0

290 3070 505 3142 Κύριος
534 3069 907 3135 ἐϐασίλευσεν,
928 3070 1266 3141 εὐπρέπειαν
1293 3069 1599 3124 ἐνεδύσατο·
1615 3069 1902 3123 ἐνεδύσατο

293 3160 504 3233 Κύριος
529 3158 784 3230 δύναμιν,
837 3159 933 3212 καὶ
992 3158 1390 3229 περιεζώσατο.
1424 3178 1443 3211 ι
1510 3160 1570 3212 '0
1618 3160 1730 3231 γὰρ
1777 3159 1898 3231 μεθ’

286 3251 459 3322 ήμῶν
488 3251 802 3322 ἄνθρωπος,
858 3251 965 3322 πρὸ
991 3251 1091 3322 τῆς
1120 3251 1186 3304 ὲκ
1238 3249 1448 3322 νεκρῶν
1507 3251 1860 3316 ἀναστάσεως
1880 3293 1895 3318 ,

283 3346 379 3396 ὅτε
408 3343 554 3415 πρὸς
583 3342 675 3397 τὸν
706 3344 763 3395 ὲν
787 3345 902 3407 τοῖς
922 3342 1172 3412 οὐρανοῖς
1195 3342 1362 3414 ἀνέϐη
1390 3342 1628 3416 Πατέρα,
1658 3344 1781 3396 τότε
1800 3343 1898 3415 τὴν

288 3436 434 3488 ίόίαν
469 3433 810 3505 εὐπρέπειαν
832 3433 1144 3502 ἐνεδύσατο,
1173 3436 1270 3489 καὶ
1301 3436 1402 3506 τὴν
1432 3435 1492 3500 ἐξ
1514 3436 1688 3508 ἀρχῆς
1720 3436 1899 3509 ὑπάρ-

285 3541 501 3596 χουσαν
552 3524 703 3597 αὐτῷ
748 3523 1127 3596 περιεζώσατο
1188 3525 1438 3595 δύναμιν.
1480 3527 1756 3580 Κεκάθικε
1786 3527 1898 3600 γάρ

286 3615 607 3687 βασιλεύων
649 3616 786 3688 μετὰ
820 3617 1058 3689 Πατρός.
1091 3617 1320 3690 Χαίρειν
1347 3612 1444 3672 οὖν
1479 3619 1588 3689 ἄρα
1608 3618 1814 3673 δίκαιόν
1835 3637 1896 3673 τε

285 3710 388 3761 καὶ
426 3708 645 3780 πρέπον
668 3711 796 3773 τοὺς
825 3709 1162 3778 ἀγαπῶντας
1182 3709 1369 3776 αὑτὸν,
1426 3711 1508 3764 ὅτι
1559 3711 1896 3782 πεπόρευται

285 3804 434 3877 πρὸς
463 3802 557 3856 τὸν
582 3803 641 3856 ὲν
662 3803 773 3865 τοῖς
812 3803 1063 3874 οὐρανοῖς
1117 3801 1370 3874 Πατέρα,
1405 3802 1504 3876 τὴν
1552 3805 1689 3859 ἰδίαν
1739 3804 1896 3871 δόξαν

282 3894 740 3966 ἀναληψόμενος,
768 3895 863 3949 καὶ
896 3894 1061 3950 πάλιν
1103 3894 1253 3967 αὐτῷ
1283 3895 1734 3967 συμϐασιλεύσων
1752 3939 1766 3962 ,
1795 3916 1897 3954 κα-

285 3988 477 4059 θάπερ
508 3983 580 4060 ἧν
609 3989 667 4041 ὲν
700 3988 866 4059 ἀρχῇ.
898 3986 1139 4052 Μείζονα
1160 3988 1219 4042 δέ
1254 4006 1420 4059 φησιν
1454 3990 1636 4054 αὐτὸν,
1679 3992 1777 4062 οὐχ
1808 3994 1890 4047 ὅτι

287 4079 600 4133 κεκάθικεν
636 4081 701 4133 ὲκ
731 4078 945 4147 δεξιῶν,
975 4079 1051 4144 ὡς
1079 4080 1232 4144 Θεὸς,
1263 4080 1378 4133 ἀλλ’
1407 4080 1483 4144 ὡς
1516 4076 1584 4153 ἦν
1632 4083 1711 4135 ἔτι
1772 4084 1891 4154 μεθ’

286 4173 471 4243 ἡμῶν,
499 4170 647 4225 τοῦτ’
683 4170 849 4238 ἐστιν,
876 4173 933 4224 ἐν
961 4173 1072 4236 τοῖς
1103 4171 1227 4224 καθ’
1259 4172 1426 4243 ἡμᾶς.
1460 4172 1550 4236 Ὠς
1577 4174 1687 4245 γὰρ
1720 4173 1798 4227 ἔτι
1831 4176 1893 4229 τὸ

285 4265 665 4336 δουλοπρεπὲς
693 4264 831 4334 ἔχων
858 4265 1065 4337 σχῆμα,
1096 4265 1190 4318 καὶ
1240 4266 1512 4337 παρόντος
1560 4267 1709 4338 αὐτῷ
1737 4266 1893 4323 οὔπω

286 4356 379 4409 τοῦ
414 4354 616 4426 καιροῦ
640 4354 763 4407 καθ’
792 4354 851 4409 ὃν
884 4354 991 4408 ἔδει
1021 4354 1334 4421 ἀναλαϐεῖν,
1359 4354 1431 4408 τὰ
1468 4354 1696 4410 τοιαῦτά
1734 4374 1889 4429 φησι.

285 4449 401 4500 Καὶ
436 4448 574 4514 γοῦν
594 4449 683 4500 ὅτε
706 4447 799 4501 τὸν
836 4448 1019 4518 τίμιον
1043 4448 1185 4518 ὑπὲρ
1212 4448 1372 4520 ἡμῶν
1392 4448 1607 4522 ὑπέστη
1635 4451 1887 4523 σταυρὸν,

2005 1972 2061 2027 in
2090 1972 2266 2028 ctelos
2295 1972 2680 2029 ascensionem
2717 1973 2972 2045 protulit,
3001 1973 3234 2028 dicens:
3272 1991 3292 2027 ι
3326 1971 3593 2027 Ascendit
3702 1976 3705 1979 '

2003 2063 2150 2120 Dens
2205 2065 2265 2121 in
2336 2064 2546 2136 jubilo,
2603 2064 2873 2121 Dominus
2943 2064 2998 2121 in
3058 2080 3195 2121 voce
3254 2065 3400 2120 tuba;
3437 2065 3506 2129 “,
3567 2083 3587 2118 ι

2000 2154 2487 2227 jubilationemet
2522 2158 2711 2214 tubam
2758 2156 3055 2213 nominans
3108 2157 3401 2212 altisonam
3439 2155 3590 2210 illam
3676 2202 3685 2211 .

2004 2248 2182 2304 sancti
2224 2246 2469 2318 Spiritus
2502 2261 2715 2316 vocem,
2763 2248 2987 2319 quando
3042 2247 3299 2319 supernis
3342 2254 3592 2317 potesta-

2006 2340 2152 2396 tibus
2180 2351 2370 2411 portas
2398 2341 2656 2395 attollere
2697 2340 2887 2411 jussit,
2911 2350 2966 2394 et
3007 2338 3299 2394 Dominum
3325 2338 3590 2392 virtutum

2003 2432 2188 2504 ipsum
2221 2432 2581 2503 nuncupavit,
2630 2433 2794 2488 sicuti
2830 2431 2998 2487 modo
3032 2431 3374 2486 dicebamus.
3413 2430 3589 2494 Quam

2003 2528 2078 2583 ob
2123 2541 2237 2581 rem
2273 2525 2452 2597 ipsum
2485 2540 2706 2596 quoque
2739 2532 3061 2580 sanctorum
3099 2523 3332 2578 cborum
3382 2520 3592 2592 ingenti

2004 2620 2194 2675 laetitia
2226 2620 2539 2675 exsultasse
2591 2619 3017 2688 comperiemus.
3051 2616 3295 2686 Ideoque
3348 2613 3590 2677 dicebat,

2004 2712 2168 2768 modo
2233 2711 2453 2782 quidem
2511 2730 2526 2766 :
2585 2730 2606 2763 ι
2669 2711 2934 2768 Dominus
3010 2710 3293 2780 regnavit,
3358 2707 3594 2763 exsultet

2003 2809 2151 2858 terra
2196 2802 2275 2870 ⁵²;
2320 2822 2339 2856 ι
2367 2802 2530 2858 modo
2558 2816 2758 2857 rursus
2792 2820 2806 2857 :
2846 2820 2867 2854 ι
2902 2800 3170 2856 Dominus
3188 2798 3468 2869 regnavit,
3496 2797 3594 2853 de-

2003 2908 2187 2949 corem
2249 2893 2429 2948 induit
2461 2912 2476 2948 :
2508 2891 2691 2948 induit
2743 2890 3013 2947 Dominus
3066 2889 3488 2952 fortitudinem,
3536 2895 3594 2944 et

2002 2985 2292 3054 praecinxit
2325 3000 2387 3041 se
2422 2985 2490 3039 ⁸³.
2531 3001 2551 3034 ι
2586 2981 2692 3049 Qui
2719 2983 2870 3038 enim
2892 2982 3210 3046 nobiseum,
3242 2986 3372 3035 ante
3399 2993 3591 3034 resur-

2002 3077 2305 3132 rectionem
2335 3092 2404 3131 ex
2434 3075 2691 3141 mortuis,
2724 3075 2890 3129 homo
2928 3074 3276 3136 versabatur,
3296 3080 3591 3143 postquam

2005 3168 2071 3224 ad
2117 3167 2337 3222 Patrem
2371 3167 2467 3238 qui
2520 3167 2577 3221 in
2622 3166 2778 3223 cmlis
2817 3174 2901 3221 est
2941 3164 3214 3226 ascendit,
3244 3172 3377 3219 tunc
3425 3178 3590 3218 suum

2003 3259 2260 3316 decorem
2310 3258 2531 3323 induit,
2576 3264 2633 3313 et
2683 3257 2917 3328 pristina
2965 3254 3294 3310 fortitudine
3350 3268 3411 3309 se
3444 3266 3590 3323 prae-

2001 3353 2195 3407 cinxit.
2248 3350 2407 3407 Sedit
2459 3350 2606 3407 enim
2666 3363 2907 3420 regnans
2952 3362 3078 3403 cum
3123 3345 3304 3400 Patre.
3340 3341 3591 3398 Gaudere

2001 3446 2190 3517 itaque
2242 3444 2472 3515 dignum
2524 3448 2581 3497 et
2634 3441 2847 3512 justum
2911 3448 2997 3497 est
3045 3445 3318 3509 quotquot
3355 3436 3591 3507 diligunt

2001 3552 2151 3600 eum,
2185 3535 2313 3606 quia
2373 3531 2625 3590 ascendit
2683 3531 2749 3587 ad
2780 3529 3005 3586 Patrem
3048 3529 3143 3600 qui
3180 3528 3236 3583 in
3282 3525 3439 3582 caelis
3480 3533 3587 3589 est,

2001 3642 2155 3683 suam
2190 3633 2579 3697 resumpturus
2626 3624 2884 3696 gloriam,
2923 3630 2979 3679 et
3006 3637 3130 3677 cum
3161 3636 3229 3676 eo
3272 3634 3469 3676 rursus
3503 3634 3592 3674 re-

2001 3732 2291 3793 gnaturus,
2317 3719 2465 3775 sicut
2494 3725 2614 3773 erat
2661 3718 2718 3770 in
2770 3714 3068 3786 principio.
3097 3711 3359 3782 Maiorem
3402 3718 3585 3765 autem

1998 3829 2126 3869 eum
2173 3812 2327 3877 dicit,
2369 3826 2481 3867 non
2515 3811 2643 3881 quia
2683 3808 2829 3864 sedit
2858 3822 2889 3863 a
2937 3805 3170 3881 dextris,
3203 3811 3265 3858 ut
3295 3804 3459 3864 Deus.
3491 3802 3587 3858 sed

1997 3904 2125 3974 quia
2174 3902 2465 3957 nobiscum
2514 3879 2697 3955 adhuc
2745 3906 2888 3963 erat,
2926 3896 2982 3950 id
3036 3879 3131 3951 est
3162 3895 3323 3950 nobis
3363 3894 3584 3950 similis.

1996 3995 2105 4052 ista
2135 3998 2338 4065 quippe
2363 3993 2518 4059 dicit,
2558 4001 2617 4048 ut
2642 3992 2735 4062 qui
2771 3989 3031 4046 servilem
3066 3988 3297 4043 formam
3334 3988 3583 4051 haberet,

1996 4102 2098 4142 nec
2151 4084 2332 4138 adhuc
2368 4092 2591 4152 tempus
2642 4084 2861 4136 adesset
2892 4092 3003 4148 quo
3047 4078 3291 4133 divinam
3341 4077 3585 4147 dignita-

1997 4187 2103 4233 tem
2143 4189 2425 4231 resumere
2463 4174 2718 4229 debebat.
2757 4170 2914 4228 Unde
2945 4186 3070 4226 cum
3112 4185 3211 4241 pro
3259 4168 3420 4224 nobis
3456 4183 3587 4220 cru-

1995 4284 2112 4325 cem
2165 4267 2537 4324 venerandam
2593 4264 2841 4335 pertulit,
2883 4270 3104 4319 acetum
3160 4270 3216 4317 et
3280 4261 3353 4315 fel
3409 4257 3584 4314 Juda-i

1992 4362 2315 4419 obtulerunt
2341 4360 2391 4415 ei
2425 4358 2654 4422 sitienti,
2686 4364 2742 4413 et
2779 4364 3072 4427 postquam
3116 4355 3368 4419 bibisset,
3393 4352 3533 4406 dixit
3565 4371 3579 4408 :

1999 4472 2018 4506 ι
2057 4454 2518 4508 Cousummatum
2574 4457 2661 4505 est
2684 4449 2751 4504 ⁸⁵.
2803 4468 2822 4501 ι
2871 4447 3157 4519 lmpletum
3204 4447 3407 4518 quippe
3467 4445 3581 4515 jam

283 4538 409 4604 ὅξος
470 4538 626 4610 αὑτῷ
674 4539 767 4592 καὶ
805 4538 968 4610 χολὴν
1025 4539 1268 4594 Ἰουδαῖοι
1335 4543 1690 4613 προσήγαγον
1732 4543 1890 4616 διψή-

1999 4550 2109 4599 erat
2131 4540 2538 4598 humiliationis
2554 4547 2793 4609 tempus,
2814 4546 2869 4593 et
2895 4536 3196 4593 cruciﬁxus
3225 4536 3443 4607 quidem
3471 4542 3580 4600 est,

283 4647 470 4693 σαντι,
537 4630 633 4683 καὶ
689 4629 850 4695 πιὼν,
881 4628 1009 4709 ἔφη·
1064 4649 1081 4680 ι
1107 4630 1492 4687 Τετέλεσται.»
1557 4633 1890 4706 Πεπλήρωτο

278 4723 394 4793 γὰρ
421 4719 528 4792 ἤδη
554 4721 583 4773 ὁ
611 4719 715 4791 τῆς
739 4719 1123 4785 ταπεινώσεως
1174 4722 1368 4794 καιρὸς
1388 4764 1403 4787 ,
1434 4724 1529 4777 καὶ
1566 4725 1887 4797 ἐσταυρώθη

282 4814 408 4883 μὲν,
475 4813 556 4876 ὡς
588 4812 899 4884 ἄνθρωπος·
952 4812 1207 4884 νενίκηκε
1264 4813 1376 4886 γὰρ
1417 4813 1514 4869 τοῦ
1566 4815 1799 4871 θανάτου
1828 4818 1888 4870 τὸ

276 4906 511 4975 κράτος,
541 4904 642 4976 οὐχ
684 4905 762 4969 ὡς
812 4904 1120 4976 ἄνθρωπος,
1149 4905 1235 4960 ἔτι
1266 4906 1470 4975 μᾶλλον
1498 4907 1555 4961 δὲ
1584 4909 1662 4968 ὡς
1713 4910 1846 4975 Θεὸς
1868 4951 1884 4976 ,

276 4997 429 5065 eruti.
454 4995 522 5067 δὴ
559 4997 704 5049 κατα
730 4996 832 5067 τὴν
861 4996 1144 5069 ἐνέργειαν
1170 4999 1264 5053 καὶ
1295 4998 1395 5072 τὴν
1434 5002 1529 5054 ἐπὶ
1558 5000 1638 5072 τῷ
1666 5003 1886 5073 νικῆσαι

273 5086 441 5151 δόξαν
464 5104 527 5141 τε
553 5088 649 5141 καὶ
675 5088 928 5159 δύναμιν,
994 5090 1056 5142 οὐ
1098 5089 1240 5144 κατὰ
1289 5091 1388 5159 τὴν
1439 5092 1638 5164 σάρκα.
1667 5094 1886 5159 Μείζων

273 5175 422 5233 οὗνό
455 5178 673 5249 Πατὴρ,
706 5178 783 5244 ὡς
835 5179 917 5233 ἔτι
945 5179 1154 5244 δούλου,
1186 5183 1282 5236 καὶ
1307 5184 1366 5236 ὲν
1414 5186 1530 5248 τοῖς
1587 5185 1713 5239 καθ’
1738 5187 1887 5257 ἡμᾶς

271 5268 433 5333 ὄντος
462 5268 563 5322 τοῦ
592 5268 750 5323 Υίοῦα
800 5270 926 5324 ἐπεὶ
958 5272 1053 5325 καὶ
1102 5272 1237 5326 Θεὸν
1267 5274 1463 5329 ἑαυτοῦ
1495 5293 1663 5348 φησιν
1687 5278 1849 5333 αὐτὸν
1867 5320 1883 5345 ,

278 5361 376 5424 καὶ
395 5361 563 5416 τοῦτο
586 5359 668 5433 τῷ
685 5361 1015 5434 ἀνθρωπίνῳ
1042 5366 1370 5436 προσνέμων
1392 5369 1494 5440 σχή
1503 5388 1653 5441 ματι.
1683 5372 1747 5426 Ei
1773 5373 1884 5444 γὰρ

282 5453 621 5524 πιστεύομεν
643 5454 727 5507 ὅτι
770 5454 1047 5510 κεκένωκέ
1083 5472 1146 5511 τι
1194 5460 1289 5512 καὶ
1326 5463 1730 5519 τεταπείνωκεν
1752 5467 1880 5519 ἑαυ-

278 5543 393 5610 τὸν,
431 5543 553 5608 πῶς
581 5544 680 5615 οὐχ
703 5544 912 5599 ἅπασιν
955 5546 1110 5602 ἔσται
1142 5552 1456 5619 καταφανὲς
1475 5594 1490 5619 ,
1523 5554 1606 5608 ὅτι
1645 5557 1879 5611 καταϐέ-

280 5631 455 5702 ϐηκεν
476 5632 539 5698 ἐξ
575 5634 856 5707 ὑπεροχῆς
884 5653 1033 5703 τινος
1080 5640 1161 5705 είς
1202 5640 1526 5709 ίλάττωσιν,
1580 5646 1784 5716 μᾶλλον
1823 5648 1880 5704 δὲ

356 5747 588 5831 “_Psal.
636 5766 759 5815 vat
788 5791 802 5817 ,
835 5749 927 5817 20.
1006 5757 1048 5789 "
1093 5756 1228 5821 ibid-
1272 5757 1325 5814 6-
1404 5761 1448 5791 ⁶²
1487 5758 1637 5825 Psa'v
1672 5777 1828 5831 “5"-
1875 5762 1894 5816 ¹

2003 5763 2047 5795 ⁵³
2090 5761 2239 5818 Psal.
2276 5774 2464 5823 xcur,
2502 5756 2552 5810 l.

286 5831 362 5883 tl.
400 5819 453 5883 ’ἐς

1988 4644 2050 4689 ιιι
2100 4632 2470 4689 homo:vicit
2513 4630 2661 4687 enim
2719 4630 2917 4685 mortis
2977 4628 3301 4699 potentiam,
3355 4641 3461 4681 non
3519 4633 3583 4680 ut

1989 4729 2177 4794 homo,
2227 4724 2323 4781 sed
2373 4723 2555 4794 potius
2602 4732 2661 4775 nt
2709 4722 2873 4786 Deus,
2916 4720 3164 4777 ellicacia
3215 4719 3474 4774 nimirum
3524 4728 3582 4774 et

1987 4816 2241 4873 vincendi
2293 4816 2471 4886 gloria
2521 4822 2689 4884 atque
2754 4820 3066 4884 potestate,
3107 4826 3218 4865 non
3273 4810 3579 4865 secundum

1985 4924 2234 4964 carnem.
2277 4906 2449 4978 Major
2488 4907 2677 4975 itaque
2719 4914 2807 4962 est
2859 4902 3027 4960 Pater
3076 4902 3249 4966 Filio;
3272 4916 3435 4957 servo
3487 4901 3578 4956 ni-

1984 5002 2189 5058 mirum
2232 5000 2437 5066 adbuc,
2472 5007 2528 5053 et
2576 5000 2631 5052 in
2686 4997 2946 5052 humanis
2986 4996 3334 5051 constituto:
3365 5009 3492 5049 nam
3525 5001 3580 5048 et

1985 5093 2166 5164 ipsum
2204 5091 2376 5147 Deum
2411 5106 2572 5146 suum
2609 5089 2878 5151 ﬂ0lllin3l,
2907 5087 3162 5142 humana:
3194 5087 3246 5141 id
3279 5086 3468 5141 format
3496 5094 3578 5138 at—

1986 5187 2258 5242 tribuens.
2289 5184 2424 5239 Nam
2456 5184 2501 5237 si
2546 5182 2826 5238 credimus
2860 5193 2985 5236 eum
3027 5180 3341 5235 exinanisse
3384 5185 3440 5234 et
3472 5177 3570 5231 bu—

1986 5279 2234 5333 miliasse
2284 5276 2648 5346 semetipsum
2687 5273 2756 5338 ⁶⁸,
2811 5272 3094 5343 quomodo
3153 5286 3262 5326 non
3317 5266 3575 5323 omnibus

1987 5373 2195 5445 patebit
2230 5387 2357 5427 eum
2399 5369 2468 5426 de
2496 5366 2795 5425 eminentia
2824 5366 3060 5436 quadam
3097 5366 3155 5419 in
3183 5359 3573 5418 demissionem

1984 5464 2366 5528 descendisse,
2394 5463 2508 5517 imo
2547 5474 2678 5516 vero
2708 5474 2772 5515 ex
2804 5459 3119 5529 aequalitate
3155 5469 3279 5510 cum
3310 5451 3474 5506 l’atre
3503 5453 3574 5505 ad

1982 5552 2618 5629 inazqualitatelniNihil
2643 5558 2829 5606 autem
2864 5550 3060 5617 horum
3089 5545 3252 5600 Pater
3280 5543 3571 5610 sustinuit,

2000 5652 2098 5708 sed
2158 5649 2362 5704 mansit
2408 5652 2464 5702 et
2508 5650 2718 5715 perstat
2754 5642 2811 5699 in
2863 5638 3069 5714 quibus
3110 5646 3231 5693 erat
3268 5640 3339 5691 ab
3387 5635 3571 5692 initio.
3625 5665 3627 5669 η

2651 5754 2695 5787 ⁸⁵
2734 5751 2893 5809 Joan.
2926 5767 3012 5809 xix
3036 5792 3050 5815 ,
3085 5751 3175 5807 '50.
3254 5750 3299 5783 "
3333 5747 3573 5821 Philipp.
3654 5752 3657 5755 ’
