4006 6422
536 337 648 396 ais
1580 335 1638 393 s.
1682 332 1961 395 CYRILLI
2002 308 2118 387 Alit

2205 333 2479 390 ANDBINI
2517 332 2838 392 AiiCHlEr‘.
3688 338 3787 397 διο

540 449 915 524 lajorm
963 450 1151 522 itaque
1194 460 1281 510 est
1327 467 1395 509 eo
1422 451 1517 524 qui
1563 467 1634 508 ex
1683 449 2119 521 dispensationis

2220 451 2282 517 ὲξ
2314 452 2560 525 ἰσότητος
2583 452 2684 522 τῆς
2717 453 2854 523 πρὸς
2871 445 2961 507 τδν
2996 455 3236 527 Πατέρα,
3273 455 3408 528 πρὸς
3434 455 3497 509 τδ
3533 456 3609 528 μὴ
3627 455 3792 524 οὕτως

537 543 731 598 ordine
761 544 1179 600 minorationem
1212 545 1479 615 suscepit,
1502 544 1712 615 quique
1733 543 1790 597 in
1824 557 1891 597 ea
1924 540 2116 597 tandiu

2218 542 2376 614 ἔχονς
2406 544 2571 599 Οὐδὲν
2601 546 2659 600 δὲ
2682 545 2885 599 τούτων
2931 546 3350 618 ύπομεμένηκεν
3379 548 3407 601 ὁ
3433 549 3655 620 Πατήρ·
3702 567 3792 621 με-

537 637 665 701 fuit,
708 634 953 705 quandiu
999 634 1064 689 ad
1132 636 1266 691 illud
1325 650 1586 692 reversus
1618 641 1727 698 est,
1801 632 2114 703 proprium.

2220 633 2421 702 μένηκε
2449 633 2513 687 δὲ
2535 634 2629 688 καὶ
2653 633 2801 688 ἐστιν
2831 634 2891 687 ὲν
2912 626 2994 698 οἷς
3021 630 3089 706 ἦν
3114 635 3175 700 ἐξ
3220 636 3416 706 ἀρχῆς.
3458 635 3677 701 Μείξων
3705 634 3792 692 οὖν

537 726 782 796 inquam,
817 734 874 781 et
919 727 1173 782 naturale
1239 726 1466 790 bonum,
1510 726 1568 781 in
1620 740 1732 796 quo
1759 732 1884 781 erat
1933 724 2112 780 initio.

2215 720 2326 791 ἄρα
2352 721 2446 775 τοῦ
2492 721 2590 793 τὴν
2628 722 2924 777 ἐλάττωσιν
2979 725 3334 795 οἰκονομικῶς
3360 726 3619 796 ἑλομένου
3640 770 3655 789 ,
3703 730 3793 780 καὶ

536 817 719 874 Locus
764 827 949 873 autem
1001 819 1051 872 ei
1087 817 1495 888 quodammodo
1531 818 1792 890 proprius
1841 832 1910 872 ac
1951 824 2115 872 natu-

2213 812 2353 877 τέως
2379 813 2531 876 ὄντος
2558 815 2617 868 ὲν
2634 815 2798 887 αὐτῇ,
2825 816 2983 887 ἄχρις
3007 815 3074 870 ἂν
3119 818 3298 870 έκεῖνο
3335 816 3498 871 πάλιν
3527 819 3787 889 ἀνακομι-

536 910 672 964 ruiis
702 908 828 979 jure
872 909 1196 965 censebitur
1244 910 1340 966 illa
1393 925 1521 966 cum
1579 910 1739 968 Patre
1799 911 2112 982 mquaiitas,

2215 905 2341 978 σθῇ.
2367 907 2429 961 τὸ
2451 907 2581 962 ῐδιον
2604 907 2669 978 δή
2700 926 2845 981 φημι
2895 908 2988 962 καὶ
3026 909 3257 978 φυσικὸν
3304 908 3526 978 ἀγαθὸν,
3562 910 3621 963 ὲν
3644 903 3791 981 ᾧπερ

532 1016 698 1070 quam
753 1017 880 1057 cum
919 1002 1175 1059 obstante
1228 1002 1454 1059 nemine
1491 1003 1697 1059 habere
1753 1003 1969 1069 liceret,
2000 1019 2113 1059 non

2211 991 2281 1066 ἦν
2308 1000 2369 1050 ὲν
2392 999 2555 1070 ἀρχῇ.
2590 999 2767 1063 Τόπος
2789 1000 2844 1053 δὲ
2870 998 3060 1071 ὥσπερ
3098 1000 3299 1064 οἰκεῖός
3338 1018 3400 1054 τε
3450 1001 3543 1054 καὶ
3569 1000 3792 1070 φυσικὸς

532 1100 715 1146 tamen
741 1091 991 1162 rapinam
1019 1092 1323 1149 arbitratus
1336 1101 1426 1150 est
1446 1103 1673 1165 propter
1700 1109 1805 1151 nos
1822 1094 1892 1150 “.
1914 1093 2111 1162 Porro,

2212 1090 2363 1161 αὐτῷ
2393 1089 2612 1161 νοηθείη
2664 1089 2732 1143 ἂν
2778 1091 3007 1155 εἰκότως
3032 1091 3066 1161 ἡ
3122 1091 3306 1163 ἰσότης
3334 1094 3368 1163 ή
3408 1092 3547 1163 πρὸς
3572 1092 3661 1146 τὸν
3685 1094 3792 1148 Πα-

530 1195 655 1235 cum
693 1180 764 1237 de
812 1182 1130 1253 aequalitate
1160 1181 1287 1237 Filii
1321 1199 1448 1239 cum
1482 1182 1596 1240 Deo
1627 1198 1694 1240 ac
1733 1183 1895 1241 Patre
1936 1183 2111 1239 multa

2209 1182 2368 1253 τέρα,
2419 1181 2488 1253 ἠν
2535 1181 2677 1252 ἔχειν
2729 1180 2850 1245 ἐξὸν
2896 1182 3322 1251 ἀδιακωλύτως,
3361 1184 3461 1254 οὐχ
3504 1185 3790 1257 ἁρπαγμὸν

530 1272 764 1328 nobisin
796 1274 1178 1343 superioribus
1217 1275 1377 1331 libris
1407 1274 1557 1332 dicta
1607 1275 1744 1339 sint,
1770 1289 1953 1345 opera:
1980 1290 2110 1345 pre-

2210 1275 2456 1345 ἡγήσατο
2480 1273 2547 1327 δι’
2569 1273 2737 1344 ἡμᾶς.
2767 1273 2876 1327 Καὶ
2920 1274 3118 1328 πολλοῦ
3145 1277 3276 1346 ἡμῖν
3310 1276 3596 1345 γεγονότος
3636 1276 3792 1345 λόγου

528 1364 664 1417 tium
694 1363 883 1419 forsan
933 1375 1083 1422 esset
1109 1366 1175 1421 ad
1202 1381 1266 1422 ea
1292 1382 1418 1437 qua
1446 1374 1758 1437 sequuntur
1783 1365 2110 1437 explicanda

2207 1366 2466 1439 περὶτῆς
2499 1365 2744 1437 ἰσότητος
2778 1365 2875 1418 τοῦ
2912 1364 3043 1419 Υἰοῦ
3100 1366 3203 1436 τῆς
3240 1366 3378 1439 πρὸς
3419 1368 3511 1422 τὸν
3535 1368 3667 1422 Θεὸν
3697 1369 3789 1423 καὶ

526 1469 627 1509 nos
674 1455 988 1527 accingere,
1026 1457 1185 1528 plura
1241 1459 1308 1513 de
1340 1458 1429 1513 bis
1468 1459 1796 1529 impraesens
1832 1458 2108 1515 disserere

2208 1455 2431 1526 Πατέρα
2455 1454 2550 1508 καὶ
2581 1454 2641 1507 ὲν
2664 1456 2777 1517 τοῖς
2804 1453 2980 1508 ὀπίσω
3013 1454 3260 1525 βιδλίοις,
3292 1456 3435 1527 τάχα
3453 1475 3572 1521 πως
3597 1453 3665 1529 ἦν
3690 1459 3789 1530 ήδη

523 1546 865 1602 amittentes.
893 1547 1001 1603 Sed
1039 1549 1301 1618 quoniam
1333 1565 1404 1604 ex
1436 1549 1648 1606 insanis
1677 1550 1956 1606 bmticis
1983 1549 2105 1619 qui-

2207 1546 2416 1618 πρέπον
2431 1547 2526 1600 ἐπὶ
2552 1546 2650 1617 τὴν
2679 1544 2786 1599 τῶν
2817 1544 2946 1616 ἑξῆς
2988 1548 3287 1619 σαφήνειαν
3330 1547 3528 1613 ἐλθεῖν,
3567 1550 3629 1603 τὸ
3656 1551 3782 1620 περὶ

522 1632 676 1696 dum,
710 1647 822 1688 non
852 1634 1131 1705 vulgarem
1170 1637 1314 1708 apud
1338 1635 1559 1693 Judteos
1602 1653 1889 1695 sacrarum
1931 1639 2104 1695 Litte-

2205 1637 2413 1692 τούτων
2428 1637 2509 1692 ἔτι
2532 1640 2906 1709 μακρηγορεῖν
2926 1638 3164 1707 ἀφέντας
3178 1639 3260 1703 εἰς
3277 1638 3340 1692 τὸ
3355 1639 3551 1711 παρόν.
3572 1640 3787 1711 Ἐπειδὴ

525 1737 708 1777 rarum
740 1725 1114 1795 cognitionem
1145 1738 1365 1793 nactus,
1398 1729 1550 1786 hunc
1587 1730 1769 1786 locum
1790 1733 2102 1801 explicans,

2204 1730 2265 1784 δέ
2292 1747 2377 1795 τις
2398 1728 2507 1783 τῶν
2540 1730 2817 1784 ἀσυνέτων
2841 1730 3136 1807 αἱρετικῶν
3158 1732 3221 1785 ού
3276 1731 3395 1786 λίαν
3436 1730 3785 1802 ἀθαύμαστον

522 1814 898 1874 intolerabiles
972 1817 1348 1889 blasphemiae
1420 1821 1687 1879 adversus
1744 1796 2100 1895 Unigenitum

2209 1821 2361 1892 παρὰ
2384 1824 2497 1886 τοῖς
2535 1820 2810 1887 Ἰουδαίοις
2859 1796 3040 1894 λαχὼν
3087 1823 3198 1878 τῶν
3244 1821 3408 1895 ἱερῶν
3439 1796 3789 1895 Γραμμάτων

519 1906 746 1975 scriptis
790 1908 1045 1975 tradidit,
1093 1925 1209 1966 rem
1262 1911 1429 1969 nimis
1478 1912 1710 1969 inertem
1760 1916 2036 1986 nimisque
2069 1930 2100 1970 a

2207 1914 2303 1985 τὴν
2325 1913 2549 1985 εἴδησιν,
2583 1911 2652 1966 τὰ
2676 1914 2736 1966 ὲν
2771 1912 2851 1983 τῷ
2900 1917 3244 1987 προκειμένῳ
3296 1914 3620 1987 ἑρμηνεύειν
3666 1916 3789 1981 επι-

417 2057 424 2065 .
520 2011 607 2051 me
651 1996 884 2054 alienam
932 1999 1211 2056 [acturum
1248 2004 1459 2072 putavi,
1499 2004 1545 2060 si
1576 2011 1787 2058 tantam
1829 2004 1953 2073 ejus

2207 2004 2423 2074 χειρῶν,
2455 2005 2654 2075 γραφῇ,
2698 2003 3016 2074 παρέδωκεν
3070 2003 3133 2058 ού
3191 2003 3435 2075 φορητὰς
3476 2003 3789 2074 δυσφημίας

519 2087 684 2144 niinis
722 2089 997 2145 insaniam
1028 2093 1251 2150 silentio
1290 2096 1649 2165 praeterirem.
1683 2095 1891 2153 Ordine
1934 2094 2101 2167 igitur

2209 2090 2349 2147 κατὰ
2378 2093 2473 2147 τοῦ
2500 2093 2862 2163 Μονογενοῦς,
2896 2093 3126 2163 ἀδρανὲς
3146 2094 3334 2167 ᾠήθην
3356 2095 3451 2151 καὶ
3487 2095 3609 2150 λίαν
3628 2096 3791 2167 ἀνάρ-

515 2180 567 2234 ei
596 2183 999 2239 occurrendum
1053 2200 1289 2254 censeo,
1338 2188 1944 2261 demonstrandumque
1994 2205 2097 2260 pn-

2206 2201 2406 2256 μοστον
2435 2183 2664 2256 ἐμαυτῷ
2698 2187 2933 2258 πρᾶγμα
2955 2187 3130 2242 θέλειν
3160 2187 3488 2257 ὑφίστασθαι
3518 2186 3579 2243 τὸ
3611 2190 3787 2259 σιωπῇ

517 2269 662 2326 tidss
693 2288 819 2328 esse
853 2283 908 2328 et
940 2274 1116 2332 aniles
1140 2276 1266 2343 ejus
1302 2277 1554 2342 fabellas,
1587 2287 1644 2335 et
1676 2282 1827 2336 onmi
1862 2296 2097 2352 prorsus

2208 2275 2587 2349 παραδραμεῖν
2620 2275 2721 2347 τὴν
2777 2274 2922 2330 οὕτω
2964 2276 3145 2350 δεινὴν
3181 2275 3276 2333 τοῦ
3329 2277 3790 2349 μνημονευθέντος

510 2360 724 2431 judicio
749 2361 1069 2428 destitutas.
1102 2367 1464 2439 inaniumque
1510 2369 1788 2426 duntaxat
1817 2372 2092 2428 rationum

2205 2367 2483 2422 ἀπόνοιαν.
2510 2366 2721 2421 οὐκοῦν
2751 2367 3009 2439 οἰήσομαι
3042 2368 3150 2423 δεῖν
3180 2368 3486 2438 ὑπαντῆσαι
3522 2369 3626 2439 μὲν
3649 2369 3787 2423 κατὰ

514 2452 766 2522 strophis
799 2453 1010 2523 plenas.
1057 2456 1140 2510 Ad
1188 2457 1415 2514 verbum
1456 2467 1640 2515 autem
1678 2461 1929 2518 recitabo
1972 2478 2096 2534 quae

2207 2459 2360 2530 λόγον
2386 2457 2556 2530 αὐτῷ,
2573 2459 2745 2527 δεῖξαί
2768 2477 2828 2514 τε
2860 2459 3047 2529 σαφῶς
3074 2460 3156 2514 ὅτι
3179 2459 3428 2533 σαθράτε
3444 2460 3541 2514 καὶ
3566 2457 3789 2529 γραώδη

512 2544 759 2599 scribere
793 2559 969 2601 ausus
1003 2556 1112 2610 est,
1135 2563 1262 2604 cum
1295 2552 1447 2607 visus
1474 2559 1560 2607 est
1590 2552 1696 2608 sibi
1730 2569 1957 2610 sensum
1989 2556 2094 2612 loci

2208 2551 2267 2605 τὰ
2297 2552 2427 2622 παρ’
2455 2550 2623 2604 αὐτοῦ
2651 2551 2914 2624 μυθάρια,
2937 2552 3034 2606 καὶ
3064 2553 3378 2625 φρονήσεως
3413 2550 3512 2621 μὲν
3537 2551 3633 2621 τῆς
3653 2550 3790 2616 ἀγα-

510 2635 680 2703 hnjus
725 2652 1023 2707 exponere.
1063 2659 1082 2691 ‹
1123 2638 1386 2711 Majorem
1429 2653 1612 2699 autem
1651 2646 1839 2716 seipse
1876 2645 2092 2703 Patrem

2205 2641 2305 2711 θῆς
2331 2640 2665 2713 ἀμοιροῦντα
2692 2641 2991 2706 παντελῶς,
3015 2641 3257 2713 στροφὰς
3276 2641 3334 2696 δὲ
3356 2640 3578 2695 εἰκαίων
3594 2640 3787 2710 ἔχοντα.

509 2736 700 2797 aperte
746 2729 1075 2800 praedicans,
1116 2747 1230 2789 non
1266 2734 1447 2789 solum
1476 2735 1870 2806 gratitudinem
1908 2753 1970 2794 se
2010 2738 2091 2795 di-

2202 2731 2501 2803 λογισμῶν.
2563 2732 2683 2789 Ἐπ’
2713 2733 2884 2805 αὐτῆς
2904 2734 2962 2788 δὲ
2989 2735 3119 2805 ύμῖν
3147 2734 3543 2805 ἀναγνώσομαι
3562 2732 3784 2798 λέξεως,

504 2836 672 2889 gnam
721 2821 995 2888 exhibuit,
1023 2822 1119 2878 sed
1154 2832 1214 2879 et
1243 2839 1438 2881 eorum
1480 2827 1578 2896 qui
1621 2827 1815 2884 ambos
1851 2830 2086 2899 aquales

2203 2823 2237 2878 ἃ
2267 2824 2543 2879 συνθεῖναι
2574 2825 2901 2896 τετόλμηκε,
2923 2825 3025 2897 τὴν
3052 2825 3149 2879 τοῦ
3179 2825 3568 2897 προκειμένου,
3614 2823 3785 2879 καθά-

505 2926 634 2968 esse
668 2919 866 2983 putant
912 2914 1268 2971 mendacium
1293 2919 1566 2987 coarguit.
1606 2938 1626 2971 ι
1662 2918 1876 2986 Quibus
1910 2920 2087 2977 verbis

2207 2935 2309 2990 περ
2339 2918 2501 2982 αὐτὸς
2526 2917 2704 2990 ᾠήθη,
2742 2917 2977 2989 θεωρίαν
3011 2917 3394 2989 ἐξηγούμενος.
3427 2935 3447 2969 ι
3469 2914 3707 2982 Μείζονα
3733 2916 3789 2971 δὲ

510 3002 737 3060 Sabellii
783 3005 1048 3075 opinione
1084 3007 1333 3077 explosa,
1378 3008 1612 3066 infestus
1641 3021 1696 3066 et
1719 3026 1868 3077 acer,
1902 3022 1961 3068 ut
1989 3029 2092 3084 pu-

2203 3006 2397 3061 έαυτοῦ
2421 3006 2515 3060 τὸν
2547 3006 2770 3078 Πατέρα
2824 3003 3120 3078 κηρύσσων
3153 3004 3362 3075 σαφῶς,
3394 3005 3458 3058 οὐ
3496 3003 3662 3076 μόνον
3688 3002 3785 3075 τὴν

504 3103 609 3161 tat,
663 3097 719 3152 in
777 3113 877 3154 eos
934 3101 1049 3153 ruit
1101 3101 1198 3171 qui
1226 3103 1498 3172 aequalem
1544 3102 1696 3160 Patri
1729 3103 1931 3160 Filium
1977 3115 2086 3161 sta-

2204 3096 2379 3169 ἑαυτῷ
2400 3098 2718 3169 πρέπουσαν
2765 3097 3113 3168 παρέστησεν
3167 3094 3615 3166 εὐγνωμοσύνην,
3651 3095 3786 3150 ἀλλὰ

506 3189 773 3251 tuunt,in
809 3189 962 3246 hunc
991 3154 1188 3249 rursus
1229 3154 1451 3249 modum
1486 3194 1742 3253 scribens
1779 3215 1794 3252 :
1835 3213 1855 3248 ι
1889 3194 1969 3250 Eo
1997 3196 2088 3253 de-

2206 3192 2306 3262 γὰρ
2332 3154 2426 3245 καὶ
2447 3154 2563 3244 τῶν
2590 3192 2648 3244 έν
2672 3154 3013 3261 ἀμφοτέροις’
3050 3183 3191 3242 εῖναι
3225 3154 3560 3258 νομιξόντων
3658 3186 3788 3256 ψεῦ-

506 3278 730 3357 nteutia:
757 3279 984 3348 quidam
1014 3297 1214 3338 rursus
1246 3285 1537 3354 progressi
1568 3296 1722 3351 sunt,
1752 3294 1811 3339 ut
1841 3285 1951 3341 dici
1981 3301 2088 3342 non

2204 3284 2283 3348 δος
2302 3281 2573 3354 διήλεγξε.
2599 3299 2621 3334 ι
2676 3281 2788 3335 Καὶ
2817 3280 2918 3353 τὴν
2948 3278 3240 3334 Σαδελλίου
3268 3279 3360 3335 διὰ
3392 3278 3599 3333 τούτων
3629 3295 3786 3348 περι-

505 3368 696 3452 ferant
740 3368 1023 3442 Unigeniti
1083 3373 1290 3432 deitate
1344 3375 1562 3433 Patrem
1619 3392 1747 3433 esse
1798 3379 2087 3448 majorem.

2204 3374 2471 3447 κροτήσας
2490 3372 2672 3439 δόξαν,
2697 3373 2893 3438 δεινὸς,
2936 3372 3012 3437 ὡς
3059 3372 3254 3435 οῖεται,
3291 3371 3387 3426 καὶ
3419 3370 3618 3443 δριμὺς
3664 3372 3786 3424 ὲπι-

505 3457 602 3514 sed
633 3474 760 3514 eum
791 3458 1061 3518 duntaxat
1093 3464 1416 3534 praecellere
1447 3466 1767 3522 existiment
1798 3482 2087 3538 compara-

2205 3467 2343 3539 πηδᾷ
2373 3469 2489 3531 τοῖς
2516 3468 2573 3520 ἐν
2610 3465 2818 3537 ἰσότητι
2850 3464 2990 3538 πρὸς
3039 3463 3132 3519 τὸν
3191 3464 3411 3536 Πατέρα
3463 3462 3664 3518 τιθεῖσι
3697 3463 3787 3517 τὸν

504 3548 658 3605 tione
706 3566 831 3605 cum
860 3566 1055 3617 carne,
1087 3554 1182 3624 qui
1212 3570 1284 3612 ne
1305 3556 1390 3611 vel
1448 3556 1503 3612 in
1546 3556 1651 3612 hoc
1695 3557 1922 3629 quidem
1967 3574 2086 3632 per-

2206 3560 2347 3623 Υἱὸν,
2373 3558 2518 3614 οὕτω
2545 3560 2711 3615 πάλιν
2739 3558 2931 3614 εἰπών’
2971 3577 2990 3611 ι
3024 3559 3123 3622 Εἰς
3149 3556 3409 3612 τοσοῦτον
3461 3555 3627 3611 πάλιν
3654 3557 3788 3611 ἁπο-

502 3641 720 3711 spicere
779 3654 1018 3713 possunt
1073 3646 1447 3718 lteterogenea
1506 3649 1665 3704 nullo
1714 3649 1879 3706 modo
1930 3668 2084 3724 posse

2207 3651 2344 3717 vota;
2365 3650 2639 3723 προῆλθόν
2668 3667 2835 3716 τινες,
2861 3650 2939 3716 ὡς
2972 3650 3108 3723 μηδὲ
3151 3649 3291 3714 ὅλως
3331 3647 3626 3721 ἀνέχεσθαι
3674 3648 3789 3721 μεί·

502 3738 838 3805 comparari.
864 3737 1039 3793 Nemo
1092 3739 1238 3795 enim
1282 3740 1489 3798 dixerit
1522 3758 1768 3814 unquam
1808 3744 2084 3802 hominem

2206 3743 2325 3809 ξονα
2355 3737 2497 3798 εἰναι
2514 3743 2609 3798 τὸν
2646 3742 2868 3811 Πατέρα
2892 3742 2991 3813 τῆς
3021 3740 3119 3795 τοῦ
3152 3740 3491 3809 Μονογενοῦς
3538 3740 3788 3812 θεότητος

497 3825 755 3895 jmnento
810 3830 1206 3900 sapientiorem
1263 3847 1412 3899 esse,
1455 3849 1637 3905 neque
1691 3835 1831 3893 adeo
1883 3852 2079 3909 equum

2207 3836 2393 3905 λέγειν,
2412 3834 2549 3889 ἀλλὰ
2572 3834 2734 3907 μόνον
2756 3834 2917 3889 αὐτὸν
2939 3833 3228 3906 συγκρίσει
3247 3836 3316 3906 τῇ
3338 3832 3469 3906 περὶ
3490 3832 3591 3904 τὴν
3610 3833 3789 3905 σάρκα

501 3917 751 3975 velocius
795 3936 1027 3978 currere
1074 3925 1384 3990 testudine,
1425 3926 1522 3984 sed
1558 3928 1836 3986 hominem
1876 3929 2083 3986 homini

2210 3929 2481 4002 imptxew
2497 3927 2693 3993 δοκεῖν,
2716 3926 2854 3997 μηδὲ
2873 3924 2978 3980 κᾶν
2998 3923 3159 3980 τοῦτο
3177 3923 3291 3997 [γρ.
3312 3926 3418 3979 κάν
3432 3923 3632 3997 τούτῳ]
3654 3941 3792 3978 συνι-

498 4008 758 4065 doctrina
804 4022 1090 4083 praestare,
1138 4023 1197 4071 et
1241 4032 1446 4087 equum
1484 4018 1735 4077 velocius
1781 4035 1926 4092 equo
1964 4036 2080 4077 cur-

2209 4022 2302 4074 isiv
2331 4016 2674 4089 δυνηθέντες,
2702 4017 2779 4080 ὡς
2804 4017 2876 4071 τὰ
2898 4017 3189 4089 έτερογενῆ
3217 4015 3469 4087 οὐδαμῶς
3497 4015 3791 4087 συγκρίνε-

500 4114 647 4157 rere.
688 4102 825 4159 Cum
863 4120 998 4176 ergo
1050 4107 1170 4162 sola
1211 4108 1560 4179 homogenea
1612 4114 2082 4184 comparationem

2212 4110 2319 4165 τθαι
2338 4109 2585 4165 δύναται.
2618 4108 2810 4173 Οὐδεὶς
2832 4107 2943 4180 γὰρ
2966 4107 3034 4162 ἂν
3055 4109 3202 4161 εἴποι
3226 4106 3357 4161 ποτὲ
3385 4108 3469 4161 ὅτι
3500 4106 3794 4176 ἄνθρωπος

497 4195 646 4249 inter
674 4211 737 4250 se
770 4197 1106 4267 suscipiant,
1142 4215 1374 4257 necesse
1404 4216 1492 4258 est
1521 4220 1621 4261 eos
1670 4204 1832 4262 lateri
1871 4205 2079 4261 Patrem

2214 4201 2502 4274 ςοφὼτερός
2524 4202 2644 4255 ἐστι
2675 4202 2931 4270 κτήνους,
2977 4198 3102 4259 οὔτε
3151 4200 3260 4272 μὴν
3307 4200 3473 4264 ἵππος
3513 4198 3796 4272 ὀξυτέρως

501 4286 769 4354 majorem
819 4302 948 4344 esse
1004 4288 1127 4360 ipsa
1176 4289 1460 4365 Unigeniti
1517 4297 1748 4353 deitate.
1798 4296 1938 4352 Nam
1993 4297 2083 4368 qui

2213 4295 2376 4368 τρέχει
2405 4290 2670 4364 χελώνης,
2707 4292 2823 4347 ἀλλ’
2846 4291 3135 4363 ἄνθρωπον
3166 4290 3457 4363 ἀνθρώπου
3485 4290 3795 4362 ἐλλογιμώ-

498 4378 844 4432 contrarium
878 4381 1151 4449 sentiunt,
1180 4384 1236 4440 in
1271 4401 1338 4442 eo
1367 4389 1513 4458 quod
1547 4389 1730 4459 ipsum
1761 4406 1889 4445 cum
1921 4405 2080 4446 carne

2214 4403 2370 4457 τερον,
2405 4385 2573 4439 ἵππον
2624 4383 2683 4438 δὲ
2738 4383 2908 4439 ἵππου
2950 4382 3210 4454 ὀξύτερον
3245 4382 3529 4453 φέρεσθαι.
3589 4383 3796 4438 Μόνων

496 4480 848 4538 comparant,
876 4480 1148 4541 quantum
1182 4476 1236 4531 iu
1268 4478 1351 4535 eis
1391 4488 1501 4547 est,
1534 4465 1736 4537 Patris.
1761 4479 2078 4551 dignitatem

2215 4479 2374 4533 ;οίνυν
2402 4477 2513 4530 τῶν
2569 4475 2850 4547 ὁμογενῶν
2896 4475 2997 4548 τὴν
3040 4476 3177 4546 πρὸς
3231 4474 3441 4545 ἄλληλα
3494 4474 3797 4546 σύγκρισιν

499 4560 775 4615 Ιηίιιιιυιιῑο
814 4578 834 4614 ι
1338 4582 1349 4603 '
2192 4568 2634 4643 έπιδεχομένων,
2693 4568 2908 4640 ἀνάγκη
2973 4569 3171 4630 αὐτοὺς
3218 4568 3552 4639 ὁμολογῆσαι
3578 4605 3593 4632 ,
3652 4567 3741 4621 ὅτι
3768 4568 3798 4619 ό

496 4651 691 4725 Πατὴρ
728 4655 930 4724 μείζων
954 4658 1130 4732 αὐτῆς
1171 4662 1270 4734 τῆς
1321 4667 1416 4720 τοῦ
1457 4665 1797 4736 Μονογενοῦς
1830 4667 2086 4742 θεότητος
2123 4669 2383 4740 ὑπάρχει.
2419 4667 2484 4721 οι
2516 4666 2629 4738 γὰρ
2656 4664 2915 4729 ἐναντίως
2941 4664 3320 4735 σφαλλόμενοι,
3353 4662 3432 4736 τῷ
3490 4664 3630 4736 πρὸς
3690 4663 3798 4734 τὴν

496 4745 675 4838 σάρκα
703 4751 1036 4821 συγκρίνειν,
1084 4757 1209 4813 ὅσον
1256 4758 1320 4812 τὸ
1360 4758 1447 4814 ἐπ’
1497 4762 1705 4830 αὐτοῖς,
1745 4764 1808 4818 τὸ
1851 4764 2118 4838 πατρικὸν
2148 4765 2373 4835 ἀξίωμα
2399 4761 2748 4835 καθαιροῦσα
2792 4779 2812 4813 ι

569 4835 661 4894 liae
709 4841 936 4910 quidem
981 4855 1116 4903 sunt
1148 4849 1300 4906 illius
1335 4851 1502 4924 847
1556 4870 1735 4925 uugc.
1770 4835 2082 4914 Videndum

2255 4855 2426 4909 Ταυτί
2445 4854 2543 4925 μὲν
2588 4853 2805 4909 ἐκείνου
2852 4851 2924 4906 τὰ
2951 4850 3163 4922 ύθλώδη
3193 4851 3509 4923 ληρήματα.
3556 4851 3802 4904 Διασκε-

493 4942 630 4984 vero
657 4945 770 5001 quo
810 4944 974 5004 pacto
1019 4939 1138 4994 suis
1173 4941 1294 5011 ipse
1325 4944 1510 5000 verbis
1549 4961 1618 5002 nc
1640 4949 1828 5003 sciens
1860 4949 2075 5018 quidem

2215 4946 2345 5001 néov
2373 4947 2430 5000 δὲ
2454 4947 2605 5010 ὅπως
2637 4945 2791 5000 οὐδὲν
2826 4944 3005 4999 εἰδότα
3048 4945 3312 5016 δείξωμεν
3359 4945 3445 4999 ὅτι
3475 4944 3592 5006 τοῖς
3627 4942 3797 5006 ἰδίοις

497 5031 722 5091 pugnet.
769 5022 985 5082 Laudat
1018 5032 1170 5085 enim
1222 5030 1447 5100 Filium,
1502 5047 1564 5091 ut
1606 5039 1703 5108 qui
1753 5040 1977 5111 dignam
2020 5056 2079 5098 se

2218 5036 2346 5101 ύτδς
2379 5037 2614 5107 μάχεται
2649 5035 2852 5105 λόγοις.
2884 5036 3232 5108 ’Δποδέχετσι
3251 5035 3352 5106 μὲν
3381 5034 3491 5107 γὰρ
3517 5035 3610 5091 τὸν
3633 5034 3798 5101 Υἰὸν,

495 5113 898 5180 grutitudinem
929 5126 986 5173 et
1015 5122 1330 5192 aequitatem
1363 5130 1689 5194 servaverit,
1726 5146 1855 5187 cunt
1891 5131 2032 5187 dixit
2064 5151 2077 5188 :

2215 5147 2258 5194 ις
2275 5129 2377 5200 τὴν
2394 5127 2547 5199 αὐτῷ
2572 5127 2891 5199 πρέπουσαν
2907 5129 3332 5200 εὐγνωμοσύνην
3349 5127 3797 5199 διατηρήσαντα,

498 5221 519 5255 ι
555 5203 720 5261 Pater
748 5208 927 5278 major
955 5226 1041 5267 me
1071 5221 1193 5279 est;
1232 5231 1252 5265 ι
1283 5216 1380 5271 sed
1409 5220 1581 5275 miror
1604 5222 1701 5292 qui
1728 5238 1839 5278 non
1876 5224 1932 5278 in
1960 5224 2080 5279 ani-

2220 5221 2261 5292 ᾦ
2287 5222 2462 5277 εἰπεῖν
2481 5237 2495 5252 ·
2520 5240 2543 5273 ε
2581 5222 2639 5276 '0
2668 5222 2862 5294 Πατὴρ
2889 5222 3095 5294 μείζων
3130 5239 3232 5292 μου
3268 5220 3407 5276 ἐστί.
3456 5239 3475 5274 ι
3506 5219 3802 5289 Θαυμάζω

495 5310 647 5350 mum
682 5297 830 5356 istud
861 5298 1165 5358 induxerit.
1202 5305 1346 5372 Quid
1379 5310 1549 5379 enim,
1576 5328 1786 5383 quaeso,
1809 5331 1934 5371 eum
1967 5315 2077 5371 adi-

2216 5314 2414 5379 ὲὸπως
2443 5314 2566 5369 οὐδὲ
2629 5316 2807 5370 έκεῖνο
2849 5315 2993 5369 κατά
3028 5313 3155 5368 νοῦν
3191 5312 3521 5378 εἰσεδέξατο.
3556 5311 3626 5366 Τί
3671 5312 3798 5385 γὰρ

494 5389 660 5457 gebat
682 5396 744 5445 ut
768 5390 840 5446 de
868 5391 1164 5453 divinitate
1192 5414 1293 5455 sua
1328 5418 1476 5460 nunc
1507 5407 1672 5462 verba
1704 5407 1932 5475 faceret,
1954 5423 2076 5464 cum

2218 5423 2251 5474 ιν
2274 5405 2413 5469 ὅλως
2444 5405 2508 5459 τὸ
2529 5405 2820 5459 ἀναπεῖθον
2850 5405 3013 5458 αὑτὸν
3048 5403 3328 5473 θεολογίας
3363 5400 3610 5471 ἅψασθαι
3643 5402 3800 5469 νυνὶ,

494 5495 664 5538 nemo
692 5496 867 5539 sanus
898 5498 1141 5556 unquam
1176 5496 1396 5563 tempus
1445 5496 1704 5568 loquendi
1734 5498 2076 5571 faciendique

2217 5497 2367 5551 ιαίτοι
2391 5494 2451 5548 τὸ
2483 5496 2678 5568 καιρὸν
2705 5497 2905 5552 εἰδέναι
2937 5497 3030 5551 τὸν
3066 5496 3353 5567 πρέποντα
3384 5493 3481 5547 καί⁵
3500 5492 3668 5562 λόγου
3689 5493 3799 5549 καὶ

498 5579 874 5644 opportunum
906 5579 1056 5635 scire
1106 5585 1449 5655 neglexerit?
1476 5591 1640 5658 Quid,
1672 5594 2080 5666 inquam,opu

2220 5588 2514 5663 πράγματος
2550 5591 2650 5644 οὐκ
2680 5592 2738 5647 ὲν
2757 5588 2832 5661 τῷ
2867 5590 3059 5664 μηδενὶ
3101 5589 3223 5662 θείη
3252 5589 3334 5653 τίς
3364 5586 3453 5654 ἂν,
3491 5586 3545 5641 εἰ
3580 5603 3648 5657 γε
3678 5603 3802 5641 σω.

576 5747 619 5783 ⁸⁵
647 5746 887 5820 Philipp.
913 5768 977 5822 ιι,
1010 5753 1066 5810 6.
