4006 6432
261 347 373 402 517

1332 344 1401 401 ΙΝ
1438 342 1728 402 JOANNIS
1763 344 2218 405 EVANGEHUM
2252 349 2380 408 LIB.
2425 350 2490 405 Χ.

3421 353 3533 411 518

261 461 529 532 φρονοίη;
571 461 637 515 Τί
664 457 757 516 οῦν
788 461 894 517 ἔδει
936 463 1036 534 τῆς
1075 461 1248 526 οῦτως
1298 462 1530 535 ἀκαίρου
1571 461 1848 530 θεολογίας

1962 472 2073 516 erat
2105 462 2490 533 intempestiva
2527 464 2618 519 illa
2645 463 2872 519 deitatis
2908 463 3278 522 declaratione
3312 469 3533 526 incestis

258 552 590 623 ἀνιωμένοις
614 548 749 618 τοῖς
786 555 1074 625 μαθηταῖς,
1121 553 1352 625 ἐπείπερ
1389 553 1616 624 ἔμελλεν
1646 553 1849 622 ἀποδη-

261 647 388 714 μεῖν
419 645 528 698 ἀπὸ
545 645 753 714 κόσμου
807 647 943 718 πρὸς
975 647 1067 700 τὸν
1096 646 1316 719 Πατέρα
1354 647 1448 700 καὶ
1470 646 1603 698 Θεόν
1629 664 1644 711 ;
1689 647 1851 698 Ποῖον

257 737 372 806 γὰρ
405 736 471 789 ἂν
497 735 732 789 ὲποίσειε
753 737 1106 808 παραμυθίας
1131 736 1330 806 τρόπον
1355 737 1538 800 αὐτοῖς
1571 735 1633 788 τὸ
1665 736 1850 804 πρᾶγ-

260 844 335 898 μα
368 827 540 896 τυχόν
568 844 583 892 ;
634 827 778 881 ⁹Λνθ“
804 828 925 881 ὅτου
961 828 1007 882 δ’
1032 827 1170 892 ὅλως
1209 829 1490 900 μονονουχὶ
1525 829 1620 882 καὶ
1657 845 1851 882 καται-

259 919 447 972 τιᾶται
510 918 718 987 λέγων’
759 938 778 972 ι
816 920 878 974 El
924 919 1176 990 ⁴ίγγαπείπέ
1236 938 1325 990 με,
1372 921 1605 992 ἐχάρητε
1659 920 1725 975 ἂν
1770 921 1852 974 ὅτι

261 1011 576 1082 πορεύομαι
628 1011 769 1084 πρὸς
827 1012 920 1067 τὸν
966 1013 1205 1085 Πατέρα,
1244 1013 1324 1067 ὅτι
1362 1015 1390 1065 ό
1431 1012 1620 1084 Πατὴρ
1652 1011 1854 1082 μείζων

260 1121 365 1172 μου
403 1103 594 1171 tactv;
628 1123 648 1156 ι
681 1099 831 1176 Ἀρα
868 1103 999 1176 γὰρ,
1039 1104 1163 1158 είπέ
1204 1123 1315 1177 μοι,
1349 1104 1657 1158 διακεῖσθαι
1694 1102 1855 1157 τοῦτο

257 1196 402 1266 πρὸς
455 1196 730 1268 θυμηδίαν
777 1198 952 1254 ἐποίει
1005 1197 1132 1262 τοὺς
1185 1197 1452 1269 μαθητὰς,
1487 1197 1519 1268 ἢ
1556 1197 1657 1268 τῆς
1710 1194 1854 1250 οὕτω

256 1285 522 1355 φιλοθέου
552 1285 732 1358 λύπης
775 1287 1140 1355 ἀπήλλαττεν,
1173 1287 1256 1339 ὅτι
1301 1286 1439 1358 πρὸς
1492 1285 1584 1339 τὸν
1630 1284 1856 1356 μείζονα

254 1381 488 1452 Πατέρα
532 1380 862 1451 πορεύεται;
914 1375 1050 1434 Εἶτα
1105 1383 1260 1434 ποῖον
1309 1379 1517 1434 κατίδοι
1544 1396 1630 1444 τις
1664 1378 1730 1432 ἂν
1763 1378 1855 1432 τὸν

250 1471 359 1542 τῆς
394 1472 755 1543 παραμυθίας
805 1472 864 1524 ὲν
888 1470 1064 1543 τούτῳ
1085 1472 1326 1543 τρόπον;
1366 1470 1560 1524 Καίτοι
1586 1468 1854 1523 Φιλίππου

254 1565 359 1633 μὲν
385 1565 656 1635 ἐρομένου
677 1564 776 1618 καὶ
807 1564 1058 1633 λέγοντος
1080 1581 1096 1596 ·
1127 1583 1146 1616 ι
1191 1563 1386 1635 Κύριε,
1414 1562 1587 1628 δεῖξον
1609 1563 1740 1633 ἡμῖν
1763 1561 1856 1614 τὸν

249 1659 514 1730 Πατέρα,
568 1659 664 1712 καὶ
724 1659 889 1731 ἀρκεῖ
925 1658 1078 1728 ἡμῖν,
1117 1676 1135 1707 ι
1172 1656 1294 1710 τότε
1330 1656 1416 1726 δὴ.
1456 1656 1578 1708 τότε
1609 1655 1704 1708 καὶ
1735 1652 1857 1707 λίαν

247 1752 562 1824 εὐκαίρως,
586 1751 678 1806 διτε
709 1751 773 1822 δὴ
806 1751 902 1806 κα)⁸
929 1748 1024 1804 τοῦ
1052 1749 1153 1818 τῆς
1191 1748 1470 1818 θεολογίας
1504 1744 1859 1816 ἐνεστηκότος

249 1841 482 1913 καιροῦ,
514 1843 607 1896 τὸν
663 1841 889 1913 Πατέρα
949 1843 1048 1914 μὲν
1091 1842 1151 1895 ἐν
1184 1838 1363 1910 ἐαυτῷ
1400 1839 1635 1902 δεικνὺς,
1663 1835 1856 1890 ἑαυτὸν

247 1933 297 1986 δ’
339 1930 413 1988 αὖ
451 1935 617 1989 πάλιν
651 1937 710 1988 ἐν
735 1934 814 2006 τῷ
846 1933 1046 2003 Πατρὶ,
1079 1933 1173 1986 καὶ
1194 1934 1276 1987 ὅτι
1302 1931 1422 1986 κατ’
1451 1930 1600 1984 οὐδὲν
1617 1928 1857 1983 ὲλάττων

248 2026 414 2078 ἐστὶν
444 2025 638 2088 αὐτοῦ,
701 2027 768 2097 τῇ
820 2025 876 2079 δὲ
931 2023 1073 2078 κατά
1119 2025 1229 2077 πᾶν
1266 2023 1473 2094 ἰσότητι
1516 2019 1854 2091 διαπρεπὴς,

250 2118 475 2186 ἔφασκε
506 2136 521 2152 '
552 2118 848 2190 «Τοσούτῳ
879 2118 1058 2189 χρόνῳ
1095 2114 1222 2188 μεθ’
1269 2114 1424 2187 ὑμῶν
1467 2116 1607 2184 εἰμι,
1642 2113 1738 2167 καὶ
1759 2114 1859 2166 οὐκ

250 2210 518 2278 ἔγνωκάς
541 2228 632 2282 με,
671 2211 945 2276 Φίλιππε;
984 2209 1040 2263 Ὀ
1065 2206 1326 2278 ἑωρακὼς
1371 2206 1492 2277 ἐμὲ,
1521 2204 1734 2276 ἑώρακε
1768 2202 1859 2256 τὸν

250 2304 506 2376 Πατέρα.
549 2303 626 2356 Οὐ
664 2301 941 2366 πιστεύεις
985 2302 1068 2355 ὅτι
1109 2301 1220 2369 ἐγὼ
1256 2300 1315 2351 ἐν
1348 2297 1427 2368 τῷ
1465 2298 1658 2368 Πατρὶ,
1693 2296 1787 2354 καὶ
1830 2298 1860 2349 ό

251 2395 456 2466 Πατὴρ
477 2396 538 2448 ὲν
571 2393 694 2465 ἐμοί
725 2394 909 2460 ὲστιν;
947 2391 1090 2460 Ἐγὼ
1124 2391 1216 2444 καὶ
1244 2389 1273 2442 ό
1309 2388 1497 2461 Πατὴρ
1527 2388 1587 2440 ἓν
1611 2388 1800 2456 ἐσμεν.
1834 2404 1853 2438 ι

264 2487 438 2542 Ἀλλὰ
494 2488 619 2541 τότε
677 2486 779 2556 μὲν
815 2484 1088 2556 εὐκαίρως
1161 2482 1253 2535 τὸν
1307 2481 1399 2534 ἐπὶ
1457 2478 1668 2542 τούτοις
1727 2478 1859 2548 ἡμῖν

253 2578 574 2648 ὲξυφαίνων
607 2576 764 2646 λόγον
787 2574 1014 2639 εἰκότως
1049 2571 1420 2644 ἐθαυμάζετο*
1455 2569 1573 2624 νυνὶ
1610 2569 1667 2623 δὲ
1707 2571 1860 2623 ποῖον

255 2669 374 2740 ἔχει
396 2669 464 2722 τὸ
484 2671 721 2740 πρᾶγμα
752 2667 967 2738 καιρὸν,
1006 2666 1039 2738 ἢ
1074 2667 1227 2718 ποῖον
1263 2663 1402 2727 ὅλως
1430 2661 1736 2728 ὲπιδὲξεται
1766 2661 1858 2714 λο-

254 2763 485 2833 γισμὸν,
517 2763 552 2834 ἦ
579 2760 870 2833 βούλεσθαι
903 2760 1004 2832 μὲν
1035 2757 1134 2830 τὴν
1161 2759 1219 2810 ἐν
1247 2758 1363 2820 τοῖς
1387 2753 1660 2828 μαθηταῖς
1688 2771 1858 2809 κατα-

257 2857 449 2926 ραῖσαι
477 2852 682 2923 λύπην,
715 2853 982 2922 φάρμακα
997 2851 1056 2904 δὲ
1075 2849 1264 2919 ὥσπερ
1290 2846 1650 2918 παραμυθίας
1677 2849 1861 2914 αὐτοῖς

257 2951 523 3009 ἐπινοεῖν,
559 2947 622 3000 τὺ
660 2945 916 3010 ἐπιτάξαι
967 2943 1202 3015 χαίρειν,
1251 2941 1334 2995 ὃτι
1384 2939 1678 3012 πορεύεται
1720 2942 1860 3014 πρὸς

256 3041 341 3094 τὸν
378 3040 646 3111 Πατέρα;
671 3033 802 3109 Ἆρ’
847 3032 942 3091 οῦν
965 3037 1066 3089 οὐκ
1123 3035 1189 3088 ἂν
1228 3034 1442 3104 γένοιτο
1472 3032 1709 3096 καὶτοῖς
1738 3032 1861 3086 λίαν

1954 555 2270 626 discipulis,
2301 572 2368 612 ex
2405 573 2470 611 eo
2498 556 2646 626 quod
2675 556 2743 611 ad
2779 555 2997 612 Patrem
3035 571 3099 612 ac
3137 557 3303 612 Deum
3333 575 3398 614 ex
3427 562 3534 616 hoc

1957 648 2166 702 mundo
2215 655 2363 703 esset
2411 648 2700 705 abiturus?
2727 649 2903 715 Quam
2953 648 3101 704 enim
3139 650 3534 704 consolationis
3598 634 3603 646 ’

1958 741 2222 795 rationem
2256 741 2309 796 id
2334 742 2415 798 eis
2445 741 2766 798 attulisset?
2789 740 2965 808 Quam
2996 749 3183 796 autem
3212 742 3286 796 ob
3309 756 3532 796 causam

1959 831 2357 902 propemodum
2390 847 2486 888 eos
2538 840 2789 898 accusat,
2816 833 3048 889 dicens:
3081 852 3098 884 ι
3133 833 3189 888 Si
3232 831 3535 904 diligeretis

1959 939 2069 989 me,
2099 923 2419 995 gauderetis
2457 924 2649 994 utique
2679 925 2810 994 quia
2841 926 2983 983 vado
3015 925 3084 981 ad
3118 924 3336 980 Patrem
3363 946 3376 980 :
3406 926 3537 995 quia

1958 1011 2122 1068 Pater
2155 1015 2332 1084 major
2359 1030 2446 1070 me
2472 1015 2593 1072 est?
2623 1035 2642 1069 ι
2688 1015 2949 1088 Nunquid
2977 1019 3127 1074 enim
3151 1016 3537 1083 istud,amabo

1960 1111 2034 1168 te,
2070 1102 2376 1174 discipulos
2425 1119 2683 1161 recreare
2713 1115 2808 1160 aut
2843 1113 2956 1160 tam
2989 1106 3141 1176 pium
3173 1121 3366 1161 eorum
3402 1120 3536 1162 mte-

1961 1211 2142 1250 rorem
2188 1194 2386 1252 sedare
2437 1203 2679 1266 poterat,
2712 1195 2860 1268 quod
2907 1197 2972 1252 ad
3015 1196 3279 1266 majorem
3321 1194 3538 1251 Patrem

1960 1288 2365 1359 proﬁciscitur?
2389 1287 2567 1354 Quam
2599 1288 2924 1344 consolandi
2959 1289 3225 1344 rationem
3262 1288 3351 1342 hic
3383 1287 3541 1357 quis-

1958 1394 2125 1448 quam
2171 1381 2444 1451 reperiet?
2469 1379 2605 1436 Nam
2642 1395 2767 1435 cum
2803 1379 3089 1452 Philippus
3126 1396 3250 1436 eum
3291 1379 3539 1448 compcl-

1961 1474 2099 1528 laret
2130 1492 2144 1529 :
2183 1492 2202 1526 ι
2241 1471 2490 1541 Domine,
2514 1473 2746 1529 ostende
2789 1473 2951 1530 nobis
2988 1472 3227 1540 Patrem,
3261 1480 3316 1529 et
3342 1472 3544 1528 suﬂicit

1960 1566 2148 1634 nobis;
2189 1584 2207 1617 ι
2246 1573 2381 1620 tunc
2431 1575 2741 1638 opportune
2793 1565 3112 1630 admodum,
3161 1566 3366 1636 quippe
3414 1580 3539 1620 cum

1959 1659 2273 1714 divinitatis
2336 1658 2688 1715 declaranda:
2745 1669 2963 1730 tempus
3012 1659 3271 1726 instaret,
3321 1658 3541 1715 Patrem

1961 1752 2180 1822 quidem
2219 1751 2275 1806 in
2308 1751 2496 1822 seipso
2540 1751 2864 1819 ostendens,
2891 1761 2942 1807 et
2968 1752 3212 1822 seipsum
3247 1766 3445 1808 rursus
3486 1751 3544 1805 in

1961 1840 2144 1904 Patre,
2168 1849 2224 1896 et
2271 1841 2420 1896 nulla
2461 1840 2518 1897 in
2564 1857 2624 1898 re
2664 1857 2725 1897 se
2759 1857 2827 1897 eo
2875 1841 3185 1906 minorem,
3222 1841 3320 1897 sed
3365 1840 3546 1895 omni-

1961 1934 2126 1988 moria
2180 1933 2504 2005 mqualitate
2553 1934 2957 2005 conspicuum,
3004 1933 3188 1989 aiebat
3227 1952 3241 1988 :
3299 1951 3319 1985 ι
3368 1934 3548 1988 Tanto

1963 2035 2210 2096 tempore
2270 2027 2552 2082 vobiscum
2610 2042 2758 2089 sum,
2803 2037 2858 2081 et
2912 2043 3022 2081 non
3078 2025 3388 2096 cognovisti
3437 2039 3547 2089 me,

1960 2116 2254 2189 Philippe?
2280 2115 2385 2184 Qui
2412 2116 2562 2172 videt
2592 2132 2700 2180 me,
2732 2115 2880 2172 videt
2905 2124 2961 2173 et
2986 2114 3230 2171 Patrem.
3277 2114 3396 2170 Non
3428 2129 3549 2170 cre-
3635 2167 3646 2175 ,,

1960 2210 2048 2264 dis
2076 2211 2203 2280 quia
2233 2224 2334 2280 ego
2373 2209 2428 2264 in
2465 2209 2648 2276 Patre,
2678 2216 2734 2263 et
2765 2207 2931 2264 Pater
2968 2208 3024 2263 in
3062 2223 3152 2264 me
3177 2207 3304 2263 est?
3341 2206 3454 2279 Ego
3494 2211 3550 2260 et

1961 2303 2122 2360 Pater
2156 2320 2325 2358 unum
2357 2319 2572 2358 sumus.
2615 2321 2634 2356 ι
2671 2301 2878 2357 Verum
2911 2308 3045 2357 tunc
3082 2307 3394 2372 opportune
3424 2297 3551 2369 qui-

1961 2397 2086 2452 dem
2122 2395 2191 2452 de
2227 2395 2315 2450 his
2334 2395 2504 2450 verba
2548 2394 2763 2450 faciens
2790 2393 3145 2449 admirationi
3181 2400 3305 2448 erat
3347 2409 3361 2446 :
3394 2404 3546 2445 nunc

1961 2499 2145 2545 autem
2175 2504 2342 2561 quam
2370 2496 2686 2560 Opportune
2724 2486 2872 2542 istud
2914 2485 3139 2549 dicitur,
3171 2493 3264 2540 aut
3294 2484 3424 2554 quid
3459 2497 3551 2536 ra-

1961 2583 2130 2638 tionis
2148 2581 2336 2646 habet,
2355 2580 2641 2636 tristitiam
2659 2579 3065 2649 discipulorum
3103 2578 3278 2633 lenire
3311 2575 3472 2640 velle,
3494 2582 3552 2630 et

1961 2675 2398 2731 consolatorium
2439 2672 2716 2742 quoddam
2752 2671 2834 2726 eis
2863 2671 3220 2740 pharmacum
3261 2667 3550 2727 adhibere.

1963 2767 2094 2823 dum
2143 2765 2382 2838 gaudere
2432 2764 2722 2835 jubentur,
2774 2764 2904 2834 quia
2959 2763 3109 2816 vadit
3163 2759 3230 2814 ad
3292 2757 3556 2814 Patrem?

1961 2859 2222 2928 Nunquid
2258 2872 2388 2928 ergo
2418 2855 2651 2911 rudibus
2690 2870 2756 2911 ac
2795 2854 3068 2924 imperitis
3109 2852 3194 2908 vel
3226 2867 3292 2907 ex
3335 2851 3456 2920 ipsa
3495 2864 3554 2903 re

1962 2951 2174 3022 liquido
2209 2957 2358 3020 patet
2389 2947 2562 3018 quod,
2611 2961 2737 3002 cum
2792 2946 2861 3002 ad
2915 2960 3072 3002 suam
3136 2942 3336 3000 reverti
3387 2942 3555 2996 vellet

1963 3042 2192 3115 gloriam
2227 3055 2352 3094 cum
2392 3036 2580 3102 Patre,
2633 3052 2756 3092 eam
2809 3037 2883 3092 ob
2928 3052 3047 3092 rem
3103 3034 3463 3105 diligentibus
3495 3048 3556 3088 se

260 3132 515 3202 ἀνοήτοις
565 3129 845 3201 συμφανὲς
903 3127 969 3180 δι’
1020 3125 1186 3180 αὑτοῦ
1233 3124 1330 3178 τοῦ
1365 3123 1724 3195 πράγματος,

1962 3131 2204 3213 gaudere
2227 3127 2421 3200 jussit,
2457 3126 2607 3181 hunc
2636 3125 2818 3196 ipsum
2853 3140 3018 3196 porro
3048 3140 3174 3180 cum
3207 3124 3332 3178 aliis
3356 3137 3556 3177 conso-

256 3223 498 3293 ἐπείπερ
555 3223 638 3286 είς
685 3223 784 3292 τὴν
837 3220 976 3274 ιδίαν
1025 3215 1184 3283 αὖθις
1223 3215 1660 3286 παλινδρομῆσαι
1692 3215 1851 3282 δόξαν

1961 3219 2186 3276 lationis
2220 3217 2446 3272 modum
2476 3213 2842 3285 excogitans?

259 3315 402 3386 μετὰ
439 3314 662 3385 Πατρὸς
715 3313 995 3383 ἠπείγετο,
1031 3311 1242 3383 χαίρειν
1292 3307 1385 3361 ἐπὶ
1447 3306 1622 3379 τούτῳ
1656 3313 1768 3376 τοῖς
1824 3315 1988 3368 αὑτὸν
2021 3310 2280 3382 ἀγαπῶσι
2345 3305 2701 3372 διεκελεύετο,
2749 3305 3078 3375 ἀξιάγαστον
3148 3301 3311 3366 αὐτὸς
3372 3300 3557 3364 αὐτοῖς

257 3407 672 3480 παρακλήσεως
701 3407 798 3459 καὶ
823 3405 1013 3460 τοῦτον
1046 3402 1187 3475 μετά
1218 3402 1328 3456 τῶν
1360 3399 1537 3456 ἄλλων
1560 3405 1858 3478 ἐπινοήσας
1893 3409 1988 3466 τὸν
2023 3406 2267 3477 τρόπον;

338 3498 510 3554 Ἀλλά
568 3498 892 3568 παρήσομεν
943 3495 1106 3549 τοῦτο
1155 3499 1293 3563 νυνὶ,
1341 3499 1439 3552 καὶ
1489 3499 1612 3560 ταῖς
1652 3497 1865 3554 ἐκείνου

259 3587 724 3660 φρενοϐλαϐείαις
752 3586 814 3640 οὐ
877 3585 1045 3650 πολὺς
1083 3585 1430 3657 ἐγκείσομαι.
1481 3585 1629 3657 Φημὶ
1665 3585 1721 3639 δὲ
1755 3586 1867 3639 δεῖν

259 3684 346 3734 ἐπ’
405 3682 596 3735 ἐκεῖνα
651 3677 853 3750 μᾶλλον
897 3678 1074 3732 ὲλθεῖν
1097 3695 1110 3709 ⁸
1170 3679 1326 3751 ᾠήθη
1358 3679 1466 3750 γάρ
1499 3679 1629 3742 ἴσως
1651 3682 1719 3749 τῇ
1763 3678 1865 3748 τῆς

260 3774 520 3846 θεότητος
566 3770 729 3840 φύσει
787 3769 887 3843 τὴν
922 3770 1104 3842 σάρκα
1143 3772 1559 3843 συγκρίνοντας,
1603 3770 1865 3841 ἀνόνητον

260 3865 463 3936 κομιδῇ
495 3863 772 3918 ποιεῖσθαι
807 3862 908 3934 τὴν
967 3863 1340 3931 ἀντεξέτασιν,
1376 3865 1466 3917 ὅτε
1527 3862 1865 3918 κεκενῶσθαι

260 3959 499 4029 λέγομεν
526 3956 621 4010 τὸν
647 3956 802 4022 Υίδν,
859 3955 1049 4027 ἐπειδὴ
1085 3957 1310 4025 γέγονεν
1353 3955 1660 4027 ἄνθρωπος.
1706 3955 1862 4024 Ἔχει

263 4050 315 4105 δὲ
341 4051 447 4121 οὐχ
466 4049 634 4112 οὕτω,
663 4047 829 4103 πόθεν
857 4065 873 4114 ;
901 4045 1174 4102 οἰκετικοῦ
1226 4045 1282 4098 δὲ
1319 4045 1524 4117 μέτρου
1561 4045 1656 4098 καὶ
1676 4043 1862 4098 δοῦλος

266 4142 516 4213 πρεποῦς
541 4139 854 4211 ἀξιώματος
875 4139 974 4209 τὴν
1005 4139 1157 4193 θείαν
1203 4137 1456 4205 λέγοντες
1494 4136 1673 4203 δόξαν,
1694 4136 1864 4206 ὴλατο

263 4235 473 4290 τῶσθαί
503 4251 688 4304 φαμεν
739 4231 834 4286 τοῦ
879 4231 1092 4302 Πατρός
1138 4229 1231 4284 τὸν
1271 4230 1420 4293 Υίὺν,
1468 4227 1602 4282 καθὸ
1636 4227 1863 4298 γέγονεν

265 4328 577 4398 ἄνθρωπος,
601 4325 1051 4397 ἀποκαταστῆσαι
1085 4343 1150 4396 γε
1189 4325 1296 4396 μὴν
1327 4325 1409 4388 είς
1441 4325 1502 4378 τὸ
1523 4318 1666 4378 εἶναι
1698 4324 1864 4378 πάλιν

265 4423 319 4474 ἐν
351 4421 459 4492 ἴσῳ
496 4420 578 4492 τῷ
616 4419 871 4490 φύσαντι,
929 4419 1072 4491 μετά
1120 4418 1219 4491 τὴν
1248 4417 1499 4472 ἐντεῦθεν
1526 4417 1862 4489 ἀποδημίαν,

263 4515 322 4566 οὗ
352 4512 576 4584 καινὴν,
610 4512 644 4582 ἦ
667 4513 983 4584 ἐπίκτητον,
1023 4511 1148 4566 οὐδὲ
1186 4509 1330 4582 ἀήθη
1364 4509 1523 4575 δόξαν
1552 4508 1866 4579 ἠμφιεσμέ-

2043 3495 2245 3551 Verum
2315 3491 2423 3549 ista
2477 3503 2630 3545 nunc
2690 3485 3034 3550 omittemus,
3069 3498 3172 3539 nec
3217 3483 3368 3539 illius
3408 3481 3559 3537 insa-

1964 3592 2113 3645 niam
2171 3586 2408 3642 multum
2446 3583 2791 3655 urgebimus.
2827 3578 2912 3634 Ad
2946 3577 3080 3633 illud
3117 3577 3302 3648 potius
3328 3575 3556 3631 venien-

1964 3682 2097 3737 dum
2132 3693 2356 3743 censeo,
2390 3676 2537 3748 quod
2586 3675 2806 3746 putavit
2851 3686 3052 3728 vanam
3093 3685 3220 3725 esse
3261 3681 3556 3738 compara—

1961 3779 2167 3830 tionem
2199 3788 2305 3842 qua
2337 3770 2560 3825 deitatis
2589 3776 2802 3823 natura:
2840 3781 2974 3821 caro
3013 3769 3390 3832 comparatur,
3423 3776 3546 3814 eum

1962 3866 2307 3921 exinanitum
2329 3877 2454 3918 esse
2481 3859 2681 3914 Filium
2714 3858 2978 3922 dicimus,
3008 3851 3229 3926 quando
3254 3852 3432 3906 factus
3462 3860 3548 3907 est
3646 3870 3651 3892 ι

1961 3956 2144 4010 homo.
2171 3952 2374 4008 Verum
2412 3967 2519 4006 non
2547 3955 2618 4004 ita
2637 3948 2808 4021 848
2837 3963 2927 4003 res
2952 3956 3037 4002 est
3060 3963 3073 3999 :
3100 3943 3246 3998 absit
3273 3944 3286 3996 !
3317 3942 3413 3998 sed
3437 3958 3553 3996 ser-

1959 4046 2088 4101 vilis
2113 4040 2452 4100 conditionis
2471 4054 2534 4094 ac
2554 4036 2848 4106 dignitatis
2883 4035 3128 4090 divinam
3161 4029 3395 4101 gloriam
3424 4044 3550 4082 cum

1961 4137 2225 4199 dicimus,
2249 4134 2514 4188 minorem
2551 4145 2680 4186 esse
2707 4128 2871 4184 Patre
2902 4125 3102 4180 Filium
3135 4122 3462 4184 asserimus,
3499 4121 3553 4174 in

1960 4236 2228 4302 quantum
2253 4225 2436 4281 factus
2465 4233 2548 4280 est
2571 4224 2756 4285 homo,
2776 4228 2960 4274 tamen
2981 4219 3038 4272 in
3057 4217 3240 4271 Patris
3266 4213 3556 4284 aequalita-

1963 4330 2073 4375 tem
2137 4318 2458 4374 restitutum
2515 4328 2663 4376 esse,
2708 4320 3002 4382 postquam
3048 4307 3180 4362 hinc
3243 4305 3311 4360 ad
3382 4305 3557 4360 castos

1964 4411 2236 4475 ascendit,
2266 4425 2377 4464 non
2409 4422 2573 4472 nova,
2595 4419 2778 4475 neque
2802 4401 3128 4466 adventitia,
3162 4415 3266 4455 nec
3289 4398 3555 4453 inusitata

1963 4504 2138 4571 gloria
2157 4501 2443 4563 vestitum,
2462 4498 2558 4556 sed
2583 4498 2674 4553 illa
2699 4497 2883 4552 denuo
2909 4493 3182 4548 fruentem
3217 4491 3270 4545 in
3296 4505 3403 4559 qua
3437 4497 3557 4543 erat

263 4624 374 4669 νον,
409 4581 531 4660 ἀλλ’
566 4581 1130 4676 ὲνγὲκείνῃ-γεγονότα
1181 4581 1344 4657 πάλιν
1401 4602 1462 4654 ὲν
1502 4594 1648 4675 ᾖπερ
1695 4595 1765 4670 ἦν
1805 4601 1859 4652 ὲν

1963 4597 2122 4652 initio
2157 4611 2282 4650 cum
2317 4593 2505 4648 Patre.
2539 4590 2696 4647 Unde
2725 4588 2935 4642 Paulus
2976 4585 3172 4640 doctor
3203 4583 3296 4637 ille
3330 4581 3557 4636 divinus

263 4703 408 4772 ἀρχῇ
447 4698 587 4769 μετά
620 4697 717 4752 τοῦ
769 4673 1000 4768 Πατρός.
1032 4696 1142 4750 Καὶ
1165 4694 1296 4764 γοῦν
1317 4696 1345 4748 ό
1382 4673 1669 4758 θεσπέσιος
1697 4710 1859 4766 μυστ-

1970 4690 2388 4747 convenientem
2447 4681 2771 4740 hominibus
2806 4677 3176 4733 humilitatem
3213 4690 3323 4729 non
3359 4673 3470 4743 jam
3503 4673 3558 4728 ei

264 4768 523 4863 ἀγωγός,
561 4793 704 4863 φημὶ
734 4791 793 4846 δὲ
834 4791 926 4844 τὸν
974 4787 1222 4852 Παῦλον,
1251 4788 1351 4859 τὴν
1391 4787 1712 4857 πρέπουσαν
1752 4787 1859 4848 τοῖς

1966 4791 2092 4855 post
2132 4779 2600 4836 resurrectionem
2636 4790 2666 4828 a
2709 4773 2948 4828 mortuis
2982 4779 3038 4826 et
3067 4769 3122 4824 in
3151 4768 3322 4823 caelos
3357 4780 3556 4821 ascen-
3660 4775 3661 4780 ‘

260 4884 578 4956 ἀνθρώποις
613 4881 947 4936 ταπείνωσιν
975 4879 1160 4934 οὐκέτι
1202 4878 1506 4952 περιτιθεὶς
1541 4877 1694 4948 αὐτῷ
1726 4877 1866 4948 μετά

264 4978 361 5049 τὴν
418 4977 489 5030 ὲκ
539 4976 753 5048 νεκρῶν
804 4975 1103 5030 ἀναϐίωσιν
1149 4975 1246 5028 καὶ
1296 4974 1398 5045 τὴν
1454 4973 1643 5026 ἄνοδον
1663 4971 1762 5041 τὴν
1785 4973 1868 5035 εἰς

259 5068 556 5140 οὐρανοὺς.
583 5065 891 5121 ἐπιστέλλει
936 5064 1115 5134 λέγων
1138 5083 1153 5098 ο
1189 5083 1208 5116 ι
1240 5065 1306 5118 Εἰ
1333 5064 1442 5137 γὰρ
1482 5063 1579 5118 καὶ
1618 5061 1866 5130 ἐγνώκα-

263 5178 367 5230 μεν
395 5159 546 5213 κατά
569 5159 751 5230 σάρκα
789 5158 1047 5227 Χριστὸν,
1075 5155 1213 5211 ἀλλά
1245 5155 1340 5210 νῦν
1381 5155 1567 5210 οὐκέτι
1594 5154 1864 5224 γινώσκο-

263 5265 386 5318 μεν.
434 5267 456 5299 ι
490 5247 630 5318 Περὶ
655 5246 714 5301 δὲ
752 5246 949 5303 ἑαυτοῦ
995 5246 1161 5300 πάλιν
1187 5267 1200 5279 ·
1245 5266 1262 5298 ι
1296 5245 1508 5308 Παῦλος
1563 5245 1865 5309 ἀπόστολος

273 5338 456 5404 Ἰησοῦ
473 5337 850 5410 Χριστοῦ,οὐκ
868 5340 962 5393 ἀπ’
983 5338 1310 5410 ἀνθρώπων,
1327 5339 1447 5391 οὐδὲ
1465 5337 1530 5390 δι’
1544 5336 1863 5409 ἀνθρώπου,

259 5434 398 5489 ἀλλὰ
447 5432 541 5487 διὰ
573 5432 753 5504 Ἰησοῦ
784 5429 1044 5504 Χριστοῦ.
1081 5449 1099 5481 ›
1132 5431 1328 5484 Καίτοι
1375 5429 1428 5482 τί
1459 5428 1663 5500 δήποτε
1699 5426 1864 5480 πάλιν

261 5525 424 5580 αὑτὸν
455 5525 595 5594 πρὸς
624 5525 771 5595 ἡμᾶς
795 5521 1086 5594 ἀφίξεσθαι
1103 5520 1278 5589 λέγων
1300 5517 1862 5591 μετασχηματιοῦντα

259 5619 322 5676 τὸ
345 5618 512 5689 σῶμα
544 5617 644 5688 τῆς
667 5614 1053 5680 ταπεινώσεως
1084 5613 1243 5687 ἡμῶν
1287 5611 1613 5685 σύμμορφον
1642 5608 1724 5681 τῷ
1754 5608 1857 5663 σώ-

331 5799 373 5832 ⁶⁴¹
418 5798 461 5854 ιι
496 5798 625 5855 Cor.
664 5815 716 5864 v,
761 5799 842 5852 16.
923 5796 966 5828 ⁸⁸
1002 5794 1180 5851 Galat.
1239 5809 1293 5860 l,
1339 5793 1384 5848 Ι.

1966 4878 2177 4932 sionem
2238 4871 2574 4935 attribuens,
2627 4867 2821 4924 scribit
2880 4866 2937 4920 in
2987 4863 3106 4917 haec
3157 4859 3324 4915 verba
3376 4876 3389 4911 :
3437 4877 3456 4909 ι
3499 4855 3557 4912 Si

1963 4967 2109 5021 enim
2165 4961 2530 5034 cognovimus
2576 4955 2884 5027 secundum
2947 4966 3172 5010 carnem
3234 4949 3556 5013 Christum;

1966 5058 2060 5113 sed
2093 5071 2245 5112 nunc
2271 5055 2384 5125 jam
2414 5069 2526 5108 non
2566 5051 2828 5107 novimus
2859 5049 2928 5103 ⁸⁷.
2966 5067 2984 5100 ι
3010 5045 3236 5100 Rursus
3268 5052 3454 5096 autem
3490 5040 3561 5096 de

1963 5151 2151 5220 seipse
2185 5167 2198 5203 :
2237 5167 2256 5199 ι
2298 5145 2508 5202 Paulus
2553 5143 2857 5214 Apostolus
2890 5140 3022 5197 Jesu
3077 5134 3306 5200 Christi,
3344 5147 3453 5187 non
3491 5146 3559 5186 ex

1966 5241 2312 5303 hominibus,
2350 5253 2531 5310 neque
2578 5252 2678 5309 per
2730 5236 3038 5299 hominem,
3078 5231 3172 5287 sed
3221 5243 3321 5293 per
3367 5225 3556 5281 Jesum

1963 5334 2251 5390 Christum
2287 5333 2356 5386 ⁸³.
2406 5350 2424 5384 ι
2463 5329 2534 5384 At
2577 5344 2680 5384 cur
2717 5342 2842 5383 cum
2867 5341 2992 5380 eum
3025 5321 3091 5377 ad
3130 5337 3230 5376 nos
3261 5326 3555 5373 venturum

1962 5427 2195 5491 diceret,
2241 5433 2300 5480 ut
2327 5437 2535 5494 corpus
2575 5419 2906 5474 humilitatis
2942 5423 3146 5469 nostrae
3185 5409 3556 5478 contiguraret

1960 5520 2184 5590 corpori
2216 5518 2406 5588 gloriae
2434 5526 2550 5571 suae
2585 5514 2651 5578 ⁸⁸,
2691 5518 2854 5581 negat
2896 5505 3084 5569 modo,
3114 5504 3308 5559 dicens
3343 5517 3404 5556 se
3441 5514 3551 5554 non

1962 5611 2033 5665 ab
2063 5587 2408 5674 hominibus,
2433 5619 2614 5677 neque
2640 5617 2736 5676 per
2766 5598 3068 5660 hominem,
3103 5593 3196 5652 sed
3239 5606 3335 5663 per
3365 5587 3556 5646 Jcsum

1467 5793 1510 5825 ⁵³
1549 5786 1784 5863 Philipp.
1823 5804 1921 5857 ιιι,
1955 5787 2044 5843 ‘ll.
