4006 6414
513 333 637 395 319

1546 355 1603 411 S.
1644 355 1922 413 CYRILLI
1959 353 2436 416 ALEX‘ANDRINI
2472 361 2795 422 ARCHIEP.

3679 383 3781 439 5‘28

513 453 799 513 Christum
848 461 1086 519 electum
1142 464 1317 524 fuisse
1382 470 1436 524 in
1504 474 1921 542 apostolatum?
1954 475 2074 543 Qui:

2206 491 2337 544 ματι
2365 477 2467 547 τῆς
2486 477 2645 549 δόξης
2674 480 2864 546 αὐτοῦ,
2896 481 2990 538 νῦν
3015 484 3325 559 ὲξαρνεῖται
3362 491 3537 562 λέγων
3556 495 3667 552 οὐκ
3690 500 3778 554 ἀπ’

514 556 721 615 autem,
759 568 968 623 quaeso,
997 572 1121 612 enm
1158 575 1270 614 non
1319 576 1488 617 nosse
1520 564 1828 620 secundum
1871 581 2098 623 carnem

515 641 630 696 ait?
668 641 964 716 Nunquid,
1014 651 1217 707 amabo
1265 662 1337 718 te,
1373 653 1665 711 Dominum
1725 661 1950 732 negavit
2004 664 2098 734 qui

511 744 635 785 eam
688 733 954 791 redemit?
978 737 1124 794 absit
1162 740 1176 795 l
1217 751 1367 797 recte
1415 745 1562 799 enim
1619 748 1787 820 sapit.
1847 733 2099 808 Perfecto

511 824 717 895 quippe
764 835 818 883 et
853 829 920 883 ad
968 830 1177 886 exitum
1230 834 1498 905 perducto
1547 847 1796 913 tempore
1843 845 2100 902 exinani—

512 912 685 967 tionis
713 915 829 971 sive
856 917 1260 978 humfliationis
1296 922 1598 997 Unigeniti,
1620 946 1730 988 non
1760 949 1826 989 ex
1853 950 1919 991 eo
1950 938 2099 1009 quod

512 1002 829 1059 exinanitus
856 1008 1125 1073 cernitur,
1160 1010 1256 1065 sed
1294 1028 1362 1069 ex
1395 1030 1461 1071 eo
1497 1019 1679 1087 potius
1710 1024 1857 1093 quod
1890 1002 2097 1083 secun-

513 1091 641 1145 dum
672 1102 925 1150 naturam
955 1106 1041 1153 est
1093 1098 1261 1169 Deus,
1285 1105 1587 1175 praedicare
1624 1091 1805 1183 ipsum
1837 1124 1895 1171 et
1924 1132 2099 1189 agno-

512 1199 668 1240 scere
726 1188 939 1244 nititur.
997 1191 1278 1252 Concesso
1332 1199 1480 1254 enim
1538 1212 1595 1257 et
1650 1205 1895 1264 admisso
1949 1188 2097 1281 quod

511 1274 674 1331 homo
709 1276 886 1336 factus
925 1283 1017 1349 sit,
1050 1285 1188 1342 illud
1221 1288 1442 1345 demum
1480 1291 1661 1350 doceri
1693 1296 1882 1356 ﬁdeles
1927 1274 2097 1374 opor-

510 1367 680 1433 tebat,
724 1367 892 1425 Deum
954 1390 1177 1447 quoque
1228 1395 1352 1436 esse
1410 1387 1716 1442 secundum
1777 1400 2090 1452 naturam:

508 1458 745 1531 ideoque
793 1462 1004 1521 divinis
1056 1470 1241 1539 potius
1295 1473 1364 1529 de
1412 1490 1478 1530 eo
1529 1482 1887 1541 sermonibus
1926 1502 2091 1558 quam

506 1549 635 1605 aliis
663 1552 988 1612 oblectatur.
1031 1558 1202 1616 Miror
1237 1572 1423 1620 autem
1468 1584 1579 1638 quo
1610 1581 1771 1641 pacto
1799 1590 1912 1632 non
1942 1549 2092 1636 ἐι-ιι-

503 1640 716 1708 bescat,
745 1645 937 1705 dicens
962 1651 1131 1722 quod,
1164 1669 1290 1710 cum
1323 1658 1444 1715 sola
1488 1661 1832 1736 homogenea
1867 1684 2093 1742 compa-

504 1734 777 1792 rationem
811 1738 959 1796 inter
993 1757 1054 1799 se
1098 1749 1430 1818 suscipiant,
1456 1753 1610 1823 ipsos
1654 1734 1819 1815 lateri
1858 1777 2091 1822 necesse

503 1823 577 1877 sit
624 1824 849 1883 Patrem
895 1832 1174 1905 Unigeniti
1230 1838 1437 1899 deitate
1477 1847 1742 1918 majorem
1787 1854 2084 1914 exsistere.

501 1914 626 1970 Non
657 1922 826 1977 sentit
848 1924 1021 1991 enim,
1056 1938 1115 1985 ut
1142 1932 1380 2003 videtur,
1418 1953 1518 1994 sua
1553 1955 1613 1996 se
1652 1944 1819 1998 verba
1869 1961 2088 2008 armare

504 2007 560 2062 in
604 2012 871 2097 seipsum.
896 2016 1252 2092 Respondeat
1279 2029 1424 2085 enim
1455 2035 1808 2092 commodum
1840 2039 1893 2096 id
1926 2007 2087 2102 nobis

501 2102 921 2167 sciscitantibus
947 2130 962 2168 :
993 2113 1109 2172 Illa:
1149 2118 1618 2195 homogeneorum
1647 2131 1794 2187 inter
1825 2149 1886 2190 se
1927 2151 2086 2193 com-

495 2573 550 2619 et
582 2582 693 2623 non
731 2572 1068 2633 inexsistunt
1100 2581 1288 2650 justas
1323 2587 1394 2641 ob
1433 2592 1668 2646 causas?
1693 2592 1858 2652 Verbi
1903 2601 2081 2670 gratia

496 2659 663 2727 (idem
702 2666 847 2720 enim
900 2675 1210 2742 exemplum
1272 2676 1496 2736 atteram
1535 2687 1685 2753 quod
1739 2688 1859 2759 ipse
1903 2659 2080 2751 nobis

494 2756 768 2828 protulit),
793 2759 839 2815 si
869 2763 996 2832 quis
1019 2764 1307 2824 hominem
1334 2772 1545 2830 homini
1577 2756 1908 2850 comparare
1925 2787 2075 2854 velit,

493 2846 561 2900 ad
598 2862 761 2905 unam
792 2860 855 2908 et
876 2868 1229 2916 communem
1265 2846 1775 2945 substantiam
1806 2877 2078 2936 rationein

492 2938 822 3009 respiciens,
865 2945 1074 3001 nullam
1125 2949 1182 3004 in
1234 2960 1469 3026 utroque
1522 2938 1762 3031 reperiet
1813 2966 2080 3025 differen-

493 3030 648 3086 tiam.
671 3032 784 3090 Nec
820 3039 969 3093 enim
1010 3040 1178 3099 homo
1206 3045 1391 3103 dill‘ert
1425 3051 1495 3106 ab
1528 3030 1773 3123 homine,
1800 3070 2076 3132 quatenus

2202 566 2528 638 ἀνθρώπων,
2568 571 2690 625 οὐδὲ
2735 573 2802 626 δι’
2839 575 3154 648 ἀνθρώπου,
3208 584 3384 638 καίτοι
3434 601 3777 662 προκεχειρι-

2204 660 2402 730 σμένος
2451 664 2533 726 είς
2572 663 2879 738 ἀποστολὴν
2918 668 3007 723 διὰ
3065 671 3242 743 Ἰησοῦ
3298 677 3575 747 Χριστοῦς
3618 660 3778 737 Τίῖδέ

2200 750 2335 815 ὅλως
2400 752 2565 808 αὐτὸν
2607 756 2708 809 οὐκ
2763 757 2961 814 εἰδέναι
3006 761 3149 816 κατὰ
3200 766 3380 838 σάρκα
3417 771 3621 841 φησίν;
3654 769 3775 846 Ἆρ’

2199 837 2314 909 οὖν,
2364 844 2489 898 εἰπέ
2521 863 2633 916 μοι,
2670 847 2761 901 τὸν
2787 850 3135 922 ἀγοράσαντα
3165 837 3336 929 αὐτὴν
3368 837 3650 935 Δεσπότην
3679 837 3778 938 ἠρ-

2199 935 2432 1006 νήσατο;
2472 938 2548 1010 μὴ
2578 938 2788 1008 γένοιτο
2809 957 2821 971 ’
2851 948 3069 1016 φρονεῖν
3093 947 3202 1020 γὰρ
3251 949 3447 1025 ὀρθῶς.
3492 935 3779 1011 Τετελείω-

2201 1028 2363 1099 μένου
2375 1030 2484 1102 γὰρ
2529 1031 2631 1103 ήδη
2675 1034 2768 1087 καὶ
2788 1036 2868 1099 είς
2894 1036 3067 1109 πέρας
3091 1040 3318 1111 ἥκοντος
3347 1044 3442 1098 τοῦ
3471 1046 3662 1119 καιροῦ
3689 1050 3779 1103 ἐπὶ

2197 1122 2297 1192 τῆς
2328 1124 2627 1196 νοουμένης
2657 1125 2734 1197 τῷ
2772 1128 3082 1199 Μονογενεῒ
3116 1134 3419 1203 κενώσεως,
3446 1140 3566 1212 ήτοι
3589 1159 3778 1197 ταπει-

2198 1212 2439 1291 νώσεωί,
2481 1217 2581 1271 οὐκ
2611 1218 2669 1285 ἐξ
2718 1212 2794 1273 ὧν
2833 1222 3027 1294 ὁρᾶται
3064 1231 3463 1299 κεκενωμένος,
3493 1233 3690 1303 μᾶλλον
3720 1235 3775 1289 δὲ

2196 1304 2257 1370 ἐξ
2277 1299 2489 1361 ὧν-ἐστι
2520 1311 2661 1364 κατά
2699 1311 2859 1382 φύσιν
2903 1315 3057 1386 Θεὸς,
3089 1319 3474 1392 διακηρύττειν
3495 1299 3583 1378 -τε
3618 1326 3777 1381 αὐτον

2195 1400 2291 1453 καὶ
2312 1402 2695 1470 ἐπιγινώσκειν
2742 1408 3039 1478 ἐπείγεταιδ
3095 1414 3439 1481 Γνωσθέντος
3484 1420 3591 1492 γὰρ
3632 1421 3776 1490 ἅπαξ

2195 1491 2291 1545 καὶ
2312 1494 2745 1580 παραδεχᾼθέντος
2778 1499 2872 1553 τοῦ
2913 1500 2994 1555 ὅτι
3037 1502 3262 1572 γέγονεν
3309 1491 3616 1580 ἄνθρωπος,
3670 1511 3776 1566 ἔδει

2193 1581 2379 1639 λοιπὸν
2425 1578 2602 1641 ἐκεῖνο
2651 1588 3000 1653 διδάσκεσθαι
3031 1595 3160 1660 τοὺς
3196 1578 3648 1665 πεπιστευκότας,
3695 1604 3775 1659 ὅτι

2194 1675 2289 1729 καὶ
2338 1674 2470 1741 Θεὸς
2512 1678 2652 1732 κατά
2709 1680 2872 1749 φύσιν
2914 1683 3099 1749 ἐστὶν,
3126 1684 3215 1740 ὁἘά
3252 1687 3411 1743 τοῦτο
3440 1691 3638 1761 μᾶλλον
3666 1697 3775 1758 τοῖς

2195 1765 2528 1838 θεοπρεπέσι
2552 1771 2681 1843 περὶ
2703 1772 2870 1827 αὐτοῦ
2892 1773 3098 1843 λόγοις.
3120 1776 3155 1848 ἤ
3189 1780 3304 1843 τοῖς
3349 1781 3557 1853 ἑτέροις
3588 1785 3776 1856 ἐφήδε-

2193 1875 2304 1915 ται.
2343 1858 2621 1933 Θαυμάζω
2659 1862 2717 1916 δὲ
2773 1864 2922 1931 ὅπως
2976 1867 3076 1922 οὐκ
3134 1870 3384 1943 ἐρυθριᾷ,
3443 1873 3639 1943 λέγων,
3700 1877 3775 1944 ὡς

2190 1950 2421 2023 ἐπείπερ
2445 1953 2581 2024 μόνα
2607 1953 2675 2010 τὰ
2704 1956 2941 2030 ὁμογενῆ
2966 1959 3063 2031 τὴν
3085 1960 3224 2030 πρὸς
3252 1963 3459 2034 ἄλληλα
3486 1967 3773 2040 σύγκρισιν

2190 2042 2522 2114 ἐπιδέχεται,
2544 2045 2759 2119 ἀνάγκη
2791 2048 2991 2114 αὐτοὺς
3022 2051 3377 2125 ὁμολογῆσαι,
3421 2057 3557 2112 δτιὸ
3584 2060 3774 2132 Πατὴρ

2191 2133 2396 2205 μείζων
2433 2137 2535 2209 τῆς
2576 2139 2671 2193 τοῦ
2697 2140 3037 2209 Μονογενοῦς
3069 2141 3325 2217 θεότητος
3371 2148 3628 2221 ὑπάρχει.
3658 2154 3772 2207 Θύκ

2059 2262 2086 2274 -
2189 2225 2504 2282 αἰσθάνεται
2521 2229 2652 2302 γὰρ,
2681 2231 2757 2296 ὡς
2789 2232 2959 2298 εἰκὸς,
2981 2234 3074 2289 τὸν
3102 2237 3303 2293 οἰκεῖον
3340 2240 3520 2314 ἐαυτῷ
3559 2243 3773 2311 ἐξοπλί-

2189 2335 2289 2382 σας
2316 2320 2494 2389 λόγον.
2526 2322 2748 2391 Λεγέτω
2777 2322 2885 2396 γὰρ
2926 2327 3061 2397 ἡμῖν
3108 2329 3286 2383 ἐκεῖνο
3313 2334 3600 2406 χρησίμως
3648 2337 3771 2410 ἐρέ-

2059 2447 2085 2459 -
2188 2409 2314 2464 σθαι
2366 2410 2748 2483 βουλομένοις·
2797 2415 2863 2467 Αἱ
2904 2415 3041 2488 πρὸς
3089 2416 3296 2490 ἄλληλα
3355 2421 3463 2476 τῶν
3513 2409 3773 2492 ὁμοειδῶν

2188 2501 2503 2571 συγκρίσεις
2546 2502 2652 2555 διπὸ
2710 2502 2880 2557 ποίων
2941 2503 3140 2575 μᾶλλον
3186 2509 3516 2565 ἐπιτελοῖντο
3550 2530 3773 2583 πρεπω-

2183 2591 2471 2664 δέστερον;
2507 2589 2634 2666 'Ap‘
2670 2595 2727 2661 ἐξ
2753 2587 2827 2648 ὧν
2860 2597 2989 2662 είσι,
3023 2599 3163 2654 κατά
3206 2618 3270 2670 γε
3307 2601 3397 2655 τὸν
3419 2604 3519 2673 τῆς
3550 2604 3769 2674 φύσεως

2183 2682 2362 2736 κοινὸν
2394 2682 2572 2753 λόγον,
2595 2685 2627 2757 ἢ
2653 2685 2711 2753 ἐξ
2759 2679 2834 2741 ὧν
2865 2687 3096 2744 ἕκαστον
3135 2690 3248 2762 ἔχει
3281 2693 3391 2746 τῶν
3413 2695 3513 2748 ὅσα
3534 2698 3771 2766 προσγί-

2182 2776 2331 2830 νεται
2374 2794 2435 2829 τε
2487 2778 2580 2831 καὶ
2639 2779 2996 2848 ἀπογίνεται,
3061 2783 3356 2855 ἐνυπάρχει
3416 2801 3475 2838 τε
3525 2786 3619 2840 καὶ
3666 2790 3772 2843 οὐκ

2181 2866 2503 2938 ἐνυπάρχει,
2527 2867 2596 2922 δι’
2628 2869 2810 2933 αίτίας
2856 2870 3151 2940 εὐλόγουςς
3188 2868 3313 2927 Οῒον
3348 2875 3407 2929 δέ
3454 2875 3517 2946 δή
3548 2876 3604 2930 τί
3624 2895 3769 2949 φημι

2182 2960 2530 3032 (παραθήσω
2581 2960 2690 3033 γὰρ
2753 2963 2931 3017 ἐκεῖνο
2980 2962 3161 3019 λαϐὼν
3211 2966 3349 3038 ὅπερ
3408 2969 3571 3035 αὐτὸς
3630 2974 3765 3043 ήμῖν

2181 3053 2562 3124 είσκεκόμικεν
2613 3054 2693 3117 εἰς
2752 3053 3197 3127 παραδείγματος
3247 3057 3444 3130 λόγον),
3476 3061 3640 3125 εἴτις
3671 3064 3768 3116 ἀν-

490 3132 575 3178 est
619 3126 826 3182 animal
864 3131 1096 3189 rationis
1133 3150 1359 3206 compos
1382 3183 1398 3206 ,
1434 3146 1688 3216 mortale,
1729 3126 2074 3222 intelligendi

2181 3143 2385 3216 θρώπῳ
2416 3145 2507 3199 τὸν
2531 3144 2819 3216 ἄνθρωπον
2870 3126 3125 3219 ἐθελήσαι
3174 3126 3508 3221 συγκρίνειν,
3544 3153 3625 3216 είς
3665 3154 3766 3224 μὲν

489 3221 546 3268 et
574 3217 786 3273 sciendi
819 3236 991 3293 capax
1028 3226 1189 3284 :ha:c
1239 3232 1386 3287 enim
1433 3235 1489 3289 in
1526 3240 1788 3298 omnibus
1836 3260 1945 3300 una
1988 3255 2077 3303 est

491 3308 668 3377 ipsius
692 3312 1018 3373 substantiae
1038 3319 1316 3391 definitio;
1345 3327 1441 3382 sed
1473 3346 1576 3385 nec
1606 3346 1787 3403 equus
1815 3336 1884 3391 ah
1904 3353 2071 3409 equo,

489 3417 596 3470 qua
627 3403 895 3461 nimirum
924 3417 1010 3465 est
1043 3428 1256 3483 equus;
1287 3418 1382 3474 sed
1419 3420 1699 3480 hominem
1747 3427 1817 3482 ab
1851 3428 2077 3489 homine

487 3494 711 3552 ditl‘erre
733 3497 972 3557 dicimus
1001 3506 1150 3574 quod
1175 3507 1266 3562 hic
1297 3515 1743 3581 grammaticam,
1765 3520 1916 3574 verbi
1950 3537 2075 3592 gra-

489 3587 584 3650 tia,
629 3590 850 3657 calleat,
898 3592 993 3649 ille
1043 3612 1156 3653 non
1210 3600 1362 3662 item,
1397 3612 1493 3657 aut
1550 3607 1731 3665 modis
1792 3587 2074 3683 aliquibus

487 3681 631 3737 aliis.
663 3684 829 3755 Atqui
869 3684 984 3743 haec
1019 3704 1130 3745 non
1161 3694 1439 3765 attingunt
1469 3698 1857 3769 substantiam,
1882 3681 2070 3767 verum

484 3771 648 3825 aliam
681 3774 866 3843 potius
902 3792 1130 3835 causam
1162 3793 1325 3838 nacta
1357 3784 1643 3843 videnlur.
1670 3789 1774 3846 Sed
1807 3800 1862 3848 et
1892 3811 2069 3865 equus

480 3878 627 3932 equo
654 3866 896 3923 velocior
924 3880 1029 3937 est,
1062 3880 1157 3927 aut
1191 3889 1427 3945 corpore
1476 3880 1678 3948 minor,
1721 3891 1816 3941 aut
1851 3888 2066 3959 major;

481 3966 861 4016 verumtamen
912 3963 1029 4020 haec
1068 3963 1122 4019 in
1177 3968 1396 4025 ratione
1425 3971 1756 4033 substantiae
1788 3978 1896 4034 sita
1944 3997 2070 4040 esse

480 4062 591 4102 non
627 4054 1052 4121 comperiemus.
1075 4057 1299 4129 Alioqui
1331 4062 1477 4117 enim
1511 4080 1633 4134 qua:
1664 4066 1809 4123 inter
1842 4085 1904 4126 se
1932 4087 2069 4128 con-

481 4137 735 4195 feruntur
766 4145 923 4200 nullo
945 4149 1110 4206 modo
1146 4150 1383 4209 invicem
1435 4155 1742 4215 differrent.
1775 4160 2066 4228 Quomodo

476 4234 624 4288 enim
666 4234 853 4301 homo,
890 4239 1042 4295 verbi
1072 4243 1271 4311 gratia,
1304 4246 1485 4302 minor
1513 4260 1608 4306 aut
1638 4252 1813 4324 major
1841 4254 2066 4312 homine

477 4327 585 4381 alio
618 4339 963 4398 censeretur,
995 4334 1051 4388 in
1092 4345 1367 4405 quantum
1411 4352 1542 4397 sunt
1591 4344 1887 4402 homines?
1915 4347 2064 4414 Qua-

476 4428 702 4490 pr0pter
741 4423 795 4477 in
832 4425 1092 4483 omnibus
1130 4428 1488 4501 homogeneis
1517 4436 1751 4505 aequalia
1788 4447 1923 4494 sunt
1967 4456 2065 4495 na—

2180 3237 2273 3291 τὺν
2299 3237 2395 3291 ἕνα
2427 3235 2523 3290 καὶ
2585 3237 2763 3291 κοινὸν
2812 3237 2914 3309 τῆς
2977 3240 3166 3305 οὐσίας
3224 3242 3539 3313 ἀποϐλέψας
3584 3244 3762 3314 λόγον,

2179 3328 2438 3398 οὐδεμίαν
2471 3326 2558 3381 ἐπ’
2600 3329 2804 3398 ἀμφοῖν
2856 3328 3008 3400 εὖροι
3041 3331 3325 3403 διαφοράν.
3357 3335 3495 3389 Οὐδὲ
3533 3337 3644 3409 γὰρ
3669 3338 3765 3391 ἄν·

2179 3416 2394 3491 θρωπος
2427 3417 2712 3488 ἀνθρώπου
2738 3418 2927 3474 διοίσει
2965 3422 3099 3476 ποτέ
3126 3426 3266 3480 κατά
3287 3443 3350 3495 γε
3374 3427 3437 3481 τὸ
3461 3422 3599 3483 εἶναι
3624 3428 3764 3493 ζῶον

2176 3509 2412 3579 λογικὸν,
2443 3510 2657 3582 θνητὸν,
2691 3510 2782 3565 νοῦ
2825 3512 2919 3565 καὶ
2951 3514 3263 3587 ἐπιστήμης
3295 3516 3566 3576 δεκτικόν.
3595 3516 3764 3585 Οὗτος

2176 3602 2286 3674 γὰρ
2327 3605 2385 3656 ἐν
2422 3601 2624 3657 ἅπασιν
2669 3597 2751 3668 εἷς
2795 3622 2854 3658 τε
2898 3608 2999 3677 τῆς
3027 3607 3215 3672 οὐσίας
3244 3611 3415 3682 αὐτῆς
3461 3612 3606 3683 ὄρος·
3645 3614 3760 3667 ἀλλ’

2174 3693 2283 3746 οὐδ’
2315 3693 2479 3758 ίππος
2511 3693 2702 3760 ἵππου,
2732 3697 2851 3748 κατ’
2883 3696 3014 3750 αὐτό
3041 3714 3105 3765 γε
3130 3699 3292 3753 τοῦτο
3322 3700 3384 3754 τὸ
3421 3701 3589 3768 ἵππος
3620 3700 3761 3760 εἶναί

2175 3803 2338 3857 φημι.
2372 3787 2663 3859 Διαφέρειν
2699 3785 2757 3841 δὲ
2800 3788 3084 3859 ἄνθρωπον
3129 3789 3417 3861 ἀνθρώπου
3445 3832 3461 3855 ,
3513 3793 3641 3848 καθ’
3666 3797 3760 3867 ἣν·

2172 3894 2295 3933 τινα
2332 3873 2425 3932 οὖν
2454 3878 2786 3950 ἐπιστήμην,
2808 3872 2920 3933 οἷον
2946 3882 3363 3954 γραμματικήν,
3413 3883 3452 3955 ῆ
3494 3885 3590 3939 καὶ
3638 3887 3759 3941 καθ’

2172 3970 2394 4042 ἐτέρους
2420 3970 2574 4036 τινὰς
2603 3972 2907 4026 τοιουτουσὶ
2950 3974 3209 4044 τρόπους.
3264 3976 3423 4032 Ἀλλά
3458 3978 3633 4033 ταῦτα
3663 3982 3762 4051 μὲν

2169 4061 2269 4131 οὐχ
2290 4058 2489 4129 ἅψεται
2520 4060 2621 4132 τῆς
2646 4059 2855 4126 οὐσίας,
2896 4060 3077 4115 αἰτίαν
3101 4062 3159 4117 δὲ
3211 4064 3412 4134 μᾶλλον
3441 4067 3636 4138 ἑτέραν
3658 4069 3761 4124 λα-

2170 4152 2332 4223 χόντα
2358 4151 2633 4222 φαίνεται.
2676 4152 2835 4206 Ἀλλά
2863 4153 2959 4206 καὶ
3012 4154 3179 4219 ἵππος
3216 4156 3316 4226 μὲν
3342 4156 3510 4211 ἵππου
3569 4157 3762 4230 δρομι-

2170 4244 2498 4317 κώτερος,ἢ
2539 4242 2681 4299 κατά
2726 4243 2886 4316 σῶμα
2932 4246 3102 4316 μείων
3148 4247 3181 4319 ἢ
3232 4249 3763 4323 περιλιπηθέστερος

2172 4335 2285 4409 [γρ.
2314 4335 2811 4409 περιλιπέστερος],
2841 4336 2982 4408 πλὴν
3002 4337 3099 4409 τὴν
3117 4339 3175 4393 ἐν
3200 4338 3414 4406 τούτοις
3441 4341 3762 4407 πλεονεξίαν

2168 4426 2287 4497 ἦτοι
2317 4427 2418 4496 τὴν
2449 4425 2744 4480 ἐλάττωσιν
2769 4428 2869 4480 οὐκ
2903 4430 2962 4481 ἐν
3000 4428 3112 4500 ὅρῳ
3141 4431 3401 4502 κειμένην
3429 4431 3506 4504 τῷ
3534 4431 3642 4503 τῆς
3664 4434 3764 4487 οὐ-

477 4512 712 4579 turalia;
752 4512 973 4571 diversa
1023 4528 1205 4572 autem
1260 4522 1620 4592 reperiuntur
1674 4541 1798 4595 quae
1852 4526 2062 4585 inexsi-

2177 4518 2289 4582 σίας
2332 4519 2667 4590 εὑρήσομεν·
2704 4519 2738 4592 ἢ
2773 4520 2882 4593 γάρ
2922 4520 2990 4575 ἂν
3034 4498 3155 4576 κατ’
3195 4498 3366 4577 οὐδὲν-
3392 4498 3642 4594 ἀλλήλων
3676 4526 3763 4579 δι-

476 4614 649 4668 stunt,
674 4615 734 4664 et
756 4608 1063 4664 secundum
1088 4611 1396 4668 accidentis
1418 4615 1688 4671 rationem
1714 4617 2063 4676 extrinsecus

472 4695 797 4751 adveniunt.
832 4698 1028 4770 Igitur,
1064 4705 1199 4755 cum‘
1242 4701 1397 4773 juxta
1445 4704 1595 4761 illius
1625 4707 2058 4778 prapositionem

470 4796 567 4840 aut
614 4789 946 4843 sententiam
986 4790 1140 4862 (huic
1177 4794 1326 4848 enim
1361 4794 1665 4867 insistam),
1710 4799 1829 4854 sola
1864 4798 2058 4855 homo-

471 4893 641 4949 gcnea
670 4882 1145 4951 comparationem
1180 4884 1323 4939 inter
1358 4901 1418 4941 se
1448 4888 1674 4958 proprie
1718 4888 2053 4959 suscipiant,

469 4968 708 5037 primum
765 4970 1004 5027 fateatur
1034 4973 1238 5030 Filium
1275 4976 1525 5047 ejusdem
1574 4995 1701 5036 esse
1729 4996 1856 5036 cum
1896 4979 2058 5040 Patre

467 5062 705 5131 generis,
732 5063 787 5118 id
822 5072 910 5120 est
941 5067 1472 5125 consubstantialem
1504 5071 1610 5141 (sic
1640 5072 1787 5128 enim
1823 5074 2054 5146 capien-

466 5158 596 5212 dnm
648 5167 733 5214 est
787 5160 1189 5231 homogeneum
1226 5181 1239 5217 :
1282 5163 1563 5222 hominem
1632 5168 1778 5224 enim
1844 5169 2053 5228 homini

463 5250 781 5319 comparari
809 5249 1012 5306 debere
1043 5251 1228 5310 fassus
1256 5262 1361 5320 est,
1385 5265 1439 5312 et
1467 5272 1670 5328 equum
1702 5260 1890 5331 equo),
1916 5278 2053 5318 can-

464 5357 695 5414 samque
739 5341 962 5399 tandem
1001 5344 1219 5409 doceat,
1244 5347 1317 5403 oh
1352 5364 1518 5419 quam
1552 5348 1744 5414 Filius,
1779 5353 1874 5424 qui
1918 5369 2043 5410 cum

465 5430 576 5488 Deo
630 5448 696 5488 ac
751 5432 914 5489 Patre
959 5444 1338 5507 comparatur,
1379 5447 1572 5510 utpote
1618 5441 1865 5512 ejusdem
1917 5461 2043 5500 cum

462 5521 585 5592 ipso
636 5526 878 5595 generis,
907 5525 1091 5596 aliqua
1144 5542 1212 5582 ex
1261 5540 1419 5600 parte
1450 5534 1632 5589 minor
1666 5536 1757 5591 sit.
1806 5534 2040 5593 Ubinam

461 5623 642 5671 autem
674 5617 941 5674 minorem
980 5633 1106 5677 esse
1135 5624 1560 5693 comperiemus,
1589 5642 1714 5681 cum
1758 5626 1813 5683 in
1852 5629 2044 5684 homo-

461 5708 650 5776 gcneis
684 5724 791 5763 una
815 5709 889 5766 sit
918 5710 1172 5770 deﬁnitio
1197 5714 1564 5773 substantiae?
1582 5716 1741 5773 Ratio
1768 5718 1915 5774 enim
1947 5734 2047 5774 cu.-

458 5799 660 5870 jusqne
690 5803 1015 5863 substantia
1055 5807 1112 5864 in
1150 5809 1483 5881 quibusdam
1527 5810 1801 5883 perfecta,
1830 5810 1885 5868 in
1921 5810 2052 5868 aliis

2160 4613 2357 4683 ήνεγκε
2375 4612 2444 4665 τὰ
2465 4613 2545 4676 είς
2565 4612 2851 4685 σύγκρισιν
2872 4613 3233 4670 ἀναϐαίνοντα
3248 4616 3346 4688 τὴν
3369 4617 3501 4687 πρὸς
3521 4617 3758 4689 ἄλληλα.

2158 4705 2345 4759 Μείων
2383 4705 2492 4777 γὰρ
2515 4704 2801 4778 ἄνθρωπος
2828 4705 3120 4778 ἀνθρώπου
3162 4710 3324 4779 τυχὸν
3349 4710 3516 4780 ήγουν
3541 4710 3604 4763 τὸ
3633 4715 3762 4779 μεῖ-

2158 4797 2250 4863 ζον
2275 4797 2436 4868 ἔχων,
2482 4798 2727 4871 καθόπερ
2786 4800 2924 4853 εἰσὶν
2981 4799 3284 4872 ἄνθρωποι,
3332 4802 3452 4867 πῶς
3502 4801 3571 4856 ἂν
3611 4804 3762 4870 ὅλως

2157 4892 2330 4944 νοοῖτο
2361 4891 2456 4944 καὶ
2488 4891 2701 4959 λέγοιτο
2724 4909 2739 4957 ;
2766 4890 2999 4960 οὐκοῦν,
3039 4894 3097 4945 ἐν
3140 4892 3242 4964 ἴσῳ
3270 4893 3454 4966 μέτρῳ
3481 4897 3613 4949 πᾶσι
3637 4899 3764 4960 τοῖς

2153 4983 2423 5054 ὁμοειδέσι
2448 4983 2519 5037 τὰ
2547 4985 2771 5053 φυσικὰ,
2811 4984 3048 5058 διάφορα
3081 4986 3137 5040 δὲ
3162 4986 3231 5042 τά
3254 4987 3443 5041 ἐνόντα
3473 4987 3759 5056 φαίνεται,

2152 5076 2248 5130 καὶ
2300 5075 2444 5129 κατά
2492 5074 2588 5129 τὸν
2638 5073 2734 5129 τοῦ
2770 5075 3183 5149 συμϐεϐηκότος
3226 5076 3427 5145 ἔξωθεν
3447 5077 3762 5147 ὲγκείμενα

2151 5167 2329 5236 λόγον.
2363 5166 2596 5233 Οὐκοῦν,
2620 5167 2919 5241 ἐπειδήπερ
2945 5169 3087 5225 κατὰ
3116 5170 3215 5241 τὴν
3234 5168 3445 5225 ἐκείνου
3478 5170 3761 5243 πρότασιν

2149 5259 2270 5331 ἦτοι
2293 5259 2477 5330 φωνὴν
2508 5259 2842 5333 (ἀνθέξομαι
2867 5261 2980 5335 γὰρ
3007 5261 3202 5335 αὐτῆς)
3232 5261 3371 5334 μόνα
3400 5261 3471 5316 τά
3502 5264 3758 5335 ὁμογενῆ

2153 5352 2251 5424 τὴν
2272 5352 2409 5425 πρὸς
2450 5352 2653 5423 ἄλληλα
2714 5355 3002 5429 σύγκρισιν
3035 5355 3368 5427 οἰκειότερον
3407 5356 3753 5423 ἐπιδέξεται,

2152 5442 2487 5515 ὁμολογείτω
2544 5432 2762 5515 πρῶτον
2809 5444 2887 5508 ὡς
2944 5446 3216 5518 ὁμογενής
3266 5447 3414 5499 ἐστιν
3445 5448 3474 5501 ὁ
3514 5446 3644 5511 Υἱὸς
3666 5447 3783 5530 τῷ.

2155 5533 2350 5605 Πατρὶ,
2383 5531 2528 5587 τοῦτ’
2552 5532 2718 5597 ἐστιν,
2750 5534 3036 5606 ὁμοούσιος
3057 5532 3081 5566 ’⁷
3106 5533 3250 5589 οὕτω
3281 5533 3391 5606 γὰρ
3433 5535 3656 5608 νοήσεις
3684 5537 3759 5591 τὸ

2153 5625 2443 5697 ὁμογενές·
2503 5624 2790 5697 ἄνθρωπον
2842 5624 2952 5698 γὰρ
3015 5623 3292 5697 ἀνθρώπῳ
3348 5625 3758 5696 συγκρίνεσθαι

2153 5715 2262 5769 δεῖν
2282 5715 2626 5786 ἐδοκίμασεν,
2658 5715 2794 5770 ἀλλὰ
2813 5717 2908 5771 καὶ
2921 5715 3088 5771 ἵππον
3109 5716 3303 5788 ἵππῳ)⁶
3329 5717 3423 5771 καὶ
3440 5717 3763 5772 διδασκέτω

2152 5807 2337 5863 λοιπὸν
2375 5807 2472 5881 τὴν
2519 5807 2699 5863 αίτίαν
2730 5806 2795 5863 δι’
2831 5807 2898 5880 ἢν
2936 5809 2964 5863 ό
2992 5808 3070 5880 τῷ
3113 5809 3233 5881 Θεῷ
3262 5810 3356 5864 καὶ
3384 5810 3569 5883 lianc?
3607 5825 3763 5881 συγ-
