4006 6418
229 389 340 445 ω]

1279 382 1375 458 ἸΝ
1403 381 1686 438 JOANNIS
1725 380 2169 440 EVANGELIUM
2209 378 2334 437 LIB.
2375 380 2446 435 Χ.

3396 385 3505 441 3‘22

236 505 571 576 κρινόμενος
612 501 760 566 Υἱὸς,
816 502 890 567 ᾡς
937 499 1201 571 ὁμογενὴς
1243 499 1416 570 αὐτῷ,
1460 500 1558 570 τὴν
1599 501 1738 554 κατά
1774 517 1827 553 τι

1935 498 2247 569 imperfecta
2281 514 2389 551 non
2437 495 2706 557 cernitur,
2736 493 2830 550 sed
2875 509 2981 547 una
3009 501 3062 549 et
3095 495 3324 564 aequatis
3352 499 3505 552 vide-

234 596 377 664 γοῠν
400 594 696 648 ἐλάττωσιν
725 593 858 662 ἔχει.
918 591 1028 644 Ποῦ
1082 591 1138 643 δὲ
1198 592 1264 643 τὸ
1309 594 1459 662 μεῖον
1497 592 1825 662 εὑρήσομεν,

233 688 330 740 ὅτε
361 690 477 750 τοῖς
509 686 824 756 ὁμογενέσιν
859 678 937 748 εἷς
968 683 1034 738 ἂν
1059 683 1291 754 ὑπάρχοι
1320 687 1419 753 τῆς
1449 684 1638 748 οὐσίας
1669 685 1824 755 ὅρος;

249 778 536 846 Ἑκάστης
565 776 673 847 γὰρ
699 776 886 838 οὐσίας
921 776 949 827 ὁ
987 777 1114 846 περὶ
1139 777 1309 846 αὐτῆς
1336 774 1494 842 λόγος
1535 775 1597 826 οὑ
1628 775 1829 838 τέλειος

244 872 345 940 μὲν
374 871 436 923 ἐν
466 888 630 933 τισιν,
684 870 878 940 ἀτελὴς
910 869 966 922 δὲ
1017 873 1074 923 ὲν
1115 871 1287 941 ἑτέρῳ
1315 869 1586 938 φαίνεται,
1616 870 1730 924 ἀλλ’
1749 865 1830 934 εἷς

243 961 338 1012 καὶ
372 961 491 1022 ἶσος
512 960 607 1012 ἐπὶ
631 959 850 1013 πάντων
884 959 1136 1029 φαίνεται
1161 977 1173 990 ·
1213 960 1390 1024 αἰτίας
1421 977 1485 1029 γε
1511 961 1618 1030 μὴν
1638 961 1829 1031 ἑτέρας

243 1053 394 1120 ἔχειν
423 1051 737 1122 φαμὲν,τῶν
757 1051 1184 1122 συμϐεὗηκότων
1230 1053 1484 1116 ἕκαστον,
1518 1054 1636 1124 ἦτοι
1661 1071 1832 1125 προσ-

242 1141 557 1210 γεγονότων
581 1140 701 1194 καθ’
727 1140 1057 1211 όνδηποτοῦν
1081 1141 1302 1211 τρόπον.
1331 1142 1472 1194 Αὐτὸ
1503 1142 1562 1194 δὲ
1583 1143 1646 1208 δὴ
1669 1143 1831 1196 πάλιν

241 1232 393 1303 ὑπὲρ
421 1231 724 1301 σαφηνείας
741 1231 850 1284 τῶν
874 1231 1179 1302 εἰρημένων
1207 1231 1268 1284 τὸ
1294 1231 1354 1295 ἐξ
1378 1233 1554 1302 ἀρχῆς
1585 1235 1830 1304 παροίσω

241 1325 627 1396 παράδειγμα.
665 1325 990 1395 Ἀνθρωπος
1039 1324 1136 1394 μὲν
1169 1323 1456 1395 ἀνθρώπου
1500 1325 1686 1379 διοίσει
1733 1327 1830 1393 μὲν

241 1416 386 1480 ὅλως
415 1416 589 1478 οὐδὲν,
652 1415 898 1486 καθάπερ
942 1416 1080 1467 εἰσὶν
1118 1413 1396 1485 ἄνθρωποι
1430 1417 1589 1486 τυχόν
1609 1433 1622 1445 ·
1657 1417 1772 1470 ἀλλ’
1805 1420 1832 1470 ὁ

246 1509 351 1574 μέν
375 1509 462 1572 τίς
526 1509 675 1560 ἐστιν
724 1507 975 1577 εὐσεϐὴς,
1021 1508 1051 1558 ὁ
1098 1505 1154 1558 δὲ
1197 1508 1484 1572 κακόνους,
1537 1509 1634 1561 καὶ
1680 1509 1831 1579 ὁμὲν

241 1598 487 1668 ἀσθενὴς
518 1599 612 1674 καὶ
633 1597 1009 1669 λελωϐημένος
1047 1598 1108 1650 τὸ
1149 1597 1326 1667 σῶμα,
1359 1598 1498 1661 σῶος
1533 1599 1589 1652 δὲ
1629 1601 1722 1652 καὶ
1739 1600 1831 1652 εῠ-

241 1707 461 1758 ρωστος
481 1691 690 1761 ἕτερος,
717 1692 812 1744 καὶ
846 1693 874 1743 ὁ
907 1691 1007 1761 μέν
1050 1707 1132 1754 τις
1159 1689 1448 1760 βάσκανος,
1473 1693 1500 1744 ὁ
1526 1691 1584 1744 δὲ
1607 1690 1829 1760 ἁγαθός.

252 1781 404 1834 Ἀλλ’
456 1783 587 1836 ὅταν
638 1799 721 1845 τις
769 1783 976 1836 τούτων
1019 1783 1119 1846 τὰς
1149 1782 1329 1845 αἰτίας
1381 1783 1624 1852 ἀκριϐῶς
1658 1801 1833 1837 κατα-

1929 595 2020 640 tur
2050 589 2103 640 in
2135 587 2397 640 omnibus
2436 603 2448 639 :
2483 599 2684 638 causas
2724 592 2906 638 tamen
2957 584 3093 639 alias
3135 587 3507 655 contingenti-

1930 677 2050 740 bus,
2079 685 2175 731 aut
2211 677 2278 730 iis
2312 691 2434 746 quae
2464 676 2664 746 quovis
2693 673 2855 728 modo
2887 674 3170 739 accidunt,
3200 692 3324 731 esse
3365 677 3507 730 dici-

1930 784 2075 823 mus.
2119 767 2277 833 Quod
2336 777 2393 822 ut
2441 775 2648 832 pateat,
2683 776 2807 821 utar
2842 767 3094 836 exemplo
3150 766 3259 837 jam
3317 769 3504 824 allato.

1930 859 2107 914 Homo
2151 859 2300 914 enim
2370 860 2439 913 ab
2492 860 2713 914 homine
2762 859 2915 913 nullo
2971 860 3138 914 modo
3189 860 3393 925 diﬂert,
3452 863 3505 915 iu

1931 961 2196 1022 quantum
2230 961 2359 1006 sunt
2399 953 2653 1006 homines
2685 971 2698 1005 :
2735 951 2828 1006 sed
2872 951 2963 1005 hic
2993 953 3212 1020 quidem
3243 961 3328 1008 est
3359 953 3503 1023 pius,

1931 1045 2024 1098 ille
2082 1058 2354 1109 nequam;
2414 1042 2504 1095 hic
2553 1041 2806 1097 inﬁrmus
2857 1056 2920 1096 ac
2977 1057 3211 1112 corpore
3256 1045 3506 1107 mutilus,

1931 1138 2069 1191 alter
2101 1138 2291 1190 lirmus
2341 1149 2405 1188 ac
2438 1149 2638 1200 sanus;
2679 1135 2771 1188 ille
2827 1135 3053 1204 probus,
3085 1136 3173 1189 hic
3211 1138 3504 1208 malignus.

1931 1228 2039 1283 Sed
2093 1227 2138 1283 si
2193 1229 2319 1296 quis
2372 1226 2568 1280 horum
2622 1240 2822 1281 causas
2871 1228 3135 1282 attentius
3183 1227 3506 1296 inspexerit,

1932 1319 2256 1374 substantiae
2279 1316 2499 1388 quidem
2534 1317 2909 1371 deﬁnitionem
2943 1333 3052 1372 non
3089 1319 3386 1386 incusabit,
3413 1322 3510 1376 sed

1932 1411 2181 1482 corporis
2224 1411 2407 1480 potius
2444 1418 2502 1465 et
2539 1411 2709 1465 animi
2751 1409 3135 1466 affectionibus
3187 1427 3390 1467 causas
3424 1423 3510 1466 at-

1932 1503 2155 1558 tribuet.
2187 1501 2324 1556 Cum
2373 1519 2506 1574 ergo
2554 1518 2660 1556 una
2707 1511 3003 1559 censeatur
3048 1512 3105 1559 et.
3154 1504 3226 1558 sit
3261 1497 3514 1561 in'Patre

1933 1608 1997 1647 ac
2046 1593 2182 1648 Filio
2237 1595 2460 1649 deitatis
2519 1595 2794 1659 deﬁnitio,
2850 1603 2945 1649 aut
3011 1597 3514 1667 quomodocunque

1930 1684 2098 1755 850
2127 1700 2245 1739 eam
2274 1687 2525 1741 nomines
2559 1686 2980 1757 (comparantur
3002 1687 3148 1742 enim
3178 1698 3238 1743 ut
3273 1691 3367 1759 qui
3401 1691 3514 1745 sint

1933 1776 2179 1846 ejusdem
2216 1779 2457 1846 generis,
2494 1785 2727 1847 utarque
2763 1793 2956 1833 eorum
2990 1780 3178 1836 verbis
3211 1781 3282 1835 ob
3324 1797 3515 1836 neces-

241 1872 691 1939 σκέπτ-ηται,τὸν
717 1874 816 1943 μὲν
859 1873 957 1942 τῆς
975 1874 1165 1936 αἰτίας
1190 1872 1303 1944 [γρ.
1330 1873 1545 1944 οὐσίας]
1578 1875 1702 1944 ὅρον
1733 1874 1833 1927 οὐκ

1935 1868 2136 1924 sariam
2170 1869 2248 1925 rei
2272 1869 2744 1940 explicationem),
2774 1871 3009 1926 doceant
3033 1871 3221 1929 miseri
3248 1873 3513 1942 quidnam

242 1965 583 2029 αἰτιάσεται,
610 1964 804 2019 πάθεσι
834 1965 891 2018 δὲ
931 1966 1130 2034 μᾶλλον
1174 1967 1506 2034 σωματικοῖς
1537 1966 1703 2035 ἤγουν
1730 1965 1836 2035 ψυ-

239 2057 424 2125 χικοῖς
453 2056 742 2127 ἀνατίθησι
784 2056 882 2121 τὰς
916 2059 1116 2120 αἰτίας.
1164 2057 1313 2120 Ἐνὸς
1357 2057 1645 2128 τοιγαροῦν
1685 2075 1836 2111 νοου-

243 2143 416 2213 μένου
446 2162 507 2198 τε
539 2147 632 2199 καὶ
660 2146 811 2210 ὄντος
858 2147 951 2199 ἐπί
981 2163 1041 2199 τε
1071 2145 1283 2215 Πατρὸς
1312 2146 1406 2199 καὶ
1430 2145 1562 2199 Υἰοῦ
1583 2146 1681 2216 τῆς
1713 2147 1834 2200 θεό-

238 2254 410 2307 τητος
448 2238 602 2308 ὅρου,
652 2237 685 2309 ἦ
729 2238 878 2302 ὅπως
921 2239 986 2292 ἄν
1032 2254 1117 2300 τις
1149 2235 1318 2290 εἰπὼν
1346 2238 1534 2291 οὐκᾶν
1560 2237 1658 2290 τοῦ
1699 2238 1834 2309 πρέ-

239 2345 446 2392 ποντος
489 2328 753 2400 ἑξοίχοιτο
811 2329 1216 2401 (συγκρίνονται
1253 2329 1363 2400 γὰρ
1419 2329 1494 2393 ὼς
1525 2329 1830 2400 ὁμογενεῖς,

236 2419 595 2490 κεχρὴσομαι
617 2420 680 2473 δὲ
712 2417 800 2474 διὰ
830 2421 929 2491 τὴν
962 2421 1211 2494 ἀνάγκην
1237 2421 1333 2475 τοῦ
1358 2420 1710 2492 θεωρήματος
1736 2425 1831 2477 καὶ

237 2514 355 2574 τοῖς
376 2510 554 2564 αὐτοῦ
593 2512 816 2582 λόγοις),
865 2513 1229 2567 διδασκόντων
1278 2515 1327 2566 οἱ
1382 2513 1610 2577 τάλανες
1641 2515 1694 2567 τί
1721 2515 1828 2585 ἄρα

241 2603 534 2672 νομίζουσι
563 2605 983 2676 παρασκευάσαι
1010 2604 1102 2658 τδν
1131 2606 1261 2659 Υἰὸν
1288 2607 1344 2662 ὲν
1369 2608 1651 2660 ἐλάττοσιν
1684 2603 1828 2660 εἶναι

241 2693 335 2746 τοῦ
383 2694 529 2748 Θεοῦ
577 2695 671 2749 καὶ⁵
715 2696 959 2765 Πατρός;
984 2690 1132 2768 Ἀρα
1177 2697 1370 2762 πάθος,
1402 2699 1436 2770 ἢ
1467 2698 1710 2769 ῥᾳθυμία
1735 2701 1829 2752 καὶ

1931 1959 2183 2016 θίῐεςίεεο
2222 1967 2418 2029 putent
2461 1968 2522 2015 ut
2564 1961 2676 2017 Deo
2708 1976 2773 2015 ac
2800 1960 2962 2017 Patre
2996 1963 3179 2017 minor
3212 1964 3286 2020 sit
3310 1963 3516 2020 Filius?

1930 2048 2074 2104 Num
2111 2051 2363 2117 morbus,
2395 2067 2526 2106 num
2577 2052 2843 2123 segnities
2892 2060 2948 2106 et
2989 2068 3334 2124 quaecunque
3367 2055 3516 2108 acci-

1930 2142 2061 2198 dere
2093 2144 2272 2199 solent
2321 2144 2390 2200 iis
2433 2143 2637 2215 quibus
2665 2153 2752 2200 est
2783 2153 2980 2200 natura
3021 2147 3250 2202 creata?
3284 2148 3354 2202 At
3388 2150 3516 2216 quis

1933 2235 2009 2289 ita
2041 2235 2254 2290 delirus
2287 2243 2341 2291 ct
2373 2237 2441 2291 ab
2468 2236 2620 2291 omni
2650 2237 2865 2294 ratione
2898 2239 3116 2294 alienus
3145 2240 3272 2307 erit,
3304 2247 3363 2293 ut
3393 2248 3519 2294 tan-

1938 2334 2050 2380 tam
2103 2325 2505 2396 blasphemiam
2557 2327 2641 2383 vel
2693 2330 2751 2383 in
2811 2343 2976 2385 aures
3016 2329 3308 2386 admittere
3349 2330 3517 2385 velit?

1935 2419 2072 2476 Cum
2121 2435 2274 2491 ergo,
2319 2429 2380 2474 ut
2414 2422 2507 2490 qui
2549 2421 2796 2491 ejusdem
2839 2431 2927 2479 est
2959 2439 3086 2478 cum
3133 2425 3370 2478 naturali
3404 2424 3516 2478 Deo

1935 2513 2176 2583 generis,
2212 2513 2354 2568 Deus
2393 2514 2513 2583 ipse
2544 2529 2767 2583 quoque
2813 2515 2887 2571 sit
2916 2516 3224 2571 secundum
3258 2524 3512 2571 naturam

1935 2609 2311 2676 (comparatur
2352 2607 2500 2661 enim
2534 2606 2710 2674 Patri,
2751 2624 2854 2664 nec
2902 2609 3204 2678 quidquam
3259 2609 3514 2680 prohibet

1933 2699 2236 2767 quominus
2266 2703 2338 2754 sit
2372 2698 2520 2752 Patri
2583 2701 2826 2770 similis),
2861 2702 3137 2771 quomodo
3175 2703 3356 2756 minor
3397 2703 3516 2756 est?
3598 2703 3604 2710 '

239 2786 345 2838 ὅσα
369 2785 700 2856 συμϐαίνειν
749 2783 858 2839 οἶδε
879 2789 995 2850 τοῖς
1017 2788 1251 2858 γενητὴν
1283 2788 1465 2859 έχουσι
1510 2789 1608 2860 τὴν
1659 2789 1851 2856 φύσας
1900 2785 2037 2842 Εἶτα
2093 2790 2177 2853 τίς
2212 2789 2353 2842 οὕτω
2398 2789 2628 2861 ληρήσει
2683 2792 2776 2844 καὶ
2805 2790 3134 2844 διακείσεται
3158 2791 3510 2860 παραλόγως,

240 2875 316 2937 ὡς
359 2877 464 2929 καὶ
506 2875 666 2946 μόνον
693 2876 1022 2944 ἀνασχέσθαι
1054 2877 1157 2932 κᾶν
1180 2879 1310 2947 γοῦν
1337 2881 1416 2942 είς
1457 2875 1549 2944 οῦς
1587 2880 1804 2933 ἑλέσθαι
1823 2879 1922 2951 τὴν
1945 2880 2324 2951 βλασφημίαν;
2364 2881 2492 2934 Ὅτε
2510 2881 2711 2942 τοίνυν,
2739 2882 2815 2944 ὼς
2848 2882 3114 2953 ὁμογενὴς
3147 2883 3408 2952 ὑπάρχων
3434 2881 3515 2951 τῷ

249 2966 391 3019 κατὰ
426 2966 594 3035 φύσιν
619 2967 758 3039 Θεῷ,
784 2969 1080 3046 Θεός-ὲστι
1119 2970 1362 3038 δηλονότι
1385 2972 1529 3026 κατὰ
1561 2973 1724 3042 φύσιν
1790 2974 1887 3027 καὶ
1925 2973 2086 3038 αὐτὸς
2127 2973 2506 3044 (συγκρίνεται
2552 2973 2661 3045 γὰρ
2707 2974 2787 3044 τῷ
2833 2975 3030 3047 Πατρὶ,
3076 2974 3403 3029 διακωλύσει
3455 2973 3513 3027 δὲ

249 3060 394 3113 οὐδὲν
422 3061 488 3112 τὸ
521 3061 785 3126 ὡσαύτως
833 3063 978 3133 ἔχειν
1010 3063 1087 3134 τῷ
1133 3064 1409 3135 φύσαντι),
1451 3066 1570 3131 πῶς
1608 3067 1846 3121 ὲλάττων
1878 3065 2061 3133 ἐστίν;

323 3176 558 3246 Ἐπειδὴ
588 3177 646 3229 δὲ
673 3177 1027 3246 ἀμαθέστατά
1058 3197 1117 3233 τε
1148 3181 1242 3234 καὶ
1281 3181 1602 3251 άλογὼτατα
1630 3185 1688 3236 ὲν
1717 3185 1831 3247 τοῖς

2003 3182 2273 3248 Quoniam
2322 3191 2505 3236 autem
2542 3179 2800 3236 veritatis
2844 3178 3023 3235 hostis
3050 3179 3381 3236 stultissime
3431 3180 3515 3236 di-

249 3265 644 3335 προκειμένοις
687 3266 920 3333 διεξιὼν,
973 3270 1034 3322 οὐ
1087 3271 1401 3324 κατέδεισεν
1437 3274 1610 3324 εἰπεῖν
1658 3273 1686 3324 ὁ
1733 3274 1833 3343 τῆς

249 3357 514 3426 ἀληθείας
539 3356 758 3428 ἐχθρὸς,
788 3359 870 3411 ὅτι
912 3359 1113 3430 μείζων
1163 3364 1191 3414 ὁ
1225 3363 1414 3433 Πατὴρ
1453 3362 1556 3432 τῆς
1579 3361 1830 3433 θεότητος

248 3452 340 3502 τοῦ
371 3448 534 3514 Υἰοῦ,
560 3450 693 3519 φέρε
744 3450 843 3520 τῆς
875 3451 1012 3521 μετὰ
1043 3453 1246 3524 σαρκὸς
1273 3454 1583 3524 οἰκονομίας
1620 3455 1714 3508 τὸν
1746 3455 1833 3508 λό-

248 3558 341 3608 γον
371 3541 553 3612 βραχύ
588 3559 639 3593 τι
669 3542 1131 3611 περιστείλαντες,
1151 3545 1247 3598 καὶ
1281 3545 1379 3614 τῆς
1407 3545 1518 3599 τῶν
1543 3547 1838 3618 προκειμέ-

250 3650 354 3688 νων
382 3633 597 3696 ὲννοίας
653 3634 1029 3700 ἁποδιελόντες
1073 3636 1162 3690 διὰ
1190 3637 1280 3691 τὸν
1317 3637 1558 3709 ἔλεγχον,
1589 3639 1690 3710 τὴν
1721 3640 1839 3693 θεό-

248 3743 390 3796 τητα
428 3723 523 3778 τοῦ
556 3724 688 3778 Υίοῦ
728 3729 794 3797 τῇ
832 3726 926 3780 τοῦ
971 3729 1185 3800 Πατρὸς
1246 3731 1649 3803 συγκρίνωμεν,
1695 3733 1839 3787 κατά

253 3834 313 3885 γε
335 3817 432 3870 τὸν
447 3817 678 3871 ἐκείνων
708 3817 886 3886 λόγον,
924 3820 1102 3873 ικεῖνο
1125 3821 1190 3892 δὴ
1216 3821 1434 3892 πρῶτον
1472 3825 1647 3878 εἰπεῖν
1669 3825 1839 3878 άπαι-

253 3908 526 3978 τήσαντες
553 3907 646 3959 τὸν
664 3907 823 3960 τοῦτο
853 3909 1021 3977 φάναι
1048 3909 1416 3981 τολμήσαντα,
1451 3911 1680 3984 πότερόν
1709 3929 1839 3967 ποτε

253 4001 383 4054 Θεὸν
417 4000 553 4054 δντα
603 4000 743 4053 κατά
777 3999 941 4068 φύσιν
978 4001 1244 4073 ὑπάρχειν
1280 4003 1451 4056 οἴεται
1485 4003 1577 4056 τὸν
1630 4005 1835 4076 Υἰὸν,ἢ

253 4094 445 4164 ἓτερον
482 4092 586 4163 μέν
607 4111 661 4146 τι
687 4093 835 4164 παρὰ
861 4092 1038 4156 τοῦτο,
1069 4093 1393 4163 τετιμῆσθαί
1422 4110 1486 4162 γε
1517 4093 1624 4165 μὴν
1651 4097 1715 4165 τῇ
1739 4097 1840 4164 τῆς

255 4186 514 4258 θεότητος
543 4185 754 4256 κλήσει,
797 4185 1050 4257 καθάπερ
1081 4184 1174 4239 οῦν
1209 4185 1400 4256 ἀμέλει
1430 4187 1614 4240 πολλοὶ
1650 4189 1748 4257 μὲν
1782 4189 1839 4241 ἐν

256 4279 472 4350 οὐρανῷ
521 4279 633 4332 θεοὶ
680 4279 777 4332 καί⁵
820 4277 1024 4350 κύριοι,
1055 4279 1245 4332 πολλοὶ
1277 4279 1332 4331 δὲ
1364 4281 1458 4332 καὶ
1482 4279 1576 4332 ἐπὶ
1599 4283 1698 4349 τῆς
1735 4280 1841 4350 γῆς

255 4367 394 4425 εἶναι
419 4372 692 4440 λέγονται.
728 4370 1220 4441 Διαὸεὸαιουμένου
1257 4370 1356 4440 μὲν
1402 4371 1511 4442 γὰρ
1541 4370 1668 4442 ψιλῇ
1699 4371 1842 4424 δεδο-

259 4462 456 4526 ξάσθαι
483 4463 829 4533 προσηγορίᾳ
849 4462 950 4533 τῆς
971 4462 1244 4532 θεότητος,
1273 4462 1438 4533 φημὶ,
1469 4463 1560 4516 τὸν
1594 4463 1740 4523 Υίὸν,
1766 4461 1840 4533 μὴ

1933 3291 2057 3330 cere
2088 3275 2296 3331 veritus
2327 3290 2438 3329 non
2464 3283 2550 3329 est
2575 3273 2780 3328 deitate
2807 3270 2936 3325 Filii
2969 3271 3233 3340 majorem
3265 3287 3388 3327 esse
3411 3272 3515 3326 Pa-

1934 3376 2094 3428 trem,
2127 3364 2357 3433 agedum
2407 3362 2811 3418 incarnationis
2869 3376 3180 3416 sermonem
3226 3362 3513 3431 paululum

1935 3457 2344 3521 contrahentes,
2368 3464 2423 3511 et
2451 3471 2482 3510 a
2516 3471 2698 3510 rerum
2730 3454 3138 3524 propositarum
3170 3469 3335 3508 sensu
3369 3455 3516 3508 avel-

1937 3549 2114 3603 lentes
2159 3554 2384 3618 propter
2415 3547 2932 3618 reprehensionem,
2972 3545 3234 3600 deitatem
3267 3544 3415 3608 Filii,
3456 3553 3515 3597 ut

1937 3638 2041 3708 ipsi
2074 3639 2394 3708 loquuntur,
2422 3653 2549 3692 cum
2582 3635 2762 3691 Patris
2784 3635 2987 3690 deitate
3015 3634 3394 3698 conferamus,
3428 3649 3517 3685 ro-

1937 3740 2129 3802 gantes
2162 3738 2221 3785 ut
2256 3730 2351 3800 qni
2385 3729 2518 3784 talia
2553 3727 2740 3784 dicere
2795 3741 2969 3782 ausus
3021 3734 3108 3782 est
3142 3727 3380 3796 primum
3425 3741 3518 3780 re-

1938 3821 2230 3891 spondeat,
2270 3830 2456 3876 utrum
2487 3819 2713 3883 Filium,
2747 3817 2893 3873 Deus
2925 3833 3050 3871 cum
3091 3819 3165 3872 sit
3208 3816 3514 3871 secundum

1939 3921 2216 3977 naturam,
2246 3911 2414 3966 Deum
2440 3926 2563 3966 esse
2593 3917 2773 3979 putet,
2798 3925 2866 3962 an
2903 3907 3110 3978 aliquid
3139 3907 3286 3961 aliud
3319 3917 3518 3976 prmter

1939 4005 2109 4066 istud,
2153 4009 2532 4058 verumtamen
2572 4000 2944 4069 appellatione
2979 3998 3201 4053 deitatis
3233 4005 3513 4056 ornatum,

1938 4089 2404 4165 quemadmodum
2439 4104 2638 4158 nempe
2688 4088 2844 4141 multi
2905 4096 3035 4142 sunt
3067 4088 3122 4141 in
3155 4087 3297 4141 caelo
3341 4085 3416 4140 dii
3451 4100 3518 4139 ac

1941 4184 2176 4246 domini,
2206 4181 2477 4249 multique
2531 4178 2697 4234 etiam
2754 4179 2809 4232 in
2861 4185 3012 4232 terra
3062 4191 3187 4232 esse
3232 4175 3514 4230 dicuntur.

1940 4273 2076 4328 Nam
2110 4275 2153 4329 si
2185 4271 2450 4343 probetur
2485 4266 2630 4322 nuda
2663 4276 2875 4322 tantum
2901 4268 3270 4338 appellatione
3300 4266 3518 4320 deitatis

1941 4373 2200 4420 ornatum
2240 4377 2365 4418 esse
2402 4360 2624 4424 Filium,
2653 4360 2834 4429 ipsum
2873 4369 3054 4413 tamen
3105 4372 3215 4412 non
3244 4371 3368 4410 esse
3391 4370 3521 4409 vere

1943 4454 1996 4508 id
2026 4453 2175 4522 quod
2201 4467 2328 4507 esse
2358 4449 2585 4514 dicitur,
2615 4449 2742 4519 jure
2768 4449 2970 4502 merito
3006 4447 3184 4517 palam
3225 4455 3280 4500 et
3303 4444 3521 4514 publice

259 4553 365 4622 μὴν
396 4552 498 4605 καὶ
534 4552 800 4622 ὑπάρχειν
828 4552 973 4606 κατὰ
1025 4551 1186 4619 φύσιν
1228 4552 1390 4604 αὐτὸν
1433 4552 1648 4623 άληθῶς
1687 4551 1834 4605 τοῦθ’

1939 4544 2361 4599 inclamahimus
2392 4562 2406 4598 :
2435 4557 2557 4604 nos,
2593 4541 2641 4595 si
2701 4550 2898 4596 natura
2935 4538 3079 4593 Deus
3120 4552 3230 4591 non
3282 4543 3388 4598 est,
3424 4535 3521 4588 ωι-

257 4643 392 4713 Ξπερ
435 4636 578 4695 εἶναι
629 4643 724 4697 καὶ
762 4642 1096 4710 λέγεται,τὰ
1141 4643 1326 4697 εἰκότα
1363 4642 1688 4713 φρονοῦντες
1737 4644 1841 4696 ὐπο

255 4735 592 4804 αιτήσομεν,
610 4733 906 4805 διαρρήδην
929 4733 1369 4806 ἀνακεκραγότες
1393 4750 1408 4765 ·
1435 4730 1504 4786 Ὦ
1530 4736 1649 4798 τᾶν,
1687 4735 1764 4800 ὼς
1794 4736 1844 4788 εἰ

257 4827 333 4894 μὴ
363 4826 531 4895 φύσει
551 4826 684 4889 Θεός
707 4827 848 4890 ἐστι,
878 4825 1141 4896 κτίσματι
1162 4825 1574 4898 προσκυνοῦμεν
1591 4825 1671 4879 ἔτι
1692 4825 1845 4896 παρὰ

255 4917 348 4968 τὸν
386 4917 692 4978 κτίσαντα,
722 4917 817 4969 καὶ
851 4918 972 4988 οὐχὶ
1028 4917 1185 4988 μόνον
1217 4920 1379 4988 ἡμεῖς
1431 4919 1482 4970 oi
1509 4916 1656 4969 τόνδε
1691 4917 1842 4988 περί-

257 5025 406 5074 Υεῑον
440 5007 654 5077 ἔχοντες
691 5009 891 5080 χῶρον,
924 5009 1060 5063 ἀλλὰ
1093 5011 1186 5063 καὶ
1214 5009 1351 5080 αὐτὴ
1393 5009 1500 5062 τῶν
1527 5008 1700 5077 ἁγίων
1743 5009 1847 5078 ἀγ-

253 5098 437 5164 γέλων
481 5101 516 5167 ἡ
558 5097 790 5167 πληθύς.
857 5101 1326 5174 Κατηγορήσομεν
1380 5100 1439 5154 δὲ
1489 5101 1585 5152 καὶ
1644 5098 1849 5162 παντὸς

254 5190 415 5256 ἁγίου
449 5188 659 5250 λοιπὸν,
696 5189 827 5243 Θεὸν
868 5191 1032 5244 αὐτὸν
1063 5192 1207 5246 κατὰ
1241 5191 1403 5254 φύσιν
1439 5191 1722 5262 εἰρηκότος
1751 5191 1846 5244 καὶ

255 5275 512 5345 ἀληθινόν
535 5292 548 5306 ο
603 5276 841 5346 μάλιστα
893 5278 950 5331 δὲ
1003 5279 1218 5335 πάντων
1251 5280 1609 5351 αἰτιασόμεθα
1634 5280 1726 5334 τὸν
1747 5297 1846 5350 μα-

257 5367 450 5436 κάριον
479 5367 740 5438 Ἰωάννην
795 5369 1059 5439 εἰρηκότα
1120 5370 1249 5440 περὶ
1308 5371 1470 5425 αὐτοῦ
1495 5387 1511 5402 ·
1547 5389 1567 5422 ι
1604 5372 1843 5442 Οἴδαμεν

1939 4651 2100 4692 orare
2121 4637 2422 4690 etiamnum
2453 4641 2795 4697 creaturam,
2822 4645 2931 4685 non
2967 4629 3308 4692 Creatorem,
3336 4640 3522 4694 neque

1939 4743 2042 4783 nos
2064 4735 2272 4781 tantum
2295 4725 2388 4796 qui
2425 4733 2703 4780 terrenam
2732 4723 2874 4777 hanc
2901 4720 3179 4791 regionem
3199 4716 3516 4781 incolimus,

1941 4819 2036 4874 sed
2068 4826 2123 4873 et
2158 4819 2331 4888 ipsam
2369 4825 2690 4872 sanctorum
2727 4813 3048 4883 angelorum
3089 4807 3517 4864 multitudinem.

1941 4910 2088 4975 Quin
2132 4919 2186 4964 et
2239 4919 2463 4964 sanctos
2514 4923 2706 4963 omnes
2758 4905 3172 4966 accusabimus,
3206 4901 3525 4972 quicunque

1945 5001 2116 5056 Deum
2143 5002 2322 5071 ipsum
2356 4999 2663 5056 secundum
2702 5007 2957 5053 naturam
2988 5011 3053 5050 ac
3092 5010 3284 5050 verum
3319 4993 3521 5063 pradi-

1938 5101 2174 5159 carunt;
2215 5091 2310 5147 sed
2367 5092 2605 5146 maxime
2657 5091 2903 5146 omnium
2951 5088 3171 5143 beatum
3230 5085 3518 5147 Joannem,

1939 5187 2034 5256 qui
2091 5184 2159 5240 de
2216 5185 2338 5254 ipso
2399 5183 2664 5254 scripsit:
2697 5201 2715 5233 ι
2751 5179 2972 5236 Scimus
3029 5177 3294 5248 quoniam
3348 5174 3522 5230 Filius

1944 5277 2038 5332 Dei
2087 5277 2261 5339 venit,
2302 5284 2359 5331 et
2409 5275 2564 5330 dedit
2614 5275 2779 5332 nobis
2835 5286 3056 5330 sensum
3109 5280 3169 5324 ut
3218 5280 3524 5336 cognosca-

1939 5382 2067 5423 mus
2121 5381 2311 5421 verum
2353 5363 2546 5429 Deum,
2581 5370 2638 5417 et
2694 5363 2870 5418 simus
2920 5363 2974 5414 in
3025 5372 3154 5412 vero
3202 5353 3344 5408 Filio
3399 5352 3522 5420 ejus

255 5457 336 5509 Gtt
359 5458 532 5521 ὁΥἱδς
588 5459 685 5512 τοῦ
731 5460 867 5513 Θεοῦ
902 5462 1052 5532 ἥκει,
1087 5463 1184 5514 καὶ
1208 5462 1409 5516 ἔδωκεν
1439 5465 1571 5533 ἡμῖν
1599 5463 1835 5518 διάνοιαν

1943 5457 2075 5514 Jesu
2119 5458 2364 5514 Christo.
2411 5455 2513 5510 Hic
2549 5464 2635 5512 est
2671 5470 2834 5509 verus
2885 5454 3048 5514 Deus,
3095 5457 3152 5505 ct
3197 5447 3303 5501 vita
3357 5455 3520 5500 aeter-

251 5551 345 5604 ἴνα
369 5549 715 5622 γινώσκομεν
742 5551 831 5606 τὸν
865 5552 1117 5624 ἀληθινὸν
1141 5553 1294 5618 Θεὸν,
1335 5555 1430 5608 καὶ
1461 5555 1628 5625 ἐσμὲν
1674 5556 1734 5608 ὲν
1761 5554 1835 5626 τῷ

1948 5565 2018 5605 na
2046 5551 2112 5604 ⁷ο.
2151 5569 2170 5603 ι
2208 5547 2367 5616 Quod
2420 5548 2466 5604 si
2501 5546 2847 5614 Scripturam
2884 5544 3173 5602 reveritus,
3201 5537 3368 5592 Deum
3393 5549 3522 5592 vere

323 5792 370 5826 ⁷⁸
405 5795 422 5849 Ι
461 5793 622 5848 .Ioan.
665 5811 728 5858 ν,
754 5795 846 5852 20.
