4006 6440
456 400 562 458 sas
1479 401 1536 456 s.
1576 397 1852 457 CYRILLI
1882 395 2348 454 ALEXANDRINI
2389 389 2708 455 ARCHIEP.
3598 383 3706 445 ὅτι

455 521 638 589 ipsum
672 515 1032 586 nuncupahit,
1072 521 1126 570 et
1165 515 1242 571 ita
1285 530 1408 571 esse
1441 517 1640 571 sentiet
1663 557 1676 579 ,
1705 524 1870 586 atque
1915 515 2021 568 lioc

2146 512 2365 584 ιληθινῷ
2409 513 2576 567 αὑτοῦ
2616 512 2730 584 Υίῷ
2775 509 2948 584 Ἰησοῦ
2991 510 3230 581 Χριστῷ.
3285 505 3455 575 Οὗτός
3501 514 3647 568 εστιν
3679 517 3707 569 ό

459 610 624 664 modo
669 609 847 677 aliqua
881 608 1073 663 saltem
1109 624 1173 662 ex
1208 618 1361 678 parte
1411 609 1679 663 minorem
1714 623 1837 663 esse
1868 607 2030 663 Patre

2146 603 2382 673 ὶληθινὺς
2429 604 2563 668 Θεὺς
2607 604 2704 656 καὶ
2751 601 2928 673 ζωὴή
2984 600 3223 663 αἰώνιος.
3260 620 3276 652 ι
3320 602 3380 654 Εί
3431 601 3488 656 δὲ
3527 607 3705 658 πᾶσαν

455 701 775 766 existimat;
823 699 1091 770 numquid
1140 700 1305 753 alium
1345 700 1506 755 nobis
1540 699 1712 755 Deum
1748 700 1960 755 invexit
1998 715 2030 754 a

2146 695 2267 767 5μοῦ
2311 695 2729 767 δυσωπούμενος
2771 695 2870 765 τὴν
2909 694 3267 747 θεόπνευστον
3296 695 3538 766 Γραφὴν,
3575 696 3709 749 Θεὸν

455 793 696 846 naturali
724 792 946 862 quidem
976 807 1100 847 cum
1143 789 1305 846 Patre
1356 792 1625 848 relatione
1677 792 1897 862 penitus
1947 809 2034 847 rc-

457 891 690 945 scctum,
729 890 782 936 et
819 881 912 950 qui
955 881 1176 950 propria
1217 880 1438 950 quidem
1479 882 1535 936 in
1591 883 1877 954 liypostasi
1929 883 2032 937 ali-
2074 931 2088 940 .

2133 788 2302 851 ὄντως
2333 787 2498 841 αὑτὸν
2551 789 2812 858 προσερεῖ
2833 789 2926 841 καὶ
2955 787 3220 857 ὑπάρχειν
3252 786 3398 840 οὕτω
3433 789 3709 842 διακείσε-

2132 896 2243 940 ται,
2291 876 2570 932 πιστεύειν
2605 893 2665 931 τε
2719 879 2862 932 οὕτω
2897 877 3325 948 μειονεκτεῖσθαι
3366 876 3461 931 τοῦ
3495 880 3713 950 Πατρὸς

457 985 566 1040 qua
607 985 730 1026 esse
767 969 1134 1038 concipiatur,
1170 985 1278 1024 non
1307 979 1490 1025 tamen
1543 971 1597 1026 in
1635 971 1726 1027 Dei
1758 987 1823 1026 ac
1851 970 2035 1028 Patris

2146 971 2279 1024 ιιατά
2321 987 2372 1022 τι
2420 968 2552 1037 γοῦν
2598 969 2735 1032 ὅλως
2791 969 3196 1039 ὑπολαμϐάνειο
3255 965 3343 1039 ἆρ’
3378 971 3477 1041 οὐχ
3522 970 3711 1040 ἕτερον

386 1059 396 1085 ί
458 1061 762 1116 substantia
783 1059 943 1130 851
968 1061 1300 1115 inexsistat?
1321 1061 1563 1128 Nemini,
1587 1063 1806 1133 opinor,
1830 1063 2036 1118 obscu-

458 1167 579 1205 rum
627 1151 771 1205 istud
821 1158 928 1204 est.
974 1148 1110 1204 Nam
1150 1151 1196 1206 si
1239 1153 1379 1206 nihil
1411 1153 1595 1222 scipso
1622 1155 1801 1223 majus
1828 1163 1912 1210 est
1942 1161 2037 1208 aut

458 1243 663 1305 minus,
695 1241 789 1295 sed
831 1241 1016 1310 aliquo
1049 1242 1267 1298 minore
1319 1242 1518 1313 majus,
1566 1253 1660 1298 aut
1694 1244 1904 1313 majore
1937 1245 2040 1298 ali-

455 1345 567 1398 quo
595 1329 804 1394 minus,
839 1331 1088 1400 nunquid
1121 1346 1354 1387 necesse
1381 1341 1464 1387 est
1494 1333 1636 1388 duos
1683 1333 1845 1403 plane
1876 1332 2036 1388 fateri

458 1421 598 1477 Deos
623 1437 748 1494 esse
775 1423 1080 1477 secundum
1115 1432 1365 1477 naturam
1402 1438 1464 1478 ac
1497 1439 1679 1489 veros,
1712 1433 1770 1477 ut
1800 1425 1889 1479 hic
1918 1425 2040 1494 qui-

455 1515 580 1568 dem
619 1493 794 1582 n'iajor
824 1515 1186 1586 intelligatur,
1221 1517 1312 1571 ille
1343 1531 1474 1571 vero
1504 1516 1630 1587 ipso
1658 1517 1884 1571 minor?
1927 1515 2036 1586 lgi-

458 1620 550 1663 tur
583 1607 746 1680 periit
778 1605 1028 1662 funditus
1066 1606 1329 1662 Ecclesiae
1379 1606 1538 1672 fides,
1577 1607 1620 1664 si
1653 1606 1930 1662 credimus
1970 1609 2040 1661 il-

462 1704 554 1769 lis,
588 1713 686 1757 nec
718 1713 864 1756 unus
905 1713 1072 1768 super
1099 1715 1200 1752 nos
1237 1707 1322 1754 est
1349 1700 1514 1761 Deus,
1546 1699 1640 1755 sed
1679 1699 1809 1754 duo.
1836 1699 2040 1770 Cujus-

460 1809 587 1848 nam
625 1811 758 1866 ergo
791 1791 992 1860 templa
1027 1789 1156 1844 dicti
1195 1804 1413 1854 sumus,
1447 1790 1752 1846 secundum
1784 1788 2040 1860 Scriptu—

2135 1066 2268 1134 ἡμῖν
2286 1062 2638 1132 είσκεκόμικε
2683 1061 2835 1126 Θεὸν,
2889 1063 2990 1132 τῆς
3033 1062 3169 1132 πρὸς
3189 1059 3282 1115 τὸν
3320 1059 3542 1132 Πατέρα
3591 1062 3712 1131 σχέ.

2137 1169 2275 1215 σεως
2307 1151 2546 1221 φυσικῆς
2580 1149 2891 1220 ὁλοκλήρως
2911 1151 3364 1222 διακεκομμένον,
3392 1151 3488 1204 καὶ
3509 1152 3568 1202 ὲν
3603 1151 3712 1220 ἰδίᾳ.

2139 1243 2238 1314 μέν
2270 1259 2376 1296 τινι
2410 1241 2698 1310 νοούμενον
2723 1241 3040 1306 ὑποστάσει,
3067 1242 3142 1311 μὴ
3176 1241 3282 1311 μὴν
3300 1241 3626 1313 ἐνυπάρχειν
3645 1243 3711 1312 τῇ

2135 1331 2232 1384 τοῦ
2271 1331 2407 1384 Θεοῦ
2459 1332 2556 1384 καὶ
2589 1330 2802 1401 Πατρὸς
2845 1330 3041 1401 oricia;
3098 1331 3259 1396 Ἀλλ’,
3307 1327 3496 1402 οἶμαι,
3555 1331 3715 1403 δῆλον

2136 1423 2310 1480 ἅπασι
2341 1424 2402 1477 τὸ
2429 1423 2664 1494 πρᾶγμά
2694 1426 2861 1478 ἐστιν.
2901 1423 2964 1476 Ei
2995 1423 3104 1494 γὰρ
3129 1423 3284 1476 οὐδὲν
3307 1423 3498 1478 ἑαυτοῦ
3529 1424 3715 1495 μεῖζον

2137 1515 2171 1586 ἢ
2197 1515 2438 1578 ἔλαττον,
2469 1514 2584 1568 ἀλλ’
2609 1515 2891 1577 ἐλάττονος
2911 1515 3013 1585 μέν
3033 1531 3179 1577 τινος
3197 1513 3380 1586 μεῖζόν
3401 1532 3455 1567 τι
3488 1517 3711 1580 νοεῖται,

2143 1607 2388 1678 μείζονος
2419 1606 2477 1660 δέ
2504 1623 2648 1669 τινος
2676 1607 2918 1672 ἐλαττον,
2951 1605 3180 1677 πότερόν
3221 1623 3337 1670 πως
3363 1607 3463 1659 οὐκ
3500 1607 3716 1677 ἀνάγκη

2138 1699 2232 1751 δύο
2259 1699 2323 1768 δὴ
2355 1699 2569 1762 πάντως
2630 1697 2966 1768 ὁμολογῆσαι
3029 1697 3196 1761 Θεοὺς
3223 1698 3367 1750 κατά
3404 1697 3568 1767 φύσιν
3621 1700 3718 1752 καὶ

2139 1789 2450 1861 ἀληθινοὺς,
2479 1791 2568 1842 ἵνα
2593 1789 2622 1842 ό
2663 1789 2766 1860 μὲν
2786 1790 2974 1860 νοῆται
3023 1789 3248 1860 μείζων,
3290 1791 3321 1842 ὁ
3372 1790 3430 1843 δὲ
3479 1791 3719 1844 ἐλάττων

460 1902 574 1950 ras,
609 1888 716 1943 nisi
753 1887 877 1955 ejus
910 1881 1002 1956 qui
1053 1897 1214 1935 suum
1245 1883 1301 1936 in
1340 1883 1547 1936 nostris
1578 1882 1868 1938 animabus
1909 1881 2038 1950 Spi-

2146 1881 2310 1937 αΰτοῦ
2337 1899 2351 1947 ;
2412 1881 2626 1935 Οὐκοῦν
2677 1883 2884 1951 οἴχεται
2917 1880 3016 1951 μὲν
3067 1881 3168 1953 ἤδη
3197 1882 3292 1935 mi
3313 1880 3719 1952 ἀνατέτραπται

460 1981 628 2034 ritum
660 1979 988 2034 collocavit?
1017 1971 1154 2033 Cum
1186 1990 1322 2045 ergo
1354 1975 1698 2030 inveniamus
1743 1991 1808 2029 ex
1860 1975 2038 2030 sacris

463 2070 688 2126 Litteris
720 2085 830 2125 non
867 2070 1047 2124 Patris
1097 2065 1303 2129 solum.
1351 2068 1446 2123 sed
1500 2075 1554 2122 et
1603 2065 1727 2121 Filii
1775 2065 2038 2136 Spiritum

463 2162 796 2231 nuncupari,
827 2161 962 2231 quid
997 2157 1557 2230 pliilosophalrimur?
1603 2157 1710 2212 Aut
1735 2158 1867 2228 quid
1908 2173 2036 2212 sen-

462 2249 570 2305 tire
614 2264 716 2306 nos
760 2250 1022 2306 decebit?
1057 2250 1188 2306 Utro
1215 2253 1504 2305 amborum
1544 2249 1770 2318 reiecto.
1803 2249 2038 2304 alterum

463 2356 589 2395 esse
620 2338 790 2394 Deum
815 2339 1109 2396 dicemus?
1137 2338 1271 2393 Nam
1305 2341 1358 2395 si
1395 2339 1538 2394 duos
1579 2340 1737 2400 Deos,
1772 2338 2038 2394 minorem

463 2441 520 2486 et
547 2432 812 2501 majorem
849 2433 1229 2496 admittemus,
1259 2441 1315 2487 et
1349 2433 1542 2487 ambos
1589 2432 1644 2486 in
1680 2437 1889 2488 nostris
1919 2434 2042 2487 ani-

467 2523 571 2578 mis
602 2523 912 2578 inhabitare
943 2524 1192 2580 dicemus
1221 2539 1320 2594 per
1347 2523 1604 2593 proprios
1637 2537 1702 2578 ac
1731 2524 2040 2594 peculiares

467 2616 730 2686 Spiritus,
765 2615 965 2687 templa
1013 2615 1249 2671 Deorum
1303 2613 1432 2670 facti
1481 2615 1702 2671 demum
1735 2615 2044 2686 deprehen-

464 2708 697 2761 demur:
730 2717 786 2762 ct
825 2709 938 2763 duo
985 2708 1040 2761 in
1089 2708 1252 2762 nobis
1279 2706 1524 2776 Spiritus
1553 2707 1826 2772 habitant,
1866 2708 2042 2775 major

465 2797 722 2851 nimirum
765 2804 822 2852 et
868 2797 1072 2859 minor,
1109 2811 1207 2866 pro
1237 2797 1449 2851 ratione
1477 2805 1688 2851 natura:
1715 2810 1908 2851 eorum
1948 2797 2042 2867 qui

465 2882 617 2957 ipsos
638 2887 928 2944 dederunt.
955 2885 1094 2953 Quis
1133 2902 1265 2957 ergo
1297 2886 1425 2940 talia
1468 2886 1606 2944 istos
1652 2897 1937 2943 vomentes
1965 2887 2045 2943 fe-

465 2979 592 3034 rat?
622 2981 874 3049 Autquis
897 2994 1089 3034 eorum
1120 2981 1214 3050 qui
1241 2979 1388 3050 apud
1417 2980 1543 3035 illos
1571 2989 1723 3046 sunt,
1756 2980 2041 3036 indoctum

465 3085 533 3124 ac
563 3069 721 3125 valde
762 3070 1052 3125 ridiculum
1087 3085 1394 3126 sermonem
1433 3086 1558 3127 esse
1597 3086 1708 3126 non
1738 3071 1969 3138 videbit,
1997 3073 2043 3126 si

465 3175 658 3216 eorum
685 3174 809 3231 quae
857 3167 1022 3215 antea
1059 3160 1300 3218 diximus
1332 3177 1556 3218 sensum
1592 3161 1884 3217 attendat?
1936 3163 2044 3219 Sed

468 3249 658 3305 forsan
681 3259 907 3306 coactus
921 3251 1061 3306 duos
1084 3250 1386 3308 secundum
1410 3260 1664 3310 naturam
1692 3252 1851 3308 fateri
1878 3253 2041 3320 Deos,

468 3340 745 3411 siquidem
785 3341 962 3411 major
1008 3343 1098 3398 hic
1133 3351 1244 3411 est,
1281 3345 1374 3401 ille
1420 3346 1627 3410 minor,
1659 3346 1730 3402 ad
1763 3347 1899 3402 illud
1935 3348 2044 3403 sibi

467 3431 662 3485 tritum
689 3447 756 3487 ac
787 3432 1057 3489 familiare
1080 3449 1140 3490 se
1169 3435 1437 3501 conferet,
1465 3452 1660 3506 nempe
1686 3446 1748 3491 ut
1767 3439 2045 3508 propriam

467 3531 522 3577 et
574 3524 902 3593 peculiarem
947 3526 1242 3596 quamdam
1297 3536 1552 3584 naturam
1605 3526 1807 3583 Filium
1847 3531 2048 3586 lia-bere

467 3614 638 3680 dicat,
669 3616 716 3670 si
754 3631 858 3671 nec
888 3625 1072 3670 creata
1122 3633 1354 3687 prorsus
1401 3622 1693 3682 exsolutus
1741 3622 1834 3683 sit.
1871 3639 2050 3693 neque

468 3705 605 3761 adeo
636 3705 728 3761 Dei
765 3721 830 3761 ac
859 3704 1041 3764 Patris
1095 3717 1293 3764 natura
1329 3710 1492 3779 plane
1520 3713 1755 3768 excidat.
1784 3713 1922 3768 Nam
1953 3718 2044 3785 qui

468 3805 782 3853 creaturam
809 3807 905 3854 aut
934 3815 1075 3870 opus
1109 3801 1290 3856 dicere
1317 3812 1505 3871 aperte
1530 3821 1639 3859 non
1671 3817 1949 3873 verentur,
1977 3810 2050 3866 ad

471 3887 778 3943 istiusmodi
814 3890 1108 3946 verborum
1154 3889 1486 3962 confugiunt
1523 3895 1846 3966 elegantias,
1879 3900 2048 3954 urba-

469 3980 682 4033 niorem
731 3980 1137 4050 quodammodo
1192 3986 1574 4056 excogitantes
1625 3989 2044 4059 blasphemiam.

469 4070 607 4125 Cum
646 4085 780 4142 ergo
812 4072 887 4128 ita
920 4088 981 4128 se
1017 4072 1216 4130 habere
1267 4073 1464 4130 Filium
1517 4077 1727 4145 dicant,
1771 4089 1830 4135 ut
1869 4099 2050 4152 neque

473 4162 615 4218 Deus
667 4166 972 4221 secundum
1023 4175 1276 4222 naturam
1321 4169 1373 4224 in
1411 4179 1584 4224 totum
1622 4175 1718 4240 sit,
1759 4190 1858 4230 nec
1901 4175 2050 4233 inter

469 4266 753 4313 creaturas
781 4259 943 4329 plane
991 4269 1309 4325 censeatur,
1350 4265 1445 4320 sed
1479 4265 1720 4322 medium
1749 4270 2045 4338 quemdam

468 4349 762 4416 exsistere,
803 4339 941 4406 utet
971 4350 1066 4405 Dei
1095 4366 1161 4405 ac
1186 4351 1367 4409 Patris
1394 4355 1660 4426 dignitate
1690 4359 1763 4415 sit
1792 4359 2047 4426 inferior,
2080 4391 2106 4408 ι

469 4448 525 4496 et
568 4457 738 4512 supra
788 4450 1168 4498 creaturarum
1202 4445 1430 4516 gloriam
1475 4450 1755 4505 emineat:
1808 4451 2048 4522 primum

2146 1973 2268 2026 κατ’
2297 1973 2536 2035 ἐκείνους
2569 1971 2668 2043 τῆς
2721 1970 3100 2042 Ἐκκλησίαςή
3135 1971 3351 2035 πίστις·
3385 1971 3517 2034 Θεὸς
3543 1969 3601 2024 δὲ
3623 1972 3720 2040 οὐχ

2145 2060 2226 2130 εἷς
2263 2066 2346 2134 ἐφ’
2380 2066 2548 2134 ἡμᾶς,
2587 2063 2724 2117 ἀλλὰ
2771 2062 2866 2116 δύο
2920 2063 3126 2117 λοιπόν.
3149 2063 3305 2126 Τίνος
3328 2057 3422 2116 οῦν
3463 2063 3571 2134 ἄρα
3602 2066 3725 2116 ναοὶ

2144 2157 2656 2228 κεχρηματίκαμεν,
2688 2153 2828 2207 κατά
2845 2151 2944 2216 τὰς
2974 2153 3198 2225 Γραφάς
3221 2171 3235 2221 ;
3262 2152 3296 2224 ἦ
3332 2152 3490 2223 δῆλον
3511 2153 3592 2206 ὅτι
3619 2152 3720 2205 τοῦ

2143 2248 2205 2301 τὸ
2261 2246 2390 2299 ίδιον
2438 2244 2669 2313 Πνεῦμα
2723 2245 2846 2307 ταῖς
2886 2242 3186 2318 ἡμετέραις
3225 2243 3723 2311 ὲγκατοικήσαντος

2149 2338 2262 2411 [γρ.
2293 2334 2793 2408 ὲ’ἰκατοικίσαντονῖ]
2825 2335 3054 2406 ψυχαῖςς
3097 2335 3268 2388 'O/raw
3317 2331 3412 2388 οῦν
3454 2335 3724 2405 εὑρίσκω-

2152 2449 2254 2503 μεν
2285 2432 2350 2484 ὲκ
2384 2431 2494 2482 τῶν
2550 2428 2710 2500 ἱερῶν
2771 2429 3138 2499 Γραμμάτων,
3192 2428 3314 2498 οὐχὶ
3353 2427 3448 2480 τοῦ
3509 2427 3724 2498 napo;

2152 2521 2334 2593 μόνον,
2391 2520 2530 2575 ἀλλά
2585 2522 2682 2575 καὶ
2743 2521 2837 2574 τοῦ
2894 2519 3020 2573 Υίοῦ
3063 2519 3291 2590 Πνεῦμα
3335 2519 3647 2590 λεγόμενον,
3671 2519 3725 2571 τί

2147 2614 2514 2686 λογισόμεθα;
2545 2615 2612 2668 Τί
2659 2614 2717 2668 δὲ
2776 2613 3020 2685 προσῆκε
3053 2616 3308 2684 φρονεῖνς
3337 2613 3471 2667 Τίνα
3497 2611 3606 2665 τῶν
3629 2613 3726 2665 δύο

2149 2708 2564 2779 παρωσάμενοι,
2596 2706 2687 2760 τὴν
2715 2707 2902 2777 ἕτερον
2918 2700 3056 2758 εἶναι
3083 2705 3216 2758 Θεὸν
3240 2705 3471 2774 λέγομεν
3499 2721 3514 2770 ;
3543 2705 3607 2756 Εί
3627 2705 3727 2774 μὲν

2147 2795 2242 2851 οὖν
2274 2797 2369 2850 δύο
2391 2798 2578 2864 Θεοὺς,
2619 2797 2710 2850 τὸν
2766 2796 2973 2850 ἐλάττω
2996 2812 3057 2848 τε
3105 2795 3200 2849 καὶ
3229 2795 3322 2849 τὸν
3346 2795 3516 2866 μείζω
3541 2812 3727 2865 παραδ

2147 2887 2433 2959 δεξόμεθα,
2454 2887 2622 2958 ἄμφω
2638 2904 2698 2940 τε
2723 2889 2844 2951 ταῖς
2875 2886 3177 2958 ἡμετέραις
3212 2887 3413 2957 ψυχαῖς
3449 2887 3728 2952 ἐναυλίζει

2151 2982 2276 3036 σθαι
2303 2983 2549 3051 φήσομεν
2577 2979 2669 3033 διὰ
2698 2978 2808 3032 τῶν
2858 2979 3004 3033 ίδίων
3047 2980 3406 3050 Πνευμάτων,
3433 2979 3552 3032 ναοὶ
3576 2979 3729 3032 Θεῶν

2150 3073 2253 3146 ἤδη
2282 3054 2565 3142 γεγονότες
2588 3070 2941 3141 ἀλωσόμεθα·
2971 3069 3065 3124 δύο
3078 3071 3135 3123 δὲ
3157 3072 3290 3141 ἡμῖν
3319 3071 3520 3125 ἐνοικεῖ
3555 3071 3728 3123 Πνεῦ-

2156 3171 2323 3233 ματανς
2361 3161 2546 3232 μεῖζόν
2566 3178 2626 3214 τε
2647 3162 2742 3216 καὶ
2771 3161 3013 3226 ἔλαττον,
3031 3159 3312 3229 ἀναλόγως
3345 3163 3412 3232 τῇ
3440 3161 3600 3230 φύσει
3618 3161 3729 3213 τῶν

2151 3253 2444 3310 δεδεκότων
2483 3254 2642 3310 αὐτά.
2678 3253 2775 3318 Τίς
2813 3248 2907 3308 οῦν
2939 3254 3049 3325 ἄρα
3098 3254 3205 3307 τῶν
3233 3253 3492 3306 τοιούτων
3516 3252 3731 3323 ἐμετιῐυ

2150 3347 2401 3412 ἀνέξεται
2427 3365 2441 3413 ;
2473 3347 2568 3410 Τίς
2621 3346 2679 3399 δὲ
2733 3345 2842 3400 τῶν
2900 3347 3033 3417 παρ’
3064 3345 3296 3408 ἐκείνοις
3328 3344 3514 3415 ἀμαθῆ
3544 3361 3606 3396 τε
3637 3345 3731 3396 καὶ

2151 3440 2491 3508 γελοιότατον
2517 3441 2580 3492 οὐ
2616 3439 2912 3508 κατόψεται
2950 3439 3130 3507 λόγον,
3159 3439 3263 3507 τὴν
3284 3438 3393 3492 τῶν
3421 3436 3730 3509 εἰρημένων

2151 3532 2358 3602 ἀρτίως
2397 3533 2533 3602 ἡμῖν
2586 3531 3023 3602 διασκεψάμενος
3100 3530 3351 3596 ἔννοιανς
3407 3529 3548 3583 Ἀλλ’
3597 3529 3731 3592 ἴσως

2153 3629 2592 3699 ἀναγκαζόμενος
2635 3627 2729 3680 δύο
2765 3627 2910 3682 κατά
2963 3627 3125 3697 φύσιν
3162 3625 3491 3696 ὁμολογῆσαι
3539 3623 3728 3687 Θεοὺς,

2153 3720 2313 3791 εἴπερ
2341 3723 2372 3774 ὁ
2429 3721 2527 3792 μέν
2570 3722 2686 3774 ἐστι
2719 3718 2940 3790 μείζων,
2973 3721 3002 3773 ὁ
3030 3719 3089 3773 δὲ
3137 3719 3396 3782 ἐλάττων,
3426 3716 3512 3770 ἐπ’
3552 3717 3734 3769 ἐκεῖνο

2155 3812 2419 3883 βαδιεῖται
2439 3813 2502 3866 τὸ
2532 3811 2764 3882 σύνηθές
2791 3828 2853 3866 τε
2879 3813 2976 3864 καὶ
3004 3811 3366 3882 τετριμμένον
3386 3809 3556 3880 αὐτῷ,
3587 3810 3732 3878 φημὶ

2152 3905 2217 3974 δὴ
2247 3904 2312 3957 τὸ
2371 3903 2536 3975 φύσιν
2590 3904 2728 3958 ἰδίαν
2782 3904 2907 3958 τινὰ
2953 3903 3137 3971 λέγειν
3194 3904 3341 3974 ἔχειν
3380 3892 3470 3957 τὸν
3501 3902 3650 3965 Υίδν,
3681 3903 3731 3954 εί

2155 3998 2296 4068 μήτε
2322 3998 2420 4068 τῆς
2449 3997 2681 4068 γενητῆς
2709 3997 3054 4069 ἀπήλλακται
3108 3995 3406 4060 παντελῶς,
3451 3997 3588 4067 μήτε
3625 3995 3731 4065 μὴν

2153 4089 2461 4159 ὁλοκλήρως
2492 4088 2790 4143 ἀποπίπτει
2847 4091 2948 4160 τῆς
2975 4089 3068 4142 τοῦ
3102 4089 3239 4144 Θεοῦ
3272 4090 3369 4142 καὶ
3398 4089 3630 4160 Πατρός.
3667 4087 3732 4140 0i

2154 4182 2261 4252 γὰρ
2290 4183 2496 4252 κτίσμα
2523 4182 2620 4236 καὶ
2673 4181 2886 4253 ποίημα
2931 4181 3109 4250 λέγειν
3143 4181 3390 4252 ἐναργῶς
3433 4181 3496 4233 οὺ
3526 4197 3732 4250 παραι-

2152 4273 2428 4342 τούμενοι,
2470 4274 2565 4326 ἐπὶ
2589 4272 2690 4336 τὰς
2723 4273 2834 4326 τῶν
2859 4273 3119 4326 τοιούτων
3164 4272 3427 4343 ῥημάτων
3460 4271 3734 4338 καταφεύ-

2153 4380 2312 4431 γουσι
2342 4362 2632 4434 κομψείας,
2660 4365 3013 4434 ἀστειοτέραν
3039 4364 3228 4436 ὥσπερ
3264 4363 3605 4426 ἐπινοοῦντες
3631 4363 3735 4433 τὴν

2155 4454 2488 4524 δυσφημίαν.
2517 4456 2684 4509 Ὅταν
2738 4458 2922 4511 τοίνυν
2946 4456 3122 4521 οὕτως
3153 4457 3298 4526 ἔχειν
3338 4456 3586 4525 λέγωμεν
3614 4454 3733 4528 [γρ.

468 4533 692 4604 quidem
740 4534 990 4592 dicemus
1034 4537 1239 4592 nullam
1287 4556 1412 4596 esse
1461 4543 1738 4597 ratione»
1789 4561 1912 4614 quae
1964 4547 2045 4601 eis

2155 4545 2411 4618 λέγωσιν]
2435 4547 2526 4601 τὸν
2555 4548 2709 4613 Υίὸν,
2731 4548 2807 4613 ὡς
2833 4550 2972 4621 μήτε
2995 4550 3130 4603 Θεὸν
3143 4549 3284 4602 κατὰ
3304 4547 3465 4617 φύσιν
3501 4547 3735 4617 ὁλοκλή-

470 4622 1116 4714 pe-rmiseritideeernere
1145 4645 1208 4683 ac
1233 4630 1383 4700 loqui
1403 4646 1527 4698 qua:
1553 4632 1740 4686 velint.
1771 4634 1881 4688 Ant
1901 4637 2045 4690 enim

2156 4659 2260 4714 ρως
2291 4643 2558 4713 ὑπάρχειν
2579 4643 2768 4704 αὐτὸν,
2799 4645 2938 4712 μήτε
2971 4641 3076 4713 μὴν
3099 4644 3158 4696 ὲν
3186 4643 3479 4711 κτίσμασιν
3507 4639 3738 4710 ὁλοκλή-

472 4711 631 4766 fidem
673 4712 836 4768 nobis
881 4729 948 4770 ex
989 4716 1166 4772 sacris
1200 4718 1517 4787 divinisque
1561 4719 1788 4775 Litteris
1821 4719 2050 4787 faciant,

465 4811 567 4855 aut
596 4801 643 4855 si
672 4802 822 4857 nulla
853 4818 918 4859 ex
957 4815 1113 4876 parte
1147 4809 1381 4877 probare
1403 4817 1636 4877 possunt
1663 4811 1812 4878 quod
1836 4811 2050 4879 dicunt,

468 4892 674 4963 pudeat
701 4895 851 4966 ipsos
872 4913 940 4953 ex
967 4913 1069 4954 suo
1100 4913 1268 4955 sensu
1301 4899 1368 4954 de
1394 4899 1498 4955 fide
1527 4908 1792 4956 statuere.
1823 4903 2050 4959 Verum-

463 4997 650 5040 tamen
681 5001 806 5042 cum
836 5004 949 5059 prie
979 4990 1178 5046 mentis
1201 4989 1386 5059 inopia
1417 4999 1628 5046 temere
1655 4992 1708 5046 id
1732 4993 2046 5063 etfuderiut,

464 5073 536 5128 ad
569 5090 760 5133 eorum
793 5082 1226 5150 propositionem
1259 5097 1348 5138 me
1381 5092 1724 5152 convertam,
1754 5096 1810 5142 et
1841 5088 1928 5144 sic
1951 5105 2048 5146 eos

468 5180 663 5224 rursus
689 5171 993 5240 aggrediar.

2152 4749 2262 4803 ρως
2285 4733 2484 4796 τελεῖν,
2553 4729 2695 4787 εἶναι
2753 4733 2812 4788 δέ
2865 4750 2989 4788 τινα
3050 4735 3233 4805 μέσον,
3269 4733 3347 4797 ὡς·
3383 4733 3474 4786 καὶ
3502 4733 3602 4801 τῆς
3635 4733 3736 4786 τοῦ

2148 4822 2282 4876 Θεοῦ
2313 4823 2408 4876 καὶ
2443 4825 2652 4896 Πατρὸς
2677 4823 2836 4891 ἀξίας
2855 4825 3353 4894 ἀπολιμπάνεσθαι,
3385 4823 3481 4878 καὶ
3497 4824 3598 4894 τὴν
3621 4824 3736 4877 τῶν

2147 4913 2464 4982 κτισμάτων
2492 4913 2891 4985 ὑπεράλλεσθαι
2912 4913 3090 4978 δόξαν·
3110 4915 3446 4987 πρῶτονμὲν
3471 4915 3732 4988 ἐροῦμεν,

2146 5002 2224 5066 ὡς
2243 5003 2419 5067 οὐδεὶς
2447 5003 2634 5067 αὐτοῖς
2667 5005 2936 5077 ἐπέτρεψε
2994 5005 3154 5074 λόγος
3207 5007 3518 5077 νομοθετεῖν
3541 5005 3580 5059 ἃ
3607 5006 3738 5076 βούο

2147 5093 2332 5148 λονται
2355 5095 2452 5148 καὶ
2472 5095 2672 5149 λαλεῖν.
2701 5098 2772 5150 Ἦ
2805 5097 2913 5172 γάρ
2940 5100 3086 5169 ἡμᾶς
3123 5099 3188 5152 ὲκ
3227 5097 3336 5152 τῶν
3366 5098 3524 5170 ἱερῶν
3547 5115 3608 5150 τε
3633 5101 3736 5151 καὶ

2153 5185 2315 5240 θείων
2371 5187 2862 5260 πληροφορούντων
2919 5192 3289 5262 Γραμμάτων,
3331 5191 3365 5263 ἢ
3415 5190 3741 5262 μηδαμόθεν

469 5263 962 5354 ἓμαρτυρημένον
1008 5265 1100 5317 τὸν
1142 5264 1272 5317 ἴδιον
1316 5263 1532 5334 ἔχοντες
1566 5265 1750 5334 λόγον,
1800 5272 2248 5341 αἰσχυνέσθωσαν
2291 5279 2360 5332 τὰ
2403 5280 2514 5334 ἀπὸ
2555 5281 2782 5354 γνώμης
2825 5283 2962 5349 ίδίας
2999 5285 3092 5338 ἐπὶ
3130 5285 3311 5338 πίστει
3345 5284 3733 5353 διοριζόμενοι.

467 5347 614 5422 Πλὴν
645 5352 870 5450 ἐπείτε-ρ
899 5356 1085 5450 αυτοῖς
1113 5356 1206 5408 καὶ
1249 5354 1406 5408 τοῦτο
1445 5357 1694 5430 παρέστη
1727 5359 1788 5425 ἐξ
1826 5363 2054 5436 ἀκρίτου
2094 5367 2280 5438 λέγειν
2311 5347 2758 5442 φρενοϐλαϐείας,
2791 5377 2884 5430 ἐπὶ
2908 5347 3006 5447 την
3042 5377 3224 5432 αὐτῶν
3261 5347 3565 5450 βαδιοῦμαι-
3590 5377 3734 5447 πρό-

467 5459 646 5508 τασιν,
679 5445 791 5517 ὲρῶ
821 5446 878 5498 δὲ
906 5445 972 5516 δὴ
993 5445 1178 5500 πάλιν.

541 5533 600 5590 Si
631 5537 749 5592 sola
775 5537 1111 5606 homgenea
1141 5539 1602 5608 comparationem
1633 5542 1778 5600 inter
1815 5560 1878 5601 se
1910 5562 2035 5617 pro-

2218 5546 2284 5601 Ei.
2311 5547 2421 5619 γὰρ
2449 5551 2585 5622 μόνα
2630 5551 2700 5606 τά
2724 5553 2944 5626 ὁμοειδῆ
2984 5555 3087 5628 τὴν
3114 5559 3252 5629 πρὸς
3280 5558 3484 5630 ἄλληλα
3504 5561 3743 5633 σύγκρι-

469 5626 586 5696 prie
619 5627 982 5696 susceperint,
1013 5635 1068 5682 et
1101 5628 1340 5698 seipsum
1373 5634 1592 5705 proprie
1617 5632 1782 5705 852
1831 5635 1943 5691 Deo
1973 5652 2039 5693 ac

2150 5658 2236 5694 σιν
2262 5642 2466 5714 κυρίως
2499 5644 2567 5698 ἂν
2583 5645 2907 5713 ὲπιδέξαιτο,
2949 5626 3338 5720 συγκρίνεσθαι
3447 5651 3558 5705 δεῖν
3587 5626 3733 5708 εει-υ-

466 5718 616 5771 Patri
647 5718 956 5786 comparari
1003 5716 1176 5777 Filius
1203 5723 1399 5792 voluit.
1427 5725 1774 5796 apertissime
1801 5725 1995 5782 dicens
2022 5747 2036 5782 :

2146 5733 2237 5788 τδν
2259 5735 2464 5804 κυρίως
2497 5737 2576 5807 τῷ
2616 5737 2736 5810 Θεῷ
2780 5739 2876 5794 και
2923 5716 3105 5812 napi
3126 5742 3482 5816 δεδοκιμακεν
3511 5746 3540 5797 ι
3569 5744 3734 5808 me.

475 5827 494 5860 ι
532 5808 693 5863 Pater
723 5807 896 5876 major
931 5824 1016 5865 me
1055 5821 1158 5880 est,
1193 5829 1216 5866 δ
1256 5818 1534 5886 quomodo
1562 5832 1790 5875 necesse
1816 5831 1930 5876 non
1955 5827 2040 5876 est

2149 5823 2462 5895 σαφέστατα
2493 5824 2686 5894 λέγων’
2708 5807 2732 5880 ἰ
2753 5829 2813 5882 Ὀ
2836 5829 3026 5900 Πατὴρ
3043 5807 3260 5902 μείζων
3281 5807 3382 5903 μου
3405 5829 3542 5901 ἔστι,
3557 5849 3574 5882 ι
3602 5807 3737 5896 πῶς
