4006 6416
192 373 303 437 335
1056 421 1061 426 -
1263 380 1332 440 IN
1361 376 1651 443 JOANNIS
1677 376 1783 442 EV.’

1886 376 2133 440 3ELIUM
2170 380 2300 439 LIB.
2346 385 2418 445 Χ.
3371 393 3479 450 326

191 498 295 552 οὐκ
317 494 543 566 ἀναγκη
578 489 823 550 τοιοῦτον
844 493 1083 550 νοεῖσθαι
1106 496 1203 551 καὶ
1222 496 1312 555 τὸν
1340 496 1582 569 Πατέρα,
1613 497 1783 558 ὁποῖος

1899 495 2063 551 talem
2086 512 2309 567 quoque
2344 497 2567 553 Patrem
2593 504 2832 567 censeri,
2857 501 3037 574 qualis
3061 518 3091 556 a
3120 502 3277 560 Vobis
3302 505 3477 564 l-‘ibus

193 588 261 641 ἃν
289 586 511 655 λέγοιτο
526 588 659 660 παρ’
710 586 868 658 ὑμῶν
914 589 945 641 ὁ
996 587 1160 656 Υἱός;
1195 588 1307 642 Καὶ
1338 589 1391 643 τί
1421 588 1482 642 τὸ
1507 587 1783 653 ἑντεῦθενς

1892 585 2136 642 dicitur?
2163 589 2237 643 At
2269 590 2531 660 quidnam
2562 591 2691 649 inde
2719 594 3009 664 sequitur?
3041 594 3233 653 Omnis
3263 597 3357 652 illa
3383 615 3477 655 ve-

193 677 363 733 Ὅλον
397 679 529 749 ὑμῖν
559 680 644 743 είς
680 679 743 733 τὸ
792 680 961 751 μηδὲν
1011 680 1381 753 καταστρέφει
1409 680 1473 733 τὸ
1505 677 1783 751 θεώρημα.

1893 686 2012 735 stra
2061 680 2117 735 in
2166 680 2402 737 nihilum
2443 683 2557 738 abit
2615 686 2942 755 propositio.
3000 687 3287 753 Quatenus
3327 690 3478 746 enim

194 770 347 834 Ἕως
417 771 518 842 μὲν
546 771 658 842 γάρ
687 771 891 843 μείζων
943 771 1164 841 λέγεται
1185 771 1281 825 τοῦ
1329 772 1458 826 Υἱοῦ
1483 773 1615 843 παρ’
1639 770 1783 842 ὑμῶν

1892 768 2057 826 Pater
2092 785 2123 825 a
2163 772 2317 828 vobis
2362 773 2538 843 major
2572 772 2711 830 Filio
2742 775 2971 844 dicitur,
3001 785 3255 833 creatura
3290 790 3477 835 autem

194 863 469 935 ὁΠατὴρ,
526 865 561 933 η
622 863 681 917 δὲ
737 863 917 929 κτίσις
968 864 1229 928 ἐλάττων,
1276 864 1416 935 μέση
1449 882 1534 928 τις
1569 861 1639 936 ἦν
1669 865 1783 919 καθ’

1893 862 2095 925 minor,
2132 863 2309 918 media
2340 864 2591 933 quaedam
2619 872 2706 921 est
2749 880 2814 922 es
2849 869 3122 923 sententia
3153 876 3335 925 vestra
3374 884 3475 924 na-

201 955 339 1023 ὓμᾶς
374 955 411 1025 ἡ
438 954 538 1008 τοῦ
580 954 924 1024 Μονογενοῦς
981 955 1162 1025 φύσις.
1197 954 1712 1025 Καταὸιὸασθείσης
1733 954 1783 1009 δὲ

1894 962 2017 1007 tura
2052 952 2355 1023 Unigeniti.
2406 955 2621 1012 Natura
2669 968 2853 1013 autem
2892 959 3074 1015 Patris
3122 961 3177 1014 in
3215 958 3338 1015 Filii
3376 976 3478 1015 na-

199 1048 293 1117 τῆς
308 1045 416 1099 τοῦ
434 1047 655 1116 Πατρὸς
677 1048 759 1109 είς
778 1046 881 1118 τὴν
899 1046 1053 1114 Υιοῦ,
1066 1046 1210 1110 τίνος
1229 1046 1382 1099 ἔσται
1405 1045 1569 1115 μέσος
1580 1044 1789 1111 λοιπὸν,

198 1139 289 1191 οὐκ
315 1137 480 1201 ἤντος
529 1138 611 1192 ἔτι
656 1137 753 1192 τοῦ
798 1138 1201 1210 ὑπερκειμένου
1245 1139 1342 1193 καὶ
1389 1139 1786 1211 ὑπερέχοντος;

1894 1051 2073 1100 turam
2101 1045 2388 1116 depressa,
2420 1047 2712 1118 cujusnam
2745 1049 2963 1107 tandem
3010 1053 3119 1108 erit
3161 1052 3398 1117 medius,
3430 1053 3478 1108 si

1894 1153 2003 1193 non
2043 1140 2117 1192 sit
2146 1140 2240 1208 qui
2270 1155 2443 1211 supra
2466 1141 2541 1197 sit
2572 1143 2791 1214 positus
2817 1152 2873 1199 et
2897 1144 3178 1199 emineat?
3205 1144 3364 1211 Quod
3405 1146 3477 1207 si,

194 1232 253 1284 Εἰ
282 1230 365 1291 δὲ,
397 1230 543 1285 καθά
571 1231 851 1303 φησιν,ὠς
887 1233 1157 1303 ὁμογενὴς
1183 1232 1441 1302 ὁμογενεῖ
1484 1231 1564 1302 τῷ
1614 1232 1783 1303 Πατρὶ

1895 1235 1954 1280 ιιι
1983 1229 2163 1292 aiunt,
2207 1236 2267 1283 ut
2312 1229 2690 1301 bomogeneus
2736 1230 2885 1288 Patri
2922 1241 3304 1304 comparatur,
3335 1249 3475 1304 quo«

192 1323 573 1392 συγκρίνεται,
630 1322 751 1387 πῶς
796 1323 897 1394 οὐχ
955 1317 1036 1387 εἷς
1065 1322 1154 1378 ἐπ’
1183 1324 1387 1393 ἀμφοῖν
1421 1325 1450 1377 ὁ
1477 1324 1578 1394 τῆς
1601 1323 1783 1387 οὐσίας

1891 1321 2056 1376 modo
2084 1336 2197 1377 non
2226 1336 2336 1376 una
2364 1322 2421 1376 in
2450 1323 2724 1382 ambobus
2770 1324 2876 1381 erit
2910 1325 3240 1383 substantia:
3288 1326 3476 1382 ratio!

186 1412 343 1466 ἔσται
390 1412 584 1482 λόγος;
637 1412 1077 1485 Παραιτούμενοι
1126 1413 1184 1468 δὲ
1206 1413 1298 1466 τὸν
1327 1412 1458 1468 Υίὸν
1504 1413 1790 1484 ὁμοούσιον

185 1503 468 1575 ὑπάρχειν
488 1505 779 1576 ὁμολογεῖν
827 1505 907 1577 τῷ
940 1507 1138 1579 “arpi,
1170 1505 1343 1559 τιθεῖν
1369 1506 1427 1560 δὲ
1452 1506 1655 1577 μᾶλλον
1688 1508 1788 1562 αύ-

191 1594 293 1646 τὸν
333 1595 401 1647 ὲν
448 1594 727 1657 ἐλάττοσι,
777 1595 875 1649 καί⁵
919 1594 1025 1662 τὴν
1044 1594 1142 1649 τοῦ
1169 1595 1381 1668 Πατρὸς
1405 1597 1788 1652 κατεσπάσατε

180 1683 347 1749 δόξαν
388 1686 477 1749 εἰς
511 1684 619 1757 τὴν
656 1684 757 1740 τοῦ
799 1686 925 1740 καθ’
952 1687 1100 1758 ὑμᾶς
1128 1687 1410 1751 ἐλάττονός
1431 1705 1490 1741 τε
1523 1690 1617 1743 καὶ
1640 1704 1793 1759 μειο-

1889 1410 2027 1466 Cum
2055 1421 2241 1469 autem
2276 1413 2460 1472 Patris
2491 1417 2729 1488 gloriam
2761 1419 2829 1473 ad
2876 1419 2999 1489 ejus
3048 1422 3139 1491 qui
3180 1435 3250 1475 ex
3292 1429 3477 1475 vestra

1892 1506 2167 1559 sententia
2218 1507 2401 1559 minor
2451 1494 2561 1574 est,
2613 1507 2842 1578 gloriam
2891 1506 3224 1572 deducatis,
3272 1505 3474 1561 Filium

1890 1598 2427 1655 consubstantialem
2476 1615 2604 1657 esse
2646 1600 2797 1657 Patri
2859 1599 3020 1661 fateri
3065 1601 3338 1663 nolentes,
3380 1598 3476 1654 sed

1889 1704 2014 1743 eum
2071 1690 2259 1759 potius
2324 1690 2594 1747 minorem
2651 1706 2775 1749 esse
2843 1700 3179 1759 statuentes,
3225 1688 3477 1761 nunquid

183 1775 584 1846 νεκτουμένου,
637 1772 730 1849 ἆρ’
772 1779 873 1850 οὐχ
920 1781 1083 1852 ὁρᾶτε
1137 1778 1325 1833 λοιπὸν
1354 1778 1600 1851 ἀκάνθης
1631 1780 1783 1852 δίκην

1891 1781 2067 1851 Spinae
2092 1783 2271 1838 instar
2297 1798 2659 1840 succrescere
2693 1784 3093 1853 blasphemiam
3130 1782 3476 1839 animadver-

181 1867 596 1923 ἀνατέλλουσαν
647 1868 750 1940 τὴν
797 1869 1160 1940 δυσφημίανς
1208 1864 1339 1941 'Ap’
1387 1869 1511 1941 οὐχὶ
1536 1869 1663 1943 ῥίζα
1696 1887 1783 1926 πι-

1886 1874 2045 1930 titis?
2093 1873 2284 1931 Nonne
2339 1876 2496 1931 radix
2552 1875 2942 1931 amaritudinis
2990 1891 3216 1932 sursum
3272 1875 3476 1946 germi-

179 1959 353 2030 κρίας
383 1958 505 2014 ἀνω
536 1959 752 2029 φύουσα
804 1961 906 2032 τὴν
946 1961 1055 2015 τῶν
1083 1960 1230 2017 οὕτω
1257 1963 1616 2032 διακειμένων
1649 1980 1779 2035 καρ-

178 2052 302 2106 δίαν
333 2052 710 2123 παρενοχλεῖς
773 2053 841 2106 Τί
892 2053 1096 2121 τοίνυν,
1122 2054 1358 2124 ἀφέντες
1394 2054 1489 2107 τὸν
1520 2054 1656 2125 εὐθῆ
1684 2054 1787 2125 τῆς

177 2141 453 2212 ἀληθείας
477 2141 663 2212 λόγον,
708 2144 792 2207 εἰς
849 2143 1128 2213 τοσαύτην
1148 2144 1385 2198 ἀτοπίαν
1413 2143 1789 2214 παρελαύνετε

175 2232 514 2303 λογισμῶνς
543 2235 674 2289 Δότε
704 2234 793 2307 δὴ,
845 2235 967 2290 δότε
1000 2234 1078 2306 τῷ
1109 2237 1365 2307 ὁμογενεῖ
1407 2236 1531 2290 καθ’
1558 2236 1703 2308 ὑμᾶς
1726 2236 1807 2289 τὸ.

175 2326 235 2377 ἐν
270 2324 495 2396 ἰσότητι
527 2324 747 2379 κεῖσθαι
807 2325 905 2380 τοῦ
953 2325 1093 2380 Θεοῦ
1122 2327 1217 2380 καὶ
1249 2325 1482 2398 Πατρός,
1499 2326 1658 2381 οὕτω
1678 2326 1788 2397 γὰρ

175 2408 259 2479 εἷς
319 2416 489 2471 ἔσται
534 2416 690 2481 Θεὸς,
739 2417 801 2471 ἐν
856 2416 992 2490 ἁγίᾳ
1033 2435 1093 2473 τε
1156 2419 1254 2472 καὶ
1296 2419 1571 2490 ὁμοουσίῳ
1596 2419 1787 2490 ἰ’ριάδι

176 2503 679 2576 ⁶προσκυνούμενος
700 2522 762 2559 τε
798 2507 894 2560 καὶ
934 2506 1415 2580 δοξολογούμενοςς
1430 2510 1571 2580 πρός
1600 2527 1661 2563 τε
1684 2510 1789 2582 ἤδη

176 2593 341 2665 ἡμῶν
367 2594 569 2649 αὐτῶν
586 2596 683 2649 καὶ
707 2595 821 2651 τῶν
853 2597 1029 2666 ἁγίων
1055 2599 1329 2668 ἀγγέλων.

246 2688 364 2742 Καὶ
388 2687 521 2742 νῦν
558 2688 779 2757 almam
821 2689 968 2760 ὑμῖν
991 2691 1137 2759 πρὶν
1178 2693 1481 2763 γενέσθαι,
1510 2693 1613 2748 ἵνα
1639 2694 1787 2749 ὅταν

178 2779 433 2851 γένηται
455 2781 856 2850 πιστεύσητε.

256 2871 545 2941 ’Δσφαλὲς
569 2872 829 2945 ἐνέχυρον
849 2874 961 2929 τῶν
1000 2874 1224 2930 ἔσεσθαι
1254 2876 1724 2949 προσδοκωμένων
1752 2875 1790 2947 ἰι

186 2967 305 3037 περὶ
342 2965 545 3020 αὐτῶν
603 2966 803 3037 ὁρᾶται
851 2967 1178 3040 πρόρρησις.
1229 2969 1451 3023 Βεὸαιοῖ
1493 2969 1786 3042 τοιγαροῦν

191 3055 285 3108 τῶν
337 3052 622 3127 μαθητῶν
665 3056 769 3125 τὴν
820 3058 1074 3129 καρδίαν,
1105 3060 1205 3114 καὶ
1253 3059 1538 3131 ἀραρότως
1567 3061 1788 3131 φρονεῖν

194 3148 475 3202 ἀναπείθει
501 3148 765 3221 Χριστὸς,
806 3150 1001 3223 ὅτιπερ
1038 3152 1251 3207 ἄνεισιν
1282 3152 1502 3223 ἀληθῶς
1526 3154 1663 3226 πρὸς
1690 3154 1786 3209 τὸν

1888 1980 2030 2020 nans
2061 1981 2254 2022 eorum
2291 1967 2386 2038 qui
2436 1968 2509 2023 ita
2554 1967 2802 2024 sentiunt
2849 1983 2949 2024 cor
2989 1966 3306 2023 obturbat?
3363 1966 3477 2022 Cur

1887 2055 2094 2127 itaque,
2123 2057 2321 2114 relicta
2350 2059 2600 2116 veritatis
2625 2067 2774 2115 recta
2808 2059 3125 2126 ratione,in
3149 2067 3356 2115 tantam
3387 2073 3476 2112 ra-

1888 2149 2307 2204 tiocinationqu
2332 2150 2735 2206 absurditatem
2759 2149 3076 2207 deﬁcetitis?
3091 2149 3246 2216 Date,
3263 2163 3473 2220 quaeso,

1886 2239 2017 2297 date
2045 2241 2413 2313 homogeneo,
2455 2251 2519 2298 ut
2541 2243 2732 2308 vultis,
2770 2240 2936 2309 Filio,
2966 2258 3091 2298 cum
3126 2241 3238 2297 Deo
3277 2255 3343 2297 ac
3372 2237 3476 2294 Pa-

1888 2341 1972 2389 tre
2005 2335 2400 2405 aqualitatem.
2444 2332 2537 2390 Sic
2562 2335 2711 2391 enim
2739 2350 2884 2391 unus
2908 2335 3015 2391 erit
3048 2333 3193 2391 Deus
3228 2348 3390 2405 quem
3421 2334 3477 2388 in

1887 2437 2078 2483 sancta
2113 2436 2168 2483 et
2193 2428 2663 2484 consubstantiali
2697 2426 2994 2495 Trinitate,
3032 2442 3160 2483 cum
3200 2443 3305 2484 nos
3348 2427 3475 2497 ipsi,

1887 2529 2002 2575 tum
2037 2519 2218 2576 sancti
2249 2519 2455 2591 angeli,
2482 2518 2782 2578 adoramus
2811 2529 2867 2576 et
2892 2518 3291 2593 gloriﬁcamus.

1958 2687 2102 2753 XIV,
2131 2690 2221 2747 99.
2264 2686 2334 2745 Et
2373 2708 2513 2747 nunc
2550 2692 2666 2747 dixi
2694 2692 2842 2748 vobis
2866 2693 3185 2764 priusquam
3229 2693 3369 2765 ﬁat,
3416 2700 3476 2747 ut

1887 2795 2010 2834 cum
2034 2780 2242 2850 factum
2275 2780 2460 2851 fuerit,
2491 2781 2748 2838 credatis.

1956 2870 2181 2928 Certum
2212 2876 2411 2946 pignus
2441 2890 2631 2931 eorum
2659 2890 2782 2946 quae
2817 2872 2935 2931 fore
2960 2889 3250 2946 speramus
3277 2888 3473 2930 eorum

1886 2971 1973 3020 est
2003 2965 2307 3035 praedictio.
2352 2965 2662 3022 Conﬁrmat
2709 2967 2875 3037 igitur
2919 2981 3020 3023 cor
3048 2967 3472 3039 discipulorum,

1887 3067 1943 3113 et
1982 3056 2214 3113 ﬁrmiter
2241 3058 2468 3115 credere
2503 3058 2667 3130 jubet
2698 3057 2958 3115 Christus
2998 3075 3058 3115 se
3096 3075 3224 3116 vere
3276 3060 3340 3115 ad
3375 3058 3478 3114 l’a-

1887 3155 2029 3203 trem
2059 3147 2345 3203 cielestem
2376 3148 2605 3216 reverti,
2637 3156 2997 3220 regnaturum
3025 3164 3151 3204 cum
3195 3164 3266 3205 eo
3311 3156 3478 3220 atque

187 3240 241 3293 ὲν
260 3244 379 3305 τοῖς
404 3240 664 3313 οὐρανοῖς
692 3242 921 3312 Πατέρα
940 3221 1038 3298 καὶ
1063 3221 1691 3316 Θεὸνβυμῦασιλεύσων
1727 3264 1783 3301 τε

1896 3252 2002 3292 una
2035 3252 2464 3306 consessurum,
2493 3247 2552 3295 ut
2580 3239 2678 3308 qui
2708 3237 2853 3296 Deus
2884 3239 2978 3308 sit,
3012 3248 3066 3296 et
3100 3255 3169 3295 ex
3217 3238 3337 3312 ipso
3385 3255 3477 3295 se-

184 3332 327 3404 αύτῷ
346 3334 452 3388 καὶ
480 3332 878 3406 συνεδρεύων,
910 3335 988 3400 ὼς
1025 3336 1183 3400 Θεὸς,
1220 3338 1319 3393 καὶ
1356 3337 1417 3403 ἐξ
1442 3338 1611 3392 αὑτοῦ
1643 3339 1788 3394 κατά

180 3428 341 3493 φύσιν
364 3426 451 3490 ὡς
472 3424 614 3491 Θεὸς
635 3427 1062 3499 γεγεννημένος.
1103 3428 1199 3502 Μὴ
1235 3429 1347 3502 γὰρ
1371 3429 1460 3501 δὴ,
1494 3430 1652 3503 φησι,
1683 3431 1787 3504 τὴν

178 3518 317 3589 ἐμὴν
349 3517 677 3589 ἀπόλειψιν,
735 3519 837 3592 τὴν
891 3522 1036 3575 κατά
1065 3521 1253 3593 σάρκα
1268 3524 1366 3577 καί
1386 3525 1608 3595 ἐμφανῆ
1638 3526 1788 3594 (συν-

179 3609 376 3681 έσομαι
396 3609 516 3681 γὰρ
545 3611 700 3681 ὑμῖν,
724 3611 803 3676 ὡς
831 3611 987 3676 Θεὸς,
1020 3613 1113 3668 διά
1138 3614 1388 3687 παντὸς),
1422 3616 1485 3669 ὲν
1514 3615 1614 3688 ἴσῳ
1638 3616 1786 3685 λογί-

180 3702 348 3773 σησθε
370 3703 479 3774 τῆς
513 3703 626 3760 τῶν
653 3703 832 3774 ἁγίων
857 3706 1180 3778 προφητῶν.
1212 3710 1276 3762 Οἱ
1307 3707 1409 3779 μὲν
1438 3698 1573 3781 γὰρ,
1594 3710 1693 3764 ἅτε
1719 3709 1785 3782 δὴ

180 3794 276 3848 καὶ
293 3795 407 3848 ἀπὸ
434 3796 545 3866 γῆς
599 3796 889 3865 γεγονότες
936 3798 1033 3852 καὶ
1063 3800 1132 3869 τῇ
1185 3798 1294 3871 ἰδίᾳ
1330 3799 1499 3868 φύσει
1516 3801 1579 3854 τὸ
1605 3799 1786 3872 χρεὼν

179 3887 579 3952 ἀποτίσαντες,
608 3889 1020 3960 συνεστάλησαν
1070 3907 1135 3944 τε
1165 3892 1263 3945 καὶ
1294 3892 1683 3964 κεχωρήκασιν
1703 3893 1784 3957 at;

180 3980 266 4033 τὸν
294 3980 625 4053 ἀνθρώποις
649 3981 933 4053 πρέποντα
954 3982 1122 4054 νόμον
1146 4000 1160 4015 ⁸
1197 3983 1331 4047 Θεὸς
1361 3983 1418 4037 δὲ
1446 3988 1591 4040 κατὰ
1619 3985 1783 4055 φύσιν

189 4069 449 4141 ὑπάρχων
498 4069 637 4141 ἐγὼ,
687 4072 794 4126 οὐκ
849 4073 911 4127 ὲν
954 4072 1061 4145 (mp
1090 4074 1275 4146 μέτρῳ
1307 4077 1423 4139 τοῖς
1440 4075 1508 4129 δι’
1539 4076 1783 4147 ὶμαυτοῦ

187 4165 432 4233 γεγονόσι
486 4165 766 4236 κείσομαι,
785 4164 881 4219 τὸν
911 4164 1017 4235 τῆς
1063 4164 1417 4231 ἀναστάσεως
1462 4166 1782 4238 περιμένων

184 4257 368 4328 καιρόν
395 4271 412 4286 ο
441 4254 525 4321 ζῶ
543 4256 657 4327 γάρ
685 4257 795 4321 ἀεὶ,
823 4255 938 4329 ζωὴ
979 4256 1125 4311 κατά
1165 4256 1331 4326 φύσιν
1358 4257 1659 4329 ὑπάρχωνο
1686 4260 1782 4313 καὶ

182 4347 477 4401 ἀποστελῶ
490 4349 589 4401 τὸν
612 4348 1005 4420 Μράκλητον,
1036 4347 1290 4403 ἐπιδώσω
1324 4349 1385 4403 δὲ
1411 4349 1540 4421 ὑμῖν
1567 4351 1662 4404 καὶ
1704 4353 1782 4405 εί-

187 4442 351 4512 ρήνην
377 4442 489 4511 τὴν
515 4442 681 4513 ἐμὴν,
729 4442 827 4496 καὶ
870 4442 935 4495 οὐ
988 4440 1381 4513 ὁιαψεύσομαι,
1411 4442 1644 4499 ἀλλ’ἵνα
1680 4460 1778 4498 τυ-

1888 3330 2134 3386 cundum
2181 3339 2440 3387 naturam
2490 3339 2556 3387 ut
2596 3330 2743 3389 Deus
2782 3331 3028 3405 genitus.
3072 3329 3188 3388 Nec
3230 3333 3377 3388 enim
3408 3332 3480 3389 de

1886 3439 2008 3480 mea
2045 3424 2324 3490 absentia,
2372 3424 2578 3497 inquit,
2610 3425 2918 3482 secundum
2954 3440 3178 3482 carnem
3235 3428 3479 3497 (semper

1886 3518 2035 3574 enim
2066 3519 2352 3576 vobiscum
2386 3534 2507 3584 ero,
2539 3528 2602 3575 ut
2652 3517 2847 3591 Deus),
2881 3518 3112 3589 perinde
3142 3532 3207 3573 ac
3237 3517 3306 3573 de
3347 3534 3478 3573 san-

1887 3619 2103 3665 ctorum
2127 3613 2526 3683 prophetarum
2555 3611 2805 3668 absentia
2834 3610 3103 3682 judicate.
3130 3610 3196 3665 Hi
3220 3611 3478 3680 enim,de

1885 3707 2036 3757 terra
2066 3700 2275 3757 conditi
2308 3709 2363 3757 et
2401 3717 2515 3757 suae
2543 3709 2760 3757 naturae
2783 3701 3031 3758 debitum
3071 3701 3475 3772 persolventes,

1886 3793 2158 3849 subtracti
2195 3802 2346 3857 sunt,
2388 3800 2445 3849 et
2484 3792 2659 3865 legem
2692 3792 3012 3850 hominibus
3050 3793 3474 3850 convenientem

1885 3884 2163 3941 inierunt:
2211 3884 2360 3941 Deus
2386 3892 2570 3940 autem
2599 3900 2722 3940 cum
2760 3900 2862 3956 ego
2896 3884 3005 3942 sim
3033 3883 3338 3942 secundum
3371 3900 3472 3939 na-

1885 3987 2092 4041 turam.
2126 3992 2237 4033 non
2263 3978 2494 4048 perinde
2538 3992 2606 4033 ac
2652 3978 2910 4035 homines
2950 3993 3049 4050 per
3077 3993 3165 4034 me
3192 3976 3349 4047 facti,
3385 3994 3475 4034 re-

1884 4072 2250 4129 surrectionis
2295 4079 2514 4142 tempus
2555 4070 2930 4143 exspectabo:
2982 4070 3107 4126 vivo
3137 4070 3285 4126 enim
3325 4085 3474 4125 sem-

1884 4181 2001 4236 per,
2035 4165 2143 4219 vita
2172 4180 2299 4220 cum
2330 4163 2434 4220 sim
2465 4163 2772 4220 secundum
2813 4172 3109 4232 naturam;
3155 4170 3210 4218 et
3256 4162 3471 4216 mittam

1882 4254 2254 4321 Paracletum,
2306 4268 2601 4324 meamque
2640 4251 2801 4309 vobis
2846 4265 3036 4322 pacem
3078 4250 3244 4318 dabo,
3294 4265 3476 4321 neque

1882 4349 2143 4415 mentiar,
2177 4347 2271 4404 sed
2308 4355 2367 4403 ut
2417 4345 2812 4418 promissionis
2858 4352 3146 4416 compotes
3192 4351 3247 4399 et
3291 4342 3472 4399 sancti

1884 4441 2127 4514 Spiritus
2171 4439 2337 4512 853
2387 4439 2652 4495 illustrati
2710 4436 2913 4509 gratia,
2967 4452 3089 4492 mea
3123 4436 3292 4491 verba
3341 4450 3471 4490 vera

182 4532 363 4602 xm;
390 4532 498 4603 τῆς
532 4532 871 4603 ἐπαγγελίας
894 4533 987 4588 καὶ
1024 4534 1093 4606 τῇ
1127 4532 1226 4588 τοῦ
1268 4533 1439 4607 ἀγίου,
1459 4534 1779 4605 Πνεύματος

1886 4550 2006 4590 esse
2067 4532 2373 4598 fateamini,
2416 4532 2474 4586 in
2508 4529 2978 4590 recordationem,
3025 4529 3107 4582 uti
3146 4527 3285 4590 dixi,
3323 4525 3473 4581 facto

184 4620 671 4697 λελαμπρυσμένοι
716 4626 925 4699 χάριτι,
947 4629 1065 4690 τοῖς
1118 4628 1274 4699 ἀμοῖς
1295 4626 1477 4696 λόγοις
1509 4629 1778 4702 ὲπιψηφί·

1886 4626 1966 4682 rei
2022 4624 2272 4697 periculo
2307 4622 2552 4687 adducti,
2586 4630 2644 4677 et
2691 4633 2752 4676 ut
2802 4620 3037 4676 ﬁrmiter
3087 4616 3335 4673 credatis
3384 4633 3475 4670 rue

184 4716 337 4771 σεσθε
355 4717 464 4788 τὴν
484 4716 767 4789 ἀλήθειαν,
789 4719 873 4783 είς
890 4719 1223 4791 ἀνάμνησιν,
1239 4719 1316 4784 ὡς
1333 4719 1492 4791 ἔφην,
1521 4722 1660 4791 μετὰ
1678 4723 1780 4795 τὴν

1886 4733 1988 4773 una
2036 4732 2162 4772 esse
2208 4730 2273 4770 ac
2321 4714 2489 4772 simul
2519 4728 2646 4769 cum
2675 4710 2840 4767 Patre
2878 4727 3134 4783 regnare,
3186 4710 3291 4765 ista
3328 4724 3470 4778 prmo

180 4810 373 4880 πεῖραν
428 4808 744 4880 ἐρχόμενοι,
799 4811 898 4865 καὶ
950 4810 1039 4864 ἵνα
1080 4811 1414 4883 πιστεύσητε
1448 4814 1780 4885 πεπηγότως

183 4897 260 4953 ὁτι
300 4899 528 4970 σύνειμι
555 4901 653 4954 καὶ
714 4901 1105 4973 συμΰασιλεύω
1152 4902 1234 4975 τῷ
1284 4903 1483 4974 Ila-cpi,
1535 4906 1778 4976 προδιεί-

180 4988 380 5063 λεγμαι
403 4991 570 5045 ταυτὶ
609 4992 708 5045 καὶ
732 4991 1011 5064 λελάληκα
1039 4993 1179 5066 πρὸς
1209 4994 1377 5066 ὑμᾶς.
1419 4994 1779 5068 Ἐξεγγυήσε-

178 5099 262 5137 ται
288 5084 395 5154 τὴν
420 5085 482 5137 ὲν
502 5085 616 5147 τοῖς
649 5085 969 5158 εἰρημένοις
986 5085 1251 5157 ἀλήθειαν
1281 5087 1461 5141 τοίνυν
1479 5088 1580 5159 τῆς
1605 5089 1780 5158 ἐπατ-

178 5174 364 5243 γελίας
386 5175 453 5228 τὸ
484 5175 682 5246 πέρας.
716 5174 782 5230 Εἰ
820 5176 929 5248 γάρ
954 5178 1031 5250 μὴ
1053 5178 1190 5250 ζωὴ,
1222 5181 1408 5252 φησὶν,
1456 5183 1506 5234 εί
1543 5180 1618 5252 μὴ
1654 5197 1779 5234 συν-

179 5263 381 5338 εδρεύω
405 5263 489 5336 τῷ
511 5264 635 5337 Θεῷ
671 5267 770 5320 καὶ
809 5266 1010 5340 Πατρῖ,
1056 5268 1183 5334 πῶς
1214 5269 1283 5324 ἂν
1319 5270 1484 5335 αὐτὸς
1529 5271 1776 5342 ἐπιδοίην

182 5360 244 5415 τὰ
265 5360 391 5416 θεῖα
425 5361 523 5415 καὶ
565 5362 916 5432 πνευματικά
967 5363 1326 5435 χαρίσματα;
1389 5363 1643 5435 Διανεμῶ
1692 5364 1771 5430 δὲ,

181 5451 428 5525 καθάπερ
470 5453 845 5525 ὲπήγγελμαι,
911 5454 1209 5526 χορηγήσω
1236 5454 1294 5507 δὲ
1336 5456 1430 5509 καὶ
1458 5455 1521 5509 τὸ
1548 5455 1775 5526 Πνεῦμα

183 5545 268 5597 καὶ.
299 5545 403 5613 τὴν
454 5545 702 5615 εἰρήνην.
745 5540 879 5598 Εἶτα
927 5545 1049 5610 πῶς
1104 5545 1207 5598 οὐκ
1264 5545 1639 5616 ἀναμφίλογον
1686 5547 1771 5600 ὃτι

182 5632 287 5709 ζωή
338 5639 459 5708 εἰμι
506 5637 602 5691 καὶ
649 5635 1036 5708 συμϐασιλεύω
1076 5634 1215 5709 μετὰ
1244 5636 1500 5709 Πατρὸς;
1553 5639 1627 5692 Οὐ
1659 5638 1771 5712 γὰρ

183 5725 268 5779 τοῦ
297 5728 373 5800 μὴ
398 5727 577 5791 ὄντος,
604 5725 640 5798 ἢ
678 5726 846 5799 μηδὲν
895 5726 1171 5797 ἰσχύοντος
1215 5727 1378 5801 ἔργον
1408 5731 1549 5794 ἐστὶ,
1567 5730 1629 5785 τὸ
1656 5732 1769 5795 τοῖς

185 5814 341 5882 θείοις
385 5816 879 5889 καταλαμπρύνειν
924 5818 1230 5891 χαρίσματι
1283 5819 1412 5883 τοὺς
1431 5818 1767 5888 ἀγαπῶντας

1879 4810 1997 4865 dixi
2044 4816 2100 4863 et
2139 4809 2357 4864 locutus
2404 4822 2527 4861 sum
2569 4806 2751 4862 vobis.
2791 4804 3092 4883 Veritatem
3142 4802 3310 4875 igitur
3349 4818 3470 4857 ser-

1878 4916 2105 4958 monum
2157 4900 2547 4973 promissionis
2577 4900 2762 4956 exitus
2792 4896 3203 4969 comprobabit.
3242 4892 3379 4949 Nam
3420 4893 3472 4950 si

1878 4993 1990 5048 vita
2020 5008 2131 5048 non
2158 5007 2302 5057 sum,
2325 4990 2526 5062 inquit,
2560 4989 2608 5047 si
2637 5004 2748 5046 non
2782 5005 2892 5045 una
2918 5003 3044 5044 cum
3075 4986 3189 5043 Deo
3207 5001 3272 5042 ac
3303 4982 3471 5040 Patre

1877 5087 2073 5152 sedeo,
2097 5100 2341 5156 quonam
2380 5092 2544 5155 pacto
2571 5084 2692 5155 ipse
2718 5078 2912 5137 divina
2936 5089 2993 5137 et
3016 5080 3291 5152 spiritalia
3324 5076 3471 5132 dona

1876 5180 2124 5237 dederim
2152 5183 2177 5233 ἲ
2208 5177 2554 5234 Distribuam
2598 5190 2751 5240 vero,
2790 5174 2955 5231 sicuti
2993 5171 3244 5244 promisi,
3277 5178 3333 5225 et
3358 5171 3472 5223 lar-

1876 5276 1996 5346 giar
2036 5272 2302 5344 Spiritum
2332 5279 2389 5327 et
2419 5285 2634 5342 pacem.
2663 5268 2733 5321 At
2760 5264 3040 5338 quomodo
3088 5279 3198 5318 non
3252 5268 3470 5316 certum

1875 5378 1931 5422 et
1963 5365 2331 5421 indubitatum
2370 5372 2455 5418 est
2494 5376 2583 5417 me
2628 5361 2796 5416 vitam
2828 5374 2974 5420 esse,
3007 5363 3065 5411 et
3092 5366 3322 5425 regnare
3356 5366 3470 5406 una

1875 5466 2002 5508 cum
2033 5452 2230 5508 Patre?
2257 5451 2468 5506 Divinis
2495 5451 2698 5520 quippe
2725 5447 2888 5503 donis
2921 5446 3207 5500 illustrare
3237 5441 3471 5513 diligen-

1875 5553 1959 5600 tes
1997 5559 2079 5609 se,
2123 5559 2264 5614 opus
2316 5560 2425 5598 non
2460 5550 2547 5598 est
2592 5541 2716 5611 ejus
2748 5540 2860 5611 qui
2912 5552 3021 5592 non
3067 5533 3162 5603 sit,
3188 5541 3286 5588 aut
3325 5532 3469 5587 nihil

1873 5636 2073 5709 possit.
2108 5637 2205 5693 sed
2239 5636 2359 5707 ejus
2389 5635 2484 5707 qui
2508 5642 2596 5690 est
2622 5647 2686 5688 ac
2716 5638 2919 5703 potest,
2952 5643 3018 5684 ac
3047 5628 3102 5683 in
3134 5636 3465 5700 perpetuum

1871 5737 2088 5799 regnat.
2139 5727 2293 5796 Quod
2344 5743 2479 5799 ergo
2516 5740 2629 5782 non
2682 5723 2890 5780 frustra
2928 5736 3114 5777 rerum
3150 5721 3464 5776 futurarum

1870 5818 2287 5892 praedictionem
2338 5817 2554 5886 fecerit,
2598 5816 2686 5874 his
2726 5814 2913 5875 verbis
2955 5812 3145 5871 docuit
3184 5811 3463 5870 Christus.
