4006 6422
551 361 654 415 5‘27

1589 363 1648 418 S.
1677 362 1959 418 'CYBILLI
2000 363 2472 422 ALEXANDRINI
2505 361 2828 421 ARCHIEP.‘

3717 365 3814 421 δειει

554 479 625 534 Ut
651 481 798 536 enim
843 480 1136 536 certiorem
1165 477 1294 549 ejus
1332 479 1413 536 rei
1462 477 1622 534 ﬁdem
1653 478 1940 543 haberem,
1977 495 2120 535 reno

2241 481 2429 548 αὑτὸν,
2478 481 2616 536 ἀλλὰ
2645 481 2740 535 τοῦ
2769 481 2925 543 δντος
2961 488 3020 532 τε
3055 476 3147 533 καὶ
3175 479 3497 551 δυναμένου,
3525 478 3625 535 καὶ
3655 481 3816 536 εἰσαεὶ

550 585 677 626 vata
734 588 920 628 rerum
956 582 1084 628 ante
1109 574 1513 643 promissarum
1557 573 1822 626 memoria
1869 587 1995 626 cum
2035 573 2134 627 do-

2237 572 2636 643 βασιλεύοντος.
2663 575 2788 626 Ὀτι
2809 573 2990 626 τοίνυν
3017 571 3116 625 οὐκ
3145 573 3368 636 εἰκαίως
3396 572 3494 644 τὴν
3521 573 3818 645 πρόρῤησιν

552 679 748 718 norum
782 666 910 720 facti
939 676 1127 722 essent
1155 674 1461 736 compotes,
1494 666 1946 726 dissertationem
1987 665 2120 720 hanc

2235 666 2334 737 τὴν
2386 667 2478 719 ἐπὶ
2523 668 2639 727 τοῖς
2695 665 2975 736 ἐσομένοις
3015 666 3328 735 ἐποιήσατο,
3368 665 3458 718 διὰ
3483 666 3691 718 τούτων
3721 665 3823 718 ἐδί-

549 772 675 810 cum
715 757 782 811 iis
817 759 1058 812 habitam
1090 774 1214 813 esse
1245 759 1342 812 ait.

2231 756 2389 821 δαξεν
2419 759 2446 810 ὁ
2489 757 2746 826 Χριστός.
2776 757 2892 809 Ἵνα
2925 755 3036 826 γὰρ
3088 756 3499 826 ἀσφαλεστέραν
3526 755 3700 826 ἔχοιεν
3725 755 3818 820 τὴν

551 851 638 902 ἐπ’
673 851 824 920 αύτῷ
863 851 1066 913 πίστιν,
1105 850 1245 919 μετὰ
1280 850 1512 920 τὴντῶν
1545 852 1905 922 χαρισμάτων
1970 853 2167 920 πεῖραν
2206 850 2287 913 είς
2337 848 2545 902 ἔννοιάν
2583 864 2644 900 τε
2702 849 2796 901 καὶ
2843 848 3064 918 μνήμην
3125 847 3237 901 τῶν
3283 849 3815 919 προεπηγγελμένων

551 944 834 1014 ἐρχόμενοι
857 941 1184 1013 πεποιῆσθαί
1209 959 1343 1012 φησι
1361 941 1460 1013 τὴν
1483 943 1737 1009 διάλεξιν.

625 1033 760 1098 XlV',
795 1035 884 1097 50,
914 1035 1001 1086 51.
1037 1032 1159 1086 Jam
1201 1051 1305 1088 non
1339 1035 1512 1088 multa
1577 1036 1765 1105 loquar
1821 1034 2082 1089 vobiscum
2110 1051 2128 1088 :

549 1127 686 1178 venit
721 1125 860 1178 enim
886 1125 1129 1194 princeps
1158 1125 1342 1178 mundi
1371 1126 1552 1195 hujus,
1578 1138 1628 1180 et
1654 1129 1708 1179 in
1739 1143 1820 1179 me
1850 1143 1952 1180 non
1974 1127 2128 1179 liabet

543 1217 874 1286 quidquam;
915 1217 1004 1270 sed
1057 1226 1115 1270 ut
1173 1227 1456 1287 cognoscat
1508 1217 1737 1272 mundus
1787 1220 1915 1287 quia
1962 1219 2128 1288 diligo

549 1309 784 1373 Patrem,
830 1320 878 1363 et
918 1310 1057 1363 sicut
1107 1310 1423 1364 mandatum
1465 1310 1611 1364 dedit
1655 1310 1786 1363 mihi
1819 1309 2003 1375 Pater,
2049 1312 2128 1363 sic

546 1405 704 1476 facio.

609 1508 778 1575 Quasi
803 1505 980 1561 Iudaei
1008 1507 1117 1575 iam
1150 1505 1393 1559 adfuturi
1425 1513 1610 1560 essent
1639 1520 1762 1558 cum
1799 1521 1861 1560 ea
1894 1521 2000 1575 qua
2028 1505 2127 1561 sti-

541 1602 707 1672 pandi
755 1609 914 1654 erant
960 1599 1193 1653 cohorte
1232 1599 1464 1667 ejusque
1510 1599 1760 1668 principe
1803 1605 1858 1652 et
1923 1600 2129 1653 antesi-

541 1709 745 1765 gnano,
782 1693 876 1762 qui
909 1708 969 1748 se
1009 1692 1343 1746 traditurum
1377 1707 1501 1746 eum
1556 1691 1833 1760 pollicitus
1887 1699 2025 1756 erat,
2074 1701 2128 1747 et

539 1785 994 1855 comprehensuri
1031 1785 1276 1847 tandem,
1309 1799 1412 1838 nec
1442 1783 1615 1836 n'iulto
1648 1793 1773 1852 post
1811 1783 1866 1837 in
1903 1799 2120 1839 crucem

538 1890 593 1936 et
619 1893 991 1950 quaeecrucem
1022 1877 1352 1933 antecedere
1401 1876 1675 1932 debebant
1721 1877 1992 1948 supplicia
2025 1878 2117 1933 de-
2155 1893 2197 1948 Β

541 1975 783 2040 ducturi,
810 1972 960 2042 loqui
1009 1971 1232 2026 tandem
1279 1977 1629 2025 cessaturum
1676 1985 1736 2025 se
1769 1970 1949 2025 dixit:
1985 1985 2122 2025 con»

542 2077 780 2120 tractum
824 2065 1026 2135 quippe
1059 2072 1276 2135 tempus
1317 2071 1369 2118 et
1403 2063 1488 2116 vix
1523 2062 1647 2131 ejus
1684 2063 1892 2134 aliquid
1928 2079 2122 2134 super-

539 2175 682 2214 esse.
715 2156 1033 2212 Judaeorum
1066 2156 1212 2212 enim
1257 2156 1583 2211 crudelitate
1616 2155 1672 2208 in
1702 2172 1789 2210 me
1842 2156 2118 2218 saeviente,

538 2265 595 2309 et
618 2255 730 2322 jam
760 2254 900 2306 intra
933 2259 1121 2323 portas
1148 2250 1301 2320 ipsas
1340 2249 1662 2314 exsistente,
1697 2263 1806 2302 non
1831 2248 1944 2318 jam
1987 2249 2121 2301 allo-

539 2343 742 2413 quendi
787 2357 906 2408 vos,
939 2340 1034 2396 sed
1061 2339 1308 2413 patiendi
1345 2347 1561 2410 tempus
1593 2340 1863 2394 imminet.
1901 2339 2124 2410 Quippe

545 2454 564 2488 ι
597 2436 747 2489 venit
777 2434 1034 2504 princeps
1066 2433 1258 2488 mundi
1284 2432 1472 2502 hujus,
1506 2432 1707 2502 inquit,
1733 2443 1788 2486 et
1813 2433 1869 2486 in
1896 2448 1982 2487 me
2009 2448 2120 2486 non

542 2528 708 2583 habet
727 2527 1050 2598 quidquam.
1067 2527 1303 2584 illoriar
1324 2544 1476 2595 vero,
1499 2529 1664 2598 idque
1685 2531 2042 2600 perlibenter,
2067 2540 2121 2586 et

539 2637 638 2691 pro
671 2622 786 2676 vita
823 2623 1069 2676 omnium
1100 2631 1334 2677 mortem
1365 2625 1663 2694 perpetiar,
1707 2624 1884 2681 Patris
1923 2641 2121 2694 nempe

539 2715 844 2768 reverentia
877 2722 933 2769 et
963 2713 1262 2769 dilectione
1285 2730 1415 2784 erga
1459 2732 1606 2780 eum,
1640 2718 1785 2771 ultro
1821 2733 1906 2772 me
1951 2718 2118 2771 etiam

537 2805 605 2859 iis
638 2807 841 2874 quibus
876 2822 1034 2861 mens
1066 2815 1339 2876 repugnat
1367 2808 1644 2878 ingeram,
1677 2816 1736 2862 ut
1765 2809 1889 2879 ejus
1917 2813 2120 2865 volun-

537 2906 704 2952 tatem
736 2899 1020 2969 impleam.
1073 2903 1252 2969 Atque
1303 2900 1392 2955 hic
1425 2901 1646 2972 quidem
1681 2903 1788 2958 loci
1847 2906 2118 2975 propositi

535 3005 740 3058 scopus
781 3007 849 3046 ex
889 2991 976 3046 his
1010 2991 1198 3046 verbis
1243 2992 1574 3050 manifestus
1605 3012 1729 3052 esse
1763 3004 1961 3067 potest.
2013 2998 2116 3053 Sed

537 3081 801 3136 subtilius
871 3098 996 3138 eum
1032 3083 1338 3141 enodantes
1383 3086 1650 3153 dicimus,
1686 3088 1954 3144 Adamum
1991 3093 2118 3161 qui-

537 3170 660 3226 dem
702 3173 921 3241 generis
955 3175 1131 3228 nostri
1169 3183 1474 3243 auctorem,
1509 3179 1638 3246 quia
1665 3179 1855 3236 datum
1889 3183 2119 3236 manda-

539 3276 654 3319 tum
689 3266 1012 3332 violaverat,
1061 3271 1444 3326 exsecratione
1496 3271 1682 3325 divina
1719 3283 1950 3328 mortem
1984 3278 2119 3329 sub-

538 3357 694 3421 iisse,
722 3357 1014 3429 ipsumque
1049 3375 1174 3414 eum
1210 3377 1238 3414 a
1266 3362 1434 3434 854
1466 3364 1672 3433 seipso,
1707 3375 1819 3419 tum
1841 3383 1868 3419 a
1899 3367 2118 3422 diabolo

536 3459 861 3505 accusatum
890 3471 904 3516 ;
945 3453 1120 3508 videri
1153 3466 1334 3510 tamen
1369 3457 1421 3510 id
1454 3473 1680 3526 passum
1706 3475 1829 3515 esse
1856 3461 2024 3530 jnstis
2052 3462 2120 3517 de

538 3543 767 3596 causis:
806 3558 905 3598 nec
938 3545 1081 3598 enim
1117 3544 1319 3615 injuste
1345 3547 1655 3616 puniuntur
1689 3549 1780 3618 qui
1817 3566 1928 3620 prae
1951 3553 2118 3606 animi

539 3633 774 3703 segnitie
830 3644 1098 3704 peccant;
1145 3637 1452 3691 secundum
1507 3654 1639 3693 vero
1673 3640 1871 3708 Adam,
1924 3642 1974 3696 id
2034 3654 2120 3698 est

539 3725 832 3781 Dominum
858 3737 1112 3783 nostrum
1161 3726 1351 3784 Iesum
1381 3729 1687 3797 Christum,
1716 3734 1922 3790 nullius
1955 3737 2120 3804 plane

538 3818 619 3873 rei
665 3820 920 3876 accusari
974 3835 1180 3892 posse:
1215 3823 1420 3893 quippe
1472 3841 1492 3874 ι
1529 3826 1626 3894 qui
1670 3835 1956 3895 peccatum
2004 3845 2118 3883 non

537 3911 696 3973 fecit,
750 3927 853 3966 nec
910 3911 1170 3968 inventus
1218 3921 1308 3968 est
1353 3915 1515 3970 dolus
1560 3916 1614 3971 in
1673 3933 1770 3973 ore
1819 3920 2033 3991 ejus",
2094 3943 2112 3973 ι

539 4008 769 4055 mortem
803 4015 902 4072 pro
934 4001 1100 4055 nobis
1125 4003 1374 4071 pertulit,
1410 4004 1619 4061 nullius
1659 4009 1824 4078 plane
1863 4013 2117 4066 criminis

537 4093 823 4156 conscius,
875 4093 972 4148 sed
1023 4095 1268 4164 seipsum
1321 4113 1422 4166 pro
1455 4099 1564 4154 vita
1606 4104 1854 4156 onmium
1903 4107 2120 4159 redem-

537 4184 744 4254 ptionis
786 4187 1022 4255 pretium
1055 4185 1203 4242 Patri
1234 4187 1496 4256 offerens,
1531 4194 1660 4264 quia
1691 4193 1910 4251 Patrem
1939 4201 2118 4271 diligit

537 4275 727 4329 mundi
788 4277 1022 4332 salutem
1077 4279 1373 4335 sitientem.
1438 4281 1534 4338 Est
1592 4293 1777 4340 autem
1835 4287 2118 4360 diligentis

537 4365 777 4431 Patrem,
811 4371 1041 4425 omnino
1095 4370 1280 4428 facere
1307 4376 1645 4434 voluntatem
1699 4381 1842 4450 ejus,
1884 4391 1938 4437 et
1970 4385 2116 4454 quod

535 4463 922 4516 necessarium
958 4464 1140 4518 visum
1168 4465 1262 4534 sit,
1295 4483 1404 4522 non
1436 4487 1535 4541 pro
1562 4472 1736 4528 nihilo
1771 4475 1992 4541 habere,
2019 4480 2114 4532 sed

534 4555 725 4608 conari
766 4555 836 4608 ad
868 4556 1078 4611 exitum
1112 4559 1436 4627 perducere.
1473 4564 1617 4630 Quid
1646 4583 1776 4620 vero
1810 4567 1957 4622 istud
1990 4571 2117 4623 est?

524 4619 720 4698 \‘oluit
769 4648 1051 4718 proprium
1104 4647 1348 4719 Filium,
1407 4656 1536 4711 licet
1594 4659 1933 4715 conformem
1991 4677 2116 4716 eum

537 4738 750 4794 habens
794 4749 849 4795 et
880 4742 1198 4798 omnimoda
1238 4748 1553 4815 :rqnalitate
1609 4752 1998 4820 conspicuum,
2062 4755 2114 4808 in

537 4841 746 4886 tantam
805 4835 996 4891 venire
1051 4837 1448 4894 demissionem
1487 4853 1545 4896 ut
1580 4855 1632 4897 et
1669 4845 1835 4897 homo
1894 4857 2115 4918 propter

538 4941 638 4979 nos
667 4924 848 4979 factus
879 4928 974 4994 sit,
1019 4947 1121 4986 nec
1163 4950 1264 5003 pro
1298 4936 1546 4989 omnium
1582 4937 1690 4990 vita
1723 4947 1954 4992 mortem
1988 4955 2116 4994 eru-

537 5017 740 5072 buerit.
774 5017 888 5073 Hoc
925 5020 1055 5077 fecit
1091 5023 1287 5092 Filius,
1313 5028 1551 5099 diligens
1575 5027 1818 5096 Patrem,
1855 5034 1946 5101 qui
1982 5050 2116 5104 prte-

533 5110 750 5178 cepisse
779 5111 985 5167 dicitur
1016 5125 1074 5169 ut
1122 5121 1342 5188 pr0pria
1377 5123 1586 5175 virtute
1629 5139 1725 5192 per
1770 5128 1955 5181 carnis
1981 5144 2112 5198 pas-

534 5201 743 5254 sionem
780 5214 1011 5259 mortem
1052 5206 1416 5270 interimeret,
1446 5219 1500 5263 et
1529 5214 1908 5282 corruptionis
1937 5217 2112 5288 impe-

532 5295 675 5344 rium
707 5301 1002 5361 everteret,
1036 5308 1445 5370 corruptosque
1479 5301 1799 5366 viviﬁcarct,
1839 5316 1892 5360 et
1922 5310 2112 5377 pristi-

531 5399 656 5438 nam
684 5385 768 5440 eis
796 5385 978 5442 denuo
1023 5390 1260 5460 gloriam
1311 5392 1670 5450 instauraret.
1738 5395 1950 5454 Idcirco
1981 5405 2057 5456 ait
2095 5423 2108 5458 :

531 5478 841 5545 Angustum
873 5489 957 5535 est
996 5490 1236 5552 tempus,
1272 5500 1383 5554 quo
1425 5485 1623 5557 loquar
1655 5489 1940 5544 vobiscum
1975 5512 1989 5559 ;
2027 5493 2112 5546 in-

530 5575 638 5620 stat
664 5569 813 5626 enim
843 5571 1052 5641 passio,
1079 5580 1135 5628 et
1169 5575 1223 5628 in
1259 5587 1393 5630 aestu
1425 5589 1511 5634 cst
1548 5583 1696 5650 quod
1733 5583 1784 5637 in
1821 5601 1906 5638 me
1932 5585 2105 5641 Judaei

529 5660 704 5713 moliti
737 5669 865 5716 sunt
892 5663 1130 5720 facinus.
1165 5664 1350 5723 Patiar
1389 5671 1619 5740 lubens,
1661 5677 2107 5748 quandoquidem

599 5835 640 5866 ⁷⁸
683 5835 702 5887 ι
748 5832 894 5896 Petr.
931 5856 1004 5907 ll,
1039 5840 1128 5898 22.

2304 1028 2511 1081 Οὐκέτι
2541 1026 2740 1080 πολλὰ
2767 1025 3023 1092 λαλήσω
3056 1027 3182 1095 μεθ’
3217 1026 3418 1096 ὑμῶν·
3453 1029 3687 1098 ἔρχεται
3713 1033 3820 1101 γὰρ

2229 1124 2261 1175 ὀ
2294 1119 2401 1172 τοῦ
2431 1119 2665 1186 κόσμου
2689 1115 2909 1184 ἅρχων,
2945 1117 3042 1169 καὶ
3071 1117 3140 1170 ἐν
3167 1117 3296 1185 ἐμοὶ
3322 1119 3433 1171 οὐκ
3461 1119 3586 1186 ἔχει
3621 1121 3818 1184 οὐδὲν,

2227 1211 2365 1264 ἀλλ’
2403 1211 2502 1262 ἵνα
2544 1207 2664 1278 γνῷ
2693 1212 2726 1261 ό
2765 1209 2997 1276 κόσμος
3037 1208 3126 1261 ὅτι
3175 1207 3384 1277 ἀγαπῶ
3431 1209 3538 1264 τόν
3570 1213 3818 1278 Πατέρα,

2227 1303 2324 1355 καὶ
2355 1300 2550 1366 καθὼς
2609 1299 2874 1366 ἐντολήν
2903 1317 3005 1368 μοι
3043 1299 3304 1354 δέδωκεν
3330 1305 3364 1355 ό
3406 1302 3639 1372 Πατὴρ,
3671 1303 3820 1358 οὕτω

2227 1393 2398 1446 ποιῶ.

2315 1486 2405 1548 Ὠς
2427 1484 2534 1537 τῶν
2581 1483 2813 1538 ἀνοσίων
2870 1481 3140 1537 Ἰουδαίων
3183 1486 3572 1556 παρεσομένων
3617 1505 3676 1541 τε
3719 1489 3819 1559 ἤδη

2235 1576 2353 1646 μεθ’
2389 1571 2456 1646 ἧς
2483 1577 2750 1647 ἐπήγοντο
2780 1575 3013 1646 σπείρας
3049 1575 3264 1629 καὶτοῦ
3301 1577 3504 1648 ταύτης
3539 1579 3817 1650 ἄρχοντος,

2199 1668 2286 1733 -ὃς
2321 1669 2416 1722 καὶ
2447 1667 2794 1736 παραδώσειν
2820 1667 2982 1720 αὑτὸν
3018 1667 3420 1737 ἐπηγγείλατο,
3476 1669 3818 1741 συλληψομὲ-

2228 1778 2334 1814 νων
2365 1777 2424 1814 τε
2462 1761 2562 1832 ἥδη
2611 1760 2702 1813 καὶ
2737 1759 3042 1829 μελλόντων
3072 1759 3318 1814 ἀποίσειν
3361 1761 3462 1814 οὐκ
3491 1763 3570 1826 είς
3599 1765 3820 1834 μακρὰν

2228 1855 2307 1916 είς
2344 1853 2414 1906 τά
2453 1851 2546 1904 ἐπὶ
2571 1850 2650 1920 τῷ
2690 1850 2910 1922 σταυρῷ
2953 1850 3050 1904 καὶ
3086 1851 3194 1922 πρὸ
3239 1852 3334 1905 τοῦ
3385 1853 3621 1924 σταυροῦ
3647 1855 3816 1925 πάθη.

2226 1940 2554 2012 καταλήξειν
2573 1940 2672 2010 ήδη
2700 1939 2797 1994 τοῦ
2821 1940 2959 2012 πρὸς
2975 1940 3174 2003 αὐτοὺς
3188 1939 3293 2011 ἔφη
3318 1940 3478 2010 λόγου
3499 1956 3514 1969 °
3535 1943 3822 1996 συνεστάλ-

2225 2035 2316 2089 θαι
2348 2034 2458 2104 γὰρ
2482 2034 2578 2087 καὶ
2607 2034 2688 2098 εἰς
2713 2033 2902 2104 μηδὲν,
2931 2033 3119 2104 φησὶν,
3139 2033 3332 2088 ἐλάσαι
3361 2034 3455 2088 τὸν
3478 2036 3819 2106 καιρόν.Τῆς

2224 2128 2334 2198 γὰρ
2377 2125 2652 2180 Ἰουδαίων
2683 2126 3001 2196 μιαιφονίας
3037 2124 3261 2198 ⁴ἡὸώσης
3292 2143 3352 2180 τε
3387 2127 3509 2181 λίαν
3544 2129 3632 2180 ἐπ’
3667 2129 3812 2199 ἐμοὶ,

2223 2221 2319 2273 καὶ¹
2343 2218 2522 2290 θυρῶν
2542 2218 2674 2272 εἴσω
2699 2219 2884 2271 λοιπὸν
2908 2218 3218 2290 όρωμένης,
3245 2219 3307 2272 ού
3327 2219 3590 2291 ῥημάτων
3607 2219 3688 2274 ἐτι
3711 2221 3818 2273 τῶν

2225 2315 2361 2385 πρὸς
2395 2314 2561 2383 ὑμᾶς,
2580 2313 2694 2365 ἀλλ’
2713 2311 2879 2366 αὐτοῦ
2902 2313 2997 2367 τοῦ
3021 2312 3218 2366 παθεῖν
3244 2313 3535 2385 ἐνέστηκεν
3555 2317 3585 2368 ὁ
3603 2317 3816 2386 καιρός.

2229 2424 2247 2457 ι
2277 2405 2422 2474 Πλὴν
2449 2404 2591 2473 ἣξει,
2613 2404 2799 2473 φησὶν,
2833 2404 2863 2455 ό
2889 2404 2984 2458 τοῦ
3019 2404 3227 2477 κόσμου
3252 2405 3461 2478 ἄρχων,
3485 2408 3581 2461 καὶ
3613 2410 3671 2462 ἐν
3696 2410 3818 2478 ἐμοὶ

2223 2496 2336 2566 ἔχει
2364 2495 2538 2550 οὐδέν.
2567 2515 2584 2548 ι
2607 2495 3026 2568 εΓεθνήξομαιδέ
3044 2498 3138 2551 καὶ
3164 2498 3286 2552 λίαν
3317 2499 3569 2570 ἀσμένως
3601 2501 3698 2553 καὶ
3725 2499 3818 2552 τὸν

2221 2587 2364 2658 ὑπὲρ
2391 2588 2490 2658 τῆς
2525 2587 2781 2642 ἁπάντων
2807 2588 2953 2659 ζωῆς
2976 2591 3356 2662 ὑποστήσομαι
3387 2591 3640 2654 θάνατον,
3676 2594 3819 2646 αἰδοῖ

2236 2680 2306 2748 τῇ
2339 2676 2476 2748 πρὸς
2524 2677 2616 2730 τὸν
2640 2678 2944 2749 Γεννήτορα
2975 2681 3068 2732 καὶ
3112 2681 3302 2752 ἀγάπῃ
3345 2685 3412 2752 τῇ
3461 2683 3599 2754 πρὸς
3626 2684 3816 2747 αὐτὸν,

2222 2767 2504 2840 ἐθελοντὴς
2529 2767 2798 2839 ὁμιλήσας
2842 2771 2933 2824 καὶ
2962 2773 3076 2836 τοῖς
3113 2771 3264 2843 παρὰ
3297 2771 3555 2843 γνώμην.
3596 2775 3684 2826 ἵνα
3713 2775 3815 2846 τὴν

2220 2867 2390 2937 αὐτῆς
2437 2866 2710 2938 πληρὼσω
2756 2867 3030 2940 βούλησιν.
3099 2868 3157 2923 '0
3207 2870 3306 2940 μὲν
3351 2865 3556 2923 οὖντοῦ
3595 2889 3818 2942 προκει-

2224 2958 2388 3029 μένου
2426 2959 2628 3022 σκοπδς
2655 2959 2868 3027 γένοιτο
2898 2961 2966 3014 ἂν
2994 2956 3052 3014 εῦ
3096 2962 3242 3031 μάλα
3278 2963 3336 3015 ἐν
3381 2962 3594 3026 τούτοις
3618 2963 3817 3032 διαφα-

2220 3049 2308 3112 νὲς
2325 3046 2436 3120 [γρ.
2455 3049 2766 3121 διαφανής
2785 3050 3116 3122 Τισχνότερον
3135 3051 3193 3105 δὲ
3213 3051 3282 3104 τά
3299 3053 3358 3105 ἐν
3383 3043 3531 3122 σῖύτῷ
3551 3052 3816 3107 διαπτύσ-

2223 3155 2427 3204 σοντες,
2465 3141 2641 3194 ἐκεῖνό
2673 3159 2854 3212 φαμεν
2874 3160 2886 3173 ·
2949 3143 3006 3196 Ὀ
3041 3144 3137 3214 μὲν
3169 3143 3278 3214 γάρ
3313 3143 3406 3196 τοῦ
3439 3143 3630 3212 γένους
3653 3145 3816 3214 ἡμῶν

2146 3248 2189 3306 C
2225 3231 2534 3302 ἀρχηγέτης
2577 3233 2749 3302 Ἀδάμ
2775 3233 2869 3286 τὸν
2898 3234 2963 3288 ἐκ
2987 3237 3085 3304 τῆς
3116 3234 3267 3297 θείας
3291 3235 3434 3305 ἀρᾶς
3465 3235 3629 3288 ὑπέδυ
3651 3235 3820 3290 θάνα-

2220 3339 2333 3387 τον,
2363 3321 2452 3375 διὰ
2484 3323 2576 3377 τοῦ
2620 3323 2932 3394 παραλῦσαι
2959 3325 3059 3397 τὴν
3092 3324 3343 3380 δοθεῖσαν
3372 3326 3614 3396 ἐντολὴν,
3651 3327 3819 3391 αὐτάς

2220 3431 2281 3465 τε
2326 3413 2416 3483 ὑφ’
2461 3413 2658 3467 ἑαυτοῦ
2716 3417 2814 3468 καὶ
2850 3415 2946 3468 τοῦ
3008 3415 3257 3469 διαϐόλου
3313 3417 3818 3488 κατηγορούμενος,

2223 3506 2472 3575 φαίνεταί
2502 3523 2565 3575 γε
2599 3505 2703 3577 μὴν
2742 3509 2828 3560 ἐπ’
2867 3507 3110 3574 εὐλόγοις
3148 3507 3309 3560 τοῦτο
3341 3507 3532 3562 παθὼν
3567 3509 3774 3572 αἰτίαις
3800 3527 3816 3540 ·

2221 3600 2410 3666 ἕψεται
2439 3599 2546 3672 γὰρ
2579 3600 2680 3652 οὐκ
2701 3599 2904 3662 ἀδίκως
2929 3603 3042 3662 τοῖς
3069 3601 3132 3652 ἐκ
3157 3598 3432 3670 ῥᾳθυμίας
3461 3602 3821 3670 ἡμαρτηκόσι

2220 3692 2281 3745 τὸ
2303 3690 2632 3755 κολάζεσθαι
2652 3691 2784 3745 δεῖν.
2810 3692 2867 3744 'O
2887 3690 2944 3743 δὲ
2971 3691 3224 3762 δεύτερος
3252 3691 3446 3760 Ἀδὰμ,
3471 3691 3618 3744 τοῦτ’
3643 3692 3816 3754 ἔστιν,

2220 3786 2248 3838 ό
2266 3785 2469 3854 Κύριος
2498 3783 2656 3855 ἡμῶν
2689 3783 2900 3854 Ἰησοῦς
2925 3785 2954 3836 ό
2975 3784 3232 3854 Χριστὸς,
3272 3784 3358 3836 ἐπ’
3389 3783 3564 3837 οὐδενὶ
3589 3783 3654 3836 τὸ
3675 3784 3821 3852 σύμ-

2223 3893 2331 3930 παν
2373 3875 2800 3947 κατηγορεῖσθαι
2847 3875 3187 3946 δυνάμενος·
3238 3894 3256 3927 ι
3288 3874 3363 3929 Ού
3408 3875 3519 3947 γάρ
3555 3875 3821 3945 ἐποίησεν

2221 3969 2518 4040 ἁμαρτίαν,
2549 3968 2670 4021 ούδὲ
2700 3967 2900 4039 εὑρέθη
2931 3967 3084 4030 δόλος
3109 3967 3265 4038 ἐντῷ
3291 3966 3525 4036 στόματι
3569 3968 3767 4029 αὑτοῦ,
3790 3989 3812 4018 ο

2219 4063 2282 4116 τὸ
2314 4062 2456 4134 ὑπὲρ
2490 4062 2650 4134 ημῶν
2685 4060 2894 4130 ὑπέστη
2934 4059 3139 4123 πάθος,
3189 4059 3514 4123 άνυπαίτιος
3555 4061 3656 4128 μὲν
3711 4061 3823 4112 ibt-

2225 4155 2410 4226 άρχων
2438 4153 2507 4206 δι’
2535 4152 2728 4207 ἑαυτὸν
2757 4149 3058 4215 παντελῶς,
3082 4149 3400 4222 ἀντίλυτρον
3427 4149 3486 4202 δὲ
3506 4149 3604 4220 τῆς
3637 4151 3822 4204 ἁπάν-

2219 4259 2328 4296 των
2361 4241 2506 4312 ζωῆς
2534 4240 2726 4295 ἐαυτὸν
2753 4239 2832 4309 τῷ
2863 4239 3037 4309 Πατρὶ
3071 4237 3552 4311 προσκεκομικὼς,
3585 4241 3820 4310 ἐπειδή-

2221 4350 2328 4404 περ
2367 4331 2559 4402 άγαπᾷ
2596 4330 2687 4383 τὸν
2723 4330 2943 4401 Πατέρα
2983 4329 3081 4400 τὴν
3124 4329 3220 4384 τοῦ
3258 4331 3466 4400 κόσμου
3506 4328 3822 4400 διψήσαντα

2222 4420 2518 4492 σωτηρίαν.
2569 4419 2677 4473 Τοῦ
2706 4420 2764 4472 δέ
2790 4419 3119 4487 ἀγαπῶντος
3170 4419 3262 4472 τὸν
3296 4419 3553 4490 Πατέρα,
3588 4422 3820 4483 πάντως

2221 4513 2393 4582 δήπου
2419 4512 2514 4565 καὶ
2543 4510 2704 4582 ἔργον
2723 4506 2791 4582 ἦν
2813 4510 2873 4564 τὸ
2899 4509 3089 4564 δοκοῦν
3107 4509 3278 4581 αύτῷ,
3299 4511 3394 4563 καὶ
3418 4512 3476 4563 ἐν
3495 4513 3610 4573 τοῖς
3638 4512 3788 4579 άναγ
3802 4543 3818 4552 -

2149 4595 2194 4653 D
2225 4604 2400 4668 καίοις
2428 4603 2805 4672 λελογισμένον
2825 4640 2841 4666 ,
2899 4603 2974 4672 μὴ
3005 4603 3134 4674 παρ’
3177 4602 3332 4656 οὐδὲν
3367 4601 3624 4673 ἡγεῖσθαι
3677 4605 3820 4672 μᾶλα

2223 4693 2333 4754 λον,
2392 4694 2531 4747 ἀλλὰ
2585 4695 2664 4757 εἰς
2694 4695 2868 4764 πέρας
2893 4693 3049 4761 ἄγειν
3082 4693 3422 4761 ἐπείγεσθαι.
3467 4694 3534 4746 Τί
3562 4693 3622 4746 δὲ
3654 4695 3823 4747 τοῦτο

2220 4779 2322 4852 ἧν;
2380 4783 2640 4854 Ἠθέλησε
2687 4782 2780 4835 τὸν
2811 4781 2941 4836 ἴδιον
2970 4783 3132 4844 Υἰὸν,
3186 4782 3364 4836 καίτοι
3399 4781 3734 4853 σύμμορφόν
3760 4801 3823 4836 τε

2220 4873 2358 4944 ἔχων
2393 4874 2587 4938 αὑτὸν,
2618 4873 2712 4924 καὶ
2743 4873 2810 4942 τῇ
2843 4872 2982 4925 κατὰ
3015 4874 3123 4926 πᾶν
3161 4873 3367 4942 ἰσότητι
3399 4872 3703 4943 διαπρεπῆ.
3740 4878 3826 4932 εἰς

2217 4963 2487 5034 τοσαύτην
2528 4961 2831 5032 καταϐῆναι
2873 4962 3205 5016 ταπείνωσιν
3257 4962 3334 5026 ὡς
3381 4963 3476 5015 καὶ
3516 4961 3826 5032 ἄνθρωπον

2217 5049 2474 5118 γενέσθαι
2511 5049 2577 5102 δι’
2605 5050 2783 5119 ἡμᾶς,
2825 5051 2921 5103 καὶ
2947 5050 3038 5103 τὸν
3069 5051 3208 5122 ὑπὲρ
3236 5050 3345 5104 τῶν
3376 5051 3634 5104 ἁπάντων
3667 5052 3827 5120 ζωῆς

2217 5145 2292 5214 μὴ
2321 5141 2645 5212 ἐρυθριᾶσαι
2675 5141 2928 5195 θάνατον.
2947 5142 3120 5195 Τοῦτο
3149 5142 3432 5214 πέπραχεν
3455 5141 3648 5207 ὁΥίδς,
3674 5145 3829 5209 ἀγα-

2213 5234 2332 5287 πῶν
2368 5235 2460 5286 τὸν
2488 5233 2823 5305 Γεννήτορα,
2869 5235 2962 5287 τὸν
3013 5233 3330 5288 ἐντετάλθαι
3365 5233 3690 5304 λεγόμενον,
3741 5235 3827 5296 ὡς

2216 5322 2324 5393 ἰδίᾳ
2353 5321 2583 5392 δυνάμει
2614 5322 2892 5393 νεκρῶσαι
2929 5323 3028 5393 μὲν
3067 5323 3144 5393 τῷ
3169 5325 3268 5394 τῆς
3294 5323 3493 5394 σαρκὸς
3525 5323 3695 5376 πάθει
3724 5325 3826 5377 τὸν

2210 5415 2470 5476 θάνατον,
2508 5416 2568 5469 τὸ
2602 5415 2660 5469 δέ
2689 5416 2788 5485 τῆς
2835 5415 3042 5487 φθορᾶς
3074 5416 3375 5470 καταλῦσαι
3407 5416 3632 5487 κράτος,
3677 5417 3824 5481 ζωο-

2221 5505 2442 5576 ποιῆσαί
2472 5523 2530 5558 τε
2569 5506 2695 5569 τοὺς
2741 5507 3224 5576 κατεφθαρμένους
3249 5549 3263 5572 ,
3309 5507 3404 5562 καὶ
3436 5509 3534 5578 τὴν
3571 5508 3821 5577 ἀρχαίαν

2217 5595 2400 5658 αὐτοῖς
2433 5590 2590 5659 αὖθις
2618 5596 2920 5650 ἁνανεῶσαι
2948 5595 3126 5660 δόξαν.
3165 5598 3262 5652 Διὰ
3307 5597 3467 5651 τοῦτό
3506 5615 3701 5668 φησιν,
3732 5598 3822 5651 ὅτι

2217 5686 2409 5750 Στενὸς
2451 5687 2547 5758 μὲν
2579 5690 2606 5740 ό
2633 5688 2741 5741 τῶν
2767 5688 2941 5758 λόγων
2971 5689 3161 5760 καιρός
3183 5707 3198 5722 ο
3232 5690 3531 5745 εἰσελαύνει
3559 5690 3672 5759 γάρ
3708 5692 3821 5760 ﬁeri]
