4006 6438
218 420 322 479 3‘29

1272 422 1337 476 IN
1367 416 1650 477 JOANNIS
1688 419 2134 475 EVANGELIUM
2177 420 2303 475 LIB.
2331 420 2400 476 Χ.

3353 418 3460 474 550

218 540 277 591 τὸ
304 538 506 604 πάθος,
565 539 658 611 καὶ
701 540 761 592 τὸ
792 538 901 592 τῶν
948 538 1213 593 Ἰουδαίων
1252 538 1338 591 ἐπ’
1381 540 1503 609 ἐμοὶ
1534 538 1784 606 λογισθὲν

1915 538 1960 591 ὼ
1985 537 2131 591 istud
2153 541 2295 592 veni.
2336 536 2722 593 Verumtamen
2753 558 2770 589 ι
2809 537 2954 592 venit
2986 536 3242 605 princeps
3271 542 3461 596 mundi

217 629 487 697 άνεκαύθη
514 628 788 700 τόλμημα.
851 631 1116 699 Πείσομαι
1167 630 1274 699 γὰρ
1310 628 1610 699 ἐθελοντὴς,
1640 629 1789 682 ἐπεί-

218 738 322 792 περ
354 722 592 790 ἀφῖγμαι
619 721 707 773 διὰ
732 721 909 777 τοῦτο.
951 721 1099 791 Πλὴν
1123 739 1139 770 ι
1163 722 1381 791 ἔρχεται
1407 723 1434 774 6
1462 720 1554 773 τοῦ
1586 721 1789 790 κόσμου

215 811 427 882 ἄρχων,
471 802 571 864 καῖ
608 812 669 863 ὲν
702 812 825 881 ἐμοὶ
869 812 967 864 οὐκ
1008 811 1119 881 ἔχει
1158 811 1342 864 οὐδέν·
1376 831 1394 862 ι
1440 810 1584 864 τοῦτ’
1621 809 1799 887 ἔστιν,

218 903 323 971 Οὐχ
360 902 641 973 ἁλώσομαι
678 901 1193 972 πεπλημμεληκὼς,
1225 902 1339 956 ἀλλ’
1372 903 1491 955 οὐδὲ
1524 901 1793 973 πρόφασις

1897 630 2081 697 hujus,
2112 636 2163 681 et
2194 631 2266 682 in-
2300 646 2385 684 me
2432 644 2539 682 non
2594 629 2753 684 habet
2785 629 3112 698 quidquam,
3158 649 3174 679 ι
3227 633 3329 685 hoc
3357 643 3461 700 est,

1893 734 2000 773 non
2043 720 2342 774 convincar
2375 722 2610 789 peccati,
2645 736 2826 790 neque
2861 736 3027 790 porro
3051 720 3226 776 Judaei
3262 738 3375 778 sua:
3409 725 3465 777 in

1897 825 1981 863 me
2016 810 2338 878 petulantiae
2357 821 2410 864 et
2440 812 3022 881 innnanitatisjustam
3051 812 3216 865 ullam
3245 828 3466 867 causam

1897 895 2147 949 habituri
2179 907 2339 961 sunt,
2372 897 2509 951 nihil
2538 898 2593 952 in
2626 914 2713 954 me
2746 900 2850 954 sibi
2892 900 3144 955 vindicat
3192 901 3465 957 diabolus.

221 966 362 1044 ἔσται
391 996 505 1055 τοῖς
544 966 821 1056 ἶιουδαίοις
983 966 1063 1056 είς
1092 994 1192 1063 ἐμὲ
1223 993 1506 1065 παροινίας
1535 966 1753 1062 εῦλογος
1778 1008 1791 1021 ·

1915 975 2125 1057 E‘ropria
2181 988 2383 1058 quippe
2415 990 2534 1059 ejus
2577 999 2705 1046 sunt
2743 991 2910 1057 mala,
2966 1000 3021 1046 et
3070 994 3277 1061 peccati
3317 994 3468 1064 origo

221 1081 367 1134 οὐδὲν
395 1083 454 1135 ὲν
492 1083 615 1152 ἐμοὶ
659 1082 769 1135 τῶν
799 1082 943 1136 ἰδίων
986 1085 1014 1137 6
1060 1083 1305 1147 διάϐολος
1349 1084 1482 1155 ἔχει.
1519 1067 1657 1139 Ἷδια
1687 1085 1795 1156 γὰρ

221 1173 403 1245 ὥσπερ
430 1175 645 1228 ἐκείνου
676 1175 744 1228 τὰ
775 1175 977 1245 φαῦλα,
1006 1176 1099 1229 καὶ
1127 1178 1225 1242 τῆς
1261 1177 1534 1249 ἁμαρτίας
1572 1179 1605 1247 ἡ
1639 1178 1796 1246 γένε-

222 1282 300 1329 σις
330 1267 541 1318 ἐκεῖνον
578 1262 717 1318 οἶδεν
762 1267 958 1337 ἀρχήν.
1003 1266 1125 1318 Ὅτι
1153 1266 1208 1319 δὲ
1238 1265 1444 1337 ἀληθὴς
1488 1264 1580 1318 τοῦ
1616 1266 1796 1336 Σωτῆ-

223 1371 309 1427 ρος
333 1358 365 1408 6
401 1355 559 1423 λόγος
578 1395 593 1418 ,
650 1354 885 1425 μάλιστα
934 1357 1031 1426 μὲν
1061 1357 1156 1409 καὶ
1188 1355 1247 1420 ἐξ
1275 1355 1448 1425 αὐτῆς
1478 1357 1681 1409 κατίδοι
1712 1373 1797 1418 τις

221 1448 284 1500 ἂν
310 1447 411 1516 τῆς
454 1446 799 1510 ἀκολουθίας.
853 1446 977 1510 Πῶς
1014 1447 1121 1517 γὰρ
1146 1447 1453 1520 ἐξήμαρτεν
1480 1450 1507 1501 6
1540 1449 1613 1518 μὴ
1643 1446 1796 1511 είδιῦς

218 1538 523 1609 ἁμαρτίαν,
570 1541 599 1591 6
630 1538 788 1606 φύσει
831 1540 925 1591 καὶ
954 1540 1181 1610 ἀληθείᾳ
1216 1541 1378 1605 Θεὸς,
1410 1540 1662 1610 ὀτροπῆς
1698 1540 1798 1609 τῆς

216 1629 307 1680 ἐπί
327 1646 377 1679 τι
396 1627 505 1681 τῶν
529 1628 630 1680 οὐκ
653 1628 887 1698 ἐχόντων
910 1628 1085 1698 ὀρθῶς
1111 1629 1460 1692 ἁνεπίδεκτος
1488 1628 1795 1692 παντελῶς;

216 1720 325 1789 Οὐχ
355 1722 560 1790 ἥκιστα
597 1720 654 1772 δὲ
688 1722 783 1772 καὶ
807 1720 873 1772 δι’
892 1720 1072 1773 αὐτῶν
1090 1720 1333 1791 ὀψόμεθα
1358 1721 1516 1773 τοῦτο
1543 1720 1650 1773 τῶν
1671 1721 1800 1773 ἀνα-

216 1813 621 1882 γεγραμμένων
655 1814 712 1864 ἐν
761 1799 872 1872 τοῖς
905 1812 1081 1880 ἁγίοις
1124 1813 1554 1881 εὐαγγελισταῖς.
1608 1815 1664 1866 ’0
1700 1815 1797 1884 μὲν

1897 1079 2203 1148 principem
2233 1090 2287 1135 et
2315 1090 2599 1136 auctorem
2633 1097 2759 1138 eum
2797 1083 3069 1154 agnoscit.
3103 1084 3260 1150 Quod
3287 1093 3467 1138 autem

1897 1182 2063 1225 verus
2096 1172 2168 1225 sit
2199 1171 2289 1226 ille
2319 1186 2503 1227 sermo
2533 1174 2860 1237 Salvatoris.
2886 1190 2950 1230 ex
2979 1175 3099 1244 ipso
3124 1178 3467 1246 potissimum

1895 1262 2086 1317 ordine
2119 1270 2172 1317 et
2208 1264 2352 1318 serie
2411 1266 2707 1319 verborum
2756 1267 2888 1322 licet
2947 1280 3267 1337 agnoscere.
3319 1267 3469 1333 Quo—

1899 1354 2065 1409 modo
2091 1356 2239 1409 enim
2271 1357 2518 1424 peccavit
2556 1356 2651 1426 qui
2676 1364 2962 1425 peccatum
3011 1372 3125 1412 non
3159 1359 3345 1425 novit,
3379 1359 3471 1413 ille

1898 1457 2099 1503 natura
2124 1458 2178 1503 et
2215 1450 2445 1507 veritate
2480 1448 2645 1515 Deus,
2693 1450 2897 1521 quique
2942 1451 3079 1505 nihil
3114 1453 3167 1506 in
3231 1468 3290 1508 se
3320 1454 3470 1524 pravi

1900 1541 2187 1610 suscipere
2224 1556 2465 1610 unquam
2493 1542 2712 1611 possit?
2737 1541 2924 1612 Neque
2948 1557 3078 1597 vero
3111 1543 3296 1600 minus
3328 1545 3379 1598 id
3406 1561 3468 1598 cx

1900 1632 2037 1701 ipsis
2064 1640 2381 1687 sanctorum
2411 1635 2872 1705 evangelistarum
2896 1637 3116 1706 scriptis
3141 1638 3470 1693 videbimus.

1903 1721 2361 1792 Sapientissimus
2421 1726 2624 1794 quippe
2676 1723 2922 1783 Joannes
2968 1725 3205 1781 Pilatum
3258 1729 3475 1783 induxit

1901 1816 2173 1870 dicentem
2200 1835 2211 1870 :
2250 1834 2270 1867 ι
2310 1814 2420 1885 Ego
2446 1817 2653 1871 nullam
2680 1818 2897 1873 invenio
2920 1819 2973 1872 in
2998 1834 3063 1873 eo
3093 1834 3319 1875 causam
3337 1807 3418 1887 τίς
3450 1840 3469 1870 υ

216 1904 324 1973 γὰρ
373 1903 687 1972 σοφώτατος
739 1905 992 1975 Ἰωάννης
1042 1906 1132 1957 τὸν
1178 1906 1409 1958 Πιλᾶτον
1450 1907 1800 1976 είσκεκὸμικε

1915 1917 1956 1962 at
1985 1922 2202 1973 rursus,
2240 1907 2433 1977 spinea
2475 1923 2678 1963 corona
2730 1909 2987 1980 imposita
3034 1911 3365 1965 clamantem
3413 1927 3476 1965 ac

214 1996 443 2063 λέγοντα
466 2013 478 2026 ·
508 2014 525 2045 ι
550 1993 695 2064 Ἐγὼ
721 1996 978 2066 οὐδεμίαν
1009 1998 1187 2051 αἰτίαν
1221 1998 1459 2067 εὑρίσκω
1488 1998 1544 2048 ὲν
1565 1996 1714 2068 αὐτῷ
1735 2013 1748 2026 θ
1778 2016 1795 2048 ι

219 2088 311 2139 καὶ
342 2087 511 2140 πάλιν
561 2087 699 2158 μετὰ
730 2088 792 2140 τὸ
819 2088 1091 2140 ἐπιθεῖναι
1124 2087 1384 2158 στέφανον
1422 2089 1512 2141 τὸν
1543 2088 1603 2154 ἐξ
1631 2091 1801 2141 ἀκαν-

218 2178 359 2242 θῶν,
414 2179 844 2249 προσφωνοῦντα
895 2180 987 2233 καὶ
1031 2179 1278 2247 λέγοντα·
1312 2199 1330 2230 ε
1364 2181 1468 2233 Ἴδε
1497 2181 1613 2249 ἄγω
1642 2180 1802 2233 αὑτὸν

219 2272 348 2341 ὑμῖν
373 2270 502 2336 ἔξω,
532 2271 618 2323 ἵνα
639 2270 834 2339 γνῶτε,
867 2271 953 2324 ὅτε
978 2272 1232 2341 οὐδεμίαν
1268 2271 1451 2324 αἰτίαν
1476 2272 1715 2341 εὑρίσκω
1747 2275 1804 2324 ὲν

216 2362 388 2432 αὐτῷ.
422 2381 441 2413 ι
505 2362 563 2417 Ὀ
590 2362 647 2415 δέ
677 2379 741 2430 γε
768 2361 1043 2426 Ματθαῖος
1067 2364 1146 2425 είς
1167 2362 1438 2432 τοσαύτην
1467 2362 1627 2415 αὐτὸν
1653 2379 1806 2433 μισο-

216 2455 490 2526 πονηρίαν
515 2455 740 2525 ἀφῖχθαί
775 2473 972 2526 φησιν,
1003 2455 1078 2519 ὡς
1116 2455 1210 2508 καὶ
1243 2454 1611 2525 ἀπονίψασθαι
1645 2457 1807 2511 αὑτὸν

212 2548 327 2608 τοῖς
368 2544 650 2609 Ἰουδαίοις
673 2545 774 2609 τὰς
804 2549 992 2617 χεῖρας
1024 2547 1119 2601 καὶ
1156 2549 1330 2599 εἰπεῖν
1354 2563 1367 2575 ·
1404 2565 1422 2598 t
1465 2546 1666 2611 ’Λθῶός
1691 2550 1807 2619 είμι

213 2642 322 2697 άπὸ
344 2640 446 2695 τοῦ
468 2642 703 2712 αἵματος
727 2643 824 2695 τοῦ
851 2642 1060 2696 δικαίου
1088 2642 1295 2695 τούτου.
1326 2662 1346 2694 ι
1396 2643 1511 2695 Ἐπ’
1546 2642 1726 2696 αὐτῶν
1753 2643 1809 2696 δὲ

214 2733 323 2787 τῶν
385 2732 696 2805 ἀρχιερέων
764 2723 1252 2803 είσκεκομισμένον
1313 2735 1445 2802 ἡμῖν
1515 2732 1806 2798 ἐπιδείξας,

212 2823 355 2878 οὕτω
391 2824 567 2896 φησίν
589 2841 603 2854 ·
635 2844 653 2875 ι
686 2826 750 2878 Οί
776 2825 832 2878 δὲ
856 2826 1136 2896 ἀρχιερεῖς
1175 2825 1265 2878 καὶ
1294 2826 1352 2878 τὸ
1386 2825 1661 2895 συνέδριον
1689 2825 1809 2877 ὅλον

213 2917 449 2987 ἐζήτουν
491 2916 973 2989 ψευδομαρτυρίαν
1012 2915 1155 2969 κατά
1202 2916 1297 2969 τοῦ
1342 2916 1578 2987 Χριστοῦ
1604 2956 1617 2979 ,
1662 2915 1811 2977 ὅπως

216 3009 376 3063 αὐτὸν
414 3007 779 3063 θανατώσωσι
802 3052 815 3069 ,
850 3009 945 3062 καὶ
982 3009 1080 3079 οὐχ
1106 3002 1292 3079 εὗρον,
1342 3005 1550 3061 πολλῶν
1580 3005 1809 3078 προσελ-

220 3102 423 3156 θόντων
466 3098 954 3171 ψευδομαρτύρων.
983 3100 1070 3152 “Et
1105 3099 1215 3171 γὰρ
1265 3098 1362 3152 καὶ
1403 3098 1471 3151 δι’
1509 3097 1812 3170 ἀνθρώπων

222 3194 468 3264 ἐζητεῖτο
499 3192 569 3246 τά
601 3191 722 3245 κατ’
749 3192 930 3256 αὐτὸν,
964 3191 1080 3245 ἀλλ’
1110 3191 1183 3255 ὡς
1207 3190 1461 3262 ὀργάνοις
1488 3189 1583 3243 καὶ
1613 3191 1813 3259 ὑπουρο

219 3288 331 3353 γοῖς
358 3283 469 3354 τῆς
499 3282 729 3353 ἐνούσης
771 3281 921 3353 αὑτῷ
959 3281 1288 3353 δυστροπίας
1336 3281 1537 3352 ἐχρῆτο
1572 3281 1601 3332 6
1634 3278 1812 3333 διάδο-

217 3377 325 3440 λος,
355 3377 455 3429 καὶ
483 3373 651 3438 αὐτὸς
687 3369 757 3445 ἦν
788 3373 1015 3443 μᾶλλον,
1062 3373 1206 3443 ἥπερ
1236 3371 1426 3441 ἕτερός
1462 3388 1546 3433 τις
1572 3372 1601 3423 6
1633 3372 1814 3441 εὑρεῖν

220 3473 276 3523 ὲν
300 3467 459 3539 αὐτῷ
487 3466 670 3538 ζητῶν
693 3456 1093 3537 πλημμέλημα.
1128 3462 1338 3517 Οὐκοῦν
1357 3462 1575 3533 ἀληθὲς,
1597 3464 1679 3516 ὅτι
1710 3464 1817 3515 τῶν

224 3562 370 3614 ἰδίων
393 3561 554 3614 οὐδὲν
586 3556 734 3630 εἶχεν
762 3561 792 3612 6
818 3558 1061 3621 διάϐολος
1098 3559 1156 3611 ὲν
1186 3555 1355 3626 αὐτῷ,
1381 3554 1440 3611 ὃν
1461 3556 1555 3609 καὶ
1583 3556 1821 3627 ἄρχοντα

220 3650 313 3704 τοῦ
348 3651 567 3721 κόσμου
596 3651 735 3720 πρὸς
780 3653 840 3702 τδ
874 3648 1046 3718 παρὸν
1084 3647 1368 3718 ὠνόμασεν
1390 3685 1407 3711 ,
1453 3647 1552 3715 οὐχ
1583 3646 1659 3708 ὡς
1690 3645 1822 3715 ἀλη-

223 3743 332 3807 θῶς
358 3742 493 3795 ὂντα
518 3740 789 3810 δεσπότην
806 3782 819 3806 ,
864 3740 980 3794 ἀλλ’
1005 3741 1195 3808 ὥσπερ
1218 3737 1343 3792 τινὰ
1378 3737 1486 3791 τῶν
1525 3737 1820 3806 ἀλιτηρίων

226 3833 525 3905 βαρὸάρων
575 3830 895 3898 πλεονεξίας
937 3830 1086 3903 νόμῳ
1146 3831 1497 3902 κρατήσαντα
1541 3828 1649 3881 τῶν
1702 3829 1821 3881 κατ’

176 3906 181 3909 δ
223 3926 419 3980 οὐδένα
462 3924 669 3996 τρόπον
714 3923 1103 3994 προσηκόντων
1129 3920 1297 3990 αὐτῷ,
1359 3920 1479 3989 Ὑφ’
1515 3918 1692 3990 ἑαυτῷ
1714 3918 1823 3989 γὰρ

227 4017 531 4087 ἐποιήσατο
562 4014 653 4068 διὰ
677 4014 778 4085 τῆς
807 4012 1085 4084 ἁμαρτίας
1113 4011 1203 4063 τὸν
1238 4010 1556 4081 ἄνθρωπον,
1598 4011 1692 4062 καὶ
1719 4009 1823 4062 ὦσα

232 4127 334 4181 τωρ
370 4122 386 4141 ⁸
412 4108 545 4162 τινὰ
600 4107 837 4176 ποίμνην
884 4104 1311 4174 άνεπιστάτητον
1336 4134 1347 4144 -
1373 4101 1820 4171 ἀποδουκολήσας

228 4199 362 4253 Θεοῦ
390 4241 407 4265 ,
470 4199 581 4252 τῶν
608 4198 904 4269 ἀλλοτρίων
949 4197 1192 4267 ἐκράτει.
1256 4195 1545 4264 Τοιγάρτοι
1598 4194 1689 4245 καὶ
1717 4192 1818 4261 τῆς

227 4290 372 4344 οὕτω
413 4290 773 4361 πορισθείσης
802 4288 976 4361 ἀρχῆς
1001 4287 1224 4351 δικαίως
1253 4285 1601 4356 ὲκΰέὸληται.
1645 4285 1820 4338 856a-

230 4382 455 4437 σέλευκε
500 4383 611 4453 γὰρ
646 4382 730 4451 ἐφ’
758 4383 905 4453 ἡμᾶς
937 4384 966 4435 6
1004 4381 1256 4450 Χριστός.
1304 4380 1394 4432 Διό
1436 4394 1568 4449 φησι
1591 4396 1604 4411 ο
1664 4396 1681 4428 ι
1709 4379 1822 4435 Νῦν

1904 1999 2216 2053 dicentem:
2256 2019 2273 2050 ι
2339 2000 2484 2055 Ecce
2530 2000 2748 2056 adduco
2795 2003 2953 2058 vobis
3002 2010 3127 2057 eum
3179 2001 3367 2059 foras:
3420 2014 3479 2057 ut

1904 2091 2252 2162 cognoscatis
2277 2092 2404 2161 quia
2431 2092 2638 2147 nullam
2670 2093 2891 2148 invenio
2923 2094 2976 2147 in
3019 2108 3084 2149 eo
3115 2108 3337 2150 causam
3357 2096 3423 2149 ⁷³.
3456 2116 3473 2148 ι

1906 2181 2197 2237 Μοιιιιαιιιε
2259 2198 2393 2237 vero
2455 2183 2771 2239 Iudaeorum
2831 2186 3141 2255 nequitiam
3199 2196 3482 2255 tantopere

1907 2274 2261 2329 abhorruisse
2281 2276 2432 2330 illum
2460 2275 2677 2339 scribit,
2698 2282 2757 2329 ut
2779 2282 2833 2328 et
2857 2288 3044 2329 coram
3062 2274 3265 2330 Judteis
3286 2291 3478 2331 manus

1904 2364 2068 2435 855
2125 2366 2384 2433 abluerit,
2418 2380 2481 2420 ac
2517 2365 2756 2419 dixerit:
2793 2383 2812 2416 ‹
2852 2364 3123 2421 innocens
3154 2380 3255 2437 ego
3292 2381 3416 2422 sum
3451 2382 3481 2420 a

1907 2457 2181 2526 sanguine
2207 2456 2347 2526 justi
2387 2457 2556 2527 hujus
2576 2456 2643 2510 ⁷⁸.
2685 2476 2703 2508 ι
2736 2455 2818 2512 Ad
2858 2457 3011 2526 ipsos
3043 2464 3225 2511 autem
3256 2458 3483 2527 pontiﬁ-

1908 2563 1999 2605 ces
2037 2549 2339 2604 adductum
2370 2565 2495 2605 eum
2530 2548 2854 2617 ostendens,
2887 2550 2967 2604 sic
3005 2550 3238 2604 scribit:
3272 2570 3289 2602 ι
3326 2548 3482 2604 Prin-

1910 2642 2060 2711 cipes
2092 2649 2273 2697 autem
2316 2642 2661 2697 sacerdotum
2700 2649 2755 2696 et
2793 2655 2955 2696 omne
2996 2642 3293 2696 concilium
3337 2656 3484 2713 qua:-

1911 2722 2107 2789 rebant
2161 2733 2360 2789 falsum
2397 2732 2781 2788 testimonium
2814 2741 3009 2787 contra
3044 2733 3363 2801 Christum,
3426 2744 3486 2788 ut

1910 2841 2034 2879 eum
2063 2825 2223 2880 morti
2248 2825 2552 2889 traderent,
2574 2832 2628 2880 et
2656 2840 2766 2878 non
2798 2824 3146 2889 invenerunt,
3173 2838 3298 2879 cum
3330 2824 3485 2879 multi

1912 2916 2033 2970 falsi
2087 2923 2257 2969 testes
2306 2914 2679 2970 accessissent
2699 2915 2769 2967 ⁷⁸.
2832 2934 2852 2968 ι
2894 2913 3141 2970 Tametsi
3186 2914 3331 2969 enim
3389 2930 3488 2985 per

1912 3007 2163 3062 homines
2209 3006 2329 3075 ejus
2385 3005 2650 3075 perdendi
2702 3020 2884 3061 causae
2938 3006 3369 3076 quaerebantur,
3420 3007 3487 3062 iis

1913 3104 2096 3151 tamen
2162 3107 2426 3166 tanquam
2497 3096 2885 3152 instrumentis
2937 3111 3000 3151 ac
3048 3096 3317 3152 ministris
3377 3113 3491 3154 sua:

1918 3187 2279 3260 malignitatis
2309 3188 2563 3244 diabolus
2589 3189 2868 3253 utebatur,
2909 3198 2962 3244 et
2993 3176 3111 3259 ipse
3151 3194 3272 3244 erat
3307 3189 3491 3258 potius

1915 3297 2078 3354 quam
2113 3278 2253 3336 alius
2287 3278 2382 3350 qui
2420 3289 2704 3350 peccatum
2742 3281 2803 3335 in
2827 3295 2893 3336 eo
2931 3280 3236 3350 quaerebat.
3290 3276 3492 3334 Verum

1912 3384 1997 3430 est
2054 3374 2225 3446 igitur
2271 3373 2407 3427 nihil
2444 3374 2499 3426 in
2554 3389 2620 3428 eo
2673 3373 2780 3428 sibi
2836 3373 3151 3428 vindicasse
3190 3371 3493 3438 diabolum,

1913 3483 2074 3539 quem
2098 3467 2286 3523 mundi
2310 3467 2613 3537 principem
2640 3466 2801 3522 etiam
2823 3467 3144 3536 impraesens
3169 3463 3492 3529 nominavit,

1919 3575 2025 3614 non
2056 3560 2217 3632 quasi
2247 3575 2375 3615 vere
2403 3561 2474 3615 sit
2508 3560 2656 3615 illius
2690 3558 2974 3622 dominus,
3018 3557 3113 3613 sed
3154 3557 3248 3629 qui
3288 3554 3497 3613 eﬂ’erati

1920 3652 2143 3708 barbari
2173 3652 2461 3721 cujusdam
2496 3654 2674 3707 instar
2704 3649 3015 3721 tyrannidis
3046 3650 3163 3721 lege
3188 3662 3311 3721 quae
3338 3649 3405 3704 ad
3439 3663 3500 3704 se

1920 3745 2072 3798 nullo
2104 3743 2267 3797 modo
2294 3745 2575 3813 pertinent
2620 3743 2906 3797 invaserit.
2945 3739 3235 3795 Hominem
3295 3741 3497 3809 quippe

1920 3848 2036 3889 suae
2061 3834 2294 3887 ditionis
2327 3832 2461 3887 fecit
2492 3847 2588 3902 per
2626 3842 2934 3902 peccatum,
2974 3838 3027 3884 et
3075 3842 3292 3898 gregem
3327 3826 3497 3880 veluti

1920 3925 2210 3998 quemdam
2242 3933 2465 3995 pastore
2488 3917 2821 3979 destitutum
2843 3922 3034 3993 procul
3060 3935 3088 3975 a
3114 3918 3224 3977 Deo
3248 3920 3499 3990 abigens,

1924 4019 2105 4073 aliena
2137 4017 2360 4071 invasit.
2409 4014 2760 4084 l’i‘oindeque
2819 4012 3134 4084 principatu
3197 4010 3301 4065 hoc
3335 4009 3500 4065 modo

1924 4113 2193 4175 occupato
2240 4103 2366 4173 jure
2397 4103 2621 4157 excidit.
2662 4102 2933 4172 Regnavit
2970 4102 3117 4156 enim
3187 4115 3354 4170 super
3400 4112 3502 4153 nos

1925 4195 2205 4253 Christus.
2230 4192 2442 4250 idcirco
2471 4195 2547 4247 ait
2571 4216 2583 4248 :
2615 4213 2634 4244 ‹
2664 4193 2819 4248 Nunc
2845 4194 3103 4264 princeps
3124 4191 3291 4261 hujus
3316 4187 3503 4244 mundi

1926 4290 2183 4361 ejicietur
2213 4287 2402 4355 foras;
2433 4297 2485 4342 et
2532 4302 2636 4358 ego
2670 4285 2716 4342 si
2768 4287 3044 4340 exaltatus
3085 4285 3239 4339 fuero
3271 4298 3300 4335 a
3338 4291 3503 4345 terra,

1929 4382 2111 4437 omnia
2140 4382 2350 4437 traham
2386 4380 2453 4433 ad
2477 4379 2745 4448 meipsum
2771 4377 2840 4431 ⁷⁸.
2884 4395 2901 4427 ι

226 4475 257 4527 6
310 4475 506 4544 ἄρχων
553 4470 649 4524 τοῦ
696 4472 903 4540 κόσμου
963 4470 1153 4533 τούτου
1222 4468 1618 4539 ἐκϐληθήσεται
1686 4470 1823 4537 ἔξω,
1865 4473 2018 4543 κάγὼ
2063 4472 2157 4526 ἐὰν
2191 4470 2390 4541 ὑψωθῶ
2419 4472 2481 4523 ὲκ
2511 4470 2607 4539 τῆς
2639 4468 2772 4537 γῆς,
2824 4467 3029 4528 πάντας
3096 4465 3307 4517 ἑλκύσω
3374 4457 3510 4530 πρὸς

227 4567 498 4638 ἐμαυτόν.

313 4660 656 4728 Ἐγείρεσθε
675 4700 689 4722 ,
729 4656 965 4726 ἄγωμεν
992 4656 1293 4710 ἐντεῦθεν.

311 4753 376 4806 Ὀ
430 4754 530 4821 μὲν
574 4754 752 4814 κοινὸς
795 4754 908 4814 τοῖς
948 4750 1160 4812 πολλοῖς
1197 4750 1293 4802 καὶ
1345 4749 1706 4817 τετριμμένος
1735 4747 1831 4800 τοῦ

224 4844 610 4915 προκειμένου
640 4844 797 4913 λόγος
824 4845 1004 4896 ἐκεῖνο
1033 4836 1215 4895 δίδωσι
1242 4842 1381 4894 νοεῖν
1400 4879 1414 4905 ,
1449 4838 1523 4902 ὡς
1551 4837 1777 4907 ἐπείπερ
1805 4840 1833 4890 6

225 4937 338 5007 τῆς
380 4936 660 4990 Ἰουδαίων
693 4935 950 4998 ἀπονοίας
976 4933 1260 4995 εἰσελάσας
1284 4933 1386 5005 ἤδη
1416 4932 1605 5003 καιρὸς
1642 4948 1832 5001 μονον-

226 5030 361 5097 ουχὶ
423 5027 717 5095 πεπηγότα
752 5025 939 5080 λοιπὸν
978 5024 1068 5078 τὸν
1095 5026 1274 5094 τίμιον
1312 5021 1407 5075 τοῦ
1436 5022 1685 5091 Σωτῆρος
1715 5023 1835 5074 ἐπι-

227 5120 484 5174 δεικνύει
513 5118 765 5190 σταυρὸν,
783 5121 861 5180 είς
884 5117 1122 5179 ἐκείνους
1132 5115 1468 5186 ἀποτρέχειν
1484 5116 1608 5177 τοὺς
1633 5114 1834 5177 τόπους

227 5213 378 5283 ὁμοῦ
409 5214 529 5275 τοῖς
546 5212 722 5280 ἁγίοις
754 5210 1022 5282 μαθηταῖς
1051 5209 1312 5279 ἠπείγετο
1329 5246 1344 5269 ,
1366 5209 1422 5262 ὲν
1449 5203 1644 5278 οἷσπερ
1674 5207 1835 5260 αὑτὸν

230 5306 267 5374 ἡ
297 5305 421 5358 τῶν
454 5304 749 5377 ὑπηρετῶν
795 5303 1119 5357 συνελάὸετο
1162 5300 1399 5374 εὑροῦσα
1453 5303 1675 5373 σπεῖρα.
1724 5301 1839 5355 Καὶ

232 5398 480 5460 πιθανὸς
516 5397 617 5466 μὲν
643 5398 671 5449 6
694 5395 819 5459 νοῦς
846 5413 860 5426 ο
912 5395 1052 5466 πλὴν
1096 5393 1242 5457 είκός
1276 5410 1335 5445 τε
1374 5394 1470 5447 καὶ
1498 5392 1687 5464 ἕτερον
1717 5391 1839 5446 606-

230 5486 359 5541 λειν
404 5485 715 5558 ὑποδηλοῦν
764 5484 1130 5555 πνευματικὸν
1168 5482 1411 5552 δηλονότι
1450 5483 1545 5536 καὶ
1594 5496 1842 5553 κεκρυμι

1864 4660 1907 4712 D
2010 4648 2146 4711 XIV,
2172 4648 2258 4702 51.
2291 4645 2520 4715 Surgite,
2546 4659 2727 4697 eainus
2754 4643 2894 4695 hinc.

2002 4739 2327 4794 Communis
2376 4735 2517 4805 apud
2557 4735 2761 4787 multos
2822 4738 2876 4787 et
2917 4730 3044 4785 trita
3077 4730 3245 4799 hujus
3279 4731 3385 4786 loci
3416 4749 3513 4788 ex-

1934 4831 2133 4903 positio
2162 4837 2267 4894 est,
2304 4827 2591 4890 nimirum,
2626 4827 2757 4896 quia
2797 4821 3013 4880 Iudaici
3052 4821 3263 4878 furoris
3297 4833 3512 4895 tempus

1931 4925 2193 4991 ingruens
2215 4919 2513 4991 pretiosam
2539 4914 2852 4971 Servatoris
2874 4928 3095 4970 crucem
3118 4915 3513 4985 propemodum

1934 5013 2168 5068 deﬁxam
2200 5007 2550 5075 ostendebat,
2602 5006 2813 5061 idcirco
2857 5005 2924 5061 ad
2971 5020 3035 5061 ea
3064 5004 3183 5061 loca
3224 5021 3333 5061 una
3387 5021 3514 5061 cum

1934 5107 2147 5161 sanctis
2198 5100 2490 5171 discipulis
2541 5098 2727 5168 ipsum
2782 5094 3141 5159 contendere,
3204 5094 3259 5148 in
3310 5095 3513 5163 quibus

1930 5212 2055 5252 eum
2104 5194 2401 5250 satellitum
2432 5190 2634 5247 cohors
2668 5196 2944 5259 repertum
2972 5186 3405 5258 comprehendit.
3448 5184 3515 5238 Et

1932 5289 2023 5343 hic
2070 5285 2292 5357 quidem
2350 5298 2547 5339 sensus
2594 5289 2679 5337 est
2723 5279 3073 5335 verisimilis:
3138 5284 3516 5331 verumtamen

1936 5381 2105 5434 alium
2130 5376 2444 5449 quemdam,
2466 5372 2771 5444 spiritalem
2800 5369 3057 5426 videlicet
3089 5374 3143 5423 et
3171 5367 3510 5429 abstrusum,

1931 5471 2091 5542 juvat
2119 5469 2388 5524 indicare.
2415 5464 2772 5519 Mutationem
2803 5460 3007 5531 quippe
3036 5473 3099 5513 ex
3146 5470 3254 5511 uno
3280 5458 3335 5510 in
3366 5456 3518 5509 aliud

238 5581 434 5650 μένον.
479 5548 594 5649 Τὴν
625 5578 735 5649 γὰρ
762 5578 819 5643 ἐξ
843 5548 1029 5648 ἑτερου
1051 5574 1195 5638 τινὸς
1221 5548 1354 5645 πρὸς
1383 5573 1469 5628 lira
1480 5574 1570 5646 ρόν
1594 5590 1647 5627 τι
1678 5548 1812 5644 μετ-ά

1939 5575 1991 5619 et
2025 5577 2055 5616 a
2091 5562 2278 5631 pravis
2304 5558 2371 5613 ad
2409 5556 2639 5612 meliora
2666 5551 3090 5608 conversionem
3125 5562 3224 5617 per
3258 5548 3436 5618 ipsum
3464 5557 3521 5603 et

238 5689 446 5727 στάσιν
473 5671 572 5725 καὶ
594 5671 696 5741 τὴν
720 5672 785 5723 ὲκ
815 5669 924 5722 τῶν
950 5666 1211 5737 χειρόνων
1243 5667 1319 5729 εἰς
1347 5665 1406 5717 τὸ
1440 5664 1660 5735 ἄμεινον
1699 5666 1839 5717 ἁπον-

1944 5671 2068 5709 cum
2107 5655 2226 5723 ipso
2267 5650 2426 5706 nobis
2476 5646 2732 5702 omnibus
2775 5641 2896 5697 fore
2945 5640 3258 5710 signiﬁcare
3307 5640 3519 5707 volens,

317 5848 370 5881 ²²
409 5847 572 5903 Joan.
606 5862 762 5910 mn,
789 5845 878 5900 38.
946 5845 992 5877 "
1019 5844 1178 5899 Joan.
1205 5860 1319 5907 xix,
1352 5844 1401 5897 4.
1469 5844 1514 5874 τι
1549 5841 1741 5897 Matth.
1776 5858 1811 5895 ι

1915 5856 1949 5906 ι,
1984 5838 2073 5891 24.
2129 5835 2175 5867 ⁷⁸
2202 5832 2394 5888 Matth.
2434 5844 2583 5895 uri,
2621 5825 2711 5895 59,
2739 5823 2827 5880 σο.
2897 5824 2942 5855 ⁷⁶
2977 5821 3139 5876 Joau.
3171 5836 3270 5888 xu’,
3304 5818 3397 5887 51,
3429 5819 3520 5873 52.

583 5939 854 6006 PATBOL.
902 5938 1016 5999 Gn.
1063 5936 1319 5997 LXXIV.

3075 5912 3142 5980 11
