4006 6442
471 379 570 435 351
984 406 989 409 ~
1512 371 1568 425 S.
1590 369 1865 427 CYRILLI
1893 368 2367 429 ALEXANDRINI
2385 370 2707 430 ARCHIEP.
3217 378 3233 384 ’
3602 386 3694 442 ιδῃ

473 492 780 548 exclamat:
823 505 844 540 ι
880 486 1128 559 Surgite,
1160 500 1355 543 eamus
1408 486 1560 551 hinc,
1599 504 1618 538 ι
1648 494 1709 539 ιιι
1750 484 1858 538 tale
1891 483 2055 554 quid-

2120 516 2133 545 ι
2160 485 2371 558 δρομὴν
2390 529 2405 553 ,
2448 486 2516 541 δι’
2546 487 2714 544 αὑτοῦ
2745 506 2804 543 τε
2838 488 2932 545 καὶ
2967 490 3064 544 σὺν
3087 490 3237 563 αὐτῷ
3269 494 3428 548 πᾶσιν
3455 496 3577 567 ἡμῖν
3601 502 3702 555 ἐσο-

475 585 621 654 piam
654 579 960 651 intelligere
988 594 1055 635 ex
1084 579 1166 635 rei
1194 579 1426 635 veritate
1461 578 1787 640 debeamus,
1817 590 1848 629 a
1879 584 2057 630 morte

2164 578 2334 648 μένην
2362 581 2748 651 κατασημῆναι
2780 580 2979 647 θέλων,
3007 582 3069 636 τὸ
3090 602 3109 634 ι
3152 584 3452 655 Ἐγείρεσθε
3471 628 3485 654 ,
3510 588 3705 661 ἄγωμεν

475 673 696 743 quidem
730 672 798 726 ad
830 672 1024 737 vitam,
1060 678 1114 726 et
1141 685 1173 725 a
1209 671 1567 741 corruptione
1594 668 1662 723 ad
1687 669 2057 739 incorruptio-

2161 668 2409 724 ἐντεῦθεν
2436 688 2453 721 ι
2493 672 2757 739 ἐπιφωνεῖ
2779 690 2791 702 ·
2830 672 2916 727 ἵνα
2943 691 2998 726 τι
3022 673 3284 738 τοιοῦτον,
3324 677 3396 740 ὡς
3422 677 3478 731 ἐν
3505 680 3706 756 ἀληθείᾳ

475 779 627 827 nem,
667 777 765 834 per
800 762 981 832 ipsum
1023 770 1079 816 et
1139 775 1264 816 cum
1317 760 1459 830 ipso,
1519 759 1686 815 sicuti
1718 758 1883 813 modo
1910 758 2055 822 dixi,

2161 756 2353 828 νοῆσαι
2379 758 2665 830 μέλλωμεν
2684 801 2700 824 ,
2732 762 2842 815 ἀπὸ
2868 763 2969 834 μὲν
2996 763 3227 818 θανάτου
3257 767 3389 837 πρὸς
3414 767 3577 841 ζωὴν,
3619 774 3711 827 ἀπὸ

476 855 636 926 quasi
670 855 739 908 ab
776 868 884 908 uno
909 854 1030 907 loco
1059 852 1299 907 transire
1328 851 1384 905 in
1409 851 1598 905 alium.
1650 848 1820 905 Recte
1872 850 2058 920 itaque

2159 849 2217 903 δὲ
2253 850 2457 922 φθορᾶς
2491 853 2571 916 είς
2603 851 2932 924 ἀφθαρσίαν,
2958 856 3023 908 δι’
3052 856 3218 910 αὑτοῦ
3239 875 3297 910 τε
3327 859 3420 912 καὶ
3443 861 3534 915 σὺν
3560 864 3710 936 αὐτῷ,

478 947 637 1020 illud,
680 963 699 998 ι
730 944 970 1016 Surgite,
998 959 1190 1000 ea-mus
1226 944 1377 1009 hinc,
1401 962 1419 996 ι
1457 943 1660 1014 inquit.
1690 941 1835 1009 Quin
1870 949 1925 997 et
1951 942 2060 997 alio

2161 940 2417 1016 καθάπερ
2446 941 2583 1013 ἔφην
2608 944 2842 1015 ἀρτίως,
2889 946 2965 1010 ὡς
2984 948 3091 1000 ἀπό
3123 965 3267 1012 τινος
3303 950 3467 1004 τόπου
3496 970 3718 1026 μεταχω·

478 1040 642 1094 modo
671 1038 740 1093 de
770 1038 929 1093 nobis
961 1036 1094 1108 ipsis
1123 1037 1334 1091 dictum
1364 1035 1498 1091 illud
1526 1036 1821 1106 intelliges.
1850 1033 2059 1088 Trans-

2163 1034 2277 1102 ρεῖν
2307 1034 2387 1097 είς
2419 1034 2625 1105 ἕτερον.
2674 1036 2871 1099 Καλῶς
2904 1032 3001 1093 οὖν
3053 1040 3163 1110 ἄρα
3204 1040 3301 1104 τὸ,
3347 1059 3364 1092 ι
3409 1044 3716 1116 Ἐγείρεσθε,

477 1130 687 1185 ferendi
734 1143 958 1184 eramus
998 1143 1029 1183 a
1070 1128 1267 1183 mundi
1320 1143 1510 1184 amore
1580 1127 1649 1182 ad
1720 1127 2057 1182 toluntatem

2160 1121 2384 1193 ἄγωμεν
2415 1123 2696 1191 ἐντεῦθεν,
2736 1144 2755 1177 ι
2792 1126 2978 1195 φησίν.
3029 1122 3107 1181 ’Ἦ
3141 1128 3232 1180 καλ
3260 1129 3380 1182 καθ’
3412 1130 3588 1202 ἔτερόν
3615 1150 3721 1187 τινα

474 1220 709 1277 faciendi
749 1219 921 1292 856
949 1219 1095 1290 quod
1133 1219 1245 1275 Deo
1283 1222 1550 1292 placeret,
1583 1235 1649 1276 ac
1682 1230 1951 1291 praeterea
1991 1235 2056 1275 ex

2160 1214 2363 1284 τρόπον
2383 1214 2469 1283 ἐφ’
2495 1214 2654 1286 ήμῶν
2693 1214 2871 1270 αὐτῶν
2893 1218 3106 1291 ἐκλήψῃ
3128 1225 3188 1272 το
3221 1220 3527 1291 εἰρημένον.
3554 1223 3723 1292 Ἐμέλ-

474 1311 742 1367 servitute
790 1311 857 1366 ad
921 1311 1247 1382 dignitatem
1299 1311 1641 1382 adaptionis,
1672 1328 1741 1368 ex
1794 1320 1946 1367 terra
1991 1310 2056 1366 ad

2159 1306 2325 1378 λομεν
2355 1310 2453 1380 ήδη
2490 1310 2846 1380 μεθίστασθαι
2880 1314 2944 1365 ἐκ
2990 1311 3086 1367 τοῦ
3132 1313 3305 1383 φιλεῖν
3340 1315 3410 1368 τὰ
3448 1316 3506 1369 ἐν
3529 1315 3720 1386 κόσμῳ,

474 1417 769 1472 supernam
793 1402 1096 1466 civitatem,
1152 1419 1218 1458 ex
1275 1410 1503 1475 peccato
1529 1404 1598 1458 ad
1644 1418 1763 1458 eam
1797 1418 1921 1474 quae
1953 1418 2053 1473 per

2161 1404 2379 1472 φρονεῖν
2400 1404 2478 1465 εἰς
2505 1404 2567 1456 τὸ
2588 1404 2806 1459 ἑλέσθαι
2840 1406 2972 1478 δρᾷν
3005 1407 3210 1461 ἐθέλειν
3239 1407 3303 1461 τὸ
3328 1407 3518 1461 δοκοῦν
3539 1408 3726 1479 τῷΘεῷ

474 1495 635 1551 ﬁdem
672 1495 729 1548 in
758 1494 980 1549 Christo
1023 1501 1112 1550 est
1139 1495 1436 1565 justitiam,
1490 1510 1554 1551 ex
1591 1495 1917 1566 impuritate
1952 1496 2056 1550 hu-

2161 1496 2254 1548 καὶ
2282 1495 2362 1548 ἔτι
2400 1497 2533 1567 πρὸς
2561 1499 2735 1571 τούτῳ
2763 1503 2828 1555 ἐκ
2854 1502 3098 1566 δουλείας
3133 1501 3430 1572 ἀναφοιτᾷν
3457 1501 3535 1564 εἰς
3555 1502 3611 1554 τδ
3637 1503 3725 1572 τῆς

475 1603 639 1644 mana
670 1588 739 1644 ad
769 1586 1008 1659 Spiritus
1038 1588 1488 1654 sanctimoniam,
1529 1604 1595 1644 ex
1624 1589 1960 1644 contumelia
1994 1588 2049 1643 in

2158 1588 2429 1653 υίοθεσίας
2478 1590 2696 1660 ἀξίωμα
2718 1633 2732 1655 ,
2780 1593 2891 1648 ἀπὸ
2920 1594 3022 1663 γῆς
3054 1594 3135 1657 είς
3183 1593 3285 1665 τὴν
3312 1596 3426 1648 ἄνω
3453 1595 3603 1649 πόλιν
3623 1634 3637 1657 .
3678 1595 3728 1658 ἐξ

472 1681 728 1752 gloriam,
761 1696 824 1735 ex
855 1681 1131 1751 imperitia
1162 1681 1218 1735 in
1253 1680 1573 1745 scientiam,
1601 1696 1670 1736 ex
1706 1681 1967 1736 socordia
1998 1687 2054 1737 et

2158 1680 2433 1752 ἁμαρτίας
2459 1683 2541 1746 είς
2566 1682 2916 1755 δικαιοσύνην
2955 1685 3055 1755 τὴν
3092 1685 3180 1739 διὰ
3208 1684 3449 1749 πίστεως
3482 1685 3538 1739 δὲ
3564 1686 3727 1756 δῆλον⁴

475 1772 793 1828 inlirmitate
837 1770 907 1827 ad
961 1771 1223 1828 virtutem
1258 1772 1314 1826 in
1370 1771 1509 1828 bene
1555 1772 1794 1843 agendo.
1847 1771 2055 1829 Locum

2158 1772 2240 1825 ότι
2295 1774 2393 1844 τῆς
2417 1775 2475 1827 ἐν
2507 1775 2757 1846 Χριστῷ,
2812 1777 2872 1840 ἐξ
2902 1776 3246 1848 ἀκαθαρσίας
3280 1779 3382 1847 τῆς
3403 1777 3731 1849 ἀνθρωπίνης

476 1865 661 1936 itaque
700 1865 869 1920 veluti
918 1862 1212 1934 quemdam
1256 1865 1465 1920 nostris
1522 1832 1757 1919 terrenis
1810 1865 2057 1934 peccatis

2160 1865 2241 1926 εἰς
2271 1832 2489 1918 τδῖδιά
2515 1832 2609 1919 τοῦ
2639 1832 2955 1938 Πνεσύματος
2981 1832 3283 1939 ἁγιασμόν,
3410 1832 3628 1939 ἀτιμίας

390 1962 393 1971 ’
476 1966 679 2013 terram
724 1959 865 2012 hanc
920 1965 1195 2023 statuens,
1242 1976 1260 2009 ‹
1306 1954 1560 2028 Surgite,
1627 1956 1826 2027 inquit,
1864 1972 1972 2011 eant

2160 1954 2340 2023 δόξαν,
2378 1957 2438 2023 ἐξ
2469 1958 2710 2029 ἀμαθίας
2742 1962 2823 2024 εἰς
2854 1959 3066 2014 σύνεσιν
3090 2002 3103 2027 ,
3145 1960 3256 2015 ἀπὸ
3304 1961 3362 2015 δὲ
3400 1960 3602 2024 δειλίας
3649 1961 3733 2014 καὶ

475 2049 626 2104 hinc.
667 2076 688 2101 ρ
740 2046 894 2103 Licet
927 2048 1095 2112 enim,
1143 2047 1327 2118 quoad
1366 2047 1629 2118 loquendi
1678 2047 1934 2113 formam,
1969 2064 2057 2104 se-

2155 2049 2476 2120 ἀνανδρείας
2530 2051 2612 2115 είς
2655 2050 2946 2121 εὐτολμίαν
2999 2051 3097 2123 τὴν
3137 2052 3227 2106 ἐπ’
3278 2052 3527 2119 ἀγαθοῖς.
3575 2053 3732 2106 Τόπον

478 2141 657 2211 ipsum
681 2140 844 2196 nobis
864 2139 1198 2211 conjungere
1224 2139 1495 2205 videatur,
1523 2141 1661 2197 nihil
1685 2149 1866 2196 tamen
1894 2141 2057 2197 nobis

2156 2136 2249 2194 οὖν
2278 2141 2468 2214 ὥσπερ
2495 2143 2608 2206 τοῖς
2645 2142 2739 2195 ἐπὶ
2779 2144 2882 2213 γῆς
2918 2143 3078 2215 ήμῶν
3107 2144 3557 2215 πλημμελήμασι
3583 2143 3642 2197 τὸ
3664 2146 3738 2196 ἐν·

477 2231 639 2300 plane
674 2229 820 2284 istud
851 2230 1051 2291 oberit,
1084 2244 1207 2284 cum
1240 2232 1292 2283 id
1326 2228 1512 2285 facere
1541 2231 1747 2286 soleat.
1768 2229 1927 2287 Unde
1950 2233 2057 2288 ali-

2156 2234 2285 2289 θάδε
2316 2234 2507 2301 τιθεὶς,
2544 2254 2563 2288 ι
2599 2235 2936 2308 Ἐγείρεσθε,
2968 2236 3155 2307 φησὶν,
3178 2237 3409 2308 ἄγωμεν
3437 2235 3731 2291 ἐντεῦθεν.»

476 2321 603 2375 cubi
642 2321 875 2390 adsuos
906 2319 1211 2389 discipulos
1244 2321 1516 2377 dicentem
1567 2322 1724 2377 illum
1769 2325 2053 2393 reperies:

2160 2328 2221 2381 Ei
2246 2326 2369 2407 ,γὰρ
2395 2328 2525 2390 καὶ,
2551 2328 2674 2382 ὅσον
2707 2323 2843 2401 ἧκεν
2870 2331 2952 2393 είς
2983 2329 3045 2383 τὸ
3075 2328 3171 2383 τοῦ
3205 2328 3376 2399 λόγου
3411 2329 3629 2401 σχῆμα,
3659 2329 3742 2382 καὶ

482 2431 501 2464 c
561 2411 645 2467 Me
698 2418 909 2483 oportet
961 2411 1180 2480 operari
1230 2426 1400 2482 opera
1449 2411 1570 2482 ejus
1600 2413 1693 2483 qui
1740 2414 1891 2468 misit
1945 2430 2054 2480 me,

2156 2421 2348 2474 ἐαυτὸν
2379 2422 2508 2491 ἡμῖν
2536 2421 2802 2491 συνδήσας
2828 2421 3100 2491 φαίνεται,
3127 2421 3247 2475 ἀλλ’
3282 2422 3443 2476 οὐδὲν
3472 2423 3622 2493 ἡμᾶς
3640 2421 3736 2475 ἀδι-

478 2500 652 2555 donec
702 2499 822 2554 dies
861 2509 964 2555 est.
989 2494 1160 2555 Venit
1202 2516 1308 2556 nox
1334 2541 1350 2566 ,
1397 2502 1620 2574 quando
1648 2518 1814 2557 nemo
1874 2512 2057 2573 potest

2162 2509 2316 2581 κήσει
2350 2509 2508 2563 τοῦτο
2543 2509 2841 2575 παντελῶς,
2866 2509 3100 2581 ἐπείπερ
3136 2510 3296 2581 αὖτῷ
3330 2510 3498 2566 τοῦτο
3532 2508 3744 2579 σύνηθες

476 2592 691 2663 operari
714 2593 785 2649 ⁷⁷.
821 2611 841 2646 ι
869 2592 1042 2650 Audis
1066 2604 1123 2649 ut
1148 2596 1393 2666 seipsum
1431 2596 1595 2652 nobis
1623 2611 1864 2669 operum
1882 2597 2055 2654 comi-

2162 2602 2311 2673 Βρᾷν.
2344 2602 2452 2656 Καὶ
2472 2600 2603 2671 γοῦν
2632 2602 2691 2657 ἐν
2710 2601 2919 2672 ἑτέροις
2946 2600 3219 2656 ἁλώσεται
3256 2603 3442 2672 λέγων
3472 2602 3609 2673 πρὸς
3631 2601 3744 2663 τοὺς

480 2694 583 2741 tem
615 2686 902 2757 adjungat,
924 2686 1051 2743 licet
1081 2689 1289 2745 nostris
1311 2689 1576 2759 operibus
1592 2706 1701 2746 non
1722 2691 1796 2747 sit
1827 2693 2054 2763 perinde

2168 2696 2353 2751 ἑαυτοῦ
2396 2696 2644 2768 μαθητάς
2670 2713 2683 2727 ο
2728 2714 2746 2747 ι
2779 2695 2962 2766 Ἢμᾶς
3007 2696 3088 2750 δεῖ
3139 2696 3487 2769 ἐργάζεσθαι
3519 2694 3588 2751 τά
3623 2693 3750 2765 ἔργα

476 2791 541 2832 ac
594 2791 693 2832 nos
738 2777 1060 2833 obnoxius?
1094 2779 1163 2832 At
1206 2778 1471 2833 usitatam
1529 2780 1671 2836 hanc
1735 2796 1858 2837 esse
1908 2782 2054 2852 apud

2167 2787 2251 2843 τοῦ
2275 2787 2591 2859 πέμψαντος
2612 2789 2784 2860 ἡμᾶς,
2808 2788 2914 2852 ἕως
2934 2787 3117 2858 ήμέρα
3141 2787 3321 2842 ἐστίν.
3347 2787 3615 2859 Ἔρχεται
3641 2783 3749 2848 νὺξ,

479 2882 579 2924 nos
628 2869 886 2939 loquendi
925 2869 1156 2924 formam
1192 2871 1366 2927 nihilo
1394 2873 1576 2927 secius
1621 2874 2050 2944 comperiemus.

2175 2883 2246 2934 ίτε
2273 2881 2449 2945 οὐδεὶς
2475 2880 2694 2935 δύναται
2724 2879 3087 2953 ἐργάσασθαι.
3118 2898 3137 2932 ι
3179 2881 3442 2944 Ἀκούεις
3470 2882 3621 2942 ὅπως
3647 2878 3757 2932 ἐαυ-

478 2960 691 3032 Quippe
736 2962 956 3017 divinus
978 2960 1189 3018 Paulus
1236 2962 1559 3019 Corinthios
1589 2964 1915 3037 objurgaus,
1974 2967 2054 3021 ita

2171 2972 2248 3027 τὸν
2276 2974 2408 3045 ἡμῖν
2455 2975 2535 3036 είς
2578 2974 2640 3027 τὸ
2682 2972 3013 3044 ἐργάζεσθαι
3057 2971 3302 3043 πρέπειν
3341 2971 3753 3032 συναναπλέκει,

476 3054 668 3108 scribit
696 3070 710 3106 :
754 3070 772 3104 ι
815 3051 940 3107 Haec.
976 3061 1182 3119 autem,
1213 3053 1431 3120 fratres,
1465 3054 1857 3126 transﬁgurari
1881 3057 1936 3112 in
1969 3073 2055 3116 me

2176 3065 2332 3121 ιαίτοι
2351 3063 2430 3136 τῷ
2454 3063 2782 3138 ἐργάζεσθαι
2809 3064 2919 3118 δεῖν
2945 3064 3066 3118 καθ’
3086 3064 3233 3135 ἡμᾶς
3271 3065 3339 3119 οὐ
3368 3062 3758 3133 συνυποκείμε-

477 3154 533 3199 et
552 3143 768 3214 Apollo,
800 3150 861 3198 ut
893 3145 948 3199 in
984 3145 1149 3200 nobis
1170 3144 1404 3203 discatis
1436 3163 1604 3219 supra
1637 3150 1690 3204 id
1726 3150 1872 3219 quod
1910 3150 2052 3207 scri-

2175 3175 2285 3224 mc;
2345 3156 2486 3210 Ἀλλ’
2531 3155 2780 3228 emptas;
2814 3158 2944 3227 ήμῖν
2971 3156 3126 3210 τοῦτο
3150 3154 3250 3209 τοῦ
3283 3155 3457 3226 λόγου
3487 3156 3550 3210 τὸ
3585 3154 3757 3225 σχῆμα

478 3248 633 3306 ptum
664 3243 750 3292 est
782 3250 892 3291 non
932 3237 1211 3306 sapere".
1246 3257 1265 3291 ι
1299 3237 1456 3305 Quod
1506 3248 1687 3296 autem
1724 3242 1932 3298 nostris
1972 3243 2056 3297 in—

2176 3250 2255 3304 ιαὶ
2281 3250 2411 3319 παρ’
2427 3250 2557 3320 ήμῖν
2576 3250 2757 3312 αὐτοῖς
2781 3248 2932 3302 οὐδὲν
2947 3242 3112 3319 ἦττον
3133 3248 3273 3320 εὑρή
3282 3265 3348 3302 σο
3355 3265 3484 3318 μεν.
3509 3248 3623 3302 Καὶ
3638 3245 3758 3316 γοῦν

478 3325 832 3381 ﬁrmitatibus
900 3341 1249 3396 nequaquam
1305 3329 1649 3395 obnoxium,
1712 3330 1808 3386 sed
1858 3330 2054 3387 ducem

2178 3344 2187 3393 ί
2220 3340 2506 3403 θεσπέσιος
2537 3338 2744 3403 Παῦλος
2794 3339 3107 3409 ἐπιπλήξας
3129 3340 3461 3411 Κορινθίοις
3491 3337 3653 3393 τοῦτο
3678 3351 3760 3387 τε·

477 3418 692 3474 itineris
737 3417 791 3471 in
848 3419 1103 3475 omnibus
1152 3420 1315 3476 bonis
1364 3430 1420 3477 et
1474 3438 1541 3477 ex
1597 3423 1847 3494 pristinis
1906 3425 2057 3482 vitiis

2181 3429 2464 3500 τόλμηκεν,
2514 3427 2816 3484 ἐπιστέλλει
2849 3427 2905 3481 δέ
2947 3428 3075 3481 ὡδί·
3119 3445 3138 3479 ι
3168 3428 3371 3483 Ταῦτα
3409 3428 3507 3494 δὲ,
3552 3421 3763 3493 ἀδελφοί

477 3510 862 3568 conversionis
887 3513 940 3566 in
967 3513 1188 3578 melius,
1215 3529 1324 3569 non
1349 3515 1613 3586 legatum,
1634 3532 1749 3572 non
1777 3519 2055 3588 angelum,

2184 3537 2300 3586 ιου,
2350 3520 2797 3593 μετεσχημάτισα
2839 3522 2919 3582 εἰς
2944 3519 3179 3591 ἐμαυτὸν
3208 3520 3313 3574 καὶ
3352 3518 3640 3582 Ἀπολλῶ,
3685 3516 3766 3569 ἵνα

478 3600 576 3656 sed
608 3601 789 3682 ipsum
823 3601 1184 3658 habuerimus
1212 3605 1462 3659 universi
1500 3604 1822 3671 Dominum,
1879 3608 2059 3662 nulla-

2180 3633 2217 3667 ;v
2245 3616 2378 3685 ἡμῖν
2411 3614 2620 3686 μάθητε
2663 3614 2724 3667 τὸ
2753 3613 2827 3684 μὴ
2851 3614 2992 3685 ὑπὲρ
3019 3613 3049 3666 δ
3094 3612 3427 3684 γέγραπται
3474 3612 3716 3684 φρονεῖν.
3746 3627 3762 3658 ι

477 3701 641 3747 tenus
667 3690 1029 3748 dubitandum
1057 3704 1161 3752 est.
1196 3692 1487 3766 Redempti
1540 3697 1689 3751 enim
1718 3712 1911 3754 sumus
1942 3714 2055 3754 non

2188 3705 2282 3757 Οτι
2320 3703 2377 3757 δὲ
2425 3705 2474 3756 εί
2520 3703 2615 3757 καὶ
2667 3702 2742 3774 μὴ
2783 3702 3134 3756 συνυπαίτιον
3182 3705 3314 3766 ταῖς
3352 3704 3577 3758 ἑαυτῶν
3617 3699 3770 3754 ἀσθε-

476 3799 575 3855 per
605 3800 708 3841 nos
742 3785 912 3856 ipsos,
943 3802 1044 3842 nec
1075 3803 1171 3858 per
1200 3788 1368 3842 aliam
1416 3787 1583 3842 ullam
1615 3804 1730 3845 rem
1788 3801 2052 3859 creatam,

2191 3795 2364 3860 είαις,
2415 3794 2532 3849 ἀλλ’
2563 3790 2658 3848 οὖν
2709 3794 2956 3865 ἡγεμόνα
2998 3793 3100 3863 τῆς
3140 3793 3264 3847 ὁδοῦ
3293 3797 3419 3858 τοῖς
3448 3794 3539 3864 ἐφ’
3572 3792 3771 3847 ἅπασιν

476 3874 572 3929 sed
604 3890 701 3946 per
747 3876 933 3947 ipsum
964 3877 1157 3946 potius
1179 3875 1537 3935 Servatorem
1587 3889 1843 3936 nostrum
1891 3880 2054 3939 Chri-

2193 3888 2384 3959 γαθοῖς
2409 3888 2503 3942 καὶ
2527 3887 2627 3957 τῆς
2648 3887 2714 3940 ἐκ
2743 3885 2930 3940 παθῶν
2950 3885 3060 3939 τῶν
3086 3886 3348 3956 ἀρχαίων
3380 3888 3484 3940 ἐπὶ
3515 3885 3581 3939 τὸ
3602 3877 3774 3954 κρεῖτ-

476 3973 643 4023 stum.
676 3966 950 4033 Quocirca
1006 3968 1229 4039 quando
1265 3967 1401 4024 illud
1432 3970 1507 4025 ait
1539 3987 1553 4025 :
1607 3990 1626 4023 ι
1669 3971 1926 4045 Surgite,
1959 3990 2054 4030 ea-

2191 3999 2246 4035 ov
2299 3979 2666 4049 ἐπιστροφῆς,
2711 3977 2773 4031 οὐ
2825 3975 3102 4048 πρέσϐυν,
3166 3975 3274 4029 οὒκ
3324 3976 3611 4045 ἄγγελον,
3667 3969 3773 4026 ἀλλ’

476 4070 601 4112 mus
632 4055 785 4124 hinc,
824 4076 843 4111 ι
881 4059 1041 4128 quasi
1076 4058 1407 4113 mundanam
1428 4062 1734 4133 nequitiam
1784 4079 1893 4119 una
1928 4081 2052 4121 cum

2198 4072 2316 4127 θτδν
2358 4072 2673 4142 ἐσχήκαμεν
2718 4067 2811 4123 τὸν
2865 4068 3120 4123 ἁπάντων
3158 4065 3417 4138 Κύριον,
3476 4064 3780 4136 οὐδαμόθεν

441 4148 641 4204 νηοὶιίε
697 4149 910 4222 fugiat,
968 4165 1083 4205 non
1129 4158 1397 4223 tanquam
1448 4154 1704 4214 humanis
1749 4159 1916 4215 malis
1956 4161 2023 4216 ob

2196 4164 2473 4236 μφίσολον.
2531 4160 2931 4237 Λελυτρώμεθα
2973 4160 3113 4230 γὰρ,
3159 4161 3224 4212 οὐ
3253 4159 3331 4213 δι’
3359 4159 3625 4223 ἑαυτῶν,
3670 4153 3778 4210 ἀλλ’

477 4242 696 4309 noxius,
729 4243 829 4298 sed
865 4251 1126 4312 tanquam
1152 4243 1285 4311 dux,
1328 4256 1382 4301 et
1410 4248 1831 4320 antesignanus,
1867 4257 1923 4305 et
1953 4250 2057 4306 du-

2203 4258 2277 4312 ὅδὲ
2301 4257 2367 4310 δι’
2394 4254 2582 4326 ἐτέρου
2622 4253 2768 4316 τινὸς
2789 4251 2896 4306 τῶν
2922 4250 3187 4323 γενητῶν,
3222 4250 3299 4305 δι’
3329 4250 3520 4305 αὐτοῦ
3551 4251 3613 4304 δὲ
3651 4246 3785 4320 μᾶλ·

478 4343 599 4390 ctor
627 4335 679 4389 in
711 4336 1181 4407 incorruptionem
1209 4346 1263 4391 et
1289 4353 1411 4393 eam
1456 4340 1629 4395 vitam
1678 4357 1801 4412 qua
1849 4342 2055 4398 sancti-

2204 4367 2244 4403 δν
2290 4347 2386 4402 τοῦ
2419 4346 2671 4417 Σωτῆρος
2716 4344 2875 4416 ήμῶν
2921 4342 3180 4415 Χριστοῦ.
3244 4343 3488 4398 Οὐκοῦν
3532 4345 3669 4396 ὅταν
3713 4338 3786 4401 ὡς

475 4434 589 4482 tate
615 4437 668 4482 et
700 4426 794 4483 Dei
826 4442 1011 4482 amore
1033 4439 1271 4494 constat,
1301 4430 1447 4485 istud
1478 4431 1575 4485 ait.

2211 4458 2257 4494 δν
2293 4440 2427 4511 ἡμῖν
2461 4438 2555 4490 καὶ
2585 4435 2702 4508 μεθ’
2733 4436 2893 4507 ἡμῶν
2919 4435 3020 4508 τῂν
3057 4436 3115 4488 ἐν
3146 4433 3355 4506 κόσμῳ
3394 4430 3793 4506 παραδραμὼν

478 4522 786 4594 φαυλότητα
813 4522 945 4595 λέγῃ
967 4522 1049 4589 τὸ,
1075 4541 1095 4577 ι
1117 4525 1452 4598 Ἐγείρεσθε,
1483 4525 1708 4598 ἄγωμεν
1736 4527 2005 4596 ἐντεῦθεν,
2033 4552 2052 4587 ι
2094 4537 2192 4607 οὐχ
2219 4536 2295 4598 ὡς
2330 4533 2699 4607 συνυπαίτιος,
2726 4533 2894 4603 ήγουν
2923 4530 3245 4601 ἐνεχόμενος
3316 4532 3444 4591 τοῖς
3507 4522 3794 4600 ἀνθρωπί·

477 4632 589 4679 νοις
629 4615 888 4679 πάθεσιν»
940 4615 1056 4670 ἀλλ’
1083 4617 1160 4681 ὡς
1193 4619 1435 4690 ἀρχηγὸς
1472 4620 1567 4672 καὶ
1604 4620 1920 4693 προστάτης
1963 4627 2058 4681 καὶ
2131 4628 2450 4701 καθηγητὴς
2517 4629 2617 4699 τῆς
2656 4627 2861 4681 εἰσόδου
2895 4627 2976 4690 είς
3011 4624 3342 4695 ἀφθαρσίαν
3373 4624 3484 4679 καὶ
3513 4622 3673 4695 ζωὴν
3704 4617 3799 4688 τὴν

477 4712 535 4762 ἐν
561 4707 819 4780 ἁγιασμῷ
843 4710 936 4762 καὶ
963 4710 1229 4784 φιλοθεῖᾳ,
1263 4712 1325 4765 τὸ
1347 4710 1589 4766 τοιοῦτον
1611 4713 1747 4782 ἐρεῖ.

1043 4824 1209 4896 357
1244 4824 1395 4881 CAP.
1424 4824 1489 4881 ll.
2088 4814 2135 4870 ι)
2761 4825 3013 4881 nam.
3054 4824 3131 4878 B'.

479 4933 634 5003 Quod
664 4933 773 4989 Deo
811 4951 874 4988 ac
911 4935 1071 4990 Patri
1098 4936 1574 4992 consubstantialis
1614 4938 1685 4992 sit
1717 4937 1919 5005 Fiiius,
1950 4958 2054 4997 non

2225 4953 2273 4992 rt
2298 4935 2376 5003 τῷ
2407 4935 2529 5003 Θεῷ
2555 4936 2654 4990 καὶ
2691 4936 2873 5004 Πατρί
2899 4936 3223 5004 ὁμοούσιός
3289 4936 3494 4992 ἐστιν
3546 4943 3585 4995 ὁ
3644 4937 3807 5004 Υἱὸς,

548 5015 723 5059 autem
751 5006 1061 5081 diuersae!)
1089 5023 1148 5060 eo
1172 5017 1382 5081 natum
1405 5008 1484 5062 vel
1505 5009 1728 5077 generis,
1754 5019 1814 5063 ut
1836 5011 2055 5081 quidam

2231 5007 2317 5081 καὶ
2347 5010 2460 5081 of);
2481 5006 2834 5081 éteposo-uijc.
2859 5006 3002 5061 οὐδὲ
3027 5006 3336 5075 ἐκφυλος,
3402 5010 3579 5064 κατὰ
3638 5026 3813 5074 τινας

544 5079 774 5144 perversi
797 5076 1034 5131 heretici
1055 5078 1309 5134 sentiunt.
1507 5075 1522 5077 ’
1848 5075 1858 5081 ’

1297 5118 1309 5134 .
1507 5075 1522 5077 ’
1848 5075 1858 5081 ’
2220 5076 2342 5131 τῶν
2373 5075 2879 5146 διεστραμμένων.

548 5179 668 5249 XV,
706 5182 758 5238 1.
796 5179 909 5255 Ego
940 5199 1058 5239 sum
1096 5184 1215 5239 vitis
1250 5200 1394 5250 vera,
1431 5195 1481 5241 et
1514 5185 1683 5241 Pater
1718 5204 1865 5244 meus
1908 5193 2054 5262 agri-

2235 5187 2371 5259 Εγώ
2392 5188 2566 5258 signi
2594 5188 2861 5258 ἄμπελος
2893 5190 2932 5257 ἡ
2982 5185 3281 5256 ἀληθινὴ,
3336 5192 3456 5246 καὶ
3516 5196 3555 5248 ὁ
3604 5191 3817 5259 Πατήρ

475 5272 595 5329 cola
618 5284 722 5331 est.

2147 5298 2268 5351 μου
2301 5284 2334 5335 ό
2363 5281 2623 5351 γεωργός
2656 5280 2847 5334 ἐστιν.

546 5366 703 5435 Quod
754 5374 1007 5439 oporteat
1039 5367 1325 5424 dilectioni
1371 5382 1502 5440 erga
1545 5384 1608 5426 se
1662 5370 1948 5439 inhaerere,
2001 5382 2058 5429 et

2239 5372 2352 5425 Ὀτι
2382 5372 2647 5444 προσήκοι
2685 5370 2784 5440 τῆς
2829 5372 2910 5433 είς
2951 5368 3116 5422 αὑτὸν
3151 5368 3412 5441 ἀγάπης
3458 5373 3821 5446 ἐξηρτῆσθαι

475 5466 742 5528 quantum
776 5474 845 5514 ex
871 5473 938 5514 eo
971 5458 1117 5528 quod
1144 5459 1193 5514 ei
1225 5459 1510 5530 conjuncti
1549 5475 1746 5519 sumus
1778 5464 2055 5520 commodi

2238 5465 2348 5527 εῖν,
2379 5464 2475 5518 καὶ
2502 5464 2670 5518 πόσον
2710 5466 2775 5517 ἐκ
2816 5461 2915 5516 τοῦ
2950 5459 3252 5515 κολλᾶσθαι
3287 5463 3471 5535 αὐτῷ
3505 5465 3820 5538 κερδιιινοῦ⁴

477 5550 638 5608 nobis
683 5550 902 5607 eveniat
930 5549 1121 5607 volens
1153 5551 1471 5618 ostendere,
1512 5556 1675 5609 vitem
1706 5556 1930 5627 quidem
1963 5572 2052 5613 se-

2244 5554 2536 5621 ιέπιδεῖξαι
2557 5554 2792 5625 θελήσας
2817 5553 2876 5607 τδ
2902 5550 3168 5623 ὠφελοῦν,
3199 5550 3499 5624 ἄμπελον
3551 5558 3666 5629 μὲν
3699 5558 3826 5611 ἐαυ-

476 5642 653 5712 ipsum
696 5655 819 5697 esse
857 5639 1032 5697 dicit:
1073 5642 1171 5713 qui
1204 5649 1387 5698 autem
1419 5645 1471 5701 ei
1516 5653 1648 5702 sunt
1679 5647 1839 5717 uniti,
1882 5656 2050 5720 atque

2234 5665 2242 5697 ν
2270 5643 2409 5703 εἷναί
2437 5647 2714 5720 φησιν,ὡς
2745 5649 2804 5701 ἐν
2829 5643 3288 5718 παραδείγματος
3324 5647 3522 5721 λόγῳ,
3556 5647 3816 5723 κλήμασί

551 5797 596 5834 ’τ
625 5794 780 5855 Joan.
813 5811 889 5863 ιι,
920 5796 973 5852 4.
1052 5794 1098 5830 ⁷⁸
1138 5797 1157 5852 1
1191 5795 1318 5855 Cor.
1358 5815 1443 5869 Iv,
1476 5802 1528 5856 6.
