4006 6416
201 425 309 479 553

1297 433 1360 489 ΙΝ
1396 431 1683 494 JOANMS
1710 433 2161 497 EVANGELIUM
2197 441 2325 498 LIB.
2370 444 2436 501 Χ.

3388 462 3494 519 35‘

197 560 263 612 γε
300 543 419 615 μὴν
453 543 583 607 τοὺς
603 544 905 610 ὲνωθὲντας
935 546 1084 618 αὑτῷ
1111 548 1205 602 καὶ
1232 550 1673 622 ἐνηρμοσμένους
1692 553 1781 625 τρι

1883 593 1891 614 ι
1922 555 2071 610 insiti
2104 558 2512 627 quodammodo
2550 571 2606 619 et
2634 563 2813 633 inﬁxi,
2844 575 2899 624 et
2924 567 3039 639 jam
3082 569 3212 628 facti
3243 582 3376 630 sunt
3398 591 3497 632 na-

196 652 301 689 πον
329 636 462 691 τινὰ
484 637 580 691 καὶ
602 638 1020 710 ἐμπεπηγότας,
1037 643 1330 710 γεγονότας
1345 661 1406 697 τε
1435 644 1537 716 ’ήδη
1558 647 1658 717 τῆς
1684 648 1812 700 ἑαυ-

194 725 289 779 τοῦ
349 727 579 798 φύσεως
628 733 954 797 κοινωνοὺς,
998 733 1085 788 διὰ
1128 735 1222 789 τοῦ
1272 738 1595 810 μεταλαχεῖν
1650 741 1807 810 ἁγίου

195 817 534 889 Πνεύματος
556 836 571 851 ·
596 821 660 875 τὸ
679 823 791 894 γάρ
814 825 1122 879 πνενῶσαν
1149 829 1182 898 ή
1192 829 1300 899 μᾶς
1327 830 1404 901 τῷ
1438 832 1652 904 Σωτῆρι
1671 834 1808 905 Χρι-

202 909 305 981 στῷ
341 913 412 965 τὸ
446 914 606 983 ἅγιον
641 916 869 987 Πνεῦμα
898 919 1063 972 αὑτοῦ
1094 921 1263 975 ἐστιν.
1312 924 1678 997 Προαιρετικη
1709 927 1807 995 μὲν

203 1003 301 1073 γὰρ
327 1005 365 1074 ἡ
404 1005 549 1075 πρὸς
586 1007 687 1078 τὴν
723 1008 967 1079 ἄμπελον
1008 1012 1262 1081 κόλλησις
1310 1013 1416 1067 τῶν
1472 1016 1806 1087 προσιόντων

204 1096 363 1167 αὐτῇ,
411 1100 645 1171 σχετικὴ
672 1100 730 1152 δὲ
751 1104 883 1173 παρ’
917 1102 1088 1173 αὐτῆς
1127 1105 1160 1174 ἡ
1192 1105 1329 1176 πρὸς
1369 1106 1535 1176 ἡμᾶς.
1574 1108 1669 1161 Ἐκ
1704 1109 1806 1180 μὲν

200 1187 302 1259 γὰρ
331 1191 725 1261 προαιρέσεως
758 1193 971 1265 ἀγαθῆς
999 1195 1487 1268 προσεληλύθαμεν
1508 1201 1671 1270 ἡμεῖς
1715 1201 1806 1255 διά

196 1281 292 1352 τῆς
318 1284 593 1352 πίστεως,
628 1287 786 1357 γένος
814 1287 873 1341 δὲ
915 1289 1220 1362 γεγόναμεν
1259 1292 1426 1347 αὑτοῦ
1450 1292 1511 1348 τὸ
1540 1296 1643 1366 τῆς
1687 1298 1803 1351 uio-

191 1371 384 1437 θεσίας
416 1375 642 1447 ἀξίωμα
672 1379 803 1449 παρ’
841 1379 1009 1435 αὐτοῦ
1038 1381 1418 1453 κομισάμενοι.
1454 1385 1564 1440 Καὶ
1598 1387 1708 1458 γὰρ
1736 1387 1801 1459 δὴ

188 1466 336 1519 κατὰ
371 1468 468 1519 τὸν
498 1467 655 1536 ἅγιον
684 1469 913 1533 Παῦλον,
947 1489 967 1523 ι
1016 1470 1076 1524 '0
1113 1472 1453 1545 κολλώμενος
1478 1475 1555 1547 τῷ
1588 1478 1798 1549 Κυρίῳ,

184 1552 245 1604 ἒν
276 1554 513 1626 πνεῦμά
569 1558 740 1611 ἐστιν.
781 1578 800 1611 ι
839 1560 1051 1632 Ὠσπερ
1092 1556 1186 1615 οὖν
1235 1563 1295 1615 ἐν
1347 1563 1555 1634 ἑτέροις
1596 1567 1801 1637 κρηπὶς

182 1646 283 1699 καὶ
343 1646 607 1717 θεμέλιος
646 1648 735 1702 διὰ
784 1650 884 1721 τῆς
925 1651 1020 1705 τοῦ
1055 1655 1338 1725 προφήτου
1380 1658 1801 1729 κατωνόμασται

185 1738 380 1808 φωνῆς
421 1740 534 1808 (ἐπ’
588 1740 739 1812 αὑτῷ
789 1743 899 1814 γὰρ
939 1745 1467 1817 ὲποικοδομούμεθα,
1518 1750 1656 1804 λίθοι
1704 1753 1800 1806 καὶ

185 1830 355 1907 ἡμεῖς
389 1832 863 1901 χρηματίσαντες,
900 1833 1104 1901 ζῶντες
1138 1838 1233 1891 καὶ
1278 1842 1662 1908 πνευματικοὶ,
1717 1844 1799 1907 είς

1916 654 2054 703 turae
2083 650 2259 721 ipsius
2289 664 2578 711 consortes
2609 658 2678 724 7’,
2710 660 3041 733 participato
3074 679 3272 737 nempe
3301 679 3497 726 saneto

1916 736 2125 806 Spiritu
2168 744 2416 811 (sanctus
2452 746 2600 801 enim
2627 744 2837 805 Christi
2877 750 3121 822 Spiritus
3152 736 3255 811 nos
3290 757 3343 812 ei
3364 772 3496 814 con-

1906 830 2136 902 jungit),
2166 835 2267 892 hos
2296 838 2616 907 palmitibus
2654 856 2963 914 comparat.
2994 846 3198 905 Eorum
3228 851 3378 908 enim
3400 856 3495 925 qui

1909 923 1979 978 ad
2016 926 2179 981 vitem
2232 931 2507 987 accedunt
2554 933 2801 993 adhaesio
2851 939 3153 998 voluntatis
3193 950 3282 999 est
3330 923 3499 1014 atq—ue

1908 1018 2177 1087 propositi
2207 1038 2220 1075 :
2273 1021 2397 1091 ejus
2432 1033 2616 1081 autem
2663 1028 2985 1099 conjunctio
3017 1032 3330 1101 nobiscum,
3367 1035 3497 1093 aﬂ‘e-

1908 1115 2032 1163 ctus
2066 1118 2120 1164 et
2155 1112 2521 1172 habitudinis.
2554 1116 2632 1172 Ex
2664 1119 2811 1175 bono
2842 1123 3049 1193 quippe
3076 1128 3362 1196 pr0posito
3392 1144 3496 1185 nos

1906 1198 1975 1254 ad
2009 1199 2292 1258 Christum
2349 1207 2689 1266 accessimus
2733 1226 2829 1280 per
2866 1211 3029 1269 ﬁdem
3055 1233 3070 1269 :
3100 1231 3277 1286 genus
3307 1226 3492 1274 autem

1905 1288 2079 1358 ipsius
2130 1293 2256 1349 facti
2308 1312 2525 1364 sumus,
2574 1299 2884 1372 adoptionis
2938 1304 3264 1376 dignitatem
3304 1309 3374 1364 ab
3424 1325 3493 1366 eo

1904 1388 2218 1442 consecuti.
2258 1387 2497 1457 Etenim,
2531 1392 2691 1463 juxta
2721 1404 2975 1452 sanctum
3030 1398 3283 1466 Paulum,
3329 1420 3349 1454 ι
3382 1403 3487 1470 Qui

1905 1476 2148 1534 adha'ret
2180 1479 2431 1549 Domino,
2462 1501 2608 1543 unus
2640 1489 2872 1559 spiritus
2906 1500 2993 1548 est
3016 1492 3083 1547 ⁸ο.
3126 1513 3145 1546 ›
3176 1493 3332 1550 Sicut
3357 1512 3489 1567 ergo

1903 1570 2034 1625 alibi
2081 1588 2181 1643 per
2235 1590 2420 1631 vocem
2457 1579 2741 1649 prophetae
2781 1582 2933 1637 basis
2974 1592 3028 1639 et
3063 1583 3488 1643 fundamentum

1901 1662 2220 1718 nominatus
2252 1674 2336 1721 est
2369 1666 2558 1738 (super
2592 1669 2772 1754 ipsum
2800 1674 2946 1728 enim
2977 1691 3079 1732 nos
3117 1677 3482 1760 aedificamur,

1901 1758 1957 1805 et
2010 1752 2222 1824 lapides
2264 1761 2569 1829 uuncupati
2611 1752 2805 1817 sumus
2829 1766 3077 1822 viventes
3109 1782 3175 1823 ac
3206 1752 3486 1839 spiritales

1903 1841 1957 1895 in
2007 1846 2384 1901 sacerdotium
2433 1860 2709 1920 sanctum,
2762 1856 2818 1911 in
2868 1856 3245 1916 habitaculum
3287 1861 3383 1918 Dei
3427 1865 3489 1921 in

182 1919 507 1992 ἱεράτευμα
569 1923 761 1992 ἅγιον,
800 1927 881 1990 είς
931 1930 1352 2001 κατοικητήριον
1400 1931 1493 1984 τοῦ
1541 1932 1677 1986 Θεοῦ
1740 1936 1781 1988 si

2272 1900 2307 1901 η
2374 1900 2382 1901 ,
2433 1900 2709 1920 --νη------,
2868 1900 3245 1916 .....,....ν...ι....
3287 1900 3383 1918 νυ.
3427 1900 3484 1921 ι..

1905 1930 2140 2003 Spiritu,
2185 1952 2287 1993 nec
2317 1940 2428 1996 alio
2452 1943 2616 1997 modo
2644 1960 2945 2015 possumus
2972 1950 3028 2005 in
3058 1951 3164 2007 hoc
3201 1954 3484 2020 aediﬁcari.

179 2009 500 2081 Πνεῦματι,
526 2012 652 2066 καθ’
701 2015 889 2087 ἕτερον
914 2016 971 2071 δέ
1000 2035 1123 2072 τινα
1160 2022 1361 2090 τρόπον
1401 2024 1799 2097 οἰκοδομεῖσθαι

174 2100 325 2172 πρὸς
346 2102 519 2157 τοῦτο
546 2104 621 2176 μὴ
651 2105 963 2180 δυνάμενοι,
984 2112 1032 2164 εί
1055 2111 1131 2183 μὴ
1160 2113 1381 2182 γέγονεν
1397 2117 1529 2187 ημῖν
1551 2117 1800 2189 θεμέλιος

169 2197 198 2248 ό
224 2196 534 2266 Χριστὸς),
562 2198 714 2282 ὀὕτω
746 2200 977 2256 κάνθάδε
1009 2203 1150 2258 κατά
1186 2204 1284 2277 τὴν
1309 2206 1432 2278 τσην
1470 2208 1564 2262 τοῦ
1589 2211 1795 2282 νοήμα-

172 2304 263 2351 τος
305 2279 639 2358 ἀναλογίαν,
663 2290 911 2362 ἄμπελον
949 2295 1143 2350 ἑαυτὸν
1196 2293 1335 2352 εἷναί
1384 2279 1703 2370 φησιητῶνί
1738 2306 1797 2372 ἐξ

170 2378 357 2449 αὐτῆς
388 2380 716 2451 κλημάτων,
759 2384 835 2448 ὡς
885 2386 1099 2457 μητέρα
1142 2388 1236 2441 καὶ
1279 2390 1501 2460 τροφόν.
1552 2392 1796 2463 Ἀνεγεν-

169 2469 436 2541 νήθημεν
466 2472 580 2543 γὰρ
609 2474 668 2540 ἐξ
699 2473 865 2528 αὐτοῦ
900 2492 959 2528 τε
992 2478 1087 2530 καὶ
1111 2479 1170 2531 ἐν
1199 2479 1349 2550 αὐτῷ
1396 2482 1453 2534 ἐν
1491 2483 1791 2555 Πνεῦματι,

170 2562 318 2635 πρὸς
348 2565 744 2637 καρποφορίαν
772 2566 940 2638 ζωῆς,
971 2569 1093 2641 οὐχὶ
1118 2571 1217 2643 τῆς
1252 2573 1487 2644 ἀρχαίας
1529 2578 1624 2630 καὶ
1682 2597 1790 2633 παο

167 2653 359 2719 λαιᾶς,
393 2654 542 2708 ἀλλὰ
563 2656 665 2727 τῆς
697 2659 756 2711 ὲν
778 2661 1059 2731 καινότητι
1080 2661 1317 2728 πίστεώς
1344 2682 1404 2718 τε
1431 2667 1526 2719 καὶ
1567 2668 1790 2740 ἀγάπης

166 2746 268 2817 τῆς
296 2748 384 2810 εἰς
408 2748 602 2802 αὐτόν.
641 2750 1061 2822 Διατηρούμεθα
1099 2752 1155 2806 δὲ
1190 2755 1326 2826 πρὸς
1357 2755 1418 2809 τὸ
1453 2756 1596 2829 ἔχειν
1624 2760 1685 2814 τὸ
1710 2757 1788 2815 εἶ-

170 2855 279 2903 ναι,
317 2842 792 2911 προσπεφυκότες
818 2841 1010 2915 ὥσπερ
1038 2844 1191 2916 αὑτῷ
1224 2846 1317 2901 καὶ
1369 2848 1539 2921 ἀπρὶξ
1593 2853 1788 2924 ἐχόμεο

174 2946 247 2982 vos
273 2930 378 3001 τῆς
413 2931 826 3004 παραδοθείσης
867 2934 998 3004 ἡμῖν
1034 2935 1198 3005 ἁγίας
1226 2938 1445 3010 ἐντολῆς
1475 2942 1571 2995 καὶ
1584 2942 1672 2997 διὰ
1690 2943 1785 2998 τοῦ

181 3019 367 3086 σώζειν
398 3023 736 3090 ἐπείγεσθαι
757 3024 818 3077 τὸ
856 3026 922 3079 ἐκ
942 3026 1041 3097 τῆς
1079 3020 1363 3095 εὐγενείας
1399 3031 1624 3101 ἀγαθὸν,
1642 3033 1785 3088 τοῦτ’

183 3110 302 3176 ἔστι,
353 3112 455 3166 διὰ
490 3112 591 3166 τοῦ
635 3114 711 3185 μὴ
760 3114 1050 3185 ἀνέχεσθαι
1099 3115 1328 3185 λυπεῖν,
1371 3121 1514 3175 κατά
1554 3141 1607 3176 τι
1653 3123 1786 3192 γοῦν

176 3201 300 3266 ὅλως
321 3205 385 3257 τὸ
420 3204 731 3258 ἐνοικισθὲν
755 3205 888 3274 ἡμῖν
909 3206 1063 3275 ἅγιον
1104 3208 1348 3279 Πνεῦμα,
1391 3211 1459 3265 δι’
1488 3205 1549 3265 οὗ
1596 3231 1780 3269 κατοι-

167 3297 279 3347 κεῖν
319 3296 428 3365 μὲν
453 3297 514 3348 ἐν
548 3298 679 3366 ἡμῖν
735 3298 934 3351 νοεῖται
967 3297 1121 3362 Θεός.
1163 3301 1322 3357 Κατά
1358 3303 1480 3357 τίνα
1514 3304 1622 3379 γὰρ
1653 3308 1780 3379 τρό-

159 3398 266 3441 πον
294 3388 477 3459 ἐσμὲν
504 3390 566 3442 ὲν
599 3389 846 3460 Χριστῷ,
877 3389 973 3443 καὶ
1006 3391 1168 3457 αὐτὸς
1191 3393 1248 3449 ὲν
1287 3395 1440 3466 ἡμῖν,
1465 3397 1627 3462 αὐτὸς
1650 3401 1781 3470 ήμῖν

159 3480 190 3532 ό
216 3480 388 3550 σοφὸς
423 3480 689 3552 Ἰωάννης
722 3481 964 3555 ἐπιδείξῃ
992 3484 1169 3553 λέγων
1195 3502 1208 3517 ⁸
1250 3505 1269 3538 ι
1315 3488 1403 3541 Ἐν
1425 3490 1599 3561 τούτῳ
1618 3492 1780 3561 γινὼ-

159 3596 395 3650 σκομεν,
432 3581 521 3634 ὃτι
545 3582 717 3651 ἐσμὲν
743 3583 803 3636 ὲν
836 3581 1005 3653 αὐτῷ,
1052 3584 1145 3636 καὶ
1201 3582 1363 3646 αὐτὸς
1408 3584 1467 3636 ὲν
1506 3584 1659 3654 ἡμῖν,
1712 3586 1778 3637 ἐκ

155 3670 253 3724 τοῦ
292 3670 652 3743 Πνεῦματος,
687 3667 749 3727 οὗ
773 3672 943 3726 ἔδωκε
964 3675 1160 3745 ἡμῖν.»
1196 3674 1305 3727 Καὶ
1338 3672 1596 3745 ἔμπαλιν
1629 3695 1647 3727 ι
1687 3678 1776 3730 Ἐν

152 3762 335 3834 τούτῳ
373 3763 753 3835 γινώσκομεν,
787 3764 870 3818 ὅτι
907 3766 966 3818 ὲν
1005 3763 1155 3834 αὐτῷ
1175 3765 1363 3834 ὲσμεν.
1398 3794 1464 3806 -
1497 3766 1555 3819 ὐ
1601 3765 1775 3835 λέγων

154 3855 214 3907 ὲν
240 3854 399 3927 αὐτῷ
427 3854 640 3926 μένειν,
672 3854 899 3924 ὀφείλει,
933 3854 1119 3920 καθὼς
1150 3858 1354 3923 ἐκεῖνος
1375 3856 1770 3929 περιεπάτησε,

158 3948 250 3999 καὶ
275 3948 458 4010 αὐτὸς
488 3949 841 4017 περιπατεῖν.
883 3966 902 4000 ι
938 3950 1003 4001 "0
1031 3948 1256 4010 καὶτοῖς
1287 3947 1657 4020 ἀκροωμένοις
1676 3966 1772 4004 σα-

165 4035 427 4107 φέστερον
466 4035 742 4101 καθιστὰς
768 4076 783 4101 ,
827 4036 970 4090 οὕτω
1003 4036 1137 4107 φησὶ
1188 4036 1352 4090 πάλιν
1377 4050 1390 4064 ·
1436 4055 1454 4089 ι
1492 4037 1551 4092 '0
1586 4037 1771 4110 τηρῶν

166 4127 257 4190 τὰς
280 4128 522 4192 ἐντολὰς
552 4128 816 4195 αὐτοῦ,ὲν
830 4128 977 4200 αὑτῷ
992 4129 1143 4198 μένει
1167 4128 1261 4181 καὶ
1289 4128 1453 4192 αὐτὸς
1474 4130 1534 4182 ὲν
1560 4129 1765 4202 αὐτῷ.»

158 4217 349 4291 Είγὰρ
389 4222 428 4291 ἡ
462 4219 703 4290 τήρησις
732 4218 842 4272 τῶν
867 4218 1119 4285 ἐντολῶν,
1171 4217 1271 4289 τὴν
1312 4220 1403 4287 είς
1425 4219 1589 4275 αὐτὸν
1627 4221 1766 4290 ἀγά-

153 4328 262 4381 πην
285 4311 621 4380 ἐργάζεται,
678 4308 999 4380 κολλώμεθα
1024 4307 1184 4363 δὲδιά
1213 4310 1313 4380 τῆς
1354 4311 1576 4380 ἀγάπης
1615 4313 1767 4385 αὐτῷ

156 4401 268 4466 πῶς
298 4403 407 4456 οὐκ
436 4399 646 4470 ἀληθὲς
676 4402 735 4454 ὲν
777 4401 990 4464 τούτοις
1035 4401 1286 4471 φαίνεται
1332 4404 1393 4456 τὸ
1433 4404 1762 4476 είρημένονς

156 4492 364 4565 Ὅνπερ
393 4493 512 4563 γὰρ
533 4492 741 4562 τρόπον
766 4492 864 4562 τῆς
884 4492 1129 4564 ἀμπέλου
1151 4493 1212 4546 τὸ
1234 4493 1476 4565 πρέμνον
1504 4496 1602 4567 τῆς
1626 4496 1764 4562 ἰδίας

1900 2024 2010 2079 nisi
2059 2025 2318 2085 Christus
2376 2032 2535 2089 nobis
2581 2032 3002 2095 fundamentum
3055 2040 3223 2098 fuerit
3258 2044 3350 2115 ³⁸),
3392 2044 3487 2100 hic

1898 2128 2117 2185 quoque
2148 2117 2339 2173 eodem
2381 2135 2553 2177 sensu
2584 2123 2752 2179 vitem
2784 2126 3028 2198 seipsum
3069 2144 3197 2186 esse
3236 2133 3336 2199 ait,
3360 2134 3485 2203 palo

1899 2207 2097 2262 initum
2131 2211 2224 2279 qui
2255 2226 2319 2285 es
2359 2226 2424 2267 ea
2455 2222 2588 2269 sunt
2618 2217 2777 2286 quasi
2813 2227 3047 2276 matrem
3085 2230 3142 2277 et
3180 2222 3480 2279 alumnam.

1897 2294 2226 2366 Regenerati
2256 2303 2401 2358 enim
2432 2319 2628 2363 sumus
2652 2322 2721 2363 ex
2762 2308 2885 2380 ipso
2922 2319 2975 2366 et
3005 2311 3059 2366 in
3090 2312 3232 2383 ipso,
3267 2314 3321 2368 in
3353 2313 3483 2385 Spi-

1895 2386 2023 2452 ritu,
2067 2387 2138 2444 ad
2175 2388 2468 2449 ferendum
2503 2394 2742 2452 fructum
2787 2400 2932 2467 vitaI,
2961 2417 3069 2457 non
3100 2404 3304 2462 veteris
3329 2406 3482 2465 illius

1894 2487 1950 2534 et
1985 2481 2235 2551 exoletae,
2271 2485 2368 2540 sed
2417 2487 2538 2557 ejus
2565 2505 2688 2560 quae
2733 2493 2974 2549 novitate
3000 2494 3126 2549 vitae
3153 2504 3397 2563 constat,
3420 2507 3482 2555 et

1891 2585 2018 2642 erga
2048 2573 2227 2644 ipsum
2255 2576 2553 2637 charitate.
2586 2580 3001 2638 Conservamur
3028 2595 3209 2643 autem
3246 2587 3304 2644 in
3331 2603 3477 2657 esse,

1892 2660 1996 2731 ipsi
2039 2665 2449 2734 quodammodo
2499 2671 2716 2738 inserti,
2745 2680 2800 2728 et
2831 2674 3036 2729 tradito
3074 2676 3238 2733 nobis
3280 2689 3479 2735 sancto

1890 2754 2153 2810 mandato
2193 2757 2473 2814 mordicus
2510 2761 2869 2830 inhaerentes,
2906 2773 2961 2819 ct
3005 2767 3315 2825 nobilitatis
3369 2771 3475 2825 bo-

1891 2860 2023 2899 num
2057 2860 2281 2903 servare
2311 2850 2617 2917 studentes,
2660 2852 2714 2908 id
2742 2863 2848 2920 est,
2891 2869 3003 2909 non
3035 2856 3283 2914 sinentcs
3312 2874 3474 2929 pror—

1868 2952 1986 2999 ,sus
2041 2936 2439 2997 inbabitantem
2478 2942 2531 2997 in
2565 2942 2730 3001 nobis
2759 2943 3026 3016 Spiritum
3059 2948 3144 3003 vel
3178 2948 3471 3007 minimum

1887 3028 2229 3093 contristari,
2266 3045 2364 3100 per
2393 3047 2557 3101 quem
2590 3033 2841 3090 habitare
2895 3037 2952 3090 in
2988 3036 3154 3093 nobis
3199 3028 3346 3096 Deus
3389 3041 3476 3097 in-

1887 3119 2171 3198 telligitur.
2205 3118 2496 3187 Quomodo
2523 3124 2674 3179 enim
2721 3126 2895 3182 simus
2945 3127 3001 3181 in
3052 3128 3299 3203 Christo,
3344 3133 3474 3190 etis

1887 3211 1941 3265 in
1970 3211 2156 3275 nobis,
2191 3214 2307 3283 ipse
2338 3214 2499 3272 nobis
2532 3217 2753 3287 sapiens
2805 3215 3050 3276 Joannes
3079 3222 3359 3289 ostendat,
3386 3223 3473 3280 di-

1886 3319 2059 3360 cens:
2109 3322 2128 3356 ι
2170 3305 2227 3360 in
2256 3306 2362 3362 hoc
2392 3310 2784 3380 cognoscimus
2843 3312 3106 3383 quoniam
3151 3313 3208 3369 in
3255 3330 3322 3372 eo
3350 3330 3472 3371 ma-

1884 3411 2102 3462 nemus,
2138 3407 2194 3452 et
2226 3397 2348 3468 ipse
2403 3398 2457 3454 in
2490 3400 2673 3465 nobis,
2714 3402 2979 3471 quoniam
3012 3403 3081 3460 de
3124 3402 3335 3462 Spiritu
3366 3422 3471 3464 suo

1882 3490 2035 3546 dedit
2063 3489 2234 3562 853
2259 3492 2425 3548 nobis
2450 3492 2515 3547 ⁸⁸.
2560 3511 2579 3545 ι
2623 3492 2688 3547 Ει
2718 3509 2947 3551 rursus:
2990 3494 3015 3549 “‹
3052 3496 3108 3551 In
3134 3498 3241 3554 hoc
3271 3514 3473 3572 cogno-

1880 3583 2088 3639 scimus
2122 3585 2252 3653 quia
2312 3585 2369 3639 in
2403 3585 2525 3654 ipso
2572 3602 2766 3642 sumus
2788 3586 2854 3643 ⁸³.
2884 3618 2953 3628 —-
2988 3588 3093 3656 Qui
3141 3590 3280 3646 dicit
3316 3606 3375 3648 se
3410 3593 3469 3649 in

1880 3673 2000 3743 ipso
2046 3689 2291 3741 manere,
2331 3675 2517 3742 debet,
2559 3677 2703 3734 sicut
2737 3679 2830 3734 ille
2871 3680 3202 3748 ambulavit,
3247 3691 3302 3740 et
3348 3685 3468 3754 ipse

1876 3763 2161 3821 ambulare
2183 3765 2250 3821 ⁸⁸.
2288 3784 2307 3819 ι
2337 3765 2495 3834 Quod
2530 3768 2697 3822 etiam
2728 3770 3079 3826 auditoribus
3118 3772 3325 3829 clarius
3363 3789 3463 3843 pa-

1876 3853 2165 3921 tefaciens,
2200 3856 2277 3911 ita
2308 3873 2505 3915 rursus
2543 3859 2705 3914 iniit:
2761 3877 2781 3912 ι
2833 3861 2938 3927 Qui
2975 3871 3159 3918 servat
3208 3867 3462 3922 mandata

1874 3946 2017 4015 ejus,
2048 3948 2104 4003 in
2140 3949 2233 4004 illo
2259 3956 2465 4016 manet,
2498 3958 2553 4005 et
2583 3951 2701 4020 ipse
2727 3950 2785 4007 in
2818 3967 2887 4008 eo
2916 3953 2983 4007 ⁸⁸.
3023 3973 3043 4007 ι
3079 3952 3214 4033 Nam
3241 3956 3287 4012 si
3310 3972 3463 4016 man-

1873 4038 2129 4095 datorum
2179 4041 2495 4098 observatio
2530 4042 2886 4100 dilectionem
2933 4044 2988 4101 in
3024 4046 3207 4124 ipsum
3258 4063 3465 4121 operas

1873 4140 1984 4196 tur,
2019 4141 2076 4188 et
2110 4147 2207 4203 per
2254 4133 2609 4191 dilectionem
2649 4136 2697 4192 ei
2731 4135 3144 4209 conjungimur,
3181 4143 3462 4212 quomodo

1873 4238 1980 4278 non
2035 4223 2123 4277 hic
2174 4239 2366 4280 verum
2410 4239 2537 4281 esse
2593 4224 2813 4282 videtur
2866 4227 3019 4298 quod
3070 4228 3283 4286 dictum
3330 4232 3462 4288 est?

1869 4313 2342 4380 Quemadmodum
2379 4315 2528 4371 enim
2570 4317 2730 4372 radix
2774 4319 3084 4376 naturalem
3126 4335 3282 4377 suam
3315 4338 3457 4395 qua-

1870 4404 2081 4459 litatem
2138 4405 2457 4476 palmitibus
2497 4406 2779 4477 impertit,
2837 4410 2920 4466 sic
2973 4411 3318 4483 unigenitum
3357 4415 3458 4472 Dei

1867 4493 2113 4551 Verbum
2163 4496 2259 4553 Dei
2324 4512 2389 4553 ac
2438 4496 2618 4555 Patris
2656 4514 2880 4571 sumque
2911 4509 3124 4558 naturae
3156 4505 3455 4574 quamdam

157 4585 242 4638 καὶ
270 4585 515 4655 ἐνούσης
546 4583 698 4654 αὐτῷ
728 4585 1011 4657 ποιότητος
1042 4586 1279 4657 φυσικῆς
1299 4588 1539 4644 διακονεῖ
1564 4607 1625 4642 τε
1666 4591 1761 4644 καὶ

1883 4588 2037 4645 veluti
2081 4589 2467 4660 cognationem
2522 4592 2736 4648 sanctis
2767 4592 2986 4658 inserit,
3038 4593 3307 4664 Spiritum
3344 4596 3456 4653 lar-

156 4675 400 4748 διανέμει
434 4679 553 4741 τοῖς
579 4677 823 4748 κλήμασι
846 4678 944 4748 τὴν
978 4678 1302 4745 ἀπόλαυσιν,
1339 4679 1512 4744 οὕτως
1545 4683 1572 4735 ὁ
1605 4699 1764 4751 μονο-

154 4770 310 4842 γενὴς
332 4834 339 4839 _
361 4769 464 4823 τοῦ
517 4769 657 4823 Θεοῦ
697 4771 894 4838 Λόγος,
917 4773 1017 4840 τῆς
1055 4787 1115 4824 τε
1150 4771 1243 4825 τοῦ
1269 4771 1405 4849 Θεοῦ
1430 4774 1523 4826 καὶ
1548 4773 1761 4845 Πατρὸς

145 4860 238 4911 καὶ
284 4860 392 4931 τῆς
452 4860 653 4914 ἑαυτοῦ
691 4860 910 4931 φύσεως
946 4862 1047 4932 τὴν
1088 4863 1254 4916 οἱονεὶ
1299 4863 1626 4932 συγγένειαν
1646 4866 1759 4928 τοῖς

138 4952 324 5020 ἁγίοις
363 4953 639 5026 ἐντίθησι,
676 4954 738 5007 τὸ
763 4953 990 5023 Πνεῦμα
1016 4953 1223 5020 διδοὺς,
1257 4954 1353 5009 ἆτε
1388 4955 1452 5027 δὴ
1477 4957 1574 5011 καὶ
1634 4974 1760 5011 συν-

139 5045 434 5100 ενωθεῖσιν
464 5044 621 5116 αὐτῷ
644 5045 734 5099 διά
762 5062 822 5098 τε
854 5046 953 5115 τῆς
987 5046 1224 5110 πίστεως
1255 5048 1348 5102 καὶ
1380 5049 1479 5120 τῆς
1519 5051 1753 5105 εἰσάπαν

140 5137 430 5206 ὁσιότητος
466 5137 700 5209 ’τρέφει
745 5138 804 5191 δὲ
850 5138 988 5210 πρὸς
1032 5138 1336 5203 εὐσέϐειαν,
1389 5143 1485 5194 καὶ
1533 5144 1754 5215 ἀπάσης

138 5228 333 5293 αὐτοῖς
362 5228 571 5299 ἀρετῆς
598 5224 692 5283 καὶ
720 5228 1095 5301 ἀγαθουργίας
1134 5230 1339 5299 εἴδησιν
1370 5233 1748 5305 ἐνεργάζεται.

140 5319 403 5392 Γεωργὸν
447 5319 509 5373 δέ
543 5337 679 5391 φησι
723 5321 819 5375 τὸν
852 5321 1096 5392 Πατέρα,
1141 5319 1232 5374 διὰ
1281 5323 1443 5379 ποίαν
1490 5321 1600 5397 ἆρα
1656 5329 1756 5389 καὶ

135 5410 303 5464 τοῦτο
335 5412 524 5467 αἰτίαν
554 5429 570 5478 ;
601 5413 738 5467 Οὐδὲ
768 5413 878 5487 γάρ
907 5413 1242 5485 ἄπρακτοςῆ
1281 5413 1479 5486 ἀεργος
1499 5420 1581 5482 εἰς
1607 5421 1754 5492 ἡμᾶς

139 5502 175 5553 ὁ
205 5504 416 5576 Πατὴρ,
448 5504 747 5577 τρέφοντός
784 5522 844 5559 τε
878 5506 975 5559 καὶ
1019 5505 1336 5577 συνέχοντος
1368 5511 1449 5573 είς
1485 5512 1547 5564 τὸ
1610 5509 1752 5568 εἶναι

144 5591 326 5657 καλῶς
352 5593 448 5648 τοῦ
476 5592 611 5647 Υίοῦ
635 5594 695 5647 ἐν
716 5593 858 5665 ἁγίῳ
873 5593 1175 5667 Πνεῦματι,
1206 5595 1335 5666 ὅλης
1354 5596 1409 5651 δὲ
1429 5597 1619 5674 ὥσπερ
1646 5603 1747 5673 τῆς

149 5681 308 5747 ἁγίας
335 5685 433 5738 καὶ
461 5684 751 5756 ὀμοουσίου
781 5686 1012 5758 Τριάδος
1053 5686 1214 5759 ἔργον
1246 5688 1394 5743 ἐστὶν
1419 5692 1453 5761 ή
1482 5693 1589 5747 τῶν
1623 5698 1745 5750 καθ’

222 5792 349 5870 10‘“
386 5794 553 5870 pem
581 5813 630 5862 ι,
662 5796 717 5850 ι.
792 5797 840 5830 ⁸ο
872 5799 892 5870 l
923 5798 1056 5870 Cor.
1091 5815 1142 5855 Vl
1168 5842 1183 5870 ,
1219 5799 1308 5856 17.

154 5876 234 5928 ιι,
262 5863 314 5918 6.
387 5868 433 5899 ⁸³
471 5866 490 5922 l
523 5867 692 5923 Joan.
731 5884 829 5938 ιιι,
869 5868 960 5923 ει.

1409 5804 1452 5837 ³¹
1490 5808 1507 5859 1
1545 5807 1675 5864 Cor.
1717 5811 1812 5879 ιη’,
1852 5813 1936 5870 11.

1859 4680 2019 4751 giens
2069 4680 2137 4736 iis
2185 4682 2537 4751 potissimum
2580 4683 2677 4754 qui
2709 4684 2851 4739 uniti
2889 4693 3015 4741 sunt
3050 4686 3100 4741 ei
3134 4702 3232 4757 per
3262 4686 3450 4756 ﬁdem,

1860 4781 1916 4830 et
1960 4773 2335 4829 omnimodam
2388 4776 2767 4844 sanctitatem,
2818 4791 3030 4848 eosque
3061 4779 3132 4834 ad
3190 4779 3451 4850 pietatem

1859 4866 1978 4932 alit,
2018 4869 2308 4939 omnisque
2336 4868 2561 4924 virtutis
2594 4885 2660 4924 ac
2696 4869 2958 4927 bonitatis
2994 4872 3363 4943 cognitionem
3392 4875 3450 4931 in

1857 4957 1927 5013 iis
1986 4967 2270 5029 Operatur.
2335 4958 2650 5029 Agricolam
2715 4975 2847 5016 vero
2894 4959 3113 5018 Patrem
3178 4966 3447 5030 nominat,

1855 5065 2044 5121 quam,
2090 5064 2310 5131 precor,
2350 5050 2422 5107 ob
2469 5066 2697 5108 causam
2721 5052 2745 5105 ?
2771 5051 2884 5109 Nec
2912 5054 3060 5110 enim
3093 5056 3309 5113 otiosus
3354 5068 3450 5114 aut

1854 5147 2107 5197 cessator
2137 5156 2269 5212 erga
2314 5156 2418 5198 nos
2449 5150 2536 5199 est
2580 5142 2764 5209 Pater,
2806 5145 2938 5199 dum
2977 5144 3151 5201 Filius
3190 5162 3293 5203 nos
3343 5164 3449 5202 nuo

1857 5232 1954 5286 trit
1979 5246 2044 5287 ac
2077 5231 2225 5289 fovet
2254 5233 2310 5288 in
2347 5242 2542 5289 sancto
2575 5233 2820 5306 Spiritu;
2857 5238 2951 5292 sed
2980 5238 3152 5292 totius
3177 5238 3447 5306 quodam~

1854 5324 2020 5380 modo
2063 5335 2231 5397 atque
2278 5328 2774 5383 consubstantialis
2827 5326 3119 5385 Trinitatis
3158 5343 3300 5398 opus
3354 5329 3441 5384 in-

1854 5419 2127 5476 stauratio
2155 5428 2353 5475 nostra
2382 5428 2489 5487 est,
2519 5430 2576 5478 et
2608 5422 2680 5478 ad
2707 5429 2877 5479 totam
2910 5429 3168 5477 naturam
3195 5419 3439 5477 divinam

1845 5513 2093 5583 pertinet
2137 5513 2390 5568 omnium
2440 5529 2566 5585 quae
2605 5514 2675 5569 ab
2720 5513 2840 5584 ipsa
2878 5512 3020 5569 ﬁunt
3065 5511 3322 5568 voluntas
3371 5526 3440 5568 ac

1856 5611 2125 5675 potestas.
2148 5602 2499 5675 Proindeque
2530 5606 2586 5660 in
2617 5604 2853 5661 solidum
2883 5603 3052 5659 etiam
3086 5602 3141 5659 in
3173 5617 3282 5658 una
3306 5618 3437 5675 per-

1855 5712 1990 5753 sona
2021 5712 2054 5755 a
2092 5698 2255 5753 nobis
2298 5696 2658 5768 gloriﬁcatur.
2698 5697 3046 5752 Servatorem
3090 5695 3294 5752 etenim
3336 5711 3440 5754 vos

2040 5813 2085 5845 ⁸¹
2127 5810 2335 5871 lJoan.
2377 5828 2464 5882 tv,
2495 5815 2581 5872 15.
2687 5813 2733 5846 ⁸³
2767 5811 2905 5871 Ibid.
2950 5810 3037 5869 t6.
3140 5810 3186 5844 ⁸⁸⁵
3219 5808 3242 5869 Ι
3272 5809 3437 5877 Joau.
