4006 6440
604 432 711 488 355

1637 434 1693 489 S.
1732 431 2009 489 CYRILLI
2034 430 2214 487 ALEX
2226 428 2510 485 ANDRINI
2549 430 2867 488 ARCHIEP.
3238 455 3250 463 -
3740 439 3824 497 εδδ

605 563 798 604 camus
838 545 1035 610 Deum,
1070 562 1178 601 non
1224 550 1456 606 seorsim
1491 550 1710 620 quidem
1742 549 1916 614 Patri,
1949 548 2167 604 senrsiu

2289 548 2438 619 ημᾶς
2467 546 2864 618 ἐπανόρθωσις,
2899 546 2994 602 καὶ
3024 546 3110 600 διὰ
3136 546 3313 615 πάσης
3346 546 3554 619 ἔρχεται
3587 551 3675 621 τῆς
3699 553 3820 620 θείας

602 653 786 695 autem
838 640 939 709 ipsi
993 638 1154 705 Filio,
1203 640 1322 695 sive
1370 652 1564 697 sancto
1610 641 1819 711 Spiritu
1872 642 2183 713 gratiarum

601 732 853 787 actiones
901 732 973 785 ob
1011 748 1073 786 ea
1123 746 1245 802 qua
1292 733 1732 788 misericorditer
1764 732 2052 789 consecuti
2087 747 2183 788 su-

601 840 726 879 mus
754 823 1100 893 ,rel‘erentes,
1136 824 1232 879 sed
1264 838 1463 879 revera
1485 824 1791 879 divinitatis
1833 823 2000 880 unius
2040 837 2183 894 opus

601 924 853 970 nostram
876 915 1109 969 salutem
1140 929 1263 969 esse
1304 914 1571 971 dicentes.
1622 914 1781 970 Licet
1812 930 1943 987 ergo
1981 914 2184 984 cuique

601 1020 849 1077 personat
900 1006 1067 1059 tribui
1117 1005 1369 1061 videatur
1415 1006 1623 1077 aliquid
1654 1023 1848 1062 eorum
1895 1021 2018 1077 quae
2047 1019 2181 1077 erga

600 1114 722 1159 nos,
755 1104 844 1149 aut
871 1110 999 1166 erga
1025 1103 1337 1151 creaturam
1372 1096 1533 1161 ﬁunt,
1580 1099 1945 1153 nihilominus
1998 1106 2182 1154 tamen

598 1188 875 1245 credimus
908 1196 1109 1242 cuncta
1131 1203 1255 1244 esse
1286 1204 1316 1242 a
1350 1188 1511 1243 Patre
1558 1205 1655 1259 per
1701 1189 1901 1244 Filium
1954 1190 2007 1244 in
2057 1189 2181 1261 Spi-

596 1282 729 1337 ritu.
779 1278 1109 1336 Rectissime
1156 1282 1343 1353 itaque
1396 1282 1674 1353 intelliges
1721 1283 1939 1338 Patrem
1989 1299 2093 1340 nos
2120 1285 2179 1339 in

596 1372 853 1442 pietatem
896 1373 1122 1442 quidem
1171 1376 1405 1441 nutrire,
1441 1391 1537 1446 per
1554 1374 1782 1430 sFilium
1829 1376 1885 1431 in
1923 1375 2176 1448 Spiritu:

595 1479 834 1534 eumque
855 1480 1048 1520 rursus
1088 1480 1218 1537 erga
1252 1482 1354 1521 nos
1383 1467 1641 1537 agricolae
1665 1468 1841 1523 vicem
1872 1484 2086 1539 gerere,
2122 1468 2179 1524 id

595 1566 681 1613 est
716 1559 1033 1628 prospicere
1067 1567 1123 1613 et
1154 1561 1474 1626 observare,
1510 1575 1721 1631 nosque
1750 1562 1901 1614 omni
1938 1576 2072 1614 cura
2097 1561 2180 1616 di-

596 1652 797 1721 rigere,
832 1666 928 1727 pcr
965 1649 1163 1705 Filium
1206 1651 1261 1705 in
1305 1650 1535 1721 Spirittt.
1574 1650 1668 1706 Sic
1697 1652 1846 1707 enim
1880 1653 2176 1722 meojudi-

594 1744 681 1797 cio
726 1744 932 1798 rectius
982 1743 1144 1813 longe
1182 1758 1348 1812 quam
1398 1743 1510 1798 alio
1547 1744 1713 1799 modo
1761 1745 2177 1816 pliilosopbabi—

594 1848 740 1888 mur.
776 1832 911 1887 Nam
947 1834 996 1889 si
1029 1834 1403 1889 concedemus
1440 1850 1891 1906 unumquemque
1939 1836 2174 1892 seorsim

2292 640 2508 707 φύσεως
2530 643 2563 711 ἡ
2580 642 2664 711 ἐφ’
2679 640 2853 695 ἅπασι
2869 643 2979 704 τοῖς
3000 641 3128 712 παρ’
3157 640 3326 710 αὐτῆς
3346 639 3626 710 δρωμένοις
3642 643 3823 715 θέληοίς

2288 749 2348 785 τε
2366 735 2460 785 καὶ
2483 731 2729 804 δύναμις.
2765 732 2865 786 Διά
2894 731 3052 785 τοῦτο
3082 732 3177 785 καὶ
3208 730 3513 803 ὁλοκλήρως
3551 733 3639 785 καὶ
3665 737 3716 787 ὲν
3759 737 3823 790 ἑνὶ

2290 822 2571 896 προσώπῳ
2602 825 2731 895 παρ’
2755 823 2912 895 ήμῶν
2943 823 3249 889 δοξάζεται.
3279 823 3506 894 Σωτῆρα
3530 824 3631 895 γὰρ
3658 826 3824 879 καλοῦ-

2293 930 2392 985 μεν
2412 913 2504 966 τὸν
2534 914 2665 967 Θεὸν
2689 914 2789 968 οὐκ
2822 914 2928 969 ἀνὰ
2955 914 3123 986 μέρος
3146 914 3244 985 μὲν
3258 912 3339 985 τῷ
3358 914 3550 984 Πατρὶ,
3574 916 3666 968 ἀνὰ
3690 917 3825 988 μέρος

2287 1004 2344 1059 δέ
2381 1003 2530 1076 αὐτῷ
2548 1003 2626 1076 τῷ
2657 1004 2792 1076 Υίῷ,
2832 1005 2951 1076 ήτοι
2983 1005 3058 1077 τῷ
3087 1006 3227 1076 ἁγίῳ
3250 1006 3528 1077 Πνεύματι
3556 1005 3619 1059 τὰ
3660 1007 3735 1077 ἐφ’
3764 1004 3828 1071 οἷς

2288 1096 2571 1168 ήλεήμεθα
2595 1096 3024 1168 ἀποκομίζοντες
3052 1099 3406 1170 χαριστήρια,
3439 1098 3549 1150 ἀλλ’
3569 1098 3723 1162 ὅντως
3747 1099 3828 1169 τῆς

2291 1192 2421 1259 μιᾶς
2446 1190 2696 1260 θεότητος
2725 1189 3055 1261 κατόρθωμα
3091 1191 3339 1260 λέγοντες
3366 1190 3463 1260 τὴν
3512 1190 3705 1244 ἑαυτῶν
3747 1207 3829 1243 σω-

2286 1283 2501 1353 τηρίαν.
2532 1282 2650 1336 Κᾶν
2684 1282 2814 1351 γοῦν
2840 1282 3056 1353 ἑκάστῳ
3104 1281 3385 1353 προσώπῳ
3422 1280 3750 1351 διανέμεσθαι
3788 1298 3828 1334 τι

2286 1374 2416 1446 δοκῇ
2440 1374 2549 1428 τῶν
2576 1378 2655 1439 εἰς
2677 1376 2827 1445 ἡμᾶς
2870 1375 3192 1443 γεγονότων,
3236 1375 3354 1445 ἤτοι
3396 1373 3503 1428 τῶν
3546 1375 3826 1445 ἐνεργουμέ-

2287 1484 2393 1520 νων
2450 1467 2578 1536 περὶ
2628 1465 2727 1537 τὴν
2779 1466 2981 1529 κτίσιν,
3014 1466 3128 1519 ἀλλ’
3171 1466 3323 1519 οὐδὲν
3357 1460 3517 1536 ἧττον
3538 1460 3827 1535 πιστεύομεν

2285 1559 2366 1611 ὅτι
2405 1559 2583 1612 πάντα
2611 1558 2728 1610 ἐστὶ
2765 1558 2914 1629 παρὰ
2951 1556 3044 1611 τοῦ
3085 1556 3298 1628 Πατρὸς
3333 1557 3400 1610 δι’
3447 1556 3573 1610 Υἰού
3596 1558 3649 1610 ἐν
3689 1557 3830 1609 Πνεύ-

2289 1667 2440 1721 ματι.
2490 1651 2723 1721 Νοήσεις
2779 1646 2873 1703 οὗν
2922 1650 3031 1721 ἄρα
3072 1650 3168 1703 καὶ
3209 1649 3330 1702 λίαν
3371 1648 3544 1720 ὀρθῶς
3572 1650 3649 1702 ὅτι
3670 1649 3828 1722 τρέφει

2289 1744 2389 1815 μὲν
2414 1745 2561 1814 ἡμᾶς
2590 1745 2669 1806 είς
2695 1742 2978 1796 εὐσέϐειαν
3018 1744 3047 1797 ὁ
3074 1742 3264 1813 Πατὴρ
3309 1743 3387 1795 διν
3410 1742 3542 1796 Υίοῦ
3590 1744 3644 1795 ἐν
3691 1741 3830 1794 Πνεύο

2289 1854 2420 1907 ματι
2445 1854 2458 1866 ·
2495 1838 2734 1906 γεωργεῖ
2754 1835 2809 1889 δὲ
2837 1830 2903 1889 αὖ
2932 1835 3110 1899 πάλιν,
3140 1835 3285 1888 τοῦτ’
3310 1835 3475 1899 ἔστιν,
3502 1836 3666 1906 ἐφορᾷ
3687 1852 3738 1887 τε
3756 1835 3830 1886 καὶ

594 1922 805 1993 aliquid
849 1924 1068 1992 operari
1120 1923 1267 1994 quod
1315 1925 1547 1980 alterius
1589 1941 1701 1980 non
1741 1942 1867 1982 esse
1901 1926 2170 1990 dicamus.

2282 1928 2691 1991 ἐπισκέπτεται,
2729 1928 2824 1981 καὶ
2862 1928 3142 1999 φροντίδος
3166 1928 3266 1997 τῆς
3290 1926 3688 1999 ἑπανορθούσης
3716 1925 3830 1989 ἀξιοί

592 2031 725 2070 num
757 2015 1047 2085 quisquam
1087 2016 1350 2087 ambiget,
1380 2032 1504 2071 cum
1539 2017 1666 2072 vitis
1696 2015 1873 2074 Filius
1904 2033 2054 2073 nunc
2084 2034 2178 2090 ap-

593 2107 828 2176 pellatus
858 2107 953 2170 sit,
987 2107 1151 2162 Pater
1194 2116 1381 2162 autem
1432 2108 1696 2179 agricola,
1732 2124 1834 2163 nos
1855 2110 1927 2163 ali
1954 2108 2175 2180 quidem

592 2196 825 2251 seorsim
861 2205 917 2251 et
945 2195 1118 2253 foveri
1154 2212 1185 2251 a
1220 2198 1342 2253 solo
1371 2197 1533 2265 Filio,
1562 2213 1594 2252 a
1638 2199 1800 2255 Patre
1829 2216 1964 2255 vero
1998 2201 2173 2256 solam

592 2301 695 2342 nos
726 2288 1001 2343 culturam
1031 2289 1272 2346 habere?
1305 2288 1415 2344 Viti
1441 2290 1589 2345 enim
1615 2291 1899 2362 proprium
1928 2301 2012 2348 est
2042 2308 2175 2349 suos

590 2380 809 2435 nutrire
839 2381 1132 2451 palmites:
1166 2383 1423 2454 agricolae
1460 2398 1590 2439 vero
1638 2384 1810 2455 359
1829 2384 1950 2455 ejus
1981 2400 2172 2440 curam

591 2471 818 2529 habere.
864 2471 969 2529 Sed
1010 2475 1058 2529 si
1091 2485 1241 2531 recte
1267 2477 1540 2547 sapimus,
1578 2479 1809 2533 omnino
1848 2477 2172 2548 putabimus

591 2578 768 2635 neque
799 2565 936 2620 illud
970 2567 1182 2638 absque
1210 2567 1396 2635 Patre,
1429 2584 1612 2639 neque
1663 2569 1814 2625 aliud
1860 2571 1982 2626 sine
2032 2567 2172 2627 Filio

587 2671 684 2713 seu
720 2666 917 2713 sancto
950 2656 1162 2729 Spiritu
1192 2674 1429 2730 prorsus
1451 2662 1661 2732 peragi.
1709 2662 1923 2718 Cuncta
1956 2663 2106 2718 enim
2140 2677 2171 2718 a

586 2746 752 2804 Patre
786 2764 884 2821 per
916 2748 1117 2806 Filium
1151 2752 1207 2807 in
1242 2750 1478 2823 Spiritu,
1518 2754 1686 2811 sicuti
1734 2753 1996 2809 diximus.
2044 2754 2172 2809 Sin-

584 2841 765 2912 gulari
802 2848 989 2897 autem
1021 2843 1261 2899 consilio
1287 2843 1553 2900 Scrvalor
1573 2846 1738 2900 etiam
1767 2861 1916 2901 nunc
1949 2844 2170 2901 Patrem

589 2934 834 3004 appellat
862 2935 1207 3004 agricolam;
1236 2951 1402 3006 quam
1437 2953 1569 2993 vero
1613 2940 1685 2994 ob
1711 2953 1961 3004 causam,
2003 2952 2170 3009 grave

586 3042 698 3081 non
732 3028 837 3082 erit
863 3043 1162 3098 exponere.
1214 3030 1294 3087 Ne
1348 3034 1476 3102 quis
1525 3036 1674 3089 enim
1720 3042 1941 3105 putaret
1986 3034 2169 3089 solum

591 3116 945 3188 Unigenitum
987 3122 1164 3176 nostri
1190 3137 1385 3177 curam
1419 3139 1608 3195 agere,
1640 3124 1865 3181 Patrem
1894 3139 1959 3180 ac
1994 3125 2167 3192 Deum

584 3210 781 3265 veluti'
804 3220 1224 3282 cooperatorem
1274 3214 1516 3280 induxit,
1548 3215 1792 3285 seipsum
1830 3214 2059 3286 quidem
2087 3214 2170 3269 vi-

2279 2020 2348 2073 δι’
2379 2019 2509 2073 Υἱοῦ
2537 2020 2594 2072 ἑν
2625 2020 2926 2090 Πνεύματι.
2962 2017 3307 2090 Λογιούμεθα
3326 2017 3434 2087 γὰρ
3467 2016 3657 2088 μᾶλλον
3690 2017 3828 2077 οὓτως

2277 2110 2632 2182 όρθώς,ἦπερ
2662 2106 2754 2164 οὖν
2778 2109 3002 2179 ἑτέρως,
3022 2109 3162 2162 κατά
3192 2125 3256 2177 γε
3287 2108 3382 2162 τὸν
3416 2107 3677 2179 ἡμέτερον
3699 2104 3818 2158 νοῦν.

2278 2204 2344 2259 ΕΞ
2389 2203 2500 2275 γὰρ
2546 2204 2762 2273 ἑκάστῳ
2800 2202 3045 2273 δώσομεν
3080 2202 3182 2255 ἀνά
3229 2200 3399 2272 μέρος
3440 2198 3758 2272 ἐργάσασθαί
3786 2214 3827 2247 τι

2276 2298 2386 2352 τῶν
2414 2296 2536 2351 καθ’
2564 2298 2734 2368 ἡμᾶς,
2770 2296 2800 2349 δ
2831 2296 2968 2366 μήτε
2991 2294 3088 2348 τοῦ
3131 2294 3324 2366 ἑτέρου
3352 2293 3514 2364 τυχὸν
3570 2288 3700 2345 εἷναί
3745 2308 3826 2359 ςα-

2279 2408 2399 2462 μεν,
2427 2389 2545 2452 πῶς
2577 2389 2679 2442 οὐκ
2706 2385 3099 2459 ἀναμφίλογον,
3139 2385 3215 2449 ὡς
3237 2385 3473 2455 ἐπείπερ
3500 2382 3726 2453 ἄμπελος
3753 2379 3828 2450 μὲν

2274 2484 2304 2537 ὁ
2346 2480 2475 2543 Υἱὸς
2524 2478 2841 2549 ὠνόμασται
2882 2476 3000 2543 νῦν,
3055 2475 3307 2547 γεωργὸς
3358 2475 3416 2529 δέ
3447 2476 3477 2527 ὁ
3513 2472 3707 2543 Πατὴρ,
3735 2486 3829 2540 τρε-

2274 2568 2488 2640 φόμεθα
2543 2566 2644 2638 μὲν
2694 2566 2913 2633 ίδικῶς,
2980 2564 3323 2636 συνεχόμεθά
3373 2580 3436 2618 τε
3505 2562 3635 2635 πρὸς
3679 2560 3732 2613 τὸ
3783 2553 3828 2611 εὖ

2274 2656 2416 2715 εἶναι
2453 2658 2605 2730 παρά
2642 2660 2806 2729 μόνου
2869 2656 2966 2712 τοῦ
3010 2656 3164 2711 Υἱοῦ·
3222 2654 3381 2727 παρὰ
3421 2656 3477 2709 δέ
3512 2672 3574 2724 γε
3612 2652 3697 2706 τοῦ
3740 2651 3828 2703 Πα-

2271 2754 2400 2826 τρὸς
2441 2751 2607 2824 ψιλὴν
2662 2750 2861 2822 ἔχομεν
2926 2748 3025 2821 τὴν
3073 2749 3415 2819 ὲπίσκεψιῊ
3467 2745 3707 2817 Ἀμπέλῳ
3755 2741 3831 2814 μὲν

2272 2848 2379 2919 γὰρ
2418 2848 2479 2900 τὸ
2503 2847 2725 2918 τρέφειν
2765 2844 2966 2898 οἰκεῖον
2998 2842 3068 2897 τὰ
3100 2841 3206 2898 ῖδια
3240 2843 3528 2913 κλήματα,
3580 2838 3653 2909 τῷ
3680 2839 3730 2891 δὲ
3755 2853 3829 2905 γη·

2272 2940 2528 2995 πονοῦντι
2585 2940 2649 2993 τὸ
2683 2935 3135 2992 ἐπισκέπτεσθαι.
3210 2933 3359 2987 Ἀλλ’
3398 2935 3514 3003 εἴγε
3572 2929 3829 3003 φρονοῦμεν

2270 3033 2468 3106 ὀρθῶς,
2497 3030 2821 3104 ἡγησόμεθα
2845 3029 2910 3101 δὴ
2945 3028 3185 3093 πάντως,
3217 3028 3311 3081 ὅτι
3340 3026 3467 3081 οὕτε
3506 3028 3673 3079 ἐκεῖνο
3697 3020 3829 3093 χωρὶς

2268 3125 2364 3180 τοῦ
2400 3126 2634 3195 Πατρὸς,
2657 3121 2783 3176 οὕτε
2825 3120 2932 3192 μὴν
2960 3120 3021 3173 τὸ
3048 3119 3236 3191 ἕτερον
3270 3120 3404 3189 δίχα
3428 3117 3522 3172 τοῦ
3543 3114 3683 3179 Υίοῦ,
3700 3115 3830 3183 ήγουν

2269 3216 2365 3271 τοῦ
2402 3215 2562 3285 ἁγίου
2622 3213 2941 3285 Πνεύματος
2988 3209 3366 3282 κατορθώσειε
3411 3210 3473 3263 τὸ
3505 3210 3627 3262 πᾶν.
3675 3205 3823 3257 Πάντα

586 3310 697 3358 tem
745 3304 1042 3361 nominans
1080 3322 1203 3376 quae
1238 3307 1561 3377 palmitibus
1593 3284 1715 3362 suis
1747 3284 1919 3361 vitam
1967 3305 2170 3378 largia-

2274 3308 2384 3379 γὰρ
2414 3284 2565 3379 παρὰ
2589 3284 2802 3376 Πατρὸς
2833 3305 2902 3359 δι’
2931 3303 3064 3357 Υἱοῦ
3091 3304 3148 3356 ἐν
3170 3303 3481 3375 Πνεύματι,
3519 3299 3749 3366 καθάπερ
3770 3295 3828 3344 εί-

584 3405 678 3450 tur
722 3403 777 3451 et
819 3395 1254 3465 fecunditatem;
1303 3398 1521 3453 Patrem
1572 3407 1757 3455 autem
1807 3399 2115 3471 agricolam
2151 3442 2169 3466 ,

583 3494 685 3559 per
715 3489 822 3544 hoc
846 3506 1042 3547 rursus
1068 3490 1275 3546 docens
1302 3491 1465 3546 aliam
1490 3492 1789 3562 quamdam
1812 3492 2016 3547 divinat
2038 3491 2172 3548 sub-

584 3582 804 3636 stantiae
846 3595 974 3652 erga
1021 3596 1123 3637 nos
1159 3584 1540 3652 operationem
1587 3582 1817 3654 peragi,
1870 3581 2171 3653 providen-

585 3672 716 3727 tiam
753 3673 1017 3728 nimirum
1072 3690 1137 3729 ac
1168 3689 1383 3730 curam.
1440 3674 1672 3731 Discere
1714 3676 1924 3746 quippe
1968 3689 2173 3730 conve—

582 3764 773 3820 niebat
804 3762 973 3820 Deum
1008 3781 1111 3821 nos
1146 3781 1257 3820 non
1287 3772 1502 3819 tantum
1539 3781 1658 3821 suae
1688 3775 1978 3823 consortes
2011 3776 2172 3821 natu-

582 3873 658 3913 rae
704 3855 906 3913 fecisse
937 3857 1006 3923 ⁸⁸,
1054 3858 1109 3911 in
1147 3865 1342 3913 sancta
1374 3865 1431 3913 et
1456 3859 1930 3915 consubstantiali
1981 3857 2169 3913 Trini-

583 3954 694 4003 tate
739 3957 1094 4019 conceptum,
1139 3949 1235 4005 sed
1263 3956 1319 4005 et
1345 3951 1525 4006 nostri
1575 3965 1850 4006 summam
1892 3965 2085 4005 curam
2115 3959 2170 4006 et

580 4041 989 4111 providentiam
1024 4056 1207 4111 agere,
1249 4056 1415 4111 quam
1447 4042 1551 4098 sub
1576 4045 1936 4114 agriculturae
1983 4058 2171 4098 exem-

582 4134 674 4201 plo
703 4140 855 4187 recte
885 4142 940 4187 et
968 4144 1343 4189 consentanee
1373 4134 1462 4190 hic
1489 4135 1882 4206 intelligimus.
1913 4134 2054 4189 Vitis
2100 4134 2170 4190 si-

581 4223 801 4294 quidem
856 4222 1092 4293 ejusque
1134 4224 1421 4293 palmitum
1480 4226 1623 4280 I‘aeta
1662 4227 1819 4296 prius
1858 4226 2165 4291 mentione,

580 4315 861 4386 quomodo
912 4329 1025 4369 non
1074 4317 1311 4373 maxime
1339 4318 1598 4373 convenit
1629 4318 1929 4386 agricolam
1975 4319 2065 4371 hic
2092 4318 2169 4372 si-

580 4408 857 4479 gnificari,
890 4424 1002 4478 quo
1048 4425 1230 4464 rerum
1272 4412 1522 4466 omnium
1560 4412 1847 4481 inspector
1887 4412 2171 4481 guberna-

581 4509 781 4570 torque
831 4500 1197 4571 signiﬁcatur,
1234 4503 1493 4557 nimirum
1537 4503 1729 4559 Deus?
1762 4502 1920 4568 Quod
1951 4503 1996 4556 si
2044 4516 2167 4556 cre-

2242 3400 2553 3472 ,ρήκαμεν.
2612 3393 2987 3467 Οίκονομικῶς
3047 3393 3105 3447 δὲ
3155 3390 3281 3447 λίαν
3331 3394 3430 3447 καὶ
3466 3391 3561 3447 νῦν
3603 3392 3629 3443 ό
3675 3385 3828 3454 Σωτὴρ

2272 3492 2520 3564 γεωργὸν
2551 3490 2804 3561 ὠνόμασε
2841 3488 2931 3543 τὸν
2977 3488 3225 3558 Πατέρα,
3260 3489 3360 3542 καί
3402 3506 3487 3549 τις
3536 3485 3639 3557 ἄρα
3674 3482 3828 3550 γέγονε

2270 3584 2462 3638 τούτου
2490 3582 2783 3652 πρόφασις,
2800 3580 2953 3635 ούδὲν
2981 3580 3116 3643 ὅλως
3138 3581 3317 3634 εἰπεῖν
3345 3579 3602 3651 χαλεπόν.
3624 3577 3729 3628 Ἵνα
3746 3571 3826 3638 γὰρ

2276 3677 2351 3748 μή
2380 3693 2463 3739 τις
2492 3675 2674 3746 οἴηται
2717 3673 2880 3744 μόνου
2925 3670 3019 3725 τοῦ
3078 3671 3433 3741 Μονογενοῦς
3482 3671 3580 3741 τὴν
3626 3669 3701 3737 ἐφ’
3727 3664 3829 3734 ἡμῖν

2270 3765 2527 3839 γενέσθαι
2551 3763 2826 3837 φροντίδα,
2880 3761 3223 3833 συνεργάτην
3275 3762 3471 3831 ὥσπερ
3520 3755 3827 3823 είσκεκόμικε

2271 3854 2365 3908 τόν
2394 3857 2613 3923 Πατέρα
2662 3853 2757 3907 καὶ
2809 3851 2963 3916 Θεὸν,
3024 3851 3216 3904 ἑαυτὸν
3260 3852 3362 3923 μὲν
3418 3849 3658 3921 ἄμπελον
3697 3839 3829 3897 εἰπὼν

2269 3948 2385 4009 τοῖς
2418 3945 2568 4008 ιδέοις
2623 3944 2865 4015 κλήμασι
2927 3941 3275 4014 χορηγοῦσαν
3330 3942 3432 4013 τὴν
3475 3941 3638 4011 ζωὴν,
3684 3932 3762 3988 καὶ
3784 3928 3829 3979 τὸ
3896 3932 3897 3935 “

2269 4037 2528 4093 δύνασθαι
2556 4038 2943 4108 καρποφορεῖν,
2980 4035 3229 4106 γεωργὸν
3275 4035 3335 4088 δέ
3374 4035 3467 4087 τὸν
3492 4032 3825 4103 γεννήσαντα’

2271 4132 2367 4186 καὶ
2394 4130 2485 4185 διὰ
2505 4129 2692 4183 τούτου
2728 4128 2913 4194 πάλιν,
2948 4128 3142 4199 ἑτέραν
3192 4127 3393 4199 ὥσπερ
3422 4126 3548 4181 τινὰ
3591 4123 3685 4192 τῆς
3711 4117 3828 4175 Θείας
3888 4162 3891 4177 .

2269 4220 2457 4282 οὐσίας
2481 4218 2768 4289 ἐνέργειαν
2821 4217 2920 4288 τὴν
2946 4217 3065 4271 κατ’
3100 4216 3401 4288 ἐπίσκεψιν
3432 4213 3738 4285 νοουμένην,
3771 4206 3829 4264 εἰς

2268 4312 2419 4383 ἡμᾶς
2437 4309 2804 4363 ἐπιτελεῖσθαι
2832 4308 3118 4363 διδάσκων.
3152 4309 3307 4362 Ἔδει
3356 4309 3488 4380 γὰρ,
3524 4307 3630 4360 ἔδει
3663 4297 3829 4375 μανθά-

2268 4420 2383 4455 νειν
2411 4401 2581 4472 ἡμᾶς,
2610 4401 2687 4464 ώς
2719 4402 2782 4455 οὐ
2822 4401 2981 4473 μόνον
3022 4403 3319 4465 κοινωνοὺς
3376 4403 3479 4473 τῆς
3529 4394 3715 4454 ἑαυτοῦ
3754 4387 3828 4459 φύε

2270 4512 2409 4559 σεως
2439 4494 2798 4567 ἐξειργάσατο
2858 4496 2993 4559 Θεὸς
3035 4498 3095 4551 ἐν
3147 4497 3285 4569 ἁγίᾳ
3332 4514 3397 4550 τε
3458 4497 3554 4550 καὶ
3596 4485 3828 4563 ὁμοουσίφ
3882 4538 3883 4567 ξ

579 4593 764 4649 dimus
805 4593 1138 4648 naturaliter
1180 4594 1403 4665 quidem
1450 4611 1517 4650 ac
1561 4609 1689 4650 vere
1724 4593 1923 4649 Filium
1954 4609 2077 4649 esse
2106 4594 2162 4648 in

2273 4588 2462 4657 Τριάδι
2490 4587 2800 4660 νοούμενος·
2835 4587 2972 4642 ἀλλὰ
3011 4587 3107 4641 καὶ
3148 4588 3261 4641 τῶν
3309 4588 3437 4641 καθ’
3462 4587 3611 4658 ἡμᾶς
3645 4574 3827 4688 ἀκρξδε·
3880 4640 3881 4655 γ

581 4698 684 4738 suo
724 4682 909 4748 Patre,
951 4691 1008 4739 et
1037 4684 1243 4741 habere
1273 4687 1329 4740 in
1360 4701 1459 4741 sua
1496 4695 1698 4741 natura
1749 4687 1992 4751 Patrem,
2029 4700 2162 4742 cun-

581 4785 669 4829 cta
710 4790 807 4845 per
842 4776 1035 4832 ambos
1065 4777 1120 4830 in
1154 4776 1367 4846 Spiritu
1410 4792 1513 4833 ceu
1551 4793 1617 4832 ex
1651 4793 1760 4831 una
1795 4778 2004 4833 deitate
2049 4793 2166 4849 pen-

579 4877 836 4938 agentur,
868 4884 973 4926 nec
1005 4884 1037 4924 a
1069 4871 1233 4927 nobis
1268 4871 1483 4928 alendis
1512 4869 1678 4926 Pater
1719 4871 2073 4938 excludetur,
2108 4880 2166 4929 et

579 4976 610 5014 a
643 4962 816 5017 nostri
863 4963 1087 5018 cultura
1129 4961 1305 5020 Filius
1336 4978 1686 5034 nequaquam
1721 4965 1939 5020 alienus
1968 4980 2163 5022 cense-

578 5048 748 5113 bitur,
791 5048 1108 5121 idquejure
1130 5051 1352 5106 merito.
1386 5049 1492 5106 Ubi
1531 5053 1677 5106 enim
1717 5062 1931 5108 natura;
1966 5054 2162 5109 identi-

577 5148 662 5195 tas
693 5155 791 5211 per
815 5140 1002 5195 omnia
1035 5139 1234 5196 similis
1267 5142 1537 5207 cernitur,
1574 5142 1650 5197 ibi
1677 5143 1935 5213 quamvis
1972 5146 2163 5201 multis

574 5232 858 5303 variisque
881 5231 1063 5286 modis
1089 5230 1210 5287 ﬁeri
1245 5234 1513 5288 nonnulla
1559 5234 1878 5301 videantur,
1923 5251 2032 5290 non
2073 5246 2160 5292 est

575 5329 758 5378 tamen
799 5321 1051 5394 operatio
1079 5323 1321 5378 diversa.
1352 5322 1490 5379 Cum
1527 5333 1715 5381 autem
1751 5342 1858 5381 una
1910 5327 1985 5382 sit
2023 5328 2160 5382 sub-

562 5415 807 5482 stantia,
858 5415 910 5469 id
944 5423 1051 5482 est,
1093 5428 1221 5470 vera
1252 5422 1307 5471 et
1343 5417 1651 5472 secundum
1682 5426 1939 5473 naturam
1971 5420 2161 5477 Deitas

574 5508 632 5562 in
658 5508 837 5563 tribus
870 5507 1259 5578 hypostasibus
1297 5507 1663 5581 intelligatur,
1695 5510 1753 5566 in
1800 5510 1964 5568 Patre
1996 5514 2156 5568 nimi-

508 5676 513 5677 ,
572 5613 721 5665 rum,
765 5605 820 5654 et
868 5598 1029 5665 Filio,
1071 5599 1654 5672 sanctoque-Spiritu,
1701 5605 1986 5674 qttomodo
2039 5620 2151 5661 non

524 5680 1097 5745 "manifestissimum
1129 5701 1184 5746 et
1226 5691 1599 5749 indubitatum
1630 5703 1718 5751 est
1768 5696 2148 5769 quodcunque

642 5858 691 5955 ’ξ
724 5859 764 5914 ll
794 5859 941 5920 Pctr.
978 5879 1029 5931 ι,
1064 5864 1121 5919 4.

2270 4679 2471 4750 στάτην
2497 4675 2557 4733 εὖ
2597 4679 2743 4750 μάλα
2771 4682 3006 4733 ποιεῖται
3033 4678 3132 4750 τὴν
3158 4681 3484 4749 ἐπίσκεψιν,
3507 4678 3584 4740 ὡς
3601 4677 3655 4727 ἑν
3679 4669 3830 4741 τρόπῳ
3878 4710 3879 4743 1

2263 4772 2540 4842 γεωργίας
2572 4770 3023 4842 παραληφθεῖσαν
3047 4773 3127 4835 είς
3155 4771 3215 4824 τὸ
3241 4771 3428 4843 παρὸν
3476 4764 3769 4826 ἀκολούθως
3785 4771 3830 4806 τε
3876 4784 3877 4831 l

2264 4862 2358 4917 καὶ
2393 4863 2599 4934 σφόδρα
2632 4862 2835 4926 καλῶς.
2872 4863 3398 4933 Προωνομασμένης
3430 4862 3545 4933 γὰρ
3576 4855 3830 4929 ἀμπέλου,
3872 4860 3875 4934 γ

2260 4955 2357 5009 καὶ
2380 4926 2489 5009 τών
2523 4926 2584 5020 ἐξ
2604 4955 2775 5025 αὐτῆς
2800 4926 3119 5026 κλημάτων,
3144 4926 3267 5019 πώς
3294 4926 3366 5010 ού
3397 4926 3523 5009 λίαν
3569 4926 3628 5023 ἐν
3654 4946 3833 5002 τούτοις
3872 4926 3873 5009 ί

2259 5047 2688 5119 πρεπωδεστάτη
2714 5047 2808 5101 τοῦ
2839 5046 3212 5120 γεωργοῦντος
3241 5050 3277 5119 ἡ
3321 5048 3590 5117 δήλωσις,
3640 5043 3726 5096 τὸν
3757 5039 3835 5088 ἐπ·

2258 5141 2431 5212 όπτην
2459 5141 2568 5195 τῶν
2590 5140 2731 5196 ὅλων
2762 5140 2860 5195 κα)⁸
2914 5141 3260 5214 ἐπιμελητὴν
3299 5142 3665 5215 εἰσφέρουσα,
3712 5124 3833 5186 τοῦτ’

2259 5231 2373 5286 ἐστι
2407 5232 2575 5300 Θεόν;
2609 5233 2673 5286 Et
2726 5233 2784 5287 δὲ
2845 5234 3301 5305 πεπιστεύκαμεν
3354 5236 3440 5290 ὅτι
3490 5228 3731 5304 φυσικῶς
3758 5222 3835 5293 μὲν

2257 5325 2354 5379 καὶ
2380 5324 2597 5395 ἀληθῶς
2634 5328 2783 5379 ἑστιν
2812 5327 2841 5380 ό
2873 5326 3001 5391 Υἱὸς
3032 5328 3090 5381 ἑν
3113 5326 3194 5398 τῷ
3257 5328 3386 5398 ἰδίῳ
3435 5324 3638 5397 Πατρὶ,
3666 5320 3767 5391 ἔχει
3790 5311 3834 5365 δὲ

2257 5420 2317 5470 ἑν
2352 5416 2460 5488 ἰδίᾳ
2486 5417 2647 5487 φύσει
2677 5416 2770 5472 τὸν
2802 5419 3163 5489 γεννήσαντα,
3200 5418 3395 5473 πάντα
3460 5417 3530 5471 δι’
3555 5413 3749 5485 ἀμφοῖν
3789 5406 3835 5455 ἐν

2263 5509 2558 5581 Πνεύματι,
2580 5510 2656 5575 ὼς
2689 5512 2754 5564 ἐκ
2785 5513 2913 5582 μιᾶς
2935 5511 3198 5581 Θεότητος
3232 5511 3739 5581 ἐπιτελεσθήσεται,
3758 5497 3836 5552 καὶ
3860 5530 3861 5539 ι

2258 5600 2382 5654 οὔτε
2404 5601 2498 5654 τοῦ
2534 5602 2757 5674 τρέφειν
2810 5604 2956 5673 ἡμᾶς
3009 5605 3037 5655 ό
3070 5600 3266 5672 Πατὴρ
3313 5602 3427 5668 ἔξω
3480 5601 3735 5657 κείσεται,
3758 5586 3859 5642 καὶι

2254 5693 2355 5765 τῆς
2381 5693 2466 5763 ἐφ’
2506 5696 2638 5766 ἡμῖν
2664 5695 2940 5766 γεωργίας
2964 5696 3065 5749 οὐκ
3110 5694 3407 5767 ἀλλότριος
3440 5696 3470 5748 ὁ
3509 5693 3631 5755 Υἱὸς
3653 5686 3804 5743 νοοῖτο
3856 5710 3857 5715 η
