4006 6424
255 366 331 419 37
1286 380 1354 436 IN
1379 381 1668 439 JOANNIS
1706 383 2156 447 EVANGELIUM
2197 392 2324 447 LIB.
2355 395 2422 449 Χ.
3377 405 3483 463 558

204 485 313 579 μαι
342 484 598 550 εἰκότως.
626 487 801 543 Ὅπου
824 490 933 564 γὰρ
958 491 1172 559 φύσεως
1197 500 1463 570 ταυτότης
1486 503 1542 556 ἐν
1566 502 1785 573 ἀπαραλ

1916 506 2079 562 unius
2111 523 2255 579 Opus-
2275 511 2501 579 dicitur,
2538 513 2592 570 id
2624 515 2794 572 totius
2824 531 2945 574 esse
2986 524 3041 573 et
3071 519 3233 576 unius
3262 522 3481 578 deitatis

206 572 671 680 ldxcotc.6p&'cat
697 579 898 649 λόγοις,
928 585 1046 638 ἐκεῖ
1073 586 1133 640 τὸ
1158 589 1255 660 τῆς
1290 591 1571 661 ἐνεργείας
1618 572 1695 649 of),
1712 612 1788 664 με

1911 612 2071 668 Opus,
2100 604 2365 659 naturalis
2399 605 2661 661 nimirum
2715 610 3005 680 potestatis
3037 612 3297 669 ratione?
3326 613 3482 672 Unde

212 666 585 773 pfptapévov,
618 670 722 723 κᾶν
753 674 1012 739 ποικίλως
1038 694 1097 730 τε
1122 680 1218 732 καὶ
1262 681 1536 753 διαφόρως
1564 685 1794 756 ἐνεργεῖ-

1911 687 2175 748 Dominus
2223 701 2416 751 noster
2445 694 2608 754 Iesus
2640 697 2896 757 Christus
2954 713 3374 773 cooperat’orem
3428 709 3479 761 in

211 755 349 809 σθαι
381 760 549 829 τυχὸν
581 763 754 816 νοοῖτό
783 782 912 819 τινι.
939 768 1087 833 Μιᾶς
1138 770 1195 823 δὲ
1220 772 1426 836 οὐσίας,
1480 774 1623 828 τοῦτ’
1654 755 1793 840 ἔστι,

1908 782 2127 837 cunctis
2176 782 2394 841 Patrem
2441 786 2672 852 habens,
2706 804 2834 845 cum
2867 791 3075 851 Judaeis
3128 797 3315 867 impiis
3349 800 3479 855 olim

206 850 314 956 τῆς
338 850 587 926 ἀληθοῦς
612 855 707 908 καλ⁸
739 856 878 912 κατὰ
913 859 1074 927 φύσιν
1108 861 1360 934 θεότητος
1387 866 1444 919 ἐν
1476 867 1653 937 τρισὶν
1677 868 1782 921 ὑπο

1906 871 2237 928 versabatur
2264 876 2487 933 dicens:
2527 898 2546 931 ι
2576 879 2743 935 Multa
2765 881 2910 938 bona
2940 900 3107 956 opera
3137 850 3356 945 osfendi
3380 906 3478 946 vo-

212 942 445 1051 στάσεσι
482 947 806 1021 νοουμένης,
836 950 894 1005 ἔν
943 969 1005 1006 τε
1051 953 1130 1025 τῷ
1159 956 1356 1027 Πατρὶ,
1405 961 1572 1030 φημὶ,
1605 961 1700 1015 καὶ
1728 960 1794 1033 τᾷ

1907 962 1995 1018 bis
2033 978 2100 1018 et
2154 964 2315 1021 Patre
2364 982 2488 1024 meo
2518 985 2531 1021 :
2563 979 2786 1043 propter
2818 942 3193 1044 quod.eorum
3219 993 3360 1051 opus
3394 997 3481 1037 me

212 1033 327 1104 Υίῷ
357 1036 462 1091 καὶ
491 1037 571 1108 τῷ
596 1040 738 1110 ἁγίῳ
767 1042 1067 1114 Πνεύματι,
1112 1045 1229 1129 πῶς
1284 1048 1346 1101 οὐ
1381 1051 1586 1121 σφόδρα
1613 1052 1794 1123 τρανὲς

1907 1054 2167 1125 lapidatis
2198 1056 2285 1112 ⁸⁷7
2311 1077 2330 1111 ι
2362 1060 2426 1115 Et
2458 1033 2684 1120 rursus-
2704 1064 2772 1121 de
2802 1033 2952 1123 facto
2983 1033 3036 1123 in
3065 1068 3154 1126 die
3205 1033 3475 1133 sabbati

150 1167 155 1170 .
208 1127 615 1229 άνενδοιάπως
635 1131 780 1202 ἔχον,
799 1134 876 1198 ὡς
893 1136 1031 1206 ὅπερ
1053 1137 1120 1191 ἂν
1141 1124 1260 1203 ἑνός
1276 1157 1327 1193 τι
1344 1144 1507 1213 τυχὸν
1527 1146 1732 1218 ἐνέργη,

1912 1164 1931 1197 ι
1969 1145 2131 1203 Pater
2178 1163 2354 1216 meus,
2397 1150 2597 1220 inquit,
2646 1168 2826 1223 usque
2878 1156 3043 1211 modo
3087 1168 3373 1229 operatur,
3424 1170 3480 1217 et

208 1216 469 1288 λέγηται,
500 1219 660 1274 τοῦτο
680 1223 779 1292 τῆς
811 1224 940 1295 ὅλης
958 1228 1077 1279 ἐστὶ
1108 1230 1202 1281 καὶ
1237 1232 1365 1298 μιᾶς
1394 1216 1647 1304 θεότητος
1677 1216 1790 1293 ἀπο

1906 1252 2007 1327 ego
2039 1252 2241 1307 operor
2264 1239 2330 1294 ⁸⁸.
2372 1259 2391 1293 ι
2420 1238 2609 1312 Neque
2632 1247 2940 1301 censuerim
2970 1251 3284 1321 quempiam
3327 1253 3477 1308 arbi-

203 1308 481 1379 τὲλεσμα,
523 1313 665 1366 κατά
705 1330 770 1381 γε
818 1315 910 1370 τὸν
936 1318 993 1370 ἐν
1022 1318 1249 1389 δυνάμει
1290 1325 1357 1394 τῇ
1390 1329 1592 1397 φυσικῇ
1624 1327 1781 1399 λόγον

1905 1308 2042 1384 trari
2091 1346 2214 1386 eum
2266 1331 2474 1397 dicere,
2531 1333 2749 1391 Patrem
2780 1338 3001 1407 quidem
3032 1340 3199 1413 860
3237 1345 3473 1400 seorsim

202 1398 321 1451 Καὶ
348 1401 490 1497 γοξν
507 1404 548 1497 ⁸ό
590 1402 795 1475 Κύριος
820 1408 851 1476 ὴ
862 1406 978 1476 μῶν
1010 1408 1216 1480 Ἰησοῦς
1245 1414 1498 1484 Χριστὸς,
1538 1398 1784 1492 οὐνεργά⁴

1904 1422 2112 1491 aliquid
2154 1421 2305 1476 circa
2353 1433 2660 1479 creaturam
2717 1428 2962 1497 operari,
3006 1432 3238 1486 seorsim
3293 1442 3472 1488 autem

200 1504 307 1590 την
350 1490 457 1590 ,ἐφ’
496 1490 677 1590 άπασι
740 1495 831 1549 τὸν
888 1498 1106 1570 Πατέρα
1163 1504 1633 1577 παραδεχόμενος,
1669 1490 1782 1565 τοῖς

1904 1513 2102 1567 Filium
2134 1532 2147 1568 :
2184 1512 2280 1569 sed
2309 1529 2435 1569 cum
2464 1506 2653 1573 Omnia
2693 1516 2855 1574 Pater
2884 1535 2980 1590 per
3001 1521 3223 1589 Filium,
3251 1538 3354 1579 nec
3383 1524 3476 1579 ali-

198 1579 454 1643 ἁνοσίοις
496 1581 774 1648 Ἰουδαίοις
804 1591 934 1641 ποτὲ
977 1592 1274 1663 προσέμιξε
1314 1595 1520 1665 λέγων’
1580 1620 1597 1653 ι
1627 1602 1780 1657 Πολλι

1903 1610 1988 1658 ter
2021 1604 2154 1674 quid
2181 1614 2444 1675 operatus
2477 1623 2719 1677 unquam
2754 1609 2920 1665 fuerit
2949 1612 3239 1683 (hicenim
3274 1621 3357 1669 est
3387 1629 3476 1669 sa-

132 1721 141 1729 ,
381 1672 527 1768 ἔργα
559 1675 737 1743 ἔδειξα
760 1679 885 1749 ὑμῖν
910 1683 978 1736 ἐκ
1007 1684 1101 1738 τοῦ
1130 1687 1342 1758 Πατρός
1367 1708 1489 1760 μου,
1540 1694 1627 1748 διὰ
1651 1714 1714 1749 πο

1907 1696 2110 1766 pientia
2156 1705 2212 1751 et
2262 1700 2437 1754 virtus
2491 1698 2660 1768 ejus),
2721 1700 2933 1756 idcirco
2980 1701 3198 1759 Patrem
3248 1718 3472 1759 suorum

198 1764 399 1855 αὐτων
420 1764 586 1836 ἔργον
613 1768 860 1834 λιθάζετέ
899 1791 966 1844 με
990 1793 1005 1841 ;
1028 1794 1046 1828 ι
1065 1777 1176 1831 Καὶ
1203 1779 1364 1833 πάλιν
1385 1783 1512 1852 περὶ
1535 1785 1634 1855 τῆς
1661 1788 1780 1841 κατὲ

1904 1800 2132 1854 cperunt
2181 1786 2445 1843 factorem
2498 1804 2695 1845 rursus
2731 1791 3061 1855 nominavit,
3100 1792 3326 1848 dicens:
3373 1812 3390 1845 ι
3432 1794 3473 1847 Α

196 1853 261 1905 τὸ
278 1853 574 1909 Σάδδατον
594 1859 858 1929 ἐργασίας
881 1875 894 1889 ⁸
931 1882 949 1913 ι
998 1863 1058 1919 '0
1093 1867 1285 1939 Πατήρ
1320 1844 1665 1943 μουίφησὶν,
1697 1876 1778 1930 ἓωε

1906 1878 2115 1948 meipso
2150 1878 2288 1933 nihil
2334 1879 2499 1944 facio,
2528 1880 2624 1935 sed
2670 1879 2836 1936 Pater
2863 1882 2917 1935 in
2960 1897 3045 1937 me
3074 1898 3320 1946 manens,
3356 1884 3474 1953 ipse

194 1946 331 2042 dign
355 1946 686 2042 ἐργάζεται,
722 1952 879 2021 κάγὼ
902 1955 1226 2027 ἐργάζομαι.
1248 1961 1356 2013 Καὶ
1386 1962 1589 2029 οὐκᾶν,
1624 1964 1773 2036 οἶμαι

1902 1946 2038 2023 facit
2075 1984 2242 2039 opera
2271 1970 2339 2023 θ’.
2395 1990 2412 2021 ›
2458 1970 2716 2025 Arbitror
2762 1973 2950 2042 itaque
2995 1987 3102 2027 non
3144 1988 3266 2028 esse
3318 1973 3474 2027 aliter

194 2037 283 2098 εἰς
316 2037 541 2109 οἰηθείη
571 2040 750 2108 λέγειν
774 2043 957 2111 αὐτὸν,
992 2045 1069 2109 ὡς
1104 2048 1206 2101 ἀνὰ
1239 2050 1406 2121 μέρος
1432 2053 1530 2123 μὲν
1550 2057 1578 2108 6
1610 2058 1776 2131 Πατὴγ

1902 2061 2048 2116 istud
2085 2037 2244 2116 nobis
2267 2062 2626 2132 capiendum,
2658 2063 2766 2119 nisi
2791 2037 3070 2119 Christum
3098 2064 3315 2134 quidem
3346 2064 3473 2120 vitis

193 2127 446 2226 ἐργᾶταί
477 2147 530 2183 τι
556 2131 663 2184 τῶν
691 2135 821 2205 περὶ
854 2137 952 2205 τὴν
981 2140 1180 2204 κτίσιν,
1228 2143 1331 2197 ἀνὰ
1359 2146 1522 2217 μέρος
1547 2149 1604 2202 δὲ
1641 2127 1775 2204 πάλι

1899 2153 2025 2210 loco
2066 2155 2331 2224 positum,
2382 2170 2485 2210 nos
2537 2162 2723 2210 autem
2768 2157 3058 2226 palmitum
3095 2157 3269 2211 instar
3295 2157 3363 2210 ah
3407 2170 3474 2211 eo

192 2218 221 2318 ό
252 2220 413 2283 Υἱόςι
449 2221 639 2291 ἐπειδὴ
668 2224 724 2278 δὲ
741 2226 810 2278 δι’
835 2227 964 2281 Υἱοῦ
995 2230 1064 2284 τὰ
1086 2232 1269 2288 πάντα
1294 2238 1322 2289 ὁ
1353 2238 1561 2309 Πατὴρ.
1581 2242 1673 2294 καὶ
1699 2243 1774 2296 οὐῑ

1898 2218 2166 2317 pendere,
2205 2248 2378 2316 gratia
2405 2248 2578 2301 veluti
2608 2218 2919 2318 saginatus,
2947 2254 3001 2303 et
3032 2247 3293 2301 virtutem
3324 2247 3470 2300 illam

190 2308 261 2362 ἂν
297 2312 514 2383 ἑτέρως
540 2315 837 2385 ἐργάσαιτό
861 2336 913 2373 τι
937 2322 1044 2376 τῶν
1067 2324 1285 2379 πώποτε
1308 2308 1608 2403 (οὗτοςγάρ
1651 2336 1772 2388 ἐστι

1900 2308 2022 2410 qua:
2049 2354 2144 2409 per
2182 2308 2453 2408 S'piritttm
2497 2345 2584 2395 est
2629 2308 2918 2394 ebibentes
2976 2340 3031 2393 in
3082 2338 3470 2393 fecunditatem

191 2405 226 2497 ἡ
260 2404 436 2472 σοφία
495 2408 591 2460 καὶ⁵
629 2410 661 2479 ἡ
691 2409 917 2481 δύναμις
946 2417 1113 2470 αὑτοῦ
1137 2415 1177 2487 ),
1213 2419 1301 2474 διὰ
1322 2423 1477 2476 τοῦτο
1507 2424 1615 2477 τῶν
1655 2426 1773 2480 ίδίωε

1899 2404 2241 2497 έρίι-ἰίιιιοηιί
2264 2425 2369 2481 Sed
2393 2426 2654 2495 quoniam
2686 2442 2787 2481 nos
2808 2428 2862 2480 in
2889 2427 3144 2482 doctrina
3174 2426 3296 2482 ﬁdei
3325 2433 3471 2481 recte

188 2496 381 2566 ἔργων
421 2500 662 2573 ἐργάτην
692 2504 851 2557 πάλιν
898 2507 1149 2576 ὠνόμασε
1180 2511 1268 2565 τὸν
1303 2514 1540 2585 Πατέρα,
1592 2517 1760 2571 εἰπών

1898 2496 2245 2573 ambulantes
2271 2517 2586 2588 importuna
2618 2518 3007 2573 haereticorum
3032 2518 3327 2574 contundit
3355 2533 3474 2571 ora-

197 2607 217 2639 ι
250 2589 405 2685 ’Ἀπ’
437 2592 681 2662 ἐμαυτοῦ
738 2595 876 2649 ποιῶ
926 2598 1115 2666 οὐδὲν,
1161 2603 1284 2656 ἀλλκ
1308 2607 1336 2658 6
1377 2606 1563 2678 Πατὴρ
1591 2610 1649 2662 ἐν
1671 2611 1779 2679 ἐμο¹

1899 2609 1998 2674 ιὶο,
2026 2617 2081 2663 et
2126 2606 2463 2677 persuadere
2509 2615 2745 2662 conatur
2775 2623 2895 2678 quae
2928 2623 2996 2664 nc
3031 2611 3217 2663 animo
3246 2608 3470 2685 quidem

194 2677 380 2746 μένων
414 2684 566 2734 ποιεῖ
584 2682 651 2735 τὰ
680 2682 817 2753 ἔργα
846 2686 1029 2771 αὑτός.
1061 2708 1080 2740 ι
1113 2685 1280 2761 Οἶμαι
1326 2694 1424 2763 μὲν
1477 2677 1572 2749 οὖν
1627 2677 1776 2768 προσ-

2018 2701 2089 2755 sit
2128 2700 2395 2771 cogitare,
2446 2715 2508 2754 ea
2555 2700 2735 2770 palam
2778 2677 3127 2756 auditoribus
3178 2699 3469 2764 faciemus,
3564 2760 3568 2770 ε

193 2769 356 2863 ήκειν
380 2772 550 2863 ημᾶς
575 2775 673 2845 οὐχ
709 2768 912 2849 ἑτέρως
931 2780 962 2851 ἢ
982 2781 1109 2851 τῇδε
1143 2785 1302 2846 νοεῖν,
1350 2785 1426 2850 ὡς
1463 2787 1522 2840 ἐν
1545 2788 1775 2859 ἁμπέλοι

1895 2793 2091 2863 paucis
2115 2768 2695 2861 complectentes'quae
2729 2792 2919 2845 multis
2948 2791 3202 2847 versibus
3243 2792 3469 2861 quidam

197 2861 295 2930 μὲν
323 2861 487 2929 τάξει
518 2866 733 2921 κεῖσθαι
766 2870 1022 2940 Χριστὸν,
1051 2874 1199 2943 ἡμᾶς
1218 2874 1275 2928 δὲ
1304 2875 1599 2948 κλημάτων
1626 2882 1779 2952 ὴρτῆ·

1894 2861 2084 2938 eorum
2128 2881 2409 2936 edisserit.
2445 2900 2465 2932 ι
2499 2881 2668 2935 Recte
2696 2881 2866 2944 enim,
2901 2880 3099 2950 inquit,
3132 2878 3470 2951 Unigenitus

196 2953 318 3045 οθαι
345 2953 539 3045 δίκην,
569 2961 953 3030 πιαινομένους
991 2962 1181 3035 ὥσπερ
1226 2970 1292 3038 τῇ
1341 2970 1525 3040 χάριτι
1569 2973 1665 3027 καὶ
1693 2974 1778 3045 τὴι

1894 2973 2245 3043 reprehendit
2285 2987 2349 3028 ac
2389 2973 2655 3027 ridiculos
2682 2987 2805 3037 esse
2841 2971 3085 3026 ostendit
3118 2987 3215 3027 eos
3247 2972 3337 3042 qui
3372 2988 3472 3043 pu-

199 3041 278 3095 δά
318 3042 427 3097 τοῦ
456 3045 775 3117 Πνεύματος
806 3052 1132 3118 ἐκπίνοντας
1159 3055 1385 3128 δύναμιν
1411 3062 1490 3125 εἰς
1511 3041 1781 3135 καρποφο-

1892 3041 2010 3120 tant
2057 3066 2239 3135 ipsum
2292 3079 2417 3120 esse
2462 3063 2572 3118 Deo
2609 3078 2673 3119 ac
2718 3062 2870 3118 Patri
2916 3041 3470 3119 consubstantialem.

206 3134 314 3240 ξαν
333 3140 766 3253 λπνευματικήν.
800 3142 1015 3217 Ἐπειδὴ
1037 3146 1093 3200 δὲ
1124 3148 1284 3202 πάλιν
1313 3152 1460 3221 ἡμᾶς
1482 3134 1788 3222 ὀρθοποδεῖν

1897 3158 2039 3213 Ecce
2069 3134 2216 3213 enim
2250 3158 2419 3212 vitem
2456 3159 2703 3227 seipsum
2736 3164 2925 3226 aperte
2953 3156 3222 3223 nominat,
3257 3157 3471 3211 Patrem

199 3225 498 3295 ἑλομένους
521 3229 551 3281 6
578 3231 776 3302 πικρὸς
791 3233 901 3289 τῶν
916 3236 983 3290 δι’
1005 3237 1254 3304 ἐναντίας
1278 3246 1595 3314 περικροτεῖ
1616 3246 1781 3314 λόγος.

1900 3259 2084 3305 autem
2126 3249 2446 3320 agricolam.
2480 3247 2956 3315 Quemadmodum
3003 3262 3135 3319 ergo
3178 3264 3289 3303 non
3318 3249 3473 3319 ejus-

197 3319 287 3371 καὶ
315 3320 648 3375 ἀναπείθειν
677 3327 936 3397 πειρᾶται
960 3328 997 3383 ἃ
1029 3331 1106 3401 μὴ
1136 3331 1296 3403 θέμις
1335 3336 1556 3401 ἐννοεῖν,
1590 3340 1779 3412 φανερέ

1900 3342 2022 3398 dem
2056 3319 2389 3397 substantiae
2417 3349 2548 3395 sunt
2583 3340 2737 3404 vitis,
2765 3338 2967 3410 inquit,
2998 3346 3052 3394 et
3084 3339 3325 3411 agricola
3357 3339 3471 3408 (illa

196 3415 306 3474 rei;
338 3414 726 3484 ἀκροωμένοις
780 3422 1198 3493 καταστήσομεν
1233 3425 1543 3492 συνελόντες
1583 3428 1761 3498 λόγοις

1899 3432 2045 3488 enim
2084 3432 2316 3501 lignum,
2358 3430 2451 3486 hic
2499 3430 2665 3486 homo
2706 3430 2854 3501 est),
2898 3431 2997 3487 sed
3042 3431 3272 3489 alterius
3313 3432 3476 3503 plane

198 3503 340 3595 ειπερ
396 3521 487 3568 τις
540 3506 767 3563 ἐκείνων
821 3512 880 3565 ἐν
920 3516 1154 3586 μακροῖς
1212 3516 1523 3572 συντέθεικε
1572 3522 1780 3592 στίχοις

1898 3523 2155 3595 generis:
2194 3523 2269 3577 ita
2300 3535 2649 3592 nequaquam
2682 3521 3179 3578 consubstantialis
3211 3530 3295 3579 est
3324 3522 3473 3577 Patri

203 3614 221 3645 ι
255 3590 329 3649 Εὖ
387 3597 505 3669 γὰρ
560 3597 733 3668 δήτοι,
767 3603 951 3674 φησὶν,
1003 3605 1033 3658 6
1086 3606 1400 3680 Μονογενὴς
1434 3590 1689 3681 διήλεγξέ
1735 3629 1785 3666 τε

1897 3590 2092 3681 Pilius,
2140 3613 2239 3670 sed
2290 3590 2527 3670 multum
2576 3614 2807 3678 distant,
2849 3629 3060 3685 eosque
3089 3614 3474 3671 substantialis

196 3686 288 3738 καὶ
320 3688 782 3778 καταγελάστους
811 3693 1082 3767 ἀπέφηνε,
1137 3698 1266 3763 τοὺς
1302 3699 1584 3772 οίομένους
1635 3703 1778 3758 αὑτὸι

1896 3690 2135 3763 invicem
2172 3707 2316 3760 ratio
2360 3705 2596 3773 dirimit,
2637 3705 2907 3777 siquidem
2948 3706 3040 3761 hic
3083 3706 3353 3778 agricola,
3383 3707 3476 3762 ille

197 3777 487 3847 όμοοόσιον
515 3774 758 3853 εἶναιτῷ
795 3784 916 3858 Θεῷ
936 3788 1030 3841 καὶ
1079 3788 1277 3860 Πατρί.
1326 3791 1459 3846 Ἰδοὺ
1482 3792 1592 3864 γάρ
1616 3794 1779 3864 ἄμπε-

1894 3798 2027 3854 vitis
2071 3804 2180 3852 est.
2212 3795 2368 3862 Quod
2415 3803 2601 3851 autem
2642 3774 2719 3851 ad
2753 3774 3157 3853 incarnationis
3202 3796 3472 3851 rationem

196 3869 283 3923 λον
309 3868 512 3923 ἑαυτὸν
533 3869 794 3943 ὀνομάζει
826 3876 1036 3946 σαφῶς,
1073 3881 1322 3951 γεωργὸν
1349 3881 1408 3935 δὲ
1436 3883 1528 3935 τὸν
1550 3883 1778 3955 Πατέρα

1896 3886 2004 3943 ista
2040 3886 2291 3959 nonnulli
2334 3887 2640 3944 transferre
2687 3904 2975 3961 perperam
3023 3890 3275 3947 cenaturi
3334 3891 3469 3954 sint,

199 3963 412 4038 Ὥσπερ
444 3962 544 4021 οὖν
573 3969 636 4020 οὐ
669 3968 864 4022 ταυτὸν
886 3971 967 4033 είς
985 3971 1198 4037 οὐσίαν,
1226 3972 1472 4044 ἇμπελός
1507 3990 1589 4037 τε,
1619 3992 1691 4044 φη
1704 3975 1781 4043 cl,

1895 3990 2007 4031 non
2058 3984 2145 4031 est
2184 3976 2596 4047 ambigendum.
2625 3978 2738 4034 Nec
2767 3980 2915 4034 enim
2943 3994 3102 4035 suam
3135 3994 3359 4035 carnem
3394 3978 3477 4034 vi-

204 4057 287 4109 καὶ
328 4057 586 4127 γεωργὸς
641 4061 739 4132 (τὸ
783 4062 883 4132 μὲν
946 4064 1058 4133 γὰρ
1118 4063 1297 4131 ξύλον,
1354 4066 1383 4118 6
1414 4064 1470 4118 δέ
1496 4066 1642 4119 ἐστιν
1696 4067 1786 4121 άν-

1894 4075 2004 4122 tem
2040 4082 2167 4122 esse
2215 4067 2310 4133 ait,
2344 4067 2441 4124 sed
2481 4068 2669 4138 potius
2714 4070 2998 4126 deitatem.
3042 4069 3146 4125 Cui
3180 4071 3328 4126 enim
3361 4085 3472 4125 non

203 4145 414 4216 θρωπος
432 4148 453 4218 )
471 4190 487 4212 ,
526 4150 792 4222 ἀλλογενῆ
819 4153 875 4207 δέ
904 4153 1100 4220 ταῦτα,
1151 4155 1246 4209 καὶ
1270 4156 1570 4227 ἐτερόφυλα
1599 4175 1785 4212 παντε-

1893 4158 2254 4214 manifestum
2291 4167 2399 4224 est,
2439 4160 2641 4230 inquit,
2668 4169 2923 4217 nostrum
2951 4176 3157 4233 corpus
3201 4176 3232 4216 a
3279 4161 3473 4217 Serva-

198 4236 315 4302 λῶς
343 4239 529 4304 οὓτως
550 4243 650 4312 οὐχ
676 4243 962 4314 ὀμοούσιος
982 4247 1011 4299 6
1043 4246 1173 4310 Υἱὸς
1196 4246 1274 4316 τῷ
1311 4247 1509 4318 Πατρὶ,
1538 4248 1780 4321 διέστηκε

1894 4248 2031 4305 toris
2062 4263 2230 4305 carne
2259 4264 2366 4305 non
2399 4251 2660 4319 pendere,
2692 4253 2838 4310 sicut
2868 4267 2896 4307 a
2925 4254 3037 4309 vite
3072 4253 3346 4323 palmites,
3370 4268 3469 4308 ne-

194 4329 244 4383 δὲ
268 4334 412 4387 κατὰ
439 4333 578 4388 πολὺ
602 4336 698 4389 καὶ
723 4337 987 4409 οὖσιὼδης
1033 4340 1233 4403 αὐτοὺς
1269 4339 1500 4411 διείργει
1534 4341 1710 4409 λόγος,
1742 4347 1776 4396 εἰ

1894 4358 2000 4412 quc
2044 4341 2184 4397 adeo
2227 4351 2550 4399 sanctorum
2586 4344 2829 4400 fructum
2872 4347 3151 4401 carnalem
3198 4361 3345 4409 esse,
3377 4346 3473 4402 sed

193 4439 249 4491 γε
284 4426 312 4477 6
340 4427 447 4501 μὲν
475 4427 594 4481 ἐστι
619 4430 885 4501 γεωργὸς,
908 4433 938 4485 6
984 4431 1043 4485 δὲ
1071 4425 1338 4501 ἄμπελοςέ
1383 4434 1505 4487 Ὅτι
1544 4435 1651 4506 γὰρ
1691 4436 1775 4489 οὐ)

1894 4434 2243 4504 spiritalem?
2270 4434 2619 4505 Quapropter
2651 4450 2822 4492 carne
2850 4438 2905 4491 in
2936 4430 3184 4507 praesens
3240 4438 3470 4493 seorsim

191 4496 429 4585 εὐλόγως
481 4496 638 4584 τινὲς
677 4496 758 4586 εἰς
782 4496 898 4575 ήτὸν
926 4523 1028 4594 τῆς
1062 4496 1199 4594 μετὰ
1241 4525 1444 4596 σαρκὸς
1475 4496 1773 4599 οἰκονομίας

1892 4496 2095 4597 posita,
2132 4527 2239 4597 ipsi
2265 4496 2538 4582 divinitati
2569 4528 2692 4582 Filii
2720 4528 2829 4583 vim
2863 4538 2917 4583 et
2940 4496 3286 4584 intellectum
3315 4528 3471 4583 vocis

189 4605 340 4676 λόγον
386 4610 461 4664 τὰ
484 4611 713 4667 τοιαῦτα
745 4619 1123 4685 περιενεγκεῖν
1179 4619 1646 4689 ἐπιχειρήσουσιν,
1681 4621 1771 4673 οὐκ

1889 4619 2044 4673 illius
2084 4619 2418 4685 tribuemus,
2462 4634 2701 4689 eumque
2749 4620 2999 4675 dicemus
3037 4634 3161 4676 esse
3202 4620 3391 4684 vitem,
3440 4635 3469 4673 a

188 4699 333 4754 ἔστιν
362 4704 696 4774 ἀμφίϐολον.
736 4708 811 4760 Οὐ
844 4708 955 4779 γὰρ
987 4709 1086 4780 τὴν
1119 4709 1297 4779 σάρκα
1327 4710 1424 4781 τὴν
1452 4710 1650 4764 ἑαυτοῦ
1681 4729 1770 4781 φη-

1156 4709 1297 4779 άρκα
1327 4710 1424 4781 τὴν
1452 4710 1650 4764 ἑαυτοῦ
1681 4729 1797 4781 φη-,
1891 4726 1997 4781 qua
2029 4712 2333 4780 pendemus
2368 4726 2468 4779 per
2499 4711 2680 4765 fidem.
2718 4730 2738 4763 ›

187 4810 268 4845 σιν
298 4789 448 4848 εἶναι
474 4795 573 4865 τὴν
595 4796 862 4867 ἄμπελον,
913 4799 1114 4869 μᾶλλον
1150 4801 1207 4854 δὲ
1240 4802 1339 4873 τὴν
1378 4801 1625 4871 θεότητα.
1658 4802 1773 4855 Τίνι
1814 4803 1926 4873 γὰρ
1954 4802 2017 4857 οὐ
2054 4801 2225 4871 σαφὲς
2285 4801 2458 4867 ἔσται,
2522 4802 2708 4874 φησὶν,
2774 4802 2850 4868 ὡς
2890 4805 2952 4858 τὸ
2997 4804 3266 4877 ἡμέτερον
3312 4802 3473 4875 σῶμα

184 4886 305 4954 οὐχὶ
330 4886 437 4955 τῆς
466 4887 563 4940 τοῦ
593 4888 847 4960 Σωτῆρος
909 4891 1251 4961 ἐκκρεμᾶται
1308 4893 1530 4965 σαρκὸς,
1590 4893 1842 4965 καθάπερ
1880 4893 2127 4964 ἀμπέλου
2166 4893 2234 4946 τὰ
2256 4892 2533 4964 κλήματα,
2566 4893 2690 4948 οὔτε
2728 4895 2835 4966 μὴν
2857 4898 2886 4949 6
2919 4896 3029 4950 τῶν
3057 4897 3228 4966 ἁγίων
3261 4896 3472 4968 καρπὸς

185 4979 478 5049 σαρκικὸς,
514 4977 650 5032 ἀλλὰ
676 4983 1075 5052 πνευματικός;
1113 4984 1322 5038 Οὐκοῦν
1348 4988 1406 5039 ἐν
1432 4986 1608 5056 μέρει,
1628 4987 1783 5056 φησὶ,
1822 4987 2182 5058 τεθείσης-είς
2220 4985 2281 5040 τὸ
2304 4987 2476 5055 παρὸν
2526 4988 2626 5058 τῆς
2680 4989 2901 5060 σαρκὸς,
2934 4990 3070 5062 αὐτῇ
3137 4993 3200 5063 τῇ
3259 4989 3472 5061 θεότητι

180 5070 276 5123 τοῦ
317 5070 458 5124 Υἱοῦ
508 5070 606 5142 τὴν
635 5070 731 5127 τοῦ
758 5073 918 5143 λόγου
956 5076 1328 5148 περιθήσομεν
1390 5078 1642 5152 δύναμιν,
1676 5080 1774 5133 καὶ
1812 5080 1976 5133 αὐτὸν
2002 5079 2235 5152 ἐροῦμεν
2260 5074 2398 5131 εἶναι
2445 5078 2542 5148 τὴν
2608 5079 2876 5149 ἄμπελον,
2923 5076 2994 5153 ἦς
3037 5082 3321 5154 ἐξήμμεθα
3382 5080 3473 5135 διὰ

180 5165 279 5235 τῆς
302 5164 567 5228 πίστεως.
591 5183 610 5215 ι

252 5256 433 5309 Ταυτὶ
469 5255 571 5323 μὲν
603 5255 798 5328 ἐκείνῳ
837 5259 1294 5331 καταφλυαρῆσαι
1344 5262 1596 5334 παρέστη
1648 5279 1793 5334 παρ-

1963 5258 2091 5314 Hazc
2140 5257 2232 5313 ille
2274 5266 2537 5327 nugatur,
2568 5256 2885 5312 divinorum
2932 5259 3247 5329 dogmatum
3281 5276 3465 5317 veram

182 5347 480 5419 (νοουμένῳ
503 5347 784 5416 ποικίλως,
810 5349 955 5404 κατά
980 5367 1045 5416 γε
1069 5351 1131 5404 τὸ
1154 5352 1304 5422 αὐτῷ
1326 5352 1508 5417 καλῶς
1525 5353 1671 5425 ἔχειν
1701 5354 1764 5408 δο

1887 5351 2160 5407 rationem
2190 5365 2292 5422 pro
2321 5364 2419 5405 sua
2450 5348 2680 5405 libidine
2710 5358 3052 5421 pervertens,
3085 5360 3139 5407 et
3191 5354 3258 5407 ad
3301 5368 3464 5409 suum

183 5438 336 5506 κοῦν,
384 5439 490 5511 τὴν
525 5439 638 5495 τῶν
680 5440 846 5497 θείων
891 5443 1181 5515 δογμάτων
1212 5444 1501 5515 ὀρθότητα,
1545 5446 1639 5500 καὶ
1690 5446 1765 5501 air

1885 5456 2116 5514 scopum
2146 5442 2416 5513 singulari
2472 5441 2682 5496 malitia
2723 5441 3086 5513 detorquens.
3131 5441 3244 5500 Nos
3280 5451 3463 5501 autem

189 5529 357 5604 πολλῇ
385 5518 700 5603 κακουργίᾳ
730 5534 868 5606 πρὸς
894 5534 988 5589 τὸν
1018 5534 1169 5605 αὑτῷ
1222 5536 1557 5606 προτεθέντα
1605 5553 1771 5609 παρα-

1882 5536 2091 5606 ubique
2138 5534 2474 5591 inhaerentes
2520 5532 2784 5597 veritati,
2838 5548 2949 5589 non
3002 5534 3080 5588 ita
3135 5536 3460 5603 sentiemus,

184 5620 442 5690 τρέποντι
473 5623 703 5680 σκοπόν.
743 5624 935 5695 Ἡμεῖς
961 5624 1019 5677 δὲ
1061 5625 1161 5696 τῆς
1205 5623 1464 5697 ἀληθείας
1494 5626 1743 5697 ἐχόμενοι

1883 5624 2069 5684 absit!
2107 5626 2206 5683 sed
2246 5631 2569 5682 sanctorum
2604 5622 2831 5681 Patrum
2881 5626 3175 5683 sententiae
3208 5627 3464 5685 insisten—

255 5801 301 5834 ⁸¹
340 5800 503 5860 Joan.
544 5819 612 5868 ι,
646 5804 741 5863 52.
813 5806 857 5840 ⁸⁸
895 5805 1054 5864 Joan.
1091 5827 1144 5878 v,
1180 5810 1267 5865 17.
1342 5811 1388 5844 ⁸⁸
1425 5808 1585 5866 Joan.
1628 5826 1756 5883 xxv,
1802 5809 1893 5866 10.
