4006 6444
547 368 655 427 339

1593 361 1653 419 S.
1680 359 1961 418 CYRILLI
2000 358 2475 417 ALEXANDRINI
2514 359 2835 419 ARCHIEP.
3565 375 3570 379 ’
3690 370 3773 429 310

550 494 637 541 tes
681 479 936 539 veritatis
974 479 1231 553 dogmata
1279 488 1596 549 sequemur.
1652 474 1774 541 Quo
1817 482 1979 545 pacto
2026 473 2170 536 loci,

2273 475 2489 543 πανταχῆ
2523 470 2907 543 διακεισόμεθα
2938 470 3040 542 μὲν
3064 468 3163 540 οὐχ
3197 468 3390 535 οὕτως,
3417 474 3595 531 πολλοῦ
3620 495 3674 547 γε
3693 485 3768 538 καὶ

552 573 721 646 hujus
761 588 963 631 sensus
1012 572 1406 643 intelligendus
1455 569 1566 632 sit,
1613 582 1723 622 non
1775 566 1977 621 inscite
2020 565 2136 636 jam

2273 564 2340 627 εῖ,
2372 562 2471 632 τὴν
2508 561 2596 615 διὰ
2626 561 2736 615 τῶν
2771 561 2943 630 ἁγίων
2983 560 3140 632 ήμῶν
3181 560 3437 633 Πατὲρων
3471 565 3771 635 ίχνηλιτοῦν.

553 665 738 736 quoad
757 665 813 720 in
845 664 1011 721 nobis
1040 671 1161 720 erat
1183 661 1605 733 disquisivimus
1630 674 1642 710 :
1672 658 1768 715 sed
1787 673 1984 714 rursus
2005 672 2140 712 con-

2273 670 2331 719 ες
2386 652 2623 718 σύνεσιν,
2659 657 2774 718 τοῖς
2799 654 2899 725 τῆς
2955 652 3216 723 ἀληθείας
3263 653 3498 725 ἑψόμεθα
3527 657 3771 730 δόγμασιν.

556 758 915 814 siderandum
965 762 1050 813 est
1097 754 1378 825 quomodo
1427 752 1699 823 adversus
1752 750 1878 806 illos
1929 750 2141 805 armari

557 868 663 907 nos
692 858 970 923 oporteat,
1001 856 1058 905 et
1079 862 1188 919 quo
1217 853 1379 918 pacto
1405 845 1567 916 861
1600 844 1716 898 sint
1751 857 1943 898 eorum
1969 842 2144 896 ratio-

557 959 657 998 nos
699 940 1083 998 retundenda'.
1131 937 1188 993 Si
1226 938 1374 992 enim
1417 952 1482 992 ex
1535 944 1727 991 nostro
1751 935 1976 991 silentio
2006 932 2144 987 nihil

558 1035 745 1091 damni
779 1033 1182 1104 simpliciorum
1226 1030 1513 1087 mentibus
1549 1030 1849 1100 ingrueret,
1879 1027 2142 1098 repudia-

560 1126 632 1180 tis
660 1125 819 1181 vanis
851 1121 1205 1179 sermonibus
1234 1121 1301 1175 ad
1351 1136 1415 1177 ea
1448 1136 1574 1190 quae
1620 1128 1936 1191 sequuntur
1974 1117 2149 1188 expli-

559 1215 734 1271 canda
768 1229 871 1270 nos
910 1211 1331 1268 conferremus:
1390 1211 1486 1267 sed
1537 1226 1663 1265 cum
1718 1225 1827 1265 non
1870 1207 2150 1263 mediocre

558 1306 823 1362 damnum
875 1305 1168 1362 incumbat
1217 1304 1268 1360 ei
1312 1307 1406 1375 qui
1449 1302 1839 1374 hujuscemodi
1892 1301 2149 1372 dogmata

562 1396 895 1469 susceperit,
928 1396 1179 1469 nunquid
1232 1404 1668 1451 consentaneum
1704 1400 1879 1450 estut
1933 1394 2023 1462 pio
2072 1393 2153 1445 in-

563 1486 828 1541 flammati
878 1487 997 1542 zelo
1036 1485 1346 1542 rationibus
1385 1499 1451 1538 ac
1504 1484 1689 1540 verbis
1732 1482 2155 1554 depugnemus?

568 1578 662 1633 Sic
704 1577 853 1634 enim
895 1579 1188 1648 perspicua
1215 1577 1320 1631 erit
1349 1575 1799 1631 adversariorum
1849 1574 2150 1629 calliditas.

566 1669 818 1739 Agedum
847 1684 997 1739 ergo,
1024 1668 1259 1739 primum
1295 1667 1428 1721 illud
1464 1666 1739 1727 dicamus.
1775 1666 2007 1722 stultum
2032 1679 2155 1720 esse

567 1776 799 1832 prorsus
829 1761 896 1816 ad
956 1768 1175 1816 naturae
1205 1759 1287 1815 vel
1320 1759 1643 1816 substantiae
1689 1758 2150 1829 signiﬁcationem

2243 746 2434 809 Ὅπως
2464 745 2563 817 μὲν
2590 745 2657 800 ἂν
2685 745 2881 816 νοῆσαι
2911 745 3180 817 προσήκοι
3209 745 3303 798 τοῦ
3339 749 3675 820 προκειμένου
3698 756 3778 826 τὴν

2242 838 2492 908 δύναμιν,
2519 838 2620 891 οὐκ
2638 837 2902 907 ἀκόμψως
2932 837 3035 908 ήδη
3085 837 3171 907 διη
3182 838 3537 908 ρευνήσαμεν,
3586 845 3712 899 κατά
3729 865 3780 916 γε

2244 930 2307 983 τὸ
2329 931 2386 985 ὲν
2418 932 2549 1001 ἡμῖν
2575 929 2812 997 ἐφικτόν·
2851 929 3115 982 σκεπτέον
3149 929 3207 982 δὲ
3234 929 3393 983 πάλιν
3418 931 3561 996 ὅπως
3583 951 3636 986 τε
3662 936 3783 1007 ἡμᾶς

2246 1024 2341 1078 καὶ
2377 1023 2496 1076 τίνοι
2519 1022 2582 1093 δὴ
2611 1022 2814 1093 τρόπον
2843 1022 3219 1087 ἐξοπλίζεσθαι
3248 1022 3353 1094 χρὴ
3373 1063 3387 1086 ,
3423 1024 3514 1077 καὶ
3546 1028 3648 1089 τοῖς
3679 1029 3787 1099 παρ’

2246 1115 2472 1170 ἐκείνων
2515 1113 2992 1168 ἀνταποδύσασθαι
3047 1114 3245 1182 λόγοις.
3278 1113 3343 1167 Ei
3378 1116 3473 1185 μὲν
3507 1116 3609 1188 γάρ
3638 1124 3787 1193 σιωπῇ

2250 1208 2681 1279 παρελάσαντες,
2701 1208 2854 1260 οὐδὲν
2872 1203 2939 1278 ἦν
2969 1206 3220 1260 ἐντεῦθεν
3253 1207 3379 1261 ἰδεῖν
3402 1208 3461 1261 τδ
3487 1210 3669 1280 βλάϐος
3692 1216 3792 1276 ταῖς

2250 1299 2359 1354 τῶν
2406 1300 2799 1372 ἁπλουστέρων,
2831 1299 3092 1365 διανοίαις
3146 1301 3458 1372 εἰστρέχον,
3512 1304 3715 1368 είκότως
3743 1306 3792 1358 τὸ

2257 1393 2508 1463 ματαίοις
2535 1393 2877 1464 ἐντρίϐεσθαι
2936 1392 3115 1461 λόγοις
3148 1395 3280 1465 παρ’
3322 1392 3471 1447 οὐδὲν
3500 1397 3795 1467 ἡγησάμενοι

2252 1490 2373 1548 ταῖς
2413 1484 2522 1537 τῶν
2553 1484 2750 1556 ἐφεξῆς
2800 1485 3072 1557 κειμένων
3122 1472 3379 1557 θεωρίαις
3435 1489 3793 1559 ἐπενηχόμεθα.

2267 1575 2487 1647 Ἐπειδὴ
2515 1575 2659 1630 δὲού
2702 1576 2908 1648 μικράν
2959 1577 3059 1649 τὴν
3111 1578 3315 1649 ζημίαν
3366 1578 3624 1632 ὲποίσειεν
3663 1580 3721 1635 ἂν
3760 1581 3799 1634 εί

2257 1668 2648 1741 παραδεχθεῖεν
2675 1670 2779 1722 ὑπό
2806 1686 2898 1723 του
2930 1670 2998 1724 τὰ
3044 1668 3185 1722 οὕτω
3235 1669 3677 1743 δογματιζόμενα,
3706 1672 3800 1734 πῶς

2257 1759 2359 1813 οὐκ
2383 1759 2673 1814 ἀκόλουθον
2703 1759 2850 1831 ζήλῳ
2887 1758 2965 1830 τῷ
2989 1759 3220 1831 φιλοθέῳ
3250 1762 3631 1833 κεκινημένους
3654 1764 3804 1817 καθεῖ-

569 1853 956 1924 intempestive
992 1853 1286 1907 traducere
1331 1850 1478 1922 quod
1510 1866 1606 1920 per
1640 1852 1950 1920 exemplum
1984 1865 2049 1905 ac
2074 1851 2151 1905 rei

2273 1867 2344 1904 tat
2366 1851 2464 1922 τὴν
2488 1852 2668 1923 μάχην
2701 1850 2795 1921 τὴν
2838 1852 2897 1905 ὲν
2929 1851 3211 1922 λογισμοῖς
3257 1869 3319 1906 τε
3363 1855 3459 1906 καὶ
3497 1853 3696 1920 λόγοις;
3724 1856 3800 1925 Εῖη

570 1944 991 2001 similitudinem
1043 1944 1249 1999 dictum
1300 1950 1405 1999 est.
1452 1941 1726 1997 Existimo
1754 1942 1906 1997 enim
1939 1941 2008 1997 iis
2060 1942 2156 2012 qui

572 2035 789 2106 singula
830 2043 980 2092 recte
1011 2033 1487 2105 comprehendere
1532 2034 1722 2096 velint,
1771 2033 1838 2088 ad
1875 2032 2009 2087 dicti
2045 2047 2162 2088 sco-

574 2144 704 2198 pum
745 2127 1158 2198 respiciendum
1201 2142 1347 2189 esse,
1398 2142 1713 2196 magnoque
1761 2124 1948 2182 studio
1982 2126 2163 2181 consi-

575 2217 884 2275 derandum
914 2216 1048 2290 quid
1080 2219 1426 2289 propositum
1465 2218 1535 2273 sit
1567 2218 1616 2273 ei
1647 2218 1740 2287 qui
1784 2217 2051 2287 loquitur.
2084 2215 2161 2271 Ex

577 2311 666 2366 his
725 2316 910 2365 autem
951 2310 1176 2366 adverte
1224 2326 1419 2366 rursus
1456 2310 1725 2380 numquid
1765 2320 1915 2365 recte
1977 2310 2164 2366 dicere

579 2402 676 2456 tibi
718 2401 1024 2458 videamur.
1071 2402 1350 2458 Servatori
1390 2401 1613 2457 Christo
1651 2402 1998 2472 propositum
2052 2418 2161 2456 non

578 2502 697 2547 erat
738 2493 1047 2563 discipulos
1098 2493 1331 2549 edocere
1366 2509 1426 2548 se
1456 2492 1680 2563 quidem
1721 2494 1889 2547 alium
1930 2509 2055 2550 esse
2085 2509 2166 2549 se-

577 2583 819 2637 cundum
862 2595 1138 2648 naturam,
1172 2584 1343 2638 alium
1368 2599 1498 2638 vero
1536 2582 1780 2649 Patrem,
1818 2599 1921 2640 nec
1955 2585 2164 2639 idcirco

580 2664 798 2724 Patrem
841 2671 1150 2725 vocandum
1185 2671 1483 2741 agricqlam
1515 2672 1893 2736 existimabat,
1936 2688 1995 2728 se
2037 2689 2166 2728 vero

580 2763 769 2831 vitem.
811 2763 947 2818 Nam
981 2765 1025 2821 si
1062 2765 1187 2821 talis
1226 2766 1275 2820 ei
1327 2778 1530 2835 scopus
1560 2766 1780 2829 fuisset,
1818 2768 2012 2836 quidni
2058 2784 2169 2825 ser-

580 2873 799 2912 monem
827 2858 900 2914 ibi
934 2859 1075 2913 tlniit
1102 2859 1215 2913 alio
1246 2860 1398 2913 nullo
1427 2860 1655 2931 insuper
1683 2861 1896 2916 addito?
1926 2862 2166 2933 Scopu-m

581 2950 726 3004 enim
765 2965 926 3004 suum
962 2952 1104 3005 citra
1146 2950 1531 3007 confusionem
1569 2954 1742 3008 ullam
1792 2954 2168 3024 patefecisset,

580 3041 737 3109 juxta
773 3050 1009 3097 vestram
1042 3044 1401 3108 sententiam,
1442 3045 1488 3098 si
1541 3045 1787 3115 seipsum
1821 3047 2095 3102 duntaxat
2118 3058 2173 3103 et

583 3130 804 3187 Patrem
840 3133 1203 3189 nominasset.
1240 3134 1400 3190 Nunc
1440 3143 1622 3193 autem
1663 3152 1787 3192 eum
1841 3139 2172 3208 praemiserit

588 3237 651 3276 se
680 3220 846 3276 vitem
873 3237 1022 3284 esse,
1063 3236 1276 3292 uosque
1308 3223 1601 3293 palmitum
1637 3222 1816 3277 instar
1853 3239 1918 3277 cx
1948 3238 2011 3279 ea
2039 3239 2172 3293 pen-

587 3313 740 3378 dere,
798 3329 873 3369 ac‘
918 3324 1180 3383 praeterea
1215 3315 1446 3370 cultura:
1486 3313 1721 3369 cilicium
1755 3315 1963 3369 tribuat
1997 3315 2171 3377 Patri,

587 3405 843 3469 nemini,
881 3406 1099 3476 Opinor,
1143 3422 1251 3462 non
1292 3406 1501 3476 patebit
1551 3406 1687 3461 nihil
1717 3421 1841 3460 eum
1870 3408 1976 3461 tale
2006 3408 2176 3475 signi-

591 3499 761 3554 ficare
797 3500 961 3569 quale
1001 3515 1096 3556 vos
1140 3500 1369 3571 putatis,
1410 3499 1505 3554 sed
1537 3498 1918 3554 crassioribus
1944 3498 2177 3569 quibus-

591 3592 717 3644 dam
755 3600 810 3646 et
872 3592 976 3647 sub
1035 3588 1227 3648 Oculos
1267 3590 1601 3647 cadentibus
1659 3589 1930 3659 exemplis
1970 3588 2179 3644 audito-

590 3684 754 3738 ribus
803 3685 1139 3754 persuadere
1180 3685 1319 3740 velle
1354 3699 1573 3739 omnem
1616 3683 1779 3739 nobis
1817 3678 2179 3738 fecunditatis

593 3776 865 3845 spiritalis
901 3778 1009 3831 vim
1042 3793 1167 3834 esse
1198 3778 1267 3832 ab
1307 3778 1453 3846 ipso,
1486 3774 1954 3845 quemadmodqu
1990 3784 2044 3828 et
2075 3774 2182 3843 pal-

594 3868 820 3925 mitibus
844 3884 872 3924 a
904 3869 1089 3925 radice
1116 3867 1530 3939 prodeuntibus
1557 3868 1805 3938 qualitas
1828 3875 1914 3921 est
1936 3866 2005 3920 ab
2035 3867 2176 3936 ipsa.

593 3960 868 4016 Donatum
909 3962 1056 4017 enim
1096 3969 1184 4017 est
1222 3961 1597 4032 quodcunque
1634 3968 1718 4016 est
1772 3961 1825 4014 in
1864 3960 2027 4015 nobis
2092 3959 2185 4013 bo-

596 4068 726 4106 num
760 4070 774 4117 ;
818 4052 877 4107 in
938 4052 1049 4107 Deo
1090 4068 1220 4108 vero
1282 4068 1391 4108 non
1446 4052 1575 4108 item
1610 4068 1624 4105 :
1664 4051 1782 4122 ipse
1819 4052 1966 4106 enim
2008 4057 2092 4104 est
2124 4051 2181 4103 in

597 4146 781 4215 seipso
819 4160 1049 4200 suarum
1103 4144 1595 4215 praerogativarum
1633 4186 1646 4209 ,
1701 4144 1889 4213 gloriae
1927 4157 1991 4196 ac
2034 4149 2184 4211 pote-

598 4238 757 4292 statis
788 4237 890 4293 sibi
933 4237 1027 4291 uni
1060 4235 1440 4291 convenientis
1480 4237 1777 4307 ipsummet
1818 4235 2178 4305 principium.

599 4327 810 4383 Idcirco
853 4328 1011 4381 radix
1054 4342 1118 4381 ac
1162 4327 1292 4382 vitis
1339 4326 1745 4395 quodammodo
1777 4327 2035 4380 Christus
2073 4334 2181 4389 est;

600 4434 703 4474 nos
730 4434 862 4476 vero
900 4408 1367 4489 palmitesaQuod
1417 4426 1598 4473 autem
1627 4418 1932 4489 agricolam
1966 4417 2181 4471 Patrem

2262 1941 2369 2015 γάρ
2394 1943 2460 1996 ἂν
2486 1942 2656 2006 οὕτως
2684 1943 3020 2007 εὐκάτοπτός
3041 1961 3100 1996 τε
3130 1944 3328 2017 κομιδῇ
3361 1944 3468 1997 τῶν
3504 1945 3569 1999 δι’
3596 1945 3804 2008 ἐναντίας

2262 2037 2296 2107 ή
2326 2035 2654 2107 πανουργία.
2686 2036 2809 2089 -Καὶ
2836 2035 2969 2107 φέρε
3009 2031 3075 2106 δὴ
3107 2036 3330 2107 πρῶτον
3361 2038 3536 2090 ἐκεῖνο
3554 2036 3797 2106 λέγωμεν,

2262 2127 2344 2180 ὅτι
2364 2126 2427 2180 τὸ
2452 2127 2510 2180 ὲν
2532 2127 2977 2199 παραδείγματος
2993 2126 3143 2194 τάξει
3167 2127 3373 2197 ληφθὲν
3392 2128 3484 2182 καὶ
3501 2129 3576 2191 εἰς
3588 2128 3804 2199 ὁμοίωσιν

2263 2219 2360 2291 τὴν
2381 2219 2475 2273 τοῦ
2506 2220 2833 2292 πράγματος
2861 2220 3355 2291 εἰσκεκομισμένον
3382 2221 3462 2285 είς
3505 2218 3806 2289 φυσιολογίας

2263 2311 2485 2382 τρόπον,
2522 2311 2641 2381 ἦτοι
2671 2311 2862 2374 οὐσίας
2880 2310 3113 2382 δήλωσιν
3159 2310 3414 2365 ἐκλαϐεῖν
3450 2312 3550 2365 οὐκ
3578 2310 3806 2380 εὐκαίρως

2266 2403 2490 2474 ἀνόητον
2522 2401 2820 2465 παντελῶς.
2857 2397 3024 2473 Οἶμαι
3052 2401 3164 2472 γὰρ
3190 2401 3370 2470 ἔγωγε
3395 2403 3520 2464 τοὺς
3541 2402 3615 2464 είς
3641 2401 3807 2453 ἕκαστα

2264 2496 2374 2547 τῶν
2401 2494 2712 2563 λεγομένων
2763 2494 3003 2547 συνιέναι
3032 2493 3289 2557 θέλοντας
3309 2492 3506 2563 ὀρθῶς,
3540 2495 3614 2552 είς
3638 2492 3715 2543 τὸν
3737 2488 3809 2542 τοῦ

2268 2589 2624 2659 θεωρήματος
2653 2586 2988 2640 ἀποϐλέπειν
3023 2586 3247 2647 σκοπὸν,
3295 2586 3388 2639 καὶ
3417 2585 3468 2639 τί
3506 2585 3634 2654 μετὰ
3661 2584 3811 2653 χεῖρας

2268 2680 2406 2751 ἔχων
2435 2682 2462 2733 ὁ
2488 2678 2580 2732 τοῦ
2606 2679 2767 2747 λόγου
2791 2677 3121 2749 δημιουργὸς
3179 2680 3425 2731 ποιεῖται
3463 2676 3557 2747 τὴν
3596 2671 3811 2739 διάλεξιν,

2272 2773 2369 2825 σὺν
2395 2770 2563 2842 πολλῇ
2590 2772 2656 2842 τῇ
2683 2771 2945 2843 φρονήσει
2982 2769 3469 2822 κατασκέπτεσθαι
3494 2769 3617 2821 δεῖν.
3652 2764 3814 2818 Σκόπει

2269 2861 2326 2914 δὲ
2354 2860 2416 2932 δὴ
2445 2860 2605 2921 πάλιν
2633 2859 2695 2925 ἐξ
2719 2860 2898 2914 αὐτῶν
2920 2862 3052 2931 ἡμῖν
3101 2861 3209 2914 τῶν
3263 2861 3657 2931 προκειμένων,
3695 2856 3814 2927 είμή

2273 2971 2357 3008 σοι
2380 2954 2643 3024 δοκοῦμεν
2669 2954 2865 3025 ἄριστα
2888 2953 3089 3022 λέγειν.
3125 2955 3240 3006 Οὐκ
3291 2950 3359 3025 ἧν
3403 2954 3537 3025 μετὰ
3560 2956 3728 3023 χεῖρας
3761 2950 3817 3020 τῷ

2274 3047 2489 3117 Σωτῆρι
2519 3045 2743 3118 Χριστῷ
2774 3044 2983 3109 διδάξαι
3014 3046 3142 3107 τοὺς
3179 3045 3462 3116 μαθητὰς,
3511 3045 3583 3109 ὡς
3628 3044 3702 3115 είη
3746 3042 3819 3113 μὲν

2275 3136 2443 3198 αὐτὸς
2494 3135 2639 3190 κατὰ
2668 3136 2832 3205 φύσιν
2864 3136 3073 3206 ἕτερος,
3106 3138 3356 3206 ἑτεροῖος
3383 3137 3439 3192 δὲ
3462 3139 3489 3192 ό
3520 3135 3711 3207 Πατὴρ,
3731 3131 3822 3186 οὐδὲ

2273 3226 2363 3281 διὰ
2387 3226 2544 3280 τοῦτο
2566 3226 2814 3298 γεωργὸν
2846 3225 2943 3295 μὲν
2977 3225 3069 3279 τὸν
3094 3226 3356 3292 φύσαντα
3373 3226 3555 3280 καλεῖν
3575 3223 3697 3296 ῴετο
3723 3221 3822 3283 δεῖν,

2276 3320 2520 3390 ἄμπελον
2545 3319 2600 3373 δὲ
2628 3319 2812 3372 αὐτόν.
2833 3317 2896 3371 Εἰ
2922 3318 3028 3389 γὰρ
3062 3311 3218 3381 οὗτος
3237 3314 3314 3390 ἦν
3334 3321 3363 3373 ὁ
3394 3317 3591 3380 σκοπὸς
3613 3318 3666 3369 ἐν
3685 3310 3822 3381 αὐτῷ,

2276 3412 2330 3465 τί
2371 3410 2444 3481 μὴ
2481 3409 2646 3481 μέχρι
2669 3409 2874 3463 τούτων
2903 3410 3025 3480 ἵστη
3057 3409 3150 3462 τὸν
3176 3409 3361 3479 λόγον,
3398 3410 3549 3465 οὐδὲν
3581 3407 3704 3469 ὅλως
3730 3405 3823 3458 ἕτε-

2282 3518 2370 3572 ρον
2395 3498 2937 3571 προεπεισενεγκώνς
2977 3497 3317 3569 Ἀσύγχυτον
3352 3499 3461 3570 γὰρ
3490 3497 3553 3551 ἂν
3574 3495 3823 3562 ἐποιήσατο

2276 3594 2376 3665 τὴν
2408 3593 2642 3664 δήλωσιν
2700 3591 2792 3644 τοῦ
2835 3590 3034 3645 οἰκείου
3090 3590 3323 3657 σκοποῦ,
3376 3590 3521 3644 κατά
3543 3605 3602 3658 γε
3634 3586 3688 3641 τὸ
3725 3584 3825 3653 ὑμῖν

2278 3684 2490 3746 δοκοῦν,
2512 3685 2560 3736 εί
2587 3682 2746 3753 μόνον
2770 3682 3053 3753 ὠνόμασεν
3076 3682 3271 3737 ἑαυτόν
3305 3700 3366 3736 τε
3397 3682 3488 3736 καὶ
3511 3682 3598 3736 τδν
3628 3676 3822 3745 Πατέρα.

2281 3776 2417 3829 Νυνὶ
2448 3775 2505 3828 δὲ
2531 3774 2896 3845 προκαταθεὶς
2927 3773 3172 3845 ἄμπελον
3204 3773 3307 3844 μὲν
3333 3773 3546 3835 ἑαυτὸν,
3579 3768 3827 3840 κλημάτων

2280 3866 2337 3919 δὲ
2366 3866 2523 3937 δίκην
2555 3865 2831 3938 ἠρτῆσθαι
2856 3866 3036 3934 λέγων
3091 3867 3266 3936 ἡμᾶς,
3300 3861 3420 3920 εἶτα
3453 3868 3550 3936 τῆς
3599 3857 3830 3932 γεωργίας

2284 3957 2345 4012 τὸ
2377 3958 2719 4029 ἐπιτήδευμα
2751 3958 2997 4029 περιθεὶς
3022 3958 3100 4029 τῷ
3122 3959 3326 4028 Πατρὶ,
3371 3959 3529 4029 δῆλος
3558 3957 3622 4010 ἂν
3644 3955 3718 4021 είη
3759 3949 3832 4002 καὶ

2286 4054 2475 4114 πᾶσιν,
2513 4048 2688 4123 οἶμαι,
2744 4052 3086 4123 καταφανὴς,
3147 4051 3223 4114 ὼς
3281 4051 3439 4105 οὐδὲν
3494 4051 3590 4121 μὲν
3632 4044 3833 4100 τοιοῦτον

2285 4146 2469 4198 ὁποῖον
2492 4146 2649 4215 ὑμεῖς
2672 4143 3010 4213 ὑπειλήφατε
3043 4142 3214 4213 δηλοῖ,
3247 4143 3337 4198 διὰ
3370 4139 3660 4215 παχέωνόὲ
3681 4136 3835 4200 ὥσπερ

2287 4238 2380 4291 καὶ⁵
2404 4239 2517 4300 τοῖς
2541 4235 2635 4289 τοῦ
2655 4234 2903 4304 σώματος
2923 4233 3222 4305 ὀφθαλμοῖς
3241 4235 3659 4288 ὑποπιπτόντων
3692 4241 3837 4296 παραυ

2285 4330 2597 4400 δειγμάτων
2627 4329 2918 4382 ἀναπεῖσαι
2970 4327 3215 4398 βούλεται
3268 4330 3419 4391 τοὺς
3455 4322 3835 4397 ἀκροωμένους.

2289 4424 2372 4476 ὅτι
2405 4424 2587 4492 πάσης
2611 4424 2745 4493 ἡμῖν
2773 4420 3152 4493 καρποφορίας
3177 4421 3560 4492 πνευματικῆς
3587 4421 3618 4487 ἡ
3651 4414 3839 4480 somn;

599 4509 995 4576 nominaVerit,
1030 4524 1099 4564 ne
1132 4510 1286 4565 dicas
1318 4509 1390 4564 ita
1432 4510 1738 4579 nuncupari
1766 4508 1925 4577 quasi
1952 4507 2170 4561 diversa

2292 4517 2421 4585 παρ’
2442 4514 2627 4577 αὐτοῦ,
2665 4514 2917 4585 καθάπερ
2937 4510 3031 4568 οὖν
3064 4512 3260 4584 ἀμέλει
3290 4513 3388 4566 καὶ
3428 4514 3543 4574 τοῖς
3591 4508 3687 4577 τῆς
3716 4500 3839 4577 ῥίζης

600 4601 673 4655 sit
699 4600 1059 4656 substantiae:
1103 4616 1207 4655 nec
1241 4598 1389 4655 enim
1417 4600 1469 4655 id
1492 4600 1611 4653 vult
1649 4597 1987 4667 significare,
2020 4595 2183 4651 sicuti

599 4690 886 4756 diximus;
945 4690 1039 4744 sed
1089 4688 1382 4745 ostendere
1421 4689 1593 4743 voluit
1628 4694 1884 4741 naturam
1937 4684 2181 4738 divinam

601 4784 844 4839 radicem
894 4790 948 4837 et
982 4782 1314 4853 principium
1353 4780 1409 4834 in
1461 4779 1626 4850 862
1676 4777 1839 4832 nobis
1881 4774 2187 4831 fertilitatis

602 4875 788 4930 onmis
851 4874 1122 4945 Spiritalis
1177 4889 1239 4929 ac
1295 4873 1464 4933 vitae,
1502 4885 1624 4940 quae
1664 4880 1861 4936 praeter
1910 4883 1974 4922 ea
2041 4866 2186 4922 bona

602 4983 727 5040 quae
759 4967 1020 5031 diximus,
1067 4967 1245 5022 instar
1272 4964 1528 5035 agricola:
1557 4960 1790 5029 largitur
1822 4966 1877 5014 et
1928 4957 2088 5014 oﬂert
2117 4959 2186 5016 iis

604 5060 698 5131 qui
752 5075 846 5128 per
905 5059 1067 5115 ﬁdem
1125 5058 1193 5114 ad
1259 5058 1411 5113 illius
1468 5051 1947 5124 participationem
2006 5054 2187 5109 vocati

604 5160 753 5215 sunt,
782 5164 971 5207 curam
1001 5158 1055 5207 et
1096 5148 1499 5221 providentiam
1540 5146 1852 5199 charitatis.
1884 5143 2031 5199 Nihil
2057 5160 2189 5217 ergo

604 5247 770 5317 plane
807 5242 873 5300 ad
903 5243 1162 5300 essentiae
1201 5239 1479 5295 rationem
1521 5237 1901 5303 exemplorum
1951 5237 2189 5296 dissimi-

603 5335 823 5391 litudo:
865 5349 967 5390 nec
997 5332 1144 5388 enim
1177 5326 1458 5384 Servatori
1498 5325 1721 5381 Christo
1758 5341 1906 5382 nunc
1944 5328 2192 5398 proposi-

602 5437 719 5483 tum
758 5435 846 5483 est
879 5429 949 5480 de
986 5425 1094 5479 hoc
1156 5417 1366 5489 aliquid
1421 5415 1628 5482 dicere,
1666 5417 1762 5472 sed
1796 5418 1965 5473 alium
2024 5419 2191 5474 habet

604 5533 835 5590 scopum
898 5515 1041 5570 ratio
1079 5512 1369 5568 doctrina}.
1412 5508 1616 5564 Verum
1658 5510 1920 5580 quoniam
1959 5509 2189 5566 demens

606 5613 699 5670 ille
725 5610 890 5668 solita
919 5622 1021 5663 sua
1053 5603 1359 5660 temeritate
1389 5618 1511 5673 quae
1543 5618 1710 5674 prava
1745 5612 1878 5659 sunt
1904 5604 2190 5674 ampleCti-

610 5712 721 5769 tur,
762 5702 949 5771 aitque
988 5697 1194 5752 nullam
1239 5710 1365 5752 esse
1401 5696 1670 5752 rationem
1712 5710 1839 5765 quae
1872 5694 1979 5748 loci
2023 5694 2190 5764 hujus

617 5809 846 5865 scopum
875 5807 903 5848 a
937 5800 1085 5847 recto
1126 5804 1291 5845 sensu
1325 5787 1607 5844 detortum
1651 5787 1719 5843 ad
1749 5785 2187 5843 incarnationem

2294 4604 2707 4676 προσπεφυκόσι
2740 4603 2987 4674 κλήμασι
3044 4602 3271 4671 ποιότης
3329 4600 3464 4671 παρ’
3495 4596 3680 4665 αὐτῆς.
3713 4587 3842 4644 Δοτὺν

2294 4696 2392 4765 μὲν
2426 4696 2537 4766 γὰρ
2570 4697 2626 4748 ἐν
2653 4696 2786 4765 ἡμῖν
2819 4695 2946 4757 πᾶν,
2987 4694 3129 4764 ὅπερ
3168 4691 3369 4763 ἔχομεν
3417 4688 3641 4758 ἀγαθὸν,
3670 4681 3775 4751 Θεῷ
3799 4676 3843 4729 δὲ

2288 4787 2492 4841 οὐκέτι·
2517 4786 2754 4857 ἔστιγὰρ
2784 4785 2948 4848 αὐτὸς
2976 4786 3033 4837 ὲν
3057 4783 3237 4853 ὲαυτῷ
3256 4784 3366 4837 τῶν
3392 4781 3539 4836 ίδίων
3562 4779 3848 4837 πλεονεκτη-

2295 4878 2504 4949 μάτων,
2537 4878 2694 4947 δόξης
2727 4893 2788 4930 τε
2839 4877 2934 4929 καὶ
2986 4875 3257 4941 ἐξουσίας,
3295 4874 3399 4944 τῆς
3430 4870 3581 4942 αὐτῷ
3616 4868 3705 4922 καὶ
3730 4862 3849 4935 μένῳ

2291 4969 2612 5042 πρεπούσης
2643 4967 2865 5041 ἔναρχος
2901 4969 3065 5039 ἀρχή.
3108 4967 3208 5021 Διά
3232 4966 3394 5020 τοῦτο
3427 4965 3528 5036 μὲν
3552 4963 3673 5035 ῥίζα
3691 4958 3852 5021 ὥσπερ

2291 5064 2386 5117 καὶ
2411 5062 2655 5132 ἄμπελος
2700 5062 2729 5113 ὁ
2783 5061 3039 5132 Χριστὸς,
3087 5061 3353 5131 κλήματα
3398 5058 3455 5111 δὲ
3496 5057 3672 5127 ἡμεῖς.
3715 5050 3769 5103 Εί
3804 5042 3850 5097 δὲ

2290 5152 2536 5223 γεωργὸν
2562 5150 2810 5221 ὠνόμασε
2840 5151 2932 5203 τὸν
2953 5151 3195 5221 Πατέρα,
3234 5148 3308 5219 μὴ
3346 5148 3510 5219 εἴπῃς
3533 5147 3608 5209 ὡς
3634 5134 3850 5212 ἑτεροού·

2293 5259 2428 5297 σιον”
2469 5243 2530 5295 οὐ
2560 5242 2669 5313 γὰρ
2698 5240 2857 5295 τοῦτο
2894 5241 3135 5311 σημῆναι
3190 5238 3468 5309 βούλεται,
3503 5235 3749 5303 καθάπερ
3790 5226 3851 5278 εἰ·

2295 5338 2565 5408 ρήκοιμεν·
2620 5334 2736 5389 ἀλλ’
2764 5334 3032 5402 ἐπιδεῖξαι
3081 5333 3317 5403 θελήσας
3378 5331 3463 5385 ὅτι
3508 5328 3601 5384 καὶ
3631 5325 3747 5398 ῥίζα
3775 5316 3853 5373 καὶ

2291 5428 2459 5499 ἀρχὴν
2486 5428 2585 5498 τῆς
2640 5428 2697 5480 ἒν
2728 5429 2862 5498 ἡμῖν
2920 5425 3305 5499 καρποφορίας
3347 5418 3727 5493 πνευματικῆς
3776 5409 3852 5465 καὶ

2292 5515 2437 5587 ζωῆς
2465 5520 2498 5587 ή
2558 5516 2680 5569 θεία
2726 5514 2918 5584 γέγονε
2981 5513 3163 5583 φύσις,
3215 5510 3357 5581 πρὸς
3404 5511 3522 5573 τοῖς
3573 5499 3853 5587 εἰρημένοις

2293 5585 2538 5678 ἀγαθοῖς,
2572 5608 2648 5672 ὡς
2675 5608 2735 5660 ὲν
2764 5604 3017 5678 γεωργοῦ
3050 5621 3196 5667 τινος
3218 5602 3377 5668 τάξει
3405 5595 3753 5671 χαριζομένη,
3775 5585 3851 5641 καὶ

2296 5701 2632 5773 ἐπιφέρουσα
2654 5701 2764 5762 τοῖς
2795 5698 2884 5753 διὰ
2915 5697 3152 5760 πίστεως
3194 5693 3563 5764 κεκλημένοις
3593 5690 3670 5751 είς
3688 5695 3852 5773 κοινυιο

2296 5763 2417 5849 νίαν
2458 5763 2652 5863 αὐτῆς,
2704 5790 2802 5862 τὴν
2840 5788 3128 5859 ἐπίσκεψιν
3174 5786 3275 5856 τῆς
3310 5763 3554 5854 ἀγάπης.
3593 5776 3747 5835 Οὐδὲν
3771 5763 3851 5825 οὖν
