4006 6414
225 399 340 456 341

1213 395 1223 405 ’
1274 398 1344 456 ίΝ
1380 399 1670 459 JOANNIS
1696 399 2153 461 EVANGELIUM
2189 403 2319 462 LIB.
2355 405 2423 461 Χ.

3390 393 3513 469 'm

223 512 344 584 ἄρα
394 511 681 578 παντελῶς
736 513 770 587 ἡ
817 512 926 568 τῶν
980 512 1440 586 παραδειγμάτων
1469 514 1823 587 ἀνομοιότης,

1958 515 2137 573 :hristi
2174 518 2466 575 transferri
2510 518 2658 575 sinat
2689 534 2702 572 :
2748 532 2848 574 nec
2876 519 3024 576 enim
3056 520 3106 577 ei
3147 536 3377 594 corpore
3412 544 3512 583 nos

225 605 374 675 πρὸς
396 604 492 658 τὸν
538 604 643 675 τῆς
692 606 881 670 οὐσίας
909 605 1023 672 ἐξει
1073 605 1249 674 λόγον·
1286 607 1349 660 οὐ
1400 606 1511 678 γὰρ
1540 607 1829 679 πρόκειται

1958 605 2260 677 onjunctos
2292 623 2460 673 esse,
2520 608 2618 665 sed
2676 624 2857 679 neque
2912 612 3196 682 apostolos
3251 622 3510 685 tanquam

223 697 356 749 νυνὶ
381 695 464 766 τῷ
485 696 703 768 Σωτῆρι
738 698 960 770 Χριστῷ
994 698 1123 771 περὶ
1156 698 1349 752 τούτου
1375 716 1430 752 τι
1480 697 1682 767 λέγειν,
1713 698 1828 753 ἀλλ’

1958 698 2187 755 μοιηιίιοε
2216 700 2269 755 in
2289 699 2494 757 Christi
2518 716 2753 771 corpore
2784 701 2976 768 fuisse,
3010 718 3110 760 nec
3140 704 3189 760 ei
3221 705 3325 761 hoc
3352 708 3514 765 modo

221 787 321 840 ξτε
332 804 428 858 ρον
448 788 562 859 ἔχει
590 789 793 842 σκοπὸν
810 790 911 861 τῆς
930 789 1276 865 διδασκαλίας
1302 791 1331 843 ό
1361 789 1583 863 τρόπος.
1611 789 1830 863 Ἐπειδὴ

1958 789 2280 860 :onjunctos.
2317 793 2410 847 sed
2470 792 2666 848 affectu
2720 809 2785 849 ac
2821 793 2927 850 ﬁde
2952 795 3208 851 sincera:
3255 796 3512 867 agedum,

221 876 287 929 δὲ
317 876 507 945 λέγειν
541 878 571 931 ό
609 879 916 951 παράφρων
943 880 1008 933 ἐκ
1034 879 1134 950 τῆς
1157 880 1386 951 ἐνούσης
1415 879 1565 951 αὐτῷ
1601 878 1831 933 δυσϐου-

1958 881 2128 937 raucis
2162 883 2228 937 ad
2264 883 2380 938 haec
2410 885 2870 956 respondeamus,
2901 887 3252 946 ostendentes
3274 904 3401 945 eum
3433 891 3516 944 in-

223 966 361 1031 λίας
394 968 468 1022 τά
495 968 597 1022 οὐκ
626 968 804 1039 ὀρθῶς
833 968 1024 1040 ἔχοντα
1080 968 1352 1040 βούλεται,
1411 970 1506 1023 καί
1553 986 1718 1041 φησιν
1750 969 1833 1023 ὅτι

1958 972 2118 1028 anire
2154 974 2393 1044 penitus,
2434 991 2536 1032 nec
2580 990 2867 1033 sacrarum
2915 976 3247 1034 Litterarum
3299 988 3514 1036 rectum

227 1058 401 1128 λόγος
421 1059 601 1124 οὐδεὶς
626 1060 912 1132 ἐπιτρέψει
938 1060 1038 1131 τῆς
1061 1061 1280 1126 εὐθείας
1300 1060 1491 1133 ὥσπερ
1515 1061 1835 1128 ἐξέλκοντας

1958 1071 2035 1117 ter
2072 1063 2351 1120 insistere.

226 1153 328 1207 τὸν
383 1152 483 1206 τοῦ
537 1152 901 1225 προκειμένου
950 1153 1152 1210 σκοπὸν
1209 1153 1560 1226 περιτρέπειν
1610 1153 1692 1218 εἰς
1760 1152 1859 1226 τὴν
1931 1154 2456 1227 ἐνανθρὼπησιντοῦ
2474 1158 2729 1230 Χριστοῦ·
2759 1158 2818 1211 οὐ
2854 1159 2961 1231 7&9
2993 1159 3345 1231 συνήφθημεν
3367 1161 3518 1235 αὑτῷ

229 1247 388 1303 κατά
412 1247 476 1301 τὸ
496 1242 688 1318 σῶμα,
730 1246 845 1301 ἀλλ’
878 1247 999 1301 οὐδὲ
1036 1245 1230 1319 ἔμενον
1284 1248 1334 1301 οἱ
1374 1248 1664 1302 ἀπόστολοι
1691 1289 1706 1314 ,
1742 1248 1831 1312 -ὠς
1865 1247 2122 1320 κλήματα
2148 1250 2312 1320 τυχδν
2340 1251 2398 1302 ἐν
2424 1249 2505 1321 τῷ
2531 1250 2745 1322 σώματι
2784 1251 2877 1305 τοῦ
2901 1254 3160 1325 Χριστοῦ,
3223 1254 3349 1308 οὔτε
3410 1256 3519 1328 μὴν

228 1340 394 1412 αὐτῷ
425 1340 571 1396 κατά
596 1339 788 1395 τοῦτον
821 1341 1155 1412 συνήπτοντο
1180 1340 1471 1410 τὸνλόγον,
1503 1342 1638 1395 ἀλλὰ
1664 1340 1900 1395 διαθέσει
1938 1340 2034 1394 καὶ
2104 1340 2289 1395 πίστει
2349 1341 2655 1414 είλικρινεῖ,
2705 1344 2837 1415 φέρε
2901 1362 2953 1399 τι
2992 1344 3165 1418 βραχὺ
3244 1350 3338 1404 καὶ
3382 1348 3521 1421 πρὸς

228 1434 418 1488 ταῦτα
454 1434 724 1505 λέγωμεν,
754 1434 1001 1504 πανταχῆ
1027 1431 1332 1496 δεικνύντες
1364 1432 1716 1505 ἀφραίνοντα,
1736 1432 1831 1486 καὶ
1863 1431 1972 1487 τῶν
2007 1432 2167 1505 ἱερῶν
2197 1433 2547 1506 Γραμμάτων
2593 1434 2692 1488 οὐκ
2728 1434 2873 1490 ίόντα
2901 1439 3023 1490 κατ’
3057 1437 3211 1494 εὐθύ.

308 1527 443 1579 Ὀτι
475 1525 575 1595 μὲν
607 1524 718 1598 γὰρ
738 1523 979 1579 διαθέσει
1033 1526 1101 1595 τῇ
1150 1523 1417 1596 νοουμένῃ
1445 1525 1589 1579 κατὰ
1610 1524 1708 1595 τὴν
1746 1540 1837 1577 τε-

232 1621 395 1675 λείαν
430 1619 675 1691 ἀγάπην.
707 1618 841 1692 ὀρθῇ
873 1636 935 1673 τε
973 1620 1066 1672 καὶ
1110 1619 1457 1690 ἀδιαστρόφῳ
1487 1620 1689 1685 πίστει,
1715 1618 1839 1690 φιλ-

234 1712 429 1783 αρέτῳ
465 1728 526 1764 τε
563 1711 659 1765 καὶ⁵
688 1710 975 1782 εἰλικρινεῖ
1003 1710 1251 1783 λογισμῷ
1279 1711 1501 1765 συνενοὺ
1510 1711 1649 1783 μεθα
1672 1729 1838 1765 πνευ-

238 1803 500 1876 ματικῶς
522 1802 601 1875 τῷ
626 1802 868 1876 Χριστῷ,
889 1802 1140 1874 οὐδαμῶς
1169 1802 1532 1875 ἐξαρνήσεται
1565 1803 1673 1857 τῶν
1708 1804 1837 1876 παρ’

2009 1522 2120 1579 Nos
2148 1525 2353 1595 quippe
2382 1524 2591 1581 aﬂ'ectu
2611 1526 2904 1584 charitatis
2948 1529 3230 1601 perfecta,
3260 1540 3521 1604 rectaque

1937 1625 1991 1670 et
2025 1615 2359 1672 inconcussa
2393 1617 2520 1681 (ide,
2561 1625 2621 1672 et
2665 1618 2879 1674 sincera
2909 1634 2973 1677 ac
3012 1621 3239 1677 virtutis
3266 1625 3519 1680 studiosa

1939 1717 2124 1763 mente
2158 1708 2389 1764 Christo
2457 1712 2785 1780 spiritaliter
2834 1714 3004 1779 uniri,
3054 1727 3373 1773 nostrorum
3421 1718 3521 1775 do-

1939 1807 2189 1870 gmatum
2215 1800 2357 1855 ratio
2388 1801 2702 1859 nullatenus
2731 1802 3105 1861 inﬁciahitur:
3143 1823 3245 1865 nos
3259 1811 3403 1863 enim
3435 1826 3523 1866 re-

234 1899 381 1968 ἡμῖν
403 1895 696 1968 δογμάτων
719 1897 748 1949 ό
775 1895 955 1964 λόγος·
978 1895 1204 1967 συνεροῦ
1213 1910 1314 1965 μεν
1356 1894 1465 1965 γάρ
1495 1896 1576 1949 ὅτι
1604 1895 1669 1967 δὴ
1692 1895 1839 1966 μάλα

1958 1901 2026 1946 :te
2052 1892 2103 1946 id
2135 1907 2231 1948 eos
2268 1893 2468 1949 docere
2501 1892 2818 1950 fatebimur.
2847 1894 3003 1963 Quod
3031 1912 3163 1952 vero
3192 1897 3376 1955 dicere
3403 1901 3523 1956 ausi

234 1988 406 2042 τοῦτό
440 2004 606 2057 φασιν
632 1987 829 2061 ὀρθῶς.
856 1987 929 2041 Τὸ
961 1985 1018 2041 δέ
1060 2004 1126 2056 γε
1182 1986 1600 2060 καταθαρσῆσαι
1624 1987 1835 2057 λέγειν,

235 2081 319 2144 ὡς
347 2080 534 2144 οὐδεὶς
561 2081 691 2151 ἡμῖν
726 2079 1023 2148 συναφείας
1052 2080 1151 2150 τῆς
1181 2080 1323 2135 κατά
1370 2082 1547 2153 σάρκα
1576 2079 1713 2151 πρὸς
1741 2080 1840 2133 αὐ-

234 2170 335 2224 τὸν
371 2173 402 2224 ό
431 2169 611 2239 λόγος,
661 2169 972 2243 ὁλοκλήρως
1021 2170 1225 2243 ἀπᾷδον
1284 2173 1405 2235 ταῖς
1461 2169 1842 2235 θεοπνεύστοις

236 2264 495 2335 Γραφαῖς
521 2261 878 2333 ἐπιδείξομεν.
905 2262 1033 2327 Πῶς
1081 2263 1191 2334 7&9
1235 2263 1301 2318 ἂν
1326 2263 1651 2335 ἀμφίλογον,
1702 2263 1736 2336 ἢ
1759 2263 1844 2328 τίς

238 2354 310 2408 ἂν
340 2353 486 2419 ὅλως
514 2352 786 2407 ἐνδοιάσαι
816 2353 944 2407 ποτὲ
965 2353 1072 2406 τῶν
1102 2350 1161 2407 εὖ
1193 2356 1408 2427 φρονεῖν
1437 2354 1730 2418 εἰωθότων,
1767 2354 1843 2419 ὡς

238 2445 500 2515 ἄμπελος
557 2444 657 2516 μέν
694 2446 810 2498 ἐστι
860 2443 1004 2499 κατὰ
1063 2443 1222 2499 τοῦτο
1269 2445 1528 2515 Χριστός·
1590 2448 1751 2516 ἡμεῖς
1787 2444 1844 2498 δὲ

240 2536 555 2609 κλημάτων
605 2535 1000 2599 ἀποτελοῦντες
1049 2536 1237 2607 σχῆμα
1274 2537 1373 2609 τὴν
1422 2537 1481 2602 ἐξ
1543 2536 1707 2590 αὐτοῦ
1751 2537 1847 2589 καὶ

240 2633 380 2702 παρ’
415 2628 587 2683 αὑτοῦ
621 2628 768 2702 ζωὴν
794 2629 875 2692 είς
900 2628 1100 2693 αὐτοὺς
1131 2628 1493 2700 κομιζόμεθα,
1529 2628 1707 2683 καίτοι
1748 2628 1844 2682 τοῦ

240 2721 467 2777 Παύλου
489 2721 764 2789 λέγοντος·
796 2740 815 2772 ι
843 2721 905 2773 Oi
933 2720 1041 2792 7&9
1067 2720 1266 2785 πάντες
1294 2720 1352 2775 ἒν
1392 2721 1554 2792 σῶμά
1593 2723 1760 2792 ἐσμεν
1788 2722 1846 2775 ὲν

236 2812 493 2887 Χριστῷ,
514 2814 597 2867 ὅτι
625 2807 705 2877 εἷς
726 2815 892 2884 ἄρτος
923 2813 971 2867 οί
1004 2813 1187 2866 πολλοί
1217 2815 1404 2885 ἐσμεν·
1429 2816 1477 2868 oi
1512 2813 1619 2886 7&9
1647 2814 1849 2875 πάντες

236 2907 307 2959 ἐκ
333 2903 436 2957 τοῦ
472 2902 593 2967 ἐνὸς
619 2903 783 2975 ἄρτου
810 2903 1132 2974 μετέχομεν.
1174 2923 1192 2956 ι
1227 2903 1447 2972 Λεγέτω
1478 2904 1587 2975 γάρ
1610 2921 1694 2967 τις
1716 2904 1849 2975 ἡμῖν

239 2994 341 3065 τὴν
377 2992 601 3057 αἰτίαν,
642 2994 740 3046 καλ⁸
778 2992 1077 3047 διδασκέτω
1125 2991 1414 3068 παρελθὼν
1451 2993 1550 3063 τῆς
1583 2993 1851 3064 μυστικῆς

238 3086 508 3156 εὐλογίας
539 3086 641 3159 τὴν
683 3084 933 3157 δύναμιν.
992 3086 1208 3142 Γίνεται
1248 3086 1358 3159 7&9
1404 3088 1461 3141 ἐν
1516 3087 1649 3159 ἡμῖν
1670 3087 1847 3155 διατί;

241 3170 373 3245 Ἆρ’
407 3176 535 3249 οὐχὶ
559 3177 654 3231 καὶ
686 3177 1017 3248 σωματικῶς
1056 3181 1192 3250 ἡμῖν
1231 3178 1570 3245 ἐνοικίζουσα
1598 3178 1691 3233 τὸν
1716 3180 1851 3251 Χρι-

1942 1989 2073 2037 sunt
2111 1983 2319 2037 nullam
2367 1998 2492 2039 esse
2534 1984 2695 2040 nobis
2738 2000 2864 2040 cum
2898 2001 2964 2042 eo
2994 1988 3239 2045 carnalis
3286 1989 3524 2060 conjun-

1942 2073 2144 2129 ctionis
2175 2076 2471 2140 rationem,
2508 2076 2688 2133 sacris
2717 2075 2944 2135 Litteris
2972 2079 3273 2136 dissentire
3302 2081 3526 2152 penitus

1943 2167 2323 2224 ostendemus.
2354 2167 2491 2235 Quis
2538 2170 2683 2225 enim
2717 2186 2888 2226 sanus
2920 2172 3255 2229 dubitaverit
3283 2189 3526 2246 unquam

1943 2271 2007 2312 ea
2057 2257 2273 2314 ratione
2319 2259 2601 2315 Christum
2638 2276 2761 2316 esse
2794 2263 2982 2327 vitem,
3025 2279 3126 2319 nos
3168 2280 3296 2320 vero
3328 2264 3527 2337 palmi-

1945 2356 2059 2402 tum
2098 2348 2327 2404 formam
2375 2351 2700 2415 referentes,
2737 2354 2905 2408 vitam
2955 2370 3021 2409 ex
3074 2355 3192 2425 ipso
3221 2365 3269 2411 et
3309 2357 3378 2412 ab
3407 2357 3530 2429 ipso

1945 2439 2000 2493 in
2042 2454 2145 2494 nos
2176 2441 2418 2507 trahere,
2449 2456 2574 2496 eum
2620 2443 2828 2498 Paulus
2854 2443 3042 2500 dicat:
3078 2464 3097 2497 ι
3146 2444 3349 2503 Omnes
3382 2449 3526 2503 enim

1948 2544 2117 2582 unum
2148 2543 2351 2601 corpus
2379 2512 2574 2588 sumus
2608 2532 2663 2587 in
2698 2532 2944 2603 Christo,
2972 2536 3234 2606 quoniam
3266 2553 3409 2593 unus
3435 2552 3531 2608 pa-

1948 2621 2036 2676 nis
2071 2621 2228 2676 multi
2266 2639 2499 2681 sumus:
2542 2641 2734 2683 omnes
2771 2629 2915 2683 enim
2947 2629 3016 2684 de
3046 2646 3155 2684 uno
3185 2646 3324 2701 pane
3359 2631 3533 2701 parti-

1949 2712 2199 2783 cipamus
2232 2713 2320 2767 “?
2357 2734 2377 2767 ι
2411 2714 2568 2770 Dicat
2590 2717 2733 2771 enim
2770 2718 2931 2773 nobis
2966 2718 3168 2789 aliquis
3198 2735 3448 2784 causam,
3478 2728 3534 2776 et

1947 2803 2058 2857 vim
2104 2804 2338 2876 eulogiae
2388 2809 2638 2877 mysticae
2686 2808 2864 2863 obiter
2911 2808 3125 2864 doceat.
3162 2809 3299 2864 Nam
3345 2827 3445 2866 cur
3475 2814 3531 2867 in

1951 2894 2113 2950 nobis
2144 2895 2452 2951 inseritur?
2480 2896 2673 2953 Nonne
2702 2909 2761 2954 ut
2798 2899 3081 2956 Christum
3110 2902 3422 2959 inhabitare
3457 2902 3535 2958 fa-

1951 2986 2065 3042 ciat
2094 2989 2148 3042 in
2178 2989 2359 3055 nobis,
2387 2990 2552 3046 etiam
2591 2993 2982 3062 corporaliter,
3016 2994 3451 3065 participatione
3478 3003 3534 3051 et

1952 3083 2338 3138 communione
2360 3093 2566 3139 sanctae
2588 3100 2702 3140 suae
2737 3086 2963 3141 carnis?
2988 3084 3259 3142 Praeclare
3285 3078 3534 3157 quidem;

1956 3171 2147 3228 scribit
2178 3174 2324 3228 enim
2360 3173 2565 3229 Paulus
2589 3182 2781 3244 gentes
2806 3174 2984 3231 factas
3010 3190 3134 3231 esse
3171 3194 3189 3228 ι
3227 3191 3537 3248 concorpo-

246 3270 374 3325 στδν
394 3271 464 3340 τῇ
493 3268 711 3341 μεθέξει
736 3269 832 3324 καὶ
854 3271 1110 3343 κοινωνίᾳ
1125 3270 1225 3341 τῆς
1245 3271 1409 3341 ἁγίας
1427 3269 1593 3324 αὐτοῦ
1612 3271 1812 3343 σαρκός
1833 3288 1849 3337 ;

1958 3266 2126 3329 rales,
2163 3272 2215 3321 et
2253 3266 2700 3337 comparticipes,
2734 3277 2787 3326 et
2821 3267 3137 3323 cohaeredes
3168 3266 3377 3323 Christi
3416 3269 3486 3324 ".
3516 3288 3536 3320 ι

259 3360 409 3414 Ἀλλ’
433 3356 596 3432 οἶμαι
620 3359 803 3429 λέγειν
839 3360 1036 3433 ὀρθῶς·
1077 3361 1279 3433 γράφει
1310 3361 1420 3433 γὰρ
1454 3363 1482 3416 ὁ
1520 3361 1732 3426 Παῦλος
1763 3379 1853 3431 γε-

247 3452 520 3523 γενῆσθαι
545 3451 617 3505 τά
647 3451 776 3523 ἔθνη
822 3471 841 3504 ι
881 3453 1168 3524 σύσσωμα,
1224 3455 1319 3509 καὶ
1377 3459 1723 3526 συμμέτοχα,
1759 3456 1855 3509 καὶ

253 3542 683 3616 συγκληρονόμα
709 3543 971 3616 Χριστοῦ.
1005 3564 1023 3598 ι
1061 3545 1339 3617 Σύσσωμα
1381 3546 1678 3618 τοιγαροῦν
1708 3546 1854 3601 κατά

252 3638 409 3690 ποῖον
446 3634 741 3708 ἀπεφάνθη
775 3636 1009 3709 τρόπον;
1052 3637 1385 3704 Ἀξιωθέντα
1419 3638 1530 3710 γὰρ
1561 3641 1856 3711 μετασχεῖν

255 3728 351 3799 τῆς
380 3726 643 3797 εὐλογίας
669 3727 769 3799 τῆς
822 3729 1114 3800 μυστικῆς,
1171 3728 1233 3782 ἐν
1265 3729 1403 3798 πρὸς
1453 3731 1618 3784 αὐτὸν
1663 3730 1855 3800 γέγονε

258 3820 444 3889 σῶμα,
468 3818 725 3892 καθάπερ
756 3820 949 3891 ἀμέλει
981 3823 1076 3875 καὶ
1101 3819 1211 3875 τῶν
1240 3822 1411 3891 ἁγίων
1456 3821 1690 3887 ἕκαστος
1720 3824 1857 3876 ἀπο-

260 3911 488 3966 στόλων.
527 3911 682 3966 Ἐπεὶ
708 3912 799 3966 διὰ
826 3913 988 3967 ποίαν
1020 3913 1198 3968 αἰτίαν
1233 3913 1370 3985 μέλη
1399 3914 1494 3968 τοῦ
1518 3913 1757 3987 Χριστοῦ
1790 3916 1858 3969 τά

258 4006 461 4069 οἰκεῖα,
502 4003 707 4075 μᾶλλον
735 4004 794 4058 δὲ
838 4003 906 4057 τὰ
943 4005 1180 4071 πάντων,
1211 4004 1287 4069 ῶς
1307 4003 1473 4059 αὑτοῦ
1498 4006 1856 4075 κατωνόμασε

262 4097 399 4169 μέλη
426 4113 441 4163 ;
478 4096 690 4170 Γράφει
722 4095 832 4167 γὰρ
864 4095 1055 4160 οὕτως’
1084 4114 1104 4149 ι
1140 4096 1254 4150 Οὐκ
1279 4095 1479 4162 οῖδατε,
1510 4097 1592 4150 ὅτι
1617 4097 1685 4150 τὰ
1721 4096 1856 4168 μέλη

260 4189 440 4259 ὑμῶν,
475 4187 615 4260 μέλη
651 4187 893 4259 Χριστοῦ
916 4190 1097 4253 ἐστιν;
1133 4189 1308 4263 Ἀρας
1343 4182 1436 4242 οῦν
1470 4188 1542 4242 τά
1583 4188 1719 4259 μέλη
1763 4187 1858 4241 τοῦ

259 4280 529 4351 Χριστοῦ,
569 4281 786 4352 ποιήσω
819 4279 1027 4352 πόρνης
1056 4280 1226 4351 μέλη;
1256 4278 1350 4351 Μὴ
1379 4279 1609 4349 γένοιτο.
1634 4298 1652 4331 ι
1700 4277 1861 4332 Ἀλλὰ

260 4377 355 4430 καὶ
381 4374 553 4438 αὐτὸς
579 4374 608 4427 ὁ
641 4373 854 4445 Σωτήρ*
903 4390 922 4425 ι
962 4373 1023 4427 '0
1063 4370 1293 4444 τρώγων
1348 4389 1452 4443 μου
1506 4372 1605 4444 τὴν
1641 4372 1860 4444 σάρκα,

260 4467 422 4539 φησὶ,
451 4465 548 4519 καὶ
574 4462 746 4519 πίνων
794 4480 896 4534 μου
952 4461 1016 4517 τὸ
1043 4458 1206 4533 αἷμα,
1231 4463 1291 4517 ἐν
1319 4462 1445 4534 ἐμοὶ
1481 4462 1656 4533 μένει,
1705 4459 1862 4531 κάγὼ

1955 3355 2395 3428 Concorporales
2446 3368 2630 3413 autem
2664 3373 2908 3429 quonam
2956 3360 3123 3415 modo
3168 3358 3328 3416 factae
3369 3358 3544 3417 sunt?

1956 3445 2165 3520 Nempe
2205 3450 2437 3521 eulogia:
2469 3451 2719 3521 mystica:
2763 3450 3188 3522 participatione
3234 3451 3539 3516 honoratae,

1958 3555 2133 3594 unum
2171 3556 2295 3596 cum
2333 3556 2401 3596 eo
2447 3540 2605 3597 factae
2651 3550 2782 3598 sunt
2830 3557 3059 3614 corpus,
3095 3543 3244 3599 sicut
3281 3553 3336 3599 et
3371 3558 3545 3601 unus—

1957 3630 2193 3702 quisque
2219 3639 2538 3687 sanctorum
2571 3633 2970 3704 apostolorum.
2997 3634 3242 3706 Alioqui,
3275 3651 3439 3706 quam
3474 3634 3549 3703 ob

1958 3736 2185 3776 causam
2241 3736 2361 3788 sua,
2407 3722 2519 3776 imo
2569 3723 2821 3778 omnium
2868 3723 3122 3779 membra
3205 3723 3371 3779 sicuti
3419 3738 3544 3788 sua,

1957 3810 2206 3865 membra
2256 3811 2462 3866 Christi
2520 3812 2912 3881 nuncupavit?
2961 3813 3055 3867 Sic
3108 3813 3258 3867 enim
3308 3812 3543 3868 scribit:

1965 3921 1984 3954 ι
2016 3899 2259 3958 Nescitis
2292 3901 2554 3972 quoniam
2586 3901 2757 3975 863
2786 3902 3034 3958 membra
3079 3912 3267 3959 vestra
3302 3903 3547 3958 membra

1960 4004 2091 4049 sunt
2135 3992 2393 4048 Christi?
2426 3992 2654 4047 Tollens
2695 4008 2827 4064 ergo
2874 3994 3118 4047 membra
3171 3992 3380 4049 Christi
3408 4034 3423 4057 ,
3463 3994 3549 4049 fa-

1959 4087 2103 4141 ciam
2132 4084 2380 4140 membra
2414 4085 2773 4141 meretricis?
2801 4084 2962 4140 Absit
2985 4085 3029 4117 "
3053 4085 3065 4139 !
3108 4104 3127 4136 ι
3161 4082 3268 4140 Sed
3293 4084 3551 4140 Servator

1961 4178 2081 4249 ipse
2118 4193 2132 4230 :
2172 4196 2191 4230 ι
2236 4176 2341 4244 Qui
2392 4180 2692 4232 manducat
2735 4191 2914 4232 meam
2971 4192 3221 4243 carnem,
3262 4178 3466 4249 inquit,
3496 4187 3551 4233 et

1960 4270 2099 4326 bibit
2142 4286 2325 4325 meum
2375 4270 2726 4340 sanguinem,
2754 4270 2811 4324 in
2855 4283 2943 4324 me
2992 4277 3201 4337 manet,
3251 4277 3306 4324 et
3349 4284 3451 4340 ego
3495 4268 3552 4323 in

1963 4360 2060 4416 illo
2090 4360 2157 4413 ".
2199 4381 2218 4412 ι
2259 4359 2360 4414 llic
2411 4360 2562 4416 enim
2613 4359 3060 4415 animadvertere
3097 4371 3183 4415 est
3221 4375 3404 4431 operae
3433 4374 3554 4432 pre-

1966 4452 2131 4519 tium,
2181 4451 2462 4507 Christum
2498 4466 2609 4506 non
2651 4452 2840 4507 dicere
2873 4466 2933 4507 se
2973 4450 3247 4505 duntaxat
3295 4450 3350 4507 in
3390 4450 3555 4506 nobis

259 4562 319 4611 εν
372 4555 551 4626 αὐτῷ.
596 4574 615 4608 ι
696 4555 786 4608 Ἐν
807 4553 916 4625 γὰρ
960 4554 1025 4626 δὴ
1090 4553 1267 4625 τούτῳ
1330 4553 1567 4625 μάλιστα
1621 4553 1854 4608 κατιδεῖν

1966 4542 2221 4598 futurum
2259 4543 2564 4598 secundum
2595 4543 2922 4599 relationem
2961 4540 3256 4615 quamdam
3290 4540 3554 4596 aﬂ‘ectua-

258 4651 443 4718 ἄξιον,
470 4613 548 4713 ῶς
571 4649 635 4702 οὐ
653 4648 797 4701 κατά
819 4613 1025 4717 ’σίέσιν
1043 4646 1166 4700 τινὰ
1194 4613 1365 4716 μόνην
1398 4644 1498 4716 τὴν
1538 4646 1595 4697 ἐν
1621 4644 1854 4699 διαθέσει

1965 4636 2098 4701 lem,
2125 4636 2219 4691 sed
2249 4643 2305 4690 et
2330 4649 2429 4705 per
2452 4633 2932 4705 participationem
2947 4613 3288 4687 naturalem.
3316 4629 3389 4686 Ut
3409 4631 3558 4687 enim

259 4741 570 4813 νοουμένην
596 4741 655 4793 ἐν
684 4740 817 4810 ἡμῖν
841 4736 1061 4792 ἔσεσθαί
1080 4753 1246 4808 φησιν
1271 4736 1298 4788 ό
1319 4737 1577 4807 Χριστὸς,
1609 4734 1747 4788 ἀλλά
1767 4735 1864 4790 καὶ

261 4833 413 4888 κατά
444 4831 661 4905 μέθεξιν
680 4829 941 4902 φυσικήν.
958 4829 1170 4900 Ὠσπερ
1192 4827 1300 4899 γὰρ
1320 4826 1374 4881 εί
1396 4844 1481 4890 τις
1506 4826 1677 4898 κηρὸν
1693 4826 1866 4899 ἑτέρῳ

266 4924 681 4990 συναναπλέξας
698 4922 888 4995 κηρῷ,
939 4921 1033 4975 καὶ
1064 4922 1199 4994 πυρὶ
1256 4920 1697 4995 συγκατατήξας,
1726 4919 1785 4973 ἐν
1811 4937 1865 4975 τι

262 5019 330 5071 τὸ
355 5015 422 5082 ἐξ
444 5017 647 5087 ἀμφοῖν
691 5014 1009 5086 ἐργάζεται,
1051 5011 1195 5066 οὕτω
1222 5011 1312 5065 διὰ
1356 5012 1456 5083 τῆς
1506 5010 1866 5081 μεταλήψεως

268 5108 370 5162 τοῦ
415 5105 677 5178 σώματος
708 5105 804 5159 τοῦ
843 5103 1103 5176 Χριστοῦ,
1136 5105 1231 5158 καὶ⁵
1268 5103 1364 5157 τοῦ
1392 5102 1573 5174 τιμίου
1606 5104 1871 5173 αἵματος,

273 5198 446 5262 αὐτὸς
480 5197 581 5270 μὲν
604 5199 662 5251 ἐν
689 5198 844 5269 ἡμῖν,
903 5197 1067 5267 ἡμεῖς
1090 5194 1147 5248 δὲ
1179 5189 1247 5250 αὖ
1276 5196 1441 5251 πάλιν
1468 5197 1527 5250 ἐν
1559 5194 1711 5267 αὐτῷ
1746 5214 1874 5251 συν-

270 5291 569 5363 ενούμεθα.
596 5291 671 5345 Οὐ
700 5290 809 5363 γὰρ
833 5285 902 5359 ἦν
930 5289 1135 5361 ἑτέρως
1155 5286 1563 5359 ζωοποιηθῆναι
1589 5286 1872 5353 δύνασθαι,

269 5383 334 5437 τδ
360 5380 686 5455 φθείρεσθαι
715 5380 980 5452 πεφυκὸς,
1013 5380 1061 5433 εί
1098 5379 1174 5450 μὴ
1209 5376 1519 5448 συνεπλάκη
1546 5376 1876 5449 σωματικῶς

271 5474 354 5545 τῷ
386 5472 607 5544 σώματι
636 5472 741 5543 τῆς
787 5471 931 5526 κατὰ
986 5471 1149 5539 φύσιν
1205 5468 1374 5539 ζωῆς,
1419 5467 1567 5522 τοῦτ’
1606 5468 1745 5533 ἐστι,
1774 5467 1870 5522 τοῦ

274 5562 642 5633 Μονογενοῦς.
685 5563 796 5615 Καὶ
818 5563 867 5614 εἰ
897 5561 975 5632 μὴ
1002 5563 1117 5623 τοῖς
1145 5560 1300 5630 ἐμοῖς
1328 5557 1640 5632 καταπείθῃ
1666 5557 1869 5627 λόγοις,

275 5653 465 5717 ἐπίδος
491 5651 593 5723 τὴν
647 5652 833 5705 πίστιν
885 5648 1035 5720 αὐτῷ
1058 5647 1251 5720 βοῶντι
1299 5646 1552 5718 Χριστῷο
1599 5664 1619 5700 ι
1660 5647 1868 5718 Ἀμὴν,

1962 4729 2011 4784 si
2038 4729 2162 4798 quis
2194 4741 2381 4783 ceram
2426 4740 2568 4781 cerm
2599 4725 2850 4781 indutam
2889 4725 3013 4796 igne
3041 4722 3207 4778 simul
3240 4722 3558 4794 liquaverit,

1962 4836 2135 4877 unum
2186 4819 2318 4893 quid
2371 4834 2439 4873 ex
2485 4817 2758 4873 ambobus
2805 4817 2993 4881 eliicit,
3032 4816 3107 4870 ita
3158 4830 3254 4886 per
3307 4814 3562 4887 corporis

1963 4910 2195 4976 Christi,
2224 4918 2277 4966 et
2311 4910 2540 4980 pretiosi
2575 4908 2869 4977 sanguinis
2910 4906 3407 4979 participationem
3442 4906 3562 4975 ipse

1965 5003 2192 5076 quidem
2246 5002 2304 5057 in
2346 5002 2529 5068 nobis,
2585 5016 2689 5057 nos
2725 5008 2910 5056 autem
2946 5015 3143 5056 rursus
3179 4999 3232 5054 in
3277 5013 3345 5054 eo
3395 4996 3562 5054 simul

1973 5099 2221 5153 unimur.
2256 5094 2371 5151 Nec
2400 5096 2546 5151 enim
2579 5095 2739 5150 aliter
2766 5093 3031 5151 viviﬁcari
3068 5099 3249 5164 petest
3274 5091 3424 5163 quod
3457 5104 3562 5145 na-

1973 5196 2099 5242 tura
2152 5202 2253 5244 sua
2310 5195 2399 5243 est
2442 5186 2839 5256 eorruptibile,
2892 5199 3058 5255 quam
3111 5184 3159 5238 si
3194 5180 3564 5255 corporaliter

1973 5281 2191 5337 unitum
2239 5280 2313 5335 sit
2361 5279 2581 5349 corpori
2628 5278 2751 5347 ejus
2807 5277 2902 5346 qui
2954 5274 3262 5331 secundum
3303 5282 3563 5326 naturam

1975 5388 2133 5428 suam
2186 5379 2274 5426 est
2308 5370 2439 5435 vita,
2490 5368 2596 5424 hoc
2643 5375 2730 5424 est
2766 5364 3070 5435 Unigeniti.
3105 5361 3263 5430 Quod
3320 5360 3368 5418 si
3421 5360 3563 5417 meis

1979 5464 2165 5520 verbis
2199 5461 2525 5533 persuaderi
2564 5468 2618 5514 te
2671 5473 2782 5513 non
2820 5455 2984 5518 sinis,
3026 5453 3133 5525 ipsi
3180 5452 3408 5507 Christo
3452 5453 3567 5505 cla-

1979 5555 2152 5609 manti
2199 5553 2362 5608 [idem
2409 5550 2648 5606 adhibe:
2688 5567 2707 5599 ι
2746 5548 2942 5609 Amen,
2986 5559 3146 5599 amen
3202 5543 3328 5598 dico
3362 5540 3563 5599 vobis:

1980 5647 2092 5703 nisi
2122 5640 2585 5700 manducaveritis
2615 5652 2840 5695 carnem
2864 5633 2991 5691 Filii
3022 5633 3287 5703 hominis,
3314 5639 3369 5691 et
3412 5632 3569 5691 bibe-

357 5834 407 5869 ”
444 5834 462 5890 ι
498 5834 632 5892 Cor.
669 5850 700 5889 κ
740 5875 756 5903 ,
792 5833 881 5889 l7.
959 5836 1001 5869 “
1046 5822 1250 5904 Ephes.
1287 5848 1346 5888 Ill
1370 5874 1384 5900 ,
1418 5830 1472 5889 6.
1552 5830 1603 5863 "
1644 5829 1666 5885 ι
1704 5831 1832 5889 Cor.

1958 5876 1959 5881 η
2019 5828 2109 5883 i5.
2180 5824 2228 5859 "
2264 5822 2426 5879 Joau.
2475 5836 2560 5892 vi,
2599 5818 2703 5891 .56.
