4006 6426
499 380 537 437 δ
547 377 608 436 ιτ.

1549 375 1609 432 8.
1632 375 1910 433 CYRILLI
1953 372 2427 435 ALEXANDRINI
2459 373 2792 430 ARCIJIEP.‘

3653 391 3738 447 Sil

501 493 624 549 ritis
674 490 797 563 ejus
841 490 1190 566 sanguinem,
1222 507 1333 549 non
1365 491 1650 552 habebitis
1679 493 1848 547 vitam
1895 493 1952 548 in
1993 506 2089 546 vo-

2199 491 2336 562 ἀμὴν
2362 491 2504 560 λέγω
2535 493 2684 561 ὑμῖν,
2717 491 2812 546 ἐὰν
2843 492 2916 562 μὴ
2955 490 3166 562 φάγητε
3197 493 3294 560 τὴν
3333 493 3503 568 σάρκα
3525 499 3611 552 τοῦ
3628 501 3735 560 Υίοῦ

499 586 607 643 bis.
649 583 752 653 Qui
804 585 952 641 enim
998 587 1296 641 manducat
1341 601 1519 641 meam
1568 599 1816 650 carnem,
1856 592 1910 641 et
1953 585 2090 640 bibit

500 691 682 732 meum
719 679 1069 748 sanguinem,
1105 678 1266 732 habet
1316 677 1483 732 vitam
1532 685 1834 732 aeternam:
1883 685 1939 732 et
1987 690 2091 746 ego

504 769 848 826 resuscitabo
873 786 998 826 eum
1026 771 1082 824 in
1111 769 1419 826 novissimo
1457 768 1549 826 die
1575 767 1643 821 “.
1685 787 1706 820 ι
1750 766 1926 822 Audis
1962 781 2088 822 eum

503 869 692 932 aperte
718 863 1110 934 praedicantem
1152 861 1324 932 quod,
1361 861 1469 918 nisi
1509 875 1737 916 carnem
1783 859 1906 929 ejus
1935 875 2094 917 man-

503 955 891 1011 ducaverimus
919 963 972 1010 et
1010 953 1310 1012 biberimus
1334 953 1456 1022 ejus
1481 953 1964 1026 sanguinemmon
1992 951 2096 1006 ha-

503 1046 671 1100 bituri
701 1047 876 1102 simus
905 1047 959 1100 in
989 1045 1169 1110 nobis,
1205 1046 1313 1100 hoc
1342 1056 1425 1100 est
1451 1047 1505 1100 in
1532 1045 1755 1116 propria
1789 1058 1980 1109 carne,
2013 1042 2095 1098 vi-

507 1141 617 1187 tam
647 1135 950 1188 aeternam?
977 1133 1208 1190 [Etcrna
1243 1143 1426 1190 autem
1461 1139 1574 1191 vita
1600 1136 1728 1206 jure
1777 1135 2096 1192 censebitur

514 1219 644 1259 caro
677 1207 820 1273 vita,
862 1208 967 1262 hoc
1009 1218 1094 1265 est
1131 1208 1430 1280 Unigeniti.
1465 1209 1593 1267 Haec
1623 1228 1754 1268 vero
1783 1228 1895 1284 quo
1929 1224 2089 1284 pacto

514 1310 614 1350 nos
651 1297 705 1350 in
738 1305 981 1354 extrema
1019 1299 1108 1355 die
1133 1303 1382 1368 suscitet,
1425 1304 1614 1360 audies
1660 1313 1719 1358 tu
1765 1315 1918 1361 certe
1966 1307 2090 1378 qui-

510 1385 655 1451 dem,
674 1404 772 1459 ego
790 1405 916 1446 vero
941 1391 1148 1447 referre
1171 1409 1281 1448 non
1304 1397 1596 1464 gravabor.
1621 1394 1917 1466 Postquam
1943 1396 2087 1452 facta

511 1485 597 1532 est
627 1495 756 1536 caro
785 1483 926 1546 vita},
961 1483 1066 1538 hoc
1095 1493 1177 1539 est
1206 1485 1369 1540 Verbi
1402 1489 1548 1558 quod
1583 1501 1646 1542 ex
1684 1485 1792 1542 Deo
1845 1495 1898 1541 et
1930 1487 2090 1543 Patre

510 1568 736 1638 elTulsit,
769 1573 836 1627 ad
883 1575 1004 1629 vitae
1041 1576 1148 1630 vim
1183 1577 1424 1643 transiit,
1463 1593 1562 1632 nec
1606 1578 1720 1634 ﬁeri
1761 1587 1940 1649 potest
1971 1587 2029 1634 ut
2059 1595 2088 1636 a

514 1671 690 1718 morte
727 1665 835 1718 vita
867 1666 1138 1722 vincatur.
1169 1667 1626 1740 Quandoquidem
1667 1685 1802 1740 ergo
1833 1670 1972 1726 facta
2006 1680 2091 1727 est

514 1755 568 1808 in
600 1754 758 1810 nobis
792 1757 924 1821 vita,
953 1759 1172 1813 vincula
1205 1760 1398 1816 mortis
1439 1776 1787 1832 nequaquam
1826 1764 2086 1832 patietur,

2195 583 2289 636 τοῦ
2316 581 2629 654 ἀνθρώπου,
2661 583 2754 636 καὶ
2782 582 2941 652 πίητε
2977 583 3138 638 αὐτοῦ
3167 585 3230 640 τὸ
3257 583 3414 656 αἷμα,
3467 591 3560 643 οὐκ
3609 594 3738 664 ἑχετε

2197 673 2340 744 ζωὴν
2373 675 2432 727 ἐν
2454 675 2656 736 αὐτοῖς.
2690 676 2756 732 Ὀ
2778 675 3006 745 τρώγων
3043 695 3143 746 μου
3172 677 3271 748 τήν
3323 681 3514 750 σάρκα,
3545 685 3630 737 καὶ
3665 689 3740 739 πί-

2196 782 2302 817 νων
2327 782 2430 835 μου
2458 764 2518 818 τὸ
2551 761 2711 834 αἷμα,
2733 763 2842 835 ἔχει
2868 765 3013 837 ζωὴν
3039 768 3276 824 αἰώνιον·
3303 771 3455 838 κάγὼ
3482 775 3744 847 ἀναστήσω

2197 858 2358 911 αὑτὸν
2386 860 2444 913 ἐν
2495 860 2560 928 τῇ
2616 859 2818 929 ἐσχάτῃ
2868 860 3114 932 ἡμέρᾳ.)
3163 861 3402 926 Ἀκούεις
3438 865 3535 934 ήδη
3583 865 3744 921 λοιπὸν

2197 948 2442 1020 ἐναργῶς
2467 949 2767 1010 διειπόντος
2821 950 3008 1018 αὐτοῦ,
3039 952 3115 1016 ὡς
3154 952 3221 1006 διν
3255 952 3329 1025 μὴ
3376 954 3628 1026 φάγωμεν
3661 959 3745 1030 τὴν

2199 1039 2377 1109 σάρκα
2401 1037 2590 1100 αὐτοῦ,
2641 1039 2734 1092 καὶ
2793 1039 3008 1109 πίωμεν
3061 1043 3123 1095 τὸ
3153 1037 3314 1113 αἷμα,
3349 1044 3449 1098 οὐκ
3495 1045 3676 1116 ἔχομεν
3697 1050 3748 1103 ὲν

2196 1129 2430 1193 ἑαυτοῖς,
2458 1128 2602 1181 τοῦτ’
2629 1129 2794 1190 ἔστιν,
2834 1132 2890 1182 ἐν
2930 1133 2994 1201 τῇ
3041 1131 3150 1203 ίδίᾳ
3184 1133 3345 1204 σαρκὶ
3361 1133 3502 1206 ζωὴν
3521 1135 3746 1206 αίώνιον;

2197 1218 2433 1290 Νοηθείη
2457 1219 2500 1271 δ’
2539 1218 2659 1290 ἂνή
2691 1219 2910 1282 αἰώνιος
2940 1219 3088 1292 ζωὴ,
3147 1223 3240 1274 καὶ
3275 1223 3422 1292 μάλα
3466 1223 3746 1296 δικαίως,ή

2199 1309 2336 1382 σὰρξ
2361 1311 2462 1380 τῆς
2491 1310 2660 1381 ζωῆς,
2712 1311 2856 1365 τοῦτ’
2886 1312 3024 1376 ἔστι,
3073 1313 3168 1366 τοῦ
3224 1315 3580 1382 Μονογενοῦς,
3619 1317 3750 1388 Αὕτη

2193 1401 2253 1453 δὲ
2283 1402 2428 1472 ἡμᾶς
2453 1402 2733 1474 ἀνίστησιν
2777 1403 2834 1454 ἐν
2868 1405 2933 1473 τῇ
2965 1403 3174 1474 ἐσχάτῃ
3223 1405 3430 1477 ἡμέρᾳ,
3465 1407 3579 1469 πῶς
3599 1407 3629 1477 ἢ
3649 1408 3754 1460 τίνα

2196 1493 2396 1563 τρόπον
2451 1493 2660 1565 ἀκούσῃ
2695 1495 2794 1564 μὲν
2827 1494 2890 1564 δή
2933 1511 3034 1546 που
3091 1497 3338 1562 πάντως,
3374 1496 3486 1562 ἐγὼ
3513 1497 3569 1551 δὲ
3599 1501 3754 1553 εἰπεῖν

2197 1583 2296 1636 οὐκ
2321 1584 2554 1655 ὀκνήσω.
2593 1584 2811 1656 Ἐπειδὴ
2865 1585 2972 1657 γὰρ
3029 1585 3164 1656 σὰρξ
3209 1587 3426 1653 ἐγένετο
3454 1585 3554 1656 τῆς
3593 1587 3754 1658 ζωῆς,

2195 1675 2338 1728 τοῦτ’
2367 1675 2502 1738 ἐστι,
2533 1675 2629 1728 τοῦ
2661 1678 2725 1730 ὲκ
2759 1675 2898 1730 Θεοῦ
2951 1679 3046 1734 καὶ
3101 1680 3318 1748 Πατρός
3365 1678 3756 1750 ἀναλάμψαντος

2196 1765 2392 1832 Λόγου,
2427 1766 2566 1836 πρὸς
2593 1766 2691 1835 τὴν
2721 1767 2821 1836 τῆς
2858 1765 3003 1838 ζωῆς
3027 1767 3384 1839 μετεχώρησε
3413 1769 3655 1841 δύναμιν,
3674 1772 3757 1825 καὶ

501 1846 609 1900 sed
637 1849 1048 1918 corruptionem
1077 1849 1268 1920 utique
1299 1851 1606 1921 superabit,
1638 1865 1764 1906 cum
1795 1867 1856 1906 ea
1879 1867 1998 1922 qua:
2024 1868 2090 1908 ex

2199 1856 2309 1910 ἔστι
2332 1855 2441 1910 τῶν
2467 1857 2764 1928 ἀμηχάνων
2787 1856 3001 1927 θανάτῳ
3028 1858 3286 1912 νικᾶσθαι
3311 1859 3412 1929 τὴν
3444 1857 3608 1929 ζωήν.
3633 1862 3756 1914 Οὐκ-

512 1939 874 2008 corruptione
905 1950 1128 1995 manent
1169 1944 1445 1998 sustinere
1476 1943 1706 2000 nesciat.
1743 1963 1761 1994 ι
1801 1942 1912 1998 Nec
1947 1945 2092 1999 enim

510 2031 796 2099 corruptio
816 2031 1243 2102 incorruptelam
1267 2035 1590 2103 possidebit,
1607 2055 1624 2086 ι
1647 2035 1805 2105 juxta
1825 2034 1976 2089 Pauli
2001 2052 2094 2090 vo-

511 2135 632 2174 cem
655 2120 724 2176 ".
743 2119 877 2176 Nam
910 2139 1033 2178 cum
1058 2124 1312 2180 Christus
1337 2126 1685 2196 potissimum
1713 2124 1895 2181 dicat:
1927 2147 1945 2178 ι
1983 2125 2094 2197 Ego

512 2210 796 2266 suscitabo
821 2228 969 2277 eum,
1009 2232 1029 2266 ι
1061 2229 1408 2286 nequaquam
1451 2216 1518 2270 ad
1556 2231 1781 2272 carnem
1819 2231 1976 2272 suam
2005 2231 2094 2272 rc-

513 2302 622 2356 l'crt
648 2309 895 2358 mortuos
925 2304 1230 2360 suscitandi
1256 2315 1600 2376 potestatem.
1626 2307 1730 2363 Sed
1763 2324 1888 2364 cum
1921 2325 2092 2364 unum

511 2393 587 2447 sit
621 2409 747 2447 cum
782 2410 948 2450 carne
978 2410 1075 2449 sua
1111 2396 1203 2466 qui
1237 2397 1292 2450 in
1321 2412 1384 2451 ea
1416 2405 1499 2453 est
1545 2397 1688 2455 Deus
1727 2397 1996 2464 Verbum,
2028 2401 2094 2454 il-

511 2483 606 2540 lud
636 2501 729 2555 ego
765 2487 862 2551 ait,
898 2487 1062 2556 idque
1106 2488 1440 2544 rectissime.
1496 2487 1607 2545 Nec
1655 2491 1801 2545 enim
1839 2492 2093 2547 Christus

508 2574 568 2628 in
603 2576 742 2630 duos
774 2575 912 2632 filios
940 2579 1232 2643 scinditur,
1269 2595 1369 2633 nec
1395 2581 1632 2634 alienum
1667 2597 1792 2637 esse
1829 2584 1897 2637 ab
1955 2583 2094 2639 Uni-

513 2666 699 2737 gcnito
737 2683 938 2739 corpus
980 2671 1099 2738 ejus
1149 2672 1442 2741 quisquam
1484 2675 1782 2743 putaverit,
1823 2674 2093 2744 quemad-

510 2757 733 2810 modum
783 2774 976 2829 nempe
1012 2768 1067 2814 et
1111 2776 1141 2814 a
1197 2774 1383 2816 nosu-a
1419 2763 1603 2816 anima
1635 2778 1817 2827 nemo,
1851 2773 1910 2818 ut
1943 2779 2092 2828 reor,

513 2850 754 2904 alienum
787 2865 990 2920 corpus
1027 2852 1148 2922 ejus
1176 2869 1300 2909 esse
1333 2855 1494 2909 dicet.
1527 2853 1666 2908 Cum
1701 2856 1868 2925 igitur
1904 2873 1968 2911 ex
2009 2857 2094 2913 his

512 2939 955 2994 demonstratum
996 2941 1158 2995 nobis
1204 2943 1275 2995 sit
1333 2942 1498 2996 vitem
1535 2943 1756 3010 quidem
1801 2944 1971 3016 864
2011 2946 2093 3000 id-

514 3033 662 3086 eirco
684 3031 974 3086 Christum
1015 3048 1159 3096 esse,
1187 3049 1290 3088 nos
1319 3050 1451 3088 vero
1478 3037 1754 3105 palmites,
1789 3046 1974 3104 utpote
1999 3037 2090 3106 qui

514 3126 634 3194 ejus
663 3124 1074 3194 partieipationi
1104 3142 1212 3180 non
1245 3127 1482 3195 spiritali
1519 3135 1754 3191 tantum,
1773 3127 1866 3183 sed
1894 3136 1948 3182 et
1973 3143 2120 3198 cor-_

512 3217 690 3287 porali
723 3217 1089 3283 adhwremus,
1127 3217 1258 3288 quid
1301 3219 1352 3272 in
1384 3233 1484 3274 nos
1533 3218 1734 3275 frustra
1765 3219 2094 3285 deblaterat,

513 3308 706 3363 dicens
740 3323 806 3362 ex
840 3323 906 3362 co
931 3309 1076 3377 quod
1109 3324 1214 3364 non
1246 3308 1632 3380 corporaliter,
1662 3309 1759 3364 sed
1791 3308 1895 3364 ﬁde
1915 3311 2099 3380 potius

513 3405 572 3451 et
605 3395 798 3451 affectu
855 3398 1109 3468 legitimae
1141 3399 1436 3454 cbaritatis
1469 3399 1516 3452 ei
1568 3399 1937 3462 adhaeremus,
1973 3415 2097 3454 car-

515 3502 645 3542 nem
693 3503 847 3542 suam
890 3487 1102 3546 idcirco
1132 3490 1297 3546 vitem
1344 3505 1454 3544 non
1490 3491 1834 3555 nominasse,
1875 3491 1971 3546 sed
2004 3507 2102 3563 po-

518 3579 630 3634 tius
664 3579 957 3636 deitatem?

2195 1947 2288 2002 οὖν
2325 1949 2556 2019 ἐπείπερ
2585 1949 2642 2001 ἐν
2675 1949 2806 2020 ἡμῖν
2835 1949 3056 2018 γέγονεν
3088 1952 3120 2020 ἡ
3153 1949 3266 2019 ζωὴ
3289 1991 3304 2011 ,
3342 1950 3454 2004 τῶν
3501 1952 3591 2004 τοῦ
3618 1953 3760 2006 θανά-

2192 2054 2286 2090 του
2307 2036 2523 2106 δεσμῶν
2554 2037 2655 2090 οὐκ
2711 2037 2961 2102 ἀνέξεται
2985 2079 3001 2104 ,
3065 2039 3280 2110 νικήσει
3329 2039 3388 2093 δὲ
3426 2040 3638 2103 πάντως
3673 2041 3759 2110 τὴν

2195 2126 2422 2197 φθορὰν,
2465 2128 2700 2197 ἐπείπερ
2729 2129 2829 2182 οὐκ
2867 2122 2976 2180 οἶδε
3039 2127 3108 2182 τά
3154 2130 3213 2194 ἐξ
3267 2129 3441 2199 αὐτῆς
3465 2131 3754 2200 ὑπομένειν.

2201 2235 2219 2268 ι
2259 2218 2336 2270 Οὐ
2361 2218 2468 2287 γὰρ
2493 2219 2526 2289 ή
2549 2218 2726 2288 φθορὰ
2749 2221 2850 2290 τὴν
2881 2219 3192 2289 ἀφθαρσίαν
3232 2222 3582 2293 κληρονομεῖ,
3601 2241 3619 2273 ι
3638 2221 3757 2276 κατὰ

2194 2310 2292 2380 τὴν
2330 2309 2426 2362 τοῦ
2461 2310 2674 2364 Παύλου
2727 2314 2932 2382 φωνήν.
2995 2311 3057 2364 Εἰ
3096 2311 3206 2381 γὰρ
3248 2313 3348 2366 καὶ
3405 2312 3488 2366 ὅτι
3547 2313 3759 2384 μάλιστα

2194 2391 2450 2472 Χριστὸς,
2491 2421 2510 2452 ι
2561 2402 2724 2471 Ἐγὼ,
2777 2403 2962 2476 φησὶν,
3002 2406 3298 2472 ἀναστήσω
3353 2405 3544 2468 αὐτὸν,
3585 2424 3603 2456 ι
3658 2405 3760 2473 οὐχὶ

2199 2495 2332 2565 μόνῃ
2349 2495 2414 2563 τῇ
2445 2494 2554 2564 ἰδίᾳ
2574 2493 2917 2567 περιτέθεικε
2949 2497 3112 2564 σαρκὶ
3139 2496 3202 2550 τὸ
3223 2496 3495 2551 δύνασθαι
3509 2497 3763 2566 διανιστᾷν

2193 2585 2320 2648 τοὺς
2357 2584 2814 2654 κεκοιμημένους,
2831 2583 2946 2638 ἀλλ’
2969 2584 3027 2638 ἓν
3063 2585 3332 2657 ὑπάρχων
3363 2585 3506 2655 μετὰ
3529 2587 3625 2658 τῆς
3645 2585 3764 2648 ἰδίας

2197 2673 2395 2745 σαρκδς
2417 2675 2446 2726 6
2481 2675 2540 2727 ὲν
2569 2676 2704 2744 αὐτῇ
2737 2673 2870 2737 Θεὸς
2893 2674 3082 2744 Λόγος,
3108 2675 3171 2728 τὸ
3203 2675 3326 2744 ἐγὼ
3362 2677 3516 2746 φησι,
3552 2677 3641 2728 καὶ
3657 2674 3765 2728 λίαν

2194 2763 2388 2833 ὀρθῶς.
2426 2765 2502 2818 Οὐ
2530 2765 2639 2835 γὰρ
2677 2767 2756 2828 είς
2805 2764 2936 2818 υἱῶν
2990 2765 3160 2820 δυάδα
3203 2766 3473 2834 τέμνεται
3518 2763 3762 2836 Χριστὸς,

2194 2855 2318 2909 οὔτε
2343 2855 2450 2926 μὴν
2478 2855 2758 2926 ἀλλότριον
2782 2855 2875 2908 τοῦ
2913 2857 3252 2924 Μονογενοῦς
3287 2859 3586 2928 ὑπονοῆσαι
3609 2873 3687 2918 τις
3711 2854 3766 2908 ἂν

2194 2945 2254 2998 τὺ
2282 2944 2442 3015 σῶμα
2477 2945 2664 3006 αὐτοῦ,
2691 2944 2878 3015 ῶσπερ
2900 2941 2992 2998 οὖν
3022 2945 3359 3015 ἀμέλει,καὶ
3393 2945 3490 3014 τῆς
3519 2942 3768 3015 ἡμετέρας

2193 3036 2389 3106 ψυχῆς,
2407 3037 2508 3089 οὐκ
2531 3035 2617 3101 ἂν,
2640 3031 2818 3104 οἶμαι,
2836 3037 2918 3098 τὶς
2943 3036 3220 3106 ἀλλότριον
3253 3037 3528 3106 προσερεῖ
3547 3034 3606 3087 τὸ
3631 3032 3770 3102 σῶμα

2197 3124 2388 3193 αὐτῆς.
2425 3125 2554 3176 Ὅτε
2586 3125 2786 3189 τοίνυν,
2819 3125 2912 3178 καὶ
2949 3124 3036 3178 διὰ
3069 3123 3286 3177 τούτων
3317 3126 3452 3195 ἡμῖν
3485 3123 3774 3190 ἁναπέςαν-

2195 3235 2286 3272 ται
2321 3216 2428 3269 τῶν
2471 3217 2864 3288 θεωρημάτων.
2898 3215 3140 3286 ἄμπελος
3198 3215 3310 3286 μὲν
3365 3215 3628 3284 ὑπάρχων
3652 3210 3774 3266 κατὰ

2195 3311 2353 3366 τοῦτο
2416 3313 2672 3383 Χριστὸς,
2708 3313 2968 3385 κλήματα
2999 3313 3056 3368 δὲ
3104 3317 3296 3384 ἡμεῖς,
3336 3316 3441 3384 ἅτε,
3482 3315 3546 3386 δή
3582 3311 3777 3380 καὶτῆς

2197 3402 2334 3473 πρὸς
2373 3404 2535 3456 αὐτὸν
2569 3404 2822 3474 ἐχόμενοι
2875 3403 3197 3471 κοινωνίας,
3243 3409 3377 3478 οὐχὶ
3409 3407 3573 3476 μόνον
3626 3420 3774 3457 πνευ-

2199 3496 2456 3566 ματικῆς,
2498 3496 2633 3550 ἀλλὰ
2656 3498 2752 3550 καὶ
2775 3497 3113 3568 σωματικῆς·
3140 3497 3198 3554 τί
3229 3501 3416 3570 μάτην
3436 3500 3595 3569 ἡμῶν
3626 3513 3775 3552 κατα⁴
3842 3526 3848 3542 ι

2199 3585 2448 3656 φλυαρεῖ,
2489 3587 2662 3656 λέγων
2683 3588 2758 3652 ὼς
2783 3589 3018 3659 ἐπείπερ
3055 3588 3116 3642 οὐ
3171 3591 3512 3660 σωματικῶς
3535 3591 3628 3660 τῆς
3655 3585 3774 3658 πρὸς

515 3659 998 3738 αὖτὺνὸιοινωνίας
1053 3675 1366 3746 ὲξήμμεθα,
1416 3675 1597 3729 πίστει
1651 3675 1706 3730 δὲ
1743 3676 1962 3747 μᾶλλον,
1999 3679 2094 3734 καὶ
2131 3680 2368 3735 διαθέσει
2392 3683 2492 3754 τῆς
2519 3682 2661 3737 κατὰ
2692 3683 2782 3737 τὸν
2808 3684 2970 3754 νόμον
2998 3682 3242 3755 ἀγάπης,
3262 3659 3344 3740 οὐ
3415 3684 3516 3758 τὴν
3580 3685 3775 3753 σάρκα,

517 3764 717 3834 φησιν,
767 3765 865 3836 τὴν
897 3765 1033 3821 ίδίαν
1073 3767 1316 3838 ἄμπελον
1343 3767 1622 3839 ὠνόμασε,
1661 3770 1864 3840 μᾶλλον
1907 3771 2092 3844 δὲτὴν
2132 3772 2385 3842 θεότητα.

587 3858 659 3912 At
692 3874 792 3914 cur
824 3859 1066 3923 tandem,
1117 3860 1329 3931 inquiet
1378 3863 1602 3933 aliquis,
1653 3865 2102 3942 convenientiori

516 3959 574 4006 et
619 3953 794 4022 magis
840 3953 1066 4024 proprio
1103 3968 1265 4007 sensu
1303 3953 1517 4020 relicto,
1549 3955 1614 4010 ad
1653 3957 1816 4030 longe
1841 3959 2098 4016 dissitum

516 4053 572 4096 et
621 4043 861 4098 alienum
895 4051 948 4099 te
995 4043 1214 4100 confers
1243 4045 1266 4099 ?
1294 4045 1573 4117 Numquid
1610 4049 1758 4104 enim
1790 4065 2102 4122 congruen-

519 4134 632 4189 tius
681 4135 844 4188 etiam
899 4135 1202 4190 secundum
1235 4138 1419 4194 carnis
1445 4141 1895 4198 communionem
1933 4144 2098 4198 vitem

517 4225 740 4296 quidem
771 4243 896 4282 esse
927 4226 1174 4284 dicemus
1205 4227 1416 4294 Jesum,
1445 4246 1547 4288 nos
1593 4243 1776 4286 autem
1821 4234 2100 4300 palmites,

515 4333 583 4374 ex
611 4333 675 4373 eo
707 4317 851 4390 quod
883 4319 1127 4389 ejusdem
1154 4329 1365 4378 naturae
1399 4325 1634 4378 sumus?
1663 4323 1924 4394 Ejusdem
1953 4325 2103 4394 enim

517 4413 650 4464 sunt
693 4423 818 4464 cum
868 4408 978 4465 vite
1020 4417 1229 4466 naturae
1273 4428 1396 4482 quae
1435 4421 1566 4468 sunt
1614 4429 1680 4468 ex
1741 4414 1882 4483 ipsa.
1926 4413 2107 4482 Atque

517 4501 634 4554 luec
679 4499 940 4565 dicimus,
969 4517 1078 4555 non
1110 4502 1257 4572 quod
1291 4518 1492 4575 negare
1516 4504 1750 4558 velimus
1794 4517 1958 4572 posse
2000 4519 2104 4557 nos

516 4591 742 4647 Christo
796 4592 939 4646 uniri
1001 4608 1098 4663 per
1170 4603 1378 4648 rectam
1443 4594 1602 4648 {idem
1663 4593 2102 4664 cbaritatemque

517 4686 836 4749 sinceram,
891 4684 984 4741 sed
1037 4686 1398 4742 ostendentes
1458 4685 1641 4754 potius
1698 4684 1983 4739 Christum
2023 4693 2104 4740 Aet

418 4759 426 4772 ⁷
517 4773 840 4842 spiritaliter
873 4782 928 4830 et
955 4777 1324 4845 corporaliter
1362 4774 1587 4844 quidem
1616 4774 1781 4827 vitem
1811 4788 1958 4840 esse,
1997 4793 2102 4832 nos

514 4878 648 4919 vero
672 4864 947 4933 palmites.
983 4866 1144 4936 Atqui
1183 4865 1414 4936 simplex
1449 4871 1504 4917 et
1533 4862 1867 4932 perspicuus
1901 4875 1985 4922 est
2011 4857 2102 4922 ille

517 4970 704 5012 sermo
744 4957 1031 5025 veritatis;
1081 4959 1177 5013 sed
1209 4957 1359 5012 vaire
1397 4965 1451 5012 et
1484 4955 1714 5010 subdole
1745 4957 2099 5015 adversarius

516 5048 681 5104 fateri
731 5059 951 5106 recusat
1001 5050 1284 5105 Christum
1333 5047 1699 5118 corporaliter
1748 5050 1914 5104 vitem
1957 5066 2100 5114 esse,

516 5143 612 5214 qui
645 5157 800 5198 suam
827 5141 1174 5212 palmitibus,
1200 5140 1252 5194 id
1284 5147 1368 5194 est
1401 5139 1586 5203 nobis,
1613 5141 1782 5194 vitam
1812 5140 2101 5212 largiatur,

516 5234 682 5289 sicuti
719 5234 838 5288 suis
885 5231 1206 5304 palmitibus
1239 5229 1523 5285 sensibilis
1574 5244 1638 5284 ac
1677 5237 1897 5286 terrena
1954 5235 2100 5299 vitis,

517 5327 612 5382 sed
638 5326 839 5380 borum
879 5324 1176 5378 verborum
1209 5336 1433 5376 sensum
1467 5319 1761 5391 detorquet
1809 5322 1876 5378 ad
1925 5324 2102 5380 solam

517 5417 636 5486 ejus
684 5416 968 5472 deitatem.
1019 5410 1150 5463 Eam
1206 5411 1408 5482 quippe
1457 5411 1536 5466 sic
1571 5412 1898 5468 calumniari
1933 5431 2097 5486 posse

519 5525 714 5566 rursus
743 5504 978 5578 putavit,
1015 5501 1145 5556 illud
1177 5504 1343 5558 stulte
1366 5503 1673 5572 objiciens:
1713 5524 1732 5555 ι
1765 5504 1821 5559 Si
1849 5507 1977 5563 vitis
2011 5515 2098 5562 est

519 5601 716 5668 Filius,
744 5596 946 5669 inquit,
982 5594 1140 5650 Pater
1171 5605 1350 5651 autem
1394 5596 1659 5666 agricola,
1693 5613 1886 5653 rursus
1914 5610 2094 5655 autem

594 5777 639 5809 ”
679 5775 839 5830 Joan.
877 5790 926 5828 vr
954 5815 967 5842 ,
1009 5775 1113 5841 54,
1153 5775 1236 5828 55.
1315 5776 1358 5808 ³⁸
1397 5775 1416 5830 l
1449 5777 1574 5832 Cor.
1616 5794 1718 5844 xv,
1762 5776 1850 5830 50.

2271 3871 2465 3924 Καίτοι
2491 3868 2544 3922 τί
2571 3869 2635 3940 δή
2667 3886 2818 3933 ποτε,
2855 3869 2990 3942 φαίη
3041 3885 3124 3934 τις
3150 3868 3239 3930 ἂν,
3290 3869 3387 3922 τὸν
3420 3867 3782 3940 πρεπωδέστε-

2202 3959 2294 4028 ρόν
2324 3975 2385 4012 τε
2419 3959 2512 4011 καὶ
2539 3957 2867 4028 οἰκειότερον
2899 3958 3013 4018 τοῖς
3037 3955 3365 4026 θεωρήμασι
3385 3955 3588 4026 τρόπον
3616 3951 3777 4018 ἀφεὶς,

2201 4050 2292 4102 ἐπὶ
2316 4049 2378 4102 τὸ
2418 4048 2553 4101 πολὺ
2603 4046 2956 4120 διωρισμένον
2983 4045 3215 4116 ὲπείγῃς
3254 4046 3329 4098 ’Ἦ
3377 4047 3492 4114 γὰρ
3522 4044 3642 4113 οὐχὶ
3665 4055 3783 4109 πρε·-

2203 4141 2564 4211 πωδέστερον,
2598 4139 2694 4192 καὶ
2751 4138 2892 4192 κατὰ
2916 4137 3017 4206 τὴν
3069 4137 3169 4205 τῆς
3219 4137 3434 4207 σαρκὸς
3474 4130 3780 4194 κοινωνίαν,

2201 4231 2445 4302 ἄμπελον
2475 4231 2574 4300 μὲν
2599 4225 2740 4284 εἶναι
2797 4229 3039 4300 δώσομεν
3067 4227 3156 4282 τὸν
3191 4228 3437 4300 Ἰησοῦν,
3481 4226 3705 4286 ἑαυτοὺς
3738 4218 3787 4274 δὲ

2203 4323 2479 4392 κλήματα,
2507 4323 2596 4374 διὰ
2633 4323 2692 4374 τὸ
2717 4321 2994 4392 ὁμοφυέςς
3027 4321 3284 4390 Ὀμοιρυῆ
3318 4320 3436 4390 γὰρ
3469 4321 3539 4389 τῇ
3575 4313 3788 4386 ἀμπέλῳ

2205 4411 2272 4464 τὰ
2295 4411 2352 4475 ἐξ
2378 4412 2568 4480 αὐτῆς.
2597 4413 2708 4465 Καὶ
2755 4412 2931 4466 ταῦτά
2984 4428 3186 4481 φαμεν,
3248 4413 3357 4464 οὐκ
3392 4407 3789 4480 ἐπιχειροῦντες

2207 4503 2451 4573 ἀναιρεῖν
2490 4504 2548 4556 τὸ
2577 4502 2929 4556 συνενοῠσθαι
2989 4501 3254 4568 δύναροαι
3293 4503 3377 4572 τῷ
3413 4499 3663 4572 Χριστῷ,
3714 4493 3792 4548 διά

2204 4608 2263 4643 τε
2307 4591 2540 4655 πίστεως
2585 4592 2772 4662 ὀρθῆς,
2835 4593 2931 4646 καὶ
2981 4593 3202 4661 ἀγάπης
3258 4591 3627 4665 εἰλικρινοῦς,
3675 4589 3793 4641 ἁπο-

2197 4681 2502 4748 δεικνύντες
2525 4683 2582 4738 δὲ
2610 4684 2809 4754 μᾶλλον
2838 4685 2918 4737 ὅτι
2941 4684 3036 4737 καὶ
3060 4683 3464 4753 πνευματικῶς
3491 4683 3590 4736 καὶ
3624 4693 3794 4748 σωμα-

2195 4775 2385 4840 τικῶς,
2412 4774 2657 4844 ἄμπελος
2717 4776 2815 4845 μὲν
2857 4775 2885 4826 6
2917 4775 3151 4845 Χριστὸς
3173 4817 3188 4840 ,
3227 4774 3504 4845 κλήματα
3531 4773 3589 4828 δὲ
3623 4771 3793 4844 ἡμεῖς.

2209 4867 2370 4920 Ἀλλὰ
2397 4867 2504 4937 γὰρ
2531 4869 2560 4919 6
2587 4867 2683 4936 μὲν
2720 4867 2818 4935 τῆς
2847 4866 3106 4936 ἀληθείας
3133 4865 3296 4936 λόγος
3317 4867 3535 4929 ἁπλοῦς
3567 4865 3663 4918 καὶ
3690 4862 3798 4914 δια-

2196 4959 2392 5042 ιρανὴς,
2425 4958 2754 5030 πανούργως
2785 4959 2842 5012 δὲ
2863 4961 2892 5014 6
2918 4961 2985 5012 δι’
3013 4958 3260 5023 ἐναντίας
3307 4961 3675 5031 παραιτεῖται
3706 4951 3798 5022 μὲν

2197 5049 2502 5118 ὁμολογεῖν,
2544 5049 2627 5100 ὅτι
2676 5049 2770 5102 καὶ
2837 5049 3165 5119 σωματικῶς
3212 5049 3480 5118 ἄμπελος
3514 5044 3584 5119 ἦν
3613 5049 3641 5100 6
3671 5046 3800 5114 Xpt-

2202 5140 2346 5203 στὸς,
2385 5140 2481 5194 ἆτε
2504 5139 2684 5210 δήκαὶ
2723 5141 2819 5210 τὴν
2859 5141 2994 5194 ἰδίαν
3016 5143 3126 5204 τοῖς
3160 5139 3444 5210 κλήμασι,
3477 5135 3800 5194 τοῦτ’ἔστινν

2200 5235 2332 5302 ἡμῖν
2371 5232 2731 5303 χαριζόμενος
2769 5234 2938 5304 ζωήν·
2977 5231 3226 5302 καθάπερ
3266 5227 3370 5284 οὖν
3411 5233 3533 5294 τοῖς
3557 5231 3798 5299 ἐμπεφυ-

2201 5326 2354 5380 κόσιν
2378 5307 2521 5398 αὐτῇ
2578 5325 2851 5396 κλήμασιν
2892 5328 2925 5396 ή
2952 5325 3182 5394 αίσθητή
3216 5339 3280 5375 τε
3317 5323 3420 5376 καὶ
3454 5322 3554 5376 ἐπὶ
3578 5320 3682 5390 γῆς
3701 5316 3803 5385 ἄμ·-

2205 5417 2388 5480 πελος,
2423 5418 2742 5489 περιτρέπει
2768 5417 2824 5470 δὲ
2854 5417 2947 5470 καὶ
2983 5417 3224 5486 βιάζεται
3260 5414 3368 5484 τὴν
3411 5412 3511 5466 τοῦ
3541 5412 3802 5481 νοήματος

2205 5507 2452 5580 δύναμιν,
2497 5509 2590 5562 ἐπὶ
2637 5509 2806 5580 μόνην
2860 5506 3025 5562 αὐτοῦ
3076 5507 3174 5576 τὴν
3224 5505 3497 5577 θεότητα.
3540 5497 3802 5556 Δύνασθαι

2208 5602 2318 5672 γὰρ
2350 5600 2493 5656 οὕτω
2522 5601 2874 5671 συκοφαντεῖν
2905 5600 3072 5672 αὐτὴν
3113 5597 3272 5670 ᾠήθη
3303 5598 3372 5668 δὴ
3415 5597 3606 5664 πάλιν,
3637 5591 3805 5646 ἐκεῖνο
