4006 6442
239 322 358 422 sui

1291 365 1357 420 IN
1394 365 1685 422 JO.\NNIS
1720 366 1837 423 EVA

1940 367 2170 424 lELlUM
2213 369 2341 425 LIB.
2391 369 2461 425 Χ.
2814 366 2831 381 “
3417 370 3521 426 346

242 481 561 554 προτείνων
578 479 826 550 ἀμαθῶς.
854 496 872 530 ι
898 480 962 535 Εἰ
981 478 1086 550 γὰρ
1100 478 1343 549 ἄμπελος
1365 482 1462 551 μὲν
1478 481 1625 555 ξστιν
1644 481 1672 532 6
1694 480 1837 545 Υἱὸς,

1948 483 2175 538 alterius
2236 491 2443 536 natura:
2492 480 2661 535 Filius
2714 479 2876 534 siculi
2934 480 3058 533 vitis
3103 496 3225 534 cum
3278 485 3519 551 agricola

244 576 414 643 ςησὶ,
456 572 786 643 γεωργὸςδὲ
837 573 865 625 6
908 570 1116 643 Πατὴρ,
1166 572 1467 645 ὲτεροφυὴς
1511 573 1569 625 δὲ
1618 572 1780 625 πάλιν
1812 573 1841 624 ὁ

242 665 407 729 Υἱὸς,
427 666 506 728 ὡς
530 665 670 735 πρὸς
691 666 791 736 τὴν
815 663 1080 735 ἄμπελον,
1130 665 1228 734 οὐχ
1273 664 1560 734 ὁμοούσιος
1582 664 1735 717 ἔσται
1763 663 1841 733 τῷ

242 757 430 825 Πατρὶ
456 758 485 809 6
512 755 661 820 Υἱὸς,
687 755 842 827 φησί.
871 774 890 807 ι
931 754 1041 808 Καὶ
1076 754 1211 823 βαθὺ
1248 754 1346 824 μέν
1383 772 1465 807 τοι
1499 754 1595 808 καὶ
1623 754 1838 825 πικρὸν,

242 851 343 902 καὶ
378 846 648 918 θεώρημα
671 847 1111 919 δυσανάτρεπτον
1141 846 1471 916 ἐπιτειχίσαι
1503 846 1711 917 νομίζει
1731 849 1840 909 τοῖς

242 941 346 1011 τῆς
390 940 725 1012 Ἐκκλησίας
756 939 1042 1009 δόγμασιν,
1073 938 1343 994 ἁλώσεται
1402 939 1461 992 δὲ
1493 939 1647 992 οὐδὲν
1680 934 1842 1010 ἦττον

245 1032 556 1089 κάντεῦθεν
584 1032 787 1104 ληρῶν.
836 1032 1060 1103 Πρῶτον
1116 1033 1213 1102 μὲν
1248 1032 1356 1103 γὰρ
1405 1031 1665 1102 ἀλλογενῆ
1701 1031 1843 1086 κατὰ

248 1122 416 1192 πεῦσιν
475 1122 957 1193 διαϐεϐαιούμενος
1000 1119 1137 1176 εἶναι
1171 1123 1262 1175 τὸν
1298 1122 1446 1187 Υἱὸν,
1494 1122 1720 1191 καὶτῆς
1747 1122 1841 1175 τοῦ

244 1215 506 1277 τεκόντος
538 1215 726 1277 οὐσίας
751 1213 855 1279 ἔξω
874 1216 1061 1279 τιθεὶς,
1087 1216 1203 1278 πῶς
1224 1214 1288 1268 ἂν
1309 1214 1389 1267 ἔτι
1412 1215 1628 1284 Πατέρα
1650 1215 1840 1287 καλοίη

244 1308 337 1360 τὸν
379 1308 538 1369 Θεὸν,
580 1308 707 1361 Υίδν
727 1307 781 1360 δὲ
806 1308 946 1371 ὅλως
1001 1308 1093 1362 τὸν
1121 1308 1247 1360 Υἱόν
1274 1325 1288 1373 ;
1325 1308 1388 1360 Εἰ
1417 1307 1526 1378 γὰρ
1556 1307 1629 1379 μὴ
1649 1323 1840 1375 γεγεν-

243 1400 450 1469 νῇσθαι
490 1401 657 1470 φησὶν
705 1399 890 1461 αὐτὸν,
946 1398 1090 1452 τοῦτ’
1126 1398 1264 1461 ἐστι,
1302 1398 1589 1469 προελθεῖν
1630 1400 1694 1451 ὲκ
1742 1397 1841 1465 τῆς

241 1489 441 1553 οὐσίας
470 1489 564 1544 τοῦ
590 1490 823 1561 Πατρὸς,
851 1490 1102 1561 καθάπερ
1136 1491 1231 1544 καὶ
1253 1489 1310 1556 ἐξ
1343 1490 1666 1561 ἀνθρώπων,
1691 1490 1755 1542 τὰ
1785 1489 1843 1553 ἐξ

242 1583 436 1636 αὐτῶν
464 1584 805 1653 γεννήματα.
839 1583 956 1647 πῶς
996 1583 1061 1637 ἂν
1101 1582 1186 1654 εἵη
1222 1583 1364 1637 κατὰ
1392 1583 1648 1652 ἀλήθειαν
1679 1582 1839 1647 Υίὸς;

241 1673 387 1728 Εἶτα
424 1674 541 1737 πῶς
556 1675 649 1727 τὸν
685 1676 955 1747 μακάριον
991 1675 1245 1743 Ἰωάννην
1267 1674 1565 1744 ἀποστήσει
1591 1672 1838 1739 λέγοντα*

244 1788 263 1820 ι
315 1767 380 1820 '0
404 1767 740 1838 ἀρνούμενος
768 1768 857 1819 τὸν
880 1767 1028 1822 Υἰδν.
1053 1767 1147 1821 καὶ
1173 1767 1263 1819 τὸν
1280 1766 1501 1836 Πατέρα
1519 1766 1837 1835 ἀρνήσεται·

235 1864 265 1913 ὁ
320 1859 614 1929 ὁμολογῶν
641 1860 733 1911 τὸν
770 1859 918 1919 Υἱὸν,
951 1859 1204 1927 ὁμολογεῖ
1257 1859 1353 1911 καὶ
1406 1858 1495 1911 τὸν
1529 1857 1777 1929 Πατέρα;
1810 1876 1828 1907 ι

236 1953 357 2005 Καὶ
389 1950 600 2022 ἀληθὴς
621 1952 650 2003 6
675 1951 853 2018 λόγος.
870 1950 972 2002 εῈν
997 1950 1105 2021 γὰρ
1124 1949 1199 2018 τῷ
1223 1949 1394 2019 ἑτέρῳ
1425 1952 1833 2018 συναναιρεῖται

240 2045 471 2106 πάντως
503 2043 598 2095 καὶ
633 2042 1029 2110 συνυφίσταται
1073 2041 1139 2094 τὸ
1166 2040 1376 2111 ἕτερον.
1408 2042 1482 2093 Οὐ
1519 2042 1625 2112 γὰρ
1655 2042 1722 2094 ἂν
1748 2043 1834 2111 είη

240 2133 608 2203 Πατὴρ,“οὐκ
634 2132 787 2195 ὄντος
813 2131 969 2197 Υίοῦ,
1001 2133 1108 2185 οὐδ’
1145 2131 1210 2186 ἂν
1242 2133 1368 2197 Υἱὸς
1394 2135 1565 2188 νοοῖτό
1595 2151 1726 2187 ποτε
1760 2132 1834 2203 μὴ

235 2224 368 2295 οὐχὶ
398 2224 619 2285 πάντως
678 2222 830 2294 αὐτῴ
865 2225 1348 2295 συνεπινοουμὲνου
1397 2226 1491 2280 τοῦ
1540 2225 1829 2295 φύσαντος.

236 2317 304 2369 Ei
325 2314 514 2368 τοίνυν
570 2314 815 2383 ἀρνεῖται
851 2314 943 2367 τὸν
993 2315 1119 2369 Υἱὸν
1178 2314 1505 2387 (ἑτερογενῆ
1545 2316 1652 2385 γὰρ
1694 2311 1836 2370 εἷναί

235 2406 419 2478 φησι)
440 2448 457 2469 ,
486 2407 581 2458 καὶ
620 2404 784 2458 αὐτὸν
812 2407 1091 2476 ἠρνήσατο
1128 2407 1220 2460 τὸν
1242 2407 1507 2486 δΠατέρα.
1543 2408 1606 2459 Τί
1639 2402 1753 2471 οὖν,
1789 2402 1835 2462 ὦ

237 2499 521 2568 βέλτιστε,
540 2498 678 2568 πρὸς
694 2497 866 2550 ταῦτα
893 2499 1066 2567 ὲρεῖς;
1092 2499 1184 2561 Είς
1212 2498 1333 2552 τίνα
1358 2498 1594 2568 λοιπὸνή
1618 2498 1829 2563 πίστιςς

240 2590 357 2643 Ποῦ
380 2589 489 2657 τῆς
544 2590 706 2657 ἁγίας
761 2590 804 2640 Τ
812 2588 993 2659 ριὰδος
1026 2590 1059 2658 ἡ
1115 2588 1279 2653 δόξας
1313 2590 1547 2642 Λέλυται
1588 2590 1695 2660 γὰρ
1740 2590 1834 2642 καὶ

240 2681 453 2755 φρούδη
487 2680 675 2735 λοιπὸν
703 2683 735 2751 ἡ
759 2680 868 2733 τῶν
890 2680 1026 2733 ὅλων
1058 2680 1335 2750 κρατοῦσα
1355 2680 1538 2748 φύσις,
1564 2683 1621 2733 ὲν
1652 2681 1834 2751 ψιλαῖς

240 2776 377 2844 ἡμῖν
414 2772 758 2842 σημανθεῖσα
788 2771 965 2834 λέξεσι
1021 2771 1173 2841 παρὰ
1212 2771 1312 2840 τῆς
1375 2770 1537 2840 ἁγίας
1588 2773 1829 2843 Γραφῆς.

239 2862 554 2931 ἀναγκάζει
580 2862 691 2931 γὰρ
713 2863 862 2932 ἡμᾶς
883 2861 979 2914 καὶ
1001 2861 1088 2915 διὰ
1109 2861 1218 2914 τῶν
1238 2859 1413 2924 οὕτως
1443 2862 1833 2931 ἀπηχεστάτων

243 2955 379 3007 ἰέναι
410 2954 592 3021 λόγων
625 2955 657 3021 ἡ
694 2953 916 3005 ἐκείνων
968 2952 1281 3023 ἀποπληξίαι
1319 2938 1413 3006 καλ
1474 2953 1829 3025 ψευδομυθία.

250 3047 395 3099 Ἀλλ’
430 3044 563 3107 ἴσως
590 3044 651 3097 τὸ
702 3044 804 3113 τῆς
849 3043 1159 3115 δυσφημίας
1198 3044 1524 3107 καταδείσας
1566 3044 1830 3115 μέγεθος,

240 3138 510 3207 ἀλλογενῆ
546 3137 643 3206 μὲν
669 3132 809 3189 εἷναί
840 3153 996 3207 φησι,
1038 3136 1398 3205 γεγεννῆσθαί
1442 3155 1504 3204 γε
1549 3138 1654 3207 μὴν
1687 3137 1833 3207 παρὰ

238 3230 332 3282 τοῦ
364 3228 511 3281 Θεοῦ
541 3228 640 3281 καὶ
692 3228 928 3299 Πατρός.
972 3229 1163 3299 Ἡμεῖς
1226 3229 1281 3281 δὲ
1335 3224 1401 3281 αὖ
1442 3228 1604 3281 πάλιν
1662 3231 1838 3280 εἰπεῖν

238 3323 632 3393 ἀπαιτήσομεν
686 3321 806 3383 πῶς
853 3320 961 3390 ἄρα
1022 3320 1387 3389 γεγεννῆσθαι
1412 3320 1595 3374 δίδωσί
1639 3337 1699 3373 τε
1747 3324 1841 3377 καὶ

240 3414 518 3484 ὁμολογεῖ.
551 3413 614 3465 Εἰ
667 3412 764 3480 μὲν
809 3411 917 3480 γὰρ
968 3410 1042 3475 ὼς
1076 3410 1133 3463 ἓν
1182 3410 1289 3463 τῶν
1317 3410 1653 3481 κτισμάτων,
1702 3411 1842 3466 κατὰ

244 3505 433 3575 σχέσιν
466 3503 569 3573 τὴν
613 3502 688 3566 ὡς
738 3503 797 3555 ὲν
828 3502 1032 3574 ἀγάπῃ
1076 3501 1171 3554 καὶ
1215 3500 1357 3555 κατὰ
1379 3500 1595 3572 θέλησιν
1624 3501 1842 3575 (πάντα

240 3597 349 3666 γὰρ
380 3595 450 3647 ἐκ
479 3592 619 3647 Θεοῦ
646 3591 943 3661 λέγεται),
999 3591 1087 3645 διὰ
1117 3591 1223 3649 τῶν
1274 3593 1453 3646 αὐτῶν
1500 3591 1652 3645 οὐδὲν
1679 3586 1841 3665 ἦττον

240 3689 360 3759 ἥξει
421 3685 816 3758 βλασφημιῶν.
871 3684 1074 3756 ’Δληϐῆ
1107 3684 1164 3737 δὲ
1189 3685 1282 3739 τὸν
1308 3685 1468 3739 τόκον
1509 3685 1680 3739 είπὼν
1700 3727 1714 3755 ,
1746 3687 1838 3741 ἐκ·
1873 3686 1885 3694 “

242 3779 411 3848 φῦλόν
446 3796 509 3831 τε
532 3776 672 3832 εἶναι
709 3776 1206 3848 διαϐεϐαιούμενος,
1250 3778 1344 3831 καὶ
1379 3777 1640 3847 ἀλλογενῆ
1667 3778 1840 3849 λέγων

241 3871 319 3924 ἔτι
336 3871 437 3923 καὶ
470 3869 613 3940 μετὰ
650 3867 833 3933 τοῦτο,
865 3866 1190 3938 δυσσεϐήσει
1213 3868 1430 3932 πάντως
1449 3870 1529 3932 είς
1562 3869 1722 3924 αὐτὸν
1750 3870 1842 3923 τὸν

241 3961 609 4031 γεννήσαντα.
652 3959 718 4011 Ὃ
749 3956 858 4028 γὰρ
918 3959 1010 4012 καὶ
1064 3957 1203 4028 αὐτὴ
1258 3959 1618 4030 παρῃτήσατο
1649 3960 1840 4015 παθεῖν

242 4053 345 4107 τῶν
376 4049 635 4121 γενητῶν
674 4049 916 4120 ἡφύσις,
972 4049 1131 4103 τοῦτο
1166 4050 1230 4120 δὴ
1262 4050 1477 4114 πάντως
1515 4050 1840 4115 ὑποδείξειεν

244 4145 623 4216 ὑπομείναντα
646 4143 740 4198 τὸν
761 4142 914 4197 Θεὸν.
950 4138 1025 4195 Ἦ
1052 4141 1161 4212 γὰρ
1192 4143 1313 4213 οὐχὶ
1336 4143 1396 4196 τὸ
1438 4142 1501 4195 ἔκ
1530 4161 1671 4207 τινος
1700 4143 1841 4197 κατά

245 4237 404 4304 φύσιν
458 4233 866 4309 γεγεννημένον
915 4233 1156 4304 ἀληθῶς,
1186 4233 1473 4305 ὁμοούσιον
1502 4234 1580 4304 τῷ
1627 4236 1838 4288 τεκόντι

242 4327 519 4394 φαίνεται,
549 4325 646 4380 καὶ
681 4324 801 4388 πῶς
852 4326 950 4397 οὐχ
1002 4326 1177 4381 ἆπασι
1206 4325 1520 4396 συμφανὲς;
1561 4326 1773 4380 Οὐκοῦν
1802 4327 1835 4397 ἡ

245 4418 342 4485 μὲν
376 4418 560 4495 κτίσις
590 4416 733 4469 κατὰ
765 4415 922 4484 λόγον
952 4414 1167 4485 πρόεισι
1198 4414 1288 4468 τὸν
1328 4414 1622 4487 πρέποντα·
1661 4415 1834 4470 τίκτει

1942 581 2281 644 comparata,
2314 587 2422 627 non
2447 572 2554 627 erit
2584 570 3084 625 consubstantialis
3108 570 3257 625 Patri
3290 572 3518 628 Filius.»

1942 664 2074 731 Qum
2126 679 2250 719 cum
2298 665 2457 728 dicit,
2505 662 2787 718 existimat
2842 679 2901 718 se
2954 664 3125 716 altum
3158 664 3418 734 quiddam
3473 676 3526 720 et

1943 756 2146 812 subtile
2177 756 2545 824 excogitasse,
2579 762 2634 810 et
2662 755 2929 809 invictum
2965 754 3237 810 adversus
3264 755 3529 811 Ecclesiae

1943 846 2199 917 dogmata
2228 854 2611 917 argumentum
2642 861 3043 916 comparasse:
3104 847 3199 904 sed
3239 848 3523 903 nihilomi-

1942 952 2051 993 nus
2070 938 2197 992 hinc
2212 953 2430 1008 quoque
2451 937 2644 1008 nugari
2665 938 3057 1008 comperietur.
3078 938 3325 994 Primum
3348 941 3518 1005 enim,

1944 1043 2069 1082 eum
2118 1028 2346 1084 alterius
2387 1028 2691 1084 secundum
2718 1007 2975 1084 naturam
3026 1031 3247 1100 generis
3268 1047 3393 1086 esse
3432 1031 3521 1086 Fi-

1947 1122 2075 1175 lium
2122 1129 2423 1183 asseveret,
2455 1137 2692 1191 eumque
2721 1129 2877 1176 extra
2929 1122 3205 1179 Genitoris
3255 1125 3520 1179 substan-

1944 1211 2075 1264 tiam
2108 1211 2361 1274 collocet,
2395 1211 2669 1279 quomodo
2693 1209 2917 1264 Patrem
2953 1213 3172 1267 vocabit
3198 1213 3389 1277 Deum,
3424 1222 3519 1268 aut

1944 1303 2170 1357 omnino
2201 1301 2396 1357 Filium
2422 1301 2568 1357 dicet
2592 1303 2837 1357 Filium?
2862 1303 2995 1357 Nam
3032 1305 3077 1359 si
3119 1320 3227 1358 non
3269 1321 3392 1360 esse
3423 1322 3519 1375 ge»

1944 1395 2121 1451 nilum
2158 1395 2336 1465 ipsum
2362 1396 2460 1459 ait,
2495 1395 2596 1449 hoc
2624 1406 2709 1450 est
2731 1411 2799 1450 ex
2830 1397 3146 1450 substantia
3179 1397 3360 1453 Patris
3395 1414 3521 1467 pro-

1943 1483 2162 1546 cedere,
2200 1484 2664 1554 quemadmodum
2697 1492 2750 1539 et
2774 1501 2841 1539 ex
2877 1486 3191 1541 hominibus
3221 1501 3410 1540 eorum
3454 1488 3519 1540 li-

1944 1574 2036 1638 lii,
2077 1574 2356 1644 quomodo
2403 1591 2529 1630 vere
2572 1575 2746 1629 Filius
2786 1576 2933 1630 erit?
2991 1578 3195 1632 Deinde
3243 1581 3520 1647 quomodo

1946 1665 2162 1719 beatum
2212 1662 2479 1719 Joannem
2533 1666 2846 1734 repudiabit
2895 1666 3269 1739 dicentemrr
3324 1668 3519 1725 Omnis

1944 1757 2035 1826 qui
2068 1765 2231 1824 negat
2263 1755 2486 1821 Filium,
2520 1773 2621 1812 nec
2653 1757 2871 1811 Patrem
2908 1759 3104 1814 habet:
3154 1761 3246 1829 qui
3295 1761 3520 1816 conﬁte-

1873 1838 1914 1891 Β
1946 1856 2037 1901 tur
2070 1847 2294 1908 Filium,
2332 1856 2387 1902 et
2411 1847 2633 1901 Patrem
2666 1848 2829 1903 habet
2852 1849 2952 1901 ⁸⁸.»
2992 1849 3146 1914 Quod
3171 1851 3390 1920 quidem
3428 1868 3521 1906 vc-

1942 1955 2063 1994 rum
2094 1947 2196 1994 est.
2231 1938 2419 1994 Altero
2450 1940 2593 1994 enim
2630 1940 2814 1995 ablato
2845 1948 2941 1993 aut
2979 1943 3183 2009 posito,
3210 1943 3418 1996 tollitur
3454 1943 3525 1997 si-

1944 2032 2053 2085 mul
2079 2031 2335 2096 alterum,
2368 2040 2424 2084 et
2453 2032 2698 2100 ponitur.
2718 2030 2828 2086 Nec
2849 2033 2994 2086 enim
3016 2032 3180 2088 Pater
3202 2034 3307 2090 erit
3335 2035 3380 2088 si
3412 2050 3522 2088 non

1942 2124 2014 2179 sit
2050 2122 2243 2184 Filius,
2284 2139 2383 2177 nec
2410 2123 2589 2176 Filius
2620 2125 2963 2199 concipietnr
2997 2141 3265 2195 unquam,
3288 2127 3395 2182 nisi
3420 2126 3524 2180 Pa-

1942 2223 2025 2268 ter
2055 2230 2165 2269 una
2199 2230 2418 2284 quoque
2461 2216 2825 2284 concipiatur.
2861 2216 2916 2270 Si
2965 2199 3094 2286 ergo
3129 2228 3291 2288 negat
3324 2219 3522 2271 Filium

1942 2306 2171 2375 (diversi
2210 2307 2418 2377 quippe
2452 2309 2671 2377 generis
2709 2325 2837 2366 esse
2876 2310 2998 2375 ait),
3035 2320 3090 2366 et
3123 2311 3288 2381 835
3336 2311 3522 2380 ipsum

1941 2399 2160 2455 Patrem
2206 2401 2510 2471 negaverit.
2555 2402 2696 2468 Quid
2729 2403 2895 2473 igitur
2927 2404 2995 2458 ad
3029 2407 3142 2460 hace
3187 2406 3360 2466 dices,
3394 2405 3526 2458 ami-

1943 2493 2045 2547 ce?
2080 2492 2135 2546 In
2174 2509 2336 2563 quem
2373 2493 2593 2548 domum
2638 2495 2778 2551 ﬁdes
2801 2497 2941 2550 erit?
2976 2496 3077 2551 Ubi
3111 2507 3317 2552 sancla:
3345 2496 3526 2550 Trini-

1941 2589 2075 2643 tatis
2114 2588 2322 2658 gloria?
2358 2586 2507 2643 Perit
2529 2588 2680 2644 enim
2711 2599 2766 2643 et
2799 2590 2983 2645 inanis
3023 2590 3274 2644 redditur
3298 2589 3521 2643 demum

1943 2680 2033 2733 illa
2070 2679 2314 2733 universi
2364 2678 2589 2733 domina
2638 2688 2861 2743 natura,
2895 2681 3055 2735 nobis
3085 2695 3113 2734 a
3150 2689 3340 2735 sancta
3372 2678 3524 2733 Scri-

1940 2778 2102 2840 plura
2149 2760 2314 2825 nudis
2366 2770 2673 2838 signiﬁcata
2719 2770 3096 2825 dictionibus:
3130 2784 3198 2824 eo
3237 2770 3385 2824 enim
3426 2768 3524 2821 ah-

1940 2862 2270 2919 surditatum
2322 2861 2576 2930 progredi
2624 2860 2844 2915 illorum
2896 2860 3049 2917 furor
3081 2869 3135 2917 et
3176 2859 3521 2917 mendacium

1941 2970 2042 3009 nos
2090 2953 2285 3024 adigit.
2339 2952 2447 3008 Sed
2514 2953 2915 3009 immanitatem
2970 2956 3122 3010 illius
3168 2954 3525 3024 blasphemiae

1942 3045 2128 3101 forsan
2150 3045 2383 3109 veritus,
2408 3043 2613 3100 diversi
2641 3045 2863 3114 quidem
2890 3044 3014 3101 esse
3030 3046 3271 3118 generis,
3303 3061 3524 3101 verum»

1940 3148 2125 3196 tamen
2162 3156 2193 3193 a
2222 3139 2332 3195 Deo
2363 3148 2418 3196 et
2458 3140 2619 3194 Patre
2648 3144 2892 3211 genitum
2931 3158 3055 3197 esse
3076 3143 3172 3197 ait.
3196 3141 3308 3197 Nos
3339 3153 3522 3197 autem

1940 3248 2136 3288 rursus
2165 3216 2484 3303 urgebimus
2508 3240 2570 3285 ut
2591 3231 2741 3286 dicat
2770 3248 2882 3302 quo
2916 3243 3075 3303 pacto
3102 3235 3351 3304 genitura
3395 3248 3523 3288 eum
3578 3251 3583 3257 η

1939 3340 2064 3379 esse
2088 3323 2343 3380 fateatur.
2373 3322 2429 3377 Si
2454 3324 2601 3378 enim
2635 3332 2896 3393 tanquam
2919 3333 3304 3380 creaturarum
3333 3339 3523 3389 unam,

1941 3417 2211 3471 relatione
2251 3416 2514 3471 videlicet
2557 3423 2611 3470 et
2643 3415 2974 3472 habitudine
3020 3417 3316 3472 charitatis
3360 3425 3528 3486 atque.

1939 3508 2239 3564 voluntatis
2271 3505 2483 3577 (omnia
2510 3506 2718 3576 quippe
2745 3522 2810 3563 ex
2841 3508 2951 3563 Deo
2975 3524 3100 3565 esse
3133 3508 3440 3576 dicuntur),
3467 3508 3525 3562 in

1939 3597 2161 3656 easdem
2220 3598 2596 3672 hlasphemias
2648 3599 2872 3656 recidet.
2929 3598 3026 3654 Sin
3089 3608 3273 3655 autem
3331 3612 3524 3654 verum

1941 3694 2164 3765 quidem
2184 3691 2385 3749 Filium
2434 3708 2560 3749 esse
2587 3692 2781 3757 dicat,
2823 3692 3054 3747 alterius
3096 3700 3281 3745 tamen
3309 3691 3525 3759 generis

1940 3791 2194 3847 asserat,
2252 3784 2309 3838 in
2360 3784 2540 3853 ipsum
2571 3785 2763 3854 utique
2811 3783 3128 3839 Genitorem
3186 3783 3521 3853 impietatem

1941 3890 2097 3929 suam
2122 3885 2327 3929 exeret.
2364 3875 2522 3940 Quod
2568 3876 2718 3930 enim
2761 3890 3034 3945 nusquam
3068 3875 3121 3929 in
3149 3890 3331 3929 rerum
3362 3889 3526 3929 crea-

1939 3969 2119 4016 tarum
2178 3970 2431 4016 naturam
2462 3963 2748 4028 ceciderit,
2787 3965 2893 4019 hoc
2951 3964 3143 4033 utique
3171 3963 3320 4017 Patri
3371 3963 3527 4016 aliin-

1939 4060 2047 4124 gel.
2076 4052 2354 4123 Numquid
2392 4056 2538 4109 enim
2587 4055 2736 4124 quod
2764 4071 2831 4110 ex
2867 4056 3052 4125 aliquo
3084 4055 3390 4110 secundum
3427 4070 3527 4109 na-

1941 4154 2119 4200 turam
2157 4160 2284 4200 vere
2312 4156 2396 4202 est
2436 4146 2685 4217 genitum
2727 4148 3208 4204 consubstantiale
3268 4147 3523 4202 Genitori

1939 4251 2063 4292 esse
2081 4235 2261 4291 cuivis
2295 4236 2651 4293 utanifestum
2694 4235 2818 4290 est?
2860 4235 3004 4306 Ergo
3043 4246 3295 4291 creatura
3320 4250 3525 4291 conve-

1942 4331 2116 4387 nienti
2142 4331 2249 4386 sibi
2284 4332 2499 4385 ratione
2523 4331 2770 4402 procedit
2799 4346 2811 4381 :
2849 4332 2991 4401 parit
3021 4329 3169 4383 enim
3192 4328 3337 4396 quod
3377 4329 3528 4395 ejus-

1942 4424 2086 4488 dem,
2129 4438 2238 4478 non
2278 4422 2481 4478 diversi
2520 4424 2738 4493 generis
2775 4424 2885 4488 sit;
2917 4423 3096 4478 solum
3143 4430 3325 4476 autem
3356 4420 3525 4474 Deum

241 4513 347 4580 γὰρ
409 4509 516 4563 οὐκ
564 4507 848 4577 ἀλλογενῆ·
897 4505 1056 4576 μόνον
1094 4505 1151 4559 δὲ
1208 4504 1449 4558 παθόντα
1483 4507 1574 4558 τὸν
1617 4506 1749 4559 Θεὸν
1776 4506 1836 4559 τὸ

1941 4519 2276 4587 reperiemus
2307 4525 2504 4573 contra
2540 4518 2702 4581 allici,
2742 4518 2785 4571 si
2814 4516 3036 4586 quidem
3067 4512 3267 4569 Filium
3298 4513 3527 4567 alterius

244 4600 489 4656 ἐναντίον
517 4599 847 4670 εὑρήσομεν,
885 4600 1041 4668 εἴπερ
1070 4597 1333 4668 ἀλλογενῆ
1370 4598 1670 4669 γεγέννηκε
1689 4640 1704 4666 ,
1740 4598 1833 4652 καὶ

245 4694 343 4746 οὐκ
371 4694 433 4759 ἐξ
466 4692 606 4753 ἰδίας
634 4689 850 4760 φύσεως
884 4690 974 4742 τὸν
1006 4689 1155 4743 Υίὸν.

310 4781 429 4838 Ἧν
467 4784 570 4853 μὲν
604 4778 698 4837 οῦν
746 4781 893 4844 εἰκὸς
944 4780 1096 4834 οὐδὲν
1139 4779 1219 4834 ἔτι
1266 4779 1402 4851 πρὸς
1450 4778 1624 4832 ταῦτα
1659 4778 1833 4831 θέλειν

242 4878 419 4930 simtu
450 4875 544 4930 τὸν
573 4873 640 4927 δι’
670 4873 944 4939 ἐναντίας,
976 4873 1074 4926 οὐκ
1105 4871 1446 4942 ὲξισταμένῳ
1474 4869 1531 4923 δὲ
1560 4872 1659 4941 τῆς
1685 4868 1834 4922 ἑνού-

243 4986 342 5040 σης
381 4966 538 5038 αὐτῷ
560 4966 903 5031 δυσϐουλίας,
953 4965 1185 5036 οἰομένῳ
1223 4982 1283 5017 τε
1341 4963 1608 5031 ἀλλογενῆ
1652 4962 1744 5015 τὸν
1768 4963 1834 5016 ὲκ

240 5062 377 5115 Θεοῦ
407 5061 508 5115 καὶ
536 5060 753 5132 Πατρὸς
774 5058 1043 5131 ὑπάρχειν
1073 5057 1223 5119 Υἱδν,
1255 5057 1356 5111 οὐκ
1395 5055 1699 5126 ὲνδώσομεν
1722 5057 1835 5119 τοῖς

241 5154 339 5223 τῆς
366 5153 631 5225 ἀληθείας
660 5149 1085 5222 συνηγοροῦντες
1128 5149 1412 5219 δόγμασιν.
1463 5147 1837 5217 Ἐπιδείξομεν

243 5247 351 5317 γὰρ
373 5245 615 5317 ὁμογενῆ
644 5243 875 5311 λέγοντα
903 5244 969 5312 τῇ
1000 5241 1177 5294 κτίσει
1204 5239 1296 5293 τὸν
1313 5238 1448 5293 Θεὸν
1472 5240 1568 5293 καὶ
1593 5238 1832 5308 Πατέρα·

244 5335 499 5400 καὶπῶς,
529 5334 565 5405 ἦ
597 5333 762 5387 πόθεν
792 5331 1033 5386 ἀκούοιτ’
1072 5329 1141 5383 ἂν
1189 5329 1289 5400 ἤδη
1345 5328 1530 5384 πάλιν.
1557 5328 1838 5399 ’Ἄμπελον

245 5423 492 5496 ἐναργῶς
523 5422 851 5477 διατείνεται
874 5420 968 5474 καί
1017 5435 1200 5489 φησιν,
1229 5418 1292 5471 οὐ
1333 5418 1433 5488 τὴν
1472 5418 1655 5490 σάρκα
1693 5418 1831 5488 μόἱλ⁶

241 5515 354 5581 λον,
378 5516 499 5571 ἀλλ’
535 5516 709 5586 αὐτὴν
738 5512 1057 5582 ὠνομάσθαι
1100 5512 1201 5582 τὴν
1224 5510 1454 5585 θεότητα
1476 5510 1569 5563 τοῦ
1594 5511 1835 5575 Μονογε-

242 5607 386 5674 νοῦς.
431 5609 637 5678 Ἐχέτω
694 5606 823 5678 τῇδε
870 5605 1053 5676 τυχόν·
1104 5602 1325 5669 οὐκοῦν,
1375 5605 1642 5675 ἐρήσομαι
1703 5603 1833 5673 γὰρ,

315 5787 358 5819 ’⁸
402 5787 417 5840 Ι
461 5787 621 5843 Joan.
659 5803 760 5859 tu,
800 5789 891 5843 23.

1931 4611 2172 4682 generis,
2203 4625 2304 4664 nec
2331 4624 2401 4664 ex
2434 4624 2535 4664 sua
2564 4616 2761 4662 natura
2785 4605 2998 4675 genuit.

2003 4787 2084 4842 Ad
2136 4792 2251 4840 tunc
2280 4783 2506 4854 quidem
2551 4782 2688 4837 nihil
2730 4783 2873 4839 ultra
2908 4780 3097 4835 dicere
3142 4778 3526 4836 adversarium

1935 4896 2033 4950 par
2056 4887 2246 4944 esset;
2286 4874 2384 4932 sed
2424 4874 2685 4943 quoniam
2725 4872 2970 4929 insanire
3006 4888 3116 4927 non
3160 4879 3368 4932 cessat,
3406 4870 3531 4925 Dci-

1934 4988 2040 5042 que
2073 4986 2139 5025 ac
2189 4968 2370 5024 Patris
2399 4966 2599 5023 Filium
2655 4965 2882 5021 alterius
2928 4965 3151 5033 generis
3184 4980 3311 5021 esse
3351 4970 3527 5031 putat,

1935 5060 2189 5118 veritatis
2240 5056 2514 5126 dogmatis
2562 5053 2905 5124 patrocinari
2947 5068 3058 5107 non
3112 5050 3525 5106 cunctabimur.

1935 5153 2307 5210 Ostendemus
2359 5148 2508 5204 enim
2551 5162 2678 5203 eum
2734 5146 2919 5202 dicere
2966 5144 3143 5199 Deum
3194 5158 3260 5197 ac
3308 5142 3528 5195 Patrem

1938 5244 2185 5313 ejusdem
2205 5255 2332 5296 esse
2363 5253 2489 5295 cum
2512 5244 2770 5293 creatura
2791 5234 3011 5305 generis
3036 5249 3048 5284 :
3072 5230 3355 5302 quomodo
3369 5226 3525 5291 vero,

1939 5338 2034 5387 aut
2081 5327 2249 5391 unde,
2300 5341 2497 5381 rursus
2545 5322 2967 5380 audiat.Vitem
2997 5330 3186 5391 aperte
3212 5319 3371 5381 dicit,
3411 5333 3526 5371 non

1929 5435 2177 5481 carnem,
2203 5418 2303 5474 sed
2337 5418 2513 5487 ipsam
2542 5414 2822 5487 Unigeniti
2849 5414 3114 5469 deitatem
3145 5426 3270 5467 esse
3306 5424 3524 5463 nuneu—

1931 5522 2139 5585 patam.
2163 5509 2294 5565 Esto
2311 5524 2472 5574 vero;
2497 5505 2825 5577 respondeat
2855 5504 3044 5574 igitur,
3062 5518 3273 5570 qua’so,
3300 5514 3519 5561 rursus,

1936 5612 2125 5661 utrum
2162 5602 2331 5658 Deum
2360 5615 2548 5656 verum
2578 5598 2845 5654 exsistere
2862 5604 3013 5667 putet
3037 5593 3259 5660 Filium,
3288 5608 3358 5648 an
3382 5608 3517 5659 non,
