3938 6468
478 373 584 431 ΞΠ
1355 366 1389 425 ’ς
1515 370 1575 426 S.
1618 365 1900 425 CYBILLI
1937 364 2412 422 ALEXANDRINI
2441 364 2762 423 ARCIIIEP.
3624 377 3710 434 διε

469 502 709 558 eumque
743 486 997 541 dicturus
1037 486 1108 545 sit
1143 483 1394 556 spurium
1442 487 1496 539 et
1534 483 1654 537 sola
1703 481 1945 537 nominis
1980 479 2024 534 «ι

2169 478 2546 548 ἀπολογείσθω
2577 478 2634 532 δὲ
2665 477 2851 542 πάλιν,
2890 475 3121 549 πότερόν
3167 496 3295 532 ποτε
3329 478 3458 533 Θεὸν
3495 481 3710 555 ἀληθινὸν

469 582 680 652 guitate
708 580 1025 650 praeditum.
1076 577 1216 632 Nam
1252 578 1299 633 si
1331 592 1443 631 non
1486 589 1612 631 esse
1640 572 1947 631 secundum
1974 588 2024 626 ιιι

2179 571 2447 643 ὑπάρχειν
2475 570 2644 624 οῐεται
2672 570 2763 624 τὸν
2797 569 2947 635 Υἱὸν,
2983 569 3015 640 ἦ
3046 569 3183 640 οὐχὶ,
3239 575 3494 643 προσερεῖ
3515 574 3568 628 δὲ
3586 577 3711 633 νόθον

473 682 653 727 turam
689 669 862 725 Deum
894 670 1198 734 existimet,
1252 671 1429 739 ipsum
1482 665 1837 734 Unigenitum
1880 665 2028 719 dicer

2174 659 2270 714 καὶ
2297 662 2352 713 έν
2380 658 2565 730 ψιλαῖς
2594 659 2787 730 ἔχοντα
2815 661 3019 729 φωναῖς
3044 659 3105 712 τὸ
3143 659 3379 741 ἀξίωμα.
3412 663 3473 716 Ei
3512 666 3603 734 μὲν
3625 670 3712 741 γὰρ

474 772 584 817 tem
621 761 854 817 audiat:
885 780 904 812 ‹
939 760 1049 832 Ego
1085 774 1209 815 sum
1252 758 1460 813 veritas
1492 757 1563 812 "'.
1603 774 1621 808 ι
1660 755 1880 810 Veritas
1914 753 2029 808 enix

2172 751 2273 805 οὐκ
2299 750 2436 806 εἶναι
2464 750 2607 806 κατὰ
2628 751 2790 821 φύσιν
2840 752 2991 817 Θεὸν,
3012 750 3173 804 αὐτὸν
3202 753 3287 822 ἐφ’
3314 753 3484 825 ἑαυτῷ
3512 756 3714 827 δεχέσθω

475 855 610 911 nihil
651 855 703 907 in
738 869 799 907 se
824 852 992 907 habet
1024 849 1321 905 adulterini
1358 832 1430 903 ac.
1458 846 1600 904 falso
1628 845 1853 903 nomine
1878 844 2030 899 aduir

2178 844 2431 916 μάρτυρα
2459 844 2548 897 τὸν
2579 843 2860 915 Μονογενῆ
2885 844 3131 912 λέγοντα·
3170 861 3191 896 c
3241 843 3382 914 Ἐγώ
3413 848 3523 918 εἰμι
3549 851 3577 918 ή
3606 851 3712 922 ἀλή.

476 947 641 1004 brati.
681 945 948 1000 Praeterea
994 942 1464 1013 sapientissimum
1515 940 1791 996 Joannem
1826 938 2031 992 claman

2175 935 2315 991 θεια.
2346 955 2364 987 ι
2404 936 2658 1007 Ἀλήθεια
2703 937 2812 1007 γάρ
2868 936 2992 990 καθ’
3031 936 3132 989 ἕνα
3162 936 3363 1007 τρόπον
3416 940 3475 992 οὐ
3506 938 3560 992 τὸ
3587 942 3714 996 νόθον

476 1048 585 1093 tem
621 1036 847 1090 audiat:
889 1053 907 1086 ι
938 1034 1002 1088 Et
1024 1049 1217 1089 sumus
1248 1033 1303 1087 in
1334 1048 1467 1088 vero
1498 1031 1641 1085 Filio
1668 1029 1799 1086 Jesu
1824 1029 2031 1084 Christi

2173 1027 2287 1098 ἔχει
2338 1028 2432 1081 καὶ
2489 1028 2860 1099 ψευδώνυμον.
2927 1027 3330 1098 Παραδεχέσθω
3373 1028 3429 1083 δὲ
3466 1031 3555 1085 καὶ
3581 1034 3716 1087 αὐτον

479 1130 581 1182 llic
619 1136 702 1183 est
733 1140 898 1181 verus
930 1124 1097 1190 Deus,
1136 1132 1190 1177 et
1222 1122 1333 1175 vita
1361 1121 1655 1177 aeterna".
1695 1138 1714 1169 ι
1754 1116 1960 1172 Verum
2023 1131 2034 1169 ε

2171 1120 2265 1174 ἐπὶ
2294 1119 2469 1190 τούτῳ
2519 1119 2610 1173 τὸν
2659 1119 2966 1188 σοφώτατον
3012 1119 3290 1190 Ἰωάννην,
3341 1121 3717 1193 ἀνακεκραγότα

477 1220 689 1291 pudore
725 1219 997 1277 victus.et
1024 1215 1380 1270 contentione
1418 1212 1631 1277 relicta,
1671 1224 1862 1264 verum
1900 1207 2032 1262 Deut

2176 1213 2362 1281 σαφῶς
2391 1213 2485 1266 καὶ
2510 1213 2761 1280 λέγοντα⁸
2798 1232 2816 1263 ι
2839 1214 2947 1266 Καὶ
2988 1213 3159 1284 ἐσμὲν
3189 1215 3249 1266 έν
3283 1214 3361 1285 τῷ
3384 1215 3607 1289 ἀληθινῷ
3620 1219 3716 1291 Θεῷ

475 1326 598 1366 esse
624 1308 890 1364 fatebitur
921 1306 1144 1371 Filium,
1170 1305 1237 1359 ad
1270 1305 1376 1358 alia
1422 1315 1772 1372 nequaquam
1803 1314 1904 1354 nos
1935 1313 2030 1352 con

2187 1304 2362 1376 Ἰησοῦ
2396 1305 2637 1377 Χριστῷ;
2671 1299 2835 1368 Οὗτός
2866 1307 3013 1358 ἐστιν
3058 1307 3087 1359 6
3134 1304 3388 1377 ἀληθινὸς
3422 1307 3564 1372 Θεὸς,
3592 1310 3717 1381 καὶὴ

477 1402 743 1463 feremus,
784 1400 879 1456 sed
910 1399 1032 1470 ejus
1067 1398 1254 1453 verbis
1304 1403 1526 1451 utemur
1569 1393 1635 1447 ad
1677 1391 1847 1462 866
1893 1390 2032 1461 ipsiu

2175 1395 2342 1468 ξωὴή
2370 1395 2606 1461 αἰώνιος.
2633 1416 2652 1449 ι
2686 1397 2824 1450 Ἀλλ’
2852 1398 2900 1449 εἰ
2927 1398 3022 1451 καὶ
3052 1398 3190 1468 π’ρὸς
3225 1398 3385 1452 τοῦτο
3438 1401 3591 1470 τυχὸν
3641 1403 3719 1456 ὑπ-

478 1494 625 1548 dicta
657 1492 971 1548 refutanda.
1000 1491 1197 1546 Nonne
1239 1488 1385 1545 sicut
1428 1485 1667 1557 agricola
1704 1483 1909 1538 diversi
1929 1489 2014 1538 est

2173 1504 2198 1539 ε
2207 1487 2527 1558 ρυθρίασας,
2545 1488 2638 1541 καὶ
2666 1487 2727 1540 τὸ
2746 1487 3108 1542 διατείνεσθαι
3139 1489 3327 1558 μεθεὶς
3347 1491 3587 1561 ἀληθινὸν
3608 1494 3717 1564 ὀμο-

478 1585 589 1639 vite
622 1584 863 1654 generis,
893 1581 1168 1652 siquidem
1215 1581 1309 1635 ille
1342 1580 1506 1634 homo
1528 1583 1637 1639 est,
1670 1576 1786 1630 haec
1823 1576 2033 1646 lignum

2172 1578 2393 1650 λογήσει
2421 1578 2553 1632 Θεὸν
2588 1579 2679 1632 τὸν
2704 1579 2855 1644 Υίδν,
2876 1579 2975 1650 οὐχ
3005 1581 3245 1651 ἑτέρωσέ
3277 1598 3367 1634 ποι
3393 1583 3718 1654 χωρήσομεν,

480 1674 554 1729 ita
585 1684 734 1730 recte
768 1689 833 1729 ac
870 1664 999 1729 vere
1038 1671 1285 1742 ejusdem
1330 1671 1550 1741 generis
1594 1669 1724 1725 vitis
1756 1669 2035 1724 censebitu

2173 1670 2352 1738 λόγοις
2384 1670 2438 1723 δὲ
2469 1671 2582 1733 τοῖς
2614 1669 2743 1741 παρ’
2776 1670 2939 1724 αὑτοῦ
2991 1671 3313 1743 χρησόμεθα
3366 1672 3500 1743 πρὸς
3525 1674 3720 1746 ἀνατρο-

479 1782 606 1823 cum
643 1767 761 1822 suis
799 1764 1155 1836 palmitibus?
1194 1761 1480 1818 Neminem
1512 1760 1712 1831 opinor
1751 1774 1817 1815 eo
1851 1758 2034 1814 veniss

2176 1763 2285 1834 πὴν
2334 1762 2450 1815 τῶν
2492 1763 2624 1835 παρ’
2683 1762 2850 1816 αὐτοῦ
2897 1763 3231 1833 λεγομένων.
3266 1763 3395 1835 τΔρ*
3446 1767 3540 1838 οὐχ
3561 1767 3718 1841 ὥσπερ

480 1873 725 1928 unquam
759 1857 1031 1921 stultitiae,
1053 1865 1114 1910 ut
1149 1869 1263 1909 rem
1297 1854 1434 1908 adeo
1472 1851 1824 1907 manifestam
1865 1866 2035 1921 negar

2172 1853 2413 1923 γεωργὺς
2442 1834 2738 1924 ἀλλογενὴς
2788 1855 2906 1907 ἐστι
2934 1857 3001 1927 τῇ
3061 1855 3316 1926 ἀμπέλῳ·
3408 1834 3621 1930 μὲν-γάρ
3643 1834 3718 1914 ἄν’-

481 1948 705 2002 audeat.
737 1947 875 2002 Cum
925 1961 1057 2017 ergo
1110 1945 1254 2000 Deus
1287 1944 1564 2000 exsistens
1597 1958 1785 2006 verus,
1828 1942 2036 1996 consuh

2171 1944 2408 2014 θρωπος,
2446 1948 2478 2017 ἠ
2510 1945 2567 1999 δὲ
2602 1947 2777 2011 ξύλον·
2805 1947 2980 2023 οὕτως
3010 1950 3042 2019 ὴ
3085 1948 3352 2019 ἄμπελος,
3394 1950 3560 2021 ὀρθῶς
3577 1969 3627 2006 τε
3648 1953 3720 2005 καὶ

483 2039 761 2095 stantialis
790 2055 923 2095 vero
944 2038 1252 2094 secundum
1286 2046 1538 2091 naturam
1567 2035 1699 2099 Deo,
1733 2035 1836 2089 hoc
1855 2042 1944 2089 est
1976 2033 2038 2087 Pa

2170 2035 2407 2102 ἀληθῶς,
2437 2037 2687 2106 ὀμοφυὴς
2718 2036 2785 2090 ἂν
2809 2042 3000 2104 νοοῖτο,
3030 2039 3167 2110 πρὸς
3225 2039 3293 2092 τά
3325 2039 3434 2094 ῖδια
3468 2040 3720 2110 κλήματα;

482 2132 576 2193 tri,
626 2140 680 2186 et
730 2132 860 2188 vitis
905 2130 1126 2201 quidem
1176 2130 1290 2193 sit,
1341 2143 1444 2183 uos
1494 2127 1773 2198 palmites,
1819 2125 2037 2195 ejusdem

2184 2122 2322 2196 amr
2356 2119 2511 2195 οἶμαι
2542 2141 2607 2192 γε
2636 2125 2742 2197 μὴν
2772 2127 2975 2198 μηδένα
3020 2128 3157 2197 πρὸς
3207 2127 3366 2181 τοῦτο
3403 2130 3600 2200 μωρίας
3621 2129 3718 2181 ἑθε-

483 2240 680 2294 ucmpe
721 2225 925 2279 idcirco
957 2223 1174 2295 generis
1214 2237 1338 2276 cum
1369 2221 1499 2287 vite,
1523 2218 1804 2290 quomodo
1827 2218 1900 2272 dii
1931 2233 2038 2288 quo

2170 2217 2331 2287 λῆσαι
2358 2217 2663 2282 κατελθεῖν,
2698 2218 2775 2283 ὡς
2806 2220 3091 2291 ἀρνεῖσθαι
3112 2219 3321 2291 τολμᾷν
3341 2220 3401 2273 τὸ
3428 2219 3564 2274 οὕτω
3582 2237 3719 2274 κατασι

483 2332 590 2386 que
626 2332 725 2372 nos
763 2316 1070 2372 secundum
1114 2322 1368 2369 naturam
1409 2320 1600 2369 nostra
1649 2311 1818 2366 veluti
1849 2310 2038 2380 spolial

2172 2308 2358 2380 φανές.
2387 2312 2516 2363 Ὅτε
2539 2310 2721 2365 τοίνυν
2741 2310 2873 2375 Θεὸς
2893 2313 3153 2383 ὑπάρχων
3185 2311 3460 2382 ἀληθινὸς,
3476 2310 3719 2382 όμοορσιός

484 2418 681 2461 natura
719 2423 827 2461 non
861 2406 1123 2462 erimus?
1171 2403 1277 2459 Sed
1326 2412 1587 2479 extrema:
1633 2401 1934 2471 impietatis
1988 2414 2039 2455 es

2172 2403 2289 2455 ἐστι
2308 2400 2388 2471 τῷ
2426 2401 2568 2454 κατά
2626 2404 2789 2471 φύσιν
2826 2403 3067 2474 ἀληθινῷ
3119 2403 3265 2474 Θεῷ,
3316 2403 3460 2457 τοῦτ’
3507 2404 3612 2456 ἐστι

485 2502 559 2557 ita
602 2501 828 2555 sentire.
863 2498 1017 2554 Facti
1056 2499 1260 2568 quippe
1304 2511 1404 2550 nos
1432 2508 1662 2550 sumus:
1703 2492 1846 2547 Deus
1880 2507 2040 2549 secun

2173 2493 2368 2563 Πατρὶ,
2396 2493 2493 2546 καὶ
2541 2494 2786 2558 ἄμπελος
2834 2495 2932 2566 μὲν
2977 2494 3116 2560 ἔστι,
3166 2496 3427 2567 κλήματα
3452 2498 3507 2550 δὲ
3549 2497 3717 2566 ἡμεῖς,

482 2592 613 2645 dum
646 2600 897 2644 naturam
922 2598 1007 2644 est
1031 2588 1222 2643 Filius.
1247 2586 1317 2640 At
1340 2583 1618 2655 quomodo
1653 2583 1899 2636 l'uturum
1924 2583 2031 2638 istu

2172 2584 2387 2654 ὁμοφυῆ
2410 2583 2652 2653 δηλονότι
2679 2585 2767 2639 διά
2798 2587 2956 2641 τοῦτο
2986 2589 3050 2659 τῇ
3086 2578 3342 2659 ἀμπέλῳ,
3376 2590 3490 2651 πῶς
3507 2588 3615 2658 οὐχὶ
3632 2587 3721 2640 θεοὶ

398 2729 405 2735 .
480 2683 605 2737 est?
640 2684 748 2737 Aut
782 2680 1060 2753 quomodo
1083 2696 1273 2735 verum
1305 2685 1389 2733 est
1419 2677 1563 2747 quod
1597 2677 1664 2730 de
1699 2676 1820 2745 ipso
1846 2676 1952 2729 dici

2174 2674 2316 2728 κατά
2369 2674 2532 2744 φύσιν
2585 2676 2825 2747 ἐσόμεθα
2847 2678 2942 2732 καὶ
2984 2680 3170 2750 ἡμεῖς,
3222 2679 3323 2749 τὴν
3377 2679 3510 2733 ίδίαν
3561 2677 3720 2746 ὥσπερ

482 2777 528 2831 si
559 2776 808 2846 ejusdem
833 2774 1051 2845 generis
1074 2779 1200 2827 sunt
1228 2786 1351 2825 cum
1379 2769 1485 2823 vile
1519 2768 1815 2839 palmites?
1836 2765 2037 2821 Necess

2173 2764 2404 2834 ἀφέντες
2440 2766 2635 2837 (ptiar);
2705 2769 2844 2823 Ἀλλ’
2871 2770 2988 2824 ἐστι
3038 2771 3100 2825 τὸ
3124 2772 3275 2826 οὕτω
3306 2775 3516 2843 φρονεῖν
3534 2771 3631 2825 τῶν
3659 2772 3721 2833 είς

481 2866 630 2922 enim
659 2874 741 2921 est
775 2875 872 2919 aut
916 2880 1020 2919 nos
1051 2864 1198 2933 ipsos
1229 2861 1297 2915 ad
1334 2875 1475 2915 verm
1505 2860 1729 2914 deitatis
1763 2858 1945 2914 eﬁ‘erri
1979 2873 2036 2912 na

2174 2858 2343 2929 ἀκρον
2365 2860 2685 2925 δυσσεϐείας
2726 2863 2967 2934 ἡκόντων
3020 2866 3234 2920 κακῶν.
3272 2867 3610 2939 Πεποιὴμεθα
3634 2866 3720 2938 γὰρ

482 2967 689 3020 turam,
729 2965 823 3011 aut
873 2958 1023 3010 iilam
1081 2953 1147 3007 ad
1182 2968 1297 3008 .nos
1345 2952 1575 3006 deduci:
1633 2950 1879 3020 ejusdem
1924 2951 2034 3004 enin

2174 2952 2356 3021 ἡμεῖς·
2405 2952 2538 3017 Θεὸς
2565 2953 2624 3006 δὲ
2656 2955 2801 3007 κατά
2835 2956 2997 3024 φύσιν
3030 2959 3179 3011 ἐστὶν
3224 2961 3252 3013 ὁ
3290 2960 3437 3023 Υἱός.
3476 2958 3599 3015 Εἶτα
3630 2959 3721 3021 πῶς

483 3056 612 3102 διίηι
639 3044 858 3118 generis
882 3059 1008 3099 cum
1040 3043 1151 3095 vite
1180 3041 1456 3111 palmites.
1490 3039 1739 3108 Cumque
1776 3037 1950 3093 Filius
1990 3036 2038 3090 di

2176 3043 2329 3098 ἔσται
2357 3044 2512 3098 τοῦτο
2540 3062 2553 3109 ;
2579 3046 2702 3109 Πῶς
2739 3047 2793 3100 δὲ
2826 3048 3027 3119 ἀληθὲς
3054 3052 3140 3103 ἐπ’
3164 3051 3322 3122 αὐτῷ
3359 3052 3419 3106 τὸ
3451 3053 3716 3123 λεγόμενον,

484 3151 608 3190 cat:
655 3155 674 3187 ε
734 3136 847 3205 Ego
876 3143 930 3188 et
957 3134 1120 3188 Pater
1145 3147 1313 3187 unum
1351 3147 1546 3187 sumus
1579 3132 1647 3197 ⁸³,
1685 3149 1704 3181 ι
1756 3132 1919 3186 etiam
1972 3145 2039 3183 uo

2177 3133 2336 3204 εἴπερ
2363 3135 2501 3187 εἰσὶν
2529 3136 2745 3206 ὁμοφυῆ
2767 3139 2830 3207 τῇ
2860 3136 3095 3209 ἀμπέλῳ
3113 3137 3181 3192 τά
3200 3140 3305 3209 κλή
3316 3158 3491 3212 ματα;
3522 3140 3717 3206 Ἀνάγκη

491 3227 593 3294 ipsi
634 3242 740 3281 una
777 3227 1077 3281 evehemur
1110 3225 1177 3279 ad
1211 3223 1583 3279 omnimodam
1621 3238 1748 3277 cum
1801 3221 1965 3276 Patre
1998 3221 2045 3275 si

2176 3185 2369 3295 γάρίῆ
2406 3224 2501 3278 καὶ
2541 3185 2692 3296 ﬁeri;
2734 3185 2934 3291 αὐτοὺς
2966 3189 3185 3300 είς⁸τὴν
3237 3185 3353 3302 τιέξ
3385 3185 3622 3301 θεότητος

485 3320 878 3384 niilitudiuem,
906 3328 1000 3372 aut
1037 3318 1155 3387 ipse
1181 3316 1342 3371 Pater
1373 3316 1440 3369 ad
1472 3324 1722 3370 nostram
1758 3312 2040 3368 similitudi

2173 3314 2410 3384 ἀληθοῦς
2443 3316 2873 3386 ἀνακομίζεσθσι
2921 3318 3103 3387 φύσιν,
3153 3321 3326 3392 ἧγουν
3357 3322 3560 3393 ἐκείνην
3583 3336 3721 3375 κατα-

485 3423 611 3463 nem
659 3408 991 3463 detrudetur
1038 3423 1145 3462 una
1194 3422 1317 3461 cum
1352 3406 1513 3470 Filio,
1549 3406 1643 3476 qui
1691 3404 1937 3475 ejusdem
1973 3418 2040 3458 no

2175 3404 2489 3469 σιδάζεσθαι
2522 3408 2659 3478 πρὸς
2690 3409 2856 3478 ἡμᾶς’
2884 3411 3096 3481 όμοφυῆ
3148 3411 3259 3485 γάρ
3293 3416 3358 3484 τῇ
3416 3412 3627 3483 ἀμπέλῳ
3663 3409 3718 3463 τὰ

484 3497 702 3553 hiscum
737 3506 817 3553 est
849 3498 1086 3569 generis.
1124 3494 1318 3551 Videte
1349 3510 1480 3565 ergo
1508 3504 1716 3564 quanta
1753 3492 1886 3547 hinc
1926 3493 2039 3548 blas

2174 3496 2448 3566 κλήματα.
2473 3499 2584 3551 Καὶ
2608 3499 2837 3572 ἐπείπερ
2869 3501 3115 3569 φαίνεται
3147 3502 3323 3573 λέγων
3339 3508 3367 3559 6
3392 3505 3533 3570 Υἱός·
3557 3522 3574 3557 ι
3605 3499 3719 3570 Ἐγὼ

486 3587 832 3657 phemiarum
887 3587 1050 3642 turba
1084 3602 1142 3643 se
1164 3586 1382 3657 prodat.
1417 3585 1688 3651 Quocirca
1711 3582 1959 3637 rationes
1987 3596 2041 3637 se

2175 3588 2271 3641 καλ⁸
2301 3590 2330 3641 6
2365 3589 2555 3660 Πατὴρ
2580 3589 2638 3643 έν
2660 3592 2851 3657 ἐσμεν,
2879 3611 2897 3645 ι
2938 3584 3034 3646 καὶ
3077 3593 3241 3663 ἡμεῖς
3288 3597 3416 3651 αὐτὸ
3451 3590 3718 3669 [reuinci]

486 3695 721 3750 quemur
760 3679 964 3750 potius,
1015 3679 1307 3734 credentes
1356 3675 1556 3741 Filium
1606 3690 1702 3744 per
1730 3674 1954 3728 modum
1991 3674 2037 3729 si

2182 3679 2668 3750 συναναὸησόμεθα
2723 3681 2860 3751 πρὸς
2921 3681 3253 3754 ὁμοιότητα,
3316 3687 3415 3756 τὴν
3464 3685 3593 3740 κατά
3634 3683 3720 3735 πᾶν

487 3772 816 3828 militudinis
841 3781 897 3827 et
925 3772 1164 3841 exempli
1187 3772 1374 3826 dicere
1403 3788 1416 3825 :
1454 3786 1471 3820 ι
1504 3769 1618 3839 Ego
1645 3783 1770 3824 sum
1802 3767 1949 3831 vitis.
1974 3781 2042 3820 vo

2180 3768 2360 3824 ὁτιοῦν
2383 3771 2521 3841 πρὸς
2546 3770 2637 3824 τὸν
2684 3771 2927 3843 Πατέρα,
2968 3772 3001 3842 ἢ
3034 3774 3127 3827 xal.
3184 3775 3347 3840 αὐτὸς
3389 3776 3418 3829 6
3467 3775 3636 3844 Πατὴρ
3658 3774 3720 3827 εἰς

485 3864 760 3932 palmites,
800 3865 964 3921 Pater
992 3881 1148 3919 meus
1180 3864 1420 3934 agricola
1449 3870 1553 3917 est.
1598 3880 1617 3915 ι

2180 3862 2455 3933 ἡμετέραν
2488 3863 2749 3934 ὁμοίωσιν
2786 3865 3392 3939 συγκαθελκυσθήσεται
3414 3868 3488 3939 τῷ
3523 3862 3719 3937 Υίῷ,τῷ

487 3956 624 4026 πρδς
654 3960 803 4028 ἡμᾶς
828 3960 1074 4029 ὁμοφυεῖ.
1118 3959 1313 4029 Ὁρᾶτε
1336 3956 1402 4027 δὴ
1431 3951 1548 4018 οὖν,
1575 3955 1700 4008 ὅσον
1731 3954 1861 4024 ἡμῖν
1881 3952 2131 4008 ἐντεῦθεν
2156 3953 2481 4026 δυσφημιῶν
2509 3956 2790 4011 ἀνατέλλει
2818 3956 3068 4030 θόρυϐος.
3139 3962 3243 4015 Διά
3300 3962 3364 4031 δὴ
3418 3961 3585 4027 τοῦτο,
3630 3957 3719 4023 τοῖς

484 4050 542 4117 ἐξ
575 4051 834 4120 ἀληθείας
864 4051 1062 4121 μᾶλλον
1086 4050 1328 4121 ἑψόμεθα
1375 4050 1677 4120 λογισμοῖς,
1722 4047 2210 4117 ὲνεὺποδείγματος
2272 4048 2487 4121 τρόπῳ,
2521 4048 2876 4115 πιστεύοντες
2925 4052 3017 4105 τὸν
3081 4051 3215 4106 Υίδν
3279 4055 3484 4106 εἰπεῖν’
3550 4070 3568 4104 ι
3609 4046 3723 4118 Ἐγώ

484 4145 602 4212 εἰμι
632 4145 665 4212 ἡ
697 4143 960 4213 ἄμπελος,
993 4144 1151 4212 ὑμεῖς
1182 4142 1249 4196 τά
1300 4142 1574 4212 κλήματα,
1604 4143 1632 4194 ὁ
1684 4139 1876 4209 Πατήρ
1912 4157 2014 4210 μου
2045 4139 2073 4191 ὁ
2113 4140 2362 4211 γεωργός
2392 4141 2561 4195 ἐστιν.
2587 4161 2605 4191 ›
2682 4166 2693 4172 -

562 4233 676 4298 XV,
725 4234 781 4287 2.
841 4236 1060 4288 Omnem
1102 4234 1376 4304 palmitem
1420 4236 1476 4288 in
1528 4250 1608 4288 me
1666 4252 1772 4288 non
1825 4234 2075 4302 ferentem

2251 4232 2381 4287 Πᾶν
2419 4232 2627 4302 κλῆμα
2657 4234 2728 4288 ἐν
2777 4234 2903 4304 ἐμοὶ
2942 4235 3030 4305 μὴ
3087 4237 3291 4307 φέρον.
3318 4234 3560 4306 καρπὸν,
3598 4230 3721 4298 αἴρει

487 4326 743 4395 fructum,
783 4326 927 4378 tollet
964 4343 1083 4379 eum
1114 4368 1129 4391 ,
1165 4336 1215 4381 et
1247 4343 1453 4381 omnem
1510 4327 1599 4397 qui
1656 4325 1758 4393 fert
1816 4325 2042 4393 fructum

2175 4324 2342 4387 αὐτὸ,
2377 4325 2475 4378 καὶ
2504 4327 2630 4381 πᾶν
2676 4326 2744 4379 τὸ
2795 4328 3032 4395 καρπὸν
3064 4330 3252 4399 φέρον
3289 4328 3544 4398 καθαίρει
3569 4324 3718 4383 αὐτὸ,

483 4417 730 4486 purgabil
759 4432 900 4479 eum,
936 4427 990 4470 ut
1020 4418 1257 4486 fructum
1289 4418 1410 4485 plus
1444 4418 1663 4486 a/ferat.

1467 4418 1663 4486 tﬂ‘erat.
2175 4414 2277 4467 ἵνα
2305 4416 2541 4482 καρπὸν
2573 4417 2830 4471 πλείονα
2849 4418 3022 4487 φέρῃ.

560 4509 767 4564 Allecto
821 4520 876 4564 et
921 4511 1245 4565 habitudine
1281 4517 1505 4564 constat
1556 4517 1751 4564 nostra
1801 4506 2073 4579 congluti-

2259 4506 2482 4577 Ἐκτικὴ
2515 4507 2613 4579 μὲν
2643 4509 2675 4578 ὴ
2685 4509 2801 4579 μῶν
2829 4511 2862 4581 ἡ
2886 4511 3142 4582 κόλλησις
3187 4512 3325 4583 πρὸς
3351 4508 3720 4582 Χριστδν,προ-

485 4602 639 4656 natio
666 4617 789 4655 cum
828 4602 1072 4665 Christo,
1103 4616 1224 4670 quae
1255 4600 1528 4655 claritatis
1556 4599 1666 4654 vim
1687 4614 1754 4654 ex
1785 4599 2035 4669 proposit

2177 4602 2457 4674 αιρετικὴν
2489 4601 2688 4673 ἔχουσα
2738 4604 2837 4674 τῆς
2895 4604 3198 4675 σαφηνείας
3253 4605 3352 4675 τὴν
3380 4603 3613 4671 δύναμιν,
3652 4611 3721 4648 τεο

484 4702 540 4748 et
577 4694 860 4748 voluntate
894 4694 1081 4755 habet,
1114 4692 1210 4747 sed
1240 4705 1359 4745 eam
1391 4682 1663 4745 charitate
1714 4704 1779 4744 ac
1811 4690 1919 4745 ﬁde
1955 4705 2039 4760 per

2190 4693 2396 4747 tezoﬁaa
2419 4693 2475 4746 δὲ
2502 4693 2694 4765 ἀγάπῃ
2725 4695 2821 4748 καὶ
2842 4694 3046 4747 πίστει.
3082 4695 3192 4749 Καὶ
3222 4697 3255 4767 ἡ
3293 4695 3391 4765 μὲν
3432 4691 3600 4752 πίστις
3624 4684 3745 4787 ταῖςῄ

487 4785 619 4839 ﬁcit.
658 4784 725 4838 Et
779 4785 916 4839 ﬁdes
961 4776 1182 4853 quidem
1234 4782 1444 4836 nostris
1485 4782 1691 4837 animis
1721 4780 1943 4844 insidet,
1975 4797 2042 4850 pu

2190 4784 2479 4855 ἡμετέραις
2508 4784 2862 4848 εἰσοικίζεται
2889 4784 3111 4855 ψυχαῖς,
3131 4785 3405 4857 ἀκραιφνῆ
3422 4783 3515 4850 τῆς
3531 4780 3721 4844 θεογνω·
3742 4776 3745 4831 ἒ

485 4890 603 4927 ram
645 4875 850 4929 divina;
873 4874 1214 4946 cognitionis
1244 4873 1498 4943 praebens
1528 4874 2033 4929 manifestationem

2181 4874 2301 4938 σίας
2344 4874 2661 4947 παρέχουσα
2710 4875 2810 4945 τὴν
2865 4876 3121 4945 δήλωσιν.
3171 4877 3232 4929 '0
3276 4874 3337 4928 δὲ
3396 4872 3491 4941 τῆς
3533 4868 3722 4936 ἀγάπης

486 4966 786 5022 charitatis
818 4974 1003 5021 autem
1048 4967 1191 5021 ratio
1239 4964 1483 5020 mandati
1537 4965 1700 5020 nobis
1733 4966 1802 5021 ab
1833 4979 1899 5021 eo
1935 4980 2041 5035 pra=

2233 4964 2398 5030 ›όπος,
2431 4965 2531 5035 τῆς
2589 4964 2719 5035 παρ’
2778 4963 2945 5018 αὐτοῦ
2983 4964 3350 5036 διορισθείσης
3386 4964 3510 5033 ήμίν
3533 4952 3722 5021 ἐντολῆς
3780 4956 3788 4959 ’

489 5054 681 5124 scripti
741 5056 978 5127 requirit
1017 5056 1482 5112 observationem.
1531 5054 1623 5111 Sic
1673 5057 1819 5111 enim
1875 5057 2044 5112 alicui

2186 5058 2410 5111 ἀπαιτεῖ
2432 5055 2532 5127 τὴν
2558 5055 2814 5127 τήρησιν.
2865 5055 3024 5111 Οὕτω
3053 5059 3160 5128 γάρ
3198 5073 3301 5111 που
3333 5053 3426 5106 xai.
3476 5048 3624 5109 αὐτὸς
3646 5043 3720 5095 τὸν

487 5145 654 5197 etiam
688 5145 808 5216 ipse
845 5147 1170 5217 diligentem
1208 5160 1271 5200 se
1297 5146 1621 5223 ostendens,
1652 5148 1877 5202 aiebat:
1911 5165 1929 5198 ι
1985 5146 2042 5214 ρι

2184 5147 2485 5218 ἀγαπῶντα
2525 5146 2741 5210 δεικνὺς
2798 5146 3055 5216 ἔφασκεν⁸
3119 5167 3140 5199 ¢
3188 5146 3247 5200 Ὀ
3280 5141 3502 5214 ἀγαπῶν
3543 5154 3605 5209 με
3641 5133 3720 5194 τὰς

489 5234 673 5305 diligit
726 5252 835 5301 me,
885 5237 1145 5291 mandata
1184 5250 1302 5290 mea
1354 5237 1670 5291 servabit‘.
1712 5255 1730 5289 ι
1785 5235 2044 5293 Sciendui

2180 5238 2405 5302 ἐντολάς
2434 5255 2535 5309 μου
2560 5239 2815 5310 τηρήσει.
2846 5257 2865 5289 ι
2911 5238 3109 5292 ’ἰστέον
3128 5233 3220 5292 οὖν
3253 5239 3336 5291 ὅτι
3383 5230 3719 5298 συνενούμενοι

490 5327 695 5395 itaque,
748 5328 878 5384 licet
919 5329 971 5383 ei
1019 5330 1155 5385 uniti
1190 5331 1367 5385 simus
1410 5343 1509 5399 per
1543 5329 1723 5394 ﬁdem,
1758 5336 1812 5383 et
1852 5328 1907 5382 in
1937 5329 2045 5383 nud

2167 5330 2285 5401 ,μὲν
2324 5328 2412 5383 διὰ
2459 5330 2697 5391 πίστεως
2741 5327 2912 5399 αὐτῷ,
2954 5329 3052 5383 καὶ
3101 5331 3159 5382 ὲν
3213 5328 3396 5398 ψιλαῖς
3426 5324 3516 5380 καὶ
3557 5317 3719 5390 μόναις

490 5432 557 5472 ac
590 5417 709 5473 sola
753 5419 1112 5478 confessione
1158 5421 1574 5493 eonjunctionis
1609 5419 1832 5475 modum
1868 5428 2045 5476 statua

2176 5420 2493 5491 ὁμολογίαις
2549 5420 2611 5472 τὸ
2662 5418 2762 5490 τῆς
2826 5419 3134 5491 κολλήσεως
3204 5416 3345 5482 εἶδος
3407 5405 3716 5481 ἐπιτηδεύον-

491 5524 640 5574 nius,
671 5524 851 5580 neque
876 5528 1009 5568 vero
1048 5514 1211 5572 bonis
1250 5515 1543 5571 charitatis
1594 5514 1910 5570 actionibus
1955 5529 2046 5570 cor

2177 5530 2271 5576 τες
2301 5550 2318 5577 ν
2355 5512 2417 5564 οὐ
2487 5511 2595 5583 μὴν
2638 5512 2734 5565 καὶ
2773 5513 2887 5575 τοῖς
2933 5510 2991 5578 ἐξ
3025 5512 3246 5581 ἀγάπης
3308 5501 3716 5578 ἀνδραγαθήμασι

488 5599 793 5668 juictionis
829 5602 977 5660 illius
1009 5607 1290 5663 vinculum
1320 5609 1546 5677 insuper
1571 5606 1934 5678 stringamus,
1962 5607 2043 5677 pal

2187 5604 2278 5658 τὸν
2335 5603 2439 5672 τῆς
2504 5601 2796 5671 συναφείας
2860 5601 3057 5672 δεσμὸν
3117 5600 3551 5670 ὲπισφίγγοντες,
3608 5583 3714 5654 κλῆ⁶

570 5777 617 5809 ’⁷
659 5776 817 5833 Joan.
852 5794 961 5844 xlv,
996 5782 1049 5835 6.
1127 5784 1173 5815 ⁵⁸
1214 5781 1231 5834 l
1266 5782 1423 5843 Joan.
1457 5799 1517 5849 v,
1548 5783 1639 5836 20.
1718 5784 1762 5816 ³³
1804 5781 1965 5839 Joan.
2002 5798 2067 5845 χ,
2108 5781 2125 5836 Ξ

1214 5781 1231 5834 l
1266 5782 1423 5843 Joan.
1457 5799 1517 5849 v,
1548 5783 1639 5836 20.
1718 5784 1762 5816 ⁹⁹
1804 5781 1965 5839 Joan.
2002 5798 2067 5845 χ,
2108 5781 2199 5836 50.
2281 5782 2294 5812 ¹
2334 5779 2490 5835 Joau.
2527 5796 2638 5846 XIV,
2675 5781 2766 5835 2'5.
