3938 6414
211 348 336 405 549

1293 348 1376 412 ,ΙΝ
1403 349 1694 408 JOANNIS
1727 347 2176 407 EVANGELIUM
2212 349 2340 405 LIB.
2374 347 2445 405 Χ.

3408 350 3514 405 550

212 476 379 531 ματα
446 458 547 532 μὲν
590 459 830 533 ἐσόμεθα
862 501 876 527 ,
934 461 1104 534 νεκρά
1152 462 1209 519 δὲ
1263 464 1414 536 ὅμως
1455 466 1549 520 καὶ
1575 465 1819 536 ἄκαρπα.

1936 464 2090 518 mites
2123 463 2345 533 quidem
2380 477 2482 518 nos
2513 461 2651 528 fore,
2696 461 2793 518 sed
2827 470 3073 518 mortuos
3105 469 3309 530 tamen,
3335 477 3399 517 ac
3432 464 3514 517 in-

220 572 242 603 ι
291 553 432 626 Δίχα
494 555 605 626 γάρ
659 555 840 627 ἔργων
887 557 920 628 ἡ
978 558 1162 622 πίστις
1204 560 1379 631 νεκρά
1431 561 1579 625 ἐστι,
1625 579 1643 612 ι
1676 561 1819 615 κατά

211 643 328 716 τὴν
389 646 487 702 τοῦ
535 648 694 718 ἁγίου
730 650 938 721 φωνήν.
973 649 1038 704 Ei
1094 652 1276 706 τοίνυν
1337 652 1447 724 ἄρα
1508 653 1648 707 κατά
1706 652 1825 707 τοῦ·

216 757 318 794 τον
345 741 442 795 rbv
462 743 663 814 τρόπον
689 742 863 814 ὁρῷτό
885 761 941 797 τε
977 745 1073 798 καὶ
1116 746 1352 817 ὑπάρχοι
1377 746 1586 817 κλῆμα.
1621 747 1820 818 μάτην,

216 833 301 897 ὡς
329 833 466 898 ἔπος
492 837 689 901 εἰπεῖν,
720 836 830 889 τῶν
849 836 947 907 τῆς
975 837 1223 908 ἀμπέλου
1251 838 1518 909 στελεχῶν
1556 840 1824 908 ἐκκεκρεο

223 925 558 995 μασμένων,
584 926 718 981 [στω
747 926 811 981 δὴ
833 927 1052 992 πάντως
1074 932 1138 1000 τῇ
1168 928 1262 982 τοῦ
1298 930 1545 1001 γεωργοῦ
1577 931 1825 1004 δρεπάνῃ

221 1017 713 1088 περιτευξόμενον.
764 1019 1058 1090 Ἀποτεμεῖ
1103 1020 1213 1090 γάρ
1261 1021 1479 1085 πάντως
1529 1022 1697 1086 αὐτὸ,
1728 1022 1824 1075 καὶ

222 1105 490 1177 καθάπερ
540 1108 749 1160 εἰκαῖον
803 1108 1069 1177 συρφετὸν
1128 1109 1263 1180 πυρὶ
1317 1110 1580 1179 νέμεσθαι
1636 1110 1820 1168 δώσει.

224 1196 404 1251 Τοῦτο
438 1197 551 1268 γὰρ
585 1197 694 1251 τῶν
723 1198 987 1269 ἀκάρπων
1025 1200 1084 1252 rb
1114 1202 1288 1273 κρῖμα
1307 1241 1323 1268 ,
1348 1201 1620 1276 καθάπερ,
1643 1199 1820 1274 οἶμαι.

222 1292 326 1343 καὶ
351 1291 448 1344 ἐπὶ
478 1290 578 1361 τῆς
625 1290 701 1354 ὼς
728 1293 787 1344 ἐν
824 1291 955 1345 εἴδει
1004 1295 1318 1366 παραϐολῆς
1362 1295 1825 1369 παραληφθείσης

225 1385 431 1454 συκῆς.
465 1382 543 1454 τῷ
564 1383 895 1454 γηπονοῦντί
931 1404 1095 1456 φησιν
1128 1387 1271 1441 ὁτοῦ
1304 1389 1506 1460 χωρίου
1532 1389 1818 1463 δεσπότης·

230 1495 251 1527 ι
288 1474 572 1544 Ἐκκοψον
608 1476 801 1547 αὐτὴν,
832 1476 920 1531 ἴνα
965 1478 1018 1532 τί
1057 1479 1152 1532 καὶ
1178 1479 1277 1552 τὴν
1324 1482 1427 1552 γῆν
1459 1486 1760 1552 καταργεῖ;
1799 1503 1816 1536 ι

226 1565 394 1620 υῦτω
415 1565 655 1621 κάνθάδε
674 1565 883 1639 νομίζω
906 1569 999 1622 τὸν
1025 1548 1281 1625 ἁπάντων
1301 1548 1434 1626 θεδν
1459 1575 1553 1627 καὶ
1582 1548 1820 1646 Πατέρα,

224 1656 324 1711 τὸν
381 1658 606 1727 στεγνόν
639 1674 699 1712 τε
740 1660 834 1713 καὶ
871 1661 1063 1729 ἄγονον
1099 1662 1208 1717 τῶν
1233 1663 1529 1735 κλημάτων
1567 1665 1825 1737 ἀποθερί-

227 1748 351 1812 ζειν
383 1748 564 1820 δχλον,
594 1750 680 1803 ἐπ’
705 1751 883 1804 οὐδενὶ
911 1752 1019 1805 τῶν
1045 1754 1335 1825 χρησίμων
1365 1755 1462 1824 τῆς
1489 1756 1686 1827 νοητῆς
1716 1757 1821 1827 ἀμ-

228 1812 696 1913 πέλουτπαρηρτη
707 1843 884 1912 μένον.
921 1812 1092 1915 Οἴμάῖ
1107 1812 1165 1898 δὲ
1199 1812 1332 1916 ἐγὼ,
1367 1812 1460 1901 ei;
1488 1812 1596 1901 τῶν
1618 1812 1826 1920 ήμετιέ-
1857 1812 1901 1870 Β

231 1950 350 2003 ρων
364 1933 556 2004 ψυχῶν
577 1935 1093 2008 ὲπιμελητὴν,τοῦτ⁹
1121 1938 1236 1992 ἔστι
1263 1939 1415 2007 Θεὸν,
1447 1939 1708 2006 ἐπιδεῖξαι
1745 1940 1830 1993 θέ-

226 2022 350 2078 λειν
395 2025 486 2079 διά
515 2028 619 2097 τῆς
654 2029 714 2081 ὲν
762 2027 974 2101 τούτοις
1021 2030 1374 2102 παραϐολῆς,
1408 2033 1593 2085 ὁποῖόν
1642 2049 1701 2085 τε
1735 2032 1830 2086 καὶ

226 2117 364 2170 ὅσον
399 2118 662 2189 ὑπομένει
690 2119 750 2172 rb
779 2119 975 2190 βλάϐος
994 2124 1026 2190 ἠ
1060 2123 1156 2192 τῆς
1181 2123 1316 2192 πρὸς
1354 2124 1517 2178 αὑτὸν
1546 2127 1829 2198 κοινωνίας

229 2207 625 2278 ἀποτμηθεῖσα
679 2210 849 2284 ψυχή.
896 2214 1039 2283 Πρὸς
1081 2215 1142 2268 rb
1191 2217 1357 2287 μηδὲν
1399 2218 1507 2290 γὰρ
1551 2221 1830 2290 οἰχήσεται

229 2300 331 2353 καὶ
370 2299 645 2372 ἄχρηστος
670 2302 826 2357 ἔσται
861 2306 998 2377 πρὸς
1023 2309 1204 2362 πᾶσαν
1230 2310 1293 2377 ἀγ
1304 2309 1618 2384 αθουργίαν.
1649 2314 1830 2383 ἀναμ-

230 2391 481 2460 φιϐὀλως
518 2409 581 2461 γε
620 2395 744 2467 ,μὴν
778 2396 999 2450 κολάσει
1030 2400 1491 2472 παραδοθήσεται,
1531 2403 1625 2457 καὶ
1657 2403 1832 2474 πυρὸς

226 2480 392 2535 ἔσται
415 2482 511 2535 τοῦ
538 2485 853 2561 παμφάγου
880 2489 1075 2559 τροφή.
1111 2490 1221 2543 Καὶ
1264 2491 1395 2559 γοῦν
1434 2492 1522 2546 διὰ
1555 2492 1649 2546 τοῦ
1695 2511 1832 2564 προ-

228 2575 415 2642 φήτου
450 2573 615 2628 πάλιν
655 2577 912 2649 Ίεζεχιὴλ
941 2581 1071 2633 αὐτὸ
1101 2581 1164 2651 δὴ
1211 2581 1390 2643 τοῦτο.
1422 2585 1516 2637 καὶ
1550 2584 1694 2655 μάλα
1729 2603 1829 2641 σα-

231 2666 358 2734 φῶς
415 2665 790 2738 διερμηνεύων
829 2669 1015 2739 ἔλεγεν
1050 2690 1062 2701 ο
1098 2691 1116 2723 ι
1158 2674 1253 2726 Υἱὲ
1310 2675 1598 2746 ἀνθρώπου
1623 2719 1636 2741 ,
1668 2678 1721 2730 τί
1765 2678 1832 2732 ἂν

232 2757 456 2827 γένοιτο
505 2760 564 2813 rb
597 2761 752 2824 ξύλον
784 2763 885 2832 τῆς
909 2764 1157 2835 ἀμπέλου
1190 2767 1253 2819 ὲκ
1286 2768 1504 2821 πάντων
1532 2755 1640 2820 τῶν
1661 2768 1834 2835 ξύλων

232 2852 350 2904 τῶν
388 2852 561 2907 ὄντων
597 2855 655 2906 ἐν
676 2858 790 2918 τοῖς
831 2854 1006 2920 ξύλοις
1036 2858 1132 2911 τοῦ
1170 2859 1418 2930 δρυμοῦ;
1454 2861 1545 2930 Μὴ
1575 2860 1835 2932 λήψονται

233 2944 295 3011 ἐξ
332 2945 506 2998 αὐτοῦ
534 2945 688 3010 ξύλον
717 2947 812 3001 τοῦ
844 2950 1067 3020 ποιῆσαι
1094 2952 1174 3014 είς
1204 2951 1467 3023 ἐργασίαν
1492 2970 1506 3019 ;
1530 2952 1563 3024 ἦ
1588 2952 1682 3006 τοῦ
1715 2969 1838 3023 κρε-

235 3038 419 3105 μάσαι
454 3040 513 3091 ὲν
547 3038 696 3110 αὐτῷ
731 3041 842 3093 πᾶν
872 3041 1100 3106 σκεῦος;
1137 3043 1247 3115 Τὴν
1276 3043 1673 3098 κατ”ὲνιαυτδν
1704 3044 1836 3098 κάθ-

1925 554 2263 623 fructuosos.
2288 555 2422 610 Nam
2449 574 2468 607 ι
2491 554 2636 632 ‘lides
2658 555 2781 611 sine
2811 555 3080 625 operibus
3112 562 3328 609 mortua
3358 565 3462 617 est,
3493 575 3511 608 ι

1921 648 2087 718 867
2116 649 2271 717 juxta
2311 649 2459 705 illius
2487 649 2661 703 sancti
2689 663 2876 703 vocem
2898 650 2941 699 ¹.
2964 646 3022 702 Si
3044 648 3169 719 quis
3199 663 3330 717 ergo
3352 648 3517 704 istius

1922 739 2070 794 modi
2115 750 2372 795 cernatur
2419 748 2474 794 et
2500 742 2569 794 sit
2600 739 2835 811 palmes,
2866 739 3097 802 frustra,
3125 748 3185 794 ut
3211 755 3322 794 uno
3343 741 3519 794 verbo

1923 830 2131 897 dicam,
2152 833 2454 886 sarmentis
2483 848 2513 887 e
2538 832 2647 886 vite
2667 832 3057 902 pendentibus,
3075 832 3216 887 sciat
3243 832 3433 903 utique
3458 831 3515 885 in

1922 921 2179 977 vinitoris
2221 922 2415 979 falcem
2459 940 2519 979 se
2573 925 2959 980 incursurum.
3006 923 3330 994 Amputabit
3364 924 3511 979 enim

1924 1014 2128 1084 ipsum,
2153 1032 2217 1071 ac
2249 1017 2397 1071 velut
2432 1017 2648 1071 inanem
2677 1018 2887 1087 paleam
2930 1017 2983 1070 in
3022 1017 3199 1087 ignem
3235 1015 3511 1086 projiciet.

1926 1105 2043 1162 Hoc
2065 1109 2210 1162 eiiim
2239 1118 2322 1164 est
2348 1111 2619 1165 sterilium
2640 1119 2693 1165 et
2720 1108 3187 1164 infructuosorum
3211 1108 3511 1179 judicium,

1923 1202 2387 1271 quemadmodum
2419 1211 2473 1257 et
2508 1202 2575 1257 de
2615 1202 2719 1257 ficu
2749 1203 3024 1273 parabolze
3064 1202 3187 1256 loco
3227 1208 3511 1269 assumpta

1925 1291 2043 1360 agri
2067 1291 2328 1349 dominus
2352 1293 2551 1348 colono
2584 1294 2699 1346 ait:
2751 1311 2769 1343 ι
2811 1292 3050 1348 Succide
3103 1292 3274 1352 illam.
3309 1284 3506 1361 utquid

1923 1381 2086 1435 etiam
2124 1388 2325 1435 terram
2351 1396 2583 1453 occupat
2604 1381 2695 1436 ‘1’»
2730 1383 2803 1437 ita
2834 1393 2888 1437 et
2923 1382 3011 1436 hic
3038 1382 3237 1452 Opinor
3265 1380 3509 1436 universi

1925 1472 2095 1529 Deum
2126 1490 2190 1529 ac
2233 1473 2452 1529 Patrem
2502 1474 2743 1530 sterilem
2778 1480 2835 1528 et
2870 1472 3272 1527 infructuosam
3319 1470 3514 1540 palmi-

1925 1576 2039 1623 tum
2072 1584 2152 1623 ex.
2173 1568 2530 1623 intellectuali
2563 1567 2671 1622 vite
2701 1565 2901 1622 frustra
2940 1564 3265 1636 pendentem
3295 1563 3509 1617 turbam

1925 1658 2224 1714 demetere.
2262 1657 2530 1713 Existimo
2569 1665 2755 1711 autem
2799 1671 2900 1726 ego
2937 1663 3252 1709 nostrarum
3299 1652 3513 1706 anima-

1928 1766 2054 1805 rum
2091 1758 2435 1815 curatorem,
2473 1749 2580 1803 hoe
2612 1756 2697 1803 est
2739 1745 2932 1811 Deum,
2966 1761 3061 1816 per
3095 1745 3193 1799 lias
3219 1743 3514 1814 parabolas

1931 1842 2225 1898 ostendere
2266 1842 2410 1896 velle
2442 1841 2661 1910 qualem
2692 1846 2750 1893 et
2780 1847 3038 1908 quantam
3083 1836 3355 1905 iacturam
3391 1848 3517 1903 pas-

1931 1948 2061 1989 sura
2092 1933 2164 1987 sit
2193 1932 2378 1986 anima
2413 1932 2483 1986 ab
2512 1930 2632 2000 ejus
2672 1931 2954 1985 consortio
2999 1934 3235 1983 resecta.
3274 1926 3330 1979 In
3373 1925 3517 1979 nihi-

1931 2025 2043 2079 lum
2074 2025 2275 2095 quippe
2305 2023 2537 2091 reci-let,
2580 2031 2633 2078 et
2661 2023 2725 2077 ad
2762 2036 2981 2077 omnem
3012 2020 3284 2074 actionem
3314 2018 3514 2072 bonam

1930 2116 2037 2170 erit
2079 2116 2330 2182 inutilis,
2382 2116 2631 2186 adeoque
2691 2116 2827 2170 citra
2892 2113 3291 2169 dubitationem
3349 2109 3515 2163 ullam

1931 2209 2205 2279 supplicio
2236 2208 2507 2270 tradetur,
2536 2215 2748 2261 aeterno
2778 2207 2903 2277 igne
2933 2203 3332 2260 consumenda.
3362 2199 3518 2255 Unde

1931 2316 2030 2372 per
2058 2299 2392 2356 Ezechielem
2415 2299 2739 2368 prophetam
2774 2296 3012 2365 idipsum
3043 2295 3190 2348 clare
3221 2292 3517 2348 admodum

1932 2391 2215 2460 explicans
2255 2390 2477 2444 aiebat:
2520 2410 2537 2440 ι
2574 2387 2672 2442 Fili
2700 2387 2961 2449 hominis,
2999 2385 3129 2455 quid
3164 2385 3251 2439 fiet
3278 2382 3345 2436 de
3371 2382 3521 2452 ligno

1930 2482 2062 2537 vitis
2118 2496 2186 2535 ex
2246 2480 2504 2535 omnibus
2548 2479 2716 2549 lignis
2766 2487 3177 2534 sarmentorum
3229 2490 3350 2545 quae
3392 2479 3521 2528 sunt

1933 2573 2076 2628 inter
2114 2573 2257 2643 ligna
2304 2572 2496 2627 silvae?
2556 2571 2612 2625 Si
2670 2571 2866 2625 tollent
2917 2570 2985 2624 de
3047 2569 3139 2622 illa
3192 2567 3399 2635 lignum
3450 2562 3519 2631 ad

1935 2665 2247 2719 faciendum
2294 2664 2349 2717 in
2385 2663 2636 2734 Opus?si
2691 2661 2883 2716 tollent.
2918 2664 2988 2714 de
3041 2675 3102 2713 ea
3154 2657 3412 2728 paxillum
3450 2652 3518 2706 ad

1935 2755 2387 2828 suspendendum
2422 2769 2590 2825 super
2623 2769 2747 2809 eum
2781 2752 3153 2823 quodcunque
3188 2746 3333 2803 vas?
3379 2745 3523 2799 Ecce

1934 2850 2047 2921 igni
2082 2848 2270 2904 datum
2305 2856 2412 2911 est,
2447 2861 2689 2901 annuam
2718 2844 3101 2915 purgationem
3134 2857 3199 2896 ex
3223 2854 3287 2895 ea
3321 2854 3524 2893 consu-

1934 2941 2034 2996 mit
2064 2940 2229 3011 ignis,
2260 2947 2315 2995 et
2341 2939 2573 2994 dimittit
2618 2938 2670 2992 in
2706 2938 2866 2991 linem
2898 2954 2911 2990 :
2960 2932 3209 3003 nunquid
3250 2931 3384 2985 utile
3411 2931 3519 2985 erit

1938 3034 2006 3089 ad
2041 3049 2181 3104 Opus
2207 3032 2271 3085 i?
2311 3051 2329 3083 ι
2358 3030 2748 3085 Animadverte
2773 3028 2941 3098 igitur
2970 3041 3080 3096 quo
3106 3032 3264 3094 pacto
3299 3023 3350 3077 id
3377 3021 3523 3091 quod

231 3145 404 3199 αρσιν
432 3130 606 3202 αὐτῆς
629 3132 912 3187 ἀναλίσκει
941 3135 1001 3187 rb
1029 3134 1267 3205 πῦρ,κα“ι
1287 3134 1527 3192 ἐκλείπει
1556 3137 1635 3199 εἰς
1656 3137 1829 3203 τέλος,

1938 3124 2106 3181 semel
2134 3124 2370 3179 recisum
2411 3129 2520 3186 est,
2556 3135 2620 3176 ac
2647 3120 2868 3190 penitus
2914 3119 3187 3179 avulsum,
3226 3113 3420 3168 inutile
3451 3112 3527 3167 sit

2401 3217 2415 3231 ι
2485 3217 2517 3231 II
2688 3230 2691 3231 ,
2744 3230 2747 3231 ,
2796 3230 2801 3231 ,
2833 3212 3000 3231 .-I!.__.
3048 3208 3290 3231 -,ιι.ει.--ῑ
3327 3204 3499 3231 ..ι-υ...ξρ

237 3221 317 3291 μὴ
349 3221 627 3294 χρήσιμον
652 3223 809 3278 ἔσται
837 3229 919 3289 εἰς
960 3226 1225 3297 ἐργασίαν
1255 3244 1269 3293 ;
1304 3246 1321 3279 ι
1366 3227 1532 3292 Σύνες
1556 3228 1620 3300 δὴ
1657 3224 1750 3283 οὖν
1773 3229 1835 3282 τὸ

236 3312 393 3378 ἅπαξ
442 3314 767 3386 ἀποτμηθὲν
795 3358 810 3381 ,
844 3319 936 3371 καὶ
992 3318 1307 3391 ὁλοκλήρως
1365 3320 1792 3391 ἀπεσπασμένον
1819 3361 1834 3387 ,

237 3407 523 3478 ἄχρηστον
574 3407 673 3479 μὲν
703 3409 985 3475 παντελῶς
1030 3411 1124 3464 καὶ
1157 3413 1237 3475 είς
1271 3411 1425 3466 οὐδέν
1451 3413 1570 3466 ἐστι
1600 3412 1708 3467 τῶν
1739 3413 1837 3467 ἀν-

238 3500 498 3568 αγκαίων
531 3501 962 3573 παραληφθῆναι
1015 3503 1335 3575 δυνάμενον,
1390 3505 1538 3575 μόνῳ
1588 3505 1647 3560 δὲ
1697 3506 1840 3577 τάχα

238 3588 588 3661 χρησιμεῦω
617 3590 774 3662 πυρί.
810 3587 936 3665 Ἆρ’
972 3590 1067 3649 οὖν
1094 3595 1154 3647 οὐ
1210 3594 1477 3665 πρόδηλον
1502 3634 1517 3660 ,
1548 3596 1624 3661 ὡς
1661 3598 1710 3650 εί
1745 3598 1840 3652 καὶ

242 3682 438 3752 κλῆμα
469 3683 785 3754 γενοίμεθα,
825 3687 924 3756 τῆς
955 3685 1055 3756 μὲν
1086 3686 1349 3741 πολυθέου
1375 3687 1586 3759 πλάνης
1608 3688 1840 3753 ὲξεσπα-

244 3775 461 3844 σμένοι.
480 3775 919 3847 ὁμολογήσαντες
942 3777 1001 3832 δὲ
1025 3777 1122 3848 τὴν
1145 3777 1329 3834 πίστιν
1356 3779 1453 3851 τὴν
1476 3782 1555 3843 εἰς
1581 3781 1838 3851 Χριστὸν,

244 3865 450 3939 ἔρημοι
487 3866 543 3921 δὲ
572 3867 660 3922 διά
692 3870 791 3940 τῆς
831 3868 942 3923 τῶν
967 3868 1145 3941 ἔργων
1188 3871 1500 3942 κολλήσεως
1524 3872 1840 3944 γενοίμεθα,

243 3960 473 4023 πάντως
501 3959 675 4029 δήπου
713 3960 783 4013 τά
814 3960 922 4015 τῶν
962 3962 1183 4017 είκαίων
1207 3963 1503 4034 κλημάτων
1535 3966 1842 4038 ὑποστησό-

248 4052 429 4124 μεθα;
478 4053 592 4106 Καὶ
631 4052 686 4106 τί
717 4054 793 4107 rb‘
823 4053 1008 4107 λοιπόν
1037 4070 1051 4119 ;
1099 4056 1547 4126 Ἀποτεμνόμεθα
1581 4057 1689 4129 γὰρ
1729 4058 1846 4111 ὁλο-

246 4146 494 4217 κλήρως,
530 4144 872 4215 δοθησόμεθα
919 4146 1028 4217 γὰρ
1065 4147 1160 4199 καὶ
1201 4149 1336 4218 πυρὶ
1383 4149 1479 4202 καὶ
1523 4150 1589 4218 ἢν
1626 4148 1844 4221 εἴχομέν

249 4253 386 4289 ποτε
443 4235 596 4306 παρά
642 4237 742 4307 τῆς
791 4238 1041 4307 ἀμπέλου
1093 4237 1363 4302 ζωοποιὸν
1424 4240 1664 4308 ἰκμάδα,
1697 4242 1845 4295 τοῦτ’

249 4326 389 4389 ἐστι,
423 4326 488 4379 rb
517 4326 743 4397 Πνεῦμα
778 4327 1304 4398 προσαποϐαλόντες.
1345 4328 1409 4380 Ὃ
1432 4328 1542 4398 γάρ
1578 4328 1682 4398 ἔφη
1713 4330 1847 4401 Χρι-

252 4420 402 4484 στὸς,
441 4419 536 4473 ἐπὶ
578 4418 674 4472 τοῦ
717 4417 778 4472 τὸ
829 4418 1095 4472 τάλαντον
1126 4416 1567 4489 καταχώσαντος,
1594 4417 1753 4473 τοῦτο
1779 4420 1845 4492 δὴ

1938 3236 2187 3293 prorsus,
2219 3233 2322 3273 nec
2349 3217 2417 3272 ad
2445 3217 2611 3271 ullam
2644 3230 2757 3269 rem
2793 3212 3001 3267 utiliter
3047 3208 3293 3264 adhiberi
3327 3204 3523 3277 possit,

1938 3312 2036 3368 sed
2069 3312 2178 3383 igni
2217 3309 2485 3365 duntaxat
2513 3305 2800 3362 inserviat.
2830 3301 3104 3372 Numquid
3136 3314 3267 3369 ergo
3295 3295 3527 3352 manife-

1939 3413 2086 3463 stum
2123 3412 2227 3470 est,
2260 3402 2481 3457 tametsi
2514 3399 2770 3470 palmites
2819 3396 2996 3453 simus
3027 3409 3058 3447 a
3104 3392 3244 3447 falso
3298 3391 3526 3445 deorum

1940 3500 2093 3555 cultu
2128 3496 2323 3559 avulsi,
2383 3504 2437 3549 et
2470 3491 2629 3547 fidem
2675 3490 2731 3545 in
2779 3487 3068 3543 Cbristu‘m
3115 3480 3381 3542 confessi.
3417 3478 3526 3534 nisi

1943 3597 2124 3644 tamen
2157 3588 2415 3659 operibus
2438 3583 2488 3639 ei
2523 3580 2808 3651 conjuncti
2844 3578 3136 3640 fuerimus,
3164 3573 3326 3660 idem
3364 3569 3528 3626 nobis

1941 3681 2090 3753 quod
2140 3678 2432 3736 inutilibus
2487 3673 2812 3746 palmitibus
2861 3678 3224 3729 eventurum,
3282 3663 3529 3732 adeoque

1942 3790 2047 3831 nos
2084 3772 2333 3829 excisum
2379 3770 2448 3823 iri
2479 3767 2725 3839 penitus,
2762 3763 2873 3833 igni
2911 3758 3230 3819 tradendos,
3273 3771 3339 3809 eo
3366 3767 3529 3822 quem

1943 3864 2075 3921 olim
2103 3879 2133 3918 a
2174 3863 2286 3916 vite
2312 3859 2657 3915 habebamus
2687 3852 2906 3909 vivifico
2932 3850 3186 3911 humore,
3219 3844 3273 3898 id
3303 3850 3387 3899 est
3409 3841 3536 3911 Spi-

1943 3959 2079 4022 ritu,
2113 3956 2340 4022 insuper
2377 3946 2627 4004 amisso?
2661 3943 2818 4011 Quod
2856 3941 3004 3996 enim
3056 3937 3316 3993 Christus
3350 3933 3418 3988 de
3466 3946 3529 3985 eo
3636 3922 3640 3927 ’

1944 4049 2084 4113 dixit
2115 4046 2209 4115 qui
2234 4045 2496 4098 talentum
2530 4037 2806 4093 infoderat
2824 4034 2866 4097 ',
2896 4035 2999 4087 hoc
3033 4024 3529 4098 utiqueimpletum

1944 4140 2119 4196 videri
2153 4144 2336 4208 potest
2358 4134 2425 4189 de
2455 4133 2525 4187 iis
2554 4131 2651 4200 qui
2680 4127 2903 4200 penitus
2926 4122 3123 4180 resecti
3156 4126 3305 4175 sunt.
3338 4117 3512 4182 Quem

1946 4207 2239 4287 admodum
2270 4226 2418 4282 enim
2453 4224 2523 4279 ab
2556 4222 2650 4277 illo
2687 4221 2956 4274 talentum
2992 4214 3263 4276 aufertur,
3296 4207 3531 4277 sic,opi-

1947 4338 2071 4389 nor,
2096 4329 2151 4377 et
2186 4336 2252 4376 ex
2288 4317 2539 4389 palmite,
2582 4312 2832 4369 humoris
2859 4320 2953 4364 aut
2988 4304 3277 4378 qualitatis
3334 4305 3532 4363 instar,

1951 4416 2214 4488 Spiritus.
2259 4410 2373 4465 (iur
2398 4407 2650 4464 aufertur
2683 4404 2860 4460 vero?
2892 4402 2969 4457 Ne
3025 4415 3133 4455 una
3172 4413 3296 4454 cum
3344 4395 3410 4449 iis
3441 4393 3532 4463 qui

253 4512 533 4584 θεωρήσαι
565 4528 651 4574 τις
670 4510 737 4564 ἂν
769 4509 1145 4581 πληρούμενον
1171 4484 1383 4563 καὶ-επὶ
1406 4512 1518 4573 τοῖς
1537 4484 1836 4581 ὁλοκλήρως

1951 4484 2008 4565 in
2067 4508 2250 4579 ignem
2301 4500 2628 4559 detrudendi
2681 4505 2811 4553 sunt
2860 4510 2888 4547 a
2936 4493 3127 4561 judice
3176 4484 3532 4543 condemnari

251 4603 592 4674 ὑπομείνασι
637 4602 737 4671 τὴν
781 4603 1084 4673 ἀποτομήν.
1134 4602 1475 4672 Ἀφαιρείται
1504 4603 1614 4673 γὰρ
1656 4601 1848 4675 ὥσπερ

252 4696 470 4750 ἐκείνου
499 4694 562 4747 rb
607 4694 872 4748 τάλαντον
919 4694 1036 4764 ἅμα
1057 4734 1071 4757 ,
1103 4693 1297 4758 οὕτως,
1342 4690 1516 4764 οἶμαι,
1548 4695 1643 4749 καὶ
1666 4696 1731 4749 ἐκ
1753 4694 1847 4749 τοῦ

255 4790 562 4860 κλήματος,
587 4788 661 4849 ὡς
693 4787 754 4839 ἐν
790 4786 1015 4855 ἰκμάδος
1045 4785 1212 4851 τινὸς,
1233 4787 1352 4859 ἤτοι
1371 4787 1654 4858 ποιότητος
1682 4788 1847 4859 λόγῳ,

256 4882 509 4951 Πνεῦμα.
559 4881 903 4951 Ἀφαιρεῖται
938 4878 994 4932 δὲ
1040 4878 1130 4933 διὰ
1168 4878 1329 4932 ποίαν
1373 4879 1590 4943 αἰτίαν;
1624 4880 1742 4933 Ἵνα
1774 4879 1849 4950 μὴ

256 4978 373 5039 τοῖς
401 4977 484 5037 είς
500 4974 560 5027 rb
583 4972 695 5045 πῦρ
713 4970 1135 5041 κατοιχήσεσθαι
1166 4972 1418 5041 μέλλουσι
1439 4958 1594 5042 παρά
1609 4972 1703 5025 τοῦ
1727 4989 1820 5042 κρι
1834 5001 1852 5013 ο

258 5068 354 5123 τοῦ
406 5065 981 5136 συγκαταδικάζεσθαι
1009 5064 1069 5117 rb
1101 5064 1326 5135 Πνεῦμα
1356 5065 1485 5135 δοκῇ
1514 5065 1575 5118 τὸ
1604 5064 1869 5118 δεσποτι-’

261 5158 377 5211 κόν.
414 5157 478 5210 Ei
508 5155 618 5226 γὰρ
645 5157 694 5208 oi
723 5153 833 5206 τῶν
859 5152 1113 5221 ἐπιγείων
1152 5150 1483 5223 κρατοῦντες
1512 5150 1855 5221 πραγμάτων

262 5249 372 5302 τῶν
401 5246 553 5313 ἅπαξ
590 5244 974 5315 τετιμημένων
1015 5244 1111 5296 καὶ
1145 5242 1444 5311 βασιλικοῖς
1464 5240 1855 5311 δεδοξασμένον

265 5337 399 5411 Ῐγρ.
441 5332 888 5405 δεδοξασμένων]
935 5334 1199 5402 νεύμασιν
1228 5371 1244 5393 ,
1278 5329 1340 5384 οὐ
1399 5329 1753 5399 καθορίζουσί
1798 5346 1853 5383 τι

265 5425 576 5497 προχείρως
596 5461 611 5486 ,
641 5422 775 5476 ἀλλά
806 5423 900 5475 καὶ
938 5420 992 5474 εἴ
1032 5436 1118 5483 τις
1145 5418 1301 5488 ἁλοίη
1340 5418 1523 5488 τυχὸν,
1564 5420 1649 5486 ἐφ’
1679 5413 1761 5482 οἷς
1787 5418 1854 5471 ἂν

267 5517 508 5585 εὐλόγως
553 5512 866 5570 ἀποτιννύοι
923 5512 1080 5576 δίκας
1104 5552 1118 5576 ,
1148 5510 1248 5564 οὐκ
1276 5509 1342 5564 ἂν
1369 5508 1527 5563 τοῦτο
1561 5510 1722 5564 πάθοι
1748 5509 1856 5580 πρὸ

268 5611 365 5682 τῆς
393 5608 505 5662 τῶν
536 5605 866 5676 ἀξιωμάτων
902 5602 1177 5673 ἀποϐολῆς
1196 5617 1209 5630 °
1248 5601 1366 5666 πῶς
1393 5601 1493 5655 οὐκ
1534 5603 1852 5671 ἀναγκαῖον,

340 5788 359 5819 ⁸
391 5786 510 5843 Jac.
546 5803 618 5849 ιι,
655 5785 748 5841 20.
824 5786 845 5819 ³
886 5785 1016 5844 Luc.
1049 5802 1182 5852 xm,
1220 5788 1269 5841 7.

1943 4577 2200 4655 videatur
2230 4594 2559 4649 Dominicus
2595 4588 2862 4658 Spiritus.
2896 4582 3066 4654 868
3096 4579 3229 4632 Nam
3263 4577 3309 4631 si
3349 4588 3532 4629 rerum

1947 4699 2296 4746 terrenarum
2331 4681 2544 4738 domini
2586 4695 2696 4734 non
2742 4685 2945 4735 temere
2983 4671 3283 4742 quidquam
3331 4666 3387 4719 in
3439 4678 3533 4720 eos

1947 4786 2199 4836 statuunt
2230 4790 2375 4846 quos
2403 4774 2470 4827 ad
2502 4772 2744 4826 honores
2775 4767 2944 4823 semel
2975 4764 3260 4820 evexerint
3287 4778 3351 4816 ac
3381 4760 3534 4823 regio

1949 4880 2085 4928 nutu
2117 4869 2391 4929 ornarint,
2425 4864 2519 4920 sed
2554 4862 2600 4917 si
2630 4860 2759 4932 quis
2792 4872 2984 4913 eorum
3019 4855 3206 4909 forsan
3245 4857 3533 4923 perpetra-

1949 4964 2030 5019 rit
2058 4961 2210 5017 unde
2267 4959 2395 5028 jure
2424 4968 2618 5026 pmnas
2671 4953 2808 5013 luat,
2847 4965 2957 5004 non
3026 4955 3153 4999 ante
3188 4944 3236 4999 ei
3281 4944 3531 5011 irrogan-

1952 5061 2044 5106 tur
2076 5065 2244 5122 quam
2267 5044 2576 5102 honoribus
2610 5050 2666 5097 et
2699 5039 3072 5113 dignitatibus
3102 5035 3325 5122 amissis
3352 5052 3365 5086 :
3398 5045 3530 5099 quo-

1952 5144 2120 5199 modo
2154 5154 2386 5197 necesse
2419 5152 2531 5193 non
2572 5142 2657 5190 est
2697 5140 2757 5188 ut
2793 5132 2978 5187 anima
3011 5143 3139 5199 quae
3178 5114 3408 5194 superni
3439 5119 3529 5175 Ju-

1951 5236 2093 5291 dieis
2141 5231 2415 5287 sententia
2474 5225 2543 5282 ad
2604 5223 2937 5295 supplicium
2993 5217 3360 5274 condemnata
3409 5218 3534 5270 est,

1953 5334 2252 5395 antequam
2286 5335 2503 5390 pcenam
2525 5317 2719 5372 subeat
2741 5312 2985 5383 Spiritus
3010 5309 3243 5380 gratiam
3269 5303 3527 5373 qundam-

1952 5416 2119 5473 modo
2152 5421 2320 5470 exuat
2374 5422 2541 5482 atque
2570 5409 2816 5478 deponat.
2841 5405 2865 5459 ἲ
2890 5403 3046 5458 Talia
3077 5415 3209 5468 ergo
3240 5409 3533 5468 passurum

1953 5509 2029 5563 ait
2074 5505 2492 5560 infructuosum
2527 5498 2811 5570 palmitem
2840 5532 2857 5558 ,
2892 5499 3044 5547 recte
3088 5488 3385 5544 admodum
3434 5501 3530 5541 no-

1932 5608 2100 5673 stras
2129 5605 2340 5652 mentes
2358 5592 2717 5655 confirmans,
2750 5593 2811 5641 ut
2843 5585 2897 5639 in
2922 5580 3216 5637 dilectione
3246 5580 3365 5651 ejus
3405 5592 3532 5646 pero

1384 5788 1403 5817 ³
1437 5785 1632 5841 Ezech.
1674 5797 1763 5848 xv,
1792 5779 1912 5833 ειηι,
1990 5779 2008 5809 ⁵
2051 5777 2248 5833 Matth.
2287 5791 2427 5840 xxv,
2463 5769 2551 5865 ιβ.
