  <div class='ocr_page' id='page_1' title='image "/cluster/home/n/w/nwhite01/storage/ocr_20150623/74:no.7/coo.31924054869684/183.png"; bbox 0 0 3938 6426; ppageno 0'>
   <div class='ocr_carea' id='block_1_1' title="bbox 446 323 2688 405">
    <p class='ocr_par' dir='ltr' id='par_1_1' title="bbox 446 323 2688 405">
     <span class='ocr_line' id='line_1_1' title="bbox 446 323 2688 405; baseline 0.013 -30"><span class='ocrx_word' id='word_1_1' title='bbox 446 323 540 377; x_wconf 64' lang='grc' dir='ltr'><strong>εει</strong></span> <span class='ocrx_word' id='word_1_2' title='bbox 1472 330 1528 389; x_wconf 87' lang='lat' dir='ltr'><strong>S.</strong></span> <span class='ocrx_word' id='word_1_3' title='bbox 1552 333 1831 390; x_wconf 76' lang='lat' dir='ltr'><strong>CYRILLI</strong></span> <span class='ocrx_word' id='word_1_4' title='bbox 1860 337 2339 400; x_wconf 75' lang='lat' dir='ltr'><strong>ALEXANDRlNl</strong></span> <span class='ocrx_word' id='word_1_5' title='bbox 2369 347 2688 405; x_wconf 69' lang='lat' dir='ltr'><strong>AltClllEP.</strong></span> 
     </span>
    </p>
   </div>
   <div class='ocr_carea' id='block_1_2' title="bbox 3554 366 3670 437">
    <p class='ocr_par' dir='ltr' id='par_1_2' title="bbox 3554 366 3670 437">
     <span class='ocr_line' id='line_1_2' title="bbox 3554 366 3670 437; baseline 0 -18"><span class='ocrx_word' id='word_1_6' title='bbox 3554 432 3557 437; x_wconf 24' lang='grc' dir='ltr'>η</span> <span class='ocrx_word' id='word_1_7' title='bbox 3580 366 3670 421; x_wconf 64' lang='grc' dir='ltr'><strong>δῖε</strong></span> 
     </span>
    </p>
   </div>
   <div class='ocr_carea' id='block_1_3' title="bbox 443 438 2025 545">
    <p class='ocr_par' dir='ltr' id='par_1_3' title="bbox 443 438 2021 545">
     <span class='ocr_line' id='line_1_3' title="bbox 443 438 2021 506; baseline 0.008 -16"><span class='ocrx_word' id='word_1_8' title='bbox 443 447 673 499; x_wconf 75' lang='lat' dir='ltr'><strong>stemus,</strong></span> <span class='ocrx_word' id='word_1_9' title='bbox 728 438 947 492; x_wconf 84' lang='lat' dir='ltr'><strong>actione</strong></span> <span class='ocrx_word' id='word_1_10' title='bbox 983 438 1228 506; x_wconf 87' lang='lat' dir='ltr'><strong>virtutis,</strong></span> <span class='ocrx_word' id='word_1_11' title='bbox 1290 451 1345 496; x_wconf 90' lang='lat' dir='ltr'><strong>et</strong></span> <span class='ocrx_word' id='word_1_12' title='bbox 1409 442 1745 501; x_wconf 86' lang='lat' dir='ltr'><strong>inconcussa</strong></span> <span class='ocrx_word' id='word_1_13' title='bbox 1806 447 1860 501; x_wconf 90' lang='lat' dir='ltr'><strong>in</strong></span> <span class='ocrx_word' id='word_1_14' title='bbox 1897 464 2021 503; x_wconf 89' lang='lat' dir='ltr'><strong>eum</strong></span> 
     </span>
     <span class='ocr_line' id='line_1_4' title="bbox 448 526 1988 545; baseline 0.003 -5"><span class='ocrx_word' id='word_1_15' title='bbox 448 530 511 545; x_wconf 67' lang='grc' dir='ltr'>η,</span> <span class='ocrx_word' id='word_1_16' title='bbox 599 526 640 545; x_wconf 68' lang='grc' dir='ltr'><strong><em>η</em></strong></span> <span class='ocrx_word' id='word_1_17' title='bbox 750 530 819 545; x_wconf 76' lang='grc'>,.,</span> <span class='ocrx_word' id='word_1_18' title='bbox 1274 534 1285 545; x_wconf 95' lang='grc'>.</span> <span class='ocrx_word' id='word_1_19' title='bbox 1354 535 1385 545; x_wconf 87' lang='grc'>..</span> <span class='ocrx_word' id='word_1_20' title='bbox 1716 538 1728 545; x_wconf 90' lang='grc'><em>.</em></span> <span class='ocrx_word' id='word_1_21' title='bbox 1916 542 1988 545; x_wconf 85' lang='lat'><strong>__</strong></span> 
     </span>
    </p>
   </div>
   <div class='ocr_carea' id='block_1_4' title="bbox 2130 438 3669 545">
    <p class='ocr_par' dir='ltr' id='par_1_4' title="bbox 2130 452 3669 545">
     <span class='ocr_line' id='line_1_5' title="bbox 2130 452 3669 545; baseline 0.014 -40"><span class='ocrx_word' id='word_1_22' title='bbox 2130 452 2225 524; x_wconf 78' lang='grc' dir='ltr'>τὴν</span> <span class='ocrx_word' id='word_1_23' title='bbox 2263 455 2357 508; x_wconf 76' lang='grc' dir='ltr'><strong>ἐπὶ</strong></span> <span class='ocrx_word' id='word_1_24' title='bbox 2400 454 2478 527; x_wconf 80' lang='grc' dir='ltr'>τῷ</span> <span class='ocrx_word' id='word_1_25' title='bbox 2503 459 2703 529; x_wconf 81' lang='grc' dir='ltr'>χρῆναι</span> <span class='ocrx_word' id='word_1_26' title='bbox 2732 459 3060 525; x_wconf 75' lang='grc' dir='ltr'>κολάζεσθαι</span> <span class='ocrx_word' id='word_1_27' title='bbox 3096 462 3560 526; x_wconf 77' lang='grc' dir='ltr'>καταδικασῦετσαν</span> <span class='ocrx_word' id='word_1_28' title='bbox 3583 477 3669 545; x_wconf 76' lang='grc' dir='ltr'><strong>ψυ-</strong></span> 
     </span>
    </p>
   </div>
   <div class='ocr_carea' id='block_1_5' title="bbox 448 526 2021 608">
    <p class='ocr_par' dir='ltr' id='par_1_5' title="bbox 448 526 2021 608">
     <span class='ocr_line' id='line_1_6' title="bbox 448 526 2021 608; baseline 0.009 -27"><span class='ocrx_word' id='word_1_29' title='bbox 448 530 569 582; x_wconf 66' lang='lat' dir='ltr'><strong>title.</strong></span> <span class='ocrx_word' id='word_1_30' title='bbox 599 526 974 585; x_wconf 86' lang='lat' dir='ltr'><strong>Fructiferum</strong></span> <span class='ocrx_word' id='word_1_31' title='bbox 1038 549 1168 587; x_wconf 81' lang='lat' dir='ltr'><strong>vero</strong></span> <span class='ocrx_word' id='word_1_32' title='bbox 1199 534 1478 602; x_wconf 98' lang='lat' dir='ltr'><strong>palmitem</strong></span> <span class='ocrx_word' id='word_1_33' title='bbox 1512 552 1621 591; x_wconf 88' lang='lat' dir='ltr'><strong>non</strong></span> <span class='ocrx_word' id='word_1_34' title='bbox 1653 538 1842 608; x_wconf 85' lang='lat' dir='ltr'><strong>utique</strong></span> <span class='ocrx_word' id='word_1_35' title='bbox 1879 542 2021 595; x_wconf 89' lang='lat' dir='ltr'><strong>vini-</strong></span> 
     </span>
    </p>
   </div>
   <div class='ocr_carea' id='block_1_6' title="bbox 445 622 2021 700">
    <p class='ocr_par' dir='ltr' id='par_1_6' title="bbox 445 622 2021 700">
     <span class='ocr_line' id='line_1_7' title="bbox 445 622 2021 700; baseline 0.009 -27"><span class='ocrx_word' id='word_1_36' title='bbox 445 622 586 675; x_wconf 74' lang='lat' dir='ltr'><strong>toris</strong></span> <span class='ocrx_word' id='word_1_37' title='bbox 617 637 752 677; x_wconf 87' lang='lat' dir='ltr'><strong>cura</strong></span> <span class='ocrx_word' id='word_1_38' title='bbox 784 634 1060 693; x_wconf 80' lang='lat' dir='ltr'><strong>expertem</strong></span> <span class='ocrx_word' id='word_1_39' title='bbox 1102 623 1220 682; x_wconf 82' lang='lat' dir='ltr'><strong>fore</strong></span> <span class='ocrx_word' id='word_1_40' title='bbox 1252 626 1350 689; x_wconf 84' lang='lat' dir='ltr'><strong>ait,</strong></span> <span class='ocrx_word' id='word_1_41' title='bbox 1384 627 1478 681; x_wconf 86' lang='lat' dir='ltr'><strong>sed</strong></span> <span class='ocrx_word' id='word_1_42' title='bbox 1513 640 1803 700; x_wconf 81' lang='lat' dir='ltr'><strong>purgatum</strong></span> <span class='ocrx_word' id='word_1_43' title='bbox 1840 632 1929 696; x_wconf 91' lang='lat' dir='ltr'><strong>iri,</strong></span> <span class='ocrx_word' id='word_1_44' title='bbox 1962 643 2021 687; x_wconf 90' lang='lat' dir='ltr'><strong>ut</strong></span> 
     </span>
    </p>
   </div>
   <div class='ocr_carea' id='block_1_7' title="bbox 447 714 2022 792">
    <p class='ocr_par' dir='ltr' id='par_1_7' title="bbox 447 714 2022 792">
     <span class='ocr_line' id='line_1_8' title="bbox 447 714 2022 792; baseline 0.01 -29"><span class='ocrx_word' id='word_1_45' title='bbox 447 714 739 769; x_wconf 76' lang='lat' dir='ltr'><strong>uberiores</strong></span> <span class='ocrx_word' id='word_1_46' title='bbox 798 714 1012 770; x_wconf 89' lang='lat' dir='ltr'><strong>fructus</strong></span> <span class='ocrx_word' id='word_1_47' title='bbox 1067 717 1372 785; x_wconf 84' lang='lat' dir='ltr'><strong>producere</strong></span> <span class='ocrx_word' id='word_1_48' title='bbox 1419 729 1621 788; x_wconf 91' lang='lat' dir='ltr'><strong>queat:</strong></span> <span class='ocrx_word' id='word_1_49' title='bbox 1685 732 2022 792; x_wconf 89' lang='lat' dir='ltr'><strong>cooperatur</strong></span> 
     </span>
    </p>
   </div>
   <div class='ocr_carea' id='block_1_8' title="bbox 444 804 2022 884">
    <p class='ocr_par' dir='ltr' id='par_1_8' title="bbox 444 804 2022 884">
     <span class='ocr_line' id='line_1_9' title="bbox 444 804 2022 884; baseline 0.008 -27"><span class='ocrx_word' id='word_1_50' title='bbox 444 804 588 858; x_wconf 89' lang='lat' dir='ltr'><strong>enim</strong></span> <span class='ocrx_word' id='word_1_51' title='bbox 623 804 764 861; x_wconf 89' lang='lat' dir='ltr'><strong>Deus</strong></span> <span class='ocrx_word' id='word_1_52' title='bbox 798 807 865 859; x_wconf 91' lang='lat' dir='ltr'><strong>iis</strong></span> <span class='ocrx_word' id='word_1_53' title='bbox 895 807 987 876; x_wconf 88' lang='lat' dir='ltr'><strong>qui</strong></span> <span class='ocrx_word' id='word_1_54' title='bbox 1036 815 1186 862; x_wconf 84' lang='lat' dir='ltr'><strong>recte</strong></span> <span class='ocrx_word' id='word_1_55' title='bbox 1216 807 1399 863; x_wconf 83' lang='lat' dir='ltr'><strong>vivere</strong></span> <span class='ocrx_word' id='word_1_56' title='bbox 1431 823 1498 864; x_wconf 88' lang='lat' dir='ltr'><strong>ac</strong></span> <span class='ocrx_word' id='word_1_57' title='bbox 1534 810 1673 866; x_wconf 90' lang='lat' dir='ltr'><strong>bene</strong></span> <span class='ocrx_word' id='word_1_58' title='bbox 1728 828 1891 884; x_wconf 77' lang='lat' dir='ltr'><strong>agere</strong></span> <span class='ocrx_word' id='word_1_59' title='bbox 1924 830 2022 870; x_wconf 90' lang='lat' dir='ltr'><strong>co-</strong></span> 
     </span>
    </p>
   </div>
   <div class='ocr_carea' id='block_1_9' title="bbox 445 901 2025 979">
    <p class='ocr_par' dir='ltr' id='par_1_9' title="bbox 445 901 2025 979">
     <span class='ocr_line' id='line_1_10' title="bbox 445 901 2025 979; baseline 0.01 -30"><span class='ocrx_word' id='word_1_60' title='bbox 445 907 671 965; x_wconf 84' lang='lat' dir='ltr'><strong>nantur,</strong></span> <span class='ocrx_word' id='word_1_61' title='bbox 702 908 755 952; x_wconf 88' lang='lat' dir='ltr'><strong>et</strong></span> <span class='ocrx_word' id='word_1_62' title='bbox 796 915 892 969; x_wconf 87' lang='lat' dir='ltr'><strong>per</strong></span> <span class='ocrx_word' id='word_1_63' title='bbox 924 915 1086 954; x_wconf 86' lang='lat' dir='ltr'><strong>omne</strong></span> <span class='ocrx_word' id='word_1_64' title='bbox 1118 901 1339 968; x_wconf 88' lang='lat' dir='ltr'><strong>pietatis</strong></span> <span class='ocrx_word' id='word_1_65' title='bbox 1373 917 1548 973; x_wconf 77' lang='lat' dir='ltr'><strong>genus</strong></span> <span class='ocrx_word' id='word_1_66' title='bbox 1587 920 1711 960; x_wconf 89' lang='lat' dir='ltr'><strong>eum</strong></span> <span class='ocrx_word' id='word_1_67' title='bbox 1744 908 1852 962; x_wconf 88' lang='lat' dir='ltr'><strong>sibi</strong></span> <span class='ocrx_word' id='word_1_68' title='bbox 1896 925 2025 979; x_wconf 89' lang='lat' dir='ltr'><strong>pro-</strong></span> 
     </span>
    </p>
   </div>
   <div class='ocr_carea' id='block_1_10' title="bbox 445 989 2024 1070">
    <p class='ocr_par' dir='ltr' id='par_1_10' title="bbox 445 989 2024 1070">
     <span class='ocr_line' id='line_1_11' title="bbox 445 989 2024 1070; baseline 0.011 -31"><span class='ocrx_word' id='word_1_69' title='bbox 445 989 644 1043; x_wconf 84' lang='lat' dir='ltr'><strong>mereri</strong></span> <span class='ocrx_word' id='word_1_70' title='bbox 698 990 946 1054; x_wconf 87' lang='lat' dir='ltr'><strong>student,</strong></span> <span class='ocrx_word' id='word_1_71' title='bbox 1000 990 1178 1046; x_wconf 82' lang='lat' dir='ltr'><strong>instar</strong></span> <span class='ocrx_word' id='word_1_72' title='bbox 1238 991 1395 1049; x_wconf 89' lang='lat' dir='ltr'><strong>falcis</strong></span> <span class='ocrx_word' id='word_1_73' title='bbox 1453 995 1740 1065; x_wconf 85' lang='lat' dir='ltr'><strong>cujusdam</strong></span> <span class='ocrx_word' id='word_1_74' title='bbox 1779 997 2024 1070; x_wconf 73' lang='lat' dir='ltr'><strong>Spiritus</strong></span> 
     </span>
    </p>
   </div>
   <div class='ocr_carea' id='block_1_11' title="bbox 445 1079 2024 1158">
    <p class='ocr_par' dir='ltr' id='par_1_11' title="bbox 445 1079 2024 1158">
     <span class='ocr_line' id='line_1_12' title="bbox 445 1079 2024 1158; baseline 0.009 -25"><span class='ocrx_word' id='word_1_75' title='bbox 445 1079 823 1135; x_wconf 81' lang='lat' dir='ltr'><strong>efﬁcacitatem</strong></span> <span class='ocrx_word' id='word_1_76' title='bbox 855 1082 1145 1146; x_wconf 85' lang='lat' dir='ltr'><strong>adhibens,</strong></span> <span class='ocrx_word' id='word_1_77' title='bbox 1179 1091 1235 1138; x_wconf 91' lang='lat' dir='ltr'><strong>et</strong></span> <span class='ocrx_word' id='word_1_78' title='bbox 1285 1085 1448 1140; x_wconf 78' lang='lat' dir='ltr'><strong>modo</strong></span> <span class='ocrx_word' id='word_1_79' title='bbox 1493 1088 1812 1158; x_wconf 82' lang='lat' dir='ltr'><strong>voluptates</strong></span> <span class='ocrx_word' id='word_1_80' title='bbox 1847 1092 1899 1144; x_wconf 93' lang='lat' dir='ltr'><strong>in</strong></span> <span class='ocrx_word' id='word_1_81' title='bbox 1955 1093 2024 1149; x_wconf 93' lang='lat' dir='ltr'><strong>iis</strong></span> 
     </span>
    </p>
   </div>
   <div class='ocr_carea' id='block_1_12' title="bbox 444 1172 2026 1251">
    <p class='ocr_par' dir='ltr' id='par_1_12' title="bbox 444 1172 2026 1251">
     <span class='ocr_line' id='line_1_13' title="bbox 444 1172 2026 1251; baseline 0.008 -25"><span class='ocrx_word' id='word_1_82' title='bbox 444 1172 849 1228; x_wconf 88' lang='lat' dir='ltr'><strong>circumcidens</strong></span> <span class='ocrx_word' id='word_1_83' title='bbox 877 1189 1000 1243; x_wconf 81' lang='lat' dir='ltr'><strong>quae</strong></span> <span class='ocrx_word' id='word_1_84' title='bbox 1025 1174 1091 1228; x_wconf 87' lang='lat' dir='ltr'><strong>ad</strong></span> <span class='ocrx_word' id='word_1_85' title='bbox 1120 1175 1308 1231; x_wconf 83' lang='lat' dir='ltr'><strong>carnis</strong></span> <span class='ocrx_word' id='word_1_86' title='bbox 1336 1191 1577 1231; x_wconf 89' lang='lat' dir='ltr'><strong>amorem</strong></span> <span class='ocrx_word' id='word_1_87' title='bbox 1599 1179 1804 1250; x_wconf 72' lang='lat' dir='ltr'><strong>iugiter</strong></span> <span class='ocrx_word' id='word_1_88' title='bbox 1834 1180 2026 1251; x_wconf 90' lang='lat' dir='ltr'><strong>impel-</strong></span> 
     </span>
    </p>
   </div>
   <div class='ocr_carea' id='block_1_13' title="bbox 445 1268 2026 1338">
    <p class='ocr_par' dir='ltr' id='par_1_13' title="bbox 445 1268 2026 1338">
     <span class='ocr_line' id='line_1_14' title="bbox 445 1268 2026 1338; baseline 0.006 -17"><span class='ocrx_word' id='word_1_89' title='bbox 445 1270 584 1332; x_wconf 91' lang='lat' dir='ltr'><strong>lunt,</strong></span> <span class='ocrx_word' id='word_1_90' title='bbox 614 1268 777 1323; x_wconf 89' lang='lat' dir='ltr'><strong>modo</strong></span> <span class='ocrx_word' id='word_1_91' title='bbox 806 1283 1150 1338; x_wconf 67' lang='lat' dir='ltr'><strong>quaecunque</strong></span> <span class='ocrx_word' id='word_1_92' title='bbox 1201 1271 1351 1324; x_wconf 80' lang='lat' dir='ltr'><strong>novit</strong></span> <span class='ocrx_word' id='word_1_93' title='bbox 1395 1270 1683 1326; x_wconf 81' lang='lat' dir='ltr'><strong>hominum</strong></span> <span class='ocrx_word' id='word_1_94' title='bbox 1735 1275 2026 1331; x_wconf 91' lang='lat' dir='ltr'><strong>animabus</strong></span> 
     </span>
    </p>
   </div>
   <div class='ocr_carea' id='block_1_14' title="bbox 444 1360 2025 1437">
    <p class='ocr_par' dir='ltr' id='par_1_14' title="bbox 444 1360 2025 1437">
     <span class='ocr_line' id='line_1_15' title="bbox 444 1360 2025 1437; baseline 0.004 -23"><span class='ocrx_word' id='word_1_95' title='bbox 444 1360 787 1431; x_wconf 83' lang='lat' dir='ltr'><strong>contingere,</strong></span> <span class='ocrx_word' id='word_1_96' title='bbox 824 1361 976 1415; x_wconf 85' lang='lat' dir='ltr'><strong>varia</strong></span> <span class='ocrx_word' id='word_1_97' title='bbox 1024 1363 1291 1415; x_wconf 86' lang='lat' dir='ltr'><strong>malorum</strong></span> <span class='ocrx_word' id='word_1_98' title='bbox 1330 1363 1517 1431; x_wconf 83' lang='lat' dir='ltr'><strong>specie</strong></span> <span class='ocrx_word' id='word_1_99' title='bbox 1567 1372 1803 1421; x_wconf 84' lang='lat' dir='ltr'><strong>mentem</strong></span> <span class='ocrx_word' id='word_1_100' title='bbox 1838 1367 2025 1437; x_wconf 87' lang='lat' dir='ltr'><strong>inqui-</strong></span> 
     </span>
    </p>
   </div>
   <div class='ocr_carea' id='block_1_15' title="bbox 447 1451 2024 1523">
    <p class='ocr_par' dir='ltr' id='par_1_15' title="bbox 447 1451 2024 1523">
     <span class='ocr_line' id='line_1_16' title="bbox 447 1451 2024 1523; baseline 0.006 -19"><span class='ocrx_word' id='word_1_101' title='bbox 447 1460 664 1506; x_wconf 88' lang='lat' dir='ltr'><strong>uatura.</strong></span> <span class='ocrx_word' id='word_1_102' title='bbox 701 1451 851 1506; x_wconf 88' lang='lat' dir='ltr'><strong>Ilanc</strong></span> <span class='ocrx_word' id='word_1_103' title='bbox 872 1452 1075 1523; x_wconf 90' lang='lat' dir='ltr'><strong>quippe</strong></span> <span class='ocrx_word' id='word_1_104' title='bbox 1097 1454 1336 1508; x_wconf 85' lang='lat' dir='ltr'><strong>dicimus</strong></span> <span class='ocrx_word' id='word_1_105' title='bbox 1364 1470 1487 1510; x_wconf 86' lang='lat' dir='ltr'><strong>esse</strong></span> <span class='ocrx_word' id='word_1_106' title='bbox 1514 1471 1622 1510; x_wconf 93' lang='lat' dir='ltr'><strong>non</strong></span> <span class='ocrx_word' id='word_1_107' title='bbox 1652 1457 2024 1514; x_wconf 88' lang='lat' dir='ltr'><strong>manufactam</strong></span> 
     </span>
    </p>
   </div>
   <div class='ocr_carea' id='block_1_16' title="bbox 443 1545 2025 1620">
    <p class='ocr_par' dir='ltr' id='par_1_16' title="bbox 443 1545 2025 1620">
     <span class='ocr_line' id='line_1_17' title="bbox 443 1545 2025 1620; baseline 0.006 -22"><span class='ocrx_word' id='word_1_108' title='bbox 443 1553 497 1598; x_wconf 90' lang='lat' dir='ltr'><strong>et</strong></span> <span class='ocrx_word' id='word_1_109' title='bbox 525 1545 830 1614; x_wconf 86' lang='lat' dir='ltr'><strong>spiritalem</strong></span> <span class='ocrx_word' id='word_1_110' title='bbox 864 1545 1011 1599; x_wconf 88' lang='lat' dir='ltr'><strong>illam</strong></span> <span class='ocrx_word' id='word_1_111' title='bbox 1037 1546 1549 1611; x_wconf 86' lang='lat' dir='ltr'><strong>circumcisionem.</strong></span> <span class='ocrx_word' id='word_1_112' title='bbox 1588 1551 1657 1604; x_wconf 91' lang='lat' dir='ltr'><strong>de</strong></span> <span class='ocrx_word' id='word_1_113' title='bbox 1687 1566 1796 1620; x_wconf 90' lang='lat' dir='ltr'><strong>qua</strong></span> <span class='ocrx_word' id='word_1_114' title='bbox 1820 1549 2025 1608; x_wconf 81' lang='lat' dir='ltr'><strong>Paulus</strong></span> 
     </span>
    </p>
   </div>
   <div class='ocr_carea' id='block_1_17' title="bbox 444 1636 2023 1711">
    <p class='ocr_par' dir='ltr' id='par_1_17' title="bbox 444 1636 2023 1711">
     <span class='ocr_line' id='line_1_18' title="bbox 444 1636 2023 1711; baseline 0.006 -22"><span class='ocrx_word' id='word_1_115' title='bbox 444 1638 608 1690; x_wconf 84' lang='lat' dir='ltr'><strong>modo</strong></span> <span class='ocrx_word' id='word_1_116' title='bbox 639 1636 863 1707; x_wconf 89' lang='lat' dir='ltr'><strong>quidem</strong></span> <span class='ocrx_word' id='word_1_117' title='bbox 897 1637 1012 1692; x_wconf 88' lang='lat' dir='ltr'><strong>ait:</strong></span> <span class='ocrx_word' id='word_1_118' title='bbox 1052 1657 1071 1689; x_wconf 80' lang='grc' dir='ltr'><strong>ι</strong></span> <span class='ocrx_word' id='word_1_119' title='bbox 1111 1636 1232 1691; x_wconf 85' lang='lat' dir='ltr'><strong>Non</strong></span> <span class='ocrx_word' id='word_1_120' title='bbox 1272 1639 1420 1693; x_wconf 90' lang='lat' dir='ltr'><strong>enim</strong></span> <span class='ocrx_word' id='word_1_121' title='bbox 1454 1642 1549 1710; x_wconf 90' lang='lat' dir='ltr'><strong>qui</strong></span> <span class='ocrx_word' id='word_1_122' title='bbox 1602 1640 1659 1695; x_wconf 89' lang='lat' dir='ltr'><strong>in</strong></span> <span class='ocrx_word' id='word_1_123' title='bbox 1708 1643 2023 1711; x_wconf 89' lang='lat' dir='ltr'><strong>manifesto,</strong></span> 
     </span>
    </p>
   </div>
   <div class='ocr_carea' id='block_1_18' title="bbox 442 1730 2024 1802">
    <p class='ocr_par' dir='ltr' id='par_1_18' title="bbox 442 1730 2024 1802">
     <span class='ocr_line' id='line_1_19' title="bbox 442 1730 2024 1802; baseline 0.004 -19"><span class='ocrx_word' id='word_1_124' title='bbox 442 1730 668 1787; x_wconf 75' lang='lat' dir='ltr'><strong>Judaeus</strong></span> <span class='ocrx_word' id='word_1_125' title='bbox 694 1739 780 1787; x_wconf 89' lang='lat' dir='ltr'><strong>est</strong></span> <span class='ocrx_word' id='word_1_126' title='bbox 802 1770 817 1796; x_wconf 96' lang='lat'><strong>,</strong></span> <span class='ocrx_word' id='word_1_127' title='bbox 851 1747 1028 1802; x_wconf 82' lang='lat' dir='ltr'><strong>neque</strong></span> <span class='ocrx_word' id='word_1_128' title='bbox 1063 1746 1185 1801; x_wconf 76' lang='lat' dir='ltr'><strong>qua:</strong></span> <span class='ocrx_word' id='word_1_129' title='bbox 1222 1733 1275 1785; x_wconf 92' lang='lat' dir='ltr'><strong>in</strong></span> <span class='ocrx_word' id='word_1_130' title='bbox 1302 1733 1626 1798; x_wconf 84' lang='lat' dir='ltr'><strong>manifesto,</strong></span> <span class='ocrx_word' id='word_1_131' title='bbox 1662 1734 1717 1788; x_wconf 90' lang='lat' dir='ltr'><strong>in</strong></span> <span class='ocrx_word' id='word_1_132' title='bbox 1749 1750 1920 1792; x_wconf 90' lang='lat' dir='ltr'><strong>carne</strong></span> <span class='ocrx_word' id='word_1_133' title='bbox 1941 1746 2024 1793; x_wconf 90' lang='lat' dir='ltr'><strong>est</strong></span> 
     </span>
    </p>
   </div>
   <div class='ocr_carea' id='block_1_19' title="bbox 444 1816 2103 1891">
    <p class='ocr_par' dir='ltr' id='par_1_19' title="bbox 444 1816 2103 1891">
     <span class='ocr_line' id='line_1_20' title="bbox 444 1816 2103 1891; baseline 0.005 -16"><span class='ocrx_word' id='word_1_134' title='bbox 444 1822 836 1878; x_wconf 78' lang='lat' dir='ltr'><strong>circumcisio:</strong></span> <span class='ocrx_word' id='word_1_135' title='bbox 873 1823 969 1877; x_wconf 89' lang='lat' dir='ltr'><strong>sed</strong></span> <span class='ocrx_word' id='word_1_136' title='bbox 1006 1823 1099 1891; x_wconf 87' lang='lat' dir='ltr'><strong>qui</strong></span> <span class='ocrx_word' id='word_1_137' title='bbox 1132 1822 1185 1876; x_wconf 80' lang='lat' dir='ltr'><strong>in</strong></span> <span class='ocrx_word' id='word_1_138' title='bbox 1214 1823 1434 1877; x_wconf 81' lang='lat' dir='ltr'><strong>oeculto</strong></span> <span class='ocrx_word' id='word_1_139' title='bbox 1460 1823 1685 1881; x_wconf 65' lang='lat' dir='ltr'><strong>.ludaaus</strong></span> <span class='ocrx_word' id='word_1_140' title='bbox 1716 1835 1770 1882; x_wconf 91' lang='lat' dir='ltr'><strong>et</strong></span> <span class='ocrx_word' id='word_1_141' title='bbox 1790 1827 2027 1883; x_wconf 88' lang='lat' dir='ltr'><strong>cireum-</strong></span> <span class='ocrx_word' id='word_1_142' title='bbox 2060 1816 2103 1874; x_wconf 77' lang='grc' dir='ltr'><strong>Β</strong></span> 
     </span>
    </p>
   </div>
   <div class='ocr_carea' id='block_1_20' title="bbox 445 1914 2025 1987">
    <p class='ocr_par' dir='ltr' id='par_1_20' title="bbox 445 1914 2025 1987">
     <span class='ocr_line' id='line_1_21' title="bbox 445 1914 2025 1987; baseline 0.005 -18"><span class='ocrx_word' id='word_1_143' title='bbox 445 1916 587 1971; x_wconf 79' lang='lat' dir='ltr'><strong>cisio</strong></span> <span class='ocrx_word' id='word_1_144' title='bbox 611 1914 801 1970; x_wconf 81' lang='lat' dir='ltr'><strong>cordis</strong></span> <span class='ocrx_word' id='word_1_145' title='bbox 831 1915 886 1969; x_wconf 92' lang='lat' dir='ltr'><strong>in</strong></span> <span class='ocrx_word' id='word_1_146' title='bbox 927 1915 1158 1984; x_wconf 86' lang='lat' dir='ltr'><strong>Spiritu,</strong></span> <span class='ocrx_word' id='word_1_147' title='bbox 1194 1932 1304 1968; x_wconf 91' lang='lat' dir='ltr'><strong>non</strong></span> <span class='ocrx_word' id='word_1_148' title='bbox 1340 1917 1523 1971; x_wconf 88' lang='lat' dir='ltr'><strong>littera</strong></span> <span class='ocrx_word' id='word_1_149' title='bbox 1549 1934 1562 1971; x_wconf 92' lang='lat'><strong>:</strong></span> <span class='ocrx_word' id='word_1_150' title='bbox 1588 1919 1749 1987; x_wconf 87' lang='lat' dir='ltr'><strong>cujus</strong></span> <span class='ocrx_word' id='word_1_151' title='bbox 1770 1920 1890 1977; x_wconf 92' lang='lat' dir='ltr'><strong>laus</strong></span> <span class='ocrx_word' id='word_1_152' title='bbox 1918 1937 2025 1977; x_wconf 89' lang='lat' dir='ltr'><strong>non</strong></span> 
     </span>
    </p>
   </div>
   <div class='ocr_carea' id='block_1_21' title="bbox 444 2008 2026 2075">
    <p class='ocr_par' dir='ltr' id='par_1_21' title="bbox 444 2008 2026 2075">
     <span class='ocr_line' id='line_1_22' title="bbox 444 2008 2026 2075; baseline 0.004 -13"><span class='ocrx_word' id='word_1_153' title='bbox 444 2025 510 2062; x_wconf 72' lang='lat' dir='ltr'><strong>ex</strong></span> <span class='ocrx_word' id='word_1_154' title='bbox 554 2008 892 2074; x_wconf 89' lang='lat' dir='ltr'><strong>hominibus,</strong></span> <span class='ocrx_word' id='word_1_155' title='bbox 924 2009 1017 2063; x_wconf 82' lang='lat' dir='ltr'><strong>sed</strong></span> <span class='ocrx_word' id='word_1_156' title='bbox 1050 2024 1114 2063; x_wconf 78' lang='lat' dir='ltr'><strong>ex</strong></span> <span class='ocrx_word' id='word_1_157' title='bbox 1146 2009 1253 2062; x_wconf 89' lang='lat' dir='ltr'><strong>Deo</strong></span> <span class='ocrx_word' id='word_1_158' title='bbox 1278 2022 1361 2062; x_wconf 89' lang='lat' dir='ltr'><strong>est</strong></span> <span class='ocrx_word' id='word_1_159' title='bbox 1383 2008 1434 2075; x_wconf 77' lang='grc'><strong>⁶;</strong></span> <span class='ocrx_word' id='word_1_160' title='bbox 1467 2029 1485 2060; x_wconf 77' lang='grc' dir='ltr'><strong>ι</strong></span> <span class='ocrx_word' id='word_1_161' title='bbox 1525 2009 1686 2065; x_wconf 89' lang='lat' dir='ltr'><strong>modo</strong></span> <span class='ocrx_word' id='word_1_162' title='bbox 1719 2028 1887 2067; x_wconf 82' lang='lat' dir='ltr'><strong>vero:</strong></span> <span class='ocrx_word' id='word_1_163' title='bbox 1919 2032 1937 2064; x_wconf 75' lang='grc' dir='ltr'><strong>ι</strong></span> <span class='ocrx_word' id='word_1_164' title='bbox 1970 2016 2026 2068; x_wconf 93' lang='lat' dir='ltr'><strong>ln</strong></span> 
     </span>
    </p>
   </div>
   <div class='ocr_carea' id='block_1_22' title="bbox 446 2100 2027 2169">
    <p class='ocr_par' dir='ltr' id='par_1_22' title="bbox 446 2100 2027 2169">
     <span class='ocr_line' id='line_1_23' title="bbox 446 2100 2027 2169; baseline 0.007 -17"><span class='ocrx_word' id='word_1_165' title='bbox 446 2116 556 2169; x_wconf 82' lang='lat' dir='ltr'><strong>quo</strong></span> <span class='ocrx_word' id='word_1_166' title='bbox 608 2108 662 2153; x_wconf 90' lang='lat' dir='ltr'><strong>et</strong></span> <span class='ocrx_word' id='word_1_167' title='bbox 700 2100 989 2156; x_wconf 87' lang='lat' dir='ltr'><strong>credentes</strong></span> <span class='ocrx_word' id='word_1_168' title='bbox 1043 2102 1362 2155; x_wconf 86' lang='lat' dir='ltr'><strong>circumcisi</strong></span> <span class='ocrx_word' id='word_1_169' title='bbox 1413 2102 1548 2155; x_wconf 89' lang='lat' dir='ltr'><strong>estis</strong></span> <span class='ocrx_word' id='word_1_170' title='bbox 1595 2103 2027 2163; x_wconf 83' lang='lat' dir='ltr'><strong>circumcisione</strong></span> 
     </span>
    </p>
   </div>
   <div class='ocr_carea' id='block_1_23' title="bbox 448 2192 2027 2268">
    <p class='ocr_par' dir='ltr' id='par_1_23' title="bbox 448 2192 2027 2268">
     <span class='ocr_line' id='line_1_24' title="bbox 448 2192 2027 2268; baseline 0.004 -21"><span class='ocrx_word' id='word_1_171' title='bbox 448 2210 557 2247; x_wconf 85' lang='lat' dir='ltr'><strong>non</strong></span> <span class='ocrx_word' id='word_1_172' title='bbox 594 2192 978 2247; x_wconf 76' lang='lat' dir='ltr'><strong>manufacta&#39;.</strong></span> <span class='ocrx_word' id='word_1_173' title='bbox 1045 2214 1063 2245; x_wconf 76' lang='grc' dir='ltr'><strong>ι</strong></span> <span class='ocrx_word' id='word_1_174' title='bbox 1120 2193 1200 2248; x_wconf 87' lang='lat' dir='ltr'><strong>Ad</strong></span> <span class='ocrx_word' id='word_1_175' title='bbox 1237 2211 1357 2263; x_wconf 74' lang='lat' dir='ltr'><strong>qua:</strong></span> <span class='ocrx_word' id='word_1_176' title='bbox 1406 2199 1449 2249; x_wconf 90' lang='lat' dir='ltr'><strong>si</strong></span> <span class='ocrx_word' id='word_1_177' title='bbox 1503 2198 1753 2250; x_wconf 87' lang='lat' dir='ltr'><strong>nonnulli</strong></span> <span class='ocrx_word' id='word_1_178' title='bbox 1799 2214 2027 2268; x_wconf 84' lang='lat' dir='ltr'><strong>respon-</strong></span> 
     </span>
    </p>
   </div>
   <div class='ocr_carea' id='block_1_24' title="bbox 447 2286 2023 2360">
    <p class='ocr_par' dir='ltr' id='par_1_24' title="bbox 447 2286 2023 2360">
     <span class='ocr_line' id='line_1_25' title="bbox 447 2286 2023 2360; baseline 0.004 -21"><span class='ocrx_word' id='word_1_179' title='bbox 447 2287 612 2340; x_wconf 77' lang='lat' dir='ltr'><strong>deant</strong></span> <span class='ocrx_word' id='word_1_180' title='bbox 636 2286 803 2356; x_wconf 87' lang='lat' dir='ltr'><strong>quod,</strong></span> <span class='ocrx_word' id='word_1_181' title='bbox 836 2286 881 2339; x_wconf 89' lang='lat' dir='ltr'><strong>si</strong></span> <span class='ocrx_word' id='word_1_182' title='bbox 920 2295 1228 2355; x_wconf 75' lang='lat' dir='ltr'><strong>purgentur</strong></span> <span class='ocrx_word' id='word_1_183' title='bbox 1264 2288 1540 2356; x_wconf 77' lang='lat' dir='ltr'><strong>spiritalis</strong></span> <span class='ocrx_word' id='word_1_184' title='bbox 1572 2291 1700 2344; x_wconf 80' lang='lat' dir='ltr'><strong>vitis</strong></span> <span class='ocrx_word' id='word_1_185' title='bbox 1751 2292 2023 2360; x_wconf 84' lang='lat' dir='ltr'><strong>palmites,</strong></span> 
     </span>
    </p>
   </div>
   <div class='ocr_carea' id='block_1_25' title="bbox 449 2378 2028 2450">
    <p class='ocr_par' dir='ltr' id='par_1_25' title="bbox 449 2378 2028 2450">
     <span class='ocr_line' id='line_1_26' title="bbox 449 2378 2028 2450; baseline 0.004 -19"><span class='ocrx_word' id='word_1_186' title='bbox 449 2378 501 2431; x_wconf 86' lang='lat' dir='ltr'><strong>id</strong></span> <span class='ocrx_word' id='word_1_187' title='bbox 533 2393 639 2431; x_wconf 88' lang='lat' dir='ltr'><strong>nou</strong></span> <span class='ocrx_word' id='word_1_188' title='bbox 674 2379 793 2431; x_wconf 90' lang='lat' dir='ltr'><strong>sine</strong></span> <span class='ocrx_word' id='word_1_189' title='bbox 822 2379 1009 2432; x_wconf 90' lang='lat' dir='ltr'><strong>labore</strong></span> <span class='ocrx_word' id='word_1_190' title='bbox 1036 2379 1285 2432; x_wconf 80' lang='lat' dir='ltr'><strong>futurum</strong></span> <span class='ocrx_word' id='word_1_191' title='bbox 1321 2381 1434 2444; x_wconf 86' lang='lat' dir='ltr'><strong>sit;</strong></span> <span class='ocrx_word' id='word_1_192' title='bbox 1469 2396 1625 2450; x_wconf 60' lang='lat' dir='ltr'><strong>atque</strong></span> <span class='ocrx_word' id='word_1_193' title='bbox 1657 2383 1804 2437; x_wconf 88' lang='lat' dir='ltr'><strong>enim</strong></span> <span class='ocrx_word' id='word_1_194' title='bbox 1848 2400 1911 2438; x_wconf 87' lang='lat' dir='ltr'><strong>ac</strong></span> <span class='ocrx_word' id='word_1_195' title='bbox 1958 2385 2028 2437; x_wconf 86' lang='lat' dir='ltr'><strong>li-</strong></span> 
     </span>
    </p>
   </div>
   <div class='ocr_carea' id='block_1_26' title="bbox 446 2469 2027 2539">
    <p class='ocr_par' dir='ltr' id='par_1_26' title="bbox 446 2469 2027 2539">
     <span class='ocr_line' id='line_1_27' title="bbox 446 2469 2027 2539; baseline 0.004 -18"><span class='ocrx_word' id='word_1_196' title='bbox 446 2484 612 2538; x_wconf 70' lang='lat' dir='ltr'><strong>guum</strong></span> <span class='ocrx_word' id='word_1_197' title='bbox 642 2469 928 2539; x_wconf 86' lang='lat' dir='ltr'><strong>patiuntur</strong></span> <span class='ocrx_word' id='word_1_198' title='bbox 956 2487 968 2522; x_wconf 90' lang='lat'><strong>:</strong></span> <span class='ocrx_word' id='word_1_199' title='bbox 1006 2469 1055 2522; x_wconf 91' lang='lat' dir='ltr'><strong>id</strong></span> <span class='ocrx_word' id='word_1_200' title='bbox 1088 2485 1189 2525; x_wconf 90' lang='lat' dir='ltr'><strong>nos</strong></span> <span class='ocrx_word' id='word_1_201' title='bbox 1228 2469 1296 2523; x_wconf 83' lang='lat' dir='ltr'><strong>de</strong></span> <span class='ocrx_word' id='word_1_202' title='bbox 1328 2471 1533 2525; x_wconf 80' lang='lat' dir='ltr'><strong>sanctis</strong></span> <span class='ocrx_word' id='word_1_203' title='bbox 1579 2472 1836 2526; x_wconf 88' lang='lat' dir='ltr'><strong>similiter</strong></span> <span class='ocrx_word' id='word_1_204' title='bbox 1872 2474 2027 2527; x_wconf 87' lang='lat' dir='ltr'><strong>intel-</strong></span> 
     </span>
    </p>
   </div>
   <div class='ocr_carea' id='block_1_27' title="bbox 449 2558 2029 2634">
    <p class='ocr_par' dir='ltr' id='par_1_27' title="bbox 449 2558 2029 2634">
     <span class='ocr_line' id='line_1_28' title="bbox 449 2558 2029 2634; baseline 0.005 -22"><span class='ocrx_word' id='word_1_205' title='bbox 449 2562 725 2630; x_wconf 75' lang='lat' dir='ltr'><strong>ligendum</strong></span> <span class='ocrx_word' id='word_1_206' title='bbox 758 2560 1073 2615; x_wconf 79' lang='lat' dir='ltr'><strong>fatebimur.</strong></span> <span class='ocrx_word' id='word_1_207' title='bbox 1118 2558 1315 2615; x_wconf 85' lang='lat' dir='ltr'><strong>Erudit</strong></span> <span class='ocrx_word' id='word_1_208' title='bbox 1362 2564 1564 2633; x_wconf 87' lang='lat' dir='ltr'><strong>quippe</strong></span> <span class='ocrx_word' id='word_1_209' title='bbox 1616 2580 1716 2620; x_wconf 89' lang='lat' dir='ltr'><strong>nos</strong></span> <span class='ocrx_word' id='word_1_210' title='bbox 1751 2581 1848 2634; x_wconf 88' lang='lat' dir='ltr'><strong>per</strong></span> <span class='ocrx_word' id='word_1_211' title='bbox 1881 2567 2029 2620; x_wconf 88' lang='lat' dir='ltr'><strong>labo-</strong></span> 
     </span>
    </p>
   </div>
   <div class='ocr_carea' id='block_1_28' title="bbox 446 2652 2023 2713">
    <p class='ocr_par' dir='ltr' id='par_1_28' title="bbox 446 2652 2023 2713">
     <span class='ocr_line' id='line_1_29' title="bbox 446 2652 2023 2713; baseline 0.003 -7"><span class='ocrx_word' id='word_1_212' title='bbox 446 2668 559 2707; x_wconf 89' lang='lat' dir='ltr'><strong>rem</strong></span> <span class='ocrx_word' id='word_1_213' title='bbox 592 2652 1079 2707; x_wconf 73' lang='lat' dir='ltr'><strong>et&#39;tribulationem</strong></span> <span class='ocrx_word' id='word_1_214' title='bbox 1112 2653 1376 2707; x_wconf 91' lang='lat' dir='ltr'><strong>virtutum</strong></span> <span class='ocrx_word' id='word_1_215' title='bbox 1415 2670 1609 2709; x_wconf 85' lang='lat' dir='ltr'><strong>amans</strong></span> <span class='ocrx_word' id='word_1_216' title='bbox 1636 2656 1779 2712; x_wconf 88' lang='lat' dir='ltr'><strong>Deus</strong></span> <span class='ocrx_word' id='word_1_217' title='bbox 1812 2667 2023 2713; x_wconf 87' lang='lat' dir='ltr'><strong>noster.</strong></span> 
     </span>
    </p>
   </div>
   <div class='ocr_carea' id='block_1_29' title="bbox 446 2743 2025 2815">
    <p class='ocr_par' dir='ltr' id='par_1_29' title="bbox 446 2743 2025 2815">
     <span class='ocr_line' id='line_1_30' title="bbox 446 2743 2025 2815; baseline 0.003 -17"><span class='ocrx_word' id='word_1_218' title='bbox 446 2743 603 2800; x_wconf 89' lang='lat' dir='ltr'><strong>Unde</strong></span> <span class='ocrx_word' id='word_1_219' title='bbox 642 2745 905 2815; x_wconf 83' lang='lat' dir='ltr'><strong>propheta</strong></span> <span class='ocrx_word' id='word_1_220' title='bbox 958 2745 1120 2803; x_wconf 88' lang='lat' dir='ltr'><strong>nobis</strong></span> <span class='ocrx_word' id='word_1_221' title='bbox 1157 2746 1326 2801; x_wconf 84' lang='lat' dir='ltr'><strong>Isaias</strong></span> <span class='ocrx_word' id='word_1_222' title='bbox 1358 2746 1509 2799; x_wconf 86' lang='lat' dir='ltr'><strong>infit:</strong></span> <span class='ocrx_word' id='word_1_223' title='bbox 1552 2765 1571 2798; x_wconf 81' lang='grc' dir='ltr'><strong>ι</strong></span> <span class='ocrx_word' id='word_1_224' title='bbox 1628 2748 1827 2802; x_wconf 87' lang='lat' dir='ltr'><strong>Abluet</strong></span> <span class='ocrx_word' id='word_1_225' title='bbox 1881 2751 2025 2804; x_wconf 88' lang='lat' dir='ltr'><strong>enim</strong></span> 
     </span>
    </p>
   </div>
   <div class='ocr_carea' id='block_1_30' title="bbox 445 2837 2029 2901">
    <p class='ocr_par' dir='ltr' id='par_1_30' title="bbox 445 2837 2029 2901">
     <span class='ocr_line' id='line_1_31' title="bbox 445 2837 2029 2901; baseline 0.003 -12"><span class='ocrx_word' id='word_1_226' title='bbox 445 2837 712 2893; x_wconf 88' lang='lat' dir='ltr'><strong>Dominus</strong></span> <span class='ocrx_word' id='word_1_227' title='bbox 743 2838 934 2894; x_wconf 86' lang='lat' dir='ltr'><strong>sordes</strong></span> <span class='ocrx_word' id='word_1_228' title='bbox 976 2838 1210 2892; x_wconf 83' lang='lat' dir='ltr'><strong>filiorum</strong></span> <span class='ocrx_word' id='word_1_229' title='bbox 1238 2845 1293 2894; x_wconf 89' lang='lat' dir='ltr'><strong>et</strong></span> <span class='ocrx_word' id='word_1_230' title='bbox 1337 2839 1573 2893; x_wconf 83' lang='lat' dir='ltr'><strong>filiarum</strong></span> <span class='ocrx_word' id='word_1_231' title='bbox 1608 2839 1763 2901; x_wconf 85' lang='lat' dir='ltr'><strong>Sion.</strong></span> <span class='ocrx_word' id='word_1_232' title='bbox 1807 2848 1862 2895; x_wconf 87' lang='lat' dir='ltr'><strong>et</strong></span> <span class='ocrx_word' id='word_1_233' title='bbox 1898 2857 2029 2896; x_wconf 85' lang='lat' dir='ltr'><strong>san-</strong></span> 
     </span>
    </p>
   </div>
   <div class='ocr_carea' id='block_1_31' title="bbox 444 2931 2026 3004">
    <p class='ocr_par' dir='ltr' id='par_1_31' title="bbox 444 2931 2026 3004">
     <span class='ocr_line' id='line_1_32' title="bbox 444 2931 2026 3004; baseline 0.004 -21"><span class='ocrx_word' id='word_1_234' title='bbox 444 2932 664 3001; x_wconf 78' lang='lat' dir='ltr'><strong>guinem</strong></span> <span class='ocrx_word' id='word_1_235' title='bbox 708 2931 1031 2987; x_wconf 87' lang='lat' dir='ltr'><strong>emundabit</strong></span> <span class='ocrx_word' id='word_1_236' title='bbox 1073 2933 1141 2987; x_wconf 81' lang='lat' dir='ltr'><strong>(le</strong></span> <span class='ocrx_word' id='word_1_237' title='bbox 1188 2932 1371 2986; x_wconf 90' lang='lat' dir='ltr'><strong>medio</strong></span> <span class='ocrx_word' id='word_1_238' title='bbox 1409 2949 1601 2987; x_wconf 89' lang='lat' dir='ltr'><strong>eorum</strong></span> <span class='ocrx_word' id='word_1_239' title='bbox 1629 2975 1644 2999; x_wconf 87' lang='lat'><strong>,</strong></span> <span class='ocrx_word' id='word_1_240' title='bbox 1713 2934 1767 2988; x_wconf 91' lang='lat' dir='ltr'><strong>in</strong></span> <span class='ocrx_word' id='word_1_241' title='bbox 1829 2936 2026 3004; x_wconf 86' lang='lat' dir='ltr'><strong>spiritu</strong></span> 
     </span>
    </p>
   </div>
   <div class='ocr_carea' id='block_1_32' title="bbox 441 3022 2025 3091">
    <p class='ocr_par' dir='ltr' id='par_1_32' title="bbox 441 3022 2025 3091">
     <span class='ocr_line' id='line_1_33' title="bbox 441 3022 2025 3091; baseline 0.002 -16"><span class='ocrx_word' id='word_1_242' title='bbox 441 3022 656 3091; x_wconf 84' lang='lat' dir='ltr'><strong>judicii,</strong></span> <span class='ocrx_word' id='word_1_243' title='bbox 686 3032 743 3076; x_wconf 91' lang='lat' dir='ltr'><strong>ct</strong></span> <span class='ocrx_word' id='word_1_244' title='bbox 775 3023 975 3091; x_wconf 85' lang='lat' dir='ltr'><strong>spiritu</strong></span> <span class='ocrx_word' id='word_1_245' title='bbox 1011 3022 1416 3078; x_wconf 80' lang='lat' dir='ltr'><strong>combustiouis</strong></span> <span class='ocrx_word' id='word_1_246' title='bbox 1441 3025 1481 3076; x_wconf 82' lang='grc'><strong>⁸.</strong></span> <span class='ocrx_word' id='word_1_247' title='bbox 1524 3043 1542 3075; x_wconf 73' lang='grc' dir='ltr'><strong>ι</strong></span> <span class='ocrx_word' id='word_1_248' title='bbox 1578 3022 1848 3079; x_wconf 68' lang='lat' dir='ltr'><strong>Praeterea</strong></span> <span class='ocrx_word' id='word_1_249' title='bbox 1879 3026 2025 3079; x_wconf 76' lang='lat' dir='ltr'><strong>divi-</strong></span> 
     </span>
    </p>
   </div>
   <div class='ocr_carea' id='block_1_33' title="bbox 446 3113 2023 3185">
    <p class='ocr_par' dir='ltr' id='par_1_33' title="bbox 446 3113 2023 3185">
     <span class='ocr_line' id='line_1_34' title="bbox 446 3113 2023 3185; baseline 0.003 -18"><span class='ocrx_word' id='word_1_250' title='bbox 446 3130 548 3169; x_wconf 89' lang='lat' dir='ltr'><strong>nus</strong></span> <span class='ocrx_word' id='word_1_251' title='bbox 580 3115 671 3169; x_wconf 92' lang='lat' dir='ltr'><strong>ille</strong></span> <span class='ocrx_word' id='word_1_252' title='bbox 719 3114 966 3169; x_wconf 77' lang='lat' dir='ltr'><strong>Paulus:</strong></span> <span class='ocrx_word' id='word_1_253' title='bbox 1007 3134 1024 3166; x_wconf 77' lang='grc' dir='ltr'><strong>ι</strong></span> <span class='ocrx_word' id='word_1_254' title='bbox 1070 3113 1127 3167; x_wconf 84' lang='lat' dir='ltr'><strong>Si</strong></span> <span class='ocrx_word' id='word_1_255' title='bbox 1169 3114 1225 3168; x_wconf 91' lang='lat' dir='ltr'><strong>in</strong></span> <span class='ocrx_word' id='word_1_256' title='bbox 1283 3114 1581 3184; x_wconf 85' lang='lat' dir='ltr'><strong>disciplina</strong></span> <span class='ocrx_word' id='word_1_257' title='bbox 1631 3118 2023 3185; x_wconf 85' lang='lat' dir='ltr'><strong>perseveratis,</strong></span> 
     </span>
    </p>
   </div>
   <div class='ocr_carea' id='block_1_34' title="bbox 445 3208 2024 3281">
    <p class='ocr_par' dir='ltr' id='par_1_34' title="bbox 445 3208 2024 3281">
     <span class='ocr_line' id='line_1_35' title="bbox 445 3208 2024 3281; baseline 0 -16"><span class='ocrx_word' id='word_1_258' title='bbox 445 3224 706 3281; x_wconf 82' lang='lat' dir='ltr'><strong>tanquam</strong></span> <span class='ocrx_word' id='word_1_259' title='bbox 738 3211 866 3265; x_wconf 85' lang='lat' dir='ltr'><strong>tiliis</strong></span> <span class='ocrx_word' id='word_1_260' title='bbox 899 3209 1056 3265; x_wconf 89' lang='lat' dir='ltr'><strong>vobis</strong></span> <span class='ocrx_word' id='word_1_261' title='bbox 1089 3225 1148 3264; x_wconf 91' lang='lat' dir='ltr'><strong>se</strong></span> <span class='ocrx_word' id='word_1_262' title='bbox 1172 3208 1353 3264; x_wconf 72' lang='lat' dir='ltr'><strong>offert.</strong></span> <span class='ocrx_word' id='word_1_263' title='bbox 1383 3209 1524 3275; x_wconf 86' lang='lat' dir='ltr'><strong>Quis</strong></span> <span class='ocrx_word' id='word_1_264' title='bbox 1558 3210 1704 3264; x_wconf 89' lang='lat' dir='ltr'><strong>enim</strong></span> <span class='ocrx_word' id='word_1_265' title='bbox 1757 3219 1844 3264; x_wconf 80' lang='lat' dir='ltr'><strong>est</strong></span> <span class='ocrx_word' id='word_1_266' title='bbox 1877 3210 2024 3265; x_wconf 84' lang='lat' dir='ltr'><strong>filius</strong></span> 
     </span>
    </p>
   </div>
   <div class='ocr_carea' id='block_1_35' title="bbox 443 3300 2033 3374">
    <p class='ocr_par' dir='ltr' id='par_1_35' title="bbox 443 3300 2033 3374">
     <span class='ocr_line' id='line_1_36' title="bbox 443 3300 2033 3374; baseline 0.001 -18"><span class='ocrx_word' id='word_1_267' title='bbox 443 3318 608 3372; x_wconf 84' lang='lat' dir='ltr'><strong>quem</strong></span> <span class='ocrx_word' id='word_1_268' title='bbox 637 3317 744 3358; x_wconf 91' lang='lat' dir='ltr'><strong>non</strong></span> <span class='ocrx_word' id='word_1_269' title='bbox 775 3302 944 3374; x_wconf 77' lang='lat'><strong>869</strong></span> <span class='ocrx_word' id='word_1_270' title='bbox 977 3301 1244 3371; x_wconf 78' lang='lat' dir='ltr'><strong>corripiat</strong></span> <span class='ocrx_word' id='word_1_271' title='bbox 1285 3302 1526 3370; x_wconf 70' lang='lat' dir='ltr'><strong>pater“?</strong></span> <span class='ocrx_word' id='word_1_272' title='bbox 1572 3321 1590 3354; x_wconf 72' lang='grc' dir='ltr'><strong>ι</strong></span> <span class='ocrx_word' id='word_1_273' title='bbox 1631 3300 1774 3367; x_wconf 86' lang='lat' dir='ltr'><strong>Quin</strong></span> <span class='ocrx_word' id='word_1_274' title='bbox 1820 3309 1874 3356; x_wconf 90' lang='lat' dir='ltr'><strong>et</strong></span> <span class='ocrx_word' id='word_1_275' title='bbox 1915 3302 2033 3372; x_wconf 87' lang='lat' dir='ltr'><strong>ipse</strong></span> 
     </span>
    </p>
   </div>
   <div class='ocr_carea' id='block_1_36' title="bbox 444 3388 2031 3453">
    <p class='ocr_par' dir='ltr' id='par_1_36' title="bbox 444 3388 2031 3453">
     <span class='ocr_line' id='line_1_37' title="bbox 444 3388 2031 3453; baseline 0.002 -3"><span class='ocrx_word' id='word_1_276' title='bbox 444 3411 666 3451; x_wconf 87' lang='lat' dir='ltr'><strong>omnem</strong></span> <span class='ocrx_word' id='word_1_277' title='bbox 698 3396 1123 3451; x_wconf 85' lang='lat' dir='ltr'><strong>admirationem</strong></span> <span class='ocrx_word' id='word_1_278' title='bbox 1155 3398 1434 3453; x_wconf 81' lang='lat' dir='ltr'><strong>excedens</strong></span> <span class='ocrx_word' id='word_1_279' title='bbox 1463 3388 1783 3451; x_wconf 84' lang='lat' dir='ltr'><strong>sanctorum</strong></span> <span class='ocrx_word' id='word_1_280' title='bbox 1827 3399 2031 3452; x_wconf 85' lang='lat' dir='ltr'><strong>chorus</strong></span> 
     </span>
    </p>
   </div>
   <div class='ocr_carea' id='block_1_37' title="bbox 445 3485 2051 3572">
    <p class='ocr_par' dir='ltr' id='par_1_37' title="bbox 445 3485 2051 3572">
     <span class='ocr_line' id='line_1_38' title="bbox 445 3485 2051 3572; baseline -0.002 -31"><span class='ocrx_word' id='word_1_281' title='bbox 445 3486 866 3557; x_wconf 80' lang='lat' dir='ltr'><strong>castigationem</strong></span> <span class='ocrx_word' id='word_1_282' title='bbox 914 3486 1073 3543; x_wconf 84' lang='lat' dir='ltr'><strong>istam</strong></span> <span class='ocrx_word' id='word_1_283' title='bbox 1124 3502 1237 3541; x_wconf 89' lang='lat' dir='ltr'><strong>non</strong></span> <span class='ocrx_word' id='word_1_284' title='bbox 1266 3486 1488 3548; x_wconf 90' lang='lat' dir='ltr'><strong>renuit,</strong></span> <span class='ocrx_word' id='word_1_285' title='bbox 1528 3485 1624 3540; x_wconf 89' lang='lat' dir='ltr'><strong>sed</strong></span> <span class='ocrx_word' id='word_1_286' title='bbox 1654 3485 2051 3572; x_wconf 56' lang='lat' dir='ltr'><strong>libentissime</strong></span> 
     </span>
    </p>
   </div>
   <div class='ocr_carea' id='block_1_38' title="bbox 447 3576 2027 3650">
    <p class='ocr_par' dir='ltr' id='par_1_38' title="bbox 447 3576 2027 3650">
     <span class='ocr_line' id='line_1_39' title="bbox 447 3576 2027 3650; baseline -0.001 -17"><span class='ocrx_word' id='word_1_287' title='bbox 447 3580 632 3650; x_wconf 86' lang='lat' dir='ltr'><strong>potius</strong></span> <span class='ocrx_word' id='word_1_288' title='bbox 658 3593 778 3635; x_wconf 90' lang='lat' dir='ltr'><strong>eam</strong></span> <span class='ocrx_word' id='word_1_289' title='bbox 809 3579 1043 3649; x_wconf 86' lang='lat' dir='ltr'><strong>suscipit</strong></span> <span class='ocrx_word' id='word_1_290' title='bbox 1068 3577 1293 3650; x_wconf 84' lang='lat' dir='ltr'><strong>dicens:</strong></span> <span class='ocrx_word' id='word_1_291' title='bbox 1321 3598 1340 3630; x_wconf 78' lang='grc' dir='ltr'><strong>ι</strong></span> <span class='ocrx_word' id='word_1_292' title='bbox 1366 3577 1596 3647; x_wconf 84' lang='lat' dir='ltr'><strong>Corripe</strong></span> <span class='ocrx_word' id='word_1_293' title='bbox 1615 3591 1740 3641; x_wconf 90' lang='lat' dir='ltr'><strong>nos,</strong></span> <span class='ocrx_word' id='word_1_294' title='bbox 1766 3576 2027 3642; x_wconf 87' lang='lat' dir='ltr'><strong>Domine;</strong></span> 
     </span>
    </p>
   </div>
   <div class='ocr_carea' id='block_1_39' title="bbox 446 3649 2030 3741">
    <p class='ocr_par' dir='ltr' id='par_1_39' title="bbox 446 3649 2030 3741">
     <span class='ocr_line' id='line_1_40' title="bbox 446 3649 2030 3741; baseline 0 -18"><span class='ocrx_word' id='word_1_295' title='bbox 446 3649 825 3727; x_wconf 77' lang='lat' dir='ltr'><strong>verumtamen</strong></span> <span class='ocrx_word' id='word_1_296' title='bbox 847 3673 902 3725; x_wconf 88' lang='lat' dir='ltr'><strong>in</strong></span> <span class='ocrx_word' id='word_1_297' title='bbox 929 3649 1162 3741; x_wconf 78' lang='lat' dir='ltr'><strong>judicio,</strong></span> <span class='ocrx_word' id='word_1_298' title='bbox 1186 3678 1371 3726; x_wconf 91' lang='lat' dir='ltr'><strong>etnon</strong></span> <span class='ocrx_word' id='word_1_299' title='bbox 1402 3669 1456 3723; x_wconf 92' lang='lat' dir='ltr'><strong>in</strong></span> <span class='ocrx_word' id='word_1_300' title='bbox 1492 3668 1701 3734; x_wconf 87' lang='lat' dir='ltr'><strong>furore,</strong></span> <span class='ocrx_word' id='word_1_301' title='bbox 1735 3677 1793 3723; x_wconf 89' lang='lat' dir='ltr'><strong>ut</strong></span> <span class='ocrx_word' id='word_1_302' title='bbox 1825 3684 2030 3738; x_wconf 86' lang='lat' dir='ltr'><strong>paucos</strong></span> 
     </span>
    </p>
   </div>
   <div class='ocr_carea' id='block_1_40' title="bbox 448 3762 2029 3833">
    <p class='ocr_par' dir='ltr' id='par_1_40' title="bbox 448 3762 2029 3833">
     <span class='ocr_line' id='line_1_41' title="bbox 448 3762 2029 3833; baseline -0.001 -15"><span class='ocrx_word' id='word_1_303' title='bbox 448 3780 559 3819; x_wconf 90' lang='lat' dir='ltr'><strong>non</strong></span> <span class='ocrx_word' id='word_1_304' title='bbox 596 3764 770 3820; x_wconf 80' lang='lat' dir='ltr'><strong>facias</strong></span> <span class='ocrx_word' id='word_1_305' title='bbox 802 3780 907 3820; x_wconf 88' lang='lat' dir='ltr'><strong>nos</strong></span> <span class='ocrx_word' id='word_1_306' title='bbox 933 3765 997 3820; x_wconf 80' lang='lat'><strong>&quot;.</strong></span> <span class='ocrx_word' id='word_1_307' title='bbox 1036 3783 1053 3815; x_wconf 77' lang='grc' dir='ltr'><strong>ι</strong></span> <span class='ocrx_word' id='word_1_308' title='bbox 1092 3762 1149 3818; x_wconf 87' lang='lat' dir='ltr'><strong>lu</strong></span> <span class='ocrx_word' id='word_1_309' title='bbox 1189 3763 1378 3819; x_wconf 88' lang='lat' dir='ltr'><strong>furore</strong></span> <span class='ocrx_word' id='word_1_310' title='bbox 1414 3764 1619 3833; x_wconf 86' lang='lat' dir='ltr'><strong>quippe</strong></span> <span class='ocrx_word' id='word_1_311' title='bbox 1652 3763 2029 3818; x_wconf 83' lang='lat' dir='ltr'><strong>infructuoso-</strong></span> 
     </span>
    </p>
   </div>
   <div class='ocr_carea' id='block_1_41' title="bbox 446 3853 2029 3928">
    <p class='ocr_par' dir='ltr' id='par_1_41' title="bbox 446 3853 2029 3928">
     <span class='ocr_line' id='line_1_42' title="bbox 446 3853 2029 3928; baseline -0.001 -19"><span class='ocrx_word' id='word_1_312' title='bbox 446 3872 566 3911; x_wconf 93' lang='lat' dir='ltr'><strong>rum</strong></span> <span class='ocrx_word' id='word_1_313' title='bbox 608 3856 893 3928; x_wconf 87' lang='lat' dir='ltr'><strong>palmitum</strong></span> <span class='ocrx_word' id='word_1_314' title='bbox 932 3855 992 3909; x_wconf 76' lang='lat' dir='ltr'><strong>fit</strong></span> <span class='ocrx_word' id='word_1_315' title='bbox 1020 3854 1378 3925; x_wconf 81' lang='lat' dir='ltr'><strong>exstirpatio;</strong></span> <span class='ocrx_word' id='word_1_316' title='bbox 1416 3855 1517 3909; x_wconf 89' lang='lat' dir='ltr'><strong>bos</strong></span> <span class='ocrx_word' id='word_1_317' title='bbox 1564 3868 1762 3924; x_wconf 84' lang='lat' dir='ltr'><strong>nempe</strong></span> <span class='ocrx_word' id='word_1_318' title='bbox 1797 3853 1852 3907; x_wconf 87' lang='lat' dir='ltr'><strong>in</strong></span> <span class='ocrx_word' id='word_1_319' title='bbox 1895 3869 2029 3921; x_wconf 84' lang='lat' dir='ltr'><strong>sup-</strong></span> 
     </span>
    </p>
   </div>
   <div class='ocr_carea' id='block_1_42' title="bbox 445 3947 2030 4020">
    <p class='ocr_par' dir='ltr' id='par_1_42' title="bbox 445 3947 2030 4020">
     <span class='ocr_line' id='line_1_43' title="bbox 445 3947 2030 4020; baseline -0.001 -18"><span class='ocrx_word' id='word_1_320' title='bbox 445 3951 670 4020; x_wconf 81' lang='lat' dir='ltr'><strong>plicium</strong></span> <span class='ocrx_word' id='word_1_321' title='bbox 725 3950 931 4004; x_wconf 90' lang='lat' dir='ltr'><strong>mittit:</strong></span> <span class='ocrx_word' id='word_1_322' title='bbox 991 3950 1085 4005; x_wconf 80' lang='lat' dir='ltr'><strong>sed</strong></span> <span class='ocrx_word' id='word_1_323' title='bbox 1139 3950 1192 4003; x_wconf 91' lang='lat' dir='ltr'><strong>in</strong></span> <span class='ocrx_word' id='word_1_324' title='bbox 1246 3948 1459 4019; x_wconf 88' lang='lat' dir='ltr'><strong>judicio</strong></span> <span class='ocrx_word' id='word_1_325' title='bbox 1512 3948 1734 4019; x_wconf 85' lang='lat' dir='ltr'><strong>potius,</strong></span> <span class='ocrx_word' id='word_1_326' title='bbox 1788 3947 1895 4001; x_wconf 86' lang='lat' dir='ltr'><strong>hoc</strong></span> <span class='ocrx_word' id='word_1_327' title='bbox 1942 3953 2030 4001; x_wconf 90' lang='lat' dir='ltr'><strong>est</strong></span> 
     </span>
    </p>
   </div>
   <div class='ocr_carea' id='block_1_43' title="bbox 444 4038 2037 4108">
    <p class='ocr_par' dir='ltr' id='par_1_43' title="bbox 444 4038 2037 4108">
     <span class='ocr_line' id='line_1_44' title="bbox 444 4038 2037 4108; baseline -0.004 -11"><span class='ocrx_word' id='word_1_328' title='bbox 444 4042 794 4098; x_wconf 87' lang='lat' dir='ltr'><strong>considerate</strong></span> <span class='ocrx_word' id='word_1_329' title='bbox 819 4050 873 4098; x_wconf 83' lang='lat' dir='ltr'><strong>et</strong></span> <span class='ocrx_word' id='word_1_330' title='bbox 905 4057 1032 4096; x_wconf 92' lang='lat' dir='ltr'><strong>cum</strong></span> <span class='ocrx_word' id='word_1_331' title='bbox 1065 4040 1247 4105; x_wconf 90' lang='lat' dir='ltr'><strong>modo,</strong></span> <span class='ocrx_word' id='word_1_332' title='bbox 1284 4040 1701 4096; x_wconf 84' lang='lat' dir='ltr'><strong>fructiferorum</strong></span> <span class='ocrx_word' id='word_1_333' title='bbox 1739 4038 2037 4108; x_wconf 77' lang='lat' dir='ltr'><strong>palmitum</strong></span> 
     </span>
    </p>
   </div>
   <div class='ocr_carea' id='block_1_44' title="bbox 446 4130 2027 4205">
    <p class='ocr_par' dir='ltr' id='par_1_44' title="bbox 446 4130 2027 4205">
     <span class='ocr_line' id='line_1_45' title="bbox 446 4130 2027 4205; baseline -0.002 -20"><span class='ocrx_word' id='word_1_334' title='bbox 446 4134 695 4205; x_wconf 77' lang='lat' dir='ltr'><strong>purgatio</strong></span> <span class='ocrx_word' id='word_1_335' title='bbox 722 4134 802 4196; x_wconf 83' lang='lat' dir='ltr'><strong>fit,</strong></span> <span class='ocrx_word' id='word_1_336' title='bbox 844 4134 1042 4205; x_wconf 80' lang='lat' dir='ltr'><strong>exiguo</strong></span> <span class='ocrx_word' id='word_1_337' title='bbox 1067 4134 1253 4190; x_wconf 86' lang='lat' dir='ltr'><strong>labore</strong></span> <span class='ocrx_word' id='word_1_338' title='bbox 1285 4134 1594 4189; x_wconf 87' lang='lat' dir='ltr'><strong>ubertatem</strong></span> <span class='ocrx_word' id='word_1_339' title='bbox 1628 4146 1694 4184; x_wconf 91' lang='lat' dir='ltr'><strong>ac</strong></span> <span class='ocrx_word' id='word_1_340' title='bbox 1721 4130 2027 4185; x_wconf 83' lang='lat' dir='ltr'><strong>fecundita-</strong></span> 
     </span>
    </p>
   </div>
   <div class='ocr_carea' id='block_1_45' title="bbox 445 4223 2025 4311">
    <p class='ocr_par' dir='ltr' id='par_1_45' title="bbox 445 4223 2025 4311">
     <span class='ocr_line' id='line_1_46' title="bbox 445 4223 2025 4311; baseline -0.002 -31"><span class='ocrx_word' id='word_1_341' title='bbox 445 4238 552 4282; x_wconf 85' lang='lat' dir='ltr'><strong>tem</strong></span> <span class='ocrx_word' id='word_1_342' title='bbox 589 4227 917 4311; x_wconf 74' lang='lat' dir='ltr'><strong>concilians.</strong></span> <span class='ocrx_word' id='word_1_343' title='bbox 966 4226 1124 4292; x_wconf 88' lang='lat' dir='ltr'><strong>Quod</strong></span> <span class='ocrx_word' id='word_1_344' title='bbox 1170 4226 1318 4280; x_wconf 90' lang='lat' dir='ltr'><strong>nacti</strong></span> <span class='ocrx_word' id='word_1_345' title='bbox 1349 4225 1616 4295; x_wconf 84' lang='lat' dir='ltr'><strong>quidam,</strong></span> <span class='ocrx_word' id='word_1_346' title='bbox 1676 4223 2025 4277; x_wconf 75' lang='lat' dir='ltr'><strong>exclamant:</strong></span> 
     </span>
    </p>
   </div>
   <div class='ocr_carea' id='block_1_46' title="bbox 450 4315 2028 4387">
    <p class='ocr_par' dir='ltr' id='par_1_46' title="bbox 450 4315 2028 4387">
     <span class='ocr_line' id='line_1_47' title="bbox 450 4315 2028 4387; baseline -0.002 -14"><span class='ocrx_word' id='word_1_347' title='bbox 450 4342 468 4373; x_wconf 73' lang='grc' dir='ltr'><strong>α</strong></span> <span class='ocrx_word' id='word_1_348' title='bbox 505 4320 754 4384; x_wconf 88' lang='lat' dir='ltr'><strong>Domine,</strong></span> <span class='ocrx_word' id='word_1_349' title='bbox 784 4320 840 4375; x_wconf 90' lang='lat' dir='ltr'><strong>in</strong></span> <span class='ocrx_word' id='word_1_350' title='bbox 865 4319 1225 4374; x_wconf 86' lang='lat' dir='ltr'><strong>tribulatione</strong></span> <span class='ocrx_word' id='word_1_351' title='bbox 1250 4333 1420 4387; x_wconf 86' lang='lat' dir='ltr'><strong>parva</strong></span> <span class='ocrx_word' id='word_1_352' title='bbox 1445 4316 1724 4387; x_wconf 88' lang='lat' dir='ltr'><strong>correptio</strong></span> <span class='ocrx_word' id='word_1_353' title='bbox 1746 4323 1840 4369; x_wconf 86' lang='lat' dir='ltr'><strong>tua</strong></span> <span class='ocrx_word' id='word_1_354' title='bbox 1869 4315 2028 4370; x_wconf 90' lang='lat' dir='ltr'><strong>nobis</strong></span> 
     </span>
    </p>
   </div>
   <div class='ocr_carea' id='block_1_47' title="bbox 442 4410 2028 4483">
    <p class='ocr_par' dir='ltr' id='par_1_47' title="bbox 442 4410 2028 4483">
     <span class='ocr_line' id='line_1_48' title="bbox 442 4410 2028 4483; baseline -0.004 -16"><span class='ocrx_word' id='word_1_355' title='bbox 442 4424 527 4469; x_wconf 86' lang='lat' dir='ltr'><strong>est</strong></span> <span class='ocrx_word' id='word_1_356' title='bbox 550 4414 616 4469; x_wconf 82' lang='lat'><strong>“.</strong></span> <span class='ocrx_word' id='word_1_357' title='bbox 663 4433 681 4465; x_wconf 88' lang='grc'><strong>›</strong></span> <span class='ocrx_word' id='word_1_358' title='bbox 722 4413 931 4483; x_wconf 80' lang='lat' dir='ltr'><strong>Exigua</strong></span> <span class='ocrx_word' id='word_1_359' title='bbox 960 4412 1105 4465; x_wconf 91' lang='lat' dir='ltr'><strong>enim</strong></span> <span class='ocrx_word' id='word_1_360' title='bbox 1147 4410 1308 4480; x_wconf 90' lang='lat' dir='ltr'><strong>plane</strong></span> <span class='ocrx_word' id='word_1_361' title='bbox 1330 4418 1415 4464; x_wconf 85' lang='lat' dir='ltr'><strong>est</strong></span> <span class='ocrx_word' id='word_1_362' title='bbox 1448 4410 1733 4464; x_wconf 89' lang='lat' dir='ltr'><strong>tribulatio</strong></span> <span class='ocrx_word' id='word_1_363' title='bbox 1759 4423 1867 4478; x_wconf 88' lang='lat' dir='ltr'><strong>qua</strong></span> <span class='ocrx_word' id='word_1_364' title='bbox 1897 4423 2028 4478; x_wconf 89' lang='lat' dir='ltr'><strong>pur-</strong></span> 
     </span>
    </p>
   </div>
   <div class='ocr_carea' id='block_1_48' title="bbox 2130 547 3674 634">
    <p class='ocr_par' dir='ltr' id='par_1_48' title="bbox 2130 547 3674 634">
     <span class='ocr_line' id='line_1_49' title="bbox 2130 547 3674 634; baseline 0.017 -39"><span class='ocrx_word' id='word_1_365' title='bbox 2130 547 2254 615; x_wconf 82' lang='grc' dir='ltr'>χὴν,</span> <span class='ocrx_word' id='word_1_366' title='bbox 2286 547 2377 601; x_wconf 83' lang='grc' dir='ltr'>διὰ</span> <span class='ocrx_word' id='word_1_367' title='bbox 2419 548 2605 620; x_wconf 76' lang='grc' dir='ltr'>ψήφου</span> <span class='ocrx_word' id='word_1_368' title='bbox 2656 552 2753 621; x_wconf 86' lang='grc' dir='ltr'>τῆς</span> <span class='ocrx_word' id='word_1_369' title='bbox 2810 552 3036 614; x_wconf 79' lang='grc' dir='ltr'>ἄνωθεν,</span> <span class='ocrx_word' id='word_1_370' title='bbox 3063 555 3456 624; x_wconf 83' lang='grc' dir='ltr'>προαποϐἐσθαι</span> <span class='ocrx_word' id='word_1_371' title='bbox 3500 567 3674 634; x_wconf 80' lang='grc' dir='ltr'>τρόπον</span> 
     </span>
    </p>
   </div>
   <div class='ocr_carea' id='block_1_49' title="bbox 2130 640 3675 731">
    <p class='ocr_par' dir='ltr' id='par_1_49' title="bbox 2130 640 3675 731">
     <span class='ocr_line' id='line_1_50' title="bbox 2130 640 3675 731; baseline 0.013 -39"><span class='ocrx_word' id='word_1_372' title='bbox 2130 640 2271 705; x_wconf 78' lang='grc' dir='ltr'>τινὰ,</span> <span class='ocrx_word' id='word_1_373' title='bbox 2297 641 2392 692; x_wconf 76' lang='grc' dir='ltr'>καὶ</span> <span class='ocrx_word' id='word_1_374' title='bbox 2422 643 2899 711; x_wconf 81' lang='grc' dir='ltr'>προαποδύσασθαι</span> <span class='ocrx_word' id='word_1_375' title='bbox 2928 646 3024 715; x_wconf 83' lang='grc' dir='ltr'>τῆς</span> <span class='ocrx_word' id='word_1_376' title='bbox 3049 647 3158 700; x_wconf 84' lang='grc' dir='ltr'>τῶν</span> <span class='ocrx_word' id='word_1_377' title='bbox 3183 649 3364 703; x_wconf 82' lang='grc' dir='ltr'><strong>κακῶν</strong></span> <span class='ocrx_word' id='word_1_378' title='bbox 3395 655 3572 726; x_wconf 87' lang='grc' dir='ltr'>πείρας</span> <span class='ocrx_word' id='word_1_379' title='bbox 3590 658 3675 731; x_wconf 80' lang='grc' dir='ltr'><strong>τήν</strong></span> 
     </span>
    </p>
   </div>
   <div class='ocr_carea' id='block_1_50' title="bbox 2130 730 3677 817">
    <p class='ocr_par' dir='ltr' id='par_1_50' title="bbox 2130 730 3677 817">
     <span class='ocr_line' id='line_1_51' title="bbox 2130 730 3677 817; baseline 0.014 -34"><span class='ocrx_word' id='word_1_380' title='bbox 2130 730 2225 784; x_wconf 86' lang='grc' dir='ltr'>τοῦ</span> <span class='ocrx_word' id='word_1_381' title='bbox 2265 732 2582 802; x_wconf 86' lang='grc' dir='ltr'>Πνεύματος</span> <span class='ocrx_word' id='word_1_382' title='bbox 2636 735 2838 805; x_wconf 83' lang='grc' dir='ltr'>χάριν;</span> <span class='ocrx_word' id='word_1_383' title='bbox 2879 737 3170 792; x_wconf 82' lang='grc' dir='ltr'>Πείσεσθαι</span> <span class='ocrx_word' id='word_1_384' title='bbox 3205 741 3303 810; x_wconf 80' lang='grc' dir='ltr'><strong>μὲν</strong></span> <span class='ocrx_word' id='word_1_385' title='bbox 3333 739 3421 797; x_wconf 82' lang='grc' dir='ltr'>οὖν</span> <span class='ocrx_word' id='word_1_386' title='bbox 3469 764 3588 817; x_wconf 85' lang='grc' dir='ltr'>φησι</span> <span class='ocrx_word' id='word_1_387' title='bbox 3618 730 3677 806; x_wconf 82' lang='grc' dir='ltr'>τὰ</span> 
     </span>
    </p>
   </div>
   <div class='ocr_carea' id='block_1_51' title="bbox 2131 821 3677 908">
    <p class='ocr_par' dir='ltr' id='par_1_51' title="bbox 2131 821 3677 908">
     <span class='ocr_line' id='line_1_52' title="bbox 2131 821 3677 908; baseline 0.012 -34"><span class='ocrx_word' id='word_1_388' title='bbox 2131 821 2354 876; x_wconf 82' lang='grc' dir='ltr'>τοιαῦτα</span> <span class='ocrx_word' id='word_1_389' title='bbox 2378 824 2440 876; x_wconf 80' lang='grc' dir='ltr'>τὸ</span> <span class='ocrx_word' id='word_1_390' title='bbox 2470 823 2717 896; x_wconf 81' lang='grc' dir='ltr'>ἄκαρπον</span> <span class='ocrx_word' id='word_1_391' title='bbox 2751 827 2955 898; x_wconf 80' lang='grc' dir='ltr'><strong>κλῆμα,</strong></span> <span class='ocrx_word' id='word_1_392' title='bbox 2983 829 3166 894; x_wconf 87' lang='grc' dir='ltr'>καλῶς</span> <span class='ocrx_word' id='word_1_393' title='bbox 3196 848 3261 900; x_wconf 84' lang='grc' dir='ltr'><strong>γε</strong></span> <span class='ocrx_word' id='word_1_394' title='bbox 3287 832 3350 905; x_wconf 82' lang='grc' dir='ltr'>δὴ</span> <span class='ocrx_word' id='word_1_395' title='bbox 3379 837 3568 908; x_wconf 81' lang='grc' dir='ltr'>σφόδρα</span> <span class='ocrx_word' id='word_1_396' title='bbox 3595 841 3677 905; x_wconf 83' lang='grc' dir='ltr'>τὰς</span> 
     </span>
    </p>
   </div>
   <div class='ocr_carea' id='block_1_52' title="bbox 2130 914 3679 998">
    <p class='ocr_par' dir='ltr' id='par_1_52' title="bbox 2130 914 3679 998">
     <span class='ocr_line' id='line_1_53' title="bbox 2130 914 3679 998; baseline 0.014 -34"><span class='ocrx_word' id='word_1_397' title='bbox 2130 914 2404 984; x_wconf 77' lang='grc' dir='ltr'>ἡμετέρας</span> <span class='ocrx_word' id='word_1_398' title='bbox 2440 916 2675 981; x_wconf 84' lang='grc' dir='ltr'><strong>διανοίας</strong></span> <span class='ocrx_word' id='word_1_399' title='bbox 2721 920 3187 993; x_wconf 74' lang='grc' dir='ltr'>ἀσφαλιζόμενος,</span> <span class='ocrx_word' id='word_1_400' title='bbox 3246 926 3324 989; x_wconf 86' lang='grc' dir='ltr'><strong>είς</strong></span> <span class='ocrx_word' id='word_1_401' title='bbox 3373 926 3431 979; x_wconf 85' lang='grc' dir='ltr'><strong>τὸ</strong></span> <span class='ocrx_word' id='word_1_402' title='bbox 3480 928 3679 998; x_wconf 76' lang='grc' dir='ltr'>ἔχεσθαι</span> 
     </span>
    </p>
   </div>
   <div class='ocr_carea' id='block_1_53' title="bbox 2133 1007 3680 1091">
    <p class='ocr_par' dir='ltr' id='par_1_53' title="bbox 2133 1007 3680 1091">
     <span class='ocr_line' id='line_1_54' title="bbox 2133 1007 3680 1091; baseline 0.011 -32"><span class='ocrx_word' id='word_1_403' title='bbox 2133 1007 2304 1074; x_wconf 79' lang='grc' dir='ltr'>φιλεῖν</span> <span class='ocrx_word' id='word_1_404' title='bbox 2324 1009 2423 1078; x_wconf 85' lang='grc' dir='ltr'>τῆς</span> <span class='ocrx_word' id='word_1_405' title='bbox 2443 1011 2521 1073; x_wconf 85' lang='grc' dir='ltr'><strong>είς</strong></span> <span class='ocrx_word' id='word_1_406' title='bbox 2541 1011 2701 1064; x_wconf 73' lang='grc' dir='ltr'>αὐτὸν</span> <span class='ocrx_word' id='word_1_407' title='bbox 2718 1013 2959 1089; x_wconf 82' lang='grc' dir='ltr'>ἀγάπης,</span> <span class='ocrx_word' id='word_1_408' title='bbox 2989 1014 3079 1068; x_wconf 83' lang='grc' dir='ltr'>διά</span> <span class='ocrx_word' id='word_1_409' title='bbox 3098 1032 3159 1068; x_wconf 87' lang='grc' dir='ltr'><strong>τε</strong></span> <span class='ocrx_word' id='word_1_410' title='bbox 3178 1016 3276 1087; x_wconf 83' lang='grc' dir='ltr'>τῆς</span> <span class='ocrx_word' id='word_1_411' title='bbox 3299 1020 3418 1071; x_wconf 82' lang='grc' dir='ltr'>κατ’</span> <span class='ocrx_word' id='word_1_412' title='bbox 3429 1020 3680 1091; x_wconf 73' lang='grc' dir='ltr'>ἐνέργειαν</span> 
     </span>
    </p>
   </div>
   <div class='ocr_carea' id='block_1_54' title="bbox 2132 1086 3683 1181">
    <p class='ocr_par' dir='ltr' id='par_1_54' title="bbox 2132 1086 3683 1181">
     <span class='ocr_line' id='line_1_55' title="bbox 2132 1086 3683 1181; baseline 0.01 -29"><span class='ocrx_word' id='word_1_413' title='bbox 2132 1099 2363 1171; x_wconf 83' lang='grc' dir='ltr'>ἀρετῆς,</span> <span class='ocrx_word' id='word_1_414' title='bbox 2396 1103 2491 1155; x_wconf 77' lang='grc' dir='ltr'>καὶ</span> <span class='ocrx_word' id='word_1_415' title='bbox 2536 1103 2637 1174; x_wconf 83' lang='grc' dir='ltr'><strong>τῆς</strong></span> <span class='ocrx_word' id='word_1_416' title='bbox 2685 1086 2904 1168; x_wconf 85' lang='grc' dir='ltr'>ἀσινοῦς</span> <span class='ocrx_word' id='word_1_417' title='bbox 2940 1105 3183 1176; x_wconf 83' lang='grc' dir='ltr'>δηλονότι</span> <span class='ocrx_word' id='word_1_418' title='bbox 3231 1086 3478 1173; x_wconf 56' lang='grc' dir='ltr'>πίστεως.</span> <span class='ocrx_word' id='word_1_419' title='bbox 3509 1086 3610 1181; x_wconf 63' lang='lat' dir='ltr'><strong>“li-,4</strong></span> <span class='ocrx_word' id='word_1_420' title='bbox 3634 1114 3683 1167; x_wconf 74' lang='grc' dir='ltr'>δὲ</span> 
     </span>
    </p>
   </div>
   <div class='ocr_carea' id='block_1_55' title="bbox 2131 1193 3684 1272">
    <p class='ocr_par' dir='ltr' id='par_1_55' title="bbox 2131 1193 3684 1272">
     <span class='ocr_line' id='line_1_56' title="bbox 2131 1193 3684 1272; baseline 0.008 -27"><span class='ocrx_word' id='word_1_421' title='bbox 2131 1193 2227 1248; x_wconf 82' lang='grc' dir='ltr'>τοῦ</span> <span class='ocrx_word' id='word_1_422' title='bbox 2271 1195 2635 1265; x_wconf 79' lang='grc' dir='ltr'>γηπονοῢντος</span> <span class='ocrx_word' id='word_1_423' title='bbox 2680 1198 2959 1269; x_wconf 80' lang='grc' dir='ltr'><strong>φροντίδος</strong></span> <span class='ocrx_word' id='word_1_424' title='bbox 3001 1199 3105 1253; x_wconf 85' lang='grc' dir='ltr'><strong>οὐκ</strong></span> <span class='ocrx_word' id='word_1_425' title='bbox 3155 1198 3444 1272; x_wconf 81' lang='grc' dir='ltr'><strong>ἀπείρατον</strong></span> <span class='ocrx_word' id='word_1_426' title='bbox 3492 1202 3684 1258; x_wconf 76' lang='grc' dir='ltr'>ἔσεσθαι</span> 
     </span>
    </p>
   </div>
   <div class='ocr_carea' id='block_1_56' title="bbox 2136 1287 3686 1364">
    <p class='ocr_par' dir='ltr' id='par_1_56' title="bbox 2136 1287 3686 1364">
     <span class='ocr_line' id='line_1_57' title="bbox 2136 1287 3686 1364; baseline 0.006 -26"><span class='ocrx_word' id='word_1_427' title='bbox 2136 1287 2413 1351; x_wconf 82' lang='grc' dir='ltr'>παντελῶς</span> <span class='ocrx_word' id='word_1_428' title='bbox 2444 1288 2506 1340; x_wconf 84' lang='grc' dir='ltr'>τὸ</span> <span class='ocrx_word' id='word_1_429' title='bbox 2547 1290 2892 1361; x_wconf 76' lang='grc' dir='ltr'><strong>καρποφόρον</strong></span> <span class='ocrx_word' id='word_1_430' title='bbox 2942 1290 3132 1361; x_wconf 85' lang='grc' dir='ltr'>κλῆμά</span> <span class='ocrx_word' id='word_1_431' title='bbox 3159 1308 3309 1361; x_wconf 84' lang='grc' dir='ltr'>φησι·</span> <span class='ocrx_word' id='word_1_432' title='bbox 3350 1292 3686 1364; x_wconf 81' lang='grc' dir='ltr'>διακαθαρϐή-</span> 
     </span>
    </p>
   </div>
   <div class='ocr_carea' id='block_1_57' title="bbox 2136 1377 3686 1454">
    <p class='ocr_par' dir='ltr' id='par_1_57' title="bbox 2136 1377 3686 1454">
     <span class='ocr_line' id='line_1_58' title="bbox 2136 1377 3686 1454; baseline 0.005 -26"><span class='ocrx_word' id='word_1_433' title='bbox 2136 1377 2322 1431; x_wconf 82' lang='grc' dir='ltr'>σεσθαι</span> <span class='ocrx_word' id='word_1_434' title='bbox 2348 1378 2456 1448; x_wconf 82' lang='grc' dir='ltr'><strong>γὰρ</strong></span> <span class='ocrx_word' id='word_1_435' title='bbox 2494 1380 2631 1448; x_wconf 86' lang='grc' dir='ltr'>πρὸς</span> <span class='ocrx_word' id='word_1_436' title='bbox 2657 1379 2717 1432; x_wconf 73' lang='grc' dir='ltr'>τὸ</span> <span class='ocrx_word' id='word_1_437' title='bbox 2750 1381 2842 1433; x_wconf 77' lang='grc' dir='ltr'>καὶ</span> <span class='ocrx_word' id='word_1_438' title='bbox 2873 1380 3134 1451; x_wconf 82' lang='grc' dir='ltr'><strong>μειζόνως</strong></span> <span class='ocrx_word' id='word_1_439' title='bbox 3156 1380 3408 1435; x_wconf 84' lang='grc' dir='ltr'>δύνασθαι</span> <span class='ocrx_word' id='word_1_440' title='bbox 3435 1400 3686 1454; x_wconf 85' lang='grc' dir='ltr'>καρποφο-</span> 
     </span>
    </p>
   </div>
   <div class='ocr_carea' id='block_1_58' title="bbox 2136 1470 3687 1545">
    <p class='ocr_par' dir='ltr' id='par_1_58' title="bbox 2136 1470 3687 1545">
     <span class='ocr_line' id='line_1_59' title="bbox 2136 1470 3687 1545; baseline 0.005 -24"><span class='ocrx_word' id='word_1_441' title='bbox 2136 1472 2250 1539; x_wconf 88' lang='grc' dir='ltr'>ρεῖν</span> <span class='ocrx_word' id='word_1_442' title='bbox 2287 1485 2302 1501; x_wconf 78' lang='grc' dir='ltr'><strong>ο</strong></span> <span class='ocrx_word' id='word_1_443' title='bbox 2327 1471 2443 1534; x_wconf 84' lang='grc' dir='ltr'>τοῖς</span> <span class='ocrx_word' id='word_1_444' title='bbox 2477 1470 2587 1541; x_wconf 89' lang='grc' dir='ltr'><strong>γάρ</strong></span> <span class='ocrx_word' id='word_1_445' title='bbox 2631 1471 2768 1537; x_wconf 82' lang='grc' dir='ltr'>ὅλως</span> <span class='ocrx_word' id='word_1_446' title='bbox 2807 1472 3007 1544; x_wconf 79' lang='grc' dir='ltr'>ἄριστα</span> <span class='ocrx_word' id='word_1_447' title='bbox 3061 1473 3190 1544; x_wconf 79' lang='grc' dir='ltr'>μὲν,</span> <span class='ocrx_word' id='word_1_448' title='bbox 3221 1474 3350 1535; x_wconf 67' lang='grc' dir='ltr'>καὶ,</span> <span class='ocrx_word' id='word_1_449' title='bbox 3381 1474 3454 1539; x_wconf 64' lang='lat' dir='ltr'><strong>Ib;</strong></span> <span class='ocrx_word' id='word_1_450' title='bbox 3487 1475 3549 1528; x_wconf 80' lang='grc' dir='ltr'><strong>ἂν</strong></span> <span class='ocrx_word' id='word_1_451' title='bbox 3589 1475 3687 1545; x_wconf 76' lang='grc' dir='ltr'>ἔχοι</span> 
     </span>
    </p>
   </div>
   <div class='ocr_carea' id='block_1_59' title="bbox 2135 1560 3777 1636">
    <p class='ocr_par' dir='ltr' id='par_1_59' title="bbox 2135 1560 3777 1636">
     <span class='ocr_line' id='line_1_60' title="bbox 2135 1560 3777 1636; baseline 0.004 -22"><span class='ocrx_word' id='word_1_452' title='bbox 2135 1562 2316 1625; x_wconf 80' lang='grc' dir='ltr'>καλῶς</span> <span class='ocrx_word' id='word_1_453' title='bbox 2338 1560 2530 1633; x_wconf 75' lang='grc' dir='ltr'>διαζῇν</span> <span class='ocrx_word' id='word_1_454' title='bbox 2556 1564 2853 1635; x_wconf 78' lang='grc' dir='ltr'>ἑλομένοις,</span> <span class='ocrx_word' id='word_1_455' title='bbox 2875 1565 3240 1636; x_wconf 83' lang='grc' dir='ltr'>ἀγαθουργεῖν</span> <span class='ocrx_word' id='word_1_456' title='bbox 3268 1565 3326 1619; x_wconf 80' lang='grc' dir='ltr'>δὲ</span> <span class='ocrx_word' id='word_1_457' title='bbox 3355 1565 3436 1619; x_wconf 81' lang='grc' dir='ltr'>ὃτι</span> <span class='ocrx_word' id='word_1_458' title='bbox 3479 1567 3688 1636; x_wconf 85' lang='grc' dir='ltr'>μάλιστα</span> <span class='ocrx_word' id='word_1_459' title='bbox 3774 1630 3777 1631; x_wconf 19' lang='grc' dir='ltr'><strong>ν</strong></span> 
     </span>
    </p>
   </div>
   <div class='ocr_carea' id='block_1_60' title="bbox 2135 1650 3689 1727">
    <p class='ocr_par' dir='ltr' id='par_1_60' title="bbox 2135 1650 3689 1727">
     <span class='ocr_line' id='line_1_61' title="bbox 2135 1650 3689 1727; baseline 0.005 -25"><span class='ocrx_word' id='word_1_460' title='bbox 2135 1650 2229 1703; x_wconf 74' lang='grc' dir='ltr'>καὶ</span> <span class='ocrx_word' id='word_1_461' title='bbox 2260 1650 2347 1704; x_wconf 87' lang='grc' dir='ltr'><strong>διὰ</strong></span> <span class='ocrx_word' id='word_1_462' title='bbox 2388 1651 2570 1722; x_wconf 82' lang='grc' dir='ltr'><strong>πάσης</strong></span> <span class='ocrx_word' id='word_1_463' title='bbox 2613 1654 2749 1707; x_wconf 75' lang='grc' dir='ltr'>ἰέναι</span> <span class='ocrx_word' id='word_1_464' title='bbox 2795 1654 3071 1719; x_wconf 83' lang='grc' dir='ltr'>πολιτείας</span> <span class='ocrx_word' id='word_1_465' title='bbox 3113 1655 3391 1724; x_wconf 81' lang='grc' dir='ltr'>Θεοφιλοῦς</span> <span class='ocrx_word' id='word_1_466' title='bbox 3422 1656 3689 1727; x_wconf 80' lang='grc' dir='ltr'>ᾑρημένοις</span> 
     </span>
    </p>
   </div>
   <div class='ocr_carea' id='block_1_61' title="bbox 2138 1742 3689 1820">
    <p class='ocr_par' dir='ltr' id='par_1_61' title="bbox 2138 1742 3689 1820">
     <span class='ocr_line' id='line_1_62' title="bbox 2138 1742 3689 1820; baseline 0.006 -26"><span class='ocrx_word' id='word_1_467' title='bbox 2138 1742 2529 1814; x_wconf 78' lang='grc' dir='ltr'>συνεργάζεται</span> <span class='ocrx_word' id='word_1_468' title='bbox 2580 1746 2732 1812; x_wconf 78' lang='grc' dir='ltr'>Θεὸς,</span> <span class='ocrx_word' id='word_1_469' title='bbox 2773 1747 3023 1819; x_wconf 84' lang='grc' dir='ltr'>καθάπερ</span> <span class='ocrx_word' id='word_1_470' title='bbox 3074 1748 3181 1801; x_wconf 82' lang='grc' dir='ltr'>τινὶ</span> <span class='ocrx_word' id='word_1_471' title='bbox 3226 1748 3465 1820; x_wconf 81' lang='grc' dir='ltr'>δρεπάνῃ</span> <span class='ocrx_word' id='word_1_472' title='bbox 3511 1753 3573 1820; x_wconf 81' lang='grc' dir='ltr'>τῇ</span> <span class='ocrx_word' id='word_1_473' title='bbox 3610 1750 3689 1803; x_wconf 82' lang='grc' dir='ltr'>τοῦ</span> 
     </span>
    </p>
   </div>
   <div class='ocr_carea' id='block_1_62' title="bbox 2131 1837 3690 1911">
    <p class='ocr_par' dir='ltr' id='par_1_62' title="bbox 2131 1837 3690 1911">
     <span class='ocr_line' id='line_1_63' title="bbox 2131 1837 3690 1911; baseline 0.003 -22"><span class='ocrx_word' id='word_1_474' title='bbox 2131 1837 2449 1906; x_wconf 86' lang='grc' dir='ltr'>Πνεύματος</span> <span class='ocrx_word' id='word_1_475' title='bbox 2502 1839 2753 1910; x_wconf 72' lang='grc' dir='ltr'>ἐνεργείᾳ</span> <span class='ocrx_word' id='word_1_476' title='bbox 2811 1839 3094 1911; x_wconf 82' lang='grc' dir='ltr'>χρώμενος</span> <span class='ocrx_word' id='word_1_477' title='bbox 3117 1879 3131 1903; x_wconf 89' lang='grc'><strong>,</strong></span> <span class='ocrx_word' id='word_1_478' title='bbox 3162 1841 3258 1895; x_wconf 70' lang='grc' dir='ltr'><strong>καὶ</strong></span> <span class='ocrx_word' id='word_1_479' title='bbox 3289 1843 3616 1911; x_wconf 82' lang='grc' dir='ltr'>περιτέμνων</span> <span class='ocrx_word' id='word_1_480' title='bbox 3641 1844 3690 1894; x_wconf 81' lang='grc' dir='ltr'>ἐν</span> 
     </span>
    </p>
   </div>
   <div class='ocr_carea' id='block_1_63' title="bbox 2131 1932 3691 2005">
    <p class='ocr_par' dir='ltr' id='par_1_63' title="bbox 2131 1932 3691 2005">
     <span class='ocr_line' id='line_1_64' title="bbox 2131 1932 3691 2005; baseline 0.001 -22"><span class='ocrx_word' id='word_1_481' title='bbox 2131 1932 2336 1995; x_wconf 80' lang='grc' dir='ltr'>αὐτοῖς,</span> <span class='ocrx_word' id='word_1_482' title='bbox 2382 1933 2511 1985; x_wconf 79' lang='grc' dir='ltr'>ποτὲ</span> <span class='ocrx_word' id='word_1_483' title='bbox 2569 1932 2668 2003; x_wconf 85' lang='grc' dir='ltr'>μὲν</span> <span class='ocrx_word' id='word_1_484' title='bbox 2731 1933 2830 1996; x_wconf 88' lang='grc' dir='ltr'><strong>τάς</strong></span> <span class='ocrx_word' id='word_1_485' title='bbox 2881 1933 3093 2005; x_wconf 85' lang='grc' dir='ltr'>ἡδονὰς,</span> <span class='ocrx_word' id='word_1_486' title='bbox 3125 1934 3183 1987; x_wconf 83' lang='grc' dir='ltr'>αἳ</span> <span class='ocrx_word' id='word_1_487' title='bbox 3220 1934 3309 1987; x_wconf 70' lang='grc' dir='ltr'>ἀεὶ</span> <span class='ocrx_word' id='word_1_488' title='bbox 3355 1932 3598 1987; x_wconf 77' lang='grc' dir='ltr'>καλοῦσιν</span> <span class='ocrx_word' id='word_1_489' title='bbox 3623 1934 3691 1995; x_wconf 82' lang='grc' dir='ltr'><strong>εἰς</strong></span> 
     </span>
    </p>
   </div>
   <div class='ocr_carea' id='block_1_64' title="bbox 2130 2019 3691 2095">
    <p class='ocr_par' dir='ltr' id='par_1_64' title="bbox 2130 2019 3691 2095">
     <span class='ocr_line' id='line_1_65' title="bbox 2130 2019 3691 2095; baseline 0.002 -21"><span class='ocrx_word' id='word_1_490' title='bbox 2130 2022 2509 2093; x_wconf 87' lang='grc' dir='ltr'>φιλοσαρκίαν,</span> <span class='ocrx_word' id='word_1_491' title='bbox 2547 2024 2641 2089; x_wconf 77' lang='grc' dir='ltr'>καὶ</span> <span class='ocrx_word' id='word_1_492' title='bbox 2686 2024 2832 2094; x_wconf 77' lang='grc' dir='ltr'>πάθη</span> <span class='ocrx_word' id='word_1_493' title='bbox 2861 2026 3170 2095; x_wconf 77' lang='grc' dir='ltr'>σωματικὰ,</span> <span class='ocrx_word' id='word_1_494' title='bbox 3198 2025 3329 2079; x_wconf 83' lang='grc' dir='ltr'>ποτὲ</span> <span class='ocrx_word' id='word_1_495' title='bbox 3363 2025 3418 2078; x_wconf 82' lang='grc' dir='ltr'>δὲ</span> <span class='ocrx_word' id='word_1_496' title='bbox 3452 2019 3517 2078; x_wconf 80' lang='grc' dir='ltr'><strong>αὖ</strong></span> <span class='ocrx_word' id='word_1_497' title='bbox 3552 2025 3691 2078; x_wconf 78' lang='grc' dir='ltr'>πάλιν</span> 
     </span>
    </p>
   </div>
   <div class='ocr_carea' id='block_1_65' title="bbox 2129 2112 3691 2187">
    <p class='ocr_par' dir='ltr' id='par_1_65' title="bbox 2129 2112 3691 2187">
     <span class='ocr_line' id='line_1_66' title="bbox 2129 2112 3691 2187; baseline 0.001 -20"><span class='ocrx_word' id='word_1_498' title='bbox 2129 2114 2199 2167; x_wconf 77' lang='grc' dir='ltr'>τὰ</span> <span class='ocrx_word' id='word_1_499' title='bbox 2229 2116 2439 2182; x_wconf 86' lang='grc' dir='ltr'>ὅσαπερ</span> <span class='ocrx_word' id='word_1_500' title='bbox 2467 2112 2575 2169; x_wconf 75' lang='grc' dir='ltr'>οἶδε</span> <span class='ocrx_word' id='word_1_501' title='bbox 2622 2119 2742 2181; x_wconf 86' lang='grc' dir='ltr'>ταῖς</span> <span class='ocrx_word' id='word_1_502' title='bbox 2769 2117 2879 2171; x_wconf 79' lang='grc' dir='ltr'><strong>τῶν</strong></span> <span class='ocrx_word' id='word_1_503' title='bbox 2923 2116 3228 2187; x_wconf 86' lang='grc' dir='ltr'>ἀνθρώπων</span> <span class='ocrx_word' id='word_1_504' title='bbox 3256 2117 3572 2186; x_wconf 73' lang='grc' dir='ltr'>συμϐαίνειν</span> <span class='ocrx_word' id='word_1_505' title='bbox 3606 2116 3691 2185; x_wconf 75' lang='grc' dir='ltr'>ψυ-</span> 
     </span>
    </p>
   </div>
   <div class='ocr_carea' id='block_1_66' title="bbox 2131 2207 3691 2279">
    <p class='ocr_par' dir='ltr' id='par_1_66' title="bbox 2131 2207 3691 2279">
     <span class='ocr_line' id='line_1_67' title="bbox 2131 2207 3691 2279; baseline 0 -20"><span class='ocrx_word' id='word_1_506' title='bbox 2131 2210 2273 2277; x_wconf 81' lang='grc' dir='ltr'>χαῖς,</span> <span class='ocrx_word' id='word_1_507' title='bbox 2303 2208 2388 2260; x_wconf 76' lang='grc' dir='ltr'>διὰ</span> <span class='ocrx_word' id='word_1_508' title='bbox 2441 2208 2691 2279; x_wconf 76' lang='grc' dir='ltr'>ποικίλης</span> <span class='ocrx_word' id='word_1_509' title='bbox 2736 2207 2924 2263; x_wconf 81' lang='grc' dir='ltr'>κακῶν</span> <span class='ocrx_word' id='word_1_510' title='bbox 2960 2211 3104 2271; x_wconf 71' lang='grc' dir='ltr'>ἰδέας</span> <span class='ocrx_word' id='word_1_511' title='bbox 3160 2208 3587 2263; x_wconf 75' lang='grc' dir='ltr'>κατασπιλοῦντα</span> <span class='ocrx_word' id='word_1_512' title='bbox 3613 2209 3691 2260; x_wconf 76' lang='grc' dir='ltr'><strong>τὸν</strong></span> 
     </span>
    </p>
   </div>
   <div class='ocr_carea' id='block_1_67' title="bbox 2130 2297 3689 2372">
    <p class='ocr_par' dir='ltr' id='par_1_67' title="bbox 2130 2297 3689 2372">
     <span class='ocr_line' id='line_1_68' title="bbox 2130 2297 3689 2372; baseline -0.001 -21"><span class='ocrx_word' id='word_1_513' title='bbox 2130 2300 2273 2352; x_wconf 80' lang='grc' dir='ltr'>νοῦν.</span> <span class='ocrx_word' id='word_1_514' title='bbox 2303 2300 2519 2368; x_wconf 82' lang='grc' dir='ltr'>Ταύτην</span> <span class='ocrx_word' id='word_1_515' title='bbox 2549 2300 2657 2372; x_wconf 84' lang='grc' dir='ltr'>γὰρ</span> <span class='ocrx_word' id='word_1_516' title='bbox 2685 2297 2823 2354; x_wconf 79' lang='grc' dir='ltr'>εἶναί</span> <span class='ocrx_word' id='word_1_517' title='bbox 2856 2318 3038 2370; x_wconf 80' lang='grc' dir='ltr'>φαμεν</span> <span class='ocrx_word' id='word_1_518' title='bbox 3071 2301 3171 2371; x_wconf 81' lang='grc' dir='ltr'><strong>τὴν</strong></span> <span class='ocrx_word' id='word_1_519' title='bbox 3210 2299 3614 2371; x_wconf 84' lang='grc' dir='ltr'>ἀχειροποίητόν</span> <span class='ocrx_word' id='word_1_520' title='bbox 3638 2315 3689 2350; x_wconf 82' lang='grc' dir='ltr'><strong>τε</strong></span> 
     </span>
    </p>
   </div>
   <div class='ocr_carea' id='block_1_68' title="bbox 2132 2387 3691 2464">
    <p class='ocr_par' dir='ltr' id='par_1_68' title="bbox 2132 2387 3691 2464">
     <span class='ocr_line' id='line_1_69' title="bbox 2132 2387 3691 2464; baseline 0 -20"><span class='ocrx_word' id='word_1_521' title='bbox 2132 2393 2226 2445; x_wconf 78' lang='grc' dir='ltr'>καὶ</span> <span class='ocrx_word' id='word_1_522' title='bbox 2273 2394 2329 2444; x_wconf 82' lang='grc' dir='ltr'><strong>ὲν</strong></span> <span class='ocrx_word' id='word_1_523' title='bbox 2367 2394 2644 2463; x_wconf 82' lang='grc' dir='ltr'>Πνεύματι</span> <span class='ocrx_word' id='word_1_524' title='bbox 2698 2394 2994 2463; x_wconf 84' lang='grc' dir='ltr'>νοουμένην</span> <span class='ocrx_word' id='word_1_525' title='bbox 3052 2393 3383 2464; x_wconf 82' lang='grc' dir='ltr'>περιτομὴν,</span> <span class='ocrx_word' id='word_1_526' title='bbox 3416 2393 3537 2463; x_wconf 73' lang='grc' dir='ltr'>περὶ</span> <span class='ocrx_word' id='word_1_527' title='bbox 3583 2387 3691 2464; x_wconf 82' lang='grc' dir='ltr'>ἦςό</span> 
     </span>
    </p>
   </div>
   <div class='ocr_carea' id='block_1_69' title="bbox 2134 2482 3692 2555">
    <p class='ocr_par' dir='ltr' id='par_1_69' title="bbox 2134 2482 3692 2555">
     <span class='ocr_line' id='line_1_70' title="bbox 2134 2482 3692 2555; baseline -0.001 -19"><span class='ocrx_word' id='word_1_528' title='bbox 2134 2483 2343 2548; x_wconf 63' lang='lat' dir='ltr'><strong>nam;</strong></span> <span class='ocrx_word' id='word_1_529' title='bbox 2399 2502 2532 2555; x_wconf 85' lang='grc' dir='ltr'>φησι</span> <span class='ocrx_word' id='word_1_530' title='bbox 2588 2484 2719 2537; x_wconf 84' lang='grc' dir='ltr'>ποτὲ</span> <span class='ocrx_word' id='word_1_531' title='bbox 2768 2484 2866 2555; x_wconf 84' lang='grc' dir='ltr'>μέν</span> <span class='ocrx_word' id='word_1_532' title='bbox 2894 2502 2906 2515; x_wconf 69' lang='grc' dir='ltr'><strong>ο</strong></span> <span class='ocrx_word' id='word_1_533' title='bbox 2938 2504 2956 2536; x_wconf 78' lang='grc' dir='ltr'><strong>ι</strong></span> <span class='ocrx_word' id='word_1_534' title='bbox 3003 2485 3080 2539; x_wconf 82' lang='grc' dir='ltr'><strong>Οὐ</strong></span> <span class='ocrx_word' id='word_1_535' title='bbox 3113 2484 3225 2555; x_wconf 83' lang='grc' dir='ltr'>γὰρ</span> <span class='ocrx_word' id='word_1_536' title='bbox 3270 2486 3329 2539; x_wconf 79' lang='grc' dir='ltr'><strong>ὲν</strong></span> <span class='ocrx_word' id='word_1_537' title='bbox 3375 2482 3452 2554; x_wconf 82' lang='grc' dir='ltr'>τῷ</span> <span class='ocrx_word' id='word_1_538' title='bbox 3498 2483 3692 2554; x_wconf 81' lang='grc' dir='ltr'>φανερῷ</span> 
     </span>
    </p>
   </div>
   <div class='ocr_carea' id='block_1_70' title="bbox 2145 2572 3693 2645">
    <p class='ocr_par' dir='ltr' id='par_1_70' title="bbox 2145 2572 3693 2645">
     <span class='ocr_line' id='line_1_71' title="bbox 2145 2572 3693 2645; baseline -0.003 -19"><span class='ocrx_word' id='word_1_539' title='bbox 2145 2575 2394 2637; x_wconf 82' lang='grc' dir='ltr'>Ἰουδαῖός</span> <span class='ocrx_word' id='word_1_540' title='bbox 2425 2576 2593 2638; x_wconf 77' lang='grc' dir='ltr'>ἐστιν,</span> <span class='ocrx_word' id='word_1_541' title='bbox 2624 2573 2746 2628; x_wconf 78' lang='grc' dir='ltr'>οὐδὲ</span> <span class='ocrx_word' id='word_1_542' title='bbox 2782 2576 2815 2645; x_wconf 84' lang='grc' dir='ltr'><strong>ἡ</strong></span> <span class='ocrx_word' id='word_1_543' title='bbox 2846 2577 2903 2627; x_wconf 85' lang='grc' dir='ltr'><strong>ὲν</strong></span> <span class='ocrx_word' id='word_1_544' title='bbox 2933 2572 3011 2645; x_wconf 83' lang='grc' dir='ltr'>τῷ</span> <span class='ocrx_word' id='word_1_545' title='bbox 3046 2573 3272 2645; x_wconf 72' lang='grc' dir='ltr'>φανερῷ</span> <span class='ocrx_word' id='word_1_546' title='bbox 3294 2574 3350 2626; x_wconf 84' lang='grc' dir='ltr'><strong>ὲν</strong></span> <span class='ocrx_word' id='word_1_547' title='bbox 3378 2572 3535 2644; x_wconf 78' lang='grc' dir='ltr'>σαρκὶ</span> <span class='ocrx_word' id='word_1_548' title='bbox 3562 2588 3693 2640; x_wconf 86' lang='grc' dir='ltr'>περι-</span> 
     </span>
    </p>
   </div>
   <div class='ocr_carea' id='block_1_71' title="bbox 2131 2659 3693 2732">
    <p class='ocr_par' dir='ltr' id='par_1_71' title="bbox 2131 2659 3693 2732">
     <span class='ocr_line' id='line_1_72' title="bbox 2131 2659 3693 2732; baseline -0.001 -18"><span class='ocrx_word' id='word_1_549' title='bbox 2131 2661 2291 2732; x_wconf 82' lang='grc' dir='ltr'>τομὴ,</span> <span class='ocrx_word' id='word_1_550' title='bbox 2325 2661 2439 2714; x_wconf 84' lang='grc' dir='ltr'>ἀλλ’</span> <span class='ocrx_word' id='word_1_551' title='bbox 2475 2664 2503 2714; x_wconf 91' lang='lat'><strong>6</strong></span> <span class='ocrx_word' id='word_1_552' title='bbox 2553 2664 2612 2714; x_wconf 84' lang='grc' dir='ltr'><strong>ὲν</strong></span> <span class='ocrx_word' id='word_1_553' title='bbox 2643 2662 2720 2732; x_wconf 84' lang='grc' dir='ltr'><strong>τῷ</strong></span> <span class='ocrx_word' id='word_1_554' title='bbox 2752 2661 2982 2732; x_wconf 84' lang='grc' dir='ltr'>κρυπτῷ</span> <span class='ocrx_word' id='word_1_555' title='bbox 3022 2661 3296 2727; x_wconf 79' lang='grc' dir='ltr'>Ἰουδαῖος,</span> <span class='ocrx_word' id='word_1_556' title='bbox 3327 2662 3418 2715; x_wconf 79' lang='grc' dir='ltr'><strong>καὶ</strong></span> <span class='ocrx_word' id='word_1_557' title='bbox 3449 2659 3693 2730; x_wconf 79' lang='grc' dir='ltr'>περιτομὴ</span> 
     </span>
    </p>
   </div>
   <div class='ocr_carea' id='block_1_72' title="bbox 2132 2746 3697 2824">
    <p class='ocr_par' dir='ltr' id='par_1_72' title="bbox 2132 2746 3697 2824">
     <span class='ocr_line' id='line_1_73' title="bbox 2132 2746 3697 2824; baseline -0.001 -19"><span class='ocrx_word' id='word_1_558' title='bbox 2132 2752 2359 2824; x_wconf 75' lang='grc' dir='ltr'>καρδίας</span> <span class='ocrx_word' id='word_1_559' title='bbox 2418 2754 2475 2806; x_wconf 79' lang='grc' dir='ltr'><strong>ἐν</strong></span> <span class='ocrx_word' id='word_1_560' title='bbox 2525 2752 2804 2823; x_wconf 87' lang='grc' dir='ltr'>Πνεύματι</span> <span class='ocrx_word' id='word_1_561' title='bbox 2833 2794 2845 2817; x_wconf 92' lang='grc'><strong>,</strong></span> <span class='ocrx_word' id='word_1_562' title='bbox 2875 2752 2936 2806; x_wconf 85' lang='grc' dir='ltr'><strong>οὐ</strong></span> <span class='ocrx_word' id='word_1_563' title='bbox 2990 2754 3289 2824; x_wconf 85' lang='grc' dir='ltr'>γράμματι</span> <span class='ocrx_word' id='word_1_564' title='bbox 3314 2794 3328 2819; x_wconf 91' lang='grc'><strong>,</strong></span> <span class='ocrx_word' id='word_1_565' title='bbox 3353 2746 3413 2807; x_wconf 73' lang='grc' dir='ltr'><strong>οὗ</strong></span> <span class='ocrx_word' id='word_1_566' title='bbox 3446 2754 3475 2804; x_wconf 98' lang='lat'><strong>6</strong></span> <span class='ocrx_word' id='word_1_567' title='bbox 3501 2752 3697 2812; x_wconf 72' lang='grc' dir='ltr'>ἔπαινος</span> 
     </span>
    </p>
   </div>
   <div class='ocr_carea' id='block_1_73' title="bbox 2130 2842 3693 2918">
    <p class='ocr_par' dir='ltr' id='par_1_73' title="bbox 2130 2842 3693 2918">
     <span class='ocr_line' id='line_1_74' title="bbox 2130 2842 3693 2918; baseline -0.002 -20"><span class='ocrx_word' id='word_1_568' title='bbox 2130 2846 2230 2898; x_wconf 86' lang='grc' dir='ltr'><strong>οὐκ</strong></span> <span class='ocrx_word' id='word_1_569' title='bbox 2255 2846 2314 2911; x_wconf 74' lang='grc' dir='ltr'>ἐξ</span> <span class='ocrx_word' id='word_1_570' title='bbox 2340 2845 2664 2918; x_wconf 83' lang='grc' dir='ltr'>ἀνθρώπων,</span> <span class='ocrx_word' id='word_1_571' title='bbox 2695 2845 2809 2899; x_wconf 86' lang='grc' dir='ltr'>ἀλλ’</span> <span class='ocrx_word' id='word_1_572' title='bbox 2844 2848 2910 2900; x_wconf 81' lang='grc' dir='ltr'>ὲκ</span> <span class='ocrx_word' id='word_1_573' title='bbox 2937 2846 3030 2900; x_wconf 85' lang='grc' dir='ltr'>τοῦ</span> <span class='ocrx_word' id='word_1_574' title='bbox 3054 2846 3190 2901; x_wconf 77' lang='grc' dir='ltr'>Θεοῦ</span> <span class='ocrx_word' id='word_1_575' title='bbox 3219 2862 3240 2876; x_wconf 87' lang='grc'><strong>·</strong></span> <span class='ocrx_word' id='word_1_576' title='bbox 3276 2845 3405 2900; x_wconf 80' lang='grc' dir='ltr'>ποτὲ</span> <span class='ocrx_word' id='word_1_577' title='bbox 3428 2844 3485 2899; x_wconf 86' lang='grc' dir='ltr'>δὲ</span> <span class='ocrx_word' id='word_1_578' title='bbox 3508 2842 3655 2913; x_wconf 77' lang='grc' dir='ltr'>πάλιν</span> <span class='ocrx_word' id='word_1_579' title='bbox 3682 2855 3693 2869; x_wconf 94' lang='grc'><strong>·</strong></span> 
     </span>
    </p>
   </div>
   <div class='ocr_carea' id='block_1_74' title="bbox 2138 2932 3694 3010">
    <p class='ocr_par' dir='ltr' id='par_1_74' title="bbox 2138 2932 3694 3010">
     <span class='ocr_line' id='line_1_75' title="bbox 2138 2932 3694 3010; baseline -0.001 -22"><span class='ocrx_word' id='word_1_580' title='bbox 2138 2956 2157 2988; x_wconf 74' lang='grc' dir='ltr'><strong>ι</strong></span> <span class='ocrx_word' id='word_1_581' title='bbox 2196 2932 2354 3004; x_wconf 79' lang='grc' dir='ltr'><strong>Ἐνῷ</strong></span> <span class='ocrx_word' id='word_1_582' title='bbox 2406 2938 2504 2990; x_wconf 77' lang='grc' dir='ltr'>καὶ</span> <span class='ocrx_word' id='word_1_583' title='bbox 2551 2938 2943 3002; x_wconf 85' lang='grc' dir='ltr'>πιστεύσαντες</span> <span class='ocrx_word' id='word_1_584' title='bbox 2991 2938 3404 3010; x_wconf 80' lang='grc' dir='ltr'>περιετμήθητε</span> <span class='ocrx_word' id='word_1_585' title='bbox 3452 2934 3694 3007; x_wconf 81' lang='grc' dir='ltr'>περιτομῇ</span> 
     </span>
    </p>
   </div>
   <div class='ocr_carea' id='block_1_75' title="bbox 2133 3024 3699 3099">
    <p class='ocr_par' dir='ltr' id='par_1_75' title="bbox 2133 3024 3699 3099">
     <span class='ocr_line' id='line_1_76' title="bbox 2133 3024 3699 3099; baseline -0.003 -18"><span class='ocrx_word' id='word_1_586' title='bbox 2133 3028 2549 3099; x_wconf 84' lang='grc' dir='ltr'>ἀχειροποιήτῳ.</span> <span class='ocrx_word' id='word_1_587' title='bbox 2594 3046 2614 3080; x_wconf 69' lang='grc' dir='ltr'><strong>ι</strong></span> <span class='ocrx_word' id='word_1_588' title='bbox 2668 3027 2943 3083; x_wconf 79' lang='grc' dir='ltr'>Φάσκουσί</span> <span class='ocrx_word' id='word_1_589' title='bbox 2987 3046 3048 3082; x_wconf 89' lang='grc' dir='ltr'><strong>τε</strong></span> <span class='ocrx_word' id='word_1_590' title='bbox 3078 3028 3215 3099; x_wconf 83' lang='grc' dir='ltr'>πρὸς</span> <span class='ocrx_word' id='word_1_591' title='bbox 3263 3027 3437 3081; x_wconf 83' lang='grc' dir='ltr'>ταῦτά</span> <span class='ocrx_word' id='word_1_592' title='bbox 3458 3044 3608 3089; x_wconf 75' lang='grc' dir='ltr'>τισιν,</span> <span class='ocrx_word' id='word_1_593' title='bbox 3636 3024 3699 3087; x_wconf 86' lang='grc' dir='ltr'>ὡς</span> 
     </span>
    </p>
   </div>
   <div class='ocr_carea' id='block_1_76' title="bbox 2132 3116 3696 3191">
    <p class='ocr_par' dir='ltr' id='par_1_76' title="bbox 2132 3116 3696 3191">
     <span class='ocr_line' id='line_1_77' title="bbox 2132 3116 3696 3191; baseline -0.003 -19"><span class='ocrx_word' id='word_1_594' title='bbox 2132 3120 2293 3191; x_wconf 73' lang='grc' dir='ltr'>εἴπερ</span> <span class='ocrx_word' id='word_1_595' title='bbox 2315 3136 2401 3182; x_wconf 89' lang='grc' dir='ltr'><strong>τις</strong></span> <span class='ocrx_word' id='word_1_596' title='bbox 2428 3121 2642 3187; x_wconf 82' lang='grc' dir='ltr'>γένοιτο</span> <span class='ocrx_word' id='word_1_597' title='bbox 2664 3119 3024 3191; x_wconf 84' lang='grc' dir='ltr'>διακάθαρσις</span> <span class='ocrx_word' id='word_1_598' title='bbox 3054 3123 3167 3183; x_wconf 86' lang='grc' dir='ltr'>τοῖς</span> <span class='ocrx_word' id='word_1_599' title='bbox 3189 3121 3295 3191; x_wconf 78' lang='grc' dir='ltr'><strong>τῆς</strong></span> <span class='ocrx_word' id='word_1_600' title='bbox 3323 3119 3516 3191; x_wconf 80' lang='grc' dir='ltr'>νοητῆς</span> <span class='ocrx_word' id='word_1_601' title='bbox 3537 3116 3696 3188; x_wconf 77' lang='grc' dir='ltr'>ἀμπέ-</span> 
     </span>
    </p>
   </div>
   <div class='ocr_carea' id='block_1_77' title="bbox 2133 3208 3692 3284">
    <p class='ocr_par' dir='ltr' id='par_1_77' title="bbox 2133 3208 3692 3284">
     <span class='ocr_line' id='line_1_78' title="bbox 2133 3208 3692 3284; baseline -0.004 -20"><span class='ocrx_word' id='word_1_602' title='bbox 2133 3211 2227 3265; x_wconf 89' lang='grc' dir='ltr'><strong>λου</strong></span> <span class='ocrx_word' id='word_1_603' title='bbox 2252 3213 2546 3283; x_wconf 85' lang='grc' dir='ltr'>κλήμασιν,</span> <span class='ocrx_word' id='word_1_604' title='bbox 2565 3212 2664 3266; x_wconf 79' lang='grc' dir='ltr'><strong>οὐκ</strong></span> <span class='ocrx_word' id='word_1_605' title='bbox 2695 3213 2782 3277; x_wconf 86' lang='grc' dir='ltr'>ἂν,</span> <span class='ocrx_word' id='word_1_606' title='bbox 2815 3208 2994 3284; x_wconf 80' lang='grc' dir='ltr'>οἶμαι,</span> <span class='ocrx_word' id='word_1_607' title='bbox 3019 3213 3140 3283; x_wconf 76' lang='grc' dir='ltr'>δίχα</span> <span class='ocrx_word' id='word_1_608' title='bbox 3165 3213 3332 3267; x_wconf 86' lang='grc' dir='ltr'>πόνου</span> <span class='ocrx_word' id='word_1_609' title='bbox 3363 3212 3692 3283; x_wconf 73' lang='grc' dir='ltr'>συμϐήσεται·</span> 
     </span>
    </p>
   </div>
   <div class='ocr_carea' id='block_1_78' title="bbox 2135 3297 3695 3374">
    <p class='ocr_par' dir='ltr' id='par_1_78' title="bbox 2135 3297 3695 3374">
     <span class='ocr_line' id='line_1_79' title="bbox 2135 3297 3695 3374; baseline -0.005 -17"><span class='ocrx_word' id='word_1_610' title='bbox 2135 3304 2291 3372; x_wconf 85' lang='grc' dir='ltr'>ἀλγεῖ</span> <span class='ocrx_word' id='word_1_611' title='bbox 2316 3304 2428 3374; x_wconf 75' lang='grc' dir='ltr'>γὰρ</span> <span class='ocrx_word' id='word_1_612' title='bbox 2454 3303 2709 3358; x_wconf 85' lang='grc' dir='ltr'>τοσοῦτον</span> <span class='ocrx_word' id='word_1_613' title='bbox 2733 3344 2749 3369; x_wconf 86' lang='grc'><strong>,</strong></span> <span class='ocrx_word' id='word_1_614' title='bbox 2784 3305 2909 3358; x_wconf 84' lang='grc' dir='ltr'>ὅσον</span> <span class='ocrx_word' id='word_1_615' title='bbox 2955 3320 3014 3357; x_wconf 88' lang='grc' dir='ltr'><strong>τε</strong></span> <span class='ocrx_word' id='word_1_616' title='bbox 3061 3304 3157 3358; x_wconf 79' lang='grc' dir='ltr'>καὶ</span> <span class='ocrx_word' id='word_1_617' title='bbox 3184 3305 3337 3367; x_wconf 84' lang='grc' dir='ltr'>ὅπως</span> <span class='ocrx_word' id='word_1_618' title='bbox 3369 3297 3505 3356; x_wconf 76' lang='grc' dir='ltr'>οἶδεν</span> <span class='ocrx_word' id='word_1_619' title='bbox 3532 3298 3695 3367; x_wconf 79' lang='grc' dir='ltr'>ἀλγεῖν</span> 
     </span>
    </p>
   </div>
   <div class='ocr_carea' id='block_1_79' title="bbox 2131 3388 3696 3464">
    <p class='ocr_par' dir='ltr' id='par_1_79' title="bbox 2131 3388 3696 3464">
     <span class='ocr_line' id='line_1_80' title="bbox 2131 3388 3696 3464; baseline 0.001 -17"><span class='ocrx_word' id='word_1_620' title='bbox 2131 3394 2193 3448; x_wconf 78' lang='grc' dir='ltr'>τὸ</span> <span class='ocrx_word' id='word_1_621' title='bbox 2221 3393 2375 3458; x_wconf 81' lang='grc' dir='ltr'>ξύλον</span> <span class='ocrx_word' id='word_1_622' title='bbox 2392 3411 2406 3426; x_wconf 78' lang='grc' dir='ltr'><strong>ο</strong></span> <span class='ocrx_word' id='word_1_623' title='bbox 2427 3394 2707 3463; x_wconf 81' lang='grc' dir='ltr'>ἀναλόγως</span> <span class='ocrx_word' id='word_1_624' title='bbox 2735 3391 2830 3449; x_wconf 81' lang='grc' dir='ltr'><strong>οὖν</strong></span> <span class='ocrx_word' id='word_1_625' title='bbox 2853 3394 2984 3464; x_wconf 80' lang='grc' dir='ltr'>ἄρα,</span> <span class='ocrx_word' id='word_1_626' title='bbox 3005 3394 3100 3448; x_wconf 75' lang='grc' dir='ltr'><strong>καὶ</strong></span> <span class='ocrx_word' id='word_1_627' title='bbox 3127 3394 3224 3447; x_wconf 75' lang='grc' dir='ltr'><strong>ἐπὶ</strong></span> <span class='ocrx_word' id='word_1_628' title='bbox 3246 3393 3357 3448; x_wconf 82' lang='grc' dir='ltr'>τῶν</span> <span class='ocrx_word' id='word_1_629' title='bbox 3387 3392 3551 3461; x_wconf 81' lang='grc' dir='ltr'>ἁγίων</span> <span class='ocrx_word' id='word_1_630' title='bbox 3568 3388 3696 3459; x_wconf 82' lang='grc' dir='ltr'><strong>ἡμᾶς</strong></span> 
     </span>
    </p>
   </div>
   <div class='ocr_carea' id='block_1_80' title="bbox 2133 3472 3697 3559">
    <p class='ocr_par' dir='ltr' id='par_1_80' title="bbox 2133 3472 3697 3559">
     <span class='ocr_line' id='line_1_81' title="bbox 2133 3472 3697 3559; baseline -0.007 -18"><span class='ocrx_word' id='word_1_631' title='bbox 2133 3488 2324 3558; x_wconf 84' lang='grc' dir='ltr'>νοῆσαι</span> <span class='ocrx_word' id='word_1_632' title='bbox 2357 3488 2654 3559; x_wconf 83' lang='grc' dir='ltr'>προσήκοι,</span> <span class='ocrx_word' id='word_1_633' title='bbox 2681 3486 3066 3557; x_wconf 80' lang='grc' dir='ltr'>συναινέσομέν</span> <span class='ocrx_word' id='word_1_634' title='bbox 3091 3503 3153 3539; x_wconf 85' lang='grc' dir='ltr'><strong>τε</strong></span> <span class='ocrx_word' id='word_1_635' title='bbox 3177 3486 3272 3540; x_wconf 82' lang='grc' dir='ltr'>καὶ</span> <span class='ocrx_word' id='word_1_636' title='bbox 3303 3483 3621 3556; x_wconf 71' lang='grc' dir='ltr'>ωνεροῦμεν</span> <span class='ocrx_word' id='word_1_637' title='bbox 3646 3472 3697 3531; x_wconf 79' lang='grc' dir='ltr'>εὖ</span> 
     </span>
    </p>
   </div>
   <div class='ocr_carea' id='block_1_81' title="bbox 2136 3572 3728 3651">
    <p class='ocr_par' dir='ltr' id='par_1_81' title="bbox 2136 3572 3728 3651">
     <span class='ocr_line' id='line_1_82' title="bbox 2136 3572 3728 3651; baseline -0.007 -17"><span class='ocrx_word' id='word_1_638' title='bbox 2136 3578 2283 3649; x_wconf 70' lang='grc' dir='ltr'>μάλα</span> <span class='ocrx_word' id='word_1_639' title='bbox 2316 3578 2721 3650; x_wconf 83' lang='grc' dir='ltr'>διεσκεμμένοι.</span> <span class='ocrx_word' id='word_1_640' title='bbox 2778 3578 3034 3632; x_wconf 81' lang='grc' dir='ltr'>Παιδεύει</span> <span class='ocrx_word' id='word_1_641' title='bbox 3084 3578 3197 3651; x_wconf 83' lang='grc' dir='ltr'>γὰρ</span> <span class='ocrx_word' id='word_1_642' title='bbox 3244 3579 3393 3649; x_wconf 74' lang='grc' dir='ltr'>ἡμᾶς</span> <span class='ocrx_word' id='word_1_643' title='bbox 3422 3575 3512 3632; x_wconf 73' lang='grc' dir='ltr'>διὰ</span> <span class='ocrx_word' id='word_1_644' title='bbox 3552 3572 3728 3627; x_wconf 74' lang='grc' dir='ltr'>πόνου.</span> 
     </span>
    </p>
   </div>
   <div class='ocr_carea' id='block_1_82' title="bbox 2132 3665 3700 3743">
    <p class='ocr_par' dir='ltr' id='par_1_82' title="bbox 2132 3665 3700 3743">
     <span class='ocr_line' id='line_1_83' title="bbox 2132 3665 3700 3743; baseline -0.006 -19"><span class='ocrx_word' id='word_1_645' title='bbox 2132 3672 2226 3725; x_wconf 83' lang='grc' dir='ltr'><strong>καὶ</strong></span> <span class='ocrx_word' id='word_1_646' title='bbox 2274 3670 2507 3741; x_wconf 78' lang='grc' dir='ltr'>θλίψεως</span> <span class='ocrx_word' id='word_1_647' title='bbox 2549 3673 2578 3725; x_wconf 90' lang='lat'><strong>6</strong></span> <span class='ocrx_word' id='word_1_648' title='bbox 2624 3672 2914 3742; x_wconf 79' lang='grc' dir='ltr'>φιλάρετος</span> <span class='ocrx_word' id='word_1_649' title='bbox 2961 3670 3120 3743; x_wconf 85' lang='grc' dir='ltr'>ήμῶν</span> <span class='ocrx_word' id='word_1_650' title='bbox 3177 3671 3333 3736; x_wconf 90' lang='grc' dir='ltr'>Θεός.</span> <span class='ocrx_word' id='word_1_651' title='bbox 3377 3672 3487 3726; x_wconf 74' lang='grc' dir='ltr'><strong>Καὶ</strong></span> <span class='ocrx_word' id='word_1_652' title='bbox 3527 3666 3646 3737; x_wconf 80' lang='grc' dir='ltr'>γοῦν</span> <span class='ocrx_word' id='word_1_653' title='bbox 3675 3665 3700 3715; x_wconf 83' lang='grc'>6</span> 
     </span>
    </p>
   </div>
   <div class='ocr_carea' id='block_1_83' title="bbox 2132 3752 3698 3835">
    <p class='ocr_par' dir='ltr' id='par_1_83' title="bbox 2132 3752 3698 3835">
     <span class='ocr_line' id='line_1_84' title="bbox 2132 3752 3698 3835; baseline -0.019 0"><span class='ocrx_word' id='word_1_654' title='bbox 2132 3764 2417 3835; x_wconf 80' lang='grc' dir='ltr'>προφήτης</span> <span class='ocrx_word' id='word_1_655' title='bbox 2472 3764 2604 3834; x_wconf 81' lang='grc' dir='ltr'><strong>ἡμῖν</strong></span> <span class='ocrx_word' id='word_1_656' title='bbox 2644 3763 2874 3825; x_wconf 81' lang='grc' dir='ltr'>Ἡσαΐας</span> <span class='ocrx_word' id='word_1_657' title='bbox 2895 3761 3087 3833; x_wconf 74' lang='grc' dir='ltr'>φησὶν,</span> <span class='ocrx_word' id='word_1_658' title='bbox 3116 3762 3201 3816; x_wconf 83' lang='grc' dir='ltr'>ὅτι</span> <span class='ocrx_word' id='word_1_659' title='bbox 3235 3782 3253 3816; x_wconf 81' lang='grc' dir='ltr'><strong>ι</strong></span> <span class='ocrx_word' id='word_1_660' title='bbox 3299 3760 3580 3816; x_wconf 81' lang='grc' dir='ltr'>Ἐκπλυνεῖ</span> <span class='ocrx_word' id='word_1_661' title='bbox 3597 3752 3698 3809; x_wconf 79' lang='grc' dir='ltr'><strong>Κύ-</strong></span> 
     </span>
    </p>
   </div>
   <div class='ocr_carea' id='block_1_84' title="bbox 2133 3845 3697 3925">
    <p class='ocr_par' dir='ltr' id='par_1_84' title="bbox 2133 3845 3697 3925">
     <span class='ocr_line' id='line_1_85' title="bbox 2133 3845 3697 3925; baseline 0.001 -17"><span class='ocrx_word' id='word_1_662' title='bbox 2133 3872 2247 3925; x_wconf 82' lang='grc' dir='ltr'>ριος</span> <span class='ocrx_word' id='word_1_663' title='bbox 2281 3855 2372 3909; x_wconf 80' lang='grc' dir='ltr'><strong>τὸν</strong></span> <span class='ocrx_word' id='word_1_664' title='bbox 2405 3855 2576 3925; x_wconf 78' lang='grc' dir='ltr'>ῥύπον</span> <span class='ocrx_word' id='word_1_665' title='bbox 2607 3854 2718 3908; x_wconf 86' lang='grc' dir='ltr'><strong>τῶν</strong></span> <span class='ocrx_word' id='word_1_666' title='bbox 2765 3853 2919 3921; x_wconf 81' lang='grc' dir='ltr'>υἱῶν,</span> <span class='ocrx_word' id='word_1_667' title='bbox 2949 3854 3045 3907; x_wconf 74' lang='grc' dir='ltr'><strong>καὶ</strong></span> <span class='ocrx_word' id='word_1_668' title='bbox 3071 3853 3183 3908; x_wconf 87' lang='grc' dir='ltr'>τῶν</span> <span class='ocrx_word' id='word_1_669' title='bbox 3214 3853 3530 3925; x_wconf 82' lang='grc' dir='ltr'>θυγατέρων</span> <span class='ocrx_word' id='word_1_670' title='bbox 3557 3845 3697 3910; x_wconf 73' lang='grc' dir='ltr'><strong>Σιὼν,</strong></span> 
     </span>
    </p>
   </div>
   <div class='ocr_carea' id='block_1_85' title="bbox 2129 3938 3700 4017">
    <p class='ocr_par' dir='ltr' id='par_1_85' title="bbox 2129 3938 3700 4017">
     <span class='ocr_line' id='line_1_86' title="bbox 2129 3938 3700 4017; baseline -0.006 -18"><span class='ocrx_word' id='word_1_671' title='bbox 2129 3946 2226 3999; x_wconf 75' lang='grc' dir='ltr'><strong>καὶ</strong></span> <span class='ocrx_word' id='word_1_672' title='bbox 2262 3946 2323 3999; x_wconf 83' lang='grc' dir='ltr'><strong>τὸ</strong></span> <span class='ocrx_word' id='word_1_673' title='bbox 2369 3939 2510 4017; x_wconf 80' lang='grc' dir='ltr'>αἷμα</span> <span class='ocrx_word' id='word_1_674' title='bbox 2556 3946 2882 4017; x_wconf 78' lang='grc' dir='ltr'>ὲκκαθαριεῖ</span> <span class='ocrx_word' id='word_1_675' title='bbox 2918 3948 2983 4000; x_wconf 82' lang='grc' dir='ltr'>ὲκ</span> <span class='ocrx_word' id='word_1_676' title='bbox 3013 3945 3183 4017; x_wconf 80' lang='grc' dir='ltr'>μέσου</span> <span class='ocrx_word' id='word_1_677' title='bbox 3218 3945 3438 4010; x_wconf 83' lang='grc' dir='ltr'>αὐτῶν,</span> <span class='ocrx_word' id='word_1_678' title='bbox 3467 3945 3525 3996; x_wconf 76' lang='grc' dir='ltr'><strong>ἐν</strong></span> <span class='ocrx_word' id='word_1_679' title='bbox 3555 3938 3700 3993; x_wconf 83' lang='grc' dir='ltr'>πνεύ-</span> 
     </span>
    </p>
   </div>
   <div class='ocr_carea' id='block_1_86' title="bbox 2133 4030 3701 4111">
    <p class='ocr_par' dir='ltr' id='par_1_86' title="bbox 2133 4030 3701 4111">
     <span class='ocr_line' id='line_1_87' title="bbox 2133 4030 3701 4111; baseline -0.001 -18"><span class='ocrx_word' id='word_1_680' title='bbox 2133 4057 2263 4109; x_wconf 89' lang='grc' dir='ltr'>ματι</span> <span class='ocrx_word' id='word_1_681' title='bbox 2309 4039 2546 4111; x_wconf 87' lang='grc' dir='ltr'>κρίσεως</span> <span class='ocrx_word' id='word_1_682' title='bbox 2571 4080 2584 4105; x_wconf 86' lang='grc'><strong>,</strong></span> <span class='ocrx_word' id='word_1_683' title='bbox 2616 4039 2711 4093; x_wconf 76' lang='grc' dir='ltr'><strong>καὶ</strong></span> <span class='ocrx_word' id='word_1_684' title='bbox 2749 4037 3021 4109; x_wconf 88' lang='grc' dir='ltr'>πνεύματι</span> <span class='ocrx_word' id='word_1_685' title='bbox 3061 4037 3334 4103; x_wconf 85' lang='grc' dir='ltr'>καύσεως.</span> <span class='ocrx_word' id='word_1_686' title='bbox 3371 4057 3390 4089; x_wconf 73' lang='grc' dir='ltr'><strong>ι</strong></span> <span class='ocrx_word' id='word_1_687' title='bbox 3421 4036 3530 4090; x_wconf 72' lang='grc' dir='ltr'><strong>Καὶ</strong></span> <span class='ocrx_word' id='word_1_688' title='bbox 3558 4030 3701 4092; x_wconf 74' lang='grc' dir='ltr'>αὐτὸς</span> 
     </span>
    </p>
   </div>
   <div class='ocr_carea' id='block_1_87' title="bbox 2127 4124 3700 4204">
    <p class='ocr_par' dir='ltr' id='par_1_87' title="bbox 2127 4124 3700 4204">
     <span class='ocr_line' id='line_1_88' title="bbox 2127 4124 3700 4204; baseline -0.008 -18"><span class='ocrx_word' id='word_1_689' title='bbox 2127 4133 2185 4186; x_wconf 85' lang='grc' dir='ltr'>δὲ</span> <span class='ocrx_word' id='word_1_690' title='bbox 2228 4134 2364 4203; x_wconf 76' lang='grc' dir='ltr'>πρὸς</span> <span class='ocrx_word' id='word_1_691' title='bbox 2414 4134 2590 4204; x_wconf 86' lang='grc' dir='ltr'>τούτῳ</span> <span class='ocrx_word' id='word_1_692' title='bbox 2625 4135 2652 4186; x_wconf 92' lang='grc' dir='ltr'><strong>ὀ</strong></span> <span class='ocrx_word' id='word_1_693' title='bbox 2683 4133 2971 4196; x_wconf 83' lang='grc' dir='ltr'>θεσπέσιος</span> <span class='ocrx_word' id='word_1_694' title='bbox 3013 4132 3268 4196; x_wconf 77' lang='grc' dir='ltr'>Παῦλοςο</span> <span class='ocrx_word' id='word_1_695' title='bbox 3310 4152 3329 4184; x_wconf 78' lang='grc' dir='ltr'><strong>ι</strong></span> <span class='ocrx_word' id='word_1_696' title='bbox 3370 4132 3432 4185; x_wconf 83' lang='lat' dir='ltr'><strong>El</strong></span> <span class='ocrx_word' id='word_1_697' title='bbox 3475 4124 3700 4183; x_wconf 86' lang='grc' dir='ltr'>παιδείαν</span> 
     </span>
    </p>
   </div>
   <div class='ocr_carea' id='block_1_88' title="bbox 2131 4214 3701 4297">
    <p class='ocr_par' dir='ltr' id='par_1_88' title="bbox 2131 4214 3701 4297">
     <span class='ocr_line' id='line_1_89' title="bbox 2131 4214 3701 4297; baseline -0.002 -17"><span class='ocrx_word' id='word_1_698' title='bbox 2131 4227 2430 4297; x_wconf 83' lang='grc' dir='ltr'>ὑπομένετε</span> <span class='ocrx_word' id='word_1_699' title='bbox 2454 4266 2468 4288; x_wconf 93' lang='grc'><strong>,</strong></span> <span class='ocrx_word' id='word_1_700' title='bbox 2492 4225 2568 4289; x_wconf 83' lang='grc' dir='ltr'>ὡς</span> <span class='ocrx_word' id='word_1_701' title='bbox 2615 4226 2751 4289; x_wconf 81' lang='grc' dir='ltr'>υἱοῖς</span> <span class='ocrx_word' id='word_1_702' title='bbox 2795 4225 2924 4293; x_wconf 83' lang='grc' dir='ltr'>ὑμῖν</span> <span class='ocrx_word' id='word_1_703' title='bbox 2960 4223 3334 4294; x_wconf 82' lang='grc' dir='ltr'>προσφέρεται</span> <span class='ocrx_word' id='word_1_704' title='bbox 3378 4225 3407 4276; x_wconf 74' lang='grc' dir='ltr'><strong><em>ὁ</em></strong></span> <span class='ocrx_word' id='word_1_705' title='bbox 3442 4220 3591 4282; x_wconf 86' lang='grc' dir='ltr'>Θεός.</span> <span class='ocrx_word' id='word_1_706' title='bbox 3618 4214 3701 4277; x_wconf 81' lang='grc' dir='ltr'><strong>Τίς</strong></span> 
     </span>
    </p>
   </div>
   <div class='ocr_carea' id='block_1_89' title="bbox 2130 4303 3701 4385">
    <p class='ocr_par' dir='ltr' id='par_1_89' title="bbox 2130 4303 3701 4385">
     <span class='ocr_line' id='line_1_90' title="bbox 2130 4303 3701 4385; baseline -0.01 -15"><span class='ocrx_word' id='word_1_707' title='bbox 2130 4317 2237 4385; x_wconf 88' lang='grc' dir='ltr'>γάρ</span> <span class='ocrx_word' id='word_1_708' title='bbox 2260 4317 2408 4369; x_wconf 73' lang='grc' dir='ltr'>ἐστιν</span> <span class='ocrx_word' id='word_1_709' title='bbox 2437 4316 2572 4378; x_wconf 83' lang='grc' dir='ltr'>υἱὸς,</span> <span class='ocrx_word' id='word_1_710' title='bbox 2601 4314 2661 4368; x_wconf 82' lang='grc' dir='ltr'><strong>ὃν</strong></span> <span class='ocrx_word' id='word_1_711' title='bbox 2691 4315 2750 4367; x_wconf 81' lang='grc' dir='ltr'>οὐ</span> <span class='ocrx_word' id='word_1_712' title='bbox 2778 4313 3021 4367; x_wconf 84' lang='grc' dir='ltr'>παιδεύει</span> <span class='ocrx_word' id='word_1_713' title='bbox 3043 4315 3229 4384; x_wconf 81' lang='grc' dir='ltr'>πατήρ</span> <span class='ocrx_word' id='word_1_714' title='bbox 3253 4330 3269 4379; x_wconf 88' lang='grc'>;</span> <span class='ocrx_word' id='word_1_715' title='bbox 3295 4332 3313 4363; x_wconf 72' lang='grc' dir='ltr'><strong>ι</strong></span> <span class='ocrx_word' id='word_1_716' title='bbox 3347 4314 3458 4366; x_wconf 78' lang='grc' dir='ltr'><strong>Καὶ</strong></span> <span class='ocrx_word' id='word_1_717' title='bbox 3490 4310 3593 4381; x_wconf 75' lang='grc' dir='ltr'><strong>μὴν</strong></span> <span class='ocrx_word' id='word_1_718' title='bbox 3619 4303 3701 4359; x_wconf 81' lang='grc' dir='ltr'>καὶ</span> 
     </span>
    </p>
   </div>
   <div class='ocr_carea' id='block_1_90' title="bbox 2129 4398 3702 4476">
    <p class='ocr_par' dir='ltr' id='par_1_90' title="bbox 2129 4398 3702 4476">
     <span class='ocr_line' id='line_1_91' title="bbox 2129 4398 3702 4476; baseline -0.002 -14"><span class='ocrx_word' id='word_1_719' title='bbox 2129 4410 2290 4472; x_wconf 76' lang='grc' dir='ltr'>αὐτὸς</span> <span class='ocrx_word' id='word_1_720' title='bbox 2315 4410 2344 4461; x_wconf 90' lang='lat'><strong>6</strong></span> <span class='ocrx_word' id='word_1_721' title='bbox 2366 4406 2565 4470; x_wconf 83' lang='grc' dir='ltr'>παντὸς</span> <span class='ocrx_word' id='word_1_722' title='bbox 2596 4406 2856 4461; x_wconf 80' lang='grc' dir='ltr'>ἐπέκεινα</span> <span class='ocrx_word' id='word_1_723' title='bbox 2886 4404 3161 4476; x_wconf 85' lang='grc' dir='ltr'>Θαύματος</span> <span class='ocrx_word' id='word_1_724' title='bbox 3194 4406 3306 4458; x_wconf 82' lang='grc' dir='ltr'>τῶν</span> <span class='ocrx_word' id='word_1_725' title='bbox 3334 4404 3507 4473; x_wconf 78' lang='grc' dir='ltr'>ἁγίων</span> <span class='ocrx_word' id='word_1_726' title='bbox 3537 4398 3702 4472; x_wconf 61' lang='grc' dir='ltr'>χορὸς,</span> 
     </span>
    </p>
   </div>
   <div class='ocr_carea' id='block_1_91' title="bbox 441 4488 2025 4597">
    <p class='ocr_par' dir='ltr' id='par_1_91' title="bbox 441 4502 2025 4577">
     <span class='ocr_line' id='line_1_92' title="bbox 441 4502 2025 4577; baseline -0.002 -18"><span class='ocrx_word' id='word_1_727' title='bbox 441 4521 659 4577; x_wconf 79' lang='lat' dir='ltr'><strong>gamur,</strong></span> <span class='ocrx_word' id='word_1_728' title='bbox 696 4505 789 4560; x_wconf 89' lang='lat' dir='ltr'><strong>sed</strong></span> <span class='ocrx_word' id='word_1_729' title='bbox 820 4505 948 4559; x_wconf 89' lang='lat' dir='ltr'><strong>dum</strong></span> <span class='ocrx_word' id='word_1_730' title='bbox 982 4518 1274 4574; x_wconf 81' lang='lat' dir='ltr'><strong>supernum</strong></span> <span class='ocrx_word' id='word_1_731' title='bbox 1308 4503 1454 4555; x_wconf 85' lang='lat' dir='ltr'><strong>illam</strong></span> <span class='ocrx_word' id='word_1_732' title='bbox 1483 4502 1832 4571; x_wconf 89' lang='lat' dir='ltr'><strong>disciplinam</strong></span> <span class='ocrx_word' id='word_1_733' title='bbox 1864 4502 2025 4557; x_wconf 90' lang='lat' dir='ltr'><strong>nobis</strong></span> 
     </span>
    </p>
   </div>
   <div class='ocr_carea' id='block_1_92' title="bbox 2130 4488 3702 4597">
    <p class='ocr_par' dir='ltr' id='par_1_92' title="bbox 2132 4488 3702 4571">
     <span class='ocr_line' id='line_1_93' title="bbox 2132 4488 3702 4571; baseline -0.009 -17"><span class='ocrx_word' id='word_1_734' title='bbox 2132 4501 2227 4571; x_wconf 76' lang='grc' dir='ltr'><strong>τὴν</strong></span> <span class='ocrx_word' id='word_1_735' title='bbox 2278 4500 2366 4553; x_wconf 83' lang='grc' dir='ltr'>διὰ</span> <span class='ocrx_word' id='word_1_736' title='bbox 2394 4498 2501 4553; x_wconf 87' lang='grc' dir='ltr'>τῶν</span> <span class='ocrx_word' id='word_1_737' title='bbox 2538 4500 2710 4567; x_wconf 80' lang='grc' dir='ltr'>ἁγίων</span> <span class='ocrx_word' id='word_1_738' title='bbox 2751 4500 3073 4566; x_wconf 83' lang='grc' dir='ltr'>πεφυκότων</span> <span class='ocrx_word' id='word_1_739' title='bbox 3116 4496 3217 4551; x_wconf 74' lang='grc' dir='ltr'><strong>οὐκ</strong></span> <span class='ocrx_word' id='word_1_740' title='bbox 3246 4497 3562 4550; x_wconf 85' lang='grc' dir='ltr'>ἀποσείεται</span> <span class='ocrx_word' id='word_1_741' title='bbox 3592 4488 3702 4543; x_wconf 85' lang='grc' dir='ltr'>παί-</span> 
     </span>
    </p>
   </div>
   <div class='ocr_carea' id='block_1_93' title="bbox 442 4583 2025 4667">
    <p class='ocr_par' dir='ltr' id='par_1_93' title="bbox 442 4593 2024 4667">
     <span class='ocr_line' id='line_1_94' title="bbox 442 4593 2024 4667; baseline -0.001 -17"><span class='ocrx_word' id='word_1_742' title='bbox 442 4598 673 4667; x_wconf 74' lang='lat' dir='ltr'><strong>przcbet,</strong></span> <span class='ocrx_word' id='word_1_743' title='bbox 709 4598 900 4652; x_wconf 88' lang='lat' dir='ltr'><strong>beatos</strong></span> <span class='ocrx_word' id='word_1_744' title='bbox 945 4611 1046 4649; x_wconf 90' lang='lat' dir='ltr'><strong>nos</strong></span> <span class='ocrx_word' id='word_1_745' title='bbox 1083 4594 1270 4648; x_wconf 80' lang='lat' dir='ltr'><strong>efficit.</strong></span> <span class='ocrx_word' id='word_1_746' title='bbox 1314 4593 1486 4663; x_wconf 83' lang='lat' dir='ltr'><strong>Cujus</strong></span> <span class='ocrx_word' id='word_1_747' title='bbox 1534 4595 1612 4648; x_wconf 89' lang='lat' dir='ltr'><strong>rei</strong></span> <span class='ocrx_word' id='word_1_748' title='bbox 1651 4596 1808 4650; x_wconf 87' lang='lat' dir='ltr'><strong>testis</strong></span> <span class='ocrx_word' id='word_1_749' title='bbox 1861 4594 2024 4649; x_wconf 89' lang='lat' dir='ltr'><strong>nobis</strong></span> 
     </span>
    </p>
   </div>
   <div class='ocr_carea' id='block_1_94' title="bbox 2130 4583 3700 4667">
    <p class='ocr_par' dir='ltr' id='par_1_94' title="bbox 2130 4583 3700 4658">
     <span class='ocr_line' id='line_1_95' title="bbox 2130 4583 3700 4658; baseline -0.007 -14"><span class='ocrx_word' id='word_1_750' title='bbox 2130 4591 2313 4644; x_wconf 86' lang='grc' dir='ltr'>δευσιν</span> <span class='ocrx_word' id='word_1_751' title='bbox 2340 4632 2353 4652; x_wconf 91' lang='grc'><strong>,</strong></span> <span class='ocrx_word' id='word_1_752' title='bbox 2392 4588 2769 4658; x_wconf 84' lang='grc' dir='ltr'>ἀσμενέστατα</span> <span class='ocrx_word' id='word_1_753' title='bbox 2814 4587 2871 4641; x_wconf 82' lang='grc' dir='ltr'>δὲ</span> <span class='ocrx_word' id='word_1_754' title='bbox 2916 4587 3116 4657; x_wconf 80' lang='grc' dir='ltr'>μᾶλλον</span> <span class='ocrx_word' id='word_1_755' title='bbox 3166 4587 3455 4658; x_wconf 88' lang='grc' dir='ltr'>προσίεται</span> <span class='ocrx_word' id='word_1_756' title='bbox 3510 4583 3700 4649; x_wconf 79' lang='grc' dir='ltr'>λέγων·</span> 
     </span>
    </p>
   </div>
   <div class='ocr_carea' id='block_1_95' title="bbox 442 4684 2026 4747">
    <p class='ocr_par' dir='ltr' id='par_1_95' title="bbox 442 4684 2026 4747">
     <span class='ocr_line' id='line_1_96' title="bbox 442 4684 2026 4747; baseline -0.001 -6"><span class='ocrx_word' id='word_1_757' title='bbox 442 4689 548 4741; x_wconf 80' lang='lat' dir='ltr'><strong>erit</strong></span> <span class='ocrx_word' id='word_1_758' title='bbox 605 4688 798 4742; x_wconf 89' lang='lat' dir='ltr'><strong>beatus</strong></span> <span class='ocrx_word' id='word_1_759' title='bbox 851 4684 1055 4747; x_wconf 87' lang='lat' dir='ltr'><strong>David,</strong></span> <span class='ocrx_word' id='word_1_760' title='bbox 1108 4685 1182 4737; x_wconf 92' lang='lat' dir='ltr'><strong>ita</strong></span> <span class='ocrx_word' id='word_1_761' title='bbox 1222 4684 1508 4739; x_wconf 87' lang='lat' dir='ltr'><strong>clamans:</strong></span> <span class='ocrx_word' id='word_1_762' title='bbox 1551 4703 1570 4735; x_wconf 79' lang='grc' dir='ltr'><strong>ι</strong></span> <span class='ocrx_word' id='word_1_763' title='bbox 1629 4684 1832 4739; x_wconf 85' lang='lat' dir='ltr'><strong>Beatus</strong></span> <span class='ocrx_word' id='word_1_764' title='bbox 1864 4685 2026 4739; x_wconf 83' lang='lat' dir='ltr'><strong>homo</strong></span> 
     </span>
    </p>
   </div>
   <div class='ocr_carea' id='block_1_96' title="bbox 444 4761 2027 4847">
    <p class='ocr_par' dir='ltr' id='par_1_96' title="bbox 444 4761 2027 4847">
     <span class='ocr_line' id='line_1_97' title="bbox 444 4761 2027 4847; baseline 0.003 -20"><span class='ocrx_word' id='word_1_765' title='bbox 444 4792 606 4846; x_wconf 84' lang='lat' dir='ltr'><strong>quem</strong></span> <span class='ocrx_word' id='word_1_766' title='bbox 645 4787 698 4830; x_wconf 88' lang='lat' dir='ltr'><strong>tu</strong></span> <span class='ocrx_word' id='word_1_767' title='bbox 733 4777 1030 4838; x_wconf 87' lang='lat' dir='ltr'><strong>erudieris,</strong></span> <span class='ocrx_word' id='word_1_768' title='bbox 1064 4761 1409 4839; x_wconf 29' lang='lat' dir='ltr'><strong>Domineret</strong></span> <span class='ocrx_word' id='word_1_769' title='bbox 1438 4778 1504 4832; x_wconf 92' lang='lat' dir='ltr'><strong>de</strong></span> <span class='ocrx_word' id='word_1_770' title='bbox 1534 4779 1654 4847; x_wconf 83' lang='lat' dir='ltr'><strong>lege</strong></span> <span class='ocrx_word' id='word_1_771' title='bbox 1688 4788 1779 4831; x_wconf 90' lang='lat' dir='ltr'><strong>tua</strong></span> <span class='ocrx_word' id='word_1_772' title='bbox 1820 4778 2027 4832; x_wconf 86' lang='lat' dir='ltr'><strong>docue-</strong></span> 
     </span>
    </p>
   </div>
   <div class='ocr_carea' id='block_1_97' title="bbox 445 4867 2027 4935">
    <p class='ocr_par' dir='ltr' id='par_1_97' title="bbox 445 4867 2027 4935">
     <span class='ocr_line' id='line_1_98' title="bbox 445 4867 2027 4935; baseline 0.002 -14"><span class='ocrx_word' id='word_1_773' title='bbox 445 4870 523 4923; x_wconf 86' lang='lat' dir='ltr'><strong>ris</strong></span> <span class='ocrx_word' id='word_1_774' title='bbox 552 4882 700 4926; x_wconf 82' lang='lat' dir='ltr'><strong>eum.</strong></span> <span class='ocrx_word' id='word_1_775' title='bbox 732 4875 792 4919; x_wconf 92' lang='lat' dir='ltr'><strong>ut</strong></span> <span class='ocrx_word' id='word_1_776' title='bbox 844 4867 1060 4935; x_wconf 76' lang='lat' dir='ltr'><strong>mitiges</strong></span> <span class='ocrx_word' id='word_1_777' title='bbox 1120 4868 1168 4922; x_wconf 90' lang='lat' dir='ltr'><strong>ei</strong></span> <span class='ocrx_word' id='word_1_778' title='bbox 1211 4884 1239 4922; x_wconf 89' lang='lat' dir='ltr'><strong>a</strong></span> <span class='ocrx_word' id='word_1_779' title='bbox 1294 4869 1490 4925; x_wconf 89' lang='lat' dir='ltr'><strong>diebus</strong></span> <span class='ocrx_word' id='word_1_780' title='bbox 1541 4870 1787 4925; x_wconf 85' lang='lat' dir='ltr'><strong>malis“.</strong></span> <span class='ocrx_word' id='word_1_781' title='bbox 1833 4888 1851 4920; x_wconf 72' lang='grc' dir='ltr'><strong>ι</strong></span> <span class='ocrx_word' id='word_1_782' title='bbox 1900 4869 2027 4924; x_wconf 86' lang='lat' dir='ltr'><strong>Dies</strong></span> 
     </span>
    </p>
   </div>
   <div class='ocr_carea' id='block_1_98' title="bbox 443 4960 2020 5031">
    <p class='ocr_par' dir='ltr' id='par_1_98' title="bbox 443 4960 2020 5031">
     <span class='ocr_line' id='line_1_99' title="bbox 443 4960 2020 5031; baseline 0.001 -18"><span class='ocrx_word' id='word_1_783' title='bbox 443 4962 590 5013; x_wconf 84' lang='lat' dir='ltr'><strong>enim</strong></span> <span class='ocrx_word' id='word_1_784' title='bbox 621 4960 870 5028; x_wconf 89' lang='lat' dir='ltr'><strong>profecto</strong></span> <span class='ocrx_word' id='word_1_785' title='bbox 910 4961 1243 5031; x_wconf 87' lang='lat' dir='ltr'><strong>inauspicati</strong></span> <span class='ocrx_word' id='word_1_786' title='bbox 1272 4970 1324 5017; x_wconf 90' lang='lat' dir='ltr'><strong>et</strong></span> <span class='ocrx_word' id='word_1_787' title='bbox 1348 4962 1478 5016; x_wconf 86' lang='lat' dir='ltr'><strong>mali</strong></span> <span class='ocrx_word' id='word_1_788' title='bbox 1512 4973 1641 5017; x_wconf 87' lang='lat' dir='ltr'><strong>sunt</strong></span> <span class='ocrx_word' id='word_1_789' title='bbox 1678 4962 1901 5031; x_wconf 89' lang='lat' dir='ltr'><strong>penitus</strong></span> <span class='ocrx_word' id='word_1_790' title='bbox 1931 4975 2020 5015; x_wconf 86' lang='lat' dir='ltr'><strong>re-</strong></span> 
     </span>
    </p>
   </div>
   <div class='ocr_carea' id='block_1_99' title="bbox 444 5050 2019 5124">
    <p class='ocr_par' dir='ltr' id='par_1_99' title="bbox 444 5050 2019 5124">
     <span class='ocr_line' id='line_1_100' title="bbox 444 5050 2019 5124; baseline -0.003 -17"><span class='ocrx_word' id='word_1_791' title='bbox 444 5051 611 5107; x_wconf 89' lang='lat' dir='ltr'><strong>sectis</strong></span> <span class='ocrx_word' id='word_1_792' title='bbox 660 5063 709 5107; x_wconf 87' lang='lat' dir='ltr'><strong>et</strong></span> <span class='ocrx_word' id='word_1_793' title='bbox 761 5054 814 5107; x_wconf 92' lang='lat' dir='ltr'><strong>in</strong></span> <span class='ocrx_word' id='word_1_794' title='bbox 861 5054 1191 5123; x_wconf 89' lang='lat' dir='ltr'><strong>supplicium</strong></span> <span class='ocrx_word' id='word_1_795' title='bbox 1238 5054 1383 5124; x_wconf 80' lang='lat' dir='ltr'><strong>ignis</strong></span> <span class='ocrx_word' id='word_1_796' title='bbox 1429 5052 1828 5115; x_wconf 80' lang='lat' dir='ltr'><strong>dotrudendis,</strong></span> <span class='ocrx_word' id='word_1_797' title='bbox 1880 5050 2019 5116; x_wconf 84' lang='lat' dir='ltr'><strong>dies,</strong></span> 
     </span>
    </p>
   </div>
   <div class='ocr_carea' id='block_1_100' title="bbox 444 5139 2025 5213">
    <p class='ocr_par' dir='ltr' id='par_1_100' title="bbox 444 5139 2025 5213">
     <span class='ocr_line' id='line_1_101' title="bbox 444 5139 2025 5213; baseline -0.001 -19"><span class='ocrx_word' id='word_1_798' title='bbox 444 5141 857 5211; x_wconf 88' lang='lat' dir='ltr'><strong>iuquam,illius</strong></span> <span class='ocrx_word' id='word_1_799' title='bbox 889 5143 1064 5198; x_wconf 83' lang='lat' dir='ltr'><strong>severi</strong></span> <span class='ocrx_word' id='word_1_800' title='bbox 1093 5151 1149 5197; x_wconf 87' lang='lat' dir='ltr'><strong>et</strong></span> <span class='ocrx_word' id='word_1_801' title='bbox 1182 5142 1488 5213; x_wconf 89' lang='lat' dir='ltr'><strong>incorrupti</strong></span> <span class='ocrx_word' id='word_1_802' title='bbox 1520 5140 1713 5211; x_wconf 75' lang='lat' dir='ltr'><strong>iudicii</strong></span> <span class='ocrx_word' id='word_1_803' title='bbox 1737 5154 1751 5192; x_wconf 91' lang='lat'><strong>:</strong></span> <span class='ocrx_word' id='word_1_804' title='bbox 1773 5139 1865 5194; x_wconf 80' lang='lat' dir='ltr'><strong>sed</strong></span> <span class='ocrx_word' id='word_1_805' title='bbox 1893 5147 2025 5193; x_wconf 90' lang='lat' dir='ltr'><strong>tunc</strong></span> 
     </span>
    </p>
   </div>
   <div class='ocr_carea' id='block_1_101' title="bbox 442 5228 2021 5306">
    <p class='ocr_par' dir='ltr' id='par_1_101' title="bbox 442 5228 2021 5306">
     <span class='ocr_line' id='line_1_102' title="bbox 442 5228 2021 5306; baseline -0.002 -22"><span class='ocrx_word' id='word_1_806' title='bbox 442 5233 731 5301; x_wconf 70' lang='lat' dir='ltr'><strong>castigatis</strong></span> <span class='ocrx_word' id='word_1_807' title='bbox 760 5243 813 5289; x_wconf 91' lang='lat' dir='ltr'><strong>et</strong></span> <span class='ocrx_word' id='word_1_808' title='bbox 837 5235 1113 5306; x_wconf 89' lang='lat' dir='ltr'><strong>correptis</strong></span> <span class='ocrx_word' id='word_1_809' title='bbox 1137 5236 1324 5290; x_wconf 87' lang='lat' dir='ltr'><strong>mitem</strong></span> <span class='ocrx_word' id='word_1_810' title='bbox 1356 5250 1417 5289; x_wconf 91' lang='lat' dir='ltr'><strong>se</strong></span> <span class='ocrx_word' id='word_1_811' title='bbox 1443 5233 1652 5303; x_wconf 57' lang='lat' dir='ltr'><strong>praebet</strong></span> <span class='ocrx_word' id='word_1_812' title='bbox 1684 5230 1852 5286; x_wconf 88' lang='lat' dir='ltr'><strong>Deus.</strong></span> <span class='ocrx_word' id='word_1_813' title='bbox 1885 5228 2021 5283; x_wconf 85' lang='lat' dir='ltr'><strong>Nam</strong></span> 
     </span>
    </p>
   </div>
   <div class='ocr_carea' id='block_1_102' title="bbox 440 5325 2024 5397">
    <p class='ocr_par' dir='ltr' id='par_1_102' title="bbox 440 5325 2024 5397">
     <span class='ocr_line' id='line_1_103' title="bbox 440 5325 2024 5397; baseline -0.002 -21"><span class='ocrx_word' id='word_1_814' title='bbox 440 5325 535 5395; x_wconf 88' lang='lat' dir='ltr'><strong>qui</strong></span> <span class='ocrx_word' id='word_1_815' title='bbox 568 5325 698 5381; x_wconf 84' lang='lat' dir='ltr'><strong>talis</strong></span> <span class='ocrx_word' id='word_1_816' title='bbox 729 5333 813 5382; x_wconf 88' lang='lat' dir='ltr'><strong>est</strong></span> <span class='ocrx_word' id='word_1_817' title='bbox 842 5341 1189 5397; x_wconf 87' lang='lat' dir='ltr'><strong>nequaquam</strong></span> <span class='ocrx_word' id='word_1_818' title='bbox 1230 5325 1644 5381; x_wconf 84' lang='lat' dir='ltr'><strong>damnationem</strong></span> <span class='ocrx_word' id='word_1_819' title='bbox 1690 5334 2024 5391; x_wconf 67' lang='lat' dir='ltr'><strong>poenamque</strong></span> 
     </span>
    </p>
   </div>
   <div class='ocr_carea' id='block_1_103' title="bbox 442 5411 2023 5489">
    <p class='ocr_par' dir='ltr' id='par_1_103' title="bbox 442 5411 2023 5489">
     <span class='ocr_line' id='line_1_104' title="bbox 442 5411 2023 5489; baseline -0.004 -18"><span class='ocrx_word' id='word_1_820' title='bbox 442 5417 683 5481; x_wconf 88' lang='lat' dir='ltr'><strong>subibit,</strong></span> <span class='ocrx_word' id='word_1_821' title='bbox 726 5419 1175 5489; x_wconf 89' lang='lat' dir='ltr'><strong>quandoquidem</strong></span> <span class='ocrx_word' id='word_1_822' title='bbox 1220 5430 1330 5470; x_wconf 89' lang='lat' dir='ltr'><strong>non</strong></span> <span class='ocrx_word' id='word_1_823' title='bbox 1372 5412 1758 5468; x_wconf 81' lang='lat' dir='ltr'><strong>infructuosus</strong></span> <span class='ocrx_word' id='word_1_824' title='bbox 1809 5411 2023 5482; x_wconf 85' lang='lat' dir='ltr'><strong>palmes</strong></span> 
     </span>
    </p>
   </div>
   <div class='ocr_carea' id='block_1_104' title="bbox 439 5503 2023 5581">
    <p class='ocr_par' dir='ltr' id='par_1_104' title="bbox 439 5503 2023 5581">
     <span class='ocr_line' id='line_1_105' title="bbox 439 5503 2023 5581; baseline -0.004 -18"><span class='ocrx_word' id='word_1_825' title='bbox 439 5509 672 5564; x_wconf 80' lang='lat' dir='ltr'><strong>exstitit.</strong></span> <span class='ocrx_word' id='word_1_826' title='bbox 692 5508 1077 5581; x_wconf 78' lang='lat' dir='ltr'><strong>Conjungatur</strong></span> <span class='ocrx_word' id='word_1_827' title='bbox 1105 5508 1288 5577; x_wconf 86' lang='lat' dir='ltr'><strong>itaque</strong></span> <span class='ocrx_word' id='word_1_828' title='bbox 1311 5504 1438 5559; x_wconf 86' lang='lat' dir='ltr'><strong>ﬁdei</strong></span> <span class='ocrx_word' id='word_1_829' title='bbox 1461 5503 1800 5559; x_wconf 77' lang='lat' dir='ltr'><strong>confessioni</strong></span> <span class='ocrx_word' id='word_1_830' title='bbox 1836 5503 2023 5571; x_wconf 88' lang='lat' dir='ltr'><strong>splen-</strong></span> 
     </span>
    </p>
   </div>
   <div class='ocr_carea' id='block_1_105' title="bbox 440 5594 2017 5673">
    <p class='ocr_par' dir='ltr' id='par_1_105' title="bbox 440 5594 2017 5673">
     <span class='ocr_line' id='line_1_106' title="bbox 440 5594 2017 5673; baseline -0.004 -18"><span class='ocrx_word' id='word_1_831' title='bbox 440 5601 544 5655; x_wconf 87' lang='lat' dir='ltr'><strong>dor</strong></span> <span class='ocrx_word' id='word_1_832' title='bbox 593 5603 758 5658; x_wconf 85' lang='lat' dir='ltr'><strong>etiam</strong></span> <span class='ocrx_word' id='word_1_833' title='bbox 821 5616 1090 5673; x_wconf 83' lang='lat' dir='ltr'><strong>operum,</strong></span> <span class='ocrx_word' id='word_1_834' title='bbox 1150 5607 1207 5654; x_wconf 90' lang='lat' dir='ltr'><strong>ct</strong></span> <span class='ocrx_word' id='word_1_835' title='bbox 1257 5596 1610 5654; x_wconf 80' lang='lat' dir='ltr'><strong>sermonibus</strong></span> <span class='ocrx_word' id='word_1_836' title='bbox 1656 5596 1725 5650; x_wconf 86' lang='lat' dir='ltr'><strong>de</strong></span> <span class='ocrx_word' id='word_1_837' title='bbox 1773 5594 1884 5650; x_wconf 89' lang='lat' dir='ltr'><strong>Deo</strong></span> <span class='ocrx_word' id='word_1_838' title='bbox 1929 5609 2017 5649; x_wconf 85' lang='lat' dir='ltr'><strong>res</strong></span> 
     </span>
    </p>
   </div>
   <div class='ocr_carea' id='block_1_106' title="bbox 2132 4671 3703 4752">
    <p class='ocr_par' dir='ltr' id='par_1_106' title="bbox 2132 4671 3703 4752">
     <span class='ocr_line' id='line_1_107' title="bbox 2132 4671 3703 4752; baseline -0.009 -18"><span class='ocrx_word' id='word_1_839' title='bbox 2132 4703 2149 4734; x_wconf 71' lang='grc' dir='ltr'><em>ς</em></span> <span class='ocrx_word' id='word_1_840' title='bbox 2183 4682 2479 4735; x_wconf 86' lang='grc' dir='ltr'>Παίδευσον</span> <span class='ocrx_word' id='word_1_841' title='bbox 2503 4681 2673 4752; x_wconf 83' lang='grc' dir='ltr'>ἡμᾶς,</span> <span class='ocrx_word' id='word_1_842' title='bbox 2701 4680 2894 4750; x_wconf 80' lang='grc' dir='ltr'>Κύριε,</span> <span class='ocrx_word' id='word_1_843' title='bbox 2922 4678 3060 4750; x_wconf 84' lang='grc' dir='ltr'>πλὴν</span> <span class='ocrx_word' id='word_1_844' title='bbox 3109 4679 3166 4729; x_wconf 86' lang='grc' dir='ltr'>ὲν</span> <span class='ocrx_word' id='word_1_845' title='bbox 3196 4678 3399 4750; x_wconf 84' lang='grc' dir='ltr'>κρίσει,</span> <span class='ocrx_word' id='word_1_846' title='bbox 3434 4676 3528 4730; x_wconf 79' lang='grc' dir='ltr'><strong>καὶ</strong></span> <span class='ocrx_word' id='word_1_847' title='bbox 3553 4673 3622 4743; x_wconf 82' lang='grc' dir='ltr'>μὴ</span> <span class='ocrx_word' id='word_1_848' title='bbox 3651 4671 3703 4721; x_wconf 82' lang='grc' dir='ltr'><strong>ἐν</strong></span> 
     </span>
    </p>
   </div>
   <div class='ocr_carea' id='block_1_107' title="bbox 2124 4760 3703 4843">
    <p class='ocr_par' dir='ltr' id='par_1_107' title="bbox 2124 4760 3703 4843">
     <span class='ocr_line' id='line_1_108' title="bbox 2124 4760 3703 4843; baseline -0.005 -16"><span class='ocrx_word' id='word_1_849' title='bbox 2124 4772 2324 4843; x_wconf 85' lang='grc' dir='ltr'>Ουμῷ,</span> <span class='ocrx_word' id='word_1_850' title='bbox 2354 4773 2440 4827; x_wconf 74' lang='grc' dir='ltr'>ἵνα</span> <span class='ocrx_word' id='word_1_851' title='bbox 2482 4772 2557 4843; x_wconf 88' lang='grc' dir='ltr'>μὴ</span> <span class='ocrx_word' id='word_1_852' title='bbox 2599 4772 2815 4840; x_wconf 84' lang='grc' dir='ltr'>ὀλίγους</span> <span class='ocrx_word' id='word_1_853' title='bbox 2860 4771 3009 4839; x_wconf 81' lang='grc' dir='ltr'>ἡμᾶς</span> <span class='ocrx_word' id='word_1_854' title='bbox 3058 4770 3313 4839; x_wconf 77' lang='grc' dir='ltr'>ποιήσῃς.</span> <span class='ocrx_word' id='word_1_855' title='bbox 3352 4788 3373 4821; x_wconf 72' lang='grc' dir='ltr'><strong>ι</strong></span> <span class='ocrx_word' id='word_1_856' title='bbox 3421 4768 3510 4820; x_wconf 84' lang='grc' dir='ltr'><strong>Ἐν</strong></span> <span class='ocrx_word' id='word_1_857' title='bbox 3556 4760 3703 4832; x_wconf 82' lang='grc' dir='ltr'><strong>θυμῷ</strong></span> 
     </span>
    </p>
   </div>
   <div class='ocr_carea' id='block_1_108' title="bbox 2128 4849 3725 4945">
    <p class='ocr_par' dir='ltr' id='par_1_108' title="bbox 2128 4849 3725 4945">
     <span class='ocr_line' id='line_1_109' title="bbox 2128 4849 3725 4945; baseline -0.008 -27"><span class='ocrx_word' id='word_1_858' title='bbox 2128 4865 2225 4936; x_wconf 80' lang='grc' dir='ltr'><strong>μὲν</strong></span> <span class='ocrx_word' id='word_1_859' title='bbox 2261 4865 2372 4935; x_wconf 84' lang='grc' dir='ltr'>γὰρ</span> <span class='ocrx_word' id='word_1_860' title='bbox 2398 4866 2431 4935; x_wconf 84' lang='grc' dir='ltr'>ἡ</span> <span class='ocrx_word' id='word_1_861' title='bbox 2460 4863 2750 4932; x_wconf 82' lang='grc' dir='ltr'>ὁλόκληρος</span> <span class='ocrx_word' id='word_1_862' title='bbox 2778 4862 2933 4915; x_wconf 71' lang='grc' dir='ltr'>ἔσται</span> <span class='ocrx_word' id='word_1_863' title='bbox 2964 4862 3074 4914; x_wconf 87' lang='grc' dir='ltr'><strong>τῶν</strong></span> <span class='ocrx_word' id='word_1_864' title='bbox 3109 4860 3381 4929; x_wconf 83' lang='grc' dir='ltr'>ἀκάρπων</span> <span class='ocrx_word' id='word_1_865' title='bbox 3420 4849 3725 4945; x_wconf 52' lang='grc' dir='ltr'>κλημάτωνι</span> 
     </span>
    </p>
   </div>
   <div class='ocr_carea' id='block_1_109' title="bbox 2125 4943 3725 5027">
    <p class='ocr_par' dir='ltr' id='par_1_109' title="bbox 2125 4943 3725 5027">
     <span class='ocr_line' id='line_1_110' title="bbox 2125 4943 3725 5027; baseline -0.009 -17"><span class='ocrx_word' id='word_1_866' title='bbox 2125 4958 2471 5027; x_wconf 81' lang='grc' dir='ltr'>ἀπότμησις·</span> <span class='ocrx_word' id='word_1_867' title='bbox 2502 4955 2711 5025; x_wconf 72' lang='grc' dir='ltr'>πέμπει</span> <span class='ocrx_word' id='word_1_868' title='bbox 2767 4953 2876 5023; x_wconf 80' lang='grc' dir='ltr'>γὰρ</span> <span class='ocrx_word' id='word_1_869' title='bbox 2926 4955 3005 5015; x_wconf 86' lang='grc' dir='ltr'><strong>είς</strong></span> <span class='ocrx_word' id='word_1_870' title='bbox 3054 4952 3298 5013; x_wconf 82' lang='grc' dir='ltr'>κόλασιν,</span> <span class='ocrx_word' id='word_1_871' title='bbox 3340 4955 3403 5005; x_wconf 82' lang='grc' dir='ltr'><strong>ὲν</strong></span> <span class='ocrx_word' id='word_1_872' title='bbox 3449 4950 3624 5020; x_wconf 86' lang='grc' dir='ltr'>κρίσει</span> <span class='ocrx_word' id='word_1_873' title='bbox 3650 4943 3725 4997; x_wconf 72' lang='grc' dir='ltr'><strong>δεῖ</strong></span> 
     </span>
    </p>
   </div>
   <div class='ocr_carea' id='block_1_110' title="bbox 2124 5034 3739 5119">
    <p class='ocr_par' dir='ltr' id='par_1_110' title="bbox 2124 5034 3739 5119">
     <span class='ocr_line' id='line_1_111' title="bbox 2124 5034 3739 5119; baseline -0.012 -13"><span class='ocrx_word' id='word_1_874' title='bbox 2124 5048 2345 5119; x_wconf 77' lang='grc' dir='ltr'>μᾶλλον,</span> <span class='ocrx_word' id='word_1_875' title='bbox 2377 5045 2523 5101; x_wconf 77' lang='grc' dir='ltr'>τοῦτ’</span> <span class='ocrx_word' id='word_1_876' title='bbox 2553 5046 2736 5111; x_wconf 78' lang='grc' dir='ltr'>ἐστιν,</span> <span class='ocrx_word' id='word_1_877' title='bbox 2766 5045 2825 5099; x_wconf 79' lang='grc' dir='ltr'><strong>ὲν</strong></span> <span class='ocrx_word' id='word_1_878' title='bbox 2866 5044 3151 5113; x_wconf 77' lang='grc' dir='ltr'>διασκέψει</span> <span class='ocrx_word' id='word_1_879' title='bbox 3191 5042 3291 5097; x_wconf 79' lang='grc' dir='ltr'>καὶ</span> <span class='ocrx_word' id='word_1_880' title='bbox 3343 5041 3563 5111; x_wconf 83' lang='grc' dir='ltr'>μέτρῳ,</span> <span class='ocrx_word' id='word_1_881' title='bbox 3604 5034 3703 5089; x_wconf 84' lang='grc' dir='ltr'><strong>τῶν</strong></span> <span class='ocrx_word' id='word_1_882' title='bbox 3728 5112 3739 5117; x_wconf 70' lang='lat'><strong><em>_</em></strong></span> 
     </span>
    </p>
   </div>
   <div class='ocr_carea' id='block_1_111' title="bbox 2122 5125 3700 5211">
    <p class='ocr_par' dir='ltr' id='par_1_111' title="bbox 2122 5125 3700 5211">
     <span class='ocr_line' id='line_1_112' title="bbox 2122 5125 3700 5211; baseline -0.003 -21"><span class='ocrx_word' id='word_1_883' title='bbox 2122 5138 2487 5211; x_wconf 80' lang='grc' dir='ltr'>καρποφόρων</span> <span class='ocrx_word' id='word_1_884' title='bbox 2528 5138 2561 5208; x_wconf 81' lang='grc' dir='ltr'><strong>ἡ</strong></span> <span class='ocrx_word' id='word_1_885' title='bbox 2604 5134 2964 5206; x_wconf 73' lang='grc' dir='ltr'>διακαθαρσις</span> <span class='ocrx_word' id='word_1_886' title='bbox 2988 5174 3005 5201; x_wconf 84' lang='grc'><strong>,</strong></span> <span class='ocrx_word' id='word_1_887' title='bbox 3055 5134 3235 5202; x_wconf 88' lang='grc' dir='ltr'>ὀλίγον</span> <span class='ocrx_word' id='word_1_888' title='bbox 3274 5131 3481 5203; x_wconf 75' lang='grc' dir='ltr'>ἔχουσα</span> <span class='ocrx_word' id='word_1_889' title='bbox 3518 5125 3700 5199; x_wconf 76' lang='grc' dir='ltr'>κομιδῇ</span> 
     </span>
    </p>
   </div>
   <div class='ocr_carea' id='block_1_112' title="bbox 2120 5221 3703 5301">
    <p class='ocr_par' dir='ltr' id='par_1_112' title="bbox 2120 5221 3703 5301">
     <span class='ocr_line' id='line_1_113' title="bbox 2120 5221 3703 5301; baseline -0.011 -15"><span class='ocrx_word' id='word_1_890' title='bbox 2120 5234 2210 5287; x_wconf 78' lang='grc' dir='ltr'>τὸν</span> <span class='ocrx_word' id='word_1_891' title='bbox 2252 5232 2413 5285; x_wconf 89' lang='grc' dir='ltr'>πόνον</span> <span class='ocrx_word' id='word_1_892' title='bbox 2454 5231 2535 5293; x_wconf 87' lang='grc' dir='ltr'>εἰς</span> <span class='ocrx_word' id='word_1_893' title='bbox 2580 5229 2960 5301; x_wconf 81' lang='grc' dir='ltr'>καρποφορίας</span> <span class='ocrx_word' id='word_1_894' title='bbox 2998 5225 3389 5297; x_wconf 79' lang='grc' dir='ltr'>παροξυσμὸν,</span> <span class='ocrx_word' id='word_1_895' title='bbox 3425 5223 3518 5278; x_wconf 72' lang='grc' dir='ltr'><strong>καὶ</strong></span> <span class='ocrx_word' id='word_1_896' title='bbox 3553 5221 3703 5275; x_wconf 82' lang='grc' dir='ltr'>εὐαν-</span> 
     </span>
    </p>
   </div>
   <div class='ocr_carea' id='block_1_113' title="bbox 2121 5308 3701 5393">
    <p class='ocr_par' dir='ltr' id='par_1_113' title="bbox 2121 5308 3701 5393">
     <span class='ocr_line' id='line_1_114' title="bbox 2121 5308 3701 5393; baseline -0.008 -17"><span class='ocrx_word' id='word_1_897' title='bbox 2121 5321 2384 5393; x_wconf 79' lang='grc' dir='ltr'>θεστέρας</span> <span class='ocrx_word' id='word_1_898' title='bbox 2426 5321 2746 5391; x_wconf 59' lang='grc' dir='ltr'>ἀναδρομῆς</span> <span class='ocrx_word' id='word_1_899' title='bbox 2799 5319 2898 5389; x_wconf 82' lang='grc' dir='ltr'>τὴν</span> <span class='ocrx_word' id='word_1_900' title='bbox 2943 5317 3196 5372; x_wconf 67' lang='grc' dir='ltr'>ἐντεῦθεν</span> <span class='ocrx_word' id='word_1_901' title='bbox 3247 5316 3545 5388; x_wconf 84' lang='grc' dir='ltr'>πρόφασιν.</span> <span class='ocrx_word' id='word_1_902' title='bbox 3600 5308 3701 5365; x_wconf 76' lang='grc' dir='ltr'><strong>Καὶ</strong></span> 
     </span>
    </p>
   </div>
   <div class='ocr_carea' id='block_1_114' title="bbox 2127 5400 3701 5483">
    <p class='ocr_par' dir='ltr' id='par_1_114' title="bbox 2127 5400 3701 5483">
     <span class='ocr_line' id='line_1_115' title="bbox 2127 5400 3701 5483; baseline -0.009 -17"><span class='ocrx_word' id='word_1_903' title='bbox 2127 5410 2258 5482; x_wconf 73' lang='grc' dir='ltr'>γοῦν</span> <span class='ocrx_word' id='word_1_904' title='bbox 2305 5410 2696 5483; x_wconf 88' lang='grc' dir='ltr'>ἀποδεχόμενοι</span> <span class='ocrx_word' id='word_1_905' title='bbox 2740 5408 2897 5463; x_wconf 81' lang='grc' dir='ltr'>τοῦτο</span> <span class='ocrx_word' id='word_1_906' title='bbox 2946 5407 3112 5478; x_wconf 80' lang='grc' dir='ltr'>βοῶσι</span> <span class='ocrx_word' id='word_1_907' title='bbox 3161 5423 3347 5471; x_wconf 80' lang='grc' dir='ltr'>τινεςο</span> <span class='ocrx_word' id='word_1_908' title='bbox 3379 5424 3398 5458; x_wconf 81' lang='grc' dir='ltr'><strong>ι</strong></span> <span class='ocrx_word' id='word_1_909' title='bbox 3431 5404 3620 5476; x_wconf 78' lang='grc' dir='ltr'>Κύριε,</span> <span class='ocrx_word' id='word_1_910' title='bbox 3647 5400 3701 5451; x_wconf 81' lang='grc' dir='ltr'><strong>ὲν</strong></span> 
     </span>
    </p>
   </div>
   <div class='ocr_carea' id='block_1_115' title="bbox 2128 5488 3699 5575">
    <p class='ocr_par' dir='ltr' id='par_1_115' title="bbox 2128 5488 3699 5575">
     <span class='ocr_line' id='line_1_116' title="bbox 2128 5488 3699 5575; baseline -0.005 -18"><span class='ocrx_word' id='word_1_911' title='bbox 2128 5503 2305 5574; x_wconf 61' lang='lat' dir='ltr'><strong>suta</strong></span> <span class='ocrx_word' id='word_1_912' title='bbox 2334 5504 2567 5575; x_wconf 76' lang='grc' dir='ltr'>μικρᾷιή</span> <span class='ocrx_word' id='word_1_913' title='bbox 2602 5502 2821 5556; x_wconf 85' lang='grc' dir='ltr'>παιδεία</span> <span class='ocrx_word' id='word_1_914' title='bbox 2862 5518 2956 5554; x_wconf 80' lang='grc' dir='ltr'><strong>σου</strong></span> <span class='ocrx_word' id='word_1_915' title='bbox 2990 5501 3143 5571; x_wconf 83' lang='grc' dir='ltr'>ἡμῖν.</span> <span class='ocrx_word' id='word_1_916' title='bbox 3180 5518 3197 5548; x_wconf 76' lang='grc' dir='ltr'><strong>ι</strong></span> <span class='ocrx_word' id='word_1_917' title='bbox 3229 5490 3577 5570; x_wconf 69' lang='grc' dir='ltr'>Σμικροτάτη</span> <span class='ocrx_word' id='word_1_918' title='bbox 3610 5488 3699 5562; x_wconf 64' lang='grc' dir='ltr'><strong>μὲν</strong></span> 
     </span>
    </p>
   </div>
   <div class='ocr_carea' id='block_1_116' title="bbox 2127 5582 3699 5669">
    <p class='ocr_par' dir='ltr' id='par_1_116' title="bbox 2127 5582 3699 5669">
     <span class='ocr_line' id='line_1_117' title="bbox 2127 5582 3699 5669; baseline -0.013 -17"><span class='ocrx_word' id='word_1_919' title='bbox 2127 5596 2237 5669; x_wconf 77' lang='grc' dir='ltr'>γὰρ</span> <span class='ocrx_word' id='word_1_920' title='bbox 2258 5598 2291 5667; x_wconf 81' lang='grc' dir='ltr'>ἡ</span> <span class='ocrx_word' id='word_1_921' title='bbox 2310 5594 2406 5650; x_wconf 81' lang='grc' dir='ltr'>τοῦ</span> <span class='ocrx_word' id='word_1_922' title='bbox 2435 5594 2888 5667; x_wconf 79' lang='grc' dir='ltr'>διακαθαίρεσθαι</span> <span class='ocrx_word' id='word_1_923' title='bbox 2908 5592 3106 5662; x_wconf 82' lang='grc' dir='ltr'>θλίψις,</span> <span class='ocrx_word' id='word_1_924' title='bbox 3134 5590 3274 5647; x_wconf 85' lang='grc' dir='ltr'><strong>ἀλλά</strong></span> <span class='ocrx_word' id='word_1_925' title='bbox 3302 5586 3552 5645; x_wconf 86' lang='grc' dir='ltr'>παιδείαν</span> <span class='ocrx_word' id='word_1_926' title='bbox 3576 5582 3699 5654; x_wconf 75' lang='grc' dir='ltr'>ἡμῖν</span> 
     </span>
    </p>
   </div>
   <div class='ocr_carea' id='block_1_117' title="bbox 516 5698 2025 5777">
    <p class='ocr_par' dir='ltr' id='par_1_117' title="bbox 516 5707 2006 5777">
     <span class='ocr_line' id='line_1_118' title="bbox 516 5707 2006 5777; baseline -0.003 -15"><span class='ocrx_word' id='word_1_927' title='bbox 516 5711 535 5738; x_wconf 69' lang='grc'><strong>⁸</strong></span> <span class='ocrx_word' id='word_1_928' title='bbox 570 5709 729 5764; x_wconf 80' lang='lat' dir='ltr'><strong>Rom.</strong></span> <span class='ocrx_word' id='word_1_929' title='bbox 766 5728 836 5767; x_wconf 76' lang='lat' dir='ltr'><strong>tt.</strong></span> <span class='ocrx_word' id='word_1_930' title='bbox 878 5712 967 5777; x_wconf 64' lang='lat'><strong>98,</strong></span> <span class='ocrx_word' id='word_1_931' title='bbox 1011 5710 1099 5763; x_wconf 69' lang='lat'><strong>29.</strong></span> <span class='ocrx_word' id='word_1_932' title='bbox 1144 5710 1164 5741; x_wconf 89' lang='lat'><strong>&quot;</strong></span> <span class='ocrx_word' id='word_1_933' title='bbox 1198 5708 1415 5763; x_wconf 84' lang='lat' dir='ltr'><strong>Cnlnss.</strong></span> <span class='ocrx_word' id='word_1_934' title='bbox 1457 5724 1528 5764; x_wconf 88' lang='lat' dir='ltr'><strong>tt.</strong></span> <span class='ocrx_word' id='word_1_935' title='bbox 1566 5708 1647 5761; x_wconf 87' lang='lat' dir='ltr'><strong>ll.</strong></span> <span class='ocrx_word' id='word_1_936' title='bbox 1726 5707 1746 5737; x_wconf 79' lang='grc'>⁸</span> <span class='ocrx_word' id='word_1_937' title='bbox 1784 5707 1891 5761; x_wconf 80' lang='lat' dir='ltr'><strong>lsa.</strong></span> <span class='ocrx_word' id='word_1_938' title='bbox 1934 5721 2006 5758; x_wconf 87' lang='lat' dir='ltr'><strong>tv.</strong></span> 
     </span>
    </p>
   </div>
   <div class='ocr_carea' id='block_1_118' title="bbox 2130 5698 3693 5777">
    <p class='ocr_par' dir='ltr' id='par_1_118' title="bbox 2166 5698 3693 5773">
     <span class='ocr_line' id='line_1_119' title="bbox 2166 5698 3693 5773; baseline -0.003 -13"><span class='ocrx_word' id='word_1_939' title='bbox 2166 5709 2187 5740; x_wconf 80' lang='lat'><strong>’</strong></span> <span class='ocrx_word' id='word_1_940' title='bbox 2228 5704 2393 5760; x_wconf 86' lang='lat' dir='ltr'><strong>llebr.</strong></span> <span class='ocrx_word' id='word_1_941' title='bbox 2460 5722 2558 5773; x_wconf 78' lang='lat' dir='ltr'><strong>xu,</strong></span> <span class='ocrx_word' id='word_1_942' title='bbox 2596 5705 2647 5760; x_wconf 90' lang='lat'><strong>7.</strong></span> <span class='ocrx_word' id='word_1_943' title='bbox 2728 5705 2770 5736; x_wconf 87' lang='grc'><strong>¹⁰</strong></span> <span class='ocrx_word' id='word_1_944' title='bbox 2803 5701 3005 5759; x_wconf 83' lang='lat' dir='ltr'><strong>Jcrcm.</strong></span> <span class='ocrx_word' id='word_1_945' title='bbox 3039 5718 3095 5767; x_wconf 73' lang='grc' dir='ltr'>χ,</span> <span class='ocrx_word' id='word_1_946' title='bbox 3135 5702 3228 5756; x_wconf 74' lang='grc'><strong>25.</strong></span> <span class='ocrx_word' id='word_1_947' title='bbox 3312 5701 3354 5733; x_wconf 86' lang='grc'>¹¹</span> <span class='ocrx_word' id='word_1_948' title='bbox 3399 5698 3504 5757; x_wconf 87' lang='lat' dir='ltr'><strong>lsa.</strong></span> <span class='ocrx_word' id='word_1_949' title='bbox 3539 5707 3693 5755; x_wconf 65' lang='lat' dir='ltr'><strong>xxvi.</strong></span> 
     </span>
    </p>
   </div>
   <div class='ocr_carea' id='block_1_119' title="bbox 446 5777 1505 5852">
    <p class='ocr_par' dir='ltr' id='par_1_119' title="bbox 446 5777 1505 5852">
     <span class='ocr_line' id='line_1_120' title="bbox 446 5777 1505 5852; baseline -0.002 -19"><span class='ocrx_word' id='word_1_950' title='bbox 446 5780 532 5845; x_wconf 76' lang='lat' dir='ltr'><strong>tb&#39;,</strong></span> <span class='ocrx_word' id='word_1_951' title='bbox 572 5796 685 5836; x_wconf 88' lang='lat' dir='ltr'><strong>sec.</strong></span> <span class='ocrx_word' id='word_1_952' title='bbox 718 5780 880 5835; x_wconf 77' lang='lat' dir='ltr'><strong>LXX.</strong></span> <span class='ocrx_word' id='word_1_953' title='bbox 964 5784 1005 5812; x_wconf 85' lang='lat'>&quot;</span> <span class='ocrx_word' id='word_1_954' title='bbox 1046 5779 1191 5834; x_wconf 81' lang='lat' dir='ltr'><strong>Psal.</strong></span> <span class='ocrx_word' id='word_1_955' title='bbox 1224 5793 1382 5852; x_wconf 55' lang='grc' dir='ltr'>δοίη,</span> <span class='ocrx_word' id='word_1_956' title='bbox 1423 5777 1505 5831; x_wconf 76' lang='lat'><strong>1‘2.</strong></span> 
     </span>
    </p>
   </div>
  </div>
