3938 6422
285 381 401 435 55-3
1196 379 1210 403 ο
1365 364 1432 419 ΙΝ
1465 361 1752 418 JOANNIS
1782 361 2238 422 EVANGELIUM
2276 365 2404 422 LIB.
2444 367 2510 422 Χ.
3467 379 3575 435 δδι

283 489 618 558 παρέχουσα
647 483 746 555 τὴν
796 482 1041 540 ἀνωθεν,
1080 474 1386 546 μακαρίους
1419 472 1729 540 ἀποφαίνει.
1778 471 1859 523 Κα

1992 474 2364 529 consentiant.
2414 475 2571 531 Tunc
2625 477 2795 543 enim,
2842 486 2974 535 tunc
3030 498 3139 537 una
3187 500 3313 540 cum
3360 489 3584 545 Christo

281 578 796 651 παραληφθήσεται
849 575 1060 645 μάρτυς
1111 573 1139 624 6
1197 569 1468 640 μακάριος
1520 563 1859 625 Δα6“ιδ,ούτ‹

2001 564 2242 628 erimus.
2276 574 2561 637 tutamque
2606 584 2670 623 ae
2717 586 2967 626 securam
3006 578 3414 635 communionis
3459 595 3584 633 cum

277 670 428 742 βοῶν
452 689 466 701 ⁸
510 691 529 723 ι
559 670 848 740 Μακάριος
883 666 1197 735 ἄνθρωπος,
1234 660 1293 713 ὃν
1322 660 1389 713 ἀν
1426 657 1744 728 παιδεύσῃς,
1778 654 1859 708 Κύ

1998 669 2066 709 eo
2096 656 2205 710 vim
2256 659 2667 727 uanciscemur,
2708 661 2881 716 vitato
2929 666 3264 723 resectionis
3318 671 3582 738 periculo.

272 784 392 839 ριε,
432 767 531 820 καὶ
559 769 625 820 ἐκ
655 764 747 819 τοῦ
790 763 960 834 νόμου
986 776 1081 813 σου
1110 757 1333 827 διδάξῃς
1364 754 1551 817 αὑτὸν,
1607 750 1705 804 τοῦ
1771 750 2015 822 πραῧναι
2073 751 2264 822 αὐτῷ,
2330 753 2424 822 ἀφ’
2507 755 2731 827 ἡμερῶν
2784 760 3057 830 πονηρῶν.
3104 780 3123 815 ι
3187 762 3424 835 Ἡμέραι
3477 766 3586 836 γὰρ

269 852 457 921 ὅντως
509 855 828 927 ἀποφράδες
885 854 979 908 καὶ
1027 850 1267 921 πονηραὶ
1302 849 1419 909 τοῖς
1465 841 1862 914 ἀποτμηθεῖσιν
1899 840 2194 908 όλπελῶς,
2252 844 2346 897 καὶ
2375 847 2455 908 είς
2486 846 2710 901 κόλασιν
2770 850 2868 921 τὴν
2903 851 2992 905 διά
3031 852 3206 924 πυρὸς
3264 861 3587 930 κατοικήσε-

271 948 409 1002 σθαι
447 949 761 1020 μέλλουσιν,
801 946 858 1000 αἶ
882 946 981 1017 τῆς
1001 943 1308 997 ἀδεκάστου
1337 941 1600 1012 κρίσεως,
1636 935 1774 990 άλλά
1800 935 1926 987 τότε
1995 937 2109 998 τοῖς
2163 936 2574 1008 παιδευομένοις
2631 944 3009 1013 καταπραΰνει
3035 944 3186 1010 Θεός.
3237 950 3427 1022 Τελοίη
3474 954 3584 1024 γὰρ

270 1042 337 1095 ἂν
366 1044 398 1095 6
419 1043 667 1107 τοιοῦτος
703 1041 957 1112 οὐδαμῶς
983 1043 1040 1094 ὲν
1071 1041 1182 1102 τοῖς
1213 1037 1319 1092 ὑπὸ
1347 1037 1530 1108 κρίσιν
1548 1035 1645 1090 καὶ¹
1664 1034 1909 1097 κόλασιν,
1951 1030 2183 1102 ἐπείπερ
2207 1032 2307 1084 οὐκ
2328 1032 2576 1105 ἄκαρπον
2598 1037 2789 1105 γέγονε
2828 1039 3033 1110 κλῆμα.
3088 1043 3157 1095 Συ
3166 1046 3586 1117 μπαραξευγνύ..

270 1141 397 1193 σθω
449 1138 748 1211 τοιγαροῦν
776 1141 843 1209 τῇ
896 1140 995 1209 τῆς
1022 1136 1261 1198 πίστεως
1306 1132 1587 1206 ὁμολογίᾳ,
1620 1131 1715 1183 καὶ
1747 1129 1781 1200 η
1816 1128 1905 1181 διὰ
1935 1125 2047 1180 τῶν
2078 1125 2256 1196 ἔργων
2288 1127 2613 1200 φαιδρότης,
2657 1132 2750 1185 καὶ
2799 1134 3060 1189 συνθείτω
3093 1141 3204 1201 τοῖς
3266 1140 3396 1212 περὶ
3445 1142 3581 1197 Θεοῦ

267 1237 466 1305 λόγοις
519 1237 589 1290 τά
643 1236 971 1307 πράγματα.
1026 1232 1160 1286 Τότε
1197 1230 1307 1301 γὰρ
1331 1270 1345 1294 ,
1380 1228 1503 1281 τότε
1566 1222 1904 1293 συνεσόμεθα
1937 1219 2017 1291 τῷ
2053 1220 2296 1291 Χριστῷ,
2318 1221 2412 1275 καὶ
2470 1223 2570 1292 τῆς
2609 1224 2741 1295 πρὸς
2806 1226 2966 1280 αὑτὸν
3004 1232 3288 1295 κοινωνίας
3310 1233 3408 1305 τὴν
3431 1234 3581 1288 δύνασ

270 1348 376 1401 μιν
438 1328 665 1399 ἀσφαλῆ
708 1346 766 1380 τε
816 1327 909 1380 καὶ
955 1324 1183 1396 βεϐαίαν
1237 1321 1528 1391 εὕροιμεν,
1559 1315 1653 1369 τὸν
1688 1316 1753 1367 ὲκ
1796 1314 1895 1383 τῆς
1934 1310 2213 1381 ἀποτομῆς
2251 1309 2639 1380 διαφεύγοντες
2669 1313 2931 1368 κίνδυνον.

346 1422 591 1493 Εἴρηται
626 1421 682 1474 δὲ
715 1419 891 1473 ταῦτα
920 1419 1040 1471 νυνὶ¹
1075 1417 1206 1488 παρ’
1231 1413 1407 1486 ήμῶν,
1443 1410 1677 1481 ἐπείπερ
1709 1407 1885 1462 ἐδόκει

265 1513 678 1585 πνευματικῶς
709 1514 774 1584 τῇ
806 1511 916 1566 τῶν
958 1509 1340 1581 προκειμένων
1375 1505 1580 1577 θεωρίᾳ
1606 1503 1883 1575 προσδάλσ

2063 1400 2224 1456 Nunc
2255 1412 2438 1457 autem
2475 1404 2590 1459 haec
2631 1419 2660 1459 a
2695 1407 2855 1462 nobis
2879 1408 3026 1461 dicta
3057 1417 3207 1471 sunt,
3246 1412 3375 1481 quia
3412 1416 3581 1485 spiri-

1988 1494 2170 1549 taliter
2201 1496 2351 1549 hunc
2407 1498 2589 1551 locum
2644 1499 2985 1556 intellexisse
3039 1502 3341 1571 videbatur;
3396 1518 3578 1564 tamen

260 1603 392 1656 λειν
418 1619 432 1632 ·
472 1603 621 1667 εἰκὸς
662 1602 719 1656 δὲ
764 1603 829 1673 δή
870 1618 921 1654 τι
965 1601 1059 1654 καὶ
1100 1599 1288 1670 ἕτερον
1330 1597 1537 1651 ἐθέλειν
1577 1592 1859 1665 ὑποδηλοῦε

1980 1587 2270 1658 probabile
2297 1596 2381 1643 est
2426 1591 2634 1661 aliquid
2679 1592 2827 1646 aliud
2863 1594 3184 1663 signiﬁcare
3222 1599 3362 1653 velle
3388 1598 3576 1656 Domi-

259 1697 366 1749 τὸν
411 1697 650 1766 Κύριον,
684 1695 773 1749 διὰ
806 1693 901 1748 τοῦ
940 1693 1106 1764 φάναι
1141 1691 1363 1761 σαφῶς’
1400 1710 1417 1743 ι
1460 1691 1575 1743 Πᾶν
1605 1689 1793 1759 κλῆμα
1819 1688 1878 1741 ὲν

1977 1695 2133 1747 num,
2166 1696 2230 1736 ex
2264 1697 2329 1736 eo
2351 1685 2498 1753 quod
2530 1684 2667 1738 dicit
2704 1694 2932 1755 aperte:
2974 1707 2993 1739 ι
3026 1686 3258 1744 Omnem
3291 1692 3573 1761 palmitem
3622 1766 3631 1779 ἱ

264 1790 402 1860 ἐμοὶ
459 1788 536 1860 μὴ
584 1788 751 1859 φέρον
819 1787 1065 1859 καρπὸν,
1101 1785 1243 1854 αῐρει
1298 1782 1469 1847 αὐτὸ,
1500 1783 1595 1835 καὶ
1652 1782 1763 1834 πᾶν
1812 1780 1859 1833 τί

1977 1772 2033 1826 in
2086 1788 2173 1827 me
2231 1788 2340 1827 non
2406 1776 2668 1830 ferentem
2715 1775 3003 1841 fructum,
3065 1781 3225 1835 tollet
3274 1796 3400 1836 eum
3450 1802 3464 1838 :
3521 1793 3575 1840 ct

266 1871 670 1948 καρποφοροῦν
729 1876 982 1947 καθαίρει
1039 1874 1205 1938 αὐτὸ,
1263 1874 1351 1928 ἵνα
1389 1873 1601 1944 καρπὸν
1651 1871 1873 1925 πλείονα

265 1969 444 2040 φέρῃ.
488 1987 505 2018 ι
542 1967 745 2036 Κλῆμα
784 1966 913 2037 γάρ,
961 1961 1139 2035 οῒμαι,
1170 1965 1230 2017 τὸ
1254 1967 1320 2035 τῇ
1371 1962 1465 2016 τοῦ
1504 1962 1713 2032 [ἰατρὸς
1738 1963 1874 2014 ἁπο-

262 2060 445 2130 τομίᾳ
473 2060 576 2129 τῆς
605 2059 686 2122 είς
714 2058 949 2129 Χριστὸν
968 2056 1259 2121 κοινωνίας
1305 2056 1756 2124 ἀπεσπασμένον,
1782 2054 1873 2106 τὶν

263 2153 350 2215 είς
386 2152 700 2223 εὐκαρπίαν
718 2152 821 2204 ούκ
846 2150 1153 2220 ἐπιτήδειον
1173 2149 1281 2203 τῶν
1309 2147 1579 2202 Ἰουδαίων
1616 2148 1873 2217 σημαίνει

268 2245 428 2312 λαὸν,
458 2239 540 2309 οἷς
572 2245 666 2299 καὶ
694 2245 884 2315 ἀξίνην
918 2242 1383 2314 ἐπενεχθήσεσθαί
1412 2256 1577 2311 φησιν
1595 2241 1874 2311 ὁτρισμα-

267 2334 477 2403 κάριος
544 2334 817 2406 Ἰωάννης,
869 2333 1004 2405 πυρὶ
1064 2331 1536 2403 παραδοθήσεσθαι
1581 2329 1758 2397 λέγων
1811 2328 1873 2381 τὸ

261 2426 720 2497 ἀποτεμνόμενον
760 2425 995 2497 δένδρον.
1026 2425 1105 2478 Τά
1132 2424 1188 2478 δὲ
1216 2423 1425 2489 τελείας
1466 2423 1566 2494 μὲν
1593 2423 1654 2476 ού
1684 2422 1871 2492 δεδεη-

265 2514 414 2586 μένα
432 2519 633 2588 τομῆς,
657 2516 1001 2588 ἀπομένοντα
1024 2515 1083 2569 δὲ
1104 2516 1164 2569 ὲν
1185 2518 1253 2587 τῇ
1287 2514 1517 2586 ἀμπέλῳ
1538 2515 1632 2569 καὶ
1652 2516 1719 2585 τῇ
1752 2513 1873 2585 θείᾳ

262 2609 517 2682 φροντίδι
549 2608 1004 2681 διακαθαίρεσθαι
1035 2608 1298 2680 μέλλοντα
1316 2648 1329 2673 ,
1358 2607 1484 2671 τούς
1512 2623 1570 2660 τε
1605 2606 1665 2673 ἐξ
1690 2607 1872 2661 αὐτῶν

260 2704 713 2767 πεπιστευκότας
754 2703 862 2758 τῶν
907 2701 1200 2767 Ἰουδαίων,
1232 2701 1479 2764 καὶτοὺς
1520 2699 1609 2753 ἐπ’
1638 2699 1869 2762 ἐκείνοις

259 2795 708 2865 ἐπιστρέφοντας
738 2794 796 2862 ἐξ
839 2793 1031 2859 ὲθνῶν,
1067 2788 1150 2857 οἷς
1201 2793 1299 2863 μία
1345 2792 1510 2863 μὲνὴ
1560 2789 1864 2862 κάθαρσις·

259 2888 321 2939 ἐν
359 2885 647 2957 Πνεύματι
667 2887 777 2958 γὰρ
803 2888 1037 2941 τελεῖται
1069 2885 1149 2958 τῷ
1174 2885 1333 2956 ἁγίῳ,
1375 2905 1394 2937 ι
1435 2885 1576 2938 κατὰ
1605 2884 1703 2947 τὰς
1727 2884 1869 2954 Γρα-

257 2980 398 3051 φάς.
456 2980 729 3051 Ἐτεροῖός
778 2996 841 3047 γε
903 2979 1032 3050 μὴν,
1067 2979 1161 3032 καὶ
1212 2972 1671 3049 παρηλλαγμένος
1715 2978 1743 3028 6
1772 2974 1866 3027 τοῦ

256 3068 634 3137 καθαίρεσθαι
697 3070 919 3140 τρόπος.
993 3068 1385 3139 Ἀποτέμνεται
1454 3066 1562 3137 γὰρ
1632 3066 1742 3121 τῶν
1806 3065 1867 3132 ἐξ

1978 1877 2197 1919 omnem
2224 1867 2317 1935 qui
2344 1864 2450 1921 fert
2476 1866 2742 1935 fructum,
2767 1871 3027 1941 purgabit
3057 1887 3207 1936 eum,
3241 1883 3301 1928 ut
3329 1875 3570 1929 fructum

1978 1956 2102 2025 plus
2138 1958 2348 2013 aﬂerat.
2384 1977 2403 2009 ι
2450 1958 2668 2019 Ralmes
2710 1965 2883 2031 enim,
2934 1975 2996 2020 ut
3048 1982 3197 2033 reor,
3257 1966 3571 2024 Judzeorum

1978 2048 2239 2118 populum
2273 2050 2566 2120 signiﬁcat,
2614 2068 2644 2105 a
2685 2058 3077 2114 communione
3110 2058 3317 2115 Christi
3350 2076 3378 2113 a
3411 2060 3573 2116 Patre

1976 2147 2346 2210 amputatum,
2380 2142 2534 2196 illum
2564 2142 2977 2216 infrugiferum,
3004 2149 3213 2219 quibus
3244 2158 3299 2204 et
3333 2154 3570 2206 securim

1975 2231 2384 2287 adhibitum.iri
2418 2242 2503 2289 ter
2533 2237 2729 2292 beatus
2764 2235 3007 2295 Joannes
3033 2242 3334 2313 signiﬁcat,
3374 2244 3571 2300 dicens

1976 2324 2088 2395 igni
2126 2325 2391 2380 traditum
2419 2327 2486 2381 iri
2512 2330 2788 2384 succisam
2815 2333 3090 2388 arborem.
3121 2334 3228 2388 Sed
3261 2341 3317 2389 et
3351 2350 3416 2390 ea
3450 2351 3571 2405 qua!

1973 2417 2138 2488 digna
2175 2433 2282 2472 non
2311 2427 2443 2473 sunt
2473 2433 2576 2474 cur
2610 2423 2835 2492 penitus
2858 2433 3206 2490 resecentur,
3233 2426 3330 2482 sed
3368 2427 3424 2481 in
3446 2416 3569 2483 'vite

1978 2518 2296 2575 remanent,
2332 2525 2399 2565 ac
2428 2511 2616 2567 divina
2659 2528 2795 2569 cura
2827 2516 3113 2586 purganda
3155 2520 3419 2584 veniunt,
3453 2530 3568 2575 tum

1972 2601 2066 2672 qui
2112 2617 2178 2657 ex
2214 2601 2423 2659 Judaeis
2481 2605 2620 2675 ipsis
2675 2608 3059 2674 crediderunt,
3087 2610 3258 2680 87o
3302 2621 3414 2665 tum
3472 2613 3566 2682 qui

1974 2703 2102 2763 post
2137 2695 2260 2751 illos
2303 2710 2367 2749 ex
2421 2698 2687 2767 gentibus
2718 2701 2973 2755 conversi
3014 2710 3165 2765 sunt,
3212 2702 3417 2770 quibus
3453 2718 3566 2758 una

1972 2786 2193 2855 quidem
2232 2794 2317 2842 est
2376 2789 2673 2858 purgatio:
2741 2792 2795 2845 in
2840 2789 3053 2861 Spiritu
3106 2794 3312 2864 quippe
3370 2805 3566 2850 sancto

1971 2877 2275 2947 perﬁcitur,
2318 2879 2480 2949 juxta
2534 2881 2877 2952 Scripturas,
2924 2883 3022 2938 sed
3075 2884 3332 2943 diversus
3378 2898 3561 2944 tamen

1970 2973 2242 3041 purgandi
2296 2973 2515 3029 modus.
2566 2976 2900 3044 Amputatur
2955 2977 3103 3031 enim
3171 2978 3242 3033 ab
3294 2979 3564 3039 lsraelitis

1970 3057 2228 3112 voluntas
2246 3059 2464 3115 vivendi
2489 3061 2649 3130 juxta
2670 3062 2841 3133 legem
2858 3062 3194 3121 Mosaicam:
3224 3068 3296 3122 ab
3328 3069 3562 3125 idolola-

267 3161 520 3234 Ἰσραὴλ,
547 3162 607 3215 τὸ
635 3162 776 3215 κατά
805 3162 967 3232 νόμον
992 3161 1072 3214 ἔτι
1102 3160 1193 3214 τὸν
1219 3159 1512 3214 Μωσαῖκὺν
1539 3158 1727 3230 διαζῇν
1748 3157 1859 3211 ἐθέ-

1968 3154 2178 3202 trarum
2234 3160 2415 3206 autem
2485 3151 2654 3208 corde
2703 3155 2907 3210 veteris
2954 3158 3163 3212 erroris
3214 3163 3559 3230 propositum

254 3254 378 3309 λειν
404 3254 504 3307 καὶ
538 3252 940 3321 πολιτεύεσθαι,
987 3253 1086 3323 τῆς
1114 3252 1172 3305 δὲ
1198 3251 1306 3305 τῶν
1337 3250 1865 3322 είδωλολατρούντων

254 3344 497 3416 καρδίας
546 3347 898 3416 παραιτεῖται
937 3342 1045 3418 [ἵσ.
1088 3342 1446 3416 παραιρεῖται]
1480 3344 1581 3415 τῆς
1629 3343 1863 3415 ἀρχαίας

254 3436 486 3507 ἀπάτης
524 3437 554 3488 6
584 3436 806 3501 σκοπὸς,
839 3438 934 3490 καὶ
956 3436 1059 3507 τῆς
1082 3435 1192 3491 τῶν
1216 3437 1492 3490 ἀσυνέτων
1523 3434 1864 3506 ἀκαθαρσίας

254 3530 285 3582 6
318 3528 617 3600 συρφετὸς,
645 3528 736 3583 ἴνα
790 3514 1056 3585 δύνωνται
1102 3529 1292 3601 φέρειν
1339 3530 1439 3600 τῆς
1478 3528 1629 3592 θείας
1670 3546 1730 3581 τε
1769 3530 1863 3582 καὶ

255 3621 630 3691 εὑαγγελικῆς
659 3621 997 3685 παιδεύσεως
1022 3622 1113 3676 τὸν
1135 3620 1395 3692 ἐδώδιμον
1425 3620 1573 3674 ὥσπε
1582 3638 1614 3691 ρ
1643 3620 1720 3691 τῷ
1743 3618 1863 3690 Θεῷ

255 3715 358 3767 καὶ
390 3713 548 3782 φίλον
577 3714 750 3778 ὅντως
778 3714 1013 3786 καρπόν.
1043 3714 1167 3767 Ὅτι
1194 3713 1251 3766 δὲ
1298 3712 1459 3767 πάλιν
1501 3713 1634 3783 ἡμῖν
1664 3711 1862 3783 ἀληθὲς

255 3805 514 3875 φαίνεται
547 3806 611 3859 τὸ
644 3807 955 3878 εἰρημένον,
991 3805 1230 3877 χαλεπὸν
1263 3806 1419 3859 ούδὲν
1447 3804 1859 3876 πληροφορῆσαι

252 3898 318 3962 ἐξ
351 3900 540 3953 αὐτῶν
567 3899 675 3953 τῶν
704 3899 865 3954 θείων
892 3899 1267 3970 Γραμμάτων.
1310 3898 1650 3952 Ἐπιστέλλει
1695 3898 1803 3967 γὰρ
1832 3898 1860 3950 ὁ

252 3989 551 4056 θεσπέσιος
585 3992 798 4056 Παῦλος
826 3996 938 4057 τοῖς
969 3992 1069 4063 μὲν
1102 3993 1159 4059 ἐξ
1193 3992 1462 4045 Ἰουδαίων
1499 3990 1857 4044 πεπιστευκό-

252 4096 378 4148 σιν,
405 4083 501 4136 ὄτε
528 4084 639 4137 τῶν
683 4084 1057 4154 εὐαγγελικῶν
1086 4083 1374 4154 δογμάτων
1397 4083 1854 4153 ὀλιγωρήσαντες,

248 4173 437 4228 ὀπίσω
455 4174 621 4230 πάλιν
639 4175 844 4247 ᾤχοντο
857 4177 957 4240 τὰς
983 4174 1080 4230 τοῦ
1102 4175 1268 4246 νόμου
1293 4176 1653 4245 τετιμηκότες
1676 4175 1853 4240 σκιάς·

256 4284 276 4318 ι
339 4266 852 4340 Ἀπηλλοτριώθητε
892 4267 1001 4322 ἀπὸ
1033 4264 1273 4337 Χριστοῦ
1294 4306 1310 4331 ,
1350 4267 1546 4330 οἵτινες
1599 4266 1658 4318 ὲν
1706 4266 1857 4338 νόμῳ

247 4358 570 4414 δικαιοῦσθε
596 4400 612 4426 ,
651 4362 751 4433 τῆς
798 4361 1023 4432 χάριτος
1066 4358 1388 4424 ἐξεπέσατε.
1434 4375 1453 4409 ι
1502 4358 1830 4413 Καὶοπάλιν·

253 4471 273 4504 ι
299 4452 468 4521 Λέγω
481 4452 591 4525 γὰρ
608 4454 758 4525 ύμῖν,
777 4453 861 4507 ὃτι
877 4454 973 4508 ὲάν
1001 4450 1425 4525 περιτέμνησθε,
1441 4451 1676 4522 Χριστὸς
1701 4452 1849 4523 ὑμᾶς

246 4543 406 4596 οὐδὲν
468 4542 760 4615 ὠφελήσει.
797 4562 815 4595 ι
868 4544 931 4596 Εἰ
979 4543 1036 4597 δὲ
1066 4542 1127 4596 τὸ
1170 4541 1456 4612 βούλεσθαι
1506 4541 1847 4597 δικαιοῦσθαι

250 4635 395 4689 κατὰ
442 4635 535 4690 τὸν
579 4636 747 4706 νόμον
796 4634 1113 4706 ἀλλοτρίους
1162 4635 1362 4697 αὐτοὺς
1411 4634 1701 4703 ἀποφαίνει
1757 4634 1850 4688 τοῦ

247 4725 530 4795 Χριστοῦ,
580 4726 701 4790 πῶς
751 4727 876 4798 οὐχὶ
922 4725 1139 4790 πάντως
1188 4724 1561 4797 ἀναμφίλογον
1584 4767 1596 4788 ,
1627 4726 1711 4779 ὅτι
1752 4725 1852 4796 τῆς

248 4817 395 4872 κατά
442 4818 607 4890 νόμον
672 4818 952 4882 πολιτείας
986 4820 1021 4891 ή
1064 4818 1368 4882 ἀπόθεσις,
1425 4818 1526 4888 τῆς
1580 4819 1659 4882 είς
1710 4819 1849 4889 Χρι-

250 4910 376 4963 στὸν
399 4911 703 4981 συναφείας
734 4911 988 4981 προξενεῖ
1032 4912 1131 4982 τὴν
1160 4909 1391 4985 δύναμιν
1412 4928 1428 4978 ;
1453 4910 1848 4985 Περιτέμνεται

245 5000 432 5054 τοίνυν
480 5000 627 5056 οὓτω
658 5001 758 5071 μὲν
785 5002 814 5055 6
846 5001 1082 5073 Ἰσραὴλ,
1115 4984 1525 5073 διακαθαίρεται
1554 4999 1611 5053 δὲ
1636 4984 1847 5071 μᾶλλον

218 5126 221 5129 -
251 5094 341 5145 καὶ
366 5095 398 5146 6
426 5092 560 5145 ποτὲ
606 5096 673 5165 τῇ
705 5093 883 5147 κτίσει
923 5094 1228 5165 λατρεύσας
1255 5095 1406 5167 παρά
1433 5095 1527 5150 τὸν
1558 5095 1842 5162 κτίσαντα,

244 5183 342 5254 τὴν
369 5185 608 5256 ἀρχαίαν
650 5185 807 5240 νόσον
840 5186 1154 5241 ἀποϐαλών.
1183 5186 1249 5240 Τί
1281 5188 1391 5260 γὰρ
1421 5188 1558 5260 πρὸς
1588 5188 1785 5252 αὐτοὺς
1816 5190 1847 5242 ὁ

243 5275 461 5340 Παῦλός
498 5293 698 5348 φησιν;
733 5297 753 5329 ι
793 5279 857 5331 Ei
879 5277 987 5350 γὰρ
1013 5277 1199 5350 ἐχθροὶ
1223 5276 1395 5345 ὄντες,
1419 5277 1842 5349 κατηλλάγημεν

244 5365 320 5436 τῷ
349 5366 475 5438 Θεῷ
501 5408 516 5434 ,
547 5368 637 5422 διὰ
667 5367 761 5422 τοῦ
805 5368 1039 5424 θανάτου
1096 5367 1192 5421 τοῦ
1244 5365 1375 5422 Υίοῦ
1418 5369 1586 5423 αὐτοῦ
1606 5409 1620 5434 ,
1657 5367 1838 5440 πολλῷ

245 5456 448 5527 μᾶλλον
469 5457 898 5529 καταλλαγέντες
921 5457 1279 5530 σωθησόμεθα
1305 5461 1364 5512 ἐν
1381 5461 1447 5531 τῇ
1472 5460 1584 5530 ζωῇ
1609 5459 1795 5514 αὐτοῦ.
1810 5479 1830 5511 ι

240 5551 495 5605 Λίτιᾶται
525 5552 585 5605 δὲ
611 5552 704 5606 καί
726 5570 892 5624 φησιν
932 5553 992 5605 ὲν
1020 5552 1232 5623 ἑτέροις
1256 5570 1267 5584 ι
1303 5569 1322 5602 ι
1359 5553 1497 5606 Νυνὶ
1531 5552 1588 5605 δὲ
1616 5553 1835 5620 γνόντες

243 5642 397 5710 Θεὸν,
418 5642 621 5715 μᾶλλον
649 5643 707 5697 δὲ
725 5643 1061 5712 γνωσθέντες
1079 5641 1185 5697 ὑπὸ
1210 5640 1368 5709 Θεοῦ,
1383 5642 1499 5707 πῶς
1533 5642 1695 5697 πάλιν
1711 5646 1836 5698 ὲπι-

1974 3240 2268 3305 avellitur,
2317 3252 2372 3297 et
2428 3244 2769 3315 impuritatis
2830 3247 3215 3318 insipientium
3273 3253 3556 3309 hominum

1967 3334 2146 3404 palea,
2185 3344 2246 3395 ut
2268 3336 2469 3393 divinae
2525 3347 2581 3394 et
2620 3342 2953 3411 evangelica:
3001 3342 3275 3400 doctrinae
3316 3345 3556 3403 fructum

1967 3422 2373 3496 quodammodo
2413 3431 2612 3487 edilem
2646 3432 2870 3505 Deoque
2914 3452 3103 3492 revera
3137 3446 3376 3509 gratum,
3408 3440 3557 3498 ferre

1967 3521 2203 3590 possint.
2265 3521 2423 3586 Quod
2481 3534 2665 3579 autem
2718 3542 2907 3581 verum
2949 3528 3083 3583 illud
3140 3529 3245 3593 sit,
3299 3546 3408 3586 non
3451 3535 3557 3587 erit

1965 3610 2184 3667 diﬁicile
2234 3628 2300 3667 ex
2353 3612 2578 3669 Litteris
2609 3616 2819 3674 divinis
2886 3619 3287 3677 demonstrare.
3348 3620 3553 3678 Scribit

1964 3705 2111 3758 enim
2143 3704 2366 3759 divinus
2399 3703 2609 3761 Paulus
2638 3705 2847 3764 Judzeis
2885 3708 3176 3775 ﬁdelibus,
3210 3712 3303 3781 qui
3351 3717 3552 3783 spretis

1963 3796 2296 3865 evangelicis
2343 3796 2628 3868 dogmatis
2670 3806 2821 3855 retro
2852 3817 3050 3856 rursus
3090 3803 3378 3868 abierant,
3416 3804 3550 3875 legis

1966 3885 2190 3941 umbras
2228 3887 2477 3942 venerati
2509 3905 2522 3942 :
2564 3906 2583 3939 ι
2616 3888 2880 3945 Evacuati
2910 3892 3050 3947 estis
3071 3906 3101 3945 a
3132 3893 3391 3947 Christo:
3424 3897 3550 3965 qui~

1962 3994 2179 4050 cunque
2198 3981 2805 4052 inlegejustiﬁcamini,
2825 3999 2855 4038 a
2870 3987 3046 4056 gratia
3064 3988 3351 4043 excidistis
3373 3989 3507 4045 ¹³·¹⁸.
3529 4008 3543 4037 ο
3570 3982 3586 3996 ’

1960 4071 2027 4127 Ει
2062 4090 2296 4130 rursus:
2355 4094 2373 4128 ι
2428 4077 2560 4132 Dico
2618 4080 2766 4133 enim
2823 4081 2981 4137 vobis
3025 4083 3313 4152 quoniam,
3354 4084 3399 4139 si
3441 4086 3549 4140 eir-

1960 4167 2373 4235 cumcidamini,
2417 4169 2676 4227 Christus
2729 4172 2887 4229 vobis
2934 4173 3073 4228 nihil
3125 4176 3374 4251 proderit
3400 4177 3464 4231 η.
3522 4198 3540 4230 ι

1960 4259 2118 4325 Quod
2168 4261 2213 4315 si
2270 4262 2412 4317 velle
2456 4263 2747 4332 iustiﬁcari
2797 4266 2957 4335 juxta
3009 4267 3206 4339 legem,
3253 4269 3465 4326 alienos
3515 4286 3545 4325 a

1958 4351 2181 4408 Christo
2209 4367 2306 4409 ens
2336 4354 2538 4419 reddit,
2577 4358 2856 4427 quomodo
2892 4372 3003 4413 non
3057 4360 3435 4415 indubitatum
3461 4372 3544 4416 est

1958 4464 2211 4520 prorsus,
2231 4449 2427 4520 legalis
2457 4454 2900 4510 conversationis
2928 4456 3160 4524 repudio
3190 4455 3543 4526 conjunctio-

1954 4558 2081 4597 nem
2121 4558 2246 4598 cum
2272 4542 2502 4599 Christo
2535 4546 2869 4602 conciliari?
2898 4545 3330 4602 Circumciditur
3357 4547 3544 4618 itaque

1952 4632 2056 4688 hoc
2104 4634 2270 4688 modo
2324 4633 2547 4703 quidem
2602 4637 2809 4701 Israel,
2860 4636 2971 4690 imo
3026 4642 3317 4706 purgatur,
3365 4638 3537 4691 veteri

1948 4724 2144 4780 morbo
2173 4726 2445 4797 deposito,
2483 4728 2577 4796 qui
2613 4739 2930 4783 creaturam
2974 4742 3073 4798 pro
3107 4727 3371 4783 Creatore
3407 4729 3537 4783 olim

1948 4817 2139 4872 coluit.
2172 4817 2316 4884 Quid
2367 4820 2514 4875 enim
2569 4818 2635 4873 ad
2689 4833 2786 4874 eos
2845 4818 3050 4875 Paulus
3109 4817 3351 4874 scribit?
3401 4836 3423 4871 ι
3479 4818 3537 4873 Si

1948 4912 2120 4976 enim.
2139 4927 2267 4967 cum
2293 4913 2503 4969 inimici
2532 4930 2808 4980 essemus,
2830 4915 3177 4972 reconciliati
3202 4930 3396 4972 sumus
3426 4913 3537 4970 Deo

1948 5018 2047 5074 per
2077 5013 2307 5060 mortem
2359 5005 2485 5061 Filii
2544 5008 2691 5077 ejus,
2746 5008 2922 5064 multo
2953 5009 3129 5080 magis
3163 5007 3533 5070 reconciliati,

1944 5095 2084 5151 salvi
2113 5097 2323 5152 erimus
2356 5098 2411 5152 in
2439 5098 2551 5154 vita
2584 5099 2762 5170 ipsius
2786 5100 2852 5154 ".
2894 5119 2912 5152 ι
2955 5099 3256 5170 Redarguit
3288 5112 3443 5162 vero,
3479 5105 3534 5152 et

1942 5186 2019 5241 ait
2042 5186 2214 5242 alibi:
2254 5205 2273 5238 ι
2310 5186 2470 5244 Nunc
2516 5201 2698 5245 autem
2735 5204 2862 5245 cum
2900 5188 3278 5261 cognoveritis
3333 5187 3557 5252 Deum,’

1942 5278 2053 5335 imo
2106 5280 2316 5352 cogniti
2371 5281 2495 5339 sitis
2542 5297 2573 5337 ε
2620 5280 2755 5349 Deo,
2820 5280 3099 5353 quomodo
3141 5278 3530 5334 convertimini

1941 5369 2141 5425 iterum
2174 5373 2243 5427 ad
2271 5372 2491 5428 inﬁrma
2517 5381 2573 5429 et
2601 5388 2772 5445 egena
2803 5374 3095 5434 elementa,
3120 5371 3321 5441 quibus
3346 5368 3530 5425 denuo

1943 5463 2157 5519 servire
2186 5464 2352 5521 vultis
2373 5466 2461 5520 ‘3?
2487 5485 2506 5517 ι
2534 5466 2670 5521 Cum
2692 5480 2824 5536 ergo
2855 5462 3213 5535 quiinﬁrmis
3237 5462 3527 5519 elementis

1943 5555 2195 5610 serviunt
2225 5556 2391 5612 alieni
2419 5556 2531 5613 sint
2568 5571 2597 5610 a
2638 5555 2884 5620 Christo,
2915 5567 3038 5609 eum
3067 5567 3132 5608 eo
3162 5567 3295 5609 vero
3329 5552 3530 5607 unian-

1946 5652 2038 5700 tur
2059 5646 2153 5717 qui
2184 5657 2457 5706 creaturae
2475 5662 2590 5722 prae
2611 5647 2871 5705 Creatore
2898 5643 3109 5702 servire
3137 5645 3357 5711 nolunt,
3386 5658 3527 5716 quo-

318 5828 432 5899 ’κζ’
472 5826 652 5883 Gaiat.
680 5843 736 5895 v,
766 5827 819 5883 4.
898 5827 941 5861 ¹⁶
979 5826 1115 5884 ibid.
1147 5825 1200 5880 2.
1282 5828 1321 5861 ⁸⁷
1356 5825 1515 5883 Rom.
1555 5843 1628 5895 v,
1668 5828 1755 5885 i0.
1836 5830 1852 5862 ⁸

1964 5829 2097 5886 alat.
2134 5843 2186 5885 tv
2208 5869 2223 5896 ,
2256 5829 2310 5885 9.
