3938 6448
184 374 301 430 357

1273 368 1340 424 IN
1367 362 1653 425 JOANNIS
1686 359 2135 419 EVANGELIUM
2167 360 2297 416 LIB.
2345 358 2409 413 X.

3378 362 3487 419 553

189 487 419 561 [ἰατρὸς
456 486 761 558 ἐνεργεῖται
810 484 993 548 καλῶς
1022 482 1122 554 τῆς
1167 485 1245 546 εἰς
1282 484 1434 553 ἡμᾶς
1474 480 1789 552 γεωργίαςό

1901 476 1986 531 dit
2041 473 2286 530 nefarius
2332 474 2428 529 ille
2475 471 2926 527 adversariorum
2977 477 3234 536 conatus,
3281 469 3481 529 Filium

187 577 422 649 τρόπος,
452 577 835 647 μεματαίωται
858 593 870 605 ·
894 573 1010 639 πῶς
1042 575 1150 645 γὰρ
1184 574 1325 644 οὐχὶ,
1347 573 1406 625 τὸ
1426 571 1678 643 περιττὸν
1705 569 1801 624 καὶ

188 665 649 737 κακουργότατον
684 665 794 719 τῶν
832 664 900 719 δι’
934 664 1183 728 ἐναντίας
1226 662 1592 734 ἐπιχείρημα,
1618 663 1802 732 ἑτερο-

188 759 308 827 φυᾶ
337 758 437 812 τόν
482 757 611 811 Υίδν
633 756 724 810 διὰ
745 756 904 810 τοῦτο
933 756 1205 825 λεγόντων
1236 753 1525 825 ὑπάρχειν,
1557 751 1632 815 ὡς
1663 750 1799 821 πρὸς

193 848 426 920 Πατέρα
469 849 565 903 καὶ
607 849 743 901 Θεὸν
770 849 1122 919 ,ἐπειδήπερ
1178 846 1420 917 ἄμπελος
1470 846 1567 915 μὲν
1613 844 1798 907 αὐτὸς,

193 940 627 1010 κατωνόμασται
674 941 729 993 δὲ
768 940 1010 1012 γεωργὸς
1050 943 1079 993 ὁ
1111 940 1340 1010 Πατήρ;
1374 935 1801 992 Διασκεπτέσθω

196 1031 249 1084 δὲ
280 1031 588 1096 πάλιν,καὶ
622 1031 990 1103 περιαθρείτω
1016 1030 1224 1100 σαφῶς,
1256 1031 1336 1084 ὄτι
1358 1029 1636 1100 καθαροὺς
1659 1024 1800 1082 εἶναι

196 1121 502 1194 διορίζεται
544 1124 673 1186 τοὺς
725 1122 889 1176 αὑτοῦ
937 1122 1206 1194 μαθητάς,
1244 1121 1366 1191 οὐχὶ
1398 1120 1582 1183 ίδικῶς
1612 1138 1671 1173 τε
1706 1122 1801 1175 καὶ

195 1214 612 1285 ἀφωρισμένως,
643 1214 786 1267 τοῦτ’
818 1213 954 1281 ἐστι,
989 1215 1110 1285 δίχα
1138 1212 1231 1268 τοῦ
1266 1212 1624 1282 Μονογενοῦς,
1653 1214 1804 1284 ἐνερ-

194 1303 479 1375 γήσαντός
526 1320 580 1356 τι
619 1304 749 1378 περὶ
810 1306 1009 1369 αὐτοὺς
1063 1305 1157 1359 τοῦ
1211 1305 1348 1358 Θεοῦ
1397 1307 1494 1358 καὶ
1545 1305 1797 1376 Πατρός·

191 1393 309 1445 ἀλλ’
343 1392 589 1464 ἐπείπερ
637 1393 917 1448 ἐπείθοντο
943 1394 1019 1466 τῷ
1047 1396 1178 1465 παρ’
1203 1393 1367 1448 αὑτοῦ
1403 1394 1564 1464 λόγῳ.
1590 1395 1801 1468 Ὥσπερ

188 1478 286 1537 οὖν
338 1484 610 1549 ζωοποιός
655 1487 771 1538 ἐστι
817 1484 883 1538 δι’
932 1485 1063 1539 Υίοῧ
1097 1487 1188 1540 καὶ
1234 1488 1292 1541 ἐν
1324 1485 1459 1557 Υξῷ,
1498 1488 1587 1540 τὸν
1618 1486 1800 1553 αὐτὸν,

189 1571 382 1646 οἶμαι,
415 1578 622 1648 τρόπον
661 1578 756 1630 καὶ
796 1577 1061 1645 γεωργὸς,
1093 1578 1211 1648 ἤτοι
1240 1577 1347 1630 τῶν
1375 1577 1659 1649 ἡμετέρων
1694 1577 1800 1646 ψυ-

187 1668 307 1739 χῶν
364 1668 732 1741 ἐπιμελητὴς,
769 1670 997 1732 εἰκότως
1034 1668 1101 1723 ἂν
1144 1672 1316 1723 νοοῖτο
1350 1671 1533 1734 πάλιν,
1562 1671 1662 1741 οὐχ
1688 1670 1802 1723 ἐτέ-

188 1775 326 1829 ρως,
362 1758 398 1829 ῆ
429 1759 501 1812 δι’
529 1759 686 1814 Υίοῠ.
717 1761 780 1813 Εἰ
803 1761 859 1814 δὲ
891 1764 1004 1824 τοῖς
1048 1761 1195 1825 ἅπαξ
1237 1760 1338 1814 οὐκ
1368 1760 1545 1833 ὀρθῶς
1571 1761 1800 1833 εἰρημέ-

1901 567 2134 623 diversae
2163 582 2192 620 a
2228 566 2336 621 Oeo
2365 581 2429 620 ac
2453 563 2619 621 Patre
2654 573 2863 620 natum
2893 564 3105 619 ideirco
3139 580 3262 620 esse
3294 566 3484 621 dicen-

1902 661 2042 715 tium
2079 660 2245 730 872
2273 658 2420 728 quod
2457 658 2584 713 vitis
2604 659 2831 729 quidem
2873 658 3025 727 ipse,
3060 656 3222 713 Pater
3255 673 3384 714 vero
3415 662 3485 714 sit

1903 749 2147 820 agricola
2204 747 2602 819 nuncupatus?
2656 746 2986 803 Consideret
3032 750 3219 802 autem
3287 762 3485 802 rursus

1901 848 1955 893 et
2014 839 2161 893 clare
2214 837 2635 910 circumspiciat
2706 840 2890 907 ipsum
2948 832 3196 894 statuere
3245 840 3485 896 mundos

1902 946 2029 987 esse
2093 947 2226 988 suos
2261 931 2599 1001 discipulos,
2658 945 2771 985 non
2832 930 3094 1000 privatim
3146 931 3367 1001 quidem
3420 946 3487 987 ac

1902 1024 2161 1086 seorsim,
2187 1023 2240 1076 id
2277 1030 2360 1078 est
2388 1024 2600 1091 absque
2629 1020 2949 1093 Unigenito,
2984 1033 3251 1093 operante
3280 1021 3392 1077 Deo
3421 1038 3487 1077 ac

1900 1114 2067 1171 Patre
2097 1134 2111 1170 :
2155 1114 2253 1170 sed
2278 1116 2407 1185 quia
2434 1115 2561 1185 ejus
2608 1116 2853 1169 sermoni
2889 1115 3177 1184 parebant.
3210 1114 3487 1180 Quemad—

1902 1201 2125 1257 modum
2155 1218 2287 1273 ergo
2318 1202 2570 1259 viviticus
2600 1214 2686 1258 est
2718 1219 2815 1273 per
2850 1203 3048 1258 Filium
3106 1212 3161 1259 et
3213 1203 3266 1258 in
3318 1204 3481 1266 Filio.

1902 1297 2119 1360 eodem,
2154 1305 2215 1351 ut
2246 1310 2394 1364 reor,
2426 1297 2591 1351 modo
2624 1297 2787 1351 etiam
2827 1298 3066 1368 agricola
3109 1298 3225 1352 sive
3273 1306 3486 1353 nostra-

1902 1401 2024 1439 rum
2111 1386 2420 1440 animarum
2478 1388 2827 1458 cultur'jure
2870 1390 3068 1443 merito
3112 1405 3309 1444 rursus
3353 1406 3487 1445 cen-

1900 1477 2113 1531 sebitur
2186 1495 2292 1533 non
2345 1480 2505 1533 aliter
2564 1496 2730 1549 quam
2797 1496 2894 1550 per
2938 1480 3160 1535 Filium.
3221 1481 3378 1547 Quod
3435 1483 3483 1539 si

1903 1582 2010 1621 non
2056 1575 2205 1622 recte
2239 1570 2407 1623 semel
2445 1570 2607 1625 dictis
2640 1570 3009 1625 insistendum
3043 1572 3362 1626 existimant
3386 1573 3485 1643 qui

1902 1657 2065 1713 nobis
2120 1660 2403 1712 contraria
2453 1662 2672 1729 dor-ent,
2716 1669 2769 1715 et
2825 1663 2956 1732 quia
3014 1664 3182 1717 vitem
3238 1666 3482 1735 seipsum

1903 1748 2164 1805 Christus
2192 1750 2349 1813 dixit.
2382 1752 2590 1817 idcirco
2613 1753 2660 1807 ei
2693 1762 2903 1809 naturae
2927 1754 3307 1811 diversitatem
3335 1758 3484 1811 velut

185 1867 304 1913 νοις
332 1849 545 1903 οἴονται
573 1852 686 1905 δεῖν
715 1852 999 1923 ἐπιμένειν
1017 1851 1066 1904 οἱ
1092 1852 1184 1905 τὸν
1218 1852 1460 1907 ἐναντίον
1500 1854 1630 1923 ἡμῖν
1663 1870 1789 1924 πρε-

1902 1858 1969 1897 ex
2000 1845 2331 1900 necessitate
2359 1845 2632 1909 tribuunt,
2669 1847 2799 1914 quid
2833 1854 2982 1902 vetat
3015 1849 3233 1902 demum
3272 1848 3487 1918 quomi-

186 1942 489 2006 σϐεύοντες
542 1942 722 2011 λόγον,
772 1944 866 1997 καὶ¹
904 1943 1135 2015 ἐπείπερ
1177 1943 1420 2014 ἄμπελον
1448 1943 1640 1998 ἐαυτὸν
1693 1943 1798 2015 ἔφη

184 2033 452 2103 Χριστὸς,
469 2033 558 2087 διὰ
584 2034 761 2097 τοῦτο,
789 2034 1042 2106 καθάπερ
1068 2034 1125 2101 ἐξ
1166 2035 1430 2105 ἀνάγκης.
1456 2037 1534 2097 εἰς
1567 2034 1799 2105 ἔκφυλον

182 2124 499 2195 ἑτερότητα
555 2126 833 2197 παρωθεῖν
888 2125 1260 2190 ἐκϐιάζονται,
1288 2126 1343 2180 τί
1386 2126 1446 2180 τὸ
1477 2125 1685 2180 κωλύον
1719 2126 1797 2180 ἔτι

183 2217 281 2269 καὶ
304 2218 462 2288 ἡμᾶς
490 2216 688 2280 αὐτοὺς
714 2216 803 2271 διὰ
836 2219 937 2289 τῆς
963 2218 1085 2287 ἴσης
1109 2217 1495 2289 ἀναισχυντίας
1518 2219 1652 2272 ίέναι
1686 2218 1797 2273 λοι-

184 2308 315 2374 πὸν,
346 2308 445 2361 καὶ
475 2310 832 2381 περιτρέπειν
865 2310 946 2363 ἔτι
982 2309 1077 2363 καὶ⁵
1108 2309 1207 2381 οὐχ
1232 2310 1459 2373 ἐκόντας
1485 2311 1683 2376 αὐτοὺς
1710 2310 1799 2365 διὰ

183 2401 286 2472 τῆς
338 2401 635 2473 ίσοτρόπου
670 2402 962 2475 φλυαρίας,
989 2403 1089 2473 τῆς
1138 2402 1536 2475 μειρακιώδους
1562 2406 1797 2477 ταυτησὶ

182 2490 283 2544 καὶ
299 2492 542 2561 ἀνοήτου
570 2491 850 2557 παντελῶς
867 2493 1172 2565 διαλήψεως
1194 2493 1564 2549 ἀπανίσασθαι
1588 2496 1761 2565 φιλεῖν
1777 2514 1793 2566 ;

181 2583 248 2636 Εἰ
270 2583 395 2657 γὰρ
425 2584 658 2657 ἐπείπερ
715 2585 956 2655 ἄμπελος
1004 2586 1255 2658 εἴρηται,
1287 2585 1375 2641 διὰ
1404 2585 1607 2657 ταύτην
1632 2588 1795 2642 αὑτὸν

181 2674 396 2727 οἷονται
435 2675 539 2746 τὴν
595 2675 797 2739 αἰτίαν,
827 2676 927 2747 τῆς
955 2676 1093 2748 πρὸς
1122 2677 1255 2731 Θεὸν
1284 2678 1378 2731 καὶ
1426 2678 1648 2750 Πατέρα
1676 2678 1793 2732 δια-

183 2765 416 2820 πίπτειν
476 2766 810 2838 οἰκειότητος
857 2771 1116 2841 φυσικῆς,
1153 2770 1246 2823 καὶ
1282 2768 1621 2840 ἐτεροούσιον
1654 2765 1792 2825 εἶναι

184 2856 500 2923 παντελῶς,
524 2857 758 2928 ἐπείπερ
779 2857 839 2910 οὐ
866 2857 1083 2923 ταυτὸν,
1103 2860 1183 2922 είς
1214 2859 1519 2931 ταυτότητά
1552 2858 1789 2929 φύσεως,

182 2946 438 3019 ἄμπελός
463 2964 524 3000 τε
555 2948 652 3001 καὶ
680 2948 946 3019 γεωργὸς,
974 2949 1028 3001 τί
1062 2950 1136 3021 μὴ
1165 2949 1259 3002 καὶ
1292 2952 1476 3019 ἡμεῖς,
1508 2951 1600 3005 τὸν
1628 2950 1790 3005 αὐτὸν

184 3040 423 3104 ἐκείνοις
454 3040 927 3111 ἀνθυποφέροντες
969 3041 1158 3112 ἀμαθῆ
1197 3060 1256 3095 τε
1281 3043 1377 3096 καὶ
1408 3043 1790 3114 ἀκομψότατον

184 3130 475 3203 λογισμὸν,
526 3132 704 3185 ἐκεῖνό
738 3149 953 3202 φαμεν;
987 3127 1137 3203 *Αρα
1165 3133 1349 3203 μόνοις
1369 3136 1484 3197 τοῖς
1514 3133 1789 3206 κλήμασιν

184 3223 216 3294 ἡ
248 3222 365 3277 τῶν
414 3226 676 3294 γηπονεῖν
719 3223 983 3277 εἰωθότων
1013 3224 1287 3278 ἐπιείκεια
1306 3224 1588 3297 λυσιτελὴς
1613 3225 1678 3280 ἂν
1702 3227 1793 3295 γέ-

184 3330 349 3377 νοιτο,
374 3314 474 3367 καὶ
496 3313 626 3385 περὶ
654 3315 791 3385 μόνα
816 3314 975 3385 τυχὸν
999 3313 1068 3368 τὰ
1098 3316 1163 3369 ἐκ
1190 3315 1299 3369 τῶν
1327 3316 1596 3388 στελεχῶν
1629 3318 1792 3391 ἐξηρ-

184 3407 423 3477 τημένα,
457 3407 521 3459 τὸ
560 3408 625 3459 ἐκ
658 3408 759 3479 τῆς
797 3408 996 3478 τέχνης
1043 3407 1382 3481 προϐήσεται
1424 3411 1720 3482 χρήσιμον,
1754 3412 1787 3485 ἢ

185 3498 448 3570 δεήσεταί
482 3516 627 3565 τινος
658 3498 975 3571 ἐπιμελείας
998 3499 1093 3553 καὶ
1121 3500 1260 3570 αὐτὴ
1287 3500 1398 3556 τῶν
1423 3501 1720 3573 κλημάτων
1753 3504 1786 3575 ἡ

184 3592 410 3661 τροφὸς,
442 3591 590 3645 τοῦτ’
614 3591 822 3664 ἐστινὴ
854 3591 1122 3663 ἄμπελος,
1155 3585 1191 3667 ᾖ
1227 3592 1584 3664 προσπέφυκέ
1620 3610 1678 3646 τε
1718 3592 1790 3647 τὰ

183 3681 246 3748 ἐξ
285 3683 461 3753 αὐτῆς
493 3682 591 3737 καὶ
629 3683 965 3753 ἐνήρμοσται
1005 3682 1289 3753 φυσικῶς;
1338 3684 1480 3737 Ἀλλ’
1510 3680 1789 3748 οὐδὲν,οῖ-

185 3792 306 3845 μαι,
338 3775 527 3846 δεήσει
552 3774 692 3845 πρὸς
720 3773 995 3842 ἀπόδειξιν
1019 3774 1183 3829 πόνου
1202 3791 1215 3805 ·
1247 3778 1465 3847 συνερεῖ
1490 3777 1599 3848 γὰρ
1626 3775 1789 3841 εὐθὺς

182 3866 319 3937 ἡμῖν
345 3866 447 3919 καὶ
477 3865 644 3929 αὐτὸς
673 3867 702 3918 ό
728 3865 796 3918 δι’
823 3865 1102 3931 ἐναντίας,
1129 3865 1203 3930 ὡς
1232 3867 1283 3920 εί
1321 3868 1395 3938 μή
1444 3885 1529 3931 τις
1574 3868 1788 3937 γένοιτο

180 3954 291 4009 τῶν
312 3954 590 4026 στελεχῶν
605 3958 638 4026 ἡ
665 3955 908 4027 φροντὶς,
936 3955 1045 4008 οὐδ’
1060 3955 1127 4009 ἂν
1148 3955 1330 4020 αὐτοῖς
1348 3957 1648 4028 ἐνυπάρξαι
1676 3961 1789 4022 τοῖς

183 4047 436 4119 κλήμασι
472 4047 535 4101 τὸ
564 4042 705 4101 εἶναι
731 4046 912 4111 καλῶς
938 4065 951 4079 ·
987 4047 1175 4120 ἐπειδὴ
1206 4049 1386 4103 τοίνυν
1408 4050 1656 4120 ἄμπελον
1689 4051 1805 4123 μὲν.

183 4139 384 4194 ἑαυτὸν
417 4139 813 4211 κατωνόμακεν
861 4141 891 4194 ό
933 4140 1201 4212 Χριστὸς,
1237 4140 1407 4195 δεῖταί
1457 4159 1520 4211 γε
1556 4142 1664 4215 μὴν
1692 4143 1787 4197 καὶ

180 4228 318 4282 αὐτὸ
345 4229 453 4301 τῆς
484 4229 733 4300 ἀμπέλου
758 4228 819 4282 τὸ
873 4229 1123 4300 στέλεχος
1158 4230 1260 4301 τῆς
1284 4230 1380 4284 τοῦ
1409 4232 1776 4303 γηπονοῦντος

178 4321 523 4385 ἐπιεικείας,
552 4322 587 4393 ἢ
637 4320 814 4392 πάντη
855 4337 920 4374 τε
959 4322 1052 4374 καὶ
1084 4322 1302 4386 πάντως
1351 4322 1738 4395 άδικηθήσεται
1761 4342 1775 4356 ·

1902 1949 2008 1990 nus
2039 1937 2205 1990 etiam
2255 1952 2356 1993 nos
2393 1938 2560 1992 simili
2599 1948 2822 1994 utamur
2884 1940 3243 2010 impudentia,
3278 1956 3486 2010 eosque

1901 2025 1985 2079 vel
2010 2026 2212 2083 invitos
2254 2043 2517 2098 cogamus
2553 2044 2651 2099 per
2713 2028 2932 2085 easdem
2990 2045 3170 2100 nugas
3217 2030 3486 2099 juvenilis

1900 2116 2133 2188 hujusce
2178 2126 2234 2174 et
2276 2121 2487 2176 insanae
2521 2137 2752 2193 prorsus
2782 2124 3031 2178 stultitia:
3092 2124 3391 2194 progredi?
3423 2122 3485 2178 Si

1899 2213 2046 2266 enim
2079 2228 2145 2267 ex
2177 2227 2241 2267 eo
2274 2214 2420 2283 quod
2444 2214 2573 2269 vitis
2613 2216 2797 2271 dictus
2822 2224 2926 2282 est,
2967 2215 3176 2271 idcirco
3207 2231 3330 2271 eum
3366 2217 3486 2270 exi-

1898 2302 2125 2356 stimant
2164 2302 2232 2357 de
2254 2303 2650 2373 conjunctione
2687 2307 2925 2361 naturali
2962 2321 3088 2361 cum
3117 2305 3233 2361 Deo
3270 2321 3336 2359 ac
3376 2305 3484 2359 Pa-

1898 2398 1983 2447 tre
2029 2394 2306 2457 excidere,
2372 2406 2428 2452 et
2479 2398 2710 2455 alterius
2752 2415 2879 2456 esse
2919 2399 3082 2470 plane
3114 2400 3481 2465 substantiae,

1898 2485 2345 2554 quandoquidem
2397 2504 2505 2543 non
2565 2491 2706 2546 idem
2754 2500 2885 2548 sunt
2924 2493 3214 2549 identitate
3271 2502 3484 2550 naturae

1895 2576 2024 2632 vitis
2054 2585 2107 2633 et
2141 2579 2404 2649 agricola,
2437 2581 2635 2650 quidni
2663 2584 2828 2639 etiam
2861 2600 2962 2640 nos
2990 2585 3243 2641 eamdem
3279 2586 3334 2641 in
3357 2587 3480 2644 illos

1896 2670 2121 2725 stultam
2172 2681 2228 2724 et
2278 2672 2688 2742 putidissimam
2755 2674 3031 2730 rationem
3092 2684 3480 2746 retorquentes

1895 2760 2033 2816 illud
2090 2761 2369 2819 dicimus:
2426 2763 2567 2819 Num
2627 2765 2765 2820 solis
2806 2766 3127 2836 palmitibus
3180 2768 3479 2824 vinitormn

1895 2854 2139 2910 studium
2177 2857 2471 2921 conducet,
2499 2867 2553 2913 et
2589 2874 2719 2929 erga
2758 2872 2823 2912 ea
2864 2859 3042 2915 solum
3076 2875 3200 2931 quae
3239 2861 3482 2931 pendent

1894 2960 1960 3001 ex
1992 2947 2205 3003 truncis
2236 2963 2331 3004 ars
2366 2948 2580 3006 utiliter
2604 2950 2978 3016 adhibebitur,
3017 2967 3088 3005 an
3120 2952 3304 3022 aliqua
3344 2969 3479 3008 cura

1894 3034 2162 3108 indigebit
2190 3040 2354 3099 etiam
2388 3041 2507 3111 ipsa
2558 3041 2748 3095 nutrix
2802 3042 3117 3111 palmitum,
3149 3043 3277 3097 vitis
3312 3043 3480 3097 nimi-

1894 3143 2036 3195 rum,
2071 3131 2161 3185 cui
2202 3131 2391 3186 adnati
2423 3139 2556 3186 sunt
2587 3132 2801 3188 surculi
2848 3142 2902 3187 et
2941 3133 3272 3188 naturaliter
3304 3134 3478 3190 inhae-

1894 3220 2057 3274 rent?
2087 3220 2251 3291 Atqui
2281 3222 2431 3283 nullo
2468 3222 2544 3287 id,
2578 3223 2798 3292 Opinor,
2845 3222 3038 3278 labore
3073 3223 3481 3280 demonstrabi-

1892 3321 2025 3369 tur:
2067 3312 2185 3385 ipse
2215 3315 2420 3386 quippe
2449 3316 2634 3370 Statim
2668 3316 2828 3370 nobis
2863 3316 3220 3372 adversarius
3267 3317 3480 3389 astipu-

1890 3407 2116 3474 labitur,
2142 3409 2250 3464 nisi
2279 3419 2600 3464 truncorum
2640 3424 2776 3464 cura
2803 3410 3058 3479 quaedam
3087 3410 3375 3474 habeatur,
3408 3425 3479 3466 ne

1887 3496 2028 3553 bene
2079 3497 2299 3569 quidem
2362 3498 2479 3554 fore
2530 3499 2869 3569 palmitibus.
2924 3500 3063 3556 Cum
3118 3516 3250 3572 ergo
3310 3502 3474 3555 vitem

1887 3591 2108 3662 quidem
2159 3593 2403 3664 seipsum
2447 3593 2705 3650 Christus
2771 3595 3176 3659 nominaverit,
3227 3595 3476 3665 adeoque

1886 3683 2006 3754 ipse
2033 3684 2162 3741 vitis
2190 3685 2400 3741 caudex
2425 3685 2686 3740 vinitoris
2709 3685 2895 3741 Studio
2923 3686 3190 3756 indigeat,
3222 3685 3472 3754 alioquin

1886 3773 2147 3828 damnum
2197 3786 2603 3846 suscepturus,
2641 3776 2950 3846 cogitemus
2994 3778 3216 3832 tandem
3268 3775 3471 3833 Filium

1885 3882 2009 3923 esse
2037 3867 2200 3922 sicuti
2227 3884 2352 3935 nos,
2384 3875 2438 3924 et
2471 3884 2606 3923 cura
2651 3868 2836 3924 Patris
2868 3868 3161 3924 nobiscum
3200 3868 3470 3937 indigere,

1885 3974 1956 4015 ne
1986 3958 2106 4029 ipse
2138 3959 2193 4013 in
2231 3959 2380 4014 aliud
2413 3960 2678 4030 quiddam
2718 3976 2884 4030 quam
2930 3959 3077 4031 quod
3106 3969 3191 4016 est
3239 3976 3472 4016 conver—

1885 4057 2055 4117 tatur,
2092 4058 2145 4105 et
2188 4065 2294 4106 suo
2340 4051 2464 4106 loco
2524 4067 2620 4107 seu
2669 4052 2930 4107 ﬁrmitate
2975 4067 3074 4107 sua
3120 4051 3360 4108 excidat.
3391 4050 3472 4108 Eo

1881 4143 2085 4213 quippe
2125 4158 2230 4198 nos
2259 4141 2483 4197 deducit
2518 4142 2614 4198 Dei
2644 4145 2883 4200 hostium
2911 4145 3181 4215 juvenilis
3206 4144 3468 4215 objectio.

1886 4232 1992 4288 Sed
2022 4234 2241 4289 valeant
2273 4235 2596 4291 istiusmodi
2629 4252 2809 4307 nugae,
2855 4246 2910 4292 et
2944 4237 3013 4293 ad
3065 4245 3293 4294 sanctos
3334 4252 3470 4310 apo-

1885 4326 2060 4381 stolos
2086 4336 2279 4382 nostra
2310 4329 2695 4398 progrediatur
2719 4330 2922 4385 oratio.

175 4411 532 4483 λογισώμεθα
575 4411 764 4466 λοιπὸν
795 4414 855 4467 ἐν
879 4413 1029 4481 τάξει
1080 4413 1179 4484 μὲν
1226 4409 1366 4468 εἶναι
1402 4417 1467 4486 τῇ
1501 4415 1622 4470 καθ’
1645 4417 1793 4487 ἡμᾶς
1828 4417 1921 4472 τὸν
1957 4418 2104 4483 Υίὸν,
2138 4419 2347 4475 δεῖσθαι
2379 4421 2457 4475 δὲ’
2496 4422 2615 4493 μεθ’
2681 4421 2837 4494 ήμῶν
2881 4423 2986 4493 τῆς
3032 4423 3181 4496 παρὰ
3254 4421 3470 4494 [ἰατρὸς

173 4503 544 4573 ἐπιμελείας,
580 4503 669 4557 ἵνα
717 4503 793 4574 μὴ
848 4503 941 4556 καὶ
1009 4503 1172 4567 αὐτὸς
1224 4504 1304 4566 είς
1355 4503 1543 4577 ἕτερόν
1588 4522 1642 4558 τι
1709 4505 1840 4575 παρ’
1878 4507 2016 4580 ὅπερ
2058 4508 2176 4562 ἐστὶ
2221 4510 2651 4582 περιτρέπηται,
2681 4513 2775 4566 καὶ
2817 4512 3082 4585 διαπίπτῃ
3112 4516 3213 4583 τῆς
3262 4515 3470 4577 οἰκείας

168 4593 413 4660 τάξεως,
446 4593 566 4663 ἦτοι
586 4593 688 4663 τῆς
713 4592 936 4663 ἐνούσης
976 4593 1322 4671 ἐδραιότητος
1343 4593 1511 4664 αὐτῷ.
1539 4594 1770 4663 Συνάγει
1806 4594 1914 4667 γὰρ
1939 4599 2019 4660 είς
2043 4599 2200 4652 τοῦτο
2239 4599 2424 4677 λοιπὸν
2450 4601 2559 4655 τῶν
2591 4601 2878 4674 θεομαχεῖν
2913 4605 3181 4658 εἰωθότων
3240 4607 3274 4675 ή
3344 4623 3466 4677 μει-
3491 4617 3504 4631 '

169 4683 457 4754 ρακιώδης
490 4683 759 4749 ἔνστασις.
791 4684 931 4738 Ἀλλ’
956 4683 1187 4756 οἰχέσθω
1220 4685 1319 4755 μὲν
1348 4684 1540 4751 ταῦτα,
1566 4685 1767 4757 πολλὴν
1805 4690 2065 4745 νοσοῦντα
2092 4692 2191 4763 τὴν
2215 4690 2491 4757 ἀϐουλίαν,
2512 4694 2696 4748 εἰσίτω
2725 4712 2787 4764 γε
2819 4695 2927 4767 μὴν
2962 4697 3089 4767 περὶ
3126 4696 3234 4753 τῶν
3291 4698 3466 4767 ἁγίων

165 4773 499 4852 ᾁποστόλων
530 4775 660 4845 ἡμῖν
689 4777 718 4828 ό
746 4774 924 4842 λόγος.

2296 4822 2303 4830 ι

248 4888 272 4921 ι
320 4867 470 4937 Ἤδη
497 4866 627 4939 γὰρ,
679 4867 865 4937 φησὶν,
902 4868 1061 4938 ὑμεῖς
1107 4866 1339 4939 καθαροί
1365 4867 1513 4930 ἐστε,
1547 4866 1636 4921 διὰ
1679 4868 1772 4922 τὸν

1956 4886 1975 4920 ι
2023 4864 2139 4922 Jam
2188 4868 2357 4934 enim,
2409 4869 2610 4939 inquit,
2665 4885 2763 4925 vos
2815 4870 3005 4926 mundi
3040 4873 3199 4939 estis,
3238 4888 3464 4950 propter

166 4960 337 5028 λόγον
368 4999 387 5025 ,
450 4959 511 5013 ὂν
573 4958 852 5029 λελάληκα
905 4961 1035 5031 ὑμῖν
1070 4976 1084 4991 ·
1117 4980 1136 5012 ι
1175 4961 1362 5030 ὅμοιον
1421 4959 1552 5012 ὡσεὶ
1603 4959 1774 5029 λέγοι,

171 5053 509 5125 Πέπρακται
549 5054 702 5126 παρὰ
751 5052 969 5123 Πατρδς
1009 5051 1098 5106 διὰ
1143 5052 1236 5105 τὸν
1269 5053 1403 5122 ἐμὸν
1448 5051 1640 5121 λόγον,
1681 5051 1775 5106 ἐπὶ

173 5145 437 5218 πρώτους
471 5145 639 5215 ὑμᾶς,
675 5146 704 5199 ό
730 5145 831 5214 τῆς
856 5143 1058 5214 νοητῆς
1083 5143 1180 5196 καὶ⁵
1207 5142 1296 5196 διὰ
1325 5141 1463 5196 Πνεύ
1472 5160 1641 5213 ματος
1678 5145 1774 5198 καὶ

170 5242 232 5294 ἐν
261 5238 551 5311 Πνεύματι
584 5238 883 5310 νοουμένης
912 5235 1326 5307 διακαθάρσεως
1365 5235 1591 5308 τρόπος.
1638 5236 1770 5290 Ἰδοὺ

170 5334 287 5390 τῶν
325 5332 553 5389 είκαίων
583 5332 720 5387 ἐθῶν
746 5371 760 5399 ,
808 5333 905 5409 καὶ
946 5330 1275 5403 νεκρότητος
1309 5332 1587 5402 κοσμικῆς
1630 5332 1765 5385 άποο

172 5425 434 5492 ϐαλόντες
479 5426 580 5498 τὴν
617 5425 842 5497 ὄχλησιν
867 5464 883 5488 ,
924 5423 1137 5494 ἐτοιμοι
1196 5422 1334 5494 πρὸς
1385 5423 1767 5495 καρποφορίαν

176 5520 297 5576 ἔστέ
327 5519 429 5591 τὴν
463 5518 713 5590 θεοφιλῆ.
764 5517 895 5574 Ἰδοὺ
945 5514 1177 5588 νομικῆς
1227 5515 1615 5587 άπηλλάχθητε
1665 5517 1762 5571 καὶ⁹

174 5612 529 5684 είκαιοτάτης
575 5610 686 5665 τῶν
755 5609 1029 5664 Ἰουδαίων
1090 5609 1488 5680 ἐπιτηρήσεως.
1549 5607 1762 5673 Ἐξεκά-

175 5706 305 5776 θαρε
333 5705 499 5776 λόγος
543 5704 691 5773 ὑμᾶς
734 5705 764 5757 ὁ
803 5703 955 5775 ἐμός.
998 5702 1075 5756 Οὐ
1125 5701 1234 5773 γὰρ
1291 5699 1371 5753 ἔτι
1409 5699 1762 5756 πολιτεύεσθε

1876 4971 2189 5013 sermonem
2214 4973 2375 5028 quem
2404 4959 2570 5031 873
2603 4961 2820 5016 locutus
2852 4979 2974 5017 sum
3008 4965 3168 5022 vobis
3197 4984 3210 5021 :
3255 4986 3275 5020 ι
3315 4984 3378 5025 ac
3413 4972 3461 5027 si

1872 5049 2106 5113 diceret,
2137 5049 2340 5106 Factus
2383 5061 2470 5107 est
2503 5052 2557 5106 in
2584 5069 2684 5110 vos
2717 5055 2928 5125 primos
2950 5071 2980 5108 a
3014 5054 3199 5120 Patre,
3236 5069 3463 5132 propter

1870 5157 2053 5197 meum
2077 5152 2409 5209 sermonem,
2435 5144 2824 5203 intellectualis
2849 5148 2961 5213 ille,
2979 5156 3032 5202 et
3065 5164 3164 5218 per
3192 5147 3457 5220 Spiritum

1870 5246 2034 5305 atque
2067 5236 2124 5290 in
2152 5233 2381 5306 Spiritu,
2415 5238 2759 5310 purgationis
2785 5238 2999 5294 modus.
3036 5237 3176 5294 Ecce
3209 5248 3454 5296 veterum

1872 5338 2088 5379 morum
2128 5333 2182 5380 et
2220 5325 2513 5382 mundanae
2574 5328 2927 5384 mortalitatis
2956 5327 3170 5398 abjecta
3202 5328 3455 5386 molestia

1872 5409 1940 5470 ad
1979 5416 2198 5486 pietatis
2234 5417 2450 5475 fructus
2479 5420 2864 5491 producendos
2908 5420 3086 5490 parati
3124 5419 3279 5475 estis.
3313 5419 3456 5477 Ecce

1874 5504 2032 5578 legali
2059 5516 2113 5563 et
2142 5510 2311 5564 stulta
2346 5517 2513 5581 atque
2553 5511 2854 5567 vanissima
2886 5506 3204 5567 Judaeorum
3262 5511 3456 5567 obser-

1872 5600 2098 5657 vatione
2159 5603 2324 5659 soluti
2381 5603 2538 5659 estis.
2595 5601 2792 5658 Sermo
2819 5616 2919 5657 vos
2969 5617 3124 5658 meus
3174 5604 3450 5674 purgavit.

1868 5690 1989 5747 Non
2021 5693 2137 5764 jam
2183 5694 2329 5749 enim
2382 5710 2449 5749 ex
2495 5692 2665 5751 Mosis
2729 5693 3053 5765 praescripto
3089 5693 3315 5762 vivitis,
3356 5706 3452 5751 aut

175 5794 507 5861 Μωσαῖκῶς,
548 5794 668 5866 ἦτοι
705 5794 847 5850 κατὰ
879 5793 971 5848 τὸν
1004 5790 1099 5846 τοῦ
1149 5788 1376 5861 νομικοῦ
1430 5789 1760 5862 γράμματος

1895 5796 2020 5843 usta
2066 5786 2256 5860 legalis
2288 5787 2483 5843 litterae
2517 5785 2740 5843 modum
2768 5804 2782 5845 :
2817 5800 2921 5847 nec
2969 5786 3119 5847 enim
3150 5788 3210 5846 in
3232 5787 3359 5849 cibo
3383 5804 3448 5848 ac
