3938 6450
461 387 562 441 53,9
1491 370 1546 426 S.
1580 370 1857 426 CYRILLI
1893 370 2361 425 ALEXANDRINI
2396 369 2716 426 ABCHlEP.
3624 358 3726 431 360

457 501 610 561 potu,
648 503 749 543 nec
781 489 834 541 in
871 488 1263 541 lustrationum
1296 487 1573 549 doctrina,
1613 502 1710 540 nec
1735 487 2041 542 oblationi-

2163 489 2384 561 τρόπον’
2421 491 2545 544 οὔτε
2596 491 2703 561 γὰρ
2751 494 2809 544 ὲν
2852 488 3103 560 βρώμασι
3173 489 3269 543 καὶ
3316 490 3576 559 πόμασιν.
3609 492 3731 547 οὕτε

459 581 571 638 bus.
635 581 884 636 cruentis
951 579 1449 636 sanctiﬁcationem
1509 578 1789 648 qumritis,
1835 579 1931 634 sed
1984 580 2041 633 in

2163 580 2255 650 ιὴν
2309 583 2365 633 ὲν
2422 580 2665 651 διδαχαῖς
2724 578 3053 649 βαπτισμῶν
3078 621 3092 643 ,
3156 578 3272 632 ἀλλ’
3325 579 3446 631 οὐδὲ
3493 582 3618 643 ταῖς
3666 578 3734 634 δι’

460 673 564 727 ﬁde
602 672 758 725 ﬁrma
787 671 973 741 perﬁci
1008 685 1104 724 vos
1135 670 1377 731 creditis,
1404 679 1460 723 et
1488 683 1585 738 per
1616 684 1839 723 omnem
1871 671 2043 724 actio-

2163 673 2391 743 ιὶμάτων
2442 675 2834 742 πωσαγωγαῖς
2904 672 3264 741 ἐκζητήσεται
3318 670 3452 742 Ῐιηο.
3507 670 3739 743 ἐκζητή-

456 781 582 820 nem
624 765 824 819 bonam
862 765 1078 833 placere
1125 762 1236 816 Deo
1288 762 1547 817 studetis.
1590 762 1650 815 In
1705 763 1797 817 his
1839 763 2044 833 quippe

2163 784 2268 820 τετε
2293 766 2313 839 ]
2343 767 2436 821 τόν
2465 766 2762 837 ἀγιασμὸν,
2805 765 2920 820 ἀλλ’
2948 765 3006 817 ὲν
3042 764 3224 818 πίστει
3254 763 3451 834 βεϐαίᾳ
3492 763 3732 835 πληροῦ-

458 858 730 929 spiritalis
770 857 954 911 cultus
1002 855 1087 910 vis
1119 866 1173 910 et
1205 855 1349 909 ratio
1400 862 1701 924 spectatur.
1754 853 1860 921 Qui
1913 868 2044 926 ergo

2163 859 2273 914 ιθαι
2305 860 2617 924 πιστεύετε,
2666 860 2760 913 καὶ
2795 859 2883 912 διὰ
2921 859 3101 927 πάσης
3141 857 3515 928 ἀγαθουργίας
3542 859 3741 929 εὐαρε-

461 946 734 1018 purgandi
773 945 1021 1007 veniunt,
1053 949 1240 1006 erunt,
1273 941 1477 1010 inquit,
1521 941 1689 998 sicuti
1723 957 1842 999 vos.
1882 942 2047 1004 Doce-

2163 955 2293 1005 ςτεῖν
2321 949 2400 1021 τῷ
2428 950 2548 1021 Θεῷ
2576 949 2927 1014 σπουδάζετε.
2957 948 3257 1018 Θεωρεῖται
3299 948 3410 1018 γὰρ
3439 948 3497 999 ὲν
3526 946 3743 1010 τούτοις

462 1040 672 1093 buntur
697 1037 841 1091 enim
873 1034 963 1105 qui
994 1049 1170 1101 nuper
1199 1034 1407 1088 diaboli
1443 1033 1629 1104 plagas
1650 1040 2041 1098 excusserunt,

2163 1046 2244 1115 τῆς
2302 1043 2685 1115 πνευματικῆς
2734 1041 2993 1113 λατρείας
3050 1042 3083 1112 ή
3136 1022 3384 1110 δύναμις.
3436 1040 3500 1093 Ol
3555 1039 3743 1093 τοίνυν

459 1141 514 1185 et
568 1128 896 1184 idololatriae
955 1126 1195 1198 expediti
1266 1127 1479 1196 laqueis
1547 1124 1878 1198 ell'ugerunt,
1935 1139 2046 1179 non

2163 1134 2705 1207 ἰποκαθαρθήσεσθαι
2738 1133 3060 1203 μέλλοντες,
3093 1130 3307 1184 ἔσονται
3330 1171 3346 1196 ,
3406 1130 3544 1201 φησί
3567 1171 3583 1194 ,
3616 1128 3745 1182 καθ’

462 1222 696 1291 amplius
723 1220 873 1274 illius
907 1219 1090 1273 vivere
1122 1218 1356 1289 legibus,
1392 1219 1513 1283 sed,
1553 1228 1805 1272 veterum
1837 1218 2044 1271 rituum

462 1314 780 1383 impuritatc
806 1327 907 1366 ceu
945 1311 1104 1365 vanis
1137 1311 1314 1380 paleis
1341 1325 1600 1371 excussa,
1630 1317 1795 1379 atque
1819 1310 1891 1362 ita
1921 1323 2047 1378 pro-

460 1406 736 1463 ducendis
764 1406 987 1476 pietatis
1021 1404 1302 1459 fructibus
1363 1417 1459 1473 per
1519 1403 1763 1457 divinam
1815 1403 2045 1471 gratiam

463 1499 647 1554 idonei
676 1497 897 1562 redditi,
932 1497 1218 1566 palmitum
1258 1496 1435 1565 instar
1481 1495 1615 1547 mihi
1662 1494 2043 1556 adhaerebunt,

461 1600 516 1645 et
544 1608 610 1646 ex
643 1591 916 1645 charitate
948 1603 1076 1659 erga
1110 1603 1198 1642 me
1228 1587 1531 1657 pendentes
1562 1585 1769 1640 inﬁuxu
1803 1582 2049 1654 Spiritus

464 1683 632 1737 corde
664 1681 1097 1751 saginabuntur,
1132 1688 1185 1734 et
1222 1694 1353 1734 mea!
1385 1679 1643 1735 bonitatis
1676 1678 1906 1747 gratiam
1955 1692 2051 1746 po-

2149 1231 2312 1298 ύμᾶς.
2343 1227 2805 1297 Παιδευθήσονται
2831 1224 2961 1295 γὰρ,
2992 1225 3043 1277 ot
3080 1223 3178 1294 μὲν
3216 1222 3341 1291 ἄρτι
3371 1224 3472 1292 τῆς
3495 1220 3592 1274 τοῦ
3621 1221 3740 1272 δια-

2149 1323 2308 1376 θόλου
2335 1322 2578 1391 σαγήνης
2612 1318 3060 1389 ὲκδιδράσκοντες
3086 1356 3101 1381 ,
3150 1316 3246 1369 καὶ
3285 1315 3414 1378 τοὺς
3447 1314 3550 1383 τῆς
3585 1312 3746 1366 εἰδω-

2148 1414 2467 1483 λολατρείας
2510 1408 2829 1483 διαδράντες
2887 1408 3154 1479 βρόχους,
3212 1406 3398 1459 οὐκέτι
3457 1404 3555 1474 μὲν
3627 1403 3746 1465 τοῖς

2149 1510 2359 1565 ἐκείνου
2384 1503 2761 1559 πολιτεύεσθαι
2781 1502 2987 1577 νόμοις,
3013 1497 3471 1566 ἀποτιναξάμενοι
3493 1495 3552 1549 δὲ
3573 1494 3680 1548 καθ
3692 1494 3749 1547 ά-

2150 1620 2257 1673 περ
2303 1602 2511 1654 εἰκαῖον
2550 1596 2837 1668 συρφετὸν,
2874 1593 2974 1663 τὴν
3000 1590 3109 1644 τῶν
3142 1590 3387 1660 ἀρχαίων
3416 1587 3559 1641 ὲθῷν
3603 1587 3748 1640 ἀκαο

2152 1695 2402 1766 θαρσίαν,
2435 1691 2579 1745 οὕτω
2612 1707 2671 1745 τε
2702 1687 2891 1742 λοιπὸν
2915 1685 3210 1755 ἐπιτήδειοι
3241 1683 3378 1753 πρὸς
3399 1684 3460 1734 τὸ
3480 1680 3746 1734 δύνασθαι

465 1783 649 1831 tantes
683 1775 894 1839 vivent,
929 1783 1093 1844 atque
1127 1772 1192 1827 ad
1230 1773 1485 1843 pietatem
1518 1773 1753 1826 alentur.
1791 1770 2051 1825 lsraelitae

2163 1786 2529 1857 καρποφορεῖν
2579 1780 2649 1835 τὰ
2710 1782 2809 1850 τῆς
2865 1775 3152 1847 θεοῳιλοῦς
3204 1777 3406 1846 ἀρετῆς
3460 1773 3625 1845 ἔργα,
3664 1768 3750 1823 διὰ

464 1885 602 1925 vero
635 1882 762 1923 cum
800 1867 904 1923 ﬁde
956 1867 1087 1922 mihi
1124 1867 1418 1937 palmitum
1469 1866 1648 1920 instar
1696 1864 2049 1928 adhaeserint,

467 1970 599 2017 tunc
632 1978 790 2028 sane,
829 1970 963 2015 tunc
996 1960 1101 2015 mei
1153 1959 1426 2015 sermonis
1460 1959 1840 2029 purgationem
1871 1965 2054 2013 mente

468 2054 861 2125 suscipientes,
893 2068 1001 2107 non
1031 2053 1142 2123 jam
1180 2054 1376 2107 littcrzc
1422 2052 1706 2108 mordicus
1761 2052 2050 2115 inhmrent,

468 2159 571 2199 nec
630 2145 820 2214 ﬁguris
870 2143 1191 2197 umbraticis
1240 2143 1403 2196 sicuti
1458 2158 1605 2196 nunc
1655 2142 1823 2196 corde
1867 2141 2050 2205 allixi,

467 2254 658 2291 verum
690 2253 753 2292 ac
792 2238 1094 2308 spiritalem
1129 2238 1335 2291 cultum
1374 2233 1484 2289 Deo
1514 2235 1819 2305 proferunt.
1867 2252 1886 2285 ι
1927 2231 2052 2302 Spi-

469 2330 610 2385 ritus
640 2328 784 2383 enim
829 2327 975 2382 Deus
1004 2334 1114 2392 est,
1147 2335 1195 2382 et
1237 2343 1334 2382 eos
1367 2326 1460 2397 qui
1511 2325 1744 2380 adorant
1787 2340 1912 2380 eum
1936 2366 1950 2390 ,
1999 2324 2052 2378 in

470 2422 666 2491 spiritu
699 2430 752 2475 et
775 2422 1009 2476 veritate
1042 2428 1261 2491 oportet
1297 2420 1533 2475 adorare
1558 2421 1627 2473 ¹¹.
1670 2438 1688 2471 ι
1728 2417 1899 2473 Simul
1923 2434 2055 2489 ergo

473 2524 524 2567 et
559 2528 747 2568 eorum
792 2512 885 2582 qui
918 2512 1190 2585 purgandi
1232 2519 1361 2567 sunt
1394 2511 1633 2566 futuram
1684 2510 2055 2582 pulchritudi-

470 2620 595 2659 nem
624 2605 773 2660 clare
802 2607 1028 2676 exponit
1062 2622 1158 2678 per
1197 2605 1415 2661 modum
1455 2605 1692 2677 exempli
1736 2606 1852 2661 suis
1886 2604 2055 2659 disci-

468 2696 636 2766 pulis,
669 2704 723 2751 et
763 2710 860 2752 eos
890 2698 1066 2768 magis
1092 2699 1382 2769 magisque
1413 2697 1706 2754 confirmat
1739 2697 1807 2751 ad
1830 2696 2056 2752 uberio-

469 2804 581 2843 rem
635 2789 815 2843 adhuc
861 2790 1123 2844 virtutem
1169 2789 1577 2854 assumendam,
1613 2788 1916 2843 ostendens
1955 2803 2052 2843 eos

468 2897 579 2938 non
614 2881 818 2938 frustra
845 2882 948 2936 sibi
982 2880 1301 2944 adhaehisse,
1331 2895 1433 2935 nec
1463 2880 1717 2935 inutilem
1760 2879 1841 2935 eis
1875 2878 2053 2935 fuisse

468 2975 776 3029 doctrinam
810 2982 863 3027 et
894 2973 1298 3028 institutionem
1333 2971 1730 3042 evangelicam,
1769 2986 1867 3041 per
1890 2984 2056 3040 quam

472 3066 718 3119 universi
752 3066 907 3119 orbis
952 3065 1269 3121 hominibus
1308 3079 1467 3136 Opem
1508 3062 1729 3118 allaturi
1762 3071 1941 3128 erant,
1974 3077 2060 3118 se—

2153 1880 2252 1949 τῆς
2299 1877 2450 1939 θείας
2498 1872 2911 1943 ἀποδειχθέντες
2964 1870 3219 1943 χάριτος,
3255 1866 3556 1936 κλημάτων
3586 1862 3749 1931 δίκην

2155 1970 2278 2041 ἐμοὶ
2314 1965 2791 2038 προσαφθήσονται
2815 2003 2828 2027 ,
2877 1962 2974 2016 καὶ
3020 1962 3243 2030 ἀγάπης
3272 1958 3373 2028 τῆς
3402 1960 3483 2020 εἰς
3525 1955 3627 2025 ἐμὲ
3663 1954 3751 2020 ἐξ-

2155 2060 2457 2134 ηρτημένοι
2480 2057 2873 2128 πιανθήσονται
2910 2053 3009 2125 τὴν
3038 2052 3266 2123 καρδίαν
3289 2053 3407 2112 ταῖς
3440 2049 3535 2100 τοῦ
3572 2045 3751 2100 Ilvati-

2160 2170 2329 2226 ματος
2352 2151 2683 2225 ἐπιρροίαις,
2726 2147 2821 2201 καί
2861 2145 2959 2217 τὴν
2986 2145 3087 2215 τῆς
3113 2143 3254 2214 ἐμῆς
3284 2140 3623 2210 ἀγαθότητος
3653 2139 3752 2189 ὲκ-

2157 2247 2403 2308 πίνοντες
2451 2242 2610 2313 χάριν
2654 2238 3024 2311 διαζήσονται,
3059 2236 3153 2290 καί
3194 2234 3568 2307 τραφήσονται
3613 2230 3751 2300 πρὶς

2156 2337 2461 2392 εὐσέϐειαν.
2495 2337 2558 2388 Ol
2591 2333 2647 2387 δὲ
2699 2331 2805 2404 μὴν
2848 2331 2908 2397 ἐξ
2962 2329 3215 2401 Ἰσραὴλ,
3277 2328 3407 2380 ὅταν
3439 2327 3506 2395 τῇ
3566 2322 3751 2375 πίστει

2157 2430 2564 2504 προσηλωθεῖεν
2597 2426 2739 2498 ἐμοὶ,
2764 2423 3063 2496 κλημάτων
3093 2422 3148 2474 δὲ
3164 2420 3319 2474 αὐτοὶ
3338 2436 3413 2471 πα
3424 2416 3752 2488 ραρτηθεῖεν

2156 2524 2335 2593 δίκην,
2388 2520 2509 2574 τότε
2559 2519 2647 2589 δὴ,
2695 2516 2818 2570 τότε
2850 2514 2949 2586 τὴν
2989 2511 3080 2566 διὰ
3119 2511 3209 2565 τὸν
3257 2510 3389 2582 ἐμὸν
3433 2508 3602 2574 λόγον
3639 2505 3753 2556 διαο

2160 2614 2430 2684 κάθαρσιν
2457 2612 2537 2673 εἰς
2559 2607 2683 2662 νοῦν
2701 2606 3008 2677 δεξάμενοι,
3027 2603 3211 2657 οὐκέτι
3230 2599 3328 2671 μὲν
3351 2601 3416 2669 τῇ
3440 2595 3535 2650 τοῦ
3563 2595 3755 2666 γράμ-

2163 2720 2333 2776 ματος
2381 2700 2709 2773 προσεδρείᾳ
2750 2695 3114 2769 σχολάζουσι,
3163 2692 3290 2746 ούδὲ
3345 2692 3459 2752 τοῖς
3513 2690 3573 2742 ὲν
3621 2689 3756 2756 σκιᾷ

2159 2794 2577 2869 προσπήξαντες
2600 2792 2792 2855 τύποις
2818 2831 2832 2856 ,
2876 2789 3130 2857 καθάπερ
3159 2785 3315 2851 νυνὶ,
3351 2782 3450 2854 τὴν
3494 2780 3751 2853 καρδίαν,

2158 2888 2257 2959 τὴν
2293 2886 2466 2958 ἀληθῆ
2498 2885 2592 2938 καὶ
2633 2884 2691 2937 ἐν
2740 2880 3013 2952 πνεύματι
3047 2878 3303 2949 λατρείαν
3333 2871 3754 2945 καρποψοροῦσι

2158 2974 2238 3045 τῷ
2264 2972 2403 3045 Θεῷ.
2441 2991 2459 3023 ι
2496 2970 2724 3043 Πνεῦμα
2772 2971 2881 3041 γὰρ
2928 2971 2956 3022 ὁ
3000 2969 3164 3032 Θεὸς,
3218 2967 3314 3021 καὶ
3345 2966 3471 3026 τοὺς
3502 2978 3749 3033 προσκυ⁴

2161 3065 2385 3130 νοῦντας
2419 3064 2602 3130 αὑτὸν,
2634 3065 2690 3117 ὲν
2719 3063 2992 3133 πνεύματι
3020 3061 3116 3115 καὶ
3158 3060 3387 3132 ἀληθείᾳ
3410 3058 3491 3111 δεῖ
3515 3072 3753 3128 προσκυ-

469 3158 622 3227 ipsos
656 3158 967 3227 exemplum
1004 3158 1355 3213 credentibus
1391 3157 1446 3212 in
1482 3155 1762 3211 Christum
1808 3155 2055 3227 praeben-

2163 3159 2293 3212 νεῖν,
2335 3177 2354 3209 ι
2404 3155 2574 3228 Ὁμοῦ
2619 3154 2946 3226 τοιγαροῦν,
2989 3154 3083 3207 καὶ
3125 3153 3235 3206 τῶν
3284 3151 3588 3223 μελλόντων
3637 3149 3754 3200 διαο

473 3258 577 3302 tes.
612 3248 891 3319 Scriptum
922 3248 1067 3303 enim
1096 3257 1181 3305 est
1220 3249 1288 3304 de
1313 3249 1544 3313 sanctis,
1577 3247 1786 3303 exitum
1824 3262 2055 3303 conver-

2163 3249 2607 3322 καθαρθήσεσθαι
2648 3247 2837 3317 σαφῶς
2870 3247 3108 3302 δεικνύει
3156 3246 3216 3299 τὸ
3249 3245 3506 3314 ἐσόμενον
3554 3239 3752 3302 κάλλος

472 3339 707 3394 sationis
738 3340 906 3412 874
939 3357 1129 3395 eorum
1184 3357 1309 3398 esse
1354 3340 1743 3411 spectandum,
1790 3349 1845 3395 et
1898 3340 2055 3396 ﬁdem

2163 3346 2233 3410 ὡς
2257 3348 2312 3399 ὲν
2337 3343 2704 3414 ὑποδείγματι
2733 3344 2849 3404 τοῖς
2878 3338 3072 3394 ἑαυτοῦ
3099 3338 3389 3410 μαθηταῖς,
3421 3335 3517 3388 καὶ
3552 3332 3755 3393 αὐτοὺς

474 3430 799 3485 imitandam
828 3434 915 3491 η’,
950 3433 1155 3489 Paulus
1180 3442 1363 3488 autem
1394 3432 1558 3486 etiam
1595 3431 1664 3486 ad
1696 3432 2055 3486 imitationem

2163 3437 2216 3491 δὲ
2265 3435 2527 3508 μειζόνως
2569 3432 3005 3505 παραθαρσύνει,
3053 3432 3190 3502 πρὸς
3222 3428 3488 3499 ἀνάληψιν
3517 3426 3617 3494 τῆς
3674 3423 3755 3475 ἔτι

476 3520 561 3573 sui
590 3519 779 3577 ﬁdeles
804 3524 1007 3592 saepius
1038 3525 1237 3579 invitat
1262 3524 1332 3575 ’³.

2163 3527 2571 3599 πλουσιωτέρας
2594 3525 2823 3597 ἀρετῆς,
2841 3525 2943 3577 οὐκ
2972 3523 3186 3576 εἰκαίαν
3214 3521 3395 3583 αὐτοῖς
3417 3514 3755 3587 γεγενῆσθαι

473 3611 573 3683 τὴν
598 3614 957 3685 προσεδρείαν
982 3654 995 3677 ,
1024 3614 1119 3666 καὶ
1146 3612 1245 3684 τὴν
1272 3614 1339 3665 ὲκ
1370 3612 1470 3683 τῆς
1502 3614 1875 3685 γεγενημένης
1931 3615 2283 3679 διδασκαλίας
2332 3615 2623 3682 ἀποδείξας
2664 3613 2947 3668 παίδευσιν
2969 3652 2984 3677 ,
3042 3609 3404 3680 εύαγγελικῆς
3465 3607 3523 3661 δὲ
3561 3606 3755 3676 δηλον-

477 3707 562 3760 ότι
595 3707 796 3778 φαμὲν,
833 3703 921 3761 ’δι’
967 3701 1037 3779 ἦς
1070 3706 1295 3778 ἔμελλον
1340 3706 1497 3760 αὐτοὶ
1528 3709 1656 3772 τοὺς
1700 3709 1845 3763 κατά
1882 3711 2064 3764 πᾶσαν
2101 3710 2262 3773 ὄντας
2298 3710 2519 3780 ὀνήσειν
2550 3709 2649 3780 τὴν
2679 3707 3033 3780 οἰκουμένην,
3058 3705 3288 3769 ἑαυτοὺς
3325 3705 3404 3767 εἰς
3465 3701 3755 3756 ὑποτύπω-

477 3814 562 3853 σιν
628 3801 742 3875 τοϊς
796 3802 877 3863 εἰς
937 3800 1175 3872 Χριστὸν
1215 3798 1534 3853 πιστεύουσι
1584 3802 1971 3873 παρεχόμενοι.
2020 3800 2337 3874 Γέγραπται
2390 3802 2500 3875 γὰρ
2546 3802 2678 3874 περὶ
2724 3800 2835 3855 τῶν
2895 3799 3109 3869 ἁγίων,
3166 3798 3243 3862 ὡς
3299 3797 3572 3868 προσήκει
3647 3794 3747 3864 μὲν

474 3874 1019 3962 αὐτῶνάναθεωρεῖν
1042 3890 1140 3960 τὴν
1163 3890 1388 3945 ἔκϐασιν
1419 3892 1519 3963 τῆς
1550 3894 1920 3965 ἀναστροφῆς,
1966 3895 2061 3948 καὶ
2097 3895 2268 3966 αὐτὴν
2293 3894 2353 3948 δὲ
2383 3874 2670 3964 μιμεῖσθαι
2705 3893 2803 3964 τὴν
2845 3892 3051 3945 πίστιν.
3090 3889 3316 3944 Ἑαυτοῦ
3381 3889 3439 3943 δὲ
3500 3888 3754 3955 γίνεσθαι

479 3985 725 4056 μιμητάς
760 3988 888 4051 τοὺς
914 3986 992 4057 τῷ
1033 3986 1153 4057 Θεῷ
1177 3985 1545 4058 λατρεύοντας
1576 3988 1879 4062 προτρέπει
1910 3988 2005 4043 καὶ
2037 3990 2067 4042 ὁ
2103 3987 2333 4052 Παῦλος.

549 4074 666 4144 XV,
706 4078 763 4131 Δ.
794 4076 1006 4131 Manete
1042 4079 1094 4131 in
1129 4095 1228 4143 me,
1260 4087 1309 4134 et
1342 4094 1435 4154 ego
1471 4080 1525 4135 in
1554 4080 1724 4135 vobis.
1764 4079 2061 4149 ,εἰσαιραί-

476 4184 583 4223 mes
610 4154 715 4224 non
742 4178 913 4237 potest
935 4169 1074 4239 ferre
1104 4169 1336 4239 fructum
1363 4188 1397 4225 a
1442 4173 1741 4241 semetipsa,
1772 4172 1880 4226 nisi
1908 4188 2061 4225 man-

475 4261 605 4314 serit
628 4262 683 4315 in
717 4261 819 4316 vile
841 4303 858 4329 ,
880 4261 955 4316 sic
979 4278 1071 4316 nec
1107 4280 1217 4331 vos,
1253 4267 1358 4321 nisi
1388 4266 1442 4320 in
1475 4282 1556 4320 me
1587 4264 1914 4319 manserilis.

548 4439 765 4497 Rursus
790 4449 1046 4496 accurate
1079 4442 1257 4497 locum
1290 4443 1439 4498 hunc
1468 4441 1872 4513 perpendentes
1894 4455 2063 4512 agno-

480 4548 702 4590 scelnus
739 4533 976 4602 primum
1019 4548 1157 4604 opus
1190 4534 1455 4591 salutaris
1487 4548 1551 4586 ac
1582 4533 1686 4602 piae
1734 4548 1882 4587 cura:
1915 4548 2059 4593 esse,

481 4640 578 4695 per
605 4623 767 4678 (idem
826 4623 1101 4679 sinceram
1139 4639 1204 4681 ac
1233 4639 1423 4680 veram
1469 4637 1499 4677 a
1549 4622 1773 4679 Christo
1830 4624 2060 4694 suscipi.

481 4717 603 4771 Hoc
646 4716 792 4771 enim
848 4723 933 4772 est
973 4718 1188 4773 censeri
1238 4718 1458 4772 demum
1499 4717 1643 4773 inter
1679 4716 1933 4786 palmites
1969 4717 2063 4787 qui

477 4821 624 4863 vera:
645 4809 764 4873 viti,
798 4809 855 4863 id
885 4819 969 4865 est
995 4809 1219 4865 Christo
1247 4809 1550 4864 adhzerent.
1584 4808 1855 4865 Secundae
1882 4817 2065 4864 autem

476 4914 625 4955 cura:
658 4898 897 4955 lructum
931 4915 1056 4958 esse
1079 4915 1224 4968 reor,
1252 4900 1407 4955 nullo
1437 4901 1602 4957 modo
1644 4902 1821 4972 prima
1851 4901 1946 4955 illa
1980 4901 2065 4955 in-

476 4990 757 5057 feriorem,
797 4993 910 5048 imo
951 4992 1221 5062 majorem
1275 4991 1703 5047 sollicitudinem
1768 4992 1828 5046 in
1881 4991 2064 5062 seipso

475 5082 877 5150 continentem,
921 5083 1207 5138 adhaerere
1253 5082 1514 5137 nimirum
1558 5098 1623 5140 ac
1664 5082 1897 5137 ﬁrmiter
1932 5099 2065 5139 con-

469 5173 629 5246 jungi
657 5174 768 5232 Deo
801 5191 903 5247 per
931 5174 1258 5230 charitatem
1290 5190 1603 5246 operosam,
1634 5190 1757 5245 quae
1787 5176 1965 5231 sancti
2000 5191 2065 5232 ac

479 5266 652 5322 divini
677 5266 920 5322 mandati
946 5265 1340 5336 perfectionem
1365 5266 1636 5322 continet.
1655 5266 1770 5321 Hoc
1793 5268 1936 5323 enim
1962 5284 2063 5326 nos

476 5356 534 5410 in
571 5371 637 5412 eo
676 5357 956 5412 indivulse
999 5357 1273 5412 exsistere
1311 5364 1366 5412 et
1405 5357 1674 5414 inhrerere
1708 5358 1863 5427 facit,
1895 5359 2054 5431 juxta

471 5445 607 5503 illud
624 5445 936 5503 Psalmistae
961 5464 975 5501 :
1009 5466 1028 5499 ι
1053 5447 1300 5504 Adhaesit
1328 5450 1512 5504 anima
1545 5465 1665 5506 mea
1696 5461 1822 5522 post
1852 5459 1905 5508 te
1928 5453 2048 5506 η’.»

472 5535 593 5592 Non
630 5537 864 5593 suﬁiciet
895 5538 1060 5611 igitur
1090 5539 1249 5594 nobis
1297 5540 1364 5595 ad
1397 5540 1630 5596 solidam
1664 5542 1833 5596 animi
1898 5549 2050 5596 tran-

473 5627 797 5697 quillitatem
827 5636 881 5683 et
902 5627 1262 5699 voluptatem,
1300 5630 1416 5686 sive
1452 5631 1520 5686 ad
1551 5630 2049 5687 sanctiﬁcationem

2237 4083 2495 4137 Μείνατε
2543 4082 2613 4135 ἐν
2657 4080 2786 4151 ἐμοὶ
2814 4120 2829 4144 ,
2881 4078 3044 4148 κάγὼ
3091 4078 3161 4131 ἐν
3208 4075 3370 4145 ὑμῖν.
3422 4073 3631 4139 Καθὼς
3688 4073 3756 4127 τὸ

2168 4172 2374 4244 κλῆμα
2422 4175 2494 4228 οὐ
2533 4172 2785 4227 δύναται
2837 4171 3043 4242 φέρειν
3092 4169 3327 4239 καρπὸν
3368 4167 3468 4237 ἀφ’
3507 4164 3756 4228 ἑαυτοῦ,

2167 4265 2277 4319 ἐὰν
2307 4265 2392 4336 μὴ
2417 4266 2598 4335 μείνῃ
2630 4266 2701 4318 ἐν
2731 4264 2807 4333 τῇ
2845 4264 3096 4333 ἀμπέλῳ
3118 4304 3133 4329 ,
3166 4262 3356 4327 οὕτως
3383 4259 3528 4314 οὐδέ
3556 4257 3755 4328 ὑμεῖς,

2168 4357 2277 4412 ἐὰν
2309 4356 2391 4427 μὴ
2433 4358 2503 4410 ἐν
2534 4357 2663 4427 ἐμοὶ
2687 4359 2954 4427 μείνητε.

2240 4448 2513 4517 Είσόμεθα
2537 4449 2721 4513 πάλιν,
2755 4450 2850 4503 καὶ
2883 4448 2972 4503 διά
3001 4449 3099 4518 τῆς
3132 4448 3188 4500 ὲν
3220 4448 3336 4509 τοῖς
3364 4442 3757 4514 προκειμένοις

2168 4540 2429 4611 ἀκριϐοῦς
2471 4541 2726 4613 θεωρίας,
2768 4542 2844 4605 ὡς
2876 4541 2980 4611 ἄρα
3024 4542 3143 4594 ἐστὶ
3184 4538 3400 4609 πρῶτον
3445 4538 3543 4607 μὲν
3593 4534 3755 4607 ἔργον

2166 4633 2403 4704 σπουδῆς
2446 4634 2750 4702 ἀναγκαίας
2806 4633 2900 4685 καὶ
2951 4630 3268 4700 θεοφιλοῦς,
3317 4630 3379 4682 τὸ
3408 4626 3755 4697 εἰσδεχθῆναι

2163 4724 2254 4778 διά
2299 4724 2397 4795 τῆς
2447 4725 2683 4788 πίστεως
2730 4724 2832 4794 τῆς
2890 4721 3218 4792 εἰλικρινοῦς
3273 4738 3335 4773 τε
3389 4720 3484 4773 καὶ
3516 4716 3753 4789 ἀληθοῦς

2166 4814 2317 4885 παρὰ
2360 4812 2623 4885 Χριστοῦ.
2675 4813 2838 4866 Τουτὶ
2877 4812 2987 4883 γὰρ
3032 4809 3099 4864 ἂν
3154 4810 3242 4880 εἴη
3290 4810 3351 4863 τὸ
3394 4808 3756 4879 ἀριθμεῖσθαι

2165 4904 2348 4959 λοιπὸν
2381 4908 2437 4959 ὲν
2469 4905 2712 4974 κλήμασι
2742 4905 2857 4967 τοῖς
2889 4906 2955 4975 τῇ
2983 4903 3216 4974 ἀμπέλῳ
3243 4900 3662 4974 προσπεφυκόσι
3690 4901 3755 4969 τῇ

2161 4996 2433 5069 ἀληθινῇ,
2498 4998 2646 5067 φημὶ
2700 4996 2765 5067 δὴ
2820 4995 3065 5067 Χριστῷ.
3128 4995 3399 5066 Δευτέρας
3442 4993 3525 5058 δὲ,
3575 4989 3755 5062 οἶμαι,

2165 5088 2445 5160 φροντίδος
2471 5086 2688 5157 καρπὸς
2709 5128 2723 5153 ,
2756 5086 2876 5138 κατ’
2908 5083 3102 5138 οὐδένα
3140 5085 3341 5156 τρόπον
3385 5086 3487 5155 τῆς
3526 5082 3754 5154 πρώτης

2167 5177 2656 5250 μειονεκτούμενος
2675 5219 2691 5246 ,
2738 5176 2939 5249 μᾶλλον
2969 5177 3027 5231 δὲ
3060 5176 3464 5246 συντονωτέραν
3494 5173 3639 5246 ἔχων
3668 5174 3752 5244 ἐφ’

2162 5269 2342 5340 ἐαυτῷ
2365 5268 2462 5340 τὴν
2492 5269 2783 5341 μέριμναν,
2808 5269 2867 5324 τὸ
2888 5271 3227 5342 ἐνηρμόσθαι
3252 5269 3445 5340 ιριλείν,
3470 5267 3566 5321 καὶ
3582 5266 3753 5340 ἀπρὶξ

2162 5359 2385 5432 ἔχεσθαι
2441 5357 2533 5413 τοῦ
2582 5359 2759 5428 Θεοῦ,
2804 5361 2893 5415 διά
2940 5361 3039 5433 τῆς
3081 5363 3139 5415 ὲν
3193 5362 3378 5433 ἔργοις
3416 5358 3750 5433 ἀγάπης,ἢ

2163 5452 2299 5526 [γρ.
2334 5449 2409 5524 ἢ]
2449 5452 2674 5525 καὶτῆς
2719 5453 2882 5523 ἁγίας
2924 5471 2983 5506 τε
3039 5455 3137 5507 καὶ
3183 5454 3333 5518 θείας
3383 5452 3607 5525 ἐντολῆς
3655 5450 3753 5519 τὴν

2167 5541 2445 5614 πλήρωσιν
2474 5541 2609 5612 ἔχει.
2654 5542 2825 5596 Τοῦτο
2870 5543 2981 5617 γὰρ
3029 5546 3175 5616 ἡμᾶς
3229 5544 3615 5609 ἀδιασπάστως
3669 5545 3754 5597 ἐν·

2158 5632 2429 5705 υπάρχειν
2482 5633 2665 5706 αύτῷ,
2717 5635 2811 5688 καὶ
2858 5634 3217 5709 ἐμπεπῆχθαι
3249 5641 3425 5706 ποιεῖ,
3468 5636 3613 5691 κατά
3658 5642 3753 5692 τὶν

544 5807 589 5838 ³²
617 5804 776 5861 Joan.
806 5824 895 5876 iv,
934 5807 1023 5864 Ἡ.
1104 5814 1167 5845 τ’·
1197 5811 1361 5871 Ilebr.
1396 5830 1515 5885 xm,
1561 5817 1612 5870 7.
1691 5817 1735 5848 '3
1769 5818 1785 5869 l
1828 5816 1955 5872 Cor.
1992 5833 2068 5888 tv,
2104 5818 2203 5886 16;
2247 5835 2325 5881 ιι,
2369 5821 2419 5874 l.
2500 5821 2563 5852 ²³⁴
2595 5819 2743 5876 Psal.
2776 5824 2907 5883 Lxu,
2952 5819 3004 5875 9.
