3938 6422
191 412 296 468 56!

1262 412 1331 469 IN
1351 412 1633 471 JOANNIS
1674 412 2127 474 EVANGELIUM
2168 417 2295 473 LIB.
2340 416 2404 473 X.

3347 415 3453 472 ’561

191 526 429 598 λέγοντα
452 527 787 600 Ψαλμῳδόν·
825 549 841 580 ι
887 526 1240 601 Ἐκολλήθηή
1279 531 1427 603 ψυχή
1461 550 1562 603 μου
1598 532 1776 585 ὀπίσω

1895 550 1987 605 ιυιι
2017 534 2329 590 sanctiﬁcat
2359 519 2461 588 nos
2478 530 2755 591 Christus.
2780 530 2990 601 suscipi
3023 532 3243 601 quidem
3275 533 3453 588 instar

193 632 316 671 σου.
352 635 374 669 ι
412 618 527 671 οὐκ
557 618 782 690 ἀρκέσει
826 617 1113 689 τοιγαροῦν
1160 620 1296 689 πρὸς
1328 620 1619 692 ὁλόκληρον
1647 622 1780 690 ἡμῖν

192 702 501 781 θυμηδίαν,
537 709 657 780 ἦτοι
698 709 836 781 πρδς
862 710 1135 782 άγιασμὸν
1159 752 1173 777 ,
1205 712 1296 765 τὸν
1325 712 1399 775 ὡς
1435 714 1527 765 ἐπὶ
1568 711 1781 765 ἐκθέσει

191 798 289 853 τοῦ
321 795 645 868 ἅγιάζοντος
673 794 822 872 ἡμᾶς
853 802 1129 873 Χριστοῦ,
1188 803 1249 856 τὸ
1294 802 1629 875 εἰσδεχθῆναι
1660 802 1778 874 μὲν,

191 888 268 953 ὡς
292 891 354 943 ἐν
386 890 541 956 τάξει
575 892 875 963 κλημάτων
897 909 910 923 ⁶
945 895 1145 967 χρῆναι
1175 894 1232 948 δὲ
1264 894 1400 967 πρὸς
1432 893 1591 948 τοῦτό
1616 913 1779 966 φημι,

193 983 291 1038 καὶ
323 983 388 1037 τὸ
426 984 515 1038 διὰ
557 984 658 1053 τῆς
694 983 904 1049 τελείας
941 1002 1000 1039 τε
1054 987 1147 1040 καὶ
1192 985 1511 1050 ἀνελ).ιποῦς
1559 987 1782 1057 ἀγάπης

200 1074 442 1142 γνησίως
487 1072 822 1126 ἀκολουθεῖν.
903 1075 989 1128 Ἐν
1040 1075 1150 1147 γὰρ
1199 1075 1265 1147 δὴ
1314 1075 1492 1147 τούτῳ
1550 1076 1783 1147 μάλιστα

196 1163 384 1228 καλῶς
420 1163 488 1218 ἂν
515 1164 628 1235 ἔχοι
668 1165 759 1219 καὶ
792 1167 1021 1231 σώζοιτο
1061 1165 1159 1233 τῆς
1191 1167 1248 1221 ὲν
1282 1168 1557 1236 πνεύματι
1590 1166 1784 1233 κολλή-

196 1273 336 1318 σεως
373 1256 696 1327 νοουμένης,
730 1258 849 1328 ἦτοι
883 1257 1177 1326 συναφείας
1210 1259 1243 1329 ὴ
1275 1256 1524 1331 δύναμις.
1563 1257 1782 1329 Ἐπειδὴ

192 1347 381 1401 τοίνυν
413 1348 519 1418 ἔφη
569 1350 806 1421 Χριστὸς
843 1352 955 1413 τοῖς
1000 1348 1194 1403 ἑαυτοῦ
1250 1349 1549 1421 μαθηταίς⁶
1588 1369 1607 1403 ι
1643 1350 1783 1421 Ἤδη

198 1438 362 1509 ὑμεῖς
383 1439 618 1516 καθαροί
646 1439 903 1512 ὲστε,ηδιά
923 1439 1013 1493 τὸν
1029 1439 1187 1507 λόγον
1207 1438 1266 1493 ὃν
1291 1439 1563 1511 λελάληκα
1583 1440 1733 1511 ύμῖν·
1760 1458 1780 1492 ι

200 1532 290 1584 ἶνα
326 1532 402 1603 μή
439 1550 524 1596 τις
551 1532 764 1604 οἰηθείη
812 1534 943 1587 ποτὲ
997 1533 1106 1587 τῶν
1140 1531 1288 1598 ἅπαξ
1335 1534 1783 1606 κεκαθαρμένων,

194 1622 560 1687 ἀδιαπτώτως
590 1622 734 1693 ἔχειν
759 1623 1043 1688 δύνασθαι,
1068 1623 1162 1678 καὶ
1193 1624 1242 1676 εί
1279 1626 1352 1695 μή
1376 1640 1498 1677 τινα
1522 1624 1681 1694 τυχὸν
1705 1624 1786 1688 είς

192 1713 256 1765 τὸ
281 1708 345 1766 εὖ
369 1709 510 1767 εἶναι
534 1717 739 1768 ποιοῖτο
761 1715 1018 1786 σπουδὴν,
1043 1716 1465 1786 προσεπιτάττοι
1494 1714 1607 1787 [πρ.
1626 1732 1789 1787 προσο

193 1804 524 1877 επιτάττει]
553 1790 862 1878 χρησίμως,
886 1806 970 1859 ὅτι
1003 1808 1272 1878 προσήκοι
1308 1807 1495 1876 μένειν
1523 1808 1581 1861 ἐν
1609 1805 1783 1877 αύτῷ.

194 1897 303 1949 Καὶ
337 1896 391 1949 τί
420 1870 787 1963 caiisa-Eata“
812 1870 1060 1970 Ἕτερον,
1079 1870 1251 1963 οὐδὲν,
1380 1898 1446 1966 γέ
1476 1915 1566 1968 μοι
1592 1870 1783 1969 φαίνε-
1818 1870 1861 1930 Β

192 2004 307 2054 ται,
340 1986 551 2059 μᾶλλον
594 1988 654 2041 δὲ
693 1987 942 2060 ἐναργῶς
972 1989 1034 2043 τὸ
1074 1989 1164 2043 διὰ
1209 1990 1304 2044 τοῦ
1340 1988 1556 2043 Παύλου
1604 1990 1786 2055 καλῶς

189 2077 496 2149 εἰρημένον
519 2093 531 2106 ·
566 2096 587 2130 ι
623 2079 790 2132 Ὥστε
837 2081 865 2133 ὁ
897 2079 1073 2134 δοκῶν
1114 2080 1370 2148 ἑστάναι,
1428 2079 1674 2151 βλεπέτω
1709 2081 1785 2152 μὴ

193 2171 367 2243 πέσῃ.
400 2189 419 2222 ι
458 2170 645 2242 Μυρία
666 2170 777 2241 γὰρ
801 2169 869 2226 ἂν
894 2171 1126 2236 καὶτοῖς
1151 2172 1252 2244 ἤδη
1279 2171 1514 2243 βεϐαίως
1540 2171 1787 2227 δοκοῦσιν

193 2261 428 2317 ἑστάναι
457 2263 794 2334 συναντήσαι
830 2263 903 2319 τά
924 2263 1296 2336 ὀλισθήματα,
1332 2263 1408 2337 μὴ
1439 2264 1561 2335 οὐχὶ
1578 2262 1789 2333 διεδρά-

194 2355 329 2408 σθαι
348 2353 533 2418 καλῶς
558 2356 617 2408 ὲν
641 2350 838 2427 οἷσπερ
865 2355 932 2410 ἂν
957 2352 1089 2423 εἷεν,
1104 2355 1192 2411 διὰ
1222 2356 1423 2428 πολλῆς
1443 2356 1581 2425 ἄγαν
1611 2371 1790 2409 ποιου-

195 2448 393 2517 μένοις
432 2446 690 2515 σπουδῆς.
743 2448 834 2499 Δεῖ
877 2447 958 2512 δὲ,
1002 2442 1154 2518 οἶμαι
1181 2486 1199 2513 ,
1254 2449 1349 2502 καὶ
1403 2448 1585 2519 πάσης
1640 2448 1786 2519 ἡμᾶς

192 2538 389 2606 ἀξιοῦν
430 2539 733 2604 ἐπιεικείας
758 2539 853 2593 καὶ
882 2539 1101 2611 νήψεως
1124 2541 1195 2594 τὰ
1234 2540 1356 2595 καθ’
1385 2540 1652 2605 ἑαυτοὺς,
1683 2538 1788 2593 κ’ἂν

193 2628 530 2702 ἑρηρεῖσθαί
561 2646 677 2693 πως
705 2629 837 2701 δοκῇ
870 2646 977 2694 τις,
1017 2630 1085 2684 δι’
1120 2631 1363 2686 ἐπίδοσιν
1392 2630 1492 2702 τὴν
1516 2630 1615 2701 ἤδη
1652 2645 1790 2702 προ-

194 2721 524 2793 ηνυσμένην
559 2721 637 2783 είς
670 2720 1011 2791 κατόρθωσιν
1037 2722 1282 2791 ἀγαθῶν.
1324 2722 1548 2775 Ὀποίαν
1574 2720 1792 2792 γάριτις

194 2812 298 2866 καὶ
332 2812 470 2882 ὅσην
501 2810 762 2882 ὑπομένει
800 2812 900 2883 τὴν
928 2811 1155 2882 ζημίαν,
1191 2812 1290 2883 τῆς
1321 2815 1459 2884 πρὸς
1491 2811 1623 2867 Θεὸν
1655 2829 1794 2883 συμ-

196 2904 372 2971 φυΐας
425 2903 881 2975 ἀποκεκομμένος
933 2902 1124 2975 ὥσπερ
1184 2902 1274 2958 διὰ
1333 2903 1428 2957 τοῦ
1484 2905 1570 2974 ἐφ’
1621 2903 1660 2958 ἃ
1717 2902 1793 2975 μὴ

199 2994 492 3068 προσῆκεν
544 2995 610 3048 ὲκ
664 2993 941 3066 ῥᾳθυμίας
1010 2993 1394 3066 παρολισθεῖν,
1471 2992 1792 3067 παρέδειξεν

198 3087 527 3157 ἀναγκαίως
562 3088 805 3140 ἐπειπών
828 3100 843 3117 ’
877 3104 896 3137 ι
939 3084 1138 3150 Καθὼς
1172 3085 1234 3140 τὸ
1258 3086 1444 3158 κλῆμα
1481 3087 1540 3140 ού
1566 3085 1794 3141 δύναται

1883 625 2194 695 palmitum,
2228 625 2322 680 sed
2358 633 2620 696 praeterea
2669 638 2766 693 per
2795 623 3121 679 charitatem
3155 624 3450 694 perfectam

1882 722 1938 770 et
1989 714 2385 771 indesinentem
2451 716 2667 770 sincere
2716 716 3031 785 sequendus
3073 726 3180 772 esst.
3237 724 3295 770 tu
3351 715 3456 768 hoc

1883 805 2029 860 enim
2064 806 2414 876 potissimum
2455 805 2716 861 consistit
2746 815 2800 861 et
2835 814 3087 862 servatur
3118 806 3201 862 vis
3230 818 3281 862 et
3315 807 3454 860 ratio

1885 895 2296 965 coniunctionis
2342 897 2628 968 spiritalis.
2665 895 2935 963 Quoniam
2969 913 3102 967 ergo
3135 898 3275 953 dixit
3298 897 3456 952 Chri-

1885 997 2004 1043 stus
2038 988 2155 1044 suis
2183 989 2508 1060 discipulis:
2540 1007 2557 1041 ι
2592 987 2711 1042 Jam
2740 1003 2834 1043 vos
2859 989 3045 1043 mundi
3072 990 3204 1045 estis
3237 1000 3459 1059 propter

1886 1093 2195 1134 sermonem
2241 1094 2403 1150 quem
2449 1080 2667 1135 locutus
2718 1095 2839 1135 sum
2899 1080 3094 1135 vobis:
3135 1098 3154 1132 ›
3210 1094 3282 1135 ne
3334 1081 3461 1151 quis

1887 1169 2056 1226 semel
2117 1177 2384 1241 purgatus
2423 1184 2454 1223 a
2510 1184 2644 1224 casu
2710 1169 3011 1224 immunem
3081 1184 3142 1225 se
3198 1178 3457 1240 putaret,

1885 1261 2096 1317 etiamsi
2129 1263 2334 1316 nullam
2367 1262 2433 1317 ad
2463 1261 2516 1316 id
2538 1276 2723 1317 curam
2752 1262 3026 1326 adhibeat,
3069 1262 3273 1317 utiliter
3305 1262 3461 1331 jubet

1887 1350 1943 1404 in
1972 1365 2038 1406 eo
2070 1366 2412 1421 permanere.
2443 1350 2716 1418 Quidnam
2746 1360 2928 1408 autem
2973 1352 3123 1407 aliud
3156 1353 3303 1408 istud
3351 1361 3455 1414 est,

1886 1456 2048 1511 quam
2079 1443 2223 1513 quod
2256 1458 2354 1514 per
2390 1442 2622 1505 Paulum
2648 1451 2797 1499 recte
2821 1444 3026 1499 dicitur
3053 1461 3068 1497 :
3107 1462 3125 1494 ι
3157 1442 3341 1509 Quare
3363 1445 3459 1512 qui

1887 1533 1996 1589 sibi
2050 1534 2266 1590 videtur
2311 1543 2484 1600 stare,
2533 1536 2717 1591 videat
2757 1550 2824 1591 ne
2857 1534 3156 1591 cadat'“?
3194 1551 3212 1584 ι
3255 1532 3456 1588 Inﬁniti

1887 1625 2033 1680 enim
2078 1626 2264 1697 lapsus
2299 1627 2468 1682 etiam
2509 1626 2578 1683 iis
2611 1635 2916 1683 occurrunt
2945 1628 3039 1698 qui
3089 1626 3195 1683 sibi
3219 1626 3332 1696 jam
3365 1625 3462 1680 lir-

1889 1715 2050 1770 miter
2081 1724 2231 1771 stare
2268 1717 2550 1781 videntur,
2579 1718 2684 1773 nisi
2719 1720 2957 1774 maxime
2991 1718 3247 1774 studeant
3273 1717 3329 1772 in
3395 1732 3463 1771 eo

1889 1807 1945 1860 in
1976 1820 2087 1877 quo
2117 1814 2250 1862 sunt
2278 1807 2453 1877 gradu
2492 1807 2724 1864 ﬁrmiter
2756 1808 2983 1865 haerere.
3009 1808 3246 1866 Necesse
3279 1815 3461 1865 autem

1888 1906 1995 1964 est,
2020 1898 2242 1971 opinor,
2276 1914 2378 1956 nos
2408 1916 2624 1956 omnem
2662 1915 2852 1956 curam
2886 1917 2949 1957 ac
2984 1902 3322 1974 vigilantiam
3363 1900 3466 1955 ad-

1886 1990 2097 2058 hibere,
2127 1993 2382 2062 quamvis
2405 2007 2701 2065 progressu
2716 1992 2793 2048 'ad
2834 1994 2973 2050 bene
3003 1993 3273 2066 agendum
3312 2008 3466 2049 cum-

1887 2083 2083 2152 primis
2121 2084 2371 2142 ﬁrmatos
2394 2092 2449 2140 et
2480 2084 2762 2140 stabilitos
2792 2098 2894 2141 nos
2924 2092 3201 2154 putemus.
3237 2083 3465 2151 Qualem

1887 2175 2034 2230 enim
2064 2183 2120 2231 et
2147 2183 2414 2246 quantam
2439 2175 2713 2245 jacturam
2748 2174 3007 2246 patiatur,
3039 2174 3206 2246 875
3249 2176 3343 2246 qui
3370 2190 3468 2246 per

1890 2265 2281 2337 negligentiam
2311 2266 2367 2321 in
2389 2265 2520 2321 vitia
2553 2266 2916 2336 prolabendo,
2949 2281 2978 2320 a
3013 2265 3108 2322 Dei
3140 2267 3469 2338 cognatione

1890 2355 2127 2425 quodam
2164 2355 2329 2412 modo
2354 2363 2606 2412 resectus
2645 2356 2834 2425 fuerit,
2862 2356 3077 2413 utiliter
3109 2356 3357 2413 ostendit
3382 2357 3470 2411 his

1888 2448 2074 2504 verbis
2100 2466 2113 2503 :
2144 2466 2162 2499 ι
2206 2447 2361 2504 Sicut
2383 2448 2593 2519 palmes
2619 2463 2728 2504 non
2759 2456 2942 2519 potest
2980 2446 3127 2504 ferre
3156 2447 3397 2504 fructum
3440 2463 3470 2501 a

1893 2541 2212 2611 semetipso,
2245 2540 2354 2596 nisi
2386 2542 2656 2622 manserit
2704 2542 2756 2596 in
2804 2541 2915 2597 vite
2940 2580 2955 2606 ,
2989 2541 3071 2596 sic
3115 2555 3291 2610 neque
3332 2556 3428 2595 vos
3454 2582 3471 2607 ,

1892 2634 2004 2690 nisi
2031 2634 2086 2688 in
2124 2649 2212 2690 me
2248 2634 2591 2690 manseritis.
2627 2652 2646 2684 ι
2674 2629 2788 2688 Nisi
2835 2633 2981 2688 enim
3038 2633 3244 2702 palmes
3275 2648 3303 2686 ιι
3360 2632 3472 2687 vite

1894 2730 2159 2794 tanquam
2188 2738 2220 2777 a
2249 2730 2426 2779 matre
2455 2722 2731 2777 vivillcum
2769 2721 3054 2776 humorem
3101 2719 3302 2785 trahat,
3332 2736 3472 2790 quo-

1894 2817 2059 2873 modo
2107 2830 2268 2872 uvam
2318 2814 2518 2885 pariet,
2568 2821 2664 2868 aut
2706 2827 2903 2883 quem,
2936 2820 2991 2868 et
3031 2811 3179 2868 unde
3230 2812 3470 2867 fructum

1892 2905 2019 2961 edet
2045 2904 2068 2959 l
2098 2903 2278 2959 Simili
2313 2904 2501 2974 itaque
2539 2902 2751 2958 ratione
2777 2902 2848 2957 de
2882 2901 3047 2957 nobis
3088 2916 3308 2973 quoque
3335 2903 3476 2973 ipsis

1894 2995 2106 3052 dictum
2159 2994 2455 3065 intelliges.
2509 2991 2706 3048 Nullus
2761 2992 2908 3048 enim
2965 3006 3205 3062 unquam
3251 2992 3476 3047 virtutis

1897 3086 2113 3142 fructus
2161 3087 2217 3141 in
2256 3085 2416 3141 nobis
2450 3083 2805 3156 germinabit,
2865 3083 2911 3140 si
2944 3083 3337 3154 conjunctione
3383 3084 3475 3138 illa

157 3181 395 3250 qiépsw
447 3177 662 3248 καρπὸν
681 3177 786 3245 ’ἀφ’
818 3176 1014 3231 ἑαυτοῦ
1041 3216 1058 3244 ,
1112 3175 1208 3230 ἐὰν
1260 3177 1336 3248 μὴ
1396 3175 1563 3250 μείνῂ
1612 3177 1670 3231 ἐν
1724 3179 1791 3248 τῇ

1902 3192 2025 3234 cum
2056 3177 2277 3232 Christo
2302 3174 2692 3232 exciderimus.
2729 3174 2887 3242 Quod
2919 3175 2964 3232 si
2997 3174 3118 3245 ejus
3153 3176 3245 3245 qui
3279 3175 3477 3245 impiu-

196 3269 476 3341 ἀμπέλῳ,
525 3268 699 3333 οὕτως
745 3269 865 3322 οὐδὲ
914 3269 1110 3340 ὑμεῖς,
1147 3269 1244 3323 ἐὰν
1280 3268 1358 3341 μὴ
1388 3271 1447 3324 ἐν
1497 3269 1621 3340 ἐμοὶ
1671 3269 1793 3340 μεί-

197 3377 355 3432 νητε.
400 3380 419 3413 ι
455 3360 519 3414 Ei
572 3358 682 3430 γὰρ
727 3359 804 3432 μὴ
856 3357 972 3431 ἔχοι
1024 3358 1087 3413 τὸ
1150 3359 1339 3431 κλῆμα
1389 3359 1641 3432 καθάπερ
1689 3361 1797 3414 ἀπὸ

204 3452 417 3524 μητρὸς
450 3452 552 3522 τῆς
582 3450 831 3522 ἀμπέλου
882 3451 982 3523 τὴν
1027 3449 1296 3517 ζωοποιὸν
1342 3451 1494 3524 αύτῷ
1532 3469 1798 3524 χορηγου-

204 3544 381 3614 μένην
411 3542 639 3613 ἰκμάδα,
666 3541 783 3605 πῶς
815 3541 882 3595 ἂν
916 3542 1181 3597 ἀποτέκοι
1217 3543 1310 3599 τὸν
1345 3542 1560 3614 βότρυν,
1590 3544 1624 3615 ἢ
1652 3543 1795 3607 τίνα,

202 3635 305 3690 καὶ
333 3634 502 3687 πόθεν
542 3633 744 3699 ἐξοίσει
786 3634 1036 3707 καρπόν;
1088 3635 1396 3703 Ἀναλὸγως
1438 3630 1533 3688 οὖν
1565 3635 1674 3706 ἄρα
1705 3636 1798 3688 καὶ⁵

201 3728 291 3794 ἐφ’
333 3726 497 3797 ἡμῶν
526 3725 709 3780 αὐτῶν
737 3727 952 3795 νοήσεις
991 3726 1052 3780 τὸ
1082 3726 1396 3797 εἰρημένον.
1428 3727 1662 3798 Καρπὺς
1688 3727 1797 3797 γὰρ

200 3818 388 3881 οὐδεὶς
426 3820 486 3872 ὲν
539 3819 674 3889 ἡμῖν
713 3818 918 3890 ἀρετῆς
963 3818 1370 3890 άναὸλαστήσει
1421 3818 1551 3872 ποτὲ
1583 3819 1681 3888 τῆς
1717 3820 1799 3883 είς

200 3908 447 3980 Χριστὸν
478 3908 780 3977 συναφείας
810 3909 1253 3963 ἐκπεπτωκόσιν.
1298 3909 1717 3981 Ἐξηρτυμένοις
1735 3927 1799 3979 γε

204 3999 317 4071 μὴν
350 3999 448 4053 τοῦ
482 3999 870 4055 καταπιαίνειν
908 3999 1185 4071 ἰσχύοντος
1207 4041 1221 4067 ,
1271 4001 1366 4053 καὶ
1395 4000 1802 4072 ἀποτρέφοντος

200 4094 289 4156 είς
339 4092 669 4160 εὐσέϐειαν,
729 4094 981 4165 καθάπερ
1039 4093 1192 4147 ὕδατι
1253 4093 1537 4165 ζωοποιεῖ),
1594 4097 1662 4167 τῇ
1707 4095 1799 4149 τοῦ

203 4183 538 4255 Πνεύματος
592 4185 833 4256 χορηγίᾳ
879 4185 978 4238 καὶ
1031 4186 1255 4257 χάριτι,
1308 4184 1405 4238 καὶ
1449 4185 1510 4238 τὸ
1538 4185 1800 4240 δύνασθαι

202 4278 591 4347 καρποφορεῖν
629 4276 928 4348 προσέσται
967 4276 1188 4349 ῥᾳδίως.
1225 4276 1340 4330 Καὶ
1385 4274 1548 4331 τοῦτο
1585 4277 1739 4342 είδὼς
1773 4280 1801 4332 ὁ

201 4367 533 4438 Μονογενὴς
556 4411 571 4435 ,
615 4370 674 4422 ὲν
713 4368 1069 4438 Εύαγγελίοις
1112 4366 1326 4437 ἔλεγεν·
1365 4388 1384 4421 ι
1422 4369 1490 4423 Et
1517 4387 1603 4433 τις
1647 4370 1798 4441 διψᾷ,

200 4458 464 4530 ἐρχέσθω
500 4460 636 4531 πρός
690 4477 796 4532 με,
848 4462 945 4515 καὶ
996 4461 1219 4515 πινέτω.
1262 4480 1281 4512 ι
1337 4462 1403 4512 Ὃ
1446 4460 1543 4514 καὶ
1596 4461 1800 4534 σφόδρα

1900 3282 2069 3339 guarc
2095 3274 2275 3336 potest
2308 3282 2374 3322 ac
2415 3267 2469 3321 in
2507 3266 2717 3336 pietate
2753 3267 2952 3332 nutrit,
3018 3265 3266 3337 Spiritus
3306 3267 3475 3338 largi-

1899 3359 2051 3414 tione
2076 3366 2132 3415 et
2159 3358 2336 3430 gratia
2366 3373 2465 3414 ceu
2491 3357 2638 3415 unda
2667 3358 2904 3427 quadam
2930 3358 3144 3414 viviﬁca
3172 3359 3330 3430 rigati
3361 3358 3478 3414 fue-

1900 3449 2094 3515 rimus,
2146 3447 2306 3503 facile
2350 3463 2573 3519 quoque
2627 3448 2736 3503 erit
2783 3446 3002 3504 fructus
3035 3449 3367 3519 producere.
3420 3448 3479 3503 Id

1900 3555 2024 3596 cum
2070 3541 2241 3597 sciret
2273 3540 2622 3612 Unigenitus,
2654 3540 2710 3595 in
2754 3538 3068 3613 Evangeliis
3119 3541 3300 3596 dixit:
3347 3559 3365 3593 ι
3414 3540 3476 3596 Si

1901 3633 2026 3703 quis
2054 3633 2189 3699 sitit,
2220 3633 2407 3689 veniat
2437 3632 2505 3688 ad
2532 3648 2639 3698 me,
2678 3642 2734 3688 ct
2782 3633 2932 3689 bibat
2959 3633 3028 3686 ³⁵.
3073 3652 3093 3685 ι
3141 3632 3296 3700 Quod
3333 3643 3481 3689 recte

1900 3740 2121 3797 quoque
2146 3724 2312 3780 nobis
2341 3723 2714 3794 interpretans
2745 3723 2970 3787 divinus
2994 3724 3358 3793 evangelista,
3395 3731 3479 3777 te-

1901 3825 2078 3872 status
2106 3824 2192 3872 est
2225 3816 2456 3872 dicens:
2496 3832 2515 3866 ‹
2561 3813 2679 3869 Hoc
2721 3821 2903 3868 autem
2947 3813 3104 3881 dixit,
3157 3812 3356 3883 inquit,
3411 3813 3480 3866 de

1902 3906 2136 3978 Spiritu,
2158 3921 2319 3977 quem
2350 3904 2633 3975 accepturi
2656 3903 3115 3961 erantcredentes
3141 3904 3193 3957 in
3216 3918 3341 3958 eum
3359 3903 3423 3957 “.
3453 3923 3472 3954 ι

1901 3998 1971 4054 Ει
2021 4001 2141 4070 ipse
2196 4004 2461 4069 praeterea
2505 3998 2699 4052 beatus
2758 3995 2927 4050 David
2987 3996 3314 4066 precabatur
3344 4036 3358 4064 ,
3410 3997 3477 4049 ad

1902 4088 2071 4145 Deum
2101 4103 2167 4144 ac
2192 4088 2410 4143 Patrem
2444 4085 2741 4157 inquiens:
2779 4104 2798 4137 ι
2833 4084 3102 4151 Quoniam
3136 4085 3277 4155 apud
3315 4093 3367 4140 te
3396 4095 3480 4139 est

1905 4181 2029 4237 fons
2049 4182 2194 4245 vitaz,
2213 4188 2269 4235 et
2290 4186 2537 4234 torrente
2562 4177 2864 4248 voluptatis
2889 4184 2995 4232 tua:
3016 4177 3231 4246 potabis
3254 4191 3350 4232 eos
3363 4176 3429 4229 ’⁷.
3456 4196 3473 4226 ι

1902 4272 2052 4329 Fons
2084 4273 2231 4328 enim
2273 4272 2471 4327 divina:
2502 4271 2646 4335 vitae,
2684 4279 2740 4325 et
2782 4269 3114 4339 spiritalium
3156 4266 3479 4323 deliciarum

1904 4375 2123 4422 torrens
2153 4365 2377 4435 quinam
2424 4362 2740 4419 censendus
2778 4370 2864 4418 est
2914 4361 3058 4416 alius
3091 4374 3255 4429 quam
3308 4358 3482 4413 Filius

1904 4460 1999 4531 qui
2034 4458 2362 4530 impiuguat,
2397 4463 2451 4512 et
2477 4455 2673 4526 irrigat
2706 4452 2923 4509 viviﬁca
2957 4460 3012 4509 et
3051 4451 3213 4505 hilari
3242 4448 3482 4519 Spiritus

201 4551 399 4617 καλῶς
437 4552 819 4624 διερμηνεύων
851 4553 983 4624 ἡμῖν
1013 4553 1042 4606 ὁ
1082 4551 1528 4622 πνευματοφόρος
1566 4552 1791 4621 εὐαγγε-

1907 4551 2107 4621 gratia,
2140 4564 2249 4603 non
2282 4563 2446 4604 secus
2498 4561 2562 4601 ac
2592 4546 2847 4618 palmites
2904 4543 2953 4599 ei
2987 4543 3335 4598 adhaerentes
3385 4555 3482 4611 per

199 4642 425 4716 λιστὴς,
459 4642 868 4714 διεμαρτύρατο
891 4643 1067 4711 λέγων
1086 4656 1100 4671 ο
1139 4661 1156 4692 ι
1186 4642 1359 4695 Τοῦτο
1393 4640 1450 4693 δὲ
1475 4635 1616 4706 εἷπε,
1643 4645 1798 4712 φησὶ,

1906 4640 2233 4698 charitatem
2265 4653 2330 4692 ac
2365 4638 2545 4701 ﬁdem,
2579 4642 2799 4691 nostras
2821 4634 3037 4687 animas

201 4734 342 4803 περὶ
369 4732 470 4785 τοῦ
489 4731 832 4802 Πνεύματος,
860 4726 922 4786 οὗ
974 4728 1201 4801 ἔμελλον
1256 4728 1555 4798 λαμϐάνειν
1609 4731 1658 4782 oi
1715 4733 2063 4795 πιστεύοντες
2096 4730 2176 4792 είς
2208 4728 2390 4783 αύτόν.
2432 4745 2451 4777 ›
2489 4725 2600 4779 Καὶ
2628 4723 2791 4786 αὐτὸς
2838 4722 2898 4776 δὲ
2934 4720 3070 4792 πρὸς
3098 4719 3273 4791 τούτῳ
3313 4735 3483 4789 προσ-

201 4822 416 4895 ηύχετο
456 4821 636 4891 λέγων
672 4823 701 4875 ὁ
738 4819 1009 4891 μακάριος
1033 4820 1232 4883 Δαόὶδ,
1262 4819 1339 4882 ὡς
1375 4818 1512 4891 πρὸς
1540 4818 1676 4873 Θεὸν
1706 4824 1802 4876 καὶ
1835 4824 2092 4894 Πατέρα·
2140 4839 2157 4872 ι
2201 4820 2324 4872 Ὅτι
2364 4816 2517 4888 παρὰ
2554 4817 2636 4869 σοὶ
2669 4814 2822 4887 πηγὴ
2849 4813 3022 4885 ζωῆς,
3056 4812 3153 4865 καὶ
3213 4810 3304 4864 τὸν
3367 4827 3483 4881 χει-

204 4918 466 4989 μάρῤουν
508 4916 606 4986 τῆς
660 4915 875 4985 τρυφῆς
923 4914 1127 4976 ποτιεῖς
1175 4910 1392 4973 αύτούς.
1441 4930 1459 4963 ι
1498 4910 1657 4983 Πηγὴ
1726 4913 1837 4986 γὰρ
1871 4915 2018 4985 ζωῆς
2091 4912 2241 4976 θείας
2285 4910 2380 4964 καὶ
2431 4907 2808 4979 πνευματικῆς
2853 4905 3189 4977 χειμάρρους
3245 4902 3505 4973 τρυφῆς,’

199 5006 288 5070 τίς
322 5006 397 5060 ἂν
424 5005 616 5075 ἕτερος
649 5005 823 5058 νοοῖτο
861 5000 1015 5074 παρὰ
1044 5001 1136 5055 τὸν
1166 5001 1316 5065 Υίδν,
1362 5000 1422 5062 ὃς
1449 5001 1802 5054 καταπιαίνει
1840 5020 1900 5056 τε
1925 5004 2021 5057 καὶ⁸
2048 5001 2395 5074 καταρδεύει,
2426 5001 2492 5070 τῇ
2553 4996 2803 5067 ζωοποιῷ
2832 4998 2927 5051 καὶ
2966 4997 3130 5068 ἱλαρᾷ
3172 4996 3269 5050 τοῦ
3314 4994 3485 5049 Πνεύ-

201 5113 382 5165 ματος
436 5096 663 5166 χάριτι,
700 5093 955 5162 καθάπερ
1029 5093 1086 5143 ὲν
1160 5089 1312 5156 τάξει
1364 5089 1662 5159 κλημάτων
1719 5093 2194 5162 προσπεφυκότων
2247 5090 2399 5161 αὐτῷ
2445 5090 2514 5143 δι’
2576 5089 2803 5158 ἀγάπης
2888 5089 2984 5143 καὶ
3034 5088 3276 5151 πίστεως
3311 5128 3327 5152 ,
3384 5086 3485 5150 τὰς

196 5183 490 5254 ἡμετέρας
521 5179 721 5251 ψυχάς·

305 5270 441 5343 ETd)
490 5272 609 5341 ειμι
649 5270 690 5337 ἠ
735 5268 1025 5339 ἄμπελος,
1056 5267 1225 5337 ὑμεῖς
1274 5268 1344 5321 τὰ
1382 5266 1675 5336 θελήματα.
1743 5267 1804 5319 '0

196 5365 407 5434 μένων
426 5363 499 5417 ἐν
520 5361 672 5432 ἐμοὶ,
695 5360 858 5430 κάγὼ
887 5360 958 5414 ἐν
981 5356 1162 5425 αὐτῷ,
1186 5354 1362 5424 οὗτος
1391 5360 1554 5428 φέρει
1571 5359 1803 5427 καρπὸν

201 5456 430 5510 πολύν·
473 5453 565 5507 ὅτι
592 5451 769 5520 χωρίς
793 5450 940 5521 ἐμοῦ
973 5451 1046 5525 ei)
1085 5448 1349 5503 δύνασθε
1383 5448 1574 5503 ποιεῖν
1598 5448 1799 5501 οὐδέν.

202 5545 334 5598 Εάν
354 5541 445 5613 μή
473 5559 564 5608 τις
581 5541 761 5610 μείνῃ
783 5540 853 5594 ἐν
889 5540 1042 5609 ἐμοὶ,
1065 5538 1291 5606 ἐϐλήθη
1308 5538 1424 5604 ἔξω
1445 5539 1524 5604 ὡς
1560 5539 1626 5592 τὸ
1653 5536 1800 5604 κλῆ⁶

199 5649 307 5701 μα,
344 5633 446 5687 καί
473 5630 798 5700 ἐξηράνθη·
830 5631 927 5684 καί
959 5629 1337 5701 συνάγουσιν
1373 5629 1554 5695 αὐτὸ,
1584 5629 1683 5683 καί
1710 5633 1798 5696 εἰς

206 5724 329 5793 πῦρ
352 5725 691 5790 βάλλουσι,
724 5721 823 5777 καὶ
845 5724 1093 5805 καίεται.

1983 5262 2099 5330 XV,
2141 5264 2193 5330 5,
2220 5262 2275 5319 6.
2303 5262 2414 5334 Ego
2444 5280 2563 5318 sum
2593 5263 2737 5327 ritis,
2774 5279 2861 5317 vos
2886 5264 3152 5330 palmites.
3177 5262 3281 5327 Qui
3307 5276 3482 5320 maeret

1908 5358 1966 5411 in
1992 5373 2093 5421 me,
2120 5368 2170 5411 et
2198 5372 2291 5425 ego
2322 5355 2377 5409 in
2409 5371 2492 5416 eo,
2541 5354 2625 5409 hic
2664 5354 2765 5420 fert
2796 5354 3030 5422 [ructatur
3068 5352 3292 5406 multum
3311 5369 3330 5406 :
3356 5356 3482 5423 quia

1908 5450 2022 5503 sine
2051 5464 2132 5501 me
2160 5448 2295 5502 nihil
2318 5447 2532 5517 potestis
2556 5447 2750 5515 facere.
2788 5444 2848 5500 Si
2875 5445 2991 5513 quis
3021 5445 3074 5497 in
3099 5459 3179 5498 me
3204 5459 3306 5497 non
3332 5461 3483 5498 man—

1906 5541 2056 5606 serit,
2102 5541 2341 5594 mittetur
2377 5540 2524 5611 foras
2571 5541 2707 5593 sicut
2758 5537 2980 5607 palmes.
3031 5544 3082 5589 et
3139 5546 3380 5591 arescet:
3432 5548 3482 5591 et

1907 5630 2156 5701 colligant
2186 5647 2326 5697 eum,
2360 5640 2410 5685 et
2437 5632 2493 5685 in
2524 5631 2693 5700 ignem
2735 5630 2966 5690 mittent,
2995 5635 3044 5679 et
3075 5624 3250 5680 ardet.

280 5816 349 5848 "‘
390 5815 573 5871 lCor.
605 5829 671 5878 ι,
700 5812 790 5866 l2.
865 5811 911 5843 "
950 5811 1107 5865 Joan.
1142 5827 1238 5876 vlt,
1269 5810 1359 5866 37.
1437 5811 1482 5844 ³⁸
1521 5808 1654 5866 ibid.
1685 5807 1768 5865 59.
1852 5807 1897 5840 ‘7
1931 5806 2081 5863 Psal.
2114 5820 2287 5875 xxxv,
2321 5805 2374 5860 9.

541 5906 823 5969 ΡΑτιιοι..
862 5906 980 5967 GR.
1007 5905 1280 5967 LXXIV.

3078 5893 3152 5958 12
