3938 6406
450 398 556 458 563

452 611 633 685 solum
663 608 736 663 ob
772 622 996 663 causam
1048 606 1290 675 seipsum
1344 603 1565 674 quidem
1597 604 1764 657 vitem
1816 617 2031 657 nuncu—

456 711 641 771 patum
684 716 811 756 esse
854 701 952 764 ait,
986 706 1046 753 ιιι
1084 702 1234 753 clare
1277 711 1654 763 cerneremus,
1696 704 1750 751 et
1781 695 2033 766 corporis

456 794 849 865 propemodum
868 792 1043 847 oculis
1064 799 1324 861 tanquam
1348 789 1402 843 in
1427 788 1571 854 rudi,
1593 796 1649 844 et
1668 788 1942 853 sensibili,
1969 801 2035 842 ac

457 885 753 940 manifesto
787 884 1036 953 exemplo
1080 881 1547 952 perspiceremus,
1595 880 1664 934 ad
1718 880 2035 952 pariendam

458 981 737 1042 virtutem,
778 974 1098 1043 fructusque
1152 972 1435 1042 spiritales
1476 970 1870 1042 producendos
1913 969 2035 1024 ido-

460 1081 595 1121 neos
629 1065 753 1119 illos
786 1078 930 1127 esse,
982 1062 1077 1132 qui
1112 1061 1161 1115 ei
1202 1061 1483 1115 mordicus
1518 1060 1798 1116 adbarere
1831 1069 2039 1116 statue-

458 1160 594 1223 rint,
629 1171 659 1210 a
683 1156 791 1210 vite
818 1155 1080 1209 nimirum
1114 1162 1343 1225 accepta
1373 1154 1578 1208 virtute
1610 1153 1779 1224 876
1805 1151 1965 1222 quasi
2006 1166 2037 1207 a

458 1256 651 1312 matre,
684 1252 743 1299 ut
777 1244 945 1299 etiam
972 1244 1192 1313 operari
1229 1242 1466 1313 possint.
1516 1241 1620 1309 Qui
1651 1257 1783 1298 vero
1819 1243 1890 1298 ab
1915 1242 2040 1311 ejus

455 1337 856 1407 conjunctione
890 1335 1068 1389 avulsi
1098 1333 1508 1406 quodammodo
1554 1342 1651 1388 aut
1678 1335 1880 1389 resecti
1911 1343 2042 1390 sunt

455 1430 824 1487 conversione
862 1428 929 1483 ad
967 1427 1119 1492 vitia,
1172 1435 1226 1481 et
1277 1427 1446 1481 vitam
1492 1424 1603 1481 Deo
1648 1426 1875 1481 minime
1925 1427 2039 1497 pla-

455 1535 693 1590 centem,
723 1522 877 1577 nullo
905 1520 1069 1575 modo
1091 1519 1159 1573 ad
1184 1518 1441 1573 virtutem
1471 1518 1651 1574 idonei
1677 1518 2035 1584 videbuntur,

459 1626 554 1673 aut
593 1619 865 1673 bonorum
900 1630 1129 1686 operum
1158 1614 1464 1669 claritatem
1499 1611 1732 1682 adipisci
1755 1620 2037 1682 poterunt,

460 1710 553 1765 sed
587 1708 879 1763 omnivoro
931 1707 1045 1777 igni
1093 1705 1388 1760 tradentur
1433 1711 1697 1774 tanquam
1733 1702 2038 1760 inevitabili

1481 390 1539 445 S.
1582 388 1854 446 CYRILLI
1884 381 2351 442 ALEXANDRINI
2376 379 2693 441 ARCHIEP.

522 522 728 588 Aperte
790 515 1055 571 Dominus
1113 522 1302 570 noster
1353 510 1518 569 Jesus
1581 513 1842 567 Christus
1895 511 2115 570 hancA

3623 362 3726 437 δίει

2226 526 2553 598 ’Δναφανδδν
2584 527 2614 579 6
2647 525 2850 597 Κύριος
2868 524 3074 596 Ἰησοῦς
3099 526 3128 579 6
3148 525 3382 597 Χριστὸς
3410 524 3616 596 ταύτης
3649 543 3729 579 τοι

2135 621 2230 673 καὶ
2271 621 2440 692 μόνης
2478 622 2642 673 ἕνεκα
2689 622 2790 692 τῆς
2828 620 3040 683 αἰτίας,
3090 618 3332 689 ἄμπελον
3390 616 3491 689 μὲν
3540 617 3732 671 ἑαυτὸν

2128 712 2555 782 ⁴ιιατωνομάσθαι
2588 711 2773 781 φησιν,
2815 710 2956 782 ὑπὲρ
2986 708 3079 762 τοῦ
3107 707 3345 762 συνιέναι
3379 706 3587 776 σαφῶς,
3641 706 3736 777 μό-

2134 819 2224 857 νον
2249 802 2306 856 δὲ
2327 801 2447 872 οὐχὶ
2471 800 2565 854 καὶ
2589 804 2700 864 τοῖς
2740 798 2835 853 τοῦ
2877 800 3126 869 σώματος
3155 797 3452 869 ὀφθαλμοῖς
3479 798 3735 863 κατιδεῖν,

2134 893 2211 957 ὼς
2256 894 2313 947 ἐν
2344 893 2509 962 παχεῖ
2536 908 2595 944 τε
2637 890 2730 944 καὶ
2768 889 3013 960 αίσθητῷ
3041 890 3137 943 καὶ
3168 889 3453 958 φανοτάτῳ
3487 887 3609 942 λίαν
3633 904 3739 940 πα-

2139 984 2485 1056 ραδείγματι,
2518 981 2595 1046 ὼς
2633 983 2746 1044 τοῖς
2784 980 2882 1051 μὲν
2931 978 3081 1049 αὑτῷ
3128 977 3515 1050 προσηλῶσθαι
3568 993 3739 1029 σπου-

2136 1074 2396 1139 δάζουσι,
2476 1072 2572 1127 καὶ
2645 1071 2815 1144 ἀπρὶξ
2889 1070 3164 1142 ἑλομένοις
3249 1068 3739 1140 προσπεφυκέναι,

2141 1165 2424 1235 περιέσται
2445 1160 2646 1227 καλῶς,
2674 1161 2733 1214 τὸ
2754 1160 3012 1214 δύνασθαί
3031 1177 3091 1212 τε
3113 1159 3203 1211 καὶ
3223 1157 3544 1228 ἐπιτηδείως
3572 1156 3739 1227 ἔχειν,

2140 1255 2277 1327 πρὸς
2326 1253 2427 1325 τὴν
2479 1251 2581 1323 τῆς
2641 1250 2844 1323 ἀρετῆς
2901 1248 3241 1320 ἀποκύησιν,
3301 1248 3399 1300 καὶ⁸
3453 1262 3744 1317 καρποφο-

2143 1345 2263 1418 ρίας
2290 1343 2685 1415 πνευματικῆς,
2705 1341 3146 1415 χορηγουμένους
3173 1337 3436 1410 δηλονότι,
3481 1335 3744 1408 καθάπερ

2140 1438 2207 1491 ἐκ
2238 1435 2443 1507 μητρδς
2469 1434 2570 1505 τῆς
2611 1432 2879 1504 ἀμπέλου,
2912 1432 3012 1503 τὴν
3046 1429 3107 1497 ἐξ
3157 1429 3329 1500 αὐτῆς
3370 1427 3629 1499 δύναμιν,
3660 1428 3746 1489 είς

2140 1529 2202 1582 τὸ
2227 1527 2484 1583 δύνασθαι
2534 1526 2627 1580 καὶ
2671 1526 2920 1596 ἐνεργεῖν
2953 1541 2967 1555 ·
3002 1526 3115 1588 τοῖς
3147 1539 3212 1593 γε
3258 1521 3365 1593 μὴν
3404 1520 3746 1592 ἀποσπωμέ-

2142 1637 2254 1684 νοις
2310 1620 2521 1691 ὤσπερ,
2578 1619 2696 1691 ἦτοι
2739 1616 3215 1687 διακεκομμένοις,
3277 1615 3381 1686 τῆς
3434 1616 3518 1677 είς
3575 1612 3747 1668 αὐτὸν

2144 1709 2638 1784 σχέσεωςδιάτοῦ
2715 1751 2730 1765 .
2812 1748 2827 1763 .
2908 1751 2922 1765 .
3002 1749 3017 1763 .
3098 1748 3113 1763 .
3192 1746 3207 1761 .
3288 1747 3302 1761 .
3383 1748 3398 1763 .
3478 1704 3749 1775 ,πρὸςᾶ

460 1801 789 1855 necessitate
837 1796 1226 1853 consumendi.
1273 1793 1430 1861 Quod
1464 1794 1613 1849 eiiim
1673 1794 1742 1849 ad
1776 1794 2035 1865 pietatem

2150 1804 2223 1876 μὴ
2267 1804 2399 1869 δεῖν,
2426 1804 2521 1858 καὶ¹
2551 1805 2629 1867 είς
2665 1800 2882 1874 ἀπῳδὸν
2930 1800 3009 1872 τῷ
3032 1798 3152 1870 Θεῷ
3181 1798 3485 1862 πολιτείαν,
3517 1796 3749 1867 οὐδεμία

460 1902 542 1949 est
577 1891 795 1951 inutile,
841 1888 1026 1960 poenis
1060 1888 1276 1943 luendis
1322 1886 1732 1958 quodammodo
1772 1862 1860 1941 est
1918 1884 2042 1939 ido-

2150 1862 2248 1967 μέν
2270 1862 2503 1966 δύναμις
2539 1862 2911 1963 ἐποφθήσεται
2949 1862 3049 1962 της
3078 1862 3158 1953 είς
3198 1889 3399 1963 ἀρετὴν
3436 1862 3746 1954 ἐπιτηδειό-

462 1999 650 2051 neum,
678 1980 1139 2053 quemadmodum
1171 1994 1365 2050 nempe
1393 1985 1445 2034 et
1468 1978 1612 2048 quod
1641 1978 1697 2031 in
1724 1977 2043 2049 palmitibus

463 2085 548 2133 est
598 2076 836 2136 aridum,
892 2072 957 2127 ad
1002 2073 1183 2142 ignem
1228 2070 1405 2126 solum
1452 2077 1538 2124 est
1581 2068 1734 2123 utile.
1793 2066 2043 2135 Quorum

465 2167 733 2223 iudicium
792 2173 848 2221 et
901 2170 1286 2235 argumentum
1335 2176 1529 2219 verum
1577 2168 1633 2217 et
1670 2161 2043 2216 indubitatum

464 2260 729 2331 accipies,
763 2273 871 2312 non
900 2256 1121 2326 quidem
1154 2254 1203 2310 si
1231 2260 1476 2309 veterum
1508 2262 1830 2309 sanctorum
1864 2253 2043 2323 capita

463 2350 755 2421 respicias,
788 2346 882 2402 sed
914 2346 981 2401 ad
1015 2347 1165 2416 ipsos
1212 2350 1438 2399 sanctos
1477 2343 1758 2412 apostolos
1802 2350 2042 2396 mentem

466 2441 744 2497 advertas.
777 2437 843 2493 Ili
872 2436 1053 2501 enim,
1084 2437 1236 2491 nullo
1265 2435 1429 2490 modo
1458 2442 1642 2505 spreta
1668 2433 1877 2491 Christi
1908 2433 2045 2488 dile-

465 2533 682 2597 ctione,
726 2529 822 2585 sed
863 2534 1253 2599 permanentes
1307 2526 1363 2581 in
1411 2540 1510 2595 eo,
1563 2525 1813 2596 nihilque
1854 2523 2043 2595 pietati

462 2637 592 2695 erga
615 2637 741 2679 eum
768 2618 1200 2692 praaponendum
1227 2619 1333 2672 rati
1354 2617 1699 2672 celeberrimi
1730 2616 1858 2671 facti
1890 2623 2042 2679 sunt,

461 2718 813 2786 fructumque
846 2728 964 2770 suae
992 2712 1214 2767 virtulis
1242 2712 1415 2767 totius
1439 2710 1590 2767 orbis
1623 2710 2043 2767 conversionem

461 2809 835 2881 protulerunt,
876 2812 931 2862 et
961 2804 1175 2875 seipsos
1216 2802 1321 2874 piae
1374 2802 1820 2858 conversationis
1856 2816 2045 2856 exem-

460 2903 609 2973 plum
635 2915 733 2955 ceu
764 2899 1037 2954 illustrem
1069 2894 1362 2967 quamdam
1397 2893 1562 2949 terris
1592 2893 1888 2963 imaginem
1918 2906 2046 2962 pro-

460 2998 751 3064 ponentes,
785 2985 1304 3041 immarcescibilem
1340 2984 1527 3055 glorise
1556 2997 1678 3052 quae
1702 2982 1846 3052 apud
1876 2981 2044 3037 Deum

458 3092 549 3141 est
585 3093 851 3136 coronam
884 3076 993 3133 sibi
1051 3085 1388 3147 pepererunt
1408 3075 1477 3130 ⁸⁸.
1539 3072 1676 3130 Vilis
1710 3073 2043 3139 autem‘ille,

2143 2004 2326 2061 τητος,
2355 1987 2470 2041 ἀλλ’
2504 1986 2629 2041 οὐδὲ
2671 1985 2766 2039 τοῦ
2792 1984 3051 2039 δύνασθαι
3094 1984 3208 2045 τοῖς
3247 1982 3312 2034 ἐκ
3346 1979 3446 2050 τῆς
3469 1977 3752 2048 ἀγαθουρ-

2144 2080 2272 2150 γίας
2321 2079 2643 2151 διαπρέπειν
2697 2078 2953 2150 καρποῖς,
3014 2074 3166 2128 ἔσται
3217 2072 3274 2127 δὲ
3310 2071 3534 2144 μᾶλλον,
3574 2070 3652 2133 ὡς
3686 2069 3749 2135 ἐξ

2143 2172 2390 2242 ἀνάγκης
2434 2168 2806 2241 ἀπαραιτήτου
2853 2165 3058 2231 λοιπὸν,
3109 2164 3169 2219 τὸ
3214 2164 3412 2236 χρῆναι
3460 2163 3749 2233 παμφάγῳ

2142 2261 2487 2318 δαπανᾶσθαι
2552 2261 2706 2332 πυρί.
2778 2258 3020 2328 Τὺογὰρ
3092 2257 3364 2329 ἄχρηστον
3445 2258 3526 2319 είς
3593 2255 3751 2307 εὺσέ-
3788 2292 3801 2299 -

2146 2357 2321 2422 δειαν,
2360 2354 2660 2425 ἐπιτήδειόν
2692 2370 2808 2416 πως
2853 2353 2932 2415 είς
2964 2352 3024 2404 τὺ
3074 2350 3231 2413 δίκας
3266 2347 3611 2402 ἀποτιννὺειν
3659 2346 3750 2399 6o-

2144 2452 2253 2515 κεῖ,
2309 2447 2498 2518 ὥσπερ
2549 2441 2643 2500 οὖν
2673 2445 2865 2515 ἀμέλει
2909 2444 3003 2497 καὶ
3034 2443 3095 2495 τὸ
3129 2440 3361 2494 αὑανθέν
3392 2441 3448 2492 ἐν
3481 2438 3746 2510 κλήμασι,

2148 2539 2295 2609 μόνῳ
2331 2538 2599 2609 χρήσιμον
2630 2535 2781 2589 ἔσται
2809 2533 2963 2606 πυρί.
2997 2532 3197 2596 Λάσοις
3224 2531 3267 2583 δ’
3288 2530 3354 2584 ἀν
3381 2530 3491 2583 τῶν
3520 2530 3752 2600 εἰρημέ-

2143 2645 2250 2684 νων
2282 2627 2653 2698 ἀναμφίλογόν
2691 2643 2751 2679 τε
2777 2626 2868 2679 καὶ
2904 2624 3083 2695 ἀληθῆ
3112 2624 3210 2696 τὴν
3228 2622 3521 2686 ἀπόδειξιν,
3552 2622 3617 2674 οὐ
3649 2621 3749 2685 τὰς

2144 2720 2254 2774 τῶν
2348 2718 2594 2790 ἀρχαίων
2650 2718 2819 2786 ἁγίων
2893 2715 3399 2786 περισκοπούμενος
3479 2712 3750 2782 κεφαλὰς,

2145 2812 2259 2869 ἀλλ’
2296 2812 2479 2874 αὐτοῖς
2503 2810 2734 2879 ἐπαφεὶς
2762 2808 2860 2880 τὴν
2882 2806 3119 2861 διάνοιαν
3155 2808 3268 2868 τοῖς
3303 2805 3479 2873 ἁγίοις
3511 2802 3753 2857 ἀποστό-

2146 2905 2278 2968 λοις.
2311 2905 2374 2956 Οἱ
2408 2902 2503 2973 μὲν
2531 2902 2640 2973 γὰρ
2661 2902 2760 2971 τῆς
2792 2901 2870 2963 είς
2895 2897 3130 2971 Χριστδν
3159 2897 3382 2967 ἀγάπης
3409 2895 3531 2949 κατ’
3556 2893 3749 2951 οὐδένα

2145 2996 2344 3067 τρόπον
2393 2993 2850 3063 ὀλιγωρήσαντες,
2898 2987 3365 3060 διαμεμενηκότες
3393 2987 3449 3040 δὲ
3479 2987 3540 3039 ἐν
3573 2985 3747 3055 αὐτῷ,

2148 3085 2242 3139 καὶ
2283 3082 2447 3155 μηδὲν
2493 3081 2629 3145 ὅλως
2674 3076 3071 3151 προτάττεσθαι
3096 3078 3197 3145 τῆς
3254 3078 3335 3142 είς
3374 3075 3540 3131 αὑτὸν
3590 3075 3749 3129 εὐσε-

460 3183 515 3230 οι
544 3173 753 3229 venalis
783 3169 960 3225 Judas
990 3169 1141 3223 tenui
1190 3168 1389 3225 lucello
1436 3175 1654 3238 captus,
1698 3166 1771 3220 ab
1826 3163 2042 3220 intelle-

2150 3175 2303 3239 σείας
2351 3174 2589 3245 οίόμενοι
2645 3171 2780 3234 δεῖν,
2848 3172 3103 3240 γεγόνασι
3168 3169 3534 3240 παναοίδιμοι·
3614 3184 3752 3239 καρ-

460 3264 632 3322 ctuali
663 3263 794 3329 vite,
816 3261 923 3317 hoc
950 3267 1035 3316 est
1066 3259 1311 3324 Christo,
1333 3264 1609 3321 resectos,
1631 3254 2046 3328 quodammodo

460 3357 695 3422 exaruit,
727 3369 836 3409 una
861 3368 988 3409 cum
1030 3352 1291 3423 discipuli
1325 3349 1624 3421 dignitate,
1657 3346 1880 3404 viviliea
1922 3344 2047 3416 Spi-

463 3451 607 3506 ritus
648 3448 852 3503 amissa
888 3445 941 3500 vi
981 3445 1271 3516 qualitate.
1311 3439 1483 3495 Foras
1511 3440 1663 3494 enim
1697 3437 1911 3509 eiectus
1938 3443 2043 3499 est,

457 3544 616 3614 juxta
649 3537 965 3595 Servatoris
1003 3549 1196 3593 vocem
1237 3551 1252 3589 :
1290 3532 1637 3588 abalienatus
1685 3529 1887 3601 quippe
1939 3533 2046 3593 est,

462 3640 628 3703 atque
687 3629 984 3684 ultricibus
1043 3623 1284 3679 flammis
1334 3623 1511 3677 instar
1557 3621 1732 3690 palea:
1786 3617 2045 3673 traditus.

468 3723 686 3779 Utiliter
714 3722 900 3790 itaque
936 3718 1203 3773 Dominus
1235 3721 1428 3770 noster
1468 3712 1633 3768 Iesus
1661 3711 1917 3767 Christus
1947 3723 2047 3764 au-

464 3814 742 3870 ditoribus
774 3812 893 3868 suis
922 3808 1170 3866 ostendit
1200 3814 1407 3878 quanta
1457 3819 1557 3861 eos
1587 3804 1776 3860 laetitia
1832 3808 2050 3857 maneat

463 3907 560 3979 qui
591 3906 697 3964 sibi
727 3904 1008 3959 adbzerere
1036 3898 1288 3963 student,
1324 3905 1380 3954 et
1428 3903 1697 3968 quantum
1732 3903 1923 3951 contra
1961 3893 2051 3964 ja-

464 4010 657 4063 cturus,
704 3997 750 4053 si
796 3996 892 4067 qui
940 4008 970 4049 s
1011 4009 1070 4050 se
1116 3998 1481 4055 resecentur,
1529 3988 1805 4060 duplicem
1855 3986 2052 4042 salutis

466 4092 690 4147 modum
722 4088 1066 4158 excogitans.
1100 4083 1197 4141 Vel
1223 4084 1369 4141 enim
1401 4083 1590 4155 gloria:
1639 4096 1704 4138 ac
1734 4082 1860 4137 vitae
1890 4079 2049 4150 cupi-

466 4184 658 4247 ditate,
686 4182 768 4239 vel
792 4181 935 4253 ignis
966 4178 1224 4249 supplicii
1265 4184 1411 4232 metu
1445 4190 1508 4231 ac
1543 4175 1691 4245 fuga,
1724 4181 1844 4229 toto
1878 4170 2049 4226 animi

468 4273 652 4331 studio
697 4276 745 4329 ei
795 4271 991 4327 fortius
1032 4269 1451 4340 conjungemur.
1506 4266 1822 4338 Agricolam
1863 4273 2048 4318 autem

467 4366 685 4422 Patrem
718 4364 815 4427 ait,
850 4372 1063 4418 naturae
1100 4361 1302 4418 divina:
1337 4362 1743 4432 inspectionem
1779 4357 1834 4412 in
1866 4371 1969 4411 nos
1999 4363 2054 4409 et

469 4472 660 4514 curam
694 4455 1031 4520 attribuens,
1063 4451 1528 4524 quemadmodum
1558 4459 1617 4506 et
1656 4450 1712 4503 in
1742 4447 2051 4517 superiori-

471 4549 574 4607 b'us
615 4547 793 4604 fusius
830 4545 1354 4601 demonstravimus.
1390 4542 1571 4613 Ipsum
1595 4541 1800 4609 quippe
1826 4553 2049 4607 compe-
2084 4530 2129 4585 D

471 4643 680 4697 riemus
710 4656 834 4695 esse
881 4637 1142 4711 agricolae
1184 4651 1432 4700 manum,
1478 4647 1826 4702 nequaquam
1875 4630 1944 4685 ab
1986 4645 2052 4685 eo

468 4733 715 4789 essentia
739 4733 977 4787 alienam
1004 4746 1069 4785 ac
1090 4730 1365 4795 dissitam,
1391 4726 1485 4782 sed
1510 4741 1578 4781 ex
1603 4726 1725 4795 ipso
1747 4733 1801 4780 et
1824 4724 1879 4778 in
1908 4724 2050 4795 ipso,

472 4822 933 4894 quemadmodum
962 4832 1015 4877 et
1044 4822 1098 4876 in
1127 4821 1290 4876 nobis
1315 4817 1511 4873 videre
1542 4815 1692 4871 licet.
1716 4814 1872 4882 Quod
1904 4814 2051 4869 enim

473 4919 675 4969 cuncta
708 4912 819 4967 sint
851 4928 950 4983 per
975 4909 1177 4966 Filium
1198 4950 1215 4976 ,
1244 4909 1408 4980 quasi
1457 4923 1552 4978 per
1587 4921 1812 4962 manum
1850 4905 2051 4971 Patris,

471 5006 637 5078 877
679 5005 860 5075 ipsum
891 5004 961 5061 de
994 5002 1271 5058 creaturis
1300 5000 1620 5070 loquentem
1660 4997 1787 5052 audi
1817 5015 1831 5053 :
1867 5014 1887 5046 ι
1935 4996 2053 5052 Ma-

482 5112 589 5151 nus
624 5110 745 5149 mea
778 5094 910 5150 fecit
951 5094 1069 5149 base
1100 5091 1287 5147 omnia
1308 5090 1393 5144 ὀε
1432 5089 1648 5143 talnetsi
1689 5088 1872 5143 omnia
1910 5085 2054 5142 facta

473 5194 603 5243 sunt
633 5200 728 5255 per
754 5183 985 5245 Filium,
1034 5181 1193 5250 juxta
1238 5187 1463 5235 sanctas
1510 5176 1909 5248 Scripturas".
1945 5177 2056 5233 No-

474 5277 697 5332 tandum
760 5291 892 5330 vero
926 5273 1170 5329 divinum
1227 5270 1461 5325 Paulum
1492 5272 1853 5325 resectionem
1887 5286 2051 5342 quam

475 5368 564 5423 hic
618 5367 1022 5437 intelligimus,
1079 5363 1167 5418 his
1225 5361 1363 5417 forte
1409 5362 1597 5418 verbis
1670 5363 2051 5420 subinnuere:

482 5476 501 5508 ι
538 5454 674 5512 Vide
708 5471 841 5525 ergo
867 5453 1170 5510 bonitatem
1208 5461 1264 5507 et
1292 5454 1639 5508 severitatem
1677 5452 1814 5509 Dei:
1854 5456 1910 5510 in
1955 5470 2054 5511 eos

480 5547 697 5617 quidem
728 5548 822 5618 qui
867 5544 1209 5605 ceciderunt,
1252 5546 1597 5602 severitatem
1630 5564 1643 5602 :
1672 5547 1727 5601 in
1770 5556 1822 5603 te
1870 5556 2053 5602 autem

549 5808 595 5842 ³⁸
629 5808 651 5863 1
680 5804 829 5866 Petr.
856 5825 909 5872 ν.
947 5808 982 5862 4
1060 5808 1101 5840 ¹⁹
1142 5807 1241 5864 lsa.
1276 5827 1433 5875 Lxrl,
1468 5813 1521 5869 ‘2.
1602 5812 1645 5843 ³⁸
1688 5809 1845 5865 Joan.
1887 5827 1944 5878 ι,
1979 5811 2031 5864 5.

2148 3266 2250 3321 πδν
2271 3266 2328 3320 δὲ
2374 3265 2475 3336 τῆς
2513 3264 2722 3318 ἑαυτῶν
2769 3264 2968 3335 ἀρετῆς
3014 3262 3222 3329 ἔδειξαν
3255 3261 3353 3333 τὴν
3395 3260 3749 3331 οἰκουμένην,

2147 3360 2241 3413 καὶ
2270 3356 2515 3428 φιλοθέου
2553 3354 2828 3420 πολιτείας
2858 3353 3242 3425 ὑπογραμμὸν,
3276 3352 3343 3406 τὰ
3373 3351 3494 3407 καθ’
3523 3351 3752 3414 ἑαυτοὺς

2148 3450 2459 3516 ἀναθέντες,
2521 3448 2775 3520 καθάπερ
2831 3448 3018 3502 εἰκόνα
3075 3449 3141 3519 τῇ
3195 3446 3407 3518 ὑφηλίῳ
3460 3444 3749 3518 λαμπρὰν,

2149 3541 2240 3597 τὸν
2300 3542 2617 3613 ἀμάραντον
2669 3538 2770 3610 τῆς
2828 3539 2981 3611 παρά
3047 3538 3168 3609 Θεῷ
3226 3538 3384 3608 δόξης
3428 3535 3752 3590 ἐνεδύσαντο

2151 3633 2434 3703 στέφανον.
2469 3633 2530 3686 '0
2560 3631 2617 3685 δὲ
2678 3633 2897 3703 μικροῖς
2928 3631 3216 3702 ἀργυρίοις
3272 3628 3632 3700 σαγηνευθεὶς
3673 3629 3751 3692 είς

2150 3724 2448 3790 ἀπώλειαν,
2502 3723 2645 3795 φημὶ
2689 3722 2746 3775 δὲ
2784 3723 2877 3776 τδν
2920 3722 3120 3793 εὐχερῆ
3176 3738 3237 3774 τε
3266 3722 3361 3774 καὶ
3416 3718 3753 3772 εὐωνότατον

2163 3813 2386 3880 Ἰούδαν,
2463 3811 2806 3883 ἀποτμηθεὶς
2886 3811 2989 3880 τῆς
3050 3809 3302 3881 ἀμπέλου
3366 3808 3464 3879 τῆς
3529 3808 3748 3877 νοητῆς,

2151 3905 2296 3962 τοῦτ’
2331 3905 2447 3961 ἐστι
2511 3904 2770 3977 Χριστοῦ,
2826 3884 3205 3975 κατεξηράνθη
3240 3901 3437 3974 τρόπον
3484 3899 3630 3965 τινὰ,
3674 3900 3753 3969 τῷ

2152 3997 2254 4068 τῆς
2285 3995 2586 4069 μαθητείας
2608 3994 2899 4066 ἀξιώματι.
2926 3995 3022 4049 καὶ
3044 3990 3143 4065 τὴν
3171 3993 3433 4056 ζωοποιδν
3452 3991 3547 4045 τοῦ
3583 3991 3753 4045 πνεύ-

2157 4105 2329 4159 ματος
2380 4086 2646 4158 ποιότητα
2696 4083 3110 4141 συναποϐαλών.
3148 4083 3413 4153 Βέϐληται
3476 4080 3587 4152 γὰρ
3627 4080 3753 4145 ἔξω,

2152 4180 2298 4234 κατά
2327 4177 2425 4250 τὴν
2457 4177 2551 4232 τοῦ
2591 4177 2847 4248 Σωτῆρος
2892 4176 3096 4247 φωνήν⁸
3153 4171 3589 4245 ἀπηλλοτρίωται
3621 4172 3752 4243 γὰρ.

2153 4274 2248 4327 καὶ
2276 4274 2413 4344 πυρὶ
2468 4271 2545 4344 τῷ
2599 4270 2881 4335 κολάζοντι
2929 4266 3197 4339 συρφετοῦ
3257 4263 3532 4336 παρεδόθη
3576 4262 3753 4334 δίκην.

2153 4365 2457 4436 Χρησίμως
2520 4357 2613 4416 οὖν
2670 4360 2776 4433 ἀρα
2829 4361 2943 4421 τοῖς
3016 4356 3391 4430 ἀκροωμένοις
3455 4355 3485 4407 6
3549 4353 3756 4422 Κύριος

2155 4456 2314 4527 ἡμῶν
2359 4454 2568 4527 Ἰησοῦς
2600 4455 2628 4507 6
2662 4452 2925 4524 Χριστὸς,
2965 4450 3067 4522 τήν
3108 4466 3168 4503 τε
3230 4450 3294 4501 ἐκ
3337 4446 3432 4500 τοῦ
3474 4445 3756 4517 προσηλῶο

2159 4549 2283 4603 σθαι
2324 4546 2643 4612 σπουδάζειν
2683 4545 2831 4615 αὐτῷ
2860 4541 3177 4615 παρέδειξεν
3222 4540 3506 4611 εὐθυμίαν,
3534 4540 3630 4592 καὶ
3661 4539 3757 4607 τὴν

2159 4642 2224 4694 ἐκ
2252 4639 2345 4693 τοῦ
2375 4639 2767 4710 παρακοπῆναι
2795 4632 3000 4705 ζημίαν
3049 4629 3495 4702 ἀντιπαρίστησι,
3534 4626 3758 4681 διπλοῦν

2159 4733 2454 4802 ἐπινοήσας
2482 4730 2581 4800 τῆς
2620 4727 2891 4798 σωτηρίας
2918 4725 3010 4779 τὸν
3037 4723 3257 4794 τρόπον.
3317 4722 3387 4775 Ἣ
3420 4720 3530 4791 γὰρ
3574 4720 3761 4787 ἐφέσει

2159 4823 2226 4891 τῇ
2290 4820 2427 4891 πρὸς
2484 4817 2642 4883 δόξαν
2708 4815 2890 4887 ὁρώσῃ
2942 4815 3036 4868 καὶ
3090 4811 3255 4882 ζωὴν,
3310 4812 3477 4883 ῆγουν
3521 4809 3584 4862 τὸ
3628 4809 3757 4879 πυρῖ

2160 4909 2487 4975 κολάζεσθαι
2560 4906 2989 4979 παραιτούμενοι
3035 4904 3133 4973 τῆς
3201 4903 3337 4973 πρὸς
3396 4900 3563 4953 αὑτὸν
3633 4916 3759 4952 συν·

2160 5004 2358 5074 αφείας
2395 5000 2676 5071 ὁλοκλήρῳ
2730 4999 2810 5070 τῷ
2850 4999 2947 5067 τῆς
2993 4996 3236 5058 διανοίας
3291 4995 3428 5063 τόνῳ
3482 4990 3768 5045 σπουδαιό-

2159 5111 2321 5165 τερον
2349 5091 2669 5160 ἀνεξόμεθα.
2703 5089 2952 5160 Γεωργδν
3007 5086 3063 5140 δέ
3104 5101 3238 5157 φησι
3268 5084 3362 5137 τὸν
3412 5080 3657 5151 Πατέρα,
3693 5082 3761 5150 τῇ

2163 5185 2284 5256 θείᾳ
2330 5182 2489 5253 φύσει
2540 5182 2715 5245 διδοὺς
2769 5180 2877 5234 τῶν
2924 5178 3048 5234 καθ’
3090 5178 3241 5249 ἡμᾶς
3292 5174 3394 5245 τὴν
3442 5172 3761 5242 ἐπίσκεψιν.

2165 5272 2309 5328 καθά
2334 5273 2430 5327 καὶ
2459 5273 2515 5324 ἐν
2562 5274 2675 5336 τοῖς
2712 5269 2972 5341 ἀνωτέρω
3011 5267 3101 5322 διὰ
3132 5264 3342 5320 πολλῶν
3375 5266 3510 5336 ἡμῖν
3538 5261 3755 5317 ἀπεδείο

2161 5363 2266 5435 χθη
2313 5362 2505 5433 λόγων.
2556 5361 2928 5433 Εὑρεθήσεται
2971 5357 3080 5430 γὰρ
3130 5356 3395 5425 ὑπάρχων
3442 5352 3612 5415 αὐτὸς
3666 5349 3761 5404 τοῦ

2160 5455 2530 5525 γεωργοῦντος
2559 5457 2591 5525 ἡ
2620 5455 2761 5525 χεὶρ,
2792 5454 2889 5523 οὐχ
2917 5451 3080 5521 ἑτέρα
3104 5448 3235 5520 παρ’
3275 5446 3437 5502 αὑτὸν
3466 5445 3761 5515 νοουμένη,

2163 5548 2304 5602 κατά
2338 5564 2399 5616 γε
2428 5547 2488 5601 τὸ
2519 5545 2801 5618 ὁμοούσιον
2832 5545 2926 5598 καὶ
2958 5542 3015 5609 ἐξ
3047 5538 3215 5594 αὑτοῦ
3275 5555 3337 5593 τε
3371 5537 3467 5591 καὶ
3495 5539 3554 5591 ἐν
3585 5533 3764 5606 αὐτῷ,
