3938 6406
169 381 281 436 εϐΰ
1244 377 1311 432 IN
1351 374 1635 434 JOANNIS
1672 377 1793 431 EVA

1908 375 2123 432 ELIUM
2165 373 2294 430 LIB.
2334 368 2402 428 XL
3350 379 3458 435 566

167 494 435 564 καθάπερ
484 489 578 548 οὗν
631 494 746 547 ἔστι
801 496 895 547 καὶ
920 495 1002 564 ἐφ’
1059 495 1215 565 ἡμῶν
1269 495 1442 558 οὕτως
1471 495 1595 565 ἔχον
1625 495 1773 548 ἰδεῖν.

1904 493 2194 549 ionitatetn
2241 491 2359 554 Dei,
2393 493 2439 549 si
2498 495 2872 563 perinanSeris
2920 496 2972 550 in
3008 497 3252 554 bonitate
3282 541 3293 554 .
3323 500 3461 555 alio—

169 586 307 637 Ὀτι
345 585 455 656 γὰρ
477 586 544 639 δι’
573 584 702 637 1⁸ἰοῦ
728 585 797 637 τε
828 586 1027 650 πάντα,
1060 586 1311 656 καθάπερ
1341 585 1430 638 διὰ
1468 584 1647 655 χειρὸς
1677 584 1770 638 τοῦ

1904 587 2016 655 ιυίιι
2047 593 2101 638 et
2132 595 2188 638 ιιι
2223 585 2581 640 excideris".
2623 606 2640 637 ι

167 677 597 749 Πατρὸς,αύτοῦ
621 677 868 746 λέγοντος
898 678 1128 732 ἄκουσον
1147 678 1274 748 περὶ
1300 677 1408 730 τῶν
1441 679 1772 746 κτισμάτων
1822 697 1840 726 ‹
1889 677 1950 730 Ἡ
1997 677 2118 748 χείρ
2171 695 2271 747 μου
2307 677 2529 749 ἐποίησε
2583 678 2755 732 ταῦτα
2791 679 2987 745 πάντα,
3030 698 3050 733 ι
3132 683 3308 736 καίτοι
3356 683 3464 736 τῶν

167 773 402 827 πάντων
433 773 735 842 γεγονότων
765 772 834 826 δι’
859 773 1012 838 Υἰοῦ,
1041 774 1182 828 κατά
1235 773 1335 836 τὰς
1369 774 1528 842 ἁγίας
1592 774 1834 845 Γραφάς.
1873 775 2218 845 Σημειωτέον
2252 775 2332 842 δὲ,
2363 775 2446 828 ὅτι
2474 775 2564 828 καὶ
2601 776 2628 826 ὁ
2670 773 2952 838 Θεσπέσιος
2986 774 3218 842 Παῦλος,
3257 774 3352 846 τὴν
3383 775 3467 828 ἐν-

166 869 301 922 θάδε
337 867 638 937 νοουμένην
673 868 807 938 ἡμῖν
834 866 1208 920 ὑπαινίττεται
1243 867 1437 938 τομὴν,
1486 868 1534 919 εἰ
1567 867 1660 920 καὶ
1701 867 1776 939 μὴ
1817 867 1893 931 ὡς
1922 866 2166 938 ἄμπελον
2204 868 2312 939 [τσ.
2337 867 2610 939 ἀμπέλου]
2641 867 2821 937 τυχὸν,
2855 867 3000 922 οὕτω
3037 869 3232 937 λέγων·
3288 886 3307 920 ι
3356 865 3463 919 Ἴδε

168 955 260 1013 οὖν
340 959 690 1030 χρηστότητα
738 959 833 1012 καὶ
885 960 1187 1030 ἀποτομίαν
1224 959 1381 1014 Θεοῦ⁹
1442 960 1534 1015 ἐπὶ
1585 960 1685 1030 μὲν
1711 961 1838 1022 τοὺς
1873 962 2135 1025 πεσόντας
2193 961 2518 1033 ἀποτομίαν,
2583 963 2673 1014 ἐπὶ
2735 961 2792 1015 δὲ
2852 963 2910 1016 σὲ
2955 963 3321 1033 χρηστότητα,
3369 961 3465 1016 ἐὰν

169 1053 469 1126 ἐπιμείνῃς
508 1055 574 1124 τῇ
618 1052 948 1124 χρηστότητι
985 1071 1002 1086 ο
1027 1053 1152 1106 ἐπε)⁵
1191 1053 1286 1108 καὶ
1313 1055 1377 1109 σὺ
1407 1057 1709 1126 ἐκκοπήσῃ.
1753 1074 1771 1106 ι

250 1145 397 1199 Ἐὰν
446 1147 686 1215 μείνητε
712 1148 783 1200 ὲν
813 1147 963 1216 ἐμοὶ,
1020 1147 1118 1201 καὶ
1150 1147 1222 1202 τὰ
1265 1148 1508 1216 ῥήματά
1535 1167 1656 1218 μου
1712 1149 1782 1203 ἐν

168 1236 318 1307 ὑμῖν
334 1238 542 1306 μείνῃ,
570 1238 600 1292 ὂ
634 1239 745 1293 ἐὰν
775 1241 989 1307 θέλητε
1026 1240 1373 1309 αἰτήσεσθε,
1407 1243 1502 1295 καὶ
1537 1243 1784 1311 γενήσε-

165 1347 260 1384 ται
283 1329 458 1398 ὑμῖν.

249 1422 446 1487 Ῥίζαν
478 1420 702 1477 ἔσεσθαί
728 1441 892 1494 φησιν
921 1425 1210 1495 εὐμενείας
1239 1426 1422 1490 αὐτοῖς
1448 1427 1546 1498 τῆς
1578 1427 1784 1482 ἀνωτά·

159 1528 262 1577 τω,
309 1515 378 1568 τὸ
409 1516 846 1584 προσκολλᾶσθαι
873 1517 1048 1586 φιλεῖν
1093 1519 1446 1589 ἀδιατμήτως
1470 1520 1641 1589 αύτῷ,
1687 1521 1784 1574 καὶ

162 1606 470 1673 φυλάττειν
561 1607 621 1658 ἐν
692 1607 793 1677 νῷ,
866 1609 1121 1680 καθάπερ
1187 1610 1310 1664 τινὰ,
1387 1613 1783 1684 παρακαταθή-

1957 1139 2076 1205 XV,
2105 1141 2156 1196 7.
2197 1140 2256 1196 Si
2288 1143 2592 1196 manseritis
2621 1144 2674 1196 in
2712 1160 2812 1207 nte,
2855 1154 2903 1198 et
2941 1146 3095 1200 verba
3141 1164 3257 1202 mea
3289 1149 3343 1202 in
3379 1166 3466 1206 vo—

1882 1235 1960 1289 bis
1993 1235 2306 1298 manserint,
2348 1232 2691 1305 quodcunque
2717 1235 2988 1290 volueritis
3047 1241 3253 1307 petatis,
3280 1249 3332 1295 et
3371 1241 3467 1312 fiet

1880 1327 2044 1382 vobis.

1951 1418 2216 1475 Radit-em
2245 1423 2325 1476 eis
2370 1437 2625 1493 supernae
2675 1422 3073 1479 benevolentiae
3110 1423 3228 1479 fore
3275 1425 3372 1490 ait,
3413 1425 3464 1482 si

1882 1509 1990 1566 sibi
2023 1511 2470 1582 inseparabiliter
2520 1513 2860 1578 adhaereant,
2909 1523 2964 1570 et
3011 1515 3068 1570 in
3099 1516 3286 1572 animo
3328 1531 3466 1572 con-

1882 1609 2105 1657 servent
2148 1602 2396 1657 divinum
2439 1604 2610 1660 veluti
2643 1605 2920 1676 quoddam
2959 1621 3026 1661 ac
3074 1607 3325 1677 spiritale
3369 1607 3466 1662 de-

162 1714 275 1766 κην
308 1697 465 1750 θείαν
488 1714 549 1750 τε
579 1699 674 1752 καὶ
724 1702 1122 1773 πνευματικὴν,
1172 1703 1271 1774 τὴν
1302 1705 1782 1776 ἀκραιφνεστάτην

1904 1693 2146 1756 ιοείιιιω,
2171 1695 2524 1764 purissimam
2549 1710 2753 1767 nempe
2785 1697 3115 1767 evangelicae
3147 1698 3462 1771 disciplinae

159 1788 277 1840 τῶν
306 1789 684 1856 εὐαγγελικῶν
703 1792 1108 1862 παιδευμάτων,
1144 1795 1240 1848 καὶ
1267 1794 1376 1848 τῶν
1391 1796 1484 1848 ἐπὶ
1499 1799 1567 1866 τῇ
1593 1795 1778 1849 πίστει

1904 1793 1934 1838 :t
1981 1800 2167 1840 veram
2205 1785 2327 1841 ﬁdei
2369 1785 2686 1856 dogmatum
2723 1788 3059 1854 doctrinam,
3114 1805 3178 1847 ac
3225 1793 3463 1849 sinceris

158 1877 464 1948 δογμάτων
491 1878 591 1950 τὴν
613 1881 788 1952 ἀληθῆ
812 1899 871 1935 τε
898 1882 1067 1946 ὅντως
1098 1883 1400 1949 παίδευσιν,
1428 1886 1519 1941 καὶ
1543 1885 1774 1957 εἰλικρι-

1904 1876 2310 1946 :ogitationibus
2350 1877 2641 1934 munitam.
2706 1879 2764 1934 ln
2813 1879 2900 1935 his
2947 1881 3093 1935 enim
3151 1882 3465 1940 Servatoris

161 1970 318 2024 νέσιν
373 1971 610 2033 ἐννοίαις
647 1975 1146 2048 κατωχυρωμένην.
1193 1977 1281 2030 Ἐν
1333 1977 1442 2048 γὰρ
1474 1977 1538 2049 δὴ
1565 1952 1777 2040 τούτοις

1904 1969 2060 2023 ιωηὶε
2099 1982 2284 2025 sermo
2325 1977 2601 2038 versatur,
2652 1970 2700 2025 si
2760 1969 3182 2042 Evangeliorum
3233 1989 3464 2045 scopum

163 2063 305 2131 ἡμῖν
334 2061 560 2132 σύμπας
606 2063 672 2116 ἂν
705 2065 791 2134 εἰη
835 2066 929 2118 τοῦ
962 2068 1213 2139 Σωτῆρος
1242 2069 1270 2122 ό
1317 2069 1497 2138 λόγος,
1526 2072 1574 2123 εἰ
1601 2070 1693 2123 τὸν
1720 2072 1778 2124 ἐν

1904 2059 2168 2116 ittendere
2200 2060 2456 2117 velimus.
2500 2061 2659 2127 Quod
2691 2062 2838 2117 enim
2871 2062 3132 2121 Christus
3171 2065 3320 2121 bona
3368 2082 3465 2136 pe—

159 2157 281 2216 τοῖς
350 2152 705 2222 Εὐαγγελίοις
758 2157 1132 2229 περιαθρῆσαι
1193 2160 1394 2214 σκοπὸν
1454 2161 1776 2233 θελήσομεν.

1906 2153 2127 2209 entibus
2189 2155 2579 2212 incunctanter
2634 2155 2962 2227 largiturum
3029 2174 3089 2215 se
3145 2159 3461 2228 pollicetur,

158 2243 242 2297 Τὸ
273 2245 388 2316 γὰρ
436 2249 551 2308 τοῖς
599 2247 844 2300 αἰτοῦσιν
886 2249 1154 2319 ἀμελλητὶ
1188 2251 1466 2323 διανέμειν
1507 2253 1576 2306 τὰ
1600 2253 1782 2322 ἀγαθά

1904 2246 2152 2316 tumquid
2183 2247 2334 2302 clare
2370 2246 2667 2303 admodum
2699 2247 2850 2304 istud
2876 2249 3129 2319 polliceri
3178 2251 3468 2310 dicemus?

158 2336 724 2404 κατεπαγγέλλεσθαι
772 2337 860 2391 τὸν
889 2339 1144 2408 Χριστὸν,
1196 2341 1312 2405 πῶς
1341 2343 1461 2413 οὐχὶ
1490 2342 1649 2397 τοῦτο
1687 2344 1780 2397 καὶ

1904 2336 2022 2402 )uid
2051 2346 2235 2392 autem
2265 2339 2372 2394 sibi
2398 2348 2664 2410 praeterea
2689 2340 2844 2401 velit.
2870 2351 2925 2397 et
2946 2358 3070 2413 qua:
3089 2359 3220 2400 vera
3253 2345 3326 2400 sit
3356 2346 3464 2401 loci

163 2426 322 2496 μάλα
358 2427 550 2497 σαφῶς
596 2429 898 2496 ἐγγυᾶσθαι
925 2433 1206 2502 φήσομεν;
1235 2435 1298 2486 Τί
1330 2434 1386 2487 δὲ
1418 2435 1483 2501 δὴ
1533 2434 1781 2504 βούλεται

1904 2427 2050 2497 iujus
2105 2428 2420 2493 sententia,
2483 2429 2934 2501 investigandum
2985 2433 3262 2489 arbitror:
3331 2453 3350 2486 ι
3406 2435 3466 2492 Si

159 2518 310 2588 πρὸς
342 2517 554 2583 τούτοις
581 2523 712 2591 ἡμῖν
753 2523 848 2574 καὶ
915 2524 1009 2576 τοῦ
1051 2524 1210 2593 λόγου
1237 2525 1298 2578 τὸ
1333 2526 1579 2596 ἀκριϐὲς,
1629 2529 1784 2596 ἐρευ-

1904 2519 2223 2587 nanseritis,
2251 2519 2451 2590 inquit,
2495 2521 2550 2576 in
2607 2537 2714 2585 me,
2745 2530 2800 2578 et
2830 2524 2998 2578 verba
3048 2539 3169 2579 mea
3205 2526 3262 2580 in
3308 2525 3467 2581 vobis

159 2610 334 2680 νῆσαι
366 2611 481 2665 δεῖν
521 2611 908 2683 ὑπολαμϐάνω.
948 2633 968 2664 ι
1039 2616 1162 2669 Ἐὰν
1209 2617 1451 2688 μείνητε,
1490 2620 1674 2689 φησὶν,
1725 2623 1782 2673 ἐν

1906 2611 2214 2672 nanserint,
2245 2610 2616 2682 quodcunque
2660 2613 2970 2679 volueritis,
2999 2615 3220 2684 petetis,
3265 2623 3321 2670 ct
3375 2615 3470 2672 [iet

161 2701 296 2769 ἐμοὶ
329 2703 426 2755 καὶ
457 2702 527 2756 τά
558 2705 782 2774 ῥήματά
810 2723 912 2775 μου
958 2707 1015 2759 ἐν
1047 2709 1176 2776 ὑμῖν
1213 2709 1393 2781 μείνῃ,
1424 2709 1452 2761 ὃ
1493 2710 1586 2763 ἐὰν
1618 2709 1781 2780 θέλη-

1904 2702 2064 2756 ιοὺὶε.
2103 2720 2122 2752 ι
2172 2699 2317 2756 Fieri
2350 2701 2499 2756 enim
2540 2702 2768 2758 omnino
2799 2719 2962 2774 posse
2993 2705 3359 2762 concedemus
3408 2716 3469 2761 ut

160 2811 227 2846 τε
279 2796 606 2866 αἰτήσεσθε,
661 2798 754 2851 καὶ
802 2801 1095 2866 γενήσεται
1146 2802 1294 2869 ὑμῖν.
1328 2819 1345 2852 ι
1395 2802 1642 2868 Ἐφικτὸν
1676 2804 1785 2874 γὰρ

1909 2808 1941 2846 n
1967 2791 2189 2848 Christo
2218 2793 2343 2862 quis
2375 2804 2614 2861 maneat,
2659 2810 2768 2849 non
2797 2805 2980 2852 tamen
3021 2796 3078 2852 in
3131 2798 3315 2870 seipso
3345 2799 3469 2870 ejus

159 2887 306 2950 ὅλως
341 2888 464 2958 δοίη
493 2905 577 2952 τις
608 2888 678 2942 ἂν
730 2891 790 2943 τὸ
832 2892 1013 2960 μένειν
1041 2892 1098 2944 ἐν
1130 2893 1354 2963 Χριστῷ
1393 2891 1673 2958 δύνασθαι,
1709 2895 1785 2964 μὴ

1904 2901 2108 2956 pioque
2149 2887 2314 2942 verba
2351 2886 2572 2942 habeat.
2631 2886 2709 2942 Ita
2746 2905 2979 2959 prorsus
3015 2891 3354 2949 cordatiorcs
3391 2893 3473 2948 lo—

165 2979 279 3049 μήν
302 2978 454 3048 ἔχειν
493 2982 551 3033 ἐν
591 2979 768 3051 ἐαυτῷ
813 2984 905 3035 καὶ
935 2984 1058 3046 τοὺς
1090 2982 1257 3036 αὑτοῦ
1293 2983 1504 3052 λόγους.
1534 2985 1641 3038 Ναὶ
1695 2986 1782 3056 δὴν

1904 2989 2143 3048 ιιιειιιιιτ.
2183 2976 2494 3035 Meminerit
2531 2981 2675 3036 enim
2708 2981 2990 3038 studiosus
3031 2985 3250 3040 auditor
3293 2987 3467 3056 quod.

162 3073 330 3138 φαῖεν
380 3071 493 3140 γὰρ
541 3071 606 3124 ἂν
641 3074 870 3136 εἰκότως
900 3075 949 3126 oi
993 3076 1255 3144 φρονήσει
1306 3075 1781 3146 διαπρεπέστεροι.

1904 3083 2014 3125 :um
2055 3070 2370 3127 dilectionis
2424 3070 2479 3126 in
2525 3071 2807 3128 Christum
2860 3075 3133 3132 rationem
3178 3078 3471 3149 indagare-

166 3165 586 3232 Διαμεμνήσθω
610 3165 719 3236 γάρ
735 3168 762 3218 ὁ
788 3165 1066 3235 φιλήκοος,
1087 3168 1169 3220 ὅτι
1194 3167 1284 3220 τον
1314 3167 1413 3236 τῆς
1445 3170 1525 3232 εἰς
1549 3170 1785 3240 Χριστὸν

1904 3178 2036 3230 nus,
2071 3171 2126 3218 et
2148 3179 2398 3234 quaenam
2429 3174 2578 3221 esset
2611 3181 2789 3236 quove
2818 3175 2981 3238 pacto
3020 3167 3174 3225 fieret
3205 3185 3471 3241 perscru-

165 3257 398 3326 ἀγάπης
433 3257 852 3328 διερευνώμενοι
892 3258 1113 3329 τρόπον,
1160 3259 1245 3322 τίς
1279 3276 1337 3312 τε
1366 3259 1472 3330 εἴη,
1499 3261 1592 3313 καὶ
1637 3261 1783 3325 ὅπως

1904 3261 2177 3318 Laremur,
2226 3245 2502 3325 duplicem
2541 3257 2685 3311 viam
2740 3260 3026 3314 continere
3075 3259 3339 3327 diximus,
3373 3277 3474 3332 per

169 3349 242 3404 ἂν
321 3349 544 3417 γένοιτο
611 3350 793 3413 καλῶς
858 3351 1267 3421 δοκιμάζοντες,
1343 3352 1525 3423 διττὴν
1597 3353 1783 3423 ἐλέγο-

1904 3344 2053 3399 [idem
2085 3345 2346 3400 nimirum
2389 3349 2537 3403 omni
2568 3365 2635 3404 ex
2673 3356 2827 3419 parte
2873 3350 3260 3422 inculpabilem
3307 3361 3475 3425 atque

172 3459 276 3513 μεν
317 3443 470 3514 ἔχειν
499 3443 640 3506 ὁδὸν,
669 3443 811 3513 φημὶ
841 3443 898 3497 δὲ
925 3444 1022 3512 τὴν
1039 3443 1129 3497 διὰ
1155 3444 1416 3508 πίστεως,
1447 3445 1546 3515 τῆς
1575 3446 1717 3500 κατά
1737 3463 1788 3498 τι

1904 3451 2182 3506 operosam
2228 3437 2376 3492 illam
2417 3449 2472 3492 et
2501 3439 2556 3492 in
2589 3440 2803 3510 agendo
2837 3441 3099 3510 positam,
3137 3458 3260 3512 quae
3292 3451 3345 3498 et
3376 3457 3476 3514 per

168 3533 308 3603 γοῦν
339 3535 668 3588 ἀνυπαιτίου
728 3534 1027 3600 παντελῶς,
1081 3536 1176 3589 καὶ
1207 3536 1306 3606 τῆς
1335 3538 1454 3590 κατ’
1510 3537 1790 3608 ἐνέργειαν

1904 3531 2172 3586 sinceram
2209 3531 2538 3586 charitatem
2587 3532 2890 3588 inducitur.
2937 3532 3071 3600 Quae
3119 3549 3246 3589 eum
3297 3536 3373 3590 ita
3413 3550 3477 3592 se

170 3626 522 3698 πρακτικῆς,
570 3626 604 3697 ἦ
653 3627 748 3679 καὶ
776 3627 864 3683 διὰ
911 3627 1011 3696 τῆς
1046 3627 1373 3698 εἰλικρινοῦς
1395 3628 1614 3700 ἀγάπης
1649 3647 1791 3702 παρ-

1904 3622 2101 3677 aabere
2135 3623 2452 3687 credamus,
2481 3623 2798 3694 quicunque
2829 3625 3240 3694 coniunctionis
3265 3626 3352 3682 vel
3377 3641 3477 3683 ne-

174 3719 542 3787 εισκρίνεται.
613 3718 800 3787 Ἔχειν
827 3719 882 3772 δὲ
947 3717 1121 3784 οὕτως
1173 3722 1303 3790 ἡμῖν
1335 3722 1790 3792 πεπιστευμένων

1904 3715 2248 3769 cessitudinis
2310 3714 2533 3770 modum
2591 3731 2699 3770 non
2756 3715 3052 3770 admodum
3102 3724 3472 3779 constantem.

171 3811 290 3864 τῶν
325 3811 529 3877 λόγων,
584 3811 633 3862 οἱ
665 3809 763 3879 μὲν
794 3810 854 3862 ού
899 3809 1019 3864 λίαν
1070 3810 1291 3881 ἀσφαλῆ
1341 3812 1434 3866 καὶ
1461 3812 1790 3866 εὐκάθεκτον

1904 3807 1988 3862 sed
2020 3808 2190 3861 levem
2219 3821 2283 3860 ac
2314 3805 2562 3877 fragilem
2603 3808 2814 3873 colunt,
2853 3806 3017 3863 nudis
3040 3814 3253 3862 tantum
3289 3807 3474 3864 verbis

173 3904 270 3957 τὸν
293 3905 397 3973 τῆς
423 3901 747 3971 συναφείας,
771 3901 888 3972 ἦτοι
910 3902 1006 3972 τῆς
1027 3903 1360 3972 οἰκειότητος
1377 3903 1788 3974 ἐπιτηδεύοντες

1904 3898 2055 3952 lidetn
2105 3898 2472 3968 proﬁtentes.
2522 3897 2771 3968 adeoque
2831 3913 2930 3968 per
2979 3897 3154 3952 bonas
3223 3897 3474 3955 actiones

175 3996 411 4066 τρόπον,
461 3994 623 4064 ψιλὴν
656 3992 753 4064 τὴν
795 3994 852 4046 ἐν
886 3993 1063 4060 λόγοις
1119 3993 1551 4064 ὁμολογήσαντες
1585 3993 1788 4058 πίστιν,

1904 3991 2218 4048 :haritatem
2252 3991 2318 4044 ad
2350 3989 2752 4060 perfectionem
2783 4003 2895 4043 non
2925 3989 3316 4059 suscipientes,
3355 4005 3475 4044 ma-

176 4091 280 4158 τήν
308 4104 376 4155 γε
437 4087 544 4156 μὴν
573 4085 660 4139 διά
698 4083 807 4136 τῶν
855 4084 1300 4155 κατορθωμάτων
1346 4086 1426 4148 εἰς
1476 4085 1792 4155 τελειότητα

1904 4091 2026 4139 nent
2053 4082 2273 4152 quidem
2298 4081 2354 4136 in
2389 4081 2637 4146 Christo,
2682 4081 2947 4136 nimirum
2978 4080 3376 4150 conjunctione
3405 4080 3475 4135 ﬁ-

184 4178 581 4250 μορφουμὲνην
647 4176 868 4244 ἀγάπην
925 4177 1026 4229 οὔκ
1087 4175 1508 4246 ἐπιδεξάμενοι,
1569 4176 1790 4248 μένουσι

1904 4175 2005 4238 dei,
2042 4181 2098 4229 et
2131 4174 2260 4244 quia
2304 4172 2372 4226 ad
2423 4171 2664 4226 alienum
2709 4171 2918 4226 cultum
2951 4169 3019 4225 ab
3061 4187 3127 4226 eo
3157 4185 3267 4225 non
3311 4169 3473 4226 deﬂe-

185 4271 288 4341 μὲν
331 4274 391 4324 ἐν
416 4267 660 4339 Χριστῷ,
690 4269 834 4322 κατά
861 4285 924 4337 γε
963 4269 1060 4338 τὴν
1086 4271 1149 4322 ὲκ
1179 4267 1272 4322 τοῦ
1313 4269 1599 4323 πιστεῦσαι
1629 4269 1791 4340 τυχὸν

181 4363 524 4432 οἰκειότητα,
561 4361 655 4412 καὶ
689 4360 779 4412 διὰ
811 4357 905 4412 τοῦ
956 4361 1031 4431 μὴ
1065 4361 1200 4432 πρὸς
1238 4361 1430 4430 ἑτέραν
1487 4361 1792 4432 ἐξοίχεσθαι

183 4454 470 4527 λατρείαν.
495 4451 696 4506 Οὐκέτι
719 4451 882 4506 δὲκαὶ
901 4455 1028 4515 τοὺς
1047 4452 1240 4520 λόγους
1263 4453 1476 4523 ἔχοντες
1500 4455 1558 4506 ἐν
1580 4455 1792 4520 ἑαυτοῖς

184 4544 712 4615 καταληφθησονται
768 4544 862 4597 τοῦ
912 4543 1172 4616 Χριστοῦ.
1231 4545 1342 4597 Καὶ
1393 4545 1513 4615 οὐχὶ
1540 4545 1604 4614 δὴ
1634 4545 1794 4598 τοῦτο

1893 4273 2072 4331 ciunt,
2100 4279 2210 4319 non
2239 4263 2354 4332 jam
2387 4270 2571 4317 tamen
2602 4261 2772 4317 verba
2803 4261 3018 4317 Christi
3046 4261 3103 4316 in
3139 4261 3337 4331 seipsis
3375 4260 3472 4315 ha-

1894 4357 2024 4413 bere
2065 4354 2570 4428 deprchendemur.
2616 4352 2804 4426 Neque
2851 4368 2981 4409 vero
3025 4353 3195 4425 878
3239 4351 3475 4408 dicimus

1893 4463 1990 4505 eos
2044 4447 2376 4518 evangelicae
2439 4446 2851 4517 praedicationis
2910 4445 3114 4500 oblitos
3181 4445 3475 4500 verborum

1899 4538 2220 4596 Servatoris
2255 4555 2381 4595 esse
2409 4555 2639 4609 prorsus
2671 4539 3040 4602 immemores,
3076 4536 3170 4592 sed
3199 4535 3476 4612 illecebris

185 4640 414 4701 πάντως
444 4637 642 4707 φαμὲν,
667 4637 750 4690 ὅτι
787 4635 930 4709 λήθῃ
953 4635 1371 4707 καταχώσαντες
1403 4637 1511 4690 τῶν
1544 4637 1791 4704 Εὑαγγε-

1904 4631 2242 4701 voluptatum
2274 4637 2326 4685 et
2361 4629 2626 4698 eiii-enata
2662 4644 2845 4683 rerum
2888 4635 3233 4683 terrenarum
3268 4627 3478 4696 cupidi-

185 4727 318 4780 λίων
337 4727 402 4779 τὸ
421 4726 710 4795 κήρυγμα,
743 4724 1019 4788 παντελῶς
1049 4725 1156 4777 εἱσι
1189 4724 1296 4778 τῶν
1317 4723 1411 4777 τοῦ
1434 4725 1682 4796 Σωτῆρος
1711 4725 1798 4778 λό-

187 4838 302 4888 γων
333 4820 673 4888 ἀμνήμονες,
712 4817 828 4870 ἀλλ’
862 4818 944 4870 ὃτι
987 4815 1216 4888 μηδενὸς
1257 4815 1468 4883 ἀξιοῦσι
1515 4817 1672 4886 λόγου
1702 4818 1800 4888 τὴν

189 4912 247 4963 ἐν
279 4910 511 4981 Χριστῷ
567 4909 864 4974 πολιτείαν,
890 4913 1011 4972 ταῖς
1053 4910 1210 4973 ἰδίαις
1237 4910 1298 4962 τὸ
1327 4911 1433 4962 πᾶν
1481 4909 1801 4980 ἐπιτρέπον-

191 5019 281 5066 τες
317 5003 536 5072 ήδοναῖς
561 5001 655 5054 καὶ
686 5001 822 5070 πρὸς
844 5001 902 5054 τὸ
945 5002 1082 5071 μόνα
1114 5005 1331 5073 φρονεῖν
1351 5003 1422 5056 τά
1451 5002 1542 5054 ἐπὶ
1568 5001 1668 5072 τῆς
1697 5002 1801 5071 γῆς

195 5095 453 5166 ἀχάλινον
489 5093 703 5164 ἔχοντες
732 5092 829 5164 τὴν
865 5093 1060 5164 ῥοπὴν,
1093 5093 1183 5147 διά
1206 5111 1265 5147 τε
1290 5095 1448 5147 τοῦτο
1475 5094 1574 5164 τῆς
1599 5091 1798 5162 νοητῆς

197 5188 287 5239 καὶ
331 5187 498 5254 ἁγίας
537 5185 784 5256 ἀμπέλου
839 5183 1284 5256 κατασπώμενοι,
1345 5186 1439 5240 καὶ
1472 5185 1625 5239 αὐτοὶ
1680 5187 1798 5246 ταῖς

199 5281 348 5350 σφῶν
378 5278 562 5333 αὐτῶν
610 5277 1012 5346 φιλοπαθείαις,
1043 5277 1140 5347 τὴν
1166 5277 1267 5344 τῆς
1304 5277 1634 5346 οἰκειότητος
1661 5276 1798 5329 ἀπο-

200 5370 552 5435 λακτίζοντες
593 5369 773 5439 χάριν.
807 5369 1014 5431 Παντὸς
1050 5367 1105 5420 δὲ
1136 5367 1382 5420 τοιούτου
1423 5371 1550 5438 πέρι
1580 5369 1674 5421 καὶ
1702 5367 1799 5419 αύο

201 5463 285 5525 τὸς
319 5463 428 5533 ἔφη
468 5461 724 5531 Χριστός·
762 5479 780 5512 ι
823 5463 899 5514 Οὐ
929 5461 1036 5523 πᾶς
1065 5461 1090 5512 ὁ
1126 5459 1300 5528 λέγων
1327 5476 1437 5530 μοι·
1472 5459 1666 5530 Κύριε,
1690 5457 1803 5510 Κύ-

209 5568 306 5622 ριε,
343 5551 718 5606 εἰσελεύσεται
742 5553 822 5615 εἰς
841 5550 939 5621 τὴν
960 5549 1240 5622 βασιλείαν
1260 5550 1367 5603 τῶν
1389 5550 1662 5622 οὐρανῶν,
1686 5548 1804 5603 ἀλλ’

206 5642 233 5697 ὁ
263 5644 437 5698 ποιῶν
465 5645 528 5698 τὸ
557 5643 772 5714 θέλημα
794 5643 886 5696 τοῦ
919 5642 1131 5712 Πατρός
1160 5659 1262 5713 μου
1295 5641 1389 5696 τού
1415 5646 1472 5698 ἐν
1496 5647 1606 5709 τοῖς
1640 5643 1809 5714 ούρα-

279 5822 320 5854 ³¹
367 5821 527 5878 Ro.n.
570 5837 654 5887 χι,
694 5819 784 5874 2'2.
863 5818 907 5850 "
963 5816 1160 5873 Matth.
1192 5821 1298 5888 vuj,
1338 5817 1431 5874 21.

1902 4730 2014 4777 tate
2039 4721 2322 4784 delinitos,
2350 4719 2693 4790 proindeque
2721 4721 2790 4774 ab
2819 4718 3178 4773 intellectuali
3204 4725 3258 4772 et
3285 4727 3476 4772 sancta

1899 4814 2010 4869 vite
2059 4813 2314 4877 avulsos,
2351 4811 2640 4882 gratiaque
2688 4809 3088 4864 familiaritatis
3144 4817 3200 4863 et
3245 4808 3481 4878 conjun-

1898 4905 2100 4959 ctionis
2126 4902 2434 4974 repudiata,
2455 4903 2621 4956 vitam
2650 4908 2704 4956 et
2726 4901 3206 4956 conversationem
3238 4901 3293 4954 in
3318 4897 3482 4954 Chri-

1900 5005 1986 5053 sto
2017 4997 2172 5050 nihili
2203 5009 2433 5065 prorsus
2464 4993 2687 5048 ducere.
2723 4991 2798 5048 De
2824 4993 3084 5047 omnibus
3105 4992 3170 5047 iis
3205 4992 3298 5062 qui
3331 4991 3484 5060 ejus-

1900 5088 2112 5146 cemodi
2153 5098 2282 5144 sunt
2311 5087 2564 5143 Christus
2599 5086 2716 5157 ipse
2761 5085 2933 5141 dixit:
2980 5104 3000 5136 ‹
3032 5082 3150 5137 Non
3180 5083 3363 5139 omnis
3391 5083 3485 5152 qui

1901 5181 2037 5236 dicit
2072 5181 2245 5236 milii:
2281 5179 2530 5246 Domine,
2577 5177 2828 5240 Domine,
2873 5177 3099 5232 intrabit
3154 5176 3207 5229 in
3255 5190 3486 5244 regnum

1905 5274 2192 5337 caelorum,
2239 5271 2336 5328 sed
2367 5273 2459 5342 qtti
2494 5271 2626 5326 facit
2657 5270 2988 5324 voluntatem
3022 5266 3204 5321 Patris
3230 5265 3360 5328 mei,
3393 5265 3488 5334 qui

1906 5369 1960 5422 in
1989 5365 2147 5421 cmlis
2179 5373 2264 5420 est
2288 5365 2352 5417 3'.
2392 5379 2409 5414 ι
2456 5361 2614 5428 Quod
2641 5369 2820 5416 antem
2860 5359 2974 5414 sola
3019 5356 3153 5410 fides
3203 5356 3308 5412 nisi
3362 5371 3490 5425 ope-

1909 5474 2030 5514 rum
2097 5455 2391 5528 splendore
2446 5453 2673 5528 praedita
2739 5451 2804 5505 ad
2866 5447 3269 5505 conciliandam
3328 5447 3492 5502 nobis

1914 5565 2040 5606 cum
2086 5548 2198 5606 Deo
2237 5547 2688 5619 conjunctionem
2746 5556 2857 5597 non
2913 5539 3183 5602 suﬁiciat,
3219 5535 3495 5612 signiﬁcat

1916 5655 2136 5713 quoque
2210 5640 2296 5695 his
2369 5637 2553 5694 verbis
2623 5633 2828 5691 Christi
2887 5629 3235 5700 discipulus:
3317 5649 3337 5684 ι
3407 5628 3492 5686 ’l'tt
