3938 6426
478 398 582 466 3(ιῖ
1516 380 1890 443 επργῐιιιιω
1928 376 2407 440 ἈΕΕἮΑΝΜΚΙΝῘ
2447 377 2765 437 ARCillEl’.
3627 386 3715 445 ξος

474 519 660 575 credis
718 513 982 588 quoniam
1052 525 1199 567 unus
1268 514 1355 564 est
1419 505 1608 562 Deus:
1661 514 1716 560 et
1776 504 2059 559 daemones

2166 504 2295 564 νοῖς.
2334 519 2352 551 )
2384 500 2504 553 Ὅτι
2525 498 2580 552 δὲ
2607 499 2766 571 μόνη,
2801 497 2897 552 καὶ
2927 499 3050 553 καθ’
3070 496 3325 571 ὲαυτήνή
3362 499 3534 567 πίστις
3556 503 3642 574 τῆς
3664 506 3716 561 ἐκ

475 610 742 673 credunt,
790 616 848 662 et
896 601 1336 660 contremiscunt
1363 597 1427 652 ³³.
1483 615 1502 647 ι
1557 597 1626 650 At
1672 594 1820 650 dicet
1860 595 2065 666 aliquis

475 704 545 758 its
593 701 686 772 qui
743 699 950 754 nudam
1006 702 1060 751 et
1113 693 1286 748 solam
1333 689 1494 745 ﬁdem
1553 687 1663 745 sibi
1706 685 2064 744 suffecturam

475 804 714 864 putant,
752 799 814 846 ut
858 801 1155 859 supernam
1216 781 1669 852 conjunctionem
1725 794 2060 850 comparare

478 885 694 954 possint
715 900 727 936 :
748 881 963 952 Ergone
997 878 1244 948 ipsorum
1271 875 1438 931 etiam
1465 874 1776 929 daemonum
1804 872 2066 929 cohortes

476 980 545 1032 ad
574 976 1001 1031 familiaritatem
1035 984 1160 1025 cum
1226 967 1335 1023 Deo
1393 967 1654 1023 redibunt
1679 981 1744 1022 ex
1803 980 1872 1021 eo
1915 966 2065 1036 quod

480 1088 648 1127 unum
692 1070 843 1124 illum
881 1079 1008 1121 esse
1040 1060 1322 1118 credunt?
1352 1062 1423 1114 At
1452 1058 1732 1131 quomodo
1763 1058 1908 1114 istud
1947 1058 2065 1113 tieri

478 1165 698 1237 potest?
739 1162 893 1217 Scire
921 1161 1068 1216 enim
1092 1165 1312 1213 tantum
1332 1154 1507 1211 Deum
1540 1168 1708 1208 unum
1733 1166 1881 1215 esse.
1907 1151 2061 1232 illum

477 1258 720 1313 universi
784 1256 1049 1310 factorem
1082 1261 1138 1308 et
1189 1256 1497 1322 parentem,
1532 1255 1619 1305 est
1677 1245 1872 1300 inutile
1918 1244 2063 1300 :sed

475 1351 696 1421 pietatis
729 1349 786 1402 in
816 1348 995 1418 ipsum
1018 1345 1254 1416 gloriam
1282 1341 1409 1397 ﬁdei
1430 1340 1687 1396 comitem
1715 1352 1840 1393 esse
1864 1336 2065 1393 debere

474 1450 726 1496 autumo.
752 1437 893 1494 Nam
926 1438 1022 1509 qui
1058 1436 1187 1491 talis
1215 1442 1324 1497 est,
1365 1432 1535 1488 etiam
1572 1430 1634 1484 in
1666 1427 1896 1484 Christo
1942 1441 2062 1481 ma-

475 1541 589 1599 net,
619 1542 675 1587 et
720 1532 844 1602 ejus
884 1529 1051 1585 verba
1106 1526 1312 1582 habere
1349 1521 1744 1591 comperietur,
1794 1519 1955 1591 juxta
2009 1518 2063 1573 id

473 1624 623 1695 quod
657 1624 715 1678 in
764 1621 909 1676 libro
962 1618 1306 1675 Psalmornm
1359 1623 1622 1684 tanquam
1662 1611 1730 1667 ad
1767 1609 1940 1667 Deum
1979 1610 2065 1665 di-

473 1725 623 1770 ctmn
666 1721 752 1769 est
782 1732 795 1767 :
832 1731 851 1764 ι
888 1708 948 1766 ιη
981 1708 1148 1766 corde
1184 1722 1306 1763 meo
1359 1704 1631 1761 abscondi
1683 1704 1905 1775 eloquia
1943 1710 2058 1768 tua,

476 1810 680 1857 utnon
723 1814 950 1872 peccem
1008 1798 1107 1852 tibi
1130 1797 1197 1851 ".
1235 1813 1254 1848 ι
1297 1795 1370 1852 Ut
1419 1795 1566 1851 enim
1619 1794 1762 1865 ignis
1817 1794 1874 1848 in
1930 1808 2062 1848 vase

2167 591 2278 645 τῶν
2325 591 2504 662 ἔργων
2530 591 2887 662 φαιδρότητπ
2926 592 2987 644 οὐ
3031 591 3272 661 λαχοῦσα
3311 592 3406 664 τὴν
3435 594 3716 666 συνδρομὴν,

2168 684 2535 755 ἀποχρώντως
2564 684 2663 754 οὐχ
2693 683 2803 747 ἕξει
2845 685 2925 747 εἰς
2957 684 3018 736 τὸ
3051 682 3307 738 δύνασθαι
3350 685 3609 756 προξενεῖν
3639 690 3720 761 τήν

2167 778 2248 841 εἰς
2278 777 2411 830 Θεὸν
2454 776 2786 845 οἰκειότητα,
2824 775 3080 846 σημαίνει
3128 775 3301 844 λέγων
3334 779 3427 831 καὶ
3467 778 3494 830 6
3519 780 3722 849 Χριστοῦ

2171 866 2439 939 μαθητήςο
2471 887 2489 918 ι
2528 868 2598 920 Σὺ
2632 867 2930 931 πιστεύεις,
2967 869 3048 921 ὅτι
3080 862 3161 931 εἷς
3186 869 3215 920 6
3238 867 3387 931 Θεός·
3425 870 3513 922 καὶ
3541 870 3604 923 τὰ
3626 871 3723 925 δαι-

2170 958 2331 1028 μόνια
2386 957 2725 1023 πιστεύουσι,
2778 958 2870 1011 καὶ
2898 958 3233 1029 φρίττουσιν.
3276 976 3295 1008 ι
3331 955 3461 1013 Εἶτα
3484 959 3592 1023 πῶς
3628 962 3724 1031 ἐρεῖ

2165 1068 2250 1115 τις
2294 1051 2396 1123 ἤδη
2434 1052 2551 1113 τοῖς
2598 1051 2858 1121 ἀρκέσειν
2900 1053 3086 1115 αὐτοῖς
3114 1052 3328 1122 γυμνήν
3353 1068 3411 1104 τε
3466 1053 3554 1107 καὶ
3582 1055 3725 1124 μόνην

2166 1142 2437 1213 οἰομένοις
2475 1142 2573 1213 τὴν
2608 1141 2812 1204 πίστιν,
2847 1145 2929 1205 εἰς
2986 1143 3047 1196 τὸ
3094 1142 3354 1196 δύνασθαι
3395 1143 3492 1214 τήν
3543 1145 3719 1199 ἄνωθεν

2164 1236 2475 1308 οἰκειότητα
2511 1236 2837 1308 περιποιεῖτν
2872 1232 2986 1309 ἆρα
3012 1236 3107 1290 καὶ
3146 1236 3330 1291 αὐτῶν
3356 1237 3463 1291 τῶν
3488 1237 3725 1309 δαιμόνων

2163 1326 2226 1380 τὸ
2261 1327 2446 1396 στίφος
2462 1327 2855 1398 ἁναδραμείται
2879 1328 3016 1396 πρὸς
3053 1328 3361 1398 οἰκειότητα
3392 1328 3489 1399 τὴν
3516 1328 3585 1391 ὡς
3614 1331 3726 1401 πρὸς

2164 1418 2319 1485 Θεὸν,
2358 1418 2590 1491 ἐπείπερ
2614 1413 2759 1473 οἶδεν
2784 1418 2883 1472 ἕνα
2909 1435 2968 1471 τε
3003 1420 3098 1472 καὶ
3119 1418 3249 1474 ὄντα
3266 1419 3585 1473 πεπίστευκε
3608 1423 3727 1486 ;Καί

2164 1511 2283 1574 πῶς
2301 1510 2367 1564 ἂν
2402 1512 2488 1581 εἴη
2515 1511 2675 1565 τοῦτό
2706 1528 2770 1580 γε
2802 1528 2816 1578 ;
2847 1512 2921 1565 Τὸ
2955 1512 3064 1583 γὰρ
3092 1511 3292 1565 εἰδέναι
3329 1512 3487 1582 μόνον
3511 1513 3726 1583 ἀχρεῖον,

2163 1602 2246 1656 ὅτι
2261 1602 2395 1667 Θεός
2412 1605 2561 1657 ἐστιν
2586 1597 2667 1668 εἷς
2689 1606 2718 1658 ό
2742 1604 2962 1658 πάντων
2995 1605 3226 1675 ποιητής
3252 1619 3313 1656 τε
3337 1604 3431 1657 καὶ
3453 1620 3726 1675 γενεσιουρο

2162 1695 2279 1765 γόςο
2319 1695 2429 1749 δεῖν
2456 1695 2513 1749 δὲ
2551 1691 2705 1767 οἶμαι
2728 1698 2796 1768 τῇ
2819 1695 3000 1751 πίστει
3026 1697 3515 1768 συμπαρομαρτεῖν
3534 1697 3623 1750 καὶ
3647 1694 3729 1765 τῆς

2164 1787 2244 1847 εἰς
2274 1786 2439 1839 αὑτὸν
2462 1785 2752 1851 εὐλαϐείας
2781 1788 2842 1841 τὸ
2871 1788 3155 1860 καύχημα.
3196 1789 3257 1843 '0
3282 1788 3390 1860 γὰρ
3410 1782 3636 1851 τοιοῦτος
3655 1787 3729 1840 καὶ

473 1909 618 1951 aereo
649 1892 973 1948 reconditus
1007 1903 1173 1946 suum
1206 1887 1258 1943 ei
1288 1887 1531 1943 calorem
1581 1886 1776 1955 utique
1813 1900 2061 1939 commn-

2166 1878 2221 1931 ὲν
2255 1878 2482 1950 Χριστῷ
2517 1879 2690 1950 μένει,
2740 1881 2835 1934 καὶ
2883 1879 3022 1952 ἔχων
3064 1880 3368 1952 ὀφθήσεται
3400 1880 3523 1943 τοὺς
3568 1878 3731 1949 λόγους

474 1989 649 2051 nicat,
677 1985 759 2042 sic
787 1992 913 2056 quae
972 1997 1071 2054 per
1114 1981 1299 2036 omnis
1352 1978 1575 2034 virtutis
1609 1976 1945 2034 desiderium
2004 1977 2060 2032 in

473 2074 658 2128 anima
687 2080 743 2127 et
774 2070 940 2127 corde
986 2068 1274 2125 caelestem
1334 2081 1400 2122 ac
1460 2065 1710 2121 divinum
1743 2080 2060 2120 sermonem

475 2180 631 2221 mens
664 2163 932 2228 continet,
967 2175 1186 2231 semper
1212 2158 1280 2215 ad
1315 2157 1450 2213 illud
1475 2172 1574 2229 per
1595 2172 1721 2213 eum
1749 2158 2061 2213 incalescit.

474 2256 756 2325 Scriptum
809 2261 895 2310 est
929 2253 1126 2310 enim:
1195 2269 1223 2305 r
1269 2248 1505 2322 Ignitum
1561 2249 1845 2320 eloquium
1905 2258 2059 2304 tuum

473 2349 852 2409 vehementer,
887 2352 942 2400 et
981 2358 1178 2399 servus
1212 2348 1343 2397 tuus
1379 2341 1577 2397 dilexit
1606 2340 1742 2396 illud
1767 2340 1834 2395 ³³.
1873 2359 1891 2391 ι
1921 2339 2058 2407 Qui-

471 2454 690 2510 cunque
729 2439 916 2510 igitur,
954 2435 1156 2507 inquit,
1200 2450 1333 2492 suas
1388 2448 1476 2490 res
1512 2433 1569 2488 in
1612 2433 1698 2489 his
1742 2436 2057 2496 constituit,

470 2550 647 2607 eoque
698 2541 926 2590 evectus
971 2540 1061 2588 est
1118 2529 1309 2603 gloriae
1352 2535 1415 2583 ut
1455 2535 1511 2584 et
1562 2530 1617 2581 in
1668 2542 1756 2583 me
1812 2536 2055 2592 maneat,

471 2641 704 2696 meaque
735 2624 878 2696 apud
908 2636 969 2680 se
1002 2622 1169 2679 verba
1197 2620 1420 2685 habeat,
1459 2618 1850 2674 incunctanter
1885 2633 2049 2675 acce-

470 2719 586 2784 dat,
618 2724 675 2774 et
703 2716 1076 2789 quodcunque
1106 2713 1334 2769 libuerit
1378 2724 1505 2767 cum
1543 2709 2047 2765 summa-libertate

472 2820 641 2884 petat,
682 2818 737 2868 et
769 2809 913 2865 citra
939 2821 1150 2864 moram
1195 2805 1364 2860 ullam
1387 2803 1612 2860 dabitur
1635 2801 1684 2859 ei
1720 2820 1733 2857 :
1764 2818 1866 2858 nec
1910 2803 2057 2858 enim

469 2903 698 2976 negabo.
747 2900 890 2957 Num
944 2914 1077 2970 ergo
1133 2899 1180 2955 si
1236 2896 1368 2952 mali
1410 2896 1616 2967 aliquid
1669 2905 1845 2966 petat,
1906 2896 2057 2950 illico
2092 2947 2106 2958 _

470 2996 763 3067 suscipiet,
806 2992 1059 3063 illudque
1110 2988 1334 3046 virtutis
1371 3002 1566 3043 amans
1627 2987 1771 3043 Deus
1812 2986 2059 3043 tribuet?

470 3084 672 3140 Procul
707 3084 802 3149 sit,
833 3095 1043 3152 quaeso,
1080 3087 1234 3135 tanta
1266 3076 1517 3133 insania!
1542 3075 1690 3131 Nihil
1722 3076 1931 3148 quippe
1965 3077 2048 3131 vi-

471 3176 600 3233 tiosi
658 3181 753 3230 aut
801 3172 1073 3244 inquinati
1130 3169 1274 3226 Deus
1322 3169 1587 3242 largietur
1627 3183 1899 3241 prorsus:
1958 3169 2054 3225 sed

468 3267 639 3340 8'79
668 3266 1022 3337 cogitandum
1060 3263 1255 3335 potius
1289 3262 1503 3333 justum
1549 3272 1604 3319 et
1665 3276 1885 3333 aequum
1936 3276 2062 3317 esse

474 3369 534 3415 nt
562 3360 659 3431 qui
706 3366 893 3413 manet
935 3357 992 3411 in
1016 3355 1272 3423 Christo,
1308 3363 1365 3411 et
1423 3353 1591 3409 verba
1643 3353 1766 3422 ejus
1794 3352 1966 3408 habet
2003 3352 2059 3407 in

473 3452 682 3523 seipso,
715 3449 1023 3520 praesertim
1057 3463 1185 3503 cum
1215 3447 1397 3503 bonus
1426 3447 1501 3502 sit
1525 3460 1591 3499 ac
1611 3446 1760 3515 pius.
1784 3458 1852 3500 ea
1878 3443 2059 3500 solum

475 3544 605 3599 velit
637 3557 761 3614 qua
812 3548 944 3596 sunt
996 3539 1105 3596 Deo
1150 3539 1491 3611 gratissima.
1546 3536 1807 3591 Divinum
1858 3536 2062 3607 quippe

473 3651 785 3694 sermonem
815 3636 870 3690 in
894 3633 1062 3690 corde
1082 3632 1419 3689 habentibus
1442 3640 1627 3701 petere
1647 3630 1916 3701 permittit
1938 3644 2062 3699 quae

471 3744 597 3785 cum
637 3728 852 3783 ratione
885 3727 1091 3793 volent,
1138 3740 1249 3781 non
1290 3724 1554 3795 ignorans
1592 3737 1691 3779 eos
1724 3722 2059 3794 spiritalium

472 3822 733 3879 nimirum
777 3835 841 3876 ac
887 3819 1205 3877 divinorum
1262 3817 1539 3873 bonorum
1580 3814 2060 3887 participationem

471 3913 889 3985 concupiscere.
934 3910 1079 3966 Cum
1119 3921 1249 3963 vero
1280 3920 1349 3964 ex
1411 3907 1498 3964 his
1544 3904 1819 3962 Senator
1873 3919 2063 3962 noeter

469 4007 728 4061 Christus
760 4003 1037 4075 imprimis
1069 4001 1330 4058 statuerit
1356 4001 1574 4073 qualem
1596 4007 1659 4056 et
1687 3998 1892 4070 quibus
1938 4013 2060 4053 mo-

472 4096 628 4153 ribus
654 4096 940 4167 pmditum
980 4110 1104 4151 esse
1139 4095 1294 4149 illum
1334 4102 1589 4167 oporteat
1626 4093 1723 4163 qui
1769 4099 2056 4162 precatur,

470 4201 528 4246 et
557 4204 906 4262 quaecunque
938 4187 1057 4243 vult
1087 4202 1117 4240 a
1151 4183 1262 4241 Deo
1288 4186 1490 4257 dignus
1519 4190 1607 4240 est
1650 4184 1923 4254 accipere,
1959 4198 2060 4237 no-

472 4292 649 4340 strum
678 4283 993 4339 institutum
1034 4278 1164 4333 huic
1194 4278 1633 4339 conl‘ormemus,
1663 4275 1712 4330 si
1747 4274 2060 4345 benignita-

2164 1970 2354 2038 αὐτοῦ,
2381 1972 2523 2027 κατὰ
2561 1973 2622 2026 τὸ
2641 1975 2698 2027 ὲν
2729 1972 2896 2046 βίϐλῳ
2915 1974 3164 2045 Ψαλμῶν
3185 1973 3501 2045 εἰρημένον,
3523 1972 3596 2035 ὡς
3619 1972 3732 2043 πρὸς

2163 2065 2319 2119 Θεόνο
2367 2086 2385 2120 ι
2439 2067 2529 2121 Ἐν
2587 2066 2878 2139 τῇκαρδίᾳ
2918 2083 3019 2138 μου
3078 2066 3296 2138 ἔκρυψα
3321 2065 3391 2120 τὰ
3438 2065 3588 2135 λόγιά
3635 2081 3730 2128 σου,

2162 2156 2311 2222 ὅπως
2338 2157 2406 2213 ἂν
2461 2159 2538 2232 μὴ
2578 2160 2811 2233 ἁμάρτω
2847 2175 2950 2214 σοι.
2994 2178 3013 2211 ι
3050 2160 3268 2233 Ὠσπερ
3311 2158 3441 2231 γὰρ,
3497 2157 3551 2211 εἴ
3590 2175 3657 2219 τι,
3688 2159 3734 2208 ὲν

2161 2249 2321 2319 ἄγγει
2351 2251 2538 2323 χαλκῷ
2566 2252 2738 2324 πυρὸς
2768 2252 3026 2307 ἁπόθοιτο
3059 2252 3306 2324 σπέρμα,
3337 2252 3551 2314 πάντως
3570 2249 3627 2320 δή
3648 2265 3732 2302 που

2161 2347 2254 2397 καὶ
2281 2344 2383 2415 τῆς
2411 2344 2544 2416 παρ’
2582 2344 2750 2398 αὑτοῦ
2790 2344 3126 2417 θερμότητος
3153 2344 3477 2399 ἀποτελέσει
3517 2342 3732 2415 μέτοχον

2159 2436 2332 2500 οὕτως
2369 2438 2399 2490 6
2433 2438 2495 2491 ἐν
2518 2436 2670 2509 ψυχῇ
2692 2454 2751 2491 τε
2783 2439 2879 2492 κα)⁸
2924 2437 3123 2510 καρδίᾳ
3154 2436 3248 2490 τὸν
3288 2436 3432 2491 θεῖόν
3462 2452 3521 2488 τε
3552 2434 3638 2488 καὶ
3660 2432 3735 2484 οὐ·

2162 2531 2347 2601 ράνιον
2374 2529 2533 2599 λόγον
2583 2529 2920 2600 διακατέχων
2978 2528 3126 2595 νοῦς,
3160 2528 3231 2582 δι’
3262 2528 3503 2598 ἐφέσεως
3541 2526 3634 2597 τῆς
3674 2525 3738 2587 εἰς

2161 2623 2382 2678 ἃπασαν
2410 2620 2639 2693 ἀρετὴν,
2670 2622 2760 2676 ἀεὶ
2789 2621 2926 2692 πρὸς
2969 2620 3129 2675 τοῦτο
3162 2620 3234 2675 δι’
3266 2618 3439 2675 αὐτοῦ
3481 2618 3736 2690 θερμαίνε-

2156 2733 2270 2770 ται.
2295 2715 2610 2787 Γέγραπται
2628 2713 3207 2786 γάρίΠεπυρωμένον
3238 2714 3300 2768 τδ
3324 2711 3504 2782 λόγιόν
3523 2727 3611 2764 σου
3632 2708 3739 2776 στό-

2158 2807 2281 2879 δρα,
2318 2807 2467 2861 καὶὸ
2513 2806 2700 2871 δοῦλός
2731 2823 2826 2860 σου
2865 2809 3154 2878 ἠγάπησεν
3203 2806 3363 2861 αὑτό.
3403 2824 3422 2855 ι
3466 2803 3527 2856 '0
3561 2801 3735 2862 τοίνυν,

2159 2898 2317 2969 φησι,
2353 2900 2705 2970 καταστήσας
2732 2899 2791 2953 ὲν
2820 2897 3029 2962 τούτοις
3051 2898 3120 2953 τὰ
3165 2898 3296 2953 καθ’
3322 2896 3533 2959 ἑαυτὸν,
3564 2894 3649 2946 καὶ
3675 2893 3740 2954 εἰς

2156 2991 2313 3045 τοῦτο
2334 2990 2520 3045 λοιπὸν
2536 2991 2889 3062 καυχήματος
2904 2990 3372 3060 ἀναϐεϐηκὼς-,ὼς
3387 2993 3443 3045 ἐν
3464 2992 3581 3064 ἐμοί
3594 3008 3645 3044 τε
3663 2989 3741 3060 p.5-

2156 3100 2268 3137 νειν
2283 3084 2466 3151 αὐτὸν,
2499 3084 2644 3156 ἔχειν
2670 3101 2728 3138 τε
2761 3085 2892 3156 παρ’
2914 3085 3093 3157 ἐαυτῷ
3108 3085 3242 3149 τοὺς
3278 3087 3448 3157 ἐμοὺς
3465 3085 3743 3154 wrough-

2162 3175 2473 3240 υποστόλως
2489 3175 2755 3248 προσίτω,
2773 3179 2868 3230 καὶ
2890 3177 3028 3248 ὅπερ
3044 3175 3112 3231 ἂν
3135 3176 3238 3248 ἔχῃ
3259 3177 3398 3249 πρὸς
3417 3178 3605 3250 ἡδονὴν
3618 3174 3742 3242 ὲεαι-

2161 3268 2323 3321 τείτω
2355 3269 2477 3321 τότε
2512 3270 2609 3323 σὺν
2637 3269 2921 3342 παρρησίᾳ
2953 3269 3148 3340 πολλῇ,
3180 3262 3284 3324 καὶ
3316 3269 3624 3343 μελλησμοῦ
3644 3268 3745 3337 δίχα

2160 3357 2448 3431 δοθήσεται
2506 3358 2699 3430 αὖτῷβ
2739 3361 3064 3436 κατανεύσω
3100 3360 3238 3432 γὰρ,
3295 3362 3484 3431 φησίν.
3522 3357 3639 3431 Ἀρ*
3671 3353 3746 3410 οὖν

2162 3451 2217 3506 εἴ
2229 3469 2313 3516 τις
2340 3453 2443 3508 κᾶν
2470 3469 2524 3507 τι
2546 3452 2653 3507 τῶν
2685 3452 2905 3522 φαύλων
2935 3455 3060 3525 αἰτῇ
3089 3454 3503 3526 προαλέστερον
3521 3452 3744 3524 λήψεται,

2163 3545 2259 3598 καὶ
2283 3544 2489 3599 τούτων
2522 3544 2987 3616 ἐσταιδιανομεὺς
3013 3547 3042 3599 ό
3066 3545 3399 3618 φιλάρετος;
3439 3547 3641 3615 Ἄπαγε
3668 3542 3749 3611 τῆς

2161 3635 2503 3703 δυσϐουλίας,
2548 3636 2824 3707 ἄνθρωπε.
2913 3636 3154 3707 Ἀπηχὲς
3210 3638 3329 3710 γὰρ
3382 3637 3555 3704 οὐδὲν,
3605 3632 3750 3706 ἡτῶν

2161 3730 2298 3793 ὅλως
2320 3729 2815 3801 κατηγορουμένων
2842 3729 2932 3782 ἐπ’
2955 3730 3284 3802 αἰοχρότητι
3310 3732 3607 3803 χορηγήσει
3622 3723 3751 3784 Θεὸς

2164 3823 2343 3876 ἐκεῖνο
2368 3820 2653 3892 δὲμᾶλλον
2682 3820 2937 3891 ἐννοῆσαι
2973 3821 3445 3893 πρεπωδέστερον
3470 3820 3523 3891 (ἦ
3550 3821 3652 3890 γὰρ
3673 3818 3752 3870 οὐκ

2163 3913 2320 3966 ἔσται
2379 3909 2588 3965 δίκαιόν
2637 3927 2698 3964 τε
2742 3911 2837 3964 καί⁸
2881 3910 3058 3981 ὀρθῶς
3099 3910 3276 3982 ἔχον),
3329 3912 3467 3975 ὼςό
3520 3909 3687 3980 μένων
3707 3907 3753 3957 ὲν

2162 4003 2406 4078 Χριστῷ,
2441 4004 2536 4058 καὶ
2577 4002 2716 4074 ἔχων
2749 4005 2808 4056 ὲν
2832 4003 3013 4076 ἑαυτῷ
3038 3996 3168 4068 τοίἱς
3205 4004 3408 4074 λόγους
3433 4002 3616 4066 αὐτοῦ,
3644 3997 3754 4069 πρό-

2161 4100 2323 4171 δηλον
2351 4099 2433 4153 ὅτι
2459 4098 2555 4153 ἅτε
2579 4098 2677 4152 καὶ
2710 4097 2915 4168 ἀγαθὸς
2944 4098 3020 4153 ὢν
3049 4099 3145 4153 καὶ
3176 4092 3459 4172 ἐπιεικὴς,
3485 4099 3619 4169 μόνα
3645 4109 3756 4163 φρτι-

2163 4193 2273 4245 νεῖν
2305 4190 2513 4259 ἔγνωκε
2537 4188 2607 4243 τὰ
2630 4188 2751 4259 Θεῷ
2774 4188 3186 4260 θυμηρέστατα.
3215 4191 3348 4255 Τοῖς
3371 4190 3485 4261 γὰρ
3500 4191 3557 4242 ὲν
3585 4181 3757 4256 καρδίᾳ

2163 4283 2255 4338 τὸν
2283 4283 2426 4338 θεῖον
2450 4282 2635 4354 έχουσι
2687 4283 2866 4352 λόγον,
2900 4282 3046 4355 ἅπερ
3091 4282 3160 4337 ἂν
3193 4283 3483 4355 βούλοιντο
3511 4277 3758 4349 καθηκόν-

471 4386 545 4432 tis
557 4388 811 4446 supernae
828 4379 1111 4441 compotes
1137 4371 1252 4426 lieri
1279 4370 1533 4425 velimus.
1566 4366 1665 4422 Sin
1688 4374 1897 4431 autem,
1922 4367 2064 4423 scito

475 4478 529 4524 te
559 4468 723 4523 talem
767 4463 905 4528 fore,
937 4462 1159 4535 qualem
1191 4461 1357 4517 nobis
1385 4460 1643 4516 Christus
1690 4457 1855 4512 modo
1887 4456 2061 4527 signi-

2162 4387 2290 4435 τως,
2338 4370 2641 4441 ἐπέτρεψεν
2680 4364 2874 4435 αἰτεῖν,
2921 4373 3025 4427 οὐκ
3054 4372 3340 4445 ἀγνοήσας
3391 4364 3756 4444 πνευματικῶν

2163 4461 2405 4533 δηλονότι
2442 4463 2538 4517 καὶ
2565 4462 2726 4519 θείων
2775 4464 2998 4535 ἀγαθῶν
3036 4465 3301 4537 όρεκτίαν
3338 4467 3457 4539 [γρ.
3501 4454 3757 4536 όρεκτιᾷν]

475 4562 682 4616 licavit.
712 4557 839 4614 Noli
894 4556 1171 4627 repulsam
1217 4569 1361 4624 aegre
1408 4552 1541 4622 pati.
1584 4549 1742 4617 Quod
1798 4549 1845 4604 si
1898 4563 2061 4618 grave

2166 4555 2265 4625 τῆς
2318 4554 2606 4626 μεθέξεως.
2650 4557 3012 4629 Ὃρισαμένου
3040 4557 3097 4612 δὲ
3138 4557 3232 4612 διὰ
3281 4559 3484 4613 τούτου
3530 4550 3589 4612 εὖ

474 4656 620 4711 istud
650 4655 749 4708 tibi
771 4648 1374 4717 videtur,conjungens
1402 4643 1811 4699 lideibonornm
1834 4656 2059 4712 operum

2166 4646 2254 4702 τοῦ
2282 4647 2532 4719 Σωτῆρος
2565 4647 2724 4720 ήμῶν
2763 4648 3025 4721 Χριστοῦ,
3061 4649 3146 4713 τίς
3175 4666 3239 4703 τε
3274 4649 3391 4720 εἴη,
3421 4651 3520 4702 καὶ
3544 4642 3760 4705 ποδαπὸς

471 4747 704 4821 gloriam
747 4745 879 4815 (hbe
910 4742 1058 4797 enim
1119 4745 1208 4794 est
1237 4738 1293 4792 in
1339 4736 1563 4792 Christo
1607 4749 1857 4803 manere,
1900 4744 1957 4790 et
2007 4735 2061 4790 in

2166 4737 2250 4791 τὸν
2273 4737 2475 4808 τρόπον
2503 4738 2533 4791 ό
2561 4738 3020 4809 προσευχόμενος,
3072 4740 3169 4793 καὶ
3226 4738 3543 4811 λαμϐάνειν
3588 4733 3758 4803 ἀξιῶν,

474 4839 665 4908 seipso
709 4835 879 4891 verba
938 4832 1060 4902 ejus
1095 4829 1302 4884 habere
1321 4829 1364 4899 ),
1423 4842 1656 4885 securus
1695 4825 1963 4889 accedito,
2007 4832 2061 4881 et

2166 4831 2305 4903 ἅπερ
2332 4829 2399 4884 ἂν
2424 4830 2682 4903 βούληται
2712 4831 2864 4904 παρὰ
2908 4829 3068 4897 Θεοῦ,
3107 4829 3210 4902 τὴν
3244 4832 3469 4886 ἑαυτῶν
3514 4832 3595 4894 είς
3623 4824 3763 4880 τοῦτο

473 4931 615 4985 citra
643 4924 1057 4982 cunctationem
1087 4921 1256 4975 ullam
1296 4919 1538 4991 accipies
1563 4917 1935 4990 quodcunque
1963 4930 2061 4987 po—

2166 4920 2577 4993 διαπλάττωμεν
2626 4921 2925 4988 πολιτείαν,
2980 4922 3029 4974 εἰ
3083 4923 3276 4992 τυχεῖν
3338 4919 3620 4993 εὐχόμεθα
3674 4912 3764 4981 τῆς

473 5021 723 5093 posceris
750 5035 779 5073 a
815 5017 948 5073 Deo.

2166 5013 2370 5069 ἄνωθεν
2397 5015 2708 5085 εὐμενείας.
2742 5016 2807 5071 Εἰ
2862 5015 2921 5069 δὲ
2955 5015 3050 5088 μὴ,
3084 5015 3287 5069 σαυτὸν
3325 5010 3492 5070 οἶσθα
3520 5008 3764 5083 γεγονότα

473 5116 731 5181 τοιοῦτον,
776 5116 958 5169 ὁποῖον
1000 5116 1131 5187 ἡμῖν
1177 5111 1379 5185 ἀρτίως
1421 5106 1701 5173 ὒπέδειξεν
1747 5107 1776 5158 6
1812 5108 2064 5179 Χριστός.
2130 5110 2221 5182 Μή
2268 5111 2526 5182 δυσφόρει
2581 5113 3087 5183 παρακρουόμενος.
3142 5111 3208 5165 Εἰ
3278 5111 3340 5164 δέ
3372 5128 3459 5165 σοι
3511 5108 3657 5163 δοκεῖ
3710 5104 3766 5157 τὸ

474 5212 707 5286 πρᾶγμα
732 5208 1008 5279 φορτικὸν,
1027 5202 1488 5276 συμπαραζεύξας
1506 5202 1570 5271 τῇ
1596 5198 1775 5251 πίστει
1812 5199 1878 5251 τὰ
1914 5201 1979 5253 ὲκ
2007 5201 2105 5272 τῆς
2141 5201 2512 5274 ἀγαθουργίας
2539 5204 2869 5273 καυχήματα
2888 5200 3066 5262 (τοῦτο
3092 5202 3203 5271 γάρ
3242 5203 3368 5255 ἐστι
3400 5202 3463 5256 τὸ
3493 5201 3672 5272 μένειν
3716 5197 3766 5246 ἐν

474 5306 697 5378 Χριστῷ
719 5345 733 5365 ,
764 5304 859 5357 καὶ
894 5301 1038 5372 ἔχειν
1069 5302 1128 5354 ὲν
1157 5296 1335 5366 ἐαυτῷ
1358 5295 1486 5358 τοὺς
1529 5292 1721 5361 λόγους
1754 5289 1965 5361 αὐτοῦ),
2018 5292 2237 5365 πρόσιθι
2277 5292 2579 5365 πεποιθὼς,
2631 5293 2728 5347 καὶ
2761 5293 2909 5369 λήψῃ
2944 5294 3039 5349 καὶ
3087 5293 3254 5357 αὐτὸς
3296 5292 3616 5367 μελλησμοῦ
3658 5287 3765 5358 δίχα
3805 5340 3811 5347 .

462 5388 695 5464 παντὸς,
729 5401 865 5469 ὅπερ
883 5396 948 5452 ἂν
972 5396 1200 5466 αἰτήσῃς
1232 5390 1385 5460 παρὰ
1405 5386 1568 5443 Θεοῦ.

544 5486 665 5555 ΧΥ,
705 5490 760 5544 8.
804 5486 879 5541 In‘
921 5486 1017 5539 hoc
1051 5481 1385 5551 clari/iratus
1442 5486 1519 5534 est
1562 5477 1727 5532 Pater
1775 5492 1923 5530 meus
1948 5515 1962 5540 ,
2004 5484 2062 5529 ut

475 5584 711 5651 fructum
738 5579 1029 5650 plurimum
1058 5573 1331 5642 offeratis,
1363 5579 1411 5625 et
1433 5567 1735 5638 efﬁciamini
1767 5566 1866 5621 mei
1899 5565 2067 5620 disci-

425 5661 435 5673 ’
474 5672 612 5741 puli.

548 5762 925 5818 Clarilicatum
967 5774 1089 5815 esse
1129 5757 1261 5813 dicit
1302 5769 1463 5811 suum
1506 5752 1724 5806 Patrem
1774 5764 1837 5803 ac
1869 5747 2061 5811 Deum,

556 5878 599 5913 ³³
633 5875 754 5935 Jac.
793 5892 869 5947 ιι,
908 5878 992 5934 19.
1071 5878 1116 5910 ³³
1151 5874 1293 5932 Psal.
1326 5884 1499 5928 cxvm
1524 5909 1538 5937 ,
1582 5867 1670 5920 ll.
1751 5866 1795 5897 ³⁵
1831 5864 1963 5920 ibid.
2007 5864 2131 5919 140.

2255 5474 2353 5528 Ἐν
2393 5475 2584 5541 τούτῳ
2615 5473 2917 5542 ἐδοξάσθη
2966 5477 3000 5528 ὁ
3045 5472 3254 5540 Πατήρ
3297 5492 3447 5543 μου,
3489 5475 3590 5528 ἵνα
3637 5485 3764 5539 καρ-

2170 5566 2293 5619 πὸν
2344 5566 2545 5621 πολὺν
2608 5568 2860 5636 φέρητε,
2915 5566 3015 5621 καί
3070 5566 3423 5637 γενήσεσθε
3485 5566 3615 5638 ἐμοὶ
3661 5577 3764 5636 μα-

2173 5659 2347 5712 θηταί
2357 5699 2368 5710 .

2250 5676 2368 5711 tua.

2232 5676 2561 5817 ’Asdoﬁa'tseat
2610 5754 2742 5824 φησί
2794 5752 2883 5807 τὸν
2949 5750 3145 5806 ἑαυτοῦ
3199 5752 3437 5823 Πατέρα
3483 5751 3577 5807 καὶ
3622 5745 3766 5813 Θεὸν,
