3938 6444
211 424 320 480 569

1238 423 1307 478 IN
1331 424 1616 481 JOANNIS
1653 424 2099 480 EV-ANGELIUM
2129 425 2256 480 LIB.
2299 424 2368 480 Χ.

3390 428 3495 483 5ῗο

210 541 301 593 ἐπ’
325 540 646 612 ἀσυγκρὲτῳ
673 541 898 606 δικαίως
930 541 1342 614 θαυμαζόμενον
1363 545 1684 617 ἁγαθότητι,
1713 545 1807 600 καὶ

1925 547 2115 616 quippe
2141 547 2233 617 qui
2251 546 2322 602 ob
2343 544 2834 616 incomparabilem
2863 543 3160 598 bonitatem
3186 543 3239 596 in
3258 543 3500 600 admira-

209 631 315 702 τῆς
351 632 434 694 εἰς
460 630 629 702 ἂκρον
665 633 850 704 ἰούσης
877 634 1216 705 ἡμερότητος
1249 637 1500 708 καθάπερ
1529 639 1653 692 τινά
1688 639 1808 692 στέ-

212 740 384 790 φανον
415 725 826 797 ἀναδησάμενον
854 727 952 800 τὴν
983 728 1290 794 ἀπόδειξιν·
1332 753 1350 782 ι
1392 732 1676 803 Ἦγάπησε
1701 733 1811 805 γὰρ

211 815 359 869 οὕτω
396 816 491 870 τὸν
535 818 763 890 κόσμον,
814 820 956 873 κατὰ
1000 821 1063 873 τὸ
1097 823 1502 893 γεγραμμένον,
1543 822 1684 877 ὥστε
1721 825 1812 878 τὸν

214 904 351 957 Υίὸν
375 905 542 958 αὑτοῦ
570 907 662 960 τὸν
686 911 948 981 μονογενῆ
979 910 1197 976 ἔδωκεν,
1227 912 1315 965 ἵνα
1346 915 1453 977 πᾶς
1482 914 1510 966 ό
1539 915 1812 970 πιστεύων

214 997 297 1056 εἰς
332 997 497 1050 αὑτὸν
546 998 620 1069 μὴ
672 999 960 1070 ἀπόληται,
1011 1001 1128 1054 ἀλλ’
1174 1001 1274 1075 ἔχῃ
1317 1003 1462 1074 ζωὴν
1511 1004 1752 1058 αἰώνιονέ
1788 1025 1807 1057 ι

216 1087 452 1157 Καρπὺς
485 1083 578 1141 οὖν
608 1088 717 1160 ἄρα
742 1093 842 1160 τῆς
876 1091 1211 1162 ἡμερότητος
1249 1091 1342 1144 τοῦ
1372 1092 1507 1146 Θεοῦ
1559 1095 1652 1148 καὶ
1698 1097 1814 1149 Πα-

216 1178 366 1248 τρὸς,
403 1180 438 1249 ἡ
476 1180 696 1234 πάντων
725 1181 860 1253 ζωὴ,
903 1183 1254 1255 πληρουμένη
1289 1184 1530 1254 δηλονότι
1559 1186 1650 1240 διὰ
1681 1189 1816 1258 Χρι-

219 1268 371 1324 στοῦ.
410 1270 510 1324 Διὰ
543 1271 702 1324 τοῦτο
728 1275 822 1326 καὶ
855 1275 1014 1338 αὑτὸς
1043 1275 1147 1346 ἔφη
1176 1293 1300 1340 που,
1328 1276 1710 1346 διαλεγόμενος
1741 1279 1817 1342 ὡς

219 1358 362 1428 πρὸς
397 1359 533 1414 Θεὸν
562 1361 657 1415 καὶ
686 1364 939 1436 Πατέρα·
977 1386 994 1418 ι
1049 1365 1191 1435 Ἐγώ
1222 1383 1280 1419 σε
1323 1367 1550 1431 ἐδόξασα
1591 1369 1686 1422 ἐπὶ
1719 1371 1818 1440 τῆς

217 1449 346 1519 γῆς,
393 1451 456 1503 τὺ
506 1449 667 1522 ἔργον
722 1453 1034 1520 τελειώσας,
1079 1456 1108 1508 ὃ
1153 1454 1392 1519 δέδωκάς
1427 1474 1540 1527 μοι,
1570 1458 1657 1512 ἵνα
1689 1461 1820 1529 πλη-

220 1539 388 1606 ρώσω
416 1543 570 1596 αὑτό.
598 1563 615 1595 ι
656 1544 1132 1618 Ἐγχειρισὰμενος
1158 1548 1268 1619 γὰρ
1302 1550 1452 1613 παρὰ
1479 1550 1573 1605 τοῦ
1605 1553 1820 1623 Πατρὸς

219 1632 416 1705 ὥσπερ
459 1637 559 1706 τὴν
600 1638 858 1692 ἁπάντων
893 1640 1050 1710 ἡμῶν
1091 1643 1367 1714 σωτηρίαν
1409 1647 1437 1698 ό
1485 1645 1817 1716 Μονογενὴς,

219 1721 282 1778 εὖ
318 1726 468 1795 μάλα
497 1727 880 1798 κατώρθωκεν,
907 1731 1006 1784 οὑκ
1040 1733 1097 1786 ἐν
1130 1734 1432 1805 ὑπουργίας
1458 1736 1610 1800 τάξει
1635 1753 1818 1808 παρα-

1911 641 2064 692 tione
2087 639 2211 708 jure
2240 638 2312 693 sit
2349 637 2604 700 habitus,
2633 645 2688 691 et
2713 651 2781 691 ex
2814 636 2908 688 illa
2943 634 3318 689 celebratione
3344 650 3490 689 sum-

1915 729 2396 799 maebeuiguitatis
2445 742 2650 782 corona
2694 727 2862 782 veluti
2921 725 3159 795 quadam
3213 733 3445 778 ornatus
3484 743 3496 778 :

1919 836 1937 868 ι
1952 817 2043 873 Sic
2062 819 2208 874 enim
2230 819 2423 874 dilexit
2444 819 2734 886 mundum,
2751 818 2901 873 sicut
2923 819 3189 884 scriptum
3209 823 3315 879 est,
3341 825 3402 869 ut
3418 813 3504 868 Fi-

1916 910 2051 964 lium
2079 927 2240 977 suum
2285 911 2627 979 unigenitum
2661 911 2854 973 dareta,
2896 910 3168 963 utomnis
3201 909 3295 978 qui
3327 906 3498 961 credit

1916 1003 1971 1056 in
2005 1017 2149 1065 eum,
2180 1011 2527 1072 non'pereat,
2549 1002 2644 1057 sed
2675 1001 2871 1056 habeat
2907 1001 3076 1056 vitam
3104 1007 3364 1054 mternam
3394 997 3494 1050 “.i

1918 1093 2154 1150 Fructus
2186 1095 2353 1166 igitur
2381 1094 2641 1149 bonitatis
2672 1092 2768 1148 Dei
2797 1108 2861 1146 ac
2889 1092 3096 1152 Patris,
3126 1091 3236 1143 vita
3268 1099 3354 1143 est
3379 1104 3499 1143 om-

1921 1187 2097 1254 nium,
2124 1202 2245 1256 qua:
2272 1202 2368 1256 per
2397 1186 2675 1241 Christum
2707 1185 2921 1239 scilicet
2951 1184 3232 1254 impletur.
3263 1181 3504 1249 Ideoque

1919 1281 2038 1350 ipse
2083 1280 2149 1335 ad
2201 1279 2370 1334 Deum
2422 1288 2476 1334 et
2531 1277 2748 1332 Patrem
2786 1292 2945 1333 suum
2999 1278 3235 1345 loquens
3297 1273 3500 1326 alicubi

1919 1371 2060 1426 dixit
2092 1391 2104 1427 :
2142 1392 2158 1424 ι
2198 1372 2310 1443 Ego
2343 1382 2396 1426 te
2425 1369 2750 1433 clariﬁcavi,
2779 1383 2919 1438 opus
2947 1365 3322 1421 consummavi
3353 1362 3500 1432 quod

1919 1464 2122 1520 dedisti
2155 1464 2311 1528 mihi,
2349 1472 2408 1518 ut
2441 1462 2640 1517 faciam
2669 1462 2733 1514 ⁸⁷.
2773 1480 2791 1511 ι
2827 1462 3124 1530 Acceptam
3155 1457 3303 1513 enim
3338 1472 3367 1510 a
3397 1455 3502 1508 Pa-

1920 1561 2005 1608 tre
2043 1551 2455 1623 quodammodo
2509 1552 2896 1606 universorum
2955 1549 3190 1603 salutem
3233 1547 3340 1600 rite
3388 1559 3504 1616 per-

1921 1646 2033 1716 egit
2069 1646 2420 1716 Uuigenitus,
2455 1659 2563 1698 non
2600 1643 2841 1697 ministri
2873 1642 2997 1695 loco
3031 1647 3370 1708 assumptus,
3406 1635 3502 1691 sed

1922 1738 2158 1806 ipsamet
2189 1736 2373 1790 Patris
2417 1735 2685 1805 sapientia
2718 1740 2774 1787 et
2815 1732 2994 1786 virtus
3037 1730 3318 1786 exsisteus
3351 1727 3502 1798 geni-

219 1815 477 1887 ληφθεὶς,
511 1820 627 1874 ἀλλ’
656 1823 969 1892 αὑτοσοφία,
1001 1825 1096 1878 καὶ
1147 1825 1374 1896 δύναμις
1411 1826 1506 1881 τοῦ
1552 1828 1819 1896 φύσαντος

1926 1830 2086 1893 toris,
2142 1828 2262 1884 sine
2311 1842 2420 1897 qua
2483 1825 2599 1880 fieri
2656 1824 2789 1877 nihil
2849 1821 3008 1892 plane
3042 1826 3242 1890 potest.
3306 1816 3504 1870 Omnia

221 1909 513 1979 ὑπάρχων,
559 1906 628 1983 ἧς
676 1913 769 1970 καὶ
813 1914 934 1985 δίχα
967 1915 1176 1983 γένοιτο
1219 1917 1280 1970 τὸ
1330 1918 1596 1992 παράπαν
1644 1919 1818 1973 οὐδέν.

222 2000 418 2054 Πάντα
447 2001 554 2072 γὰρ
598 2002 665 2056 δι’
701 2005 888 2069 αὑτοῦ,
925 2006 1064 2060 κατὰ
1099 2009 1189 2061 τὸν
1224 2010 1376 2077 ἅγιον
1406 2011 1817 2083 εὑαγγελιστὴν,

221 2089 528 2160 ἐξαιρέτως
573 2091 628 2144 δὲ
675 2093 743 2147 τὰ
789 2093 908 2147 καθ’
947 2096 1114 2166 ἡμᾶς.
1159 2097 1269 2150 Καὶ
1311 2098 1440 2166 γοῦν
1476 2101 1504 2152 ὁ
1552 2101 1823 2173 μακάριος

220 2180 394 2233 Δαϐὶδ
427 2181 535 2234 τῶν
579 2181 700 2236 καθ’
745 2186 892 2255 ἡμᾶς
943 2188 1284 2260 πραγμάτων
1337 2190 1434 2261 τὴν
1489 2192 1820 2263 οἰκονομίαν,

221 2273 320 2325 καὶ
350 2272 454 2341 τῆς
483 2275 740 2330 ἁπάντων
770 2275 916 2348 ζωῆς
945 2282 1045 2350 τὴν
1067 2281 1405 2352 κατόρθωσιν
1427 2285 1822 2356 ἐπιτρέπεσθαι

219 2362 302 2432 τῷ
335 2364 452 2436 Υίῷ
492 2367 642 2439 παρὰ
675 2369 909 2439 Πατρὸς,
955 2371 1051 2425 ἅτε
1089 2373 1151 2444 δὴ
1203 2374 1299 2427 καὶ
1332 2375 1632 2447 ὑπάρχοντι
1663 2377 1824 2431 δυνά-

223 2471 320 2523 μει
369 2457 465 2509 καὶ
511 2459 672 2530 σοφίᾳ
703 2458 892 2525 αὑτοῦ,
931 2464 1253 2531 παρακαλεῖ
1285 2465 1458 2534 λέγων
1502 2469 1632 2522 ποτὲ
1688 2471 1819 2539 μέν’

226 2564 248 2596 ι
288 2549 588 2611 Ἔντειλαι,
618 2554 645 2604 ὁ
677 2551 828 2617 Θεὸς,
859 2557 923 2625 τῇ
972 2555 1200 2626 δυνάμει
1253 2576 1376 2612 σου·
1425 2561 1765 2632 δυνάμωσον,
1795 2566 1824 2617 ὁ

221 2635 384 2698 Θεὸς,
417 2637 574 2691 τοῦτο
601 2640 629 2692 ὃ
658 2645 1007 2716 κατειργάσω
1027 2647 1093 2700 ἐν
1125 2652 1276 2721 ἡμῖν,
1315 2671 1333 2702 ι
1367 2653 1495 2706 ποτέ
1531 2654 1596 2706 δὲ’
1625 2655 1818 2708 πάλιν

230 2745 249 2774 ι
275 2725 352 2818 *Ὁ
370 2727 540 2818 θεὸς,
585 2731 645 2782 τὸ
693 2735 875 2804 κρῖμά
925 2755 1016 2791 σου
1061 2739 1138 2809 τῷ
1171 2740 1387 2809 βασιλεῖ
1414 2743 1523 2805 δός.
1564 2763 1582 2796 ι
1624 2747 1821 2818 Ἔργον

222 2814 337 2885 γὰρ
369 2811 437 2886 ἦν
473 2819 636 2887 μόνου
667 2823 760 2876 τοῦ
792 2827 1282 2896 συμϐασιλεύοντος
1311 2832 1388 2902 τῷ
1425 2834 1542 2904 Θεῷ
1576 2837 1669 2889 καὶ
1714 2839 1826 2892 Πα-

223 2908 341 2976 τρὶ,
365 2908 427 2961 τὸ
459 2913 640 2966 πᾶσαν
679 2917 1136 2990 κατεφθαρμένην
1164 2923 1545 2994 ἐπανορθῶσαι
1573 2927 1674 2998 τὴν
1697 2928 1820 2999 γῆν,

224 2997 322 3050 καὶ
354 2999 756 3073 ἀναμορφῶσαι
790 3006 1048 3063 δύνασθαι
1081 3011 1217 3081 πρὸς
1245 3013 1383 3082 ὅπερ
1409 3009 1478 3085 ἦν
1517 3017 1574 3069 ἐν
1606 2997 1821 3089 ἆρχαῒς.

235 3089 537 3162 Ἔδοξάσθη
580 3097 869 3168 τοιγαροῦν
914 3101 942 3152 ό
982 3101 1172 3173 Πατήρ
1217 3120 1319 3172 μου
1365 3105 1583 3168 ἐπιδοὺς
1612 3109 1825 3162 ἀντίλυ-

219 3197 356 3250 τρον
380 3183 484 3254 τῆς
510 3184 605 3238 τοῦ
637 3189 841 3258 κόσμου
878 3189 1021 3261 ζωῆς
1051 3194 1141 3246 τὸν
1173 3193 1301 3248 ἴδιον
1325 3197 1520 3252 ἑαυτοῦ
1546 3199 1693 3266 Υἱὸν,
1727 3201 1817 3254 εὑ-

221 3273 469 3344 δοκησας
500 3278 627 3332 ἰδεῖν
658 3281 716 3333 ἐν
747 3285 859 3346 τοῖς
885 3284 1006 3336 καθ’
1034 3287 1181 3355 ἡμᾶς
1219 3287 1309 3341 τὸν
1336 3289 1475 3362 ὑπὲρ
1509 3294 1689 3346 πᾶσαν
1722 3295 1821 3364 τὴν

223 3365 429 3432 κτίσιν,
461 3369 560 3438 οὑχ
610 3371 694 3426 ἵνα
743 3390 798 3426 τι
840 3374 948 3427 τῶν
974 3377 1198 3444 ἀγαθῶν
1245 3383 1309 3448 τῇ
1347 3381 1452 3452 ἰδία
1501 3385 1824 3459 κατορθώσῃ

225 3453 394 3546 φύσει
417 3457 761 3525 (παντέλειος
788 3462 898 3534 γὰρ
937 3465 1030 3517 καὶ
1059 3453 1665 3543 άπροσδεὴς,,άπάντων
1687 3453 1824 3546 ἔχων

222 3544 286 3599 τὸ
319 3548 573 3617 κράτος),
612 3551 726 3606 ἀλλ’
761 3554 847 3607 ἵνα
891 3555 1049 3625 ὑμεῖς
1086 3559 1307 3612 πλείονα
1354 3564 1565 3632 καρπὸν
1595 3544 1822 3636 φέρητε,

221 3637 324 3688 καὶ
362 3638 599 3711 γένησθε
646 3642 771 3712 ἐμοὶ
824 3644 1084 3715 μαθηταί.
1136 3645 1199 3699 Εἰ
1235 3647 1308 3719 μὴ
1347 3649 1455 3721 γὰρ
1487 3652 1708 3720 γέγονεν
1734 3657 1826 3710 ἄν·

225 3725 470 3799 θρωπος,
521 3731 632 3784 οὐδ’
667 3732 734 3786 ἂν
783 3734 920 3798 ὅλως
963 3738 1124 3806 ἡμεῖς
1166 3738 1267 3808 τῆς
1306 3741 1443 3812 πρὸς
1489 3745 1652 3799 αὑτὸν
1683 3764 1823 3818 συμ-

223 3819 398 3886 φυῖας
421 3821 739 3892 ἠξιωμένοι,
766 3825 866 3879 καὶ
908 3828 1204 3897 κλημάτων
1233 3829 1389 3901 δίκην
1422 3835 1823 3905 ἐμπεφυκότες,

222 3910 322 3964 καὶ
361 3910 600 3984 δύναμιν
631 3915 713 3979 είς
749 3918 1131 3989 καρποφορίαν
1180 3921 1530 3994 ποριζόμενοι
1574 3929 1705 3998 παρ’
1731 3931 1827 3983 αὑ-

221 4001 473 4091 τοῦ,.διὰ
517 4008 808 4074 μετουσίας
851 4009 945 4063 τοῦ
999 4011 1338 4082 Πνεύματος,
1373 4016 1726 4090 ἀπετέκομεν-
1759 4022 1825 4077 ἂν

220 4094 319 4147 τὸν
365 4095 471 4164 τῆς
515 4096 806 4168 θεοφιλοῦς
828 4102 1106 4168 πολιτείας
1143 4107 1376 4177 καρπὸν,
1421 4109 1481 4162 ὃν
1519 4111 1614 4164 καὶ
1658 4113 1826 4169 πολὺν

220 4187 513 4256 ὀνομάζει,
544 4189 634 4242 τὸν
663 4191 729 4244 ἐκ
759 4192 861 4262 τῆς
887 4196 1117 4266 νομικῆς
1142 4197 1398 4268 λατρείας
1428 4201 1823 4270 ὀπίσωιτιθεὶς,

223 4278 286 4329 ἐν
317 4277 606 4333 ἐλάττοσιν
639 4276 776 4335 εῖναι
817 4283 1012 4354 δηλῶν.
1051 4305 1068 4336 ι
1103 4286 1431 4344 Τετελείωκε
1465 4292 1572 4364 γὰρ
1597 4297 1626 4348 ό
1664 4295 1828 4366 νόμος

220 4369 411 4434 οὐδὲν,
449 4390 467 4421 ι
507 4371 648 4425 κατὰ
697 4373 797 4444 τὴν
840 4374 931 4428 τοῦ
983 4377 1195 4431 Παύλου
1248 4382 1455 4453 φωνήν.
1516 4383 1633 4438 Διὰ‹
1665 4385 1826 4442 τοῦτο

219 4458 365 4530 πρὸς
409 4460 538 4522 τοὺς
582 4460 770 4529 ἁγίους
819 4461 1022 4532 ἔφασκε
1059 4465 1327 4538 μαθητὰς,
1359 4471 1561 4540 μᾶλλον
1588 4472 1646 4526 δὲ
1688 4476 1824 4548 πρὸς

1924 1920 2128 1990 quippe
2180 1935 2276 1989 per
2321 1919 2526 1988 ipsum,
2581 1915 2740 1986 juxta
2792 1921 3046 1969 sanctum
3083 1909 3503 1980 evangelistam,

1925 1998 2022 2066 sed
2051 2025 2152 2065 nos
2181 2009 2386 2065 eximio
2405 2009 2655 2078 quodam
2682 2004 2864 2060 modo.
2912 2003 3070 2058 L'nde
3096 2002 3291 2056 beatus
3335 1998 3506 2052 David

1927 2112 2240 2158 nostrarum
2278 2117 2464 2157 rerum
2499 2099 2978 2170 dispensationem
3018 2103 3075 2152 et
3115 2096 3242 2149 vitae.
3283 2093 3502 2147 univcr-

1927 2209 2113 2250 sorum
2153 2192 2543 2264 perfectionem
2584 2191 2785 2245 Filio-ta
2814 2190 2988 2244 Patre
3015 2185 3288 2252 mandari,
3320 2193 3509 2254 utpote

1926 2301 2050 2343 cum
2083 2287 2156 2342 sit
2183 2286 2362 2341 virtus
2391 2285 2512 2353 ejus
2548 2295 2601 2339 et
2631 2283 2900 2353 sapientia
2922 2281 2989 2344 ³⁸,
3016 2280 3270 2334 hortatur
3291 2279 3506 2342 dicens,

1928 2377 2092 2431 modo
2132 2377 2354 2446 quidem
2386 2395 2397 2430 :
2439 2395 2456 2426 ι
2491 2373 2683 2428 Μαικία
2709 2414 2725 2440 ,
2757 2371 2938 2435 Deus,
2971 2369 3160 2424 virtuti
3193 2379 3334 2434 tua};
3374 2383 3510 2421 con-

1928 2467 2084 2523 ﬁrma
2111 2467 2236 2533 hoc,
2266 2466 2432 2530 Deus,
2455 2466 2622 2536 880
2643 2466 2788 2534 quod
2814 2463 3091 2533 pet-fecisti
3121 2463 3174 2516 in
3205 2462 3364 2515 uobis
3390 2460 3434 2494 '9
3456 2477 3502 2524 ;ι

1927 2560 2089 2615 modo
2123 2575 2353 2615 rursus:
2386 2578 2404 2610 σ
2435 2558 2603 2623 Deus,
2629 2557 2898 2626 judicium
2942 2564 3095 2610 tuum
3135 2553 3247 2624 regi
3279 2553 3346 2607 da
3375 2551 3440 2604 ‘°.
3482 2569 3499 2600 ι

1927 2649 2079 2720 Opus
2111 2651 2259 2706 enim
2311 2659 2398 2706 est
2435 2651 2556 2718 ejus
2607 2649 2900 2718 unius-qui
2948 2646 3112 2702 simul
3141 2660 3268 2700 cum
3301 2643 3414 2699 Deo
3441 2658 3508 2697 ae

1925 2741 2088 2797 Patre
2123 2748 2334 2811 regnat,
2369 2741 2682 2796 universam
2709 2749 2912 2796 terram
2927 2747 3256 2806 corruptam
3291 2739 3509 2792 instau-

1925 2847 2072 2895 rare,
2103 2839 2157 2886 et
2191 2830 2258 2884 ad
2291 2829 2344 2884 id
2376 2831 2523 2900 quod
2566 2838 2683 2885 erat
2739 2830 2921 2892 initio,
2974 2829 3282 2884 reformare
3320 2843 3504 2898 posse.

1924 2921 2276 2979 Clarificatus
2307 2922 2475 2992 igitur
2502 2921 2784 2978 est.Pater
2814 2936 2970 2977 meus
3007 2920 3138 2976 dato
3160 2920 3385 2991 preprio
3417 2920 3508 2973 Fi-

1927 3011 2002 3066 lio
2059 3013 2116 3065 in
2169 3011 2406 3080 pretium
2461 3009 2863 3080 redemptionis
2901 3010 3022 3064 vitae
3067 3008 3257 3063 mundi
3297 3009 3504 3077 hujus,

1923 3101 2148 3171 quando
2179 3100 2388 3172 placuit
2415 3100 2470 3155 in
2499 3100 2742 3155 humana
2773 3116 2940 3155 carne
2961 3100 3148 3156 videre
3176 3115 3264 3155 me
3293 3103 3390 3170 qui
3415 3117 3509 3154 su-

1926 3207 2026 3262 pra
2070 3208 2288 3248 onmem
2337 3199 2650 3248 creaturam
2699 3208 2841 3256 sum,
2899 3208 3010 3246 non
3042 3201 3101 3246 ut
3131 3191 3338 3262 aliquid
3380 3193 3509 3247 boui

1927 3299 2042 3340 suae
2079 3295 2290 3340 natura-
2337 3285 2664 3341 conciliaret
2696 3283 3173 3356 (perfectissimus
3239 3285 3386 3339 enim
3426 3295 3510 3339 est

1926 3392 1991 3432 ac
2018 3377 2224 3433 nullius
2253 3378 2334 3433 rei
2385 3377 2627 3450 indigus,
2667 3379 2851 3432 omnia
2886 3385 3160 3447 potestate
3192 3391 3291 3431 sua
3332 3376 3509 3430 couti-

1927 3468 2110 3541 nens),
2145 3469 2240 3525 sed
2276 3478 2334 3524 ut
2372 3485 2468 3526 vos
2512 3470 2826 3525 uberiorem
2861 3468 3103 3524 fructum
3149 3467 3412 3532 aﬂ‘eratis,
3457 3476 3510 3523 et

1926 3559 2242 3616 eﬂiciamiui
2292 3561 2395 3616 mei
2444 3561 2724 3632 discipuli.
2777 3559 2894 3615 Nisi
2939 3561 3084 3615 enim
3125 3560 3289 3615 homo
3328 3559 3511 3614 factus

1925 3661 2095 3718 esset,
2143 3654 2462 3725 neutiquam
2508 3667 2657 3709 certe
2694 3667 2794 3709 nos
2827 3653 2948 3722 ejus
2999 3653 3255 3708 honorati
3308 3665 3511 3721 cogna-

1927 3745 2096 3810 tione,
2130 3754 2186 3801 et
2229 3746 2519 3818 palmitum
2545 3745 2724 3800 instar
2769 3745 2820 3800 ei
2869 3745 3036 3809 allixi,
3083 3751 3139 3799 et
3190 3744 3257 3798 ad
3293 3742 3510 3797 fruetus

1929 3836 2312 3908 producendos
2336 3837 2406 3893 ab
2438 3851 2506 3892 eo
2531 3835 2718 3891 donati
2746 3851 2845 3906 per
2875 3835 3355 3906 participationem
3387 3833 3511 3902 Spi-

1926 3929 2093 3994 ritus,
2119 3931 2223 3998 piae
2245 3931 2688 3985 conversationis
2713 3930 2950 3984 fructum
2975 3942 3321 3999 pareremus,
3348 3940 3510 3995 quem

1925 4032 1980 4076 et
2019 4023 2321 4091 plurimum
2354 4024 2622 4086 nominat,
2661 4021 2894 4092 legalem
2927 4019 3138 4074 cultum
3188 4015 3319 4071 huic
3361 4023 3512 4085 post-

1925 4125 2161 4180 ponens,
2212 4118 2268 4165 et
2319 4111 2588 4165 minorem
2647 4125 2772 4165 esse
2822 4108 3236 4163 demonstrans.
3362 4102 3510 4158 Nihil

1925 4203 2074 4275 enim
2104 4201 2184 4256 ad»
2212 4201 2519 4271 perfectum
2555 4201 2786 4256 adduxit
2815 4201 2926 4264 lex,
2962 4218 2980 4251 ι
3014 4198 3173 4268 juxta
3201 4196 3354 4252 Pauli
3380 4213 3510 4250 sen~

1927 4291 2160 4346 tentiam
2197 4291 2264 4344 δ’.
2310 4290 2522 4346 Idcirco
2554 4293 2621 4346 ad
2659 4301 2888 4347 sanctos
2937 4289 3242 4359 discipulos
3288 4287 3471 4341 aiebat
3497 4325 3513 4347 ,

1927 4382 2040 4438 imo
2067 4397 2199 4437 vero
2227 4383 2423 4452 potius
2452 4383 2519 4438 ad
2564 4398 2679 4439 nos.
2711 4381 3204 4452 omnes,.qui._per
3253 4378 3412 4433 fidem
3462 4385 3517 4432 et

1927 4476 2300 4532 omnimodam
2327 4477 2655 4534 c’haritatem
2705 4479 2756 4534 ei
2805 4477 3202 4532 adhaeremus:
3251 4493 3269 4526 ι
3313 4473 3512 4535 Amen,

220 4552 486 4614 ἅπαντας
538 4554 718 4622 ἡμᾶς,
771 4554 821 4608 οἳ
869 4556 958 4610 διὰ
1008 4557 1245 4624 πίστεως
1298 4563 1393 4616 καὶ
1439 4565 1539 4636 τῆς
1593 4568 1819 4623 είσάπαν

1935 4583 2097 4623 amen
2135 4568 2263 4622 dico
2293 4568 2476 4635 vobis,
2522 4570 2628 4623 nisi
2653 4604 2655 4606 -
2677 4567 3044 4623 abundaverit
3069 4566 3298 4636 ejustitia
3333 4573 3514 4620 vestra

218 4643 456 4712 ἀγάπης
484 4643 634 4715 αὑτῷ
664 4647 1004 4717 κεκλήμεθα*
1032 4670 1051 4703 ι
1088 4652 1283 4723 Ἀμὴν,
1318 4655 1464 4725 ἀμὴν
1495 4657 1638 4725 λέγω
1672 4661 1824 4731 ὑμῖν,

217 4734 320 4785 ἐάν
358 4734 438 4804 μὴ
495 4737 832 4809 περισσεύσῃ
883 4740 915 4808 ἡ
960 4739 1269 4815 δικαιοσύνη
1324 4745 1480 4816 ὑμῶν
1525 4748 1689 4803 πλέον
1721 4751 1829 4808 τῶν

216 4824 616 4894 Γραμματέων
649 4827 745 4880 καὶ¹
797 4830 1124 4900 Φαρισαίων,
1173 4834 1234 4887 οὑ
1288 4836 1362 4906 μὴ
1417 4837 1696 4911 εἰσέλθητε
1750 4842 1831 4907 εἰς

216 4915 324 4985 τὴν
382 4915 661 4985 βασιλείαν
709 4919 818 4972 τῶν
874 4921 1134 4993 οὐρανῶν.
1178 4945 1197 4978 ι
1235 4926 1345 4980 Καὶ
1399 4929 1594 4983 πάλιν
1650 4949 1670 4982 ι
1715 4934 1832 4997 Πᾶς

216 5003 604 5076 Γραμματεὺς
630 5009 992 5080 μαθητευθεὶς
1021 5017 1085 5085 τῇ
1123 5015 1372 5091 βασιλείᾳ
1404 5020 1514 5074 τῶν
1553 5023 1820 5094 οὑρανῶν,

220 5098 416 5166 ὅμοιός
472 5100 622 5152 ἐστιν
669 5101 945 5174 ἀνθρώπῳ
986 5105 1247 5178 πλουσίῳ,
1283 5110 1430 5175 ὅστις
1471 5113 1725 5169 ἐκὸάλλει
1759 5117 1825 5171 ἐκ

219 5187 317 5240 τοῦ
356 5189 848 5260 θησαυροῦιαὺτοῦ
895 5195 1059 5249 καινά
1101 5199 1195 5250 καὶ
1229 5200 1460 5255 παλαιά·
1514 5221 1532 5255 υ
1571 5205 1824 5278 καθάπερ

218 5281 334 5351 γὰρ
375 5282 441 5334 ἐκ
473 5281 750 5354 θησαυροῦ
790 5285 889 5354 τῆς
927 5287 1156 5359 καρδίας
1196 5289 1268 5343 τὰ
1316 5293 1588 5348 Μωσαῖκὰ
1631 5297 1823 5368 διηγή-

225 5390 399 5440 ματα,
437 5373 668 5426 καὶτῶν
703 5377 946 5446 ἀρχαίων
971 5383 1417 5452 συγγραμμάτων
1452 5385 1551 5457 τὴν
1577 5389 1819 5460 μνήμην.

224 5464 296 5516 '0
325 5481 394 5533 γε
431 5465 542 5535 μὴν
567 5467 835 5537 κατήκοός
865 5486 922 5520 τε
951 5470 1045 5523 καὶ
1078 5471 1322 5544 εὐμαθὴς
1347 5477 1441 5530 καὶ
1467 5480 1564 5549 τῆς
1595 5481 1824 5550 εὐαγγε-

222 5553 387 5625 λικῆς
433 5555 723 5626 δᾳδουχίας
765 5559 1073 5624 ἀνάπλεως,
1112 5563 1279 5626 πολὺς
1330 5567 1424 5620 καὶ
1471 5568 1691 5634 διπλοῦς
1744 5575 1824 5636 είς

223 5644 488 5709 πλοῦτον,
518 5646 610 5699 τὸν
638 5648 697 5700 ἐν
723 5648 999 5720 Πνεύματι
1029 5652 1086 5704 δὲ
1115 5652 1355 5724 δηλονότι
1382 5658 1545 5727 φημί.
1571 5660 1685 5713 Νέα
1715 5663 1821 5733 γὰρ

1928 4661 2054 4729 plus
2083 4674 2247 4729 quam
2282 4659 2625 4714 Scribarum.
2645 4659 3163 4721 et-Pharisaaorum,
3197 4671 3307 4711 non
3337 4657 3514 4710 intra-

1926 4751 2057 4806 bitis
2087 4749 2142 4804 in
2173 4765 2404 4820 regnum
2432 4751 2701 4806 ccelorum
2731 4750 2801 4804 “.
2846 4768 2864 4801 ι
2897 4749 2965 4803 Et
2991 4764 3187 4804 rursus
3219 4767 3233 4803 :
3266 4765 3285 4799 ι
3322 4746 3516 4804 Omnis

1932 4841 2125 4897 Scriba
2159 4841 2356 4896 doctus
2392 4841 2448 4895 in
2482 4857 2653 4912 regno
2681 4842 2978 4906 cmlorum,
3030 4839 3231 4897 similis
3280 4847 3368 4894 est
3413 4839 3512 4892 ho-

1931 4933 2068 4986 mini
2119 4931 2277 4986 diviti
2324 4933 2419 5002 qui
2455 4932 2671 5002 profert
2722 4933 2791 4989 de
2840 4934 3104 4989 thesauro
3137 4947 3241 4988 suo
3285 4947 3427 4987 nova
3458 4941 3514 4988 et

1930 5031 2119 5079 vetera
2151 5025 2196 5055 "
2228 5043 2241 5077 :
2277 5043 2296 5075 ι
2331 5039 2362 5078 e
2393 5024 2654 5080 thesauro
2684 5024 2872 5081 cordis
2900 5025 3189 5094 nimirum,
3216 5023 3517 5079 Mosaicam

1933 5113 2220 5169 historiam
2254 5122 2312 5169 et
2351 5123 2602 5170 veterum
2654 5117 2992 5186 scriptorum
3023 5114 3370 5170 memoriam.
3413 5111 3517 5168 Do-

1931 5203 2055 5259 cilis
2090 5213 2273 5259 autem
2295 5211 2350 5260 et
2371 5206 2705 5277 evangelicae
2735 5205 3130 5261 illustrationis
3159 5203 3379 5273 plenus,
3417 5217 3516 5257 eo-

1934 5299 2148 5369 piosus,
2173 5309 2230 5355 et
2256 5301 2428 5372 duplo
2449 5297 2624 5357 ditior
2659 5308 2766 5368 est,
2809 5300 3151 5371 spiritalibus
3192 5312 3392 5368 nempe
3429 5295 3516 5349 di-

1932 5389 2105 5445 vitiis.
2140 5388 2291 5445 Nova
2323 5392 2468 5447 enim
2498 5389 2709 5463 profert
2748 5398 2804 5447 et
2832 5397 3039 5453 vetera,
3083 5387 3220 5460 legis
3258 5385 3513 5442 umbram

1930 5480 2217 5547 nimirum,
2251 5491 2306 5538 et
2328 5484 2440 5537 vim
2476 5483 2661 5538 cultus
2689 5481 2881 5552 legalis
2919 5482 2977 5536 in
3015 5479 3348 5550 evangelica:
3385 5481 3514 5534 vita:

1933 5569 2170 5626 formam
2205 5572 2574 5630 transferens.
2607 5571 2764 5638 Quod
2792 5570 2939 5626 enim
2974 5572 3057 5626 lex
3082 5585 3178 5640 per
3202 5571 3408 5640 ﬁguras
3437 5571 3513 5626 si-

1932 5661 2253 5732 gniﬁcabat,
2280 5664 2384 5719 hoc
2413 5663 2668 5720 Christus
2695 5663 2748 5718 in
2775 5662 3031 5725 veritate,
3061 5661 3206 5718 nude
3227 5671 3282 5718 et
3302 5670 3508 5733 aperte.

305 5754 351 5845 _"
392 5752 703 5845 {230..1"...
729 5757 814 5845 id:
894 5758 937 5790 ³⁷
975 5758 1134 5845 lgna.
1169 5779 1301 5845 Evn,
1343 5765 1407 5845 4..
1475 5767 1520 5798 ³⁸
1559 5766 1576 5819 l
1611 5769 1740 5825 Cor.
1776 5789 1819 5840 ι1

1925 5775 1961 5830 ι.
2045 5779 2087 5810 δ’
2129 5777 2275 5834 Psal.
2307 5778 2592 5845 van,29.
2673 5777 2887 5835 “Psal.
2931 5793 3084 5845 Lxxr,
3120 5778 3170 5834 l.
3250 5779 3292 5811 “
3331 5777 3498 5835 Hebr.

233 5835 355 5893 vn,
406 5825 490 5881 l8.
569 5826 615 5859 ⁸³
658 5825 848 5882 Matth.
893 5845 945 5893 v,
996 5830 1086 5884 ΞΟ.
1168 5834 1213 5866 ι’
1255 5825 1448 5892 Matth.
1488 5853 1620 5897 xm.
1657 5840 1725 5888 5°
