  <div class='ocr_page' id='page_1' title='image "/cluster/home/n/w/nwhite01/storage/ocr_20150623/74:no.7/coo.31924054869684/193.png"; bbox 0 0 3938 6422; ppageno 0'>
   <div class='ocr_carea' id='block_1_1' title="bbox 498 397 601 454">
    <p class='ocr_par' dir='ltr' id='par_1_1' title="bbox 498 397 601 454">
     <span class='ocr_line' id='line_1_1' title="bbox 498 397 601 454; baseline -0.01 -1"><span class='ocrx_word' id='word_1_1' title='bbox 498 397 601 454; x_wconf 71' lang='grc'><strong>371</strong></span> 
     </span>
    </p>
   </div>
   <div class='ocr_carea' id='block_1_2' title="bbox 1472 397 2765 469">
    <p class='ocr_par' dir='ltr' id='par_1_2' title="bbox 1472 397 2765 469">
     <span class='ocr_line' id='line_1_2' title="bbox 1472 397 2765 469; baseline 0.014 -18"><span class='ocrx_word' id='word_1_2' title='bbox 1472 408 1481 421; x_wconf 83' lang='lat'><strong>‘</strong></span> <span class='ocrx_word' id='word_1_3' title='bbox 1515 397 1572 454; x_wconf 91' lang='lat' dir='ltr'><strong>S.</strong></span> <span class='ocrx_word' id='word_1_4' title='bbox 1615 397 1895 455; x_wconf 76' lang='lat' dir='ltr'><strong>CYRILLI</strong></span> <span class='ocrx_word' id='word_1_5' title='bbox 1930 402 2400 465; x_wconf 79' lang='lat' dir='ltr'><strong>ALEXANDRINI</strong></span> <span class='ocrx_word' id='word_1_6' title='bbox 2440 408 2765 469; x_wconf 78' lang='lat' dir='ltr'><strong>ARCHIEP.</strong></span> 
     </span>
    </p>
   </div>
   <div class='ocr_carea' id='block_1_3' title="bbox 3632 421 3718 478">
    <p class='ocr_par' dir='ltr' id='par_1_3' title="bbox 3632 421 3718 478">
     <span class='ocr_line' id='line_1_3' title="bbox 3632 421 3718 478; baseline 0.047 -4"><span class='ocrx_word' id='word_1_7' title='bbox 3632 421 3718 478; x_wconf 70' lang='lat'><strong>372</strong></span> 
     </span>
    </p>
   </div>
   <div class='ocr_carea' id='block_1_4' title="bbox 493 512 2063 611">
    <p class='ocr_par' dir='ltr' id='par_1_4' title="bbox 493 512 2063 588">
     <span class='ocr_line' id='line_1_4' title="bbox 493 512 2063 588; baseline 0.004 -19"><span class='ocrx_word' id='word_1_8' title='bbox 493 514 730 586; x_wconf 76' lang='lat' dir='ltr'><strong>Ideoque</strong></span> <span class='ocrx_word' id='word_1_9' title='bbox 759 513 979 572; x_wconf 81' lang='lat' dir='ltr'><strong>dicebat</strong></span> <span class='ocrx_word' id='word_1_10' title='bbox 1013 536 1024 570; x_wconf 86' lang='lat'><strong>:</strong></span> <span class='ocrx_word' id='word_1_11' title='bbox 1081 534 1099 566; x_wconf 79' lang='grc' dir='ltr'><strong>ι</strong></span> <span class='ocrx_word' id='word_1_12' title='bbox 1137 512 1256 570; x_wconf 82' lang='grc' dir='ltr'><strong>Νοη</strong></span> <span class='ocrx_word' id='word_1_13' title='bbox 1307 514 1427 569; x_wconf 97' lang='lat' dir='ltr'><strong>veni</strong></span> <span class='ocrx_word' id='word_1_14' title='bbox 1480 515 1699 571; x_wconf 79' lang='lat' dir='ltr'><strong>solvere</strong></span> <span class='ocrx_word' id='word_1_15' title='bbox 1741 517 1936 588; x_wconf 86' lang='lat' dir='ltr'><strong>legem,</strong></span> <span class='ocrx_word' id='word_1_16' title='bbox 1979 522 2063 578; x_wconf 74' lang='lat' dir='ltr'><strong>sed</strong></span> 
     </span>
    </p>
   </div>
   <div class='ocr_carea' id='block_1_5' title="bbox 2167 512 3719 611">
    <p class='ocr_par' dir='ltr' id='par_1_5' title="bbox 2183 526 3719 611">
     <span class='ocr_line' id='line_1_5' title="bbox 2183 526 3719 611; baseline 0.008 -32"><span class='ocrx_word' id='word_1_17' title='bbox 2183 526 2458 594; x_wconf 74' lang='grc' dir='ltr'>ἐκϐάλλει,</span> <span class='ocrx_word' id='word_1_18' title='bbox 2491 528 2585 583; x_wconf 71' lang='grc' dir='ltr'><strong>καὶ</strong></span> <span class='ocrx_word' id='word_1_19' title='bbox 2615 527 2848 596; x_wconf 77' lang='grc' dir='ltr'>παλαιὰ,</span> <span class='ocrx_word' id='word_1_20' title='bbox 2878 527 2977 601; x_wconf 83' lang='grc' dir='ltr'>τὴν</span> <span class='ocrx_word' id='word_1_21' title='bbox 3005 526 3098 583; x_wconf 81' lang='grc' dir='ltr'>τοῦ</span> <span class='ocrx_word' id='word_1_22' title='bbox 3127 528 3293 601; x_wconf 76' lang='grc' dir='ltr'>νόμου</span> <span class='ocrx_word' id='word_1_23' title='bbox 3324 532 3494 598; x_wconf 76' lang='grc' dir='ltr'>σκιὰν,</span> <span class='ocrx_word' id='word_1_24' title='bbox 3527 537 3609 590; x_wconf 69' lang='grc' dir='ltr'><strong>καὶ</strong></span> <span class='ocrx_word' id='word_1_25' title='bbox 3639 540 3719 611; x_wconf 81' lang='grc' dir='ltr'>τῆς</span> 
     </span>
    </p>
   </div>
   <div class='ocr_carea' id='block_1_6' title="bbox 493 604 2075 677">
    <p class='ocr_par' dir='ltr' id='par_1_6' title="bbox 493 604 2075 677">
     <span class='ocr_line' id='line_1_6' title="bbox 493 604 2075 677; baseline 0.003 -15"><span class='ocrx_word' id='word_1_26' title='bbox 493 605 800 677; x_wconf 79' lang='lat' dir='ltr'><strong>adimplere</strong></span> <span class='ocrx_word' id='word_1_27' title='bbox 826 605 907 672; x_wconf 74' lang='lat'><strong>“;</strong></span> <span class='ocrx_word' id='word_1_28' title='bbox 955 625 973 656; x_wconf 77' lang='grc' dir='ltr'><strong>ι</strong></span> <span class='ocrx_word' id='word_1_29' title='bbox 1020 616 1073 661; x_wconf 87' lang='lat' dir='ltr'><strong>et</strong></span> <span class='ocrx_word' id='word_1_30' title='bbox 1120 621 1367 662; x_wconf 86' lang='lat' dir='ltr'><strong>rursus:</strong></span> <span class='ocrx_word' id='word_1_31' title='bbox 1412 624 1431 657; x_wconf 77' lang='grc' dir='ltr'><strong>ι</strong></span> <span class='ocrx_word' id='word_1_32' title='bbox 1477 604 1692 673; x_wconf 85' lang='lat' dir='ltr'><strong>Amen,</strong></span> <span class='ocrx_word' id='word_1_33' title='bbox 1744 624 1902 664; x_wconf 87' lang='lat' dir='ltr'><strong>amen</strong></span> <span class='ocrx_word' id='word_1_34' title='bbox 1945 611 2075 666; x_wconf 86' lang='lat' dir='ltr'><strong>dico</strong></span> 
     </span>
    </p>
   </div>
   <div class='ocr_carea' id='block_1_7' title="bbox 495 698 2071 768">
    <p class='ocr_par' dir='ltr' id='par_1_7' title="bbox 495 698 2071 768">
     <span class='ocr_line' id='line_1_7' title="bbox 495 698 2071 768; baseline 0.004 -18"><span class='ocrx_word' id='word_1_35' title='bbox 495 700 652 756; x_wconf 84' lang='lat' dir='ltr'><strong>vobis</strong></span> <span class='ocrx_word' id='word_1_36' title='bbox 677 738 693 758; x_wconf 87' lang='lat'><strong>.</strong></span> <span class='ocrx_word' id='word_1_37' title='bbox 729 698 842 754; x_wconf 76' lang='lat' dir='ltr'><strong>iota</strong></span> <span class='ocrx_word' id='word_1_38' title='bbox 871 715 1041 755; x_wconf 90' lang='lat' dir='ltr'><strong>unum</strong></span> <span class='ocrx_word' id='word_1_39' title='bbox 1077 708 1175 753; x_wconf 89' lang='lat' dir='ltr'><strong>aut</strong></span> <span class='ocrx_word' id='word_1_40' title='bbox 1207 712 1353 753; x_wconf 88' lang='lat' dir='ltr'><strong>unus</strong></span> <span class='ocrx_word' id='word_1_41' title='bbox 1382 712 1520 767; x_wconf 75' lang='lat' dir='ltr'><strong>apex</strong></span> <span class='ocrx_word' id='word_1_42' title='bbox 1560 714 1670 753; x_wconf 89' lang='lat' dir='ltr'><strong>non</strong></span> <span class='ocrx_word' id='word_1_43' title='bbox 1708 702 2011 768; x_wconf 68' lang='lat' dir='ltr'><strong>prmteribit</strong></span> <span class='ocrx_word' id='word_1_44' title='bbox 2041 718 2071 757; x_wconf 89' lang='lat' dir='ltr'><strong>a</strong></span> 
     </span>
    </p>
   </div>
   <div class='ocr_carea' id='block_1_8' title="bbox 492 787 2074 864">
    <p class='ocr_par' dir='ltr' id='par_1_8' title="bbox 492 787 2074 864">
     <span class='ocr_line' id='line_1_8' title="bbox 492 787 2074 864; baseline 0.001 -18"><span class='ocrx_word' id='word_1_45' title='bbox 492 791 633 861; x_wconf 83' lang='lat' dir='ltr'><strong>lege,</strong></span> <span class='ocrx_word' id='word_1_46' title='bbox 660 789 841 846; x_wconf 89' lang='lat' dir='ltr'><strong>donec</strong></span> <span class='ocrx_word' id='word_1_47' title='bbox 878 789 1063 844; x_wconf 85' lang='lat' dir='ltr'><strong>omnia</strong></span> <span class='ocrx_word' id='word_1_48' title='bbox 1099 788 1229 844; x_wconf 84' lang='lat' dir='ltr'><strong>ﬁant</strong></span> <span class='ocrx_word' id='word_1_49' title='bbox 1261 788 1327 843; x_wconf 73' lang='grc'><strong>⁸³.</strong></span> <span class='ocrx_word' id='word_1_50' title='bbox 1367 808 1385 840; x_wconf 77' lang='grc' dir='ltr'><strong>ι</strong></span> <span class='ocrx_word' id='word_1_51' title='bbox 1414 787 1654 846; x_wconf 85' lang='lat' dir='ltr'><strong>Fructus</strong></span> <span class='ocrx_word' id='word_1_52' title='bbox 1683 790 1869 862; x_wconf 89' lang='lat' dir='ltr'><strong>itaque</strong></span> <span class='ocrx_word' id='word_1_53' title='bbox 1897 793 2074 864; x_wconf 88' lang='lat' dir='ltr'><strong>pluri-</strong></span> 
     </span>
    </p>
   </div>
   <div class='ocr_carea' id='block_1_9' title="bbox 491 879 2070 954">
    <p class='ocr_par' dir='ltr' id='par_1_9' title="bbox 491 879 2070 954">
     <span class='ocr_line' id='line_1_9' title="bbox 491 879 2070 954; baseline 0.002 -18"><span class='ocrx_word' id='word_1_54' title='bbox 491 897 619 938; x_wconf 88' lang='lat' dir='ltr'><strong>mus</strong></span> <span class='ocrx_word' id='word_1_55' title='bbox 642 882 740 954; x_wconf 86' lang='lat' dir='ltr'><strong>qui</strong></span> <span class='ocrx_word' id='word_1_56' title='bbox 767 882 823 937; x_wconf 87' lang='lat' dir='ltr'><strong>in</strong></span> <span class='ocrx_word' id='word_1_57' title='bbox 852 879 1067 952; x_wconf 87' lang='lat' dir='ltr'><strong>Spiritu</strong></span> <span class='ocrx_word' id='word_1_58' title='bbox 1098 888 1154 935; x_wconf 92' lang='lat' dir='ltr'><strong>et</strong></span> <span class='ocrx_word' id='word_1_59' title='bbox 1182 879 1418 936; x_wconf 88' lang='lat' dir='ltr'><strong>veritate</strong></span> <span class='ocrx_word' id='word_1_60' title='bbox 1444 881 1731 946; x_wconf 82' lang='lat' dir='ltr'><strong>consistit,</strong></span> <span class='ocrx_word' id='word_1_61' title='bbox 1761 884 2070 953; x_wconf 77' lang='lat' dir='ltr'><strong>evangelici</strong></span> 
     </span>
    </p>
   </div>
   <div class='ocr_carea' id='block_1_10' title="bbox 489 969 2070 1045">
    <p class='ocr_par' dir='ltr' id='par_1_10' title="bbox 489 969 2070 1045">
     <span class='ocr_line' id='line_1_10' title="bbox 489 969 2070 1045; baseline 0.002 -19"><span class='ocrx_word' id='word_1_62' title='bbox 489 974 675 1028; x_wconf 89' lang='lat' dir='ltr'><strong>cultus</strong></span> <span class='ocrx_word' id='word_1_63' title='bbox 709 972 792 1028; x_wconf 80' lang='lat' dir='ltr'><strong>vis</strong></span> <span class='ocrx_word' id='word_1_64' title='bbox 829 978 886 1027; x_wconf 89' lang='lat' dir='ltr'><strong>et</strong></span> <span class='ocrx_word' id='word_1_65' title='bbox 922 969 1065 1028; x_wconf 83' lang='lat' dir='ltr'><strong>ratio</strong></span> <span class='ocrx_word' id='word_1_66' title='bbox 1101 978 1209 1035; x_wconf 78' lang='lat' dir='ltr'><strong>est,</strong></span> <span class='ocrx_word' id='word_1_67' title='bbox 1242 970 1694 1041; x_wconf 79' lang='lat' dir='ltr'><strong>quandoquidem</strong></span> <span class='ocrx_word' id='word_1_68' title='bbox 1740 974 1795 1028; x_wconf 88' lang='lat' dir='ltr'><strong>in</strong></span> <span class='ocrx_word' id='word_1_69' title='bbox 1838 974 2070 1045; x_wconf 82' lang='lat' dir='ltr'><strong>gloriam</strong></span> 
     </span>
    </p>
   </div>
   <div class='ocr_carea' id='block_1_11' title="bbox 491 1061 2072 1134">
    <p class='ocr_par' dir='ltr' id='par_1_11' title="bbox 491 1061 2072 1134">
     <span class='ocr_line' id='line_1_11' title="bbox 491 1061 2072 1134; baseline 0.001 -16"><span class='ocrx_word' id='word_1_70' title='bbox 491 1064 587 1119; x_wconf 89' lang='lat' dir='ltr'><strong>Dei</strong></span> <span class='ocrx_word' id='word_1_71' title='bbox 625 1079 691 1119; x_wconf 89' lang='lat' dir='ltr'><strong>ac</strong></span> <span class='ocrx_word' id='word_1_72' title='bbox 719 1063 900 1119; x_wconf 86' lang='lat' dir='ltr'><strong>Patris</strong></span> <span class='ocrx_word' id='word_1_73' title='bbox 934 1063 1098 1118; x_wconf 82' lang='lat' dir='ltr'><strong>homo</strong></span> <span class='ocrx_word' id='word_1_74' title='bbox 1134 1061 1318 1118; x_wconf 75' lang='lat' dir='ltr'><strong>factus</strong></span> <span class='ocrx_word' id='word_1_75' title='bbox 1351 1070 1438 1119; x_wconf 90' lang='lat' dir='ltr'><strong>est</strong></span> <span class='ocrx_word' id='word_1_76' title='bbox 1466 1062 1825 1134; x_wconf 87' lang='lat' dir='ltr'><strong>Unigenitns.</strong></span> <span class='ocrx_word' id='word_1_77' title='bbox 1856 1064 2072 1121; x_wconf 86' lang='lat' dir='ltr'><strong>Idcirco</strong></span> 
     </span>
    </p>
   </div>
   <div class='ocr_carea' id='block_1_12' title="bbox 466 1152 2068 1225">
    <p class='ocr_par' dir='ltr' id='par_1_12' title="bbox 466 1152 2068 1225">
     <span class='ocr_line' id='line_1_12' title="bbox 466 1152 2068 1225; baseline 0.001 -18"><span class='ocrx_word' id='word_1_78' title='bbox 466 1170 621 1225; x_wconf 63' lang='lat' dir='ltr'><strong>zvero</strong></span> <span class='ocrx_word' id='word_1_79' title='bbox 648 1153 884 1224; x_wconf 80' lang='lat' dir='ltr'><strong>contigit</strong></span> <span class='ocrx_word' id='word_1_80' title='bbox 914 1160 974 1208; x_wconf 93' lang='lat' dir='ltr'><strong>ut</strong></span> <span class='ocrx_word' id='word_1_81' title='bbox 1001 1161 1057 1209; x_wconf 90' lang='lat' dir='ltr'><strong>et</strong></span> <span class='ocrx_word' id='word_1_82' title='bbox 1105 1152 1360 1209; x_wconf 83' lang='lat' dir='ltr'><strong>homines</strong></span> <span class='ocrx_word' id='word_1_83' title='bbox 1407 1153 1531 1224; x_wconf 84' lang='lat' dir='ltr'><strong>ejus</strong></span> <span class='ocrx_word' id='word_1_84' title='bbox 1561 1153 1821 1224; x_wconf 84' lang='lat' dir='ltr'><strong>discipuli</strong></span> <span class='ocrx_word' id='word_1_85' title='bbox 1853 1156 2068 1211; x_wconf 87' lang='lat' dir='ltr'><strong>tierent.</strong></span> 
     </span>
    </p>
   </div>
   <div class='ocr_carea' id='block_1_13' title="bbox 487 1243 2071 1316">
    <p class='ocr_par' dir='ltr' id='par_1_13' title="bbox 487 1243 2071 1316">
     <span class='ocr_line' id='line_1_13' title="bbox 487 1243 2071 1316; baseline 0 -16"><span class='ocrx_word' id='word_1_86' title='bbox 487 1243 840 1315; x_wconf 85' lang='lat' dir='ltr'><strong>Loquebatur</strong></span> <span class='ocrx_word' id='word_1_87' title='bbox 871 1245 1020 1301; x_wconf 88' lang='lat' dir='ltr'><strong>enim</strong></span> <span class='ocrx_word' id='word_1_88' title='bbox 1048 1245 1331 1301; x_wconf 86' lang='lat' dir='ltr'><strong>veteribus</strong></span> <span class='ocrx_word' id='word_1_89' title='bbox 1355 1244 1520 1300; x_wconf 87' lang='lat' dir='ltr'><strong>etiam</strong></span> <span class='ocrx_word' id='word_1_90' title='bbox 1547 1245 1677 1300; x_wconf 89' lang='lat' dir='ltr'><strong>olim</strong></span> <span class='ocrx_word' id='word_1_91' title='bbox 1706 1260 1803 1316; x_wconf 89' lang='lat' dir='ltr'><strong>per</strong></span> <span class='ocrx_word' id='word_1_92' title='bbox 1834 1249 2071 1316; x_wconf 76' lang='lat' dir='ltr'><strong>preplte-</strong></span> 
     </span>
    </p>
   </div>
   <div class='ocr_carea' id='block_1_14' title="bbox 488 1334 2071 1408">
    <p class='ocr_par' dir='ltr' id='par_1_14' title="bbox 488 1334 2071 1408">
     <span class='ocr_line' id='line_1_14' title="bbox 488 1334 2071 1408; baseline 0.002 -17"><span class='ocrx_word' id='word_1_93' title='bbox 488 1346 574 1393; x_wconf 87' lang='lat' dir='ltr'><strong>tas</strong></span> <span class='ocrx_word' id='word_1_94' title='bbox 599 1336 679 1403; x_wconf 77' lang='lat'><strong>“,</strong></span> <span class='ocrx_word' id='word_1_95' title='bbox 714 1344 775 1391; x_wconf 94' lang='lat' dir='ltr'><strong>ut</strong></span> <span class='ocrx_word' id='word_1_96' title='bbox 804 1334 972 1402; x_wconf 90' lang='lat' dir='ltr'><strong>Deus,</strong></span> <span class='ocrx_word' id='word_1_97' title='bbox 1000 1336 1098 1393; x_wconf 85' lang='lat' dir='ltr'><strong>sed</strong></span> <span class='ocrx_word' id='word_1_98' title='bbox 1124 1351 1291 1394; x_wconf 83' lang='lat' dir='ltr'><strong>causa</strong></span> <span class='ocrx_word' id='word_1_99' title='bbox 1321 1337 1485 1408; x_wconf 67' lang='lat'><strong>881</strong></span> <span class='ocrx_word' id='word_1_100' title='bbox 1519 1337 1694 1394; x_wconf 87' lang='lat' dir='ltr'><strong>nostri</strong></span> <span class='ocrx_word' id='word_1_101' title='bbox 1731 1346 1785 1395; x_wconf 89' lang='lat' dir='ltr'><strong>et</strong></span> <span class='ocrx_word' id='word_1_102' title='bbox 1813 1339 1880 1393; x_wconf 86' lang='lat' dir='ltr'><strong>de</strong></span> <span class='ocrx_word' id='word_1_103' title='bbox 1910 1339 2071 1394; x_wconf 86' lang='lat' dir='ltr'><strong>nobis</strong></span> 
     </span>
    </p>
   </div>
   <div class='ocr_carea' id='block_1_15' title="bbox 486 1425 2063 1484">
    <p class='ocr_par' dir='ltr' id='par_1_15' title="bbox 486 1425 2063 1484">
     <span class='ocr_line' id='line_1_15' title="bbox 486 1425 2063 1484; baseline 0.001 -5"><span class='ocrx_word' id='word_1_104' title='bbox 486 1425 700 1481; x_wconf 87' lang='lat' dir='ltr'><strong>dictum</strong></span> <span class='ocrx_word' id='word_1_105' title='bbox 735 1435 821 1481; x_wconf 88' lang='lat' dir='ltr'><strong>est</strong></span> <span class='ocrx_word' id='word_1_106' title='bbox 861 1443 876 1481; x_wconf 90' lang='lat'><strong>:</strong></span> <span class='ocrx_word' id='word_1_107' title='bbox 912 1444 931 1478; x_wconf 79' lang='grc' dir='ltr'><strong>ι</strong></span> <span class='ocrx_word' id='word_1_108' title='bbox 979 1425 1047 1481; x_wconf 84' lang='lat' dir='ltr'><strong>Et</strong></span> <span class='ocrx_word' id='word_1_109' title='bbox 1088 1435 1252 1483; x_wconf 87' lang='lat' dir='ltr'><strong>erunt</strong></span> <span class='ocrx_word' id='word_1_110' title='bbox 1283 1442 1477 1483; x_wconf 85' lang='lat' dir='ltr'><strong>omnes</strong></span> <span class='ocrx_word' id='word_1_111' title='bbox 1511 1426 1777 1484; x_wconf 85' lang='lat' dir='ltr'><strong>docibiles</strong></span> <span class='ocrx_word' id='word_1_112' title='bbox 1812 1427 1906 1484; x_wconf 87' lang='lat' dir='ltr'><strong>Dei</strong></span> <span class='ocrx_word' id='word_1_113' title='bbox 1937 1430 2002 1484; x_wconf 63' lang='grc'><strong>⁵⁷.</strong></span> <span class='ocrx_word' id='word_1_114' title='bbox 2044 1449 2063 1480; x_wconf 72' lang='grc' dir='ltr'><strong>ι</strong></span> 
     </span>
    </p>
   </div>
   <div class='ocr_carea' id='block_1_16' title="bbox 484 1517 2070 1589">
    <p class='ocr_par' dir='ltr' id='par_1_16' title="bbox 484 1517 2070 1589">
     <span class='ocr_line' id='line_1_16' title="bbox 484 1517 2070 1589; baseline 0.002 -17"><span class='ocrx_word' id='word_1_115' title='bbox 484 1517 658 1575; x_wconf 82' lang='lat' dir='ltr'><strong>Nobis</strong></span> <span class='ocrx_word' id='word_1_116' title='bbox 691 1519 839 1574; x_wconf 89' lang='lat' dir='ltr'><strong>enim</strong></span> <span class='ocrx_word' id='word_1_117' title='bbox 875 1519 972 1589; x_wconf 91' lang='lat' dir='ltr'><strong>qui</strong></span> <span class='ocrx_word' id='word_1_118' title='bbox 1026 1518 1081 1574; x_wconf 92' lang='lat' dir='ltr'><strong>in</strong></span> <span class='ocrx_word' id='word_1_119' title='bbox 1140 1534 1266 1574; x_wconf 86' lang='lat' dir='ltr'><strong>eum</strong></span> <span class='ocrx_word' id='word_1_120' title='bbox 1316 1518 1656 1574; x_wconf 84' lang='lat' dir='ltr'><strong>credidimus</strong></span> <span class='ocrx_word' id='word_1_121' title='bbox 1705 1520 1848 1577; x_wconf 89' lang='lat' dir='ltr'><strong>alius</strong></span> <span class='ocrx_word' id='word_1_122' title='bbox 1904 1537 2070 1577; x_wconf 89' lang='lat' dir='ltr'><strong>nemo</strong></span> 
     </span>
    </p>
   </div>
   <div class='ocr_carea' id='block_1_17' title="bbox 485 1610 2069 1681">
    <p class='ocr_par' dir='ltr' id='par_1_17' title="bbox 485 1610 2069 1681">
     <span class='ocr_line' id='line_1_17' title="bbox 485 1610 2069 1681; baseline 0.002 -16"><span class='ocrx_word' id='word_1_123' title='bbox 485 1624 798 1665; x_wconf 82' lang='lat' dir='ltr'><strong>sermonem</strong></span> <span class='ocrx_word' id='word_1_124' title='bbox 825 1610 947 1680; x_wconf 87' lang='lat' dir='ltr'><strong>ejus</strong></span> <span class='ocrx_word' id='word_1_125' title='bbox 976 1610 1352 1676; x_wconf 86' lang='lat' dir='ltr'><strong>annuntiavit,</strong></span> <span class='ocrx_word' id='word_1_126' title='bbox 1385 1611 1481 1667; x_wconf 85' lang='lat' dir='ltr'><strong>sed</strong></span> <span class='ocrx_word' id='word_1_127' title='bbox 1512 1626 1614 1666; x_wconf 85' lang='lat' dir='ltr'><strong>nec</strong></span> <span class='ocrx_word' id='word_1_128' title='bbox 1651 1612 1774 1681; x_wconf 83' lang='lat' dir='ltr'><strong>ejus</strong></span> <span class='ocrx_word' id='word_1_129' title='bbox 1810 1613 2069 1668; x_wconf 85' lang='lat' dir='ltr'><strong>volunta-</strong></span> 
     </span>
    </p>
   </div>
   <div class='ocr_carea' id='block_1_18' title="bbox 484 1701 2069 1776">
    <p class='ocr_par' dir='ltr' id='par_1_18' title="bbox 484 1701 2069 1776">
     <span class='ocr_line' id='line_1_18' title="bbox 484 1701 2069 1776; baseline 0.003 -20"><span class='ocrx_word' id='word_1_130' title='bbox 484 1710 602 1757; x_wconf 88' lang='lat' dir='ltr'><strong>tum</strong></span> <span class='ocrx_word' id='word_1_131' title='bbox 662 1701 1041 1758; x_wconf 89' lang='lat' dir='ltr'><strong>internuntius</strong></span> <span class='ocrx_word' id='word_1_132' title='bbox 1088 1703 1383 1773; x_wconf 80' lang='lat' dir='ltr'><strong>quisquam</strong></span> <span class='ocrx_word' id='word_1_133' title='bbox 1459 1703 1586 1771; x_wconf 80' lang='lat' dir='ltr'><strong>fuit,</strong></span> <span class='ocrx_word' id='word_1_134' title='bbox 1648 1705 1815 1760; x_wconf 89' lang='lat' dir='ltr'><strong>sicuti</strong></span> <span class='ocrx_word' id='word_1_135' title='bbox 1872 1722 2069 1776; x_wconf 81' lang='lat' dir='ltr'><strong>nempe</strong></span> 
     </span>
    </p>
   </div>
   <div class='ocr_carea' id='block_1_19' title="bbox 483 1791 2064 1865">
    <p class='ocr_par' dir='ltr' id='par_1_19' title="bbox 483 1791 2064 1865">
     <span class='ocr_line' id='line_1_19' title="bbox 483 1791 2064 1865; baseline 0.003 -18"><span class='ocrx_word' id='word_1_136' title='bbox 483 1791 669 1849; x_wconf 80' lang='lat' dir='ltr'><strong>Moses</strong></span> <span class='ocrx_word' id='word_1_137' title='bbox 712 1792 979 1848; x_wconf 86' lang='lat' dir='ltr'><strong>lsraelitis</strong></span> <span class='ocrx_word' id='word_1_138' title='bbox 1030 1793 1086 1848; x_wconf 91' lang='lat' dir='ltr'><strong>in</strong></span> <span class='ocrx_word' id='word_1_139' title='bbox 1135 1800 1318 1848; x_wconf 69' lang='lat' dir='ltr'><strong>nionte</strong></span> <span class='ocrx_word' id='word_1_140' title='bbox 1373 1792 1527 1859; x_wconf 86' lang='lat' dir='ltr'><strong>Sina,</strong></span> <span class='ocrx_word' id='word_1_141' title='bbox 1568 1801 1664 1848; x_wconf 85' lang='lat' dir='ltr'><strong>aut</strong></span> <span class='ocrx_word' id='word_1_142' title='bbox 1700 1805 1827 1865; x_wconf 89' lang='lat' dir='ltr'><strong>post</strong></span> <span class='ocrx_word' id='word_1_143' title='bbox 1879 1795 2064 1851; x_wconf 82' lang='lat' dir='ltr'><strong>Mosen</strong></span> 
     </span>
    </p>
   </div>
   <div class='ocr_carea' id='block_1_20' title="bbox 2176 619 3724 695">
    <p class='ocr_par' dir='ltr' id='par_1_20' title="bbox 2176 619 3724 695">
     <span class='ocr_line' id='line_1_20' title="bbox 2176 619 3724 695; baseline 0.006 -22"><span class='ocrx_word' id='word_1_144' title='bbox 2176 620 2236 673; x_wconf 82' lang='grc' dir='ltr'>ὲν</span> <span class='ocrx_word' id='word_1_145' title='bbox 2289 619 2438 691; x_wconf 83' lang='grc' dir='ltr'>νόμῳ</span> <span class='ocrx_word' id='word_1_146' title='bbox 2486 620 2743 691; x_wconf 78' lang='grc' dir='ltr'><strong>λατρείας</strong></span> <span class='ocrx_word' id='word_1_147' title='bbox 2790 620 2891 690; x_wconf 80' lang='grc' dir='ltr'>τὴν</span> <span class='ocrx_word' id='word_1_148' title='bbox 2951 619 3182 691; x_wconf 84' lang='grc' dir='ltr'>δύναμιν</span> <span class='ocrx_word' id='word_1_149' title='bbox 3242 622 3613 691; x_wconf 62' lang='grc' dir='ltr'>μεωπλάττων</span> <span class='ocrx_word' id='word_1_150' title='bbox 3658 629 3724 695; x_wconf 81' lang='grc' dir='ltr'><strong>είς</strong></span> 
     </span>
    </p>
   </div>
   <div class='ocr_carea' id='block_1_21' title="bbox 2177 710 3722 787">
    <p class='ocr_par' dir='ltr' id='par_1_21' title="bbox 2177 710 3722 787">
     <span class='ocr_line' id='line_1_21' title="bbox 2177 710 3722 787; baseline -0.002 -21"><span class='ocrx_word' id='word_1_151' title='bbox 2177 710 2363 782; x_wconf 83' lang='grc' dir='ltr'>σχῆμα</span> <span class='ocrx_word' id='word_1_152' title='bbox 2415 711 2692 776; x_wconf 81' lang='grc' dir='ltr'><strong>πολιτείας</strong></span> <span class='ocrx_word' id='word_1_153' title='bbox 2740 711 3122 781; x_wconf 81' lang='grc' dir='ltr'>εύαγγελικῆς.</span> <span class='ocrx_word' id='word_1_154' title='bbox 3158 714 3226 766; x_wconf 87' lang='grc' dir='ltr'><em>Ὃ</em></span> <span class='ocrx_word' id='word_1_155' title='bbox 3277 714 3384 786; x_wconf 80' lang='grc' dir='ltr'>γὰρ</span> <span class='ocrx_word' id='word_1_156' title='bbox 3437 714 3609 787; x_wconf 69' lang='grc' dir='ltr'>ἐδήλου</span> <span class='ocrx_word' id='word_1_157' title='bbox 3650 717 3722 776; x_wconf 68' lang='grc' dir='ltr'>διὰ</span> 
     </span>
    </p>
   </div>
   <div class='ocr_carea' id='block_1_22' title="bbox 2172 800 3723 877">
    <p class='ocr_par' dir='ltr' id='par_1_22' title="bbox 2172 800 3723 877">
     <span class='ocr_line' id='line_1_22' title="bbox 2172 800 3723 877; baseline 0.005 -24"><span class='ocrx_word' id='word_1_158' title='bbox 2172 800 2283 854; x_wconf 84' lang='grc' dir='ltr'>τῶν</span> <span class='ocrx_word' id='word_1_159' title='bbox 2311 801 2498 855; x_wconf 82' lang='grc' dir='ltr'>τύπων</span> <span class='ocrx_word' id='word_1_160' title='bbox 2533 804 2563 856; x_wconf 87' lang='grc' dir='ltr'><strong>ό</strong></span> <span class='ocrx_word' id='word_1_161' title='bbox 2595 802 2776 873; x_wconf 84' lang='grc' dir='ltr'>νόμος.</span> <span class='ocrx_word' id='word_1_162' title='bbox 2808 801 2966 856; x_wconf 81' lang='grc' dir='ltr'>τοῦτο</span> <span class='ocrx_word' id='word_1_163' title='bbox 2992 802 3229 875; x_wconf 78' lang='grc' dir='ltr'>Χριστὸς</span> <span class='ocrx_word' id='word_1_164' title='bbox 3270 804 3723 877; x_wconf 54' lang='grc' dir='ltr'>ἀπημφιεσμῶιως,</span> 
     </span>
    </p>
   </div>
   <div class='ocr_carea' id='block_1_23' title="bbox 2173 889 3722 966">
    <p class='ocr_par' dir='ltr' id='par_1_23' title="bbox 2173 889 3722 966">
     <span class='ocr_line' id='line_1_23' title="bbox 2173 889 3722 966; baseline 0.005 -20"><span class='ocrx_word' id='word_1_165' title='bbox 2173 892 2232 947; x_wconf 68' lang='grc' dir='ltr'>ιν</span> <span class='ocrx_word' id='word_1_166' title='bbox 2254 890 2501 964; x_wconf 77' lang='grc' dir='ltr'><strong>ἀληθείᾳ.</strong></span> <span class='ocrx_word' id='word_1_167' title='bbox 2538 893 2630 946; x_wconf 84' lang='grc' dir='ltr'>Διὸ</span> <span class='ocrx_word' id='word_1_168' title='bbox 2662 893 2757 947; x_wconf 73' lang='grc' dir='ltr'>καὶ</span> <span class='ocrx_word' id='word_1_169' title='bbox 2787 894 2971 963; x_wconf 69' lang='grc' dir='ltr'>ἔλεγεν</span> <span class='ocrx_word' id='word_1_170' title='bbox 2992 911 3006 925; x_wconf 75' lang='grc' dir='ltr'><strong>ο</strong></span> <span class='ocrx_word' id='word_1_171' title='bbox 3037 912 3056 946; x_wconf 81' lang='grc' dir='ltr'><strong>ι</strong></span> <span class='ocrx_word' id='word_1_172' title='bbox 3094 894 3211 949; x_wconf 82' lang='grc' dir='ltr'>Οὐκ</span> <span class='ocrx_word' id='word_1_173' title='bbox 3256 889 3421 966; x_wconf 76' lang='grc' dir='ltr'>ἦλθον</span> <span class='ocrx_word' id='word_1_174' title='bbox 3457 897 3722 954; x_wconf 77' lang='grc' dir='ltr'>καταλῦσαι</span> 
     </span>
    </p>
   </div>
   <div class='ocr_carea' id='block_1_24' title="bbox 2172 982 3724 1062">
    <p class='ocr_par' dir='ltr' id='par_1_24' title="bbox 2172 982 3724 1062">
     <span class='ocr_line' id='line_1_24' title="bbox 2172 982 3724 1062; baseline 0.005 -25"><span class='ocrx_word' id='word_1_175' title='bbox 2172 982 2265 1037; x_wconf 84' lang='grc' dir='ltr'><strong>τὸν</strong></span> <span class='ocrx_word' id='word_1_176' title='bbox 2306 983 2487 1055; x_wconf 83' lang='grc' dir='ltr'>νόμον,</span> <span class='ocrx_word' id='word_1_177' title='bbox 2542 984 2680 1039; x_wconf 80' lang='grc' dir='ltr'>ἀλλὰ</span> <span class='ocrx_word' id='word_1_178' title='bbox 2726 985 3046 1058; x_wconf 82' lang='grc' dir='ltr'>πληρῶσαι·</span> <span class='ocrx_word' id='word_1_179' title='bbox 3087 1006 3106 1038; x_wconf 73' lang='grc' dir='ltr'><strong>ι</strong></span> <span class='ocrx_word' id='word_1_180' title='bbox 3130 985 3233 1062; x_wconf 74' lang='grc' dir='ltr'><strong>¹καὶ</strong></span> <span class='ocrx_word' id='word_1_181' title='bbox 3268 986 3459 1043; x_wconf 70' lang='grc' dir='ltr'>πάλιν*</span> <span class='ocrx_word' id='word_1_182' title='bbox 3495 1008 3513 1040; x_wconf 82' lang='grc' dir='ltr'><strong>ι</strong></span> <span class='ocrx_word' id='word_1_183' title='bbox 3558 990 3724 1061; x_wconf 71' lang='grc' dir='ltr'>’Δμὴν,</span> 
     </span>
    </p>
   </div>
   <div class='ocr_carea' id='block_1_25' title="bbox 2172 1075 3727 1153">
    <p class='ocr_par' dir='ltr' id='par_1_25' title="bbox 2172 1075 3727 1153">
     <span class='ocr_line' id='line_1_25' title="bbox 2172 1075 3727 1153; baseline 0.005 -25"><span class='ocrx_word' id='word_1_184' title='bbox 2172 1075 2322 1146; x_wconf 82' lang='grc' dir='ltr'>ἀμὴν</span> <span class='ocrx_word' id='word_1_185' title='bbox 2353 1076 2497 1145; x_wconf 76' lang='grc' dir='ltr'>λέγω</span> <span class='ocrx_word' id='word_1_186' title='bbox 2523 1077 2673 1147; x_wconf 83' lang='grc' dir='ltr'>ὑμῖν,</span> <span class='ocrx_word' id='word_1_187' title='bbox 2704 1076 2839 1132; x_wconf 82' lang='grc' dir='ltr'>ἰῶτα</span> <span class='ocrx_word' id='word_1_188' title='bbox 2871 1076 2951 1141; x_wconf 78' lang='grc' dir='ltr'><strong>ἒν,</strong></span> <span class='ocrx_word' id='word_1_189' title='bbox 2977 1077 3011 1149; x_wconf 77' lang='grc' dir='ltr'>ἦ</span> <span class='ocrx_word' id='word_1_190' title='bbox 3062 1077 3161 1149; x_wconf 81' lang='grc' dir='ltr'><strong>μία</strong></span> <span class='ocrx_word' id='word_1_191' title='bbox 3196 1078 3395 1150; x_wconf 83' lang='grc' dir='ltr'>κεραία</span> <span class='ocrx_word' id='word_1_192' title='bbox 3426 1078 3483 1133; x_wconf 88' lang='grc' dir='ltr'><strong>ού</strong></span> <span class='ocrx_word' id='word_1_193' title='bbox 3512 1082 3582 1152; x_wconf 81' lang='grc' dir='ltr'>μὴ</span> <span class='ocrx_word' id='word_1_194' title='bbox 3608 1099 3727 1153; x_wconf 87' lang='grc' dir='ltr'>παρ-</span> 
     </span>
    </p>
   </div>
   <div class='ocr_carea' id='block_1_26' title="bbox 2172 1166 3728 1242">
    <p class='ocr_par' dir='ltr' id='par_1_26' title="bbox 2172 1166 3728 1242">
     <span class='ocr_line' id='line_1_26' title="bbox 2172 1166 3728 1242; baseline 0.004 -22"><span class='ocrx_word' id='word_1_195' title='bbox 2172 1166 2302 1240; x_wconf 76' lang='grc' dir='ltr'>έλθῃ</span> <span class='ocrx_word' id='word_1_196' title='bbox 2325 1168 2433 1222; x_wconf 83' lang='grc' dir='ltr'><strong>ἀπὸ</strong></span> <span class='ocrx_word' id='word_1_197' title='bbox 2454 1168 2547 1222; x_wconf 85' lang='grc' dir='ltr'>τοῦ</span> <span class='ocrx_word' id='word_1_198' title='bbox 2567 1168 2753 1240; x_wconf 87' lang='grc' dir='ltr'>νόμου,</span> <span class='ocrx_word' id='word_1_199' title='bbox 2779 1168 2885 1233; x_wconf 70' lang='grc' dir='ltr'><strong>ἕως</strong></span> <span class='ocrx_word' id='word_1_200' title='bbox 2908 1169 2974 1224; x_wconf 85' lang='grc' dir='ltr'><strong>ἂν</strong></span> <span class='ocrx_word' id='word_1_201' title='bbox 3017 1170 3194 1225; x_wconf 84' lang='grc' dir='ltr'>πάντα</span> <span class='ocrx_word' id='word_1_202' title='bbox 3217 1170 3462 1242; x_wconf 80' lang='grc' dir='ltr'>γένηται.</span> <span class='ocrx_word' id='word_1_203' title='bbox 3492 1190 3510 1223; x_wconf 75' lang='grc' dir='ltr'><strong>ι</strong></span> <span class='ocrx_word' id='word_1_204' title='bbox 3530 1174 3728 1242; x_wconf 57' lang='lat' dir='ltr'><strong>Rapite;</strong></span> 
     </span>
    </p>
   </div>
   <div class='ocr_carea' id='block_1_27' title="bbox 2169 1252 3731 1334">
    <p class='ocr_par' dir='ltr' id='par_1_27' title="bbox 2169 1252 3731 1334">
     <span class='ocr_line' id='line_1_27' title="bbox 2169 1252 3731 1334; baseline 0.002 -23"><span class='ocrx_word' id='word_1_205' title='bbox 2169 1252 2263 1311; x_wconf 82' lang='grc' dir='ltr'><strong>οὖν</strong></span> <span class='ocrx_word' id='word_1_206' title='bbox 2291 1257 2401 1329; x_wconf 76' lang='grc' dir='ltr'>ἄρα</span> <span class='ocrx_word' id='word_1_207' title='bbox 2428 1258 2596 1323; x_wconf 70' lang='grc' dir='ltr'>πολὺς</span> <span class='ocrx_word' id='word_1_208' title='bbox 2623 1261 2652 1312; x_wconf 88' lang='grc' dir='ltr'><strong>ό</strong></span> <span class='ocrx_word' id='word_1_209' title='bbox 2686 1261 2743 1313; x_wconf 79' lang='grc' dir='ltr'>ὲν</span> <span class='ocrx_word' id='word_1_210' title='bbox 2772 1258 3052 1330; x_wconf 81' lang='grc' dir='ltr'>Πνεύματι</span> <span class='ocrx_word' id='word_1_211' title='bbox 3075 1261 3171 1314; x_wconf 76' lang='grc' dir='ltr'>καὶ</span> <span class='ocrx_word' id='word_1_212' title='bbox 3195 1259 3444 1333; x_wconf 81' lang='grc' dir='ltr'>ἀληθείᾳ,</span> <span class='ocrx_word' id='word_1_213' title='bbox 3465 1264 3559 1334; x_wconf 80' lang='grc' dir='ltr'>τῆς</span> <span class='ocrx_word' id='word_1_214' title='bbox 3588 1264 3731 1333; x_wconf 58' lang='grc' dir='ltr'>εύαγς</span> 
     </span>
    </p>
   </div>
   <div class='ocr_carea' id='block_1_28' title="bbox 2170 1349 3727 1426">
    <p class='ocr_par' dir='ltr' id='par_1_28' title="bbox 2170 1349 3727 1426">
     <span class='ocr_line' id='line_1_28' title="bbox 2170 1349 3727 1426; baseline 0.003 -23"><span class='ocrx_word' id='word_1_215' title='bbox 2170 1349 2395 1421; x_wconf 84' lang='grc' dir='ltr'>γελικῆς</span> <span class='ocrx_word' id='word_1_216' title='bbox 2438 1350 2693 1426; x_wconf 83' lang='grc' dir='ltr'>λατρείας</span> <span class='ocrx_word' id='word_1_217' title='bbox 2721 1352 2754 1422; x_wconf 80' lang='grc' dir='ltr'>ὴ</span> <span class='ocrx_word' id='word_1_218' title='bbox 2788 1350 3038 1422; x_wconf 87' lang='grc' dir='ltr'>δύναμις,</span> <span class='ocrx_word' id='word_1_219' title='bbox 3087 1351 3322 1424; x_wconf 62' lang='grc' dir='ltr'>ἐπείπερ</span> <span class='ocrx_word' id='word_1_220' title='bbox 3356 1354 3436 1416; x_wconf 86' lang='grc' dir='ltr'><strong>είς</strong></span> <span class='ocrx_word' id='word_1_221' title='bbox 3476 1352 3623 1419; x_wconf 68' lang='grc' dir='ltr'>δόξαν</span> <span class='ocrx_word' id='word_1_222' title='bbox 3648 1355 3727 1408; x_wconf 76' lang='grc' dir='ltr'>τοῦ</span> 
     </span>
    </p>
   </div>
   <div class='ocr_carea' id='block_1_29' title="bbox 2169 1439 3726 1515">
    <p class='ocr_par' dir='ltr' id='par_1_29' title="bbox 2169 1439 3726 1515">
     <span class='ocr_line' id='line_1_29' title="bbox 2169 1439 3726 1515; baseline 0.004 -21"><span class='ocrx_word' id='word_1_223' title='bbox 2169 1439 2303 1494; x_wconf 87' lang='grc' dir='ltr'><strong>Θεοῦ</strong></span> <span class='ocrx_word' id='word_1_224' title='bbox 2352 1442 2447 1496; x_wconf 72' lang='grc' dir='ltr'>καὶ</span> <span class='ocrx_word' id='word_1_225' title='bbox 2494 1442 2729 1514; x_wconf 73' lang='grc' dir='ltr'>Πατρός,</span> <span class='ocrx_word' id='word_1_226' title='bbox 2768 1441 2865 1496; x_wconf 77' lang='grc' dir='ltr'>ἄνθ</span> <span class='ocrx_word' id='word_1_227' title='bbox 2875 1459 3056 1514; x_wconf 84' lang='grc' dir='ltr'>ρωπος</span> <span class='ocrx_word' id='word_1_228' title='bbox 3084 1441 3306 1512; x_wconf 81' lang='grc' dir='ltr'>γέγονεν</span> <span class='ocrx_word' id='word_1_229' title='bbox 3350 1445 3378 1497; x_wconf 83' lang='grc' dir='ltr'><strong>ό</strong></span> <span class='ocrx_word' id='word_1_230' title='bbox 3427 1445 3726 1515; x_wconf 80' lang='grc' dir='ltr'>Μονογενής.</span> 
     </span>
    </p>
   </div>
   <div class='ocr_carea' id='block_1_30' title="bbox 2170 1531 3730 1606">
    <p class='ocr_par' dir='ltr' id='par_1_30' title="bbox 2170 1531 3730 1606">
     <span class='ocr_line' id='line_1_30' title="bbox 2170 1531 3730 1606; baseline 0.003 -21"><span class='ocrx_word' id='word_1_231' title='bbox 2170 1531 2493 1604; x_wconf 77' lang='grc' dir='ltr'>Συμσέὄηκε</span> <span class='ocrx_word' id='word_1_232' title='bbox 2519 1532 2576 1586; x_wconf 79' lang='grc' dir='ltr'>δὲ</span> <span class='ocrx_word' id='word_1_233' title='bbox 2607 1532 2696 1587; x_wconf 82' lang='grc' dir='ltr'>διὰ</span> <span class='ocrx_word' id='word_1_234' title='bbox 2719 1533 2879 1589; x_wconf 81' lang='grc' dir='ltr'>τοῦτο</span> <span class='ocrx_word' id='word_1_235' title='bbox 2906 1532 3000 1588; x_wconf 80' lang='grc' dir='ltr'>καὶ</span> <span class='ocrx_word' id='word_1_236' title='bbox 3030 1532 3196 1587; x_wconf 80' lang='grc' dir='ltr'>αὐτοῦ</span> <span class='ocrx_word' id='word_1_237' title='bbox 3224 1534 3482 1603; x_wconf 77' lang='grc' dir='ltr'>γενέσθαι</span> <span class='ocrx_word' id='word_1_238' title='bbox 3514 1535 3730 1606; x_wconf 79' lang='grc' dir='ltr'>μαθητὰς</span> 
     </span>
    </p>
   </div>
   <div class='ocr_carea' id='block_1_31' title="bbox 2167 1621 3732 1697">
    <p class='ocr_par' dir='ltr' id='par_1_31' title="bbox 2167 1621 3732 1697">
     <span class='ocr_line' id='line_1_31' title="bbox 2167 1621 3732 1697; baseline 0.002 -22"><span class='ocrx_word' id='word_1_239' title='bbox 2167 1622 2294 1686; x_wconf 83' lang='grc' dir='ltr'>τοὺς</span> <span class='ocrx_word' id='word_1_240' title='bbox 2319 1621 2480 1686; x_wconf 74' lang='grc' dir='ltr'>ὄντας</span> <span class='ocrx_word' id='word_1_241' title='bbox 2506 1622 2598 1676; x_wconf 82' lang='grc' dir='ltr'><strong>ἐπὶ</strong></span> <span class='ocrx_word' id='word_1_242' title='bbox 2620 1621 2723 1690; x_wconf 80' lang='grc' dir='ltr'>τῆς</span> <span class='ocrx_word' id='word_1_243' title='bbox 2749 1622 2874 1693; x_wconf 81' lang='grc' dir='ltr'>γῆς.</span> <span class='ocrx_word' id='word_1_244' title='bbox 2909 1623 3242 1694; x_wconf 77' lang='grc' dir='ltr'>Προσελάλει</span> <span class='ocrx_word' id='word_1_245' title='bbox 3268 1624 3379 1697; x_wconf 81' lang='grc' dir='ltr'>γὰρ</span> <span class='ocrx_word' id='word_1_246' title='bbox 3402 1627 3513 1688; x_wconf 87' lang='grc' dir='ltr'>τοῖς</span> <span class='ocrx_word' id='word_1_247' title='bbox 3542 1626 3732 1696; x_wconf 81' lang='grc' dir='ltr'>ἀρχαιο-</span> 
     </span>
    </p>
   </div>
   <div class='ocr_carea' id='block_1_32' title="bbox 2167 1713 3730 1790">
    <p class='ocr_par' dir='ltr' id='par_1_32' title="bbox 2167 1713 3730 1790">
     <span class='ocr_line' id='line_1_32' title="bbox 2167 1713 3730 1790; baseline 0.004 -24"><span class='ocrx_word' id='word_1_248' title='bbox 2167 1713 2368 1785; x_wconf 83' lang='grc' dir='ltr'>τέροις,</span> <span class='ocrx_word' id='word_1_249' title='bbox 2403 1715 2500 1768; x_wconf 72' lang='grc' dir='ltr'>καὶ</span> <span class='ocrx_word' id='word_1_250' title='bbox 2533 1714 2702 1769; x_wconf 78' lang='grc' dir='ltr'>πάλαι</span> <span class='ocrx_word' id='word_1_251' title='bbox 2736 1714 2824 1769; x_wconf 83' lang='grc' dir='ltr'>διὰ</span> <span class='ocrx_word' id='word_1_252' title='bbox 2866 1716 2976 1771; x_wconf 83' lang='grc' dir='ltr'>τῶν</span> <span class='ocrx_word' id='word_1_253' title='bbox 3010 1716 3309 1790; x_wconf 81' lang='grc' dir='ltr'><strong>προφητῶν</strong></span> <span class='ocrx_word' id='word_1_254' title='bbox 3347 1717 3423 1780; x_wconf 81' lang='grc' dir='ltr'>ὡς</span> <span class='ocrx_word' id='word_1_255' title='bbox 3456 1718 3603 1786; x_wconf 80' lang='grc' dir='ltr'>Θεὸς,</span> <span class='ocrx_word' id='word_1_256' title='bbox 3632 1718 3730 1773; x_wconf 72' lang='grc' dir='ltr'>ἀλλ’</span> 
     </span>
    </p>
   </div>
   <div class='ocr_carea' id='block_1_33' title="bbox 2168 1806 3732 1879">
    <p class='ocr_par' dir='ltr' id='par_1_33' title="bbox 2168 1806 3732 1879">
     <span class='ocr_line' id='line_1_33' title="bbox 2168 1806 3732 1879; baseline 0.005 -22"><span class='ocrx_word' id='word_1_257' title='bbox 2168 1806 2249 1869; x_wconf 82' lang='grc' dir='ltr'><strong>είς</strong></span> <span class='ocrx_word' id='word_1_258' title='bbox 2278 1807 2448 1877; x_wconf 75' lang='grc' dir='ltr'>ἡμᾶς,</span> <span class='ocrx_word' id='word_1_259' title='bbox 2474 1807 2567 1860; x_wconf 77' lang='grc' dir='ltr'><strong>καὶ</strong></span> <span class='ocrx_word' id='word_1_260' title='bbox 2591 1806 2719 1878; x_wconf 78' lang='grc' dir='ltr'>περὶ</span> <span class='ocrx_word' id='word_1_261' title='bbox 2746 1807 2903 1879; x_wconf 79' lang='grc' dir='ltr'>ἡμῶν</span> <span class='ocrx_word' id='word_1_262' title='bbox 2930 1808 3168 1877; x_wconf 76' lang='grc' dir='ltr'><strong>ἐλέγετο·</strong></span> <span class='ocrx_word' id='word_1_263' title='bbox 3199 1828 3218 1862; x_wconf 77' lang='grc' dir='ltr'><strong>ι</strong></span> <span class='ocrx_word' id='word_1_264' title='bbox 3247 1808 3362 1862; x_wconf 70' lang='grc' dir='ltr'><strong>Καὶ</strong></span> <span class='ocrx_word' id='word_1_265' title='bbox 3393 1808 3599 1863; x_wconf 73' lang='grc' dir='ltr'>ἔσονται</span> <span class='ocrx_word' id='word_1_266' title='bbox 3618 1810 3732 1865; x_wconf 82' lang='grc' dir='ltr'>πάν-</span> 
     </span>
    </p>
   </div>
   <div class='ocr_carea' id='block_1_34' title="bbox 482 1865 2063 1972">
    <p class='ocr_par' dir='ltr' id='par_1_34' title="bbox 482 1882 2063 1956">
     <span class='ocr_line' id='line_1_34' title="bbox 482 1882 2063 1956; baseline 0.003 -18"><span class='ocrx_word' id='word_1_267' title='bbox 482 1884 766 1955; x_wconf 80' lang='lat' dir='ltr'><strong>propbeta:</strong></span> <span class='ocrx_word' id='word_1_268' title='bbox 824 1883 913 1939; x_wconf 89' lang='lat' dir='ltr'><strong>sui</strong></span> <span class='ocrx_word' id='word_1_269' title='bbox 967 1884 1234 1953; x_wconf 85' lang='lat' dir='ltr'><strong>temporis</strong></span> <span class='ocrx_word' id='word_1_270' title='bbox 1286 1882 1640 1952; x_wconf 80' lang='lat' dir='ltr'><strong>hominibus;</strong></span> <span class='ocrx_word' id='word_1_271' title='bbox 1707 1900 1896 1940; x_wconf 89' lang='lat' dir='ltr'><strong>verum</strong></span> <span class='ocrx_word' id='word_1_272' title='bbox 1948 1885 2063 1956; x_wconf 83' lang='lat' dir='ltr'><strong>ipse</strong></span> 
     </span>
    </p>
   </div>
   <div class='ocr_carea' id='block_1_35' title="bbox 2167 1865 3731 1972">
    <p class='ocr_par' dir='ltr' id='par_1_35' title="bbox 2167 1865 3731 1972">
     <span class='ocr_line' id='line_1_35' title="bbox 2167 1865 3731 1972; baseline 0.003 -24"><span class='ocrx_word' id='word_1_273' title='bbox 2167 1865 2259 1960; x_wconf 79' lang='grc' dir='ltr'><strong>τες</strong></span> <span class='ocrx_word' id='word_1_274' title='bbox 2284 1865 2521 1950; x_wconf 65' lang='grc' dir='ltr'>διδακτοὶ</span> <span class='ocrx_word' id='word_1_275' title='bbox 2557 1865 2714 1950; x_wconf 70' lang='grc' dir='ltr'>Θεού.</span> <span class='ocrx_word' id='word_1_276' title='bbox 2748 1865 2974 1970; x_wconf 55' lang='grc' dir='ltr'>»ΠἮμῖν</span> <span class='ocrx_word' id='word_1_277' title='bbox 3011 1865 3123 1972; x_wconf 80' lang='grc' dir='ltr'><strong>γὰρ</strong></span> <span class='ocrx_word' id='word_1_278' title='bbox 3175 1901 3290 1964; x_wconf 84' lang='grc' dir='ltr'>τοῖς</span> <span class='ocrx_word' id='word_1_279' title='bbox 3334 1901 3417 1965; x_wconf 84' lang='grc' dir='ltr'><strong>είς</strong></span> <span class='ocrx_word' id='word_1_280' title='bbox 3459 1899 3610 1954; x_wconf 80' lang='grc' dir='ltr'>αὐτὸν</span> <span class='ocrx_word' id='word_1_281' title='bbox 3652 1916 3731 1952; x_wconf 86' lang='grc' dir='ltr'>πι-</span> 
     </span>
    </p>
   </div>
   <div class='ocr_carea' id='block_1_36' title="bbox 480 1975 2065 2036">
    <p class='ocr_par' dir='ltr' id='par_1_36' title="bbox 480 1975 2065 2036">
     <span class='ocr_line' id='line_1_36' title="bbox 480 1975 2065 2036; baseline 0.001 -4"><span class='ocrx_word' id='word_1_282' title='bbox 480 1992 588 2032; x_wconf 86' lang='lat' dir='ltr'><strong>nos</strong></span> <span class='ocrx_word' id='word_1_283' title='bbox 616 1976 806 2032; x_wconf 86' lang='lat' dir='ltr'><strong>docuit</strong></span> <span class='ocrx_word' id='word_1_284' title='bbox 835 1975 1115 2032; x_wconf 86' lang='lat' dir='ltr'><strong>Christus.</strong></span> <span class='ocrx_word' id='word_1_285' title='bbox 1172 1976 1451 2033; x_wconf 87' lang='lat' dir='ltr'><strong>Docibiles</strong></span> <span class='ocrx_word' id='word_1_286' title='bbox 1507 1985 1694 2032; x_wconf 87' lang='lat' dir='ltr'><strong>autem</strong></span> <span class='ocrx_word' id='word_1_287' title='bbox 1726 1976 1821 2033; x_wconf 86' lang='lat' dir='ltr'><strong>Dei</strong></span> <span class='ocrx_word' id='word_1_288' title='bbox 1873 1992 2065 2036; x_wconf 86' lang='lat' dir='ltr'><strong>omnes</strong></span> 
     </span>
    </p>
   </div>
   <div class='ocr_carea' id='block_1_37' title="bbox 482 2064 2058 2135">
    <p class='ocr_par' dir='ltr' id='par_1_37' title="bbox 482 2064 2058 2135">
     <span class='ocr_line' id='line_1_37' title="bbox 482 2064 2058 2135; baseline 0.001 -12"><span class='ocrx_word' id='word_1_289' title='bbox 482 2066 699 2123; x_wconf 87' lang='lat' dir='ltr'><strong>idcirco</strong></span> <span class='ocrx_word' id='word_1_290' title='bbox 735 2081 952 2122; x_wconf 82' lang='lat' dir='ltr'><strong>sumus.</strong></span> <span class='ocrx_word' id='word_1_291' title='bbox 1000 2065 1120 2122; x_wconf 80' lang='lat' dir='ltr'><strong>Non</strong></span> <span class='ocrx_word' id='word_1_292' title='bbox 1150 2079 1283 2135; x_wconf 88' lang='lat' dir='ltr'><strong>ergo</strong></span> <span class='ocrx_word' id='word_1_293' title='bbox 1336 2064 1466 2121; x_wconf 79' lang='lat' dir='ltr'><strong>facti</strong></span> <span class='ocrx_word' id='word_1_294' title='bbox 1529 2081 1780 2122; x_wconf 85' lang='lat' dir='ltr'><strong>essemus</strong></span> <span class='ocrx_word' id='word_1_295' title='bbox 1831 2068 2058 2125; x_wconf 86' lang='lat' dir='ltr'><strong>omnino</strong></span> 
     </span>
    </p>
   </div>
   <div class='ocr_carea' id='block_1_38' title="bbox 480 2155 2064 2229">
    <p class='ocr_par' dir='ltr' id='par_1_38' title="bbox 480 2155 2064 2229">
     <span class='ocr_line' id='line_1_38' title="bbox 480 2155 2064 2229; baseline 0.001 -16"><span class='ocrx_word' id='word_1_296' title='bbox 480 2158 606 2229; x_wconf 88' lang='lat' dir='ltr'><strong>ejus</strong></span> <span class='ocrx_word' id='word_1_297' title='bbox 632 2157 925 2228; x_wconf 86' lang='lat' dir='ltr'><strong>discipuli,</strong></span> <span class='ocrx_word' id='word_1_298' title='bbox 962 2172 1066 2213; x_wconf 90' lang='lat' dir='ltr'><strong>nec</strong></span> <span class='ocrx_word' id='word_1_299' title='bbox 1092 2155 1268 2212; x_wconf 87' lang='lat' dir='ltr'><strong>divini</strong></span> <span class='ocrx_word' id='word_1_300' title='bbox 1298 2157 1509 2213; x_wconf 87' lang='lat' dir='ltr'><strong>amoris</strong></span> <span class='ocrx_word' id='word_1_301' title='bbox 1545 2156 1791 2213; x_wconf 77' lang='lat' dir='ltr'><strong>fructum</strong></span> <span class='ocrx_word' id='word_1_302' title='bbox 1826 2172 2064 2229; x_wconf 85' lang='lat' dir='ltr'><strong>emnque</strong></span> 
     </span>
    </p>
   </div>
   <div class='ocr_carea' id='block_1_39' title="bbox 479 2247 2059 2319">
    <p class='ocr_par' dir='ltr' id='par_1_39' title="bbox 479 2247 2059 2319">
     <span class='ocr_line' id='line_1_39' title="bbox 479 2247 2059 2319; baseline -0.001 -13"><span class='ocrx_word' id='word_1_303' title='bbox 479 2251 717 2306; x_wconf 85' lang='lat' dir='ltr'><strong>multum</strong></span> <span class='ocrx_word' id='word_1_304' title='bbox 768 2249 1095 2313; x_wconf 90' lang='lat' dir='ltr'><strong>ederemus,</strong></span> <span class='ocrx_word' id='word_1_305' title='bbox 1144 2247 1259 2306; x_wconf 87' lang='lat' dir='ltr'><strong>nisi</strong></span> <span class='ocrx_word' id='word_1_306' title='bbox 1309 2263 1407 2319; x_wconf 89' lang='lat' dir='ltr'><strong>per</strong></span> <span class='ocrx_word' id='word_1_307' title='bbox 1455 2248 1847 2318; x_wconf 88' lang='lat' dir='ltr'><strong>benignitatem</strong></span> <span class='ocrx_word' id='word_1_308' title='bbox 1902 2264 2059 2305; x_wconf 89' lang='lat' dir='ltr'><strong>suam</strong></span> 
     </span>
    </p>
   </div>
   <div class='ocr_carea' id='block_1_40' title="bbox 478 2338 2064 2410">
    <p class='ocr_par' dir='ltr' id='par_1_40' title="bbox 478 2338 2064 2410">
     <span class='ocr_line' id='line_1_40' title="bbox 478 2338 2064 2410; baseline 0 -15"><span class='ocrx_word' id='word_1_309' title='bbox 478 2340 816 2396; x_wconf 77' lang='lat' dir='ltr'><strong>clariﬁcatus</strong></span> <span class='ocrx_word' id='word_1_310' title='bbox 865 2347 1015 2396; x_wconf 83' lang='lat' dir='ltr'><strong>esset</strong></span> <span class='ocrx_word' id='word_1_311' title='bbox 1049 2338 1234 2405; x_wconf 91' lang='lat' dir='ltr'><strong>Pater,</strong></span> <span class='ocrx_word' id='word_1_312' title='bbox 1281 2339 1373 2394; x_wconf 87' lang='lat' dir='ltr'><strong>cui</strong></span> <span class='ocrx_word' id='word_1_313' title='bbox 1408 2339 1490 2394; x_wconf 84' lang='lat' dir='ltr'><strong>sic</strong></span> <span class='ocrx_word' id='word_1_314' title='bbox 1541 2340 1944 2410; x_wconf 85' lang='lat' dir='ltr'><strong>beneplaeitum</strong></span> <span class='ocrx_word' id='word_1_315' title='bbox 1977 2349 2064 2397; x_wconf 85' lang='lat' dir='ltr'><strong>est</strong></span> 
     </span>
    </p>
   </div>
   <div class='ocr_carea' id='block_1_41' title="bbox 477 2431 2062 2504">
    <p class='ocr_par' dir='ltr' id='par_1_41' title="bbox 477 2431 2062 2504">
     <span class='ocr_line' id='line_1_41' title="bbox 477 2431 2062 2504; baseline 0.001 -15"><span class='ocrx_word' id='word_1_316' title='bbox 477 2434 536 2489; x_wconf 93' lang='lat' dir='ltr'><strong>in</strong></span> <span class='ocrx_word' id='word_1_317' title='bbox 564 2433 746 2500; x_wconf 92' lang='lat' dir='ltr'><strong>nobis,</strong></span> <span class='ocrx_word' id='word_1_318' title='bbox 770 2440 831 2489; x_wconf 88' lang='lat' dir='ltr'><strong>ut</strong></span> <span class='ocrx_word' id='word_1_319' title='bbox 853 2431 1096 2489; x_wconf 80' lang='lat' dir='ltr'><strong>Verbum</strong></span> <span class='ocrx_word' id='word_1_320' title='bbox 1122 2435 1272 2504; x_wconf 89' lang='lat' dir='ltr'><strong>quod</strong></span> <span class='ocrx_word' id='word_1_321' title='bbox 1300 2449 1366 2489; x_wconf 77' lang='lat' dir='ltr'><strong>ex</strong></span> <span class='ocrx_word' id='word_1_322' title='bbox 1391 2434 1508 2503; x_wconf 88' lang='lat' dir='ltr'><strong>ejus</strong></span> <span class='ocrx_word' id='word_1_323' title='bbox 1535 2432 1845 2489; x_wconf 83' lang='lat' dir='ltr'><strong>substantia</strong></span> <span class='ocrx_word' id='word_1_324' title='bbox 1872 2448 2062 2504; x_wconf 84' lang='lat' dir='ltr'><strong>proce-</strong></span> 
     </span>
    </p>
   </div>
   <div class='ocr_carea' id='block_1_42' title="bbox 482 2524 2056 2597">
    <p class='ocr_par' dir='ltr' id='par_1_42' title="bbox 482 2524 2056 2597">
     <span class='ocr_line' id='line_1_42' title="bbox 482 2524 2056 2597; baseline 0.001 -17"><span class='ocrx_word' id='word_1_325' title='bbox 482 2525 567 2581; x_wconf 92' lang='lat' dir='ltr'><strong>dit</strong></span> <span class='ocrx_word' id='word_1_326' title='bbox 593 2526 869 2581; x_wconf 69' lang='lat' dir='ltr'><strong>neminem</strong></span> <span class='ocrx_word' id='word_1_327' title='bbox 906 2525 1026 2581; x_wconf 79' lang='lat' dir='ltr'><strong>ﬁeri</strong></span> <span class='ocrx_word' id='word_1_328' title='bbox 1063 2525 1325 2581; x_wconf 84' lang='lat' dir='ltr'><strong>voluerit.</strong></span> <span class='ocrx_word' id='word_1_329' title='bbox 1362 2524 1454 2581; x_wconf 89' lang='lat' dir='ltr'><strong>Sic</strong></span> <span class='ocrx_word' id='word_1_330' title='bbox 1487 2526 1859 2597; x_wconf 76' lang='lat' dir='ltr'><strong>intelligemus</strong></span> <span class='ocrx_word' id='word_1_331' title='bbox 1889 2527 2056 2591; x_wconf 89' lang='lat' dir='ltr'><strong>enim,</strong></span> 
     </span>
    </p>
   </div>
   <div class='ocr_carea' id='block_1_43' title="bbox 477 2617 2059 2689">
    <p class='ocr_par' dir='ltr' id='par_1_43' title="bbox 477 2617 2059 2689">
     <span class='ocr_line' id='line_1_43' title="bbox 477 2617 2059 2689; baseline 0.001 -16"><span class='ocrx_word' id='word_1_332' title='bbox 477 2633 606 2674; x_wconf 86' lang='lat' dir='ltr'><strong>cum</strong></span> <span class='ocrx_word' id='word_1_333' title='bbox 642 2619 695 2673; x_wconf 93' lang='lat' dir='ltr'><strong>in</strong></span> <span class='ocrx_word' id='word_1_334' title='bbox 746 2617 1054 2689; x_wconf 87' lang='lat' dir='ltr'><strong>Scripturis</strong></span> <span class='ocrx_word' id='word_1_335' title='bbox 1085 2617 1287 2674; x_wconf 85' lang='lat' dir='ltr'><strong>divinis</strong></span> <span class='ocrx_word' id='word_1_336' title='bbox 1331 2618 1621 2675; x_wconf 87' lang='lat' dir='ltr'><strong>audiemus</strong></span> <span class='ocrx_word' id='word_1_337' title='bbox 1666 2634 1792 2676; x_wconf 85' lang='lat' dir='ltr'><strong>eum</strong></span> <span class='ocrx_word' id='word_1_338' title='bbox 1836 2618 2059 2675; x_wconf 89' lang='lat' dir='ltr'><strong>dedisse</strong></span> 
     </span>
    </p>
   </div>
   <div class='ocr_carea' id='block_1_44' title="bbox 474 2708 2057 2784">
    <p class='ocr_par' dir='ltr' id='par_1_44' title="bbox 474 2708 2057 2784">
     <span class='ocr_line' id='line_1_44' title="bbox 474 2708 2057 2784; baseline 0.003 -20"><span class='ocrx_word' id='word_1_339' title='bbox 474 2708 676 2766; x_wconf 84' lang='lat' dir='ltr'><strong>Filium</strong></span> <span class='ocrx_word' id='word_1_340' title='bbox 707 2727 890 2768; x_wconf 90' lang='lat' dir='ltr'><strong>suum.</strong></span> <span class='ocrx_word' id='word_1_341' title='bbox 924 2712 980 2767; x_wconf 92' lang='lat' dir='ltr'><strong>Id</strong></span> <span class='ocrx_word' id='word_1_342' title='bbox 1011 2712 1157 2767; x_wconf 90' lang='lat' dir='ltr'><strong>enim</strong></span> <span class='ocrx_word' id='word_1_343' title='bbox 1185 2712 1519 2783; x_wconf 88' lang='lat' dir='ltr'><strong>complacuit</strong></span> <span class='ocrx_word' id='word_1_344' title='bbox 1548 2713 1598 2769; x_wconf 89' lang='lat' dir='ltr'><strong>ei</strong></span> <span class='ocrx_word' id='word_1_345' title='bbox 1628 2712 1722 2782; x_wconf 90' lang='lat' dir='ltr'><strong>qui</strong></span> <span class='ocrx_word' id='word_1_346' title='bbox 1760 2728 1859 2784; x_wconf 90' lang='lat' dir='ltr'><strong>pro</strong></span> <span class='ocrx_word' id='word_1_347' title='bbox 1895 2711 2057 2769; x_wconf 85' lang='lat' dir='ltr'><strong>nobis</strong></span> 
     </span>
    </p>
   </div>
   <div class='ocr_carea' id='block_1_45' title="bbox 474 2801 2058 2874">
    <p class='ocr_par' dir='ltr' id='par_1_45' title="bbox 474 2801 2058 2874">
     <span class='ocr_line' id='line_1_45' title="bbox 474 2801 2058 2874; baseline 0.001 -19"><span class='ocrx_word' id='word_1_348' title='bbox 474 2802 590 2872; x_wconf 83' lang='lat' dir='ltr'><strong>pati</strong></span> <span class='ocrx_word' id='word_1_349' title='bbox 632 2802 827 2866; x_wconf 88' lang='lat' dir='ltr'><strong>voluit,</strong></span> <span class='ocrx_word' id='word_1_350' title='bbox 863 2804 1207 2874; x_wconf 88' lang='lat' dir='ltr'><strong>proindeque</strong></span> <span class='ocrx_word' id='word_1_351' title='bbox 1235 2801 1403 2860; x_wconf 86' lang='lat' dir='ltr'><strong>etiam</strong></span> <span class='ocrx_word' id='word_1_352' title='bbox 1451 2803 1672 2860; x_wconf 86' lang='lat' dir='ltr'><strong>dedisse</strong></span> <span class='ocrx_word' id='word_1_353' title='bbox 1706 2804 1928 2867; x_wconf 85' lang='lat' dir='ltr'><strong>dicitur,</strong></span> <span class='ocrx_word' id='word_1_354' title='bbox 1972 2803 2058 2858; x_wconf 62' lang='lat' dir='ltr'><strong>id-</strong></span> 
     </span>
    </p>
   </div>
   <div class='ocr_carea' id='block_1_46' title="bbox 474 2894 1208 2962">
    <p class='ocr_par' dir='ltr' id='par_1_46' title="bbox 474 2894 1208 2962">
     <span class='ocr_line' id='line_1_46' title="bbox 474 2894 1208 2962; baseline 0.007 -16"><span class='ocrx_word' id='word_1_355' title='bbox 474 2909 585 2962; x_wconf 89' lang='lat' dir='ltr'><strong>que</strong></span> <span class='ocrx_word' id='word_1_356' title='bbox 619 2894 777 2951; x_wconf 84' lang='lat' dir='ltr'><strong>valde</strong></span> <span class='ocrx_word' id='word_1_357' title='bbox 814 2903 1208 2951; x_wconf 89' lang='lat' dir='ltr'><strong>consentanee.</strong></span> 
     </span>
    </p>
   </div>
   <div class='ocr_carea' id='block_1_47' title="bbox 2165 1987 3732 2064">
    <p class='ocr_par' dir='ltr' id='par_1_47' title="bbox 2165 1987 3732 2064">
     <span class='ocr_line' id='line_1_47' title="bbox 2165 1987 3732 2064; baseline -0.001 -19"><span class='ocrx_word' id='word_1_358' title='bbox 2165 1987 2478 2055; x_wconf 77' lang='grc' dir='ltr'>στεύσασιν,</span> <span class='ocrx_word' id='word_1_359' title='bbox 2513 1989 2613 2060; x_wconf 82' lang='grc' dir='ltr'><strong>οὐχ</strong></span> <span class='ocrx_word' id='word_1_360' title='bbox 2661 1987 2851 2061; x_wconf 71' lang='grc' dir='ltr'>ἕτερός</span> <span class='ocrx_word' id='word_1_361' title='bbox 2908 2008 2993 2056; x_wconf 84' lang='grc' dir='ltr'><strong>τις</strong></span> <span class='ocrx_word' id='word_1_362' title='bbox 3042 1991 3448 2064; x_wconf 71' lang='grc' dir='ltr'>μεσολαϐήσας,</span> <span class='ocrx_word' id='word_1_363' title='bbox 3493 1991 3580 2045; x_wconf 80' lang='grc' dir='ltr'><strong>τὸν</strong></span> <span class='ocrx_word' id='word_1_364' title='bbox 3620 1990 3732 2061; x_wconf 83' lang='grc' dir='ltr'>παρ’</span> 
     </span>
    </p>
   </div>
   <div class='ocr_carea' id='block_1_48' title="bbox 2159 2078 3726 2154">
    <p class='ocr_par' dir='ltr' id='par_1_48' title="bbox 2159 2078 3726 2154">
     <span class='ocr_line' id='line_1_48' title="bbox 2159 2078 3726 2154; baseline 0.002 -22"><span class='ocrx_word' id='word_1_365' title='bbox 2159 2078 2326 2133; x_wconf 76' lang='grc' dir='ltr'>αὐτοῦ</span> <span class='ocrx_word' id='word_1_366' title='bbox 2354 2080 2751 2153; x_wconf 79' lang='grc' dir='ltr'><strong>διεπόρθμευσε</strong></span> <span class='ocrx_word' id='word_1_367' title='bbox 2779 2082 2955 2151; x_wconf 82' lang='grc' dir='ltr'>λόγον,</span> <span class='ocrx_word' id='word_1_368' title='bbox 2981 2082 3099 2137; x_wconf 81' lang='grc' dir='ltr'>ἀλλ’</span> <span class='ocrx_word' id='word_1_369' title='bbox 3131 2083 3256 2137; x_wconf 77' lang='grc' dir='ltr'>οὐδὲ</span> <span class='ocrx_word' id='word_1_370' title='bbox 3299 2083 3527 2154; x_wconf 77' lang='grc' dir='ltr'><strong>μεσίτης</strong></span> <span class='ocrx_word' id='word_1_371' title='bbox 3560 2082 3726 2151; x_wconf 78' lang='grc' dir='ltr'>γέγονε</span> 
     </span>
    </p>
   </div>
   <div class='ocr_carea' id='block_1_49' title="bbox 2157 2170 3733 2246">
    <p class='ocr_par' dir='ltr' id='par_1_49' title="bbox 2157 2170 3733 2246">
     <span class='ocr_line' id='line_1_49' title="bbox 2157 2170 3733 2246; baseline 0.001 -21"><span class='ocrx_word' id='word_1_372' title='bbox 2157 2170 2268 2225; x_wconf 82' lang='grc' dir='ltr'>τῶν</span> <span class='ocrx_word' id='word_1_373' title='bbox 2305 2170 2627 2243; x_wconf 84' lang='grc' dir='ltr'>θελημόιτων</span> <span class='ocrx_word' id='word_1_374' title='bbox 2666 2171 2831 2228; x_wconf 79' lang='grc' dir='ltr'>αὐτοῦ</span> <span class='ocrx_word' id='word_1_375' title='bbox 2881 2173 3019 2246; x_wconf 81' lang='grc' dir='ltr'>πρὸς</span> <span class='ocrx_word' id='word_1_376' title='bbox 3063 2176 3233 2246; x_wconf 77' lang='grc' dir='ltr'>ἡμᾶς,</span> <span class='ocrx_word' id='word_1_377' title='bbox 3271 2173 3523 2244; x_wconf 79' lang='grc' dir='ltr'>καθάπερ</span> <span class='ocrx_word' id='word_1_378' title='bbox 3566 2172 3733 2244; x_wconf 82' lang='grc' dir='ltr'>ἀμέλει</span> 
     </span>
    </p>
   </div>
   <div class='ocr_carea' id='block_1_50' title="bbox 2158 2262 3731 2339">
    <p class='ocr_par' dir='ltr' id='par_1_50' title="bbox 2158 2262 3731 2339">
     <span class='ocr_line' id='line_1_50' title="bbox 2158 2262 3731 2339; baseline 0 -21"><span class='ocrx_word' id='word_1_379' title='bbox 2158 2262 2362 2335; x_wconf 77' lang='grc' dir='ltr'>Μωσῆς</span> <span class='ocrx_word' id='word_1_380' title='bbox 2397 2265 2510 2330; x_wconf 84' lang='grc' dir='ltr'>τοῖς</span> <span class='ocrx_word' id='word_1_381' title='bbox 2539 2264 2599 2330; x_wconf 77' lang='grc' dir='ltr'>ἐξ</span> <span class='ocrx_word' id='word_1_382' title='bbox 2635 2264 2866 2338; x_wconf 78' lang='grc' dir='ltr'>Ἰσραὴλ,</span> <span class='ocrx_word' id='word_1_383' title='bbox 2910 2266 3070 2338; x_wconf 82' lang='grc' dir='ltr'><strong>ὲντῷ</strong></span> <span class='ocrx_word' id='word_1_384' title='bbox 3112 2266 3233 2339; x_wconf 71' lang='grc' dir='ltr'>θρει</span> <span class='ocrx_word' id='word_1_385' title='bbox 3284 2267 3436 2339; x_wconf 78' lang='grc' dir='ltr'>Σινᾷ,</span> <span class='ocrx_word' id='word_1_386' title='bbox 3491 2268 3648 2337; x_wconf 73' lang='grc' dir='ltr'>ἤγουν</span> <span class='ocrx_word' id='word_1_387' title='bbox 3691 2266 3731 2319; x_wconf 78' lang='lat' dir='ltr'><strong>oi</strong></span> 
     </span>
    </p>
   </div>
   <div class='ocr_carea' id='block_1_51' title="bbox 2164 2354 3733 2428">
    <p class='ocr_par' dir='ltr' id='par_1_51' title="bbox 2164 2354 3733 2428">
     <span class='ocr_line' id='line_1_51' title="bbox 2164 2354 3733 2428; baseline 0.001 -21"><span class='ocrx_word' id='word_1_388' title='bbox 2164 2354 2304 2423; x_wconf 79' lang='grc' dir='ltr'>μετὰ</span> <span class='ocrx_word' id='word_1_389' title='bbox 2330 2355 2537 2411; x_wconf 64' lang='lat' dir='ltr'><strong>Meneta</strong></span> <span class='ocrx_word' id='word_1_390' title='bbox 2577 2357 2855 2428; x_wconf 80' lang='grc' dir='ltr'><strong>προφῆται</strong></span> <span class='ocrx_word' id='word_1_391' title='bbox 2896 2359 3010 2422; x_wconf 87' lang='grc' dir='ltr'>τοῖς</span> <span class='ocrx_word' id='word_1_392' title='bbox 3053 2356 3175 2412; x_wconf 82' lang='grc' dir='ltr'>κατ’</span> <span class='ocrx_word' id='word_1_393' title='bbox 3203 2357 3430 2421; x_wconf 80' lang='grc' dir='ltr'>αὐτοὺς,</span> <span class='ocrx_word' id='word_1_394' title='bbox 3462 2357 3572 2412; x_wconf 80' lang='grc' dir='ltr'>ἀλλ’</span> <span class='ocrx_word' id='word_1_395' title='bbox 3596 2354 3733 2420; x_wconf 72' lang='grc' dir='ltr'>αὐτὸς</span> 
     </span>
    </p>
   </div>
   <div class='ocr_carea' id='block_1_52' title="bbox 2160 2445 3734 2519">
    <p class='ocr_par' dir='ltr' id='par_1_52' title="bbox 2160 2445 3734 2519">
     <span class='ocr_line' id='line_1_52' title="bbox 2160 2445 3734 2519; baseline -0.008 -9"><span class='ocrx_word' id='word_1_396' title='bbox 2160 2446 2310 2515; x_wconf 78' lang='grc' dir='ltr'>ἡμᾶς</span> <span class='ocrx_word' id='word_1_397' title='bbox 2343 2445 2582 2513; x_wconf 70' lang='grc' dir='ltr'>ἐδίδαξεν</span> <span class='ocrx_word' id='word_1_398' title='bbox 2613 2448 2641 2501; x_wconf 83' lang='grc' dir='ltr'><strong>ὁ</strong></span> <span class='ocrx_word' id='word_1_399' title='bbox 2664 2447 2918 2519; x_wconf 78' lang='grc' dir='ltr'>Χριστός.</span> <span class='ocrx_word' id='word_1_400' title='bbox 2957 2448 3208 2503; x_wconf 74' lang='grc' dir='ltr'>Διδακτοὶ</span> <span class='ocrx_word' id='word_1_401' title='bbox 3240 2448 3300 2503; x_wconf 81' lang='grc' dir='ltr'>δὲ</span> <span class='ocrx_word' id='word_1_402' title='bbox 3327 2448 3464 2502; x_wconf 89' lang='grc' dir='ltr'><strong>Θεοῦ</strong></span> <span class='ocrx_word' id='word_1_403' title='bbox 3493 2447 3579 2501; x_wconf 83' lang='grc' dir='ltr'>διὰ</span> <span class='ocrx_word' id='word_1_404' title='bbox 3599 2446 3734 2500; x_wconf 73' lang='grc' dir='ltr'>τοῦτο</span> 
     </span>
    </p>
   </div>
   <div class='ocr_carea' id='block_1_53' title="bbox 2158 2535 3737 2609">
    <p class='ocr_par' dir='ltr' id='par_1_53' title="bbox 2158 2535 3737 2609">
     <span class='ocr_line' id='line_1_53' title="bbox 2158 2535 3737 2609; baseline -0.001 -19"><span class='ocrx_word' id='word_1_405' title='bbox 2158 2537 2362 2601; x_wconf 85' lang='grc' dir='ltr'>πάντες</span> <span class='ocrx_word' id='word_1_406' title='bbox 2403 2539 2586 2609; x_wconf 81' lang='grc' dir='ltr'><strong>ἡμεῖς.</strong></span> <span class='ocrx_word' id='word_1_407' title='bbox 2638 2541 2755 2593; x_wconf 83' lang='grc' dir='ltr'>Οὐκ</span> <span class='ocrx_word' id='word_1_408' title='bbox 2803 2541 2868 2594; x_wconf 80' lang='grc' dir='ltr'>ἂν</span> <span class='ocrx_word' id='word_1_409' title='bbox 2917 2535 3010 2595; x_wconf 74' lang='grc' dir='ltr'><strong>οὖν</strong></span> <span class='ocrx_word' id='word_1_410' title='bbox 3055 2541 3193 2605; x_wconf 82' lang='grc' dir='ltr'><strong>ὅλως</strong></span> <span class='ocrx_word' id='word_1_411' title='bbox 3246 2541 3417 2596; x_wconf 78' lang='grc' dir='ltr'>αὐτοῦ</span> <span class='ocrx_word' id='word_1_412' title='bbox 3457 2540 3737 2609; x_wconf 76' lang='grc' dir='ltr'><strong>γεγόναμεν</strong></span> 
     </span>
    </p>
   </div>
   <div class='ocr_carea' id='block_1_54' title="bbox 2162 2625 3734 2702">
    <p class='ocr_par' dir='ltr' id='par_1_54' title="bbox 2162 2625 3734 2702">
     <span class='ocr_line' id='line_1_54' title="bbox 2162 2625 3734 2702; baseline -0.001 -21"><span class='ocrx_word' id='word_1_413' title='bbox 2162 2628 2424 2699; x_wconf 78' lang='grc' dir='ltr'>μαθηταὶ,</span> <span class='ocrx_word' id='word_1_414' title='bbox 2450 2628 2551 2683; x_wconf 82' lang='grc' dir='ltr'><strong>οὐκ</strong></span> <span class='ocrx_word' id='word_1_415' title='bbox 2593 2628 2660 2683; x_wconf 74' lang='grc' dir='ltr'>ἂν</span> <span class='ocrx_word' id='word_1_416' title='bbox 2694 2630 2956 2702; x_wconf 80' lang='grc' dir='ltr'>ὲτέκομεν</span> <span class='ocrx_word' id='word_1_417' title='bbox 2983 2631 3074 2685; x_wconf 74' lang='grc' dir='ltr'>τὸν</span> <span class='ocrx_word' id='word_1_418' title='bbox 3106 2632 3206 2702; x_wconf 77' lang='grc' dir='ltr'>τῆς</span> <span class='ocrx_word' id='word_1_419' title='bbox 3240 2631 3520 2700; x_wconf 80' lang='grc' dir='ltr'>φιλοθεῖας</span> <span class='ocrx_word' id='word_1_420' title='bbox 3546 2625 3734 2701; x_wconf 71' lang='grc' dir='ltr'>καρπδν</span> 
     </span>
    </p>
   </div>
   <div class='ocr_carea' id='block_1_55' title="bbox 2164 2715 3738 2792">
    <p class='ocr_par' dir='ltr' id='par_1_55' title="bbox 2164 2715 3738 2792">
     <span class='ocr_line' id='line_1_55' title="bbox 2164 2715 3738 2792; baseline 0.002 -23"><span class='ocrx_word' id='word_1_421' title='bbox 2164 2716 2260 2769; x_wconf 74' lang='grc' dir='ltr'>καὶ</span> <span class='ocrx_word' id='word_1_422' title='bbox 2285 2715 2476 2771; x_wconf 83' lang='grc' dir='ltr'>τοῦτον</span> <span class='ocrx_word' id='word_1_423' title='bbox 2518 2717 2706 2783; x_wconf 79' lang='grc' dir='ltr'>πολὺν,</span> <span class='ocrx_word' id='word_1_424' title='bbox 2748 2721 2798 2773; x_wconf 83' lang='grc' dir='ltr'><strong>εί</strong></span> <span class='ocrx_word' id='word_1_425' title='bbox 2847 2719 2921 2792; x_wconf 76' lang='grc' dir='ltr'><strong>μὴ</strong></span> <span class='ocrx_word' id='word_1_426' title='bbox 2966 2719 3231 2791; x_wconf 74' lang='grc' dir='ltr'>ἐδοξάσθη</span> <span class='ocrx_word' id='word_1_427' title='bbox 3270 2720 3340 2775; x_wconf 84' lang='grc' dir='ltr'>δι’</span> <span class='ocrx_word' id='word_1_428' title='bbox 3370 2717 3738 2791; x_wconf 75' lang='grc' dir='ltr'>ἡμερότητκό</span> 
     </span>
    </p>
   </div>
   <div class='ocr_carea' id='block_1_56' title="bbox 2164 2805 3738 2880">
    <p class='ocr_par' dir='ltr' id='par_1_56' title="bbox 2164 2805 3738 2880">
     <span class='ocr_line' id='line_1_56' title="bbox 2164 2805 3738 2880; baseline -0.001 -22"><span class='ocrx_word' id='word_1_429' title='bbox 2164 2806 2375 2877; x_wconf 84' lang='grc' dir='ltr'>Πατὴρ,</span> <span class='ocrx_word' id='word_1_430' title='bbox 2399 2806 2697 2877; x_wconf 82' lang='grc' dir='ltr'>εὐδοκήσας</span> <span class='ocrx_word' id='word_1_431' title='bbox 2735 2809 2811 2861; x_wconf 73' lang='grc' dir='ltr'><strong>ὲν-</strong></span> <span class='ocrx_word' id='word_1_432' title='bbox 2830 2810 2982 2880; x_wconf 82' lang='grc' dir='ltr'>ήμῖν,</span> <span class='ocrx_word' id='word_1_433' title='bbox 3026 2809 3099 2873; x_wconf 83' lang='grc' dir='ltr'>ὡς</span> <span class='ocrx_word' id='word_1_434' title='bbox 3147 2811 3245 2863; x_wconf 75' lang='grc' dir='ltr'><strong>καὶ</strong></span> <span class='ocrx_word' id='word_1_435' title='bbox 3294 2809 3583 2880; x_wconf 74' lang='grc' dir='ltr'>ἄνθρωπον</span> <span class='ocrx_word' id='word_1_436' title='bbox 3607 2805 3738 2875; x_wconf 79' lang='grc' dir='ltr'>γενέο</span> 
     </span>
    </p>
   </div>
   <div class='ocr_carea' id='block_1_57' title="bbox 2167 2896 3736 2973">
    <p class='ocr_par' dir='ltr' id='par_1_57' title="bbox 2167 2896 3736 2973">
     <span class='ocr_line' id='line_1_57' title="bbox 2167 2896 3736 2973; baseline -0.003 -22"><span class='ocrx_word' id='word_1_437' title='bbox 2167 2896 2312 2962; x_wconf 88' lang='grc' dir='ltr'>σθαι,</span> <span class='ocrx_word' id='word_1_438' title='bbox 2343 2897 2435 2951; x_wconf 83' lang='grc' dir='ltr'><strong>τὸν</strong></span> <span class='ocrx_word' id='word_1_439' title='bbox 2477 2900 2544 2952; x_wconf 77' lang='grc' dir='ltr'>ὲκ</span> <span class='ocrx_word' id='word_1_440' title='bbox 2588 2899 2690 2969; x_wconf 85' lang='grc' dir='ltr'>τῆς</span> <span class='ocrx_word' id='word_1_441' title='bbox 2728 2900 2919 2963; x_wconf 81' lang='grc' dir='ltr'>οὐσίας</span> <span class='ocrx_word' id='word_1_442' title='bbox 2963 2900 3128 2954; x_wconf 82' lang='grc' dir='ltr'>αὐτοῦ</span> <span class='ocrx_word' id='word_1_443' title='bbox 3173 2901 3517 2973; x_wconf 83' lang='grc' dir='ltr'>προελθόντα</span> <span class='ocrx_word' id='word_1_444' title='bbox 3567 2898 3736 2965; x_wconf 78' lang='grc' dir='ltr'>Λόγον.</span> 
     </span>
    </p>
   </div>
   <div class='ocr_carea' id='block_1_58' title="bbox 474 2986 3737 3062">
    <p class='ocr_par' dir='ltr' id='par_1_58' title="bbox 474 2986 3737 3062">
     <span class='ocr_line' id='line_1_58' title="bbox 474 2986 3737 3062; baseline 0 -18"><span class='ocrx_word' id='word_1_445' title='bbox 474 2989 761 3060; x_wconf 82' lang='grc' dir='ltr'>Νοήσομεν</span> <span class='ocrx_word' id='word_1_446' title='bbox 807 2986 918 3060; x_wconf 80' lang='grc' dir='ltr'><strong>γὰρ</strong></span> <span class='ocrx_word' id='word_1_447' title='bbox 965 2988 1160 3055; x_wconf 70' lang='grc' dir='ltr'>οὕτως,</span> <span class='ocrx_word' id='word_1_448' title='bbox 1206 2990 1298 3043; x_wconf 84' lang='grc' dir='ltr'>ὅτε</span> <span class='ocrx_word' id='word_1_449' title='bbox 1337 2987 1603 3057; x_wconf 82' lang='grc' dir='ltr'>λεγούσης</span> <span class='ocrx_word' id='word_1_450' title='bbox 1650 2987 1922 3059; x_wconf 77' lang='grc' dir='ltr'>ἀκούομεν</span> <span class='ocrx_word' id='word_1_451' title='bbox 1964 2990 2062 3059; x_wconf 78' lang='grc' dir='ltr'>τῆς</span> <span class='ocrx_word' id='word_1_452' title='bbox 2104 2988 2257 3054; x_wconf 85' lang='grc' dir='ltr'>θείας</span> <span class='ocrx_word' id='word_1_453' title='bbox 2283 2991 2506 3062; x_wconf 68' lang='grc' dir='ltr'>Γραφῆς</span> <span class='ocrx_word' id='word_1_454' title='bbox 2549 2992 2631 3047; x_wconf 80' lang='grc' dir='ltr'>ὅτι</span> <span class='ocrx_word' id='word_1_455' title='bbox 2658 2993 2858 3047; x_wconf 81' lang='grc' dir='ltr'>δέδωκε</span> <span class='ocrx_word' id='word_1_456' title='bbox 2906 2993 2998 3048; x_wconf 77' lang='grc' dir='ltr'><strong>τὸν</strong></span> <span class='ocrx_word' id='word_1_457' title='bbox 3027 2994 3157 3048; x_wconf 85' lang='grc' dir='ltr'>ίδιον</span> <span class='ocrx_word' id='word_1_458' title='bbox 3194 2995 3355 3051; x_wconf 84' lang='grc' dir='ltr'>Υἰόν,</span> <span class='ocrx_word' id='word_1_459' title='bbox 3396 2992 3737 3062; x_wconf 82' lang='grc' dir='ltr'>Συνευδόκησε</span> 
     </span>
    </p>
   </div>
   <div class='ocr_carea' id='block_1_59' title="bbox 475 3079 3526 3159">
    <p class='ocr_par' dir='ltr' id='par_1_59' title="bbox 475 3079 3526 3159">
     <span class='ocr_line' id='line_1_59' title="bbox 475 3079 3526 3159; baseline 0.001 -23"><span class='ocrx_word' id='word_1_460' title='bbox 475 3080 586 3153; x_wconf 67' lang='grc' dir='ltr'><strong>γὰρ</strong></span> <span class='ocrx_word' id='word_1_461' title='bbox 633 3080 793 3134; x_wconf 79' lang='grc' dir='ltr'>τοῦτο</span> <span class='ocrx_word' id='word_1_462' title='bbox 827 3080 908 3151; x_wconf 77' lang='grc' dir='ltr'>τῷ</span> <span class='ocrx_word' id='word_1_463' title='bbox 940 3081 1133 3136; x_wconf 83' lang='grc' dir='ltr'>παθεῖν</span> <span class='ocrx_word' id='word_1_464' title='bbox 1180 3081 1321 3151; x_wconf 76' lang='grc' dir='ltr'>ὑπὲρ</span> <span class='ocrx_word' id='word_1_465' title='bbox 1355 3079 1515 3150; x_wconf 80' lang='grc' dir='ltr'>ἡμῶν</span> <span class='ocrx_word' id='word_1_466' title='bbox 1548 3079 1811 3151; x_wconf 75' lang='grc' dir='ltr'>ἑλομένῳ,</span> <span class='ocrx_word' id='word_1_467' title='bbox 1853 3079 1946 3133; x_wconf 69' lang='grc' dir='ltr'>καὶ</span> <span class='ocrx_word' id='word_1_468' title='bbox 1973 3079 2063 3132; x_wconf 76' lang='grc' dir='ltr'>διὰ</span> <span class='ocrx_word' id='word_1_469' title='bbox 2094 3082 2252 3136; x_wconf 78' lang='grc' dir='ltr'>τοῦτο</span> <span class='ocrx_word' id='word_1_470' title='bbox 2278 3083 2372 3137; x_wconf 66' lang='grc' dir='ltr'><strong>καὶ</strong></span> <span class='ocrx_word' id='word_1_471' title='bbox 2396 3083 2687 3139; x_wconf 75' lang='grc' dir='ltr'><strong>δεδωκέναι</strong></span> <span class='ocrx_word' id='word_1_472' title='bbox 2711 3084 2949 3154; x_wconf 78' lang='grc' dir='ltr'>λέγεται,</span> <span class='ocrx_word' id='word_1_473' title='bbox 2974 3085 3069 3139; x_wconf 68' lang='grc' dir='ltr'>καὶ</span> <span class='ocrx_word' id='word_1_474' title='bbox 3095 3086 3244 3157; x_wconf 80' lang='grc' dir='ltr'>μάλα</span> <span class='ocrx_word' id='word_1_475' title='bbox 3272 3087 3526 3159; x_wconf 83' lang='grc' dir='ltr'>εἰκότως.</span> 
     </span>
    </p>
   </div>
   <div class='ocr_carea' id='block_1_60' title="bbox 550 3170 2063 3246">
    <p class='ocr_par' dir='ltr' id='par_1_60' title="bbox 550 3170 2063 3243">
     <span class='ocr_line' id='line_1_60' title="bbox 550 3170 2063 3243; baseline -0.003 -14"><span class='ocrx_word' id='word_1_476' title='bbox 550 3173 668 3243; x_wconf 71' lang='lat' dir='ltr'><strong>XV,</strong></span> <span class='ocrx_word' id='word_1_477' title='bbox 710 3173 743 3229; x_wconf 89' lang='lat'><strong>9</strong></span> <span class='ocrx_word' id='word_1_478' title='bbox 769 3214 783 3236; x_wconf 92' lang='lat'><strong>,</strong></span> <span class='ocrx_word' id='word_1_479' title='bbox 831 3172 917 3227; x_wconf 84' lang='lat' dir='ltr'><strong>l0.</strong></span> <span class='ocrx_word' id='word_1_480' title='bbox 960 3172 1115 3228; x_wconf 79' lang='lat' dir='ltr'><strong>Sicut</strong></span> <span class='ocrx_word' id='word_1_481' title='bbox 1148 3172 1338 3227; x_wconf 73' lang='lat' dir='ltr'><strong>dilexit</strong></span> <span class='ocrx_word' id='word_1_482' title='bbox 1369 3187 1449 3225; x_wconf 78' lang='lat' dir='ltr'><strong>me</strong></span> <span class='ocrx_word' id='word_1_483' title='bbox 1484 3170 1671 3234; x_wconf 86' lang='lat' dir='ltr'><strong>Pater,</strong></span> <span class='ocrx_word' id='word_1_484' title='bbox 1700 3182 1748 3225; x_wconf 86' lang='lat' dir='ltr'><strong>et</strong></span> <span class='ocrx_word' id='word_1_485' title='bbox 1773 3188 1868 3242; x_wconf 83' lang='lat' dir='ltr'><strong>ego</strong></span> <span class='ocrx_word' id='word_1_486' title='bbox 1898 3170 2063 3226; x_wconf 67' lang='lat' dir='ltr'><strong>dilexi</strong></span> 
     </span>
    </p>
   </div>
   <div class='ocr_carea' id='block_1_61' title="bbox 2167 3170 3742 3246">
    <p class='ocr_par' dir='ltr' id='par_1_61' title="bbox 2236 3173 3742 3246">
     <span class='ocr_line' id='line_1_61' title="bbox 2236 3173 3742 3246; baseline -0.001 -18"><span class='ocrx_word' id='word_1_487' title='bbox 2236 3173 2442 3241; x_wconf 75' lang='grc' dir='ltr'>Καθὼς</span> <span class='ocrx_word' id='word_1_488' title='bbox 2494 3175 2775 3243; x_wconf 71' lang='grc' dir='ltr'><strong>ἠγάπησέ</strong></span> <span class='ocrx_word' id='word_1_489' title='bbox 2801 3193 2879 3245; x_wconf 85' lang='grc' dir='ltr'><strong>με</strong></span> <span class='ocrx_word' id='word_1_490' title='bbox 2919 3179 2951 3229; x_wconf 88' lang='lat'><strong>0&#39;</strong></span> <span class='ocrx_word' id='word_1_491' title='bbox 2991 3176 3220 3245; x_wconf 77' lang='grc' dir='ltr'>Πατὴρ,</span> <span class='ocrx_word' id='word_1_492' title='bbox 3275 3177 3444 3246; x_wconf 69' lang='grc' dir='ltr'>κάγὼ</span> <span class='ocrx_word' id='word_1_493' title='bbox 3480 3176 3742 3246; x_wconf 74' lang='grc' dir='ltr'>ἠγάπησα</span> 
     </span>
    </p>
   </div>
   <div class='ocr_carea' id='block_1_62' title="bbox 477 3259 2059 3329">
    <p class='ocr_par' dir='ltr' id='par_1_62' title="bbox 477 3259 2059 3329">
     <span class='ocr_line' id='line_1_62' title="bbox 477 3259 2059 3329; baseline -0.006 -7"><span class='ocrx_word' id='word_1_494' title='bbox 477 3283 569 3322; x_wconf 80' lang='lat' dir='ltr'><strong>ros</strong></span> <span class='ocrx_word' id='word_1_495' title='bbox 596 3280 616 3321; x_wconf 89' lang='lat'><strong><em>:</em></strong></span> <span class='ocrx_word' id='word_1_496' title='bbox 666 3270 872 3318; x_wconf 79' lang='lat' dir='ltr'><strong>manete</strong></span> <span class='ocrx_word' id='word_1_497' title='bbox 910 3261 967 3315; x_wconf 82' lang='lat' dir='ltr'><strong>in</strong></span> <span class='ocrx_word' id='word_1_498' title='bbox 1007 3260 1287 3315; x_wconf 79' lang='lat' dir='ltr'><strong>dilectione</strong></span> <span class='ocrx_word' id='word_1_499' title='bbox 1328 3275 1466 3313; x_wconf 84' lang='lat' dir='ltr'><strong>mea.</strong></span> <span class='ocrx_word' id='word_1_500' title='bbox 1521 3259 1584 3315; x_wconf 85' lang='lat' dir='ltr'><strong>Si</strong></span> <span class='ocrx_word' id='word_1_501' title='bbox 1631 3269 1894 3329; x_wconf 73' lang='lat' dir='ltr'><strong>praecepta</strong></span> <span class='ocrx_word' id='word_1_502' title='bbox 1942 3272 2059 3312; x_wconf 76' lang='lat' dir='ltr'><strong>mea</strong></span> 
     </span>
    </p>
   </div>
   <div class='ocr_carea' id='block_1_63' title="bbox 478 3352 2061 3421">
    <p class='ocr_par' dir='ltr' id='par_1_63' title="bbox 478 3352 2061 3421">
     <span class='ocr_line' id='line_1_63' title="bbox 478 3352 2061 3421; baseline -0.006 -5"><span class='ocrx_word' id='word_1_503' title='bbox 478 3358 837 3421; x_wconf 67' lang='lat' dir='ltr'><strong>servaret-itis,</strong></span> <span class='ocrx_word' id='word_1_504' title='bbox 878 3353 1161 3408; x_wconf 80' lang='lat' dir='ltr'><strong>manebitir</strong></span> <span class='ocrx_word' id='word_1_505' title='bbox 1207 3353 1264 3408; x_wconf 82' lang='lat' dir='ltr'><strong>in</strong></span> <span class='ocrx_word' id='word_1_506' title='bbox 1306 3352 1588 3408; x_wconf 81' lang='lat' dir='ltr'><strong>dilectione</strong></span> <span class='ocrx_word' id='word_1_507' title='bbox 1639 3369 1787 3419; x_wconf 82' lang='lat' dir='ltr'><strong>mea,</strong></span> <span class='ocrx_word' id='word_1_508' title='bbox 1822 3353 1961 3407; x_wconf 70' lang='lat' dir='ltr'><strong>sicut</strong></span> <span class='ocrx_word' id='word_1_509' title='bbox 2007 3361 2061 3406; x_wconf 84' lang='lat' dir='ltr'><strong>et</strong></span> 
     </span>
    </p>
   </div>
   <div class='ocr_carea' id='block_1_64' title="bbox 476 3442 2058 3522">
    <p class='ocr_par' dir='ltr' id='par_1_64' title="bbox 476 3442 2058 3522">
     <span class='ocr_line' id='line_1_64' title="bbox 476 3442 2058 3522; baseline -0.006 -17"><span class='ocrx_word' id='word_1_510' title='bbox 476 3466 570 3522; x_wconf 75' lang='lat' dir='ltr'><strong>ego</strong></span> <span class='ocrx_word' id='word_1_511' title='bbox 606 3447 787 3503; x_wconf 77' lang='lat' dir='ltr'><strong>Patris</strong></span> <span class='ocrx_word' id='word_1_512' title='bbox 814 3455 1077 3514; x_wconf 70' lang='lat' dir='ltr'><strong>prrecepta</strong></span> <span class='ocrx_word' id='word_1_513' title='bbox 1113 3443 1348 3508; x_wconf 79' lang='lat' dir='ltr'><strong>servavi,</strong></span> <span class='ocrx_word' id='word_1_514' title='bbox 1377 3455 1648 3499; x_wconf 83' lang='lat' dir='ltr'><strong>e-t‘maneo</strong></span> <span class='ocrx_word' id='word_1_515' title='bbox 1681 3445 1736 3498; x_wconf 86' lang='lat' dir='ltr'><strong>in</strong></span> <span class='ocrx_word' id='word_1_516' title='bbox 1771 3443 1886 3514; x_wconf 76' lang='lat' dir='ltr'><strong>ejus</strong></span> <span class='ocrx_word' id='word_1_517' title='bbox 1921 3442 2058 3497; x_wconf 80' lang='lat' dir='ltr'><strong>dile-</strong></span> 
     </span>
    </p>
   </div>
   <div class='ocr_carea' id='block_1_65' title="bbox 477 3542 668 3598">
    <p class='ocr_par' dir='ltr' id='par_1_65' title="bbox 477 3542 668 3598">
     <span class='ocr_line' id='line_1_65' title="bbox 477 3542 668 3598; baseline -0.016 0"><span class='ocrx_word' id='word_1_518' title='bbox 477 3542 668 3598; x_wconf 80' lang='lat' dir='ltr'><strong>ctione.</strong></span> 
     </span>
    </p>
   </div>
   <div class='ocr_carea' id='block_1_66' title="bbox 551 3629 2057 3688">
    <p class='ocr_par' dir='ltr' id='par_1_66' title="bbox 551 3629 2057 3688">
     <span class='ocr_line' id='line_1_66' title="bbox 551 3629 2057 3688; baseline -0.004 0"><span class='ocrx_word' id='word_1_519' title='bbox 551 3632 859 3688; x_wconf 86' lang='lat' dir='ltr'><strong>Subtiliore</strong></span> <span class='ocrx_word' id='word_1_520' title='bbox 886 3631 1088 3686; x_wconf 87' lang='lat' dir='ltr'><strong>mentis</strong></span> <span class='ocrx_word' id='word_1_521' title='bbox 1126 3630 1291 3686; x_wconf 83' lang='lat' dir='ltr'><strong>oculo</strong></span> <span class='ocrx_word' id='word_1_522' title='bbox 1327 3629 1726 3686; x_wconf 86' lang='lat' dir='ltr'><strong>consideranda</strong></span> <span class='ocrx_word' id='word_1_523' title='bbox 1768 3634 1901 3685; x_wconf 87' lang='lat' dir='ltr'><strong>sunt</strong></span> <span class='ocrx_word' id='word_1_524' title='bbox 1928 3642 2057 3683; x_wconf 84' lang='lat' dir='ltr'><strong>rur-</strong></span> 
     </span>
    </p>
   </div>
   <div class='ocr_carea' id='block_1_67' title="bbox 479 3721 2059 3791">
    <p class='ocr_par' dir='ltr' id='par_1_67' title="bbox 479 3721 2059 3791">
     <span class='ocr_line' id='line_1_67' title="bbox 479 3721 2059 3791; baseline -0.006 -9"><span class='ocrx_word' id='word_1_525' title='bbox 479 3740 577 3782; x_wconf 89' lang='lat' dir='ltr'><strong>sus</strong></span> <span class='ocrx_word' id='word_1_526' title='bbox 612 3724 810 3779; x_wconf 86' lang='lat' dir='ltr'><strong>borum</strong></span> <span class='ocrx_word' id='word_1_527' title='bbox 863 3722 1159 3779; x_wconf 83' lang='lat' dir='ltr'><strong>verborum</strong></span> <span class='ocrx_word' id='word_1_528' title='bbox 1214 3721 1502 3791; x_wconf 83' lang='lat' dir='ltr'><strong>mysteria.</strong></span> <span class='ocrx_word' id='word_1_529' title='bbox 1542 3721 1702 3776; x_wconf 86' lang='lat' dir='ltr'><strong>Altus</strong></span> <span class='ocrx_word' id='word_1_530' title='bbox 1732 3722 1937 3791; x_wconf 86' lang='lat' dir='ltr'><strong>quippe</strong></span> <span class='ocrx_word' id='word_1_531' title='bbox 1974 3725 2059 3773; x_wconf 88' lang='lat' dir='ltr'><strong>est</strong></span> 
     </span>
    </p>
   </div>
   <div class='ocr_carea' id='block_1_68' title="bbox 476 3810 2058 3885">
    <p class='ocr_par' dir='ltr' id='par_1_68' title="bbox 476 3810 2058 3885">
     <span class='ocr_line' id='line_1_68' title="bbox 476 3810 2058 3885; baseline -0.004 -13"><span class='ocrx_word' id='word_1_532' title='bbox 476 3830 685 3881; x_wconf 78' lang='lat' dir='ltr'><strong>sermo,</strong></span> <span class='ocrx_word' id='word_1_533' title='bbox 718 3816 1021 3885; x_wconf 79' lang='lat' dir='ltr'><strong>totiusque,</strong></span> <span class='ocrx_word' id='word_1_534' title='bbox 1060 3819 1122 3868; x_wconf 90' lang='lat' dir='ltr'><strong>ut</strong></span> <span class='ocrx_word' id='word_1_535' title='bbox 1164 3814 1336 3868; x_wconf 88' lang='lat' dir='ltr'><strong>verbo</strong></span> <span class='ocrx_word' id='word_1_536' title='bbox 1393 3813 1599 3878; x_wconf 87' lang='lat' dir='ltr'><strong>dicam,</strong></span> <span class='ocrx_word' id='word_1_537' title='bbox 1654 3810 2058 3868; x_wconf 85' lang='lat' dir='ltr'><strong>incarnationis</strong></span> 
     </span>
    </p>
   </div>
   <div class='ocr_carea' id='block_1_69' title="bbox 476 3900 2059 3977">
    <p class='ocr_par' dir='ltr' id='par_1_69' title="bbox 476 3900 2059 3977">
     <span class='ocr_line' id='line_1_69' title="bbox 476 3900 2059 3977; baseline -0.006 -13"><span class='ocrx_word' id='word_1_538' title='bbox 476 3909 752 3964; x_wconf 87' lang='lat' dir='ltr'><strong>rationem</strong></span> <span class='ocrx_word' id='word_1_539' title='bbox 791 3907 952 3962; x_wconf 89' lang='lat' dir='ltr'><strong>nobis</strong></span> <span class='ocrx_word' id='word_1_540' title='bbox 979 3905 1177 3977; x_wconf 88' lang='lat' dir='ltr'><strong>aperit.</strong></span> <span class='ocrx_word' id='word_1_541' title='bbox 1215 3904 1482 3960; x_wconf 88' lang='lat' dir='ltr'><strong>Dilectum</strong></span> <span class='ocrx_word' id='word_1_542' title='bbox 1515 3904 1665 3960; x_wconf 89' lang='lat' dir='ltr'><strong>enim</strong></span> <span class='ocrx_word' id='word_1_543' title='bbox 1696 3916 1758 3959; x_wconf 83' lang='lat' dir='ltr'><strong>se</strong></span> <span class='ocrx_word' id='word_1_544' title='bbox 1789 3917 1822 3957; x_wconf 91' lang='lat' dir='ltr'><strong>a</strong></span> <span class='ocrx_word' id='word_1_545' title='bbox 1863 3900 1976 3958; x_wconf 87' lang='lat' dir='ltr'><strong>Deo</strong></span> <span class='ocrx_word' id='word_1_546' title='bbox 2003 3909 2059 3957; x_wconf 90' lang='lat' dir='ltr'><strong>et</strong></span> 
     </span>
    </p>
   </div>
   <div class='ocr_carea' id='block_1_70' title="bbox 476 3993 2057 4068">
    <p class='ocr_par' dir='ltr' id='par_1_70' title="bbox 476 3993 2057 4068">
     <span class='ocr_line' id='line_1_70' title="bbox 476 3993 2057 4068; baseline -0.006 -10"><span class='ocrx_word' id='word_1_547' title='bbox 476 4000 640 4058; x_wconf 83' lang='lat' dir='ltr'><strong>Patre</strong></span> <span class='ocrx_word' id='word_1_548' title='bbox 668 4000 890 4062; x_wconf 88' lang='lat' dir='ltr'><strong>asserit,</strong></span> <span class='ocrx_word' id='word_1_549' title='bbox 928 4013 1144 4068; x_wconf 85' lang='lat' dir='ltr'><strong>nosque</strong></span> <span class='ocrx_word' id='word_1_550' title='bbox 1172 3997 1254 4053; x_wconf 86' lang='lat' dir='ltr'><strong>sic</strong></span> <span class='ocrx_word' id='word_1_551' title='bbox 1282 3996 1532 4054; x_wconf 87' lang='lat' dir='ltr'><strong>vicissim</strong></span> <span class='ocrx_word' id='word_1_552' title='bbox 1565 3995 1827 4067; x_wconf 76' lang='lat' dir='ltr'><strong>diligere,</strong></span> <span class='ocrx_word' id='word_1_553' title='bbox 1863 3993 2057 4050; x_wconf 86' lang='lat' dir='ltr'><strong>eodem</strong></span> 
     </span>
    </p>
   </div>
   <div class='ocr_carea' id='block_1_71' title="bbox 475 4084 2059 4161">
    <p class='ocr_par' dir='ltr' id='par_1_71' title="bbox 475 4084 2059 4161">
     <span class='ocr_line' id='line_1_71' title="bbox 475 4084 2059 4161; baseline -0.004 -14"><span class='ocrx_word' id='word_1_554' title='bbox 475 4092 643 4148; x_wconf 89' lang='lat' dir='ltr'><strong>modo</strong></span> <span class='ocrx_word' id='word_1_555' title='bbox 666 4090 879 4148; x_wconf 84' lang='lat' dir='ltr'><strong>scilicet</strong></span> <span class='ocrx_word' id='word_1_556' title='bbox 905 4103 1020 4161; x_wconf 88' lang='lat' dir='ltr'><strong>quo</strong></span> <span class='ocrx_word' id='word_1_557' title='bbox 1039 4096 1097 4144; x_wconf 90' lang='lat' dir='ltr'><strong>et</strong></span> <span class='ocrx_word' id='word_1_558' title='bbox 1130 4090 1245 4159; x_wconf 90' lang='lat' dir='ltr'><strong>ipse</strong></span> <span class='ocrx_word' id='word_1_559' title='bbox 1270 4102 1302 4143; x_wconf 91' lang='lat' dir='ltr'><strong>a</strong></span> <span class='ocrx_word' id='word_1_560' title='bbox 1332 4102 1433 4143; x_wconf 88' lang='lat' dir='ltr'><strong>suo</strong></span> <span class='ocrx_word' id='word_1_561' title='bbox 1460 4085 1622 4142; x_wconf 86' lang='lat' dir='ltr'><strong>Patre</strong></span> <span class='ocrx_word' id='word_1_562' title='bbox 1651 4084 1805 4157; x_wconf 86' lang='lat' dir='ltr'><strong>diligi</strong></span> <span class='ocrx_word' id='word_1_563' title='bbox 1832 4098 2059 4140; x_wconf 66' lang='lat' dir='ltr'><strong>censea-</strong></span> 
     </span>
    </p>
   </div>
   <div class='ocr_carea' id='block_1_72' title="bbox 478 4174 2059 4255">
    <p class='ocr_par' dir='ltr' id='par_1_72' title="bbox 478 4174 2059 4255">
     <span class='ocr_line' id='line_1_72' title="bbox 478 4174 2059 4255; baseline -0.006 -14"><span class='ocrx_word' id='word_1_564' title='bbox 478 4197 594 4243; x_wconf 89' lang='lat' dir='ltr'><strong>tur.</strong></span> <span class='ocrx_word' id='word_1_565' title='bbox 622 4184 872 4255; x_wconf 84' lang='lat' dir='ltr'><strong>Subjecit</strong></span> <span class='ocrx_word' id='word_1_566' title='bbox 897 4181 1101 4239; x_wconf 89' lang='lat' dir='ltr'><strong>deinde</strong></span> <span class='ocrx_word' id='word_1_567' title='bbox 1120 4222 1137 4249; x_wconf 94' lang='lat'><strong>,</strong></span> <span class='ocrx_word' id='word_1_568' title='bbox 1170 4194 1394 4236; x_wconf 89' lang='lat' dir='ltr'><strong>manere</strong></span> <span class='ocrx_word' id='word_1_569' title='bbox 1420 4193 1522 4235; x_wconf 87' lang='lat' dir='ltr'><strong>nos</strong></span> <span class='ocrx_word' id='word_1_570' title='bbox 1553 4186 1816 4248; x_wconf 88' lang='lat' dir='ltr'><strong>oportere</strong></span> <span class='ocrx_word' id='word_1_571' title='bbox 1846 4176 1902 4230; x_wconf 90' lang='lat' dir='ltr'><strong>in</strong></span> <span class='ocrx_word' id='word_1_572' title='bbox 1936 4174 2059 4245; x_wconf 84' lang='lat' dir='ltr'><strong>ejus</strong></span> 
     </span>
    </p>
   </div>
   <div class='ocr_carea' id='block_1_73' title="bbox 480 4267 2060 4342">
    <p class='ocr_par' dir='ltr' id='par_1_73' title="bbox 480 4267 2060 4342">
     <span class='ocr_line' id='line_1_73' title="bbox 480 4267 2060 4342; baseline -0.009 -5"><span class='ocrx_word' id='word_1_573' title='bbox 480 4277 803 4337; x_wconf 87' lang='lat' dir='ltr'><strong>dilectione.</strong></span> <span class='ocrx_word' id='word_1_574' title='bbox 843 4275 1161 4342; x_wconf 86' lang='lat' dir='ltr'><strong>Quinetiam</strong></span> <span class='ocrx_word' id='word_1_575' title='bbox 1199 4287 1429 4329; x_wconf 88' lang='lat' dir='ltr'><strong>causam</strong></span> <span class='ocrx_word' id='word_1_576' title='bbox 1474 4267 1773 4340; x_wconf 86' lang='lat' dir='ltr'><strong>quamdam</strong></span> <span class='ocrx_word' id='word_1_577' title='bbox 1824 4282 2060 4338; x_wconf 86' lang='lat' dir='ltr'><strong>eamque</strong></span> 
     </span>
    </p>
   </div>
   <div class='ocr_carea' id='block_1_74' title="bbox 478 4360 2060 4431">
    <p class='ocr_par' dir='ltr' id='par_1_74' title="bbox 478 4360 2060 4431">
     <span class='ocr_line' id='line_1_74' title="bbox 478 4360 2060 4431; baseline -0.009 -4"><span class='ocrx_word' id='word_1_578' title='bbox 478 4370 853 4427; x_wconf 85' lang='lat' dir='ltr'><strong>necessariam</strong></span> <span class='ocrx_word' id='word_1_579' title='bbox 897 4365 1056 4423; x_wconf 71' lang='lat' dir='ltr'><strong>affert</strong></span> <span class='ocrx_word' id='word_1_580' title='bbox 1098 4380 1200 4422; x_wconf 89' lang='lat' dir='ltr'><strong>cur</strong></span> <span class='ocrx_word' id='word_1_581' title='bbox 1234 4380 1263 4419; x_wconf 88' lang='lat' dir='ltr'><strong>a</strong></span> <span class='ocrx_word' id='word_1_582' title='bbox 1303 4363 1470 4418; x_wconf 83' lang='lat' dir='ltr'><strong>Patre</strong></span> <span class='ocrx_word' id='word_1_583' title='bbox 1516 4360 1801 4431; x_wconf 70' lang='lat' dir='ltr'><strong>diligatur,</strong></span> <span class='ocrx_word' id='word_1_584' title='bbox 1858 4373 2060 4429; x_wconf 85' lang='lat' dir='ltr'><strong>nempe</strong></span> 
     </span>
    </p>
   </div>
   <div class='ocr_carea' id='block_1_75' title="bbox 477 4448 2061 4533">
    <p class='ocr_par' dir='ltr' id='par_1_75' title="bbox 477 4448 2061 4533">
     <span class='ocr_line' id='line_1_75' title="bbox 477 4448 2061 4533; baseline -0.008 -16"><span class='ocrx_word' id='word_1_585' title='bbox 477 4461 625 4533; x_wconf 90' lang='lat' dir='ltr'><strong>quod</strong></span> <span class='ocrx_word' id='word_1_586' title='bbox 651 4460 772 4530; x_wconf 84' lang='lat' dir='ltr'><strong>ejus</strong></span> <span class='ocrx_word' id='word_1_587' title='bbox 795 4463 1052 4515; x_wconf 87' lang='lat' dir='ltr'><strong>observet</strong></span> <span class='ocrx_word' id='word_1_588' title='bbox 1072 4462 1366 4529; x_wconf 72' lang='lat' dir='ltr'><strong>praecepta.</strong></span> <span class='ocrx_word' id='word_1_589' title='bbox 1385 4451 1541 4519; x_wconf 84' lang='lat' dir='ltr'><strong>Quod</strong></span> <span class='ocrx_word' id='word_1_590' title='bbox 1561 4451 1740 4521; x_wconf 85' lang='lat' dir='ltr'><strong>ipsum</strong></span> <span class='ocrx_word' id='word_1_591' title='bbox 1755 4464 1857 4505; x_wconf 88' lang='lat' dir='ltr'><strong>nos</strong></span> <span class='ocrx_word' id='word_1_592' title='bbox 1881 4448 2061 4505; x_wconf 83' lang='lat' dir='ltr'><strong>facere</strong></span> 
     </span>
    </p>
   </div>
   <div class='ocr_carea' id='block_1_76' title="bbox 2165 3265 3745 3341">
    <p class='ocr_par' dir='ltr' id='par_1_76' title="bbox 2165 3265 3745 3341">
     <span class='ocr_line' id='line_1_76' title="bbox 2165 3265 3745 3341; baseline 0.002 -22"><span class='ocrx_word' id='word_1_593' title='bbox 2165 3265 2353 3334; x_wconf 82' lang='grc' dir='ltr'>ὑμᾶς·</span> <span class='ocrx_word' id='word_1_594' title='bbox 2403 3267 2649 3335; x_wconf 78' lang='grc' dir='ltr'>μείνατε</span> <span class='ocrx_word' id='word_1_595' title='bbox 2689 3268 2761 3321; x_wconf 81' lang='grc' dir='ltr'><strong>ἐν</strong></span> <span class='ocrx_word' id='word_1_596' title='bbox 2814 3266 2889 3337; x_wconf 80' lang='grc' dir='ltr'>τῇ</span> <span class='ocrx_word' id='word_1_597' title='bbox 2933 3268 3133 3339; x_wconf 62' lang='grc' dir='ltr'>ἀγάπῃ</span> <span class='ocrx_word' id='word_1_598' title='bbox 3182 3269 3267 3339; x_wconf 76' lang='grc' dir='ltr'>τῇ</span> <span class='ocrx_word' id='word_1_599' title='bbox 3317 3270 3458 3341; x_wconf 78' lang='grc' dir='ltr'><strong>ἐμῇ.</strong></span> <span class='ocrx_word' id='word_1_600' title='bbox 3494 3270 3631 3325; x_wconf 77' lang='grc' dir='ltr'><strong>Ἐὰν</strong></span> <span class='ocrx_word' id='word_1_601' title='bbox 3655 3268 3745 3334; x_wconf 81' lang='grc' dir='ltr'>τὰς</span> 
     </span>
    </p>
   </div>
   <div class='ocr_carea' id='block_1_77' title="bbox 2164 3355 3743 3432">
    <p class='ocr_par' dir='ltr' id='par_1_77' title="bbox 2164 3355 3743 3432">
     <span class='ocr_line' id='line_1_77' title="bbox 2164 3355 3743 3432; baseline 0.001 -22"><span class='ocrx_word' id='word_1_602' title='bbox 2164 3355 2419 3423; x_wconf 67' lang='grc' dir='ltr'>ἐντολάς</span> <span class='ocrx_word' id='word_1_603' title='bbox 2468 3373 2589 3426; x_wconf 87' lang='grc' dir='ltr'><strong>μου</strong></span> <span class='ocrx_word' id='word_1_604' title='bbox 2637 3358 2959 3427; x_wconf 80' lang='grc' dir='ltr'><strong>τηρήσητε,</strong></span> <span class='ocrx_word' id='word_1_605' title='bbox 3011 3359 3255 3429; x_wconf 76' lang='grc' dir='ltr'>μενεῖτε</span> <span class='ocrx_word' id='word_1_606' title='bbox 3313 3362 3387 3417; x_wconf 79' lang='grc' dir='ltr'><strong>ἐν</strong></span> <span class='ocrx_word' id='word_1_607' title='bbox 3439 3360 3516 3431; x_wconf 77' lang='grc' dir='ltr'>τῇ</span> <span class='ocrx_word' id='word_1_608' title='bbox 3566 3359 3743 3432; x_wconf 62' lang='grc' dir='ltr'><strong>ἀγάπῃ</strong></span> 
     </span>
    </p>
   </div>
   <div class='ocr_carea' id='block_1_78' title="bbox 2159 3448 3747 3522">
    <p class='ocr_par' dir='ltr' id='par_1_78' title="bbox 2159 3448 3747 3522">
     <span class='ocr_line' id='line_1_78' title="bbox 2159 3448 3747 3522; baseline 0.003 -22"><span class='ocrx_word' id='word_1_609' title='bbox 2159 3464 2313 3516; x_wconf 78' lang='grc' dir='ltr'>μου,</span> <span class='ocrx_word' id='word_1_610' title='bbox 2358 3448 2554 3514; x_wconf 81' lang='grc' dir='ltr'>καθὼς</span> <span class='ocrx_word' id='word_1_611' title='bbox 2586 3448 2751 3521; x_wconf 74' lang='grc' dir='ltr'><strong>κάγὼ</strong></span> <span class='ocrx_word' id='word_1_612' title='bbox 2787 3450 2895 3517; x_wconf 82' lang='grc' dir='ltr'>τὰς</span> <span class='ocrx_word' id='word_1_613' title='bbox 2930 3450 3187 3518; x_wconf 76' lang='grc' dir='ltr'>ἐντολὰς</span> <span class='ocrx_word' id='word_1_614' title='bbox 3233 3453 3346 3509; x_wconf 85' lang='grc' dir='ltr'>τοῦ</span> <span class='ocrx_word' id='word_1_615' title='bbox 3384 3453 3615 3522; x_wconf 78' lang='grc' dir='ltr'>Πατρός</span> <span class='ocrx_word' id='word_1_616' title='bbox 3643 3466 3747 3522; x_wconf 80' lang='grc' dir='ltr'>μου</span> 
     </span>
    </p>
   </div>
   <div class='ocr_carea' id='block_1_79' title="bbox 2165 3539 3483 3614">
    <p class='ocr_par' dir='ltr' id='par_1_79' title="bbox 2165 3539 3483 3614">
     <span class='ocr_line' id='line_1_79' title="bbox 2165 3539 3483 3614; baseline 0.005 -22"><span class='ocrx_word' id='word_1_617' title='bbox 2165 3539 2477 3609; x_wconf 74' lang='grc' dir='ltr'><strong>τετήρηκα,</strong></span> <span class='ocrx_word' id='word_1_618' title='bbox 2504 3540 2604 3594; x_wconf 75' lang='grc' dir='ltr'><strong>καί</strong></span> <span class='ocrx_word' id='word_1_619' title='bbox 2622 3540 2787 3611; x_wconf 78' lang='grc' dir='ltr'>μενῶ</span> <span class='ocrx_word' id='word_1_620' title='bbox 2820 3541 3009 3596; x_wconf 77' lang='grc' dir='ltr'>αὑτοῦ</span> <span class='ocrx_word' id='word_1_621' title='bbox 3035 3542 3105 3596; x_wconf 78' lang='grc' dir='ltr'><strong>ἐν</strong></span> <span class='ocrx_word' id='word_1_622' title='bbox 3136 3541 3219 3612; x_wconf 78' lang='grc' dir='ltr'>τῇ</span> <span class='ocrx_word' id='word_1_623' title='bbox 3244 3543 3483 3614; x_wconf 63' lang='grc' dir='ltr'><strong>ἀγάπῃ,</strong></span> 
     </span>
    </p>
   </div>
   <div class='ocr_carea' id='block_1_80' title="bbox 2249 3612 3753 3706">
    <p class='ocr_par' dir='ltr' id='par_1_80' title="bbox 2249 3612 3753 3706">
     <span class='ocr_line' id='line_1_80' title="bbox 2249 3612 3753 3706; baseline 0.002 -24"><span class='ocrx_word' id='word_1_624' title='bbox 2249 3628 2560 3702; x_wconf 74' lang='grc' dir='ltr'>Ἰσχνοτὲρῳ</span> <span class='ocrx_word' id='word_1_625' title='bbox 2598 3630 2759 3684; x_wconf 81' lang='grc' dir='ltr'>πάλιν</span> <span class='ocrx_word' id='word_1_626' title='bbox 2784 3630 2863 3703; x_wconf 85' lang='grc' dir='ltr'>τῷ</span> <span class='ocrx_word' id='word_1_627' title='bbox 2889 3633 2988 3702; x_wconf 78' lang='grc' dir='ltr'>τῆς</span> <span class='ocrx_word' id='word_1_628' title='bbox 3015 3631 3265 3698; x_wconf 84' lang='grc' dir='ltr'>διανοίας</span> <span class='ocrx_word' id='word_1_629' title='bbox 3298 3612 3575 3706; x_wconf 37' lang='grc' dir='ltr'>-ὸφθαλμῷ</span> <span class='ocrx_word' id='word_1_630' title='bbox 3604 3632 3668 3686; x_wconf 83' lang='grc' dir='ltr'>τὰ</span> <span class='ocrx_word' id='word_1_631' title='bbox 3702 3632 3753 3685; x_wconf 76' lang='grc' dir='ltr'>ὲν</span> 
     </span>
    </p>
   </div>
   <div class='ocr_carea' id='block_1_81' title="bbox 2164 3722 3750 3796">
    <p class='ocr_par' dir='ltr' id='par_1_81' title="bbox 2164 3722 3750 3796">
     <span class='ocr_line' id='line_1_81' title="bbox 2164 3722 3750 3796; baseline -0.001 -20"><span class='ocrx_word' id='word_1_632' title='bbox 2164 3724 2277 3786; x_wconf 87' lang='grc' dir='ltr'>τοῖς</span> <span class='ocrx_word' id='word_1_633' title='bbox 2307 3722 2687 3795; x_wconf 77' lang='grc' dir='ltr'>προκειμένοις</span> <span class='ocrx_word' id='word_1_634' title='bbox 2726 3722 2991 3793; x_wconf 79' lang='grc' dir='ltr'>ἁθρητέον</span> <span class='ocrx_word' id='word_1_635' title='bbox 3035 3725 3326 3796; x_wconf 73' lang='grc' dir='ltr'>μυστήρια</span> <span class='ocrx_word' id='word_1_636' title='bbox 3353 3725 3560 3789; x_wconf 81' lang='grc' dir='ltr'>,Βαθὺς</span> <span class='ocrx_word' id='word_1_637' title='bbox 3597 3724 3696 3792; x_wconf 79' lang='grc' dir='ltr'><strong>γὰρ</strong></span> <span class='ocrx_word' id='word_1_638' title='bbox 3726 3722 3750 3774; x_wconf 86' lang='grc' dir='ltr'><strong>ό</strong></span> 
     </span>
    </p>
   </div>
   <div class='ocr_carea' id='block_1_82' title="bbox 2165 3810 3749 3887">
    <p class='ocr_par' dir='ltr' id='par_1_82' title="bbox 2165 3810 3749 3887">
     <span class='ocr_line' id='line_1_82' title="bbox 2165 3810 3749 3887; baseline 0.001 -22"><span class='ocrx_word' id='word_1_639' title='bbox 2165 3811 2343 3881; x_wconf 78' lang='grc' dir='ltr'>λόγος,</span> <span class='ocrx_word' id='word_1_640' title='bbox 2370 3811 2463 3865; x_wconf 83' lang='grc' dir='ltr'>καὶ</span> <span class='ocrx_word' id='word_1_641' title='bbox 2483 3810 2611 3882; x_wconf 79' lang='grc' dir='ltr'>ὃλην</span> <span class='ocrx_word' id='word_1_642' title='bbox 2641 3811 2792 3882; x_wconf 79' lang='grc' dir='ltr'>ἡμῖν,</span> <span class='ocrx_word' id='word_1_643' title='bbox 2819 3811 2895 3875; x_wconf 86' lang='grc' dir='ltr'>ὼς</span> <span class='ocrx_word' id='word_1_644' title='bbox 2920 3810 3052 3875; x_wconf 73' lang='grc' dir='ltr'>ἔπος</span> <span class='ocrx_word' id='word_1_645' title='bbox 3081 3814 3288 3878; x_wconf 77' lang='grc' dir='ltr'>εἰπεῖν,</span> <span class='ocrx_word' id='word_1_646' title='bbox 3322 3819 3427 3887; x_wconf 77' lang='grc' dir='ltr'>τῆς</span> <span class='ocrx_word' id='word_1_647' title='bbox 3460 3814 3599 3886; x_wconf 79' lang='grc' dir='ltr'>μετὰ</span> <span class='ocrx_word' id='word_1_648' title='bbox 3634 3828 3749 3881; x_wconf 77' lang='grc' dir='ltr'>σαρ-</span> 
     </span>
    </p>
   </div>
   <div class='ocr_carea' id='block_1_83' title="bbox 2166 3900 3751 3976">
    <p class='ocr_par' dir='ltr' id='par_1_83' title="bbox 2166 3900 3751 3976">
     <span class='ocr_line' id='line_1_83' title="bbox 2166 3900 3751 3976; baseline -0.003 -17"><span class='ocrx_word' id='word_1_649' title='bbox 2166 3904 2261 3968; x_wconf 77' lang='grc' dir='ltr'><strong>κὸς</strong></span> <span class='ocrx_word' id='word_1_650' title='bbox 2305 3902 2616 3973; x_wconf 73' lang='grc' dir='ltr'>οἰκονομίας</span> <span class='ocrx_word' id='word_1_651' title='bbox 2666 3901 2936 3972; x_wconf 69' lang='grc' dir='ltr'>παραθεὶς</span> <span class='ocrx_word' id='word_1_652' title='bbox 2969 3900 3071 3974; x_wconf 72' lang='grc' dir='ltr'>τὴν</span> <span class='ocrx_word' id='word_1_653' title='bbox 3108 3903 3379 3976; x_wconf 81' lang='grc' dir='ltr'>δήλωσιν.</span> <span class='ocrx_word' id='word_1_654' title='bbox 3419 3900 3751 3973; x_wconf 82' lang='grc' dir='ltr'>Ἦγαπῆσθαι</span> 
     </span>
    </p>
   </div>
   <div class='ocr_carea' id='block_1_84' title="bbox 2167 3991 3752 4068">
    <p class='ocr_par' dir='ltr' id='par_1_84' title="bbox 2167 3991 3752 4068">
     <span class='ocr_line' id='line_1_84' title="bbox 2167 3991 3752 4068; baseline -0.002 -20"><span class='ocrx_word' id='word_1_655' title='bbox 2167 3995 2268 4065; x_wconf 72' lang='grc' dir='ltr'>μὲν</span> <span class='ocrx_word' id='word_1_656' title='bbox 2299 3995 2407 4068; x_wconf 84' lang='grc' dir='ltr'><strong>γὰρ</strong></span> <span class='ocrx_word' id='word_1_657' title='bbox 2455 3993 2643 4049; x_wconf 73' lang='grc' dir='ltr'>ἑαυτὸν</span> <span class='ocrx_word' id='word_1_658' title='bbox 2688 3992 3080 4065; x_wconf 76' lang='grc' dir='ltr'>διῖσχυρίζεται</span> <span class='ocrx_word' id='word_1_659' title='bbox 3127 3994 3288 4064; x_wconf 68' lang='grc' dir='ltr'>παρὰ</span> <span class='ocrx_word' id='word_1_660' title='bbox 3343 3995 3446 4051; x_wconf 81' lang='grc' dir='ltr'>τοῦ</span> <span class='ocrx_word' id='word_1_661' title='bbox 3497 3993 3632 4050; x_wconf 86' lang='grc' dir='ltr'><strong>Θεοῦ</strong></span> <span class='ocrx_word' id='word_1_662' title='bbox 3670 3991 3752 4047; x_wconf 74' lang='grc' dir='ltr'>καὶ</span> 
     </span>
    </p>
   </div>
   <div class='ocr_carea' id='block_1_85' title="bbox 2164 4085 3752 4159">
    <p class='ocr_par' dir='ltr' id='par_1_85' title="bbox 2164 4085 3752 4159">
     <span class='ocr_line' id='line_1_85' title="bbox 2164 4085 3752 4159; baseline -0.001 -16"><span class='ocrx_word' id='word_1_663' title='bbox 2164 4088 2398 4159; x_wconf 80' lang='grc' dir='ltr'>ιιατρδς,</span> <span class='ocrx_word' id='word_1_664' title='bbox 2431 4086 2820 4157; x_wconf 74' lang='grc' dir='ltr'>ἀνταγαπῆσαι</span> <span class='ocrx_word' id='word_1_665' title='bbox 2851 4085 2907 4140; x_wconf 79' lang='grc' dir='ltr'>δὲ</span> <span class='ocrx_word' id='word_1_666' title='bbox 2935 4085 3110 4150; x_wconf 75' lang='grc' dir='ltr'>οὕτως</span> <span class='ocrx_word' id='word_1_667' title='bbox 3145 4088 3326 4159; x_wconf 77' lang='grc' dir='ltr'>ἡμᾶς,</span> <span class='ocrx_word' id='word_1_668' title='bbox 3361 4088 3511 4144; x_wconf 77' lang='grc' dir='ltr'>κατὰ</span> <span class='ocrx_word' id='word_1_669' title='bbox 3547 4088 3637 4141; x_wconf 79' lang='grc' dir='ltr'><strong>τὸν</strong></span> <span class='ocrx_word' id='word_1_670' title='bbox 3665 4085 3752 4141; x_wconf 74' lang='grc' dir='ltr'><strong>αὖ·</strong></span> 
     </span>
    </p>
   </div>
   <div class='ocr_carea' id='block_1_86' title="bbox 2162 4178 3871 4253">
    <p class='ocr_par' dir='ltr' id='par_1_86' title="bbox 2162 4178 3871 4253">
     <span class='ocr_line' id='line_1_86' title="bbox 2162 4178 3871 4253; baseline -0.004 -18"><span class='ocrx_word' id='word_1_671' title='bbox 2162 4181 2256 4235; x_wconf 82' lang='grc' dir='ltr'><strong>τὸν</strong></span> <span class='ocrx_word' id='word_1_672' title='bbox 2284 4179 2524 4252; x_wconf 75' lang='grc' dir='ltr'>δηλονότι</span> <span class='ocrx_word' id='word_1_673' title='bbox 2546 4179 2768 4251; x_wconf 84' lang='grc' dir='ltr'>τρόπον,</span> <span class='ocrx_word' id='word_1_674' title='bbox 2795 4178 2917 4234; x_wconf 85' lang='grc' dir='ltr'>καθ’</span> <span class='ocrx_word' id='word_1_675' title='bbox 2941 4179 3109 4251; x_wconf 84' lang='grc' dir='ltr'>ὅνπερ</span> <span class='ocrx_word' id='word_1_676' title='bbox 3131 4179 3203 4233; x_wconf 77' lang='grc' dir='ltr'>ἂν</span> <span class='ocrx_word' id='word_1_677' title='bbox 3231 4182 3571 4253; x_wconf 78' lang='grc' dir='ltr'>ὴγαπῆσθαι</span> <span class='ocrx_word' id='word_1_678' title='bbox 3600 4180 3756 4234; x_wconf 79' lang='grc' dir='ltr'>νοοῖτο</span> <span class='ocrx_word' id='word_1_679' title='bbox 3854 4178 3871 4197; x_wconf 81' lang='grc'>¹</span> 
     </span>
    </p>
   </div>
   <div class='ocr_carea' id='block_1_87' title="bbox 2165 4270 3757 4344">
    <p class='ocr_par' dir='ltr' id='par_1_87' title="bbox 2165 4270 3757 4344">
     <span class='ocr_line' id='line_1_87' title="bbox 2165 4270 3757 4344; baseline -0.003 -16"><span class='ocrx_word' id='word_1_680' title='bbox 2165 4274 2260 4329; x_wconf 74' lang='grc' dir='ltr'><strong>καὶ</strong></span> <span class='ocrx_word' id='word_1_681' title='bbox 2284 4271 2447 4335; x_wconf 79' lang='grc' dir='ltr'>αὐτὸς</span> <span class='ocrx_word' id='word_1_682' title='bbox 2466 4272 2618 4344; x_wconf 84' lang='grc' dir='ltr'>παρὰ</span> <span class='ocrx_word' id='word_1_683' title='bbox 2646 4272 2738 4325; x_wconf 80' lang='grc' dir='ltr'>τοῦ</span> <span class='ocrx_word' id='word_1_684' title='bbox 2777 4272 2909 4325; x_wconf 85' lang='grc' dir='ltr'>ίδίου</span> <span class='ocrx_word' id='word_1_685' title='bbox 2932 4274 3291 4344; x_wconf 80' lang='grc' dir='ltr'>γεννήτορος.</span> <span class='ocrx_word' id='word_1_686' title='bbox 3318 4270 3461 4328; x_wconf 77' lang='grc' dir='ltr'>Εἶτα</span> <span class='ocrx_word' id='word_1_687' title='bbox 3483 4275 3536 4327; x_wconf 89' lang='grc' dir='ltr'><strong>τί</strong></span> <span class='ocrx_word' id='word_1_688' title='bbox 3565 4270 3757 4332; x_wconf 76' lang='grc' dir='ltr'>τούτοις</span> 
     </span>
    </p>
   </div>
   <div class='ocr_carea' id='block_1_88' title="bbox 2164 4362 3761 4437">
    <p class='ocr_par' dir='ltr' id='par_1_88' title="bbox 2164 4362 3761 4437">
     <span class='ocr_line' id='line_1_88' title="bbox 2164 4362 3761 4437; baseline -0.001 -20"><span class='ocrx_word' id='word_1_689' title='bbox 2164 4364 2500 4437; x_wconf 69' lang='grc' dir='ltr'>ἔπήνεγιξεν;</span> <span class='ocrx_word' id='word_1_690' title='bbox 2533 4363 2652 4418; x_wconf 83' lang='grc' dir='ltr'>Ὀτι</span> <span class='ocrx_word' id='word_1_691' title='bbox 2683 4364 2947 4434; x_wconf 78' lang='grc' dir='ltr'>προσήκει</span> <span class='ocrx_word' id='word_1_692' title='bbox 2980 4362 3164 4433; x_wconf 83' lang='grc' dir='ltr'>μένειν</span> <span class='ocrx_word' id='word_1_693' title='bbox 3191 4366 3355 4435; x_wconf 79' lang='grc' dir='ltr'>ἡμᾶς</span> <span class='ocrx_word' id='word_1_694' title='bbox 3388 4368 3449 4419; x_wconf 83' lang='grc' dir='ltr'>ὲν</span> <span class='ocrx_word' id='word_1_695' title='bbox 3481 4367 3549 4436; x_wconf 77' lang='grc' dir='ltr'>τῇ</span> <span class='ocrx_word' id='word_1_696' title='bbox 3583 4362 3761 4433; x_wconf 74' lang='grc' dir='ltr'>ἀγάπῃ</span> 
     </span>
    </p>
   </div>
   <div class='ocr_carea' id='block_1_89' title="bbox 2165 4452 3760 4527">
    <p class='ocr_par' dir='ltr' id='par_1_89' title="bbox 2165 4452 3760 4527">
     <span class='ocr_line' id='line_1_89' title="bbox 2165 4452 3760 4527; baseline -0.003 -15"><span class='ocrx_word' id='word_1_697' title='bbox 2165 4453 2352 4512; x_wconf 81' lang='grc' dir='ltr'>αὐτοῦ.</span> <span class='ocrx_word' id='word_1_698' title='bbox 2389 4453 2551 4508; x_wconf 77' lang='grc' dir='ltr'>Ἀλλὰ</span> <span class='ocrx_word' id='word_1_699' title='bbox 2596 4453 2694 4508; x_wconf 76' lang='grc' dir='ltr'>καὶ</span> <span class='ocrx_word' id='word_1_700' title='bbox 2737 4453 3010 4524; x_wconf 82' lang='grc' dir='ltr'>πρόφασιν</span> <span class='ocrx_word' id='word_1_701' title='bbox 3049 4452 3248 4527; x_wconf 81' lang='grc' dir='ltr'>ὥσπερ</span> <span class='ocrx_word' id='word_1_702' title='bbox 3280 4457 3434 4523; x_wconf 80' lang='grc' dir='ltr'>τινὰ,</span> <span class='ocrx_word' id='word_1_703' title='bbox 3482 4458 3579 4511; x_wconf 80' lang='grc' dir='ltr'><strong>καὶ</strong></span> <span class='ocrx_word' id='word_1_704' title='bbox 3609 4457 3760 4522; x_wconf 81' lang='grc' dir='ltr'>ἀναγο</span> 
     </span>
    </p>
   </div>
   <div class='ocr_carea' id='block_1_90' title="bbox 475 4535 2063 4624">
    <p class='ocr_par' dir='ltr' id='par_1_90' title="bbox 475 4541 2061 4624">
     <span class='ocr_line' id='line_1_90' title="bbox 475 4541 2061 4624; baseline -0.008 -15"><span class='ocrx_word' id='word_1_705' title='bbox 475 4553 654 4624; x_wconf 87' lang='lat' dir='ltr'><strong>jubet,</strong></span> <span class='ocrx_word' id='word_1_706' title='bbox 688 4561 746 4608; x_wconf 88' lang='lat' dir='ltr'><strong>et</strong></span> <span class='ocrx_word' id='word_1_707' title='bbox 773 4552 856 4607; x_wconf 87' lang='lat' dir='ltr'><strong>sic</strong></span> <span class='ocrx_word' id='word_1_708' title='bbox 893 4563 1118 4605; x_wconf 85' lang='lat' dir='ltr'><strong>manere</strong></span> <span class='ocrx_word' id='word_1_709' title='bbox 1149 4563 1252 4603; x_wconf 91' lang='lat' dir='ltr'><strong>nos</strong></span> <span class='ocrx_word' id='word_1_710' title='bbox 1289 4546 1344 4600; x_wconf 93' lang='lat' dir='ltr'><strong>in</strong></span> <span class='ocrx_word' id='word_1_711' title='bbox 1375 4544 1499 4615; x_wconf 90' lang='lat' dir='ltr'><strong>ejus</strong></span> <span class='ocrx_word' id='word_1_712' title='bbox 1530 4542 1850 4598; x_wconf 88' lang='lat' dir='ltr'><strong>dilectione.</strong></span> <span class='ocrx_word' id='word_1_713' title='bbox 1883 4541 2061 4612; x_wconf 81' lang='lat' dir='ltr'><strong>Atque</strong></span> 
     </span>
    </p>
   </div>
   <div class='ocr_carea' id='block_1_91' title="bbox 2167 4535 3761 4624">
    <p class='ocr_par' dir='ltr' id='par_1_91' title="bbox 2167 4543 3761 4620">
     <span class='ocr_line' id='line_1_91' title="bbox 2167 4543 3761 4620; baseline -0.002 -20"><span class='ocrx_word' id='word_1_714' title='bbox 2167 4547 2457 4616; x_wconf 80' lang='grc' dir='ltr'>καιοτάτην</span> <span class='ocrx_word' id='word_1_715' title='bbox 2483 4545 2660 4601; x_wconf 71' lang='grc' dir='ltr'>αἰτίαν</span> <span class='ocrx_word' id='word_1_716' title='bbox 2687 4545 2999 4608; x_wconf 83' lang='grc' dir='ltr'>ἀποδίδωσι,</span> <span class='ocrx_word' id='word_1_717' title='bbox 3031 4543 3125 4599; x_wconf 85' lang='grc' dir='ltr'>τοῦ</span> <span class='ocrx_word' id='word_1_718' title='bbox 3158 4550 3261 4600; x_wconf 78' lang='grc' dir='ltr'>καὶ</span> <span class='ocrx_word' id='word_1_719' title='bbox 3297 4549 3520 4620; x_wconf 80' lang='grc' dir='ltr'>σφόδρα</span> <span class='ocrx_word' id='word_1_720' title='bbox 3552 4545 3761 4607; x_wconf 83' lang='grc' dir='ltr'>δικαίως</span> 
     </span>
    </p>
   </div>
   <div class='ocr_carea' id='block_1_92' title="bbox 477 4633 2059 4706">
    <p class='ocr_par' dir='ltr' id='par_1_92' title="bbox 477 4633 2059 4706">
     <span class='ocr_line' id='line_1_92' title="bbox 477 4633 2059 4706; baseline -0.005 -10"><span class='ocrx_word' id='word_1_721' title='bbox 477 4642 595 4698; x_wconf 77' lang='lat' dir='ltr'><strong>haec</strong></span> <span class='ocrx_word' id='word_1_722' title='bbox 620 4643 915 4697; x_wconf 86' lang='lat' dir='ltr'><strong>verborum</strong></span> <span class='ocrx_word' id='word_1_723' title='bbox 949 4640 1184 4695; x_wconf 85' lang='lat' dir='ltr'><strong>istorum</strong></span> <span class='ocrx_word' id='word_1_724' title='bbox 1216 4633 1611 4705; x_wconf 84' lang='lat' dir='ltr'><strong>compendiosa</strong></span> <span class='ocrx_word' id='word_1_725' title='bbox 1645 4642 1732 4691; x_wconf 88' lang='lat' dir='ltr'><strong>est</strong></span> <span class='ocrx_word' id='word_1_726' title='bbox 1754 4635 2059 4706; x_wconf 77' lang='lat' dir='ltr'><strong>expositio.</strong></span> 
     </span>
    </p>
   </div>
   <div class='ocr_carea' id='block_1_93' title="bbox 481 4728 2060 4805">
    <p class='ocr_par' dir='ltr' id='par_1_93' title="bbox 481 4728 2060 4805">
     <span class='ocr_line' id='line_1_93' title="bbox 481 4728 2060 4805; baseline -0.006 -14"><span class='ocrx_word' id='word_1_727' title='bbox 481 4733 588 4791; x_wconf 64' lang='lat' dir='ltr'><strong>Stal</strong></span> <span class='ocrx_word' id='word_1_728' title='bbox 629 4734 891 4805; x_wconf 87' lang='lat' dir='ltr'><strong>quoniam</strong></span> <span class='ocrx_word' id='word_1_729' title='bbox 922 4731 1050 4788; x_wconf 87' lang='lat' dir='ltr'><strong>inde</strong></span> <span class='ocrx_word' id='word_1_730' title='bbox 1080 4728 1486 4799; x_wconf 88' lang='lat' dir='ltr'><strong>simpliciorum</strong></span> <span class='ocrx_word' id='word_1_731' title='bbox 1534 4735 1777 4783; x_wconf 88' lang='lat' dir='ltr'><strong>mentem</strong></span> <span class='ocrx_word' id='word_1_732' title='bbox 1820 4743 1930 4783; x_wconf 90' lang='lat' dir='ltr'><strong>non</strong></span> <span class='ocrx_word' id='word_1_733' title='bbox 1965 4741 2060 4797; x_wconf 88' lang='lat' dir='ltr'><strong>pa-</strong></span> 
     </span>
    </p>
   </div>
   <div class='ocr_carea' id='block_1_94' title="bbox 482 4819 2063 4891">
    <p class='ocr_par' dir='ltr' id='par_1_94' title="bbox 482 4819 2063 4891">
     <span class='ocr_line' id='line_1_94' title="bbox 482 4819 2063 4891; baseline -0.006 -8"><span class='ocrx_word' id='word_1_734' title='bbox 482 4843 605 4884; x_wconf 87' lang='lat' dir='ltr'><strong>rum</strong></span> <span class='ocrx_word' id='word_1_735' title='bbox 634 4827 915 4882; x_wconf 90' lang='lat' dir='ltr'><strong>turbatum</strong></span> <span class='ocrx_word' id='word_1_736' title='bbox 945 4825 1014 4880; x_wconf 89' lang='lat' dir='ltr'><strong>iri</strong></span> <span class='ocrx_word' id='word_1_737' title='bbox 1042 4832 1295 4886; x_wconf 86' lang='lat' dir='ltr'><strong>autumo,</strong></span> <span class='ocrx_word' id='word_1_738' title='bbox 1331 4834 1432 4891; x_wconf 90' lang='lat' dir='ltr'><strong>age</strong></span> <span class='ocrx_word' id='word_1_739' title='bbox 1464 4834 1657 4876; x_wconf 81' lang='lat' dir='ltr'><strong>rursus</strong></span> <span class='ocrx_word' id='word_1_740' title='bbox 1676 4819 1929 4876; x_wconf 89' lang='lat' dir='ltr'><strong>dicamus</strong></span> <span class='ocrx_word' id='word_1_741' title='bbox 1951 4834 2063 4889; x_wconf 87' lang='lat' dir='ltr'><strong>quo</strong></span> 
     </span>
    </p>
   </div>
   <div class='ocr_carea' id='block_1_95' title="bbox 402 4909 2059 4993">
    <p class='ocr_par' dir='ltr' id='par_1_95' title="bbox 402 4909 2059 4993">
     <span class='ocr_line' id='line_1_95' title="bbox 402 4909 2059 4993; baseline -0.007 -18"><span class='ocrx_word' id='word_1_742' title='bbox 402 4912 413 4927; x_wconf 89' lang='grc'><strong><em>“</em></strong></span> <span class='ocrx_word' id='word_1_743' title='bbox 480 4930 644 4993; x_wconf 89' lang='lat' dir='ltr'><strong>pacto</strong></span> <span class='ocrx_word' id='word_1_744' title='bbox 676 4933 900 4975; x_wconf 88' lang='lat' dir='ltr'><strong>sensum</strong></span> <span class='ocrx_word' id='word_1_745' title='bbox 932 4917 1130 4972; x_wconf 86' lang='lat' dir='ltr'><strong>borum</strong></span> <span class='ocrx_word' id='word_1_746' title='bbox 1153 4913 1446 4969; x_wconf 90' lang='lat' dir='ltr'><strong>verborum</strong></span> <span class='ocrx_word' id='word_1_747' title='bbox 1477 4926 1858 4983; x_wconf 83' lang='lat' dir='ltr'><strong>assequamur.</strong></span> <span class='ocrx_word' id='word_1_748' title='bbox 1900 4909 2059 4965; x_wconf 73' lang='lat' dir='ltr'><strong>Vide~</strong></span> 
     </span>
    </p>
   </div>
   <div class='ocr_carea' id='block_1_96' title="bbox 479 5002 2061 5075">
    <p class='ocr_par' dir='ltr' id='par_1_96' title="bbox 479 5002 2061 5075">
     <span class='ocr_line' id='line_1_96' title="bbox 479 5002 2061 5075; baseline -0.009 -8"><span class='ocrx_word' id='word_1_749' title='bbox 479 5022 576 5067; x_wconf 89' lang='lat' dir='ltr'><strong>tur</strong></span> <span class='ocrx_word' id='word_1_750' title='bbox 619 5011 885 5067; x_wconf 86' lang='lat' dir='ltr'><strong>Dominus</strong></span> <span class='ocrx_word' id='word_1_751' title='bbox 919 5018 1109 5064; x_wconf 80' lang='lat' dir='ltr'><strong>noster</strong></span> <span class='ocrx_word' id='word_1_752' title='bbox 1148 5004 1311 5062; x_wconf 86' lang='lat' dir='ltr'><strong>Jesus</strong></span> <span class='ocrx_word' id='word_1_753' title='bbox 1351 5004 1612 5061; x_wconf 86' lang='lat' dir='ltr'><strong>Christus</strong></span> <span class='ocrx_word' id='word_1_754' title='bbox 1651 5013 1842 5075; x_wconf 71' lang='lat' dir='ltr'><strong>typum</strong></span> <span class='ocrx_word' id='word_1_755' title='bbox 1889 5002 2061 5057; x_wconf 90' lang='lat' dir='ltr'><strong>veluti</strong></span> 
     </span>
    </p>
   </div>
   <div class='ocr_carea' id='block_1_97' title="bbox 482 5094 2062 5173">
    <p class='ocr_par' dir='ltr' id='par_1_97' title="bbox 482 5094 2062 5173">
     <span class='ocr_line' id='line_1_97' title="bbox 482 5094 2062 5173; baseline -0.006 -17"><span class='ocrx_word' id='word_1_756' title='bbox 482 5102 776 5173; x_wconf 86' lang='lat' dir='ltr'><strong>quemdam</strong></span> <span class='ocrx_word' id='word_1_757' title='bbox 804 5109 863 5156; x_wconf 87' lang='lat' dir='ltr'><strong>et</strong></span> <span class='ocrx_word' id='word_1_758' title='bbox 905 5106 1113 5155; x_wconf 71' lang='lat' dir='ltr'><strong>sanctae</strong></span> <span class='ocrx_word' id='word_1_759' title='bbox 1142 5097 1584 5153; x_wconf 83' lang='lat' dir='ltr'><strong>conversationis</strong></span> <span class='ocrx_word' id='word_1_760' title='bbox 1623 5094 1933 5163; x_wconf 79' lang='lat' dir='ltr'><strong>exemplum</strong></span> <span class='ocrx_word' id='word_1_761' title='bbox 1977 5108 2062 5148; x_wconf 54' lang='lat' dir='ltr'><strong>se.</strong></span> 
     </span>
    </p>
   </div>
   <div class='ocr_carea' id='block_1_98' title="bbox 485 5184 2064 5265">
    <p class='ocr_par' dir='ltr' id='par_1_98' title="bbox 485 5184 2064 5265">
     <span class='ocr_line' id='line_1_98' title="bbox 485 5184 2064 5265; baseline -0.006 -16"><span class='ocrx_word' id='word_1_762' title='bbox 485 5195 668 5265; x_wconf 88' lang='lat' dir='ltr'><strong>ipsum</strong></span> <span class='ocrx_word' id='word_1_763' title='bbox 708 5192 877 5248; x_wconf 91' lang='lat' dir='ltr'><strong>nobis</strong></span> <span class='ocrx_word' id='word_1_764' title='bbox 924 5204 1271 5261; x_wconf 87' lang='lat' dir='ltr'><strong>proponere,</strong></span> <span class='ocrx_word' id='word_1_765' title='bbox 1305 5189 1543 5244; x_wconf 78' lang='lat' dir='ltr'><strong>maxime</strong></span> <span class='ocrx_word' id='word_1_766' title='bbox 1590 5201 1717 5240; x_wconf 89' lang='lat' dir='ltr'><strong>cum</strong></span> <span class='ocrx_word' id='word_1_767' title='bbox 1760 5184 1926 5239; x_wconf 77' lang='lat' dir='ltr'><strong>fuerit</strong></span> <span class='ocrx_word' id='word_1_768' title='bbox 1960 5185 2064 5239; x_wconf 86' lang='lat' dir='ltr'><strong>sub</strong></span> 
     </span>
    </p>
   </div>
   <div class='ocr_carea' id='block_1_99' title="bbox 486 5281 2066 5360">
    <p class='ocr_par' dir='ltr' id='par_1_99' title="bbox 486 5281 2066 5360">
     <span class='ocr_line' id='line_1_99' title="bbox 486 5281 2066 5360; baseline -0.006 -17"><span class='ocrx_word' id='word_1_769' title='bbox 486 5288 635 5360; x_wconf 84' lang='lat' dir='ltr'><strong>lege,</strong></span> <span class='ocrx_word' id='word_1_770' title='bbox 666 5296 723 5342; x_wconf 89' lang='lat' dir='ltr'><strong>et</strong></span> <span class='ocrx_word' id='word_1_771' title='bbox 754 5292 958 5341; x_wconf 56' lang='lat' dir='ltr'><strong>nostra:</strong></span> <span class='ocrx_word' id='word_1_772' title='bbox 987 5284 1328 5355; x_wconf 85' lang='lat' dir='ltr'><strong>paupertatis</strong></span> <span class='ocrx_word' id='word_1_773' title='bbox 1359 5281 1734 5337; x_wconf 89' lang='lat' dir='ltr'><strong>conditionem</strong></span> <span class='ocrx_word' id='word_1_774' title='bbox 1780 5291 2066 5333; x_wconf 81' lang='lat' dir='ltr'><strong>assumere</strong></span> 
     </span>
    </p>
   </div>
   <div class='ocr_carea' id='block_1_100' title="bbox 485 5368 2064 5448">
    <p class='ocr_par' dir='ltr' id='par_1_100' title="bbox 485 5368 2064 5448">
     <span class='ocr_line' id='line_1_100' title="bbox 485 5368 2064 5448; baseline -0.008 -13"><span class='ocrx_word' id='word_1_775' title='bbox 485 5395 597 5435; x_wconf 88' lang='lat' dir='ltr'><strong>non</strong></span> <span class='ocrx_word' id='word_1_776' title='bbox 632 5378 964 5448; x_wconf 88' lang='lat' dir='ltr'><strong>dedignatus</strong></span> <span class='ocrx_word' id='word_1_777' title='bbox 994 5377 1090 5443; x_wconf 89' lang='lat' dir='ltr'><strong>sit,</strong></span> <span class='ocrx_word' id='word_1_778' title='bbox 1126 5385 1187 5431; x_wconf 91' lang='lat' dir='ltr'><strong>ut</strong></span> <span class='ocrx_word' id='word_1_779' title='bbox 1226 5374 1394 5447; x_wconf 70' lang='grc'><strong>882</strong></span> <span class='ocrx_word' id='word_1_780' title='bbox 1430 5371 1639 5426; x_wconf 85' lang='lat' dir='ltr'><strong>nostris</strong></span> <span class='ocrx_word' id='word_1_781' title='bbox 1668 5368 1921 5425; x_wconf 85' lang='lat' dir='ltr'><strong>moribus</strong></span> <span class='ocrx_word' id='word_1_782' title='bbox 1949 5370 2064 5425; x_wconf 88' lang='lat' dir='ltr'><strong>sin-</strong></span> 
     </span>
    </p>
   </div>
   <div class='ocr_carea' id='block_1_101' title="bbox 486 5462 2066 5540">
    <p class='ocr_par' dir='ltr' id='par_1_101' title="bbox 486 5462 2066 5540">
     <span class='ocr_line' id='line_1_101' title="bbox 486 5462 2066 5540; baseline -0.005 -16"><span class='ocrx_word' id='word_1_783' title='bbox 486 5469 664 5540; x_wconf 85' lang='lat' dir='ltr'><strong>gulari</strong></span> <span class='ocrx_word' id='word_1_784' title='bbox 686 5466 922 5523; x_wconf 87' lang='lat' dir='ltr'><strong>consilio</strong></span> <span class='ocrx_word' id='word_1_785' title='bbox 949 5467 1352 5530; x_wconf 84' lang='lat' dir='ltr'><strong>conlormatus,</strong></span> <span class='ocrx_word' id='word_1_786' title='bbox 1388 5464 1506 5520; x_wconf 77' lang='lat' dir='ltr'><strong>suis</strong></span> <span class='ocrx_word' id='word_1_787' title='bbox 1535 5462 1790 5532; x_wconf 79' lang='lat' dir='ltr'><strong>exemplo</strong></span> <span class='ocrx_word' id='word_1_788' title='bbox 1819 5475 1923 5517; x_wconf 88' lang='lat' dir='ltr'><strong>suo</strong></span> <span class='ocrx_word' id='word_1_789' title='bbox 1956 5462 2066 5517; x_wconf 78' lang='lat' dir='ltr'><strong>dux</strong></span> 
     </span>
    </p>
   </div>
   <div class='ocr_carea' id='block_1_102' title="bbox 487 5553 2066 5622">
    <p class='ocr_par' dir='ltr' id='par_1_102' title="bbox 487 5553 2066 5622">
     <span class='ocr_line' id='line_1_102' title="bbox 487 5553 2066 5622; baseline -0.006 -7"><span class='ocrx_word' id='word_1_790' title='bbox 487 5568 545 5615; x_wconf 86' lang='lat' dir='ltr'><strong>et</strong></span> <span class='ocrx_word' id='word_1_791' title='bbox 588 5565 797 5614; x_wconf 65' lang='lat' dir='ltr'><strong>auctos</strong></span> <span class='ocrx_word' id='word_1_792' title='bbox 834 5567 986 5614; x_wconf 85' lang='lat' dir='ltr'><strong>esset</strong></span> <span class='ocrx_word' id='word_1_793' title='bbox 1028 5558 1267 5615; x_wconf 60' lang='lat' dir='ltr'><strong>inscii-aa</strong></span> <span class='ocrx_word' id='word_1_794' title='bbox 1296 5564 1354 5611; x_wconf 93' lang='lat' dir='ltr'><strong>et</strong></span> <span class='ocrx_word' id='word_1_795' title='bbox 1388 5554 1549 5610; x_wconf 88' lang='lat' dir='ltr'><strong>nobis</strong></span> <span class='ocrx_word' id='word_1_796' title='bbox 1583 5553 1880 5609; x_wconf 66' lang='lat' dir='ltr'><strong>inaccessae</strong></span> <span class='ocrx_word' id='word_1_797' title='bbox 1906 5567 2066 5622; x_wconf 87' lang='lat' dir='ltr'><strong>pror-</strong></span> 
     </span>
    </p>
   </div>
   <div class='ocr_carea' id='block_1_103' title="bbox 490 5642 2064 5716">
    <p class='ocr_par' dir='ltr' id='par_1_103' title="bbox 490 5642 2064 5716">
     <span class='ocr_line' id='line_1_103' title="bbox 490 5642 2064 5716; baseline -0.004 -10"><span class='ocrx_word' id='word_1_798' title='bbox 490 5664 587 5706; x_wconf 85' lang='lat' dir='ltr'><strong>sus</strong></span> <span class='ocrx_word' id='word_1_799' title='bbox 625 5648 1084 5707; x_wconf 79' lang='lat' dir='ltr'><strong>conversationis.</strong></span> <span class='ocrx_word' id='word_1_800' title='bbox 1120 5646 1356 5701; x_wconf 87' lang='lat' dir='ltr'><strong>Ubinam</strong></span> <span class='ocrx_word' id='word_1_801' title='bbox 1400 5659 1532 5716; x_wconf 89' lang='lat' dir='ltr'><strong>ergo</strong></span> <span class='ocrx_word' id='word_1_802' title='bbox 1566 5652 1660 5699; x_wconf 88' lang='lat' dir='ltr'><strong>aut</strong></span> <span class='ocrx_word' id='word_1_803' title='bbox 1687 5645 1850 5715; x_wconf 83' lang='lat' dir='ltr'><strong>quale</strong></span> <span class='ocrx_word' id='word_1_804' title='bbox 1883 5642 2064 5700; x_wconf 86' lang='lat' dir='ltr'><strong>Patris</strong></span> 
     </span>
    </p>
   </div>
   <div class='ocr_carea' id='block_1_104' title="bbox 2157 4636 3759 4711">
    <p class='ocr_par' dir='ltr' id='par_1_104' title="bbox 2157 4636 3759 4711">
     <span class='ocr_line' id='line_1_104' title="bbox 2157 4636 3759 4711; baseline 0.001 -19"><span class='ocrx_word' id='word_1_805' title='bbox 2157 4638 2475 4710; x_wconf 72' lang='grc' dir='ltr'>ἠγαπῆσθαι</span> <span class='ocrx_word' id='word_1_806' title='bbox 2506 4636 2656 4710; x_wconf 81' lang='grc' dir='ltr'>παρὰ</span> <span class='ocrx_word' id='word_1_807' title='bbox 2696 4637 2790 4690; x_wconf 78' lang='grc' dir='ltr'><strong>τοῦ</strong></span> <span class='ocrx_word' id='word_1_808' title='bbox 2826 4637 3054 4708; x_wconf 79' lang='grc' dir='ltr'>Πατρὺς,</span> <span class='ocrx_word' id='word_1_809' title='bbox 3090 4636 3153 4690; x_wconf 75' lang='grc' dir='ltr'>τὸ</span> <span class='ocrx_word' id='word_1_810' title='bbox 3185 4640 3447 4711; x_wconf 83' lang='grc' dir='ltr'>τηρῆσαι</span> <span class='ocrx_word' id='word_1_811' title='bbox 3494 4642 3596 4703; x_wconf 81' lang='grc' dir='ltr'>τὰς</span> <span class='ocrx_word' id='word_1_812' title='bbox 3625 4643 3759 4694; x_wconf 81' lang='grc' dir='ltr'>ἐντο-</span> 
     </span>
    </p>
   </div>
   <div class='ocr_carea' id='block_1_105' title="bbox 2158 4730 3761 4802">
    <p class='ocr_par' dir='ltr' id='par_1_105' title="bbox 2158 4730 3761 4802">
     <span class='ocr_line' id='line_1_105' title="bbox 2158 4730 3761 4802; baseline -0.004 -14"><span class='ocrx_word' id='word_1_813' title='bbox 2158 4734 2256 4798; x_wconf 77' lang='grc' dir='ltr'>λὰς</span> <span class='ocrx_word' id='word_1_814' title='bbox 2296 4732 2483 4798; x_wconf 83' lang='grc' dir='ltr'>αὐτοῦ,</span> <span class='ocrx_word' id='word_1_815' title='bbox 2514 4734 2610 4786; x_wconf 71' lang='grc' dir='ltr'><strong>καὶ</strong></span> <span class='ocrx_word' id='word_1_816' title='bbox 2656 4733 2786 4802; x_wconf 76' lang='grc' dir='ltr'>ἡμῖν</span> <span class='ocrx_word' id='word_1_817' title='bbox 2814 4730 2872 4784; x_wconf 79' lang='grc' dir='ltr'>δὲ</span> <span class='ocrx_word' id='word_1_818' title='bbox 2918 4731 3103 4793; x_wconf 81' lang='grc' dir='ltr'>αὐτοῖς</span> <span class='ocrx_word' id='word_1_819' title='bbox 3150 4730 3326 4789; x_wconf 80' lang='grc' dir='ltr'>τοῦτο</span> <span class='ocrx_word' id='word_1_820' title='bbox 3371 4731 3761 4795; x_wconf 83' lang='grc' dir='ltr'>διακελεύεται,</span> 
     </span>
    </p>
   </div>
   <div class='ocr_carea' id='block_1_106' title="bbox 2159 4823 3766 4898">
    <p class='ocr_par' dir='ltr' id='par_1_106' title="bbox 2159 4823 3766 4898">
     <span class='ocr_line' id='line_1_106' title="bbox 2159 4823 3766 4898; baseline -0.002 -18"><span class='ocrx_word' id='word_1_821' title='bbox 2159 4825 2433 4897; x_wconf 82' lang='grc' dir='ltr'>διαμένειν</span> <span class='ocrx_word' id='word_1_822' title='bbox 2456 4842 2516 4878; x_wconf 87' lang='grc' dir='ltr'><strong>τε</strong></span> <span class='ocrx_word' id='word_1_823' title='bbox 2540 4823 2701 4885; x_wconf 76' lang='grc' dir='ltr'>οὕτω,</span> <span class='ocrx_word' id='word_1_824' title='bbox 2740 4823 2926 4894; x_wconf 75' lang='grc' dir='ltr'>φησὶν,</span> <span class='ocrx_word' id='word_1_825' title='bbox 2960 4825 3017 4877; x_wconf 71' lang='grc' dir='ltr'>ὲν</span> <span class='ocrx_word' id='word_1_826' title='bbox 3060 4826 3125 4894; x_wconf 75' lang='grc' dir='ltr'>τῇ</span> <span class='ocrx_word' id='word_1_827' title='bbox 3155 4825 3366 4898; x_wconf 80' lang='grc' dir='ltr'>ἀγάπῃ</span> <span class='ocrx_word' id='word_1_828' title='bbox 3403 4827 3599 4881; x_wconf 76' lang='grc' dir='ltr'>αὐτοῦ.</span> <span class='ocrx_word' id='word_1_829' title='bbox 3642 4823 3766 4880; x_wconf 86' lang='grc' dir='ltr'>Συλ-</span> 
     </span>
    </p>
   </div>
   <div class='ocr_carea' id='block_1_107' title="bbox 2160 4909 3768 4988">
    <p class='ocr_par' dir='ltr' id='par_1_107' title="bbox 2160 4909 3768 4988">
     <span class='ocr_line' id='line_1_107' title="bbox 2160 4909 3768 4988; baseline -0.001 -18"><span class='ocrx_word' id='word_1_830' title='bbox 2160 4916 2360 4988; x_wconf 76' lang='grc' dir='ltr'>λήδδην</span> <span class='ocrx_word' id='word_1_831' title='bbox 2389 4916 2512 4969; x_wconf 82' lang='grc' dir='ltr'>ὅσον</span> <span class='ocrx_word' id='word_1_832' title='bbox 2544 4914 2643 4985; x_wconf 83' lang='grc' dir='ltr'><strong>μὲν</strong></span> <span class='ocrx_word' id='word_1_833' title='bbox 2673 4909 2768 4966; x_wconf 82' lang='grc' dir='ltr'><strong>οὖν</strong></span> <span class='ocrx_word' id='word_1_834' title='bbox 2800 4914 2946 4967; x_wconf 70' lang='grc' dir='ltr'>ἐστιν</span> <span class='ocrx_word' id='word_1_835' title='bbox 2976 4914 3167 4981; x_wconf 87' lang='grc' dir='ltr'>είπεῖν,</span> <span class='ocrx_word' id='word_1_836' title='bbox 3193 4918 3300 4970; x_wconf 79' lang='grc' dir='ltr'>καὶ</span> <span class='ocrx_word' id='word_1_837' title='bbox 3341 4917 3417 4971; x_wconf 86' lang='grc' dir='ltr'>τὰ</span> <span class='ocrx_word' id='word_1_838' title='bbox 3449 4922 3511 4974; x_wconf 79' lang='grc' dir='ltr'>ὲν</span> <span class='ocrx_word' id='word_1_839' title='bbox 3539 4917 3618 4987; x_wconf 81' lang='grc' dir='ltr'><strong>τῷ</strong></span> <span class='ocrx_word' id='word_1_840' title='bbox 3648 4930 3768 4986; x_wconf 83' lang='grc' dir='ltr'>προ-</span> 
     </span>
    </p>
   </div>
   <div class='ocr_carea' id='block_1_108' title="bbox 2164 5001 3769 5081">
    <p class='ocr_par' dir='ltr' id='par_1_108' title="bbox 2164 5001 3769 5081">
     <span class='ocr_line' id='line_1_108' title="bbox 2164 5001 3769 5081; baseline 0 -24"><span class='ocrx_word' id='word_1_841' title='bbox 2164 5004 2404 5076; x_wconf 76' lang='grc' dir='ltr'>κειμένῳ</span> <span class='ocrx_word' id='word_1_842' title='bbox 2433 5004 2775 5069; x_wconf 80' lang='grc' dir='ltr'>συνενεγκεῖν</span> <span class='ocrx_word' id='word_1_843' title='bbox 2801 5001 3034 5074; x_wconf 83' lang='grc' dir='ltr'>ἀθρόως,</span> <span class='ocrx_word' id='word_1_844' title='bbox 3063 5004 3120 5056; x_wconf 78' lang='grc' dir='ltr'><strong>ἐν</strong></span> <span class='ocrx_word' id='word_1_845' title='bbox 3158 5004 3391 5071; x_wconf 86' lang='grc' dir='ltr'>τούτοις</span> <span class='ocrx_word' id='word_1_846' title='bbox 3421 5003 3483 5060; x_wconf 80' lang='grc' dir='ltr'>εὖ</span> <span class='ocrx_word' id='word_1_847' title='bbox 3525 5006 3671 5081; x_wconf 75' lang='grc' dir='ltr'>μάλα</span> <span class='ocrx_word' id='word_1_848' title='bbox 3691 5005 3769 5057; x_wconf 83' lang='grc' dir='ltr'>δε·</span> 
     </span>
    </p>
   </div>
   <div class='ocr_carea' id='block_1_109' title="bbox 2163 5089 3768 5168">
    <p class='ocr_par' dir='ltr' id='par_1_109' title="bbox 2163 5089 3768 5168">
     <span class='ocr_line' id='line_1_109' title="bbox 2163 5089 3768 5168; baseline -0.002 -18"><span class='ocrx_word' id='word_1_849' title='bbox 2163 5095 2509 5168; x_wconf 85' lang='grc' dir='ltr'>δηλώκαμεν.</span> <span class='ocrx_word' id='word_1_850' title='bbox 2547 5092 2765 5164; x_wconf 83' lang='grc' dir='ltr'>Ἐπειδὴ</span> <span class='ocrx_word' id='word_1_851' title='bbox 2816 5092 2873 5146; x_wconf 83' lang='grc' dir='ltr'>δὲ</span> <span class='ocrx_word' id='word_1_852' title='bbox 2916 5089 3071 5164; x_wconf 68' lang='grc' dir='ltr'>οἶμαι</span> <span class='ocrx_word' id='word_1_853' title='bbox 3131 5094 3251 5151; x_wconf 87' lang='grc' dir='ltr'>δεῖν</span> <span class='ocrx_word' id='word_1_854' title='bbox 3304 5097 3373 5151; x_wconf 73' lang='grc' dir='ltr'>τὸ</span> <span class='ocrx_word' id='word_1_855' title='bbox 3421 5097 3620 5154; x_wconf 79' lang='grc' dir='ltr'>δοκοῦν</span> <span class='ocrx_word' id='word_1_856' title='bbox 3668 5093 3768 5147; x_wconf 76' lang='grc' dir='ltr'>ἔσθ’</span> 
     </span>
    </p>
   </div>
   <div class='ocr_carea' id='block_1_110' title="bbox 2165 5183 3771 5259">
    <p class='ocr_par' dir='ltr' id='par_1_110' title="bbox 2165 5183 3771 5259">
     <span class='ocr_line' id='line_1_110' title="bbox 2165 5183 3771 5259; baseline 0 -19"><span class='ocrx_word' id='word_1_857' title='bbox 2165 5190 2255 5240; x_wconf 76' lang='grc' dir='ltr'>ὅτε</span> <span class='ocrx_word' id='word_1_858' title='bbox 2298 5184 2623 5259; x_wconf 77' lang='grc' dir='ltr'>θορυϐήσειν</span> <span class='ocrx_word' id='word_1_859' title='bbox 2655 5185 2715 5236; x_wconf 77' lang='grc' dir='ltr'><strong>οὐ</strong></span> <span class='ocrx_word' id='word_1_860' title='bbox 2750 5183 2963 5256; x_wconf 83' lang='grc' dir='ltr'>μικρῶς</span> <span class='ocrx_word' id='word_1_861' title='bbox 3008 5184 3119 5238; x_wconf 88' lang='grc' dir='ltr'><strong>τῶν</strong></span> <span class='ocrx_word' id='word_1_862' title='bbox 3162 5185 3471 5257; x_wconf 85' lang='grc' dir='ltr'>ἀκεραίων</span> <span class='ocrx_word' id='word_1_863' title='bbox 3524 5190 3620 5243; x_wconf 86' lang='grc' dir='ltr'><strong>τὸν</strong></span> <span class='ocrx_word' id='word_1_864' title='bbox 3658 5186 3771 5242; x_wconf 80' lang='grc' dir='ltr'>νοῦν</span> 
     </span>
    </p>
   </div>
   <div class='ocr_carea' id='block_1_111' title="bbox 2167 5275 3770 5352">
    <p class='ocr_par' dir='ltr' id='par_1_111' title="bbox 2167 5275 3770 5352">
     <span class='ocr_line' id='line_1_111' title="bbox 2167 5275 3770 5352; baseline 0 -22"><span class='ocrx_word' id='word_1_865' title='bbox 2167 5276 2665 5347; x_wconf 80' lang='grc' dir='ltr'>κατεξευμαρίσαι,</span> <span class='ocrx_word' id='word_1_866' title='bbox 2714 5275 2876 5331; x_wconf 78' lang='grc' dir='ltr'>πάλιν</span> <span class='ocrx_word' id='word_1_867' title='bbox 2926 5276 3057 5349; x_wconf 76' lang='grc' dir='ltr'>φέρε</span> <span class='ocrx_word' id='word_1_868' title='bbox 3094 5277 3156 5348; x_wconf 80' lang='grc' dir='ltr'>δὴ</span> <span class='ocrx_word' id='word_1_869' title='bbox 3204 5279 3496 5352; x_wconf 76' lang='grc' dir='ltr'>λέγωμεν,</span> <span class='ocrx_word' id='word_1_870' title='bbox 3541 5284 3687 5345; x_wconf 80' lang='grc' dir='ltr'>ὅπως</span> <span class='ocrx_word' id='word_1_871' title='bbox 3718 5294 3770 5331; x_wconf 85' lang='grc' dir='ltr'><strong>τε</strong></span> 
     </span>
    </p>
   </div>
   <div class='ocr_carea' id='block_1_112' title="bbox 2172 5368 3770 5444">
    <p class='ocr_par' dir='ltr' id='par_1_112' title="bbox 2172 5368 3770 5444">
     <span class='ocr_line' id='line_1_112' title="bbox 2172 5368 3770 5444; baseline 0.001 -20"><span class='ocrx_word' id='word_1_872' title='bbox 2172 5369 2267 5424; x_wconf 73' lang='grc' dir='ltr'>καὶ</span> <span class='ocrx_word' id='word_1_873' title='bbox 2296 5368 2419 5423; x_wconf 87' lang='grc' dir='ltr'>τίνα</span> <span class='ocrx_word' id='word_1_874' title='bbox 2450 5368 2651 5438; x_wconf 83' lang='grc' dir='ltr'>τρόπον</span> <span class='ocrx_word' id='word_1_875' title='bbox 2685 5368 2776 5421; x_wconf 80' lang='grc' dir='ltr'><strong>τὸν</strong></span> <span class='ocrx_word' id='word_1_876' title='bbox 2828 5370 2886 5421; x_wconf 80' lang='grc' dir='ltr'>ὲν</span> <span class='ocrx_word' id='word_1_877' title='bbox 2934 5371 3045 5433; x_wconf 86' lang='grc' dir='ltr'>τοῖς</span> <span class='ocrx_word' id='word_1_878' title='bbox 3084 5374 3500 5443; x_wconf 79' lang='grc' dir='ltr'>προκειμένοις</span> <span class='ocrx_word' id='word_1_879' title='bbox 3549 5371 3770 5444; x_wconf 80' lang='grc' dir='ltr'>ὲκληψό-</span> 
     </span>
    </p>
   </div>
   <div class='ocr_carea' id='block_1_113' title="bbox 2175 5456 3771 5535">
    <p class='ocr_par' dir='ltr' id='par_1_113' title="bbox 2175 5456 3771 5535">
     <span class='ocr_line' id='line_1_113' title="bbox 2175 5456 3771 5535; baseline 0.001 -24"><span class='ocrx_word' id='word_1_880' title='bbox 2175 5456 2316 5528; x_wconf 82' lang='grc' dir='ltr'>μεθα</span> <span class='ocrx_word' id='word_1_881' title='bbox 2342 5457 2485 5515; x_wconf 82' lang='grc' dir='ltr'>νοῦν.</span> <span class='ocrx_word' id='word_1_882' title='bbox 2515 5458 2770 5512; x_wconf 79' lang='grc' dir='ltr'>Φαίνεται</span> <span class='ocrx_word' id='word_1_883' title='bbox 2814 5456 2992 5513; x_wconf 79' lang='grc' dir='ltr'>τοίνυν</span> <span class='ocrx_word' id='word_1_884' title='bbox 3042 5460 3071 5511; x_wconf 86' lang='grc' dir='ltr'><strong>ό</strong></span> <span class='ocrx_word' id='word_1_885' title='bbox 3111 5457 3336 5530; x_wconf 78' lang='grc' dir='ltr'>Κύριος</span> <span class='ocrx_word' id='word_1_886' title='bbox 3372 5465 3539 5535; x_wconf 77' lang='grc' dir='ltr'>ἡμῶν</span> <span class='ocrx_word' id='word_1_887' title='bbox 3577 5460 3771 5533; x_wconf 82' lang='grc' dir='ltr'>Ἰησοῦς</span> 
     </span>
    </p>
   </div>
   <div class='ocr_carea' id='block_1_114' title="bbox 2169 5546 3769 5624">
    <p class='ocr_par' dir='ltr' id='par_1_114' title="bbox 2169 5546 3769 5624">
     <span class='ocr_line' id='line_1_114' title="bbox 2169 5546 3769 5624; baseline 0.003 -22"><span class='ocrx_word' id='word_1_888' title='bbox 2169 5552 2199 5602; x_wconf 84' lang='grc' dir='ltr'>ὁ</span> <span class='ocrx_word' id='word_1_889' title='bbox 2228 5548 2484 5620; x_wconf 72' lang='grc' dir='ltr'>Χριστὸς,</span> <span class='ocrx_word' id='word_1_890' title='bbox 2507 5546 2677 5601; x_wconf 83' lang='grc' dir='ltr'>τύπον</span> <span class='ocrx_word' id='word_1_891' title='bbox 2703 5546 2890 5618; x_wconf 83' lang='grc' dir='ltr'>ὥσπερ</span> <span class='ocrx_word' id='word_1_892' title='bbox 2926 5547 3067 5609; x_wconf 86' lang='grc' dir='ltr'>τινὰ,</span> <span class='ocrx_word' id='word_1_893' title='bbox 3115 5551 3217 5603; x_wconf 80' lang='grc' dir='ltr'><strong>καὶ</strong></span> <span class='ocrx_word' id='word_1_894' title='bbox 3265 5553 3374 5621; x_wconf 80' lang='grc' dir='ltr'>τῆς</span> <span class='ocrx_word' id='word_1_895' title='bbox 3428 5555 3663 5624; x_wconf 82' lang='grc' dir='ltr'>εὐαγοῦς</span> <span class='ocrx_word' id='word_1_896' title='bbox 3693 5570 3769 5607; x_wconf 86' lang='grc' dir='ltr'>πο·</span> 
     </span>
    </p>
   </div>
   <div class='ocr_carea' id='block_1_115' title="bbox 2168 5636 3773 5715">
    <p class='ocr_par' dir='ltr' id='par_1_115' title="bbox 2168 5636 3773 5715">
     <span class='ocr_line' id='line_1_115' title="bbox 2168 5636 3773 5715; baseline 0.011 -25"><span class='ocrx_word' id='word_1_897' title='bbox 2168 5636 2372 5700; x_wconf 84' lang='grc' dir='ltr'>λιτείας</span> <span class='ocrx_word' id='word_1_898' title='bbox 2399 5637 2763 5707; x_wconf 71' lang='grc' dir='ltr'>ὑπογραμμὸν</span> <span class='ocrx_word' id='word_1_899' title='bbox 2801 5638 2992 5693; x_wconf 75' lang='grc' dir='ltr'>ἑαυτὸν</span> <span class='ocrx_word' id='word_1_900' title='bbox 3032 5639 3170 5710; x_wconf 78' lang='grc' dir='ltr'>ἡμῖν</span> <span class='ocrx_word' id='word_1_901' title='bbox 3219 5645 3536 5715; x_wconf 69' lang='grc' dir='ltr'>παραθεὶς,</span> <span class='ocrx_word' id='word_1_902' title='bbox 3585 5645 3675 5701; x_wconf 69' lang='grc' dir='ltr'>ἅτε</span> <span class='ocrx_word' id='word_1_903' title='bbox 3715 5643 3773 5710; x_wconf 72' lang='grc' dir='ltr'><strong>δὴ</strong></span> 
     </span>
    </p>
   </div>
   <div class='ocr_carea' id='block_1_116' title="bbox 457 5821 2063 5895">
    <p class='ocr_par' dir='ltr' id='par_1_116' title="bbox 457 5821 2014 5895">
     <span class='ocr_line' id='line_1_116' title="bbox 457 5821 2014 5895; baseline -0.001 -15"><span class='ocrx_word' id='word_1_904' title='bbox 457 5880 470 5893; x_wconf 74' lang='grc'><strong>,</strong></span> <span class='ocrx_word' id='word_1_905' title='bbox 562 5828 608 5859; x_wconf 69' lang='grc'><strong>’⁵⁵</strong></span> <span class='ocrx_word' id='word_1_906' title='bbox 651 5825 845 5879; x_wconf 81' lang='lat' dir='ltr'><strong>Matth.</strong></span> <span class='ocrx_word' id='word_1_907' title='bbox 883 5841 943 5891; x_wconf 77' lang='grc' dir='ltr'><strong>ν,</strong></span> <span class='ocrx_word' id='word_1_908' title='bbox 987 5828 1072 5883; x_wconf 80' lang='grc'><strong>17.</strong></span> <span class='ocrx_word' id='word_1_909' title='bbox 1151 5829 1195 5862; x_wconf 63' lang='grc'><strong>⁸⁵</strong></span> <span class='ocrx_word' id='word_1_910' title='bbox 1235 5828 1371 5885; x_wconf 82' lang='lat' dir='ltr'><strong>ibid.</strong></span> <span class='ocrx_word' id='word_1_911' title='bbox 1411 5825 1491 5882; x_wconf 83' lang='lat' dir='ltr'><strong>l8.</strong></span> <span class='ocrx_word' id='word_1_912' title='bbox 1570 5824 1613 5856; x_wconf 60' lang='grc'><strong>⁸⁶</strong></span> <span class='ocrx_word' id='word_1_913' title='bbox 1656 5821 1820 5881; x_wconf 81' lang='lat' dir='ltr'><strong>Hebr.</strong></span> <span class='ocrx_word' id='word_1_914' title='bbox 1872 5840 1923 5895; x_wconf 86' lang='grc'>1,</span> <span class='ocrx_word' id='word_1_915' title='bbox 1967 5825 2014 5879; x_wconf 82' lang='grc' dir='ltr'><strong>Ι.</strong></span> 
     </span>
    </p>
   </div>
   <div class='ocr_carea' id='block_1_117' title="bbox 2167 5821 2601 5895">
    <p class='ocr_par' dir='ltr' id='par_1_117' title="bbox 2176 5821 2601 5889">
     <span class='ocr_line' id='line_1_117' title="bbox 2176 5821 2601 5889; baseline -0.007 -10"><span class='ocrx_word' id='word_1_916' title='bbox 2176 5821 2335 5885; x_wconf 85' lang='lat' dir='ltr'><strong>Joau.</strong></span> <span class='ocrx_word' id='word_1_917' title='bbox 2369 5839 2445 5889; x_wconf 76' lang='lat' dir='ltr'><strong>vr,</strong></span> <span class='ocrx_word' id='word_1_918' title='bbox 2510 5821 2601 5877; x_wconf 67' lang='grc'><strong>45.</strong></span> 
     </span>
    </p>
   </div>
  </div>
