3938 6434
274 346 389 408 375

1338 350 1402 412 ΙΝ
1441 348 1725 411 JOANNIS
1778 348 2227 413 EVANGELIUM
2268 353 2395 412 LIB.
2437 353 2505 413 Χ.

3452 349 3561 407 574

262 462 366 517 καὶ
402 455 491 516 διὰ
519 455 677 519 τοῦτο
698 458 934 534 γεγονὼς
964 460 1068 520 ὑπὸ
1113 462 1296 538 νόμον,
1340 463 1436 522 καὶ
1458 471 1554 540 τῆς
1584 462 1857 540 ἡμετέρας

1964 465 2278 526 mandatum
2314 467 2639 537 servaverit,
2681 478 2776 526 aut
2804 468 2970 526 etiam
3009 467 3283 540 quomodo
3328 467 3396 522 ab
3436 467 3559 538 ipso

261 556 550 628 πτωχείας
580 557 682 611 οὑκ
725 556 1046 625 ἀπαξιώσας
1087 559 1148 614 τὸ
1189 560 1387 633 μέτρον
1427 559 1588 626 ἑλεῖν,
1636 560 1722 615 ἴνα
1756 562 1867 624 τοῖς

264 648 566 720 ἡμετέροις
615 648 795 707 ἔθεσιν
839 652 1200 725 οἰκονομικῶς
1247 652 1865 724 συναναπλαττόμενος.

260 738 469 810 ὁδηγδς
513 740 739 815 εὑρεθῇ,
769 744 1021 815 καθάπερ
1052 746 1109 798 ὲν
1144 745 1550 817 παραδείγμασι
1594 747 1704 808 τοῖς
1746 726 1867 809 καθ’

260 830 500 896 ἑαυτὸν,
559 833 698 905 πρὸς
740 833 1008 904 ἀνάληψιν
1064 835 1377 900 πολιτείας,
1435 832 1529 889 καὶ
1580 834 1726 906 ζωῆς
1766 833 1868 904 τῆς

256 923 478 995 ἀήθους
510 927 644 997 ἡμῖν
674 926 768 980 καί⁵
797 926 1058 991 άστιῦοῦς
1087 926 1386 991 παντελῶς.
1416 926 1523 981 Ποῦ
1551 924 1864 998 τοιγαροῦν,

258 1012 299 1084 ἢ
339 1014 502 1069 ποίαν
548 1014 643 1077 τοῦ
687 1015 899 1087 Πατρὸς
938 1020 1241 1088 τετήρηκεν
1286 1013 1581 1086 ὲντολὴν,ἢ
1613 1013 1706 1067 καὶ
1745 1012 1866 1066 τίνα

268 1105 475 1176 τρόπον
518 1107 837 1179 ὴγαπῆσθαι
874 1107 1128 1177 λέγεσθαι
1158 1106 1269 1179 [ῑσ.
1301 1104 1548 1178 λέγεται]
1592 1106 1722 1177 παρ’
1763 1104 1864 1159 αὑ·-

258 1196 389 1262 τοῦ,
418 1196 704 1269 ζητητέον.
731 1199 999 1271 Παρέστω
1019 1198 1307 1270 τοιγαροῦν
1329 1197 1542 1263 Παῦλος
1563 1200 1591 1253 ὁ
1616 1197 1861 1268 σοφώτα-

255 1306 380 1355 τος,
409 1291 507 1344 καὶ
547 1292 976 1362 μυπαγωγείτω
1016 1291 1191 1361 λέγων
1234 1291 1362 1363 περί
1387 1289 1575 1356 αὑτοῦ,
1610 1290 1687 1355 ὡς
1713 1308 1732 1343 ι
1776 1290 1864 1343 Ἑν

260 1386 461 1454 μορφῇ
510 1383 723 1456 ὑπῆρχε
767 1384 923 1450 Θεοῦ,
970 1383 1085 1438 ἀλλ’
1131 1383 1321 1438 ἑαυτὸν
1371 1382 1606 1437 ὲκένωσε
1650 1381 1863 1454 μορφὴν

254 1473 461 1527 δούλου
497 1473 711 1539 λαϐὼν,
754 1477 811 1528 ὲν
855 1473 1162 1546 ὁμοιώματι
1211 1473 1513 1546 ἀνθρώπων
1548 1473 1861 1545 γενόμενος,

255 1563 367 1615 καὶ
404 1563 648 1635 σχήματι
685 1564 932 1637 εὑρεθεὶς
979 1563 1055 1629 ὡς
1109 1563 1862 1637 ἄνθρωπος.,Τεταπείνωκεν

255 1656 485 1719 ἑαυτὸν,
514 1657 806 1727 γενόμενος
838 1658 1076 1729 ὑπήκοος
1125 1659 1287 1730 μέχρι
1337 1657 1591 1721 Θανάτου,
1625 1656 1859 1711 θανάτου

251 1747 320 1801 δὲ
350 1748 612 1820 σταυροῦ.
647 1749 740 1802 Διὸ
774 1750 867 1804 καὶ
917 1751 946 1803 ὁ
999 1749 1131 1815 Θεὸς
1175 1748 1338 1805 αὑτὸν
1372 1748 1737 1820 ὑπερύψωσε,
1765 1747 1859 1801 καὶ

1970 561 2125 632 diligi
2151 562 2391 628 dicatur,
2434 561 2791 634 quaerendum
2836 560 3005 616 venit.
3046 559 3206 615 Adsit
3243 573 3374 629 ergo
3415 554 3561 611 Pau-

1969 652 2057 708 lus
2091 653 2560 725 sapientissimus,
2595 653 2775 723 deque
2819 668 2886 708 eo
2928 652 3146 715 doceat,
3183 647 3330 720 quod
3367 668 3385 700 ι
3418 642 3555 703 Cum

1968 743 2024 798 in
2065 743 2242 799 forma
2279 745 2374 800 Dei
2407 755 2597 811 esset,
2632 747 2874 817 seipsum
2941 742 3247 800 exinanivit
3270 782 3285 805 ,
3321 739 3556 796 formam

1967 837 2111 892 servi
2140 837 2444 908 accipiens,
2473 839 2528 893 in
2556 836 2977 895 similitudinem
3014 835 3294 890 hominum
3333 831 3514 887 factus
3537 870 3553 894 .

1967 935 2025 982 et
2078 927 2272 984 habitu
2323 932 2584 987 inventus
2625 941 2685 985 ut
2740 930 2929 986 homo.
2985 926 3304 983 llumiliavit
3350 931 3555 980 semet-

1967 1021 2175 1092 ipsum,
2210 1020 2390 1079 l'actus
2424 1022 2690 1079 obediens
2722 1038 2899 1093 usque
2928 1020 2996 1076 ad
3030 1029 3287 1083 mortem.
3322 1025 3552 1072 mortem

1967 1119 2152 1167 autem
2211 1114 2415 1170 crucis.
2478 1113 2710 1185 Propter
2768 1114 2915 1185 quod
2975 1121 3030 1169 et
3084 1110 3230 1167 Deus
3292 1108 3555 1165 exaltavit

1967 1204 2159 1270 illum,
2215 1214 2269 1260 et
2323 1205 2474 1260 dedit
2524 1205 2577 1261 ei
2611 1220 2817 1261 nomen
2858 1204 3008 1276 quod
3052 1214 3137 1260 est
3182 1218 3350 1272 super
3390 1216 3555 1257 omne

1965 1311 2169 1352 nomen
2205 1297 2271 1351 δ’.
2297 1316 2315 1349 ι
2344 1297 2565 1355 Audisti
2598 1313 2708 1369 quo
2735 1306 2917 1368 pacto,
2946 1297 3071 1352 licet
3093 1293 3240 1351 Deus
3265 1310 3427 1349 verus
3459 1308 3552 1348 es-

1966 1398 2071 1455 set,
2096 1397 2288 1461 utpote
2310 1390 2474 1446 etiam
2504 1390 2811 1445 conformis
2833 1387 2984 1443 Patri
3016 1403 3047 1442 a
3073 1402 3183 1458 quo
3204 1386 3419 1456 genitus
3445 1391 3551 1445 est,

1965 1479 2275 1535 humiliavit
2302 1487 2483 1537 tamen
2517 1483 2900 1552 semetipsum,
2937 1478 3120 1534 factus
3155 1475 3418 1531 obediens
3452 1491 3548 1530 us-

1962 1585 2070 1641 que
2096 1570 2166 1625 ad
2200 1579 2432 1627 mortem
2452 1572 2474 1626 ἰ
2494 1570 2629 1627 Nam
2660 1587 2785 1627 cum
2819 1570 2966 1626 Deus
2992 1585 3056 1626 ac
3077 1568 3239 1624 Pater
3262 1583 3425 1624 omne
3452 1583 3548 1639 ge-

1964 1677 2069 1717 nus
2100 1663 2381 1717 hominum
2415 1673 2737 1734 corruptum
2771 1664 2988 1719 salvare
3031 1662 3341 1725 statuisset.
3372 1675 3551 1730 neque

1963 1754 2018 1809 id
2056 1755 2124 1809 ab
2156 1754 2266 1809 ulla
2310 1764 2567 1811 creatura
2610 1755 2724 1811 ﬁeri
2761 1762 2970 1827 posset,
3006 1769 3134 1810 cum
3169 1760 3547 1808 creaturarum

252 1842 563 1915 ἐχαρίσατο
590 1842 740 1913 αὑτῷ
767 1842 959 1915 ὄνομα,
988 1845 1049 1897 τὸ
1079 1844 1222 1915 ὑπὲρ
1259 1844 1367 1897 πᾶν
1401 1842 1592 1913 ὄνομα.
1625 1862 1645 1895 ›
1691 1841 1858 1912 Ἀκή-

1964 1846 2109 1903 vires
2140 1861 2335 1902 omnes
2375 1847 2539 1917 longe
2569 1847 2897 1912 excederet,
2930 1847 3049 1917 ipse
3080 1844 3546 1915 dispensationem

252 1951 399 1999 κοας
431 1936 600 2000 ὅπως,
641 1936 822 1990 καίτοι
868 1935 1003 2001 Θεὸς
1042 1935 1304 2008 ὑπάρχων
1356 1934 1630 2007 ἀληθινὸς,
1667 1934 1763 1988 ἆτε
1795 1933 1861 2005 δὴ

252 2027 360 2080 καὶ
424 2026 750 2099 σὺμμοριρος
797 2026 877 2099 τῷ
930 2028 1144 2084 τεκόντι
1202 2028 1400 2101 Πατρὶ,
1464 2025 1861 2082 τεταπείνωκεν

253 2120 483 2183 ἑαυτὸν,
515 2120 805 2191 γενόμενος
832 2121 1096 2192 ὑπήκοος,
1134 2120 1300 2191 μέχρι
1334 2119 1603 2185 θανάτου;
1644 2117 1863 2189 Ἐπειδὴ

250 2209 374 2279 γάρ
402 2209 668 2262 διασῶσαι
699 2209 760 2262 τὸ
792 2208 1239 2281 κατεφθαρμένον
1270 2208 1365 2262 ἐπὶ
1393 2209 1496 2278 γῆς
1525 2207 1680 2276 γένος
1708 2207 1862 2259 ὲόουο

251 2298 511 2353 λεὺσατοί
544 2302 575 2354 ὁ
617 2299 750 2364 Θεὸς
800 2301 895 2354 καὶ
938 2300 1130 2372 Πατὴρ
1153 2341 1170 2366 ,
1208 2301 1310 2354 οὑκ
1356 2295 1427 2370 ἦν
1473 2299 1530 2352 δὲ
1587 2297 1746 2352 τοῦτο
1780 2295 1869 2351 δι--

253 2388 466 2444 ανῦσαι
496 2389 653 2461 θέμις
678 2392 788 2444 τῶν
818 2392 875 2445 ὲν
922 2390 1133 2461 γενέσει
1158 2391 1284 2454 τινὶ,
1329 2390 1512 2445 πᾶσαν
1539 2389 1731 2463 ὥσπερ
1764 2389 1863 2462 τὴν

252 2482 492 2537 ἐνοῦσαν
526 2487 591 2555 τῇ
633 2483 812 2538 κτίσει
847 2483 1076 2556 δύναμιν
1106 2483 1490 2555 ἁναπηδῶντος
1532 2483 1626 2537 τοῦ
1668 2500 1863 2554 κατορ-

253 2574 540 2645 θώματος,
571 2576 731 2640 αὑτὸς
778 2575 945 2630 ὑπέδυ
996 2577 1095 2647 τὴν
1139 2576 1473 2647 οἰκονομίαν,
1501 2577 1531 2629 ὁ
1575 2574 1863 2645 γινώσκων

252 2669 321 2722 τὸ
365 2667 581 2739 θέλημα
631 2666 726 2722 τοῦ
782 2666 918 2722 Θεοῦ
963 2668 1058 2723 καὶ
1111 2668 1325 2740 Πατρὸς
1370 2668 1504 2734 Θεὸς
1545 2669 1859 2742 μονογενής.

252 2759 499 2828 Κατέση
535 2759 592 2814 δὲ
646 2758 821 2823 οὑτως
872 2761 953 2824 εἰς
1008 2760 1254 2815 ἑκούσιον
1298 2760 1597 2832 ὑποταγὴν,
1645 2760 1719 2822 ὡς
1768 2761 1862 2813 καὶ

257 2852 428 2920 μέχρι
465 2850 699 2906 Θανάτου
731 2850 1054 2906 καθικέσθαι
1108 2851 1207 2906 καὶ
1251 2852 1442 2906 τούτου
1506 2851 1891 2921 άτιμοτάτου...

253 2942 335 2995 Τὸ
375 2942 503 3014 γὰρ
550 2942 884 3016 ἐξηρτῆσθαι
942 2942 1201 3016 σταυροῦ,
1234 2944 1352 3007 πῶς
1399 2943 1465 2998 ἂν
1519 2943 1607 3013 εἴη
1655 2944 1857 3015 τίμιον,

258 3034 470 3105 μᾶλλον
521 3035 578 3088 δὲ
637 3035 756 3100 πῶς
822 3037 921 3107 οὐχ
984 3037 1206 3106 ἀπάσης
1272 3035 1490 3103 ἀδοξίας
1556 3034 1813 3090 ἐπέκεινα
1833 3054 1855 3101 ›;

268 3128 497 3200 Ἐπειδὴ
533 3128 597 3201 δὴ
644 3129 703 3182 δὲ
752 3129 928 3185 ταῦτα
972 3130 1203 3201 ὑπέστη,
1234 3130 1421 3199 φησὶν,
1463 3131 1491 3183 ὁ
1534 3129 1665 3192 Θεὸς
1697 3129 1889 3183 αὑτὸνιι

255 3219 644 3290 ὑπερύψωσεν.
676 3219 886 3274 Οὐκοῦν
918 3220 1084 3292 ἔχεις,
1133 3223 1191 3275 ὲν
1226 3220 1325 3290 μὲν
1369 3223 1434 3291 τῇ
1470 3220 1609 3274 κατὰ
1640 3220 1885 3291 θέλησιν·

259 3296 480 3382 ὑπακοῇ
514 3311 625 3364 τῶν
673 3310 769 3365 τοῦ
812 3312 1025 3382 Πατρὸς
1077 3312 1461 3383 βουλευμάτων
1504 3313 1604 3382 τὴν
1636 3313 1859 3384 πλήρω-

262 3420 381 3459 σιν*
432 3405 471 3460 ἃ
520 3405 614 3459 καὶ
652 3406 711 3459 ὲν
763 3404 918 3472 τάξει
971 3404 1200 3458 ἐντολῶν
1251 3422 1385 3474 φησι
1432 3404 1687 3474 γενέσθαι
1722 3404 1857 3477 πρὸς

257 3497 423 3551 αὑτὸν
476 3498 507 3550 ὀ
552 3497 717 3558 Υἱός,
750 3496 938 3560 Συνείς
983 3497 1092 3567 γάρ
1136 3495 1212 3561 ώς
1265 3496 1438 3566 Λόγος
1486 3497 1555 3550 τὰ
1591 3496 1651 3549 ἐν
1680 3496 1872 3568 Πατρ“ι’

262 3590 580 3662 σκὲμηματα,
619 3590 713 3643 καὶ
743 3588 840 3642 τοῦ
875 3589 1123 3653 τεκόντος
1161 3588 1324 3643 αὑτὸν
1375 3587 1445 3642 τὰ
1474 3586 1614 3659 βάθη
1648 3587 1857 3659 διερευ-

259 3680 526 3751 νώμενος,
563 3680 763 3752 μᾶλλον
800 3680 858 3733 δὲ
900 3680 1065 3743 αὐτὸς
1116 3680 1376 3752 ὑπάρχων
1401 3682 1434 3750 ἠ
1468 3678 1650 3749 σοφία,
1689 3680 1782 3733 καὶ
1820 3681 1854 3750 ἡ

259 3772 493 3841 δύναμις
544 3771 637 3825 τοῦ
683 3771 919 3843 Πατρὸς,
959 3773 1040 3835 εἰς
1092 3769 1253 3841 ἔργον
1293 3771 1417 3840 ἄγει
1460 3771 1522 3825 τὸ
1563 3770 1745 3835 δόξαν,
1777 3773 1857 3835 εἰς

260 3865 424 3918 τόπον
457 3863 592 3918 αὑτὸ
619 3863 789 3928 τιθεὶς
820 3862 1065 3933 ἐντολῆς,
1112 3863 1205 3916 καὶ
1243 3859 1524 3934 ὀνομάζων
1553 3861 1727 3928 οῦτως
1758 3863 1855 3919 ἁν-

260 3955 698 4028 θρωπινώτερον.
740 3955 917 4010 Βλέπε
949 3956 1005 4010 δὲ
1036 3956 1139 4010 κάν
1177 3953 1352 4026 τούτῳ
1388 3955 1490 4026 τῆς
1536 3954 1757 4026 ἀγάπης
1796 3954 1858 4008 τὸ

263 4051 486 4122 μέτρον.
529 4049 887 4121 ’Υπρὺψωσε
934 4049 1046 4121 γὰρ
1096 4051 1260 4104 αὑτὸν
1300 4052 1329 4103 ὁ
1373 4049 1527 4113 Θεὸς,
1562 4049 1714 4118 φησί.
1750 4048 1856 4101 Τὸν

260 4143 467 4213 ὑψηλὸν
500 4143 603 4213 ἤδη
643 4142 737 4197 καὶ
763 4142 1157 4213 δεδοξασμένον
1184 4141 1455 4213 ὑπεροψοῖ
1499 4141 1593 4194 καὶ
1617 4139 1852 4207 δοξάζει,

260 4235 442 4288 καίτοι
473 4232 610 4295 Θεὸς
653 4233 796 4287 κατὰ
838 4232 1001 4302 φύσιν
1031 4232 1168 4299 ἐστὶ,
1213 4232 1309 4286 καὶ
1358 4230 1630 4303 ἀληθινὸς,
1661 4231 1757 4286 ὅτε
1791 4231 1855 4303 δὴ

259 4325 353 4378 καὶ
386 4324 656 4395 ὑπάρχων
680 4324 780 4395 οὑχ
807 4319 887 4388 εἷς
924 4326 1035 4379 τῶν
1073 4323 1422 4395 κτισμάτων,
1474 4323 1616 4377 κατά
1646 4339 1710 4391 γε
1755 4322 1854 4393 τὴν

260 4418 568 4487 ταυτότητα
595 4417 695 4487 τὴν
723 4418 788 4472 ὲκ
822 4417 921 4488 τῆς
950 4417 1139 4481 οὑσίας
1178 4415 1365 4479 αὑτοῦ,
1391 4416 1480 4471 διὰ
1516 4415 1674 4471 τοῦτο
1699 4415 1852 4469 νοού-

1887 3188 1932 3247 C

1966 1938 2114 1993 illam
2146 1939 2336 2004 subiit,
2367 1940 2570 2011 quippe
2608 1954 2733 1993 cum
2769 1937 2862 1993 Dei
2904 1951 2967 1991 ac
2998 1935 3184 1990 Patris
3209 1935 3548 1989 voluntatem

1966 2029 2110 2087 Deus
2146 2030 2464 2103 unigenitus
2506 2038 2853 2100 agnosceret.
2906 2028 3001 2085 Sic
3042 2036 3224 2083 autem
3267 2025 3324 2079 in
3365 2024 3538 2094 subie-

1965 2123 2208 2178 ctionem
2242 2123 2613 2176 voluntariam
2651 2122 2798 2176 ultro
2832 2119 3137 2186 descendit,
3181 2126 3242 2172 ut
3271 2116 3437 2171 etiam
3481 2114 3552 2171 ad

1965 2224 2196 2269 mortem
2221 2226 2417 2282 usque,
2436 2225 2669 2282 eamque
2694 2209 3095 2281 turpissimam,
3126 2222 3186 2264 se
3208 2206 3548 2262 demitteret.

1965 2306 2022 2361 ln
2054 2320 2219 2361 eruco
2248 2305 2689 2376 euimpeudere,
2740 2317 2930 2358 nonne
2958 2314 3176 2357 omnem
3207 2296 3433 2353 omnino
3462 2295 3551 2350 ἰη-

1965 2396 2195 2453 iamiam
2210 2398 2477 2469 superat?
2506 2396 2646 2463 Quia
2675 2409 2804 2451 vero
2830 2392 2937 2449 ista
2970 2406 3171 2464 passus
3206 2395 3313 2459 cst,
3348 2386 3546 2457 inquit,

1965 2492 2175 2549 idcirco
2210 2490 2357 2546 Deus
2395 2487 2829 2559 superexaltavit
2858 2499 3007 2541 eum.
3051 2482 3234 2537 Habes
3272 2478 3442 2551 igitur
3491 2478 3549 2530 in

1965 2585 2312 2656 subjectione
2338 2581 2656 2639 voluntaria
2678 2580 3024 2635 voluntatum
3061 2574 3246 2629 Patris
3279 2569 3548 2640 adimplc-
3587 2611 3600 2625 .

1964 2680 2196 2742 tionem,
2223 2677 2518 2748 quasdoco
2557 2673 2942 2728 mandatorum
2967 2666 3141 2722 Filius
3169 2662 3310 2735 apud
3335 2678 3395 2718 se
3423 2676 3551 2716 esse

1964 2765 2059 2818 ait.
2099 2762 2236 2818 Nam
2274 2779 2400 2819 cum
2433 2762 2617 2818 Patris
2645 2759 2904 2823 consilia,
2924 2767 3008 2812 -ut
3039 2754 3299 2815 Verbum,
3345 2751 3550 2805 intelli-

1961 2860 2091 2925 gat;
2118 2851 2348 2924 ejusque
2380 2848 2654 2922 profunda
2687 2854 2989 2909 scrutetur,
3018 2844 3128 2898 imo
3158 2857 3290 2897 vero
3316 2855 3442 2896 cum
3462 2840 3551 2895 sit

1963 2944 2230 3016 sapientia
2258 2959 2324 2999 ac
2350 2943 2529 3024 virtus
2561 2939 2765 3005 Patris,
2789 2939 3128 2994 voluntatem
3165 2934 3285 3003 ejus
3310 2933 3378 2987 ad
3409 2946 3549 3002 opus

1964 3036 2243 3108 perducit,
2287 3035 2530 3090 mandati
2574 3034 2697 3089 loco
2730 3048 2850 3086 eam
2883 3029 3111 3095 habens,
3151 3035 3315 3097 atque
3344 3024 3420 3079 ita
3449 3024 3551 3078 hu-

1965 3141 2127 3183 mano
2158 3142 2319 3182 more
2348 3141 2470 3181 eam
2504 3138 2855 3193 nuncupatis.
2887 3117 3026 3175 Vide
3055 3132 3221 3189 porro
3250 3115 3414 3173 etiam
3457 3114 3551 3168 hic

1965 3217 2283 3273 dilectionis
2342 3216 2590 3271 modum.
2665 3208 3110 3284 Superexaltavit
3167 3208 3314 3263 enim
3367 3206 3548 3278 ipsum

1967 3308 2136 3371 Deus,
2178 3308 2378 3378 inquit.
2427 3307 2716 3362 Excelsum
2760 3304 2874 3375 jam
2924 3309 2979 3357 et
3020 3300 3192 3372 gloria
3234 3297 3548 3353 redimitum

1965 3401 2343 3473 Superexaltat
2375 3407 2430 3455 et
2458 3398 2731 3471 gloriﬁcat
2754 3439 2769 3465 ,
2802 3394 3022 3451 tametsi
3064 3392 3208 3448 Deus
3238 3390 3311 3447 sit
3344 3404 3547 3446 secun-

1966 3495 2099 3549 dum
2138 3503 2417 3561 naturam,
2446 3507 2512 3547 ac
2535 3505 2722 3558 verus,
2764 3486 3015 3559 ejusdem
3051 3499 3251 3555 nempe
3270 3496 3398 3538 cum
3429 3482 3549 3550 ipso

1966 3585 2314 3648 substantiae,
2346 3590 2534 3654 utpote
2570 3596 2696 3638 cum
2725 3596 2837 3635 non
2870 3578 2997 3634 site
3029 3586 3409 3631 creaturarum
3442 3588 3547 3626 nu-

1965 3691 2141 3743 mero,
2173 3683 2229 3732 et
2274 3675 2490 3730 idcirco
2537 3680 2835 3730 censeatur
2869 3684 2935 3725 ac
2981 3683 3108 3725 vere
3156 3666 3229 3722 sit
3279 3676 3445 3735 supra
3494 3661 3549 3715 id

1964 3782 2130 3821 omne
2162 3765 2311 3836 quod
2338 3773 2523 3820 mente
2547 3757 3332 3833 comprehenditur;adeoque
3361 3751 3551 3823 gloriae

1965 3856 2229 3912 Dominus
2250 3862 2621 3924 nuncupctur,
2651 3850 2954 3908 secundum
2983 3847 3323 3917 Scripturas.
3355 3843 3547 3897 Enim-

1963 3963 2094 4003 vero
2135 3949 2411 4002 exaltatur
2431 3984 2447 4009 ,
2481 3945 2682 4015 inquit,
2712 3952 2786 3998 ,et
2829 3941 3189 3997 clarilicatur.
3220 3936 3356 4002 “Quo
3385 3940 3549 4005 pacto

1963 4055 2116 4107 vero,
2166 4048 2263 4094 aut
2291 4037 2535 4110 quando,
2582 4044 2677 4090 aut
2724 4032 3044 4106 quomodo?
3089 4028 3551 4098 Quandotnempe

1962 4131 2142 4185 factus
2173 4138 2256 4183 est
2286 4128 2338 4182 iu
2367 4124 2544 4181 forma
2590 4125 2757 4190 servi,
2801 4131 2855 4179 et
2885 4123 2944 4177 in
2972 4120 3306 4177 humilitatis
3348 4118 3545 4178 forma,

1962 4224 2014 4278 id
2064 4230 2149 4279 est
2191 4221 2358 4276 homo
2385 4220 2547 4276 sicuti
2598 4233 2724 4274 nos.
2772 4214 2990 4273 Rursus
3048 4215 3194 4270 enim
3229 4212 3390 4268 etiam
3422 4224 3545 4263 cum

1961 4331 2128 4370 carne
2178 4314 2450 4370 exaltatur
2506 4310 2673 4381 883
2728 4308 2895 4365 simul
2938 4323 3063 4363 cum
3095 4305 3283 4370 Patre,
3333 4310 3390 4357 et
3421 4315 3548 4357 cou-

1962 4407 2323 4479 glorilicatur,
2363 4413 2418 4460 et
2446 4402 2680 4459 dilectus
2719 4410 2807 4458 est
2840 4401 2910 4456 ab
2938 4416 3025 4467 eo,
3059 4414 3172 4453 non
3206 4396 3396 4468 utique
3429 4404 3544 4446 tum

264 4509 425 4579 μινὸς
453 4486 515 4562 τε
554 4486 657 4561 καί
677 4507 753 4564 ὢν
778 4486 997 4580 άληθῶς
1030 4508 1232 4573 παντὸς
1278 4507 1573 4579 ὑψώματος
1600 4506 1855 4562 ἐπέκεινα

1964 4500 2201 4571 primum
2245 4514 2371 4554 cum
2406 4496 2776 4552 voluntariam
2828 4492 3230 4564 subiectionem
3273 4486 3544 4557 implevit,

260 4599 481 4670 νοητοῦ,
509 4598 647 4653 ἀλλὰ
674 4600 770 4653 καὶ
803 4601 902 4672 τῆς
931 4600 1091 4672 δόξης
1121 4600 1348 4672 Κύριος,
1376 4599 1515 4654 κατὰ
1562 4599 1662 4664 τὰς
1696 4600 1859 4669 ἁγίας

261 4691 508 4763 Γραφάς.
546 4690 706 4744 Ἀλλὰ
742 4692 855 4757 ναὶ,
888 4693 1072 4762 φησὶν,
1123 4691 1354 4761 ὑψοῦται
1400 4692 1496 4746 καὶ
1550 4690 1855 4757 δοξάζεται.

1961 4591 2203 4649 sed'hac
2237 4591 2448 4648 ratione
2478 4588 2532 4642 id
2554 4587 2846 4658 intelliges.
2890 4580 3364 4652 Quemadmodum
3398 4578 3546 4631 enim

1958 4685 2212 4742 excelsus
2268 4698 2394 4739 cum
2447 4682 2519 4737 sit
2546 4695 2786 4750 semper,
2866 4674 3202 4733 clariﬁcatus
3256 4681 3438 4725 tamen
3493 4677 3549 4723 ct

262 4762 390 4846 Πῶς
446 4781 528 4845 δὲ,
572 4783 606 4854 ἢ
660 4782 792 4836 πότε
845 4784 940 4837 καὶ
966 4783 1090 4838 τινα
1142 4768 1381 4855 τρόπον;
1425 4783 1554 4836 Ὅτε
1616 4782 1861 4854 δηλονότι

1964 4777 2234 4833 cxaltatus
2260 4774 2602 4829 diciturcum
2633 4770 2812 4826 lactus
2837 4778 2924 4826 est
2948 4769 3136 4831 homo,
3165 4766 3351 4820 divina
3373 4762 3549 4833 gloria

263 4872 493 4941 γέγονεν
527 4873 585 4925 ὲν
616 4875 684 4944 τῇ
712 4872 808 4926 τοῦ
836 4873 1024 4927 δούλου
1070 4876 1276 4947 μορφῇ,
1311 4875 1405 4928 καὶ
1434 4876 1491 4926 ὲν
1520 4873 1598 4944 τῷ
1636 4875 1736 4946 τῆς
1762 4892 1860 4928 τα-

237 4960 578 5027 πεινώσεως
633 4964 895 5034 σχήματι,
954 4963 1100 5017 τοῦτ’
1155 4964 1338 5032 ἔστιν,
1395 4964 1682 5035 ἄνθρωπος
1739 4960 1861 5021 καθ’

262 5056 435 5126 ἡμᾶς.
472 5057 790 5128 Ἀνατρὲχει
820 5057 930 5128 γάρ
956 5058 1049 5111 καὶ
1084 5056 1226 5128 μετὰ
1252 5056 1455 5129 σαρκὸς
1504 5059 1584 5121 εἰς
1627 5057 1690 5111 τὸ
1731 5075 1857 5111 συν⁴

263 5149 747 5218 υψοῦσθαιπάλιν,
781 5151 874 5203 καὶ
908 5149 1322 5216 συνδοξάζεσθαι
1365 5149 1445 5221 τῷ
1477 5149 1655 5220 Πατρί
1676 5166 1689 5179 ·
1721 5150 1857 5219 ἠγα-

1961 4877 2228 4940 quantum
2273 4866 2340 4921 ad
2372 4866 2770 4921 humanitatem
2819 4868 3035 4933 spectat
3083 4857 3428 4914 destitutus:
3471 4855 3551 4908 sic

1961 4964 2126 5017 etiam
2167 4977 2292 5016 cum
2329 4975 2359 5014 a
2390 4957 2684 5030 principio,
2714 4965 2767 5013 et
2796 4970 3034 5026 semper,
3077 4960 3133 5008 et
3169 4959 3437 5023 perpetuo
3469 4947 3552 5001 di-

1961 5055 2191 5124 ligatur,
2225 5053 2462 5108 dilectus
2504 5060 2688 5106 tamen
2734 5047 2906 5104 fuisse
2951 5047 3156 5101 dicitur
3209 5043 3374 5099 etiam
3422 5055 3547 5094 cum

1956 5161 2144 5201 carne.
2197 5143 2469 5214 Apparuit
2518 5143 2666 5197 enim
2716 5140 2926 5196 idcirco
2976 5135 3139 5193 sicuti
3173 5149 3297 5199 nos,
3349 5131 3401 5185 id
3462 5137 3546 5185 est

265 5240 418 5310 πήθη
449 5256 508 5292 τε
542 5239 670 5311 παρ’
697 5239 885 5304 αὑτοῦ,
914 5240 1006 5294 καί
1043 5239 1165 5310 οὐχὶ
1195 5239 1318 5294 τότε
1350 5240 1590 5310 πρῶτον,
1624 5240 1710 5293 ὅτε
1753 5240 1853 5311 τὴν

1964 5246 2311 5307 nuncupatus
2344 5246 2428 5292 est
2477 5243 2532 5290 et
2569 5232 2749 5287 factus
2795 5238 2882 5287 est
2935 5231 3121 5291 homo,
3182 5235 3243 5280 ut
3291 5238 3415 5279 eum
3453 5224 3549 5291 qui

265 5328 517 5384 ἑκούσιον
565 5331 845 5402 ὑποταγὴν
890 5331 1246 5402 πεπλήρωκε,
1289 5333 1502 5402 νοήσεις
1540 5331 1597 5385 δὲ
1652 5331 1851 5402 μᾶλλον

1964 5331 2082 5386 )1ἰιιι
2128 5328 2256 5385 odio
2286 5340 2370 5385 cst
2403 5327 2625 5382 habitus
2670 5331 2895 5395 propter
2930 5321 3166 5391 primam
3216 5316 3366 5371 illam
3404 5328 3549 5384 pra:-

266 5421 512 5486 ὶκείνως.
549 5420 762 5493 Ὅνπερ
804 5422 914 5494 γὰρ
962 5422 1167 5492 τρόπον
1211 5422 1414 5495 ὑψηλὸς
1447 5423 1709 5495 ὑπάρχων
1741 5424 1851 5489 ἀεὶ,

270 5515 365 5569 καὶ
394 5513 811 5586 δεδοξασμένοις,
850 5512 973 5567 ὅσον
1018 5515 1098 5585 εἰς
1144 5513 1280 5569 ἰδίαν
1329 5514 1512 5584 φύσιν,
1541 5513 1855 5582 δεδοξάσθαι

261 5621 331 5691 Δτε
358 5623 454 5661 και
478 5606 727 5679 ὑψῶσθαι
746 5607 984 5676 λέγεται,
1005 5607 1095 5662 ὅτε
1115 5606 1337 5678 γέγονεν
1366 5598 1673 5680 ἄνθρωπος,
1702 5607 1731 5661 ὁ
1756 5606 1855 5677 τῆς

346 5790 391 5825 δ’
429 5787 666 5862 Philipp.
714 5803 796 5859 ιι,
838 5788 958 5848 6ο9.

1964 5422 2388 5485 varicationem,
2426 5428 2481 5475 et
2513 5418 2893 5474 intromissum
2941 5415 3251 5482 peccatum,
3282 5405 3547 5460 dilectum

1965 5514 2077 5570 Deo
2113 5513 2386 5569 redderet.
2421 5511 2601 5568 Janua
2643 5509 2789 5567 enim
2837 5504 3070 5568 idcirco,
3102 5507 3157 5554 et
3189 5497 3545 5570 principium,

1965 5613 2019 5662 et
2054 5605 2143 5661 via
2172 5605 2418 5660 omnium
2452 5601 2612 5658 nobis
2644 5600 2915 5657 bonorum
2964 5591 3251 5650 exstitisse
3293 5587 3550 5647 Christus
