3938 6430
451 357 558 414 375

1455 351 1514 408 S.
1556 349 1828 408 CYRILLI
1869 342 2344 404 ALEXANDllINl
2385 349 2703 405 ARCHIEP.
3579 361 3667 422 ὅτε

448 472 672 528 dicitur.
716 467 990 542 Numquid
1031 484 1160 542 ergo
1207 469 1427 525 demum
1481 477 1630 525 recte
1663 476 1716 526 et
1757 467 2008 537 inculpatl

2137 465 2474 539 θεοπρεποῦς
2497 469 2658 540 δόξης
2689 468 2891 540 ἔρημος
2919 470 3015 538 ὢν,
3037 469 3160 524 ὅσον
3194 469 3273 536 εἶς
3300 472 3669 552 ἀνθρωπότητος

447 578 510 620 se
534 561 798 618 dilectum
831 576 954 617 esse
988 561 1085 626 ait,
1133 577 1197 616 ex
1225 576 1291 616 eo
1333 560 1478 632 quod
1526 567 1800 630 praecepta
1843 557 2027 615 Patris

446 655 793 714 observarit?
839 652 1114 728 Numquid
1151 655 1250 709 tibi
1305 654 1552 725 mysterii
1611 653 1750 707 ratio
1791 651 1912 707 visa
1944 659 2030 707 est

444 746 702 814 dlﬂicilis,
743 755 800 802 et
830 747 998 802 menti
1046 755 1154 800 tua:
1194 745 1767 816 incomprehensibilis
1801 745 2028 816 dispen-

444 839 684 894 sationis
716 847 944 911 propter
968 854 1069 900 nos
1109 839 1350 907 impleta:
1380 837 1652 893 altitudo?
1694 857 1711 890 ι
1740 839 1809 892 At
1839 839 2024 893 omnia
2081 898 2088 906 ,

445 929 738 996 praesentia
810 928 1278 998 intelligentibus,
1334 941 1552 983 necnon
1617 935 1767 982 recta
1815 927 2022 982 haben-

443 1018 592 1074 tibus
626 1019 954 1084 scientiam,
998 1037 1016 1070 ι
1058 1019 1208 1073 sicut
1256 1019 1527 1090 scriptum
1575 1027 1660 1074 est
1696 1017 1762 1072 δ’.
1808 1017 2025 1076 Manete

441 1111 632 1181 igitur,
667 1111 868 1182 inquit,
921 1111 976 1165 in
1028 1110 1323 1166 dilectione
1371 1126 1513 1175 mea,
1567 1112 1670 1166 hoc
1721 1122 1825 1176 est,
1873 1111 2021 1166 omni

441 1216 574 1256 cura
617 1217 681 1256 ac
729 1201 912 1257 studio
946 1203 1223 1258 conamini
1273 1203 1368 1257 tali
1399 1217 1500 1260 vos
1534 1217 1563 1256 a
1610 1218 1696 1258 me
1726 1202 2022 1258 dilectione

439 1293 670 1359 donari,
707 1293 925 1362 qualem
949 1308 1050 1364 ego
1084 1308 1304 1364 quoque
1327 1292 1471 1362 apud
1502 1291 1669 1348 Deum
1705 1307 1768 1347 ac
1800 1290 2020 1347 Patrem

376 1432 382 1437 .
437 1385 631 1440 habeo.
679 1385 828 1440 Patri
859 1387 1062 1456 quippe
1110 1403 1196 1440 me
1229 1385 1464 1456 subjeci,
1497 1385 1729 1456 ejusque
1761 1385 2012 1439 volunta-

435 1486 546 1532 tem
581 1478 764 1548 peregi
794 1497 806 1532 :
853 1479 1085 1548 ideoque
1119 1493 1337 1540 maneo,
1373 1485 1698 1533 constanter
1732 1477 1801 1532 ab
1832 1491 1897 1532 eo
1939 1477 2020 1532 di-

436 1563 632 1618 lectus.
678 1563 784 1621 Sed
827 1565 873 1620 si
904 1581 1000 1621 vos
1039 1582 1157 1621 mea
1199 1566 1300 1637 ipsi
1330 1581 1552 1637 quoque
1587 1575 1862 1636 praecepta
1898 1582 2017 1621 ser-

433 1656 716 1722 vaveritis,
767 1659 962 1714 eodem
1017 1659 1207 1730 utique
1259 1660 1420 1714 modo
1469 1660 1521 1714 in
1561 1658 1859 1714 dilectione
1898 1674 2015 1713 mea

432 1747 750 1803 nianebitis.
797 1748 1015 1804 Nullam
1052 1752 1470 1806 excusationem
1528 1752 1762 1822 pigritiae
1820 1751 1873 1805 in
1913 1751 2014 1804 hoc

432 1839 731 1906 habebitis,
780 1857 881 1896 nec
911 1842 1058 1896 enim
1093 1843 1250 1898 labor
1291 1844 1545 1898 mercede
1595 1844 1826 1898 carebit.
1871 1841 2014 1896 Tan-

434 1939 548 1982 tum
583 1931 730 1986 enim
781 1931 1097 1988 dilectionis
1150 1934 1308 1990 vobis
1381 1935 1682 2004 impertiar,
1748 1945 2012 2004 quantum

430 2020 609 2076 habeo
643 2020 758 2091 ipse
791 2037 822 2076 a
853 2023 1041 2088 Patre,
1069 2025 1380 2095 aequalibus
1414 2025 1812 2096 propemodum
1849 2026 2014 2082 hono-

428 2113 584 2167 ribus
615 2127 862 2168 meorum
895 2130 1220 2171 sermonum
1265 2117 1548 2173 custodem
1595 2132 1893 2173 coronans.
1931 2117 2014 2173 M0

429 2203 633 2273 quippe
658 2208 1089 2282 superexaltavit
1123 2207 1305 2272 Pakr,
1331 2224 1642 2278 nomenque
1669 2208 1822 2264 dedit
1865 2210 2012 2280 quod

428 2304 513 2350 est
548 2311 715 2366 super
745 2311 909 2352 omne
941 2314 1162 2353 nomen.
1208 2298 1531 2354 Declaratus
1561 2301 1704 2354 enim
1731 2316 1852 2356 sum
1886 2301 2012 2355 uni-

426 2386 575 2441 versi
617 2385 792 2455 Deus;
835 2389 930 2444 sed
968 2404 1077 2444 non
1124 2390 1429 2446 accusabor
1481 2398 1632 2444 tanta
1664 2391 1810 2445 bona
1853 2389 2010 2446 vobis

426 2477 716 2535 invidisse.
748 2479 858 2538 Vos
905 2481 1051 2536 enim
1101 2483 1322 2536 tametsi
1355 2481 1633 2547 homines,
1672 2498 1737 2538 ac
1777 2483 2010 2552 proinde

426 2572 614 2626 servili
657 2573 918 2643 praeditos
949 2581 1144 2628 natura
1187 2574 1326 2631 deos
1361 2589 1425 2628 ac
1451 2573 1548 2630 Dei
1583 2573 1723 2630 ﬁlios
1753 2574 2006 2639 reddidi,

425 2664 942 2732 supernaturalibus
976 2665 1291 2726 illustratos
1341 2665 1693 2736 dOgmatibus
1739 2680 1837 2736 per
1884 2680 2008 2735 gra-

423 2756 579 2816 tiam,
615 2755 669 2810 in
702 2757 856 2828 regni
882 2757 988 2813 mei
1021 2764 1234 2827 partem
1270 2756 1486 2826 recepi,
1526 2755 1845 2811 conformes
1875 2771 2006 2810 cor-

422 2847 542 2916 pori
577 2847 765 2916 gloria:
789 2863 924 2902 mea:
970 2847 1186 2903 reddidi
1218 2847 1298 2911 ”,
1350 2846 1770 2916 incorruptione
1795 2863 1859 2903 ac
1894 2846 2006 2901 vita

421 2940 635 2996 ornavi.
681 2939 787 2996 Sed
823 2941 940 2996 haec
983 2941 1209 3012 quidem
1262 2940 1317 2994 in
1353 2955 1482 3010 spe,
1527 2947 1582 2994 et
1634 2939 1688 2993 in
1741 2938 2005 2994 saeculum

420 3033 668 3087 futurum
703 3044 1014 3090 servantur.
1053 3032 1222 3105 884
1256 3033 1399 3099 Quid
1452 3048 1583 3088 vero
1624 3031 2004 3102 inpraesentia-

2131 560 2309 630 λόγον,
2337 561 2480 616 οὕτω
2533 563 2628 616 καὶ
2675 563 2734 629 ἐξ
2759 562 2955 635 ἀρχῆς,
3008 563 3094 616 ἀεί
3137 581 3194 617 τε
3243 565 3335 619 καὶ
3373 566 3454 621 διὰ
3500 574 3673 640 παντὸς

2129 652 2514 725 ἀγαπώμενος,
2539 654 2861 724 ὴγαπῆσθαι
2909 654 3125 724 λέγεται
3177 657 3271 710 καὶ
3314 658 3445 728 μετά
3475 666 3669 734 σαρκός.

2129 746 2345 816 Πέφηνε
2380 746 2489 818 γὰρ
2521 745 2608 800 διὰ
2635 745 2793 800 τοῦτο
2825 745 2948 801 καθ’
2982 748 3148 818 ἡμᾶς,
3173 746 3319 800 τοῦτ’
3344 748 3474 816 ἐστι,
3500 770 3674 825 κεχρη-

2129 839 2326 910 μάτικε
2356 839 2450 892 καὶ
2478 839 2698 906 γέγονεν
2730 837 3038 909 ἄνθρωπος,
3071 839 3158 892 ἵνα
3199 839 3291 893 τὸν
3332 841 3490 895 πάλαι
3533 861 3674 914 μεμι-

2128 930 2385 1002 σημένον,
2415 928 2504 983 διὰ
2526 930 2624 1000 τὴν
2669 931 2726 982 ἐν
2769 931 2911 1001 ἀρχῇ
2951 930 3262 1000 παρά6ασιν
3293 933 3382 985 καὶ
3419 935 3510 1005 τὴν
3538 938 3589 989 ἐν
3609 938 3674 1008 τῷ

2128 1020 2332 1092 μεταξὺ
2384 1020 2874 1092 παρεισφρήσασαν
2911 1021 3208 1091 ἁμαρτίαν,
3253 1021 3524 1092 ἀγαπητὸν
3561 1027 3677 1078 ἀπο-

2125 1113 2318 1184 τελέσῃ
2352 1111 2430 1184 τῷ
2472 1112 2613 1183 Θεῷ,
2662 1111 2813 1182 Θύρα
2844 1111 2952 1182 γὰρ
2981 1111 3068 1166 διὰ
3114 1113 3290 1177 τοῦτο,
3323 1114 3412 1166 καὶ
3437 1116 3568 1186 ἀρχὴ
3597 1119 3676 1172 καί

2124 1204 2239 1268 ὁδὸς
2267 1203 2523 1258 ἁπάντων
2564 1204 2697 1274 ἡμῖν
2728 1203 2837 1256 τῶν
2886 1202 3106 1270 ἀγαθῶν
3156 1204 3451 1274 πεφηνέναι
3485 1205 3674 1272 λέγεται

2123 1296 2378 1367 Χριστός.
2426 1290 2573 1367 τΑρα
2621 1295 2684 1367 δή
2736 1312 2818 1348 σοι
2864 1294 3051 1347 λοιπὸν
3109 1294 3453 1364 ἀνεγκλήτως
3511 1297 3680 1349 ἑαυτὸν

2120 1387 2438 1457 ἠγαπῆσθαί
2475 1403 2628 1457 φησι,
2661 1387 2746 1440 διά
2791 1386 2851 1438 τὸ
2883 1385 3214 1457 τετηρῆσθαι
3259 1387 3385 1457 παρ’
3415 1386 3568 1440 αὑτοῦ
3596 1387 3678 1450 τὰς

2120 1476 2214 1529 τοῦ
2242 1476 2454 1548 Πατρὺς
2483 1476 2733 1541 ἐντολάς;
2766 1474 2918 1548 Ἀρα
2961 1477 3035 1547 μή
3079 1492 3160 1529 σοι
3185 1477 3389 1546 τραχὺς
3422 1478 3449 1529 ό
3477 1476 3566 1529 τοῦ
3593 1494 3678 1545 μυ·

2124 1567 2345 1640 στηρίου
2373 1568 2649 1639 κατεφάνη
2681 1565 2857 1636 λόγος,
2882 1567 2976 1620 καὶ
3008 1567 3108 1636 τῆς
3133 1566 3198 1619 δι’
3224 1568 3370 1636 ἡμᾶς
3393 1565 3679 1635 τετελεσμέ-

2120 1677 2217 1728 νης
2254 1659 2563 1729 οἰκονομίας
2597 1659 2657 1710 τὸ
2686 1658 2847 1729 βάθος
2890 1661 2964 1730 μὴ
3007 1659 3330 1727 δυσέφικτόν
3367 1675 3479 1720 πως
3505 1656 3576 1727 τῷ
3611 1655 3678 1728 σῷ

2121 1751 2308 1820 γέγονε
2333 1751 2408 1822 νῷ
2432 1770 2446 1818 ;
2484 1750 2622 1803 Ἀλλ’
2643 1751 2788 1804 ἔστιν
2809 1752 3012 1804 ἐνώπια
3033 1753 3144 1812 τοῖς
3175 1749 3432 1812 συνιοῦσι,
3451 1749 3541 1802 καὶ
3560 1747 3680 1817 όρθά

2123 1843 2298 1896 πάντα
2337 1846 2448 1907 τοῖς
2501 1842 2680 1914 ἔχουσι
2715 1844 2955 1912 γνῶσιν,
3000 1842 3142 1896 κατά
3184 1842 3248 1895 τὺ
3295 1841 3674 1915 γεγραμμένον.

2115 1927 2350 1990 Μείνατε
2389 1936 2589 2001 τοίνυν,
2641 1936 2830 2007 φησὶν,
2856 1937 2913 1988 ἐν
2947 1939 3012 2006 τῇ
3062 1935 3253 2006 ἀγάπῃ
3279 1937 3347 2006 τῇ
3385 1935 3510 2005 ἐμῇ,
3549 1932 3676 1986 τοῦτ’

2113 2028 2246 2090 ἔστι,
2285 2028 2372 2081 διὰ
2413 2029 2647 2099 σπουδῆς
2681 2029 2898 2100 ἀπάσης
2937 2027 3030 2082 καὶ
3057 2026 3370 2098 προθυμίας
3397 2026 3674 2097 ἐρχόμενοι,

2111 2105 2706 2193 διαπραγματεὺσασθέ
2729 2138 2790 2173 τε
2822 2121 2914 2173 καὶ
2947 2117 3380 2188 ἐπιτηδεύσασθε
3417 2117 3476 2169 τὸ
3511 2114 3678 2168 τοιαύο

2111 2233 2209 2284 της
2248 2213 2529 2280 ἀξιοῦσθαι
2571 2215 2698 2284 παρ’
2743 2212 2878 2282 ἐμοῦ
2925 2211 3026 2281 τῆς
3069 2211 3315 2278 ἀγάπης,
3363 2207 3548 2261 ὁποίαν
3586 2206 3680 2274 ἔχω

2112 2305 2269 2374 κάγὼ
2319 2304 2472 2376 παρά
2514 2303 2592 2375 τῷ
2636 2303 2756 2374 Θεῷ
2800 2303 2896 2357 καὶ
2949 2301 3147 2374 Πατρί.
3200 2301 3410 2368 Γέγονα
3454 2299 3546 2368 μὲν
3584 2296 3680 2366 γὰρ

2111 2398 2353 2467 ὑπήκοος
2383 2394 2514 2464 ἐγὼ,
2549 2395 2642 2449 καὶ
2680 2394 2788 2448 τῶν
2817 2393 2911 2447 τοῦ
2964 2392 3179 2462 Πατρδς
3209 2389 3533 2461 θελημάτων
3559 2388 3680 2439 ἀπο-

2109 2489 2384 2556 τελεστὴς,
2420 2486 2565 2558 μένω
2595 2504 2653 2540 τε
2683 2485 2776 2538 διὰ
2803 2483 2980 2548 τοῦτο,
3026 2483 3122 2537 καὶ
3165 2481 3454 2552 ἀραρότως
3480 2481 3682 2548 ἠγαπηο

2113 2581 2291 2652 μένος.
2334 2580 2471 2632 Ἀλλ’
2499 2580 2629 2633 ὅταν
2662 2576 2893 2648 γένησθε
2928 2577 3020 2628 καὶ
3069 2574 3230 2627 αὑτοί
3269 2571 3380 2624 τῶν
3416 2570 3562 2640 ἐμῶν
3591 2567 3683 2636 qui-

2107 2673 2271 2736 λακες
2301 2670 2551 2734 ἐντολῶν,
2599 2669 2740 2723 κατά
2777 2668 2869 2721 τὸν
2920 2667 3033 2719 ῐσον
3067 2665 3276 2737 τρόπον
3319 2665 3530 2734 μενεῖτε
3560 2661 3682 2713 πάν-

2106 2783 2214 2829 τως
2260 2767 2318 2818 ὲν
2367 2767 2434 2835 τῇ
2491 2763 2679 2833 ἀγάπῃ
2731 2763 2798 2832 τῇ
2856 2762 2986 2831 ἐμῇ.
3023 2757 3464 2827 Ἀπροφάσιστον
3515 2753 3568 2804 δὲ
3600 2751 3686 2819 τὴν

2108 2857 2188 2920 εἰς
2220 2855 2398 2919 τοῦτο,
2423 2853 2608 2924 φησιν,
2637 2852 2788 2918 ἕξετε
2815 2849 3118 2921 ρᾳθυμίαν·
3154 2847 3219 2900 οὑ
3253 2846 3365 2916 γὰρ
3393 2841 3581 2914 ἀμισθὶ
3605 2840 3686 2893 τδν

2108 2945 2200 2998 ἐπὶ
2233 2944 2442 3005 τούτοις
2477 2941 2674 3012 ἱδρῶτα
2703 2939 3032 3008 διατλήσετε.
3077 2938 3404 3009 Φανήσομαι
3444 2931 3550 3002 γὰρ
3576 2945 3686 2982 τοσ-

2107 3041 2275 3109 αύτην
2314 3040 2443 3108 ὑμῖν
2493 3037 2708 3099 ἐπιδοὺς
2759 3036 2860 3106 τὴν
2906 3035 3147 3102 ἀγάπην,
3207 3033 3346 3102 ὅσην
3387 3029 3544 3091 αὑτὸς
3591 3025 3688 3096 ἔχω

420 3123 584 3177 rum?
614 3123 890 3193 Numquid
929 3124 1174 3180 illustres
1217 3131 1270 3179 et
1294 3124 1467 3195 gloria
1503 3123 1836 3192 conspicuos
1879 3121 2004 3176 red-

2115 3128 2260 3199 παρά
2293 3127 2526 3198 Πατρὺς,
2559 3127 2653 3178 καὶ
2687 3125 2972 3195 μονονουχὶ
3010 3125 3127 3185 ταῖς
3165 3121 3489 3193 ίσορῤόποις
3521 3117 3689 3185 τιμαῖς

419 3213 535 3271 didi
567 3221 621 3268 et
653 3215 797 3283 apud
833 3214 956 3284 pios
985 3229 1176 3272 omnes
1212 3215 1555 3271 venerandos
1595 3230 1690 3270 vos
1724 3213 2002 3284 praestiti?

2115 3222 2198 3274 τὸν
2228 3220 2334 3274 τῶν
2374 3218 2524 3290 ἐμῶν
2570 3217 2744 3286 λόγων
2790 3217 3006 3286 φύλακα
3061 3215 3373 3282 στεφανῶν.
3420 3209 3551 3281 Ἐμὲ
3592 3210 3691 3276 γὰρ

419 3304 634 3378 Quippe
657 3304 936 3361 ilzemones
963 3307 1210 3376 impuros
1235 3307 1576 3378 increpastis
1602 3325 1614 3359 ε
1646 3305 1825 3360 omnis
1861 3319 2006 3359 mor-

422 3399 477 3454 bi
499 3440 514 3464 ,
548 3410 599 3454 et
625 3399 809 3455 omnis
841 3400 1179 3456 infirmitatis
1204 3403 1465 3457 sanandae
1499 3409 1824 3472 potestatem
1850 3400 2003 3454 vobis

421 3493 546 3546 feci.
575 3491 862 3547 Pollicitus
891 3509 1011 3548 sum
1035 3494 1226 3549 dicens
1255 3514 1267 3548 :
1296 3515 1313 3546 ι
1339 3495 1533 3559 Amen,
1561 3507 1720 3547 amen
1748 3492 1876 3547 dico
1907 3507 2006 3545 vo-

418 3581 534 3643 bis;
573 3582 666 3652 qui
699 3583 875 3637 credit
901 3583 953 3637 in
988 3600 1094 3649 me,
1129 3599 1299 3655 opera
1329 3599 1452 3654 quae
1476 3599 1576 3653 ego
1609 3584 1775 3647 facio,
1805 3591 1856 3638 et
1887 3583 2004 3651 ipse

418 3674 607 3742 faciet,
636 3683 690 3728 et
721 3674 930 3746 majora
958 3677 1154 3730 horum
1191 3675 1358 3731 faciet
1389 3677 1457 3728 σί.
1483 3695 1500 3727 ›
1526 3673 1653 3730 Haec
1684 3674 1893 3731 sanctis
1919 3675 2002 3729 di-

417 3765 650 3835 scipulis
683 3765 862 3836 ipsum
895 3765 1302 3836 quodammodo
1340 3758 1526 3821 dicere
1563 3765 1880 3835 putabimus
1906 3805 1920 3829 ,
1956 3767 2000 3821 si

416 3856 824 3930 propositorum
868 3858 1160 3913 verborum
1209 3871 1436 3912 sensum
1472 3855 1620 3924 apud
1654 3871 1755 3912 nos
1795 3871 2003 3926 expen«

416 3949 633 4006 damus.
661 3948 877 4020 Ubique
903 3964 1031 4005 vero
1061 3949 1309 4004 veritatis
1330 3947 1604 4017 dogmatis
1630 3956 1867 4002 mentem
1897 3962 1999 4000 no-

418 4052 595 4096 stram
624 4042 1044 4104 submittentes,
1066 4047 1122 4094 ct
1146 4054 1493 4110 quascunque
1520 4038 1852 4109 exponenda
1875 4053 2001 4095 sese

414 4132 677 4197 oll‘erunt,
709 4139 877 4197 recte,
909 4133 1092 4203 quoad
1127 4132 1274 4194 licet,
1308 4131 1526 4202 pietatis
1551 4131 1764 4187 artibus
1797 4131 1865 4186 ad
1892 4131 2000 4185 uti-

414 4227 624 4286 litatem
671 4225 990 4282 auditorum
1033 4233 1420 4280 convertentes
1450 4265 1463 4289 ,
1493 4225 1815 4281 cavebimus
1842 4240 1910 4280 ne
1943 4225 1997 4277 in

413 4316 741 4371 scandalum
771 4319 940 4374 stulte
967 4318 1299 4372 incidamus.
1345 4317 1620 4388 Scriptum
1650 4325 1735 4372 est
1762 4317 1908 4370 enim
1943 4318 1997 4370 in

415 4409 561 4464 libro
598 4408 947 4465 Psalmorum
977 4429 990 4465 :
1026 4430 1042 4462 ι
1071 4409 1183 4465 Pax
1223 4412 1395 4465 multa
1429 4411 1790 4480 diligentibus
1824 4411 1995 4481 legem

413 4510 586 4568 tuam,
625 4513 679 4559 et
701 4519 809 4558 non
840 4510 925 4558 est
959 4503 1070 4558 illis
1099 4503 1421 4559 scandalum
1455 4505 1522 4555 5'.
1561 4523 1578 4554 ι

2111 3311 2468 3381 ὑπερύψωσεν
2496 3311 2524 3363 ό
2551 3308 2763 3380 Πατὴρ,
2791 3307 3082 3379 ἐχαρίσατό
3104 3323 3164 3358 τε
3187 3306 3255 3359 τὸ
3283 3305 3460 3375 δνομα
3483 3302 3544 3356 τὸ
3569 3299 3694 3368 ὑπὲρ

2109 3406 2217 3457 πᾶν
2247 3403 2436 3472 ονομα.
2476 3400 2882 3470 Ἀναδέδειγμαι
2926 3398 3036 3470 γὰρ
3066 3397 3173 3451 τῶν
3221 3397 3366 3450 ὅλων
3409 3394 3560 3456 Θεὸς,
3589 3388 3692 3444 ἀλλ’

2106 3497 2202 3565 οὑχ
2253 3492 2533 3564 ἁλώσομαι
2587 3491 2874 3562 βάσκανος,
2926 3489 3044 3543 οὑδὲ
3097 3487 3210 3541 τῶν
3262 3486 3529 3541 τοιούτων
3581 3482 3696 3552 ὑμῖν

2105 3585 2469 3655 διαφθονήσας
2517 3583 2761 3652 ἀγαθῶν.
2811 3581 3155 3652 Ἀνθρῶπους
3203 3581 3322 3648 γὰρ
3365 3578 3549 3639 ὄντας,
3586 3571 3694 3626 δούς

2105 3679 2202 3750 λην
2225 3695 2282 3731 τε
2311 3677 2400 3730 διὰ
2429 3675 2587 3730 τοῦτο
2611 3675 2871 3745 λαχόντας
2902 3672 2998 3744 τὴν
3024 3671 3209 3740 φύσιν,
3237 3671 3402 3734 θεοὺς
3433 3667 3528 3722 καὶ
3558 3662 3696 3724 υἱοὺς

2105 3770 2364 3835 ἀπέδειξα
2391 3768 2548 3832 Θεοῦ,
2580 3769 2691 3831 τοῖς
2726 3765 2867 3836 ὑπὲρ
2897 3765 3058 3835 φύσιν
3104 3763 3394 3833 ἀξιώμασι
3433 3773 3694 3826 καταφαιρ

2103 3865 2302 3934 δρὺνας
2331 3861 2420 3915 διὰ
2448 3861 2550 3930 τῆς
2588 3859 2812 3931 χάριτος
2837 3898 2851 3922 ,
2910 3857 3203 3918 κοινωνοὺς
3239 3856 3343 3925 τῆς
3374 3853 3517 3924 ἐμῆς
3556 3850 3697 3920 βασι-

2103 3957 2251 4020 λείας
2287 3953 2661 4024 εἰσεδεξάμην,
2696 3947 3052 4024 συμμόρφους
3086 3947 3357 4013 ἀπέδειξα
3390 3945 3469 4016 τῷ
3499 3941 3698 4010 σώματι

2102 4050 2201 4119 τῆς
2243 4046 2400 4117 δόξης
2438 4047 2537 4116 τῆς
2584 4045 2742 4115 ἐμῆς,
2782 4041 3062 4112 ἀφθαρσίᾳ
3107 4039 3391 4109 τετίμηκα
3437 4034 3535 4088 καὶ
3572 4029 3696 4098 ζωῇ.

2116 4145 2274 4199 Ἀλλά
2302 4144 2475 4197 ταῦτα
2505 4143 2605 4213 μὲν
2639 4143 2696 4195 ἐν
2742 4141 2943 4202 ἐλπίσι,
2977 4139 3074 4192 καὶ
3111 4138 3192 4199 εἰς
3241 4134 3425 4189 αἰῶνα
3461 4129 3700 4201 τηρεῖται

2100 4240 2192 4293 τὸν
2228 4237 2513 4307 μέλλοντα.
2553 4234 2618 4287 Τί
2652 4233 2708 4286 δὲ
2742 4233 2805 4304 δὴ
2849 4231 2944 4285 καὶ
2977 4231 3056 4293 είς
3082 4227 3142 4282 τὸ
3178 4228 3367 4297 παρόν
3393 4243 3408 4292 ;
3434 4219 3563 4292 'Ap‘
3593 4215 3705 4286 οὑχὶ

2101 4326 2423 4397 λαμπροὺς,
2479 4323 2572 4376 καὶ
2622 4319 3046 4389 δεδοξασμένους
3103 4317 3420 4386 ἀπέφηνα;
3483 4308 3704 4367 σεπτοῦς

2099 4419 2156 4471 δὲ
2186 4417 2306 4486 οὐχὶ
2335 4413 2488 4486 παρὰ
2519 4414 2651 4467 πᾶσι
2678 4414 2790 4475 τοῖς
2823 4409 3091 4480 φιλοθέοις
3118 4405 3489 4475 aiataiat-qua;
3519 4397 3706 4453 Καίτοι

2102 4514 2216 4573 τοῖς
2245 4508 2480 4569 ἀνοσίοις
2509 4505 2880 4575 ἐπετιμήσατε
2910 4499 3164 4569 δαίμοσι·
3197 4499 3392 4551 πᾶσαν
3417 4493 3596 4555 νόσον,
3621 4486 3708 4539 καὶ

414 4593 595 4646 πᾶσαν
637 4593 930 4666 μαλακίαν,
963 4591 1240 4663 ἐπέτρεψα
1265 4589 1610 4664 θεραπεύειν.
1659 4591 2126 4672 Ἑπηγγειλάμην,
2153 4599 2355 4666 λέγων’
2393 4615 2409 4646 ι
2457 4595 2653 4666 Ἀμὴν,
2722 4592 2870 4662 ἀμὴν
2911 4590 3055 4658 λέγω
3100 4589 3268 4659 ὑμῖν·
3339 4590 3371 4641 ὁ
3443 4580 3708 4637 πιστεύων

416 4687 495 4748 εἰς
535 4687 654 4754 ἐμὲν
683 4685 751 4738 τὰ
784 4683 920 4756 ἔργα
949 4684 985 4737 δ’
1017 4684 1126 4752 ἐγὼ
1158 4685 1319 4746 ποιῶν
1348 4684 1597 4745 κάκεῖνος
1632 4685 1866 4754 ποιήσειν
1898 4691 1993 4742 καὶ
2035 4691 2259 4762 μείζονα
2286 4689 2490 4744 τούτων
2521 4689 2760 4757 ποιήσει.
2811 4709 2829 4738 ο
2863 4684 3050 4738 Ταῦτά
3078 4701 3196 4746 πως
3226 4685 3350 4747 τοῖς
3394 4682 3576 4750 ἁγίοις
3613 4693 3709 4746 μα-

416 4779 604 4847 Οηταῐς
638 4775 935 4846 οἰησόμεθα
979 4776 1160 4845 λέγειν
1199 4777 1381 4837 αὑτὸν,
1419 4775 1508 4827 τὸν
1559 4775 1663 4827 τῶν
1707 4783 2083 4851 προκειμένων
2115 4785 2552 4856 ἀναματτόμενοι
2585 4779 2730 4835 νοῦν.
2792 4777 3078 4848 Πανταχοῦ
3108 4777 3166 4829 δὲ
3227 4779 3349 4841 τοῖς
3414 4775 3518 4845 τῆς
3587 4769 3714 4834 ἀλη-

415 4871 566 4932 θείας
620 4868 853 4938 δόγμασι
892 4868 990 4940 τὴν
1032 4869 1270 4922 διάνοιαν
1311 4865 1737 4932 ὑποζεύξαντες,

1794 4874 1888 4926 καὶ
1933 4877 2001 4929 τὰ
2041 4877 2499 4949 παρεμπίπτοντα
2524 4873 2633 4927 τῶν
2657 4869 3050 4940 θεωρημάτων,
3077 4868 3152 4930 ὡς
3183 4866 3294 4933 ἔνι,
3358 4863 3547 4925 καλῶς
3603 4861 3714 4917 ταῖς

411 4964 492 5025 εἰς
524 4960 804 5012 εὐσέϐειαν
837 4959 1052 5030 τέχναις
1092 4963 1170 5024 εἰς
1213 4964 1274 5012 τὸ
1323 4961 1434 5021 τοῖς
1460 4959 1836 5030 ἀκροωμένοις
1904 4967 2182 5032 λυσιτελὲς
2263 4967 2712 5040 περιτρέποντες,
2779 4966 2840 5018 τὺ
2887 4963 3018 5031 γοῦν
3069 4958 3367 5028 σκανδάλῳ
3411 4955 3524 5009 τινὶ
3567 4968 3718 5022 περι,

415 5054 601 5104 πεσεῖν
656 5052 895 5120 ἀνοήτως
947 5051 1370 5122 διαφευξόμεθα.
1423 5052 1736 5120 Γέγραπται
1782 5056 1890 5127 γὰρ
1943 5061 1998 5111 ἐν
2040 5062 2208 5132 βίϐλῳ
2239 5060 2520 5130 Ψαλμῶνο
2595 5077 2613 5109 ι
2649 5059 2853 5128 Εἰρήνη
2901 5054 3068 5126 πολλὴ
3117 5055 3236 5117 τοῖς
3282 5049 3560 5121 ἀγαπῶσι
3632 5046 3718 5098 τὸν

414 5146 576 5214 νόμον
612 5163 729 5210 σου,
770 5145 863 5197 καὶ
892 5145 991 5198 οὑκ
1021 5144 1170 5197 ἔστιν
1200 5143 1382 5205 αὑτοῖς
1410 5143 1724 5199 σκάνδαλον.
1766 5165 1784 5196 ›

482 5235 602 5300 XV,
664 5237 751 5292 11.
795 5236 919 5290 ch
966 5237 1175 5290 loculus
1230 5251 1349 5288 sum
1399 5233 1580 5300 vobis,
1635 5245 1690 5287 ut
1743 5241 1998 5306 gaudium

2186 5237 2380 5293 Ταῦτα
2407 5237 2716 5304 λελάληκα
2754 5234 2892 5305 ὑμῖν
2919 5278 2932 5299 ,
2987 5237 3089 5288 ἵνα
3118 5236 3156 5301 ἡ
3197 5237 3369 5304 χαρὰ
3405 5235 3443 5301 ἡ
3489 5231 3604 5301 ἐμὴ
3654 5231 3723 5282 ἐν

417 5345 590 5384 meum
621 5330 675 5382 in
711 5327 854 5383 vobis
884 5329 988 5391 sit,
1020 5337 1070 5380 et
1105 5327 1362 5397 gaudium
1414 5339 1648 5382 vestrum
1690 5331 1997 5398 impleatur.

487 5421 658 5478 Facta
691 5422 820 5478 vitis
853 5421 1154 5485 mentione,
1204 5430 1256 5475 et
1309 5421 1554 5490 palmitis
1593 5422 1660 5474 ab
1693 5438 1755 5477 ea
1799 5427 2000 5490 avulsi,

418 5532 481 5571 ac
505 5516 654 5569 velut
682 5513 754 5569 ab
782 5515 925 5568 alma
954 5521 1132 5567 matre
1163 5513 1386 5576 resecti,
1423 5527 1486 5566 ac
1522 5514 1750 5582 proinde
1784 5517 1997 5572 inutilis

427 5611 589 5678 plan:
636 5606 827 5670 futuri,
870 5605 1115 5675 adeoque
1155 5605 1278 5673 igne
1325 5605 1705 5672 consumendi,
1755 5624 1861 5662 non
1902 5624 2000 5678 pa-

488 5785 531 5820 ”
561 5783 718 5841 l'rov.
751 5797 866 5850 vm,
891 5785 942 5839 9.
1022 5787 1065 5818 ⁵ο
1086 5783 1316 5851 Philipp.
1343 5800 1424 5840 ill.
1451 5784 1540 5838 ‘21.
1618 5786 1659 5817 ⁵¹
1680 5782 1834 5840 Joan.
1866 5802 1976 5853 xw,

2109 5330 2252 5400 ὑμῖν
2284 5330 2486 5399 μείνῃ,
2517 5328 2617 5383 καὶ
2657 5329 2694 5396 ἡ
2728 5328 2886 5397 χαρὰ
2920 5326 3075 5396 ὑμῶν
3117 5324 3452 5394 πληρωθῇ.

2181 5421 2283 5474 Τὸν
2315 5421 2443 5491 περὶ
2492 5423 2590 5492 τῆς
2625 5421 2870 5492 ἀμπέλου
2910 5420 3068 5488 λόγον
3100 5420 3240 5489 ἡμῖν
3282 5410 3718 5486 είσκεκομικὼς,

2110 5511 2232 5567 εἶτα
2276 5513 2335 5567 τό
2374 5513 2779 5584 ἀποσπώμενον
2816 5512 3002 5582 κλῆμα
3024 5553 3039 5577 ,
3091 5510 3187 5564 καὶ
3241 5510 3422 5564 οἱονεὶ
3459 5507 3563 5578 τῆς
3597 5519 3717 5577 τρε-

2117 5605 2337 5676 (εούσης
2367 5605 2500 5658 αὐτὸ
2546 5605 2750 5676 μητρὸς
2807 5603 3248 5676 διακεκομμένον
3277 5644 3291 5669 ,
3336 5605 3571 5675 ἀχρεῖον
3621 5600 3719 5668 μὲν

2161 5785 2202 5816 ⁵³
2234 5782 2378 5839 Psal.
2407 5801 2598 5850 emit,
2651 5782 2772 5838 165.
