3938 6428
593 368 699 426 379

594 578 682 636 bis
706 589 828 651 agat
863 578 1110 635 servanti
1141 577 1332 632 Patri?
1365 577 1506 645 Quin
1539 586 1594 633 ct
1635 594 1757 632 cum
1795 577 2173 632 Samaritano-

597 685 718 722 rum
753 669 1026 739 regionem
1061 677 1377 739 peragraret
1399 707 1413 728 .
1450 683 1514 722 ac
1549 668 1615 723 de
1655 668 1740 721 via
1790 668 1972 723 lassus
2005 675 2174 734 esset,

596 766 658 813 ut
686 758 953 827 scviptum
981 768 1066 813 est
1087 758 1155 819 “,
1181 758 1247 811 ad
1285 765 1504 828 puteum
1528 757 1700 813 Jacob
1730 757 1904 823 sedit;
1937 771 2173 825 cumque

551 856 569 891 ’ν
598 850 920 904 muliercula
953 851 1004 903 ei
1037 849 1331 904 obtulisset
1380 850 1526 904 unde
1575 864 1775 920 aquam
1812 848 2079 913 hauriret,
2121 854 2176 901 et

598 943 860 993 salutaria
887 941 936 995 ei
987 943 1205 995 locutus
1237 950 1345 1004 est,
1374 948 1429 995 et
1476 940 1952 995 Samaritanorum
1981 939 2176 993 multi-

597 1034 785 1086 tudine
811 1042 1150 1101 exspectata,
1178 1033 1495 1088 necessario
1533 1048 1754 1103 quoque
1783 1032 1908 1087 cibo
1936 1047 1997 1088 se
2027 1031 2174 1086 frau-

596 1123 768 1176 davit.
821 1123 962 1187 Quid
1011 1126 1158 1177 enim
1210 1122 1279 1177 ad
1331 1124 1640 1192 discipulos
1686 1137 1818 1179 suos
1874 1122 2034 1185 dixit,
2078 1121 2174 1191 qui

598 1223 657 1269 ut
695 1216 818 1269 cibo
850 1231 1053 1285 corpus
1090 1216 1344 1270 reticeret
1373 1232 1498 1271 eum
1530 1216 1990 1279 hortabantur}:
2025 1213 2175 1269 Meus

594 1307 755 1361 cibus
789 1314 873 1361 est
902 1315 962 1360 ut
1005 1306 1203 1377 faciant
1237 1303 1579 1362 voluntatem
1623 1309 1794 1379 886
1832 1306 2012 1361 Patris
2045 1307 2174 1372 mei,

593 1410 647 1451 et
677 1398 959 1466 perficiam
992 1400 1118 1469 ejus
1148 1416 1288 1471 opus
1322 1401 1390 1455 ⁸⁵.
1425 1420 1445 1452 ι
1482 1400 1675 1456 Nonne
1720 1402 1886 1470 igitur
1917 1400 2002 1454 vel
2045 1399 2176 1453 hinc

595 1492 813 1561 patebit
838 1491 1070 1548 delicias
1092 1495 1144 1549 ei
1169 1502 1223 1549 et
1252 1494 1511 1566 gaudium
1543 1494 1739 1559 fuisse,
1768 1493 1951 1548 Patris
1980 1493 2176 1548 volun-

596 1589 765 1637 tatem
820 1585 1143 1656 adimplere,
1192 1587 1298 1642 hoc
1340 1594 1448 1650 est,
1498 1601 1594 1642 eos
1644 1587 1740 1657 qui
1779 1588 2055 1658 perierant
2107 1584 2173 1639 ad

597 1675 832 1730 salutem
871 1678 1174 1733 revocare?
1206 1677 1443 1732 Dubium
1476 1679 1529 1732 id
1565 1686 1715 1733 certe
1761 1694 1871 1732 non
1899 1685 2005 1732 est.
2049 1675 2177 1731 Haec

595 1765 764 1837 igitur
793 1770 1002 1832 omnia,
1058 1770 1261 1840 inquit,
1299 1770 1518 1825 locutus
1564 1785 1686 1826 sum
1719 1770 1898 1834 vobis,
1952 1779 2007 1823 ut
2038 1783 2168 1840 gau-

594 1858 745 1913 dium
780 1875 962 1915 meum
994 1862 1067 1915 sit
1089 1862 1143 1914 in
1168 1861 1345 1925 vobis,
1372 1861 1425 1915 id
1459 1868 1565 1926 est,
1598 1870 1657 1915 ut
1686 1861 1756 1915 ob
1784 1861 1876 1914 illa
1907 1861 2173 1913 duntaxat

596 1950 769 2004 laetari
809 1954 1011 2018 velitis,
1041 1954 1245 2022 quibus
1278 1953 1494 2024 gaudeo
1522 1968 1651 2022 ego,
1688 1962 1741 2006 ut
1770 1952 1834 2007 ad
1870 1951 2173 2006 certamina

579 2040 771 2095 fortes
811 2042 1149 2108 efficiamiui,
1195 2053 1246 2098 et
1289 2060 1387 2115 spe
1435 2045 1829 2099 salvandornm
1886 2043 2174 2097 hominum

596 2138 907 2206 prmeiucti,
952 2140 1079 2194 lii-et
1111 2139 1317 2209 aliquid
1363 2140 1573 2193 idcirco
1604 2139 1714 2209 pati
1758 2138 2063 2207 contingat,
2107 2152 2176 2190 ne

595 2228 838 2282 animum
870 2230 1169 2298 deﬁciatis,
1205 2246 1392 2285 verum
1426 2237 1583 2284 tanto
1634 2238 1767 2283 tunc
1816 2228 1991 2298 magis
2036 2243 2176 2299 gau-

594 2321 796 2388 deatis,
849 2323 980 2392 quia
1012 2338 1109 2392 per
1138 2337 1237 2378 vos
1286 2322 1547 2392 impletur
1595 2321 2026 2391 voluntas'ejus
2080 2319 2175 2390 qui

594 2412 716 2466 vult
748 2428 941 2468 omnes
971 2413 1224 2469 homines
1258 2414 1443 2469 salvos
1474 2413 1614 2478 ﬁeri,
1647 2420 1701 2467 et
1731 2414 1801 2466 ad
1838 2412 2174 2483 agnitionem

593 2505 847 2559 veritatis
881 2505 1069 2560 venire
1097 2507 1165 2561 ⁵⁸.
1188 2505 1429 2561 Gavisus
1458 2506 1605 2561 enim
1639 2520 1765 2561 sum
1801 2506 1874 2559 ob
1909 2505 2025 2559 haec
2050 2518 2174 2573 ego.

593 2600 648 2648 et
699 2594 856 2663 longe
897 2594 1266 2650 suavissimos
1302 2594 1527 2648 labores
1584 2592 1741 2647 duxi.
1807 2591 1945 2646 Cum
2020 2603 2175 2659 ergo,

593 2685 794 2752 inquit,
821 2684 1079 2753 gaudium
1111 2686 1317 2740 habere
1349 2685 1665 2746 volueritis.
1697 2682 1845 2753 quod
1876 2681 2006 2737 mihi
2039 2696 2174 2734 con-

589 2777 779 2831 venire
830 2778 1042 2847 putavi,
1098 2787 1229 2831 tunc
1282 2776 1587 2848 perfectum
1651 2777 1787 2831 illud
1838 2791 1904 2831 ac
1937 2775 2173 2831 solidum

591 2869 732 2922 estis
765 2869 1030 2923 habituri.
1073 2869 1384 2924 Perfectum
1417 2870 1564 2925 enim
1608 2877 1759 2923 certe
1797 2879 1851 2923 ct
1880 2868 2174 2923 abundanc-

506 2963 519 2975 '
592 2959 869 3013 tissimum
921 2975 1050 3014 esse
1112 2960 1376 3030 gaudiqu
1435 2961 1569 3013 illud
1622 2970 1878 3029 putamus
1920 2960 2068 3030 quod
2119 2961 2175 3014 in

594 3048 708 3103 Deo
742 3058 847 3111 est.
884 3059 939 3105 et
982 3058 1208 3121 propter
1257 3050 1448 3114 Deum,
1484 3060 1539 3107 et
1572 3054 1640 3107 de
1681 3052 1843 3107 bonis
1888 3052 2172 3123 operibus,

1591 371 1651 427 S.
1692 368 1967 427 CYRILLI
2005 365 2473 425 ALEXANDRINI
2506 372 2827 431 ARCHIEP.

593 494 674 541 tet
703 500 803 557 per
834 483 1129 557 Spiritum,
1158 491 1213 541 ct
1257 485 1470 555 gratias
1505 483 1914 555 quodammodo
1943 499 2044 553 pro
2078 499 2179 538 no-

3689 394 3762 453 380

2208 481 2252 536 A
2282 481 2361 536 ὅτι
2388 485 2508 538 τότε
2542 487 2570 539 ὁ
2616 486 2824 557 Ἰησοῦς
2867 485 3244 555 ἠγαλλιάσατο
3290 490 3364 562 τῷ
3406 495 3664 570 Πνεῦματι,
3696 513 3763 562 καὶ

2282 573 2473 630 εἷπεψ
2512 598 2531 629 ι
2588 578 3054 651 Ἐξομολογοῦμαί
3103 597 3226 645 σοι,
3272 584 3480 657 Πάτερ,
3522 591 3669 663 Κύριε
3697 600 3765 652 τος

2276 669 2508 739 οὐρανοῦ
2560 670 2654 723 καὶ
2694 670 2797 740 τῆς
2832 671 2973 741 γῆς,
3019 671 3102 725 ὅτι
3147 672 3460 746 ἀπέκρυψας
3500 682 3647 736 ταῦτα
3688 688 3765 742 ἀπὸ

2283 761 2463 831 σοφῶν
2494 763 2588 815 καὶ
2632 763 2890 826 συνετῶν,
2919 763 3015 817 καὶ
3048 764 3396 835 ἀπεκάλυψας
3422 770 3547 825 αὐτὰ
3585 776 3763 843 νηπίοις.

2276 852 2406 914 Ναὶ,
2434 854 2462 905 ὁ
2483 854 2693 924 Πατὴρ,
2724 855 2804 908 ὅτι
2836 853 3009 919 οὕτως
3035 856 3254 911 εὐδοκία
3288 859 3492 926 ἐγένετο
3522 862 3765 937 ἔμπροσθέν

2278 958 2394 995 σου.
2432 961 2452 993 ι
2497 943 2742 1006 Ἀκούεις
2768 986 2782 1005 ,
2833 946 2918 999 ὃτι
2970 946 3203 1018 ἐπείπερ
3249 947 3433 1003 ἐθεᾶτο
3472 957 3767 1025 σοφουμένους

2273 1034 2400 1097 τοὺς
2426 1035 2654 1104 νηπίους
2704 1054 2767 1089 τε
2813 1037 2974 1101 ὄντας
3025 1038 3122 1092 καὶ
3166 1041 3423 1111 ἀνοήτους
3465 1047 3599 1108 ποτὲ,
3630 1049 3767 1120 χαίρει

2279 1126 2378 1196 μὲν
2425 1128 2516 1180 καὶ
2557 1128 2882 1197 ἀγαλλιᾶται
2920 1131 3008 1184 διὰ
3059 1131 3154 1185 τοῦ
3200 1133 3536 1205 Πνεύματος,
3574 1139 3767 1211 χάρινᾶ

2274 1216 2464 1290 ὥσπερ
2493 1220 2634 1291 ὑπὲρ
2671 1220 2827 1291 ἡμῶν
2865 1223 3110 1276 ἀνατιθεί
3145 1223 3224 1295 τῷ
3268 1225 3568 1292 διασώζοντι
3607 1232 3767 1303 Πατρί;

2288 1309 2448 1363 Ἀλλά
2492 1313 2588 1364 καὶ
2634 1313 2720 1365 ὅτε
2761 1312 2860 1384 τὴν
2905 1313 3016 1367 τῶν
3061 1316 3411 1387 Σαμαρειτῶν
3437 1318 3585 1372 διέθει
3612 1319 3767 1391 χώραν,

2275 1403 2524 1473 κέκμηκε
2576 1404 2635 1457 δὲ
2687 1406 2753 1458 ἐκ
2797 1406 2899 1476 τῆς
2927 1406 3269 1478 ὁδοιπορίας,
3320 1408 3459 1462 καθά
3502 1410 3767 1480 γέγραπται.

2274 1495 2568 1561 ἐκαθέζετο
2605 1497 2699 1551 ἐπὶ
2741 1498 2809 1569 τῇ
2844 1501 2997 1569 πηγῇ
3040 1498 3135 1552 τοῦ
3192 1499 3403 1554 Ἰακώϐ.
3443 1500 3637 1572 Ἐπειδὴ
3664 1502 3773 1555 δέτὺ

2274 1586 2496 1654 γύναιον
2552 1587 2704 1659 αὐτῷ
2782 1589 3149 1660 προσεκόμιζε
3223 1589 3321 1661 τὴν
3375 1588 3465 1643 τοῦ
3528 1590 3777 1662 ἀρύσασθαι

2274 1676 2488 1748 χρείαν,
2513 1678 2887 1750 προσελάλησί
2912 1696 2973 1733 τε
3008 1679 3165 1749 αὐτῷ
3186 1680 3258 1734 τά
3284 1681 3486 1746 εἰκότα,
3519 1681 3603 1734 καὶ
3640 1682 3773 1752 Σαμα-

2281 1765 2473 1836 ρειτῶν
2501 1765 2659 1835 ὄχλον
2686 1764 2888 1836 ἥξοντα
2925 1766 3295 1843 προσεδόκησε
3327 1768 3421 1821 καὶ
3445 1769 3631 1839 τροφῆς
3653 1770 3775 1836 ἀναγ-

2279 1856 2443 1921 καίας
2472 1857 2748 1927 ἀλογήσας
2798 1858 3069 1927 φαίνεται.
3119 1858 3186 1911 Τί
3229 1858 3337 1929 γὰρ
3379 1858 3481 1929 εφη
3523 1859 3643 1930 πρὸς
3685 1860 3775 1920 τοὺς

2281 1948 2553 2020 μαθητὰς,
2574 1949 2890 2020 ἐδεσμάτων
2922 1949 3072 2020 αὑτῷ
3103 1950 3425 2021 μεταλαϐεῖν
3450 1949 3774 2021 συμϐουλεύον-

2275 2059 2413 2109 τας;
2452 2061 2471 2094 ι
2519 2042 2679 2110 Ἐμὸν
2707 2041 2904 2113 βρῶμά
2948 2044 3117 2105 ἐστιν,
3161 2044 3250 2096 ἵνα
3282 2044 3483 2114 ποιήσω
3518 2043 3574 2097 ab
3614 2041 3771 2112 θέλημα

2277 2133 2371 2188 τοῦ
2405 2134 2619 2207 Πατρός
2648 2152 2750 2204 μου
2775 2176 2790 2201 ,
2832 2136 2925 2188 καὶ
2959 2135 3235 2189 τελειώσω
3283 2134 3445 2189 αὑτοῦ
3489 2135 3546 2188 τὸ
3589 2134 3772 2205 ἔργον.»

2275 2221 2404 2298 ’Ἆρ’
2440 2222 2533 2280 οὖν
2572 2226 2868 2280 κάντεῦθεν
2918 2227 3018 2281 οὐκ
3068 2227 3134 2281 ἂν
3182 2228 3392 2295 γένοιτο
3438 2227 3686 2297 συμφανὲς
3719 2225 3776 2275 ὅτι

2277 2318 2489 2389 τρυφὴν
2536 2320 2774 2372 ἐποιεῖτο
2805 2318 2900 2372 καὶ
2950 2317 3126 2389 χαρὰν
3161 2318 3273 2373 τῶν
3307 2316 3563 2390 πατρῴων
3596 2317 3781 2385 θελημάι

2206 1827 2250 1883 Β

2277 2427 2385 2464 των
2408 2412 2509 2480 τὴν
2559 2410 2877 2481 πλήρωσιν,
2911 2409 3057 2464 τοῦτ’
3093 2409 3246 2475 ἐστι,
3292 2410 3391 2482 τὴν
3438 2412 3514 2473 είς
3564 2407 3776 2479 σωτηρίαν

2276 2500 2590 2573 ἀναδρομὴν
2622 2502 2730 2555 τῶν
2765 2503 2845 2566 είς
2875 2502 3157 2557 ἀπώλειαν
3201 2502 3641 2573 διωλισθηκότων;
3676 2499 3777 2552 Ἀλλ’

2279 2594 2427 2648 ἐστιν
2476 2593 2576 2648 οὐκ
2617 2592 2943 2663 ἀμφίλογον.
2977 2592 3164 2646 Ταῦτα
3223 2593 3401 2646 τοίνυν
3440 2593 3636 2656 πάντα,
3666 2589 3779 2660 φησὶ.

2276 2686 2580 2757 διείλεγμαι
2604 2687 2741 2758 πρὸς
2764 2687 2930 2758 ὑμᾶς,
2968 2686 3058 2741 ἵνα
3087 2688 3120 2757 ὴ
3152 2686 3302 2757 χαρὰ
3331 2687 3363 2755 ἡ
3390 2685 3493 2755 ἐμὴ
3519 2685 3570 2736 ἒν
3595 2683 3703 2753 ὑμῖν

2276 2775 2423 2831 τοῦτ’
2457 2776 2627 2843 ἐστιν,
2670 2777 2759 2830 ἴνα
2798 2777 2885 2830 ἐπ’
2911 2777 3146 2840 ἐκείνοις
3186 2776 3410 2845 ἐθέλητε
3446 2770 3781 2841 διευθυμείσθαι

2280 2868 2466 2939 μόνοις
2491 2912 2506 2936 ,
2547 2868 2633 2938 ἐφ’
2659 2865 2855 2940 οἷσπερ
2889 2867 3045 2936 κάγὼ
3066 2909 3082 2933 ,
3134 2867 3227 2923 ἵνα
3264 2867 3399 2937 πρὸς
3425 2865 3623 2934 ἀγῶνας
3649 2860 3782 2929 ἀνδρί·

2280 2963 2447 3032 σησθε
2471 3002 2487 3027 ,
2537 2961 2632 3015 καὶ
2665 2959 2763 3032 τὴν
2811 2961 2905 3013 ἐπὶ
2936 2962 3048 3023 τοῖς
3092 2960 3424 3031 σωζομένοις
3469 2956 3644 3011 ἐλπίδα
3672 2968 3783 3020 περι-

2278 3055 2611 3124 ζωσάμενοι,
2650 3053 2752 3107 κάν
2794 3071 2849 3106 τι
2876 3052 2966 3106 διὰ
2993 3050 3155 3105 τοῦτο
3201 3050 3476 3122 συμϐαίνῃ
3524 3045 3705 3108 παθεῖν,
3733 3041 3784 3111 μὴ

596 3152 825 3210 propter
884 3157 1037 3209 spem
1097 3142 1310 3195 firmam
1359 3152 1415 3197 et
1464 3142 1891 3205 inconcussam,
1941 3150 1999 3197 et
2042 3143 2170 3212 quia

2281 3147 2419 3215 πρὸς
2458 3144 2687 3211 ἀκηδίας
2733 3144 2986 3214 ἀδρανεῖς
3025 3142 3412 3213 καταφέρησθε
3446 3139 3659 3210 μᾶλλον,
3697 3132 3783 3230 xci-

592 3234 663 3286 de
700 3234 769 3287 iis
797 3233 1001 3301 quibus
1032 3248 1129 3303 par
1159 3242 1244 3287 est
1274 3250 1382 3288 non
1415 3236 1592 3289 solum
1626 3250 1749 3299 nos,
1787 3235 1880 3290 sed
1909 3244 1961 3289 et
1990 3235 2172 3303 ipsum

2285 3256 2415 3311 ρητε
2461 3238 2519 3291 δὲ
2557 3237 2679 3291 τότε
2733 3235 3166 3307 πλουσιώτερον,
3200 3235 3434 3305 ἐπείπερ
3469 3232 3559 3287 καὶ
3595 3230 3651 3285 δι’
3676 3225 3787 3297 ὑμῶν

592 3321 783 3379 Jesum
833 3325 999 3378 laetari
1035 3326 1260 3395 contigit
1294 3345 1306 3380 :
1343 3326 1730 3397 imperfectum
1775 3341 1906 3381 vero
1942 3325 2178 3380 munda-

595 3431 728 3469 num
769 3418 1026 3486 gaudium
1062 3417 1197 3471 illud
1242 3417 1569 3479 asserimus,
1601 3431 1725 3471 cum
1778 3424 2001 3486 propter
2039 3416 2177 3471 levi-

592 3513 764 3560 tatem
794 3517 845 3561 rt
868 3508 1318 3574 inconstantiam,
1347 3516 1463 3561 tum
1485 3507 1634 3578 quod
1656 3509 1728 3561 ob
1750 3523 1815 3562 ea
1838 3523 1963 3577 qine
1991 3507 2176 3563 minus

592 3596 755 3652 decet
805 3607 1122 3668 peragatur,
1170 3600 1226 3655 id
1271 3607 1360 3654 est
1394 3600 1466 3654 ob
1526 3614 1617 3654 res
1677 3599 2007 3662 mundanas,
2057 3614 2179 3670 quae

595 3689 1044 3759 phantasmatum
1097 3698 1149 3746 et
1201 3691 1412 3745 umbra:
1456 3691 1634 3746 instar
1673 3691 1941 3745 avolant:
1985 3706 2179 3761 quem-

596 3782 889 3836 admodum
937 3781 1244 3852 perfectum
1297 3781 1483 3836 odium
1534 3797 1659 3838 esse
1715 3782 1976 3848 dicimus,
2030 3782 2177 3854 quod

599 3882 751 3926 recte
786 3883 840 3928 et
863 3873 1012 3941 juste
1049 3874 1121 3928 ob
1146 3873 1446 3928 nonnullas
1483 3888 1570 3928 res
1597 3888 1627 3927 a
1660 3874 1824 3930 nobis
1850 3875 2177 3945 suscipitur.

596 3962 775 4019 Sicuti
824 3980 1020 4035 nempe
1055 3966 1248 4021 beatus
1282 3965 1375 4019 ille
1425 3964 1599 4020 David
1645 3966 1714 4021 de
1753 3967 1821 4022 iis
1853 3968 1945 4037 qui
1991 3968 2180 4037 gloria:

597 4054 694 4110 Dei
728 4064 1033 4126 repugnant
1060 4057 1171 4113 ait:
1195 4077 1213 4111 ‹
1240 4057 1491 4114 Perfecto
1513 4058 1646 4115 odio
1665 4059 1890 4115 oderam
1917 4060 2103 4116 illos"
2123 4077 2138 4127 ;
2155 4078 2173 4112 ι

601 4146 896 4216 perfectam
930 4164 1061 4204 vero
1111 4150 1489 4215 dilectionem,
1530 4167 1655 4221 qua:
1706 4150 1815 4207 Deo
1861 4161 2004 4207 totos
2038 4168 2179 4209 cou-

595 4240 787 4309 jungit
830 4257 924 4295 eos
959 4240 1052 4312 qui
1092 4240 1240 4295 illam
1276 4243 1634 4312 susceperint
1677 4244 1736 4296 in
1790 4243 1903 4299 Deo
1949 4254 2005 4300 et
2057 4261 2182 4316 pro-

601 4339 721 4401 pter
750 4330 959 4399 Deuin,
1006 4348 1116 4389 non
1165 4340 1351 4389 autem
1392 4347 1512 4387 eam
1567 4348 1690 4403 quae
1735 4334 1794 4390 in
1837 4340 2076 4394 terrenis
2116 4353 2181 4393 ac

602 4425 754 4479 nihili
795 4430 958 4482 rebus
990 4434 1263 4482 versatur.

2280 3328 2693 3401 ἀναπληροῦται
2743 3329 2808 3381 τὸ
2856 3328 3069 3398 θέλημα
3114 3328 3211 3381 τοῦ
3267 3327 3476 3393 πάντας
3534 3320 3787 3392 ἀνθρώπους

2281 3421 2531 3483 θέλοντος
2567 3418 2870 3485 σώζεσθαι,
2912 3420 3009 3474 καὶ
3052 3420 3134 3483 είς
3161 3419 3459 3486 ἐπίγνωσιν
3490 3412 3710 3483 ἀληθείας
3731 3408 3789 3460 ὲλ-

2283 3509 2418 3563 θεῖν.
2462 3510 2726 3580 Ἔχαιρον
2753 3507 2862 3579 γὰρ
2898 3508 2992 3562 ἐπὶ
3022 3507 3236 3573 τούτοις
3269 3506 3444 3574 κάγὼ,
3473 3504 3561 3559 καὶ
3590 3503 3690 3558 λίαν
3712 3498 3791 3568 ἠδί-

2283 3619 2443 3667 στους
2470 3600 2792 3672 ἐλογιζόμην
2829 3602 2956 3664 τοὺς
3006 3601 3229 3662 πόνους.
3273 3601 3443 3653 Ὅταν
3468 3595 3652 3658 τοίνυν,
3679 3588 3790 3661 φησὶ,

2280 3697 2538 3766 τοιαύτην
2589 3695 2788 3767 ἕλησθε
2829 3695 2975 3766 ἔχειν
2999 3692 3177 3766 χαράν
3203 3737 3221 3762 ,
3266 3693 3336 3765 ἢν
3365 3689 3577 3764 ἐμαυτῷ
3616 3686 3791 3756 πρέπειν

2281 3789 2637 3859 ἐλογισάμην,
2668 3788 2790 3841 τότε
2824 3786 3036 3840 τελείαν
3076 3786 3251 3857 αὐτὴν
3284 3785 3434 3851 ἕξετε
3456 3825 3471 3849 ,
3503 3782 3591 3837 καὶ
3627 3773 3791 3841 ὁλόκλη-

2285 3898 2397 3952 ρον.
2454 3879 2844 3950 Πληρεστάτην
2896 3878 3006 3949 γὰρ
3069 3878 3242 3943 ὅντως
3298 3878 3392 3932 καὶ
3454 3867 3649 3928 τελείαν
3691 3862 3791 3952 εἶναι

2282 3950 2457 4044 γαράν
2494 3969 2843 4041 λογιζόμεθα,
2879 3969 2979 4040 τὴν
3028 3970 3087 4023 ἐν
3115 3969 3272 4041 Θεῷ,
3308 3970 3403 4022 καὶ
3445 3966 3532 4019 διὰ
3565 3959 3705 4020 Θεδν,
3728 3950 3795 4006 καὶ

2283 4064 2371 4117 ἐπ’
2403 4062 2586 4135 ἔργοις
2625 4061 2876 4132 ἀγαθοῖς,
2906 4059 2993 4112 διά
3041 4059 3103 4113 τὸ
3132 4060 3407 4131 πεπηγὸς.
3440 4055 3531 4110 καὶ
3566 4049 3795 4135 “Mm”?

2282 4156 2383 4227 τῆς
2410 4130 2625 4219 ἐλπίδος
2650 4130 2683 4185 ον
2701 4152 2797 4207 καὶ
2824 4154 2907 4207 ὅτι
2932 4151 3157 4220 γέγονεν
3182 4192 3197 4213 ,
3228 4152 3315 4221 ἐφ’
3344 4143 3426 4213 οἷς
3453 4143 3518 4218 ἦν
3544 4141 3689 4202 εἰκὸς,
3710 4130 3796 4201 οὐχὶ

2288 4226 2483 4321 μόνους
2514 4249 2682 4319 ἡμᾶς,
2717 4244 2857 4300 ἀλλὰ
2883 4244 2977 4296 καὶ
3006 4242 3172 4297 αὑτὸν
3199 4243 3437 4313 ἡσθῆναι
3478 4238 3565 4292 τὸν
3600 4226 3795 4327 Ἰησοῦς

2284 4340 2451 4410 ἀτελῆ
2479 4339 2537 4392 δέ
2564 4336 2738 4409 χαρὰν
2764 4336 2863 4407 τὴν
2900 4337 2958 4389 ἐν
2982 4334 3176 4405 κόσμῳ
3197 4333 3398 4404 φαμὲν,
3423 4329 3511 4383 διά
3536 4342 3591 4415 τε
3611 4323 3796 4415 ait???

2288 4448 2475 4505 φορον,
2518 4429 2613 4483 καὶ
2638 4428 2700 4480 τὸ
2731 4428 2816 4496 ἐφ’
2845 4421 2926 4488 οἷς
2961 4425 3161 4496 ἥκιστα
3207 4426 3347 4493 χρῆν
3375 4409 3797 4505 τελουμένην-ψ·

600 4516 748 4581 ao“,
779 4517 924 4571 τοῦτ’
988 4518 1125 4585 ἔστι»
1188 4518 1480 4589 πράγμασι
1537 4521 1842 4589 κοσμικαῖςο
1902 4520 1939 4575 ἃ
1999 4501 2404 4603 φαντασμάτων
2458 4524 2554 4578 καλ⁸
2612 4522 2771 4583 σκιᾶς
2832 4518 3118 4586 ἐξίπταται
3178 4516 3372 4587 δίκην·
3418 4501 3798 4603 ῶσπερτέλειῗν

603 4615 759 4682 μῖσος
782 4607 921 4664 εἷναί
948 4627 1149 4681 φαμεν,
1177 4610 1240 4662 τὸ
1266 4608 1492 4672 δικαίως
1526 4626 1585 4663 τε
1619 4614 1713 4664 καὶ
1742 4612 1916 4683 ὀρθῶς
1952 4617 2044 4670 ἐπί
2081 4636 2188 4674 τισι

2222 4589 2351 4693 ἰπαρ’
2374 4617 2530 4691 ἡμῶν
2554 4614 2854 4684 γινόμενον.
2890 4613 3101 4683 Ὠσπερ
3128 4606 3222 4665 οῦν
3260 4608 3451 4680 ἀμέλει.
3483 4605 3571 4659 καὶ
3613 4602 3639 4654 ὁ
3667 4589 3798 4667 μακά-

603 4722 716 4775 ριος
771 4686 967 4769 Δαϐὶδ,
1015 4704 1285 4773 περὶτῶν
1318 4703 1728 4774 ἀνθεστηκότων
1789 4710 1855 4778 τῇ
1918 4709 2041 4781 δόξῃ
2107 4714 2201 4768 τοῦ
2247 4686 2591 4782 Θέοῦ-ςρησι·
2635 4728 2653 4760 ι
2696 4706 2910 4761 Τέλειον
2953 4707 3107 4775 μῖσος
3146 4704 3374 4775 ἐμίσουν
3432 4696 3640 4757 αὐτούς·
3671 4709 3687 4740 ι

597 4801 747 4854 λείαν
783 4799 841 4854 δὲ
885 4799 1125 4869 ἀγάπην,
1164 4798 1264 4866 τὴν
1309 4797 1615 4868 ὁλοκλήρως
1641 4776 1964 4856 ἀνακείσθαι
2013 4776 2132 4877 Sed:
2161 4776 2689 4881 παρασκευάζουσαν
2736 4801 2863 4863 τοὺς
2897 4798 3117 4861 ἐλόντας
3165 4796 3338 4870 αὐτὴν
3388 4798 3445 4849 ἐν
3483 4789 3595 4862 Θεῷ
3634 4786 3712 4841 καὶ
3737 4776 3801 4832 διᾶ

598 4892 765 4951 Θεὸν,
821 4889 882 4942 οὐ
936 4889 1035 4959 τὴν
1086 4887 1178 4940 ἐπί
1223 4903 1364 4941 τισιν
1411 4889 1712 4957 ἐπιγείοις,
1784 4893 1877 4945 καὶ
1920 4893 2080 4965 λόγου
2118 4899 2346 4970 μηδενὸς
2370 4896 2543 4962 ἀξίοις
2573 4893 2913 4965 πράγμασιν.

671 5024 791 5089 XV,
848 5025 951 5087 ια,
996 5026 1084 5079 15.
1132 5023 1247 5077 Hoc
1285 5034 1363 5079 est
1388 5035 1705 5094 pra’ceptum
1748 5044 1943 5091 memn,
1976 5030 2183 5085 utdili-

601 5120 741 5189 galis
783 5118 1026 5177 inuicem.
1059 5117 1197 5171 sicut
1227 5115 1396 5171 dilexi
1433 5134 1547 5172 vos.
1596 5116 1857 5188 Majorem
1905 5119 2003 5173 hac
2050 5120 2186 5175 dile-

600 5210 829 5263 ctioneut
866 5223 1015 5261 nemo
1046 5205 1221 5272 habet,
1252 5223 1411 5278 quam
1441 5216 1499 5261 ut
1547 5208 1786 5262 animam
1822 5225 1979 5263 suam
2023 5221 2188 5279 ponat

599 5301 719 5370 quis
746 5315 842 5369 pro
874 5298 1061 5352 amicis
1092 5300 1224 5354 suis.

673 5431 911 5487 Sensum
944 5448 1134 5487 eorum
1158 5448 1280 5503 qua
1306 5436 1461 5505 prius
1482 5436 1629 5491 dicta
1670 5444 1802 5492 sunt
1829 5432 2179 5490 manifestius

602 5526 690 5581 his
713 5526 896 5581 verbis
919 5527 1117 5595 aperit,
1143 5528 1246 5583 hoc
1269 5536 1375 5592 est,
1409 5528 1611 5584 debere
1635 5527 1947 5598 discipulos
1975 5526 2219 5582 habere~

602 5615 863 5687 gaudium
900 5616 1021 5687 ejus
1050 5617 1107 5672 in
1137 5618 1353 5689 seipsis.
1378 5616 1516 5689 Ego,
1542 5617 1744 5688 inquit,
1770 5617 1875 5673 hoc
1900 5614 2181 5687 praecipio,

2216 4995 2259 5050 Β
2356 5031 2521 5096 Αὕτη
2567 5027 2740 5081 ἐστίν
2797 5028 2834 5096 ἡ
2883 5025 3103 5095 ἐντολὴ
3159 5028 3194 5095 ἡ
3234 5026 3349 5094 ἐμὴ
3376 5064 3390 5088 ,
3442 5024 3541 5077 ἵνα
3593 5007 3807 5085 ἀγαπᾶτε

2285 5119 2641 5187 ἀλλήλους,
2692 5117 2889 5184 καθὼς
2936 5119 3099 5187 κάγὼ
3152 5116 3443 5186 ἠγάπησα
3494 5108 3656 5182 ὑμᾶς.
3705 5097 3805 5205 Μεί-

2284 5211 2425 5273 ζονα
2454 5211 2678 5277 ταύτης
2708 5209 2955 5279 ἀγάπην
3004 5209 3205 5274 οὐδεὶς
3263 5208 3390 5276 ἔχει
3413 5249 3427 5272 ,
3473 5205 3569 5256 ira
3616 5216 3693 5262 τις
3724 5202 3805 5255 την

2289 5299 2505 5369 ψυχὴν·
2530 5299 2715 5353 αὐτοῦ
2744 5298 2842 5367 θῇ,
2876 5299 3028 5368 ὑπὲρ
3062 5296 3181 5352 τῶν
3211 5300 3409 5369 φίλων
3443 5291 3619 5350 αὐτοῦ

2375 5432 2825 5503 Ἐμφανεστέραν
2869 5433 2970 5505 ήδη
3007 5433 3337 5502 καθίστησι,
3384 5429 3472 5483 διὰ
3518 5425 3613 5495 τῆς
3645 5417 3804 5472 τούτων

2288 5525 2586 5595 ἐπαγωγῆς
2611 5564 2626 5588 ,
2687 5524 2799 5577 τῶν
2857 5525 2957 5595 ἤδη
3012 5524 3430 5597 προειρημένων
3485 5511 3802 5612 τὴν-δύναμιξ

2291 5614 2434 5671 τοῦτ’
2467 5616 2621 5681 ἐστι,
2671 5614 2735 5669 τὸ
2789 5615 2988 5690 χρῆναι
3029 5617 3158 5682 τοὺς
3209 5615 3498 5687 μαθητὰς,
3550 5606 3638 5677 τὴν
3675 5606 3804 5654 αὐτου

678 5798 725 5831 ⁵⁵
765 5796 923 5855 Joan.
967 5815 1040 5854 tv.
1118 5799 1161 5830 ⁸³
1217 5795 1374 5855 Joau.
1412 5812 1563 5861 xxxi,
1596 5796 1687 5853 56.
1767 5796 1812 5828 ⁸⁸
1866 5798 1885 5849 ι
1928 5795 2070 5856 Tim.
2104 5818 2163 5867 ιι,

2341 5798 2384 5829 ⁵⁷
2426 5797 2569 5857 Psal.
2608 5814 2837 5867 cxxvul,
2869 5798 2961 5851 22.
