3938 6474
204 406 308 463 58!

1278 419 1346 476 IN
1384 419 1669 479 JOANNIS
1703 423 2155 487 EVANGELIUM
2205 433 2336 489 LIB.
2377 433 2445 489 Χ.

3389 438 3495 495 5εέ

203 527 390 600 χαρὰν
433 526 580 599 ἔχειν
618 531 676 584 ὲν
716 531 948 596 ἑαυτοῖς.
1018 534 1346 606 Ἀναφανδὺν
1390 541 1449 594 δέ
1500 559 1667 611 φησιν
1718 542 1800 596 ὅτι

1904 555 1959 601 et
1995 548 2099 603 hoc
2133 549 2309 605 doceo
2370 549 2684 606 faciendum
2744 567 2810 607 ac
2868 552 3217 609 sentiendum
3272 555 3340 611 iis
3399 560 3491 628 qui

202 619 371 673 τοῦτο
422 621 741 693 ἐντέλλομαι
770 667 785 690 ,
840 626 933 679 καὶ
968 625 1126 680 τοῦτο
1161 627 1402 684 διδάσκω
1439 633 1574 704 δρᾷν
1617 650 1677 686 τε
1708 633 1802 687 καὶ

202 716 461 784 φρονεῖν,
491 717 622 781 τοὺς
646 717 882 774 ἔπεσθαι
925 720 1037 774 δεῖν
1078 724 1360 793 οἰομένους
1387 726 1532 795 ἐμοὶ,
1561 728 1801 781 τοιουτό-

199 816 416 875 τροπον
446 808 528 870 είς
556 807 821 880 ἀλλήλους
848 811 1155 885 ὲκμελετᾷν
1201 814 1301 886 τὴν
1329 816 1575 887 ἀγάπην,
1609 818 1802 872 ὁποίαν

199 896 319 965 ἐγὼ
392 897 611 966 φθάσας
653 901 1022 975 ἐπεδειξάμην
1079 907 1174 959 καὶ
1224 907 1589 979 πεπλήρωκα.
1643 911 1803 965 Ποῖον

198 984 294 1041 οὖν
325 989 441 1060 ἄρα
477 992 539 1044 τὸ
567 993 764 1065 μέτρον
797 994 1077 1068 θεωρῆσαι
1105 1015 1190 1062 τις
1216 997 1283 1052 ἂν
1314 1002 1416 1070 τῆς
1444 1002 1666 1073 ἀγάπης
1705 1000 1802 1055 τοῦ

201 1080 478 1150 Χριστοῦ,
512 1083 678 1137 πάλιν
727 1086 891 1150 αὐτὸς
918 1088 1195 1160 ύπέφηνεν
1216 1131 1230 1155 ,
1283 1090 1454 1145 είπὼν
1474 1133 1489 1157 ,
1523 1093 1585 1146 τὸ
1617 1093 1802 1163 μεῖζον

203 1165 349 1224 εἶναι
415 1172 587 1244 μηδὲν
644 1177 745 1246 τῆς
797 1177 1051 1250 τοιαύτης
1098 1179 1321 1251 ἀγάπης
1346 1220 1362 1246 ,
1413 1183 1448 1253 ἢ
1494 1183 1589 1237 καὶ
1630 1185 1802 1256 αὐτὴν

205 1260 485 1330 προέσθαι
526 1263 629 1335 τὴν
667 1263 846 1336 ψυχὴν
878 1268 1018 1339 ὑπὲρ
1055 1270 1164 1345 τῶν
1195 1272 1583 1341 ἀγαπωμένων
1613 1276 1802 1329 διακε-

198 1351 453 1409 λεύεται.
500 1355 599 1411 Ἐκ
652 1358 718 1430 δὴ
768 1361 977 1415 τούτων
1033 1363 1290 1418 ἁπάντων
1346 1368 1631 1438 μονονουχὶ
1688 1370 1803 1432 τοῖς

203 1446 366 1512 ίδίοις
388 1448 773 1506 διακελεύεται
809 1453 1102 1525 μαθηταῖς,
1131 1458 1214 1511 ὅτι
1244 1458 1514 1529 προσήκει
1548 1458 1802 1513 τοσοῦτον

198 1537 519 1607 ἀφεστάναι
544 1540 641 1594 τοῦ
668 1541 900 1597 δεδιέναι
937 1544 1114 1613 φιλεῖν
1158 1546 1286 1609 τοὺς
1316 1545 1460 1615 ὑπὲρ
1490 1545 1598 1600 τῶν
1634 1545 1803 1611 σωζο-

200 1629 394 1700 μένων
426 1632 671 1701 ἀγῶνας,
699 1634 795 1688 καί
824 1635 988 1689 αὐτὸν
1017 1636 1344 1700 ἀοκνότατα,
1378 1637 1475 1690 καὶ
1510 1636 1633 1691 λίαν
1665 1636 1803 1690 ἑτοί-

200 1740 329 1793 μως
354 1722 505 1794 ἔχειν
536 1725 842 1798 ὑποστῆναι
886 1727 980 1782 τὸν
1004 1731 1104 1798 τῆς
1136 1729 1340 1801 σαρκὸς
1366 1728 1621 1783 θάνατον.
1649 1728 1766 1782 Καθ
1784 1759 1800 1770 -

200 1813 361 1869 ίκετο
413 1816 528 1889 γὰρ
585 1819 680 1872 καὶ
733 1819 897 1890 μέχρι
949 1819 1104 1874 τοῦδε
1145 1819 1243 1874 τοῦ
1297 1821 1502 1891 μέτρου
1557 1821 1659 1891 τῆς
1703 1819 1799 1875 τοῦ

194 1906 466 1979 Σωτῆρος
512 1908 674 1980 ἡμῶν
733 1910 958 1982 ἀγάπης
1009 1912 1044 1982 η
1099 1910 1350 1981 δύναμις.
1405 1913 1478 1965 Τὸ
1524 1912 1583 1966 δὲ
1627 1913 1800 1967 ταῦτα
1832 1891 1875 1946 Β

194 1999 391 2068 λέγειν
419 2000 612 2073 ἕτερον
663 1998 733 2074 ἦν
782 2003 1019 2076 δρῶντος
1064 2004 1257 2068 οὐδὲν,
1301 2004 1334 2077 ἢ
1382 2003 1800 2076 παραθήσοντος

195 2088 339 2164 [Ion
371 2094 837 2169 παραθήγοντος]
880 2096 981 2169 μὲν
1012 2099 1093 2161 είς
1139 2098 1399 2169 ὑπερφυᾶ
1426 2113 1487 2151 τε
1521 2098 1617 2151 καὶ
1659 2097 1802 2162 ὲξαί-

198 2201 370 2256 ρετον
424 2186 677 2259 ἀνδρείαν
732 2189 859 2253 τοὺς
919 2188 1205 2259 μαθητὰς,
1264 2188 1702 2252 ’διανιστάνοντος
1743 2188 1802 2242 δὲ

194 2277 328 2333 λίαν
359 2280 444 2342 είς
473 2280 853 2350 ἀκμαιοτάτην
885 2280 1263 2350 φιλαδελφίαν,
1304 2281 1400 2335 καὶ
1433 2280 1694 2353 φρόνημα
1735 2279 1800 2334 τὸ

194 2370 465 2423 νεανικὸν
501 2371 599 2423 καὶ
635 2372 886 2440 φιλόθεον
915 2370 1379 2442 ἔγχαλκεύοντος,
1418 2372 1514 2426 καὶ
1557 2373 1638 2435 είς
1667 2372 1803 2441 ἄμα-

197 2462 300 2533 χόν
330 2480 481 2527 τινα,
513 2464 609 2517 καὶ
642 2464 1089 2533 ἀκαταγώνιστον
1132 2464 1440 2536 ἐγείροντος
1468 2464 1798 2535 προθυμίαν,

197 2556 287 2618 είς
312 2556 383 2609 τὸ
415 2556 599 2610 πάντα
629 2556 1278 2628 κατορθοῦνὲπείγεσθαι
1303 2556 1523 2627 γοργῶς
1546 2556 1617 2610 τὰ
1649 2555 1800 2627 αύτῷ

200 2647 632 2719 θυμηρέστατα.
666 2649 920 2703 Τοιοῦτον
954 2651 1087 2720 ἡμῖν
1108 2648 1299 2703 ἑαυτὸν
1320 2648 1602 2702 ἐπεδείκνυ
1626 2647 1800 2716 λέγων

199 2740 234 2792 ό
265 2740 487 2803 Παῦλος
516 2756 532 2771 ·
572 2760 591 2792 ι
643 2741 798 2812 Ἐμοὶ
856 2741 967 2812 γὰρ
1009 2742 1070 2795 τὸ
1111 2743 1210 2815 ζῇν
1246 2744 1522 2816 Χριστὸς,
1585 2743 1681 2797 καὶ
1739 2743 1801 2796 τὸ

199 2830 511 2889 ἀποθανεῖν
553 2832 764 2902 κέρδος.
801 2852 821 2884 ι
857 2834 967 2886 Καὶ
1016 2834 1181 2888 πάλιν
1206 2850 1219 2865 ο
1259 2855 1279 2887 ι
1327 2836 1392 2888 Ἦ
1446 2835 1555 2907 γὰρ
1602 2835 1799 2905 ἀγάπη

198 2921 300 2975 τοῦ
329 2920 579 2992 Χριστοῦ
607 2921 826 2992 συνέχει
860 2924 1011 2993 ἡμᾶς
1054 2923 1348 2994 κρίναντας
1390 2924 1568 2987 τοῦτο,
1602 2924 1685 2979 ὅτι
1719 2918 1802 2987 εἷς

200 3013 353 3083 ὑπὲρ
381 3013 609 3067 πάντων
636 3013 912 3067 ἀπέθανεν
938 3031 951 3043 ·
979 3014 1090 3085 ἀρα
1123 3016 1173 3068 oi
1212 3017 1414 3079 πάντες
1449 3015 1743 3069 ἀπέθανον.
1775 3034 1794 3067 ι

198 3106 319 3160 Καὶ
355 3106 500 3177 πρὸς
527 3105 740 3170 τούτοις
778 3105 859 3161 ἔτι
885 3123 900 3138 ⁶
939 3126 957 3159 ι
1002 3107 1099 3171 Τίς
1128 3109 1274 3179 ἡμᾶς
1311 3108 1539 3180 χωρίσει
1567 3107 1675 3162 ἀπὸ
1700 3108 1800 3178 τῆς

1905 654 1991 693 me
2026 640 2182 709 sequi
2222 642 2545 710 statuerint,
2608 641 2768 696 talem
2825 644 2971 698 inter
3026 660 3086 700 se
3135 646 3493 703 dilectionem

1900 745 2182 798 exercere,
2223 732 2442 799 qualem
2476 747 2580 803 ego
2624 735 2783 804 prius
2842 735 3068 789 exhibui
3123 746 3176 791 et
3237 737 3489 806 implevi.

1905 818 2122 885 Quanta
2152 837 2285 876 vero
2315 823 2482 892 887
2509 824 2583 878 sit
2612 824 2931 881 dilectionis
2958 826 3168 883 Christi
3208 843 3491 893 mensura,

1906 909 2023 978 ipse
2056 925 2255 966 rursus
2308 912 2667 982 significavit,
2718 914 2909 970 dicens
2960 915 3093 970 nihil
3143 933 3268 973 esse
3310 920 3493 988 majus

1903 1017 1965 1056 ea
2004 1002 2304 1058 dilectione
2342 1020 2463 1073 qua:
2505 1006 2589 1059 vel
2631 1006 2873 1060 animam
2918 1008 3092 1075 ipsam
3145 1024 3244 1078 pro
3300 1011 3494 1065 amicis

1897 1091 2089 1160 jubeat
2122 1091 2479 1161 profundere.
2509 1095 2588 1149 Ex
2621 1094 2710 1151 his
2734 1096 3014 1161 omnibus,
3044 1098 3162 1152 suis
3195 1114 3492 1169 propemo—

1904 1182 2032 1237 dum
2072 1184 2297 1238 mandat
2343 1186 2633 1257 discipulis
2661 1203 2835 1257 usque
2868 1189 3006 1243 adeo
3044 1206 3152 1244 non
3196 1206 3320 1245 csse
3375 1206 3486 1246 me-

1907 1276 2108 1330 tuenda
2141 1293 2239 1347 pro
2273 1278 2557 1335 salvandis
2594 1280 2911 1335 hominibus
2944 1284 3271 1342 certamina,
3320 1292 3377 1336 ut
3407 1284 3489 1337 vel

1904 1366 2080 1436 ipsam
2126 1369 2312 1425 carnis
2362 1378 2596 1425 mortem
2630 1379 2858 1427 strenue
2917 1381 2972 1427 et
3019 1373 3251 1444 impigre
3303 1375 3494 1429 subire

1901 1458 2295 1515 detrectemus.
2332 1459 2411 1515 Eo
2435 1463 2584 1516 enim
2628 1462 2936 1518 Salvatoris
2971 1466 3147 1519 nostri
3175 1465 3493 1520 dilectionis

1901 1549 1986 1605 vis
2036 1551 2307 1619 pervenit.
2357 1540 2470 1607 [loc
2520 1562 2707 1609 autem
2755 1555 2976 1619 dicere,
3031 1554 3181 1609 aliud
3223 1556 3355 1609 nihil
3408 1566 3494 1611 est

1901 1656 2066 1710 quam
2103 1642 2172 1696 ad
2221 1646 2704 1712 Supernaturalem
2762 1653 2819 1700 et
2859 1646 3121 1701 eximiam
3173 1647 3341 1701 animi
3378 1648 3492 1700 viro

1903 1742 2073 1787 tutem
2106 1748 2170 1787 ac
2223 1736 2527 1790 maximum
2588 1736 2823 1791 fratrum
2879 1752 3125 1790 amorem
3181 1737 3491 1807 discipulos

1901 1825 2174 1893 excitare,
2228 1826 2282 1879 in
2334 1828 2527 1896 eisque
2574 1844 2902 1898 generosum
2937 1843 3001 1882 ac
3042 1829 3191 1898 pium
3246 1831 3489 1883 animum

1903 1916 2131 1982 cudere,
2158 1925 2212 1971 et
2245 1916 2313 1970 ad
2388 1917 2656 1972 invictum
2715 1933 2781 1973 ac
2827 1918 3198 1987 insuperabile
3247 1917 3491 1972 studium

1903 2009 2139 2079 erigere,
2176 2010 2244 2065 ad
2280 2012 2467 2066 omnia
2508 2021 2761 2082 prompte
2806 2011 3115 2081 praestanda
3147 2025 3492 2080 qua‘cunque

1902 2102 1953 2157 ei
1986 2103 2323 2172 placuerint.
2359 2103 2546 2158 Talem
2594 2120 2655 2160 se
2710 2105 2874 2159 nobis
2916 2102 3126 2157 Paulus
3170 2103 3490 2168 exhibebat,

1902 2191 2094 2249 dicens
2125 2206 2141 2245 :
2191 2213 2210 2246 ι
2240 2194 2376 2248 Mihi
2409 2195 2557 2250 enim
2588 2196 2773 2250 vivere
2813 2195 3071 2250 Christus
3105 2204 3213 2258 est,
3249 2206 3305 2249 et
3350 2193 3493 2248 mori

1903 2286 2121 2340 lucrum
2153 2287 2231 2353 '3;
2275 2305 2293 2338 ›
2336 2296 2389 2342 et
2424 2303 2668 2346 rursus:
2722 2306 2740 2339 ι
2781 2286 3041 2345 Charitas
3092 2287 3238 2341 enim
3276 2286 3486 2340 Christi

1902 2385 2063 2446 urget
2090 2391 2216 2440 nos,
2245 2377 2588 2433 aestimantes
2630 2378 2759 2442 hoc,
2797 2379 3082 2448 quoniam,
3125 2378 3170 2432 si
3214 2391 3360 2431 unus
3392 2390 3494 2445 pro

1903 2466 2162 2522 omnibus
2194 2475 2453 2521 mortuus
2476 2474 2582 2532 est,
2614 2482 2747 2537 ergo
2774 2483 2970 2523 omnes
2996 2467 3200 2521 mortui
3227 2475 3358 2520 sunt
3383 2466 3484 2519 ⁵³.»
3544 2490 3551 2497 ν

1902 2555 2171 2613 Praeterea
2208 2575 2222 2612 :
2272 2576 2289 2609 ι
2339 2556 2481 2624 Quis
2512 2574 2616 2614 nos
2652 2559 2934 2629 separabit
2960 2574 2989 2613 a
3025 2559 3302 2613 charitate
3328 2557 3492 2613 Chri-

1903 2649 2010 2703 sti?
2046 2647 2379 2715 Tribulatio,
2414 2665 2484 2703 an
2524 2652 2804 2719 angustia,
2839 2665 2907 2704 an
2944 2649 3191 2715 nuditas,
3238 2664 3306 2702 an
3339 2650 3488 2719 peri-

1902 2739 2126 2804 culum,
2179 2755 2247 2793 an
2295 2741 2513 2809 gladius
2559 2741 2646 2794 ‘°.?
2690 2759 2709 2792 ι
2767 2741 2941 2795 Audis
2993 2755 3104 2810 quo
3157 2749 3321 2810 pacto
3354 2739 3489 2792 nihil

1902 2844 1998 2884 eos
2030 2843 2060 2882 a
2092 2828 2301 2885 Christi
2343 2829 2640 2883 dilectione
2664 2829 2842 2900 possit
2878 2829 3170 2897 seiungere
3196 2828 3220 2881 ?
3249 2826 3403 2892 Quod
3440 2826 3489 2880 si

1904 2937 2099 2991 greges
2130 2932 2183 2976 et
2214 2938 2387 2992 agnos
2424 2921 2636 2977 Christi
2670 2935 2917 2990 pascere,
2953 2928 3039 2975 est
3070 2920 3249 2989 ipsum
3277 2932 3487 2983 amare,

1905 3015 2182 3083 quomodo
2211 3015 2730 3071 manifestissimum
2773 3030 2880 3069 non
2925 3016 3034 3069 erit
3066 3022 3244 3067 morte
3272 3019 3320 3065 cl
3361 3027 3488 3081 per-

1905 3105 2290 3161 sccutionibus
2326 3105 2671 3175 superiorem
2706 3104 2848 3168 fore,
2885 3118 3080 3157 omnes
3107 3102 3348 3170 denique
3378 3116 3492 3154 an—

198 3199 437 3270 ἀγάπης
482 3198 581 3253 τοῦ
633 3199 905 3272 Χριστοῦ;
956 3199 1191 3270 Θλίψις,
1247 3199 1282 3271 ἦ
1334 3200 1710 3270 στενοχωρία,
1760 3199 1792 3271 ἢ

1901 3198 2114 3265 gustius
2163 3212 2265 3267 pro
2303 3197 2480 3252 nihilo
2531 3198 2842 3251 habiturum
2882 3211 3008 3250 cum
3055 3195 3149 3264 qui
3188 3195 3490 3249 salutarem

202 3287 498 3360 λιμὸςμῆ
555 3289 864 3360 γυμνότης,
917 3289 952 3360 ἢ
1013 3289 1294 3354 κίνδυνος,
1354 3290 1388 3360 ἢ
1443 3291 1730 3362 μάχαιρα;
1774 3310 1792 3342 ι

214 3378 512 3445 Ἀκούεις,
565 3378 715 3442 ὅπως
761 3378 918 3432 οὐδὲν
961 3379 1099 3442 ὅλως
1149 3377 1293 3444 ἕξειν
1329 3379 1391 3433 τὸ
1439 3379 1799 3434 ἀντιστατοῦν

204 3468 615 3539 ἐπαγγέλλεται
641 3508 657 3533 ,
718 3470 889 3541 ἤγουν
942 3470 1259 3525 διακόπτειν
1320 3471 1502 3542 ίσχύον
1556 3472 1659 3543 τῆς
1716 3472 1798 3535 εἰς

203 3563 450 3633 Χριστὸν
495 3563 723 3633 ἀγάπης
768 3561 1006 3629 αὐτούς;
1058 3563 1122 3616 Ei
1169 3562 1229 3616 δὲ
1270 3563 1332 3617 τὸ
1387 3562 1700 3634 ποιμαίνειν
1731 3563 1801 3617 τὰ

205 3655 446 3725 ποίμνια
481 3656 580 3709 καὶ
638 3655 701 3709 τὸ
760 3655 981 3725 βόσκειν
1044 3655 1114 3710 τὰ
1160 3657 1325 3727 ἀρνία
1383 3656 1479 3710 τοῦ
1534 3656 1799 3728 Χριστοῦ,

204 3747 371 3801 τοῦτο
397 3747 467 3801 ἂν
497 3746 585 3817 είη
624 3747 687 3801 τὸ
715 3748 936 3819 ἀγαπᾷν
980 3748 1164 3813 αὑτὸν,
1200 3748 1318 3812 πῶς
1347 3748 1449 3802 οὐκ
1481 3748 1637 3802 ἔσται
1672 3764 1803 3817 προ-

204 3840 532 3912 δηλότατον,
581 3841 665 3894 ὅτι
704 3842 798 3895 καὶ
835 3840 1070 3896 θανάτου
1106 3842 1374 3913 κρείττων
1410 3841 1617 3907 ἔσεται,
1644 3840 1798 3912 φησὶ,

204 3932 474 4003 διωγμῶν
522 3949 585 3985 τε
632 3932 727 3986 καὶ
775 3934 1053 4004 μαχαίρας
1113 3933 1355 4002 ἀμείνων
1380 3973 1395 3997 ,
1455 3934 1714 4004 ἀλογήσει
1744 3932 1801 3986 δὲ

204 4021 501 4085 παντελῶς
528 4022 624 4075 καὶ
650 4023 1017 4094 στενοχωρίας
1055 4023 1085 4076 ό
1121 4023 1213 4075 τὸν
1248 4022 1517 4094 σωτήριον
1548 4026 1662 4086 τοῖς
1701 4022 1800 4075 οὐκ

206 4112 379 4167 εἰδόσι
417 4112 554 4165 Θεὸν
589 4111 972 4183 διακηρύττων
1005 4112 1196 4179 λόγον;
1232 4114 1295 4166 El
1331 4113 1389 4166 δὲ
1432 4112 1496 4182 δὴ
1533 4113 1800 4184 προσήκοι

206 4203 293 4258 διὰ
312 4203 419 4271 τὴν
442 4202 541 4255 τοῦ
577 4204 853 4274 νοήματος
893 4201 1206 4274 συστροφὴν
1227 4242 1241 4265 ,
1291 4202 1385 4255 τὸν
1426 4201 1520 4255 τοῦ
1550 4201 1803 4271 Σωτῆρος

208 4292 645 4361 συνενεγκόντας
690 4293 886 4361 λόγον,
942 4293 1486 4363 κεφαλαιωδέστερον
1540 4294 1718 4346 εἰπεῖν
1772 4290 1802 4344 ὃ

207 4384 469 4454 βούλεται
512 4385 644 4455 δρᾷν
684 4384 812 4447 τοὺς
845 4383 1042 4436 ἑαυτοῦ
1078 4382 1349 4454 μαθητὰς,
1383 4382 1712 4437 ἀοκνότατόν
1741 4399 1800 4436 τε

203 4476 303 4529 καὶ
333 4475 539 4537 παντὸς
569 4472 675 4540 ἔξω
714 4473 1008 4544 δείματος,
1046 4473 1139 4526 τὸν
1185 4475 1388 4527 οίκεῖον
1432 4472 1801 4538 διασώζοντας

1900 3288 2207 3342 doctrinam
2236 3287 2405 3344 Deum
2437 3289 2828 3360 ignorantibus
2848 3288 3149 3359 praedicat?
3169 3285 3223 3340 In
3250 3301 3494 3350 summa,

1903 3380 2167 3434 Servator
2195 3380 2282 3435 his
2316 3381 2504 3436 verbis
2559 3395 2693 3436 suos
2730 3380 3040 3450 discipulos
3085 3378 3244 3448 jubet
3291 3378 3492 3431 incun-

1901 3482 2117 3528 ctanter
2151 3481 2206 3528 et
2257 3474 2532 3544 intrepide
2569 3474 2696 3528 fidei
2751 3473 3064 3529 doctrinam
3120 3471 3490 3535 sanctiﬁcare,

1900 3572 1955 3619 et
1986 3563 2246 3619 omnibus
2273 3579 2371 3632 per
2413 3563 2740 3619 universum
2773 3562 2965 3618 orbem
3005 3561 3328 3616 hominibus
3371 3573 3489 3613 ma-

1901 3654 2172 3711 nifestare
2235 3653 2619 3724 Evangelium.
2693 3654 2939 3722 ldipsum
3018 3660 3206 3707 autem
3261 3650 3338 3704 sit
3395 3664 3493 3718 per

1905 3747 2061 3802 Isaia:
2097 3761 2286 3801 vocem
2318 3765 2332 3800 :
2371 3764 2389 3796 ι
2428 3743 2608 3815 Super
2642 3755 2886 3798 montem
2913 3745 3195 3799 excelsum
3226 3742 3486 3802 ascende,

1903 3838 1996 3907 qui
2037 3837 2384 3907 evangelizas
2418 3838 2586 3903 Sion;
2617 3837 2800 3890 exalta
2836 3836 2891 3889 in
2939 3832 3266 3889 fortitudine
3299 3846 3491 3886 vocem

1905 3939 2078 3994 tuam,
2115 3929 2211 3996 qui
2239 3928 2600 3998 evangelizas
2639 3927 2946 3982 Jerusalem
2975 3943 2991 3992 ;
3023 3925 3282 3988 cxaltate,
3320 3922 3493 3977 nolite

1904 4021 2189 4076 timere".
2215 4039 2233 4070 ι
2257 4018 2417 4084 Quod
2447 4027 2505 4073 ut
2533 4018 2716 4074 facere
2743 4025 2974 4089 possent
3005 4017 3179 4072 sancti
3203 4014 3489 4084 discipuli,

1904 4113 2251 4168 inveniemus
2297 4126 2396 4167 eos
2449 4110 2938 4166 vehementissima
2993 4108 3248 4164 oratione
3295 4121 3326 4160 a
3377 4105 3490 4162 Deo

1903 4216 2110 4275 petere,
2160 4219 2286 4258 cum
2327 4201 2642 4258 Judmorum
2701 4202 2946 4257 furorem
2999 4210 3056 4255 et
3106 4198 3490 4269 intemperiem

1903 4301 2234 4350 accusantes
2265 4293 2530 4349 dicebant
2567 4312 2581 4348 :
2619 4311 2639 4344 ι
2670 4291 2737 4346 Et
2767 4307 2937 4357 nunc,
2980 4290 3233 4351 Domine,
3276 4289 3492 4358 respice

1904 4385 1959 4439 in
1993 4385 2171 4439 minas
2196 4399 2413 4446 eorum,
2437 4391 2494 4438 et
2517 4384 2598 4440 da.
2624 4383 2803 4438 Servis
2831 4381 2942 4436 tuis
2969 4397 3096 4435 cum
3135 4380 3307 4451 888
3338 4378 3490 4432 omni

1904 4475 2104 4531 ﬁducia
2137 4476 2289 4545 loqui
2321 4475 2551 4530 verbum
2582 4483 2738 4528 tuum
2766 4472 2833 4526 “.
2876 4491 2895 4524 ι
2941 4471 3103 4526 Multi
3148 4472 3294 4525 enim
3327 4483 3489 4538 pror-

202 4564 360 4627 νοῦν,
386 4565 481 4619 τὸν
506 4566 604 4635 τῆς
629 4566 711 4628 είς
738 4541 902 4619 αὑτὸν
929 4565 1165 4628 πίστεως
1195 4565 1552 4637 ίερουργῆσαι
1586 4564 1798 4621 κελεύει

1903 4584 2002 4625 sus
2052 4541 2423 4624 adversantur
2472 4566 2542 4622 iis
2594 4565 2688 4636 qui
2735 4566 3087 4620 sanctilicant
3125 4561 3487 4633 Evangelium

202 4657 391 4724 λόγον,
422 4656 520 4709 καὶ
540 4659 655 4720 τοῖς
682 4656 787 4709 ἀνὰ
825 4657 1007 4710 πᾶσαν
1052 4654 1152 4726 τὴν
1192 4656 1521 4726 οἰκουμένην
1550 4657 1800 4728 ἐμφανὲς

203 4747 558 4817 καταστῆσαι
600 4747 661 4801 τὸ
702 4747 1055 4815 Εὑαγγέλιον.
1102 4745 1326 4800 sum
1355 4745 1546 4808 τοῦτο,
1587 4746 1683 4800 καὶ
1710 4746 1800 4800 διά

204 4842 399 4910 φωνῆς
437 4840 664 4893 Ἡσαΐου
692 4839 858 4908 φησίν
882 4855 894 4869 ⁸
922 4858 941 4891 ι
993 4840 1109 4893 Ἐπ’
1132 4838 1260 4909 ὄρος
1302 4838 1507 4908 ὑψηλὸν
1539 4838 1795 4908 ἀνάϐηθι,

202 4932 232 4985 ὁ
258 4926 758 4998 εὐαγγελιζόμενος
786 4926 924 4981 Σιών
945 4944 961 4959 ⁸
1007 4926 1226 4997 ὕψωσον
1255 4930 1322 4999 τῇ
1369 4927 1514 4999 ἰσχύϊ
1543 4928 1644 4999 τὴν
1686 4946 1800 4998 φω-

202 5022 305 5092 νήν
348 5036 469 5081 σου,
494 5021 523 5073 ὁ
550 5018 1044 5088 εὐαγγελιζόμενος
1077 5018 1387 5090 Ἰερουσαλη
1398 5036 1437 5088 μ
1458 5033 1471 5047 ·
1509 5018 1792 5089 ἰσχύσατε,

207 5111 283 5182 μὴ
314 5110 594 5180 φοϐεῖσθε.
645 5130 665 5163 ι
707 5113 776 5164 '0
822 5111 918 5165 καὶ
948 5110 1206 5165 δύνασθαι
1246 5110 1597 5176 ἐξαιτοῦντας
1647 5112 1799 5183 παρὰ

202 5204 347 5259 Θεοῦ
395 5202 699 5275 κατορθοῦν
737 5204 804 5257 δι’
854 5204 1248 5271 ὲκτενεστάτης
1302 5205 1613 5276 προσευχῆς
1638 5243 1653 5268 .
1703 5206 1798 5260 καὶ

203 5294 409 5360 αὐτοὺς
463 5295 772 5366 εὑρήσομεν
827 5295 956 5358 τοὺς
992 5294 1181 5363 ἁγίους
1227 5294 1508 5365 μαθητὰς,
1556 5297 1646 5349 ὅτε
1697 5297 1797 5367 τῆς

214 5387 494 5442 Ἰουδαίων
510 5386 946 5457 κατηγοροῦντες
963 5386 1224 5450 ἀπονοίας
1250 5386 1508 5455 ἔφασκον
1540 5406 1559 5438 ι
1587 5386 1698 5440 Καὶ
1721 5387 1793 5441 τὰ

203 5475 322 5539 νῦν,
356 5475 570 5546 Κύριε,
603 5474 754 5527 ἔπιδε
801 5475 896 5527 ἐπὶ
939 5474 1038 5538 τὰς
1065 5474 1297 5537 ἀπειλάς
1332 5474 1535 5536 αὐτῶν,
1579 5475 1673 5528 καὶ
1705 5475 1794 5538 δὸς

203 5571 317 5633 τοῖς
345 5567 559 5631 δούλοις
601 5584 694 5621 σου
733 5567 871 5637 μετὰ
908 5566 1228 5637 παρρησίας
1272 5565 1456 5621 λαλεῖν
1501 5565 1593 5619 τὸν
1631 5567 1791 5636 λόγον

206 5674 323 5712 σου.
363 5677 384 5711 ι
428 5656 913 5729 Ὀμολογουμένως
943 5656 1041 5726 μὲν
1078 5655 1188 5727 γάρ
1211 5657 1322 5718 τοῖς
1351 5656 1704 5728 ίερουργοῦσι
1730 5658 1790 5711 τὸ

277 5772 328 5804 ⁸⁸
347 5770 588 5840 Philipp.
625 5787 664 5830 ι,
699 5770 789 5824 21.

216 5841 272 5907 2,
299 5842 354 5897 5.
455 5843 500 5874 οδ
526 5841 727 5912 Ephcs.
764 5857 822 5907 ll,
863 5841 946 5895 l2.

884 5771 931 5846 f9
954 5768 991 5823 11
1024 5768 1148 5826 Cor.
1186 5786 1238 5837 ν,
1280 5768 1366 5823 H.
1457 5772 1500 5804 ⁶⁰
1527 5770 1687 5828 Rom.
1723 5790 1849 5846 vin,
1886 5778 1973 5835 35.
2069 5775 2237 5833 “lsa.
2271 5791 2363 5844 XL,
2397 5777 2450 5832 9ο

1895 4660 2141 4723 Christi,
2192 4659 2464 4728 multique
2519 4658 2899 4726 obstrepunt:
2962 4655 3060 4710 sed
3120 4655 3250 4709 licet
3305 4653 3491 4724 gravis

1898 4759 2082 4806 metus
2117 4750 2360 4819 ingruat,
2400 4758 2456 4804 et
2491 4749 2824 4803 insidiarum
2871 4746 3353 4802 vehementissimi
3386 4745 3489 4800 ﬂu-

1896 4844 2026 4892 ctus
2062 4838 2382 4907 insurgant,
2414 4837 2686 4907 supplicia
2726 4843 2913 4890 tamen
2944 4850 3057 4892 non
3098 4834 3490 4890 detrectabunt

1896 4943 2027 4984 vere
2064 4926 2363 4997 discipuli,
2415 4928 2594 4983 donec
2642 4927 2708 4982 ad
2749 4927 2960 4982 exitum
3007 4928 3328 4983 dilectionis
3373 4943 3489 4984 suae

1894 5034 2063 5090 Opera
2119 5018 2513 5088 perduxerint,
2581 5018 2940 5083 dilectionis,
3009 5018 3260 5088 inquam,
3319 5018 3486 5082 talis,

1895 5111 2118 5181 qualem
2154 5111 2317 5166 nobis
2346 5110 2607 5166 Servator
2639 5110 2912 5176 exhibuit,
2944 5111 3037 5180 qui
3071 5111 3193 5165 loco
3216 5110 3487 5179 propositi

1897 5204 2003 5259 sibi
2048 5203 2236 5273 gaudii
2266 5202 2515 5259 'crucem
2563 5203 2854 5268 sustinuit,
2898 5201 3203 5272 ignominia
3233 5210 3488 5255 contem-

1896 5304 2011 5364 pta,
2045 5304 2102 5347 ut
2149 5294 2540 5363 peccatoribus
2594 5295 2834 5349 salutem
2889 5293 3178 5363 perﬁceret
3212 5291 3277 5345 ⁸³.
3307 5291 3485 5356 (Quod

1903 5392 1948 5446 si
1976 5404 2078 5460 pro
2117 5390 2282 5445 nobis
2306 5390 2420 5459 pati
2449 5390 2745 5455 noluisset,
2772 5388 2975 5443 mortui
3010 5385 3189 5440 adhuc
3207 5399 3479 5443 essemus.

1902 5481 2107 5537 diaboli
2160 5479 2389 5547 famuli,
2433 5482 2592 5537 stulti
2639 5474 2703 5535 ac
2737 5480 2892 5543 caeci,
2937 5487 3105 5547 atque
3148 5476 3298 5531 omni
3333 5475 3483 5531 bono

1901 5571 2189 5637 destituti,
2220 5572 2373 5628 servi
2418 5571 2718 5641 voluptatis
2751 5577 2806 5625 et
2853 5567 3109 5639 peccati,
3158 5579 3314 5634 spem
3370 5580 3480 5620 non

1900 5664 2191 5732 habentes,
2226 5671 2283 5721 et
2321 5663 2442 5721 sine
2475 5663 2586 5719 Deo
2619 5662 2676 5717 in
2709 5661 2813 5717 hoc
2842 5658 3052 5715 mundo
3091 5657 3157 5712 “.
3187 5654 3347 5711 Nunc
3382 5670 3486 5710 au-

2569 5777 2613 5809 "
2645 5776 2769 5830 Act.
2800 5790 2874 5842 tv,
2904 5773 2995 5829 29.
3103 5773 3150 5806 ⁸³
3175 5770 3341 5829 Hebr.
3376 5784 3475 5837 xu,
