3938 6464
516 394 622 451 583

1564 394 1621 450 S.
1652 394 1927 452 CYRILLI
1965 396 2439 456 ALEXANDRINI
2477 402 2804 462 ARCHIEP.
3647 423 3730 483 εει

515 518 627 566 tem
659 510 823 566 etiam
855 511 1030 582 ipsam
1076 526 1176 582 pro
1207 512 1369 567 nobis
1398 514 1636 567 animam
1683 529 1783 584 pro
1827 530 1929 569 sua
1967 529 2097 587 erga

2212 519 2539 589 Εὑαγγέλιον
2579 522 2674 576 τοῦ
2710 524 2984 595 Χριστοῦ,
3029 525 3215 580 πολλοὶ⁸
3262 528 3380 582 λίαν
3430 530 3475 585 οί
3515 530 3729 594 ἀνθιστάν

516 619 624 660 nos
659 605 959 660 dilectione
986 604 1250 660 Servator
1282 606 1488 675 posuit,
1529 613 1584 660 et
1609 606 2099 676 incomparabilem

516 697 813 765 quamdam
868 697 1170 752 bonitatem
1221 713 1349 767 erga
1414 712 1516 752 nos
1561 697 1868 760 exhibens,
1910 699 2102 755 beatos

518 790 776 852 reddidit,
810 805 875 845 ac
905 798 988 846 ter
1020 790 1231 856 felices,
1260 792 1469 846 nullius
1495 792 1658 861 plane
1684 793 1815 846 boni
1854 793 2097 865 indigos.

518 880 728 935 Testus
752 883 936 950 itaque
964 881 1233 951 propositi
1263 896 1464 938 sensus
1496 882 1659 952 juxta
1688 886 1835 939 hunc
1871 900 2099 956 scopum

518 972 723 1025 divinis
763 972 1165 1041 discipulorum
1214 973 1492 1042 capitibus
1536 975 1815 1029 convenit.
1862 974 2021 1042 Quod
2055 977 2101 1031 si

519 1063 583 1115 ad
613 1063 751 1115 alios
782 1077 973 1116 omnes
1000 1062 1208 1117 dictum
1235 1062 1372 1117 illud
1410 1064 1765 1131 extendatur,
1793 1066 2055 1122 nimirum
2084 1087 2098 1124 :

525 1172 544 1203 ι
585 1154 697 1208 Hoc
729 1162 813 1210 est
852 1163 1184 1226 praeceptum
1212 1170 1395 1211 meum
1426 1164 1487 1211 ut
1532 1157 1782 1227 diligatis
1818 1159 2055 1215 invicem
2079 1201 2095 1225 ,

519 1248 663 1301 sicut
701 1247 862 1307 dilexi
900 1262 1000 1303 vos
1040 1248 1122 1315 ",
1174 1267 1193 1300 ι
1252 1249 1484 1303 multum
1538 1250 1807 1305 utilitatis
1845 1251 2104 1307 omnibus

517 1338 800 1406 continget
832 1353 899 1391 ex
940 1337 1090 1391 illius
1128 1336 1406 1406 indagine.
1442 1336 1578 1391 Nam
1621 1340 1669 1393 si
1701 1340 1949 1405 omnium
1979 1340 2104 1393 Sal-

518 1428 726 1483 vatoris
760 1428 933 1483 nostri
967 1429 1353 1483 mandatorum
1397 1412 1928 1486 consummationem
1962 1445 2101 1485 con-

520 1520 658 1574 tinet
696 1534 760 1575 ac
792 1530 1058 1590 operatur
1101 1520 1335 1576 fratrum
1382 1521 1631 1589 dilectio,
1680 1524 1961 1594 quomodo
1992 1541 2103 1580 non

519 1609 677 1664 valde
705 1612 990 1666 mirandus
1021 1620 1108 1668 est
1152 1613 1248 1680 qui
1290 1613 1433 1668 hanc
1459 1614 1676 1670 sincere
1717 1623 1773 1671 et
1822 1615 2105 1686 inculpata

517 1702 673 1768 colil,
703 1717 825 1756 cum
854 1703 1120 1767 omnium,
1148 1710 1209 1756 ut
1237 1704 1406 1759 semel
1427 1704 1627 1768 dicam,
1648 1705 1916 1761 virtutum
1940 1696 2106 1777 caput

519 1792 575 1847 in
613 1808 677 1848 ea
709 1795 1100 1849 contineatur?
1139 1794 1392 1853 Secunda
1433 1797 1580 1851 enim
1614 1806 1699 1853 est
1735 1809 1858 1869 post
1896 1798 1991 1855 Dei
2022 1800 2105 1855 di-

2207 627 2394 681 μενοι,
2443 614 2541 667 καὶ
2597 615 2878 681 δυσσεϐῶς
2945 617 3353 689 ἐπιτρίζοντες’
3406 622 3514 676 ἀλλ’
3562 629 3606 680 εἰ
3652 633 3726 685 καὶ

2202 701 2400 773 δριμὺς
2429 705 2458 757 ὁ
2487 704 2649 775 φόϐος
2668 748 2682 772 ,
2716 709 2811 761 καὶ
2842 706 3125 762 δεινότατα
3160 710 3230 763 τὰ
3266 711 3333 765 ἐκ
3357 712 3452 783 τῆς
3482 715 3730 790 ἐπιϐουλῆς

2202 794 2540 850 διανίσταται
2570 797 2813 869 κύματα,
2848 800 3009 869 λόγος
3037 800 3131 855 τοῦ
3162 801 3356 856 παθεῖν
3394 805 3582 872 οὐδεὶς,
3610 814 3732 882 παρά

2203 900 2269 951 γε
2310 888 2425 949 τοῖς
2461 887 2679 956 ἀληθῶς
2714 891 2983 959 μαθηταῖς
3007 934 3022 958 ,
3076 892 3188 945 ἐστ’
3216 892 3291 946 ἂν
3313 893 3394 964 εἴη
3439 895 3564 967 πρὸς
3602 898 3731 969 ἔργον

2205 977 2391 1041 αὐτοῖς
2425 978 2496 1033 τὰ
2541 981 2605 1033 ἐκ
2632 981 2732 1050 τῆς
2768 982 2991 1054 ἀγάπης
3017 984 3436 1056 κατορθώματα,
3470 989 3663 1061 ἀγάπης
3685 993 3729 1045 δέ

2206 1087 2350 1139 φημι
2378 1069 2479 1140 τῆς
2510 1070 2799 1143 τοιαύτης,
2851 1075 3042 1130 ὁποίαν
3092 1075 3230 1147 πρὸς
3271 1079 3418 1147 ἡμᾶς
3445 1078 3732 1147 ὑπέδειξενὸ

2206 1159 2431 1231 Σωτὴρ,
2473 1161 2534 1225 ὃς
2575 1163 2696 1216 ἀντὶ
2738 1163 2839 1235 τῆς
2871 1167 3241 1238 προκειμένης
3277 1167 3628 1239 αύτῷίχαρᾶς
3650 1172 3732 1226 ὑπ-

2206 1251 2392 1322 έμεινε
2420 1253 2656 1324 σταυρὸν
2675 1294 2689 1318 ,
2718 1256 2984 1326 αίσχύνης
3032 1260 3452 1329 καταφρονήσας
3473 1301 3487 1326 ,
3529 1260 3609 1314 ἴνα
3646 1266 3732 1327 τοῖς

2206 1341 2555 1412 ἡμαρτηκόσι
2603 1342 2926 1416 κατορθώσῃ
2977 1343 3076 1416 τὴν
3134 1346 3426 1416 σωτηρίαν.
3481 1346 3546 1399 Ei
3582 1346 3631 1399 δὲ
3674 1349 3730 1417 μὴ

2206 1430 2403 1485 παθεῖν
2445 1432 2710 1503 ἠθέλησεν
2761 1434 2903 1506 ὑπὲρ
2951 1435 3129 1506 ήμῶν,
3166 1431 3319 1506 ἦμεν·
3347 1435 3412 1489 ἂν
3440 1435 3515 1489 ἐτι
3563 1438 3730 1507 νεκροὶ,

2205 1523 2415 1577 οἰκέται
2449 1522 2698 1578 διαϐόλου
2723 1566 2739 1591 ,
2795 1528 3008 1597 μωροὶ,
3060 1528 3154 1580 καὶ
3183 1527 3406 1595 τυφλοὶ,
3442 1529 3531 1581 καὶ
3570 1529 3733 1592 παντὸς

2210 1615 2465 1686 μένοντες
2487 1616 2717 1681 ἐπιδεεῖς·
2737 1617 2968 1686 ἀγαθοῦ,
2993 1618 3188 1689 ήδονῆς
3215 1619 3272 1674 δέ
3295 1618 3468 1672 δοῦλοι
3488 1620 3572 1674 καὶ
3595 1622 3734 1691 ἁμαρ-

2206 1706 2350 1771 τίας,
2378 1707 2569 1760 ἐλπίδα
2602 1708 2676 1778 μὴ
2704 1707 2942 1779 ἔχοντες,
2986 1709 3082 1763 καὶ
3129 1707 3282 1762 ἄθεοι
3332 1711 3389 1762 ἐν
3435 1709 3509 1781 τῷ
3555 1710 3727 1781 κόσμῳ.

2208 1795 2349 1850 Νυνὶ
2375 1796 2433 1849 δὲ
2462 1799 2555 1851 καί
2587 1798 2758 1869 αὐτὴν
2793 1799 2934 1870 ὑπὲρ
2965 1798 3125 1871 ήμῶν
3149 1798 3365 1853 τέθεικε
3389 1799 3485 1870 τὴν
3511 1799 3665 1870 ψυχὴν
3687 1798 3731 1863 ἐξ

520 1880 838 1945 lectionem,
863 1884 915 1937 in
951 1885 1153 1939 fratres
1183 1882 1451 1949 charitas,
1482 1893 1536 1940 et
1565 1866 1751 1942 omnis
1776 1902 1907 1959 erga
1932 1887 2099 1943 Deum

2212 1886 2429 1959 ἀγάπης
2452 1888 2549 1956 τῆς
2573 1888 2652 1951 είς
2689 1866 2841 1959 ήμᾶς
2872 1866 3140 1963 item.
3167 1890 3262 1945 καὶ
3306 1866 3731 1962 ἀσύγκριτόνντινα

521 1974 744 2042 pietatis
778 1976 859 2030 vis
902 1975 1003 2030 hoc
1044 1991 1154 2030 uno
1182 1977 1354 2031 verbo
1397 1977 1809 2047 quodammodo
1852 1995 2098 2051 compre-

505 2061 783 2117 ‘henditur
816 2084 829 2120 :
868 2084 886 2117 ι
943 2064 1147 2135 Diliges
1201 2066 1516 2136 proximum
1570 2074 1727 2122 tuum
1776 2069 1923 2125 sicut
1957 2070 2098 2141 teip-

522 2169 645 2210 Sum
670 2156 736 2210 “.
777 2174 796 2207 ι

2206 1980 2307 2050 τὴν
2366 1979 2783 2052 φιλανθρωπίαν
2836 1981 3275 2053 ἐπιδειξάμενος,
3351 1983 3607 2054 ζηλωτοὺς
3652 1983 3731 2035 ἀπ-

2210 2072 2397 2143 έφηνε,
2427 2074 2519 2126 καὶ
2544 2075 2997 2145 τρισμακαρίους,
3045 2075 3259 2139 οὐδενὸς
3288 2077 3347 2128 τὸ
3387 2076 3626 2146 παράπαν
3649 2073 3730 2124 τῶν

2212 2163 2437 2232 ἀγαθῶν
2471 2165 2724 2229 ἐπιδεεῖς.
2767 2166 3027 2237 Ἀρμόσει
3065 2168 3166 2236 μὲν
3205 2163 3301 2221 οὖν
3345 2166 3452 2220 τῶν
3487 2165 3731 2235 προκειμέ-

522 2249 689 2318 νωνή
721 2246 973 2320 δύναμις,
1003 2247 1142 2302 κατά
1171 2246 1361 2302 τοῦτον
1398 2242 1554 2319 οἶμαι
1601 2249 1693 2303 τὸν
1738 2250 1939 2304 σκοπὸν
1984 2254 2107 2317 ταῖς
2142 2250 2524 2318 θεοπνεύστοις
2556 2255 2665 2309 τῶν
2715 2256 2976 2327 μαθητῶν
3013 2258 3298 2326 κεφαλαῖς.
3342 2257 3405 2310 El
3444 2255 3496 2308 δέ
3554 2254 3611 2326 δή
3662 2251 3734 2305 καὶ

521 2341 605 2402 είς
632 2339 876 2402 ἅπαντας
912 2337 1043 2405 ἐξίοι
1079 2338 1140 2392 τὸ
1174 2338 1483 2411 εἰρημένον,
1521 2337 1667 2392 τοῦτ’
1688 2338 1855 2407 ἔστιν,
1894 2357 1912 2390 ι
1945 2338 2093 2411 Αὕτη
2134 2340 2283 2394 ἐστὶν
2309 2341 2343 2411 ή
2369 2343 2554 2414 ἐντολὴ
2585 2346 2618 2415 ή
2650 2345 2778 2416 ἐμὴ,
2815 2347 2902 2400 ἵνα
2961 2346 3216 2413 ἀγαπᾶτε
3268 2345 3557 2416 ἀλλήλους,
3591 2339 3735 2400 καθὼς

522 2430 785 2503 ἠγάπησα
815 2431 994 2503 ὑμᾶς’
1026 2449 1045 2482 ι
1084 2431 1219 2484 πολύ
1292 2449 1345 2485 τι
1387 2434 1501 2495 τοῖς
1552 2431 1697 2493 ὅλοις
1740 2431 2020 2494 λυσιτελὲς
2090 2431 2179 2485 διὰ
2214 2433 2315 2501 τῆς
2347 2436 2578 2506 ἐρεύνης
2620 2438 2958 2509 εισὸήσεται.
3005 2440 3069 2492 Ei
3121 2439 3232 2510 γὰρ
3282 2437 3498 2505 ἁπάσης
3537 2432 3627 2503 τῆς
3663 2428 3744 2482 τώ

523 2527 776 2598 Σωτῆρος
811 2527 966 2598 ἡμῶν
1013 2526 1234 2597 ἐντολῆς
1261 2525 1361 2597 τὴν
1392 2526 1693 2597 πλήρωσίν.
1728 2528 1760 2597 ἡ
1816 2528 1897 2590 εἰς
1940 2527 2205 2596 ἀδελφοὺς
2230 2529 2424 2599 ἀγάπη
2449 2535 2611 2602 τηρεί
2675 2534 2768 2588 καὶ
2809 2535 3125 2605 ἐργάζεται,
3197 2532 3317 2595 πῶς
3371 2532 3430 2585 οὺ
3486 2529 3592 2582 λίαν
3620 2525 3734 2588 ἀξιο-

523 2618 838 2689 θαύμαστος
866 2621 893 2672 ὁ
918 2617 1123 2689 ταύτην
1166 2618 1249 2671 ὅτι
1314 2618 1553 2688 μάλιστα
1622 2618 1927 2689 κατορθοῦν
1972 2619 2299 2690 ἐπιχειρῶν,
2341 2621 2704 2694 ἀλοιδορήτως
2766 2641 2826 2677 τε
2868 2626 2963 2679 καὶ
3004 2625 3368 2688 ἀνυπαιτίως,
3436 2623 3519 2676 ὅτε
3567 2616 3732 2677 πασῶν,

520 2712 597 2773 ὡς
626 2710 755 2774 ἔπος
780 2710 985 2769 εἰπεῖν,
1019 2708 1130 2762 τῶν
1173 2708 1385 2780 ἀρετῶν
1432 2711 1787 2764 ἐναπόκειται
1838 2711 1900 2764 τὸ
1931 2711 2269 2777 κεφάλαιονς
2338 2715 2582 2787 Δευτέρα
2635 2715 2745 2788 γὰρ
2788 2716 2892 2786 τῆς
2938 2718 3020 2781 είς
3061 2717 3197 2771 Θεὸν
3271 2717 3524 2786 ἀγάπης,
3593 2714 3622 2781 ή
3676 2710 3735 2770 εἷς

481 2846 485 2850 .
520 2800 786 2872 ἀλλήλους
840 2801 977 2863 ἐστὶ,
1030 2798 1124 2850 καὶ
1167 2800 1318 2855 πᾶσα
1362 2800 1465 2869 τῆς
1519 2800 1599 2862 είς
1642 2800 1775 2853 Θεὸν
1814 2800 2097 2864 εὐσεόείας
2130 2803 2162 2872 ή
2197 2800 2427 2873 δύναμις
2455 2803 2532 2867 ὡς
2572 2805 2631 2857 ἐν
2674 2805 2756 2858 ἐνὶ
2797 2804 2973 2876 τούτῳ
3028 2804 3464 2877 συμπεραιοῦται
3498 2802 3653 2870 λόγῳ,
3692 2799 3735 2851 ἐν

521 2896 622 2967 τῷ,
659 2914 677 2946 ι
703 2897 1029 2967 ⁹Αγαπήσεις
1058 2897 1150 2949 τὸν
1178 2896 1405 2966 πλησίον
1435 2912 1549 2961 σου,
1581 2896 1656 2959 ὡς
1680 2896 1895 2951 ἑαυτόν.
1935 2915 1954 2947 ι

594 2987 715 3051 XV,
758 2988 858 3052 l4,
900 2988 987 3042 15.
1050 2985 1154 3040 Vos
1202 2988 1363 3040 amici
1413 2988 1516 3041 mei
1563 2989 1729 3051 estis,
1773 2988 1820 3041 si
1873 2987 2106 3058 feceritis

523 3097 642 3153 qua
662 3096 756 3151 ego
781 3081 1031 3150 prwcipio
1064 3080 1227 3134 vobis.
1264 3080 1388 3135 Jam
1421 3097 1527 3134 non
1554 3079 1731 3134 dicam
1775 3097 1863 3137 vos
1890 3099 2068 3137 servos
2088 3125 2104 3149 ,

524 3175 653 3243 quia
695 3187 877 3226 servus
928 3173 1093 3225 nescit
1142 3171 1268 3241 quid
1318 3171 1484 3241 faciat
1517 3171 1765 3227 dominus
1818 3173 1932 3243 ejus
1962 3190 1983 3229 :
2017 3192 2107 3230 vos
2137 3200 2178 3259 ο

527 3275 706 3320 autem
737 3264 852 3319 dixi
884 3265 1106 3327 amicos,
1139 3266 1264 3334 quia
1298 3264 1479 3319 omnia
1524 3280 1843 3336 quiscunque
1867 3265 2050 3321 audiri
2076 3284 2111 3321 ιι

536 3354 696 3412 Patre
728 3371 838 3409 meo
869 3365 995 3409 nota
1026 3354 1127 3425 feci
1159 3353 1323 3409 vobis.
1610 3348 1627 3363 ⁸

599 3446 871 3519 Opposuit
917 3463 1111 3503 rursus
1155 3448 1439 3503 eventuris
1492 3447 1793 3518 aliquando
1849 3464 1918 3503 ex
1973 3448 2106 3504 obe-

537 3544 736 3598 dientia
769 3549 823 3597 et
869 3541 1085 3598 virtutis
1134 3541 1317 3597 studio
1364 3542 1630 3612 periculis
1679 3557 1744 3596 ac
1798 3542 2111 3599 terroribus

536 3633 745 3689 lucrum
783 3632 931 3703 quod
965 3648 1030 3688 ex
1060 3648 1247 3688 amore
1289 3647 1419 3701 erga
1473 3650 1534 3688 se
1569 3633 1907 3702 reportaturi
1956 3640 2110 3699 sunt,

454 3720 465 3727 ’
534 3736 587 3778 ut
622 3725 823 3796 gaudio
859 3724 986 3779 inde
1013 3732 1282 3794 concepto
1311 3733 1367 3779 et
1402 3725 1457 3778 in
1493 3725 1674 3794 majus
1722 3725 2111 3797 progrediendi

536 3818 851 3888 cupiditate,
900 3832 1092 3873 eorum
1126 3818 1540 3887 abstergeretur
1576 3817 1853 3885 molestia,
1880 3828 1935 3873 et
1965 3818 2113 3889 quod

535 3924 695 3968 t'rave
753 3908 1087 3979 quandoque
1133 3908 1353 3963 videtur
1414 3909 1467 3963 in
1528 3908 1762 3963 nihilum
1816 3909 2112 3965 recideret.

534 4003 717 4058 Dulcis
747 4003 892 4056 enim
942 4010 1055 4054 tum
1099 4001 1253 4055 labor
1291 4008 1377 4057 est
1417 4000 1588 4056 Deum
1631 4000 1951 4055 amantibus
1985 4017 2114 4056 cum

532 4092 780 4161 proxima
830 4098 884 4145 et
925 4091 1150 4160 copiosa
1204 4098 1291 4146 est
1344 4106 1577 4148 merces.
1623 4090 1695 4145 At
1736 4090 1870 4160 quid
1910 4091 2112 4160 majus,

537 4192 629 4240 aut
667 4183 942 4238 illustrius
970 4183 1139 4254 889
1170 4183 1280 4238 dici
1311 4192 1499 4253 potest
1521 4199 1685 4255 quam
1718 4183 1931 4238 Christi
1976 4184 2117 4238 ami—

539 4288 659 4328 (um
693 4283 746 4328 et
775 4289 898 4329 esse
943 4285 997 4328 et
1031 4276 1329 4345 appellari?
1374 4277 1620 4330 Observa
1660 4275 1808 4329 enim
1845 4283 2116 4343 quantum

538 4364 650 4418 haec
697 4364 939 4434 dignitas
992 4373 1202 4420 naturae
1236 4366 1491 4419 humanae
1545 4365 1810 4420 terminos
1866 4365 2115 4418 excedat.

535 4454 732 4508 Omnia
779 4456 925 4509 enim
978 4454 1227 4510 Creatori
1280 4455 1552 4516 serviunt,
1595 4453 1754 4523 juxta
1807 4453 2119 4508 Psalmistte

2299 2983 2486 3054 Ὑμεῖς
2521 2985 2689 3055 φίλοι
2711 2985 2832 3054 μού
2884 2987 3063 3052 ἐστε,
3111 2986 3227 3040 ἐὰν
3275 2987 3480 3057 ποιῆτε
3518 2987 3622 3042 ὅσα
3647 2986 3734 3057 ἐγὼ

2212 3076 2571 3147 ἐντέλλομαι
2611 3076 2777 3147 ὑμῖν.
2825 3078 3036 3133 Οὐκέτι
3084 3079 3243 3149 λέγω
3292 3079 3445 3149 ὑμᾶς
3499 3078 3731 3144 δούλους.

2214 3166 2304 3221 ὅτι
2332 3170 2367 3222 ό
2408 3166 2632 3233 δοῦλος
2673 3171 2786 3223 οὐκ
2815 3167 2940 3224 οἶδε
2970 3170 3028 3223 τί
3059 3171 3225 3224 ποιεῖ
3252 3172 3437 3226 αὑτοῦ
3476 3175 3507 3226 ὁ
3540 3173 3732 3239 κύριος·

2210 3257 2370 3328 ὑμᾶς
2415 3259 2486 3313 δὲ
2529 3261 2747 3331 εἴρηκα
2797 3263 3051 3332 φίλους,
3101 3263 3195 3317 ὅτι
3226 3264 3422 3317 πάντα
3474 3261 3512 3317 ἁ
3545 3262 3737 3332 ἥκουσα

2211 3350 2374 3419 παρὰ
2404 3350 2512 3405 τοῦ
2540 3355 2773 3422 Πατρός
2795 3371 2916 3424 μου
2958 3354 3259 3425 ἐγνώρισα
3282 3354 3442 3425 ὑμῖν.

2297 3442 2582 3509 ’Δντέταξε
2629 3444 2791 3499 πάλιν
2828 3447 2941 3510 τοῖς
2980 3446 3046 3498 ἐκ
3090 3446 3191 3516 τῆς
3241 3447 3483 3516 ὑπακοῆς
3522 3446 3606 3499 καὶ
3650 3441 3739 3511 φιλ-

2212 3537 2411 3608 αρέτου
2437 3538 2666 3610 γνώμης
2709 3539 2992 3610 ἐσομένοις
3020 3538 3134 3592 ἔσθ’
3160 3540 3253 3593 ὅτε
3291 3540 3540 3610 δείμασι,
3561 3537 3646 3605 τῆς
3679 3535 3740 3593 εἰς

2212 3628 2375 3683 αὐτὸν
2406 3629 2589 3699 φιλίας
2618 3629 2677 3684 τὸ
2705 3630 2916 3702 κέρδος,
2948 3631 3036 3685 ἶνα
3064 3634 3186 3695 ταῖς
3226 3630 3472 3685 ἐντεῦθεν
3503 3624 3739 3696 εὐθυμίαις

2214 3721 2310 3776 καὶ
2336 3722 2403 3792 τῇ
2433 3720 2573 3792 πρὸς
2600 3721 2662 3774 τὺ
2694 3721 2879 3792 μεῖζον
2908 3722 3116 3789 ἐφέσει,
3149 3721 3215 3774 τὸ
3253 3722 3312 3775 ἐν
3340 3721 3556 3782 ἐκείνοις
3584 3713 3740 3785 ἀφανί-

2215 3813 2380 3884 ζηται
2409 3814 2691 3883 φορτικὸν,
2718 3814 2814 3866 καὶ
2847 3813 2907 3867 τὸ
2944 3814 3135 3867 λυπεέν
3168 3813 3283 3868 ἐσθ’
3310 3815 3398 3868 ὅτε
3424 3809 3600 3866 δοκοῦν
3623 3807 3738 3877 οἰχήν

2216 3918 2370 3956 σεται
2392 3901 2531 3973 πρὸς
2553 3902 2615 3956 τὸ
2646 3903 2836 3974 μηδέν.
2867 3903 3080 3966 Γλυκὺς
3103 3904 3218 3975 γὰρ
3242 3905 3363 3958 τότε
3387 3906 3494 3965 τοῖς
3522 3898 3740 3970 φιλοθέοις

2213 3994 2244 4046 ὁ
2274 3995 2437 4059 πόνος
2461 4032 2477 4057 ,
2525 3995 2616 4048 ὅτε
2661 3993 2861 4062 γείτων
2912 3997 3022 4068 ἄρα
3079 3997 3176 4050 καὶ
3235 3997 3483 4059 πλούσιος
3513 3996 3538 4047 ὁ
3574 3990 3739 4064 μισθόςι

2216 4081 2351 4139 Εἶτα
2380 4087 2464 4150 τίς
2494 4087 2559 4141 ἂν
2588 4086 2805 4158 οἰηθείη
2845 4088 2899 4141 τί
2935 4088 3120 4158 μεῖζον
3143 4128 3158 4155 ,
3201 4090 3256 4142 τί
3289 4089 3344 4142 δὲ
3372 4085 3506 4142 εἶναι
3543 4079 3744 4155 λαμπράσ

2215 4195 2375 4250 τερον
2416 4181 2535 4251 ἐρεῖ
2570 4179 2667 4233 τοῦ
2701 4179 2855 4248 φίλον
2900 4175 3043 4234 εἶναι
3085 4180 3181 4234 καὶ
3228 4181 3483 4251 λέγεσθαι
3510 4171 3741 4246 Χριστοῦ;

2216 4269 2329 4324 Θέα
2359 4270 2466 4342 γὰρ
2501 4270 2651 4334 ὅπως
2696 4271 2792 4325 καὶ
2842 4271 2981 4342 ὑπὲρ
3018 4273 3222 4336 αὐτοὺς
3267 4275 3392 4336 τοὺς
3444 4270 3540 4339 τῆς
3576 4266 3742 4335 ἀνθρω“

2220 4362 2383 4426 πείας
2406 4362 2622 4433 φύσεως
2653 4364 2812 4434 ὄρους
2847 4365 2964 4417 ἐστὶ
2997 4364 3059 4417 τὸ
3087 4364 3324 4435 ἀξίωμα.
3357 4363 3521 4417 Δοῦλα
3557 4360 3643 4432 μὲν
3666 4356 3744 4425 γὰρ

2220 4455 2400 4509 πάντα
2419 4454 2516 4508 τοῦ
2542 4455 2901 4524 πεποιηκότος
2933 4456 3094 4520 αὐτὰ,
3131 4457 3274 4510 κατά
3302 4458 3400 4527 τὴν
3433 4453 3523 4507 τοῦ
3549 4450 3745 4508 Ψαλλον-

536 4562 725 4603 vncem
758 4548 824 4614 “',
861 4563 961 4602 nec
996 4550 1104 4602 ulla
1143 4564 1233 4603 res
1263 4554 1349 4602 est
1373 4554 1558 4601 creata
1593 4560 1716 4615 quae
1749 4544 1972 4600 subdita
2004 4560 2109 4600 non

2223 4562 2314 4609 τος
2336 4545 2521 4615 φωνὴν
2538 4586 2551 4610 ,
2585 4545 2680 4597 καὶ
2709 4543 2862 4597 οὐδὲν
2885 4585 2898 4608 ,
2932 4540 3085 4615 οἶμαι
3111 4585 3125 4608 ,
3166 4545 3275 4599 τῶν
3301 4544 3587 4615 γεγονότων
3634 4536 3745 4591 ἐστὶν

537 4642 609 4696 sit
643 4640 776 4712 jugo
815 4641 1126 4702 servitutis.
1176 4642 1220 4695 si
1259 4641 1400 4694 ratio
1439 4640 1721 4695 Creatoris
1750 4648 1804 4695 et
1850 4647 2124 4694 creatura:

537 4741 831 4801 spectetur.
886 4733 995 4785 Nec
1034 4733 1182 4786 enim
1214 4731 1440 4799 aequalis
1479 4737 1563 4786 est
1616 4739 1872 4785 creatura
1929 4729 2123 4784 factori

538 4838 662 4885 suo,
705 4824 856 4876 nullo
888 4824 1051 4876 modo
1086 4841 1099 4875 :
1135 4823 1231 4876 sed
1268 4822 1502 4890 imperat
1534 4822 1721 4891 potius
1753 4832 1807 4877 et
1859 4821 2124 4892 praeposi-

538 4922 627 4968 tus
654 4923 736 4969 est
762 4916 858 4984 qui
892 4929 1059 4983 supra
1088 4928 1281 4966 omnes
1311 4922 1397 4967 est
1430 4912 1595 4968 Deus.
1630 4914 1909 4983 Subjcctis
1959 4915 2125 4984 igitur

538 5009 816 5072 omnibus,
848 5016 902 5062 et
964 5006 1076 5061 Deo
1127 5004 1462 5070 substratis,
1521 5005 1587 5059 ad
1644 5013 2123 5077 supernaturalem

538 5101 769 5169 gloriam
798 5106 1042 5155 ’sanctos
1083 5096 1344 5152 mandata
1376 5113 1475 5152 sua
1528 5109 1814 5154 servantes
1859 5099 2125 5155 Dominus

538 5191 724 5261 erigit,
751 5198 806 5245 et
835 5190 899 5243 ad
944 5190 1281 5258 inculpatam
1310 5187 1707 5255 subjectionem
1734 5191 1890 5259 quasi
1930 5206 2125 5245 mune-

539 5283 618 5337 ris
651 5283 775 5336 loco
826 5280 1076 5336 deducit.
1112 5280 1276 5335 Clara
1307 5280 1472 5350 igitur
1499 5289 1553 5335 et
1599 5281 1832 5336 illustris
1860 5282 2016 5337 valde
2042 5291 2128 5337 est

2221 4635 2250 4688 ὃ
2281 4635 2356 4707 μὴ
2383 4636 2463 4706 τῷ
2500 4636 2600 4706 τῆς
2631 4635 2880 4699 δουλείας
2922 4635 3205 4709 ὑπηνέχθη
3236 4635 3403 4707 ζυγῷ,
3440 4634 3571 4688 κατά
3595 4647 3647 4699 γε
3678 4625 3746 4678 τὸν

2223 4727 2505 4798 πρέποντα
2544 4728 2704 4795 λόγον
2738 4728 2833 4781 καὶ
2865 4727 3210 4805 δημιουργῷ,
3253 4729 3349 4783 καὶ
3391 4710 3652 4797 ποιήματι.
3691 4717 3745 4770 Οὐ

2221 4820 2332 4890 γὰρ
2375 4821 2434 4872 ἐν
2470 4818 2570 4888 ἴσῳ
2614 4817 2676 4870 τὸ
2739 4817 2964 4888 ποιηθὲν
3021 4818 3101 4889 τῷ
3136 4818 3536 4888 ,τεκτηνάμένῳ
3599 4808 3746 4864 ποθὲν.

2223 4906 2487 4981 κατάρξει
2527 4909 2584 4961 δὲ
2639 4906 2842 4976 μᾶλλον
2864 4945 2878 4970 ,
2930 4908 3027 4962 καὶ
3077 4908 3454 4980 καθηγήσεται
3496 4904 3594 4958 τῶν
3635 4896 3749 4952 ἰδίων

2223 5002 2399 5074 ἔργων
2424 5002 2453 5053 ὁ
2486 5000 2578 5052 ἐπὶ
2606 4998 2815 5063 πάντας
2849 5000 3002 5063 Θεός.
3047 5001 3501 5071 ’Υπεζευγμένων
3546 4990 3628 5048 οὖν
3666 4989 3750 5056 ἄρα

2223 5093 2333 5145 τῶν
2376 5092 2548 5155 ὅλων,
2600 5091 2695 5144 καὶ
2727 5090 2912 5144 δοῦλον
2954 5092 3386 5164 ὑπεστρωκότων
3422 5091 3498 5159 τῷ
3541 5082 3645 5152 Θεῷ
3681 5079 3750 5128 τὸν

2224 5186 2451 5255 αὐχένα,
2491 5182 2627 5254 πρὸς
2649 5182 2749 5253 τὴν
2780 5182 2923 5254 ὑπὲρ
2953 5183 3116 5253 φύσιν
3148 5182 3465 5254 ἀνακομίζει
3489 5175 3630 5240 δόξαν
3653 5168 3751 5224 τοὺς

2224 5277 2414 5345 ἁγίους
2457 5276 2486 5327 ὁ
2536 5272 2772 5342 Κύριος,
2826 5275 2876 5325 εἰ
2917 5273 3049 5344 δρᾷν
3092 5273 3368 5335 ἐθέλοντες
3410 5270 3660 5340 φαίνοιντο
3700 5255 3751 5306 τὶ

541 5388 755 5431 merces
789 5388 803 5426 :
837 5379 1219 5428 verumtamen
1254 5371 1385 5426 illud
1419 5372 1508 5426 hic
1548 5372 1822 5443 imprimis
1862 5373 2109 5428 conside-

2229 5366 2490 5422 δοκοῦντα
2516 5363 2665 5433 αὺτῷ
2692 5403 2707 5429 ,
2745 5365 2837 5417 καὶ
2868 5364 3123 5436 καθάπερ
3164 5369 3222 5419 ἐν
3255 5365 3405 5430 τάξει
3441 5350 3745 5443 δωροφορίᾳςν

541 5466 778 5523 randum
812 5472 901 5520 est
937 5462 1062 5535 (nec
1103 5465 1249 5519 enim
1300 5479 1491 5535 parum
1537 5440 1854 5534 conducet),
1887 5464 2031 5534 quod
2070 5464 2109 5520 si

2231 5457 2650 5528 ἀκατηγόρητον
2720 5455 2870 5526 αὐτῷ
2927 5454 3290 5528 προσ-κομίζει
3346 5454 3442 5526 τήν
3494 5440 3745 5535 ὑποταγήνι

543 5557 670 5612 Filii
701 5570 854 5611 amor
895 5527 964 5610 ad
1006 5555 1276 5611 libertatis
1300 5527 1667 5627 -dignitatem,
1712 5527 1879 5626 atque
1906 5527 1968 5610 ut
2014 5571 2109 5611 nor

2235 5527 2501 5622 Λαμπρὺς
2525 5545 2619 5603 οὖν
2646 5548 2776 5620 ἄρα,
2805 5548 2902 5601 καὶ
2944 5527 3306 5622 ἁξιοζήλωτος
3331 5549 3359 5601 δ
3394 5541 3570 5617 μισθός
3590 5552 3601 5566 ³
3625 5527 3747 5627 ’πλὴν

509 5648 784 5719 ,οπιριίυε
811 5648 955 5705 servi
1009 5656 1297 5715 vocentur,
1351 5648 1634 5705 nonnullis
1671 5647 1936 5714 sulliciat,
1983 5663 2109 5719 quoi

2235 5646 2411 5699 ἐκεῖνο
2435 5639 2847 5697 κατασκεπτέον
2867 5641 2925 5695 ἐν
2951 5640 3163 5707 τούτοις
3185 5636 3242 5695 εὖ
3273 5638 3413 5712 μάλα
3441 5623 3746 5706 (λυσιτελῆσει

627 5820 846 5882 "Joan.
881 5841 970 5897 xv,
1000 5828 1082 5885 12.
1165 5834 1208 5864 ⁸⁸
1241 5830 1434 5887 Matth.
1458 5846 1510 5897 ν,
1545 5832 1630 5888 45.
1711 5832 1753 5862 ⁸⁷
1794 5832 1939 5889 Psal.
1969 5849 2136 5889 cxvm
2165 5872 2178 5900 ,
2215 5834 2303 5892 9i.
