  <div class='ocr_page' id='page_1' title='image "/cluster/home/n/w/nwhite01/storage/ocr_20150623/74:no.7/coo.31924054869684/200.png"; bbox 0 0 3938 6406; ppageno 0'>
   <div class='ocr_carea' id='block_1_1' title="bbox 134 358 247 417">
    <p class='ocr_par' dir='ltr' id='par_1_1' title="bbox 134 358 247 417">
     <span class='ocr_line' id='line_1_1' title="bbox 134 358 247 417; baseline -0.027 0"><span class='ocrx_word' id='word_1_1' title='bbox 134 358 247 417; x_wconf 78' lang='lat'><strong>385</strong></span> 
     </span>
    </p>
   </div>
   <div class='ocr_carea' id='block_1_2' title="bbox 1162 334 2311 409">
    <p class='ocr_par' dir='ltr' id='par_1_2' title="bbox 1162 334 2311 409">
     <span class='ocr_line' id='line_1_2' title="bbox 1162 334 2311 409; baseline -0.008 -13"><span class='ocrx_word' id='word_1_2' title='bbox 1162 340 1229 409; x_wconf 77' lang='grc' dir='ltr'><strong>ΙΝ</strong></span> <span class='ocrx_word' id='word_1_3' title='bbox 1255 340 1539 398; x_wconf 80' lang='lat' dir='ltr'><strong>JOANNIS</strong></span> <span class='ocrx_word' id='word_1_4' title='bbox 1578 335 2028 396; x_wconf 66' lang='lat' dir='ltr'><strong>EVAN‘GELIUM</strong></span> <span class='ocrx_word' id='word_1_5' title='bbox 2068 334 2198 390; x_wconf 85' lang='lat' dir='ltr'><strong>LIB.</strong></span> <span class='ocrx_word' id='word_1_6' title='bbox 2240 334 2311 388; x_wconf 81' lang='grc' dir='ltr'><strong>Χ.</strong></span> 
     </span>
    </p>
   </div>
   <div class='ocr_carea' id='block_1_3' title="bbox 3290 336 3397 393">
    <p class='ocr_par' dir='ltr' id='par_1_3' title="bbox 3290 336 3397 393">
     <span class='ocr_line' id='line_1_3' title="bbox 3290 336 3397 393; baseline -0.019 0"><span class='ocrx_word' id='word_1_7' title='bbox 3290 336 3397 393; x_wconf 68' lang='grc' dir='ltr'><strong>εδδ</strong></span> 
     </span>
    </p>
   </div>
   <div class='ocr_carea' id='block_1_4' title="bbox 132 444 1739 539">
    <p class='ocr_par' dir='ltr' id='par_1_4' title="bbox 132 452 1721 539">
     <span class='ocr_line' id='line_1_4' title="bbox 132 452 1721 539; baseline -0.011 -18"><span class='ocrx_word' id='word_1_8' title='bbox 132 466 248 539; x_wconf 84' lang='grc' dir='ltr'>γὰρ</span> <span class='ocrx_word' id='word_1_9' title='bbox 274 464 340 518; x_wconf 82' lang='grc' dir='ltr'>οὐ</span> <span class='ocrx_word' id='word_1_10' title='bbox 381 458 669 535; x_wconf 61' lang='grc' dir='ltr'>μικρῶς),</span> <span class='ocrx_word' id='word_1_11' title='bbox 717 460 766 513; x_wconf 72' lang='grc' dir='ltr'><strong>εί</strong></span> <span class='ocrx_word' id='word_1_12' title='bbox 808 457 917 528; x_wconf 85' lang='lat'><strong>7&amp;9</strong></span> <span class='ocrx_word' id='word_1_13' title='bbox 955 456 1242 528; x_wconf 71' lang='grc' dir='ltr'><strong>ἐξαρκέσει</strong></span> <span class='ocrx_word' id='word_1_14' title='bbox 1278 455 1421 508; x_wconf 69' lang='grc' dir='ltr'>τισὶν</span> <span class='ocrx_word' id='word_1_15' title='bbox 1456 456 1537 517; x_wconf 84' lang='grc' dir='ltr'><strong>είς</strong></span> <span class='ocrx_word' id='word_1_16' title='bbox 1569 452 1721 507; x_wconf 82' lang='grc' dir='ltr'>ἐλεύ-</span> 
     </span>
    </p>
   </div>
   <div class='ocr_carea' id='block_1_5' title="bbox 1842 444 3409 539">
    <p class='ocr_par' dir='ltr' id='par_1_5' title="bbox 1842 444 3409 514">
     <span class='ocr_line' id='line_1_5' title="bbox 1842 444 3409 514; baseline 0.001 -15"><span class='ocrx_word' id='word_1_17' title='bbox 1842 447 1990 502; x_wconf 56' lang='lat' dir='ltr'><strong>ruodo</strong></span> <span class='ocrx_word' id='word_1_18' title='bbox 2023 460 2218 503; x_wconf 86' lang='lat' dir='ltr'><strong>servus</strong></span> <span class='ocrx_word' id='word_1_19' title='bbox 2248 444 2388 509; x_wconf 89' lang='lat' dir='ltr'><strong>erit,</strong></span> <span class='ocrx_word' id='word_1_20' title='bbox 2427 451 2521 497; x_wconf 90' lang='lat' dir='ltr'><strong>aut</strong></span> <span class='ocrx_word' id='word_1_21' title='bbox 2555 450 2816 514; x_wconf 98' lang='lat' dir='ltr'><strong>tanquam</strong></span> <span class='ocrx_word' id='word_1_22' title='bbox 2865 450 3116 499; x_wconf 78' lang='lat' dir='ltr'><strong>creatura</strong></span> <span class='ocrx_word' id='word_1_23' title='bbox 3162 454 3215 500; x_wconf 91' lang='lat' dir='ltr'><strong>et</strong></span> <span class='ocrx_word' id='word_1_24' title='bbox 3253 461 3409 503; x_wconf 85' lang='lat' dir='ltr'><strong>erea-</strong></span> 
     </span>
    </p>
   </div>
   <div class='ocr_carea' id='block_1_6' title="bbox 133 544 1722 632">
    <p class='ocr_par' dir='ltr' id='par_1_6' title="bbox 133 544 1722 632">
     <span class='ocr_line' id='line_1_6' title="bbox 133 544 1722 632; baseline -0.011 -19"><span class='ocrx_word' id='word_1_25' title='bbox 133 559 302 632; x_wconf 84' lang='grc' dir='ltr'>θερον</span> <span class='ocrx_word' id='word_1_26' title='bbox 328 555 572 625; x_wconf 79' lang='grc' dir='ltr'>ἀξίωμα,</span> <span class='ocrx_word' id='word_1_27' title='bbox 604 550 858 623; x_wconf 77' lang='grc' dir='ltr'>καὶπρὸς</span> <span class='ocrx_word' id='word_1_28' title='bbox 884 551 944 603; x_wconf 81' lang='grc' dir='ltr'>τὸ</span> <span class='ocrx_word' id='word_1_29' title='bbox 966 547 1168 621; x_wconf 78' lang='grc' dir='ltr'><strong>μηκέτι</strong></span> <span class='ocrx_word' id='word_1_30' title='bbox 1194 546 1479 601; x_wconf 84' lang='grc' dir='ltr'>καλεῖσθαι</span> <span class='ocrx_word' id='word_1_31' title='bbox 1503 544 1722 608; x_wconf 76' lang='grc' dir='ltr'><strong>δούλους</strong></span> 
     </span>
    </p>
   </div>
   <div class='ocr_carea' id='block_1_7' title="bbox 133 634 1724 720">
    <p class='ocr_par' dir='ltr' id='par_1_7' title="bbox 133 634 1724 720">
     <span class='ocr_line' id='line_1_7' title="bbox 133 634 1724 720; baseline -0.01 -18"><span class='ocrx_word' id='word_1_32' title='bbox 133 651 167 720; x_wconf 79' lang='grc' dir='ltr'><strong>ἠ</strong></span> <span class='ocrx_word' id='word_1_33' title='bbox 203 647 348 718; x_wconf 81' lang='grc' dir='ltr'>πρὸς</span> <span class='ocrx_word' id='word_1_34' title='bbox 379 646 472 700; x_wconf 75' lang='grc' dir='ltr'><strong>τὸν</strong></span> <span class='ocrx_word' id='word_1_35' title='bbox 509 643 635 699; x_wconf 82' lang='grc' dir='ltr'>Υίὺν</span> <span class='ocrx_word' id='word_1_36' title='bbox 668 642 854 712; x_wconf 84' lang='grc' dir='ltr'>φιλία,</span> <span class='ocrx_word' id='word_1_37' title='bbox 899 640 1017 703; x_wconf 87' lang='grc' dir='ltr'><strong>πῶς</strong></span> <span class='ocrx_word' id='word_1_38' title='bbox 1062 639 1129 693; x_wconf 82' lang='grc' dir='ltr'>ἂν</span> <span class='ocrx_word' id='word_1_39' title='bbox 1180 638 1266 708; x_wconf 79' lang='grc' dir='ltr'>εἴη</span> <span class='ocrx_word' id='word_1_40' title='bbox 1301 636 1524 700; x_wconf 86' lang='grc' dir='ltr'>δοῦλος,</span> <span class='ocrx_word' id='word_1_41' title='bbox 1573 634 1606 706; x_wconf 81' lang='grc' dir='ltr'>ἢ</span> <span class='ocrx_word' id='word_1_42' title='bbox 1650 635 1724 696; x_wconf 83' lang='grc' dir='ltr'>ὡς</span> 
     </span>
    </p>
   </div>
   <div class='ocr_carea' id='block_1_8' title="bbox 136 725 1723 808">
    <p class='ocr_par' dir='ltr' id='par_1_8' title="bbox 136 725 1723 808">
     <span class='ocr_line' id='line_1_8' title="bbox 136 725 1723 808; baseline -0.009 -16"><span class='ocrx_word' id='word_1_43' title='bbox 136 738 384 808; x_wconf 85' lang='grc' dir='ltr'>ποίημα,</span> <span class='ocrx_word' id='word_1_44' title='bbox 431 735 528 788; x_wconf 74' lang='grc' dir='ltr'>καὶ</span> <span class='ocrx_word' id='word_1_45' title='bbox 555 733 802 803; x_wconf 82' lang='grc' dir='ltr'><strong>γενητὸς,</strong></span> <span class='ocrx_word' id='word_1_46' title='bbox 835 731 978 786; x_wconf 91' lang='grc' dir='ltr'><strong>κατά</strong></span> <span class='ocrx_word' id='word_1_47' title='bbox 1004 733 1101 801; x_wconf 78' lang='grc' dir='ltr'>τήν</span> <span class='ocrx_word' id='word_1_48' title='bbox 1122 746 1285 784; x_wconf 87' lang='grc' dir='ltr'>τινων</span> <span class='ocrx_word' id='word_1_49' title='bbox 1311 727 1608 793; x_wconf 76' lang='grc' dir='ltr'>ἀϐουλίαν;</span> <span class='ocrx_word' id='word_1_50' title='bbox 1649 725 1723 779; x_wconf 75' lang='grc' dir='ltr'><strong>Οὐ</strong></span> 
     </span>
    </p>
   </div>
   <div class='ocr_carea' id='block_1_9' title="bbox 134 814 1726 901">
    <p class='ocr_par' dir='ltr' id='par_1_9' title="bbox 134 814 1726 901">
     <span class='ocr_line' id='line_1_9' title="bbox 134 814 1726 901; baseline -0.009 -19"><span class='ocrx_word' id='word_1_51' title='bbox 134 829 247 901; x_wconf 82' lang='grc' dir='ltr'>γὰρ</span> <span class='ocrx_word' id='word_1_52' title='bbox 277 828 346 898; x_wconf 82' lang='grc' dir='ltr'>δὴ</span> <span class='ocrx_word' id='word_1_53' title='bbox 384 828 500 888; x_wconf 86' lang='grc' dir='ltr'>τοῖς</span> <span class='ocrx_word' id='word_1_54' title='bbox 537 823 745 894; x_wconf 77' lang='grc' dir='ltr'>ἑτέροις</span> <span class='ocrx_word' id='word_1_55' title='bbox 785 822 884 891; x_wconf 87' lang='grc' dir='ltr'><strong>τὴν</strong></span> <span class='ocrx_word' id='word_1_56' title='bbox 934 820 1035 891; x_wconf 83' lang='grc' dir='ltr'><strong>μὲν</strong></span> <span class='ocrx_word' id='word_1_57' title='bbox 1068 820 1165 889; x_wconf 82' lang='grc' dir='ltr'>τῆς</span> <span class='ocrx_word' id='word_1_58' title='bbox 1198 817 1511 888; x_wconf 76' lang='grc' dir='ltr'><strong>ἐλευθερίας</strong></span> <span class='ocrx_word' id='word_1_59' title='bbox 1558 814 1726 885; x_wconf 80' lang='grc' dir='ltr'>τιμὴν</span> 
     </span>
    </p>
   </div>
   <div class='ocr_carea' id='block_1_10' title="bbox 134 904 1775 990">
    <p class='ocr_par' dir='ltr' id='par_1_10' title="bbox 134 904 1775 990">
     <span class='ocr_line' id='line_1_10' title="bbox 134 904 1775 990; baseline -0.012 -15"><span class='ocrx_word' id='word_1_60' title='bbox 134 921 424 990; x_wconf 82' lang='grc' dir='ltr'>διανέμειν</span> <span class='ocrx_word' id='word_1_61' title='bbox 450 917 601 970; x_wconf 74' lang='grc' dir='ltr'>ἐστὶν</span> <span class='ocrx_word' id='word_1_62' title='bbox 643 913 858 976; x_wconf 78' lang='grc' dir='ltr'>ἱκανὸς,</span> <span class='ocrx_word' id='word_1_63' title='bbox 898 911 1103 983; x_wconf 74' lang='grc' dir='ltr'>ἔρημον</span> <span class='ocrx_word' id='word_1_64' title='bbox 1128 910 1186 964; x_wconf 76' lang='grc' dir='ltr'>δὲ</span> <span class='ocrx_word' id='word_1_65' title='bbox 1220 908 1425 981; x_wconf 85' lang='grc' dir='ltr'>ταύτης</span> <span class='ocrx_word' id='word_1_66' title='bbox 1457 907 1557 977; x_wconf 76' lang='grc' dir='ltr'><strong>τὴν</strong></span> <span class='ocrx_word' id='word_1_67' title='bbox 1592 904 1727 957; x_wconf 81' lang='grc' dir='ltr'><strong>ἰδίαν</strong></span> <span class='ocrx_word' id='word_1_68' title='bbox 1764 930 1775 949; x_wconf 72' lang='grc' dir='ltr'><strong>ι</strong></span> 
     </span>
    </p>
   </div>
   <div class='ocr_carea' id='block_1_11' title="bbox 137 993 1727 1077">
    <p class='ocr_par' dir='ltr' id='par_1_11' title="bbox 137 993 1727 1077">
     <span class='ocr_line' id='line_1_11' title="bbox 137 993 1727 1077; baseline -0.011 -14"><span class='ocrx_word' id='word_1_69' title='bbox 137 1009 247 1077; x_wconf 67' lang='grc' dir='ltr'>ἔξει</span> <span class='ocrx_word' id='word_1_70' title='bbox 268 1008 443 1077; x_wconf 78' lang='grc' dir='ltr'>φύσιν</span> <span class='ocrx_word' id='word_1_71' title='bbox 464 1022 478 1035; x_wconf 82' lang='grc'><em>”</em></span> <span class='ocrx_word' id='word_1_72' title='bbox 508 1004 705 1076; x_wconf 73' lang='grc' dir='ltr'>χρῆναι</span> <span class='ocrx_word' id='word_1_73' title='bbox 738 1001 849 1072; x_wconf 98' lang='lat'><strong>7&amp;9</strong></span> <span class='ocrx_word' id='word_1_74' title='bbox 872 995 1047 1069; x_wconf 76' lang='grc' dir='ltr'>οἶμαι,</span> <span class='ocrx_word' id='word_1_75' title='bbox 1076 997 1183 1068; x_wconf 84' lang='grc' dir='ltr'><strong>πρὸ</strong></span> <span class='ocrx_word' id='word_1_76' title='bbox 1219 996 1327 1050; x_wconf 83' lang='grc' dir='ltr'>τῶν</span> <span class='ocrx_word' id='word_1_77' title='bbox 1361 995 1536 1052; x_wconf 87' lang='grc' dir='ltr'>ἀλλων</span> <span class='ocrx_word' id='word_1_78' title='bbox 1566 993 1727 1047; x_wconf 79' lang='grc' dir='ltr'>αὐτὸν</span> 
     </span>
    </p>
   </div>
   <div class='ocr_carea' id='block_1_12' title="bbox 140 1083 1727 1161">
    <p class='ocr_par' dir='ltr' id='par_1_12' title="bbox 140 1083 1727 1161">
     <span class='ocr_line' id='line_1_12' title="bbox 140 1083 1727 1161; baseline -0.013 -8"><span class='ocrx_word' id='word_1_79' title='bbox 140 1098 388 1153; x_wconf 81' lang='grc' dir='ltr'>τοιοῦτον</span> <span class='ocrx_word' id='word_1_80' title='bbox 427 1090 568 1148; x_wconf 78' lang='grc' dir='ltr'>εἶναι</span> <span class='ocrx_word' id='word_1_81' title='bbox 607 1090 914 1161; x_wconf 79' lang='grc' dir='ltr'>φαίνεσθαι.</span> <span class='ocrx_word' id='word_1_82' title='bbox 976 1088 1146 1140; x_wconf 82' lang='grc' dir='ltr'>Δώσει</span> <span class='ocrx_word' id='word_1_83' title='bbox 1204 1085 1313 1156; x_wconf 86' lang='grc' dir='ltr'>γὰρ</span> <span class='ocrx_word' id='word_1_84' title='bbox 1347 1083 1467 1137; x_wconf 89' lang='grc' dir='ltr'>τότε</span> <span class='ocrx_word' id='word_1_85' title='bbox 1504 1099 1727 1154; x_wconf 72' lang='grc' dir='ltr'>πρεπωο</span> 
     </span>
    </p>
   </div>
   <div class='ocr_carea' id='block_1_13' title="bbox 140 1173 1727 1256">
    <p class='ocr_par' dir='ltr' id='par_1_13' title="bbox 140 1173 1727 1256">
     <span class='ocr_line' id='line_1_13' title="bbox 140 1173 1727 1256; baseline -0.01 -15"><span class='ocrx_word' id='word_1_86' title='bbox 140 1190 399 1256; x_wconf 79' lang='grc' dir='ltr'>δέστερον</span> <span class='ocrx_word' id='word_1_87' title='bbox 430 1187 545 1248; x_wconf 84' lang='grc' dir='ltr'>τοῖς</span> <span class='ocrx_word' id='word_1_88' title='bbox 574 1183 676 1238; x_wconf 79' lang='grc' dir='ltr'><strong>οὐκ</strong></span> <span class='ocrx_word' id='word_1_89' title='bbox 704 1181 890 1252; x_wconf 81' lang='grc' dir='ltr'>ἔχουσι</span> <span class='ocrx_word' id='word_1_90' title='bbox 918 1179 979 1232; x_wconf 83' lang='grc' dir='ltr'><strong>τὸ</strong></span> <span class='ocrx_word' id='word_1_91' title='bbox 1002 1179 1133 1232; x_wconf 75' lang='grc' dir='ltr'>ἴδιον</span> <span class='ocrx_word' id='word_1_92' title='bbox 1158 1175 1381 1244; x_wconf 85' lang='grc' dir='ltr'>ἀγαθόν.</span> <span class='ocrx_word' id='word_1_93' title='bbox 1427 1173 1590 1227; x_wconf 78' lang='grc' dir='ltr'>Ἀλλὰ</span> <span class='ocrx_word' id='word_1_94' title='bbox 1614 1174 1727 1237; x_wconf 86' lang='grc' dir='ltr'>τοῖς</span> 
     </span>
    </p>
   </div>
   <div class='ocr_carea' id='block_1_14' title="bbox 139 1264 1728 1348">
    <p class='ocr_par' dir='ltr' id='par_1_14' title="bbox 139 1264 1728 1348">
     <span class='ocr_line' id='line_1_14' title="bbox 139 1264 1728 1348; baseline -0.011 -14"><span class='ocrx_word' id='word_1_95' title='bbox 139 1279 321 1348; x_wconf 80' lang='grc' dir='ltr'>ἁγίοις</span> <span class='ocrx_word' id='word_1_96' title='bbox 351 1273 680 1337; x_wconf 78' lang='grc' dir='ltr'><strong>ἀποστόλοις</strong></span> <span class='ocrx_word' id='word_1_97' title='bbox 703 1316 718 1340; x_wconf 90' lang='grc'><strong>,</strong></span> <span class='ocrx_word' id='word_1_98' title='bbox 759 1273 792 1344; x_wconf 79' lang='grc' dir='ltr'>ἢ</span> <span class='ocrx_word' id='word_1_99' title='bbox 825 1270 917 1324; x_wconf 85' lang='grc' dir='ltr'><strong>καὶ</strong></span> <span class='ocrx_word' id='word_1_100' title='bbox 949 1272 1059 1333; x_wconf 87' lang='grc' dir='ltr'>τοῖς</span> <span class='ocrx_word' id='word_1_101' title='bbox 1103 1268 1283 1330; x_wconf 79' lang='grc' dir='ltr'>ἄλλοις</span> <span class='ocrx_word' id='word_1_102' title='bbox 1340 1265 1514 1320; x_wconf 77' lang='grc' dir='ltr'>ἅπασι</span> <span class='ocrx_word' id='word_1_103' title='bbox 1567 1264 1728 1334; x_wconf 77' lang='grc' dir='ltr'>τυχὸν</span> 
     </span>
    </p>
   </div>
   <div class='ocr_carea' id='block_1_15' title="bbox 134 1354 1728 1434">
    <p class='ocr_par' dir='ltr' id='par_1_15' title="bbox 134 1354 1728 1434">
     <span class='ocr_line' id='line_1_15' title="bbox 134 1354 1728 1434; baseline -0.013 -8"><span class='ocrx_word' id='word_1_104' title='bbox 134 1374 247 1434; x_wconf 82' lang='grc' dir='ltr'>τοῖς</span> <span class='ocrx_word' id='word_1_105' title='bbox 277 1369 371 1423; x_wconf 74' lang='grc' dir='ltr'>διὰ</span> <span class='ocrx_word' id='word_1_106' title='bbox 407 1367 650 1429; x_wconf 79' lang='grc' dir='ltr'>πίστεως</span> <span class='ocrx_word' id='word_1_107' title='bbox 691 1364 770 1427; x_wconf 85' lang='grc' dir='ltr'><strong>είς</strong></span> <span class='ocrx_word' id='word_1_108' title='bbox 805 1360 990 1432; x_wconf 80' lang='grc' dir='ltr'>φιλίαν</span> <span class='ocrx_word' id='word_1_109' title='bbox 1039 1357 1393 1414; x_wconf 76' lang='grc' dir='ltr'>ἀναϐαίνουσι</span> <span class='ocrx_word' id='word_1_110' title='bbox 1440 1357 1540 1425; x_wconf 78' lang='grc' dir='ltr'>τὴν</span> <span class='ocrx_word' id='word_1_111' title='bbox 1590 1354 1728 1426; x_wconf 69' lang='grc' dir='ltr'>πρὸς</span> 
     </span>
    </p>
   </div>
   <div class='ocr_carea' id='block_1_16' title="bbox 134 1445 1725 1531">
    <p class='ocr_par' dir='ltr' id='par_1_16' title="bbox 134 1445 1725 1531">
     <span class='ocr_line' id='line_1_16' title="bbox 134 1445 1725 1531; baseline -0.011 -13"><span class='ocrx_word' id='word_1_112' title='bbox 134 1464 227 1517; x_wconf 76' lang='grc' dir='ltr'><strong>τδν</strong></span> <span class='ocrx_word' id='word_1_113' title='bbox 256 1460 475 1525; x_wconf 74' lang='grc' dir='ltr'>Κύριον</span> <span class='ocrx_word' id='word_1_114' title='bbox 506 1457 664 1531; x_wconf 82' lang='grc' dir='ltr'>ἡμῶν</span> <span class='ocrx_word' id='word_1_115' title='bbox 704 1454 911 1526; x_wconf 78' lang='grc' dir='ltr'><strong>Ἰησοῦν</strong></span> <span class='ocrx_word' id='word_1_116' title='bbox 955 1452 1190 1524; x_wconf 84' lang='grc' dir='ltr'>Χριστὸν</span> <span class='ocrx_word' id='word_1_117' title='bbox 1214 1489 1228 1514; x_wconf 86' lang='grc'><strong>,</strong></span> <span class='ocrx_word' id='word_1_118' title='bbox 1268 1448 1504 1504; x_wconf 76' lang='grc' dir='ltr'>ἐπακτὸν</span> <span class='ocrx_word' id='word_1_119' title='bbox 1536 1449 1602 1502; x_wconf 85' lang='grc' dir='ltr'><strong>ἂν</strong></span> <span class='ocrx_word' id='word_1_120' title='bbox 1640 1445 1725 1518; x_wconf 71' lang='grc' dir='ltr'>εἴη</span> 
     </span>
    </p>
   </div>
   <div class='ocr_carea' id='block_1_17' title="bbox 135 1536 1729 1612">
    <p class='ocr_par' dir='ltr' id='par_1_17' title="bbox 135 1536 1729 1612">
     <span class='ocr_line' id='line_1_17' title="bbox 135 1536 1729 1612; baseline -0.009 -8"><span class='ocrx_word' id='word_1_121' title='bbox 135 1550 231 1604; x_wconf 78' lang='grc' dir='ltr'>καὶ</span> <span class='ocrx_word' id='word_1_122' title='bbox 262 1548 425 1602; x_wconf 82' lang='grc' dir='ltr'>δοτδν</span> <span class='ocrx_word' id='word_1_123' title='bbox 449 1587 464 1612; x_wconf 87' lang='grc'><strong>,</strong></span> <span class='ocrx_word' id='word_1_124' title='bbox 514 1546 589 1609; x_wconf 88' lang='grc' dir='ltr'><strong>ὡς</strong></span> <span class='ocrx_word' id='word_1_125' title='bbox 619 1546 677 1599; x_wconf 80' lang='grc' dir='ltr'>ὲν</span> <span class='ocrx_word' id='word_1_126' title='bbox 725 1542 876 1609; x_wconf 78' lang='grc' dir='ltr'>τάξει</span> <span class='ocrx_word' id='word_1_127' title='bbox 904 1543 1071 1612; x_wconf 84' lang='grc' dir='ltr'>τιμῆς</span> <span class='ocrx_word' id='word_1_128' title='bbox 1105 1541 1166 1593; x_wconf 77' lang='grc' dir='ltr'>τὸ</span> <span class='ocrx_word' id='word_1_129' title='bbox 1199 1539 1416 1609; x_wconf 82' lang='grc' dir='ltr'>ἀξίωμα</span> <span class='ocrx_word' id='word_1_130' title='bbox 1439 1580 1455 1605; x_wconf 89' lang='grc'><strong>,</strong></span> <span class='ocrx_word' id='word_1_131' title='bbox 1502 1536 1624 1608; x_wconf 80' lang='grc' dir='ltr'>ἔχον</span> <span class='ocrx_word' id='word_1_132' title='bbox 1671 1536 1729 1590; x_wconf 78' lang='grc' dir='ltr'><strong>δὲ</strong></span> 
     </span>
    </p>
   </div>
   <div class='ocr_carea' id='block_1_18' title="bbox 134 1628 1727 1705">
    <p class='ocr_par' dir='ltr' id='par_1_18' title="bbox 134 1628 1727 1705">
     <span class='ocr_line' id='line_1_18' title="bbox 134 1628 1727 1705; baseline -0.008 -10"><span class='ocrx_word' id='word_1_133' title='bbox 134 1640 327 1695; x_wconf 77' lang='grc' dir='ltr'>οὐκέτι</span> <span class='ocrx_word' id='word_1_134' title='bbox 353 1636 502 1692; x_wconf 74' lang='grc' dir='ltr'>κατὰ</span> <span class='ocrx_word' id='word_1_135' title='bbox 529 1636 624 1690; x_wconf 78' lang='grc' dir='ltr'><strong>τὸν</strong></span> <span class='ocrx_word' id='word_1_136' title='bbox 653 1637 770 1690; x_wconf 71' lang='grc' dir='ltr'>ἴσον</span> <span class='ocrx_word' id='word_1_137' title='bbox 797 1632 1020 1705; x_wconf 83' lang='grc' dir='ltr'>τρόπον.</span> <span class='ocrx_word' id='word_1_138' title='bbox 1057 1633 1120 1685; x_wconf 92' lang='grc' dir='ltr'>Οἱ</span> <span class='ocrx_word' id='word_1_139' title='bbox 1161 1630 1271 1703; x_wconf 84' lang='grc' dir='ltr'><strong>γὰρ</strong></span> <span class='ocrx_word' id='word_1_140' title='bbox 1303 1633 1369 1702; x_wconf 83' lang='grc' dir='ltr'>τῇ</span> <span class='ocrx_word' id='word_1_141' title='bbox 1401 1628 1537 1700; x_wconf 85' lang='grc' dir='ltr'>πρὸς</span> <span class='ocrx_word' id='word_1_142' title='bbox 1564 1628 1727 1683; x_wconf 79' lang='grc' dir='ltr'>αὑτὸν</span> 
     </span>
    </p>
   </div>
   <div class='ocr_carea' id='block_1_19' title="bbox 132 1718 1726 1803">
    <p class='ocr_par' dir='ltr' id='par_1_19' title="bbox 132 1718 1726 1803">
     <span class='ocr_line' id='line_1_19' title="bbox 132 1718 1726 1803; baseline -0.008 -17"><span class='ocrx_word' id='word_1_143' title='bbox 132 1730 399 1803; x_wconf 78' lang='grc' dir='ltr'>ὁμοιώσει</span> <span class='ocrx_word' id='word_1_144' title='bbox 458 1728 595 1801; x_wconf 77' lang='grc' dir='ltr'>πρὸς</span> <span class='ocrx_word' id='word_1_145' title='bbox 663 1726 764 1798; x_wconf 74' lang='grc' dir='ltr'>τὴν</span> <span class='ocrx_word' id='word_1_146' title='bbox 817 1724 917 1796; x_wconf 84' lang='grc' dir='ltr'>τῆς</span> <span class='ocrx_word' id='word_1_147' title='bbox 963 1722 1278 1795; x_wconf 73' lang='grc' dir='ltr'><strong>ἐλευθερίας</strong></span> <span class='ocrx_word' id='word_1_148' title='bbox 1334 1718 1726 1791; x_wconf 85' lang='grc' dir='ltr'>ἀνατρέχοντες</span> 
     </span>
    </p>
   </div>
   <div class='ocr_carea' id='block_1_20' title="bbox 1828 525 3406 604">
    <p class='ocr_par' dir='ltr' id='par_1_20' title="bbox 1828 525 3406 604">
     <span class='ocr_line' id='line_1_20' title="bbox 1828 525 3406 604; baseline -0.001 -14"><span class='ocrx_word' id='word_1_149' title='bbox 1828 544 1939 603; x_wconf 86' lang='lat' dir='ltr'><strong>tus,</strong></span> <span class='ocrx_word' id='word_1_150' title='bbox 1966 543 2025 589; x_wconf 91' lang='lat' dir='ltr'><strong>ut</strong></span> <span class='ocrx_word' id='word_1_151' title='bbox 2065 533 2321 604; x_wconf 92' lang='lat' dir='ltr'><strong>imperite</strong></span> <span class='ocrx_word' id='word_1_152' title='bbox 2348 531 2570 602; x_wconf 87' lang='lat' dir='ltr'><strong>quidam</strong></span> <span class='ocrx_word' id='word_1_153' title='bbox 2613 533 2916 587; x_wconf 84' lang='lat' dir='ltr'><strong>asserunt?</strong></span> <span class='ocrx_word' id='word_1_154' title='bbox 2956 525 3067 587; x_wconf 86' lang='lat' dir='ltr'><strong>Nec</strong></span> <span class='ocrx_word' id='word_1_155' title='bbox 3103 534 3247 588; x_wconf 90' lang='lat' dir='ltr'><strong>enim</strong></span> <span class='ocrx_word' id='word_1_156' title='bbox 3285 537 3406 590; x_wconf 87' lang='lat' dir='ltr'><strong>aliis</strong></span> 
     </span>
    </p>
   </div>
   <div class='ocr_carea' id='block_1_21' title="bbox 1827 623 3411 694">
    <p class='ocr_par' dir='ltr' id='par_1_21' title="bbox 1827 623 3411 694">
     <span class='ocr_line' id='line_1_21' title="bbox 1827 623 3411 694; baseline 0.001 -13"><span class='ocrx_word' id='word_1_157' title='bbox 1827 628 2105 681; x_wconf 80' lang='lat' dir='ltr'><strong>libertatis</strong></span> <span class='ocrx_word' id='word_1_158' title='bbox 2134 626 2403 679; x_wconf 82' lang='lat' dir='ltr'><strong>honorem</strong></span> <span class='ocrx_word' id='word_1_159' title='bbox 2429 623 2671 678; x_wconf 89' lang='lat' dir='ltr'><strong>tribuere</strong></span> <span class='ocrx_word' id='word_1_160' title='bbox 2702 631 2903 694; x_wconf 90' lang='lat' dir='ltr'><strong>potest,</strong></span> <span class='ocrx_word' id='word_1_161' title='bbox 2947 624 3041 693; x_wconf 88' lang='lat' dir='ltr'><strong>qui</strong></span> <span class='ocrx_word' id='word_1_162' title='bbox 3073 635 3278 678; x_wconf 89' lang='lat' dir='ltr'><strong>natura</strong></span> <span class='ocrx_word' id='word_1_163' title='bbox 3311 642 3411 681; x_wconf 85' lang='lat' dir='ltr'><strong>sua</strong></span> 
     </span>
    </p>
   </div>
   <div class='ocr_carea' id='block_1_22' title="bbox 1826 711 3414 784">
    <p class='ocr_par' dir='ltr' id='par_1_22' title="bbox 1826 711 3414 784">
     <span class='ocr_line' id='line_1_22' title="bbox 1826 711 3414 784; baseline 0 -14"><span class='ocrx_word' id='word_1_164' title='bbox 1826 730 2023 783; x_wconf 81' lang='lat' dir='ltr'><strong>expers</strong></span> <span class='ocrx_word' id='word_1_165' title='bbox 2054 714 2174 784; x_wconf 88' lang='lat' dir='ltr'><strong>ejus</strong></span> <span class='ocrx_word' id='word_1_166' title='bbox 2215 713 2310 775; x_wconf 88' lang='lat' dir='ltr'><strong>sit,</strong></span> <span class='ocrx_word' id='word_1_167' title='bbox 2346 711 2440 767; x_wconf 90' lang='lat' dir='ltr'><strong>sed</strong></span> <span class='ocrx_word' id='word_1_168' title='bbox 2474 726 2585 781; x_wconf 76' lang='lat' dir='ltr'><strong>pra:</strong></span> <span class='ocrx_word' id='word_1_169' title='bbox 2611 711 2828 768; x_wconf 84' lang='lat' dir='ltr'><strong>caeteris</strong></span> <span class='ocrx_word' id='word_1_170' title='bbox 2868 713 3050 782; x_wconf 88' lang='lat' dir='ltr'><strong>ipsum</strong></span> <span class='ocrx_word' id='word_1_171' title='bbox 3090 713 3255 767; x_wconf 85' lang='lat' dir='ltr'><strong>talem</strong></span> <span class='ocrx_word' id='word_1_172' title='bbox 3290 727 3414 770; x_wconf 84' lang='lat' dir='ltr'><strong>esse</strong></span> 
     </span>
    </p>
   </div>
   <div class='ocr_carea' id='block_1_23' title="bbox 1827 799 3415 859">
    <p class='ocr_par' dir='ltr' id='par_1_23' title="bbox 1827 799 3415 859">
     <span class='ocr_line' id='line_1_23' title="bbox 1827 799 3415 859; baseline 0 -1"><span class='ocrx_word' id='word_1_173' title='bbox 1827 804 2032 859; x_wconf 83' lang='lat' dir='ltr'><strong>debere</strong></span> <span class='ocrx_word' id='word_1_174' title='bbox 2085 809 2332 856; x_wconf 86' lang='lat' dir='ltr'><strong>autumo.</strong></span> <span class='ocrx_word' id='word_1_175' title='bbox 2394 799 2553 855; x_wconf 91' lang='lat' dir='ltr'><strong>Tune</strong></span> <span class='ocrx_word' id='word_1_176' title='bbox 2609 802 2756 855; x_wconf 89' lang='lat' dir='ltr'><strong>enim</strong></span> <span class='ocrx_word' id='word_1_177' title='bbox 2798 803 3151 857; x_wconf 83' lang='lat' dir='ltr'><strong>convenienti</strong></span> <span class='ocrx_word' id='word_1_178' title='bbox 3200 804 3415 858; x_wconf 72' lang='lat' dir='ltr'><strong>ratione</strong></span> 
     </span>
    </p>
   </div>
   <div class='ocr_carea' id='block_1_24' title="bbox 1829 893 3415 962">
    <p class='ocr_par' dir='ltr' id='par_1_24' title="bbox 1829 893 3415 962">
     <span class='ocr_line' id='line_1_24' title="bbox 1829 893 3415 962; baseline -0.001 -12"><span class='ocrx_word' id='word_1_179' title='bbox 1829 896 2034 950; x_wconf 88' lang='lat' dir='ltr'><strong>bonum</strong></span> <span class='ocrx_word' id='word_1_180' title='bbox 2067 909 2228 949; x_wconf 91' lang='lat' dir='ltr'><strong>suum</strong></span> <span class='ocrx_word' id='word_1_181' title='bbox 2267 893 2610 962; x_wconf 85' lang='lat' dir='ltr'><strong>impertietur</strong></span> <span class='ocrx_word' id='word_1_182' title='bbox 2643 908 2709 947; x_wconf 90' lang='lat' dir='ltr'><strong>eo</strong></span> <span class='ocrx_word' id='word_1_183' title='bbox 2739 893 3045 949; x_wconf 86' lang='lat' dir='ltr'><strong>destitutis.</strong></span> <span class='ocrx_word' id='word_1_184' title='bbox 3071 893 3177 948; x_wconf 88' lang='lat' dir='ltr'><strong>Sed</strong></span> <span class='ocrx_word' id='word_1_185' title='bbox 3204 896 3415 949; x_wconf 87' lang='lat' dir='ltr'><strong>sanctis</strong></span> 
     </span>
    </p>
   </div>
   <div class='ocr_carea' id='block_1_25' title="bbox 1830 984 3415 1056">
    <p class='ocr_par' dir='ltr' id='par_1_25' title="bbox 1830 984 3415 1056">
     <span class='ocr_line' id='line_1_25' title="bbox 1830 984 3415 1056; baseline 0.001 -18"><span class='ocrx_word' id='word_1_186' title='bbox 1830 984 2119 1056; x_wconf 84' lang='lat' dir='ltr'><strong>apostolis,</strong></span> <span class='ocrx_word' id='word_1_187' title='bbox 2154 984 2264 1037; x_wconf 92' lang='lat' dir='ltr'><strong>imo</strong></span> <span class='ocrx_word' id='word_1_188' title='bbox 2297 984 2512 1038; x_wconf 64' lang='lat' dir='ltr'><strong>caeteris</strong></span> <span class='ocrx_word' id='word_1_189' title='bbox 2560 984 2744 1038; x_wconf 77' lang='lat' dir='ltr'><strong>forsan</strong></span> <span class='ocrx_word' id='word_1_190' title='bbox 2779 984 3040 1038; x_wconf 89' lang='lat' dir='ltr'><strong>omnibus</strong></span> <span class='ocrx_word' id='word_1_191' title='bbox 3086 987 3181 1054; x_wconf 80' lang='lat' dir='ltr'><strong>qui</strong></span> <span class='ocrx_word' id='word_1_192' title='bbox 3222 1002 3321 1055; x_wconf 90' lang='lat' dir='ltr'><strong>per</strong></span> <span class='ocrx_word' id='word_1_193' title='bbox 3354 984 3415 1039; x_wconf 87' lang='lat' dir='ltr'><strong>ﬁ-</strong></span> 
     </span>
    </p>
   </div>
   <div class='ocr_carea' id='block_1_26' title="bbox 1829 1073 3417 1131">
    <p class='ocr_par' dir='ltr' id='par_1_26' title="bbox 1829 1073 3417 1131">
     <span class='ocr_line' id='line_1_26' title="bbox 1829 1073 3417 1131; baseline 0 -1"><span class='ocrx_word' id='word_1_194' title='bbox 1829 1075 1953 1131; x_wconf 91' lang='lat' dir='ltr'><strong>dem</strong></span> <span class='ocrx_word' id='word_1_195' title='bbox 1986 1076 2054 1131; x_wconf 88' lang='lat' dir='ltr'><strong>ad</strong></span> <span class='ocrx_word' id='word_1_196' title='bbox 2092 1076 2389 1130; x_wconf 87' lang='lat' dir='ltr'><strong>amicitiam</strong></span> <span class='ocrx_word' id='word_1_197' title='bbox 2422 1073 2639 1128; x_wconf 88' lang='lat' dir='ltr'><strong>Domini</strong></span> <span class='ocrx_word' id='word_1_198' title='bbox 2672 1076 2849 1131; x_wconf 89' lang='lat' dir='ltr'><strong>nostri</strong></span> <span class='ocrx_word' id='word_1_199' title='bbox 2892 1073 3024 1130; x_wconf 86' lang='lat' dir='ltr'><strong>Jesu</strong></span> <span class='ocrx_word' id='word_1_200' title='bbox 3057 1074 3264 1129; x_wconf 81' lang='lat' dir='ltr'><strong>Christi</strong></span> <span class='ocrx_word' id='word_1_201' title='bbox 3291 1091 3417 1130; x_wconf 76' lang='lat' dir='ltr'><strong>eve-</strong></span> 
     </span>
    </p>
   </div>
   <div class='ocr_carea' id='block_1_27' title="bbox 1830 1164 3415 1235">
    <p class='ocr_par' dir='ltr' id='par_1_27' title="bbox 1830 1164 3415 1235">
     <span class='ocr_line' id='line_1_27' title="bbox 1830 1164 3415 1235; baseline -0.002 -15"><span class='ocrx_word' id='word_1_202' title='bbox 1830 1166 2059 1231; x_wconf 88' lang='lat' dir='ltr'><strong>huntur,</strong></span> <span class='ocrx_word' id='word_1_203' title='bbox 2121 1164 2419 1220; x_wconf 87' lang='lat' dir='ltr'><strong>adventitia</strong></span> <span class='ocrx_word' id='word_1_204' title='bbox 2468 1173 2552 1219; x_wconf 90' lang='lat' dir='ltr'><strong>est</strong></span> <span class='ocrx_word' id='word_1_205' title='bbox 2592 1174 2757 1235; x_wconf 88' lang='lat' dir='ltr'><strong>atque</strong></span> <span class='ocrx_word' id='word_1_206' title='bbox 2812 1165 3042 1220; x_wconf 88' lang='lat' dir='ltr'><strong>honoris</strong></span> <span class='ocrx_word' id='word_1_207' title='bbox 3103 1165 3225 1218; x_wconf 86' lang='lat' dir='ltr'><strong>loco</strong></span> <span class='ocrx_word' id='word_1_208' title='bbox 3286 1165 3415 1218; x_wconf 88' lang='lat' dir='ltr'><strong>data</strong></span> 
     </span>
    </p>
   </div>
   <div class='ocr_carea' id='block_1_28' title="bbox 1828 1254 3416 1327">
    <p class='ocr_par' dir='ltr' id='par_1_28' title="bbox 1828 1254 3416 1327">
     <span class='ocr_line' id='line_1_28' title="bbox 1828 1254 3416 1327; baseline -0.002 -15"><span class='ocrx_word' id='word_1_209' title='bbox 1828 1258 2087 1327; x_wconf 83' lang='lat' dir='ltr'><strong>dignitas,</strong></span> <span class='ocrx_word' id='word_1_210' title='bbox 2126 1271 2235 1310; x_wconf 91' lang='lat' dir='ltr'><strong>non</strong></span> <span class='ocrx_word' id='word_1_211' title='bbox 2279 1264 2460 1311; x_wconf 90' lang='lat' dir='ltr'><strong>tamen</strong></span> <span class='ocrx_word' id='word_1_212' title='bbox 2495 1257 2691 1326; x_wconf 72' lang='lat' dir='ltr'><strong>aequali</strong></span> <span class='ocrx_word' id='word_1_213' title='bbox 2725 1257 2906 1310; x_wconf 90' lang='lat' dir='ltr'><strong>modo.</strong></span> <span class='ocrx_word' id='word_1_214' title='bbox 2940 1254 3002 1309; x_wconf 91' lang='lat' dir='ltr'><strong>lli</strong></span> <span class='ocrx_word' id='word_1_215' title='bbox 3039 1257 3183 1311; x_wconf 89' lang='lat' dir='ltr'><strong>enim</strong></span> <span class='ocrx_word' id='word_1_216' title='bbox 3218 1256 3416 1310; x_wconf 88' lang='lat' dir='ltr'><strong>simili-</strong></span> 
     </span>
    </p>
   </div>
   <div class='ocr_carea' id='block_1_29' title="bbox 1828 1345 3415 1417">
    <p class='ocr_par' dir='ltr' id='par_1_29' title="bbox 1828 1345 3415 1417">
     <span class='ocr_line' id='line_1_29' title="bbox 1828 1345 3415 1417; baseline -0.001 -17"><span class='ocrx_word' id='word_1_217' title='bbox 1828 1347 2020 1401; x_wconf 89' lang='lat' dir='ltr'><strong>tudine</strong></span> <span class='ocrx_word' id='word_1_218' title='bbox 2052 1362 2177 1400; x_wconf 92' lang='lat' dir='ltr'><strong>cum</strong></span> <span class='ocrx_word' id='word_1_219' title='bbox 2210 1348 2331 1417; x_wconf 90' lang='lat' dir='ltr'><strong>ipso</strong></span> <span class='ocrx_word' id='word_1_220' title='bbox 2365 1348 2429 1400; x_wconf 85' lang='lat' dir='ltr'><strong>ad</strong></span> <span class='ocrx_word' id='word_1_221' title='bbox 2467 1346 2735 1401; x_wconf 83' lang='lat' dir='ltr'><strong>libertatis</strong></span> <span class='ocrx_word' id='word_1_222' title='bbox 2766 1347 2996 1416; x_wconf 80' lang='lat' dir='ltr'><strong>gloriam</strong></span> <span class='ocrx_word' id='word_1_223' title='bbox 3030 1348 3243 1413; x_wconf 90' lang='lat' dir='ltr'><strong>evecti,</strong></span> <span class='ocrx_word' id='word_1_224' title='bbox 3281 1345 3335 1400; x_wconf 93' lang='lat' dir='ltr'><strong>id</strong></span> <span class='ocrx_word' id='word_1_225' title='bbox 3367 1347 3415 1401; x_wconf 87' lang='lat' dir='ltr'><strong>ei</strong></span> 
     </span>
    </p>
   </div>
   <div class='ocr_carea' id='block_1_30' title="bbox 1829 1435 3416 1502">
    <p class='ocr_par' dir='ltr' id='par_1_30' title="bbox 1829 1435 3416 1502">
     <span class='ocr_line' id='line_1_30' title="bbox 1829 1435 3416 1502; baseline -0.001 -10"><span class='ocrx_word' id='word_1_226' title='bbox 1829 1453 1895 1493; x_wconf 89' lang='lat' dir='ltr'><strong>ac</strong></span> <span class='ocrx_word' id='word_1_227' title='bbox 1926 1438 2031 1493; x_wconf 86' lang='lat' dir='ltr'><strong>soli</strong></span> <span class='ocrx_word' id='word_1_228' title='bbox 2064 1437 2405 1502; x_wconf 29' lang='lat' dir='ltr'><strong>naturaliter,</strong></span> <span class='ocrx_word' id='word_1_229' title='bbox 2427 1439 2612 1492; x_wconf 85' lang='lat' dir='ltr'><strong>inesse</strong></span> <span class='ocrx_word' id='word_1_230' title='bbox 2645 1437 3011 1493; x_wconf 88' lang='lat' dir='ltr'><strong>ostenderint.</strong></span> <span class='ocrx_word' id='word_1_231' title='bbox 3065 1435 3223 1502; x_wconf 85' lang='lat' dir='ltr'><strong>Quod</strong></span> <span class='ocrx_word' id='word_1_232' title='bbox 3267 1439 3416 1492; x_wconf 89' lang='lat' dir='ltr'><strong>enim</strong></span> 
     </span>
    </p>
   </div>
   <div class='ocr_carea' id='block_1_31' title="bbox 1829 1525 3417 1599">
    <p class='ocr_par' dir='ltr' id='par_1_31' title="bbox 1829 1525 3417 1599">
     <span class='ocr_line' id='line_1_31' title="bbox 1829 1525 3417 1599; baseline 0 -18"><span class='ocrx_word' id='word_1_233' title='bbox 1829 1527 2149 1599; x_wconf 84' lang='lat' dir='ltr'><strong>adoptivum</strong></span> <span class='ocrx_word' id='word_1_234' title='bbox 2183 1535 2268 1582; x_wconf 91' lang='lat' dir='ltr'><strong>est</strong></span> <span class='ocrx_word' id='word_1_235' title='bbox 2297 1528 2533 1582; x_wconf 76' lang='lat' dir='ltr'><strong>naturali</strong></span> <span class='ocrx_word' id='word_1_236' title='bbox 2565 1543 2781 1598; x_wconf 80' lang='lat' dir='ltr'><strong>semper</strong></span> <span class='ocrx_word' id='word_1_237' title='bbox 2814 1527 3178 1582; x_wconf 89' lang='lat' dir='ltr'><strong>assimilatur.</strong></span> <span class='ocrx_word' id='word_1_238' title='bbox 3209 1525 3417 1583; x_wconf 85' lang='lat' dir='ltr'><strong>Obser-</strong></span> 
     </span>
    </p>
   </div>
   <div class='ocr_carea' id='block_1_32' title="bbox 1829 1620 3418 1691">
    <p class='ocr_par' dir='ltr' id='par_1_32' title="bbox 1829 1620 3418 1691">
     <span class='ocr_line' id='line_1_32' title="bbox 1829 1620 3418 1691; baseline 0.001 -18"><span class='ocrx_word' id='word_1_239' title='bbox 1829 1621 2067 1675; x_wconf 90' lang='lat' dir='ltr'><strong>vandum</strong></span> <span class='ocrx_word' id='word_1_240' title='bbox 2108 1628 2292 1676; x_wconf 90' lang='lat' dir='ltr'><strong>tamen</strong></span> <span class='ocrx_word' id='word_1_241' title='bbox 2326 1620 2560 1690; x_wconf 86' lang='lat' dir='ltr'><strong>(etenim</strong></span> <span class='ocrx_word' id='word_1_242' title='bbox 2601 1628 2697 1691; x_wconf 84' lang='lat' dir='ltr'><strong>p‘er</strong></span> <span class='ocrx_word' id='word_1_243' title='bbox 2728 1635 2890 1675; x_wconf 92' lang='lat' dir='ltr'><strong>omne</strong></span> <span class='ocrx_word' id='word_1_244' title='bbox 2925 1636 3098 1691; x_wconf 88' lang='lat' dir='ltr'><strong>genus</strong></span> <span class='ocrx_word' id='word_1_245' title='bbox 3145 1620 3418 1690; x_wconf 81' lang='lat' dir='ltr'><strong>indaginis</strong></span> 
     </span>
    </p>
   </div>
   <div class='ocr_carea' id='block_1_33' title="bbox 1829 1709 3416 1779">
    <p class='ocr_par' dir='ltr' id='par_1_33' title="bbox 1829 1709 3416 1779">
     <span class='ocr_line' id='line_1_33' title="bbox 1829 1709 3416 1779; baseline -0.003 -13"><span class='ocrx_word' id='word_1_246' title='bbox 1829 1710 2093 1773; x_wconf 90' lang='lat' dir='ltr'><strong>eundum,</strong></span> <span class='ocrx_word' id='word_1_247' title='bbox 2118 1724 2240 1779; x_wconf 63' lang='lat' dir='ltr'><strong>quae</strong></span> <span class='ocrx_word' id='word_1_248' title='bbox 2273 1709 2337 1763; x_wconf 91' lang='lat' dir='ltr'><strong>ad</strong></span> <span class='ocrx_word' id='word_1_249' title='bbox 2367 1710 2763 1779; x_wconf 84' lang='lat' dir='ltr'><strong>expositionem</strong></span> <span class='ocrx_word' id='word_1_250' title='bbox 2797 1710 2946 1764; x_wconf 81' lang='lat' dir='ltr'><strong>utilis</strong></span> <span class='ocrx_word' id='word_1_251' title='bbox 2975 1710 3043 1764; x_wconf 92' lang='lat' dir='ltr'><strong>sit</strong></span> <span class='ocrx_word' id='word_1_252' title='bbox 3073 1724 3138 1763; x_wconf 89' lang='lat' dir='ltr'><strong>ac</strong></span> <span class='ocrx_word' id='word_1_253' title='bbox 3163 1724 3416 1763; x_wconf 82' lang='lat' dir='ltr'><strong>necessa-</strong></span> 
     </span>
    </p>
   </div>
   <div class='ocr_carea' id='block_1_34' title="bbox 110 1792 1739 1887">
    <p class='ocr_par' dir='ltr' id='par_1_34' title="bbox 110 1792 1722 1887">
     <span class='ocr_line' id='line_1_34' title="bbox 110 1792 1722 1887; baseline -0.008 -14"><span class='ocrx_word' id='word_1_254' title='bbox 110 1792 301 1883; x_wconf 71' lang='grc' dir='ltr'>’δόξαν</span> <span class='ocrx_word' id='word_1_255' title='bbox 321 1859 335 1880; x_wconf 93' lang='lat'><strong>,</strong></span> <span class='ocrx_word' id='word_1_256' title='bbox 373 1792 528 1887; x_wconf 79' lang='grc' dir='ltr'>αύτῷ</span> <span class='ocrx_word' id='word_1_257' title='bbox 561 1815 627 1882; x_wconf 83' lang='grc' dir='ltr'>δὴ</span> <span class='ocrx_word' id='word_1_258' title='bbox 665 1792 841 1884; x_wconf 81' lang='grc' dir='ltr'>τούτῳ</span> <span class='ocrx_word' id='word_1_259' title='bbox 874 1792 985 1865; x_wconf 43' lang='grc' dir='ltr'>’καὶ</span> <span class='ocrx_word' id='word_1_260' title='bbox 1007 1849 1013 1856; x_wconf 81' lang='grc'><strong>.</strong></span> <span class='ocrx_word' id='word_1_261' title='bbox 1037 1792 1182 1882; x_wconf 79' lang='grc' dir='ltr'>μόνῴ</span> <span class='ocrx_word' id='word_1_262' title='bbox 1239 1809 1442 1880; x_wconf 83' lang='grc' dir='ltr'>προσὸν</span> <span class='ocrx_word' id='word_1_263' title='bbox 1476 1808 1722 1877; x_wconf 80' lang='grc' dir='ltr'>φυσικῶς</span> 
     </span>
    </p>
   </div>
   <div class='ocr_carea' id='block_1_35' title="bbox 1842 1792 3417 1887">
    <p class='ocr_par' dir='ltr' id='par_1_35' title="bbox 1842 1799 3417 1872">
     <span class='ocr_line' id='line_1_35' title="bbox 1842 1799 3417 1872; baseline 0.002 -19"><span class='ocrx_word' id='word_1_264' title='bbox 1842 1801 1932 1870; x_wconf 65' lang='lat' dir='ltr'><strong>ria)</strong></span> <span class='ocrx_word' id='word_1_265' title='bbox 1951 1799 2316 1870; x_wconf 88' lang='lat' dir='ltr'><strong>antiquiorem</strong></span> <span class='ocrx_word' id='word_1_266' title='bbox 2342 1816 2465 1856; x_wconf 80' lang='lat' dir='ltr'><strong>esse</strong></span> <span class='ocrx_word' id='word_1_267' title='bbox 2488 1801 2918 1856; x_wconf 82' lang='lat' dir='ltr'><strong>declarationem</strong></span> <span class='ocrx_word' id='word_1_268' title='bbox 2945 1802 3176 1870; x_wconf 70' lang='lat' dir='ltr'><strong>justitia:</strong></span> <span class='ocrx_word' id='word_1_269' title='bbox 3201 1816 3323 1872; x_wconf 64' lang='lat' dir='ltr'><strong>quae</strong></span> <span class='ocrx_word' id='word_1_270' title='bbox 3351 1816 3417 1856; x_wconf 79' lang='lat' dir='ltr'><strong>ex</strong></span> 
     </span>
    </p>
   </div>
   <div class='ocr_carea' id='block_1_36' title="bbox 133 1896 1726 1976">
    <p class='ocr_par' dir='ltr' id='par_1_36' title="bbox 133 1896 1726 1976">
     <span class='ocr_line' id='line_1_36' title="bbox 133 1896 1726 1976; baseline -0.008 -12"><span class='ocrx_word' id='word_1_271' title='bbox 133 1909 511 1975; x_wconf 77' lang='grc' dir='ltr'>ἀποδείξειαν.</span> <span class='ocrx_word' id='word_1_272' title='bbox 538 1906 629 1976; x_wconf 86' lang='grc' dir='ltr'><strong>Τῷ</strong></span> <span class='ocrx_word' id='word_1_273' title='bbox 663 1904 773 1976; x_wconf 82' lang='grc' dir='ltr'>γὰρ</span> <span class='ocrx_word' id='word_1_274' title='bbox 797 1903 940 1958; x_wconf 81' lang='grc' dir='ltr'><strong>κατά</strong></span> <span class='ocrx_word' id='word_1_275' title='bbox 969 1901 1152 1973; x_wconf 89' lang='grc' dir='ltr'>φύσιν,</span> <span class='ocrx_word' id='word_1_276' title='bbox 1185 1900 1272 1953; x_wconf 72' lang='grc' dir='ltr'><strong>ἀεὶ</strong></span> <span class='ocrx_word' id='word_1_277' title='bbox 1299 1900 1361 1953; x_wconf 77' lang='grc' dir='ltr'><strong>τὸ</strong></span> <span class='ocrx_word' id='word_1_278' title='bbox 1394 1899 1537 1954; x_wconf 84' lang='grc' dir='ltr'><strong>κατά</strong></span> <span class='ocrx_word' id='word_1_279' title='bbox 1573 1896 1726 1951; x_wconf 83' lang='grc' dir='ltr'>θέσιν</span> 
     </span>
    </p>
   </div>
   <div class='ocr_carea' id='block_1_37' title="bbox 135 1983 1726 2070">
    <p class='ocr_par' dir='ltr' id='par_1_37' title="bbox 135 1983 1726 2070">
     <span class='ocr_line' id='line_1_37' title="bbox 135 1983 1726 2070; baseline -0.009 -16"><span class='ocrx_word' id='word_1_280' title='bbox 135 1998 568 2070; x_wconf 73' lang='grc' dir='ltr'>παρεικάζεται.</span> <span class='ocrx_word' id='word_1_281' title='bbox 600 1993 944 2065; x_wconf 85' lang='grc' dir='ltr'>Σημειωτέον</span> <span class='ocrx_word' id='word_1_282' title='bbox 988 2009 1051 2060; x_wconf 86' lang='grc' dir='ltr'><strong>γε</strong></span> <span class='ocrx_word' id='word_1_283' title='bbox 1101 1992 1208 2063; x_wconf 83' lang='grc' dir='ltr'><strong>μὴν</strong></span> <span class='ocrx_word' id='word_1_284' title='bbox 1255 1989 1403 2061; x_wconf 72' lang='grc' dir='ltr'>(δεῖν</span> <span class='ocrx_word' id='word_1_285' title='bbox 1433 1988 1544 2059; x_wconf 88' lang='lat'><strong>7&amp;9</strong></span> <span class='ocrx_word' id='word_1_286' title='bbox 1571 1983 1726 2058; x_wconf 81' lang='grc' dir='ltr'>οἶμαι</span> 
     </span>
    </p>
   </div>
   <div class='ocr_carea' id='block_1_38' title="bbox 132 2077 1727 2159">
    <p class='ocr_par' dir='ltr' id='par_1_38' title="bbox 132 2077 1727 2159">
     <span class='ocr_line' id='line_1_38' title="bbox 132 2077 1727 2159; baseline -0.009 -14"><span class='ocrx_word' id='word_1_287' title='bbox 132 2092 226 2145; x_wconf 71' lang='grc' dir='ltr'>διὰ</span> <span class='ocrx_word' id='word_1_288' title='bbox 262 2089 472 2152; x_wconf 80' lang='grc' dir='ltr'>παντὸς</span> <span class='ocrx_word' id='word_1_289' title='bbox 507 2087 645 2142; x_wconf 79' lang='grc' dir='ltr'>ἰέναι</span> <span class='ocrx_word' id='word_1_290' title='bbox 675 2085 1033 2157; x_wconf 79' lang='grc' dir='ltr'>θεωρήματος</span> <span class='ocrx_word' id='word_1_291' title='bbox 1070 2081 1346 2154; x_wconf 79' lang='grc' dir='ltr'><strong>χρησίμου</strong></span> <span class='ocrx_word' id='word_1_292' title='bbox 1384 2079 1579 2159; x_wconf 42' lang='grc' dir='ltr'>τεκαὶ</span> <span class='ocrx_word' id='word_1_293' title='bbox 1607 2077 1727 2131; x_wconf 84' lang='grc' dir='ltr'>λίαν</span> 
     </span>
    </p>
   </div>
   <div class='ocr_carea' id='block_1_39' title="bbox 133 2167 1726 2249">
    <p class='ocr_par' dir='ltr' id='par_1_39' title="bbox 133 2167 1726 2249">
     <span class='ocr_line' id='line_1_39' title="bbox 133 2167 1726 2249; baseline -0.009 -14"><span class='ocrx_word' id='word_1_294' title='bbox 133 2180 465 2249; x_wconf 80' lang='grc' dir='ltr'>ἀναγκαίαν</span> <span class='ocrx_word' id='word_1_295' title='bbox 515 2176 731 2248; x_wconf 74' lang='grc' dir='ltr'>ἔχοντος</span> <span class='ocrx_word' id='word_1_296' title='bbox 780 2175 881 2246; x_wconf 83' lang='grc' dir='ltr'><strong>τὴν</strong></span> <span class='ocrx_word' id='word_1_297' title='bbox 935 2172 1235 2245; x_wconf 71' lang='grc' dir='ltr'>ἐξήγησιν)</span> <span class='ocrx_word' id='word_1_298' title='bbox 1304 2172 1386 2224; x_wconf 84' lang='grc' dir='ltr'>ὅτι</span> <span class='ocrx_word' id='word_1_299' title='bbox 1436 2168 1538 2239; x_wconf 80' lang='grc' dir='ltr'><strong>τῆς</strong></span> <span class='ocrx_word' id='word_1_300' title='bbox 1585 2167 1726 2221; x_wconf 82' lang='grc' dir='ltr'>κατὰ</span> 
     </span>
    </p>
   </div>
   <div class='ocr_carea' id='block_1_40' title="bbox 132 2261 1728 2345">
    <p class='ocr_par' dir='ltr' id='par_1_40' title="bbox 132 2261 1728 2345">
     <span class='ocr_line' id='line_1_40' title="bbox 132 2261 1728 2345; baseline -0.009 -18"><span class='ocrx_word' id='word_1_301' title='bbox 132 2272 306 2345; x_wconf 83' lang='grc' dir='ltr'>νόμον</span> <span class='ocrx_word' id='word_1_302' title='bbox 341 2269 699 2340; x_wconf 85' lang='grc' dir='ltr'>δικαιοσύνης</span> <span class='ocrx_word' id='word_1_303' title='bbox 720 2308 735 2333; x_wconf 87' lang='grc'><strong>,</strong></span> <span class='ocrx_word' id='word_1_304' title='bbox 785 2269 820 2338; x_wconf 79' lang='grc' dir='ltr'><strong>ἡ</strong></span> <span class='ocrx_word' id='word_1_305' title='bbox 856 2269 922 2320; x_wconf 80' lang='grc' dir='ltr'>ὲκ</span> <span class='ocrx_word' id='word_1_306' title='bbox 975 2268 1214 2329; x_wconf 84' lang='grc' dir='ltr'>πίστεως</span> <span class='ocrx_word' id='word_1_307' title='bbox 1246 2264 1346 2335; x_wconf 80' lang='grc' dir='ltr'>τῆς</span> <span class='ocrx_word' id='word_1_308' title='bbox 1380 2265 1461 2326; x_wconf 80' lang='grc' dir='ltr'><strong>εἰς</strong></span> <span class='ocrx_word' id='word_1_309' title='bbox 1491 2261 1728 2334; x_wconf 75' lang='grc' dir='ltr'>Χριστὸν</span> 
     </span>
    </p>
   </div>
   <div class='ocr_carea' id='block_1_41' title="bbox 131 2351 1727 2435">
    <p class='ocr_par' dir='ltr' id='par_1_41' title="bbox 131 2351 1727 2435">
     <span class='ocr_line' id='line_1_41' title="bbox 131 2351 1727 2435; baseline -0.009 -18"><span class='ocrx_word' id='word_1_310' title='bbox 131 2363 516 2435; x_wconf 78' lang='grc' dir='ltr'>ἀρχαιοτέραν</span> <span class='ocrx_word' id='word_1_311' title='bbox 553 2360 668 2431; x_wconf 78' lang='grc' dir='ltr'>ἔχει</span> <span class='ocrx_word' id='word_1_312' title='bbox 716 2357 815 2429; x_wconf 82' lang='grc' dir='ltr'>τὴν</span> <span class='ocrx_word' id='word_1_313' title='bbox 847 2357 1117 2421; x_wconf 80' lang='grc' dir='ltr'>ἀνάδειξιν</span> <span class='ocrx_word' id='word_1_314' title='bbox 1142 2373 1154 2385; x_wconf 91' lang='grc'><strong>·</strong></span> <span class='ocrx_word' id='word_1_315' title='bbox 1193 2356 1290 2409; x_wconf 67' lang='grc' dir='ltr'><strong>κα)⁸</strong></span> <span class='ocrx_word' id='word_1_316' title='bbox 1324 2353 1459 2426; x_wconf 87' lang='grc' dir='ltr'>πρὸς</span> <span class='ocrx_word' id='word_1_317' title='bbox 1496 2351 1727 2414; x_wconf 80' lang='grc' dir='ltr'>τούτοις,</span> 
     </span>
    </p>
   </div>
   <div class='ocr_carea' id='block_1_42' title="bbox 130 2439 1768 2520">
    <p class='ocr_par' dir='ltr' id='par_1_42' title="bbox 130 2439 1768 2520">
     <span class='ocr_line' id='line_1_42' title="bbox 130 2439 1768 2520; baseline -0.012 -10"><span class='ocrx_word' id='word_1_318' title='bbox 130 2459 221 2510; x_wconf 78' lang='grc' dir='ltr'><strong>ὅτι</strong></span> <span class='ocrx_word' id='word_1_319' title='bbox 275 2457 397 2520; x_wconf 85' lang='grc' dir='ltr'>τοῖς</span> <span class='ocrx_word' id='word_1_320' title='bbox 452 2451 772 2508; x_wconf 88' lang='grc' dir='ltr'>πιστεύουσι</span> <span class='ocrx_word' id='word_1_321' title='bbox 831 2450 927 2505; x_wconf 74' lang='grc' dir='ltr'><strong>καὶ</strong></span> <span class='ocrx_word' id='word_1_322' title='bbox 1005 2446 1346 2503; x_wconf 77' lang='grc' dir='ltr'>ὑπακούουσι</span> <span class='ocrx_word' id='word_1_323' title='bbox 1392 2445 1469 2517; x_wconf 83' lang='grc' dir='ltr'>τῷ</span> <span class='ocrx_word' id='word_1_324' title='bbox 1525 2439 1768 2515; x_wconf 83' lang='grc' dir='ltr'>Χριστῷ,</span> 
     </span>
    </p>
   </div>
   <div class='ocr_carea' id='block_1_43' title="bbox 1828 1888 3418 1961">
    <p class='ocr_par' dir='ltr' id='par_1_43' title="bbox 1828 1888 3418 1961">
     <span class='ocr_line' id='line_1_43' title="bbox 1828 1888 3418 1961; baseline -0.001 -17"><span class='ocrx_word' id='word_1_325' title='bbox 1828 1889 1932 1945; x_wconf 92' lang='lat' dir='ltr'><strong>ﬁde</strong></span> <span class='ocrx_word' id='word_1_326' title='bbox 1964 1891 2017 1944; x_wconf 91' lang='lat' dir='ltr'><strong>in</strong></span> <span class='ocrx_word' id='word_1_327' title='bbox 2047 1888 2352 1956; x_wconf 91' lang='lat' dir='ltr'><strong>Christum,</strong></span> <span class='ocrx_word' id='word_1_328' title='bbox 2384 1904 2548 1959; x_wconf 84' lang='lat' dir='ltr'><strong>quam</strong></span> <span class='ocrx_word' id='word_1_329' title='bbox 2581 1890 2652 1944; x_wconf 90' lang='lat' dir='ltr'><strong>sit</strong></span> <span class='ocrx_word' id='word_1_330' title='bbox 2676 1890 2906 1959; x_wconf 66' lang='lat' dir='ltr'><strong>iustitiae</strong></span> <span class='ocrx_word' id='word_1_331' title='bbox 2927 1890 3118 1961; x_wconf 80' lang='lat' dir='ltr'><strong>legalis</strong></span> <span class='ocrx_word' id='word_1_332' title='bbox 3144 1909 3157 1945; x_wconf 92' lang='lat'><strong>:</strong></span> <span class='ocrx_word' id='word_1_333' title='bbox 3184 1905 3247 1945; x_wconf 90' lang='lat' dir='ltr'><strong>ac</strong></span> <span class='ocrx_word' id='word_1_334' title='bbox 3275 1905 3418 1960; x_wconf 83' lang='lat' dir='ltr'><strong>prae-</strong></span> 
     </span>
    </p>
   </div>
   <div class='ocr_carea' id='block_1_44' title="bbox 1827 1980 3445 2049">
    <p class='ocr_par' dir='ltr' id='par_1_44' title="bbox 1827 1980 3445 2049">
     <span class='ocr_line' id='line_1_44' title="bbox 1827 1980 3445 2049; baseline -0.001 -13"><span class='ocrx_word' id='word_1_335' title='bbox 1827 1990 1977 2038; x_wconf 82' lang='lat' dir='ltr'><strong>terea</strong></span> <span class='ocrx_word' id='word_1_336' title='bbox 1998 1980 2358 2038; x_wconf 86' lang='lat' dir='ltr'><strong>credentibus</strong></span> <span class='ocrx_word' id='word_1_337' title='bbox 2376 1991 2430 2035; x_wconf 91' lang='lat' dir='ltr'><strong>et</strong></span> <span class='ocrx_word' id='word_1_338' title='bbox 2446 1981 2832 2037; x_wconf 87' lang='lat' dir='ltr'><strong>obedientihus</strong></span> <span class='ocrx_word' id='word_1_339' title='bbox 2849 1982 3091 2046; x_wconf 85' lang='lat' dir='ltr'><strong>Christo,</strong></span> <span class='ocrx_word' id='word_1_340' title='bbox 3111 1982 3445 2049; x_wconf 80' lang='lat' dir='ltr'><strong>divinorum</strong></span> 
     </span>
    </p>
   </div>
   <div class='ocr_carea' id='block_1_45' title="bbox 1825 2071 3420 2147">
    <p class='ocr_par' dir='ltr' id='par_1_45' title="bbox 1825 2071 3420 2147">
     <span class='ocr_line' id='line_1_45' title="bbox 1825 2071 3420 2147; baseline -0.002 -17"><span class='ocrx_word' id='word_1_341' title='bbox 1825 2074 2216 2147; x_wconf 85' lang='lat' dir='ltr'><strong>mysteriorum</strong></span> <span class='ocrx_word' id='word_1_342' title='bbox 2253 2072 2624 2143; x_wconf 87' lang='lat' dir='ltr'><strong>cognitionem</strong></span> <span class='ocrx_word' id='word_1_343' title='bbox 2646 2073 2903 2139; x_wconf 83' lang='lat' dir='ltr'><strong>revelari,</strong></span> <span class='ocrx_word' id='word_1_344' title='bbox 2925 2086 2978 2128; x_wconf 89' lang='lat' dir='ltr'><strong>et</strong></span> <span class='ocrx_word' id='word_1_345' title='bbox 3007 2071 3101 2128; x_wconf 90' lang='lat' dir='ltr'><strong>Dei</strong></span> <span class='ocrx_word' id='word_1_346' title='bbox 3142 2088 3206 2127; x_wconf 88' lang='lat' dir='ltr'><strong>ac</strong></span> <span class='ocrx_word' id='word_1_347' title='bbox 3237 2071 3420 2127; x_wconf 88' lang='lat' dir='ltr'><strong>Patris</strong></span> 
     </span>
    </p>
   </div>
   <div class='ocr_carea' id='block_1_46' title="bbox 1826 2164 3419 2238">
    <p class='ocr_par' dir='ltr' id='par_1_46' title="bbox 1826 2164 3419 2238">
     <span class='ocr_line' id='line_1_46' title="bbox 1826 2164 3419 2238; baseline -0.001 -18"><span class='ocrx_word' id='word_1_348' title='bbox 1826 2165 2164 2222; x_wconf 67' lang='lat' dir='ltr'><strong>voluntatem</strong></span> <span class='ocrx_word' id='word_1_349' title='bbox 2192 2180 2220 2220; x_wconf 88' lang='lat' dir='ltr'><strong>a</strong></span> <span class='ocrx_word' id='word_1_350' title='bbox 2252 2164 2414 2230; x_wconf 88' lang='lat' dir='ltr'><strong>Filio,</strong></span> <span class='ocrx_word' id='word_1_351' title='bbox 2443 2166 2538 2236; x_wconf 90' lang='lat' dir='ltr'><strong>qui</strong></span> <span class='ocrx_word' id='word_1_352' title='bbox 2568 2181 2688 2221; x_wconf 93' lang='lat' dir='ltr'><strong>eam</strong></span> <span class='ocrx_word' id='word_1_353' title='bbox 2715 2166 2896 2231; x_wconf 90' lang='lat' dir='ltr'><strong>novit,</strong></span> <span class='ocrx_word' id='word_1_354' title='bbox 2930 2167 3155 2238; x_wconf 85' lang='lat' dir='ltr'><strong>aperiri,</strong></span> <span class='ocrx_word' id='word_1_355' title='bbox 3177 2165 3419 2220; x_wconf 87' lang='lat' dir='ltr'><strong>inﬁdeli-</strong></span> 
     </span>
    </p>
   </div>
   <div class='ocr_carea' id='block_1_47' title="bbox 1835 2257 3419 2328">
    <p class='ocr_par' dir='ltr' id='par_1_47' title="bbox 1835 2257 3419 2328">
     <span class='ocr_line' id='line_1_47' title="bbox 1835 2257 3419 2328; baseline -0.003 -14"><span class='ocrx_word' id='word_1_356' title='bbox 1835 2258 1939 2314; x_wconf 84' lang='lat' dir='ltr'><strong>bus</strong></span> <span class='ocrx_word' id='word_1_357' title='bbox 1981 2271 2088 2310; x_wconf 89' lang='lat' dir='ltr'><strong>non</strong></span> <span class='ocrx_word' id='word_1_358' title='bbox 2131 2257 2280 2311; x_wconf 89' lang='lat' dir='ltr'><strong>item.</strong></span> <span class='ocrx_word' id='word_1_359' title='bbox 2302 2258 2413 2327; x_wconf 81' lang='lat' dir='ltr'><strong>Age</strong></span> <span class='ocrx_word' id='word_1_360' title='bbox 2454 2272 2585 2312; x_wconf 89' lang='lat' dir='ltr'><strong>vero</strong></span> <span class='ocrx_word' id='word_1_361' title='bbox 2624 2257 2865 2328; x_wconf 90' lang='lat' dir='ltr'><strong>idipsum</strong></span> <span class='ocrx_word' id='word_1_362' title='bbox 2900 2274 3096 2313; x_wconf 90' lang='lat' dir='ltr'><strong>rursus</strong></span> <span class='ocrx_word' id='word_1_363' title='bbox 3129 2274 3196 2313; x_wconf 80' lang='lat' dir='ltr'><strong>ex</strong></span> <span class='ocrx_word' id='word_1_364' title='bbox 3220 2257 3419 2311; x_wconf 73' lang='lat' dir='ltr'><strong>divinis</strong></span> 
     </span>
    </p>
   </div>
   <div class='ocr_carea' id='block_1_48' title="bbox 1837 2347 3418 2414">
    <p class='ocr_par' dir='ltr' id='par_1_48' title="bbox 1837 2347 3418 2414">
     <span class='ocr_line' id='line_1_48' title="bbox 1837 2347 3418 2414; baseline -0.003 -10"><span class='ocrx_word' id='word_1_365' title='bbox 1837 2349 2062 2404; x_wconf 86' lang='lat' dir='ltr'><strong>Litteris</strong></span> <span class='ocrx_word' id='word_1_366' title='bbox 2089 2347 2473 2414; x_wconf 79' lang='lat' dir='ltr'><strong>ostendamus,</strong></span> <span class='ocrx_word' id='word_1_367' title='bbox 2514 2364 2614 2404; x_wconf 93' lang='lat' dir='ltr'><strong>nos</strong></span> <span class='ocrx_word' id='word_1_368' title='bbox 2649 2349 2859 2405; x_wconf 87' lang='lat' dir='ltr'><strong>utiliter</strong></span> <span class='ocrx_word' id='word_1_369' title='bbox 2890 2351 2944 2404; x_wconf 92' lang='lat' dir='ltr'><strong>in</strong></span> <span class='ocrx_word' id='word_1_370' title='bbox 2979 2350 3048 2406; x_wconf 90' lang='lat' dir='ltr'><strong>iis</strong></span> <span class='ocrx_word' id='word_1_371' title='bbox 3079 2355 3418 2405; x_wconf 77' lang='lat' dir='ltr'><strong>exercentes.</strong></span> 
     </span>
    </p>
   </div>
   <div class='ocr_carea' id='block_1_49' title="bbox 1844 2437 3420 2512">
    <p class='ocr_par' dir='ltr' id='par_1_49' title="bbox 1844 2437 3420 2512">
     <span class='ocr_line' id='line_1_49' title="bbox 1844 2437 3420 2512; baseline 0.006 -21"><span class='ocrx_word' id='word_1_372' title='bbox 1844 2441 1878 2511; x_wconf 84' lang='grc' dir='ltr'>ή</span> <span class='ocrx_word' id='word_1_373' title='bbox 1932 2438 2039 2492; x_wconf 85' lang='grc' dir='ltr'>τῶν</span> <span class='ocrx_word' id='word_1_374' title='bbox 2090 2438 2253 2493; x_wconf 81' lang='grc' dir='ltr'>θείων</span> <span class='ocrx_word' id='word_1_375' title='bbox 2319 2439 2634 2512; x_wconf 81' lang='grc' dir='ltr'>μυστηρίων</span> <span class='ocrx_word' id='word_1_376' title='bbox 2692 2439 3141 2496; x_wconf 79' lang='grc' dir='ltr'>ἀποκαλύπτεται</span> <span class='ocrx_word' id='word_1_377' title='bbox 3194 2437 3420 2508; x_wconf 69' lang='grc' dir='ltr'>γνῶσις,</span> 
     </span>
    </p>
   </div>
   <div class='ocr_carea' id='block_1_50' title="bbox 132 2531 3420 2619">
    <p class='ocr_par' dir='ltr' id='par_1_50' title="bbox 132 2531 3420 2619">
     <span class='ocr_line' id='line_1_50' title="bbox 132 2531 3420 2619; baseline -0.005 -15"><span class='ocrx_word' id='word_1_378' title='bbox 132 2551 235 2604; x_wconf 74' lang='grc' dir='ltr'>καὶ</span> <span class='ocrx_word' id='word_1_379' title='bbox 320 2551 356 2619; x_wconf 77' lang='grc' dir='ltr'><strong>ὴ</strong></span> <span class='ocrx_word' id='word_1_380' title='bbox 406 2547 504 2602; x_wconf 92' lang='grc' dir='ltr'><strong>τοῦ</strong></span> <span class='ocrx_word' id='word_1_381' title='bbox 552 2544 689 2600; x_wconf 90' lang='grc' dir='ltr'>Θεοῦ</span> <span class='ocrx_word' id='word_1_382' title='bbox 743 2546 837 2599; x_wconf 72' lang='grc' dir='ltr'><strong>καί</strong></span> <span class='ocrx_word' id='word_1_383' title='bbox 900 2543 1108 2615; x_wconf 85' lang='grc' dir='ltr'>Πατρὸς</span> <span class='ocrx_word' id='word_1_384' title='bbox 1171 2539 1529 2612; x_wconf 77' lang='grc' dir='ltr'>ἑρμηνεύεται</span> <span class='ocrx_word' id='word_1_385' title='bbox 1603 2535 1765 2608; x_wconf 80' lang='grc' dir='ltr'>βουλὴ</span> <span class='ocrx_word' id='word_1_386' title='bbox 1804 2531 1958 2605; x_wconf 76' lang='grc' dir='ltr'>παρὰ</span> <span class='ocrx_word' id='word_1_387' title='bbox 2005 2532 2099 2586; x_wconf 87' lang='grc' dir='ltr'><strong>τοῦ</strong></span> <span class='ocrx_word' id='word_1_388' title='bbox 2152 2532 2360 2601; x_wconf 83' lang='grc' dir='ltr'>ταύτην</span> <span class='ocrx_word' id='word_1_389' title='bbox 2409 2533 2610 2598; x_wconf 79' lang='grc' dir='ltr'>εἰδότος</span> <span class='ocrx_word' id='word_1_390' title='bbox 2660 2534 2829 2587; x_wconf 84' lang='grc' dir='ltr'>Υίοῦ·</span> <span class='ocrx_word' id='word_1_391' title='bbox 2877 2538 2989 2600; x_wconf 83' lang='grc' dir='ltr'>τοῖς</span> <span class='ocrx_word' id='word_1_392' title='bbox 3041 2534 3098 2588; x_wconf 76' lang='grc' dir='ltr'><strong>δὲ</strong></span> <span class='ocrx_word' id='word_1_393' title='bbox 3188 2533 3420 2604; x_wconf 73' lang='grc' dir='ltr'>ἀπειθή-</span> 
     </span>
    </p>
   </div>
   <div class='ocr_carea' id='block_1_51' title="bbox 139 2621 3410 2704">
    <p class='ocr_par' dir='ltr' id='par_1_51' title="bbox 139 2621 3410 2704">
     <span class='ocr_line' id='line_1_51' title="bbox 139 2621 3410 2704; baseline -0.007 -10"><span class='ocrx_word' id='word_1_394' title='bbox 139 2655 311 2694; x_wconf 81' lang='grc' dir='ltr'>σασιν</span> <span class='ocrx_word' id='word_1_395' title='bbox 385 2636 596 2690; x_wconf 81' lang='grc' dir='ltr'>οὐκέτι.</span> <span class='ocrx_word' id='word_1_396' title='bbox 645 2633 763 2687; x_wconf 73' lang='grc' dir='ltr'><strong>Καὶ</strong></span> <span class='ocrx_word' id='word_1_397' title='bbox 810 2632 943 2704; x_wconf 82' lang='grc' dir='ltr'>φέρε</span> <span class='ocrx_word' id='word_1_398' title='bbox 992 2630 1154 2685; x_wconf 78' lang='grc' dir='ltr'>πάλιν</span> <span class='ocrx_word' id='word_1_399' title='bbox 1202 2629 1371 2695; x_wconf 74' lang='grc' dir='ltr'>αὐτὸ,</span> <span class='ocrx_word' id='word_1_400' title='bbox 1419 2626 1509 2680; x_wconf 76' lang='grc' dir='ltr'>διὰ</span> <span class='ocrx_word' id='word_1_401' title='bbox 1568 2627 1666 2696; x_wconf 74' lang='grc' dir='ltr'><strong>τῆς</strong></span> <span class='ocrx_word' id='word_1_402' title='bbox 1734 2622 2098 2699; x_wconf 79' lang='grc' dir='ltr'>θεοπνεύστου</span> <span class='ocrx_word' id='word_1_403' title='bbox 2170 2621 2506 2693; x_wconf 68' lang='grc' dir='ltr'>δεικνίωμεν</span> <span class='ocrx_word' id='word_1_404' title='bbox 2574 2624 2830 2697; x_wconf 71' lang='grc' dir='ltr'>Γραφῆς,</span> <span class='ocrx_word' id='word_1_405' title='bbox 2905 2625 3060 2694; x_wconf 80' lang='grc' dir='ltr'>ὀλίγα</span> <span class='ocrx_word' id='word_1_406' title='bbox 3119 2625 3410 2696; x_wconf 75' lang='grc' dir='ltr'>χρησίμως</span> 
     </span>
    </p>
   </div>
   <div class='ocr_carea' id='block_1_52' title="bbox 131 2731 630 2801">
    <p class='ocr_par' dir='ltr' id='par_1_52' title="bbox 131 2731 630 2801">
     <span class='ocr_line' id='line_1_52' title="bbox 131 2731 630 2801; baseline -0.004 -10"><span class='ocrx_word' id='word_1_407' title='bbox 131 2734 297 2791; x_wconf 73' lang='grc' dir='ltr'>ἀδολε</span> <span class='ocrx_word' id='word_1_408' title='bbox 305 2731 413 2801; x_wconf 82' lang='grc' dir='ltr'>σχὴ</span> <span class='ocrx_word' id='word_1_409' title='bbox 422 2743 630 2789; x_wconf 77' lang='grc' dir='ltr'>σαντες·</span> 
     </span>
    </p>
   </div>
   <div class='ocr_carea' id='block_1_53' title="bbox 210 2808 1737 2895">
    <p class='ocr_par' dir='ltr' id='par_1_53' title="bbox 210 2808 1737 2895">
     <span class='ocr_line' id='line_1_53' title="bbox 210 2808 1737 2895; baseline -0.014 -14"><span class='ocrx_word' id='word_1_410' title='bbox 210 2826 539 2895; x_wconf 82' lang='grc' dir='ltr'>Γέγραπται</span> <span class='ocrx_word' id='word_1_411' title='bbox 586 2816 767 2871; x_wconf 87' lang='grc' dir='ltr'>τοίνυν</span> <span class='ocrx_word' id='word_1_412' title='bbox 817 2815 876 2868; x_wconf 80' lang='grc' dir='ltr'>ὲν</span> <span class='ocrx_word' id='word_1_413' title='bbox 926 2812 1092 2884; x_wconf 77' lang='grc' dir='ltr'>βίϐλῳ</span> <span class='ocrx_word' id='word_1_414' title='bbox 1142 2810 1406 2877; x_wconf 82' lang='grc' dir='ltr'>Μωσέως,</span> <span class='ocrx_word' id='word_1_415' title='bbox 1450 2810 1532 2864; x_wconf 77' lang='grc' dir='ltr'>ὅτι</span> <span class='ocrx_word' id='word_1_416' title='bbox 1578 2808 1737 2862; x_wconf 84' lang='grc' dir='ltr'>πεπί-</span> 
     </span>
    </p>
   </div>
   <div class='ocr_carea' id='block_1_54' title="bbox 137 2899 1735 2985">
    <p class='ocr_par' dir='ltr' id='par_1_54' title="bbox 137 2899 1735 2985">
     <span class='ocr_line' id='line_1_54' title="bbox 137 2899 1735 2985; baseline -0.013 -11"><span class='ocrx_word' id='word_1_417' title='bbox 137 2934 342 2974; x_wconf 80' lang='grc' dir='ltr'>στευκε</span> <span class='ocrx_word' id='word_1_418' title='bbox 391 2914 494 2985; x_wconf 82' lang='grc' dir='ltr'>μὲν</span> <span class='ocrx_word' id='word_1_419' title='bbox 530 2907 786 2982; x_wconf 76' lang='grc' dir='ltr'>Ἀϐραὰμ</span> <span class='ocrx_word' id='word_1_420' title='bbox 818 2905 895 2977; x_wconf 86' lang='grc' dir='ltr'>τῷ</span> <span class='ocrx_word' id='word_1_421' title='bbox 922 2904 1061 2976; x_wconf 78' lang='grc' dir='ltr'>Θεῷ,</span> <span class='ocrx_word' id='word_1_422' title='bbox 1091 2905 1231 2976; x_wconf 83' lang='grc' dir='ltr'>πλὴν</span> <span class='ocrx_word' id='word_1_423' title='bbox 1270 2905 1303 2976; x_wconf 78' lang='grc' dir='ltr'><strong>ἡ</strong></span> <span class='ocrx_word' id='word_1_424' title='bbox 1353 2904 1539 2966; x_wconf 84' lang='grc' dir='ltr'>πίστις</span> <span class='ocrx_word' id='word_1_425' title='bbox 1587 2899 1735 2972; x_wconf 82' lang='grc' dir='ltr'>αὐτῷ</span> 
     </span>
    </p>
   </div>
   <div class='ocr_carea' id='block_1_55' title="bbox 135 2992 1731 3075">
    <p class='ocr_par' dir='ltr' id='par_1_55' title="bbox 135 2992 1731 3075">
     <span class='ocr_line' id='line_1_55' title="bbox 135 2992 1731 3075; baseline -0.01 -12"><span class='ocrx_word' id='word_1_426' title='bbox 135 3008 458 3075; x_wconf 80' lang='grc' dir='ltr'>λελόγισται</span> <span class='ocrx_word' id='word_1_427' title='bbox 499 3002 579 3065; x_wconf 86' lang='grc' dir='ltr'><strong>είς</strong></span> <span class='ocrx_word' id='word_1_428' title='bbox 610 2996 974 3069; x_wconf 87' lang='grc' dir='ltr'>δικαιοσύνην,</span> <span class='ocrx_word' id='word_1_429' title='bbox 1000 2995 1099 3050; x_wconf 73' lang='grc' dir='ltr'>καὶ</span> <span class='ocrx_word' id='word_1_430' title='bbox 1129 2995 1282 3065; x_wconf 84' lang='grc' dir='ltr'>φίλος</span> <span class='ocrx_word' id='word_1_431' title='bbox 1321 2993 1456 3047; x_wconf 83' lang='grc' dir='ltr'>Θεοῦ</span> <span class='ocrx_word' id='word_1_432' title='bbox 1506 2992 1731 3063; x_wconf 74' lang='grc' dir='ltr'>ἐκλήθη.</span> 
     </span>
    </p>
   </div>
   <div class='ocr_carea' id='block_1_56' title="bbox 1913 2798 3419 2870">
    <p class='ocr_par' dir='ltr' id='par_1_56' title="bbox 1913 2798 3419 2870">
     <span class='ocr_line' id='line_1_56' title="bbox 1913 2798 3419 2870; baseline 0.006 -17"><span class='ocrx_word' id='word_1_433' title='bbox 1913 2799 2191 2870; x_wconf 89' lang='lat' dir='ltr'><strong>Scriptum</strong></span> <span class='ocrx_word' id='word_1_434' title='bbox 2219 2807 2303 2853; x_wconf 90' lang='lat' dir='ltr'><strong>est</strong></span> <span class='ocrx_word' id='word_1_435' title='bbox 2349 2798 2517 2869; x_wconf 92' lang='lat' dir='ltr'><strong>igitur</strong></span> <span class='ocrx_word' id='word_1_436' title='bbox 2560 2798 2617 2852; x_wconf 87' lang='lat' dir='ltr'><strong>in</strong></span> <span class='ocrx_word' id='word_1_437' title='bbox 2662 2798 2802 2853; x_wconf 90' lang='lat' dir='ltr'><strong>libro</strong></span> <span class='ocrx_word' id='word_1_438' title='bbox 2853 2798 3082 2870; x_wconf 82' lang='lat' dir='ltr'><strong>Moysis,</strong></span> <span class='ocrx_word' id='word_1_439' title='bbox 3117 2803 3419 2862; x_wconf 82' lang='lat' dir='ltr'><strong>credidisse</strong></span> 
     </span>
    </p>
   </div>
   <div class='ocr_carea' id='block_1_57' title="bbox 1838 2889 3420 2975">
    <p class='ocr_par' dir='ltr' id='par_1_57' title="bbox 1838 2889 3420 2975">
     <span class='ocr_line' id='line_1_57' title="bbox 1838 2889 3420 2975; baseline 0.006 -31"><span class='ocrx_word' id='word_1_440' title='bbox 1838 2890 2062 2963; x_wconf 90' lang='lat' dir='ltr'><strong>quidem</strong></span> <span class='ocrx_word' id='word_1_441' title='bbox 2090 2891 2367 2946; x_wconf 85' lang='lat' dir='ltr'><strong>Abraham</strong></span> <span class='ocrx_word' id='word_1_442' title='bbox 2420 2889 2553 2952; x_wconf 85' lang='lat' dir='ltr'><strong>Deo,</strong></span> <span class='ocrx_word' id='word_1_443' title='bbox 2584 2900 2638 2945; x_wconf 90' lang='lat' dir='ltr'><strong>et</strong></span> <span class='ocrx_word' id='word_1_444' title='bbox 2693 2890 2848 2945; x_wconf 87' lang='lat' dir='ltr'><strong>ﬁdem</strong></span> <span class='ocrx_word' id='word_1_445' title='bbox 2876 2893 2925 2946; x_wconf 91' lang='lat' dir='ltr'><strong>ei</strong></span> <span class='ocrx_word' id='word_1_446' title='bbox 2951 2903 3264 2975; x_wconf 80' lang='lat' dir='ltr'><strong>reputatam</strong></span> <span class='ocrx_word' id='word_1_447' title='bbox 3301 2913 3420 2953; x_wconf 83' lang='lat' dir='ltr'><strong>esse</strong></span> 
     </span>
    </p>
   </div>
   <div class='ocr_carea' id='block_1_58' title="bbox 1837 2981 3420 3054">
    <p class='ocr_par' dir='ltr' id='par_1_58' title="bbox 1837 2981 3420 3054">
     <span class='ocr_line' id='line_1_58' title="bbox 1837 2981 3420 3054; baseline 0.002 -15"><span class='ocrx_word' id='word_1_448' title='bbox 1837 2984 1906 3040; x_wconf 89' lang='lat' dir='ltr'><strong>ad</strong></span> <span class='ocrx_word' id='word_1_449' title='bbox 1937 2983 2207 3054; x_wconf 89' lang='lat' dir='ltr'><strong>justitiam</strong></span> <span class='ocrx_word' id='word_1_450' title='bbox 2247 2982 2312 3047; x_wconf 82' lang='grc'>⁸⁸,</span> <span class='ocrx_word' id='word_1_451' title='bbox 2345 2990 2399 3038; x_wconf 91' lang='lat' dir='ltr'><strong>et</strong></span> <span class='ocrx_word' id='word_1_452' title='bbox 2431 2982 2669 3036; x_wconf 87' lang='lat' dir='ltr'><strong>amicum</strong></span> <span class='ocrx_word' id='word_1_453' title='bbox 2724 2981 2815 3037; x_wconf 90' lang='lat' dir='ltr'><strong>Dei</strong></span> <span class='ocrx_word' id='word_1_454' title='bbox 2851 2993 3230 3054; x_wconf 90' lang='lat' dir='ltr'><strong>nuncupatum</strong></span> <span class='ocrx_word' id='word_1_455' title='bbox 3277 3003 3420 3044; x_wconf 89' lang='lat' dir='ltr'><strong>esse.</strong></span> 
     </span>
    </p>
   </div>
   <div class='ocr_carea' id='block_1_59' title="bbox 135 3073 1739 3173">
    <p class='ocr_par' dir='ltr' id='par_1_59' title="bbox 135 3073 1733 3173">
     <span class='ocr_line' id='line_1_59' title="bbox 135 3073 1733 3173; baseline -0.014 -20"><span class='ocrx_word' id='word_1_456' title='bbox 135 3099 253 3154; x_wconf 76' lang='grc' dir='ltr'>Καὶ</span> <span class='ocrx_word' id='word_1_457' title='bbox 276 3073 367 3159; x_wconf 77' lang='grc' dir='ltr'><strong>τίς</strong></span> <span class='ocrx_word' id='word_1_458' title='bbox 398 3095 429 3146; x_wconf 88' lang='lat'><strong>6</strong></span> <span class='ocrx_word' id='word_1_459' title='bbox 451 3092 548 3163; x_wconf 79' lang='grc' dir='ltr'>τῆς</span> <span class='ocrx_word' id='word_1_460' title='bbox 565 3091 803 3152; x_wconf 86' lang='grc' dir='ltr'>πίστεως</span> <span class='ocrx_word' id='word_1_461' title='bbox 829 3085 1102 3159; x_wconf 81' lang='grc' dir='ltr'>τρόπος,ἢ</span> <span class='ocrx_word' id='word_1_462' title='bbox 1126 3082 1242 3146; x_wconf 86' lang='grc' dir='ltr'><strong>πῶς</strong></span> <span class='ocrx_word' id='word_1_463' title='bbox 1264 3083 1372 3153; x_wconf 80' lang='grc' dir='ltr'>ἄρα</span> <span class='ocrx_word' id='word_1_464' title='bbox 1395 3081 1547 3152; x_wconf 79' lang='grc' dir='ltr'>φίλος</span> <span class='ocrx_word' id='word_1_465' title='bbox 1570 3080 1733 3173; x_wconf 43' lang='grc' dir='ltr'>ὲκλήῗ</span> 
     </span>
    </p>
   </div>
   <div class='ocr_carea' id='block_1_60' title="bbox 1842 3073 3422 3173">
    <p class='ocr_par' dir='ltr' id='par_1_60' title="bbox 1842 3073 3422 3147">
     <span class='ocr_line' id='line_1_60' title="bbox 1842 3073 3422 3147; baseline 0.003 -17"><span class='ocrx_word' id='word_1_466' title='bbox 1842 3077 2103 3144; x_wconf 76' lang='lat' dir='ltr'><strong>Quzenam</strong></span> <span class='ocrx_word' id='word_1_467' title='bbox 2161 3082 2345 3128; x_wconf 88' lang='lat' dir='ltr'><strong>autem</strong></span> <span class='ocrx_word' id='word_1_468' title='bbox 2401 3081 2486 3129; x_wconf 92' lang='lat' dir='ltr'><strong>est</strong></span> <span class='ocrx_word' id='word_1_469' title='bbox 2531 3073 2622 3127; x_wconf 90' lang='lat' dir='ltr'><strong>illa</strong></span> <span class='ocrx_word' id='word_1_470' title='bbox 2667 3073 2793 3129; x_wconf 91' lang='lat' dir='ltr'><strong>ﬁdei</strong></span> <span class='ocrx_word' id='word_1_471' title='bbox 2822 3075 2984 3141; x_wconf 88' lang='lat' dir='ltr'><strong>ratio,</strong></span> <span class='ocrx_word' id='word_1_472' title='bbox 3018 3084 3114 3129; x_wconf 89' lang='lat' dir='ltr'><strong>aut</strong></span> <span class='ocrx_word' id='word_1_473' title='bbox 3144 3080 3422 3147; x_wconf 89' lang='lat' dir='ltr'><strong>quomodo</strong></span> 
     </span>
    </p>
   </div>
   <div class='ocr_carea' id='block_1_61' title="bbox 137 3170 1736 3259">
    <p class='ocr_par' dir='ltr' id='par_1_61' title="bbox 137 3170 1736 3259">
     <span class='ocr_line' id='line_1_61' title="bbox 137 3170 1736 3259; baseline -0.013 -15"><span class='ocrx_word' id='word_1_474' title='bbox 137 3190 211 3259; x_wconf 81' lang='grc' dir='ltr'><strong>θη</strong></span> <span class='ocrx_word' id='word_1_475' title='bbox 243 3186 428 3250; x_wconf 85' lang='grc' dir='ltr'>Θεοῦ;</span> <span class='ocrx_word' id='word_1_476' title='bbox 459 3184 732 3237; x_wconf 83' lang='grc' dir='ltr'>Ἤκουσεν</span> <span class='ocrx_word' id='word_1_477' title='bbox 757 3195 772 3211; x_wconf 74' lang='grc' dir='ltr'><strong>ο</strong></span> <span class='ocrx_word' id='word_1_478' title='bbox 814 3197 831 3231; x_wconf 82' lang='grc' dir='ltr'><strong>ι</strong></span> <span class='ocrx_word' id='word_1_479' title='bbox 858 3176 1080 3244; x_wconf 83' lang='grc' dir='ltr'>Ἔξελθε</span> <span class='ocrx_word' id='word_1_480' title='bbox 1114 3177 1179 3228; x_wconf 87' lang='grc' dir='ltr'>ὲκ</span> <span class='ocrx_word' id='word_1_481' title='bbox 1209 3173 1309 3244; x_wconf 79' lang='grc' dir='ltr'><strong>τῆς</strong></span> <span class='ocrx_word' id='word_1_482' title='bbox 1338 3174 1442 3243; x_wconf 82' lang='grc' dir='ltr'>γῆς</span> <span class='ocrx_word' id='word_1_483' title='bbox 1481 3188 1606 3235; x_wconf 88' lang='grc' dir='ltr'>σου,</span> <span class='ocrx_word' id='word_1_484' title='bbox 1641 3170 1736 3224; x_wconf 73' lang='grc' dir='ltr'><strong>καὶ</strong></span> 
     </span>
    </p>
   </div>
   <div class='ocr_carea' id='block_1_62' title="bbox 141 3263 1739 3352">
    <p class='ocr_par' dir='ltr' id='par_1_62' title="bbox 141 3263 1739 3352">
     <span class='ocr_line' id='line_1_62' title="bbox 141 3263 1739 3352; baseline -0.012 -16"><span class='ocrx_word' id='word_1_485' title='bbox 141 3284 209 3336; x_wconf 72' lang='grc' dir='ltr'>ὲκ</span> <span class='ocrx_word' id='word_1_486' title='bbox 235 3282 343 3352; x_wconf 79' lang='grc' dir='ltr'>τῆς</span> <span class='ocrx_word' id='word_1_487' title='bbox 383 3273 710 3346; x_wconf 85' lang='grc' dir='ltr'>συγγενείας</span> <span class='ocrx_word' id='word_1_488' title='bbox 762 3288 855 3325; x_wconf 90' lang='grc' dir='ltr'><strong>σου</strong></span> <span class='ocrx_word' id='word_1_489' title='bbox 881 3310 896 3336; x_wconf 88' lang='grc'><strong>,</strong></span> <span class='ocrx_word' id='word_1_490' title='bbox 926 3269 1020 3323; x_wconf 57' lang='grc' dir='ltr'><strong>καί⁸</strong></span> <span class='ocrx_word' id='word_1_491' title='bbox 1069 3267 1228 3340; x_wconf 83' lang='grc' dir='ltr'>δεῦρο</span> <span class='ocrx_word' id='word_1_492' title='bbox 1259 3266 1338 3329; x_wconf 87' lang='grc' dir='ltr'><strong>είς</strong></span> <span class='ocrx_word' id='word_1_493' title='bbox 1376 3264 1475 3336; x_wconf 83' lang='grc' dir='ltr'><strong>τὴν</strong></span> <span class='ocrx_word' id='word_1_494' title='bbox 1510 3264 1633 3334; x_wconf 81' lang='grc' dir='ltr'>γῆν,</span> <span class='ocrx_word' id='word_1_495' title='bbox 1671 3263 1739 3335; x_wconf 75' lang='grc' dir='ltr'>ἣν</span> 
     </span>
    </p>
   </div>
   <div class='ocr_carea' id='block_1_63' title="bbox 142 3356 1739 3436">
    <p class='ocr_par' dir='ltr' id='par_1_63' title="bbox 142 3356 1739 3436">
     <span class='ocr_line' id='line_1_63' title="bbox 142 3356 1739 3436; baseline -0.013 -9"><span class='ocrx_word' id='word_1_496' title='bbox 142 3376 209 3429; x_wconf 74' lang='grc' dir='ltr'>ἂν</span> <span class='ocrx_word' id='word_1_497' title='bbox 241 3389 329 3425; x_wconf 82' lang='grc' dir='ltr'><strong>σοι</strong></span> <span class='ocrx_word' id='word_1_498' title='bbox 371 3369 556 3436; x_wconf 77' lang='grc' dir='ltr'>δείξω.</span> <span class='ocrx_word' id='word_1_499' title='bbox 600 3386 619 3418; x_wconf 74' lang='grc' dir='ltr'><strong>ι</strong></span> <span class='ocrx_word' id='word_1_500' title='bbox 657 3363 817 3418; x_wconf 81' lang='grc' dir='ltr'>Ἀλλά</span> <span class='ocrx_word' id='word_1_501' title='bbox 858 3362 953 3416; x_wconf 71' lang='grc' dir='ltr'><strong>καὶ</strong></span> <span class='ocrx_word' id='word_1_502' title='bbox 1002 3363 1090 3414; x_wconf 86' lang='grc' dir='ltr'>ὅτε</span> <span class='ocrx_word' id='word_1_503' title='bbox 1134 3358 1226 3412; x_wconf 82' lang='grc' dir='ltr'><strong>τὸν</strong></span> <span class='ocrx_word' id='word_1_504' title='bbox 1269 3356 1536 3429; x_wconf 75' lang='grc' dir='ltr'>μονογενῆ</span> <span class='ocrx_word' id='word_1_505' title='bbox 1568 3373 1739 3426; x_wconf 83' lang='grc' dir='ltr'>προσ-</span> 
     </span>
    </p>
   </div>
   <div class='ocr_carea' id='block_1_64' title="bbox 143 3448 1742 3525">
    <p class='ocr_par' dir='ltr' id='par_1_64' title="bbox 143 3448 1742 3525">
     <span class='ocr_line' id='line_1_64' title="bbox 143 3448 1742 3525; baseline -0.013 -5"><span class='ocrx_word' id='word_1_506' title='bbox 143 3465 407 3519; x_wconf 70' lang='grc' dir='ltr'>ετάττετο</span> <span class='ocrx_word' id='word_1_507' title='bbox 456 3460 612 3514; x_wconf 81' lang='grc' dir='ltr'>θύειν</span> <span class='ocrx_word' id='word_1_508' title='bbox 654 3459 734 3521; x_wconf 83' lang='grc' dir='ltr'><strong>εἰς</strong></span> <span class='ocrx_word' id='word_1_509' title='bbox 766 3454 937 3509; x_wconf 88' lang='grc' dir='ltr'>τύπον</span> <span class='ocrx_word' id='word_1_510' title='bbox 979 3450 1239 3525; x_wconf 85' lang='grc' dir='ltr'>Χριστοῦ,</span> <span class='ocrx_word' id='word_1_511' title='bbox 1276 3449 1367 3504; x_wconf 82' lang='grc' dir='ltr'><strong>τὸν</strong></span> <span class='ocrx_word' id='word_1_512' title='bbox 1416 3452 1472 3503; x_wconf 80' lang='grc' dir='ltr'>ὲν</span> <span class='ocrx_word' id='word_1_513' title='bbox 1504 3450 1581 3520; x_wconf 82' lang='grc' dir='ltr'><strong>τῷ</strong></span> <span class='ocrx_word' id='word_1_514' title='bbox 1624 3448 1742 3520; x_wconf 82' lang='grc' dir='ltr'><strong>Θεῷ</strong></span> 
     </span>
    </p>
   </div>
   <div class='ocr_carea' id='block_1_65' title="bbox 144 3538 1742 3626">
    <p class='ocr_par' dir='ltr' id='par_1_65' title="bbox 144 3538 1742 3626">
     <span class='ocr_line' id='line_1_65' title="bbox 144 3538 1742 3626; baseline -0.013 -16"><span class='ocrx_word' id='word_1_515' title='bbox 144 3552 544 3626; x_wconf 75' lang='grc' dir='ltr'>κεκρυμμένον</span> <span class='ocrx_word' id='word_1_516' title='bbox 575 3550 886 3604; x_wconf 77' lang='grc' dir='ltr'>ἐδιδάσκετο</span> <span class='ocrx_word' id='word_1_517' title='bbox 920 3546 1141 3600; x_wconf 87' lang='grc' dir='ltr'>σκοπόν.</span> <span class='ocrx_word' id='word_1_518' title='bbox 1183 3543 1290 3596; x_wconf 75' lang='grc' dir='ltr'><strong>Καὶ</strong></span> <span class='ocrx_word' id='word_1_519' title='bbox 1334 3540 1465 3608; x_wconf 91' lang='grc' dir='ltr'>γοῦν</span> <span class='ocrx_word' id='word_1_520' title='bbox 1495 3543 1523 3594; x_wconf 88' lang='grc' dir='ltr'><strong>ό</strong></span> <span class='ocrx_word' id='word_1_521' title='bbox 1554 3538 1742 3611; x_wconf 72' lang='grc' dir='ltr'>Σιιιτὴρ</span> 
     </span>
    </p>
   </div>
   <div class='ocr_carea' id='block_1_66' title="bbox 145 3630 1739 3718">
    <p class='ocr_par' dir='ltr' id='par_1_66' title="bbox 145 3630 1739 3718">
     <span class='ocr_line' id='line_1_66' title="bbox 145 3630 1739 3718; baseline -0.007 -22"><span class='ocrx_word' id='word_1_522' title='bbox 145 3649 252 3718; x_wconf 69' lang='grc' dir='ltr'><strong>ἔφη</strong></span> <span class='ocrx_word' id='word_1_523' title='bbox 287 3646 421 3717; x_wconf 59' lang='grc' dir='ltr'><strong>περὶ¹</strong></span> <span class='ocrx_word' id='word_1_524' title='bbox 458 3642 622 3697; x_wconf 79' lang='grc' dir='ltr'>αὐτοῦ</span> <span class='ocrx_word' id='word_1_525' title='bbox 658 3644 767 3703; x_wconf 84' lang='grc' dir='ltr'>τοῖς</span> <span class='ocrx_word' id='word_1_526' title='bbox 802 3639 1039 3702; x_wconf 78' lang='grc' dir='ltr'>ἀνοσίοις</span> <span class='ocrx_word' id='word_1_527' title='bbox 1090 3634 1363 3697; x_wconf 86' lang='grc' dir='ltr'>Ἰουδαίοις</span> <span class='ocrx_word' id='word_1_528' title='bbox 1392 3630 1739 3703; x_wconf 73' lang='grc' dir='ltr'>προσλαλῶΨ</span> 
     </span>
    </p>
   </div>
   <div class='ocr_carea' id='block_1_67' title="bbox 153 3717 1744 3807">
    <p class='ocr_par' dir='ltr' id='par_1_67' title="bbox 153 3717 1744 3807">
     <span class='ocr_line' id='line_1_67' title="bbox 153 3717 1744 3807; baseline -0.013 -16"><span class='ocrx_word' id='word_1_529' title='bbox 153 3717 195 3790; x_wconf 11' lang='grc' dir='ltr'><strong>«ν</strong></span> <span class='ocrx_word' id='word_1_530' title='bbox 219 3735 484 3807; x_wconf 78' lang='grc' dir='ltr'>Ἀϐραὰμ</span> <span class='ocrx_word' id='word_1_531' title='bbox 520 3735 549 3786; x_wconf 92' lang='grc' dir='ltr'><strong>ό</strong></span> <span class='ocrx_word' id='word_1_532' title='bbox 591 3731 779 3802; x_wconf 81' lang='grc' dir='ltr'>Πατὴρ</span> <span class='ocrx_word' id='word_1_533' title='bbox 819 3727 973 3799; x_wconf 84' lang='grc' dir='ltr'>ὑμῶν</span> <span class='ocrx_word' id='word_1_534' title='bbox 1002 3724 1391 3796; x_wconf 75' lang='grc' dir='ltr'>ἠγαλλιάσατο,</span> <span class='ocrx_word' id='word_1_535' title='bbox 1421 3721 1508 3774; x_wconf 87' lang='grc' dir='ltr'>ἶνα</span> <span class='ocrx_word' id='word_1_536' title='bbox 1536 3720 1618 3790; x_wconf 76' lang='grc' dir='ltr'><strong>ἴδῃ</strong></span> <span class='ocrx_word' id='word_1_537' title='bbox 1647 3717 1744 3788; x_wconf 80' lang='grc' dir='ltr'><strong>τὴν</strong></span> 
     </span>
    </p>
   </div>
   <div class='ocr_carea' id='block_1_68' title="bbox 147 3808 1745 3900">
    <p class='ocr_par' dir='ltr' id='par_1_68' title="bbox 147 3808 1745 3900">
     <span class='ocr_line' id='line_1_68' title="bbox 147 3808 1745 3900; baseline -0.014 -17"><span class='ocrx_word' id='word_1_538' title='bbox 147 3830 367 3900; x_wconf 74' lang='grc' dir='ltr'>ἡμέραν</span> <span class='ocrx_word' id='word_1_539' title='bbox 392 3826 493 3897; x_wconf 80' lang='grc' dir='ltr'>τὴν</span> <span class='ocrx_word' id='word_1_540' title='bbox 525 3823 686 3896; x_wconf 73' lang='grc' dir='ltr'>ἐμὴν,</span> <span class='ocrx_word' id='word_1_541' title='bbox 724 3822 819 3875; x_wconf 77' lang='grc' dir='ltr'><strong>καὶ</strong></span> <span class='ocrx_word' id='word_1_542' title='bbox 861 3816 991 3884; x_wconf 79' lang='grc' dir='ltr'>εἶδε,</span> <span class='ocrx_word' id='word_1_543' title='bbox 1021 3817 1116 3870; x_wconf 80' lang='grc' dir='ltr'><strong>καὶ</strong></span> <span class='ocrx_word' id='word_1_544' title='bbox 1144 3816 1339 3887; x_wconf 80' lang='grc' dir='ltr'>ἐχάρη.</span> <span class='ocrx_word' id='word_1_545' title='bbox 1372 3833 1390 3865; x_wconf 75' lang='grc' dir='ltr'><strong>ι</strong></span> <span class='ocrx_word' id='word_1_546' title='bbox 1427 3810 1638 3866; x_wconf 77' lang='grc' dir='ltr'>Οὐκοῦν</span> <span class='ocrx_word' id='word_1_547' title='bbox 1677 3808 1745 3861; x_wconf 85' lang='grc' dir='ltr'>δι’</span> 
     </span>
    </p>
   </div>
   <div class='ocr_carea' id='block_1_69' title="bbox 150 3901 1747 3991">
    <p class='ocr_par' dir='ltr' id='par_1_69' title="bbox 150 3901 1747 3991">
     <span class='ocr_line' id='line_1_69' title="bbox 150 3901 1747 3991; baseline -0.015 -15"><span class='ocrx_word' id='word_1_548' title='bbox 150 3921 431 3991; x_wconf 72' lang='grc' dir='ltr'>ὑπακοῆς,</span> <span class='ocrx_word' id='word_1_549' title='bbox 485 3918 581 3970; x_wconf 74' lang='grc' dir='ltr'>καὶ</span> <span class='ocrx_word' id='word_1_550' title='bbox 640 3914 829 3977; x_wconf 89' lang='grc' dir='ltr'>θυσίας</span> <span class='ocrx_word' id='word_1_551' title='bbox 884 3913 915 3965; x_wconf 97' lang='lat'><strong>6</strong></span> <span class='ocrx_word' id='word_1_552' title='bbox 964 3909 1252 3969; x_wconf 73' lang='grc' dir='ltr'>θεσπέσιος</span> <span class='ocrx_word' id='word_1_553' title='bbox 1291 3905 1547 3976; x_wconf 77' lang='grc' dir='ltr'>Ἀϐραὰμ</span> <span class='ocrx_word' id='word_1_554' title='bbox 1595 3901 1747 3971; x_wconf 86' lang='grc' dir='ltr'>φίλος</span> 
     </span>
    </p>
   </div>
   <div class='ocr_carea' id='block_1_70' title="bbox 150 3995 1747 4087">
    <p class='ocr_par' dir='ltr' id='par_1_70' title="bbox 150 3995 1747 4087">
     <span class='ocr_line' id='line_1_70' title="bbox 150 3995 1747 4087; baseline -0.013 -23"><span class='ocrx_word' id='word_1_555' title='bbox 150 4010 362 4081; x_wconf 73' lang='grc' dir='ltr'>ἐκλήθη</span> <span class='ocrx_word' id='word_1_556' title='bbox 422 4004 561 4061; x_wconf 84' lang='grc' dir='ltr'>Θεοῦ</span> <span class='ocrx_word' id='word_1_557' title='bbox 587 4046 601 4069; x_wconf 90' lang='grc'><strong>,</strong></span> <span class='ocrx_word' id='word_1_558' title='bbox 630 4005 727 4059; x_wconf 75' lang='grc' dir='ltr'><strong>καὶ</strong></span> <span class='ocrx_word' id='word_1_559' title='bbox 781 4003 842 4057; x_wconf 77' lang='grc' dir='ltr'>τὸ</span> <span class='ocrx_word' id='word_1_560' title='bbox 897 4000 1000 4070; x_wconf 83' lang='grc' dir='ltr'><strong>τῆς</strong></span> <span class='ocrx_word' id='word_1_561' title='bbox 1048 3996 1395 4087; x_wconf 72' lang='grc' dir='ltr'>δικαιοσύνης</span> <span class='ocrx_word' id='word_1_562' title='bbox 1446 3995 1747 4064; x_wconf 84' lang='grc' dir='ltr'>ἀνεδήσατο</span> 
     </span>
    </p>
   </div>
   <div class='ocr_carea' id='block_1_71' title="bbox 154 4083 1748 4171">
    <p class='ocr_par' dir='ltr' id='par_1_71' title="bbox 154 4083 1748 4171">
     <span class='ocr_line' id='line_1_71' title="bbox 154 4083 1748 4171; baseline -0.013 -16"><span class='ocrx_word' id='word_1_563' title='bbox 154 4101 424 4171; x_wconf 78' lang='grc' dir='ltr'>καύχημα</span> <span class='ocrx_word' id='word_1_564' title='bbox 463 4113 476 4127; x_wconf 91' lang='grc'><strong>·</strong></span> <span class='ocrx_word' id='word_1_565' title='bbox 527 4096 622 4149; x_wconf 67' lang='grc' dir='ltr'><strong>καὶ</strong></span> <span class='ocrx_word' id='word_1_566' title='bbox 667 4094 788 4166; x_wconf 75' lang='grc' dir='ltr'>οὐχὶ</span> <span class='ocrx_word' id='word_1_567' title='bbox 841 4092 1000 4146; x_wconf 87' lang='grc' dir='ltr'>τοῦτο</span> <span class='ocrx_word' id='word_1_568' title='bbox 1044 4090 1203 4160; x_wconf 89' lang='grc' dir='ltr'>μόνον</span> <span class='ocrx_word' id='word_1_569' title='bbox 1226 4127 1241 4153; x_wconf 89' lang='grc'><strong>,</strong></span> <span class='ocrx_word' id='word_1_570' title='bbox 1264 4083 1401 4142; x_wconf 77' lang='grc' dir='ltr'><strong>ἀλλά</strong></span> <span class='ocrx_word' id='word_1_571' title='bbox 1448 4085 1543 4138; x_wconf 75' lang='grc' dir='ltr'><strong>καὶ</strong></span> <span class='ocrx_word' id='word_1_572' title='bbox 1588 4083 1748 4136; x_wconf 83' lang='grc' dir='ltr'>θείων</span> 
     </span>
    </p>
   </div>
   <div class='ocr_carea' id='block_1_72' title="bbox 155 4171 1746 4261">
    <p class='ocr_par' dir='ltr' id='par_1_72' title="bbox 155 4171 1746 4261">
     <span class='ocr_line' id='line_1_72' title="bbox 155 4171 1746 4261; baseline -0.014 -16"><span class='ocrx_word' id='word_1_573' title='bbox 155 4179 367 4261; x_wconf 72' lang='grc' dir='ltr'>ἠξιώθη</span> <span class='ocrx_word' id='word_1_574' title='bbox 400 4188 598 4257; x_wconf 84' lang='grc' dir='ltr'>λόγων,</span> <span class='ocrx_word' id='word_1_575' title='bbox 628 4186 724 4239; x_wconf 75' lang='grc' dir='ltr'><strong>καὶ</strong></span> <span class='ocrx_word' id='word_1_576' title='bbox 742 4183 942 4255; x_wconf 80' lang='grc' dir='ltr'>βουλὴν</span> <span class='ocrx_word' id='word_1_577' title='bbox 976 4181 1118 4249; x_wconf 77' lang='grc' dir='ltr'>ἔγνω</span> <span class='ocrx_word' id='word_1_578' title='bbox 1150 4177 1308 4240; x_wconf 85' lang='grc' dir='ltr'>Θεοῦ,</span> <span class='ocrx_word' id='word_1_579' title='bbox 1343 4177 1442 4248; x_wconf 81' lang='grc' dir='ltr'>τὴν</span> <span class='ocrx_word' id='word_1_580' title='bbox 1476 4171 1746 4242; x_wconf 80' lang='grc' dir='ltr'>ἐπ’ὲσχά-</span> 
     </span>
    </p>
   </div>
   <div class='ocr_carea' id='block_1_73' title="bbox 156 4261 1749 4350">
    <p class='ocr_par' dir='ltr' id='par_1_73' title="bbox 156 4261 1749 4350">
     <span class='ocr_line' id='line_1_73' title="bbox 156 4261 1749 4350; baseline -0.014 -13"><span class='ocrx_word' id='word_1_581' title='bbox 156 4300 267 4346; x_wconf 78' lang='grc' dir='ltr'>τοις</span> <span class='ocrx_word' id='word_1_582' title='bbox 298 4279 610 4350; x_wconf 81' lang='grc' dir='ltr'>γενομένην</span> <span class='ocrx_word' id='word_1_583' title='bbox 633 4278 864 4348; x_wconf 86' lang='grc' dir='ltr'>καιροῖς.</span> <span class='ocrx_word' id='word_1_584' title='bbox 898 4273 1021 4335; x_wconf 78' lang='grc' dir='ltr'><strong>Ἐπὶ</strong></span> <span class='ocrx_word' id='word_1_585' title='bbox 1044 4268 1324 4340; x_wconf 70' lang='grc' dir='ltr'>συντελείᾳ</span> <span class='ocrx_word' id='word_1_586' title='bbox 1346 4267 1454 4337; x_wconf 86' lang='grc' dir='ltr'>γὰρ</span> <span class='ocrx_word' id='word_1_587' title='bbox 1482 4264 1589 4319; x_wconf 83' lang='grc' dir='ltr'><strong>τῶν</strong></span> <span class='ocrx_word' id='word_1_588' title='bbox 1618 4261 1749 4316; x_wconf 81' lang='grc' dir='ltr'><strong>αἰώ-</strong></span> 
     </span>
    </p>
   </div>
   <div class='ocr_carea' id='block_1_74' title="bbox 157 4356 1750 4442">
    <p class='ocr_par' dir='ltr' id='par_1_74' title="bbox 157 4356 1750 4442">
     <span class='ocr_line' id='line_1_74' title="bbox 157 4356 1750 4442; baseline -0.013 -14"><span class='ocrx_word' id='word_1_589' title='bbox 157 4392 260 4427; x_wconf 88' lang='grc' dir='ltr'><strong>νων</strong></span> <span class='ocrx_word' id='word_1_590' title='bbox 296 4372 446 4442; x_wconf 76' lang='grc' dir='ltr'>ὑπὲρ</span> <span class='ocrx_word' id='word_1_591' title='bbox 473 4369 632 4440; x_wconf 79' lang='grc' dir='ltr'>ἡμῶν</span> <span class='ocrx_word' id='word_1_592' title='bbox 674 4366 947 4422; x_wconf 82' lang='grc' dir='ltr'>ἀπέθανεν</span> <span class='ocrx_word' id='word_1_593' title='bbox 977 4366 1007 4417; x_wconf 90' lang='grc' dir='ltr'><strong>ό</strong></span> <span class='ocrx_word' id='word_1_594' title='bbox 1038 4360 1294 4433; x_wconf 79' lang='grc' dir='ltr'>Χριστὸς,</span> <span class='ocrx_word' id='word_1_595' title='bbox 1325 4358 1385 4413; x_wconf 77' lang='grc' dir='ltr'><strong>τὸ</strong></span> <span class='ocrx_word' id='word_1_596' title='bbox 1412 4356 1555 4428; x_wconf 79' lang='grc' dir='ltr'>ἱερὸν</span> <span class='ocrx_word' id='word_1_597' title='bbox 1583 4356 1750 4420; x_wconf 74' lang='grc' dir='ltr'>ὅντως</span> 
     </span>
    </p>
   </div>
   <div class='ocr_carea' id='block_1_75' title="bbox 1842 3165 3427 3237">
    <p class='ocr_par' dir='ltr' id='par_1_75' title="bbox 1842 3165 3427 3237">
     <span class='ocr_line' id='line_1_75' title="bbox 1842 3165 3427 3237; baseline 0.001 -14"><span class='ocrx_word' id='word_1_598' title='bbox 1842 3168 2052 3223; x_wconf 87' lang='lat' dir='ltr'><strong>amicus</strong></span> <span class='ocrx_word' id='word_1_599' title='bbox 2098 3165 2193 3221; x_wconf 91' lang='lat' dir='ltr'><strong>Dei</strong></span> <span class='ocrx_word' id='word_1_600' title='bbox 2231 3174 2460 3221; x_wconf 88' lang='lat' dir='ltr'><strong>vocatus</strong></span> <span class='ocrx_word' id='word_1_601' title='bbox 2510 3166 2637 3221; x_wconf 88' lang='lat' dir='ltr'><strong>est?</strong></span> <span class='ocrx_word' id='word_1_602' title='bbox 2672 3165 2839 3237; x_wconf 76' lang='lat'><strong>890</strong></span> <span class='ocrx_word' id='word_1_603' title='bbox 2887 3166 3120 3225; x_wconf 86' lang='lat' dir='ltr'><strong>Audiit:</strong></span> <span class='ocrx_word' id='word_1_604' title='bbox 3159 3189 3177 3220; x_wconf 77' lang='grc' dir='ltr'><strong>ι</strong></span> <span class='ocrx_word' id='word_1_605' title='bbox 3220 3169 3319 3225; x_wconf 83' lang='lat' dir='ltr'><strong>Exi</strong></span> <span class='ocrx_word' id='word_1_606' title='bbox 3358 3170 3427 3226; x_wconf 90' lang='lat' dir='ltr'><strong>de</strong></span> 
     </span>
    </p>
   </div>
   <div class='ocr_carea' id='block_1_76' title="bbox 1842 3255 3422 3327">
    <p class='ocr_par' dir='ltr' id='par_1_76' title="bbox 1842 3255 3422 3327">
     <span class='ocr_line' id='line_1_76' title="bbox 1842 3255 3422 3327; baseline 0.002 -14"><span class='ocrx_word' id='word_1_607' title='bbox 1842 3268 1989 3315; x_wconf 88' lang='lat' dir='ltr'><strong>terra</strong></span> <span class='ocrx_word' id='word_1_608' title='bbox 2023 3265 2120 3312; x_wconf 87' lang='lat' dir='ltr'><strong>tua</strong></span> <span class='ocrx_word' id='word_1_609' title='bbox 2150 3266 2205 3313; x_wconf 89' lang='lat' dir='ltr'><strong>et</strong></span> <span class='ocrx_word' id='word_1_610' title='bbox 2233 3255 2302 3311; x_wconf 92' lang='lat' dir='ltr'><strong>de</strong></span> <span class='ocrx_word' id='word_1_611' title='bbox 2331 3258 2661 3327; x_wconf 81' lang='lat' dir='ltr'><strong>cognatione</strong></span> <span class='ocrx_word' id='word_1_612' title='bbox 2710 3266 2823 3320; x_wconf 87' lang='lat' dir='ltr'><strong>tua,</strong></span> <span class='ocrx_word' id='word_1_613' title='bbox 2866 3267 2921 3313; x_wconf 88' lang='lat' dir='ltr'><strong>et</strong></span> <span class='ocrx_word' id='word_1_614' title='bbox 2949 3261 3074 3314; x_wconf 86' lang='lat' dir='ltr'><strong>veni</strong></span> <span class='ocrx_word' id='word_1_615' title='bbox 3128 3261 3183 3315; x_wconf 91' lang='lat' dir='ltr'><strong>in</strong></span> <span class='ocrx_word' id='word_1_616' title='bbox 3222 3269 3422 3316; x_wconf 89' lang='lat' dir='ltr'><strong>terram</strong></span> 
     </span>
    </p>
   </div>
   <div class='ocr_carea' id='block_1_77' title="bbox 1841 3347 3422 3423">
    <p class='ocr_par' dir='ltr' id='par_1_77' title="bbox 1841 3347 3422 3423">
     <span class='ocr_line' id='line_1_77' title="bbox 1841 3347 3422 3423; baseline 0.001 -17"><span class='ocrx_word' id='word_1_617' title='bbox 1841 3366 2005 3423; x_wconf 81' lang='lat' dir='ltr'><strong>quam</strong></span> <span class='ocrx_word' id='word_1_618' title='bbox 2037 3360 2416 3407; x_wconf 70' lang='lat' dir='ltr'><strong>mouswavero</strong></span> <span class='ocrx_word' id='word_1_619' title='bbox 2455 3349 2550 3402; x_wconf 89' lang='lat' dir='ltr'><strong>tibi</strong></span> <span class='ocrx_word' id='word_1_620' title='bbox 2587 3350 2654 3402; x_wconf 73' lang='lat'><strong>&quot;.</strong></span> <span class='ocrx_word' id='word_1_621' title='bbox 2705 3366 2724 3400; x_wconf 71' lang='grc' dir='ltr'><strong>ι</strong></span> <span class='ocrx_word' id='word_1_622' title='bbox 2771 3347 2877 3404; x_wconf 92' lang='lat' dir='ltr'><strong>Sed</strong></span> <span class='ocrx_word' id='word_1_623' title='bbox 2918 3358 2974 3405; x_wconf 90' lang='lat' dir='ltr'><strong>et</strong></span> <span class='ocrx_word' id='word_1_624' title='bbox 3006 3365 3131 3406; x_wconf 90' lang='lat' dir='ltr'><strong>cum</strong></span> <span class='ocrx_word' id='word_1_625' title='bbox 3165 3353 3422 3423; x_wconf 79' lang='lat' dir='ltr'><strong>unigeni-</strong></span> 
     </span>
    </p>
   </div>
   <div class='ocr_carea' id='block_1_78' title="bbox 1844 3439 3424 3512">
    <p class='ocr_par' dir='ltr' id='par_1_78' title="bbox 1844 3439 3424 3512">
     <span class='ocr_line' id='line_1_78' title="bbox 1844 3439 3424 3512; baseline 0 -17"><span class='ocrx_word' id='word_1_626' title='bbox 1844 3451 1958 3496; x_wconf 92' lang='lat' dir='ltr'><strong>tum</strong></span> <span class='ocrx_word' id='word_1_627' title='bbox 1988 3457 2147 3496; x_wconf 90' lang='lat' dir='ltr'><strong>suum</strong></span> <span class='ocrx_word' id='word_1_628' title='bbox 2173 3442 2363 3510; x_wconf 85' lang='lat' dir='ltr'><strong>jussus</strong></span> <span class='ocrx_word' id='word_1_629' title='bbox 2388 3448 2474 3495; x_wconf 88' lang='lat' dir='ltr'><strong>est</strong></span> <span class='ocrx_word' id='word_1_630' title='bbox 2524 3439 2810 3495; x_wconf 89' lang='lat' dir='ltr'><strong>immolare</strong></span> <span class='ocrx_word' id='word_1_631' title='bbox 2839 3441 2892 3495; x_wconf 92' lang='lat' dir='ltr'><strong>in</strong></span> <span class='ocrx_word' id='word_1_632' title='bbox 2932 3440 3160 3512; x_wconf 87' lang='lat' dir='ltr'><strong>ﬁguram</strong></span> <span class='ocrx_word' id='word_1_633' title='bbox 3198 3442 3424 3506; x_wconf 87' lang='lat' dir='ltr'><strong>Christi,</strong></span> 
     </span>
    </p>
   </div>
   <div class='ocr_carea' id='block_1_79' title="bbox 1844 3530 3433 3600">
    <p class='ocr_par' dir='ltr' id='par_1_79' title="bbox 1844 3530 3433 3600">
     <span class='ocr_line' id='line_1_79' title="bbox 1844 3530 3433 3600; baseline 0 -13"><span class='ocrx_word' id='word_1_634' title='bbox 1844 3533 2227 3589; x_wconf 85' lang='lat' dir='ltr'><strong>absconditum</strong></span> <span class='ocrx_word' id='word_1_635' title='bbox 2265 3533 2320 3585; x_wconf 92' lang='lat' dir='ltr'><strong>in</strong></span> <span class='ocrx_word' id='word_1_636' title='bbox 2351 3530 2462 3586; x_wconf 86' lang='lat' dir='ltr'><strong>Deo</strong></span> <span class='ocrx_word' id='word_1_637' title='bbox 2499 3544 2725 3600; x_wconf 91' lang='lat' dir='ltr'><strong>scopum</strong></span> <span class='ocrx_word' id='word_1_638' title='bbox 2752 3530 2983 3586; x_wconf 89' lang='lat' dir='ltr'><strong>edoctus</strong></span> <span class='ocrx_word' id='word_1_639' title='bbox 3031 3540 3136 3587; x_wconf 82' lang='lat' dir='ltr'><strong>est.</strong></span> <span class='ocrx_word' id='word_1_640' title='bbox 3194 3530 3263 3585; x_wconf 89' lang='lat' dir='ltr'><strong>Et</strong></span> <span class='ocrx_word' id='word_1_641' title='bbox 3299 3548 3433 3590; x_wconf 88' lang='lat' dir='ltr'><strong>sane</strong></span> 
     </span>
    </p>
   </div>
   <div class='ocr_carea' id='block_1_80' title="bbox 1846 3622 3427 3694">
    <p class='ocr_par' dir='ltr' id='par_1_80' title="bbox 1846 3622 3427 3694">
     <span class='ocr_line' id='line_1_80' title="bbox 1846 3622 3427 3694; baseline -0.003 -14"><span class='ocrx_word' id='word_1_642' title='bbox 1846 3625 2101 3680; x_wconf 81' lang='lat' dir='ltr'><strong>Salvator</strong></span> <span class='ocrx_word' id='word_1_643' title='bbox 2144 3622 2349 3679; x_wconf 65' lang='lat' dir='ltr'><strong>ludatis</strong></span> <span class='ocrx_word' id='word_1_644' title='bbox 2391 3623 2574 3694; x_wconf 87' lang='lat' dir='ltr'><strong>impiis</strong></span> <span class='ocrx_word' id='word_1_645' title='bbox 2626 3623 2694 3679; x_wconf 93' lang='lat' dir='ltr'><strong>de</strong></span> <span class='ocrx_word' id='word_1_646' title='bbox 2734 3623 2855 3692; x_wconf 86' lang='lat' dir='ltr'><strong>ipso</strong></span> <span class='ocrx_word' id='word_1_647' title='bbox 2914 3623 3147 3694; x_wconf 85' lang='lat' dir='ltr'><strong>loquens</strong></span> <span class='ocrx_word' id='word_1_648' title='bbox 3203 3624 3427 3678; x_wconf 80' lang='lat' dir='ltr'><strong>aiebat:</strong></span> 
     </span>
    </p>
   </div>
   <div class='ocr_carea' id='block_1_81' title="bbox 1855 3715 3424 3772">
    <p class='ocr_par' dir='ltr' id='par_1_81' title="bbox 1855 3715 3424 3772">
     <span class='ocr_line' id='line_1_81' title="bbox 1855 3715 3424 3772; baseline 0 -4"><span class='ocrx_word' id='word_1_649' title='bbox 1855 3735 1874 3768; x_wconf 79' lang='grc' dir='ltr'><strong>ι</strong></span> <span class='ocrx_word' id='word_1_650' title='bbox 1916 3716 2191 3772; x_wconf 89' lang='lat' dir='ltr'><strong>Abraham</strong></span> <span class='ocrx_word' id='word_1_651' title='bbox 2219 3715 2387 3771; x_wconf 87' lang='lat' dir='ltr'><strong>Pater</strong></span> <span class='ocrx_word' id='word_1_652' title='bbox 2425 3725 2607 3771; x_wconf 85' lang='lat' dir='ltr'><strong>vester</strong></span> <span class='ocrx_word' id='word_1_653' title='bbox 2633 3715 2930 3771; x_wconf 79' lang='lat' dir='ltr'><strong>exsultavit</strong></span> <span class='ocrx_word' id='word_1_654' title='bbox 2964 3725 3023 3770; x_wconf 87' lang='lat' dir='ltr'><strong>ut</strong></span> <span class='ocrx_word' id='word_1_655' title='bbox 3051 3716 3260 3772; x_wconf 83' lang='lat' dir='ltr'><strong>videret</strong></span> <span class='ocrx_word' id='word_1_656' title='bbox 3286 3716 3424 3770; x_wconf 82' lang='lat' dir='ltr'><strong>diem</strong></span> 
     </span>
    </p>
   </div>
   <div class='ocr_carea' id='block_1_82' title="bbox 1846 3795 3423 3878">
    <p class='ocr_par' dir='ltr' id='par_1_82' title="bbox 1846 3795 3423 3878">
     <span class='ocr_line' id='line_1_82' title="bbox 1846 3795 3423 3878; baseline 0.001 -17"><span class='ocrx_word' id='word_1_657' title='bbox 1846 3822 2028 3862; x_wconf 88' lang='lat' dir='ltr'><strong>meum</strong></span> <span class='ocrx_word' id='word_1_658' title='bbox 2058 3826 2072 3862; x_wconf 89' lang='lat'><strong>:</strong></span> <span class='ocrx_word' id='word_1_659' title='bbox 2119 3807 2288 3872; x_wconf 89' lang='lat' dir='ltr'><strong>vidit,</strong></span> <span class='ocrx_word' id='word_1_660' title='bbox 2313 3815 2368 3862; x_wconf 90' lang='lat' dir='ltr'><strong>et</strong></span> <span class='ocrx_word' id='word_1_661' title='bbox 2418 3807 2642 3876; x_wconf 88' lang='lat' dir='ltr'><strong>gavisus</strong></span> <span class='ocrx_word' id='word_1_662' title='bbox 2678 3818 2761 3862; x_wconf 88' lang='lat' dir='ltr'><strong>est</strong></span> <span class='ocrx_word' id='word_1_663' title='bbox 2790 3795 2915 3861; x_wconf 62' lang='grc' dir='ltr'><strong>τοί»</strong></span> <span class='ocrx_word' id='word_1_664' title='bbox 2965 3807 3136 3878; x_wconf 88' lang='lat' dir='ltr'><strong>Igitur</strong></span> <span class='ocrx_word' id='word_1_665' title='bbox 3165 3823 3264 3878; x_wconf 88' lang='lat' dir='ltr'><strong>per</strong></span> <span class='ocrx_word' id='word_1_666' title='bbox 3299 3808 3423 3863; x_wconf 85' lang='lat' dir='ltr'><strong>obe-</strong></span> 
     </span>
    </p>
   </div>
   <div class='ocr_carea' id='block_1_83' title="bbox 1849 3897 3433 3954">
    <p class='ocr_par' dir='ltr' id='par_1_83' title="bbox 1849 3897 3433 3954">
     <span class='ocr_line' id='line_1_83' title="bbox 1849 3897 3433 3954; baseline 0 -1"><span class='ocrx_word' id='word_1_667' title='bbox 1849 3898 2111 3953; x_wconf 89' lang='lat' dir='ltr'><strong>dientiam</strong></span> <span class='ocrx_word' id='word_1_668' title='bbox 2160 3906 2214 3952; x_wconf 91' lang='lat' dir='ltr'><strong>et</strong></span> <span class='ocrx_word' id='word_1_669' title='bbox 2251 3897 2586 3953; x_wconf 88' lang='lat' dir='ltr'><strong>sacriﬁcium</strong></span> <span class='ocrx_word' id='word_1_670' title='bbox 2636 3898 2856 3954; x_wconf 90' lang='lat' dir='ltr'><strong>divinus</strong></span> <span class='ocrx_word' id='word_1_671' title='bbox 2916 3899 3185 3952; x_wconf 83' lang='lat' dir='ltr'><strong>Abraham</strong></span> <span class='ocrx_word' id='word_1_672' title='bbox 3222 3899 3433 3953; x_wconf 88' lang='lat' dir='ltr'><strong>amicus</strong></span> 
     </span>
    </p>
   </div>
   <div class='ocr_carea' id='block_1_84' title="bbox 1850 3987 3429 4058">
    <p class='ocr_par' dir='ltr' id='par_1_84' title="bbox 1850 3987 3429 4058">
     <span class='ocr_line' id='line_1_84' title="bbox 1850 3987 3429 4058; baseline -0.001 -17"><span class='ocrx_word' id='word_1_673' title='bbox 1850 3987 1943 4043; x_wconf 91' lang='lat' dir='ltr'><strong>Dei</strong></span> <span class='ocrx_word' id='word_1_674' title='bbox 1979 3995 2213 4043; x_wconf 90' lang='lat' dir='ltr'><strong>vocatus</strong></span> <span class='ocrx_word' id='word_1_675' title='bbox 2244 3996 2347 4051; x_wconf 89' lang='lat' dir='ltr'><strong>est,</strong></span> <span class='ocrx_word' id='word_1_676' title='bbox 2378 3987 2687 4057; x_wconf 87' lang='lat' dir='ltr'><strong>etjustitiae</strong></span> <span class='ocrx_word' id='word_1_677' title='bbox 2736 3989 2911 4058; x_wconf 87' lang='lat' dir='ltr'><strong>gloria</strong></span> <span class='ocrx_word' id='word_1_678' title='bbox 2966 3988 3256 4044; x_wconf 86' lang='lat' dir='ltr'><strong>redimitus</strong></span> <span class='ocrx_word' id='word_1_679' title='bbox 3299 3996 3429 4042; x_wconf 83' lang='lat' dir='ltr'><strong>est:</strong></span> 
     </span>
    </p>
   </div>
   <div class='ocr_carea' id='block_1_85' title="bbox 1817 4075 3431 4149">
    <p class='ocr_par' dir='ltr' id='par_1_85' title="bbox 1817 4075 3431 4149">
     <span class='ocr_line' id='line_1_85' title="bbox 1817 4075 3431 4149; baseline 0.002 -20"><span class='ocrx_word' id='word_1_680' title='bbox 1817 4091 2030 4149; x_wconf 88' lang='lat' dir='ltr'><strong>_neque</strong></span> <span class='ocrx_word' id='word_1_681' title='bbox 2067 4075 2119 4129; x_wconf 92' lang='lat' dir='ltr'><strong>id</strong></span> <span class='ocrx_word' id='word_1_682' title='bbox 2155 4083 2392 4140; x_wconf 90' lang='lat' dir='ltr'><strong>tantum,</strong></span> <span class='ocrx_word' id='word_1_683' title='bbox 2438 4075 2532 4131; x_wconf 88' lang='lat' dir='ltr'><strong>sed</strong></span> <span class='ocrx_word' id='word_1_684' title='bbox 2576 4084 2631 4131; x_wconf 90' lang='lat' dir='ltr'><strong>et</strong></span> <span class='ocrx_word' id='word_1_685' title='bbox 2681 4076 2889 4132; x_wconf 83' lang='lat' dir='ltr'><strong>divinis</strong></span> <span class='ocrx_word' id='word_1_686' title='bbox 2938 4080 3289 4133; x_wconf 67' lang='lat' dir='ltr'><strong>sermonibus</strong></span> <span class='ocrx_word' id='word_1_687' title='bbox 3331 4078 3431 4133; x_wconf 86' lang='lat' dir='ltr'><strong>ho-</strong></span> 
     </span>
    </p>
   </div>
   <div class='ocr_carea' id='block_1_86' title="bbox 1850 4165 3434 4237">
    <p class='ocr_par' dir='ltr' id='par_1_86' title="bbox 1850 4165 3434 4237">
     <span class='ocr_line' id='line_1_86' title="bbox 1850 4165 3434 4237; baseline 0.003 -17"><span class='ocrx_word' id='word_1_688' title='bbox 1850 4171 2101 4221; x_wconf 87' lang='lat' dir='ltr'><strong>nestatus</strong></span> <span class='ocrx_word' id='word_1_689' title='bbox 2122 4173 2227 4230; x_wconf 90' lang='lat' dir='ltr'><strong>est,</strong></span> <span class='ocrx_word' id='word_1_690' title='bbox 2251 4174 2308 4220; x_wconf 89' lang='lat' dir='ltr'><strong>et</strong></span> <span class='ocrx_word' id='word_1_691' title='bbox 2337 4165 2630 4220; x_wconf 87' lang='lat' dir='ltr'><strong>consilium</strong></span> <span class='ocrx_word' id='word_1_692' title='bbox 2660 4165 2756 4220; x_wconf 89' lang='lat' dir='ltr'><strong>Dei</strong></span> <span class='ocrx_word' id='word_1_693' title='bbox 2785 4168 3054 4223; x_wconf 82' lang='lat' dir='ltr'><strong>extremis</strong></span> <span class='ocrx_word' id='word_1_694' title='bbox 3093 4169 3434 4237; x_wconf 75' lang='lat' dir='ltr'><strong>temporibus</strong></span> 
     </span>
    </p>
   </div>
   <div class='ocr_carea' id='block_1_87' title="bbox 1850 4255 3435 4328">
    <p class='ocr_par' dir='ltr' id='par_1_87' title="bbox 1850 4255 3435 4328">
     <span class='ocr_line' id='line_1_87' title="bbox 1850 4255 3435 4328; baseline 0.003 -20"><span class='ocrx_word' id='word_1_695' title='bbox 1850 4255 1917 4309; x_wconf 90' lang='lat' dir='ltr'><strong>ad</strong></span> <span class='ocrx_word' id='word_1_696' title='bbox 1966 4255 2175 4311; x_wconf 82' lang='lat' dir='ltr'><strong>exitum</strong></span> <span class='ocrx_word' id='word_1_697' title='bbox 2227 4255 2638 4324; x_wconf 87' lang='lat' dir='ltr'><strong>perducendum</strong></span> <span class='ocrx_word' id='word_1_698' title='bbox 2674 4257 2923 4328; x_wconf 86' lang='lat' dir='ltr'><strong>agnovit.</strong></span> <span class='ocrx_word' id='word_1_699' title='bbox 2978 4258 3036 4312; x_wconf 95' lang='lat' dir='ltr'><strong>In</strong></span> <span class='ocrx_word' id='word_1_700' title='bbox 3082 4274 3435 4313; x_wconf 84' lang='lat' dir='ltr'><strong>consumma-</strong></span> 
     </span>
    </p>
   </div>
   <div class='ocr_carea' id='block_1_88' title="bbox 1852 4345 3435 4418">
    <p class='ocr_par' dir='ltr' id='par_1_88' title="bbox 1852 4345 3435 4418">
     <span class='ocr_line' id='line_1_88' title="bbox 1852 4345 3435 4418; baseline 0.003 -20"><span class='ocrx_word' id='word_1_701' title='bbox 1852 4346 2005 4400; x_wconf 87' lang='lat' dir='ltr'><strong>tione</strong></span> <span class='ocrx_word' id='word_1_702' title='bbox 2063 4347 2266 4415; x_wconf 88' lang='lat' dir='ltr'><strong>quippe</strong></span> <span class='ocrx_word' id='word_1_703' title='bbox 2325 4345 2651 4401; x_wconf 66' lang='lat' dir='ltr'><strong>sazculorum</strong></span> <span class='ocrx_word' id='word_1_704' title='bbox 2703 4362 2802 4418; x_wconf 90' lang='lat' dir='ltr'><strong>pro</strong></span> <span class='ocrx_word' id='word_1_705' title='bbox 2841 4348 3002 4402; x_wconf 90' lang='lat' dir='ltr'><strong>nobis</strong></span> <span class='ocrx_word' id='word_1_706' title='bbox 3053 4359 3307 4403; x_wconf 89' lang='lat' dir='ltr'><strong>mortuus</strong></span> <span class='ocrx_word' id='word_1_707' title='bbox 3354 4361 3435 4402; x_wconf 84' lang='lat' dir='ltr'><strong>est</strong></span> 
     </span>
    </p>
   </div>
   <div class='ocr_carea' id='block_1_89' title="bbox 158 4437 1739 4532">
    <p class='ocr_par' dir='ltr' id='par_1_89' title="bbox 158 4437 1739 4532">
     <span class='ocr_line' id='line_1_89' title="bbox 158 4437 1739 4532; baseline -0.01 -15"><span class='ocrx_word' id='word_1_708' title='bbox 158 4467 248 4520; x_wconf 74' lang='grc' dir='ltr'><strong>καὶ</strong></span> <span class='ocrx_word' id='word_1_709' title='bbox 273 4437 440 4532; x_wconf 76' lang='grc' dir='ltr'>ἅγιον</span> <span class='ocrx_word' id='word_1_710' title='bbox 471 4437 619 4531; x_wconf 81' lang='grc' dir='ltr'>θῦμα</span> <span class='ocrx_word' id='word_1_711' title='bbox 647 4459 709 4513; x_wconf 83' lang='grc' dir='ltr'>τὸ</span> <span class='ocrx_word' id='word_1_712' title='bbox 746 4454 898 4528; x_wconf 75' lang='grc' dir='ltr'>α’ίρον</span> <span class='ocrx_word' id='word_1_713' title='bbox 941 4455 1040 4526; x_wconf 78' lang='grc' dir='ltr'><strong>τὴν</strong></span> <span class='ocrx_word' id='word_1_714' title='bbox 1089 4451 1364 4524; x_wconf 87' lang='grc' dir='ltr'>ἁμαρτίαν</span> <span class='ocrx_word' id='word_1_715' title='bbox 1392 4448 1487 4503; x_wconf 82' lang='grc' dir='ltr'><strong>τοῦ</strong></span> <span class='ocrx_word' id='word_1_716' title='bbox 1518 4449 1739 4517; x_wconf 80' lang='grc' dir='ltr'>κόσμου.</span> 
     </span>
    </p>
   </div>
   <div class='ocr_carea' id='block_1_90' title="bbox 1842 4437 3436 4532">
    <p class='ocr_par' dir='ltr' id='par_1_90' title="bbox 1851 4437 3436 4508">
     <span class='ocr_line' id='line_1_90' title="bbox 1851 4437 3436 4508; baseline 0 -16"><span class='ocrx_word' id='word_1_717' title='bbox 1851 4437 2131 4501; x_wconf 87' lang='lat' dir='ltr'><strong>Christus,</strong></span> <span class='ocrx_word' id='word_1_718' title='bbox 2163 4452 2322 4492; x_wconf 89' lang='lat' dir='ltr'><strong>sacra</strong></span> <span class='ocrx_word' id='word_1_719' title='bbox 2375 4437 2468 4492; x_wconf 92' lang='lat' dir='ltr'><strong>illa</strong></span> <span class='ocrx_word' id='word_1_720' title='bbox 2519 4453 2645 4493; x_wconf 86' lang='lat' dir='ltr'><strong>vere</strong></span> <span class='ocrx_word' id='word_1_721' title='bbox 2681 4448 2737 4493; x_wconf 86' lang='lat' dir='ltr'><strong>et</strong></span> <span class='ocrx_word' id='word_1_722' title='bbox 2784 4446 2980 4493; x_wconf 87' lang='lat' dir='ltr'><strong>saneta</strong></span> <span class='ocrx_word' id='word_1_723' title='bbox 3025 4439 3272 4505; x_wconf 85' lang='lat' dir='ltr'><strong>victima,</strong></span> <span class='ocrx_word' id='word_1_724' title='bbox 3316 4453 3436 4508; x_wconf 79' lang='lat' dir='ltr'><strong>quae</strong></span> 
     </span>
    </p>
   </div>
   <div class='ocr_carea' id='block_1_91' title="bbox 171 4537 1750 4625">
    <p class='ocr_par' dir='ltr' id='par_1_91' title="bbox 171 4537 1750 4625">
     <span class='ocr_line' id='line_1_91' title="bbox 171 4537 1750 4625; baseline -0.013 -15"><span class='ocrx_word' id='word_1_725' title='bbox 171 4557 314 4610; x_wconf 85' lang='grc' dir='ltr'><strong>Ἀλλ’</strong></span> <span class='ocrx_word' id='word_1_726' title='bbox 344 4557 453 4625; x_wconf 83' lang='grc' dir='ltr'>ὅρα</span> <span class='ocrx_word' id='word_1_727' title='bbox 489 4568 579 4623; x_wconf 89' lang='grc' dir='ltr'><strong>μοι</strong></span> <span class='ocrx_word' id='word_1_728' title='bbox 606 4547 768 4604; x_wconf 86' lang='grc' dir='ltr'>πάλιν</span> <span class='ocrx_word' id='word_1_729' title='bbox 801 4549 869 4602; x_wconf 71' lang='grc' dir='ltr'>τὰ</span> <span class='ocrx_word' id='word_1_730' title='bbox 902 4546 994 4599; x_wconf 79' lang='grc' dir='ltr'><strong>ῐσα</strong></span> <span class='ocrx_word' id='word_1_731' title='bbox 1018 4542 1377 4615; x_wconf 85' lang='grc' dir='ltr'>πληρούμενα</span> <span class='ocrx_word' id='word_1_732' title='bbox 1408 4541 1503 4594; x_wconf 72' lang='grc' dir='ltr'>καὶ</span> <span class='ocrx_word' id='word_1_733' title='bbox 1526 4537 1750 4591; x_wconf 70' lang='grc' dir='ltr'>ὲπὶ³τῶν</span> 
     </span>
    </p>
   </div>
   <div class='ocr_carea' id='block_1_92' title="bbox 157 4628 1755 4707">
    <p class='ocr_par' dir='ltr' id='par_1_92' title="bbox 157 4628 1755 4707">
     <span class='ocr_line' id='line_1_92' title="bbox 157 4628 1755 4707; baseline -0.014 -6"><span class='ocrx_word' id='word_1_734' title='bbox 157 4647 244 4700; x_wconf 76' lang='grc' dir='ltr'>διὰ</span> <span class='ocrx_word' id='word_1_735' title='bbox 276 4644 523 4704; x_wconf 84' lang='grc' dir='ltr'>πίστεως</span> <span class='ocrx_word' id='word_1_736' title='bbox 559 4641 639 4702; x_wconf 81' lang='grc' dir='ltr'><strong>είς</strong></span> <span class='ocrx_word' id='word_1_737' title='bbox 685 4637 870 4707; x_wconf 78' lang='grc' dir='ltr'>φιλίαν</span> <span class='ocrx_word' id='word_1_738' title='bbox 925 4632 1322 4688; x_wconf 76' lang='grc' dir='ltr'>ἀναϐαινόντων</span> <span class='ocrx_word' id='word_1_739' title='bbox 1370 4629 1466 4682; x_wconf 89' lang='grc' dir='ltr'><strong>τοῦ</strong></span> <span class='ocrx_word' id='word_1_740' title='bbox 1501 4628 1755 4697; x_wconf 77' lang='grc' dir='ltr'>Σωτῆρος</span> 
     </span>
    </p>
   </div>
   <div class='ocr_carea' id='block_1_93' title="bbox 161 4717 1756 4805">
    <p class='ocr_par' dir='ltr' id='par_1_93' title="bbox 161 4717 1756 4805">
     <span class='ocr_line' id='line_1_93' title="bbox 161 4717 1756 4805; baseline -0.013 -17"><span class='ocrx_word' id='word_1_741' title='bbox 161 4734 318 4805; x_wconf 69' lang='grc' dir='ltr'>ἡμῶν</span> <span class='ocrx_word' id='word_1_742' title='bbox 347 4729 611 4803; x_wconf 85' lang='grc' dir='ltr'>Χριστοῦ.</span> <span class='ocrx_word' id='word_1_743' title='bbox 639 4728 917 4780; x_wconf 79' lang='grc' dir='ltr'>Ἤκουσαν</span> <span class='ocrx_word' id='word_1_744' title='bbox 959 4725 1051 4777; x_wconf 73' lang='grc' dir='ltr'>καὶ</span> <span class='ocrx_word' id='word_1_745' title='bbox 1076 4722 1261 4776; x_wconf 81' lang='grc' dir='ltr'>αὐτοί·</span> <span class='ocrx_word' id='word_1_746' title='bbox 1302 4717 1523 4784; x_wconf 81' lang='grc' dir='ltr'>Ἔξελθε</span> <span class='ocrx_word' id='word_1_747' title='bbox 1558 4720 1623 4770; x_wconf 84' lang='grc' dir='ltr'>ὲκ</span> <span class='ocrx_word' id='word_1_748' title='bbox 1657 4717 1756 4784; x_wconf 77' lang='grc' dir='ltr'>τῆς</span> 
     </span>
    </p>
   </div>
   <div class='ocr_carea' id='block_1_94' title="bbox 161 4809 1752 4895">
    <p class='ocr_par' dir='ltr' id='par_1_94' title="bbox 161 4809 1752 4895">
     <span class='ocr_line' id='line_1_94' title="bbox 161 4809 1752 4895; baseline -0.013 -16"><span class='ocrx_word' id='word_1_749' title='bbox 161 4827 259 4895; x_wconf 76' lang='grc' dir='ltr'>γῆς</span> <span class='ocrx_word' id='word_1_750' title='bbox 285 4840 410 4887; x_wconf 84' lang='grc' dir='ltr'>σου,</span> <span class='ocrx_word' id='word_1_751' title='bbox 428 4820 527 4874; x_wconf 81' lang='grc' dir='ltr'>καὶ</span> <span class='ocrx_word' id='word_1_752' title='bbox 547 4820 644 4872; x_wconf 51' lang='grc' dir='ltr'>ὅτι,</span> <span class='ocrx_word' id='word_1_753' title='bbox 654 4816 946 4887; x_wconf 81' lang='grc' dir='ltr'>δεδράκασι</span> <span class='ocrx_word' id='word_1_754' title='bbox 969 4812 1287 4884; x_wconf 87' lang='grc' dir='ltr'>προθύμως,</span> <span class='ocrx_word' id='word_1_755' title='bbox 1303 4811 1467 4865; x_wconf 79' lang='grc' dir='ltr'>ἄκουε</span> <span class='ocrx_word' id='word_1_756' title='bbox 1489 4809 1542 4862; x_wconf 81' lang='grc' dir='ltr'><strong>τί</strong></span> <span class='ocrx_word' id='word_1_757' title='bbox 1568 4821 1752 4877; x_wconf 76' lang='grc' dir='ltr'>φασινο</span> 
     </span>
    </p>
   </div>
   <div class='ocr_carea' id='block_1_95' title="bbox 171 4898 1757 4982">
    <p class='ocr_par' dir='ltr' id='par_1_95' title="bbox 171 4898 1757 4982">
     <span class='ocr_line' id='line_1_95' title="bbox 171 4898 1757 4982; baseline -0.012 -12"><span class='ocrx_word' id='word_1_758' title='bbox 171 4936 189 4969; x_wconf 79' lang='grc' dir='ltr'><strong>ι</strong></span> <span class='ocrx_word' id='word_1_759' title='bbox 224 4918 303 4970; x_wconf 79' lang='grc' dir='ltr'><strong>Οὐ</strong></span> <span class='ocrx_word' id='word_1_760' title='bbox 330 4913 444 4982; x_wconf 81' lang='grc' dir='ltr'>γὰρ</span> <span class='ocrx_word' id='word_1_761' title='bbox 469 4911 667 4981; x_wconf 73' lang='grc' dir='ltr'>ἔχομεν</span> <span class='ocrx_word' id='word_1_762' title='bbox 689 4903 789 4962; x_wconf 80' lang='grc' dir='ltr'>ὧδε</span> <span class='ocrx_word' id='word_1_763' title='bbox 829 4906 1096 4976; x_wconf 80' lang='grc' dir='ltr'>μένουσαν</span> <span class='ocrx_word' id='word_1_764' title='bbox 1122 4905 1296 4969; x_wconf 84' lang='grc' dir='ltr'>πόλιν,</span> <span class='ocrx_word' id='word_1_765' title='bbox 1330 4901 1467 4958; x_wconf 80' lang='grc' dir='ltr'>ἀλλὰ.</span> <span class='ocrx_word' id='word_1_766' title='bbox 1500 4901 1601 4972; x_wconf 79' lang='grc' dir='ltr'>τὴν</span> <span class='ocrx_word' id='word_1_767' title='bbox 1630 4898 1757 4969; x_wconf 79' lang='grc' dir='ltr'>μέλ-</span> 
     </span>
    </p>
   </div>
   <div class='ocr_carea' id='block_1_96' title="bbox 166 4991 1758 5073">
    <p class='ocr_par' dir='ltr' id='par_1_96' title="bbox 166 4991 1758 5073">
     <span class='ocr_line' id='line_1_96' title="bbox 166 4991 1758 5073; baseline -0.011 -12"><span class='ocrx_word' id='word_1_768' title='bbox 166 5010 365 5061; x_wconf 81' lang='grc' dir='ltr'>λουσαν</span> <span class='ocrx_word' id='word_1_769' title='bbox 398 5000 770 5073; x_wconf 68' lang='grc' dir='ltr'>ἐπιζητοῦμεν</span> <span class='ocrx_word' id='word_1_770' title='bbox 790 5016 803 5030; x_wconf 68' lang='grc'><strong><em>⁸</em></strong></span> <span class='ocrx_word' id='word_1_771' title='bbox 836 5019 855 5052; x_wconf 72' lang='grc' dir='ltr'><strong>ι</strong></span> <span class='ocrx_word' id='word_1_772' title='bbox 888 4996 953 5071; x_wconf 85' lang='grc' dir='ltr'>ἦς</span> <span class='ocrx_word' id='word_1_773' title='bbox 980 4998 1230 5068; x_wconf 79' lang='grc' dir='ltr'>τεχνίτης</span> <span class='ocrx_word' id='word_1_774' title='bbox 1259 4995 1353 5050; x_wconf 76' lang='grc' dir='ltr'><strong>καὶ</strong></span> <span class='ocrx_word' id='word_1_775' title='bbox 1372 4991 1700 5066; x_wconf 83' lang='grc' dir='ltr'>δημιουργὸς</span> <span class='ocrx_word' id='word_1_776' title='bbox 1728 4991 1758 5043; x_wconf 89' lang='lat'><strong>6</strong></span> 
     </span>
    </p>
   </div>
   <div class='ocr_carea' id='block_1_97' title="bbox 167 5081 1759 5163">
    <p class='ocr_par' dir='ltr' id='par_1_97' title="bbox 167 5081 1759 5163">
     <span class='ocr_line' id='line_1_97' title="bbox 167 5081 1759 5163; baseline -0.013 -9"><span class='ocrx_word' id='word_1_777' title='bbox 167 5100 317 5163; x_wconf 83' lang='grc' dir='ltr'>Θεός.</span> <span class='ocrx_word' id='word_1_778' title='bbox 355 5096 620 5151; x_wconf 77' lang='grc' dir='ltr'>Μέτοικοι</span> <span class='ocrx_word' id='word_1_779' title='bbox 664 5090 775 5161; x_wconf 87' lang='grc' dir='ltr'>γάρ</span> <span class='ocrx_word' id='word_1_780' title='bbox 813 5091 919 5143; x_wconf 85' lang='grc' dir='ltr'>εἱσι</span> <span class='ocrx_word' id='word_1_781' title='bbox 943 5132 957 5156; x_wconf 89' lang='grc'><strong>,</strong></span> <span class='ocrx_word' id='word_1_782' title='bbox 985 5091 1080 5142; x_wconf 72' lang='grc' dir='ltr'><strong>καὶ</strong></span> <span class='ocrx_word' id='word_1_783' title='bbox 1121 5085 1495 5158; x_wconf 78' lang='grc' dir='ltr'>παρεπίδημοι</span> <span class='ocrx_word' id='word_1_784' title='bbox 1526 5083 1619 5136; x_wconf 76' lang='grc' dir='ltr'>ἐπὶ</span> <span class='ocrx_word' id='word_1_785' title='bbox 1660 5081 1759 5152; x_wconf 82' lang='grc' dir='ltr'><strong>τῆς</strong></span> 
     </span>
    </p>
   </div>
   <div class='ocr_carea' id='block_1_98' title="bbox 168 5169 1761 5260">
    <p class='ocr_par' dir='ltr' id='par_1_98' title="bbox 168 5169 1761 5260">
     <span class='ocr_line' id='line_1_98' title="bbox 168 5169 1761 5260; baseline -0.013 -19"><span class='ocrx_word' id='word_1_786' title='bbox 168 5189 286 5260; x_wconf 79' lang='grc' dir='ltr'>γῆς,</span> <span class='ocrx_word' id='word_1_787' title='bbox 310 5187 430 5248; x_wconf 80' lang='grc' dir='ltr'>τοῖς</span> <span class='ocrx_word' id='word_1_788' title='bbox 461 5183 574 5237; x_wconf 71' lang='grc' dir='ltr'><strong>ἀνω</strong></span> <span class='ocrx_word' id='word_1_789' title='bbox 597 5178 1029 5249; x_wconf 88' lang='grc' dir='ltr'>πολιτευόμενοι,</span> <span class='ocrx_word' id='word_1_790' title='bbox 1062 5176 1158 5230; x_wconf 76' lang='grc' dir='ltr'>καὶ</span> <span class='ocrx_word' id='word_1_791' title='bbox 1177 5176 1277 5242; x_wconf 85' lang='grc' dir='ltr'><strong>τὴν</strong></span> <span class='ocrx_word' id='word_1_792' title='bbox 1302 5172 1403 5241; x_wconf 83' lang='grc' dir='ltr'>μὲν</span> <span class='ocrx_word' id='word_1_793' title='bbox 1431 5169 1761 5239; x_wconf 77' lang='grc' dir='ltr'>ὲνεγκοῦσαν</span> 
     </span>
    </p>
   </div>
   <div class='ocr_carea' id='block_1_99' title="bbox 172 5259 1760 5349">
    <p class='ocr_par' dir='ltr' id='par_1_99' title="bbox 172 5259 1760 5349">
     <span class='ocr_line' id='line_1_99' title="bbox 172 5259 1760 5349; baseline -0.013 -17"><span class='ocrx_word' id='word_1_794' title='bbox 172 5259 403 5349; x_wconf 68' lang='grc' dir='ltr'>ἀφέντες</span> <span class='ocrx_word' id='word_1_795' title='bbox 433 5315 451 5339; x_wconf 89' lang='grc'><strong>,</strong></span> <span class='ocrx_word' id='word_1_796' title='bbox 480 5275 605 5328; x_wconf 81' lang='grc' dir='ltr'>ὅσον</span> <span class='ocrx_word' id='word_1_797' title='bbox 639 5266 777 5344; x_wconf 79' lang='grc' dir='ltr'>ἧκεν</span> <span class='ocrx_word' id='word_1_798' title='bbox 808 5271 982 5322; x_wconf 82' lang='grc' dir='ltr'>εἰπεῖν</span> <span class='ocrx_word' id='word_1_799' title='bbox 1013 5268 1092 5330; x_wconf 86' lang='grc' dir='ltr'><strong>είς</strong></span> <span class='ocrx_word' id='word_1_800' title='bbox 1126 5266 1381 5337; x_wconf 85' lang='grc' dir='ltr'>φρόνημα</span> <span class='ocrx_word' id='word_1_801' title='bbox 1405 5263 1465 5317; x_wconf 85' lang='grc' dir='ltr'><strong>τὸ</strong></span> <span class='ocrx_word' id='word_1_802' title='bbox 1492 5259 1760 5332; x_wconf 75' lang='grc' dir='ltr'>φιλόθεον,</span> 
     </span>
    </p>
   </div>
   <div class='ocr_carea' id='block_1_100' title="bbox 174 5354 1758 5441">
    <p class='ocr_par' dir='ltr' id='par_1_100' title="bbox 174 5354 1758 5441">
     <span class='ocr_line' id='line_1_100' title="bbox 174 5354 1758 5441; baseline -0.013 -17"><span class='ocrx_word' id='word_1_803' title='bbox 174 5371 486 5441; x_wconf 79' lang='grc' dir='ltr'>γλιχόμενοι</span> <span class='ocrx_word' id='word_1_804' title='bbox 523 5365 594 5419; x_wconf 81' lang='grc' dir='ltr'><strong>δὲ’</strong></span> <span class='ocrx_word' id='word_1_805' title='bbox 633 5364 732 5433; x_wconf 80' lang='grc' dir='ltr'>τῆς</span> <span class='ocrx_word' id='word_1_806' title='bbox 786 5362 898 5417; x_wconf 79' lang='grc' dir='ltr'>ἄνω</span> <span class='ocrx_word' id='word_1_807' title='bbox 929 5359 1115 5432; x_wconf 84' lang='grc' dir='ltr'>μονῆς.</span> <span class='ocrx_word' id='word_1_808' title='bbox 1148 5356 1363 5426; x_wconf 76' lang='grc' dir='ltr'>Ταύτην</span> <span class='ocrx_word' id='word_1_809' title='bbox 1394 5355 1500 5426; x_wconf 89' lang='lat'><strong>7&amp;9</strong></span> <span class='ocrx_word' id='word_1_810' title='bbox 1525 5354 1708 5416; x_wconf 82' lang='grc' dir='ltr'>αὐτοῖς</span> <span class='ocrx_word' id='word_1_811' title='bbox 1727 5354 1758 5405; x_wconf 89' lang='lat'><strong>6</strong></span> 
     </span>
    </p>
   </div>
   <div class='ocr_carea' id='block_1_101' title="bbox 176 5443 1758 5534">
    <p class='ocr_par' dir='ltr' id='par_1_101' title="bbox 176 5443 1758 5534">
     <span class='ocr_line' id='line_1_101' title="bbox 176 5443 1758 5534; baseline -0.014 -17"><span class='ocrx_word' id='word_1_812' title='bbox 176 5463 363 5534; x_wconf 78' lang='grc' dir='ltr'>Σωτὴρ</span> <span class='ocrx_word' id='word_1_813' title='bbox 401 5457 649 5521; x_wconf 81' lang='grc' dir='ltr'>ὑπέδειξε</span> <span class='ocrx_word' id='word_1_814' title='bbox 690 5455 900 5523; x_wconf 88' lang='grc' dir='ltr'>λέγων·</span> <span class='ocrx_word' id='word_1_815' title='bbox 930 5472 948 5504; x_wconf 81' lang='grc' dir='ltr'><strong>ι</strong></span> <span class='ocrx_word' id='word_1_816' title='bbox 996 5447 1306 5520; x_wconf 77' lang='grc' dir='ltr'>Πορεύομαι</span> <span class='ocrx_word' id='word_1_817' title='bbox 1341 5447 1434 5499; x_wconf 72' lang='grc' dir='ltr'><strong>καὶ</strong></span> <span class='ocrx_word' id='word_1_818' title='bbox 1480 5443 1758 5513; x_wconf 81' lang='grc' dir='ltr'>ἑτοιμάσω</span> 
     </span>
    </p>
   </div>
   <div class='ocr_carea' id='block_1_102' title="bbox 178 5536 1756 5622">
    <p class='ocr_par' dir='ltr' id='par_1_102' title="bbox 178 5536 1756 5622">
     <span class='ocr_line' id='line_1_102' title="bbox 178 5536 1756 5622; baseline -0.013 -15"><span class='ocrx_word' id='word_1_819' title='bbox 178 5556 334 5608; x_wconf 78' lang='grc' dir='ltr'>τόπον</span> <span class='ocrx_word' id='word_1_820' title='bbox 365 5552 498 5622; x_wconf 81' lang='grc' dir='ltr'>ὑμῖν</span> <span class='ocrx_word' id='word_1_821' title='bbox 524 5567 538 5580; x_wconf 91' lang='grc'><strong>·</strong></span> <span class='ocrx_word' id='word_1_822' title='bbox 572 5550 662 5603; x_wconf 79' lang='grc' dir='ltr'>ὅτε</span> <span class='ocrx_word' id='word_1_823' title='bbox 709 5546 766 5600; x_wconf 80' lang='grc' dir='ltr'>δὲ</span> <span class='ocrx_word' id='word_1_824' title='bbox 810 5544 948 5598; x_wconf 81' lang='grc' dir='ltr'>ἔλθω</span> <span class='ocrx_word' id='word_1_825' title='bbox 971 5584 984 5611; x_wconf 89' lang='lat'><strong>,</strong></span> <span class='ocrx_word' id='word_1_826' title='bbox 1020 5539 1414 5613; x_wconf 63' lang='grc' dir='ltr'>παραλήψομαι</span> <span class='ocrx_word' id='word_1_827' title='bbox 1449 5539 1592 5608; x_wconf 80' lang='grc' dir='ltr'>ὑμᾶς</span> <span class='ocrx_word' id='word_1_828' title='bbox 1640 5536 1756 5606; x_wconf 84' lang='grc' dir='ltr'>μετ’</span> 
     </span>
    </p>
   </div>
   <div class='ocr_carea' id='block_1_103' title="bbox 1852 4528 3435 4598">
    <p class='ocr_par' dir='ltr' id='par_1_103' title="bbox 1852 4528 3435 4598">
     <span class='ocr_line' id='line_1_103' title="bbox 1852 4528 3435 4598; baseline 0.001 -13"><span class='ocrx_word' id='word_1_829' title='bbox 1852 4529 1995 4585; x_wconf 87' lang='lat' dir='ltr'><strong>tollit</strong></span> <span class='ocrx_word' id='word_1_830' title='bbox 2032 4539 2315 4598; x_wconf 87' lang='lat' dir='ltr'><strong>peccatum</strong></span> <span class='ocrx_word' id='word_1_831' title='bbox 2356 4528 2545 4583; x_wconf 90' lang='lat' dir='ltr'><strong>mundi</strong></span> <span class='ocrx_word' id='word_1_832' title='bbox 2597 4530 2664 4583; x_wconf 82' lang='lat'><strong>&quot;.</strong></span> <span class='ocrx_word' id='word_1_833' title='bbox 2700 4528 2806 4584; x_wconf 91' lang='lat' dir='ltr'><strong>Sed</strong></span> <span class='ocrx_word' id='word_1_834' title='bbox 2862 4529 2988 4583; x_wconf 89' lang='lat' dir='ltr'><strong>vide</strong></span> <span class='ocrx_word' id='word_1_835' title='bbox 3038 4529 3194 4593; x_wconf 90' lang='lat' dir='ltr'><strong>mihi,</strong></span> <span class='ocrx_word' id='word_1_836' title='bbox 3225 4544 3435 4598; x_wconf 62' lang='lat' dir='ltr'><strong>quaeso.</strong></span> 
     </span>
    </p>
   </div>
   <div class='ocr_carea' id='block_1_104' title="bbox 1849 4620 3436 4691">
    <p class='ocr_par' dir='ltr' id='par_1_104' title="bbox 1849 4620 3436 4691">
     <span class='ocr_line' id='line_1_104' title="bbox 1849 4620 3436 4691; baseline -0.001 -17"><span class='ocrx_word' id='word_1_837' title='bbox 1849 4623 2040 4675; x_wconf 87' lang='lat' dir='ltr'><strong>eadem</strong></span> <span class='ocrx_word' id='word_1_838' title='bbox 2096 4620 2311 4690; x_wconf 87' lang='lat' dir='ltr'><strong>impleri</strong></span> <span class='ocrx_word' id='word_1_839' title='bbox 2369 4635 2591 4691; x_wconf 89' lang='lat' dir='ltr'><strong>quoque</strong></span> <span class='ocrx_word' id='word_1_840' title='bbox 2648 4622 2703 4674; x_wconf 90' lang='lat' dir='ltr'><strong>in</strong></span> <span class='ocrx_word' id='word_1_841' title='bbox 2763 4621 2833 4676; x_wconf 89' lang='lat' dir='ltr'><strong>iis</strong></span> <span class='ocrx_word' id='word_1_842' title='bbox 2882 4622 2975 4691; x_wconf 89' lang='lat' dir='ltr'><strong>qui</strong></span> <span class='ocrx_word' id='word_1_843' title='bbox 3027 4621 3095 4675; x_wconf 89' lang='lat' dir='ltr'><strong>ad</strong></span> <span class='ocrx_word' id='word_1_844' title='bbox 3137 4621 3436 4675; x_wconf 85' lang='lat' dir='ltr'><strong>amicitiam</strong></span> 
     </span>
    </p>
   </div>
   <div class='ocr_carea' id='block_1_105' title="bbox 1855 4710 3436 4768">
    <p class='ocr_par' dir='ltr' id='par_1_105' title="bbox 1855 4710 3436 4768">
     <span class='ocr_line' id='line_1_105' title="bbox 1855 4710 3436 4768; baseline 0 -2"><span class='ocrx_word' id='word_1_845' title='bbox 1855 4710 2168 4768; x_wconf 81' lang='lat' dir='ltr'><strong>Servatoris</strong></span> <span class='ocrx_word' id='word_1_846' title='bbox 2202 4713 2384 4767; x_wconf 87' lang='lat' dir='ltr'><strong>nostri</strong></span> <span class='ocrx_word' id='word_1_847' title='bbox 2413 4713 2614 4767; x_wconf 81' lang='lat' dir='ltr'><strong>Christi</strong></span> <span class='ocrx_word' id='word_1_848' title='bbox 2665 4713 2999 4768; x_wconf 86' lang='lat' dir='ltr'><strong>evehuntur.</strong></span> <span class='ocrx_word' id='word_1_849' title='bbox 3030 4713 3341 4768; x_wconf 81' lang='lat' dir='ltr'><strong>Audierunt</strong></span> <span class='ocrx_word' id='word_1_850' title='bbox 3383 4721 3436 4767; x_wconf 93' lang='lat' dir='ltr'><strong>et</strong></span> 
     </span>
    </p>
   </div>
   <div class='ocr_carea' id='block_1_106' title="bbox 1855 4803 3436 4876">
    <p class='ocr_par' dir='ltr' id='par_1_106' title="bbox 1855 4803 3436 4876">
     <span class='ocr_line' id='line_1_106' title="bbox 1855 4803 3436 4876; baseline 0.003 -18"><span class='ocrx_word' id='word_1_851' title='bbox 1855 4804 1960 4873; x_wconf 85' lang='lat' dir='ltr'><strong>ipsi</strong></span> <span class='ocrx_word' id='word_1_852' title='bbox 1988 4823 2002 4859; x_wconf 89' lang='lat'><strong>:</strong></span> <span class='ocrx_word' id='word_1_853' title='bbox 2037 4824 2057 4856; x_wconf 76' lang='grc' dir='ltr'><strong>ι</strong></span> <span class='ocrx_word' id='word_1_854' title='bbox 2085 4803 2184 4858; x_wconf 88' lang='lat' dir='ltr'><strong>Exi</strong></span> <span class='ocrx_word' id='word_1_855' title='bbox 2207 4803 2276 4859; x_wconf 90' lang='lat' dir='ltr'><strong>de</strong></span> <span class='ocrx_word' id='word_1_856' title='bbox 2299 4811 2451 4860; x_wconf 84' lang='lat' dir='ltr'><strong>terra</strong></span> <span class='ocrx_word' id='word_1_857' title='bbox 2471 4815 2600 4861; x_wconf 87' lang='lat' dir='ltr'><strong>tua:</strong></span> <span class='ocrx_word' id='word_1_858' title='bbox 2630 4823 2649 4855; x_wconf 74' lang='grc' dir='ltr'><strong>ι</strong></span> <span class='ocrx_word' id='word_1_859' title='bbox 2683 4805 2832 4874; x_wconf 91' lang='lat' dir='ltr'><strong>quod</strong></span> <span class='ocrx_word' id='word_1_860' title='bbox 2864 4820 3028 4876; x_wconf 90' lang='lat' dir='ltr'><strong>quam</strong></span> <span class='ocrx_word' id='word_1_861' title='bbox 3061 4812 3289 4860; x_wconf 88' lang='lat' dir='ltr'><strong>strenue</strong></span> <span class='ocrx_word' id='word_1_862' title='bbox 3319 4820 3436 4876; x_wconf 81' lang='lat' dir='ltr'><strong>ege-</strong></span> 
     </span>
    </p>
   </div>
   <div class='ocr_carea' id='block_1_107' title="bbox 1855 4895 3442 4967">
    <p class='ocr_par' dir='ltr' id='par_1_107' title="bbox 1855 4895 3442 4967">
     <span class='ocr_line' id='line_1_107' title="bbox 1855 4895 3442 4967; baseline 0.001 -17"><span class='ocrx_word' id='word_1_863' title='bbox 1855 4899 1988 4961; x_wconf 87' lang='lat' dir='ltr'><strong>rint,</strong></span> <span class='ocrx_word' id='word_1_864' title='bbox 2018 4896 2145 4951; x_wconf 90' lang='lat' dir='ltr'><strong>audi</strong></span> <span class='ocrx_word' id='word_1_865' title='bbox 2202 4896 2333 4967; x_wconf 90' lang='lat' dir='ltr'><strong>quid</strong></span> <span class='ocrx_word' id='word_1_866' title='bbox 2370 4896 2600 4953; x_wconf 89' lang='lat' dir='ltr'><strong>dicant:</strong></span> <span class='ocrx_word' id='word_1_867' title='bbox 2645 4915 2664 4948; x_wconf 79' lang='grc' dir='ltr'><strong>ι</strong></span> <span class='ocrx_word' id='word_1_868' title='bbox 2701 4895 2820 4952; x_wconf 83' lang='lat' dir='ltr'><strong>Non</strong></span> <span class='ocrx_word' id='word_1_869' title='bbox 2851 4897 2999 4952; x_wconf 89' lang='lat' dir='ltr'><strong>enim</strong></span> <span class='ocrx_word' id='word_1_870' title='bbox 3034 4897 3306 4953; x_wconf 87' lang='lat' dir='ltr'><strong>habemus</strong></span> <span class='ocrx_word' id='word_1_871' title='bbox 3350 4897 3442 4951; x_wconf 90' lang='lat' dir='ltr'><strong>hic</strong></span> 
     </span>
    </p>
   </div>
   <div class='ocr_carea' id='block_1_108' title="bbox 1855 4977 3437 5059">
    <p class='ocr_par' dir='ltr' id='par_1_108' title="bbox 1855 4977 3437 5059">
     <span class='ocr_line' id='line_1_108' title="bbox 1855 4977 3437 5059; baseline -0.003 -16"><span class='ocrx_word' id='word_1_872' title='bbox 1855 4997 2168 5043; x_wconf 86' lang='lat' dir='ltr'><strong>manentem</strong></span> <span class='ocrx_word' id='word_1_873' title='bbox 2201 4988 2505 5054; x_wconf 87' lang='lat' dir='ltr'><strong>civitatem,</strong></span> <span class='ocrx_word' id='word_1_874' title='bbox 2535 4990 2629 5045; x_wconf 90' lang='lat' dir='ltr'><strong>sed</strong></span> <span class='ocrx_word' id='word_1_875' title='bbox 2659 4989 2900 5044; x_wconf 81' lang='lat' dir='ltr'><strong>futuram</strong></span> <span class='ocrx_word' id='word_1_876' title='bbox 2938 4977 3277 5059; x_wconf 70' lang='lat' dir='ltr'><strong>inquirimus</strong></span> <span class='ocrx_word' id='word_1_877' title='bbox 3306 4990 3375 5051; x_wconf 85' lang='lat'><strong>&quot;,</strong></span> <span class='ocrx_word' id='word_1_878' title='bbox 3417 5006 3437 5039; x_wconf 76' lang='grc' dir='ltr'><strong>ι</strong></span> 
     </span>
    </p>
   </div>
   <div class='ocr_carea' id='block_1_109' title="bbox 1858 5074 3439 5150">
    <p class='ocr_par' dir='ltr' id='par_1_109' title="bbox 1858 5074 3439 5150">
     <span class='ocr_line' id='line_1_109' title="bbox 1858 5074 3439 5150; baseline -0.003 -15"><span class='ocrx_word' id='word_1_879' title='bbox 1858 5080 2017 5150; x_wconf 78' lang='lat' dir='ltr'><strong>Cujus</strong></span> <span class='ocrx_word' id='word_1_880' title='bbox 2051 5079 2232 5149; x_wconf 76' lang='lat' dir='ltr'><strong>opifex</strong></span> <span class='ocrx_word' id='word_1_881' title='bbox 2261 5087 2316 5135; x_wconf 89' lang='lat' dir='ltr'><strong>et</strong></span> <span class='ocrx_word' id='word_1_882' title='bbox 2347 5079 2605 5135; x_wconf 88' lang='lat' dir='ltr'><strong>conditor</strong></span> <span class='ocrx_word' id='word_1_883' title='bbox 2633 5089 2718 5136; x_wconf 87' lang='lat' dir='ltr'><strong>est</strong></span> <span class='ocrx_word' id='word_1_884' title='bbox 2754 5080 2918 5136; x_wconf 87' lang='lat' dir='ltr'><strong>Deus.</strong></span> <span class='ocrx_word' id='word_1_885' title='bbox 2962 5074 3248 5150; x_wconf 78' lang='lat' dir='ltr'><strong>Peregrini</strong></span> <span class='ocrx_word' id='word_1_886' title='bbox 3293 5080 3439 5132; x_wconf 89' lang='lat' dir='ltr'><strong>enim</strong></span> 
     </span>
    </p>
   </div>
   <div class='ocr_carea' id='block_1_110' title="bbox 1860 5169 3434 5241">
    <p class='ocr_par' dir='ltr' id='par_1_110' title="bbox 1860 5169 3434 5241">
     <span class='ocr_line' id='line_1_110' title="bbox 1860 5169 3434 5241; baseline -0.003 -15"><span class='ocrx_word' id='word_1_887' title='bbox 1860 5177 1994 5226; x_wconf 88' lang='lat' dir='ltr'><strong>sunt</strong></span> <span class='ocrx_word' id='word_1_888' title='bbox 2039 5177 2095 5224; x_wconf 85' lang='lat' dir='ltr'><strong>et</strong></span> <span class='ocrx_word' id='word_1_889' title='bbox 2146 5169 2372 5224; x_wconf 85' lang='lat' dir='ltr'><strong>advenae</strong></span> <span class='ocrx_word' id='word_1_890' title='bbox 2406 5169 2461 5223; x_wconf 95' lang='lat' dir='ltr'><strong>in</strong></span> <span class='ocrx_word' id='word_1_891' title='bbox 2491 5176 2638 5226; x_wconf 84' lang='lat' dir='ltr'><strong>terra</strong></span> <span class='ocrx_word' id='word_1_892' title='bbox 2690 5171 2782 5241; x_wconf 90' lang='lat' dir='ltr'><strong>qui</strong></span> <span class='ocrx_word' id='word_1_893' title='bbox 2810 5171 3088 5231; x_wconf 76' lang='lat' dir='ltr'><strong>emlestem</strong></span> <span class='ocrx_word' id='word_1_894' title='bbox 3126 5171 3292 5223; x_wconf 88' lang='lat' dir='ltr'><strong>vitam</strong></span> <span class='ocrx_word' id='word_1_895' title='bbox 3337 5169 3434 5222; x_wconf 85' lang='lat' dir='ltr'><strong>du-</strong></span> 
     </span>
    </p>
   </div>
   <div class='ocr_carea' id='block_1_111' title="bbox 1862 5257 3437 5331">
    <p class='ocr_par' dir='ltr' id='par_1_111' title="bbox 1862 5257 3437 5331">
     <span class='ocr_line' id='line_1_111' title="bbox 1862 5257 3437 5331; baseline -0.003 -16"><span class='ocrx_word' id='word_1_896' title='bbox 1862 5267 2015 5322; x_wconf 90' lang='lat' dir='ltr'><strong>cunt,</strong></span> <span class='ocrx_word' id='word_1_897' title='bbox 2046 5266 2101 5313; x_wconf 89' lang='lat' dir='ltr'><strong>et</strong></span> <span class='ocrx_word' id='word_1_898' title='bbox 2133 5268 2336 5314; x_wconf 86' lang='lat' dir='ltr'><strong>terram</strong></span> <span class='ocrx_word' id='word_1_899' title='bbox 2359 5259 2561 5315; x_wconf 76' lang='lat' dir='ltr'><strong>aﬁ‘ectu</strong></span> <span class='ocrx_word' id='word_1_900' title='bbox 2588 5274 2652 5315; x_wconf 92' lang='lat' dir='ltr'><strong>ac</strong></span> <span class='ocrx_word' id='word_1_901' title='bbox 2670 5261 2859 5316; x_wconf 90' lang='lat' dir='ltr'><strong>studio</strong></span> <span class='ocrx_word' id='word_1_902' title='bbox 2876 5259 3099 5331; x_wconf 80' lang='lat' dir='ltr'><strong>pietatis</strong></span> <span class='ocrx_word' id='word_1_903' title='bbox 3122 5273 3250 5327; x_wconf 82' lang='lat' dir='ltr'><strong>erga</strong></span> <span class='ocrx_word' id='word_1_904' title='bbox 3272 5257 3437 5311; x_wconf 80' lang='lat' dir='ltr'><strong>Deum</strong></span> 
     </span>
    </p>
   </div>
   <div class='ocr_carea' id='block_1_112' title="bbox 1861 5348 3443 5422">
    <p class='ocr_par' dir='ltr' id='par_1_112' title="bbox 1861 5348 3443 5422">
     <span class='ocr_line' id='line_1_112' title="bbox 1861 5348 3443 5422; baseline -0.003 -15"><span class='ocrx_word' id='word_1_905' title='bbox 1861 5352 2209 5421; x_wconf 86' lang='lat' dir='ltr'><strong>relinquunt,</strong></span> <span class='ocrx_word' id='word_1_906' title='bbox 2258 5367 2511 5422; x_wconf 67' lang='lat' dir='ltr'><strong>supernae</strong></span> <span class='ocrx_word' id='word_1_907' title='bbox 2557 5352 2861 5408; x_wconf 85' lang='lat' dir='ltr'><strong>mansionis</strong></span> <span class='ocrx_word' id='word_1_908' title='bbox 2887 5350 3168 5406; x_wconf 86' lang='lat' dir='ltr'><strong>desiderio</strong></span> <span class='ocrx_word' id='word_1_909' title='bbox 3196 5367 3208 5403; x_wconf 89' lang='lat'><strong>:</strong></span> <span class='ocrx_word' id='word_1_910' title='bbox 3241 5348 3443 5417; x_wconf 86' lang='lat' dir='ltr'><strong>quippe</strong></span> 
     </span>
    </p>
   </div>
   <div class='ocr_carea' id='block_1_113' title="bbox 1863 5438 3444 5509">
    <p class='ocr_par' dir='ltr' id='par_1_113' title="bbox 1863 5438 3444 5509">
     <span class='ocr_line' id='line_1_113' title="bbox 1863 5438 3444 5509; baseline -0.004 -10"><span class='ocrx_word' id='word_1_911' title='bbox 1863 5444 2005 5499; x_wconf 90' lang='lat' dir='ltr'><strong>hanc</strong></span> <span class='ocrx_word' id='word_1_912' title='bbox 2035 5444 2119 5500; x_wconf 91' lang='lat' dir='ltr'><strong>eis</strong></span> <span class='ocrx_word' id='word_1_913' title='bbox 2149 5442 2400 5499; x_wconf 83' lang='lat' dir='ltr'><strong>Salvator</strong></span> <span class='ocrx_word' id='word_1_914' title='bbox 2429 5444 2689 5509; x_wconf 88' lang='lat' dir='ltr'><strong>ostendit,</strong></span> <span class='ocrx_word' id='word_1_915' title='bbox 2727 5442 2918 5497; x_wconf 84' lang='lat' dir='ltr'><strong>dicens</strong></span> <span class='ocrx_word' id='word_1_916' title='bbox 2954 5459 2969 5496; x_wconf 88' lang='lat'><strong>:</strong></span> <span class='ocrx_word' id='word_1_917' title='bbox 3005 5461 3024 5493; x_wconf 78' lang='grc' dir='ltr'><strong>ι</strong></span> <span class='ocrx_word' id='word_1_918' title='bbox 3066 5438 3216 5495; x_wconf 84' lang='lat' dir='ltr'><strong>Vado</strong></span> <span class='ocrx_word' id='word_1_919' title='bbox 3248 5453 3444 5508; x_wconf 88' lang='lat' dir='ltr'><strong>parare</strong></span> 
     </span>
    </p>
   </div>
   <div class='ocr_carea' id='block_1_114' title="bbox 1870 5527 3439 5602">
    <p class='ocr_par' dir='ltr' id='par_1_114' title="bbox 1870 5527 3439 5602">
     <span class='ocr_line' id='line_1_114' title="bbox 1870 5527 3439 5602; baseline -0.004 -12"><span class='ocrx_word' id='word_1_920' title='bbox 1870 5535 2023 5590; x_wconf 84' lang='lat' dir='ltr'><strong>vobis</strong></span> <span class='ocrx_word' id='word_1_921' title='bbox 2054 5534 2235 5590; x_wconf 88' lang='lat' dir='ltr'><strong>locum</strong></span> <span class='ocrx_word' id='word_1_922' title='bbox 2262 5550 2277 5601; x_wconf 92' lang='lat'><strong>;</strong></span> <span class='ocrx_word' id='word_1_923' title='bbox 2307 5549 2430 5589; x_wconf 91' lang='lat' dir='ltr'><strong>cum</strong></span> <span class='ocrx_word' id='word_1_924' title='bbox 2458 5543 2638 5589; x_wconf 89' lang='lat' dir='ltr'><strong>autem</strong></span> <span class='ocrx_word' id='word_1_925' title='bbox 2670 5548 2896 5601; x_wconf 85' lang='lat' dir='ltr'><strong>venero,</strong></span> <span class='ocrx_word' id='word_1_926' title='bbox 2946 5531 3209 5602; x_wconf 89' lang='lat' dir='ltr'><strong>accipiam</strong></span> <span class='ocrx_word' id='word_1_927' title='bbox 3244 5542 3340 5584; x_wconf 77' lang='lat' dir='ltr'><strong>vos</strong></span> <span class='ocrx_word' id='word_1_928' title='bbox 3372 5527 3439 5583; x_wconf 83' lang='lat' dir='ltr'><strong>ad</strong></span> 
     </span>
    </p>
   </div>
   <div class='ocr_carea' id='block_1_115' title="bbox 269 5714 2849 5798">
    <p class='ocr_par' dir='ltr' id='par_1_115' title="bbox 269 5714 2849 5798">
     <span class='ocr_line' id='line_1_115' title="bbox 269 5714 2849 5798; baseline -0.008 -9"><span class='ocrx_word' id='word_1_929' title='bbox 269 5732 316 5765; x_wconf 78' lang='lat'><strong>&quot;</strong></span> <span class='ocrx_word' id='word_1_930' title='bbox 360 5730 497 5790; x_wconf 84' lang='lat' dir='ltr'><strong>Gen.</strong></span> <span class='ocrx_word' id='word_1_931' title='bbox 542 5746 631 5798; x_wconf 82' lang='lat' dir='ltr'><strong>xv,</strong></span> <span class='ocrx_word' id='word_1_932' title='bbox 662 5729 717 5786; x_wconf 81' lang='lat'><em>6.</em></span> <span class='ocrx_word' id='word_1_933' title='bbox 796 5727 841 5762; x_wconf 84' lang='lat'><strong>&quot;</strong></span> <span class='ocrx_word' id='word_1_934' title='bbox 880 5728 1014 5786; x_wconf 87' lang='lat' dir='ltr'><strong>Gen.</strong></span> <span class='ocrx_word' id='word_1_935' title='bbox 1047 5742 1150 5793; x_wconf 83' lang='lat' dir='ltr'><strong>xu,</strong></span> <span class='ocrx_word' id='word_1_936' title='bbox 1189 5724 1241 5779; x_wconf 83' lang='lat' dir='ltr'><strong>l.</strong></span> <span class='ocrx_word' id='word_1_937' title='bbox 1318 5726 1365 5758; x_wconf 79' lang='grc' dir='ltr'><strong>⁷ο</strong></span> <span class='ocrx_word' id='word_1_938' title='bbox 1410 5722 1568 5780; x_wconf 80' lang='lat' dir='ltr'><strong>Joan.</strong></span> <span class='ocrx_word' id='word_1_939' title='bbox 1600 5738 1659 5788; x_wconf 83' lang='grc' dir='ltr'><strong>ιι,</strong></span> <span class='ocrx_word' id='word_1_940' title='bbox 1699 5718 1791 5778; x_wconf 67' lang='lat'><strong>26.</strong></span> <span class='ocrx_word' id='word_1_941' title='bbox 1868 5718 2157 5786; x_wconf 81' lang='lat' dir='ltr'><strong>&quot;Joan..,</strong></span> <span class='ocrx_word' id='word_1_942' title='bbox 2183 5719 2275 5776; x_wconf 77' lang='lat'><strong>29.</strong></span> <span class='ocrx_word' id='word_1_943' title='bbox 2353 5720 2396 5750; x_wconf 78' lang='grc' dir='ltr'><strong>τ’</strong></span> <span class='ocrx_word' id='word_1_944' title='bbox 2422 5716 2588 5776; x_wconf 81' lang='lat' dir='ltr'><strong>Hebr.</strong></span> <span class='ocrx_word' id='word_1_945' title='bbox 2614 5732 2736 5782; x_wconf 80' lang='lat' dir='ltr'><strong>xm,</strong></span> <span class='ocrx_word' id='word_1_946' title='bbox 2766 5714 2849 5771; x_wconf 70' lang='grc'><strong>14.</strong></span> 
     </span>
    </p>
   </div>
  </div>
