3938 6424
458 367 568 427 ’587

1459 332 1516 407 s'.
1567 342 1839 406 cvniLu
1899 308 2367 396 ALEXANDRINI
2410 340 2729 399 ARCillEP.

3618 351 3720 407 588

458 488 772 557 meipsum,
839 479 1040 537 utubi
1100 492 1220 533 sum
1281 488 1404 548 ego,
1455 483 1510 529 et
1562 487 1661 527 vos
1718 470 1840 526 sitis
1887 469 1957 524 ⁷³.
2014 485 2032 518 ι

2148 463 2407 535 ἐμαυτοῦ,
2441 466 2530 521 ἵνα
2560 467 2694 521 ὅπου
2723 465 2839 538 εἰμὶ
2868 465 2996 536 ἐγὼ,
3016 466 3112 521 καὶ
3144 466 3303 538 ὑμεῖς
3331 462 3450 541 ἦτε.
3477 485 3495 518 ι
3523 463 3726 522 ’ἣκου-

458 577 768 633 Audierunt
832 570 1141 626 exeundum
1199 581 1325 622 esse
1389 562 1456 618 de
1518 559 1853 630 cognatione
1913 571 2035 611 sua.

460 673 532 725 At
570 664 849 739 quomodo
909 661 1052 715 istud
1105 652 1664 713 demonstrabimus?
1717 651 1899 722 Ipsum
1938 648 2039 704 tibi

461 761 741 817 Christum
773 757 1123 823 interpretem
1154 748 1527 802 adducemus:
1569 764 1586 796 ι
1626 743 1728 810 Qui
1764 748 1914 796 amat
1946 755 2041 811 pa-

463 861 603 907 trem
649 856 743 904 aut
775 855 1003 900 matrem
1046 842 1170 912 plus
1200 854 1367 909 quam
1403 851 1509 899 me,
1543 852 1651 890 non
1687 842 1773 889 est
1823 848 1907 888 me
1957 832 2041 887 di-

465 959 606 1015 gnus
628 940 696 996 ".
738 959 757 992 ι
793 936 949 1004 Quod
996 943 1176 987 autem
1230 929 1477 985 terrestri
1512 938 1564 983 et
1593 927 1807 983 carnali
1840 941 2043 995 cogna-

466 1036 600 1090 tioni
652 1038 871 1103 pra'stet
906 1027 1000 1081 Dei
1049 1022 1314 1088 amicitia,
1342 1030 1397 1075 et
1438 1020 1582 1088 apud
1643 1018 1765 1088 ejus
1796 1017 2042 1071 cultores

465 1124 624 1192 longe
658 1119 838 1189 potior
869 1116 939 1170 sit
991 1114 1045 1167 in
1073 1112 1350 1168 Christum
1387 1109 1635 1174 dilectio,
1669 1108 1857 1178 utique
1880 1106 2042 1162 dubi-

463 1216 689 1270 tandum
737 1227 846 1266 non
896 1218 997 1265 est.
1054 1206 1119 1260 Et
1166 1206 1363 1261 beatus
1402 1202 1623 1274 quidem
1655 1201 1931 1255 Abraham
1976 1198 2041 1252 ﬁ-

463 1310 599 1364 lium
639 1319 800 1361 suum
850 1302 904 1356 in
946 1300 1171 1355 odorem
1205 1296 1493 1353 suavitatis
1534 1290 1731 1347 oﬁ'erre
1773 1290 1882 1345 Deo
1918 1290 2041 1360 jus-

464 1414 560 1455 sus
588 1405 673 1451 est
698 1395 780 1445 7’:
822 1392 876 1447 hi
910 1407 1038 1446 vero
1070 1389 1287 1465 justitia
1336 1386 1458 1441 ﬁdei
1501 1383 1802 1455 praecincti,
1835 1397 2042 1451 nequa-

464 1505 626 1560 quam
660 1487 820 1552 alios,
852 1484 946 1541 sed
984 1483 1196 1553 seipsos
1227 1480 1372 1551 jussi
1405 1485 1534 1532 sunt
1570 1475 1788 1531 oﬁ‘errc.
1813 1494 1834 1526 ι
1873 1475 2041 1529 Exhi-

462 1579 642 1635 beatis
700 1579 875 1641 enim,
913 1574 1111 1644 inquit,
1164 1585 1401 1641 corpora
1446 1575 1629 1623 vestra
1678 1565 1915 1620 hostiam
1960 1565 2042 1619 vi-

464 1680 707 1735 ventem,
751 1677 1023 1729 sanctam,
1056 1665 1166 1719 Deo
1198 1664 1527 1734 placentem,
1580 1658 1910 1716 rationabile
1946 1656 2043 1713 ob-

465 1763 717 1832 sequium
754 1769 999 1816 vestrum
1022 1744 1095 1823 ⁸⁷⁸,
1132 1774 1151 1807 ι
1188 1770 1312 1811 cum
1341 1763 1394 1809 et
1427 1754 1493 1809 de
1522 1753 1592 1809 iis
1618 1752 1885 1822 scriptum
1926 1749 2038 1805 sit:

470 1872 490 1905 ι
529 1853 632 1921 Qui
660 1863 839 1907 autem
871 1859 1000 1906 sunt
1047 1848 1251 1903 Christi
1280 1845 1435 1910 Jesu,
1464 1860 1687 1899 carnem
1718 1858 1874 1899 suam
1910 1858 2040 1897 cru-

465 1946 759 2001 citixerunt
788 1957 912 1998 cum
946 1943 1093 1997 vitiis
1144 1947 1199 1993 et
1228 1936 1691 2007 concupiscentiis
1721 1936 1789 1989 ⁷⁷.
1820 1948 1853 1985 δ
1900 1933 2044 1988 Prae-

465 2046 617 2095 terea
650 2042 1027 2106 cognoverunt
1058 2033 1163 2103 ipsi
1192 2045 1413 2102 quoque
1451 2029 1661 2084 Christi
1691 2025 2041 2099 mysterium.

468 2128 665 2186 Sciunt
690 2128 840 2183 enim
875 2127 1107 2181 virtutes
1151 2123 1317 2178 futuri
1349 2122 1559 2187 seculi,
1595 2129 1649 2177 et
1675 2135 1794 2190 quae
1826 2119 1879 2173 in
1913 2118 2044 2173 ulti-

467 2222 573 2276 mis
605 2219 787 2274 futura
822 2225 952 2272 sunt
976 2215 1342 2286 temporibus,
1382 2214 1489 2270 sibi
1517 2228 1742 2268 suorum
1794 2211 2044 2266 laborum

467 2313 691 2382 praemia
720 2312 906 2367 datum
939 2311 1029 2373 iri,
1060 2318 1114 2364 et
1140 2308 1365 2379 pietatis
1396 2306 1452 2361 in
1485 2304 1771 2360 Christum
1807 2302 2041 2357 retribu-

466 2405 695 2459 tionem.
729 2402 890 2473 891
943 2403 1129 2468 Itaque
1154 2400 1292 2470 justi
1329 2406 1384 2454 et
1415 2398 1581 2452 amici
1611 2396 1705 2451 Dei
1756 2409 2043 2465 nuncupa-

468 2494 672 2556 bimur,
707 2493 870 2549 sicuti
890 2491 1188 2545 Ahraham.
1212 2490 1401 2559 Longe
1429 2503 1561 2542 vero
1583 2487 1742 2557 legali
1765 2486 2047 2555 antiquior

467 2590 551 2639 est
602 2582 914 2652 evangelica
948 2579 1315 2645 conversatio,
1350 2578 1402 2631 id
1432 2585 1516 2633 est
1556 2578 1648 2632 illa
1684 2591 1807 2647 qua:
1854 2591 1953 2646 per
1979 2574 2044 2629 ﬁ-

467 2676 591 2730 dem
621 2683 675 2729 et
704 2674 1006 2728 amicitiam
1036 2672 1129 2725 Dei
1156 2673 1210 2726 in
1248 2671 1424 2741 primo
1458 2669 1682 2740 quidem
1738 2679 1871 2726 tunc
1904 2668 2045 2739 ﬁgu-

466 2777 585 2824 rata
615 2778 699 2824 est
738 2768 1075 2829 Abrahamo,
1128 2772 1189 2818 ut
1234 2767 1289 2817 in
1324 2764 1542 2834 generis
1583 2763 1884 2819 secundum
1921 2776 2045 2816 car-

467 2874 613 2923 nem,
656 2858 757 2911 hoc
789 2864 876 2911 est
907 2855 1129 2910 lsraelis
1160 2853 1449 2923 principio,
1478 2852 1576 2907 sed
1608 2868 1755 2907 nunc
1782 2862 2044 2922 tanquam

467 2967 499 3005 ιι
534 2958 663 3021 typo
702 2947 770 3002 ad
817 2947 1102 3002 veritatem
1137 2944 1407 3016 pervenit,
1443 2952 1498 2998 et
1537 2944 1592 2997 in
1647 2943 1860 2998 sanctis
1908 2941 2045 3012 ipsis

468 3040 757 3110 discipulis
789 3040 938 3093 velut
968 3038 1022 3091 in
1056 3037 1318 3106 primitiis
1344 3035 1561 3104 generis
1589 3034 1892 3090 secundum
1936 3034 2046 3104 spi-

2142 574 2240 611 σαν
2289 556 2525 622 ἐξελθεῖν
2558 557 2667 611 ἀπὸ
2710 557 2812 627 τῆς
2867 557 3187 629 συγγενείας
3221 557 3422 613 αὐτῶν.
3463 559 3578 612 Καὶ
3612 558 3727 624 πῶς

2138 649 2298 703 τοῦτο
2341 647 2627 720 δείξομεν;
2660 650 2833 704 Αὐτόν
2867 667 2949 704 σοι
2998 651 3333 721 παροίσομεν
3377 650 3608 719 λέγοντα
3637 651 3727 705 τδν

2140 743 2374 813 Χριστόν
2393 758 2404 770 °
2439 762 2457 794 ι
2480 743 2539 795 '0
2570 742 2738 813 φιλῶν
2763 742 3033 814 πατέραῆ
3060 743 3272 815 μητέρα
3305 743 3452 814 ὺπέρ
3486 742 3610 814 ἐμὲ,
3629 743 3729 797 ούκ

2140 835 2255 888 ἐστι
2287 852 2390 906 μου
2420 835 2623 901 ἄξιος.»
2651 837 2774 890 Ὅτι
2800 836 2854 889 δὲ
2883 838 3203 906 συγγενείας
3228 837 3328 908 τῆς
3359 836 3606 904 ἐπιγείου
3638 837 3731 889 καὶ

2142 928 2413 998 σαρκικῆς
2455 928 2849 1000 προτετίμηται
2879 929 2948 983 τὰ
2978 929 3127 1001 παρὰ
3170 928 3328 994 Θεοῦ,
3361 927 3456 981 καὶ
3500 927 3637 980 πολὺ
3664 927 3728 999 δὴ

2141 1021 2408 1091 κρείττων
2450 1023 2482 1091 ἡ
2538 1024 2617 1085 είς
2659 1022 2890 1093 Χριστὸν
2927 1023 3114 1093 ἀγάπη
3163 1021 3439 1087 τέθειται,
3478 1020 3634 1090 παρά
3665 1036 3730 1087 γε

2140 1114 2252 1177 τοῖς
2276 1111 2590 1184 σεϐομένοις
2622 1113 2814 1180 αὑτὸν,
2840 1114 3053 1185 άληθῶς
3075 1113 3178 1167 οὒκ
3204 1112 3528 1184 ἀμφίλογον.
3562 1110 3676 1165 Καὶ
3705 1108 3731 1165 δ

2146 1207 2246 1276 μὲν
2269 1208 2539 1278 μακάριος
2566 1206 2819 1279 Ἀϐραὰμ
2842 1206 2933 1261 τὸν
2979 1208 3107 1262 ῐδιον
3149 1208 3262 1261 υίὸν
3304 1208 3384 1271 είς
3417 1205 3594 1277 ὀσμὴν
3634 1204 3731 1259 εύ-

2141 1296 2307 1361 ωδίας
2329 1300 2702 1368 προσαγαγεῖν
2730 1297 2807 1368 τῷ
2831 1298 2950 1369 Θεῷ
2983 1298 3315 1352 διεκελεύετο
3333 1313 3348 1328 ⁸
3384 1298 3431 1350 οί
3461 1297 3517 1350 δέ
3541 1295 3643 1368 τὴν
3675 1298 3733 1349 ἐν

2145 1388 2325 1442 πίστει
2348 1389 2690 1460 δικαιοσύνην
2712 1389 3171 1461 περιζωσάμενοι,
3191 1390 3290 1460 οὐχ
3319 1388 3537 1461 ἐτέρους
3561 1404 3735 1458 προσ-

2143 1478 2392 1546 αγαγεῖν,
2421 1477 2534 1532 ἀλλ’
2563 1480 2788 1543 ἑαυτοὺς
2821 1478 3242 1550 ἐκελεύσθησαν.
3282 1498 3300 1530 ι
3329 1478 3732 1548 Παραστήσατε

2143 1567 2273 1639 γάρ,
2311 1569 2463 1640 φησι,
2495 1570 2565 1624 τὰ
2608 1568 2834 1640 σώματα
2879 1568 3033 1641 ὑμῶν
3080 1567 3271 1623 θυσίαν
3312 1566 3512 1631 ζῶσαν,
3541 1566 3731 1635 ἁγίαν,

2144 1660 2437 1732 εύάρεστον
2464 1660 2542 1732 τῷ
2590 1660 2730 1733 Θεῷ,
2774 1661 2873 1733 τὴν
2919 1659 3144 1732 λογικὴν
3181 1658 3436 1730 λατρείαν
3486 1658 3672 1728 ύμῶνζ
3710 1676 3729 1710 ι

2144 1751 2235 1805 ὅτε
2270 1752 2364 1805 καὶ
2397 1752 2704 1825 γέγραπται
2732 1752 2858 1824 περὶ
2906 1751 3087 1806 αὐτῶν
3117 1768 3130 1781 ·
3166 1770 3185 1805 ι
3231 1751 3294 1804 υἳ
3328 1751 3438 1822 γὰρ
3461 1750 3556 1804 τοῦ
3595 1750 3737 1821 Χρι-

2146 1841 2273 1895 στοῦ
2318 1843 2494 1914 Ἰησοῦ
2545 1843 2643 1916 τὴν
2679 1844 2860 1915 σάρκα
2886 1842 3241 1915 ἐσταύρωσαν
3272 1841 3370 1896 σὺν
3406 1842 3517 1905 τοῖς
3548 1841 3735 1913 παθή-

2146 1947 2280 2001 μασι
2330 1934 2423 1989 καὶ
2466 1936 2583 1998 ταῖς
2629 1932 2962 2004 ἐπιθυμίαις.
2999 1952 3017 1986 ι
3053 1933 3337 2003 ΙἘγνωσαν
3358 1929 3415 1985 δέ
3449 1931 3545 1986 καὶ
3576 1931 3737 1985 αὐτοὶ

2143 2029 2205 2082 τὸ
2236 2029 2294 2081 ἐν
2323 2025 2544 2099 Χριστῷ
2584 2025 2903 2097 μυστήριον.
2939 2026 3115 2078 Ἴσασι
3143 2025 3251 2096 γὰρ
3296 2022 3556 2094 δυνάμεις
3603 2023 3737 2094 μέλ-

2143 2117 2327 2183 λοντος
2353 2117 2549 2180 αἰῶνος
2574 2155 2588 2181 ,
2616 2114 2802 2170 καὶτὰ
2846 2117 2903 2168 ἐν
2933 2115 3184 2185 ἐσχάτοις
3229 2112 3465 2184 ἐσόμενα
3490 2114 3735 2183 καιροῖς,

2143 2213 2228 2267 ὃτι
2269 2210 2378 2265 τῶν
2408 2211 2555 2265 ίδίων
2581 2208 2948 2279 ἀπολήψονται
2988 2206 3166 2262 πόνων
3195 2208 3322 2272 τοὺς
3355 2204 3604 2276 μισθοὺς,
3636 2205 3737 2259 καὶ

2143 2306 2244 2378 τῆς
2267 2307 2346 2370 είς
2390 2303 2628 2374 Χριστὸν
2646 2304 2950 2377 γεύσεϐείας
2981 2300 3423 2373 άντικομιοῦνται
3447 2300 3547 2371 τὴν
3570 2302 3738 2370 ἀμοι-

2146 2397 2267 2469 ϐήν.
2285 2397 2494 2452 Οὐκοῦν
2526 2396 2726 2452 δίκαιοί
2754 2414 2813 2452 τε
2840 2396 2936 2451 καὶ
2961 2395 3102 2466 φίλοι
3124 2393 3257 2448 θεοῦ
3291 2391 3735 2466 χρηματιοῦμεν,

2146 2488 2398 2560 καθάπερ
2460 2486 2732 2560 Ἀϐραάμ.
2771 2485 3129 2558 ’Δρχαιοτέρα
3159 2484 3217 2539 δέ
3270 2484 3475 2556 σφόδρα
3504 2485 3608 2555 τῆς
3645 2501 3738 2537 νο·

2149 2581 2315 2652 μικῆς
2359 2579 2698 2650 πολιτείαςή
2748 2578 3117 2648 εύαγγελικὴ,
3154 2574 3299 2630 τοῦτ’
3357 2575 3525 2643 ἐστιν,
3564 2578 3598 2648 ή
3642 2576 3739 2630 διὰ

2146 2670 2382 2734 πίστεως
2405 2711 2419 2735 ,
2449 2669 2544 2723 καὶ
2577 2668 2760 2738 φιλίας
2804 2667 2963 2731 Θεοῦ,
2991 2671 3048 2722 ἐν
3086 2668 3287 2739 πρώτῳ
3327 2667 3427 2737 μέν
3467 2666 3590 2721 τότε
3616 2667 3739 2723 δια-

2146 2760 2506 2832 πεπλασμένη
2551 2758 2630 2831 τῷ
2697 2754 3083 2830 ’Δϐραὰμίὼς
3134 2760 3193 2811 ἐν
3238 2758 3381 2830 ἀρχῇ
3432 2757 3528 2812 τοῦ
3588 2758 3737 2813 κατά

2149 2852 2327 2923 σάρκα
2352 2852 2542 2921 γένους
2562 2893 2576 2918 ,
2606 2851 2752 2906 τοῦτ’
2796 2852 2912 2905 ἐστι
2948 2852 3045 2906 τοῦ
3089 2851 3305 2924 Ἰσραήλ
3328 2867 3341 2878 ·
3371 2850 3646 2923 ἐρχομένη
3676 2851 3737 2906 δέ

2147 2946 2283 3009 νυνὶ,
2313 2944 2566 3015 καθάπερ
2593 2945 2657 2997 ἐκ
2688 2943 2859 2996 τύπου
2888 2942 3025 3014 πρὸς
3071 2940 3349 3013 ἀλήθειαν,
3373 2940 3735 3013 πληρουμένη

2145 3054 2205 3091 τε
2260 3036 2438 3100 καλῶς
2483 3039 2541 3090 ἐν
2591 3037 2774 3100 αὐτοῖς
2825 3038 2937 3100 τοῖς
2984 3036 3160 3104 ἁγίοις
3217 3035 3520 3106 μαθηταῖς,
3549 3034 3630 3099 ὡς
3676 3037 3735 3087 ἐν

468 3130 642 3187 ritum
679 3139 825 3185 recte
853 3128 1206 3198 adimpletur,
1234 3127 1384 3197 quod
1419 3126 1711 3195 acquisivit
1752 3126 1808 3180 in
1853 3127 2039 3195 acqui-

2148 3129 2366 3201 ἁπαρχῇ
2401 3129 2492 3183 τοῦ
2525 3129 2664 3183 κατὰ
2693 3126 2911 3199 πνεῦμα
2935 3127 3145 3197 γένους,
3162 3126 3256 3181 τοῦ
3289 3128 3384 3181 καὶ
3410 3144 3734 3198 περιποιου-

470 3223 724 3299 sitionem
774 3220 986 3292 populi,
1022 3218 1117 3290 qui
1164 3227 1216 3274 et
1239 3235 1373 3291 gens
1418 3228 1631 3282 sancta,
1663 3227 1717 3274 et
1744 3218 1927 3289 regale
1956 3234 2048 3274 sa-

470 3315 775 3370 cerdotium
810 3325 1159 3382 nuncupatur
1191 3314 1255 3367 ⁷⁸.
1288 3312 1521 3385 Ideoque
1555 3321 1607 3368 et
1632 3313 1699 3368 ad
1734 3311 2047 3367 Judaeorum

469 3414 726 3469 matrem,
754 3405 810 3459 id
840 3414 926 3461 est
972 3403 1339 3476 Synagogam,
1378 3420 1473 3474 per
1512 3401 1817 3458 Psalmistze
1854 3417 2049 3458 vocem

471 3486 682 3556 dictum
711 3505 794 3554 est
823 3516 837 3552 :
876 3517 896 3551 ι
929 3498 1035 3552 Pro
1063 3498 1314 3568 patribus
1342 3496 1450 3551 tuis
1501 3496 1616 3549 nati
1666 3503 1797 3550 sunt
1835 3495 1934 3549 tibi
1989 3495 2051 3548 ﬁ-

471 3591 533 3647 lii
562 3592 631 3645 ⁷⁸.
667 3610 686 3644 ι
724 3589 987 3657 Quamvis
1040 3593 1191 3645 enim
1223 3598 1405 3646 essent
1461 3589 1556 3642 lilii
1604 3587 1905 3660 Synagogze
1952 3586 2051 3643 Ju-

472 3682 715 3739 dteorum
757 3683 925 3738 divini
978 3682 1239 3752 discipuli
1286 3681 1559 3751 (moribus
1607 3680 1755 3736 enim
1798 3679 2051 3735 Judaicis

473 3772 726 3828 innutriti
778 3773 1067 3842 fuerant);
1106 3774 1162 3829 in
1223 3780 1408 3842 patres
1462 3780 1649 3826 tamen
1708 3772 1840 3826 facti
1898 3779 2048 3839 sunt,

470 3862 767 3919 Abrahami
821 3866 1003 3919 locum
1062 3870 1337 3929 tenentes,
1397 3872 1453 3919 et
1507 3862 1727 3934 generis
1782 3863 2050 3934 spiritalis

472 3955 802 4027 principium
833 3953 965 4009 iacti
993 3949 1140 4018 sum,
1179 3963 1344 4024 atque
1376 3953 1582 4010 idcirco
1614 3953 1777 4024 primi
1806 3969 1904 4024 per
1935 3954 2053 4008 uni-

475 4062 697 4102 versum
747 4047 935 4101 orbem
976 4046 1262 4101 constituti
1297 4054 1448 4108 sunt,
1481 4055 1538 4101 et
1576 4046 1669 4116 qui
1706 4045 2053 4100 immolarent

473 4138 928 4209 [sanctiﬁcarent]
965 4137 1321 4210 Evangelium
1358 4138 1589 4204 Christi,
1611 4139 1759 4194 sicut
1787 4137 1882 4192 ille
1907 4138 1961 4191 in
1991 4137 2053 4191 ﬁ-

474 4220 609 4299 guia
642 4229 846 4285 Christi
883 4228 1053 4283 ﬁlium
1083 4246 1247 4285 suum
1279 4231 1455 4288 isaac.
1485 4228 1613 4285 Haec
1663 4229 1922 4294 dicimus,
1958 4243 2052 4283 ne-

473 4335 747 4391 quaquam
769 4322 953 4377 debita
980 4330 1033 4377 et
1055 4323 1404 4379 convenienti
1427 4323 1604 4391 gloria
1625 4321 1847 4377 beatum
1875 4321 2054 4377 Abra-

474 4411 696 4466 hamum
744 4411 1156 4477 defraudantes,
1189 4416 1289 4471 sed
1336 4412 1697 4469 ostendentes
1738 4414 1795 4468 in
1830 4428 1895 4468 eo
1927 4423 2051 4468 tan-

473 4518 636 4574 quam
683 4505 736 4558 in
769 4513 898 4577 typo
940 4507 1257 4577 dispensata
1307 4504 1480 4561 fuisse
1514 4520 1609 4573 per
1657 4504 1938 4560 Christum
1984 4520 2049 4559 ea

473 4608 596 4664 quae
626 4594 945 4650 novissimis
972 4595 1312 4666 temporibus
1339 4595 1709 4666 contigerunt.
1743 4596 2050 4652 Comitatur

473 4685 679 4755 itaque,
708 4695 761 4741 et
786 4687 1046 4757 colligata
1086 4694 1171 4743 est
1200 4688 1607 4759 quodammodo
1637 4690 1880 4746 libertati
1925 4690 2050 4747 ﬁdei

475 4778 680 4833 amoris
725 4794 854 4849 erga
895 4778 1066 4835 Deum
1112 4779 1389 4850 dignitas:
1437 4782 1581 4853 quod
1613 4784 1791 4840 visum
1825 4783 2050 4854 quidem

474 4876 555 4921 est
585 4874 716 4922 tunc
750 4868 804 4921 in
834 4868 1014 4938 primo
1040 4868 1134 4923 illo
1150 4870 1497 4927 Abrahamo:
1535 4889 1683 4928 nunc
1712 4882 1897 4928 autem
1926 4890 2053 4930 rur-

474 4972 571 5014 sus
626 4960 693 5014 in'
733 4960 941 5015 sanctis
996 4960 1287 5033 discipulis
1341 4973 1602 5033 tanquam
1661 4966 1717 5019 in
1770 4966 2049 5035 primitiis.

475 5050 630 5117 Quod
667 5060 724 5106 ut
757 5067 1071 5109 asseramus
1099 5053 1319 5110 divinus
1346 5057 1441 5111 ille
1470 5055 1673 5111 Paulus
1714 5073 1818 5114 nos
1855 5059 2049 5130 adigit,

477 5143 571 5210 qui
600 5158 724 5198 cum
754 5141 961 5199 ludatis
1000 5146 1162 5201 enixe
1208 5149 1581 5204 contendebat
1612 5149 1736 5205 ﬁdei
1781 5151 2051 5221 justitiam

476 5230 637 5302 longe
682 5234 1052 5305 antiquiorem
1096 5252 1220 5294 esse
1252 5237 1436 5308 legali.
1486 5239 1623 5293 Cum
1663 5240 1809 5295 enim
1841 5241 1909 5296 de
1941 5242 2050 5297 cir-

476 5324 819 5380 cumcisione
868 5328 1056 5384 carnis
1109 5331 1280 5385 verba
1336 5330 1573 5395 faceret,
1609 5346 1719 5387 non
1779 5333 1942 5388 aliam
1977 5335 2051 5389 ob

474 5428 699 5470 causam
729 5417 909 5471 datam
945 5434 1069 5474 esse
1112 5420 1256 5475 hanc
1286 5420 1510 5490 generis
1539 5422 1819 5490 primitiis,
1870 5424 1923 5478 id
1969 5435 2055 5481 est

475 5503 809 5571 Abrahamo,
838 5509 1206 5575 conﬁrmavit,
1241 5527 1407 5580 quam
1460 5522 1519 5567 ut
1551 5525 1935 5585 argumentum
1963 5531 2053 5572 cs—

476 5600 561 5648 set
590 5608 657 5649 ac
700 5597 1042 5668 signaculum
1072 5600 1196 5654 ﬁdei
1231 5616 1352 5671 quae
1382 5601 1437 5657 in
1481 5604 1765 5676 praputio.
1796 5605 1951 5672 Quod
1999 5607 2048 5662 si

547 5708 773 5804 "along;
792 5716 1111 5804 32313.51“?
1136 5718 1323 5804 hiauit.
1354 5721 1514 5790 x,37.
1592 5726 1638 5759 ⁷⁸
1665 5726 1778 5783 Gen
1828 5744 1968 5797 xm,
2007 5731 2028 5783 1
2064 5745 2218 5804 seqq.

478 5791 541 5849 It,
583 5780 636 5836 9.
730 5784 773 5815 "
798 5783 946 5841 Psal.
986 5800 1132 5850 xuv,
1165 5789 1215 5842 7.

2151 3221 2316 3293 μένου
2361 3222 2441 3284 εἰς
2490 3220 2838 3292 περιποίησιν
2869 3219 3019 3287 λαοῦ,
3051 3218 3110 3283 ὃς
3143 3219 3238 3273 καὶ
3264 3218 3414 3283 ἔθνος
3443 3219 3601 3289 ἅγιον
3638 3221 3734 3273 καὶ

2150 3313 2422 3384 βασίλειον
2469 3312 2764 3384 ἱεράτευμα
2814 3309 3303 3383 προσαγορεύεται.
3342 3310 3434 3365 Διὸ
3463 3312 3562 3365 καὶ
3597 3309 3735 3382 πρὸς

2148 3405 2247 3476 τὴν
2271 3404 2379 3458 τῶν
2412 3404 2679 3459 Ἰουδαίων
2712 3403 2942 3476 μητέρα,
2976 3404 3120 3475 φημὶ
3152 3403 3216 3474 δὴ
3244 3403 3344 3476 τὴν
3373 3405 3734 3476 Συναγωγὴν,

2149 3496 2239 3550 διὰ
2276 3499 2373 3568 τῆς
2410 3497 2505 3551 τοῦ
2529 3497 2839 3560 Ψάλλοντος
2880 3495 3094 3568 εἴρηται
3130 3497 3343 3569 φωνῆς’
3381 3517 3401 3552 ι
3443 3500 3592 3554 ’Δντὶ
3626 3500 3736 3555 τῶν

2152 3586 2402 3658 πατέρων
2446 3602 2540 3639 σου
2610 3585 2979 3657 ἐγεννήθησαν
3041 3586 3092 3639 οἱ
3149 3585 3255 3639 υίοι
3316 3603 3430 3642 σου.
3475 3606 3495 3639 ι
3536 3589 3735 3643 Καίτοι

2150 3679 2259 3751 γὰρ
2292 3678 2443 3743 ὅντες
2465 3678 2571 3731 υἱοὶ
2588 3677 2690 3749 τῆς
2713 3678 2986 3732 Ἰουδαίων
3017 3677 3348 3749 Συναγωγῆς
3373 3680 3424 3732 οἱ
3453 3677 3736 3734 θεσπέσιοι

2154 3771 2392 3844 μαθηταὶ
2432 3770 2601 3842 (ἔθεσι
2645 3771 2754 3841 γάρ
2796 3770 3181 3842 ἀνετράφησαν
3228 3773 3336 3836 τοῖς
3368 3770 3734 3844 Μωσαῖκοῖς),

2151 3865 2443 3935 γεγόνασιν
2470 3866 2549 3929 είς
2591 3864 2857 3936 πατέρας,
2880 3864 2980 3935 τὴν
3014 3861 3111 3919 τοῦ
3155 3862 3408 3935 Ἀϐραὰμ
3437 3864 3734 3935 ἐπέχοντες

2152 3958 2322 4023 τάξιν,
2349 3956 2443 4011 καὶ
2470 3958 2658 4026 γένους
2673 3957 2818 4026 ἀρχὴ
2841 3955 3182 4027 κατέστησαν
3210 3955 3306 4010 τοῦ
3332 3958 3731 4028 πνευματικοῦ,

2151 4046 2411 4119 ἄρχοντές
2440 4063 2500 4100 τε
2527 4045 2615 4100 διά
2658 4045 2818 4099 τοῦτο
2866 4044 3336 4115 κεχειροτόνηνται
3370 4044 3516 4098 κατὰ
3550 4045 3734 4098 πᾶσαν

2151 4139 2249 4210 τὴν
2304 4136 2628 4209 οἰκουμένην
2690 4136 3099 4208 ἱερουργοῦντες
3144 4135 3206 4189 τὸ
3254 4135 3586 4204 Εὑαγγέλιον
3638 4135 3732 4190 τοῦ

2151 4231 2428 4303 Χριστοῦ,
2461 4230 2716 4301 καθάπερ
2770 4231 2978 4295 ἐκεῖνος
3028 4230 3087 4282 ἐν
3135 4228 3289 4299 τύπῳ
3344 4228 3585 4300 Χριστοῦ
3642 4229 3735 4283 τὸν

2166 4323 2370 4379 Ἰσαάκ.
2428 4323 2613 4377 Ταῦτά
2643 4338 2844 4393 φαμεν,
2885 4322 3006 4393 οὐχὶ
3055 4320 3155 4392 τῆς
3186 4321 3544 4393 ὀφειλομένης
3583 4320 3735 4393 αύτῷ

2157 4417 2251 4470 καὶ
2307 4414 2626 4486 πρεπούσης
2670 4412 2828 4485 δόξης
2884 4413 2988 4478 ἐξω
3027 4413 3267 4476 τιθέντες
3316 4411 3408 4466 τὸν
3462 4413 3735 4485 μακάριον

2166 4510 2438 4581 Ἀϐραὰμ,
2467 4508 2581 4562 ἀλλ’
2612 4507 2688 4571 ὡς
2709 4508 2766 4560 ἐν
2799 4506 2955 4579 τύπῳ
2998 4506 3337 4577 δεικνύοντες
3380 4507 3437 4559 tv
3480 4507 3633 4577 αύτῷ
3667 4507 3734 4561 τὰ

2149 4603 2208 4656 ἐν
2258 4601 2511 4672 ἐσχάτοις
2574 4600 2786 4671 καιροῖς
2843 4596 3266 4667 οίκονομηθέντα
3329 4596 3418 4651 διὰ
3466 4597 3731 4667 Χριστοῦ.

2148 4692 2462 4764 Παρέπεται
2512 4692 2692 4746 τοίνυν
2736 4691 2830 4743 καὶ
2883 4686 3234 4752 συνέζευκται
3277 4706 3393 4751 πως
3425 4690 3491 4758 τῇ
3524 4687 3616 4741 διὰ
3648 4689 3737 4742 πί-

2151 4803 2322 4850 στεως
2348 4784 2650 4856 ἐλευθερίᾳ,
2672 4782 2735 4836 τὸ
2756 4782 2855 4852 τῆς
2887 4781 3023 4852 πρὸς
3052 4779 3184 4834 Θεὸν
3211 4779 3392 4849 φιλίας
3411 4780 3474 4833 τὸ
3492 4779 3735 4849 ἀξίωμα,

2148 4879 2286 4949 ὅπερ
2316 4877 2477 4946 ὤφθη
2507 4876 2604 4946 μὲν
2637 4876 2694 4927 ἐν
2724 4873 2928 4944 πρώτῳ
2956 4872 3078 4926 τότε
3106 4870 3183 4943 τῷ
3222 4871 3500 4943 Ἀϐραάμ·
3534 4875 3657 4926 νυνὶ
3679 4874 3737 4928 δὲ

2150 4970 2332 5032 πάλιν,
2367 4968 2443 5031 ὼς
2484 4968 2540 5019 tv
2570 4964 2795 5035 άπαρχῇ
2831 4966 2941 5026 τοίς
2987 4961 3164 5030 ἁγίοις
3223 4960 3511 5030 μαθηταῖς.
3545 4960 3738 5031 Παρα-

2149 5060 2373 5132 κομίσαι
2406 5058 2463 5111 δέ
2490 5073 2609 5120 πως
2652 5057 2744 5108 ἐπὶ
2790 5056 2852 5108 τὸ
2888 5052 3061 5109 ταῦτα
3104 5052 3299 5124 χρῆναι
3324 5050 3503 5119 λέγειν
3536 5052 3688 5121 ἡμᾶς
3710 5052 3739 5104 ὁ

2151 5148 2440 5210 θεσπέσιος
2467 5144 2700 5208 Παῦλος.
2731 5145 2792 5197 οὺ
2847 5141 3083 5215 μετρίως
3121 5143 3233 5206 τοῖς
3271 5140 3547 5202 Ἰουδαίοις
3591 5139 3739 5209 φιλο-

2151 5239 2470 5304 νεικῶν,ὂτι
2502 5240 2601 5308 τῆς
2638 5234 2781 5290 κατὰ
2806 5236 2970 5305 νόμον
2996 5230 3343 5301 δικαιοσύνης
3379 5229 3735 5301 πρεσϐυτέρα

2154 5333 2276 5387 λίαν
2311 5331 2455 5384 ἐστὶν
2503 5330 2536 5403 ὴ
2581 5329 2648 5381 ἐκ
2695 5328 2949 5390 πίστεως.
2989 5327 3117 5379 Ὅτε
3170 5324 3280 5395 γὰρ
3322 5323 3414 5377 τὸν
3451 5321 3553 5394 τῆς
3592 5320 3735 5377 κατὰ

2158 5425 2338 5495 σάρκα
2384 5414 2689 5493 περιτομῆς
2723 5421 2960 5472 ἐποιεῖτο
2992 5417 3188 5485 λόγον,
3215 5416 3316 5486 οὐχ
3358 5414 3549 5486 ἐτέρου
3590 5414 3735 5476 τινος

2155 5519 2315 5589 χάριν
2356 5514 2602 5569 δεδόσθαι
2651 5511 2856 5583 ταύτην
2897 5511 3274 5581 διῖσχυρὶσατο
3318 5511 3386 5579 τῇ
3418 5506 3513 5560 τοῦ
3545 5508 3737 5576 γένους

2156 5610 2404 5682 άπαρχῇ,
2449 5604 2592 5659 τοῦτ’
2640 5604 2754 5659 ἐστι
2802 5604 2881 5674 τῷ
2924 5602 3196 5674 Ἀϐραὰμ,
3249 5601 3283 5673 ἢ
3338 5599 3433 5654 τοῦ
3481 5600 3738 5670 γενέσθαι

2321 5730 2368 5762 τε
2392 5727 2548 5783 Rom.
2594 5742 2692 5795 xu,
2729 5726 2779 5782 Ι.
2886 5724 3137 5800 "Galat.
3177 5741 3231 5790 ν,
3263 5725 3354 5779 24.
3459 5724 3548 5779 ⁷⁸1
3583 5724 3730 5780 Petr.
