3938 6408
143 341 244 400 589

1161 335 1229 391 ΙΝ
1260 332 1547 393 JOANNIS
1584 332 1738 391 EVA!

1841 329 2040 390 ELIUH
2079 331 2207 389 LIB.
2242 321 2312 387 Χξ
3312 332 3418 390 ἷθθ

143 448 372 522 σημεῖον
414 446 510 503 καὶ
551 447 825 520 σφραγῖδα
880 446 980 517 τῆς
1028 446 1086 499 ἐν
1112 446 1448 517 ἀκροὸυστία
1477 446 1733 511 πίστεως.

1843 455 1967 501 ante
2005 444 2180 516 legem
2213 452 2332 501 erat
2359 444 2709 517 praeputium,
2737 460 2861 501 cum
2888 461 2998 519 quo
3046 448 3210 504 etiam
3243 447 3419 511 ﬁdes:

139 540 201 597 Εἰ
229 540 290 594 δὲ
318 540 431 611 πρὸ
460 540 627 611 νόμου
653 541 688 610 ἠ
716 537 1070 610 ἀκροϐυστία,
1106 538 1226 609 μεθ’
1251 532 1319 611 ἦς
1346 541 1441 592 καὶ
1468 540 1501 610 ἡ
1531 537 1735 603 πίστις,

144 630 279 703 μετά
326 632 387 686 δὲ
440 632 535 687 τὸν
580 632 747 702 νόμον
783 632 816 703 ἡ
853 630 1125 703 περιτομὴ
1170 632 1232 684 τὸ
1275 633 1342 684 ἐκ
1374 632 1609 695 πίστεως
1637 631 1737 683 οὑκ

141 723 341 793 ἔχουσα
398 723 687 794 καύχημα,
720 722 1053 776 πεπίστευκε
1083 722 1141 775 δὲ
1205 722 1455 794 Ἀϐραὰμ
1481 723 1540 775 ἐν
1580 721 1739 792 ἀκρο-

140 816 356 888 ϐυστίᾳ,
387 815 510 880 πῶς
557 816 618 869 οὑ
659 816 1008 888 πρεσϐυτέρα
1044 816 1145 888 τῆς
1177 816 1236 868 ἐν
1267 816 1418 886 νόμῳ
1463 814 1738 877 πολιτείας

140 913 169 979 ἡ
192 909 284 962 διὰ
310 909 558 973 πίστεως
581 908 739 962 ἔσται
764 906 1107 979 δικαιοσύνη,
1138 906 1531 978 δικαιουμένων
1561 922 1620 959 τε
1643 905 1737 959 καὶ

142 1000 619 1072 ἐλευθερουμένων
652 999 744 1055 διὰ
796 1000 898 1071 τῆς
942 1001 1022 1063 είς
1064 999 1198 1053 Θεὸν
1243 998 1458 1067 φιλίας,
1485 997 1739 1069 καθάπερ

155 1092 447 1162 ’Δῦραάμ;
477 1090 622 1145 οὑτω
656 1090 764 1163 γάρ
797 1090 953 1145 ἔσται
980 1089 1074 1144 καὶ
1105 1091 1285 1160 πατὴρ
1307 1088 1515 1142 πολλῶν
1545 1088 1736 1156 ἐθνῶν,

146 1182 196 1246 ἐξ
222 1180 569 1250 ἐπαγγελίας
589 1223 605 1248 ,
628 1182 691 1236 οὑ
720 1181 862 1235 κατά
895 1181 1096 1252 σάρκα.
1124 1180 1235 1236 Καὶ
1262 1179 1435 1234 ταῦτα
1462 1182 1578 1235 νυνὶ
1605 1197 1740 1252 χρη-

145 1272 314 1341 σίμως
343 1272 675 1342 εἰρήκαμεν,
703 1270 792 1325 διὰ
818 1271 879 1324 τὸ
903 1271 1069 1340 φάναι
1094 1271 1185 1324 τὸν
1211 1270 1418 1341 Κύριον
1446 1289 1458 1303 ·
1491 1289 1509 1322 ι
1542 1273 1738 1326 Οὐκέτι

141 1362 279 1430 λέγω
312 1362 462 1432 ὑμᾶς
490 1360 711 1425 δούλους
739 1377 752 1390 ·
790 1361 948 1432 ὑμεῖς
981 1361 1125 1431 φίλοι
1161 1360 1261 1433 μού
1293 1364 1438 1427 ἐστε,
1457 1363 1540 1416 ὅτι
1562 1363 1740 1419 πάντα

138 1452 171 1506 ἃ
190 1454 414 1523 ἤκουσα
439 1451 594 1520 παρά
617 1450 714 1505 τοῦ
745 1452 961 1524 [ἰατρὸς
988 1453 1290 1524 ἀνήγγειλα
1321 1455 1472 1526 ὑμῖν·
1512 1474 1530 1505 ι

209 1547 342 1613 οὐχ
395 1544 569 1614 ὑμεῖς
589 1561 668 1612 με
708 1543 1101 1610 ἐξελέξασθε,
1144 1546 1283 1601 ἀλλ’
1320 1546 1434 1618 ἐγὼ
1459 1547 1740 1614 ἐξελεξά-

131 1653 258 1707 μην
296 1633 495 1705 ὑμᾶς,
522 1634 621 1688 καί
658 1635 892 1690 τέθεικα
944 1635 1133 1707 ὑμᾶς,
1175 1638 1275 1692 ἵνα
1320 1638 1589 1708 ὑπάγητε
1638 1640 1738 1695 καὶ

132 1725 378 1795 καρπὸν
430 1724 683 1794 φέρητε,
727 1725 825 1779 καί
860 1729 893 1780 ό
930 1725 1159 1795 καρπὸς
1208 1728 1376 1797 ὑμῶν
1405 1729 1559 1799 μένῃ
1588 1747 1602 1760 ·
1638 1732 1739 1788 ἵνα

1841 548 1964 609 post
2009 539 2183 611 legem
2235 548 2415 595 autem
2461 538 2835 606 circumcisio,
2879 555 3000 611 qute
3038 539 3419 611 gloriationem

1839 646 1905 685 ex
1939 630 2043 687 ﬁde
2071 647 2184 686 non
2215 631 2401 696 habet,
2432 638 2486 686 et
2536 630 2813 686 Abraham
2852 633 2906 686 in
2947 632 3219 702 praeputio
3244 632 3420 686 credi-

1840 719 1956 776 dit:
1991 722 2083 793 qui
2120 720 2235 777 ﬁeri
2270 728 2455 792 potest
2490 720 2775 791 utjustitia
2813 723 2974 794 legali
3001 738 3109 776 non
3142 722 3423 791 antiquitr

1839 813 1911 868 sit
1938 813 2156 883 justitia
2179 813 2327 879 ﬁdei,
2354 829 2478 869 cum
2519 829 2615 885 per
2643 815 2943 869 amicitiam
2970 830 3100 885 erga
3135 814 3303 870 Deum
3332 814 3424 884 ju-

1840 904 2151 961 stiﬁcentur
2180 921 2244 961 ac
2283 906 2440 962 liberi
2472 905 2604 960 ﬁant
2638 907 2889 962 homines
2922 908 3067 962 sicut
3098 905 3424 962 Abraham?

1841 995 1933 1052 Sic
1978 997 2123 1052 enim
2158 996 2263 1052 erit
2305 1013 2523 1069 quoque
2559 1006 2719 1069 pater
2749 1000 3048 1054 multarum
3080 1001 3325 1070 gentium
3356 1014 3425 1053 ex

1839 1088 2227 1158 promissione,
2280 1104 2388 1143 non
2440 1089 2745 1145 secundum
2787 1106 3031 1146 carnem.
3069 1091 3250 1158 Atque
3305 1091 3423 1145 haec

1839 1178 2126 1235 commode
2170 1196 2317 1235 nunc
2364 1180 2627 1249 diximus,
2685 1190 2973 1253 propterea
3021 1181 3167 1253 quod
3214 1181 3424 1237 aitlio-

1839 1270 2068 1328 minus:
2115 1290 2134 1324 ι
2178 1270 2298 1327 Jam
2333 1287 2444 1327 non
2487 1272 2664 1328 dicam
2712 1290 2813 1329 vos
2856 1290 3085 1330 servos:
3123 1290 3219 1329 vos
3255 1274 3421 1329 amici

1840 1363 1944 1419 mei
1978 1364 2137 1430 estis,
2189 1364 2320 1434 quia
2365 1365 2549 1419 omnia
2582 1366 2927 1437 quaecunque
2972 1366 3157 1422 audivi
3189 1382 3220 1420 a
3254 1366 3422 1423 Patre

1845 1467 1984 1519 meo,
2020 1462 2149 1509 nota
2183 1454 2284 1511 feci
2318 1456 2478 1510 vobis
2511 1456 2578 1510 ⁸⁵.
2617 1474 2637 1507 ι

1909 1544 2076 1615 892
2128 1544 2244 1611 XV,
2275 1545 2360 1601 16.
2394 1546 2515 1601 Νοη
2547 1564 2635 1602 vos
2674 1564 2755 1601 me
2783 1546 3037 1617 elegistis,
3067 1546 3157 1601 sed
3177 1563 3268 1618 ego
3288 1545 3422 1617 elegi

1840 1647 2016 1701 vos,et
2041 1638 2193 1704 posui
2218 1654 2306 1692 vos
2330 1648 2387 1691 ut
2419 1641 2575 1705 eatis,
2603 1648 2653 1694 et
2677 1641 2912 1709 fructum
2930 1639 3195 1709 a/feratis,
3223 1649 3272 1696 et
3296 1638 3418 1709 {ru-

1840 1736 1956 1781 ctus
1985 1736 2150 1782 vester
2185 1738 2431 1782 maneat:
2464 1739 2520 1782 ut
2549 1729 2894 1800 quodcunque
2914 1731 3171 1800 petieritis
3202 1729 3421 1785 Putrem

131 1818 161 1868 ὅ
196 1834 251 1870 τι
278 1816 363 1870 ἂν
388 1814 684 1884 altrim)":
715 1815 821 1870 τὸν
845 1817 1080 1887 Πατέρα
1112 1819 1183 1873 ἐν
1216 1817 1297 1885 τῷ
1327 1821 1573 1892 ὀνόματί
1587 1840 1728 1895 μου,

1841 1819 1886 1873 in
1914 1820 2123 1874 nomine
2154 1836 2284 1874 meo.
2320 1819 2403 1874 det
2436 1820 2604 1878 vobis.

130 1907 216 1975 δῷ
265 1908 435 1979 ὑμῖν.

203 1996 348 2051 Οὑτε
411 2000 525 2061 τοῖς
568 1997 709 2067 ἄγαν
745 1998 1196 2072 δυσαχθεστέροις
1243 2003 1739 2076 καταφορτίζεσθαι

130 2088 320 2158 λόγοις
348 2090 480 2151 τοὺς
504 2089 697 2157 ἁγίους
718 2090 903 2161 ἐφίησι
934 2089 1203 2161 μαθητὰς,
1231 2092 1290 2146 τὸ
1318 2095 1451 2149 πολὺ
1489 2096 1740 2161 νενευκὸς

128 2182 213 2247 εις
239 2180 540 2235 ἀσθένειαν
567 2179 678 2234 τῶν
710 2180 1069 2253 ἀνθρωπίνων
1104 2181 1381 2255 λογισμῶν
1419 2186 1519 2239 οὑκ
1542 2187 1741 2260 ἀγνοή-

130 2290 254 2337 σας,
284 2272 364 2336 ὠς
403 2270 559 2337 Θεὸς,
603 2270 726 2325 οὔτε
758 2270 864 2343 μὴν
908 2275 1028 2337 ταῖς
1054 2275 1421 2349 ὑπερμέτροις
1449 2279 1739 2352 θυμηδίαις

129 2365 197 2435 ἐᾷ
253 2361 569 2417 διακεῖσθαι
616 2362 752 2433 πρὸς
788 2363 850 2415 τὸ
893 2365 1167 2421 εὑόλισθον
1201 2368 1436 2440 (νόσημα
1471 2371 1580 2443 γάρ
1622 2390 1739 2438 πως

130 2457 229 2509 καὶ
263 2454 436 2509 τοῦτο
474 2454 693 2525 πικρόν)
718 2473 732 2486 ·
770 2456 897 2526 μίαν
927 2457 983 2510 δὲ
1023 2457 1212 2531 ὥσπερ
1239 2461 1296 2528 ἐξ
1327 2463 1529 2533 ἀμφοῖν
1558 2464 1740 2519 διακεο

130 2548 310 2619 ράσας
375 2547 654 2617 μεσότητα
678 2587 694 2612 ,
727 2547 954 2618 ποδηγεῖ
1000 2549 1349 2620 καθηκόντως
1396 2555 1476 2617 είς
1520 2555 1735 2627 ἀσφαλῆ

128 2641 322 2712 τρίϐον
352 2682 368 2706 ,
407 2641 505 2694 καὶ
558 2641 831 2695 πολιτείαν
888 2641 999 2714 [γρ.
1054 2644 1353 2719 πολιτείας]
1396 2648 1576 2711 αὑτοῖς
1635 2650 1737 2719 τῆς

128 2731 496 2804 ἐδραιοτέρας
519 2772 534 2795 ,
564 2734 661 2786 καὶ
694 2733 1097 2804 σφαλερότητος
1131 2737 1349 2809 ἀπάσης
1378 2738 1736 2810 ἀπηλλαγμέ-

128 2839 228 2892 νης
266 2821 634 2892 ἐνεργάζεται
666 2822 887 2891 γνῶσιν.
920 2824 1300 2895 Διαρκέστατα
1331 2827 1507 2881 τοίνυν
1539 2830 1736 2893 αὐτοὺς

127 2918 245 2977 τοῖς
287 2916 373 2978 είς
431 2914 782 2985 παράκλησιν
825 2916 1133 2987 ἀπαλείψας
1175 2918 1391 2987 λόγοις,
1426 2921 1518 2973 καὶ
1548 2915 1736 2990 ὲφόῗς

130 3002 201 3075 ἦν
231 3006 388 3071 είοκὸς
421 3005 871 3075 καταστυγνάσαι
906 3008 1160 3078 πρέπειν,
1195 3008 1408 3078 χαίρειν
1437 3009 1736 3074 ἀναπείσας

127 3098 187 3163 ἐξ
220 3097 622 3169 ἀντιστροφῆς,
674 3100 796 3161 ταῖς
824 3100 906 3161 είς
932 3098 1247 3170 φιλεργείαν
1282 3100 1525 3164 ἐντολαῖς
1555 3120 1733 3173 παρα-

1913 1996 2023 2053 Nec
2075 2008 2302 2057 sanctos
2347 2000 2650 2072 discipulos
2692 2005 3041 2075 gravioribus
3073 2006 3255 2064 verbis
3287 2022 3419 2064 one-

1841 2085 1953 2140 rari
1984 2087 2137 2151 sinit,
2169 2088 2397 2144 humani
2422 2091 2629 2162 ingenii
2662 2094 3092 2150 imbecillitatem
3117 2112 3227 2151 non
3259 2096 3419 2169 igno-

1840 2192 1995 2245 rans,
2038 2186 2098 2233 ut
2149 2178 2312 2247 Deus,
2344 2197 2445 2237 nec
2481 2183 2845 2240 immoderata
2900 2187 3087 2241 laetitia
3122 2188 3288 2243 dilabi
3321 2204 3420 2260 pa-

1840 2266 1974 2322 titur
2003 2272 2208 2340 (gravis
2231 2273 2378 2326 enim
2401 2273 2491 2327 hic
2521 2291 2742 2346 quoque
2777 2278 3005 2334 morbus
3035 2279 3159 2346 est),
3192 2280 3288 2336 sed
3311 2295 3419 2336 una

1840 2359 2247 2429 quodammodo
2276 2378 2339 2418 ex
2374 2364 2642 2421 ambobus
2673 2367 3054 2425 mediocritate
3098 2380 3418 2442 temperata,

1839 2450 1893 2504 in
1952 2459 2128 2506 tutum
2182 2453 2286 2507 iter
2320 2470 2416 2511 eos
2468 2460 2863 2514 convenienter
2895 2460 3141 2528 deducit,
3194 2471 3249 2518 et
3291 2465 3420 2518 vitae

1839 2543 2148 2600 stabilioris
2193 2558 2360 2616 atque
2392 2550 2541 2602 omni
2597 2566 2787 2606 errore
2814 2566 3003 2607 vacua:
3047 2554 3418 2624 cognitionem

1838 2634 2051 2690 inserit.
2086 2637 2193 2693 Eos
2223 2637 2406 2709 itaque
2448 2640 2585 2695 satis
2625 2656 2902 2711 superque
2937 2644 3234 2698 verborum
3267 2645 3419 2699 sola-

1837 2725 1915 2780 tio
1942 2726 2226 2795 delinitos,
2268 2740 2323 2785 et
2357 2730 2560 2800 quibus
2594 2747 2660 2785 ex
2693 2734 2857 2789 rebus
2889 2749 2987 2804 par
3034 2743 3152 2790 erat
3186 2750 3282 2790 eos
3313 2735 3418 2789 tri-

1835 2817 1987 2873 stitia
2028 2818 2191 2883 allici,
2220 2835 2251 2875 e
2279 2821 2561 2875 contrario
2595 2823 2834 2893 gaudere
2869 2840 3186 2894 persuasos,
3232 2826 3298 2880 ad
3336 2828 3415 2880 la-

1835 2902 1984 2958 boris
2013 2903 2253 2959 studium
2290 2905 2565 2963 hortando
2599 2924 2794 2965 rursus
2820 2909 2887 2965 ad
2918 2927 3241 2982 generosam
3267 2930 3417 2969 men-

1838 3002 1944 3048 tem
1998 2995 2180 3063 erigit,
2230 2999 2494 3068 omnique
2541 3001 2756 3056 ratione
2790 3003 2845 3055 in
2874 3013 3120 3057 mutuum
3175 3021 3416 3061 amorem

1832 3099 2028 3139 versos
2062 3086 2320 3156 opitulari
2348 3088 2508 3159 jubet
2540 3089 2854 3148 infidelibus
2883 3094 3085 3158 adhuc,
3117 3101 3171 3150 et
3198 3096 3420 3166 pietatis

126 3152 289 3256 θῆσει
489 3152 825 3263 τὲαἱρᾆοήγεῖ]
867 3152 1030 3245 πάλιν
1162 3152 1733 3264 εὔτολμον-φρόῆμα,

1841 3176 2187 3230 sermonibus
2222 3192 2288 3232 ac
2337 3179 2598 3249 operibus
2631 3190 2905 3249 errantes,
2953 3184 3180 3256 adigere
3224 3192 3285 3241 ut
3322 3200 3422 3257 per

128 3282 226 3333 xui.
252 3279 348 3333 διὰ
402 3281 589 3350 πάσης
632 3281 810 3344 ίόντας
846 3281 1083 3354 σπουδῆς
1115 3282 1210 3336 καὶ
1237 3281 1330 3335 τὸν
1356 3279 1633 3353 ἐξαίρετον
1656 3283 1737 3347 είς

130 3370 494 3443 φιλαλληλίαν
533 3370 957 3444 ἐπιτηδεύοντας
988 3374 1210 3445 τρόπον,
1250 3373 1484 3444 ὠφελεῖν
1518 3372 1735 3427 κελεύει

126 3462 257 3525 τοὺς
289 3460 563 3523 ἀπίστους
614 3459 726 3526 ἔτι,
761 3460 856 3514 καὶ
885 3464 999 3525 τοῖς
1030 3463 1109 3523 είς
1150 3461 1432 3516 εὐσέϐειαν
1474 3461 1652 3530 λόγοις
1673 3480 1735 3516 τε

128 3552 225 3606 καὶ
262 3552 563 3622 πράγμασι
595 3550 918 3622 σαγηνεύειν
950 3551 1269 3620 ἐπείγεσθαι
1303 3553 1427 3615 τοὺς
1459 3552 1737 3623 πεπλανη-

132 3643 354 3714 μένους,
386 3645 471 3706 εῖς
524 3642 587 3695 τὸ
633 3641 809 3695 θέλειν
851 3642 938 3696 διὰ
985 3642 1218 3706 πίστεως
1253 3643 1547 3697 κολλᾶσθαι
1594 3643 1731 3715 Θεῷ.

142 3730 377 3784 Ἑαυτὸν
416 3729 713 3800 τοιγαροῦν
752 3730 938 3783 είκόνα
986 3732 1080 3784 καὶ
1102 3731 1271 3784 τύπον
1294 3731 1387 3784 τοῦ
1412 3732 1738 3803 πράγματος

132 3819 435 3893 παραθεὶς,
474 3822 569 3873 καὶ
619 3820 977 3892 παρενεγκὼν
1019 3825 1099 3886 εἰς
1129 3823 1296 3893 μέσον
1327 3823 1386 3876 τὸ
1414 3825 1494 3887 είς
1540 3825 1738 3889 αὑτοὺς

135 3910 234 3982 ῆδη
286 3909 685 3980 τετελεσμένον
723 3910 872 3981 αύτῷ
896 3951 911 3975 ,
940 3911 1225 3982 μιμεῖσθαί
1245 3929 1303 3965 τε
1332 3912 1508 3965 πείθει
1538 3913 1631 3967 τὸν
1656 3913 1736 3967 δι-

134 3997 434 4058 δάσκαλον.
464 3998 560 4051 καὶ
604 4002 717 4062 τοῖς
764 3998 899 4064 ἴσοις
932 4000 1261 4070 διαλάμπειν
1311 4002 1508 4066 αὑτοὺς
1537 4020 1733 4075 κατορ-

136 4088 381 4159 θώμασι,
412 4089 589 4158 λέγων
614 4108 659 4143 ἰ
687 4092 799 4163 Οὑχ
825 4093 983 4164 ὑμεῖς
1013 4111 1080 4164 με
1109 4093 1452 4160 ἐξελέξασθε,
1482 4094 1597 4148 ἀλλ’
1627 4095 1738 4165 ἐγὼ

137 4178 282 4248 ὑμᾶς
318 4179 683 4252 ἐξελεξάμην,
730 4199 748 4233 ι
779 4183 875 4236 καὶ
917 4182 987 4236 τὰ
1029 4182 1240 4244 τούτοις
1277 4182 1494 4256 ἐφεξῆς.
1538 4185 1738 4238 Ἔννόει

1839 3263 1997 3318 ﬁdem
2027 3263 2138 3320 Deo
2173 3266 2506 3325 cohaereant.
2542 3269 2796 3342 Seipsum
2829 3274 2996 3346 igitur
3028 3276 3319 3347 imaginem
3354 3290 3421 3331 ac

1836 3357 2026 3422 typum
2079 3354 2242 3410 istius
2283 3356 2361 3411 rei
2398 3357 2689 3426 exhibens,
2725 3368 2780 3416 et
2832 3362 2886 3415 in
2946 3364 3183 3419 medium
3240 3363 3422 3434 profe-

1837 3458 1965 3499 rens
1995 3446 2140 3516 quod
2180 3462 2311 3519 erga
2350 3464 2444 3504 eos
2479 3460 2786 3523 peregerat,
2816 3453 3137 3522 magistrum
3175 3471 3333 3508 suum
3361 3464 3421 3509 ut

1840 3534 2122 3590 imitentur
2174 3539 2491 3607 persuadet,
2550 3556 2615 3595 ac
2667 3541 2945 3597 similibus
2996 3543 3262 3613 operibus
3304 3545 3420 3599 cla-

1838 3634 2015 3691 rcant,
2063 3626 2292 3683 dicens:
2340 3649 2359 3682 ι
2405 3629 2524 3686 Νοιι
2583 3648 2684 3688 vos
2739 3648 2825 3688 me
2877 3634 3142 3704 elegistis,
3178 3634 3274 3690 sed
3321 3651 3420 3706 ego

1837 3716 1975 3784 elegi
2012 3720 2131 3782 ves,
2184 3736 2203 3769 ι
2257 3729 2310 3773 et
2342 3735 2464 3790 qua-
2499 3730 2825 3791 sequuntur.
2872 3722 3039 3793 Finge
3092 3724 3239 3778 enim
3290 3740 3418 3780 eum

1839 3805 1911 3859 ita
1947 3806 2133 3877 loqui:
2160 3809 2571 3883 Prmcingimini
2606 3814 2897 3870 dilectione
2931 3823 3154 3875 mutua.
3183 3831 3215 3871 ο
3248 3816 3419 3871 disci-

1839 3900 1975 3968 puli.
2027 3902 2154 3955 llrec
2186 3903 2332 3956 enim
2373 3903 2619 3973 profecto
2652 3920 2846 3976 sapere
2880 3913 2937 3960 et
2990 3906 3170 3962 facere
3218 3908 3310 3962 alii
3361 3908 3417 3963 in

1839 3992 1978 4045 alios
2023 3990 2127 4061 ipsi
2169 3992 2404 4058 debetis,
2437 4008 2501 4049 ac
2533 3994 3021 4050 vehementissimo
3062 3998 3247 4052 studio
3285 4013 3418 4068 ope-

1838 4082 1948 4135 rari
1978 4089 2142 4151 atque
2171 4083 2303 4137 eniti
2344 4100 2465 4153 qua:
2489 4087 2643 4154 prius
2671 4086 2726 4140 in
2768 4102 2865 4141 vos
2897 4103 2999 4158 ego
3042 4088 3271 4157 perfeci.
3306 4088 3419 4159 Ego

1836 4174 1982 4227 enim
2016 4172 2153 4244 elegi
2200 4189 2318 4237 vos,
2356 4190 2465 4229 non
2497 4191 2596 4232 vos
2636 4192 2745 4231 me.
2779 4175 2891 4249 Ego
2940 4193 3029 4232 me
3066 4180 3221 4234 vobis
3265 4180 3419 4251 igno-

136 4272 243 4342 γὰρ
298 4271 537 4338 λέγοντα
585 4272 750 4343 τυχόν
770 4290 785 4304 ο
818 4273 1209 4344 Περιζώσασθε
1244 4274 1344 4346 τὴν
1371 4277 1451 4339 είς
1474 4275 1737 4349 ἀλλήλους

1841 4265 2092 4319 rantibus
2158 4266 2404 4320 inaudita
2471 4267 2714 4323 bonitate
2765 4280 2820 4323 et
2879 4269 3168 4323 clementia
3229 4281 3418 4325 notum

138 4356 453 4433 ἀγάπην,ὧ
484 4363 728 4435 μαθηταί
751 4379 764 4396 ο
795 4365 966 4419 ταῦτα
1000 4366 1105 4439 γὰρ
1133 4366 1283 4437 δήτοι
1315 4370 1531 4436 φρονεῖν
1554 4385 1609 4420 τε
1645 4369 1737 4421 καὶ

1841 4356 1967 4424 feci,
2000 4367 2055 4412 et
2093 4358 2163 4412 ad
2204 4367 2411 4412 tantam
2451 4361 2619 4414 animi
2670 4363 3039 4416 constantiam
3077 4378 3140 4416 ac
3191 4363 3418 4417 ﬁrmita—

135 4453 267 4525 δρᾲν
294 4455 381 4516 είς
417 4453 641 4523 ἐτέρους
688 4455 933 4523 ὀφείλετε
977 4457 1075 4511 καὶ
1114 4456 1274 4527 ὑμεῖς
1321 4458 1493 4522 αὑτοὶ,
1524 4459 1619 4512 καὶ
1650 4459 1737 4513 διὰ

1845 4460 1951 4505 tem
2002 4466 2103 4521 ego
2146 4467 2244 4506 vos
2285 4453 2565 4515 revocavi,
2620 4459 2679 4505 ut
2712 4455 3008 4522 procedere
3057 4457 3419 4526 progrediquc

139 4548 401 4599 συντόνου
433 4545 674 4617 σπουδῆς
705 4547 1035 4619 ἐργάζεσθαι
1068 4550 1272 4617 φιλεῖν,
1314 4550 1457 4621 ἀπερ
1486 4551 1565 4614 είς
1599 4552 1738 4622 ὑμᾶς

1842 4559 2061 4615 semper
2106 4545 2159 4599 in
2194 4545 2398 4615 majus,
2426 4552 2481 4600 et
2511 4545 2752 4599 fructum
2799 4545 2997 4599 all'erre
3020 4545 3132 4598 Deo
3167 4548 3417 4615 possitis,

138 4636 249 4704 ἐγὼ
279 4637 549 4690 τετέλεκα
592 4636 827 4706 φθάσας.
888 4638 1030 4707 Ἐγὼ
1059 4639 1166 4711 γὰρ
1201 4640 1532 4713 ἐξελεξάμην
1563 4644 1707 4714 ὑμᾶς
1727 4661 1741 4675 .

136 4727 235 4780 οὑκ
264 4726 373 4797 ἐμὲ
407 4727 610 4797 μᾶλλον
639 4728 821 4798 ὑμεῖς.
857 4730 997 4797 Ἐγὼ
1028 4733 1460 4804 προσηγαγόμην
1491 4733 1584 4785 καὶ
1611 4734 1746 4802 γνὼο

143 4832 309 4886 ριμον
338 4816 441 4885 μὲν
483 4817 583 4869 οὑκ
617 4817 785 4871 εἰδόσι
815 4820 1148 4892 κατέστησα,
1182 4821 1249 4873 δι’
1290 4822 1547 4892 ὑπερφυᾶ
1569 4823 1743 4896 γαλη-

146 4903 371 4975 νότητα,
406 4905 488 4968 είς
534 4905 757 4977 ἑδραίαν
807 4907 865 4959 δὲ
914 4907 1089 4987 οὑτως
1143 4911 1443 4982 ἀνεκόμισα
1490 4913 1738 4984 γνώμην,

145 4992 284 5048 ὥστε
333 4995 483 5065 ὑμᾶς
523 4996 772 5065 ἀνάγειν,
802 4997 950 5051 τοῦτ’
981 4998 1148 5061 ἐστιν,
1182 5002 1269 5056 ἀεὶ
1303 5004 1439 5075 πρὸς
1464 5004 1523 5057 τὸ
1560 5005 1743 5075 μεῖζον

144 5085 490 5139 ἐκτείνεσθαι
534 5087 631 5139 καὶ
675 5091 1049 5159 καρποφορεῖν
1081 5089 1342 5145 δύνασθαι
1367 5092 1445 5163 τῷ
1477 5094 1615 5164 Θεῷ.
1644 5094 1745 5148 Διά

144 5190 199 5226 τε
228 5176 429 5228 τούτου
454 5176 593 5247 πρὸς
619 5178 891 5247 τοσαύτην
938 5178 1070 5232 ῖοιτε
1114 5181 1451 5251 παρρησίαν,
1479 5180 1621 5235 ὥστε
1649 5185 1743 5236 καὶ⁹

147 5267 241 5319 ὅτι
278 5269 347 5321 ἂν
381 5268 575 5336 αἰτῆτε
606 5268 792 5322 λοιπὸν
824 5269 916 5322 ἐπὶ
943 5269 1021 5341 τῷ
1050 5270 1275 5341 ὀνόματί
1303 5289 1426 5341 μου,
1460 5273 1619 5327 τοῦτο
1649 5276 1744 5329 καὶ

151 5358 350 5414 λαϐεῖν.
381 5358 597 5411 Οὐκοῦν
629 5360 860 5431 ἐπείπερ
884 5361 992 5414 τῶν
1023 5362 1169 5431 ἐμῶν
1206 5365 1329 5415 κατ’
1352 5366 1498 5434 ἴχνος
1531 5366 1743 5437 βαίνετε

151 5448 320 5502 λόγων
354 5466 415 5501 τε
446 5450 539 5501 καὶ
568 5450 912 5523 διοικήσεων,
940 5453 1033 5506 καὶ
1064 5452 1163 5523 τὴν
1196 5456 1307 5517 τοῖς
1341 5456 1583 5526 γνησίοις
1612 5460 1747 5529 πρὲο

155 5557 359 5595 πουσαν
396 5541 668 5613 μαθηταῖς
698 5545 1107 5617 περιξώσασθαι
1149 5543 1260 5617 [ῖσ.
1307 5545 1744 5619 περιεζώσασθε]

226 5734 271 5768 ⁸⁸
290 5733 454 5790 Joan.
494 5750 587 5804 xv,
613 5735 665 5791 5.

1838 4643 1893 4691 ct
1928 4651 2025 4706 per
2056 4636 2160 4690 hoc
2188 4636 2255 4691 ad
2291 4643 2501 4690 tantam
2537 4636 2793 4690 ﬁduciam
2825 4637 3001 4699 evehi,
3031 4644 3089 4690 ut
3132 4637 3413 4707 quodcun-

1838 4744 1947 4797 que
1990 4728 2259 4795 petieritis
2313 4728 2367 4780 in
2405 4729 2623 4781 nomine
2675 4742 2817 4789 meo,
2857 4727 2905 4780 id
2943 4729 3217 4797 accepturi
3273 4729 3396 4783 sitis

1838 4817 2184 4888 Quapropter
2216 4831 2341 4872 cum
2384 4830 2631 4871 meorum
2667 4830 2984 4870 sermonum
3032 4831 3094 4871 ac
3128 4818 3417 4887 dispensa-

1840 4910 2004 4964 tionis
2031 4908 2263 4978 vestigia
2314 4908 2645 4977 sequamini,
2676 4916 2729 4961 et
2763 4923 2829 4961 eo
2862 4908 2954 4977 qui
2985 4923 3150 4963 veros
3191 4923 3256 4964 ac
3289 4909 3417 4980 legi-

1841 5001 2005 5055 timos
2042 5000 2346 5069 discipulos
2398 5000 2557 5053 decet
2611 4999 2798 5054 animo
2849 5000 3060 5069 praediti
3114 5001 3257 5067 sitis,
3308 5016 3417 5055 non

1834 5094 1947 5163 jam
1985 5092 2358 5146 cunctandum
2387 5090 2544 5146 vobis
2570 5099 2677 5155 est,
2713 5092 3256 5161 exspectandumque
3287 5092 3418 5146 dum

1842 5185 1906 5237 ad
1956 5182 2116 5239 ﬁdem
2161 5182 2327 5253 893
2373 5190 2430 5243 et
2462 5183 2528 5235 ad
2562 5182 2820 5252 pietatem
2856 5184 2999 5235 ultro
3036 5196 3097 5237 se
3126 5184 3418 5251 quisquam

1840 5276 2077 5345 ingerat,
2127 5274 2222 5329 sed
2258 5273 2644 5343 ignorantibus
2671 5282 2726 5327 et
2773 5274 3088 5327 errantibus
3136 5273 3336 5339 adhuc,
3364 5280 3417 5327 ct

1842 5369 1933 5437 qui
1991 5366 2235 5421 nondum
2297 5366 2599 5419 salutarem
2651 5364 3093 5433 praedicationem
3154 5377 3414 5431 sust-epe-

1842 5466 1971 5511 runt
2010 5458 2178 5519 ultro,
2209 5471 2308 5509 vos
2352 5453 2612 5507 ductores
2664 5452 2884 5514 oll‘erre,
2940 5466 3145 5520 eosque
3196 5460 3416 5507 strenue

1842 5549 2123 5603 adhortari
2168 5548 2426 5603 convenit
2471 5545 2537 5598 ad
2569 5558 2711 5599 verre
2743 5542 2836 5599 Dei
2888 5542 3221 5613 cognitionis
3267 5556 3417 5598 com-
