3938 6430
537 341 637 398 391

1571 351 1627 405 S.
1667 351 1944 411 CYRlLLl
1981 355 2455 420 ALEXANDBINI
2495 364 2817 427 ARCIIIEP.

3661 396 3742 454 30?.

534 462 983 534 preltcnsionem,
1014 464 1146 522 licet
1173 466 1238 521 ad
1277 468 1717 528 incredulitatem
1752 487 2080 549 exasperata

535 554 878 580 -..J:-_n:..m
911 558 1124 580 -..!_.-___
1184 557 1273 580 σε-
1316 562 1447 580 ,μονη
1519 572 1532 580 .
1571 564 1583 576 ο
1662 567 1675 579 ο
1789 569 1800 580 1
1827 569 1837 580 ι
1937 572 1948 580 .
2018 572 2049 580 ..

2219 484 2446 558 γνώμην
2472 527 2487 553 ,
2538 490 2639 543 οὐκ
2688 489 3021 546 ἀνακόπτειν
3071 493 3360 551 ἀκόλουθον
3413 505 3741 580 περιμένοντας

534 554 879 610 audientium
909 558 1149 615 animus.
1184 557 1278 616 Sic
1309 562 1453 616 enim
1484 572 1538 618 et
1571 564 1675 634 ipsi
1714 569 1875 625 vobis
1905 572 2116 630 similes

533 656 718 714 erunt,
751 649 858 703 hoc
886 661 969 704 est
996 652 1303 720 proﬁcient,
1346 668 1408 708 ac
1439 656 1699 712 redibunt
1734 674 2032 732 progressu
2061 666 2117 720 in

532 741 730 795 melius
782 742 848 796 ad
904 741 1143 797 fructum
1183 746 1236 799 in
1268 745 1379 801 Deo
1413 746 1722 817 ferendum,
1756 760 1816 806 ut
1872 752 2115 812 fructum

530 831 752 898 quidem
787 831 1026 887 habeant
1056 834 1205 888 illum
1240 852 1458 906 semper
1494 849 1809 896 manentem
1843 858 1908 898 ac
1950 845 2118 900 dura-

532 920 719 989 bilem,
746 938 1048 994 preccsque
1078 934 1186 979 tam
1217 935 1405 997 gratas
1440 938 1494 983 et
1531 941 1808 1001 acceptas,
1852 943 1912 989 ut
1940 936 2118 1007 quod-

532 1027 750 1078 cunque
806 1013 976 1068 velint
1026 1017 1324 1087 accipiant,
1365 1018 1409 1074 si
1465 1028 1676 1075 tantum
1731 1023 1866 1078 illud
1904 1024 1959 1079 in
2011 1040 2115 1081 no-

529 1104 678 1159 mine
705 1120 824 1159 meo
858 1106 1142 1174 petierint.
1178 1108 1374 1179 Igitur,
1414 1117 1476 1163 ut
1519 1110 1623 1165 loci
1665 1113 1831 1182 hujus
1881 1130 2111 1186 scopum

526 1211 723 1253 rursus
761 1199 952 1266 paucis
982 1200 1257 1270 complexi
1297 1202 1651 1258 manifestum
1680 1220 1805 1260 eum
1842 1205 2113 1266 faciamus

524 1290 892 1353 auditoribus,
921 1293 1083 1346 talem
1117 1295 1171 1347 in
1200 1294 1337 1349 alios
1372 1295 1721 1352 dilectionem
1751 1298 1957 1356 habere
1988 1316 2111 1371 per-

523 1378 720 1435 suadet
746 1382 1068 1451 discipulos,
1102 1385 1321 1454 taleque
1352 1387 1469 1440 vult
1502 1403 1596 1443 eos
1633 1388 1878 1444 studium
1907 1406 2019 1460 prta
2048 1407 2110 1448 se

520 1470 668 1527 ferre
702 1473 757 1527 in
788 1482 1011 1529 strenue
1044 1476 1444 1543 pertrahendos
1476 1478 1543 1533 ad
1576 1479 1738 1535 ﬁdem
1787 1496 1979 1536 eorum
2016 1483 2106 1553 qui

519 1567 765 1621 nondum
797 1566 1030 1623 credunt
1066 1569 1303 1635 animos,
1344 1569 1564 1640 qualem
1595 1588 1656 1629 se
1704 1574 1822 1646 ipse
1861 1576 2019 1646 prius
2053 1578 2109 1632 in

518 1673 622 1712 nos
650 1663 745 1712 aut
771 1673 902 1730 erga
940 1674 1037 1715 eos
1070 1660 1344 1716 exhibuit.
1372 1661 1530 1728 Quod
1574 1664 1723 1720 enim
1773 1665 1891 1736 ipse
1937 1666 2107 1724 disci-

516 1748 677 1817 pulos
710 1748 959 1820 elegerit,
994 1766 1158 1806 nemo
1186 1752 1433 1819 dubitat,
1479 1763 1534 1810 et
1564 1771 1678 1826 quo
1711 1764 1875 1827 pacto
1913 1759 2108 1817 unius-

2220 576 2410 666 ἁπλῶς
2437 578 2528 631 τὸν
2558 580 2635 643 si;
2666 580 2850 633 πίστιν
2884 581 3203 652 αὐτόμολον,
3234 585 3327 639 καὶ
3364 586 3661 664 αὐτόκλητον
3684 576 3746 666 si;

2219 662 2525 721 εὐσέϐειαν.
2567 669 2827 733 Ἑαυτοὺς
2865 669 2922 724 δὲ
2968 673 3173 742 μᾶλλον
3222 677 3330 738 τοῖς
3361 662 3621 746 ἀγνοοῦσιν
3656 662 3742 757 ἔτι,

2219 756 2315 811 καὶ
2347 758 2721 831 πλανωμένοις
2765 763 3065 833 προσάγειν
3106 769 3474 837 χειραγωγούς
3498 774 3584 825 καὶ
3609 793 3747 847 προσ.

2217 848 2492 919 κομίζειν,
2527 852 2624 904 καὶ
2668 852 2782 917 τοῖς
2810 853 2967 909 οῦπω
3011 856 3207 927 μαθεῖν
3241 859 3506 929 ἑλομένοις
3532 864 3587 917 τὸ
3611 872 3745 940 σωτήα

2220 956 2335 1011 ριον
2381 941 2644 1012 κήρυγμα
2667 982 2683 1007 ,
2718 945 3059 1015 παρακαλεῖν
3087 964 3146 1001 τε
3190 947 3479 1018 προθύμως
3518 953 3639 1023 προς
3671 958 3746 1029 τὴν

2217 1034 2315 1103 τῆς
2342 1032 2576 1103 ἀληθοῦς
2618 1033 2952 1104 θεογνωσίας
2987 1037 3121 1091 ἰέναι
3175 1041 3495 1111 κατάληψιν,
3524 1044 3615 1098 κᾶν
3643 1048 3749 1102 ἀπο·

2214 1138 2245 1173 τ
2255 1123 2554 1195 ραχύνηταί
2581 1144 2697 1190 πως
2725 1129 2806 1191 είς
2827 1129 3113 1184 ἀπείθειαν
3133 1132 3242 1185 τῶν
3271 1133 3564 1190 ἀκουόντων
3582 1141 3610 1193 6
3631 1143 3749 1207 νοῦς.

2215 1210 2341 1268 Εἶεν
2374 1215 2481 1287 γὰρ
2513 1217 2579 1272 ἂν
2612 1217 2756 1272 οὕτω
2793 1220 2887 1273 καὶ
2935 1221 3092 1275 αὐτοὶ
3124 1223 3247 1277 καθ’
3287 1225 3448 1296 ὑμᾶς,
3468 1228 3601 1282 τοῦτ’
3639 1231 3749 1300 ἐστι,

2215 1307 2551 1378 προκόψουσι
2600 1312 2695 1365 καὶ
2745 1313 3141 1370 ἀπελεύσονται
3188 1318 3309 1381 ταῖς
3356 1318 3435 1382 εἰς
3472 1320 3530 1372 τὸ
3568 1320 3752 1392 ἄμεινον

2214 1400 2548 1468 έπιδόσεσιν,
2580 1405 2661 1469 εἰς
2697 1408 3074 1478 καρποφορίαν
3099 1408 3196 1478 τὴν
3220 1410 3278 1462 έν
3310 1409 3450 1480 Θεῷ,
3476 1411 3548 1475 ὡς
3580 1414 3753 1484 καρπὸν

2215 1490 2315 1561 μὲν
2346 1492 2489 1563 ἐχειν
2514 1496 2609 1549 τὸν
2651 1497 2738 1550 ἀεὶ
2765 1500 2993 1570 μένοντα
3022 1502 3116 1555 καὶ
3141 1501 3466 1572 σωζόμενον,
3492 1506 3753 1577 προσευχὴν

2209 1582 2265 1635 δὲ
2307 1583 2450 1639 οὕτω
2497 1587 2730 1661 δεκτὴν,
2763 1592 2839 1656 ὡς
2891 1594 3028 1666 ὅπερ
3069 1593 3135 1648 ἂν
3181 1594 3465 1665 βούλονται
3495 1593 3690 1661 λαϐεῖν,
3718 1601 3754 1651 ει

2213 1674 2373 1743 μόνον
2422 1679 2623 1732 αἰτοῖεν
2657 1682 2753 1734 ἐπὶ
2781 1682 2860 1753 τῷ
2905 1682 3131 1755 ὀνόματι
3178 1697 3302 1756 μου.
3334 1682 3559 1754 Οὐκοῦν,
3594 1689 3756 1759 χρῆναι

2211 1764 2320 1837 γάρ
2346 1767 2524 1833 πάλιν,
2552 1770 2627 1834 ὡς
2656 1772 2715 1825 έν
2742 1772 2945 1843 ὀλίγοις
2974 1775 3267 1831 συνελόντα
3296 1775 3388 1831 τὸν
3434 1777 3526 1831 τοῦ
3574 1797 3759 1850 προκει-

515 1842 789 1913 cujusque
832 1844 1052 1899 vocatio
1087 1846 1406 1918 contigerit,
1438 1848 1774 1918 superﬂuum
1808 1867 1932 1908 esse
1980 1869 2085 1909 rem

2212 1856 2375 1926 μένου
2426 1862 2650 1928 σκοπὸν,
2702 1842 2848 1937 σαφῆ
2882 1868 3226 1940 καταστῆσαι
3250 1842 3756 1941 τοϊςάκροωμένοις,

515 1934 607 1989 hic
652 1934 884 1992 aﬂ‘erre:
919 1943 1106 1993 tamen
1143 1937 1456 1997 Servatoris
1488 1957 1800 1999 sermonem
1824 1960 1948 2000 eum
1978 1961 2104 2002 sen-

515 2039 641 2080 sum
683 2039 879 2097 parere
912 2042 1075 2097 quem
1110 2028 1277 2084 modo
1328 2030 1466 2099 dixi,
1506 2048 1614 2087 non
1665 2033 1851 2089 minus
1897 2049 1963 2091 ex
2009 2050 2101 2091 se-

513 2119 817 2185 quentibus
848 2120 1076 2189 patebit.

2208 1947 2465 2021 τοιαύτην
2511 1954 2658 2025 ἔχειν
2702 1957 2782 2020 εις
2830 1957 3051 2029 ἑτέρους
3078 1959 3368 2014 ἀναπείθει
3399 1961 3523 2024 τοὺς
3553 1961 3759 2033 μαθητὰς

2207 2037 2307 2109 τὴν
2340 2039 2581 2114 ἀγάπην,
2613 2047 2709 2099 καὶ
2761 2048 3022 2118 τοιαύτην
3052 2049 3253 2114 αὐτοὺς
3288 2051 3619 2123 ἐπιτηδεύειν
3646 2052 3758 2105 θέλει

2208 2128 2306 2199 τὴν
2337 2132 2646 2204 προθυμίαν
2685 2138 2767 2202 εῑς
2795 2140 2857 2193 τὸ
2885 2140 3201 2212 μηδαμόθεν
3241 2145 3528 2197 κατοκνεῖν
3565 2142 3653 2207 τὰς
3676 2144 3759 2196 τῶν

511 2207 666 2263 οῦπω
695 2211 1138 2264 πεπιστευκότων
1159 2210 1340 2283 ψυχὰς
1361 2211 1670 2285 φιλοθηρείν
1690 2214 1770 2277 είς
1789 2212 2099 2283 εὐσέϐειαν,
2141 2217 2441 2296 ὁποίανπερ
2474 2226 2689 2296 φθάσας
2714 2207 2983 2297 αὐτὸς-είς
3027 2207 3196 2302 ἡμᾶς,
3228 2232 3350 2305 ἦτοι
3405 2233 3540 2305 πρὸς
3596 2235 3756 2296 αὐτοὺς

511 2304 833 2370 ἀνεδείξατο.
867 2305 989 2359 Ὅτι
1027 2305 1136 2379 γὰρ
1169 2304 1332 2369 αὐτὸς
1371 2305 1665 2370 ἐπελέξατο
1693 2306 1822 2371 τοὺς
1890 2307 2140 2378 μαθητὰς
2178 2311 2279 2366 οὐκ
2330 2315 2631 2388 ἀμφίϐολον
2656 2362 2671 2386 ,
2704 2325 2798 2379 καὶ
2834 2324 3122 2396 περιττὸν,
3147 2304 3330 2396 οἶμαι,
3379 2304 3578 2397 λέγειν,
3641 2329 3759 2391 ὅπως

507 2416 568 2453 τε
618 2400 711 2452 καὶ
740 2397 860 2451 τινα
901 2400 1101 2471 τρόπον
1140 2398 1428 2491 sexeni»
1465 2399 1655 2468 γέγονε
1691 2399 1881 2471 κλῆσις
1903 2415 1917 2431 ο
1959 2399 2099 2473 πλὴν
2136 2403 2221 2459 δτι
2252 2409 2494 2466 τοιοῦτον
2523 2414 2700 2470 ὡδίνει
2733 2416 2826 2470 τὸν
2856 2416 3056 2471 σκοπὸν
3081 2415 3174 2470 τοῦ
3213 2418 3472 2491 Σωτῆρος
3525 2421 3553 2473 6
3612 2418 3757 2489 λόγος,

507 2494 691 2548 ὁποῖον
721 2488 858 2559 ἔφην
901 2490 1126 2562 ἀρτίως,
1162 2491 1318 2546 οὐδὲν
1350 2487 1513 2564 ἦττον
1540 2493 1690 2563 ἡμᾶς
1717 2493 2075 2565 ἀναπείσεται
2104 2494 2323 2571 ιφεξῆς,

579 2580 702 2647 XV,
737 2581 824 2636 l7.
859 2580 991 2636 Ilwc
1016 2582 1211 2636 mando
1244 2582 1413 2652 vobis,
1442 2593 1498 2636 ut
1526 2583 1764 2655 diligatis
1787 2586 2024 2639 invicem.

572 2753 851 2825 Numquid
885 2770 1157 2825 supremae
1181 2758 1432 2812 omnium
1466 2756 1782 2814 dilectionis
1808 2773 1947 2828 opus
1976 2773 2099 2813 esse

503 2847 803 2904 fatebimur
837 2845 1088 2903 inﬁdeles
1116 2848 1299 2903 adhuc
1321 2856 1375 2903 et
1402 2855 1652 2904 errantes
1677 2848 1743 2903 ad
1770 2849 2094 2919 obsequium

500 2938 598 2995 Dei
628 2940 873 2997 vocare?
919 2939 1322 3010 Ambigendum
1356 2947 1506 2996 certe
1533 2954 1640 2995 non
1684 2948 1787 2996 est.
1821 2940 1976 3006 Quod
2005 2942 2089 3012 ip-

500 3048 623 3090 sum
652 3035 837 3093 facere
865 3033 1074 3089 Paulus
1107 3031 1438 3097 conabatur,
1468 3031 1691 3087 dicens:
1733 3049 1752 3083 ι
1794 3030 1899 3086 Pro
1931 3030 2084 3086 Chri-

2273 2592 2470 2651 Ταῦτα
2513 2596 2870 2670 ἐντέλλομαι
2920 2599 3099 2671 ὑμῖν,
3131 2600 3237 2655 ἵνα
3283 2601 3555 2674 ἀγαπᾶτε
3597 2601 3760 2671 ἀλλή-

2195 2688 2345 2741 λους
3245 2722 3254 2728 -

2276 2708 2310 2741 υ
3245 2722 3254 2728 .

2271 2708 2345 2830 “ii
2383 2778 2489 2847 γὰρ
2532 2777 2652 2850 οὐχὶ
2692 2780 2792 2852 τῆς
2842 2782 3104 2839 ἀνωτάτω
3135 2784 3338 2839 πασῶν
3386 2786 3606 2857 ἀγάπης
3630 2784 3764 2858 ἔργον

2194 2861 2333 2921 εἶναι
2382 2868 2629 2940 δώσομεν
2657 2869 2720 2923 τὸ
2771 2872 3126 2939 ἑπιλέξασθᾳί
3174 2893 3237 2930 τε
3274 2878 3374 2931 καὶ
3407 2877 3630 2932 καλέσαι
3654 2877 3766 2948 πρὸς

2200 2958 2446 3030 ὑπακοὴν
2487 2961 2565 3032 τῷ
2612 2961 2733 3034 Θεῷ
2753 3002 2768 3028 ,
2802 2965 2928 3030 τοὺς
2959 2966 3229 3033 ἀπίστους
3258 2968 3343 3022 ἔτι
3384 2970 3481 3023 καὶ
3515 2967 3765 3039 πλανωμέ-

2195 3066 2350 3117 νους;
2393 3050 2537 3104 Ἀλλ’
2567 3052 2717 3107 ἐστιν
2748 3054 2849 3108 οὐκ
2881 3055 3205 3127 ἀμφίϐολον.
3246 3060 3317 3112 'U
3347 3061 3449 3115 καὶ
3478 3059 3607 3132 δρᾷν
3635 3056 3767 3128 ἠπεί-

500 3141 586 3186 sto
614 3146 746 3203 ergo
789 3131 1064 3202 legatione
1100 3126 1404 3199 fungimur,
1436 3135 1699 3199 tanquam
1731 3124 1844 3183 Deo
1887 3124 2085 3181 exhor-

2195 3157 2341 3209 γετο,
2373 3141 2549 3212 λέγων
2578 3145 2608 3198 6
2645 3145 2857 3211 Παῦλος
2877 3161 2893 3177 °
2924 3124 2950 3199 Ἴ(
2997 3147 3172 3221 ’Υπὲρ
3227 3151 3482 3223 Χριστοῦ
3513 3124 3615 3205 ὀῦν
3650 3124 3766 3221 πρε-

498 3229 654 3277 tante
701 3238 799 3293 per
847 3238 966 3278 nos.
1002 3221 1372 3278 Obsecramus
1409 3235 1507 3291 pro
1553 3220 1799 3286 Christo,
1835 3219 2086 3276 reconci-

496 3314 711 3369 liamini
747 3314 859 3372 Deo
890 3316 960 3369 ⁸⁸.
996 3334 1013 3367 ι
1042 3313 1186 3380 Quin
1209 3321 1263 3368 et
1290 3312 1487 3369 Petrus
1519 3311 1837 3369 Iudaeorum
1868 3312 2084 3382 populis

496 3419 623 3462 cum
661 3407 859 3461 ﬁducia
891 3407 1120 3477 loquens
1154 3423 1167 3459 :
1204 3424 1221 3456 ι
1247 3404 1312 3460 Ει
1341 3420 1513 3470 nunc,
1542 3402 1765 3470 fratres,
1803 3403 1921 3459 scio
1953 3402 2083 3473 quia

496 3513 595 3568 per
612 3498 976 3569 ignorantiam
1002 3496 1233 3564 fecistis,
1254 3498 1399 3554 sicut
1416 3503 1470 3550 et
1486 3496 1765 3566 principes
1784 3495 1959 3550 vestri
1976 3495 2042 3549 ".
2057 3513 2076 3547 ι

501 3607 521 3640 ι
565 3587 915 3645 Ρωηὶιεηιίιιί
973 3590 1164 3659 igitur,
1204 3597 1259 3644 et
1326 3590 1642 3658 haptizetur
1693 3588 2082 3659 unusquisque

494 3690 740 3736 vestrum
768 3683 823 3735 in
850 3683 1071 3738 nomine
1102 3681 1321 3737 Domini
1346 3680 1475 3736 Jesu
1508 3681 1714 3736 Christi
1737 3680 1805 3736 ⁸³.
1851 3699 1871 3734 ι
1910 3679 2080 3738 Vides

493 3782 551 3829 ut
580 3785 634 3829 et
665 3775 731 3830 iis
763 3776 855 3846 qui
886 3775 1130 3830 nondum
1157 3774 1320 3831 ﬁdem
1358 3782 1719 3843 susceperant
1740 3773 1993 3831 studiose
2018 3788 2079 3830 se

490 3867 747 3934 offerant,
788 3876 842 3923 et
891 3867 1137 3923 nondum
1202 3866 1257 3922 in
1320 3865 1771 3936 disquisitionem
1826 3871 2075 3921 vocatam

487 3958 798 4014 doctrinam
853 3958 1161 4029 proferant,
1202 3957 1592 4029 ignorantibus
1623 3957 1759 4028 ipsis
1810 3971 1921 4012 non
1947 3971 2076 4026 per-

488 4050 772 4105 mittentes
812 4060 870 4104 ut
903 4049 1063 4119 primi
1116 4054 1384 4102 vocentur
1418 4046 1522 4117 ipsi
1558 4044 1830 4116 magistri,
1875 4044 1973 4100 sed
2017 4043 2073 4098 in

486 4141 595 4196 hoc
627 4157 751 4198 eum
802 4142 967 4197 etiam
1004 4141 1407 4212 praevenientes
1439 4141 1535 4210 qui
1586 4138 1830 4193 nondum
1863 4136 2073 4208 aliquid

485 4248 677 4288 eorum
721 4249 844 4303 quae
893 4233 1000 4289 sibi
1048 4232 1173 4289 usui
1214 4232 1395 4288 forent
1431 4232 1657 4288 discere
1708 4230 1891 4285 vellet.
1931 4228 2069 4284 Cttm

487 4333 671 4379 autem
704 4323 965 4380 Servator
992 4324 1142 4381 dicat
1176 4344 1190 4381 :
1239 4343 1259 4376 ι
1297 4325 1370 4382 Ut
1409 4338 1509 4378 vos
1534 4323 1696 4388 eatis,
1726 4329 1784 4375 et
1830 4318 2079 4397 fructum,

485 4415 752 4482 aﬁeratis,
780 4425 833 4471 et
865 4416 1079 4474 fructus
1132 4424 1318 4474 vester
1352 4423 1592 4480 maneat,
1630 4431 1649 4464 ι
1684 4413 1815 4484 quid
1843 4411 2065 4468 demum

489 4508 759 4579 signiﬁcet
794 4509 926 4563 illud
956 4524 1206 4580 quaerere
1236 4508 1513 4563 convenit.
1543 4505 1687 4574 Quid
1716 4507 1863 4562 enim
1888 4506 2065 4578 signi—

484 4598 630 4664 ﬁcat,
671 4599 839 4672 89AI
891 4608 985 4654 aut
1034 4600 1313 4671 quomodo
1359 4597 1744 4670 accipiendum
1784 4606 1891 4664 est,
1922 4597 2071 4669 quod

485 4692 583 4760 ait,
633 4708 856 4748 manere
904 4693 1145 4749 fructum
1179 4692 1623 4764 discipulorum?
1662 4692 1936 4748 Existimo
1968 4693 2071 4747 ita-

480 4800 590 4853 que
636 4785 983 4840 Servatorem
1043 4787 1285 4840 fructum
1336 4793 1648 4841 manentem
1696 4799 1897 4839 vocare
1954 4782 2071 4838 fru-

480 4884 630 4929 ctum
657 4877 988 4948 evangelicae
1030 4878 1357 4948 disciplinae,
1387 4892 1497 4933 non
1531 4883 1715 4931 autem
1756 4873 1950 4944 legalis
1975 4873 2066 4943 ju-

480 4965 664 5019 stitiaz.
697 4965 1002 5034 Antiquata
1033 4967 1180 5021 enim
1213 4975 1298 5023 est
1328 4968 1442 5031 illa,
1471 4973 1760 5037 propterea
1798 4962 1943 5032 quod
1976 4964 2061 5016 ni-

479 5056 559 5110 hil
591 5057 819 5124 implere
845 5065 1079 5127 poterat.
1119 5077 1137 5109 ι
1174 5057 1315 5113 Nihil
1342 5058 1490 5113 enim
1525 5057 1594 5112 ad
1627 5054 1928 5127 perfectqu
1962 5054 2063 5109 ad-

2190 3232 2477 3305 σϐεύομεν,
2505 3234 2580 3300 ὡς
2606 3236 2697 3291 τοῦ
2722 3236 2857 3292 Θεοῦ
2890 3240 3351 3310 παρακαλοῦντος
3375 3243 3443 3297 δι’
3464 3243 3618 3316 ἡμῶν
3637 3259 3650 3274 ·
3673 3240 3766 3294 δεό-

2189 3325 2330 3397 μεθα
2355 3328 2496 3399 ὐπὲρ
2518 3330 2755 3400 Χριστοῦ
2775 3377 2787 3399 ,
2812 3336 3197 3407 καταλλάγητε
3221 3337 3306 3409 τῷ
3328 3337 3473 3409 Θεῷ.
3504 3356 3522 3389 ι
3551 3336 3653 3391 Καὶ
3682 3334 3767 3404 μὴν

2183 3420 2213 3471 ό
2240 3419 2445 3493 Πέτρος
2473 3424 2586 3486 τοῖς
2631 3423 2905 3490 Ἰουδαίοις
2939 3426 3134 3498 δήμοις
3163 3428 3228 3483 ὲν
3264 3429 3559 3503 παρρησία
3584 3427 3766 3483 λαλῶν·

2189 3527 2209 3562 ι
2247 3511 2356 3565 Καὶ
2399 3510 2527 3579 νῦν,
2556 3514 2795 3586 ἀδελφοὶ,
2851 3513 2993 3585 οἶδα,
3044 3520 3127 3574 ὅτι
3162 3520 3321 3575 κατά
3361 3521 3589 3589 ἄγνοιαν
3626 3518 3769 3588 ἐπρά-

2184 3601 2532 3676 ξατε,ῶσπερ
2550 3605 2640 3660 καὶ
2656 3609 2706 3660 ot
2726 3607 2984 3680 ἄρχοντες
2997 3611 3175 3683 ὐμῶν.
3204 3633 3224 3667 ι
3254 3645 3330 3655 —
3362 3634 3382 3666 α
3410 3614 3771 3685 Μετανοήσατε

2181 3686 2273 3746 οῦν
2309 3694 2401 3747 καὶ
2441 3694 2796 3769 βαπτισθήτω
2840 3699 3073 3765 ἕκαστος
3109 3702 3276 3773 ὑμῶν
3302 3747 3318 3771 ,
3355 3706 3418 3758 ὲν
3458 3704 3538 3776 τῷ
3574 3704 3770 3773 ὀνόματι

2179 3784 2274 3838 τοῦ
2328 3788 2537 3859 Κυρίου
2593 3789 2751 3861 ἡμῶν
2813 3791 2989 3864 Ἰησοῦ
3049 3794 3325 3865 Χριστοῦ.
3380 3816 3398 3848 ι
3446 3796 3610 3869 Ὁρᾷς
3644 3795 3768 3857 ὅπως

2181 3874 2281 3947 μὲν
2336 3877 2433 3930 καὶ
2483 3880 2597 3941 τοῖς
2657 3879 2812 3935 οῦπω
2869 3885 3316 3940 πεπιστευκόσιν
3352 3885 3639 3942 ὑπαντῶσι
3686 3884 3771 3955 μὲν

2178 3967 2588 4038 προθυμότατα,
2621 3968 2712 4024 τὸν
2751 3971 2809 4025 δὲ
2845 3970 2998 4026 οὐπω
3031 3972 3353 4046 ζητηθέντα
3395 3975 3771 4049 προκομίζουσι

2176 4057 2336 4126 λόγον
2365 4098 2379 4124 ,
2415 4059 2477 4112 οὐ
2526 4062 2637 4125 τοῖς
2688 4063 2975 4131 ἀγνοοῦσιν
3027 4067 3221 4133 αὐτοῖς
3284 4071 3685 4143 ἐπιτρέποντες
3722 4065 3773 4121 τὸ

2176 4150 2376 4221 χρῆναι
2437 4150 2690 4223 πρώτους
2735 4155 2936 4220 αὐτοὺς
2983 4157 3356 4229 ἐπιλέγεσθαι
3416 4162 3772 4225 διδασκάλους,

2176 4239 2313 4294 ἀλλὰ
2342 4240 2634 4309 φθάνοντες
2683 4247 2765 4310 είς
2814 4246 2974 4301 τοῦτο
2995 4288 3009 4313 ,
3041 4250 3136 4303 καὶ
3168 4251 3272 4305 τὸν
3315 4253 3482 4309 οῦπω
3524 4255 3706 4326 μαθεῖν
3729 4267 3774 4303 τι

2173 4329 2285 4384 τῶν
2313 4332 2626 4401 ἀναγκαίων
2658 4335 2935 4393 ἐθέλοντα.
2980 4340 3203 4411 Ἐπειδὴ
3242 4344 3308 4398 δὲ
3334 4349 3456 4411 τοῖς
3476 4346 3572 4401 τοῦ
3609 4342 3773 4414 Συκῆν

2178 4439 2271 4494 ρος
2300 4424 2333 4495 ἡ
2341 4423 2459 4494 μῶν
2492 4424 2813 4497 πρόσκειται
2842 4429 3023 4499 λόγοις
3043 4432 3103 4486 τὸ
3124 4451 3144 4484 ε
3171 4434 3306 4491 Ἵνα
3328 4438 3499 4509 ὑμεῖς
3523 4439 3776 4508 ὑπάγητε,

2175 4515 2272 4570 καὶ
2314 4518 2527 4587 καρπὸν
2561 4519 2783 4591 φέρητε,
2817 4523 2911 4576 καὶ
2941 4525 2970 4577 6
3013 4525 3238 4596 καρπὸς
3273 4530 3443 4601 ὑμῶν
3473 4530 3648 4605 μένῃ·
3680 4549 3697 4581 ι
3731 4526 3777 4581 τί

2172 4624 2304 4662 ποτε
2339 4610 2448 4680 ἄρα
2474 4611 2570 4665 καὶ
2609 4611 2770 4666 τοῦτο
2790 4613 2941 4685 δηλοῖ
2972 4615 3212 4688 ζητῆσαι
3246 4624 3562 4694 προσήκει,
3593 4624 3656 4676 Τί
3685 4620 3779 4689 γὰρ

2171 4698 2238 4753 ἂν
2266 4703 2457 4767 νοοῖτο,
2499 4703 2595 4757 καὶ
2624 4703 2745 4768 πῶς
2769 4704 2831 4758 τὸ
2858 4705 3058 4776 λέγειν,
3079 4708 3162 4762 ὅτι
3198 4711 3369 4782 μένει
3390 4716 3506 4768 τῶν
3536 4711 3777 4786 μαθητῶν

2168 4792 2198 4844 ὀ
2231 4793 2474 4863 καρπός;
2515 4790 2688 4866 Οἶμαι
2733 4796 2933 4860 τοίνυν,
2970 4799 3053 4853 ὅτι
3088 4803 3327 4873 καρπὸν
3359 4806 3607 4875 μένοντά
3633 4818 3781 4876 φησιν

2167 4880 2197 4932 ὁ
2233 4884 2449 4957 Σωτὴρ,
2483 4884 2576 4940 τὸν
2605 4886 2696 4940 διὰ
2732 4889 2835 4959 τῆς
2867 4889 3246 4963 εὐαγγελικῆς
3282 4896 3672 4962 παιδεύσεως,
3699 4894 3783 4949 καὶ

2163 4974 2285 5045 οὐχὶ
2313 4975 2413 5046 τῆς
2433 4977 2490 5030 ὲν
2517 4977 2668 5049 νόμῳ
2691 4978 3055 5048 δικαιοσύνης.
3093 4983 3523 5043 Πεπαλαίωται
3553 4988 3653 5059 μὲν
3685 4988 3785 5055 γὰρ

2164 5066 2370 5136 ἐκείνη,
2398 5066 2488 5121 διὰ
2514 5067 2576 5121 τὸ
2604 5069 2771 5141 μηδὲν
2790 5071 3053 5128 δύνασθαι
3081 5074 3374 5147 πληροῦν.
3401 5099 3421 5131 ι
3458 5079 3783 5135 Τετελείωκε

477 5146 642 5201 duxit
685 5152 796 5210 lex,
838 5167 857 5201 ι
898 5150 1055 5218 juxta
1086 5147 1241 5205 Pauli
1272 5150 1481 5204 dict.qu
1528 5148 1614 5214 ⁸⁸;
1645 5147 1740 5203 sed
1778 5148 1902 5217 ejus
1942 5148 2064 5201 loco

474 5246 667 5295 exorta
697 5249 784 5297 est
815 5256 979 5307 nova,
1011 5258 1133 5312 quae
1166 5242 1402 5312 primam
1450 5241 1704 5310 antiquat
1736 5255 1799 5296 ac
1822 5239 1984 5301 delet.
2010 5246 2063 5295 et

471 5347 602 5388 vere
662 5340 975 5388 manentem
1039 5350 1104 5390 ac
1154 5334 1465 5390 durabilem
1523 5332 1759 5387 fructum
1816 5332 2050 5387 inducit.

473 5419 824 5494 Quapropter
862 5425 1026 5479 etiam
1082 5426 1305 5481 divinus
1365 5425 1456 5480 ille
1503 5424 1709 5480 Paulus
1760 5438 1860 5480 nos
1909 5424 2052 5478 allo-

2162 5156 2271 5227 γάρ
2309 5157 2339 5209 6
2376 5159 2540 5228 νόμος
2566 5159 2740 5223 οὐδὲν,
2774 5181 2793 5214 ι
2832 5162 2976 5217 κατὰ
3015 5165 3117 5235 τὴν
3158 5166 3268 5221 τοῦ
3307 5169 3543 5226 Παύλου
3586 5170 3782 5242 φωνὴν,

2162 5247 2490 5302 ἀντανέθαλε
2526 5249 2585 5303 δὲ
2613 5248 2803 5323 ὥσπερ
2842 5255 2936 5307 καὶ
2966 5254 3368 5330 ἀντανέκυψεν
3406 5263 3443 5331 ἡ
3477 5262 3664 5332 καινὴ,
3684 5277 3782 5312 πα-

2162 5336 2391 5393 λαιοῦσά
2436 5356 2497 5393 τε
2547 5340 2645 5413 τὴν
2700 5342 2921 5417 πρώτην
2945 5384 2960 5409 ,
2993 5345 3089 5400 καὶ
3126 5347 3510 5417 ἀφανίζουσα
3534 5396 3549 5420 ,
3581 5353 3673 5407 καὶ
3701 5351 3784 5405 τὸν

2160 5428 2378 5500 ἀληθῶς
2411 5431 2646 5501 μένοντά
2683 5451 2739 5487 τε
2767 5435 2862 5488 καὶ
2903 5436 3222 5507 σωζόμενον
3256 5442 3624 5515 εἰσφέρουσα
3651 5458 3781 5511 acap-

2156 5520 2279 5574 πόν.
2337 5520 2625 5595 Τοιγάρτοι
2659 5527 2752 5599 καὶ
2785 5526 2999 5591 Παῦλος
3037 5529 3175 5599 ἡμῖν
3215 5532 3248 5585 ό
3284 5532 3598 5600 θεσπέσιος
3627 5550 3786 5606 προοο

2146 5612 2345 5678 λαλῶν,
2367 5614 2560 5700 ἥδιστά
2603 5634 2664 5670 τε
2704 5619 2799 5674 καὶ
2848 5620 3095 5692 εὐμενῶς
3135 5622 3254 5694 τὴν
3302 5628 3369 5681 ἐν
3406 5626 3784 5699 νόμᾳδικαιο-

471 5530 672 5585 quens,
700 5515 1064 5573 libentissime
1093 5534 1153 5574 se
1173 5517 1405 5588 iustitia:
1442 5518 1631 5587 legalis
1656 5517 1931 5587 jacturam
1968 5515 2049 5571 fe-

471 5607 617 5661 cisse
659 5606 757 5672 ait,
782 5614 842 5661 ut
886 5606 1167 5664 Christum
1200 5608 1573 5681 lucrifaceret,
1605 5612 1709 5667 hoc
1736 5619 1821 5668 est
1852 5625 1949 5680 per
1977 5613 2040 5666 ﬁ-

542 5784 657 5841 "ll
683 5785 813 5842 Cor.
848 5800 903 5855 v,
944 5787 1034 5842 20.
1110 5789 1295 5845 "Act.
1336 5804 1420 5858 Ill,
1461 5792 1544 5846 l7.
1623 5792 1818 5846 “Aet.
1865 5806 1925 5857 tt,
1961 5790 2051 5847 38.
2142 5791 2188 5826 ³⁸
2216 5792 2383 5850 Hebr.
2430 5813 2537 5857 vn.
2575 5798 2656 5855 i9.
