3938 6412
184 360 293 415 ’593

1240 352 1305 407 ΙΝ
1345 345 1638 406 ιοΑΝΜδ
1678 341 2129 401 EVANGELIUM
2163 341 2288 397 LIB.
2326 340 2392 395 Χ.

3353 334 3458 390 ενι

184 478 361 548 σύνην
390 476 734 548 ἐζημιῶσθαι
765 491 952 544 φησιν,
975 473 1064 526 ῖνα
1089 472 1324 543 κερδάνῃ
1350 467 1607 549 Χριστὸν,
1634 462 1779 517 τοῦτ’

1890 463 2007 517 dem
2057 463 2111 516 in
2144 462 2347 532 ipsum,
2379 458 2647 529 justitiam
2679 467 2732 515 et
2759 454 3238 511 fructificationem
3290 468 3459 510 evan-

181 570 337 631 ἔστι,
379 569 468 622 διὰ
511 568 752 631 πίστεως
790 568 890 637 τῆς
935 566 1017 628 είς
1050 565 1247 627 αὐτὸν,
1295 558 1642 627 δικαιοσύνην
1686 559 1782 609 καὶ

180 661 571 731 καρποφορίαν
623 657 1008 728 εὐαγγελικήν.
1051 657 1308 725 Διαμενεῖ
1340 651 1451 723 γὰρ
1481 652 1510 703 6
1542 647 1783 709 τοιοῦτος

181 755 280 803 καὶ
311 752 571 823 διηνεκὴς
614 752 770 804 ἔσται
818 748 1051 820 καρπὸς,
1084 745 1470 817 πληρεστάτην
1513 744 1593 806 εἰς
1629 738 1784 792 εὐσέ-

178 844 342 894 6ειαν
377 842 475 914 τὴν
506 845 599 897 τοῦ
632 845 923 917 ἀνθρώπου
957 842 1136 913 ψυχὴν
1154 840 1441 894 ἀποτελεῖν
1462 835 1779 903 δυνάμενος.

176 934 257 986 Οὐ
288 932 401 1006 γὰρ
425 937 539 998 τοῖς
566 936 941 1003 εὐαγγελικοῖς
958 934 1300 1005 κηρύγμασι,
1323 930 1483 997 καινή
1515 943 1597 987 τις
1618 922 1781 993 ἑτέρα

179 1026 690 1097 παρεισδραμεῖται
718 1026 1001 1089 παίδευσις
1041 1023 1354 1077 παλαιοῦσα
1384 1019 1483 1089 τὴν
1511 1013 1738 1086 πρώτην
1765 1030 1779 1043 °

177 1116 445 1188 καθάπερ
493 1119 687 1187 ἀμέλει
722 1118 946 1186 γέγονεν
977 1119 1071 1169 ἐπὶ
1094 1117 1192 1185 τῆς
1221 1113 1309 1167 διὰ
1356 1109 1599 1169 Μωσέως
1629 1107 1780 1157 ἐντο-

179 1208 303 1277 λῆς,
340 1209 462 1262 ἀλλ’
506 1211 588 1272 εἰς
626 1209 801 1262 αἰῶνα
844 1209 1100 1280 στήσεται
1125 1206 1220 1260 τοῦ
1262 1203 1514 1272 Σωτῆρος
1544 1199 1574 1251 ὁ
1599 1198 1780 1264 λόγος,

1880 556 2133 626 gelicam.
2157 553 2311 606 Talis
2340 551 2542 606 etenim
2574 549 2914 620 permanebit
2938 562 3002 603 ac
3033 557 3328 617 perpetuus
3354 547 3461 600 erit

1882 647 2119 707 fructus,
2150 646 2242 716 qui
2294 645 2470 714 possit
2513 644 2756 699 hominis
2805 644 3042 696 animam
3085 641 3153 695 ad
3203 642 3460 711 pietatem

1882 736 2320 790 cumulatissime
2377 735 2657 805 perﬁcere.
2708 734 2818 789 Nec
2861 734 3006 789 enim
3057 733 3164 787 alia
3211 734 3320 787 ulla
3363 733 3463 786 do-

1882 829 2059 882 ctrina
2093 828 2403 898 antiquabit
2431 828 2823 898 cvangelicam,
2860 826 3022 881 sicuti
3059 826 3316 883 nimirum
3347 825 3464 880 Mo-

1886 921 2036 974 saica
2070 921 2351 990 antiquata
2384 930 2465 975 est
2508 936 2601 989 per
2631 920 3024 989 evangelicam,
3058 919 3154 974 sed
3199 920 3255 972 in
3300 928 3463 973 aeter-

1888 1025 2020 1064 num
2074 1012 2245 1065 stabit
2292 1011 2604 1065 Scrvatoris
2650 1025 2851 1074 sermo,
2900 1009 3361 1079 quemadmodum
3411 1016 3466 1062 et

1889 1103 2006 1172 ipse
2027 1103 2105 1156 ait
2136 1104 2368 1158 alicubi:
2408 1123 2426 1154 ‹
2455 1103 2666 1157 Caelum
2695 1112 2747 1157 et
2774 1112 2918 1157 terra
2945 1103 3282 1165 transibunt,
3301 1103 3472 1157 verba‘

1887 1203 2070 1247 autem
2103 1210 2223 1248 mea
2256 1210 2364 1248 non
2392 1196 2708 1249 transibunt
2731 1195 2798 1248 ⁸⁸.
2840 1214 2857 1245 ι

175 1303 331 1357 καθά
372 1322 478 1357 που
526 1306 620 1358 καὶ
671 1305 837 1368 αὐτός
886 1321 1053 1375 φησιν
1081 1318 1094 1334 ⁸
1132 1322 1151 1355 ι
1195 1302 1256 1354 '0
1307 1297 1571 1370 οὐρανὸς,
1642 1291 1736 1346 καὶ
1778 1290 1810 1359 ἡ
1852 1288 1924 1357 γῆ
1983 1288 2408 1360 παρελεύσεται,
2476 1291 2525 1344 οἱ
2572 1289 2626 1343 δὲ
2671 1289 2816 1357 λόγοι
2872 1307 2973 1360 μου
3021 1289 3082 1341 οὑ
3130 1288 3203 1359 μὴ
3262 1288 3465 1360 παρέλ-

174 1393 373 1447 θωσιν.
409 1413 427 1445 ι

249 1488 326 1540 El
370 1489 406 1539 ό
449 1487 678 1554 κόσμος
723 1486 879 1555 ὑμᾶς
929 1485 1114 1556 μισεῖ,
1164 1483 1489 1554 γινώσκετε
1541 1479 1629 1533 ὅτι
1674 1477 1781 1546 ἐμὲ

173 1576 426 1645 πρῶτον
458 1576 626 1643 ὑμῶν
642 1579 958 1646 μεμίσηκε.
1767 1603 1776 1609 ·

249 1670 369 1738 Τῆς
401 1668 513 1720 τῶν
543 1668 744 1739 ἰατρῶν
775 1670 1089 1740 ἐμπειρίας,
1124 1669 1218 1721 καὶ
1256 1666 1533 1737 ὲξαιρέτου
1564 1664 1777 1736 τέχνης,

170 1760 339 1812 οὐδὲν
391 1755 550 1829 οἶμαι
582 1761 862 1825 παντελῶς
897 1761 1231 1815 ἀποδέουσαν
1259 1759 1357 1831 τὴν
1402 1759 1495 1811 τοῦ
1528 1759 1781 1827 Σωτῆρος

172 1853 498 1924 εὑρήσομεν
546 1854 802 1924 μέθοδον,
841 1856 907 1926 ἢν
960 1855 1044 1923 ἐφ’
1093 1854 1308 1923 ἑκάστῳ
1355 1854 1589 1904 ποιεῖται
1640 1848 1781 1919 πρά-
1819 1885 1855 1940 Β

174 1961 357 2014 γματι
383 1986 400 2011 ,
446 1946 790 2016 πανταχόθεν
836 1938 897 2000 τὸ
942 1944 1219 2007 λυσιτελὲς
1265 1944 1376 2006 τοῖς
1412 1940 1782 2013 ἀκροωμένοις

178 2038 273 2089 ἀεὶ
321 2036 823 2107 μηχανώμενος.οἱ
856 2038 958 2106 μὲν
998 2038 1106 2108 γὰρ
1136 2037 1236 2107 τὴν
1263 2033 1530 2104 ἐσομένην
1556 2030 1666 2085 ἐσθ’
1696 2032 1785 2084 ὅτε

176 2132 241 2181 ἐν
268 2132 387 2191 τοῖς
438 2127 656 2198 σώμασι
690 2128 799 2181 τῶν
861 2127 1053 2181 παθῶν
1107 2126 1437 2196 δυστροπίαν
1489 2122 1784 2194 ἀνασειρά-

177 2221 364 2283 {oua-rt.
408 2223 534 2283 ταῖς
572 2219 682 2273 άπὸ
706 2221 804 2289 τῆς
827 2219 1024 2289 τέχνης
1048 2220 1368 2285 ἐπαγωγαῖς
1387 2233 1400 2246 ⁸
1437 2219 1465 2270 6
1490 2216 1548 2268 δὲ
1581 2215 1679 2284 τὴν
1705 2216 1786 2277 εἰς

174 2312 244 2364 τὸ
284 2312 482 2383 πρόσω
532 2310 766 2381 πάροδον
805 2311 1142 2380 ἁποφράττει
1201 2311 1316 2371 τοῖς
1378 2308 1606 2372 κακοῖς,
1656 2320 1788 2371 προ-

179 2405 558 2474 φυλακτικαῖς
619 2402 810 2474 ὥσπερ
865 2403 974 2455 τισὶ
1035 2400 1496 2471 προανατειχίζων
1548 2397 1788 2461 ἐντολαῖς

180 2497 286 2564 τὴν
330 2497 568 2548 ἑκάστου
609 2494 808 2562 ψυχήν.
853 2493 1071 2564 Ἐπειδὴ
1098 2492 1275 2546 τοίνυν
1312 2490 1535 2561 ἔμελλον
1572 2490 1673 2542 οὐκ
1697 2486 1783 2559 ἐφ’

175 2586 303 2648 ἐνὸς
354 2584 548 2648 ἔθνους
586 2585 787 2655 τυχὸν,
812 2585 927 2637 ἀλλ’
961 2584 1083 2638 οὐδὲ
1126 2586 1220 2638 ἐπὶ
1249 2584 1434 2655 χώρας
1475 2586 1604 2653 μιᾶς
1647 2599 1783 2653 προ-

178 2678 433 2748 εδρεύειν
460 2679 513 2731 οἱ
543 2672 805 2748 μαθηταὶ,
823 2660 1240 2746 καθηγήσασθαι
1262 2676 1319 2730 δὲ
1342 2675 1541 2746 μᾶλλον
1568 2675 1786 2745 ἁπάσης

174 2769 284 2838 τῆς
316 2768 412 2839 ὑφ’
443 2758 583 2839 ἡλίῲ
610 2808 624 2831 ,
656 2768 753 2822 καὶ
783 2770 897 2831 τοῖς
930 2768 1071 2822 κατὰ
1103 2769 1282 2821 πᾶσαν
1328 2767 1425 2837 τὴν
1457 2767 1784 2838 οἰκουμένην

174 2863 274 2917 τὸν
308 2863 674 2932 εὐαγγελικδν
709 2862 804 2915 καὶ
850 2862 994 2916 θεῖον
1030 2861 1356 2932 διακηρύξαι
1393 2862 1577 2930 λόγον,
1605 2878 1784 2932 παρα-

170 2956 412 3027 τρέπειν
462 2971 522 3009 τε
559 2956 687 3019 τοὺς
733 2954 1118 3025 ἀκροωμένους
1147 2955 1240 3006 ἐπὶ
1283 2954 1344 3007 τὸ
1373 2953 1519 3024 μόνῳ
1544 2952 1623 3023 τῷ
1663 2951 1783 3022 Θεῷ

173 3044 397 3108 δοκοῦν,
454 3046 550 3097 καὶ
588 3044 915 3114 μεταθήσειν
947 3043 1005 3109 ἐξ
1039 3043 1317 3114 ἁμαρτίας
1366 3044 1460 3096 ἐπὶ
1491 3044 1551 3095 τὸ
1597 3043 1783 3112 βούλε-

178 3136 309 3190 σθαι
335 3138 474 3206 δρᾷν
507 3137 577 3188 τὰ
607 3138 791 3200 αὐτοῖς
820 3135 1119 3206 πρέποντα,
1157 3137 1251 3187 καὶ⁵
1300 3128 1498 3187 κανόνα
1530 3134 1628 3204 τῆς
1657 3135 1784 3188 ἐαυ-

1958 1470 2075 1536 ΧὛ,
2110 1470 2199 1526 18.
2232 1470 2293 1526 Si
2318 1472 2547 1525 mundus
2579 1488 2665 1526 vos
2688 1471 2819 1533 odit,
2856 1470 3040 1524 scitote
3061 1471 3185 1538 quia
3210 1487 3289 1524 me
3317 1474 3463 1540 prio-

1889 1580 1995 1617 rem
2025 1564 2172 1618 vobis
2205 1564 2327 1618 odio
2353 1563 2562 1619 habuit.

1960 1654 2268 1709 Servatoris
2302 1655 2619 1710 methodum
2666 1668 2831 1724 quam
2870 1654 3069 1723 cuique
3119 1654 3193 1709 rei
3243 1654 3469 1710 adhibet

1887 1756 1942 1801 ct
1972 1763 2081 1816 qua
2116 1746 2250 1817 quid
2303 1746 2649 1801 auditoribus
2688 1746 2864 1815 prosit
2897 1754 3162 1815 perpetuo
3207 1747 3466 1806 rimatur.

1888 1840 2044 1903 nihil,
2073 1840 2290 1909 opinor,
2340 1837 2560 1893 differre
2603 1838 3003 1907 comperiemus
3034 1838 3104 1891 ab
3136 1838 3338 1892 eximia
3376 1837 3469 1891 illa

1886 1930 2081 2000 peritia
2109 1939 2162 1984 et
2193 1937 2310 1984 arte
2345 1928 2707 1983 medicorum.
2740 1927 2808 1982 Hi
2837 1929 2983 1981 enim
3036 1926 3298 1983 adhibitis
3329 1928 3468 1986 artis

1887 2022 2147 2078 remediis
2171 2022 2393 2078 morbos
2421 2021 2756 2092 corporibus
2783 2022 3110 2090 ingruentcs
3143 2019 3467 2074 retundant:

1887 2116 1977 2171 ille
2002 2114 2212 2169 aditum
2237 2115 2398 2171 malis
2421 2113 2755 2177 intercludit,
2782 2112 3139 2168 cautionibus
3162 2113 3325 2168 veluti
3349 2114 3472 2184 qui-

1884 2206 2118 2262 busdam
2151 2206 2594 2276 uniuscujusque
2628 2203 2870 2259 animum
2900 2203 3295 2273 prmmuniens.
3329 2202 3471 2270 Quia

1884 2314 2015 2368 ergo
2049 2298 2322 2354 debebant
2368 2314 2475 2352 non
2511 2297 2675 2351 unius
2707 2295 3091 2366 tantummodo
3137 2297 3338 2366 gentis,
3367 2311 3472 2351 nec

1887 2390 2054 2445 unius
2098 2393 2365 2445 duntaxat
2411 2389 2654 2460 regionis
2683 2391 2852 2445 duces
2886 2404 3012 2445 esse
3055 2390 3335 2459 discipuli,
3369 2391 3469 2446 sed

1885 2482 2202 2539 constitutis
2249 2497 2345 2552 per
2391 2482 2713 2538 universum
2743 2482 2932 2537 orbem
2987 2482 3304 2538 hominibus
3330 2481 3473 2536 divi-

1886 2590 2018 2630 num
2046 2583 2100 2629 ct
2123 2574 2505 2644 evangelicum
2549 2588 2859 2630 sermonem
2900 2574 3253 2644 praedicaturi
3286 2584 3469 2639 erant,

1885 2673 2051 2737 atque
2107 2666 2174 2721 ad
2222 2666 2387 2721 unius
2419 2665 2513 2721 Dei
2561 2665 2890 2735 obsequium
2926 2665 3211 2722 auditores
3240 2682 3471 2721 conver-

1886 2758 2028 2823 suri,
2060 2767 2115 2813 et
2140 2772 2171 2811 a
2229 2764 2455 2827 peccato
2481 2758 2546 2813 ad
2579 2757 2838 2811 virtutem
2873 2764 2927 2812 et
2970 2757 3312 2813 honestatem
3356 2766 3470 2812 tra—

1885 2848 2129 2914 ducturi,
2178 2862 2399 2917 suaeque
2440 2846 2565 2901 vitae
2599 2846 2842 2916 regulam
2890 2846 3062 2916 legem
3093 2848 3468 2916 evangelicam

1885 2932 2213 3005 adhibituri,
2232 2940 2552 2996 necessario
2577 2939 2645 2995 iis
2691 2939 2940 3009 praecipit
2980 2949 3039 2993 ut
3070 2940 3228 2994 nihili
3262 2939 3471 2996 faciant

1885 3032 2011 3086 odio
2041 3048 2072 3085 a
2104 3033 2308 3087 mundo
2348 3027 2559 3097 haberi,
2592 3033 2644 3087 id
2671 3041 2777 3098 est,
2800 3035 2870 3089 ab
2901 3033 2974 3088 iis
3002 3033 3096 3103 qui
3124 3048 3245 3102 quae
3274 3035 3468 3088 mundi

1887 3129 2020 3177 sunt
2052 3123 2295 3191 sapiunt,
2328 3130 2383 3178 et
2415 3122 2582 3193 impie
2620 3130 2787 3192 atque
2817 3121 3111 3177 libidinose
3158 3123 3326 3176 vitam
3376 3122 3472 3177 de-

176 3223 290 3273 τῶν
317 3220 472 3290 ζωῆς
503 3222 777 3275 ποιεῖσθαι
809 3223 899 3275 τὸν
928 3223 1114 3293 νόμον,
1144 3240 1217 3294 φη
1227 3222 1289 3292 μὶ
1313 3223 1370 3275 δὲ
1388 3223 1478 3276 τὸν
1503 3223 1782 3291 εὐαγγελι-

1890 3223 2042 3285 gunt.
2068 3216 2137 3267 At
2171 3228 2422 3284 quamam
2452 3221 2535 3270 est
2558 3213 2795 3284 hujusce
2817 3214 2896 3269 rei
2926 3214 3097 3270 ratio?
3127 3212 3267 3269 Num
3294 3214 3466 3276 enim,

177 3314 299 3375 κὸν,
343 3314 671 3381 ἀναγκαίως
712 3314 898 3376 αὐτοῖς
925 3315 1057 3384 παρ’
1083 3313 1237 3367 οὐδὲν
1266 3314 1538 3368 ποιεῖσθαι
1568 3315 1781 3369 κελεύει

174 3408 242 3458 τὸ
267 3407 425 3476 παρὰ
454 3405 549 3459 τοῦ
575 3407 781 3476 κόσμου
815 3406 1111 3475 μισεῖσθαι,
1139 3405 1283 3460 τοῦτ’
1313 3406 1449 3469 ἐστι,
1482 3408 1634 3480 παρὰ
1671 3408 1781 3462 τῶν

180 3495 532 3565 φρονούντων
564 3496 634 3548 τὰ
669 3498 728 3547 ἐν
750 3496 963 3566 κόσμῳ,
986 3496 1081 3550 xui.
1116 3497 1419 3567 φιληδόνως
1447 3500 1542 3553 καὶ
1568 3499 1782 3564 ἀσεϐῶς

178 3587 281 3657 ζῇν
308 3588 606 3657 ἑλομένων.
647 3588 756 3640 Καὶ
789 3588 874 3651 τίς
902 3588 968 3641 ἂν
998 3588 1084 3661 εἴη
1116 3588 1278 3642 πάλιν
1312 3592 1341 3643 6
1366 3590 1556 3644 τούτου
1587 3592 1779 3660 λόγοςς

176 3675 331 3751 τΔρα
355 3680 490 3749 γὰρ,
522 3679 645 3732 εἰπέ
670 3696 782 3750 μοι,
811 3682 1038 3749 φήσειεν
1064 3679 1129 3733 ἄν
1153 3698 1238 3744 τις
1255 3681 1438 3751 τυχὸν,
1467 3683 1532 3735 τὶ
1556 3683 1783 3737 τοιαῦτα

178 3775 292 3834 τοῖς
322 3771 525 3825 ἑαυτοῦ
562 3769 831 3841 μαθηταῖς
863 3770 1278 3825 διακελεύεσθαι
1311 3772 1423 3825 δεῖν
1462 3775 1783 3845 ἐδοκίμασεν

178 3865 209 3914 6
231 3862 494 3933 Χριστὸς,
523 3862 806 3930 ὲπωςρελές
829 3880 882 3916 τι
927 3862 1211 3933 χρῆμαητὸ
1252 3863 1527 3932 μισεῖσθαι
1547 3864 1780 3930 δεικνὺς,

181 3956 522 4024 ἀδιακρίτως
552 3971 612 4007 τε
660 3954 757 4008 καὶ
804 3956 893 4008 ἐπ’
927 3956 1105 4010 οὐδενὶ
1129 3956 1293 4027 τυχὸν
1319 3957 1428 4009 τῶν
1466 3958 1783 4026 ἀναγκαίων

181 4048 260 4111 εἰς
281 4048 479 4117 ὄνησιν
499 4062 515 4111 ;
547 4047 764 4115 Ἀπαγε
787 4048 886 4119 τῆς
913 4047 1175 4119 ἀμαθίας,
1202 4050 1277 4102 Οὐ
1304 4050 1414 4121 γὰρ
1436 4050 1502 4104 ἂν
1525 4053 1606 4114 είς
1627 4051 1786 4105 τοῦτο

182 4138 470 4192 διὼλισθεν
503 4142 531 4193 ὁ
560 4140 717 4208 λόγος
753 4138 904 4210 αὐτῷ
924 4156 938 4169 ·
962 4140 1024 4193 τὸ
1061 4139 1340 4210 μισεῖσθαι
1363 4142 1420 4195 δὲ
1442 4143 1541 4213 οὐχ
1572 4143 1782 4209 ἁπλῶς,

182 4231 243 4283 οὐ
298 4231 513 4303 σφόδρα
563 4231 926 4300 φυλάττεσθαι
965 4232 1115 4304 παρὰ
1157 4233 1358 4295 παντὸς
1390 4233 1784 4304 συμϐουλεύει,

185 4320 568 4390 διωρισμένως
597 4321 765 4390 φησὶν
788 4360 803 4384 ,
828 4321 1030 4392 ἄριστά
1072 4339 1131 4376 τε
1167 4323 1263 4376 καὶ
1308 4322 1742 4395 διακεκριμένως
1769 4344 1782 4359 ο

189 4429 205 4458 ι
246 4411 311 4462 Εἰ
343 4412 374 4463 ὀ
403 4410 610 4480 κόσμος
632 4411 777 4481 ὑμᾶς
818 4414 986 4482 μισεῖ,
1016 4431 1033 4464 ι
1064 4412 1210 4466 τοῦτ’
1249 4412 1415 4478 ἐστιν,
1445 4415 1494 4467 εἰ
1524 4417 1618 4469 καὶ
1653 4417 1785 4486 μέλ-

184 4498 327 4551 λοιεν
364 4499 513 4568 ὑμᾶς
538 4498 626 4552 διὰ
655 4499 848 4568 μίσους
878 4501 1022 4570 ἔχειν
1050 4503 1097 4554 οἱ
1145 4502 1214 4555 τὰ
1238 4504 1295 4555 ἐν
1330 4504 1520 4577 κόσμῳ
1562 4525 1788 4579 τετιμη-

1882 3308 2027 3362 dicet
2061 3306 2247 3363 forsan
2282 3308 2505 3378 aliquis,
2547 3309 2665 3364 suis
2694 3307 2986 3376 discipulis
3045 3307 3304 3365 Christus
3353 3309 3471 3366 haec

1885 3398 2148 3453 mandare
2190 3398 2367 3453 voluit
2397 3397 2564 3469 895
2603 3399 2749 3467 quod
2807 3399 3127 3455 ostenderet
3159 3400 3293 3456 utile
3325 3416 3469 3467 esse,

1883 3490 2012 3545 odio
2045 3491 2234 3545 haberi
2274 3491 2754 3546 indiscriminatim
2802 3500 2858 3546 et
2911 3491 2967 3545 in
3006 3507 3067 3546 re
3108 3494 3319 3549 nullius
3349 3508 3471 3548 mo-

1884 3583 2098 3638 menti?
2148 3582 2309 3638 Absit
2349 3589 2502 3637 tanta
2536 3583 2843 3653 imperitia!
2884 3582 2996 3640 Nec
3023 3587 3166 3640 enim
3199 3601 3265 3641 eo
3301 3588 3473 3656 porti-

1886 3680 1978 3726 net
2011 3672 2132 3741 ejus
2175 3673 2394 3726 oratio:
2438 3688 2549 3734 non
2585 3673 2734 3727 enim
2774 3673 3105 3743 simpliciter
3134 3676 3376 3730 consulit
3413 3685 3473 3730 ut

1885 3762 1939 3817 in
1973 3762 2158 3818 odium
2205 3762 2453 3832 cujusvis
2488 3764 2776 3819 incurrere
2806 3779 2906 3833 pro
2940 3764 3113 3819 nihilo
3152 3766 3425 3821 ducamus
3453 3785 3469 3832 ;

1885 3853 1980 3909 sed
2015 3855 2277 3910 distincte
2307 3857 2407 3918 ait,
2458 3861 2514 3910 et
2555 3862 2705 3911 recte
2760 3856 3084 3925 cumprimis
3121 3872 3185 3913 ac
3214 3857 3420 3914 diserte
3452 3878 3467 3913 :

1891 3965 1911 3996 ι
1949 3944 2007 4000 Si
2038 3960 2136 4000 vos
2168 3947 2287 4001 odit
2327 3946 2588 4010 mundus,
2627 3965 2647 3997 ι
2679 3946 2730 4000 id
2774 3954 2878 4009 est,
2923 3947 3050 4002 licet
3079 3948 3210 4002 odio
3235 3965 3332 4004 vos
3371 3950 3472 4004 ha-

1886 4036 2053 4092 bituri
2085 4036 2200 4091 sint
2234 4037 2328 4106 qui
2366 4037 2556 4092 mundi
2592 4051 2681 4091 res
2706 4037 2759 4090 in
2802 4038 2978 4108 pretio
3011 4038 3235 4103 habent,
3268 4055 3333 4094 ac
3363 4049 3473 4096 ter-

1885 4143 2019 4184 rena
2070 4136 2282 4183 tantum
2322 4129 2583 4198 sapiunt,
2629 4131 2849 4196 scitote,
2892 4130 3114 4200 inquit,
3160 4133 3266 4189 hoc
3320 4135 3475 4203 prius

1887 4223 2139 4278 evenisse
2179 4224 2464 4295 magistro.
2516 4224 2673 4290 Quod
2705 4236 2887 4280 autem
2924 4240 3108 4280 rerum
3138 4228 3472 4296 optimarum

1888 4316 2209 4372 doctoribus
2241 4332 2350 4370 non
2382 4332 2574 4387 parum
2606 4318 2862 4374 utilitatis
2903 4318 3203 4386 allaturum
3238 4321 3310 4375 sit
3340 4319 3473 4376 Ser-

1891 4408 2101 4463 vatoris
2136 4409 2476 4471 mandatum,
2521 4410 2681 4465 facile
2724 4412 2772 4466 is
2830 4420 3094 4481 agnoscet
3133 4413 3226 4482 qui
3283 4428 3473 4468 rerum

1890 4508 2145 4554 naturam
2172 4500 2344 4568 ipsam
2371 4502 2687 4556 attenderit.
2720 4500 2909 4556 Solent
2933 4503 3078 4556 enim
3108 4503 3198 4572 qui
3228 4505 3474 4571 Spurcis-

185 4591 363 4655 κότες,
401 4591 499 4643 καὶ
523 4590 662 4662 μόνα
708 4592 1031 4664 φρονοῦντες
1072 4582 1155 4646 τὰ’
1184 4595 1277 4648 ἐπὶ
1298 4596 1395 4666 τῆς
1418 4598 1543 4668 γῆς,
1576 4598 1686 4652 ἴστε
1719 4600 1783 4670 δὴ

1891 4593 2046 4649 simis
2092 4593 2255 4649 rebus
2304 4595 2530 4649 student
2558 4602 2614 4649 et
2648 4594 2981 4665 impun-italis
3022 4595 3319 4651 “uiridante
3355 4599 3476 4652 cul-

183 4684 325 4747 τότε,
372 4683 533 4752 φησὶ,
566 4684 984 4753 προπεπονθότα
1003 4685 1162 4739 τοῦτο
1191 4687 1284 4739 τὸν
1311 4687 1784 4745 διδάσκαλον.”οτι

184 4773 235 4826 δὲ
268 4777 388 4838 τοῖς
431 4774 543 4828 τῶν
591 4776 894 4830 καλλίστων
942 4779 1261 4848 εἰσηγηταῖς
1291 4780 1350 4833 οὐ
1382 4783 1617 4853 μετρίως
1647 4785 1783 4837 οἴσει

186 4867 279 4936 τὴν
300 4866 496 4937 ὄνησιν
522 4866 619 4920 τοῦ
650 4869 905 4939 Σωτῆρος
937 4871 969 4939 ἡ
1015 4870 1227 4940 ἐντολὴ,
1260 4872 1466 4925 κατίδοι
1499 4891 1583 4937 τις
1626 4875 1692 4928 ἂν
1722 4872 1781 4931 εὖ

192 4960 333 5026 μάλα
363 4959 590 5030 ῥαδίως,
626 4963 675 5012 εξ
722 4963 788 5031 τῇ
835 4961 945 5013 τῶν
974 4963 1316 5035 πραγμάτων
1360 4965 1566 5037 ἐνορῴη
1600 4970 1781 5037 φύσει.

187 5050 337 5102 ιΙῡίλον
374 5050 478 5121 μὲν
504 5048 616 5120 γάρ
646 5067 766 5113 πως
803 5050 912 5112 ἀεὶ,
951 5050 1151 5119 μᾶλλον
1180 5051 1238 5104 δὲ
1257 5052 1332 5114 ῶς
1362 5054 1566 5107 ἐπίπαν
1588 5057 1787 5111 ἐσπου-

190 5139 455 5211 δασμένον
493 5144 612 5204 τοῖς
645 5142 756 5196 τῶν
800 5143 1100 5213 αἰσχίστων
1130 5144 1408 5214 ἐρασταῖς,
1444 5147 1539 5199 καὶ
1567 5151 1679 5213 τοῖς
1711 5154 1791 5213 εἰς

192 5231 353 5304 ἄκρον
375 5234 577 5302 ἥκουσι
610 5232 897 5304 βδελυρίας
920 5235 1217 5305 κοσμικῆς,
1254 5237 1668 5307 παρακούεσθαι
1693 5243 1792 5312 μὲν

192 5323 255 5386 ὡς
282 5323 532 5393 δυσαχθῆ
587 5324 682 5376 καὶ
713 5324 1002 5377 ἀλλόκοτον
1031 5326 1124 5377 τὸν
1161 5326 1563 5397 σωφρονίζοντα
1612 5330 1794 5400 λόγον,

195 5414 515 5484 ἐπιφύετθαι
557 5415 614 5467 δὲ
662 5420 771 5481 τοῖς
812 5419 1155 5487 εἰσηγεῖσθαι
1192 5420 1550 5486 σπουδάζουσι
1577 5425 1644 5478 τὰ
1676 5427 1784 5479 τῶν

199 5506 537 5577 μαθημάτων
571 5507 769 5576 ἄριστα
790 5549 803 5571 ,
838 5511 933 5563 καὶ
963 5509 1041 5575 κτὰ
1068 5510 1135 5562 δι’
1162 5503 1237 5563 ὧν
1264 5513 1520 5581 ἀμείνους
1548 5517 1787 5577 ἔσονται,

200 5596 228 5666 ἢ
263 5598 530 5669 πρότερον
561 5595 722 5671 ἦσαν,
757 5601 946 5670 μόναις
972 5604 1092 5665 ταῖς
1129 5603 1285 5666 ἰδίαις
1319 5604 1529 5673 ἡδοναῖς
1555 5609 1615 5660 τὸ
1640 5626 1773 5676 κραη

271 5783 314 5815 ⁸³
343 5785 511 5840 Marc.
543 5800 668 5845 xm,
707 5785 796 5838 51.

404 5872 413 5878 ’
538 5881 808 5937 Parum.
845 5877 957 5935 Gn.
989 5872 1256 5932 LXXIV.

1894 4699 2015 4737 mcn
2048 4686 2371 4754 attigerunt,
2413 4683 2820 4740 admonitiones
2855 4694 2912 4739 ut
2961 4687 3222 4744 molestas
3249 4697 3304 4743 et
3342 4705 3473 4760 gra-

1893 4789 1985 4828 ves
2017 4774 2272 4839 abjicere,
2306 4782 2360 4828 et
2388 4775 2441 4828 in
2489 4790 2585 4829 eos
2627 4776 2721 4844 qui
2778 4785 2926 4829 recta
2978 4776 3180 4833 docere
3228 4781 3475 4849 aggressi

1892 4866 2120 4931 fuerint,
2166 4867 2372 4932 quibus
2415 4866 2480 4921 ad
2534 4868 2818 4921 meliorem
2855 4866 3076 4938 frugem
3117 4882 3472 4938 revocentur,

1887 4960 2111 5028 gravius
2162 4959 2469 5029 insurgere,
2501 4959 2876 5027 voluptatibus
2909 4960 3027 5015 suis
3066 4961 3162 5016 toti
3213 4978 3470 5020 succum—

1888 5051 2100 5106 bentes.
2133 5048 2333 5105 Verum
2364 5051 2498 5105 utile
2523 5050 2783 5118 quiddam
2822 5066 2908 5106 me
2952 5054 3350 5122 propemodum
3384 5055 3470 5108 fu-

1888 5144 1987 5213 git,
2018 5142 2166 5212 quod
2200 5143 2609 5212 propositorum
2639 5143 2930 5198 verborum
2979 5144 3335 5213 explicationi
3380 5147 3469 5200 in-

1892 5234 2086 5304 primis
2117 5235 2381 5294 convenit
2406 5249 2470 5288 ac
2499 5234 2752 5290 debetur.
2793 5235 2965 5290 Judaei
2994 5235 3197 5305 quippe
3230 5237 3318 5290 uni
3352 5236 3470 5291 Mo-

1892 5325 2057 5381 saicae
2084 5326 2277 5381 litterae
2322 5340 2387 5379 ac
2424 5326 2612 5395 figuris
2638 5328 2998 5389 adhaerentes,
3034 5342 3208 5395 usque
3233 5327 3298 5380 ad
3328 5339 3473 5382 tem-

1894 5432 1999 5487 pus
2053 5416 2421 5492 correctionis
2482 5417 2756 5470 obtirmati
2819 5415 3049 5478 animo,
3120 5415 3471 5485 disciplinam

1896 5508 2269 5578 evangelicam
2302 5506 2459 5560 nihili
2497 5507 2654 5575 plane
2687 5505 2979 5570 faciebant,
3009 5504 3160 5560 illius
3187 5513 3367 5562 autem
3400 5509 3480 5561 in-

1902 5611 2167 5670 Icrprctes
2216 5594 2608 5654 infensissiiiiis
2656 5598 2909 5651 hostibus
2959 5596 3243 5667 graviores
3303 5595 3479 5653 duce—

3068 5868 3144 5929 13
