3938 6408
481 348 586 407 595

1505 345 1559 399 S.
1600 340 1877 398 CYRILLI
1914 340 2387 396 ALEXANDRINI
2430 338 2751 395 ARCHIEP.

3640 342 3752 397 396

482 464 652 518 bant:
701 467 893 533 gentes
944 473 1096 523 vero,
1136 458 1418 515 diversum
1468 458 1789 530 proﬁtentes
1816 473 2060 513 errorem

2170 459 2277 509 τεῖν
2311 458 2725 528 ἐπιτρέψαντες.
2782 456 2943 509 Ἀλλὰ
2981 455 3087 527 γάρ
3116 455 3316 527 μικροῦ
3347 457 3413 527 μέ
3450 474 3502 510 τι
3526 457 3631 510 τῶν
3657 458 3754 512 ἀν-

480 560 536 609 et
593 549 925 608 ineﬁabilem
971 549 1067 606 Dei
1118 551 1353 623 gloriam
1400 560 1667 605 creaturae
1720 548 2064 620 afﬁngentes,

482 644 790 700 doctrinam
821 659 927 715 qua
959 643 1338 699 illuminentur
1365 642 1509 697 haud
1538 656 1696 712 aequo
1727 642 1913 697 animo
1943 658 2068 697 sus-

483 734 720 807 cipiunt.
754 734 1045 791 Veteribus
1096 734 1301 805 quippe
1350 734 1510 790 malis
1545 734 1953 804 quodammodo
1979 734 2065 788 in-

484 827 636 884 olitis
674 841 1028 897 summopere
1058 826 1533 896 amplectebantur
1579 825 1878 887 inscitiam,
1913 835 1969 881 et
1998 826 2068 880 ab

485 918 737 990 ingenito
759 917 950 972 morbo
972 916 1230 971 recedere
1259 917 1346 971 vix
1380 930 1445 971 ac
1475 931 1541 972 ne
1570 917 1659 970 vix
1695 917 1917 986 quidem
1950 925 2069 971 stu-

485 1007 707 1062 debant.
769 1006 905 1060 Cum
956 1020 1087 1075 ergo
1139 1020 1323 1059 rerum
1372 1014 1568 1059 natura
1620 1006 1695 1058 ita
1736 1020 1797 1061 se
1840 1006 2063 1073 habeat,

475 1083 608 1169 'quis
656 1098 871 1153 dubitet
899 1097 1210 1155 Servutoris
1261 1097 1572 1169 discipulos
1605 1113 1808 1154 exesos
1835 1096 1951 1152 fore
1973 1096 2071 1152 Ju-

482 1186 615 1242 daeis
649 1202 710 1241 ac
740 1186 1037 1257 gentilibus
1078 1186 1346 1267 infensos,
1381 1187 1710 1258 voluptariis
1750 1193 1932 1242 autem
1970 1188 2069 1243 ho—

482 1279 727 1333 minibus
763 1280 923 1349 longe
956 1278 1368 1350 gravissimos?
1395 1278 1465 1331 At
1493 1280 1542 1333 si
1570 1277 1829 1349 discipuli
1870 1277 2070 1334 Serva-

482 1370 621 1425 toris
640 1386 785 1441 aegre
814 1370 981 1425 laturi
1004 1379 1195 1427 essent
1217 1370 1287 1424 ab
1307 1369 1498 1441 aliquo
1526 1384 1715 1425 eorum
1746 1384 1888 1439 quos
1907 1368 2070 1424 modo

483 1464 867 1519 recensuimus
887 1462 1016 1517 odio
1044 1463 1258 1530 haberi,
1284 1478 1350 1517 ac
1365 1476 1476 1516 non
1499 1462 1687 1532 potius
1707 1477 1899 1517 eorum
1929 1462 2069 1516 ami-

482 1554 671 1608 citiam
705 1554 855 1607 omni
886 1553 1074 1609 studio
1108 1554 1301 1609 venari
1336 1554 1626 1617 deberent,
1655 1552 1923 1623 numquid
1953 1566 2070 1608 om-

480 1646 642 1701 nibus
670 1654 819 1715 patet
854 1646 1056 1700 nullam
1090 1647 1253 1715 plane
1287 1646 1505 1702 laudem
1536 1652 1941 1716 reportaturos,
1972 1644 2093 1715 qui.

481 1736 793 1792 doctrinam
843 1738 981 1791 nulli
1029 1751 1261 1807 prorsus
1301 1738 1490 1794 utilem
1534 1739 1920 1809 proﬁteantur,
1971 1737 2069 1793 sed

483 1829 847 1886 assentationi
885 1827 1058 1900 896
1110 1830 1294 1899 potius
1336 1830 1618 1897 studeant,
1664 1828 1928 1900 arguendi
1977 1844 2068 1884 se-

481 1921 722 1976 cundum
766 1918 934 1975 Deum
986 1919 1244 1975 ﬁduciam
1268 1921 1661 1991 comprimam,
1686 1920 1836 1992 quod
1869 1922 2071 1993 cuique

480 2022 696 2084 gratum
727 2013 799 2068 sit
833 2014 1121 2083 loquentes
1144 2021 1312 2085 atque
1342 2013 1641 2071 docentes?
1679 2013 2068 2069 Necessarium

480 2112 567 2160 est
607 2104 772 2174 igitur
801 2118 1029 2160 monere
1057 2120 1168 2160 non
1200 2120 1325 2161 esse
1354 2106 1656 2161 amicitiam
1687 2108 2066 2175 quaerendam,

481 2198 575 2254 sed
607 2197 695 2252 vel
720 2197 776 2250 in
805 2197 1202 2252 nonnullorum
1223 2199 1409 2252 odium
1435 2197 1721 2253 incurrere
1748 2199 1892 2253 haud
1927 2198 2069 2251 mul-

482 2299 597 2344 tum
633 2288 941 2343 curandum
967 2328 982 2352 ,
1025 2304 1152 2343 cum
1197 2305 1261 2345 ex
1300 2290 1678 2351 admonitione
1726 2291 1936 2361 aliquid
1988 2291 2070 2346 eis

480 2382 742 2437 utilitatis
780 2383 1021 2437 exsistit.
1056 2382 1171 2437 Hoc
1194 2384 1385 2454 utique
1413 2393 1469 2439 et
1492 2383 1721 2438 Paulum
1756 2384 1957 2439 iecisse
1988 2384 2070 2436 vi-

481 2473 757 2540 debimus,
788 2482 843 2529 et
868 2474 1017 2529 clare
1048 2474 1257 2531 dixisse
1286 2494 1299 2530 :
1331 2495 1348 2525 ς
1381 2474 1541 2530 Modo
1567 2476 1712 2531 enim
1750 2476 2068 2530 hominibus

478 2564 710 2632 suadeo,
751 2580 819 2620 an
851 2564 1006 2621 Deo?
1035 2566 1116 2620 An
1141 2582 1330 2637 quaero
1364 2568 1683 2623 hominibus
1716 2567 1977 2638 placere?
2010 2556 2087 2622 Si.

480 2658 662 2712 adhuc
696 2658 1012 2714 hominibus
1040 2659 1335 2729 placerem,
1368 2660 1579 2715 Christi
1609 2676 1804 2716 servus
1839 2675 1949 2714 non
1978 2674 2068 2714 es-

479 2766 595 2806 sem
622 2750 689 2804 ".
722 2769 741 2802 ι
772 2750 909 2806 Cum
945 2761 1128 2806 autem
1169 2752 1520 2807 Corinthium
1551 2753 1848 2822 quemdam
1895 2753 2071 2808 corri-

478 2843 713 2912 puisset,
746 2851 909 2913 atque
942 2841 997 2895 id
1029 2842 1356 2911 gravissime
1387 2843 1585 2899 tulisse
1619 2843 1931 2906 didicisset.
1968 2844 2065 2897 ait:

482 2949 503 2983 ι
545 2932 600 2986 Si
647 2932 794 2987 enim
831 2945 935 3002 ego
973 2933 1246 2988 contristo
1291 2947 1413 2999 vos,
1461 2943 1515 2989 et
1568 2932 1694 3004 quis
1739 2940 1825 2987 est
1854 2934 1945 3002 qui
1982 2947 2070 2987 me

478 3022 735 3087 laetiﬁcet,
768 3021 875 3076 nisi
900 3021 992 3089 qui
1029 3024 1402 3077 contristatur
1434 3037 1500 3077 ex
1542 3038 1629 3077 me
1653 3022 1740 3075 '7?
1769 3040 1788 3073 ι
1819 3019 2067 3076 Tristitia

2170 550 2418 618 αγκαίων
2475 550 2792 622 παρελάσαν
2820 548 3014 620 ᾤχετο,
3047 549 3225 602 καίτοι
3253 551 3370 611 ταῖς
3398 548 3507 602 τῶν
3537 567 3763 622 προκει-

2174 641 2353 712 μένων
2379 640 2635 711 θεωρίαις
2655 641 2738 693 ὅτι
2762 639 2998 711 μάλιστα
3019 640 3232 710 πρέπον
3250 657 3311 692 τε
3335 640 3428 691 καὶ
3460 639 3767 710 χρεωστού-

2174 749 2352 802 μενον.
2396 731 2638 786 Ἰουδαῖοι
2690 732 2788 802 μὲν
2829 731 2940 803 γὰρ
2977 731 3122 802 μόνῳ
3152 731 3229 802 τῷ
3279 730 3562 800 Μωσαῖκῷ
3592 747 3768 799 προσ-

2171 821 2482 894 εδρεύοντες
2535 822 2822 893 πράγματι
2857 821 2986 893 [ῃο.
3042 819 3357 893 γράμματι]
3409 821 3504 873 καί
3541 822 3658 882 τοῖς
3706 821 3768 872 ἑν

2169 912 2328 982 τύπῳ
2365 911 2769 982 τετελεσμένοις
2792 952 2807 975 ,
2838 914 3000 983 μέχρι
3052 912 3250 984 καιροῦ
3297 910 3638 982 διορθώσεως
3674 910 3768 962 τὸν

2171 1008 2370 1060 οίκεῖον
2402 1005 2785 1077 ἑνιδρύσαντες
2833 1006 2978 1072 νοῦν,
3009 1007 3111 1076 τῆς
3137 1004 3509 1074 εὐαγγελικῆς
3538 999 3769 1056 οιταιδεύ⁹

2173 1118 2311 1165 σεως
2334 1100 2525 1154 οὐδένα
2578 1099 2678 1171 μὲν
2724 1099 2787 1152 τὸ
2816 1100 3079 1169 παράπαν
3110 1096 3391 1151 ἑποιοῦντο
3418 1096 3602 1164 λόγον,
3636 1093 3771 1157 τοὺς

2169 1193 2227 1247 δέ
2255 1211 2318 1263 γε
2368 1191 2712 1264 πρεσόευτὰς
2735 1232 2749 1256 ,
2787 1192 3080 1262 φορτικοὺς
3127 1189 3375 1261 ἡγεῖσθαι
3418 1188 3622 1259 μᾶλλον
3658 1187 3771 1240 τῶν

2173 1285 2380 1356 σφόδρα
2416 1284 2839 1352 πολεμιωτάτων
2880 1281 3049 1353 ᾤοντο
3074 1281 3214 1335 δεῖν·
3247 1282 3297 1334 οἱ
3348 1280 3406 1333 δὲ
3437 1279 3538 1349 τὴν
3571 1278 3774 1349 ἑτέραν

2175 1377 2453 1447 μετιόντες
2489 1375 2758 1446 πλάνησιν
2783 1414 2797 1437 ,
2834 1376 2928 1428 καὶ
2954 1376 3055 1446 τὴν
3100 1376 3343 1447 ἄρρητον
3380 1371 3477 1427 τοῦ
3506 1371 3648 1426 Θεοῦ
3683 1371 3773 1424 δό-

2173 1468 2269 1534 ξαν
2308 1468 2680 1541 περιτιθέντες
2719 1470 2784 1538 τῇ
2821 1468 3020 1533 κτίσει,
3060 1467 3205 1536 φημὶ
3228 1465 3284 1519 δὲ
3319 1466 3445 1527 τοὺς
3478 1463 3538 1527 ἐξ
3571 1462 3772 1525 ἐθνῶν,

2168 1562 2233 1614 ού
2260 1561 2380 1614 λίαν
2422 1560 2675 1631 ἀσμένως
2702 1558 2793 1611 τὸν
2838 1556 3325 1628 καταλαμπρύνειν
3354 1555 3553 1617 αὐτοὺς
3593 1553 3776 1606 εἰδότα

2172 1652 2573 1731 παραδέχονται
2629 1650 2805 1719 λόγον.
2870 1648 3254 1718 Ἐντετηκότες
3286 1646 3397 1718 γὰρ
3434 1646 3632 1715 ὥσπερ
3662 1646 3775 1707 τοῖς

2171 1744 2427 1814 ἀρχαίοις
2466 1745 2658 1805 κακοῖς
2679 1783 2693 1805 ,
2721 1742 3046 1811 φιλαιτὰτην
3077 1740 3360 1793 ἐποιοῦντο
3377 1739 3479 1809 τὴν
3503 1737 3773 1808 ἀμαθίαν,

2170 1835 2267 1889 καὶ
2297 1835 2595 1904 συντρόφου
2635 1835 2943 1904 νοσήματος
2986 1833 3287 1901 ἀποφοιτᾷν
3321 1826 3463 1900 ἦσαν
3490 1831 3574 1883 ὅτι
3610 1829 3774 1899 μάλι-

2173 1944 2274 1981 στα
2306 1927 2704 1981 δυσοκνότατοι.
2731 1925 2891 1979 Οὕτω
2917 1924 3208 1995 τοιγαροῦν
3241 1923 3341 1993 τῆς
3368 1923 3477 1975 τῶν
3507 1923 3776 1993 πραγμά·

2170 2036 2279 2072 των
2311 2020 2543 2090 ἐχούσης
2605 2017 2843 2087 φύσεως,
2870 2017 2954 2079 τίς
3010 2016 3077 2069 ἂν
3132 2014 3403 2068 ἐνδοιάσαι
3453 2013 3669 2078 λοιπὸν,
3699 2012 3775 2075 ὡς

2171 2107 2397 2178 ἔμελλον
2445 2107 2666 2161 ἔσεσθαι
2694 2106 2788 2160 τοῦ
2824 2106 3076 2176 Σωτῆρος
3115 2106 3165 2159 οξ
3214 2105 3477 2176 μαθηταὶ,
3508 2106 3775 2174 στυγητιὶ

2173 2200 2274 2270 μὲν
2306 2202 2419 2263 τοῖς
2480 2199 2753 2261 Ἰουδαίοις
2774 2238 2788 2261 ,
2822 2197 3206 2267 διεπτυσμένοι
3237 2197 3293 2250 δὲ
3340 2197 3495 2266 παρὰ
3526 2198 3647 2258 τοῖς
3676 2195 3774 2263 τὴν

2182 2292 2453 2362 Ἑλλήνων
2480 2290 2696 2345 νοσοῦσι
2729 2291 2995 2359 πλάνησιν
3023 2306 3037 2319 ’
3064 2290 3266 2360 ἥκιστα
3291 2288 3348 2342 δὲ
3372 2290 3540 2358 ἡδεῖς,
3569 2287 3774 2358 μᾶλλον

2170 2383 2228 2436 δὲ
2263 2382 2687 2453 δυσαγθέστατοι
2736 2384 2850 2445 τοῖς
2877 2381 3182 2453 φιληδονεῖν
3213 2380 3527 2451 ἑλομένοις,
3561 2379 3664 2434 καὶ
3685 2380 3773 2432 τὸν

2172 2475 2416 2547 ἐξίτηλον
2479 2477 2538 2528 ἑν
2575 2478 2810 2546 τρυφαῖς
2854 2474 3180 2545 τετιμηκόσι
3225 2473 3373 2545 βίον;
3432 2473 3576 2527 Ἀλλ’
3614 2472 3772 2544 εἴπερ

2171 2567 2396 2637 ἔμελλον
2440 2567 2535 2621 τοῦ
2566 2567 2820 2637 Σωτῆρος
2867 2568 2917 2620 οἱ
2966 2567 3248 2638 μαθηταὶ,
3285 2566 3346 2619 τὸ
3386 2568 3485 2637 μὲν
3533 2567 3646 2621 ὑπὸ
3675 2566 3770 2619 τοῦ

2173 2659 2287 2731 [πρ.
2315 2659 2422 2712 ύπό
2456 2657 2577 2731 του]
2613 2657 2891 2728 μισεῖσθαι
2913 2656 3076 2727 τυχὸν
3114 2657 3224 2710 τῶν
3258 2656 3362 2728 ἤδη
3396 2656 3770 2727 κατειλεγμέ-

2169 2769 2277 2804 νων
2299 2750 2572 2803 ποιεῖσθαι
2599 2750 2878 2821 φορτικὸν,
2901 2748 3099 2819 ζηλοῦν
3119 2749 3176 2803 δὲ
3217 2748 3418 2819 μᾶλλον
3446 2746 3771 2815 ἐπείγεσθαι

2169 2844 2268 2896 καὶ
2318 2841 2634 2913 φιλοθηρεῖν
2691 2842 2939 2905 ἐκτόπως
2971 2844 3065 2894 καὶ
3091 2841 3192 2913 τὴν
3241 2839 3393 2912 παρὰ
3414 2840 3525 2893 τῶν
3553 2840 3629 2892 τὰ
3658 2857 3773 2893 τοι-

2169 2937 2309 2991 αῦτα
2340 2935 2639 2990 νοσούντων
2668 2934 2972 3004 ἀγάπησιν,
3020 2931 3141 2997 πῶς
3170 2932 3232 2986 οὐ
3270 2933 3407 2987 πᾶσι
3433 2930 3773 3002 προδηλότα-

2169 3045 2284 3093 τον,
2318 3028 2394 3091 ὠς
2423 3027 2524 3081 οὐκ
2548 3025 2615 3080 ἂν
2645 3025 2893 3094 ἐγένοντο
2922 3025 3268 3096 περιφανεῖς,
3298 3022 3474 3077 οὐδενὶ
3493 3022 3557 3075 τὸ
3591 3023 3771 3095 παρά-

477 3114 678 3185 qnippe
709 3128 832 3185 quae
865 3114 1170 3168 secundum
1204 3113 1375 3169 Deum
1415 3122 1524 3177 est,
1580 3114 1965 3185 paenitentiam
2008 3115 2064 3167 in

2170 3137 2279 3174 παν
2305 3119 2396 3173 τὸν
2421 3118 2649 3187 ὠφελεῖν
2692 3116 2945 3187 ἰσχύοντα
2984 3116 3374 3188 προϊσχόμενοι
3404 3114 3586 3182 λόγον,
3627 3131 3769 3184 κομ-

476 3208 711 3262 salutem
771 3203 1169 3258 immutabilem
1227 3210 1512 3273 operatur.
1581 3203 1819 3259 Dubium
1881 3203 2066 3272 itaque

476 3313 588 3353 non
636 3298 746 3351 erit
785 3309 1121 3360 sermonem,
1170 3293 1239 3348 ad
1287 3295 1711 3350 oblectationem
1745 3293 2063 3349 auditorum

476 3387 845 3457 compositum
873 3393 930 3441 et
976 3386 1069 3455 qui
1104 3385 1252 3455 quod
1293 3385 1419 3441 usui
1449 3385 1522 3440 sit
1559 3385 1641 3441 eis
1672 3396 1793 3440 non
1814 3386 2062 3456 exponit,

479 3478 688 3532 mundo
719 3476 904 3546 potius
932 3476 1203 3530 assentari
1238 3490 1404 3545 quam
1454 3476 1721 3546 prodesse
1749 3496 1762 3531 :
1803 3477 1896 3547 qui
1932 3491 2069 3532 vero

485 3567 798 3624 Servatoris
856 3566 1046 3622 verbis
1084 3566 1282 3634 credit,
1337 3566 1478 3621 nihil
1518 3568 1828 3623 istiusmodi
1868 3568 2067 3640 praedi-

480 3660 649 3716 cabit.
690 3644 987 3730 Ei‘quippe
1017 3660 1241 3731 placere
1281 3660 1387 3716 sibi
1433 3661 1612 3717 satius
1652 3676 1778 3718 esse
1826 3662 2063 3732 putabit,

473 3760 534 3806 et
568 3751 903 3821 spiritalium
936 3750 1254 3809 divitiarum
1295 3751 1420 3807 loco
1445 3751 1789 3807 existimabit
1823 3752 1955 3807 odio
1994 3753 2067 3807 ab

482 3845 551 3900 iis
592 3844 780 3900 haberi
829 3843 922 3915 qui
954 3844 1343 3915 gravissimum
1373 3844 1564 3899 virtuti
1604 3844 1822 3899 bellum
1851 3845 2065 3899 indixe-

481 3948 626 3991 runt.
657 3936 795 3991 Cum
825 3949 963 4005 ergo
985 3935 1154 3991 vestri
1182 3934 1429 3991 nominis
1464 3936 1747 4004 splendori
1789 3935 2063 3991 interdum

471 4025 693 4084 efﬁzere
724 4025 886 4082 videb
910 4035 1003 4081 tur
1030 4028 1159 4082 odio
1190 4042 1317 4084 esse
1348 4030 1578 4093 mundo,
1612 4028 2065 4099 impedimentum

474 4118 612 4173 illud
668 4118 967 4188 projicite,
1012 4120 1349 4188 contemptis
1411 4120 1519 4174 illis
1570 4120 1903 4183 honoribus,
1958 4120 2066 4177 nisi

478 4223 605 4263 cum
652 4208 915 4263 utilitatis
959 4210 1180 4263 ratione
1237 4210 1685 4280 coniungantur:
1726 4224 1904 4279 neque
1936 4226 2067 4267 vero

480 4300 775 4356 molestum
809 4300 968 4356 vobis
1004 4300 1078 4361 sit
1117 4301 1247 4355 odio
1278 4301 1493 4367 haberi,
1530 4316 1656 4356 cum
1702 4303 1856 4372 prior
1883 4302 1935 4357 id
1965 4318 2067 4374 ego

480 4391 586 4445 sim
631 4400 913 4461 expertus.
958 4389 1092 4445 Sum
1144 4399 1330 4445 autem
1381 4389 1654 4447 Dominus
1699 4400 1756 4447 et
1800 4396 2067 4466 magister

479 4483 710 4538 scilicet.
740 4483 900 4549 Quod
927 4491 1111 4538 autem
1143 4483 1229 4538 sui
1254 4483 1454 4553 capitis
1484 4484 1655 4539 exitio
1685 4485 1866 4556 ipsum
1899 4488 2065 4543 etiam
2101 4477 2143 4532 Ι)

477 4575 1010 4631 Christum'oderint
1049 4576 1144 4645 qui
1207 4576 1485 4630 mundana
1531 4576 1752 4646 sapiunt
1790 4593 1854 4634 ac
1896 4581 2066 4635 caele-

478 4668 584 4722 stia
622 4669 767 4723 bona
798 4675 1187 4733 contemnunt,
1219 4667 1479 4723 existimo
1527 4668 1759 4738 probatu
1799 4685 1908 4725 non
1940 4687 2067 4728 esse

477 4757 717 4814 dilllcile.
747 4758 868 4828 Ipse
893 4760 1040 4814 enim
1069 4759 1124 4813 in
1165 4757 1480 4829 Evangeliis
1513 4760 1583 4815 ad
1624 4763 1897 4833 quosdam
1946 4765 2061 4819 ait:

483 4871 501 4902 ι
535 4849 656 4905 Non
686 4859 863 4921 potest
893 4852 1131 4908 mundus
1188 4851 1374 4908 odisse
1422 4868 1541 4919 vos,
1588 4869 1678 4910 me
1707 4866 1888 4911 autem
1924 4857 2062 4923 odit,

454 4943 606 5041 [quia
645 4958 747 5041 ego
771 4946 1155 5041 testimonium
1175 4945 1438 5015 perhibeo
1467 4947 1537 5002 de
1571 4947 1665 5003 illo
1700 4949 1848 5020 quod
1892 4964 2062 5021 opera

475 5034 599 5105 ejus
634 5035 778 5089 mala
812 5044 944 5091 sunt
968 5036 1034 5091 ⁸⁸.
1063 5055 1082 5089 ι
1116 5035 1409 5108 Exemplar
1432 5038 1624 5109 itaque
1658 5041 1907 5112 seipsum
1933 5058 2064 5113 prae-

475 5128 614 5182 bens
643 5127 811 5183 etiam
840 5128 928 5183 hic
957 5132 1169 5185 sanctis
1202 5130 1493 5199 apostolis,
1529 5131 1634 5187 hoc
1664 5133 1771 5188 iter
1801 5133 2061 5190 insistere

469 5221 646 5291 jubet.
675 5235 803 5277 cum
843 5222 971 5277 alibi
1018 5238 1218 5279 rursus
1265 5232 1455 5295 aperte
1499 5224 1616 5279 ait:
1659 5240 1680 5276 ι
1722 5224 1874 5281 Beati
1923 5228 2062 5284 estis

473 5328 599 5368 cum
628 5313 1025 5370 maledixerint
1068 5316 1226 5371 vobis
1271 5315 1546 5380 homines,
1595 5324 1651 5371 et
1683 5318 2059 5389 exprobrave-

392 5452 397 5461 ,
461 5406 607 5469 rint,
641 5415 696 5461 ct
726 5407 968 5463 dixerint
997 5422 1161 5464 omne
1200 5408 1407 5463 malum
1440 5407 1738 5466 adversum
1768 5425 1870 5467 vos
1901 5427 2059 5467 men-

474 5497 674 5554 tientes
698 5509 923 5569 propter
953 5514 1041 5556 me
1067 5519 1080 5556 :
1106 5501 1340 5572 gaudete
1374 5509 1430 5559 et
1451 5497 1754 5571 exsultate,
1793 5505 2057 5574 quoniam

556 5762 604 5795 “
621 5762 803 5820 Galat.
843 5780 880 5831 ι,
919 5766 1007 5822 ll).
1043 5730 1047 5736 ﬁ
1114 5768 1156 5797 ⁸⁷
1182 5766 1222 5819 ll
1255 5770 1384 5825 Cor.
1418 5785 1484 5837 ιι,
1522 5768 1578 5821 2.
1675 5768 1723 5800 ⁸⁸
1756 5765 1919 5823 Joan.
1951 5782 2052 5833 vn,
2088 5768 2141 5822 7.

2166 3210 2351 3281 ψείαις
2387 3209 2446 3262 δὲ
2485 3208 2688 3279 μᾶλλον
2713 3207 3044 3271 ἐπιδιδόντες
3069 3207 3137 3260 τὰ
3164 3207 3512 3278 φρονήματα,
3546 3205 3646 3258 καὶ
3677 3205 3770 3259 τὸν

2172 3302 2271 3371 μὲν
2308 3302 2374 3353 ἑκ
2402 3298 2713 3371 παρρησίας
2738 3298 2839 3368 τῆς
2870 3298 3011 3352 κατὰ
3042 3296 3176 3351 Θεὸν
3209 3296 3592 3357 συστείλαντες
3615 3296 3769 3365 ἐλεγ-

2168 3411 2281 3464 χον,
2309 3392 2370 3445 τό
2393 3410 2457 3462 γε
2501 3392 2607 3463 μὴν
2633 3390 2851 3460 ἑκάστῳ
2876 3390 3079 3461 μᾶλλον
3108 3389 3227 3461 ἡδὺ,
3263 3387 3559 3452 λαλοῦντες
3588 3405 3652 3441 τε
3676 3390 3772 3442 καὶ

2168 3484 2548 3557 εἰσηγούμενοι
2569 3504 2583 3551 ;
2601 3484 2905 3552 Ἀναγκαία
2927 3481 3221 3555 τοιγαροῦν
3256 3483 3288 3554 ἡ
3318 3481 3651 3550 παραίνεσις
3675 3479 3771 3533 τοῦ

2160 3578 2247 3649 μὴ
2275 3579 2483 3648 σφόδρα
2516 3575 2791 3648 φιλεῖσθαι
2817 3576 3022 3646 ζητεῖν,
3045 3574 3318 3628 ποιεῖσθαι
3339 3574 3396 3627 δὲ
3429 3574 3560 3645 παρ’
3588 3573 3769 3638 οὐδὲν,

2166 3669 2228 3722 τὸ
2256 3668 2351 3721 καὶ
2372 3666 2463 3720 διὰ
2483 3667 2675 3738 μίσους
2706 3666 2841 3720 ἰέναι
2863 3665 3005 3718 τισὶν
3037 3664 3150 3718 ἔστ’
3180 3664 3248 3718 ἂν
3280 3665 3465 3727 αὐτοῖς
3493 3663 3556 3716 τὸ
3573 3665 3641 3717 ἑκ
3672 3665 3773 3733 τῆς

2166 3762 2451 3824 νουθεσίας
2470 3760 2707 3831 ὑπάρχοι
2737 3759 3026 3829 χρήσιμον.
3058 3756 3231 3811 Τοῦτό
3257 3775 3311 3811 τι
3333 3756 3451 3830 [γρ.
3475 3755 3638 3812 τοῦτό
3662 3755 3770 3828 τοι]

2168 3855 2265 3909 καὶ
2316 3854 2534 3908 Παῦλον
2586 3852 2892 3925 δεδρακότα
2925 3851 3277 3924 θεωρήσομεν
3303 3891 3318 3915 ,
3351 3851 3448 3906 καὶ
3499 3851 3771 3921 εἰρηκότα

2171 3946 2387 4014 σαφῶςο
2427 3965 2447 3997 ι
2492 3947 2652 4017 Ἄρτι
2690 3944 2799 4016 γὰρ
2829 3944 3153 4015 ἀνθρώπους
3185 3943 3378 4010 πείθω,
3413 3942 3563 4014 ἢτὸν
3594 3942 3771 4008 Θεόν;

2175 4036 2245 4091 Ἦ
2293 4036 2443 4107 ζητῶ
2497 4034 2811 4108 ἀνθρώποις
2852 4035 3150 4107 ἀρέσκειν;
3183 4034 3248 4087 Εἰ
3281 4032 3361 4086 ἔτι
3388 4031 3653 4103 ἀρέσκειν
3674 4034 3772 4087 ἀν-

2169 4130 2415 4202 θρώποις
2473 4128 2667 4201 ἤθελον
2699 4169 2716 4196 ,
2744 4127 2984 4199 Χριστοῦ
3033 4126 3220 4190 δοῦλος
3261 4123 3481 4192 οὐκ,ἇν
3525 4124 3705 4195 ήμην.
3746 4143 3765 4175 ι

2182 4223 2549 4294 Ἐπιτιμήσας
2587 4222 2647 4276 δὲ
2681 4221 2843 4276 πάλιν
2880 4220 2988 4275 τῶν
3017 4221 3074 4274 ὲν
3104 4218 3357 4289 Κορίνθῳ
3384 4218 3514 4282 τινὶ,
3555 4217 3771 4289 ἀφορή-

2168 4332 2278 4378 τως
2300 4330 2362 4366 τε
2407 4312 2529 4366 λίαν
2567 4311 2935 4383 άπηλγηκότα
2970 4309 3132 4363 τοῦτο
3162 4306 3371 4379 μαθὼν,
3402 4307 3571 4378 φησίν
3599 4321 3615 4337 ·
3644 4326 3664 4357 ι
3704 4308 3767 4360 Et

2170 4407 2281 4478 γὰρ
2308 4405 2420 4475 ἑγὼ
2446 4404 2602 4458 λυπῶ
2624 4405 2792 4476 ὑμᾶς,
2825 4403 2923 4457 καὶ
2946 4401 3029 4465 τίς
3065 4404 3095 4455 ὁ
3122 4400 3433 4473 εὐφραίνων
3470 4416 3561 4470 με,
3606 4400 3658 4452 εί
3691 4399 3769 4469 μὴ

2171 4497 2555 4569 ὁλυπούμενος
2582 4496 2644 4563 ἑξ
2665 4495 2839 4568 ἑμοῦ;
2867 4514 2887 4549 ι
2917 4495 2981 4549 Ἥ
3010 4494 3121 4565 γὰρ
3155 4492 3300 4547 κατὰ
3326 4491 3459 4545 Θεὸν
3488 4489 3636 4562 λύπη
3671 4508 3765 4561 με-

2173 4590 2391 4644 τάνοιαν
2445 4590 2527 4653 είς
2580 4588 2855 4659 σωτηρίαν
2901 4585 3283 4658 ἀμετάϐλητον
3334 4580 3766 4654 κατεργάζεται.

2176 4683 2370 4736 Ἔσται
2407 4679 2702 4752 τοιγαροῦν
2730 4678 3034 4750 οὐδαμόθεν
3059 4675 3363 4748 ἀμφίλογον
3396 4674 3473 4738 ὡς
3495 4673 3767 4727 κολακεύ-

2172 4791 2259 4828 σει
2322 4773 2422 4845 μὲν
2466 4773 2559 4826 τὸν
2612 4772 2819 4841 κόσμον
2856 4812 2873 4836 ,
2906 4771 3054 4841 ἥπερ
3102 4768 3289 4839 ὀνήσει
3347 4766 3547 4837 μᾶλλον
3578 4765 3608 4817 ὁ
3640 4763 3764 4819 καθ’

2168 4866 2363 4938 ἡδονὴν
2387 4868 2499 4929 τοῖς
2517 4864 2889 4936 ἀκροωμένοις
2921 4863 3175 4934 ἐσόμενος
3207 4860 3386 4929 λόγος,
3403 4859 3499 4913 καὶ
3519 4859 3643 4929 οὐχὶ
3668 4858 3769 4932 τὴν

2169 4954 2262 5006 τοῦ
2286 4952 2657 5025 συμφέροντος
2689 4951 2919 5024 γνώμην
2948 4949 3285 5022 παρατιθείς
3319 4963 3333 4977 ·
3362 4951 3392 5003 ό
3419 4949 3477 5002 δὲ
3522 4951 3637 5012 τοῖς
3667 4948 3767 5002 τοῦ

2170 5045 2422 5117 Σωτῆρος
2458 5043 2785 5115 πειθόμενος
2833 5043 3036 5113 λόγοις,
3085 5043 3207 5114 οὐχὶ
3243 5039 3405 5095 τοῦτο
3430 5039 3766 5113 πρεσϐεύσει

2172 5136 2354 5190 ποθέν.
2407 5136 2728 5209 Προελεῖται
2766 5136 2877 5209 γὰρ
2931 5135 3133 5208 μᾶλλον
3175 5133 3239 5187 τὸ
3284 5132 3543 5205 ἀρέσκειν
3587 5131 3762 5202 αὐτῷ,

2162 5231 2258 5285 καὶ
2279 5228 2647 5301 πνευματικὸν
2674 5229 2945 5301 ἡγήσεται
2974 5226 3225 5290 πλοῦτον,
3256 5225 3352 5279 καὶ
3390 5223 3452 5277 τὸ
3483 5222 3763 5294 μισεῖσθαι

2161 5321 2352 5377 λοιπὸν
2379 5323 2530 5395 παρὰ
2562 5322 2673 5376 τῶν
2705 5320 2957 5393 ἡγεῖσθαι
2982 5317 3404 5390 πολεμιωτάτην
3425 5315 3523 5387 τὴν
3555 5313 3762 5387 ἀρετὴν

2162 5414 2455 5485 ἑλομένων.
2495 5414 2664 5469 Ὅταν
2697 5415 2879 5468 τοίνυν
2903 5458 2915 5479 ,
2942 5412 3097 5483 φησὶ,
3123 5411 3247 5474 ταῖς
3279 5408 3576 5480 ὑμετέραις
3608 5406 3756 5460 εὐδο-

2162 5506 2459 5577 κιμήσεσιν
2497 5506 2888 5578 ἀντιπράττειν
2919 5503 3030 5557 ἐσθ’
3060 5504 3151 5558 ὅτε
3184 5500 3360 5574 ὁρῷτο
3398 5498 3760 5572 κεκινημένον
