3938 6424
224 330 336 387 ’597
1278 331 1342 386 IN
1377 328 1661 388 JOANNIS
1703 332 1779 388 [iV

1957 331 2153 389 aLtun
2195 331 2324 386 LIB.
2348 323 2434 387 'x.
2468 414 2477 421 ε
3406 334 3512 397 393

211 448 281 502 τὸ
308 448 586 519 μισεῖσθαι
629 451 782 522 παρὰ
820 450 913 504 τοῦ
965 452 1206 523 κόσμου·
1240 453 1502 519 νικάσθω,
1530 455 1627 508 καὶ
1664 453 1766 507 τοῦ

1969 466 2143 507 mrces
2173 460 2356 508 vestra
2409 452 2632 524 copiosa
2662 462 2744 509 est
2781 456 2835 509 in
2866 455 3044 512 caelis.
3082 454 3176 511 Sic
3212 456 3361 513 enim
3392 471 3519 528 per-

210 540 640 613 διαρρίπτεσθαι
696 543 756 596 τὸ
812 543 1246 616 παραπόδισμα,
1301 544 1391 597 διὰ
1426 544 1523 598 τοῦ
1574 544 1649 615 μὴ
1690 543 1765 597 λίο

1931 544 2110 599 secuti
2144 554 2272 600 sunt
2301 544 2620 613 prophetas,
2656 545 2754 615 qui
2783 544 3006 603 fuerunt
3035 555 3164 604 ante
3193 561 3291 602 vos
3314 545 3382 600 ”.
3422 568 3440 599 ι

211 630 513 703 ἐφήδεσθαι
544 636 667 698 ταῖς
699 635 808 689 τῶν
852 636 1195 705 ἀγαπώντων
1236 632 1402 692 αὑτὸν
1432 640 1639 707 τιμαῖς,
1661 637 1709 690 εί
1743 636 1819 708 μὴ
1856 637 1951 690 τοῦ
1999 636 2306 706 πεφυκότος
2344 636 2578 706 ὠφελεῖν
2622 638 2901 709 ἀνέχοιντο
2928 638 3090 708 λόγου
3115 655 3128 669 ·
3191 639 3409 711 όράσθω
3464 641 3519 694 δὲ

214 726 493 798 μηδαμῶς
552 726 617 781 τὸ
653 728 938 796 μισεῖσθαι
993 728 1272 802 φορτικὸν,
1317 729 1453 801 ἐμοῦ
1502 730 1657 785 τοῦτο
1697 729 2157 802 προπεπονθότος.
2182 730 2309 801 Είμὶ
2335 730 2391 783 δὲ
2423 729 2665 801 δηλονότι
2728 730 2933 802 Κύριος
2998 732 3094 787 καὶ
3167 732 3518 793 Διδάσκαλος,

213 818 338 874 Ὀτι
363 820 424 875 δὲ
479 820 569 876 ἐπ’
613 821 825 895 ὀλέθρῳ
860 824 964 893 τῆς
1001 820 1211 895 ἑαυτῶν
1262 823 1502 895 κεφαλῆς
1531 824 1626 879 καὶ
1656 825 1819 880 αὑτὸν
1862 826 2204 897 μεμισήκασι
2254 826 2348 880 τὸν
2433 826 2702 897 Χριστὸν,
2767 828 2815 880 οἱ
2858 828 2926 881 τὰ
2966 828 3026 880 ὲν
3070 829 3264 899 κόσμῳ
3308 830 3521 899 φρονεῖι

207 916 509 986 ᾑρημένοι,
538 918 776 973 καὶτῶν
814 919 1084 991 οὐρανίων
1135 920 1653 992 ὑπερφρονήσαντες
1679 920 1922 989 ἀγαθῶν,
1957 921 2058 973 οὐκ
2130 920 2289 992 ἔργον
2327 916 2482 991 οἶμαι
2522 921 2809 976 δεικνύειν.
2862 924 3007 994 Ἔφη
3051 926 3159 995 γάρ
3223 925 3385 989 αὐτὸς
3465 927 3522 979 ὲν

205 1010 320 1071 τοῖς
350 1011 717 1080 Εὗαγγελίοις
743 1013 879 1084 πρός
902 1030 1056 1076 τινας
1079 1030 1095 1046 ο
1135 1031 1154 1064 ι
1189 1014 1265 1068 Οὐ
1292 1013 1517 1068 δύναται
1547 1016 1575 1068 ό
1605 1013 1809 1085 κόσμος
1851 1016 2029 1084 μισεῖν
2061 1014 2205 1083 ὑμᾶς
2230 1028 2245 1043 ·
2278 1015 2379 1083 ἐμὲ
2427 996 2506 1067 δὲ’
2538 1017 2708 1082 μισεῖ,
2750 1017 2831 1069 ὅτι
2877 1012 2991 1085 ὲγὶῖυ
3059 1018 3328 1089 μαρτυρῶ
3397 1019 3527 1087 περὶ

203 1102 377 1157 αὐτοῦ
399 1142 418 1167 ,
447 1103 533 1156 ὅτι
556 1103 626 1157 τὰ
648 1101 786 1174 ἔργα
832 1103 1001 1158 αὐτοῦ
1036 1104 1253 1176 πονηρά
1290 1106 1429 1162 ὲστι.
1479 1124 1497 1156 ι
1531 1104 1716 1159 Τόπον
1772 1100 1865 1159 οῦν
1903 1105 2015 1176 ἄρα
2072 1106 2185 1167 τοῖς
2253 1105 2457 1183 ἁγίοις·
2480 1107 2823 1171 ἀποστόλοις,
2862 1108 2930 1162 τά
2983 1100 3124 1163 καθἰν
3153 1108 3371 1174 ἑαυτὸν,
3421 1112 3526 1164 κάν

204 1199 389 1270 τοιξτῳ
442 1199 508 1270 δὴ
558 1198 723 1256 πάλιν
770 1198 1041 1272 παραθεὶς
1059 1221 1091 1266 ,·
1119 1196 1430 1273 ἰχνηλατεῖν
1476 1199 1690 1255 κελεύει
1723 1201 1819 1255 καὶ
1857 1200 1957 1271 τὴν
1987 1202 2083 1254 ἐπὶ
2120 1200 2335 1265 τούτοις
2381 1201 2520 1264 ὁδὸν,
2544 1204 2632 1256 ὅτε
2667 1204 2761 1258 καὶ
2805 1203 3105 1276 διαρρήδην
3158 1205 3347 1274 ἔλεγεν
3404 1207 3527 1260 ἑτέ-

206 1295 347 1365 ρωθί
412 1314 509 1350 ποι
560 1297 761 1351 πάλιν*
838 1298 1170 1370 ιΜακάριοί
1213 1299 1359 1364 ἐστε,
1405 1300 1538 1353 ὅταν
1587 1297 1854 1362 διώξωσιν
1926 1298 2075 1367 ὑμᾶς
2114 1298 2209 1350 καὶ
2254 1298 2557 1351 ὀνειδίσωσι
2610 1299 2706 1352 καὶ
2755 1300 2952 1354 εἴπωσι
2997 1302 3107 1354 πᾶν
3134 1302 3523 1373 πονηρὸν-καθ’

203 1389 370 1461 ὑμῶν
420 1392 750 1462 ψευδόμενοι
794 1389 986 1448 ἕνεκεν
1029 1393 1170 1463 ἐμοῦ
1207 1410 1220 1423 ⁸
1297 1394 1522 1465 χαίρετε
1581 1394 1678 1448 καὶ
1726 1393 2103 1463 ἀγαλλιᾶσθε,
2181 1394 2263 1447 ὄτι
2311 1395 2339 1447 ό
2389 1393 2581 1464 μισθὸς
2650 1395 2806 1464 ὑμῶν
2861 1395 3031 1460 πολὺς
3089 1398 3147 1450 ἐν
3201 1401 3314 1461 τοῖς
3352 1398 3521 1469 οὐρα-

202 1488 339 1549 νοῖς.
384 1486 547 1540 υῦτω
596 1487 706 1558 γάρ
753 1486 982 1552 ἐδίωξαν
1024 1489 1152 1552 τοὺς
1199 1491 1485 1560 προφήτας
1532 1490 1660 1554 τοὺς
1708 1489 1817 1561 πρὸ
1852 1490 2025 1561 ὑμῶν.
2066 1508 2084 1540 ι
2128 1504 2135 1507 '

276 1589 353 1642 Et
388 1586 462 1639 ἐκ
520 1584 629 1639 τοῦ
674 1584 909 1654 κόσμου
936 1581 1060 1655 ἦτε,
1091 1588 1125 1639 ό
1155 1586 1386 1656 κόσμος
1430 1586 1504 1640 ἃν
1550 1587 1617 1640 τὸ
1664 1564 1820 1641 ἴδιον

1996 1585 2162 1657 897
2202 1583 2313 1648 XV,
2347 1587 2430 1641 l9.
2459 1585 2518 1642 Si
2540 1586 2605 1641 de
2630 1586 2824 1640 mundo
2844 1586 3105 1655 fuissetis,
3128 1588 3358 1644 mundus
3382 1591 3522 1660 quod

201 1679 431 1748 ἐφίλει·
468 1678 559 1731 ὅτι
592 1676 662 1731 δὲ
680 1677 751 1731 ἐκ
783 1677 890 1732 τοῦ
939 1678 1174 1746 κόσμου
1213 1680 1323 1733 οὐκ
1344 1678 1508 1742 ἐστὲ,
1542 1679 1679 1733 ἀλλ’
1707 1679 1756 1748 ἐι]

1966 1694 2083 1732 num
2119 1688 2234 1733 erat
2265 1678 2542 1749 diligeret:
2568 1680 2696 1750 quia
2739 1695 2858 1733 vero
2900 1679 2963 1733 de
2995 1681 3193 1734 munda
3226 1697 3329 1734 non
3360 1684 3521 1745 estis,

200 1768 598 1838 ἐξελεξάμην
620 1766 779 1839 ὑμᾶς
800 1768 869 1823 ἐκ
889 1769 999 1824 τοῦ
1026 1770 1280 1840 κόσμου,
1313 1770 1411 1824 διὰ
1446 1770 1624 1825 τοῦτο
1652 1788 1755 1841 μιο

1966 1774 2023 1827 ed
2071 1788 2166 1843 ego
2218 1756 2385 1843 elegi‘
2406 1789 2494 1827 vos
2540 1772 2604 1827 de
2652 1771 2847 1825 mundo
2874 1814 2901 1854 ,.
2943 1782 3217 1840 propterea
3252 1750 3386 1827 'odit
3431 1792 3521 1829 vos

202 1860 371 1932 ὑμᾶς
412 1864 447 1916 ό
478 1862 733 1929 κόσμος.

631 1878 733 1927 [ος.
1934 1864 2186 1920 mundus.

289 1952 569 2023 Ἐλαφρὸν
588 1954 654 2005 ὲκ
679 1951 875 2023 τέχνης
902 1953 996 2006 καὶ
1023 1952 1085 2008 τὸ
1105 1953 1320 2007 πάντων
1338 1955 1422 2007 ὅτι
1456 1954 1689 2025 μάλιστα
1704 1955 1831 2008 δυσο

2006 1954 2318 2009 Artiﬁciose
2371 1953 2534 2024 plane
2588 1952 2770 2008 reddit
2821 1950 3043 2008 facilem
3094 1967 3212 2007 rem
3275 1953 3522 2007 omnium

201 2046 553 2117 αχθέστατον
588 2046 686 2099 καὶ
729 2048 817 2116 ἐφ’
841 2046 978 2118 ὅπερ
1024 2045 1135 2118 [ῖσ.
1172 2039 1349 2118 ᾧπερ]
1383 2043 1452 2119 ἦν
1478 2047 1624 2110 εἰκὸς
1650 2048 1756 2118 aiat

2047 2063 2096 2119 ge
2136 2046 2526 2119 gravissimam
2553 2086 2568 2110 ,
2608 2062 2787 2117 eoque
2827 2056 3025 2117 praeter
3063 2061 3214 2116 spem
3255 2046 3523 2101 obiectari
3598 2090 3602 2095 .

200 2139 381 2211 τρίως
400 2136 801 2209 δυσχεραίνειν,
831 2137 1149 2209 παραδόξως
1187 2138 1413 2210 ἥδεσθαι
1452 2141 1755 2225 ποιεῖ..Φορ

1969 2142 2093 2206 ιοὶι,
2132 2138 2281 2210 quod
2310 2153 2419 2193 non
2453 2138 2788 2194 mediocrem
2833 2139 3145 2194 molestiam
3169 2138 3295 2208 jure
3321 2139 3523 2192 allatu-

204 2233 307 2286 κὸν
340 2234 445 2303 μὲν
470 2231 584 2303 γὰρ
618 2230 790 2294 ὅντως
814 2230 877 2284 τὸ
907 2231 1182 2301 μισεῖσθαι
1231 2232 1369 2303 πρός
1402 2249 1589 2292 τινων,
1642 2232 1733 2286 διὰ

1971 2246 2054 2284 ιιιιι
2106 2230 2416 2285 videbatur.
2465 2227 2645 2284 Grave
2689 2229 2835 2284 enim
2879 2238 2966 2285 est
3004 2244 3197 2284 revera
3231 2229 3360 2284 odio
3400 2244 3526 2284 esse

202 2323 470 2378 ἐντεῦθεν
518 2321 633 2375 ἔσθ’
680 2323 768 2376 ὅτε
789 2322 1186 2377 διεκκὺπτοντα
1208 2323 1381 2394 βλάϐη
1410 2325 1503 2377 καὶ
1535 2323 1757 2397 ἀδοκήτς

1971 2324 2238 2386 onnullis,
2258 2331 2485 2393 propter
2508 2323 2711 2377 damna
2742 2339 2866 2394 qua:
2889 2323 3164 2379 interdum
3192 2324 3320 2377 hinc
3342 2338 3522 2377 emcr—

203 2412 540 2477 ὲπιϐουλάς,
599 2413 717 2466 ἀλλ’
760 2414 862 2483 ἡδὺ
911 2415 1007 2467 καὶ
1048 2413 1209 2467 τοῦτο
1239 2414 1327 2468 διὰ
1365 2414 1519 2479 Θεὸν,
1560 2415 1654 2468 καὶ
1702 2416 1758 2469 ὅτ

1971 2423 2101 2477 ιιιιι,
2147 2423 2201 2470 et
2234 2414 2549 2486 inopinatas
2592 2414 2823 2470 insidias
2859 2434 2871 2468 :
2925 2414 3020 2471 sed
3062 2430 3232 2470 suave
3263 2414 3395 2468 illud
3439 2424 3526 2470 est

210 2506 501 2579 συμϐαίνῃ
530 2506 599 2559 δι’
637 2505 941 2571 εὐσέϐειαν,
970 2505 1244 2571 ἀπόδειξιν
1282 2508 1687 2585 ἐναργεστάτην
1717 2507 1765 2560 εἰ

1972 2521 2163 2581 ropter
2197 2509 2392 2574 Deum,
2420 2519 2495 2577 οι,
2534 2510 2579 2566 si
2613 2510 2687 2565 ob
2716 2511 2977 2579 pietatem
3009 2510 3315 2581 contingat,
3344 2511 3524 2563 mani-

214 2602 376 2671 φέρει
403 2599 501 2652 τοῦ
537 2599 613 2669 μὴ
643 2593 1095 2668 εἶναι’κοσμικδν,
1125 2599 1215 2652 τὸν
1245 2600 1328 2668 ἐφ’
1386 2593 1541 2671 ᾧπερ
1570 2599 1637 2654 ἂν
1660 2601 1769 2672 πρά

1971 2603 2238 2659 :stissimo
2285 2612 2619 2673 argumento
2672 2609 2760 2657 est
2814 2617 2878 2657 ac
2959 2600 3166 2656 indicio
3237 2617 3344 2654 non
3402 2615 3526 2655 esse

214 2711 362 2748 τοιτο
387 2694 544 2765 παρά
561 2709 744 2746 τινων.
765 2692 938 2744 Ὥσπε
947 2710 979 2764 ρ
992 2692 1099 2763 γάρ
1126 2694 1413 2761 σωμάτων,
1437 2691 1628 2756 οὕτως,
1652 2688 1769 2763 οἶμα

1967 2693 2272 2748 tundanum
2311 2708 2437 2749 eum
2492 2694 2546 2747 in
2598 2710 2760 2763 quem
2803 2692 2949 2748 istud
2993 2694 3159 2764 aliqui
3202 2694 3522 2747 moliantur.

215 2786 309 2838 καὶ
359 2785 584 2853 τρόπων
616 2784 940 2851 συγγενείας
984 2786 1312 2855 εὑρήσομεν,
1353 2786 1447 2838 καὶ
1485 2781 1593 2838 τῶν
1629 2784 1767 2839 ὲθῶν

1969 2786 2004 2838 [ι
2037 2786 2181 2841 enim
2220 2800 2550 2855 corporum,
2592 2786 2664 2839 ita
2713 2802 2925 2839 morum
2975 2786 3236 2857 cognatio
3275 2784 3524 2853 quaedam

215 2878 505 2947 ταυτότης,
531 2876 688 2946 καὶὴ
738 2876 880 2929 κατά
910 2877 1017 2930 πᾶν
1090 2876 1266 2929 ὁτιοῦν
1329 2875 1603 2946 ὁμοιότης,
1643 2876 1743 2948 τὴν

1969 2886 2017 2932 st
2058 2896 2072 2932 :
2130 2888 2184 2933 et
2214 2892 2428 2931 morum
2461 2877 2698 2948 perfecta
2728 2878 3034 2933 similitudo
3076 2878 3145 2932 ad
3199 2877 3524 2949 propinqui-

217 2971 452 3041 αἵματος
472 2967 792 3039 ἀγχιστείαν
826 2966 1162 3039 ὑποδραμεῖν
1210 2968 1388 3037 ἱκανή.
1423 2968 1536 3021 Πᾶν
1558 2966 1666 3039 γὰρ
1691 2967 1772 3031 ζῶ

1969 2978 2099 3024 item
2152 2969 2440 3040 sanguinis
2486 2969 2904 3039 eXprimcndam
2942 2970 3106 3024 valet.
3171 2969 3347 3024 Omne
3378 2969 3524 3024 enim

217 3060 456 3129 ἀγαπῶν
488 3060 551 3113 τὸ
576 3060 764 3130 ὅμοιον
794 3057 962 3129 αὐτῷ,
992 3058 1134 3112 κατὰ
1182 3058 1243 3111 τὸ
1296 3058 1703 3130 γεγραμμένον,
1735 3074 1769 3111 κ

1971 3062 2138 3116 nimal
2179 3063 2359 3133 diligit
2400 3063 2579 3117 simile
2623 3062 2769 3123 sibi,
2824 3071 2881 3115 ιιι
2916 3062 3184 3132 scriptum
3233 3071 3317 3116 est
3340 3062 3385 3095 9°
3414 3102 3428 3126 ,
3470 3070 3526 3116 et

217 3155 297 3223 τῷ
354 3153 530 3225 ὁμοίῳ
568 3152 734 3207 αὐτοῦ
792 3152 1329 3223 προσκολληθήσεται
1382 3152 1543 3223 ἀνήρ.
1602 3146 1713 3222 Τῆς

1976 3154 2119 3208 mnis
2172 3154 2335 3208 homo
2378 3153 2545 3208 simili
2589 3155 2673 3207 sui
2707 3154 3035 3208 sociabitur.
3085 3152 3293 3207 Murum
3340 3161 3524 3226 autem

217 3246 516 3319 όμοηθείας
537 3246 782 3318 δηλονότι
813 3247 904 3299 τὸν
942 3249 1043 3316 τῆς
1075 3248 1153 3310 εἰς
1175 3246 1439 3315 ἀλλήλους
1454 3245 1677 3317 ἀγάπης
1701 3245 1772 3298 ἀνι

1969 3246 2320 3301 onl'ormitate
2370 3255 2575 3300 mutua:
2606 3246 2929 3301 dilectionis
2967 3246 3143 3317 legem
3184 3256 3524 3308 renovanle,

217 3340 451 3409 νεούσης
497 3330 684 3410 νόμον,
719 3338 876 3406 ἀγιος
918 3338 1016 3408 μὲν
1044 3339 1183 3409 ἁγίῳ
1217 3338 1675 3410 συνδιαιτήσεται,
1738 3355 1772 3392 κ

1972 3349 2160 3395 anctus
2190 3339 2412 3409 quidem
2444 3354 2570 3394 cum
2604 3348 2797 3393 sancto
2827 3338 3274 3402 conversabitur,
3311 3347 3363 3393 et
3395 3354 3527 3393 sua-

217 3432 339 3485 λίαν
359 3431 536 3502 ήδέως
565 3430 749 3483 ἔσεται
768 3430 910 3483 κατὰ
939 3430 1136 3484 ταυτὸν
1169 3431 1262 3484 καὶ
1301 3431 1556 3484 συνέσται
1578 3430 1772 3503 φιλοφρ

1970 3432 2159 3487 issime
2211 3440 2377 3500 atque
2446 3430 2830 3485 amantissime
2890 3443 2997 3483 una
3050 3444 3177 3483 cum
3226 3444 3292 3484 eo
3342 3431 3525 3499 deget,

218 3541 345 3588 vui:
379 3523 599 3594 βεϐήλῳ
625 3520 683 3576 δὲ
710 3523 874 3576 πάλιν
904 3524 933 3576 ό
952 3521 1194 3586 τοιοῦτος
1240 3523 1331 3576 τὸν
1369 3522 1589 3594 τρόπον.
1620 3522 1767 3576 Ταύτ

1974 3525 2202 3578 rolanus
2226 3523 2353 3576 item
2383 3536 2507 3576 cum
2540 3521 2794 3592 profano.
2819 3521 3033 3577 Idcirco
3064 3522 3147 3576 lex
3177 3536 3397 3591 quoque
3418 3519 3529 3576 Blo-

217 3634 300 3670 τοι
342 3618 441 3670 καὶ
471 3616 640 3687 νόμος
682 3618 711 3669 ό
749 3614 840 3668 διὰ
878 3614 1126 3679 Μωσέως
1157 3615 1441 3686 διαστολὴν
1472 3618 1706 3670 ἐποιεῖτο
1735 3634 1772 3669 τ⁴

1973 3618 2083 3670 aiea
2132 3615 2275 3668 inter
2306 3620 2559 3667 sanctum
2604 3620 2658 3667 et
2691 3610 2985 3682 profanqu
3017 3611 3322 3667 discrimen
3360 3626 3528 3681 pone-

218 3710 327 3762 ἀνὰ
398 3707 566 3780 μέσον
633 3704 792 3776 ἁγίου
849 3725 910 3762 τε
964 3707 1059 3762 καὶ
1120 3704 1351 3779 βεϐήλου
1407 3709 1572 3778 φημὶ,
1625 3707 1773 3779 ἄμικ·

1974 3718 2048 3769 at,
2075 3722 2348 3776 nusquam
2380 3719 2443 3760 ea
2471 3705 2617 3758 inter
2644 3719 2707 3759 se
2736 3703 2889 3758 coire
2917 3717 3079 3773 posse
3108 3711 3359 3758 statuens
3390 3702 3529 3755 ami—

223 3819 340 3865 πως
366 3801 625 3873 ἀλλήλοις
655 3801 749 3854 καὶ
778 3799 1060 3872 ἀσύγχυτα
1107 3801 1176 3855 τά
1204 3801 1428 3857 τοιαῦτα
1461 3801 1667 3873 τηρῶν,
1694 3819 1778 3855 κατ

1972 3800 2078 3854 itisc
2117 3800 2253 3870 lege.
2294 3818 2311 3848 ι
2337 3796 2717 3865 Corrumpunt
2752 3796 2896 3850 enim
2938 3794 3115 3850 bonos
3145 3809 3326 3849 mores
3356 3795 3527 3853 collu-

218 3910 280 3961 γε
321 3892 417 3947 τὸν
452 3894 510 3944 ἐν
562 3891 752 3962 ἀγάπῃ
781 3890 958 3961 λόγον.
996 3912 1016 3944 ι
1038 3891 1323 3965 Φθείρουσι
1348 3892 1458 3965 γὰρ
1487 3894 1590 3965 ἤθη
1622 3911 1773 3964 χρησ

1975 3891 2063 3943 uia
2097 3904 2266 3960 prava
2294 3885 2398 3950 ¹¹,›
2434 3895 2487 3942 et
2516 3902 2639 3957 quae
2668 3886 2987 3956 discrepant
3014 3884 3249 3939 diversis
3282 3886 3526 3939 moribus

210 3984 435 4055 ἶμιλίαι
466 3984 658 4047 κακαὶ,
702 4003 721 4034 ι
761 3979 858 4036 καὶ
905 3986 1136 4055 πολεμεῖ
1176 3996 1293 4047 πως
1337 3984 1588 4055 ἀλλήλοις
1618 3984 1687 4037 τὰ
1714 3982 1765 4037 ἐτ

1971 3998 2000 4038 c
2030 3984 2084 4037 in
2110 3982 2390 4054 diversum
2420 3979 2774 4035 tendentibus
2820 3977 3046 4041 animis,
3093 3977 3240 4031 inter
3282 3992 3343 4031 se
3386 3994 3526 4046 quo-

222 4077 515 4147 ροτροπεῖν
547 4076 822 4146 ᾑρημένα,
858 4077 952 4129 καὶ
1001 4076 1070 4128 τὰ
1096 4078 1209 4139 τοῖς
1245 4077 1326 4139 είς
1348 4072 1410 4128 τὸ
1440 4073 1678 4128 ἐναντίον
1709 4074 1777 4144 βλ)

1975 4073 2231 4128 ammodo
2271 4070 2477 4127 bellum
2524 4079 2760 4142 gerunt,
2798 4084 2969 4140 seque
3005 4075 3199 4124 mutuo
3233 4083 3526 4139 prapcmoo

219 4186 386 4224 ⁴ιτουσι
448 4168 786 4239 διῳκισμένα
839 4167 1133 4239 θελήμασι,
1191 4167 1472 4239 μονονουχὶ
1524 4168 1617 4221 καὶ
1669 4167 1774 4221 ἀλλ’

1977 4183 2065 4220 mn
2102 4171 2369 4221 accusant
2395 4204 2407 4228 ,
2431 4161 2803 4233 .cxosculantc
2840 4172 3076 4232 utroque
3110 4176 3277 4217 suum
3314 4162 3529 4217 institu-

219 4262 330 4315 λων
378 4264 701 4331 κατηγορεῖ,
756 4260 1019 4331 ἐκατέρου
1091 4260 1150 4315 τδ
1202 4256 1402 4314 οἰκεῖον
1463 4259 1771 4331 θαυμάζοντ

1973 4275 2074 4315 mn.
2104 4259 2377 4326 Quocirca
2404 4272 2634 4312 necesse
2656 4264 2741 4311 est
2773 4255 2902 4309 odio
2931 4255 3122 4310 haberi
3153 4254 3378 4309 virtutis
3409 4264 3528 4308 stn-

220 4352 591 4423 ἐπιτήδευμα.
651 4349 861 4404 Οὐκοῦν
900 4340 1114 4423 ἀνάγκη
1166 4351 1440 4422 μισεῖσθαι
1486 4352 1575 4405 τὸν
1610 4351 1775 4423 φἰλάρ

1968 4353 2156 4407 :iosum
2206 4364 2274 4407 ex
2322 4351 2392 4407 iis
2444 4350 2515 4405 ob
2554 4363 2678 4419 qua:
2717 4348 3068 4403 admirationi
3107 4362 3234 4404 esse
3284 4336 3523 4409 debeat,

218 4460 337 4508 τον,
366 4443 436 4496 δι’
470 4436 545 4496 ὧν
571 4442 735 4506 αὐτὸς
783 4442 1118 4513 θαυμάζοιτο
1151 4444 1248 4514 τὴν
1282 4443 1593 4517 φαυλότητα
1620 4444 1773 4499 διελέι

1967 4445 2143 4517 quippe
2189 4444 2284 4514 qui
2337 4442 2748 4515 improbitatem
2792 4446 3059 4512 coarguat
3089 4480 3104 4504 ,
3154 4447 3205 4492 et
3255 4439 3522 4492 malormn

219 4505 413 4605 χοντα,
438 4532 616 4586 καὶτὸ
631 4534 689 4586 ἐν
712 4505 828 4595 τοῖς
851 4505 1110 4601 πονηροῖς
1130 4505 1318 4605 αἶσχος
1338 4505 1774 4588 ἀπολευκαίνοντι

1970 4505 2341 4594 ιὺεοξιιιίιίιιθιιι
2380 4505 2653 4606 oppositis
2678 4533 2795 4588 suis
2821 4531 3070 4587 moribus
3100 4538 3309 4599 retegat
3335 4546 3349 4580 :
3379 4530 3525 4584 bono

220 4628 287 4696 τῇ
323 4624 435 4678 τῶν
458 4624 675 4677 οἰκείων
706 4622 1132 4703 ἀντιπαραθέσει
1158 4624 1398 4695 τρόπων·
1435 4624 1775 4696 παραδειχθέε

1965 4631 2142 4699 ιιιίρρθ
2175 4628 2423 4683 exhibito
2454 4640 2683 4682 necesse
2707 4634 2790 4681 est
2821 4623 2949 4677 mali
2981 4629 3169 4695 patere
3197 4619 3520 4676 lmditatmn.

220 4735 313 4783 τος
349 4715 462 4789 γάρ
503 4714 598 4771 τοῦ
646 4714 879 4784 ἀγαθοῦ,
934 4716 1103 4787 πολλή
1132 4733 1250 4779 πως
1292 4716 1507 4787 ἀνάγκη
1535 4719 1596 4771 τὸ
1625 4717 1775 4787 φαῦλ⁴

1971 4720 2116 4785 lanc,
2136 4719 2355 4790 opinor,
2384 4719 2455 4773 ob
2474 4732 2699 4773 causam
2738 4717 2962 4771 virtutis
2995 4715 3265 4771 studiosis
3295 4729 3526 4769 succcn-

222 4808 578 4878 ἀσχημονεῖν.
604 4808 706 4861 Διά
731 4809 955 4877 ταύτην,
977 4802 1151 4877 οἶμαι,
1179 4808 1279 4878 τὴν
1327 4808 1527 4870 αἰτίαν,
1577 4812 1689 4872 τοῖς
1716 4826 1777 4878 φι

1971 4819 2096 4876 ent,
2128 4811 2223 4883 qui
2255 4826 2369 4866 non
2401 4809 2624 4865 eosdem
2656 4818 2939 4863 sectantur
2970 4823 3175 4863 mores.
3212 4806 3526 4879 Discipulos

222 4900 446 4973 αρέτοις
477 4900 909 4972 ὲπιμεμήνασιν,
944 4902 994 4954 οί
1020 4901 1094 4971 μὴ
1140 4901 1231 4954 τὸν
1263 4900 1375 4955 ἴσον
1407 4901 1592 4965 αὐτοῖς
1620 4899 1777 4971 ἐζηλι

1970 4906 2108 4977 gitur
2133 4903 2258 4974 angi
2287 4917 2396 4958 non
2425 4903 2579 4966 sinit,
2606 4902 2861 4973 quamvis
2885 4900 3101 4970 seipsos
3133 4915 3335 4955 exosos
3368 4917 3525 4954 unm-

223 4992 385 5055 κότες
417 4990 643 5063 τρόπον.
668 4991 783 5044 Οὐκ
814 4992 880 5062 ἑᾷ
924 4991 1211 5063 τοιγαροῦν
1242 4992 1532 5046 λυπεῖσθαι
1560 4992 1690 5056 τοὺς
1725 5010 1778 5063 με

1968 4996 2013 5050 lo
2052 4995 2273 5050 videant
2318 5002 2543 5064 propter
2580 4992 2804 5046 virtutis
2858 4992 3189 5063 pietatisque
3236 4992 3523 5047 studium:

224 5084 424 5156 θητάς,
455 5084 561 5137 κᾶν
587 5082 813 5155 ἀπήχθη
824 5084 1021 5153 μένους
1050 5084 1277 5149 ἑαυτοὺς
1313 5085 1483 5156 δρῶσι
1513 5084 1592 5157 τῷ
1621 5086 1779 5158 κόσμι

1972 5088 2036 5144 ed
2072 5104 2103 5142 c
2141 5086 2422 5145 contrario
2465 5085 2760 5139 laetandum
2793 5100 2917 5140 csse
2942 5083 3142 5149 docet,
3181 5082 3381 5137 futurae
3420 5084 3526 5137 sibi

221 5173 314 5229 διὰ
338 5173 401 5227 τὸ
427 5173 717 5244 φιλάρετον
747 5174 840 5227 καὶ
867 5174 967 5245 τὴν
992 5176 1071 5238 εἰς
1109 5175 1272 5229 αὑτὸν
1295 5176 1596 5242 εὐσέϐειαν,
1621 5177 1776 5250 χαίρε

1978 5180 2087 5251 pud
2125 5178 2295 5235 Deum
2345 5177 2615 5233 claritatis
2657 5190 2721 5231 ac
2755 5174 3073 5246 splendoris
3134 5181 3358 5242 sumpto
3401 5173 3528 5227 hinc

222 5267 282 5322 δὲ
327 5267 535 5340 μᾶλλον
561 5269 628 5320 ὲκ
656 5266 766 5321 τῶν
790 5268 1051 5322 ἐναντίων
1103 5270 1407 5340 εἰσηγεῖται
1443 5270 1572 5337 δεῖν,
1604 5272 1773 5343 δεχομ

1978 5277 2269 5342 rgumento
2297 5276 2352 5323 et
2387 5267 2618 5330 indicio,
2647 5265 2794 5337 quod
2827 5266 2956 5320 odio
2980 5279 3009 5317 a
3041 5262 3253 5320 mundo
3280 5263 3528 5318 habean-

224 5375 351 5421 νους
379 5344 769 5423 εἰς’ἀπόδειξιν
791 5357 886 5411 τοῦ
922 5359 1074 5429 παρὰ
1119 5358 1238 5429 Θεῷ
1267 5361 1551 5433 λαμπροὺς
1592 5361 1779 5415 ἔσεσθα

1974 5378 2051 5416 ur.
2090 5358 2226 5416 Vide
2259 5359 2407 5416 enim
2436 5375 2547 5431 quo
2572 5367 2733 5427 pacto
2759 5356 3128 5429 periculosum
3175 5369 3301 5410 esse
3341 5363 3529 5410 osten-

225 5450 320 5505 καὶ
365 5449 525 5518 λόγου
578 5449 780 5512 παντὸς
832 5449 1039 5517 ἀξίους.
1097 5451 1159 5503 τὸ
1219 5453 1495 5521 μισεῖσθαι
1536 5453 1687 5524 παρά
1734 5471 1780 5507 τι

1980 5461 2035 5506 at
2081 5452 2226 5508 nolle
2287 5451 2424 5523 pati
2460 5450 2608 5522 quod
2649 5449 2788 5504 velle
2822 5448 3033 5502 deceat.
3075 5445 3217 5499 Odia
3259 5445 3466 5514 quippe
3498 5459 3528 5500 a

227 5540 459 5611 κόσμου.
491 5540 666 5593 Βλέπε
706 5541 817 5611 γὰρ
864 5540 1013 5604 ὅπως
1048 5541 1314 5612 σφαλερὸν
1350 5542 1656 5608 ἀπέδειξεν,
1693 5543 1782 5597 ὄπι

1979 5541 2221 5598 onnullis
2245 5541 2458 5606 haberi,
2481 5539 2731 5613 periculo
2757 5538 2947 5607 utique
2967 5549 3199 5606 prorsus
3222 5548 3329 5588 non
3355 5546 3528 5598 narrt,

230 5629 296 5705 ἢν
332 5633 482 5696 είκδς
508 5633 726 5687 ἑλέσθαι
762 5634 946 5703 τυχὸν,
971 5632 1267 5705 τληπαθεῖν
1292 5635 1392 5687 οὐκ
1444 5636 1785 5706 ἀνεχομένους

1981 5638 2163 5691 heram
2192 5643 2377 5690 tamen
2406 5632 2551 5705 apud
2580 5630 2755 5703 898
2779 5628 2947 5685 Deum
2974 5628 3392 5684 excusationem
3423 5643 3531 5682 non

304 5816 353 5845 "
378 5813 571 5868 Matth.
609 5830 659 5873 ν.
702 5815 789 5878 ll,
837 5814 919 5866 1'2.
996 5813 1042 5844 9°
1072 5812 1235 5866 littcli.
1268 5828 1385 5877 xm:
1439 5813 1518 5872 l9,
1558 5811 1649 5864 Ξῖ).
1727 5813 1770 5845 ³⁸
1801 5812 1859 5866 ll

702 5815 789 5878 ll,
837 5814 919 5866 1'2.
996 5812 1385 5877 ⁹⁰1Ξιτριὶ.χιι;;
1439 5813 1518 5872 l9,
1558 5811 1649 5864 ‘30.
1727 5813 1770 5845 ³⁸
1801 5812 1815 5866 Ι
1848 5811 1981 5881 CQI'.
2019 5827 2111 5879 xv,
2155 5812 2246 5866 53.
