3938 6434
452 342 479 373 α

453 342 557 399 599
1484 339 1541 394 5.
1574 337 1851 394 CYRILLI
1886 335 2031 393 ALE?

2136 335 2363 396 NDRINI
2387 338 2710 398 ARGIIIEP.
3604 356 3689 412 ιω

454 463 618 517 uabet
641 501 656 526 ,
693 460 790 516 sed
827 456 967 514 lucri
1006 456 1306 528 plurimum
1339 457 1524 528 p0tius
1558 431 1683 513 eum
1719 467 1903 514 manet
1937 459 2031 528 qui

2140 458 2213 511 Τὸ
2242 459 2340 530 μὲν
2370 459 2478 532 γάρ
2512 461 2783 532 μισεῖσθαι
2838 462 2990 531 παρά
3020 478 3204 526 τινων,
3227 457 3293 533 ἦν
3321 464 3482 534 δήπου
3508 469 3691 533 πάντας

457 556 589 611 illud
626 555 771 609 ultro
800 552 1129 622 susceperit.
1177 549 1234 605 Si
1265 550 1411 605 enim
1442 549 1535 619 qui
1567 548 1693 602 odio
1722 557 1813 603 est
1845 550 1913 604 iis
1944 553 2041 621 qui

456 649 736 703 mundana
772 647 1033 718 sapiunt,
1076 653 1337 713 tanquam
1365 650 1521 696 extra
1554 641 1822 695 mundum
1853 657 2045 699 cense-

457 750 550 794 tur
578 754 739 794 esse:
775 752 907 809 ergo
938 736 1029 807 qui
1063 751 1171 790 non
1198 734 1432 789 habetur
1470 732 1599 786 odio
1622 772 1638 796 ,
1681 747 1910 788 necesse
1958 746 2042 790 est

455 831 645 886 mundi
677 829 836 883 malis
865 826 1160 896 implicari.
1205 821 1349 890 Quid
1377 838 1509 892 ergo
1542 822 1628 877 his
1667 822 1850 878 verbis
1881 824 2041 877 Chri-

454 931 575 977 stus
607 919 838 977 statuit?
877 918 1011 972 Cum
1048 915 1245 969 fiducia
1284 922 1338 969 et
1380 914 1550 969 libere
1585 929 1682 970 eos
1721 915 1891 984 loqui,
1939 932 2040 970 nec

453 1023 802 1086 peccatorum
826 1020 974 1065 metu
1004 1016 1306 1062 auteorum
1335 1008 1453 1077 qui,
1482 1007 1666 1061 divina
1693 1008 2039 1077 praedicatio-

452 1122 522 1161 ne
545 1111 878 1171 contempta,
916 1098 1315 1169 castigationes
1343 1105 1396 1152 et
1414 1098 1822 1153 admonitiones
1853 1099 2038 1167 probi-

454 1198 600 1258 bent,
632 1193 749 1248 sine
776 1192 957 1245 fructu
985 1190 1265 1245 dimittere
1288 1188 1595 1253 auditores,
1620 1190 1741 1254 sed,
1773 1191 2038 1259 periculis

450 1302 570 1357 qua:
608 1300 674 1339 ex
720 1283 851 1337 odio
887 1297 1033 1352 saepe
1067 1282 1397 1352 contingunt
1430 1281 1698 1351 neglectis
1721 1320 1734 1345 ,
1772 1280 1943 1337 fortes
1974 1298 2038 1337 ac

448 1387 709 1433 strenuos
742 1376 792 1427 in
824 1374 1105 1445 proposito
1139 1387 1384 1438 manere,
1409 1387 1512 1425 nec
1547 1373 1702 1441 prius
1733 1372 2035 1441 quidquam

451 1470 654 1523 habere
701 1476 796 1522 aut
840 1467 1049 1520 ducere
1103 1480 1265 1535 quam
1313 1474 1370 1517 ut
1425 1463 1538 1518 Deo
1568 1464 1841 1533 placeant.
1874 1463 2032 1530 Quod

449 1579 574 1617 cum
596 1561 799 1615 Paulus
822 1559 1044 1629 egregie
1076 1564 1402 1628 praestaret,
1437 1556 1510 1610 ita
1544 1556 1740 1610 scribit
1771 1575 1783 1609 :
1818 1574 1837 1607 ι
1874 1555 2035 1611 Modo

448 1658 594 1711 enim
626 1654 939 1709 hominibus
966 1651 1208 1717 suadeo,
1240 1666 1309 1704 an
1342 1648 1490 1704 Deo?
1518 1649 1600 1703 An
1632 1665 1822 1719 quaero
1856 1649 2035 1705 homi-

448 1750 611 1803 nibus
635 1748 889 1818 placere?
920 1745 975 1799 Si
999 1744 1181 1799 adbuc
1210 1742 1527 1797 hominibus
1550 1742 1848 1811 placerem,
1872 1742 2034 1798 Chri-

2144 550 2243 621 οὐχ
2261 551 2565 624 ὁλοκλήρως
2591 552 2846 624 ἀζήμιον*
2872 552 2987 606 ἀλλ’
3016 553 3117 606 οὐκ
3149 552 3263 624 εχει
3280 553 3374 626 τὴν
3401 556 3692 631 παραίτησιν

2144 641 2433 713 ἐλευθέραν
2468 643 2619 714 παρά
2638 643 2779 714 Θεῷ,
2819 644 2956 697 πολὺ
2987 644 3045 697 δὲ
3073 644 3136 716 δή
3168 662 3220 697 τι
3252 646 3313 698 τὸ
3345 646 3521 717 κέρδος
3554 649 3605 702 ὲν
3629 650 3693 722 τῷ

2146 734 2348 803 μᾶλλον
2391 735 2647 805 ἐθελῆσαι
2689 735 2884 788 παθεῖν
2916 735 3067 789 αύτό.
3102 735 3167 790 Ei.
3221 737 3327 807 γὰρ
3356 738 3383 789 ό
3410 737 3699 807 μισούμενος

2143 841 2217 878 πα
2224 826 2295 896 ρὰ
2323 826 2431 880 τῶν
2450 827 2517 880 τὰ
2543 829 2599 881 ὲν
2622 828 2814 898 κόσμῳ
2838 826 3280 900 πεφρονηκότων,
3308 827 3382 891 ὠς
3408 826 3505 892 ἔξω
3520 829 3694 901 κόσμου

2141 919 2469 988 λελόγισται,
2496 920 2588 973 τὸν
2620 920 2727 990 ἄρα
2776 920 2851 991 μὴ
2890 920 3211 990 μισηθέντα,
3260 921 3369 983 τοῖς
3391 919 3481 974 τοῦ
3515 921 3693 992 κόσμου

2142 1012 2333 1075 κακοῖς
2372 1011 2680 1065 συνδεῖσθαι
2730 1012 2917 1065 λοιπὸν
2947 1011 3161 1080 ἀνάγκη
3195 1013 3355 1065 νοεῖν.
3394 1010 3456 1063 Τί
3482 1008 3567 1065 οὖν
3606 1014 3697 1084 ἄρα

2139 1103 2227 1159 διὰ
2253 1104 2461 1159 τούτων
2490 1105 2843 1176 ᾠκονόμησεν
2894 1107 2923 1159 ὁ
2954 1106 3190 1178 Χριστός
3215 1122 3229 1169 ;
3277 1105 3349 1159 Τὸ
3367 1108 3424 1158 ὲν
3449 1107 3698 1179 παρρησίᾳ

2141 1196 2413 1255 ποιεῖσθαι
2436 1197 2528 1251 τὸν
2544 1197 2702 1266 λόγον
2726 1198 2947 1263 αὐτοὺς,
2969 1199 3063 1251 καὶ
3096 1196 3171 1268 μὴ
3190 1196 3329 1251 αἰδοῖ
3351 1200 3413 1269 τῇ
3441 1200 3699 1273 περίτινας

2137 1289 2246 1342 τῶν
2277 1291 2697 1362 ἡμαρτηκότων,
2736 1292 2903 1361 ἥγουν
2929 1289 3176 1344 ἀπειθεῖν
3194 1289 3467 1359 ,ἑλομένων
3493 1288 3567 1360 τῷ
3589 1289 3698 1360 θείῳ

2138 1382 2476 1454 κηρύγματι,
2504 1383 2596 1436 τὸν
2627 1385 2929 1453 σωφρονεῖν
2946 1381 3308 1435 ἀναπείθοντα
3335 1380 3699 1445 διακωλύοντας

2137 1475 2313 1544 λόγον,
2349 1476 2731 1547 ἀνωφελήτους
2761 1477 2855 1547 ὲᾷν
2916 1475 3041 1538 τοὺς
3079 1474 3481 1546 ἀκροωμένους,
3513 1490 3697 1544 παριπ-

2137 1566 2405 1631 πεύοντας
2436 1567 2493 1620 δὲ
2529 1568 2625 1621 καὶ
2655 1568 2722 1621 τὰ
2746 1570 2809 1621 ὲκ
2851 1568 2961 1620 τῶν
2997 1566 3271 1639 μισεῖσθαι
3323 1565 3571 1627 πολλάκις
3597 1564 3701 1617 ὲσό-

2140 1676 2277 1729 μενα
2295 1659 2465 1729 βλάϐη
2492 1662 2664 1731 γοργῇ
2685 1660 2780 1713 καὶ
2804 1659 3155 1729 ἀνυποστόλῳ
3177 1655 3475 1729 κεχρῆσθαι
3495 1658 3555 1727 τῇ
3583 1673 3703 1725 συμα

2136 1745 2325 1816 ϐουλῇ,
2349 1747 2516 1817 μηδὲν
2531 1748 2592 1801 τὸ
2618 1748 2878 1818 παράπαν
2903 1745 3314 1819 ὑφορωμένους,
3331 1748 3494 1817 ἤγουν
3521 1746 3701 1816 προύρ-

448 1843 516 1895 sti
555 1856 747 1896 servus
774 1855 882 1893 non
914 1852 1096 1893 essem
1124 1838 1192 1891 9'.
1227 1854 1246 1886 ι
1292 1832 1403 1889 Nec
1434 1834 1582 1889 enim
1615 1832 1731 1887 fieri
1759 1844 1937 1903 potest
1972 1846 2031 1890 ut

2136 1836 2414 1905 γιαίτερόν
2438 1853 2490 1890 τι
2512 1835 2900 1909 λογιζομένους
2924 1838 3018 1892 τοῦ
3048 1838 3158 1891 δεῖν
3182 1837 3380 1909 ἀρέσαι
3403 1835 3536 1907 Θεῷ.
3573 1839 3629 1890 Ὃ
3650 1836 3702 1907 δὴ

446 1933 572 2003 quis
600 1932 868 2002 improbis
893 1930 1105 2000 placeat
1131 1935 1186 1982 et
1237 1926 1364 1982 Deo.
1391 1925 1681 1992 Quomodo
1705 1926 1849 1981 enim
1872 1926 2037 1983 ambo

448 2026 501 2079 bi
549 2025 606 2078 in
634 2006 824 2079 lunum
862 2021 1215 2086 coalescent,
1261 2032 1386 2073 cum
1418 2019 1674 2076 voluntas
1708 2019 1762 2073 in
1794 2027 2035 2090 utroque

449 2122 607 2190 longe
633 2118 707 2173 sit
731 2114 1053 2172 dissimilis?
1080 2114 1209 2168 Haec
1233 2113 1380 2168 enim
1404 2112 1690 2178 virtute‘m,
1716 2113 1812 2167 illa
1843 2110 2035 2168 vitium

449 2212 690 2283 respicit.
725 2208 828 2276 Qui
860 2221 991 2279 ergo
1025 2206 1238 2261 servire
1272 2203 1385 2260 Deo
1414 2203 1769 2260 uniformiter
1796 2207 2033 2271 statuit,

448 2321 551 2359 nec
598 2304 802 2373 pietate
839 2314 969 2370 erga
1003 2314 1129 2355 eum
1182 2297 1337 2370 prius
1384 2297 1686 2367 quidquam
1723 2298 1922 2361 habet,
1973 2298 2029 2352 in

445 2396 806 2452 offensionem
848 2390 1254 2446 mundanorum
1295 2390 1582 2445 hominum
1634 2393 1881 2445 incurrat
1935 2407 2031 2446 ne-

445 2504 601 2544 cesse
626 2496 730 2550 est,
765 2486 813 2540 si
847 2483 1070 2555 quando
1100 2484 1169 2537 ab
1197 2484 1520 2553 impuritate
1555 2482 1744 2537 mundi
1775 2497 1869 2539 eos
1898 2498 2031 2537 aro-

443 2592 548 2634 eet.
590 2577 944 2633 Gravissimze
992 2572 1140 2629 enim
1189 2581 1318 2629 sunt
1369 2573 1676 2643 voluptatis
1724 2575 2031 2629 cultoribus

442 2666 855 2724 exhortationes
884 2704 899 2728 ,
944 2678 1067 2734 quae
1092 2662 1158 2717 ad
1192 2662 1472 2717 meliorem
1508 2660 1720 2733 frugem
1745 2677 1843 2718 eos
1875 2679 2031 2718 revo-

442 2772 605 2824 rant,
656 2756 817 2814 sicuti
868 2755 1132 2811 nimirum
1174 2766 1227 2809 et
1271 2754 1344 2808 iis
1374 2754 1578 2822 quibus
1624 2752 1777 2808 hisce
1815 2753 2028 2808 morbis

441 2868 643 2922 corpus
671 2857 994 2921 corruptum
1014 2854 1120 2914 est,
1142 2846 1384 2902 remedia
1412 2845 1502 2899 illa
1528 2852 1660 2901 sunt
1685 2845 1883 2901 acerba
1906 2860 2029 2916 qua:

441 2942 723 2998 salutaria.

2134 1928 2230 1982 καὶ
2259 1928 2471 1993 Παῦλος
2516 1929 2715 2000 ἄριστα
2747 1930 3054 2002 κατορθῶν,
3078 1929 3220 1983 οὕτω
3255 1930 3475 2000 γράφειο
3512 1948 3529 1981 ι
3569 1930 3704 2000 Ἀρτι

2132 2021 2242 2092 γὰρ
2269 2021 2593 2093 ἀνθρώπους
2617 2022 2812 2086 πείθω,
2837 2023 2871 2095 ἢ
2902 2023 2993 2079 τὸν
3033 2023 3201 2090 Θεόν;
3245 2026 3318 2078 Ἦ
3342 2023 3488 2095 ζητῶ
3516 2022 3702 2094 ἀνθρώο

2134 2130 2258 2177 ποις
2286 2114 2579 2185 ἀρέσκεινς
2616 2115 2680 2168 Εἰ
2720 2115 2800 2168 ἔτι
2853 2114 3164 2186 ἀνθρώποις
3203 2116 3460 2187 ἡρεσκον,
3495 2113 3703 2186 Χριστοῦ

2131 2203 2318 2267 δοῦλος
2342 2204 2444 2257 οὐκ
2466 2204 2532 2258 ἂν
2562 2205 2763 2277 ήμην.»
2791 2206 2867 2259 Ού
2895 2207 3003 2277 γὰρ
3024 2206 3162 2272 ἔστι,
3186 2207 3295 2260 οὐκ
3316 2207 3462 2260 ἐστιν
3479 2206 3704 2275 πονηροῖς

2135 2294 2391 2363 ἀρέσκειν
2432 2296 2529 2350 καὶ
2587 2295 2725 2367 Θεῷ.
2780 2296 2906 2360 Πῶς
2952 2297 3062 2368 γὰρ
3112 2296 3179 2352 ἂν
3242 2298 3313 2351 ῐοι
3348 2297 3487 2352 κατὰ
3534 2297 3705 2350 ταυτὶν

2134 2386 2345 2456 ἀμφότε
2354 2403 2443 2457 ρα,
2471 2385 2608 2440 πολύ
2623 2404 2675 2439 τι
2695 2389 2775 2450 εἰς
2801 2388 3166 2459 ἀνομοιότητα
3180 2387 3544 2459 διῳκισμένης
3559 2387 3644 2455 τῆς
3660 2388 3707 2439 ἐν

2132 2477 2380 2549 ἐκατέρῳ
2410 2478 2718 2549 θελήσεως;
2762 2480 2825 2532 Ἥ
2856 2480 2953 2550 μὲν
2979 2481 3089 2553 γὰρ
3119 2482 3200 2545 είς
3237 2482 3459 2553 ἀρετὴν,
3496 2483 3527 2552 ἡ
3565 2479 3618 2532 δὲ
3640 2480 3706 2541 εἰς

2131 2569 2443 2640 φαυλότητα
2504 2569 2711 2640 βλέπει.
2766 2571 2869 2623 Τὸν
2916 2570 3026 2640 ἄρα
3073 2572 3426 2644 μονοτρόπως
3483 2572 3709 2625 ἐθέλοντα

2137 2661 2408 2716 δουλεύειν
2427 2661 2506 2733 τῷ
2533 2662 2667 2733 Θεῷ,
2702 2663 2794 2716 καὶ
2827 2665 2926 2733 τῆς
2964 2665 3043 2727 είς
3075 2665 3241 2718 αὐτὸν
3283 2665 3558 2727 εὐσεϐείας
3579 2663 3708 2717 οὐδὲν

2136 2753 2356 2807 τιθέντα
2390 2754 2447 2808 τὸ
2494 2753 2737 2825 ἄμεινον,
2789 2755 3153 2826 προσκρούειν
3212 2757 3431 2829 ἀνάγκη
3463 2759 3570 2819 τοῖς
3598 2756 3711 2822 ἀγα-

2137 2846 2282 2899 πῶσι
2308 2846 2396 2898 τὸν
2430 2846 2654 2917 κόσμον,
2685 2847 2814 2901 ὅταν
2842 2848 3112 2921 ἀναπείθῃ
3145 2852 3367 2920 φρονεῖν
3398 2848 3465 2902 τὰ
3503 2848 3594 2918 τῆς
3633 2845 3711 2898 κό-

2138 2955 2275 3010 σμου
2312 2998 2319 3003 θ
2356 2938 2638 3009 βδελυρίας
2722 2939 3047 3011 ἑκφέροντσ..
3127 2939 3547 3012 Δυσφορὼτατοι
3619 2936 3712 3007 γὰρ

439 3040 552 3101 τοῖς
599 3036 923 3107 φιληδόνοις,
980 3035 1038 3087 αἱ
1090 3032 1228 3104 πρὸς
1273 3032 1458 3102 ἕτερόν
1509 3050 1561 3085 τι
1604 3031 1868 3086 καλοῦσαι
1909 3036 2233 3106 συμϐουλαὶ,
2268 3034 2521 3107 καθάπερ
2554 3035 2748 3107 ἀμέλει
2780 3036 2877 3091 καὶ
2921 3039 3037 3101 τοῖς
3066 3037 3172 3090 ὑπὸ
3229 3037 3439 3092 τούτων
3490 3036 3591 3089 τῶν
3625 3051 3714 3089 πα-

441 3132 551 3185 θῶν
576 3131 639 3184 τὸ
659 3130 820 3201 σῶμα
846 3125 1269 3197 διεφθαρμένοις
1300 3123 1369 3177 τά
1401 3124 1658 3195 ἐπωφελῆ
1692 3124 1788 3178 καὶ
1809 3124 2079 3180 δάκνοντα
2114 3126 2223 3181 τῶν
2260 3126 2649 3198 βοηθημάτων.

510 3222 608 3278 XV
631 3262 645 3287 ,
687 3221 778 3275 20.
819 3218 1136 3273 Mementote
1168 3215 1427 3270 sermonis
1462 3215 1564 3268 mei
1595 3230 1746 3285 quem
1780 3230 1873 3286 ego
1913 3216 2029 3269 dixi

2204 3217 2628 3285 Μνημονεύετε
2649 3216 2756 3271 τοῦ
2784 3218 2973 3287 λόγου
3005 3213 3078 3273 οὗ
3107 3217 3226 3289 ἐγὼ
3247 3214 3588 3288 εἷπονύμῖν·
3608 3219 3713 3271 Οὐκ

440 3319 584 3374 vobis
613 3333 631 3370 :
685 3313 810 3367 Non
853 3323 931 3367 est
974 3325 1151 3364 servus
1210 3306 1381 3375 major
1422 3305 1637 3360 domino
1680 3323 1800 3360 suo.
1846 3305 1904 3360 Si
1950 3323 2032 3359 me

440 3407 697 3482 persecuti
728 3413 847 3459 sunt
876 3444 889 3463 ,
946 3413 992 3457 ct
1038 3419 1123 3455 vos
1169 3409 1543 3470 persequentur
1574 3414 1593 3452 :
1643 3398 1691 3452 si
1736 3414 2030 3453 sermonem

442 3517 615 3554 meum
645 3503 1016 3559 servaverunt,
1054 3502 1101 3546 et
1139 3501 1367 3546 vestrum
1400 3490 1709 3544 servabunt.

498 3591 795 3659 Postquam
830 3586 1083 3656 superius
1117 3584 1361 3639 ostendit
1384 3583 1591 3637 bonum
1625 3597 1747 3636 esse
1768 3581 1906 3636 fodio
1936 3581 2031 3635 ba-

444 3685 583 3748 beri,
625 3686 671 3738 si
703 3688 920 3749 tempus
952 3678 1003 3732 id
1038 3676 1274 3747 postulet
1307 3674 1692 3745 (levissimum
1725 3673 1874 3728 enim
1922 3684 2027 3737 εει,

443 3780 554 3832 imo
587 3790 719 3832 vero
750 3782 833 3829 ter
861 3770 1163 3842 optandum
1198 3768 1570 3839 quodcunque
1603 3767 1873 3836 contingit
1904 3781 2030 3837 pro-

441 3875 564 3936 pter
591 3866 782 3929 Deum,
813 3865 907 3934 qui
937 3870 997 3917 ut
1026 3860 1311 3917 obstacula
1339 3872 1570 3928 quaeque
1601 3856 1882 3912 vincamus
1912 3856 2030 3923 elfi-

439 3974 565 4016 cere
592 3955 847 4030 potest),
883 3954 1037 4010 addit
1068 3954 1295 4022 insuper
1327 3949 1535 4003 utiliter
1566 3949 1713 4019 quod
1746 3949 1932 4014 novit,
1971 3957 2029 4002 ut

443 4055 588 4108 Deus
614 4092 629 4116 ,
672 4047 1088 4105 retardaturum
1125 4059 1221 4099 eos
1256 4044 1557 4113 quominus
1600 4040 1811 4095 ardenti
1845 4040 2030 4095 studio

441 4144 723 4199 ctelcstem
775 4138 1086 4193 doctrinam
1146 4135 1465 4205 praedicent.
1517 4132 1654 4186 Nam
1693 4133 1788 4202 qui
1826 4131 2028 4186 delecti

440 4245 573 4291 sunt
598 4233 671 4289 ad
702 4229 1034 4294 docendum,
1064 4230 1242 4283 solent
1278 4235 1336 4281 ut
1364 4226 1661 4296 plurimum
1700 4225 2029 4292 inpericula

441 4335 498 4384 et
522 4324 857 4396 ignominias
890 4324 1174 4378 incurrere
1200 4359 1215 4383 ,
1249 4334 1373 4373 cum
1420 4318 1489 4372 iis
1543 4332 1682 4387 quos
1732 4315 2031 4371 admonent

445 4422 627 4475 minus
684 4421 904 4489 placent
965 4430 1090 4485 qua:
1129 4414 1428 4478 dicuntur;
1478 4425 1715 4478 cumque
1756 4417 2027 4480 praeterea

441 4510 722 4579 contingat
752 4515 812 4562 ut
844 4507 1129 4577 repudiata
1162 4518 1262 4559 sua
1290 4500 1540 4556 doctrina
1570 4499 1741 4570 899
1771 4516 2027 4570 persecu-

2131 3307 2265 3361 ἕο-τι
2315 3306 2540 3374 δοῦλος
2568 3307 2782 3378 μείζων
2838 3307 2945 3363 τοῦ
2996 3310 3210 3378 κυρίου
3259 3310 3471 3366 αὐτοῦ⁴
3518 3312 3587 3364 Εἰ
3628 3308 3718 3379 ἐμὲ

2132 3398 2407 3465 ἐδίωξαν,
2457 3400 2555 3454 καὶ
2612 3399 2769 3470 ὑμᾶς
2798 3400 3129 3465 διώξουσιν
3152 3419 3165 3432 ·
3191 3406 3251 3457 εὶ
3279 3403 3389 3457 τὸν
3413 3404 3595 3473 λόγον
3615 3417 3717 3471 μου

2131 3490 2461 3558 ἐτήρησαν,
2490 3492 2588 3545 καί
2623 3490 2734 3546 τὸν
2771 3492 3059 3563 ὑμέτερον
3106 3494 3475 3564 τηρήσουσι.

2204 3581 2608 3651 Προαποδείξας
2646 3579 2706 3637 εὖ
2765 3584 2911 3655 μάλα
2951 3585 3045 3638 καὶ
3093 3584 3154 3638 τὸ
3212 3588 3500 3657 μισεῖσθαι
3554 3584 3718 3648 καλὸν,

2133 3674 2292 3743 εἴπερ
2321 3674 2406 3746 εἴη
2441 3676 2538 3729 καὶ
2568 3674 2761 3729 τούτου
2791 3677 2982 3748 καιρὸς
3001 3677 3264 3750 (φορητὸν
3286 3680 3396 3753 γὰρ
3416 3680 3578 3750 ἄγαν,
3601 3677 3721 3750 μᾶλ-

2130 3765 2219 3820 λον
2242 3765 2296 3818 δὲ
2318 3766 2669 3839 τριπόθητον,
2695 3769 2833 3841 ὅπερ
2857 3767 2923 3822 ἀν
2948 3768 3225 3841 συμϐαίνῃ
3257 3771 3350 3825 διὰ
3378 3771 3530 3836 Θεὸν,
3566 3784 3722 3838 παρα·

2131 3857 2478 3928 ποδισμάτων
2517 3858 2775 3930 ἀμείνους
2827 3859 3156 3931 ἐργάζεσθαι
3180 3862 3530 3935 δυνάμενον),
3577 3875 3726 3932 προσο

2132 3951 2316 4020 ανερεῖ
2367 3948 2433 4019 δὴ
2496 3949 2807 4021 χρησίμως,
2865 3953 3004 4024 ὅπερ
3090 3948 3238 4011 οἶδεν
3295 3956 3375 4019 ὼς
3422 3956 3573 4018 Θεὸς,
3611 3967 3725 4006 κατε

2130 4040 2382 4109 οκνήσειν
2407 4039 2696 4094 ἀναπεῖθον
2727 4041 2922 4106 αὐτοὺς
2959 4042 3096 4115 πρὸς
3142 4045 3204 4098 τὸ
3232 4047 3446 4118 σφόδρα
3482 4044 3729 4103 συνίιτξίνε⁸

2134 4131 2259 4185 σθαι
2294 4132 2469 4187 θέλειν
2500 4134 2629 4205 περὶ
2682 4134 2743 4187 τὸ
2777 4134 2976 4206 χρῆναι
3027 4136 3330 4208 κηρύττειν
3374 4139 3466 4192 τὸν
3496 4138 3726 4208 οὐράνιον

2132 4225 2310 4295 λόγον.
2356 4226 2655 4297 Ἑπόμενον
2688 4227 2799 4299 γὰρ
2826 4229 2920 4282 ἐπὶ
2955 4229 3089 4283 πολὺ
3119 4233 3237 4296 τοῖς
3272 4234 3358 4297 είς
3386 4232 3450 4286 τὸ
3476 4231 3730 4285 διδάσκειν

2135 4318 2679 4388 προκεχειρισμένοις
2726 4318 2787 4371 τὸ
2845 4320 3212 4391 ἀτιμάζεσθαι
3245 4324 3346 4377 καὶ
3393 4321 3727 4381 κινδυνεύειν,

2130 4406 2258 4462 ὅταν
2282 4408 2381 4477 οὐχ
2400 4408 2545 4478 ἡδεῖς
2566 4411 2678 4472 τοῖς
2707 4409 3150 4482 νουθετουμένοις
3183 4415 3237 4467 οἱ
3281 4416 3419 4485 παρ’
3449 4415 3628 4476 αὐτοῖς
3654 4411 3733 4464 εὖ·

2136 4503 2414 4572 ρίσκονται
2443 4503 2612 4572 λόγοι,
2649 4504 3039 4575 συμϐαίνοντός
3070 4523 3129 4560 τε
3159 4508 3302 4580 πρὸς
3328 4509 3509 4581 τούτῳ
3534 4509 3623 4562 καὶ
3650 4503 3730 4557 τοῦ

441 4604 646 4657 tionem
679 4601 982 4672 patiantur,
1011 4598 1177 4653 etiam
1214 4593 1481 4649 adversus
1513 4593 1629 4647 hate
1652 4592 1938 4663 expeditos
1961 4608 2025 4648 ac

2136 4568 2487 4649 διαπυθέσθαι
2518 4568 2616 4666 *μὴ
2671 4568 3108 4669 παραδεχθέντος
3152 4568 3401 4655 ἔσθ’-ὅτε
3428 4568 3522 4655 τοῦ
3566 4600 3730 4667 λόγου,

441 4704 668 4752 strenue
702 4703 925 4766 paratos
959 4690 1282 4761 essejubet.
1307 4687 1429 4742 Han:
1458 4694 1638 4741 autem
1671 4685 1855 4741 futura
1887 4702 2023 4757 quo-

440 4784 740 4841 dammodo
784 4782 1059 4855 praedicit,
1097 4788 1321 4852 propter
1355 4793 1548 4834 eorum
1597 4779 1689 4848 qui
1733 4777 2023 4833 erudiendi

442 4878 738 4933 veniebant
765 4874 1203 4944 improbitatem.
1237 4870 1396 4937 Quod
1430 4870 1561 4925 alibi
1595 4885 1815 4941 quoque
1858 4871 2022 4940 signi-

443 4970 661 5033 ficabat,
689 4970 879 5025 dicens
912 4986 924 5022 :
967 4985 985 5018 ι
1019 4964 1117 5019 Va:
1152 4952 1357 5018 n'xundo
1386 4978 1415 5017 a
1441 4963 1723 5019 scandatis
1752 4982 1765 5017 :
1802 4978 2031 5020 necesse

440 5060 588 5114 enim
638 5067 724 5114 est
759 5066 817 5111 ut
867 5059 1093 5112 veniant
1141 5054 1401 5109 scandala
1432 5054 1500 5109 ⁸⁸.
1539 5073 1559 5106 ›
1598 5051 1813 5125 Ubique
1862 5070 2031 5126 porro

441 5150 710 5221 singulari
737 5149 969 5205 consilio
991 5149 1301 5219 exemplum
1342 5162 1403 5203 se
1441 5147 1682 5218 praebet,
1720 5164 1791 5203 ne
1821 5149 2027 5217 majora

442 5250 763 5313 appetentes
796 5241 944 5295 aliud
987 5241 1226 5296 infamiae
1269 5256 1444 5313 genus
1495 5242 1783 5296 incurrere
1831 5241 2024 5308 depre-

443 5332 760 5388 hendantur
783 5374 799 5398 ,
840 5331 937 5387 sed
970 5333 1300 5388 necessitate
1338 5349 1391 5385 νι
1408 5331 1506 5386 luti
1537 5329 1779 5402 quadam
1807 5327 2025 5382 Domini

442 5421 672 5493 gloriam
706 5435 847 5491 pone
881 5433 1172 5491 sequentes
1213 5437 1379 5492 supra
1432 5437 1557 5479 eum
1602 5417 1783 5474 efferri
1826 5416 2025 5472 nolint.

443 5513 552 5571 Eos
581 5514 748 5585 igitur
784 5514 1141 5586 ignominiam
1190 5517 1519 5572 incursuros
1571 5510 1862 5566 subinnuit
1890 5549 1905 5575 ,
1946 5511 2029 5564 di—

445 5622 573 5662 cens
605 5624 617 5657 :
677 5625 697 5658 ι
731 5604 847 5660 Non
879 5615 963 5662 est
1008 5624 1203 5664 servus
1244 5607 1422 5676 major
1453 5604 1680 5659 domino
1721 5617 1840 5657 suo.
1879 5620 1895 5653 ι
1943 5600 2028 5655 Me

515 5783 752 5843 “Galat.
784 5806 818 5855 ι,
858 5790 943 5844 ίθ.
1035 5789 1079 5817 ⁸³
1105 5784 1298 5840 Matth.
1336 5798 1496 5849 xvm,
1536 5783 1591 5836 7.

2131 4687 2417 4759 εὐτρεπεῖς
2452 4682 2589 4740 εἶναι
2640 4688 2734 4740 καὶ
2786 4688 2920 4759 πρὸς
2966 4689 3142 4744 ταῦτα
3173 4690 3299 4745 λίαν
3354 4695 3603 4765 εὐχερεῖς
3648 4688 3733 4745 καὶ

2136 4776 2432 4848 προθύμως
2498 4778 2592 4831 καὶ
2648 4777 2913 4841 νεανικῶς
2973 4780 3376 4840 διακελεύεται.
3433 4781 3735 4856 Προμηνύει

2134 4869 2193 4922 δὲ
2225 4868 2414 4941 ῶσπερ
2443 4870 2619 4939 πάντη
2658 4885 2717 4921 τε
2767 4870 2860 4922 καὶ
2913 4873 3132 4937 πάντως
3165 4876 3477 4946 ἐσομένων,
3533 4874 3621 4928 διὰ
3646 4871 3734 4943 τὴν

2136 4962 2243 5015 τῶν
2278 4962 2581 5032 μελλόντων
2604 4956 3198 5037 παιδαγωγηθήσεσθαι
3218 4968 3557 5040 μοχθηρίαν.
3580 4964 3738 5036 Τοῦτο

2133 5053 2189 5106 δὲ
2224 5054 2318 5106 καὶ
2353 5055 2410 5106 ὲν
2452 5048 2660 5123 ἑτέροις
2706 5054 2894 5126 ἐδήλου
2939 5056 3133 5126 λέγων’
3173 5078 3193 5111 ι
3258 5062 3404 5115 υύαὶ
3448 5060 3530 5131 τῷ
3561 5059 3738 5127 κόσμῳ

2133 5143 2242 5197 ἀπὸ
2274 5142 2384 5196 τῶν
2435 5142 2765 5199 σκανδάλων·
2826 5147 3039 5218 ἀνάγκη
3097 5148 3207 5221 γὰρ
3251 5151 3441 5206 ἐλθεῖν
3482 5152 3553 5207 τά
3587 5150 3740 5203 σκάν-

2132 5235 2288 5290 δαλα.
2331 5254 2350 5285 ι
2387 5237 2675 5307 Οἰκονομεῖ
2700 5237 2757 5291 δὲ
2788 5243 3038 5311 πανταχῆ
3068 5241 3137 5295 τά
3161 5243 3289 5296 καθ’
3321 5243 3525 5298 ἑαυτὸν
3548 5246 3608 5297 ὲν
3627 5242 3739 5295 τού-

2130 5346 2209 5399 τῳ
2273 5328 2661 5397 παραδεικνὺς,
2706 5330 2793 5384 ἵνα
2837 5333 2912 5404 μὴ
2959 5333 3225 5403 μειζόνων
3271 5336 3585 5407 ἐφιέμενοι,
3627 5332 3740 5387 καθ’

2129 5422 2316 5492 ἕτερον
2343 5422 2542 5493 τρόπον
2565 5424 3000 5495 ἀσχημονοῦντες
3023 5426 3387 5492 ἁλίσκωνται,
3421 5429 3540 5482 ἀλλ’
3561 5427 3739 5493 ῶσπερ

2135 5512 2195 5577 ἐξ
2237 5511 2485 5582 ἀνάγκης
2508 5514 2743 5568 κατόπιν
2770 5514 2871 5585 τῆς
2908 5514 3000 5569 τοῦ
3029 5518 3239 5589 Κυρίου
3282 5513 3565 5589 βαίνοντες
3592 5516 3739 5584 δόξῃς

2134 5607 2193 5659 τὸ
2224 5604 2300 5677 μὴ
2323 5607 2460 5678 ὑπὲρ
2496 5608 2655 5663 αὐτὸν
2683 5610 2933 5678 γενέσθαι
2989 5610 3362 5673 σπουδάζωσι,
3404 5612 3482 5666 Τὸ
3528 5612 3627 5682 μὲν
3657 5604 3739 5663 οὖν
