3938 6414
187 432 294 487 ιω

1088 471 1099 483 .
1193 427 1258 482 ΙΝ
1289 424 1580 484 lOANNlS
1621 422 2073 483 EVARGELI'UM
2115 424 2239 481 ΜΒ.
2271 424 2334 479 Χ.

3357 428 3465 484 402

186 549 674 622 ἀτιμασθήσεσθαι
703 550 920 614 πάντως
945 550 1146 615 αὐτοὺς
1169 550 1536 621 ὑποσημαίνει
1565 532 1739 617 λέγων
1772 566 1786 578 ·

1900 549 2037 602 enim
2064 588 2079 610 ,
2124 548 2303 618 inquit
2333 591 2346 613 ,
2385 544 2648 601 eﬂ‘renata
2680 546 2864 617 lingua
2900 547 3174 615 petierunt
3201 589 3216 613 ,
3255 548 3464 603 nullum

190 664 213 697 ‹
248 643 365 697 Οὐκ
393 642 508 695 ἐστι
547 642 730 705 δοῦλος
784 641 920 713 ὑπὲρ
979 641 1070 696 τὸν
1118 641 1306 713 κύριον
1334 641 1522 695 αὐτοῦ.
1568 661 1587 692 ι
1654 640 1786 711 Ἐμέ

185 732 317 802 γὰρ,
382 733 573 802 φησὶν,
638 732 878 804 ἀχαλίνῳ
906 734 1029 804 ’μὲν
1075 732 1489 804 κατεκράτησαν
1550 729 1784 801 γλώττῃ,

182 825 456 894 λοιδορίας
473 824 677 893 τρόπον
692 824 1105 896 ἀνεπιτήδευτον
1121 824 1220 878 οὐκ
1231 823 1458 893 ἀφέντες
1474 824 1523 877 οἱ
1543 822 1784 884 δείλαιοι,

181 916 531 988 δαιμονῶντα
559 918 653 971 καὶ
682 918 917 987 μέθυσον
946 916 1044 970 καὶ
1074 917 1329 986 πορνείας
1377 917 1604 970 ἐκάλουν
1653 932 1790 985 καρ-

184 1010 308 1065 πόν.
350 1009 496 1063 Ἀλλ’
527 1011 628 1064 οὐκ
669 1009 897 1079 ἐζήτουν
926 1009 1275 1081 παραχρῆμα
1326 1006 1425 1072 τὰς
1450 1008 1625 1071 δίκας,
1669 1007 1786 1061 ἀλλ’

184 1102 310 1156 οὐδὲ
332 1104 460 1165 ταῖς
484 1102 615 1173 παρ’
640 1101 821 1156 αὐτῶν
844 1102 1130 1173 λοιδορίαις
1155 1099 1538 1172 καταδηχθείς,
1558 1100 1649 1157 τὸν
1673 1101 1785 1163 τοῖς

182 1193 566 1265 ἀκροωμένοις
599 1194 864 1264 σώτήριον
911 1193 1205 1264 ἀνέκαμψα
1239 1192 1418 1261 λόγον.
1447 1190 1659 1246 Οὐκοῦν
1712 1190 1787 1263 μὴ

183 1285 463 1354 ζητείσθω
503 1286 632 1355 παρ’
662 1284 816 1355 ὑμῶν
864 1285 924 1338 τὸ
973 1284 1157 1354 μεῖζον
1212 1285 1479 1356 ἀκαίρως,
1515 1283 1649 1355 μηδέ
1677 1282 1786 1338 τῶν

179 1377 277 1431 τοῦ
310 1378 524 1447 Κυρίου
552 1376 1058 1448 κατασοϐαρεύεσθε
1090 1376 1322 1449 μέτρων,
1356 1377 1495 1448 πρὸς
1515 1375 1786 1446 τοσαύτην

183 1470 384 1523 ἑαυτὸν
419 1469 491 1522 δι’
520 1472 669 1541 ἡμᾶς
701 1469 1168 1533 καταϐιὸἀσαντος
1195 1470 1292 1541 τήν
1320 1468 1673 1534 ταπείνωσιν,
1699 1469 1798 1529 διάς

181 1561 244 1614 τὸ
302 1563 445 1614 πᾶσι
497 1562 794 1626 λυσιτελές.
843 1561 1048 1619 Οὐκοῦν
1080 1562 1336 1632 ἀμείνους
1367 1562 1661 1631 ἐργάζεται
1694 1562 1787 1616 καὶ

179 1652 287 1722 τῆς
312 1655 373 1705 ἐν
397 1652 579 1722 λόγοις
602 1653 965 1725 σκληρότητος
988 1654 1080 1707 καὶ
1102 1654 1200 1724 τῆς
1219 1653 1326 1707 τῶν
1343 1653 1652 1724 φιλοψογείν
1668 1656 1788 1709 είω-

180 1745 362 1799 θότων
391 1745 763 1816 ἀνοσιότητος,
813 1745 1065 1816 καθάπερ
1096 1745 1290 1815 ἀμέλει
1343 1747 1485 1811 καὶρ
1521 1747 1788 1817 μᾶκάριος

182 1836 483 1907 προφήτης
540 1835 830 1907 Ἱερεμίας,
866 1835 1003 1907 πρὸς
1049 1837 1181 1891 αὐτὸ
1211 1836 1275 1908 δὴ
1314 1836 1471 1890 τοῦτο
1508 1854 1787 1909 γεγυμνα-

184 1924 392 1994 σμένος
444 1925 651 1994 ἔλεγεν⁸
705 1944 724 1977 t
776 1926 837 1979 Ἠ
898 1926 1048 1996 ἰσχύς
1113 1944 1215 1997 μου
1267 1925 1515 1993 ἐξέλιπεν
1568 1928 1627 1981 ἐν
1674 1931 1788 1992 τοῖς

183 2004 610 2087 καταρωμὲὣις
668 2026 756 2088 με.
818 2036 836 2070 ι
873 2017 1150 2081 Μειζόνως
1177 2034 1239 2085 γε
1294 2019 1405 2088 μὴν
1431 2020 1465 2071 ό
1503 2017 1788 2082 Θεσπέσιος

182 2108 407 2172 Παῦλος
437 2108 747 2180 διαλάμψας
781 2110 837 2162 ἐν
888 2108 1058 2179 αὐτῷ,
1116 2111 1211 2162 κα).
1273 2111 1407 2162 πολὺ
1443 2109 1788 2181 καταθλήσας

180 2200 286 2266 τῆς
329 2199 441 2252 τῶν
496 2199 827 2268 ὑϐριζόντων
877 2199 1245 2270 ἀνοσιότητος,
1274 2219 1293 2250 ι
1351 2200 1786 2271 Λοιδορούμενοι.

182 2291 380 2361 φησιν,
456 2290 809 2361 εὐλογοῦμεν,
888 2290 1352 2362 δυσφημούμενοι,
1439 2293 1789 2361 παρακαλού-

188 2400 315 2452 μεν.
345 2403 364 2435 ι
407 2383 481 2436 Τὸ
506 2384 602 2454 μὲν
622 2384 732 2455 γάρ
750 2382 855 2437 τῶν
878 2382 1133 2436 τοιούτων
1161 2385 1675 2439 κατανεανιεύεσθαι
1700 2404 1789 2455 φι-

180 2475 323 2537 λεῖν,
374 2473 540 2546 ἔργον
596 2474 662 2528 ἂν
710 2475 924 2543 γένοιτο
981 2473 1218 2535 διανοίας
1270 2475 1659 2547 πτωχευούσης
1714 2476 1792 2548 τῷ

186 2566 489 2636 πνεύματι,
530 2564 675 2619 κατά
708 2565 770 2619 τὸ
809 2565 1220 2637 γεγραμμένον,
1266 2568 1360 2621 καὶ
1401 2568 1605 2640 μετρίῳ
1633 2587 1793 2638 κομι-

183 2645 253 2728 δῇ
309 2657 738 2727 κεκοσμημένης
783 2657 1114 2727 φρονήματι.
1146 2657 1343 2710 Φύεται
1385 2658 1493 2730 γάρ
1546 2677 1663 2722 πως
1699 2661 1793 2713 καὶ

186 2748 450 2818 καθάπερ
498 2750 563 2800 ἐκ
593 2739 748 2820 ῥίζης
793 2747 1005 2817 ἀνίσχει
1048 2748 1243 2819 καλῆς,
1281 2752 1345 2802 ἐκ
1384 2749 1575 2805 τούτου
1609 2751 1665 2804 δὲ
1691 2753 1794 2821 μά-

122 2868 127 2871 λ
188 2838 371 2901 λιστα,
401 2837 465 2890 τὸ
495 2837 845 2908 μακρόθυμόν
874 2854 930 2890 τε
969 2838 1063 2891 καὶ
1101 2839 1443 2906 ἀνεξίκακον.
1479 2842 1552 2894 Τὸ
1578 2842 1634 2895 δὲ
1655 2845 1792 2912 ἀφο-

194 2932 373 3003 ρήτως
433 2930 577 3001 ἔχειν
641 2932 722 2993 είς
782 2929 975 2999 λόγους
1026 2932 1152 2995 τοὺς
1189 2934 1662 3004 παροτρύνοντας,
1715 2939 1795 3000 εἰς

192 3023 413 3077 πάντων
446 3020 560 3093 [γρ.
611 3019 766 3091 trav],
801 3021 834 3090 ἢ
880 3021 975 3074 καὶ
1018 3021 1194 3073 ὁτιοῦν
1237 3023 1459 3092 ἀτιμίας
1492 3020 1648 3092 εἶδος,
1696 3028 1794 3096 τῆς

194 3116 347 3187 παρὰ
375 3132 560 3180 τινων,
587 3112 810 3177 ἔνδειξιν
841 3112 906 3166 ἀν
933 3113 1045 3183 έχοι
1068 3113 1215 3184 σαφῆ
1236 3115 1497 3185 λογισμοῦ
1533 3117 1796 3188 φιλοκόμ-

1888 641 2124 694 convicii
2160 656 2332 710 genus
2367 639 2633 692 intactum
2672 639 3049 709 relinquentes
3081 639 3302 702 miseri,
3355 638 3467 692 dae-

1888 731 2233 793 moniacum,
2282 730 2640 785 temulentum
2678 739 2733 782 et
2765 732 3013 799 spurium
3050 738 3334 785 vocarunt.
3369 727 3469 782 Ve-

1888 838 2008 876 rum
2043 839 2151 878 non
2184 824 2369 879 statim
2404 839 2599 895 poenas
2633 824 2822 893 exegi,
2858 824 2955 878 sed
2990 839 3167 893 neque
3201 822 3470 877 conviciis

1885 932 2075 971 eorum
2117 917 2395 988 appetitus
2438 916 2737 972 salutarem
2779 918 3129 972 auditoribus
3160 916 3466 970 doctrinam

1888 1009 2121 1064 inhibui.
2149 1007 2330 1075 Quare
2361 1009 2528 1063 nolite
2559 1010 2729 1063 altum
2763 1008 3151 1077 intempestive
3181 1021 3374 1077 sapere
3399 1005 3466 1069 ”,

1887 1116 1989 1155 nec
2030 1100 2242 1154 Domini
2284 1100 2723 1155 mediocritatem
2758 1100 2995 1171 superbe
3027 1098 3330 1168 despicite,
3372 1098 3468 1165 qui

1890 1200 2093 1246 tantam
2133 1191 2199 1246 ad
2240 1191 2633 1248 demissionem
2675 1200 2898 1263 propter
2942 1206 3045 1246 nos
3104 1197 3163 1243 ut
3211 1189 3469 1245 omnibus

1889 1281 2175 1352 prodesset
2207 1298 2267 1338 se
2296 1281 2590 1352 depressit.
2623 1282 2794 1354 Igitur
2823 1282 3137 1353 superiores
3167 1295 3264 1336 eos
3304 1278 3469 1342 facit,

1887 1382 1943 1428 et
1974 1374 2264 1428 verborum
2292 1374 2495 1429 duritie
2520 1415 2534 1439 ,
2579 1383 2632 1430 et
2677 1374 3111 1433 conviciatorum
3145 1372 3424 1442 impietate
3452 1409 3468 1433 ,

1888 1465 2347 1535 quemadmodum
2381 1481 2576 1538 nempe
2606 1467 2802 1522 beatus
2830 1466 2921 1520 ille
2944 1479 3166 1535 quoque
3204 1461 3471 1533 prepbeta

1887 1556 2154 1613 Jeremias
2177 1558 2234 1611 in
2264 1572 2330 1613 eo
2363 1557 2483 1628 ipso
2510 1558 2846 1614 exercitatus
2875 1556 3057 1612 aiebat
3084 1575 3095 1609 :
3138 1574 3155 1606 ι
3186 1553 3472 1609 Fortitudo

1890 1661 2008 1700 mea
2042 1644 2247 1700 defecit
2278 1645 2332 1699 in
2361 1646 2428 1699 iis
2480 1646 2574 1716 qui
2616 1646 2957 1701 maledicunt
3003 1643 3135 1698 mihi
3160 1644 3226 1695 ⁸⁸.
3263 1662 3283 1695 ι
3327 1642 3473 1710 Quin

1890 1743 1946 1790 et
1969 1736 2192 1792 divinus
2232 1737 2323 1791 ille
2352 1736 2558 1792 Paulus
2597 1753 2661 1793 ea
2699 1753 2758 1792 re
2790 1737 3029 1790 maxime
3062 1743 3347 1805 spectatus
3368 1775 3383 1797 ,
3419 1740 3474 1789 et

1893 1830 2187 1899 impiorum
2220 1844 2362 1898 saepe
2394 1829 2764 1884 contumelias
2810 1842 3110 1898 perpessus
3140 1845 3155 1881 :
3194 1844 3211 1878 ι
3245 1824 3474 1879 Maledi-

1889 1924 2089 1984 cimur,
2119 1922 2319 1991 inquit,
2355 1931 2410 1975 et
2449 1921 2829 1976 benedicimus
2859 1938 2874 1987 ;
2913 1919 3386 1989 blaephemamur,
3419 1924 3475 1973 et

1890 2015 2253 2068 obsecramus
2288 2014 2355 2065 ⁸⁸.
2395 2031 2412 2064 ι
2483 2013 2588 2066 Ista
2645 2013 2849 2082 quippe
2894 2024 3162 2081 generose
3218 2008 3475 2079 perpeti,

1890 2122 2029 2177 opus
2069 2117 2150 2161 est
2193 2105 2392 2159 mentis
2430 2104 2686 2174 pauperis
2728 2104 2927 2173 spiritu
2961 2140 2975 2165 ,
3018 2104 3163 2156 sicut
3203 2099 3477 2169 scriptum

1890 2207 1975 2254 est
2016 2199 2060 2229 '7
2085 2237 2099 2261 ,
2142 2206 2194 2253 et
2240 2196 2509 2268 singulari
2553 2195 2818 2250 modestia
2853 2193 3118 2264 praediue.
3157 2189 3299 2243 llinc
3328 2187 3479 2244 enim

1892 2291 2039 2346 velut
2073 2306 2136 2343 ex
2172 2290 2316 2343 bona
2338 2273 2536 2343 'radice
2569 2289 2831 2342 oriuntur
2859 2282 3256 2353 longanimitas
3286 2292 3342 2336 et
3379 2295 3478 2350 pa~

1893 2383 2106 2437 tientia.
2131 2380 2286 2436 Nolle
2321 2387 2501 2435 autem
2542 2395 2611 2435 ne
2646 2378 2813 2451 verbo
2841 2376 3063 2447 quidem
3101 2374 3216 2428 ullo
3255 2372 3479 2436 lacessi,

1893 2482 1987 2527 aut
2038 2473 2325 2526 minimum
2366 2469 2714 2526 contumeliae
2759 2484 2934 2539 genus
2976 2465 3208 2538 perpeti,
3248 2462 3484 2517 manife-

1894 2575 2039 2623 stum
2089 2573 2176 2621 est
2220 2573 2607 2636 argumentum
2645 2562 2813 2616 animi
2856 2559 3124 2632 superbi,
3180 2572 3282 2611 nec
3330 2556 3479 2610 inani

1892 2659 2083 2730 gloriae
2137 2656 2434 2712 mundana:
2490 2656 2675 2710 studio
2730 2655 2965 2707 multum
3023 2652 3285 2722 expediti.
3339 2649 3481 2715 Quid

1894 2750 2040 2804 enim
2066 2748 2249 2815 faciet,
2275 2763 2485 2817 quaeso,
2509 2757 2604 2800 aut
2630 2762 2738 2816 qua
2773 2749 2827 2799 in
2864 2760 2921 2800 re
2946 2744 3222 2798 hominem
3252 2757 3281 2795 a
3310 2742 3482 2812 typho

1896 2843 2136 2897 alienum
2171 2840 2328 2895 laedet
2357 2839 2744 2893 contumelia?
2785 2839 2893 2892 Aut
2934 2835 3209 2908 quomodo
3244 2834 3481 2889 munda-

1895 2948 1980 2986 nte
2026 2931 2215 3002 gloria:
2259 2937 2608 2999 contemptor
2644 2929 2914 2983 conviciis
2958 2929 3090 2982 ullis
3130 2926 3487 2981 offendetur?

1898 3023 2013 3078 Hac
2054 3024 2239 3092 itaque
2298 3021 2598 3076 vanissima
2645 3029 2699 3075 et
2746 3035 2908 3091 quam
2951 3018 3193 3073 mundus
3242 3014 3484 3086 suspicit

1897 3116 2070 3186 gloria
2134 3123 2374 3168 mentem
2446 3112 2698 3166 altiorem
2766 3126 2960 3182 gerere
3024 3110 3222 3164 merito
3281 3108 3483 3178 jubet,

195 3225 320 3273 που,
347 3208 446 3260 καὶ
475 3208 574 3277 τῆς
607 3209 664 3260 ὲν
696 3206 886 3277 κόσμῳ
916 3205 1219 3276 φιλοδοξίας
1247 3207 1308 3259 οὐ
1353 3207 1475 3261 λίαν
1516 3210 1798 3282 ἀπηλλαγ-

1904 3208 2069 3278 900
2095 3207 2397 3277 quinetiam
2434 3203 2807 3258 necessariam
2842 3203 3006 3256 veluti
3040 3202 3356 3256 cautionem
3392 3216 3488 3254 ex—

202 3298 361 3370 μένου
388 3299 760 3368 φρονήματος.
780 3296 844 3349 Τί
869 3298 978 3367 γὰρ
1001 3295 1068 3350 ἂν
1087 3296 1263 3369 δράσῃ
1289 3299 1472 3369 τυχὸν,
1507 3300 1541 3371 ἢ
1567 3302 1620 3353 τί
1645 3301 1803 3374 ὕϐρις

198 3392 435 3463 ἀδικήσῃ
457 3389 547 3442 τὸν
584 3389 684 3460 τῆς
730 3386 960 3457 ἀτυφίας
995 3389 1267 3461 ἐραστὴνς
1302 3389 1391 3461 Τῷ
1430 3390 1487 3444 δὲ
1534 3392 1609 3463 μὴ
1644 3392 1803 3464 δόξης

201 3486 479 3556 ἐφιεμένῳ
513 3480 808 3552 κοσμικῆς,
843 3479 958 3543 πῶς
994 3480 1218 3553 ἀνιαρὸν
1251 3481 1404 3535 ἔσται
1456 3483 1518 3536 τὸ
1544 3483 1804 3556 λοιδορεῖ-

202 3580 324 3633 σθαι
365 3579 506 3649 πρός
538 3593 683 3640 τινος
710 3593 724 3641 ;
757 3575 924 3647 Δόξης
943 3570 1035 3629 οὖν
1074 3576 1182 3645 ἄρα
1210 3577 1441 3645 ταυτησὶ
1469 3577 1568 3646 τῆς
1604 3578 1806 3632 εἰκαιο-

200 3677 392 3743 τάτης,
423 3672 588 3741 φημὶ,
622 3670 718 3722 καὶ
749 3669 848 3739 τῆς
875 3670 934 3721 ἐν
950 3667 1142 3738 κόσμῳ
1166 3670 1540 3740 τετιμημένης
1570 3671 1683 3724 ἀνω
1715 3670 1804 3741 βε-

204 3764 412 3835 ϐηκότα
449 3764 543 3816 τὸν
590 3761 740 3823 νοῦν,
770 3761 864 3813 καὶ
907 3759 999 3814 τὸν
1049 3759 1307 3813 τοιούτων
1359 3761 1805 3833 ὑπεριπτάμενον

204 3856 365 3925 ἔχειν,
425 3855 652 3915 εἰκότως
703 3851 1095 3906 διακελεύεται·
1156 3856 1472 3922 προεπινοεῖ
1514 3855 1571 3907 δὲ
1616 3854 1806 3926 ὥσπερ

204 3948 511 4017 ἀναγκαίαν
536 3947 859 4014 ἀσφάλειαν,
894 3945 1030 4016 πρὸς
1059 3944 1118 3998 τὸ
1141 3945 1251 4000 δεῖν
1281 3945 1488 3999 ἐθέλειν
1519 3949 1576 4000 ἐν
1599 3948 1805 4013 τούτοις

205 4043 461 4106 ὁρᾶσθαι,
515 4039 612 4092 καὶ
675 4037 927 4108 καθάπερ
981 4037 1167 4091 αἰκίαν
1224 4036 1325 4107 τὴν
1357 4039 1437 4101 είς
1468 4039 1628 4092 τοῦτο
1678 4058 1808 4093 κατ-

204 4133 454 4189 ωθοῦντα
486 4130 669 4200 τίθησι
701 4130 982 4200 λογισμὸν.
1017 4130 1156 4200 ὅπερ
1201 4128 1463 4200 ἐλέγομεν
1507 4131 1567 4196 ἐξ
1607 4132 1803 4204 ἀρχῆς,

205 4227 264 4280 τὸ
288 4225 527 4279 κατόπιν
558 4224 695 4276 ἱέναι
727 4221 828 4292 τῆς
861 4221 955 4275 τοῦ
1006 4221 1214 4292 Κυρίου
1270 4222 1457 4293 τιμῆς,
1507 4224 1697 4293 ἣδιστα
1751 4225 1807 4279 δὲ

205 4319 327 4373 λίαν
354 4314 681 4389 προσίεσθαι
710 4315 816 4368 πᾶν
842 4315 978 4384 ὅπερ
1009 4312 1075 4368 ἂν
1108 4314 1177 4368 ἴοι
1198 4315 1339 4368 κατά
1360 4315 1570 4385 καιρὸν,
1602 4315 1714 4369 ἔστ’
1740 4317 1807 4371 ἂν

207 4411 390 4471 αὐτοῖς
408 4407 472 4460 τὸ
488 4406 794 4475 εὐδοκιμεῖν
815 4404 1037 4476 ὑπάρχῃ
1057 4404 1147 4457 διὰ
1168 4404 1321 4469 Θεὸν,
1339 4406 1399 4458 οὐ
1419 4407 1539 4470 ταῖς
1565 4407 1808 4478 ἀτιμίαις

207 4501 631 4571 ύπτιουμένους,
688 4496 764 4560 ὡς
827 4495 984 4551 ὄκνον
1026 4495 1312 4567 ἀνωφελῆ,
1374 4496 1496 4550 οὐδὲ
1553 4499 1657 4553 ὑπό
1710 4516 1805 4552 του

1907 3304 2154 3370 cogitat,
2198 3306 2259 3352 ut
2299 3298 2437 3351 tales
2482 3312 2607 3351 esse
2644 3295 2852 3359 velint,
2896 3305 2951 3351 et
2993 3293 3243 3349 adhibito
3279 3293 3332 3346 in
3364 3306 3486 3345 eam

1906 3407 2019 3446 rem
2057 3390 2295 3459 quodam
2326 3391 2481 3460 quasi
2513 3390 2740 3445 stimulo
2769 3395 2928 3458 urget
2957 3402 3054 3442 eos
3077 3388 3293 3442 ratione
3325 3402 3489 3456 quam

1905 3483 2064 3537 initio
2093 3483 2357 3544 diximus.
2385 3497 2582 3552 nempe
2603 3480 2817 3535 Domini
2838 3481 3070 3552 gloriam
3101 3496 3227 3536 esse
3254 3494 3492 3549 sequen-

1905 3576 2055 3642 dam,
2090 3584 2147 3631 et
2189 3576 2562 3646 quodcunque
2614 3590 2673 3629 se
2711 3573 2974 3628 obtulerit
3005 3572 3242 3627 libenter
3278 3571 3487 3639 ample-

1905 3669 2188 3731 ctemlum,
2223 3667 2445 3738 quoties
2483 3666 2706 3721 occasio
2737 3680 2797 3720 se
2852 3664 3003 3720 dabit
3036 3664 3226 3745 gloriae
3268 3671 3492 3732 propter

1909 3761 2075 3816 Deum
2101 3760 2495 3829 adipiscenda),
2529 3767 2588 3812 ut
2616 3774 2716 3814 nec
2747 3758 2994 3812 infamia:
3031 3766 3184 3811 metu
3219 3756 3398 3809 inutili
3431 3769 3490 3809 sc

1906 3852 2111 3908 dedant
2143 3852 2389 3923 inertiae,
2430 3865 2531 3904 nec
2564 3865 2632 3904 ex
2661 3864 2730 3902 eo
2761 3847 2911 3917 quod
2961 3846 3030 3900 ab
3074 3846 3262 3914 aliquo
3297 3845 3488 3900 forsan

1906 3945 2175 4000 conviciis
2204 3946 2391 3997 acrius
2425 3940 2650 4011 appetiti
2686 3940 2918 4005 fuerint,
2954 3938 3194 3993 docendi
3232 3936 3487 3991 fiduciam

1906 4036 2205 4092 retundant
2230 4076 2244 4097 ,
2302 4048 2403 4088 nec
2444 4032 2632 4087 divina
2669 4030 2928 4103 mandata
2963 4040 3359 4094 contemnant,
3394 4010 3513 4084 sed.

1906 4130 2256 4185 dilectionem
2295 4128 2479 4197 potius
2518 4125 2665 4177 illam
2703 4124 2759 4176 in
2802 4122 3003 4177 fratres
3049 4120 3489 4191 amplectantur,

1907 4231 1960 4278 et
1988 4229 2244 4277 errantes
2273 4218 2533 4273 omnibus
2563 4214 2985 4284 modis.juvare
3014 4212 3293 4267 studeant.
3331 4209 3494 4265 Post—

1908 4330 2071 4385 quam
2106 4313 2274 4382 igitur
2305 4310 2582 4381 persuasit
2610 4307 2947 4361 mundanam
2980 4305 3127 4359 illam
3176 4319 3240 4357 ac
3276 4312 3492 4371 tempo-

1909 4408 2109 4463 rariam
2139 4405 2369 4477 gloriam
2405 4400 2809 4472 aspernandam
2832 4439 2845 4463 ,
2884 4397 3035 4452 aliud
3066 4396 3326 4467 quiddam
3360 4394 3495 4449 utile

1910 4515 1976 4553 ac
2022 4496 2405 4553 necessarium
2457 4495 2681 4562 insuper
2732 4491 3001 4544 molitur:
3061 4507 3079 4540 ι
3117 4488 3172 4541 Si
3213 4486 3360 4541 enim
3411 4502 3498 4539 me

208 4592 368 4662 τυχὸν
413 4589 647 4658 ἐπείπερ
687 4580 1170 4656 διαλελοιδόρηνται
1225 4586 1455 4669 πικρῶς,
1486 4587 1584 4658 τὴν
1627 4588 1683 4640 ἐν
1728 4588 1798 4658 τῷ

1915 4589 2188 4659 persecuti
2220 4594 2375 4650 sunt,
2406 4583 2607 4653 inquit,
2638 4592 2690 4635 et
2726 4596 2823 4634 vos
2852 4586 3257 4649 persequentur
3279 4574 3348 4627 ’⁸.
3380 4592 3400 4627 ι
3432 4573 3497 4627 Et

208 4683 483 4736 διδάσκειν
519 4676 831 4750 παρρησίαν
883 4672 1359 4747 ἀνασειράζοντας,
1387 4677 1613 4731 καὶτῶν
1647 4678 1807 4733 θείων

211 4772 569 4843 ἐνταλμάτων
608 4769 1072 4838 ὀλιγωρήσαντας,
1126 4767 1449 4839 ἀντέχεσθαι
1498 4768 1555 4820 δὲ
1607 4769 1807 4838 μᾶλλον

209 4867 310 4936 τῆς
352 4866 435 4928 είς
460 4862 724 4936 ἀδελφοὺς
755 4860 997 4931 ἀγάπης,
1026 4861 1120 4913 καὶ
1158 4860 1246 4915 διὰ
1269 4861 1466 4923 παντὸς
1492 4860 1808 4928 ἐπείγεσθαι

209 4958 416 5029 τρόπου
443 4955 568 5019 τοὺς
591 4951 974 5021 πλανωμένους
994 4949 1242 5019 ὠφελεῖνῐ
1289 4951 1607 5014 Ἀναπείσας
1629 4951 1808 5004 τοίνυν

212 5049 322 5103 ὑπὸ
374 5046 543 5110 πόδας
574 5046 706 5116 ’τῆς
778 5043 1113 5114 προσκαίρου
1165 5043 1322 5115 δόξης
1368 5042 1644 5113 φείδεσθαι
1707 5043 1808 5114 τῆς

213 5138 516 5209 κοσμικῆς,
601 5135 789 5207 ἕτερόν
856 5152 910 5188 τι
989 5120 1553 5207 προσεπαγωνίζεται,
1617 5135 1814 5206 χρήσι-

218 5233 319 5303 μόν
344 5248 405 5283 τε
429 5230 524 5282 καὶ
547 5228 865 5294 ἀναγκαῖον.
901 5245 918 5278 t
958 5227 1021 5281 Ei
1056 5228 1163 5297 γὰρ
1186 5226 1307 5296 ἐμὲ,
1349 5225 1534 5295 φησὶν,
1569 5226 1813 5292 ἐδίωξαν,

215 5324 313 5377 καὶ
350 5323 499 5392 ὑμᾶς
529 5319 797 5387 διώξουσι.
830 5338 848 5370 ι
896 5318 1006 5372 Καὶ
1035 5318 1271 5389 συγγενῆ
1313 5318 1417 5388 μὲν,
1442 5321 1551 5381 τοῖς
1581 5318 1820 5389 πρώτοις

218 5415 334 5487 ἔχει
364 5414 463 5468 καὶ
491 5412 652 5466 τοῦτο
695 5412 794 5482 τὴν
827 5410 1092 5481 θεωρίαν..
1121 5408 1431 5487 Τληπαθεῖν
1484 5410 1528 5464 δ’
1550 5406 1642 5464 οὖν
1668 5412 1820 5482 ὅμως

222 5484 529 5571 ἀναπείθει,
565 5504 658 5559 καὶ
690 5503 798 5558 τῶν
836 5502 1053 5557 ἔσεσθαι
1083 5504 1139 5557 ἐν
1173 5504 1304 5573 ήμῖν
1329 5484 1816 5575 ⁸προσδοκηθέντων

220 5595 589 5667 διαλογισμῶν
630 5598 951 5668 προαναιρεί
986 5595 1085 5667 τὴν
1113 5594 1417 5648 ἀσθένειαν.
1439 5590 1548 5648 τΗν
1580 5594 1679 5666 μὲν
1707 5594 1816 5667 γὰρ

229 5692 327 5747 οὑκ
357 5688 684 5759 ἀμφίϐολον,
708 5688 788 5741 ὅτι
819 5689 940 5751 ταῖς
968 5686 1075 5741 τῶν
1107 5685 1407 5742 διωκόντων
1434 5684 1534 5757 τὴν
1561 5684 1816 5757 ἀλήθειαν

1918 4686 2030 4736 haec
2064 4680 2283 4749 quidem
2313 4677 2548 4733 similem
2584 4674 2788 4728 habent
2819 4687 2941 4725 eum
2974 4669 3251 4740 prioribus
3275 4675 3500 4722 senten-

1915 4775 2068 4827 tiam.
2113 4770 2374 4824 Tolerare
2420 4768 2602 4835 itaque
2657 4763 2990 4834 persuadet,
3037 4768 3092 4815 et
3136 4774 3326 4813 eorum
3376 4773 3500 4829 qtae

1913 4862 2208 4936 cogitaturi
2250 4874 2444 4915 sumus
2485 4858 2863 4913 infirmitatem
2919 4853 3216 4925 prmvertit.
3262 4850 3497 4906 Dubium

1914 4957 2121 5029 quippe
2149 4970 2261 5009 non
2291 4962 2412 5009 erat
2435 4952 2567 5023 quin
2588 4949 2903 5005 Scrvatoris
2933 4946 3221 5017 discipuli,
3255 4944 3311 4999 in
3353 4944 3500 4999 veri-

1913 5050 2040 5105 tatis
2068 5054 2451 5119 persecutores
2484 5043 2814 5106 incidentes,
2847 5042 2965 5095 dira
2999 5054 3233 5111 quasque
3258 5037 3501 5094 subituri

1911 5150 2100 5199 essent
2127 5160 2141 5196 :
2193 5154 2383 5195 verum
2421 5136 2706 5208 probabile
2732 5143 2818 5190 est
2847 5149 2944 5189 eos
2971 5134 3025 5187 in
3062 5133 3306 5186 animum
3341 5130 3502 5183 indu~

1914 5235 2082 5300 xisse,
2116 5247 2243 5287 cum
2278 5231 2347 5285 de
2375 5230 2549 5302 gloria
2580 5228 2787 5285 Christi
2817 5226 2984 5281 verba
3018 5224 3287 5285 facerent,
3321 5221 3501 5274 abun-

1915 5327 2102 5383 dantis
2147 5324 2271 5395 ejus
2317 5321 2714 5378 misericordiaa
2747 5333 2807 5375 se
2845 5316 2965 5375 fore
2993 5314 3329 5384 participes,
3363 5312 3501 5366 adeo

1918 5425 1977 5472 ut
2004 5417 2142 5472 nihil
2165 5427 2273 5471 tam
2293 5416 2616 5485 przeclarum
2644 5410 2889 5467 studium
2913 5419 3146 5476 prorsus
3168 5402 3496 5466 retardaret,

1920 5508 2018 5565 sed
2048 5508 2232 5563 omnis
2274 5506 2506 5561 omnino
2546 5501 2813 5561 tumultus
2855 5512 2919 5552 ac
2964 5495 3202 5567 periculi
3247 5503 3499 5563 expertes

1918 5603 2130 5662 essent,
2160 5595 2405 5665 nihilque
2442 5594 2598 5652 triste
2638 5598 2981 5661 paterentur,
3015 5585 3111 5641 sed
3146 5585 3216 5639 ab
3242 5584 3501 5641 omnibus

1920 5688 2283 5746 laudarentur
2308 5729 2324 5753 ,
2379 5691 2570 5757 utpote
2609 5682 2704 5752 qui
2741 5680 3038 5736 salutarem
3078 5677 3159 5735 eis
3190 5677 3501 5734 doctrinam

307 5880 351 5919 οδ
375 5877 536 5938 Rom,
568 5893 647 5943 ιι,
677 5874 768 5930 “20.
849 5873 893 5905 ’⁸
918 5871 1117 5933 Jercm.
1154 5891 1242 5940 xv,
1280 5875 1365 5931 10.
1440 5876 1527 5933 “1
1559 5877 1687 5934 Cor.
1732 5893 1798 5945 tv,

1900 5879 1931 5932 Β.
2010 5877 2054 5911 ’⁷
2077 5874 2270 5931 Matth.
2307 5874 2455 5954 v.3.
2532 5872 2577 5907 ’⁸
2603 5870 2741 5931 ibid.
2770 5870 2853 5926 10.
2913 5950 2927 5962 ⁸
