3938 6430
451 420 556 475 403

1475 423 1532 480 s.
1576 396 1867 479 cva'Lu'
1895 422 2368 483 ALEXANDRINI
2404 429 2724 487 meum.

3587 443 3673 499 ιοι

452 540 869 593 annuntiarent.
918 538 986 593 Et
1039 538 1153 595 haec
1205 532 1425 610 quidem
1475 556 1573 596 eos
1612 547 1939 611 exspectare
1978 550 2032 597 et

2146 520 2553 617 περιπταίοντες
2580 551 2771 621 ὀργαῖς
2793 549 2887 605 τοῦ
2913 550 3164 624 Σωτῆρος
3182 552 3232 605 οί
3263 552 3488 623 μαθηταὶ
3503 559 3601 621 τοῖς
3623 562 3677 615 ὲκ

451 643 655 698 cupere
705 629 804 685 abs
841 646 900 685 re
949 646 1057 685 non
1096 638 1214 686 erat
1241 675 1257 698 ,
1301 633 1394 702 qui
1442 632 1510 686 ad
1548 640 1814 688 aeternam
1865 635 2032 689 vitam

454 720 595 775 alios
639 735 839 776 vocare
892 721 1190 776 studebant
1242 732 1297 777 et
1336 722 1685 779 auditoribus
1718 724 2033 801 divinarum

453 812 762 877 gratiarum
793 823 1049 870 auctores
1086 821 1251 884 atque
1283 816 1490 885 pararii
1523 830 1649 871 esse
1681 817 2031 873 videbantur.

392 910 405 923 ‘
456 901 564 959 Sed
598 920 724 959 eum
764 908 1146 977 unusquisque
1188 907 1243 961 in
1278 922 1398 962 eam
1431 919 1642 979 partem
1678 908 1884 965 feratur
1914 927 2037 980 qua:

455 996 699 1053 maxime
742 998 984 1064 arridet,
1026 1000 1189 1069 eique
1215 1000 1559 1072 voluptatem
1595 1002 1776 1067 aliert,
1808 1003 2037 1059 demon-

454 1088 742 1142 strandum
777 1090 960 1158 potius
991 1100 1111 1146 erat
1149 1094 1468 1165 quicunque
1498 1096 1716 1151 veritati
1756 1099 2035 1152 contraria

453 1179 736 1244 sentiunt,
772 1187 823 1235 et
864 1181 1027 1238 malis
1058 1185 1441 1255 voluptatibus
1475 1188 1883 1252 succumbunt,
1919 1190 2036 1244 belo

453 1267 564 1319 lum
612 1268 697 1324 eis
748 1269 999 1328 indicere
1043 1275 1136 1345 qui
1192 1291 1221 1329 a
1275 1276 1441 1333 rebus
1489 1278 1842 1334 suavissimis
1890 1279 2038 1350 ipsos

451 1360 716 1416 avellunt.
763 1363 875 1420 Nec
924 1367 1072 1422 enim
1128 1369 1462 1440 voluptariis
1503 1371 1823 1426 hominibus
1879 1382 2035 1443 grata

452 1461 583 1508 sunt
633 1473 757 1525 quae
807 1472 875 1513 eo
920 1468 1176 1529 spectant
1223 1465 1455 1531 monita.
1501 1463 1834 1522 Necessario
1870 1466 2038 1536 igitur

451 1550 854 1607 ostendendum
904 1565 1021 1610 erat
1061 1556 1177 1612 fore
1224 1559 1319 1627 qui
1361 1566 1619 1629 tanquam
1665 1558 2033 1616 infensissimi

453 1640 644 1698 hostes
688 1659 1176 1717 persequerentur,
1213 1658 1265 1705 et
1298 1652 1485 1722 plagas
1524 1652 1839 1720 inferrent,
1874 1665 2038 1725 atque

453 1746 617 1789 omne
649 1740 1017 1793 tentationum
1051 1757 1226 1811 genus
1255 1744 1653 1815 cxcogitarent.
1684 1746 1844 1817 θοι
1876 1746 2034 1803 Virili

454 1823 641 1893 itaque
681 1828 870 1882 animo
905 1831 1160 1887 Christus
1202 1848 1296 1888 eos
1336 1849 1461 1890 esse
1490 1835 1671 1905 jubet,
1703 1853 1813 1892 non
1846 1839 2034 1894 celans

452 1917 598 1983 quod
628 1926 748 1972 erat
782 1931 1132 1991 eventurum,
1171 1926 1265 1981 sed
1297 1942 1362 1982 ex
1401 1943 1467 1983 eo
1511 1930 1660 1999 quod
1701 1929 1860 1999 jubet
1890 1930 2034 1985 virili
2068 1907 2112 1965 Β

453 2019 579 2060 esse
621 2009 828 2074 animo,
876 2012 1180 2080 prazdiceus
1231 2016 1421 2073 adl‘ore
1461 2026 1872 2088 persecutores.
1921 2020 2032 2081 iSi

454 2097 600 2151 enim
634 2116 719 2155 me
745 2105 1021 2170 persecuti
1067 2115 1218 2173 sunt,
1245 2108 1442 2179 inquit,
1471 2119 1525 2164 et
1571 2126 1668 2168 vos
1691 2128 2038 2184 persequen-

455 2194 567 2242 tur.
585 2207 602 2239 ι
617 2187 783 2255 Quasi
811 2192 1052 2250 diceret:
1075 2198 1185 2266 Ego
1210 2198 1453 2253 universi
1479 2200 1685 2270 opifex,
1703 2202 1861 2273 cujus
1882 2211 2039 2273 pote-

458 2281 587 2334 stati
611 2292 810 2337 cuncta
835 2286 1123 2356 subjacent
1150 2305 1491 2361 quaecunque
1518 2293 1570 2346 in
1587 2294 1727 2350 caelo
1747 2304 1800 2349 et
1817 2295 1871 2349 in
1890 2303 2039 2350 terra

455 2382 619 2434 sunt,
653 2372 869 2435 frenum
902 2379 1102 2436 animis
1154 2382 1437 2436 hominum
1485 2399 1594 2438 non
1639 2388 1901 2455 imposui,
1938 2402 2041 2441 nec

457 2466 616 2531 quasi
646 2468 822 2538 plagis
856 2481 909 2526 et
939 2473 1262 2529 verberibus
1302 2476 1618 2532 auditorum
1658 2494 1903 2535 meorum
1941 2480 2043 2534 im-

457 2566 643 2625 petum
676 2563 919 2629 coercui,
942 2565 1038 2621 sed
1063 2567 1339 2638 cujusque
1360 2569 1628 2624 voluntati
1648 2573 1833 2641 potius
1864 2572 2038 2644 quod-

458 2664 676 2721 cunque
706 2653 901 2711 liberet
937 2672 1001 2713 ac
1031 2657 1214 2716 facere
1238 2661 1402 2721 vellet
1428 2663 1676 2733 permisi.
1708 2664 1773 2718 Et
1814 2667 2036 2736 quidem

457 2754 583 2797 cum
645 2749 1091 2814 persecutionem
1150 2761 1404 2821 paterer,
1464 2754 1740 2821 sustinui,
1791 2758 2044 2825 quamvis

460 2834 610 2891 illius
644 2837 958 2895 inhibenda:
991 2851 1316 2912 potestatem
1352 2846 1636 2901 haberem.
1667 2847 1903 2914 Quando
1949 2865 2040 2904 er-

457 2944 527 2995 go
571 2934 1011 3000 persecutionem
1071 2936 1175 3007 ipsi
1239 2955 1464 3010 quoque
1519 2941 1845 3010 patiemini,
1895 2943 2045 2999 illico

459 3023 757 3079 tolerantes
794 3042 1020 3081 osorum
1058 3030 1425 3095 aversionem,
1466 3046 1568 3086 nec
1601 3032 1673 3086 ob
1701 3047 1896 3087 eorum
1924 3034 2047 3102 qui-

461 3113 567 3167 bus
594 3115 848 3186 0pitulati
880 3115 1099 3174 fueritis
1128 3120 1580 3191 ingratitudinem
1613 3121 1782 3177 nimis
1814 3137 2045 3192 exaspe-

2136 638 2231 692 τοῦ
2287 639 2578 695 διώκεσθαι
2618 642 3039 714 περιπεσοῦνται
3093 644 3301 710 δεινοῖς·
3346 644 3454 699 ἀλλ’
3495 644 3557 718 ἧν
3601 650 3679 722 δή-

2137 748 2241 784 που
2275 733 2371 784 καὶ
2404 733 2548 803 μάλα
2586 733 2732 797 εἰκὸς
2764 733 3095 802 λογίζεσθαί,
3120 737 3200 791 ὅτι
3221 735 3312 789 τὸν
3330 737 3465 808 ὑπὲρ
3497 739 3588 809 τῆς
3606 741 3679 794 δό-

2139 824 2234 895 ξης
2267 824 2503 894 Χριστοῦ
2528 824 2838 896 ποιούμενοι
2867 826 3043 896 λόγον,
3087 827 3305 891 πάντως
3330 845 3429 890 που
3457 829 3683 897 πλουσίας

2137 916 2237 985 τῆς
2258 917 2388 988 παρ’
2419 917 2585 971 αὐτοῦ
2620 918 2903 989 μεθέξουσι
2930 919 3162 989 φειδοῦς,
3193 920 3269 983 ὡς
3302 921 3460 991 μηδὲν
3489 922 3609 987 ὅλως
3635 924 3686 978 τὸ

2140 1009 2510 1080 παραποδίζον
2560 1011 2793 1081 ὁρᾶσθαι
2853 1012 2989 1084 πρὸς
3037 1012 3135 1083 τὴν
3184 1011 3357 1076 οὕτως
3398 1012 3688 1082 ἀξιάγαστον

2142 1102 2448 1172 προθυμίαν
2502 1104 2701 1168 αὐτῶν,
2767 1103 2996 1175 θορύϐου
3050 1104 3109 1158 δὲ
3167 1103 3365 1175 παντὸς
3408 1106 3497 1159 καὶ
3536 1106 3690 1160 κινδύο

2139 1169 2229 1245 νου
2261 1169 2487 1263 ὁρᾶσθαι
2542 1169 2878 1265 κρείττονας,
2933 1169 3301 1265 ὑπομένοντάς
3339 1195 3397 1249 δὲ
3432 1196 3491 1248 τὸ
3532 1197 3688 1267 παρά-

2141 1303 2249 1341 παν
2299 1286 2452 1339 οὐδὲν
2506 1285 2612 1339 τῶν
2663 1288 2763 1349 ὅσα
2817 1287 3029 1356 πέφυκε
3096 1287 3304 1350 λυπεῖν,
3347 1287 3690 1359 ἐντρυφῶντας

2138 1381 2195 1435 δὲ
2227 1381 2429 1451 μᾶλλον
2465 1383 2587 1444 ταῖς
2615 1379 2771 1452 παρά
2788 1380 3007 1435 πάντων
3035 1382 3242 1451 τιμαῖς,
3276 1380 3373 1434 ἅτε
3408 1380 3471 1451 δὴ
3513 1380 3694 1433 καὶτὸν

2141 1474 2407 1546 σωτήριον
2430 1474 2618 1537 αὐτοῖς
2640 1473 3043 1544 πρεσϐεύοντας
3067 1471 3243 1542 λόγον.
3272 1472 3381 1526 Καὶ
3406 1468 3472 1543 ἦν
3503 1472 3592 1542 μὲν
3611 1472 3696 1523 οὐκ

2138 1568 2249 1623 ἀπὸ
2297 1566 2501 1621 σκοποῦ
2527 1564 2624 1621 τοῦ
2671 1565 2994 1638 πρέποντος,
3045 1564 3109 1618 τὸ
3143 1564 3215 1618 τὰ
3244 1563 3467 1619 τοιαῦτα
3495 1561 3698 1633 προσδοο

2139 1659 2261 1730 κᾷν,
2310 1658 2405 1712 καὶ
2456 1660 2515 1712 ὲν
2557 1654 2770 1720 τούτοις
2800 1651 2939 1709 εἶναι
2971 1654 3177 1724 ζητεῖν,
3217 1655 3342 1718 τοὺς
3382 1654 3434 1707 οἶ
3453 1669 3514 1722 γε
3541 1650 3698 1704 καλεῖν

2140 1750 2531 1814 σπουδάζουσιν
2555 1751 2636 1813 εἰς
2655 1749 2874 1802 αἰώνιον
2897 1748 3065 1820 ζωὴν,
3094 1746 3347 1819 πρόξενοί
3368 1763 3427 1797 τε
3448 1744 3549 1797 τῶν
3571 1742 3700 1811 παρὰ

2138 1842 2275 1897 Θεοῦ
2305 1842 2802 1915 χαρισμάτωνέτοῖς
2824 1840 3198 1913 ἀκροωμένοις
3215 1839 3551 1911 ηὑρίσκοντο.
3583 1825 3701 1887 Ἀλλ’

2140 1935 2372 1988 ἑκάστου
2400 1936 2501 2004 τῆς
2534 1932 2670 1995 ἰδίας
2697 1931 3069 2002 προαιρέσεως
3093 1930 3192 2002 τὴν
3211 1929 3387 2001 ῥοπὴν
3406 1928 3485 1995 ἐφ’
3513 1926 3635 1995 ὅπερ
3649 1922 3704 1975 ἂν

2143 2024 2385 2094 βούλοιτο
2412 2022 2756 2083 διϊθύνοντος,
2777 2019 3224 2093 παρατρέποντος
3254 2034 3314 2071 τε
3340 2016 3474 2087 πρὸς
3494 2014 3550 2066 τὸ
3577 2011 3702 2079 αύτῷ

2142 2115 2387 2186 θελητὺν,
2418 2118 2509 2167 καὶ
2549 2113 2719 2184 ἡδέως
2755 2129 2872 2176 πως
2898 2111 3038 2181 ἔχον,
3088 2105 3566 2178 ἀναδειχθήσεσθαι
3592 2101 3705 2173 μᾶλ-

2141 2208 2233 2261 λον
2266 2207 2396 2264 ἔδει,
2429 2205 2524 2259 καὶ
2549 2204 2785 2273 τοὺςτῆς
2808 2202 2921 2275 [γρ.
2952 2201 3045 2274 τῇ]
3062 2200 3294 2271 ἀληθείᾳ
3318 2196 3629 2269 φρονοῦντας
3649 2192 3703 2244 τὰ

2143 2298 2384 2360 ἐναντία,
2416 2296 2509 2350 καὶ
2528 2296 2916 2366 νενικημένους
2940 2297 3061 2357 ταῖς
3088 2295 3169 2356 εἰς
3199 2293 3260 2344 τὸ
3275 2289 3476 2359 φαῦλον
3501 2287 3705 2358 ἡδοναῖς,

2148 2388 2416 2461 μάχεσθαι
2441 2387 2549 2440 δεῖν
2574 2386 2882 2454 ἐγνωκότας
2907 2387 3021 2449 τοῖς
3052 2383 3106 2437 οἵ
3127 2400 3193 2453 γε
3222 2381 3476 2435 καλοῦσιν
3505 2378 3601 2444 ἔξω
3618 2375 3709 2428 τῶν

2143 2483 2378 2553 ἡδίστων
2421 2480 2638 2544 αὐτούς.
2677 2480 2752 2532 Ού
2787 2479 2897 2550 γὰρ
2927 2478 3150 2548 θυμήρη
3196 2478 3312 2538 τοῖς
3347 2470 3632 2543 φιληδόνοις
3653 2466 3710 2518 τὰ

2145 2576 2284 2646 πρὸς
2320 2572 2482 2626 τοῦτο
2526 2572 2791 2643 βλέποντα
2834 2570 3157 2642 μαθήματα.
3204 2565 3316 2621 Ἦν
3367 2562 3457 2619 οὖν
3488 2564 3591 2633 ἀρα
3621 2560 3710 2611 λοι-

2147 2665 2246 2719 πὸν
2299 2663 2551 2734 καθάπερ
2617 2661 2676 2725 ἐξ
2726 2660 2973 2729 ἀνάγκης
3015 2653 3506 2727 ἀναδειχθήσεσθαι
3565 2664 3710 2720 προτ-

2144 2759 2327 2828 δοκᾷν,
2386 2757 2511 2817 τοὺς
2558 2755 2612 2807 οἵ
2655 2771 2717 2821 γε
2777 2756 2834 2805 ὲν
2890 2751 3039 2815 τάξει
3089 2748 3365 2819 πολεμίων
3423 2742 3708 2814 γεγονότες,

2146 2849 2393 2917 διώξουσί
2457 2865 2517 2900 τε
2574 2846 2667 2899 καὶ
2738 2845 3172 2903 καταιγίσονται,
3252 2841 3348 2894 καὶ
3426 2838 3530 2891 πᾶν
3595 2829 3709 2892 aiio;

2147 2943 2490 3012 ἐπινοήσουσι
2567 2937 2911 3008 πειρασμῶν.
2983 2935 3274 3006 Ἀνδρείως
3339 2927 3431 2987 οὖν
3483 2930 3583 3001 ἄρα
3632 2924 3711 2978 XO"-

2148 3033 2285 3103 πρὸς
2317 3031 2475 3083 τοῦτο
2513 3029 2659 3098 ἔχειν
2707 3027 2904 3090 αὐτοὺς
2933 3023 3315 3078 διακελεύεται
3338 3018 3599 3089 Χριστὸς,
3623 3012 3708 3065 οὒκ

2149 3123 2439 3192 ἀπορήσας
2477 3122 2560 3174 ὅτι
2604 3118 2947 3190 συμϐήσεται
2971 3132 2982 3145 ·
3025 3115 3116 3168 διὰ
3157 3114 3219 3167 δὲ
3249 3113 3346 3167 τοῦ
3373 3111 3568 3183 χρῆναι
3598 3105 3708 3177 μᾶ).-

462 3206 588 3272 rati,
615 3223 792 3262 meum
814 3210 1130 3265 institutum
1160 3223 1454 3283 sequentes
1476 3228 1578 3283 per
1599 3214 1819 3269 easdem
1854 3216 2041 3269 volun-

2152 3214 2242 3268 λον
2276 3213 2508 3283 ὁρᾶσθαι
2549 3212 2832 3274 νεανικοῦς
2865 3209 3178 3262 ἐπιτάττειν
3209 3204 3626 3279 προκηρύττων,
3647 3198 3715 3251 ὅτι

460 3306 603 3353 tates
637 3298 900 3366 incedite,
934 3310 992 3356 ut
1021 3311 1078 3358 et
1108 3303 1311 3361 similis
1345 3305 1539 3375 gloriae
1569 3306 1695 3361 sitis
1728 3306 2046 3375 participes.

468 3406 487 3446 ς
522 3387 626 3454 Qui
672 3391 817 3447 enim
867 3393 1313 3462 compatiuntur,
1356 3405 1412 3450 et
1461 3396 1888 3466 conregnabunt
1924 3400 1989 3453 θ’.
2028 3419 2045 3449 ι

463 3478 600 3534 Cum
635 3494 817 3537 autem
858 3483 1011 3537 addit
1048 3484 1275 3539 tertium
1303 3528 1316 3547 ,
1354 3487 1618 3543 nimirum
1657 3508 1669 3543 :
1710 3509 1727 3540 ι
1757 3488 1811 3543 Si
1843 3506 2052 3545 sermo-

464 3589 588 3628 nem
624 3590 805 3629 meum
855 3585 1249 3643 servaverunt,
1275 3586 1328 3632 et
1358 3586 1605 3635 vestrum
1642 3582 1984 3646 servabunt,
2029 3602 2046 3633 ι

464 3667 811 3734 despondere
851 3683 946 3723 eos
1001 3670 1185 3724 animo
1240 3686 1347 3726 non
1401 3674 1571 3739 sinit,
1623 3674 1667 3729 si
1717 3673 2054 3746 quandoque

464 3758 772 3815 doctrinam
829 3777 987 3816 suam
1028 3762 1254 3818 videant
1316 3780 1427 3820 non
1469 3765 1659 3835 recipi.
1697 3765 1854 3832 Quod
1903 3776 2055 3822 recte

464 3852 684 3919 quidem
724 3853 875 3910 facit.
918 3856 1212 3911 Existimat
1251 3858 1398 3922 enim
1448 3859 1541 3927 qui
1587 3858 1653 3912 ad
1704 3860 1753 3912 id
1806 3862 2052 3914 numeris

444 3945 712 4003 .delectns
744 3956 829 4004 est
863 3948 1052 4005 irritos
1086 3965 1210 4005 esse.
1239 3964 1370 4007 suos
1400 3951 1616 4006 labores
1636 3994 1648 4016 ,
1675 3952 1800 4007 ἰιίεί
1831 3954 2051 4008 audito-

465 4055 558 4094 res
597 4040 977 4110 ohtemperare
1020 4042 1192 4096 velint
1234 4043 1351 4098 suis
1384 4045 1763 4101 sermonibus.
1799 4043 1907 4100 Sed
1940 4060 2050 4101 non

467 4135 543 4187 ita
586 4147 676 4188 res
703 4140 830 4199 est;
866 4148 1028 4189 nemo
1062 4135 1167 4191 hoc
1199 4136 1304 4191 sibi
1342 4139 1694 4207 persuadeat.
1728 4136 1864 4193 Nam
1901 4147 2052 4210 post-

467 4240 632 4293 quam
666 4227 952 4282 consultor
983 4239 1166 4283 rerum
1208 4229 1422 4284 utilium
1461 4232 1834 4302 cognitionem
1880 4235 2048 4288 semel

370 4352 383 4361 ρ
467 4319 741 4387 evposuit,
775 4319 920 4390 quod
953 4320 1008 4374 in
1030 4336 1089 4376 se
1116 4329 1235 4376 erat
1260 4322 1523 4394 praestitit
1550 4341 1563 4376 :
1599 4327 1744 4393 quod
1774 4324 2050 4388 reliquum

465 4421 570 4472 est,
607 4412 661 4464 in
692 4410 974 4467 voluntate
999 4413 1314 4470 auditorum
1346 4422 1434 4471 est
1467 4417 1734 4486 positum.
1770 4414 1880 4471 Eos
1903 4419 2050 4471 enim

465 4503 533 4558 ad
567 4502 714 4573 quod
747 4504 982 4575 quisque
1008 4507 1139 4561 velit
1167 4519 1495 4564 convertere
1526 4508 1746 4564 facilius
1776 4515 1864 4565 est
1885 4526 2051 4580 quam

2158 3308 2508 3379 παρέσονται.
2552 3323 2571 3355 ι
2605 3303 2668 3357 Εἰ
2697 3303 2805 3374 γὰρ
2835 3301 2956 3372 ἐμὲ,
2988 3301 3175 3371 φησιν,
3206 3298 3456 3366 ἐδίωξαν,
3485 3294 3573 3348 καὶ
3596 3289 3716 3359 ὑμᾶς

2154 3399 2462 3465 διώξουσιν.
2497 3417 2516 3449 ι
2573 3399 2716 3450 Ἴσον
2761 3395 2836 3456 ὡς
2877 3397 2926 3447 εί
2958 3394 3143 3463 ἔλεγεν
3166 3410 3180 3424 ·
3239 3390 3385 3459 Ἐγὼ
3423 3388 3527 3442 τῶν
3550 3380 3718 3439 ὄλωνὸ

2158 3492 2407 3560 ποιητὴς,
2428 3491 2456 3543 ὁ
2485 3490 2661 3543 πάντα
2684 3487 2789 3541 ὑπὸ
2811 3491 2969 3558 χεῖρα
2992 3487 3153 3557 ἔχων,
3178 3487 3251 3541 τά
3276 3502 3337 3538 τε
3361 3487 3418 3537 ἐν
3433 3482 3510 3550 τῷ
3534 3471 3721 3548 οὐρανῷ

2157 3583 2254 3636 καὶ
2286 3583 2353 3635 τὰ
2382 3581 2476 3634 ἐπὶ
2503 3580 2604 3650 τῆς
2632 3580 2757 3649 γῆς,
2784 3581 2844 3632 οὐ
2877 3579 3094 3650 χαλινὸν
3120 3578 3378 3648 ἐπέθηκα
3404 3577 3514 3637 τοῖς
3534 3567 3718 3638 θυμοῖς.

2156 3675 2277 3729 οὐδὲ
2305 3673 2570 3745 καθεῖρξα
2613 3674 2866 3747 καθάπερ
2900 3674 3105 3735 αἰκίαις
3152 3671 3218 3725 τὸ
3270 3670 3505 3725 ἑκάστου
3543 3666 3722 3731 κίνημα

2155 3766 2265 3820 τῶν
2292 3765 2686 3837 ἀκροωμένων,
2720 3765 2904 3835 ἐφῆκα
2933 3765 2992 3818 δὲ
3029 3763 3236 3836 μᾶλλον
3259 3766 3327 3835 τῇ
3364 3762 3589 3816 ἑκάστου
3610 3769 3720 3824 προσ

2156 3860 2366 3930 αιρέσει
2396 3858 2456 3913 τὸ
2496 3858 2715 3912 ἑλέσθαι
2749 3857 2815 3912 τδ
2838 3857 3051 3923 δοκοῦν,
3081 3857 3286 3929 δρᾶσαι
3317 3856 3376 3910 δὲ
3411 3855 3439 3908 ὅ
3472 3852 3523 3905 τί
3549 3865 3644 3917 περ
3668 3843 3723 3898 ἂν

2159 3952 2422 4025 βούλοιτο.
2475 3953 2586 4006 Καὶ
2631 3950 2764 4021 γοῦν
2792 3950 3128 4021 διωκόμενος
3161 3948 3534 4021 ἐκαρτέρουν.
3570 3939 3722 3994 καίτοι

2155 4047 2249 4101 τοῦ
2292 4045 2628 4100 διακωλῦσαι
2668 4045 2809 4116 ἔχων
2840 4044 2940 4115 τὴν
2984 4043 3264 4111 ἐξουσίαν.
3303 4044 3477 4096 Ὅταν
3519 4032 3606 4091 οὖν
3634 4033 3724 4103 ἄρα

2156 4139 2429 4212 διώκησθε
2479 4138 2576 4192 καὶ
2642 4137 2798 4191 αὐτοὶ
2849 4135 3354 4207 διακαρτεροῦντες
3413 4126 3723 4201 παραχρῆμα

2155 4232 2255 4304 τὴν
2283 4232 2394 4285 τῶν
2429 4229 2732 4301 μισούντων
2758 4227 3112 4300 ἀποτροπὴν,
3166 4227 3309 4299 μηδὲ
3358 4219 3726 4296 δυσφοροῦντες
3776 4242 3783 4250 ·

2157 4325 2296 4395 ἄγαν
2338 4326 2432 4379 ὲπϊ
2469 4326 2590 4388 ταῖς
2618 4321 2968 4393 ἀχαριστίαις
3005 4320 3115 4374 τῶν
3140 4318 3576 4390 ὠφελουμένων,
3613 4323 3725 4364 κατι

2156 4417 2282 4470 όπιν
2308 4416 2407 4486 τῆς
2437 4415 2577 4486 ἐμῆς
2608 4416 2777 4478 ἰόντες
2801 4412 3118 4483 οἰκονομίας
3137 4453 3151 4477 ,
3186 4408 3280 4467 διὰ
3313 4411 3427 4465 τῶν
3456 4405 3631 4464 αὐτῶν
3653 4400 3728 4470 ερ-

2156 4510 2317 4583 χεσθε
2372 4509 2731 4581 θελημάτων,
2787 4507 2875 4560 ἵνα
2922 4507 3017 4560 καί¹
3049 4505 3149 4576 τῆς
3192 4505 3395 4575 ὁμοίας
3446 4498 3726 4573 μετάσχητε

465 4595 531 4649 ad
571 4596 899 4667 obsequium
922 4638 937 4662 ,
979 4606 1075 4652 aut
1099 4606 1316 4654 contra.
1359 4599 1599 4654 Strenue
1632 4600 1820 4671 itaque
1850 4600 2041 4657 debent

2158 4603 2337 4675 δόξης.
2363 4622 2382 4654 ι
2406 4605 2468 4656 Οἱ
2490 4602 2598 4674 γὰρ
2622 4599 3040 4672 συμπάσχοντες
3065 4598 3162 4653 καὶ
3179 4594 3725 4669 συμϐασιλεύσουσι.»

464 4703 651 4742 rerum
686 4689 1019 4759 optimarum
1052 4691 1305 4762 magistri
1351 4698 1407 4745 et
1466 4691 1559 4762 qui
1596 4706 1723 4747 cum
1760 4692 1865 4748 llde
1893 4695 2041 4764 perli-

2158 4696 2427 4771 Προσθεὶς
2472 4695 2529 4748 δὲ
2564 4695 2662 4749 καὶ
2696 4694 2880 4763 τρίτον
2901 4732 2916 4757 ,
2958 4711 2977 4744 ι
3007 4692 3073 4745 Ei
3096 4691 3190 4744 τὸν
3218 4690 3384 4760 λόγον
3420 4704 3523 4759 μου
3554 4682 3730 4750 ὲτήρη·

464 4794 593 4833 cere
624 4794 787 4848 posse
816 4780 1069 4837 tribuunt
1100 4797 1223 4859 quae
1252 4782 1390 4838 alias
1420 4798 1531 4839 non
1566 4798 1868 4854 possumus
1899 4799 2041 4841 asse-

2160 4806 2261 4844 σαν
2281 4831 2295 4852 ,
2337 4787 2435 4842 καὶ
2480 4787 2571 4841 τὸν
2600 4787 2870 4858 ὑμέτερον
2899 4786 3263 4857 τηρήσουσιν,
3292 4802 3317 4874 3
3355 4781 3580 4874 ἀθύμως
3606 4773 3733 4874 ἕλξιν

465 4873 561 4940 qui
590 4913 603 4938 ,
638 4875 802 4929 etiam
824 4873 1136 4946 desperatis
1159 4875 1471 4930 doctrinam
1503 4892 1608 4947 qua
1639 4876 1823 4948 juvari
1850 4888 2041 4948 queant

2157 4880 2261 4933 οὐκ
2292 4879 2359 4949 ὲᾷ
2408 4877 2483 4948 μὴ
2537 4875 2970 4962 παραδεχθείσης
3021 4871 3207 4927 αὐτῶν
3252 4871 3355 4943 τῆς
3402 4861 3731 4962 διδασκαλίας

467 4968 714 5022 inserere
748 4969 954 5023 virtute
999 4968 1202 5021 divina.
1252 4968 1408 5034 Quod
1437 4969 1659 5040 quidem
1697 4969 1904 5025 factum
1936 4971 2041 5026 sive

2156 4970 2269 5026 ἐσθ’
2300 4971 2410 5026 ὅτε.
2458 4971 2612 5024 Ποιεί
2654 4956 2956 5040 δὲ’σφόδρα
2998 4967 3092 5021 καὶ
3134 4964 3299 5019 τοῦτο
3326 4962 3532 5025 καλῶς.
3568 4956 3731 5011 Οίεται

467 5067 613 5116 recte
645 5061 1035 5116 adumbratum
1069 5060 1123 5113 in
1159 5061 1254 5115 illa
1284 5061 1676 5118 distributione
1704 5065 2041 5119 talentorum

2161 5062 2261 5133 μὲν
2290 5063 2400 5131 γὰρ
2431 5063 2459 5113 ὁ
2493 5058 2631 5130 πρὸς
2658 5059 2818 5112 τοῦτο
2851 5055 3403 5130 προκεχειρισμένος,
3437 5054 3521 5106 ὅτι

465 5154 891 5221 comperiemus.
922 5149 1026 5206 llic
1051 5151 1201 5206 enim
1226 5153 1413 5208 decem
1442 5156 1726 5223 accepisse
1750 5156 2041 5224 reperitur1

2158 5153 2369 5222 ὑπέστη
2407 5150 2641 5221 ζημίαν,
2671 5151 2719 5203 εί
2751 5150 2824 5223 μὴ
2856 5149 3133 5221 βούλοιντό
3166 5165 3317 5211 τινες
3344 5148 3462 5210 τοῖς
3500 5143 3626 5212 παρ’
3646 5143 3733 5192 αὑ·-

464 5242 558 5298 ille
585 5242 828 5314 quinque
849 5284 865 5310 ,
915 5242 1060 5299 alius
1098 5254 1283 5299 autem
1329 5245 1475 5312 duo,
1523 5253 1576 5301 et
1608 5245 1754 5302 alius
1784 5254 2041 5316 praeterea

2155 5246 2253 5299 τοῦ
2286 5241 2572 5298 πείθεσθαι
2602 5242 2782 5312 λόγοις
2809 5258 2823 5274 ·
2854 5241 2916 5295 τὸ
2938 5241 2994 5295 δὲ
3014 5241 3112 5312 οὐχ
3145 5239 3323 5302 οὕτως
3355 5237 3502 5308 ἔχει·
3542 5233 3613 5327 μὴ
3638 5226 3733 5327 γάξ

466 5350 672 5400 unum,
716 5335 813 5404 qui
846 5343 1218 5390 mercaturam
1259 5336 1444 5394 facere
1494 5353 1735 5394 renuens
1780 5341 2041 5394 talentum

2152 5341 2217 5411 δή
2243 5355 2327 5402 τις
2352 5336 2547 5391 οἰέσθω
2577 5334 2757 5390 ποθέν.
2805 5333 3058 5406 Εῑρηκὼς
3087 5334 3196 5403 γὰρ
3226 5329 3383 5396 ἅπαξ
3413 5328 3509 5386 καὶ
3538 5324 3631 5396 τὴν
3651 5324 3734 5411 τοῦ

463 5426 615 5480 humi
647 5422 860 5480 infodit.
885 5422 1232 5498 Proindeque
1258 5427 1447 5484 audit:
1486 5448 1504 5482 ι
1537 5429 1709 5486 Serve
1730 5446 1967 5501 nequam
1998 5440 2041 5487 e1

2158 5408 2536 5503 συμφέροντος
2559 5427 2764 5499 γνῶσιν
2791 5428 2820 5480 ὁ
2851 5426 3155 5498 σύμϐουλος
3186 5423 3481 5520 παραθεὶς,
3517 5421 3649 5520 ὅπερ
3673 5408 3731 5520 ἦν

468 5520 644 5589 piger,
660 5520 905 5589 opdrtuit
924 5528 977 5575 te
1001 5522 1342 5578 committere
1366 5524 1654 5594 pecuniam
1677 5538 1851 5580 meam
1884 5540 2041 5579 num-

2158 5526 2218 5579 ὲν
2248 5522 2397 5594 αὐτῷ
2422 5521 2580 5577 τοῦτο
2624 5523 2720 5576 καὶ
2749 5520 2998 5593 δέδρακε·
3041 5520 3287 5573 κείσεται
3333 5514 3523 5570 λοιπὸν
3548 5514 3603 5566 ἐν
3622 5514 3729 5614 ταῖς

467 5611 718 5669 tnulariis
741 5653 757 5679 ,
787 5620 844 5668 et
873 5613 1103 5671 veniens
1146 5630 1251 5687 ego
1289 5616 1630 5686 recepissem
1664 5615 1862 5686 illique
1901 5617 2041 5687 quod

2161 5617 2274 5672 τῶν
2308 5615 2674 5688 ἀκροωμένων
2708 5614 2976 5687 γνώμαις.
3032 5610 3356 5684 Τραπέσθαι
3396 5608 3507 5679 γὰρ
3548 5602 3727 5688 αὐτοὺς

466 5715 647 5769 meum
694 5712 814 5770 est,
857 5718 981 5758 cum
1035 5719 1202 5761 usura
1234 5709 1273 5760 ι.
1311 5726 1331 5759 ›
1378 5706 1858 5774 Quemadmodum
1900 5708 2041 5765 enim

2157 5711 2243 5781 ἐφ’
2271 5711 2410 5783 ὅπερ
2433 5687 2663 5772 ἕκαστος
2689 5706 2860 5762 ἐθέλει
2894 5705 3072 5778 ῥάδιον
3102 5706 3136 5777 ἡ
3167 5704 3284 5776 [ῃο.
3305 5701 3369 5776 ἦ]
3404 5699 3539 5771 πρὸς
3563 5687 3729 5749 εὐπει-

536 5880 580 5915 υ
604 5880 651 5951 ῃ
675 5883 821 5957 Tim.
847 5902 907 5956 ιι,
943 5888 1032 5945 li.
1129 5888 1145 5918 '
1169 5885 1359 5942 Matth.
1396 5902 1525 5954 xxv,
1549 5884 1642 5950 ‘36.-
