3938 6408
179 388 286 447 405

1191 378 1259 432 ΙΝ
1296 375 1582 432 JOANNIS
1618 370 2065 429 EVANGELIUM
2108 370 2234 425 LIB.
2278 369 2346 424 Χ.

3329 353 3436 410 406

179 502 349 568 θειαν,
380 498 498 570 me
524 496 785 552 ἐναντίον.
836 494 952 549 Οὐκ
983 493 1320 565 ἀποκνητέον
1363 488 1455 546 οὖν
1486 492 1594 562 ἄρα
1638 490 1751 550 τοῖς
1781 535 1784 543 .

1889 485 2132 555 grirolae,
2162 497 2307 538 terra
2337 488 2522 533 aratro
2555 474 2835 546 proscissa
2887 471 3142 541 factaque
3169 477 3436 529 semente,

179 592 285 647 τῶν
302 591 544 661 ἀρίστων
567 587 910 659 εἰσηγηταῖς,
933 587 995 639 τὸ
1016 586 1109 639 καὶ
1130 583 1474 653 ἀπεγνωκόσι
1504 582 1595 635 τὸν
1614 582 1758 650 ὼφε·

1858 592 1967 632 non
1999 577 2113 645 jam
2142 588 2257 630 sua:
2288 570 2500 642 peritia:
2531 567 2740 637 reliqua
2780 563 3066 625 tribuunt,
3104 558 3200 614 sed
3236 557 3438 611 divina:

179 682 288 734 λεῖν
314 648 619 750 δυνάμενον
646 648 952 750 ἐνσπείρε-ιν
976 677 1134 746 λόγον
1161 679 1228 748 τῇ
1252 648 1374 746 θείᾳ
1390 674 1638 744 δυνάμει,
1666 648 1758 726 καὶ

1889 667 2119 723 ιοιοειοιί
2150 665 2466 734 relinquunt
2488 659 2671 730 potius
2697 656 2979 726 etgratiae,
2999 665 3195 721 nempe
3227 648 3437 705 semina

180 772 245 827 τά
261 774 396 843 ἡμῖν
414 773 519 825 οῦκ
542 770 741 841 ἐφικτὰ
759 769 1021 823 δύνασθαι
1037 767 1336 838 κατορθοῦν
1358 765 1496 838 μετά
1523 766 1759 828 πίστεως

180 862 575 932 ἀπονέμουσιν,
610 861 640 914 δ
665 860 730 931 δὴ
760 859 855 912 καλ¹
886 858 1128 927 γεγονὸς,
1158 858 1282 929 ἦτοι
1314 855 1494 917 καλῶς
1515 856 1760 925 ἐσχημα-

178 950 437 1019 τισμένον
473 951 568 1004 καὶ
601 953 659 1004 έν
687 952 808 1013 ταῖς
832 949 942 1002 τῶν
966 949 1247 1002 ταλάντων
1279 947 1563 1016 διανομαῖς
1598 943 1766 1015 εὑρήυ

181 1058 364 1111 σομεν.
405 1042 467 1095 Ὅ
494 1041 594 1111 μὲν
618 1041 726 1113 γάρ
745 1039 1056 1109 εὑρίσκεται
1073 1039 1204 1092 δέκα
1222 1036 1426 1100 λαὸὼν,
1447 1037 1475 1089 ό
1507 1034 1564 1089 δὲ
1582 1035 1764 1097 πέντε,

179 1138 205 1190 ὁ
233 1136 291 1189 δὲ
321 1134 452 1198 δύο,
484 1135 579 1187 καλ⁵
612 1134 751 1205 πρὸς
782 1133 993 1197 τούτοις
1021 1133 1099 1187 ἔτι
1129 1132 1190 1187 τὸ
1224 1131 1313 1195 ἓν,
1350 1131 1409 1196 ὃς
1442 1112 1506 1200 δὴ
1539 1130 1635 1184 καὶ
1668 1131 1769 1200 ἐμ-

182 1225 561 1295 πορεύσασθαι
584 1223 1048 1295 παραιτούμενος,
1069 1223 1351 1293 κατέχωσε
1378 1222 1475 1293 μὲν
1501 1222 1562 1275 τὸ
1581 1221 1773 1276 τάλαν-

178 1334 269 1370 τον
304 1318 392 1379 είς
438 1317 541 1388 τὴν
582 1317 705 1386 γῆν.
761 1315 1001 1370 Ἤκουσε
1044 1315 1103 1368 δὲ
1142 1314 1231 1368 διὰ
1280 1312 1439 1368 τοῦτο
1463 1330 1476 1344 ·
1513 1331 1531 1365 ι
1560 1312 1771 1382 Πονηρὲ

178 1405 336 1458 δοῦλε
388 1405 485 1458 καὶ
529 1404 762 1474 όκνηρὲ,
803 1403 912 1457 ἔδει
942 1420 1003 1456 σε
1047 1403 1229 1473 βαλεῖν
1269 1402 1332 1456 τὸ
1373 1401 1636 1473 ἀργύριόν
1671 1419 1770 1472 μου

179 1500 295 1561 τοῖς
344 1496 745 1567 τραπεζίταις,
814 1493 1180 1573 κάγὼκὲλθὼν
1215 1494 1560 1564 ἐκομισάμην
1606 1492 1673 1547 ἂν
1715 1494 1774 1546 τὸ

180 1588 316 1658 ἐμὸν
349 1589 450 1642 σὺν
474 1587 642 1659 τόκῳ.
671 1606 691 1639 ι
720 1587 930 1658 Ὄνπερ
956 1585 1068 1657 γὰρ
1097 1586 1297 1657 τρόπον
1326 1586 1376 1638 οἱ
1406 1584 1541 1655 πρὸς
1578 1584 1647 1637 τὰ
1676 1584 1775 1655 τῆς

182 1678 457 1749 γηπονίας
505 1678 644 1750 ἔργα
685 1679 1157 1750 γεγυμνασμένοι,
1202 1677 1297 1730 καὶ¹
1335 1678 1523 1731 τοῦτον
1559 1675 1776 1747 ἔχοντες

182 1767 273 1820 τὸν
328 1770 539 1821 σκοπὸν
561 1810 575 1832 ,
625 1768 1019 1839 ἀνατέμνοντες
1064 1770 1175 1830 τοῖς
1222 1766 1472 1837 ἀρότροις
1514 1765 1612 1837 τὴν
1651 1766 1773 1836 γῆν,

1861 739 2020 817 terra:
2045 757 2303 814 mandata
2330 755 2603 818 radicare,
2628 750 2792 822 902
2821 756 2875 803 et
2905 748 2959 802 in
2996 744 3295 818 perfectam
3322 739 3438 794 fru-

1862 870 1983 925 gem
2008 852 2247 909 educare
2290 868 2303 905 :
2354 848 2435 903 sic
2471 845 2711 901 arbitror
2748 857 2933 897 rerum
2965 826 3232 894 bonarum
3261 832 3441 902 magi-

1863 959 2039 1003 strum
2061 944 2367 999 doctrinam
2395 939 2660 994 duntaxat
2691 932 2958 1003 impertiri
2988 930 3209 991 debere,
3242 934 3442 980 caetera

1865 1052 1996 1093 vero
2029 1035 2138 1090 Deo
2178 1033 2511 1101 relinquere.
2553 1025 2874 1082 Remedium
2924 1023 3113 1091 itaque
3162 1018 3443 1074 solvendae

1867 1125 2311 1202 pusillanimitati
2343 1131 2398 1179 et
2432 1120 2666 1193 pigritiae
2707 1116 3147 1173 adhortationem
3195 1111 3440 1165 adbibet.

1868 1220 1947 1277 Ne
1982 1216 2290 1292 gravemini
2321 1212 2544 1284 quippe,
2576 1211 2672 1274 ait,
2707 1222 2872 1279 porro
2900 1207 3118 1267 docere,
3151 1204 3281 1257 licet
3313 1202 3443 1273 qui-

1871 1315 1993 1367 dam
2023 1310 2192 1367 semel
2229 1305 2498 1362 admoniti
2524 1302 2831 1358 doctrinam
2865 1298 2970 1353 sibi
3008 1295 3263 1352 traditam
3307 1306 3446 1345 con-

1872 1409 2159 1466 temnant;
2207 1397 2302 1455 sed
2349 1410 2473 1450 cum
2520 1407 2672 1447 meas
2718 1400 2939 1461 quaque
2969 1402 3134 1442 voces
3181 1400 3210 1437 a
3257 1383 3446 1438 multis
3548 1420 3553 1425 ‹

1873 1490 2202 1563 quandoque
2227 1485 2548 1557 repudiatas
2578 1481 2846 1542 cernatis,
2874 1479 3045 1533 nolite
3074 1490 3239 1547 supra
3268 1489 3446 1528 meam

1873 1584 2102 1657 gloriam
2132 1581 2313 1637 efferri
2334 1620 2350 1643 ,
2384 1579 2478 1634 sed
2514 1579 2568 1632 in
2615 1578 2722 1631 hoc
2752 1589 2953 1628 rursus
2986 1587 3128 1643 pone
3160 1582 3450 1624 remanen-

1875 1688 1978 1742 tes,
2023 1677 2264 1730 animum
2304 1688 2374 1727 ne
2412 1668 2828 1739 despondeatis.
2864 1665 2978 1719 lloc
3017 1672 3201 1718 autem
3236 1661 3452 1715 discere

1878 1770 2035 1825 valde
2063 1766 2437 1823 necessarium
2472 1769 2589 1816 erat
2619 1761 2830 1817 sanctis
2859 1757 3126 1828 apostolis
3148 1797 3163 1822 ,
3198 1753 3329 1825 quia
3356 1766 3455 1822 per

180 1855 304 1912 εἶτα
344 1859 429 1931 τῷ
468 1852 623 1931 βώλῳ
653 1859 746 1913 τὺν
795 1836 994 1930 σπόρον
1021 1836 1395 1928 ἐγχώσαντες,
1436 1836 1624 1911 οὐκέτι
1657 1859 1775 1919 ταῖς

1889 1859 2196 1914 universum
2237 1854 2426 1909 orbem
2468 1850 2793 1906 constitutis
2837 1846 3156 1901 hominibus
3205 1843 3453 1897 divinum

184 1953 405 2007 ἑαυτῶν
437 1952 761 2024 ἐμπειρίαις
788 1952 1126 2022 ἀπονέμουσι
1160 1951 1228 2004 τὰ
1265 1950 1449 2013 λοιπά,
1480 1952 1545 2020 τῇ
1573 1949 1631 2002 δὲ
1658 1949 1779 2020 θείᾳ

186 2046 397 2116 μᾶλλον
443 2046 809 2117 ἐπιτρέπουσι
833 2044 1060 2115 δυνάμει
1095 2045 1190 2097 καὶ
1221 2044 1435 2114 χάριτι,
1467 2043 1528 2095 τὸ
1553 2041 1779 2113 ῥιζῶσαι

184 2153 334 2206 φημι
366 2135 431 2190 τὺ
471 2135 811 2205 καταϐληθὲν
844 2134 940 2188 καὶ
981 2136 1065 2198 είς
1093 2135 1305 2205 καρπὸν
1347 2132 1649 2204 ἀναθρέψαι
1688 2121 1781 2186 τὸν

140 2262 145 2271 ι
183 2227 420 2281 τέλειοΨ
440 2226 615 2291 οὕτως
636 2223 790 2298 οἶμαι
805 2226 916 2280 δεῖν
936 2225 1026 2279 τὸν
1041 2225 1150 2281 τῶν
1176 2225 1465 2296 βελτίστων
1485 2227 1782 2296 εἰσηγητὴν

183 2317 474 2387 διανέμειν
505 2317 684 2387 μόνως
713 2318 804 2372 τὸν
840 2317 1020 2386 λόγον,
1053 2317 1263 2385 ἑφεῖναί
1287 2333 1350 2385 γε
1392 2316 1498 2387 μὴν
1522 2318 1591 2370 τὰ
1621 2315 1781 2370 λοιπά

186 2408 271 2478 τῷ
292 2408 439 2481 Θεῷ.
467 2411 765 2482 Φάρμακον
793 2406 885 2465 οῦν
908 2409 1017 2481 ἀρα
1050 2409 1416 2481 μικροψυχίας
1443 2427 1503 2462 τε
1535 2409 1629 2462 καὶ
1649 2410 1785 2481 ἀκη-

186 2500 313 2562 δίας
344 2501 568 2555 λυτικδν
597 2504 793 2570 ἐπάγει
829 2505 944 2565 τοῖς
982 2502 1174 2555 ἑαυτοῦ
1213 2501 1483 2571 μαθηταῖς
1506 2503 1534 2555 ὁ
1569 2501 1780 2571 Σωτὴρ,

188 2593 288 2645 καὶ
315 2592 422 2664 τὴν
452 2594 547 2646 ἐπὶ
573 2593 749 2666 τούτῳ
773 2594 1117 2665 παραίνεσιν.
1138 2592 1229 2663 Μὴ
1257 2592 1366 2663 γὰρ
1390 2592 1456 2663 δὴ
1478 2596 1781 2658 κατοκνεῖν,

189 2684 395 2753 φησιν,
443 2683 634 2737 ἒλεσθέ
671 2700 803 2737 ποτε
840 2684 1114 2738 διδάσκειν
1146 2684 1227 2738 ἔτι
1249 2724 1263 2748 ,
1300 2685 1394 2737 καὶ
1426 2685 1476 2736 εί
1499 2683 1607 2736 τῶν
1636 2683 1786 2749 ἅπαξ

190 2774 678 2844 νενουθετημένων
721 2776 865 2849 τινὲς
906 2777 1097 2830 οὐδένα
1137 2779 1374 2829 ποιοῖντο
1400 2776 1497 2847 τῆς
1534 2775 1784 2848 δοθείσης

190 2867 382 2929 αὐτοῖς
406 2866 761 2929 διδασκαλίας
788 2867 881 2922 τὸν
902 2867 1056 2935 λόγον
1079 2882 1093 2895 ·
1123 2868 1236 2920 ἀπα
1245 2866 1533 2939 ραδέκτους
1556 2867 1612 2920 δὲ
1634 2867 1786 2940 παρὰ

192 2957 421 3020 πολλοῖς
469 2958 567 3011 καὶ
607 2957 707 3021 τάς
757 2956 897 3027 ὲμάς
928 2958 1038 3010 ἔσθ’
1072 2958 1160 3010 ὅτε
1197 2958 1379 3025 φωνὰς
1415 2958 1783 3028 εὑρίσκοντες,

197 3044 273 3115 μὴ
300 3046 406 3116 τῆς
429 3047 573 3116 ἐμῆς
595 3046 979 3118 ὑπερτείνεσθε
1000 3046 1178 3117 δόξης,
1204 3048 1308 3099 κάν
1338 3047 1512 3118 τούτῳ
1538 3049 1596 3101 δὲ
1625 3048 1786 3103 πάλιν

194 3134 436 3187 κατόπιν
468 3135 742 3205 μένοντες,
759 3136 821 3190 τὸ
842 3136 1007 3189 δυσθυ
1015 3139 1138 3206 μεῖν
1157 3137 1573 3207 ἀποπέμπεσθε.
1593 3139 1784 3208 Ἀναγ⁶

194 3229 466 3297 καιοτάτη
511 3227 569 3280 δὲ
616 3227 822 3281 τούτων
850 3230 882 3298 ἡ
915 3226 1151 3299 μάθησις
1178 3222 1247 3298 ἦν
1292 3231 1404 3292 τοῖς
1452 3229 1628 3298 ἁγίοις
1657 3233 1792 3284 ἀποο

203 3318 448 3384 στόλοις,
524 3319 758 3390 ἐπείπερ
802 3318 1025 3390 ἔμελλον
1071 3319 1420 3391 διακηρύξειν
1463 3324 1576 3385 τοῖς
1622 3323 1795 3377 ἁπαν-

204 3410 342 3481 ταχῆ
374 3410 469 3463 τὸν
499 3409 645 3464 θεῖόν
688 3428 748 3462 τε
793 3412 886 3464 καὶ
919 3412 1185 3482 σωτήριον
1216 3412 1392 3475 λόγον.
1464 3414 1574 3466 Καὶ
1608 3414 1739 3483 γοῦν
1766 3416 1794 3469 ό

211 3502 499 3567 θεσπέσιος
526 3503 741 3567 Παῦλος
760 3546 773 3569 ,
817 3505 913 3557 ᾶτε
945 3503 1009 3574 δὴ
1040 3504 1174 3574 πρὸς
1206 3506 1513 3577 ἀποστολὴν
1539 3507 1627 3561 διὰ
1657 3509 1793 3581 Χρι-

212 3596 334 3649 στοῦ
384 3596 928 3668 προκεχειρισμένος,
957 3595 1197 3660 τοιοῦτός
1246 3615 1331 3661 τις
1378 3600 1510 3669 ἡμῖν
1556 3599 1797 3668 γεγονὼς

212 3689 568 3757 κατεφαίνετο
589 3729 604 3749 ,
647 3689 743 3742 καὶ
767 3688 857 3743 διὰ
879 3689 979 3758 τῆς
1023 3690 1083 3741 ὲν
1113 3688 1324 3753 τούτοις
1355 3690 1604 3761 ἀνδρείας
1639 3692 1799 3763 ὲρχό-

217 3797 374 3852 μενος
400 3782 598 3850 ὁρᾶται
628 3779 909 3842 πολλάκις.
940 3780 1064 3833 Ὅτι
1092 3779 1200 3853 γὰρ
1229 3781 1325 3834 καὶ
1355 3779 1658 3848 φιλοδοξίας
1693 3798 1795 3835 κα-

213 3875 506 3943 ταφρονεῖν
526 3872 664 3943 ᾤετο
688 3872 818 3933 δεῖν,
846 3870 1063 3940 ἀλογεῖν
1082 3871 1138 3924 δὲ
1162 3872 1367 3942 σφόδρα
1393 3874 1490 3926 καλ⁸
1514 3873 1797 3945 διωγμῶν,

215 3964 455 4017 ἐποιεῖτο
496 3963 554 4016 δὲ
586 3963 715 4034 περὶ
743 3960 938 4015 πολλοῦ
961 4000 976 4026 ,
1029 3961 1125 4014 καὶ
1152 3961 1214 4015 τὸ
1252 3962 1328 4033 μὴ
1368 3962 1489 4015 λίαν
1517 3964 1799 4030 ἐκκακεῖν,

216 4054 311 4107 καὶ
342 4052 399 4106 εί
428 4054 532 4106 πού
566 4066 709 4115 τινες
743 4052 880 4115 ὅλως
908 4052 999 4105 τὸν
1028 4051 1175 4116 ἅπαξ
1204 4053 1389 4116 αὐτοῖς
1421 4054 1801 4126 ἐγκατεσπαρ-

221 4147 381 4216 μένον
418 4147 480 4200 οὐ
518 4146 885 4217 παρεδέξαντο
916 4146 1094 4215 λόγον,
1123 4145 1307 4216 ῥᾴδιον
1338 4147 1626 4213 ἐπιδεῖξαι..
1661 4151 1803 4223 Γρά-

220 4256 307 4307 φει
335 4238 449 4309 γὰρ
475 4239 614 4310 πρός
640 4253 819 4303 τινας·
877 4255 895 4288 ι
936 4236 1129 4307 Ὑμεῖς
1170 4236 1424 4307 φρόνιμοι
1472 4238 1531 4289 ἐν
1558 4241 1803 4311 Χριστῷ,

1879 1960 1934 2008 et
1980 1951 2281 2009 salutarem
2335 1959 2648 2002 sermonem
2706 1941 3006 2012 praedicare
3051 1936 3341 1992 debebant.
3388 1931 3457 1985 Et

1879 2041 2105 2115 quidem
2159 2038 2380 2095 divinus
2423 2035 2650 2099 Paulus,
2679 2040 2867 2103 utpote
2921 2046 3017 2101 per
3067 2027 3349 2083 Christum
3389 2024 3455 2077 ad

1880 2132 2247 2203 apostolatum
2284 2128 2519 2191 electus,
2555 2125 2684 2180 talis
2715 2122 2877 2177 nobis
2911 2121 3060 2175 visus
3104 2126 3208 2180 est,
3242 2131 3303 2169 ac
3343 2115 3458 2185 pari

1881 2225 2052 2280 animi
2082 2224 2287 2278 virtute
2334 2220 2599 2291 prmditus
2638 2230 2782 2286 saepe
2822 2214 3092 2268 cernitur.
3124 2209 3284 2276 Quod
3311 2208 3458 2261 enim

1882 2319 2104 2373 inanem
2131 2314 2363 2385 gloriam
2395 2308 2853 2385 contemnendam
2887 2312 3105 2376 putaret
3131 2344 3144 2365 ,
3193 2312 3245 2357 et
3276 2315 3461 2371 perse—

1884 2409 2140 2465 cutiones
2167 2405 2324 2459 nihili
2350 2401 2654 2466 faciendas,
2692 2415 2869 2469 neque
2897 2395 3177 2451 ferendqu
3208 2391 3462 2447 acerbius

1883 2503 1927 2558 si
1956 2501 2063 2571 qui
2080 2498 2266 2553 forsan
2301 2495 2406 2551 sibi
2439 2494 2747 2562 dispersum
2778 2502 3088 2547 sermonem
3122 2501 3230 2540 non
3268 2497 3455 2538 susce-

1882 2595 2137 2664 pissent,
2171 2588 2331 2643 facile
2361 2594 2445 2641 est
2479 2583 2798 2639 ostendere.
2833 2579 3043 2634 Scribit
3072 2579 3219 2632 enim
3260 2575 3326 2630 ad
3364 2574 3465 2626 ali-

1883 2702 2060 2757 quos:
2097 2706 2115 2736 ι
2144 2685 2255 2739 Vos
2286 2682 2581 2753 prudentes
2607 2679 2661 2731 in
2694 2676 2939 2749 Christo,
2964 2687 3064 2727 nos
3090 2676 3271 2724 autem
3305 2666 3463 2721 stulti

1886 2754 2108 2849 propter
2138 2774 2419 2829 Christum
2457 2788 2470 2824 :
2505 2783 2606 2822 nos
2636 2764 2837 2819 infirmi
2867 2804 2881 2830 ,
2909 2775 3006 2814 ros
3033 2765 3215 2812 autem
3245 2754 3417 2809 fortes
3449 2772 3462 2806 :

1885 2885 1987 2925 nos
2018 2866 2289 2938 ignobiles
2317 2904 2331 2928 ,
2379 2877 2478 2917 vos
2510 2869 2691 2916 autem
2730 2856 2963 2910 nobiles.
3007 2850 3197 2920 Usque
3230 2849 3284 2901 in
3325 2847 3468 2899 hanc

1886 2960 2078 3014 horam
2115 2963 2170 3012 et
2215 2956 2464 3016 sitimus,
2517 2959 2572 3005 et
2611 2948 2890 3004 esurimus
2918 2948 2959 2999 ³.
2993 2962 3012 2996 ι
3056 2941 3122 2995 Ει
3155 2947 3420 3012 praeterea
3451 2955 3466 2991 :

1890 3071 1909 3103 ι
1957 3049 2240 3117 Tanquam
2270 3050 2653 3114 purgamenta,
2691 3036 2890 3106 inquit,
2920 3034 3088 3103 hujus
3120 3029 3304 3084 mundi
3340 3027 3470 3081 facti

1894 3157 2117 3201 sumus,
2149 3136 2392 3192 omnium
2419 3132 2723 3203 peripsema
2754 3144 2929 3197 usque
2966 3126 3144 3180 adhuc
3171 3123 3211 3177 ³.
3247 3140 3265 3172 ι
3302 3117 3472 3173 Vides

1899 3243 1957 3288 ut
1987 3231 2340 3301 splendorem
2388 3223 2711 3294 et'gloriam
2762 3218 2952 3275 mundi
3000 3222 3225 3285 superet
3256 3220 3475 3282 prepter

1894 3325 2101 3382 Christi
2120 3318 2485 3377 mandatum?
2516 3314 2816 3370 Strenuum
2847 3318 3030 3364 autem
3055 3307 3110 3360 iu
3134 3301 3476 3376 persecutio-

1895 3420 2059 3475 nibus
2088 3416 2331 3469 animum
2363 3409 2659 3481 praeferens
2689 3405 2869 3458 aiebat
2897 3420 2910 3456 :
2970 3418 2988 3451 t
3021 3398 3157 3465 Quis
3189 3410 3291 3449 nos
3322 3406 3480 3461 sepa-

1895 3511 2041 3566 rabit
2075 3523 2105 3561 a
2136 3505 2406 3560 charitale
2434 3498 2680 3556 Christi?
2707 3492 3017 3550 Tribulatio
3036 3531 3050 3555 ,
3088 3504 3157 3544 an
3185 3485 3441 3557 angustia
3462 3520 3477 3545 ,

1898 3617 1965 3657 an
1998 3608 2307 3671 persecutio
2329 3636 2344 3658 ,
2380 3610 2447 3648 an
2482 3592 2655 3646 fames
2687 3629 2700 3652 ,
2754 3603 2821 3641 an
2856 3584 3079 3638 nuditas
3104 3622 3119 3646 ,
3161 3595 3230 3633 an
3262 3578 3480 3648 pericu—

1898 3662 2048 3757 lum,
2084 3706 2151 3744 an
2193 3684 2495 3760 gladius‘?
2532 3701 2550 3735 ι
2590 3680 2732 3747 Quin
2768 3677 2933 3732 etiam
2971 3675 3037 3727 ad
3082 3671 3220 3726 alios
3248 3662 3479 3723 scribit:

1906 3806 1925 3838 ι
1966 3783 2166 3838 Eadem
2198 3779 2356 3834 vobis
2396 3776 2580 3830 dicere
2607 3812 2622 3836 ,
2670 3770 2804 3825 mihi
2831 3765 3053 3837 quidem
3089 3777 3196 3816 non
3229 3760 3481 3831 pigrum,

1901 3877 2060 3932 vobis
2100 3881 2282 3927 autem
2335 3865 2709 3924 necessarium
2738 3862 2781 3915 '.
2821 3879 2840 3912 ι
2894 3856 3002 3913 Sed
3043 3862 3098 3909 et
3139 3853 3206 3906 ad
3258 3849 3483 3905 Galatas

1902 3976 2165 4039 praeterea
2197 3982 2211 4018 :
2258 3981 2277 4014 ι
2308 3959 2487 4015 Filioli
2513 3956 2618 4010 mei
2651 3995 2665 4020 ,
2695 3968 2835 4023 quos
2860 3952 3059 4004 iterum
3090 3943 3358 4014 parturio,
3382 3938 3480 3994 do-

1903 4034 2006 4114 nec
2037 4055 2303 4110 formetur
2327 4049 2582 4105 Christus
2610 4044 2666 4098 in
2695 4041 2853 4096 vobis
2873 4039 2949 4097 β.»
2986 4034 3158 4090 Audis
3186 4046 3294 4102 quo
3321 4037 3483 4100 pacto

1905 4152 2156 4209 eumdem
2192 4145 2422 4215 impigre
2454 4152 2763 4197 sermonem
2793 4132 3030 4203 repetit,
3084 4127 3261 4199 primo
3293 4135 3486 4191 nempe

1906 4260 2019 4301 non
2049 4241 2296 4320 admisso
2323 4278 2339 4299 ,
2386 4244 2439 4291 et
2478 4246 2678 4288 rursus
2707 4230 2846 4283 alios
2877 4223 3151 4296 parturire
3180 4235 3238 4274 se
3262 4217 3361 4281 ait,
3388 4214 3488 4269 do-

219 4334 382 4401 ήμεῖς
414 4332 472 4385 δὲ
516 4332 691 4402 μωροὶ
732 4330 821 4383 διὰ
848 4328 1113 4402 Χριστόν’
1162 4329 1324 4398 ἡμεῖς
1356 4328 1622 4395 ἀσθενεῖς,
1649 4332 1784 4403 ὑμεῖς

1910 4352 2013 4392 nec
2056 4336 2110 4389 in
2154 4313 2235 4387 eis
2286 4327 2545 4385 formatio
2574 4322 2780 4378 Christi
2809 4314 3136 4375 elucescat?
3170 4311 3364 4367 Sermo
3397 4322 3492 4360 au-

217 4423 279 4528 di
306 4422 556 4528 ἰσχυροίέ
595 4425 757 4494 ἡμεῖς
792 4420 1007 4491 ἄτιμοι,
1056 4419 1214 4491 ὑμεῖς
1264 4420 1321 4474 δὲ
1354 4420 1578 4488 ἔνδοξοι.
1640 4425 1783 4497 Ἀχρ

1913 4438 2024 4485 tem
2054 4426 2109 4480 id
2137 4423 2365 4479 omnino
2414 4427 2634 4491 praestat
2658 4457 2672 4479 ,
2723 4412 3004 4528 att‘ditores
3034 4406 3101 4461 ad
3130 4404 3224 4459 Dei
3253 4414 3493 4456 amorem

2056 4517 2071 4528 .
2107 4516 2162 4528 η.
2219 4515 2229 4526 .
2273 4513 2306 4528 _.
2343 4513 2354 4525 .
2665 4520 2760 4528 *Α
2806 4502 2945 4528 ,λη’
2987 4498 3296 4528 "nmmum

216 4488 473 4588 τῆς
696 4513 789 4568 καὶ
838 4488 1146 4581 πεινῶμεν,
1196 4510 1291 4565 καὶ
1335 4511 1601 4583 διψῶμεν.
1635 4532 1655 4568 ι

1889 4531 1892 4561 ’
1920 4529 1973 4575 et
2007 4517 2073 4573 ad
2103 4513 2309 4572 Christi
2343 4488 2638 4580 imaginem
2665 4520 2760 4576 per
2789 4488 2947 4558 fidem
2987 4498 3318 4554 reformans.

219 4615 300 4668 ἔτι
326 4611 494 4665 πάλιν
521 4610 617 4663 έπὶ
641 4609 853 4671 τούτοις
872 4626 884 4639 ·
927 4627 945 4659 ι
986 4607 1072 4671 Ὠς
1099 4606 1587 4679 περικαθάρματα,
1654 4614 1839 4683 φησὶν,
1881 4613 2221 4685 ἐγενήθημεν
2241 4607 2334 4661 τοῦ
2356 4605 2585 4677 κόσμου,
2602 4602 2818 4655 πάντων
2836 4594 3124 4667 περίψημα
3176 4588 3282 4649 ἕως
3302 4586 3445 4656 ἄρτια
3473 4601 3490 4634 ³

231 4710 401 4780 Ὁρᾷς
428 4706 579 4767 ὅπως
602 4699 671 4773 ἦν
705 4701 955 4763 εὐκλείας
980 4701 1218 4769 ἀμείνων
1256 4701 1531 4771 κοσμικῆς
1548 4739 1564 4761 ,
1604 4700 1694 4756 διὰ
1713 4705 1811 4777 τὴν
1828 4680 1943 4763 ’τοὺ
1965 4680 2217 4775 Σωτῆρος
2239 4700 2490 4768 ἐντολήν;
2512 4696 2585 4751 Τὸ
2612 4695 2667 4747 δὲ
2695 4691 2938 4762 γενναῖον
2963 4688 3020 4739 ὲν
3080 4683 3340 4752 διωγμοῖς
3397 4680 3496 4746 έμ-

222 4799 470 4870 φανίξων
505 4770 658 4864 ἔλεγὲ
682 4811 695 4824 ⁸
735 4813 755 4847 ι
788 4793 883 4858 Τίς
910 4793 1056 4863 ἡμᾶς
1076 4791 1301 4864 χωρίσει
1366 4789 1485 4867 ἀπὸ,
1536 4791 1636 4860 τῆς
1689 4770 1910 4869 ἀγάπης
1944 4796 2039 4852 τοῦ
2070 4770 2341 4866 Χριστοῦ;
2390 4787 2579 4857 Θλίψις
2599 4826 2613 4849 ,
2645 4784 2679 4856 ἢ
2708 4778 3068 4850 στενοχωρία,
3097 4775 3131 4846 ἢ
3163 4773 3431 4842 διωγμὸς,
3462 4770 3495 4841 ἢ

222 4867 404 4963 λιμὸς,
433 4886 793 4961 ῆηγυμνότης,
827 4887 859 4956 ἢ
895 4883 1212 4954 κίνδυνος.ἢ
1242 4882 1488 4953 μάχαιρα
1508 4899 1525 4948 ;
1546 4902 1564 4934 ι
1582 4884 1788 4956 Γράφει
1817 4867 1876 4943 δέ
1898 4891 1992 4944 καὶ
2020 4887 2250 4957 ἑτέροις,
2280 4884 2361 4936 ὅτι
2383 4902 2401 4934 ι
2426 4881 2506 4934 Τὰ
2534 4876 2674 4932 αὐτὰ
2699 4874 2902 4943 λέγειν,
2934 4870 3058 4943 ἐμοὶ
3088 4869 3193 4963 μὲν
3208 4868 3308 4919 οὐκ
3336 4867 3499 4939 dav-qn

228 4950 354 5057 ρδν,
392 4950 525 5051 ὑμῖν
668 4950 947 5046 ἀσφαλές.
981 4996 998 5027 ι
1055 4950 1219 5029 Ἀλλά
1244 4950 1355 5027 ’καί
1418 4950 1688 5037 Γαλάταις
1712 4950 1725 4956 ⁷
1751 4974 1833 5029 ἔτι
1860 4994 1875 5008 ·
1924 4998 1943 5031 ι
1976 4950 2180 5030 Τεκνία
2215 4989 2316 5044 μου
2368 4970 2462 5035 οὒς
2496 4967 2658 5022 πάλιν
2693 4963 2903 5026 ὠδίνω,
2937 4960 3093 5031 ἄχρις
3137 4950 3198 5011 οῦ
3238 4952 3500 5027 μορφωθῇ

223 5045 466 5150 ipa-rbi;
496 5074 553 5126 ὲν
583 5073 733 5141 ὑμῖν.
766 5089 783 5120 ο
829 5067 1074 5130 Ἀκούεις
1098 5066 1248 5129 ὅπως
1270 5062 1575 5145 ἀοκνότατα
1603 5065 1703 5134 μὲν
1725 5067 1815 5123 τὸν
1853 5070 2015 5125 αὑτὸν
2055 5066 2351 5123 ἀνακυκλεῖ
2382 5064 2542 5131 λόγον
2561 5099 2575 5125 ,
2623 5059 2683 5111 ού
2738 5051 3171 5127 παραδεχθέντος
3239 5049 3346 5118 ἀρα
3406 5045 3501 5098 τοῦ

227 5141 473 5241 πρώτου,
509 5166 604 5219 καὶ
634 5165 692 5216 ἐν
722 5164 921 5234 ἀρχαῖς
955 5158 1261 5229 γεγονότος,
1295 5157 1390 5210 καὶ
1425 5142 1492 5210 αὖ
1524 5157 1708 5212 ὼδῖναί
1741 5177 1895 5227 τινας
1923 5159 1981 5218 εὖ
2033 5163 2180 5234 μάλα
2213 5159 2377 5232 φησὶν
2397 5198 2412 5222 ,
2445 5156 2603 5228 ἄχρις
2644 5153 2710 5207 ἂν
2772 5150 2830 5203 ὲν
2873 5147 3056 5210 αὐτοῖς
3117 5144 3151 5213 ὴ
3221 5141 3501 5211 μόρφωσις

227 5228 531 5329 ἀναλάμψῃ
575 5228 854 5326 Χριστοῦ-ς
892 5251 1063 5319 Λόγος
1091 5249 1147 5303 δὲ
1175 5246 1394 5310 πάντως
1457 5248 1487 5300 ό
1545 5246 1739 5302 τούτου
1791 5228 2122 5325 δημιουργὸς
2163 5228 2521 5306 ἀναπλάττων
2571 5244 2651 5305 είς
2703 5238 2982 5311 φιλοθεῖαν
3039 5233 3134 5288 καὶ
3206 5234 3287 5294 είς
3320 5228 3503 5281 εἰκόνα

227 5350 473 5427 Χριστοῦ
494 5348 585 5403 διὰ
606 5346 708 5416 τῆς
737 5344 975 5406 πίστεως
1012 5340 1139 5403 τοὺς
1169 5336 1585 5410 ἀκροωμένους.

314 5441 498 5499 Ἀλλὰ
544 5439 734 5493 ταῦτα
775 5435 974 5489 πάντα
1015 5430 1386 5498 ποιήσουσιν
1431 5430 1579 5500 ὑμῖν
1624 5430 1723 5485 διὰ
1754 5434 1819 5487 τὸ

234 5534 429 5607 ὄνομα
447 5550 591 5605 μου,
627 5529 717 5584 ὅτι
740 5530 852 5583 οὐκ
877 5526 1080 5585 οἴδασι
1107 5522 1215 5577 τὸν
1244 5520 1567 5592 πέμψαντά
1600 5541 1698 5593 με.

305 5626 423 5697 οὐχ
447 5624 644 5696 ἑτέραν
677 5618 896 5674 ἔσεσθαι
927 5618 1039 5683 τοῖς
1063 5613 1342 5670 δυσσεϐεῖν
1369 5613 1646 5684 ἑλομένοις
1680 5615 1822 5670 κατὰ

1998 5428 2118 5495 XV,
2155 5404 2248 5482 Si.
2292 5425 2397 5482 Sed
2426 5425 2541 5478 Irth
2570 5420 2750 5476 omnia
2781 5417 2974 5487 facient
3006 5412 3148 5467 vobis
3176 5418 3385 5480 prapter
3414 5426 3503 5463 no-

1930 5538 2047 5575 men
2079 5535 2250 5572 meum
2272 5561 2285 5582 ,
2321 5518 2446 5585 quia
2481 5512 2719 5568 nesciunt
2754 5523 2871 5562 eum
2908 5504 2999 5576 qui
3035 5502 3181 5556 misit
3220 5517 3322 5555 me.

2001 5610 2223 5665 Nullum
2258 5609 2425 5662 alium
2461 5606 2530 5660 iis
2560 5602 2655 5673 qui
2690 5600 2744 5654 in
2778 5606 3001 5652 sanctos
3033 5593 3316 5664 apostolos
3340 5589 3503 5665 903

2466 5783 2485 5811 ⁶
2512 5779 2689 5835 Galat.
2725 5794 2798 5839 tv,
2834 5776 2921 5830 19.

328 5802 538 5859 ’lCor.
568 5816 645 5866 tv,
688 5798 770 5864 10,
802 5798 884 5851 ll.
962 5796 981 5826 ³
1005 5794 1141 5848 Ibid.
1176 5794 1261 5847 17‘.
1358 5790 1375 5818 ⁸
1399 5792 1555 5846 Ro'n.
1600 5806 1719 5855 vm,
1747 5790 1839 5845 35.
1921 5787 2196 5857 l’Philipp.
2227 5800 2306 5848 ιιι,
2336 5785 2387 5836 ι.

1978 5919 2000 5951 9
