3938 6434
445 386 548 442 ιιι7

1487 379 1544 437 S.
1583 376 1859 435 CYRILLI
1896 370 2369 430 ALEXANDBINI
2406 368 2729 426 ARCIIIEP.

3586 374 3670 431 £08

443 501 613 571 tmpie
660 499 969 571 grassaturi
1021 503 1182 553 erant
1238 505 1564 566 praetextum
1619 494 1737 548 fore
1785 491 1991 548 asserit

2130 488 2238 542 τῶν
2271 489 2445 557 ἁγίων
2476 487 2794 541 ἀποστόλων
2820 484 3219 557 διῖσχυρίζεται
3255 488 3537 559 πρόφασιν,
3565 492 3594 564 ἢ
3622 493 3673 548 τὸ

442 607 607 662 quam
650 608 813 647 suum
857 592 1128 645 duntaxat
1169 604 1393 644 nomen.
1436 586 1669 641 Crimini
1709 585 1855 639 enim
1892 584 2002 637 illm

2132 583 2331 634 οἰκεῖον
2360 581 2531 651 ὄνομα
2562 579 2743 651 μόνον.
2775 578 3071 651 Ἔγκλημα
3103 577 3217 649 γὰρ
3239 581 3391 634 τοῦτο
3415 585 3518 647 τοῖς
3547 587 3667 639 σεϐοη

444 683 541 740 Dei
579 684 895 739 cultoribus
933 699 996 737 ac
1031 682 1170 736 vitio
1200 681 1385 745 datur,
1419 685 1474 733 et
1506 693 1675 733 causa
1711 687 1799 733 est
1830 693 1931 731 cur
1961 677 2030 729 ah

442 777 515 831 iis
552 776 951 846 impuguentur
977 773 1072 845 qui
1113 788 1222 827 non
1261 779 1469 825 norunt
1510 772 1714 841 ipsum.
1751 769 1888 824 Cum
1933 784 2028 821 au-

441 877 551 924 tem
589 868 942 924 manifestum
990 868 1061 922 sit
1103 865 1363 920 omnibus
1410 863 1688 919 nemiuem
1723 862 2027 932 quidquam

441 961 561 1015 sine
595 961 853 1015 mercede
890 973 1187 1028 passurum
1225 962 1456 1026 prepter
1520 954 1690 1009 Deum
1747 953 2028 1022 (illustris

439 1056 589 1110 enim
629 1055 915 1125 proposita
966 1053 1129 1108 nobis
1163 1058 1246 1107 est
1285 1048 1563 1119 corona),
1602 1049 1671 1102 ad
1712 1049 1880 1103 animi
1916 1048 2028 1101 vir-

438 1158 609 1204 tutem
642 1164 840 1204 rursus
870 1148 1149 1211 hortatur,
1181 1161 1247 1201 ac
1278 1145 1552 1200 malorum
1586 1145 1888 1197 tolerantes
1916 1141 2025 1195 elli~

437 1241 549 1305 cit,
584 1230 976 1296 retributionis
1009 1255 1107 1310 spe
1136 1254 1329 1294 eorum
1356 1251 1479 1308 quae
1501 1244 1895 1307 exspectantur
1920 1235 2024 1288 im-

435 1331 766 1401 probitatem
799 1332 1106 1403 depelleus.
1139 1331 1380 1386 Lucrum
1412 1330 1580 1401 igitur
1608 1326 1851 1383 ostendit
1877 1340 2022 1391 esse,

431 1434 485 1477 et
521 1426 825 1494 optandum
877 1440 1098 1495 quoque
1139 1425 1322 1497 ipsum
1374 1421 1722 1492 periculum,
1773 1426 1828 1474 et
1876 1419 2025 1489 quod

400 1492 513 1570 ‘vel
555 1492 672 1571 sola
712 1492 1131 1586 exspectatione
1164 1492 1441 1569 terribile
1488 1510 1821 1582 quibusdam
1876 1517 2019 1573 erat,

2135 675 2317 745 μένοις
2344 673 2497 738 Θεὸν,
2518 674 2615 726 καὶ
2640 672 2734 725 τοῦ
2765 671 3120 742 πολεμεῖσθαι
3144 672 3411 742 πρόφασις
3432 675 3567 746 παρὰ
3580 668 3671 731 τῶν

2129 768 2229 821 οὐκ
2260 766 2481 820 εἰδότων
2515 765 2696 820 αὐτόν.
2747 764 3025 835 Προδήλου
3060 763 3119 816 δὲ
3162 763 3329 827 ὄντως
3370 765 3581 829 ἅπασιν,
3610 769 3671 832 ὡς

2129 863 2228 915 οὐκ
2260 862 2325 916 ἄν
2359 879 2443 924 τις
2478 860 2672 931 ἀμισθὶ
2703 859 2867 913 πάθοι
2890 862 2963 912 ’τι
3013 858 3104 913 διὰ
3131 858 3264 912 Θεὸν
3298 860 3553 930 (λαμπρὸς
3582 865 3673 934 γὰρ

2129 952 2221 1003 ἐπὶ
2244 952 2460 1015 τούτοις
2502 950 2857 1022 προκείσεται
2904 948 3215 1019 στέφανος),
3236 950 3509 1021 ἐπιτρέπει
3537 954 3672 1007 πάλιν

2128 1048 2207 1108 εὗς
2236 1045 2531 1114 εὐτολμίαν
2551 1083 2564 1107 ,
2614 1044 2710 1097 καὶ
2742 1045 3070 1115 καρτερικὸν
3104 1042 3394 1114 ἐργάζεται
3427 1045 3671 1115 φρόνημα.

2125 1142 2191 1209 τῇ
2232 1138 2333 1207 τῆς
2368 1137 2603 1208 ἀμοιϐῆς
2631 1136 2846 1200 ἐλπίδι,
2891 1135 3003 1205 τὴν
3035 1137 3101 1188 ἐκ
3133 1134 3242 1187 τῶν
3275 1134 3485 1190 ἔσεσθαι
3525 1155 3674 1208 προσ-

2125 1230 2451 1300 δοκωμένων
2500 1229 2802 1301 μοχθηρίαν
2843 1227 3308 1298 ἀποκρουόμενος.
3372 1228 3565 1299 Κέρδος
3599 1226 3677 1283 οὖν

2124 1320 2329 1385 ἔδειξε,
2387 1321 2479 1373 καὶ
2532 1319 2684 1382 τέλος
2736 1318 2904 1388 εὐχῆς
2946 1317 3039 1370 καὶ
3086 1316 3220 1371 αὐτὸ
3260 1317 3321 1371 τὸ
3360 1318 3552 1381 δεινὸν,
3596 1321 3677 1374 καὶ

2124 1413 2259 1483 ὅπερ
2290 1407 2360 1483 ἦν
2391 1412 2524 1487 ἴσως
2566 1409 2983 1481 καταναρκῆσαί
3013 1426 3164 1472 τινας
3183 1449 3198 1474 ,
3248 1411 3340 1463 καὶ
3372 1410 3524 1480 μόνον
3546 1410 3677 1480 ἥξειν

2125 1502 2526 1575 πῳσδοκηθέν,
2575 1501 2738 1556 τοῦτο
2761 1501 3018 1573 δείματος
3066 1501 3166 1572 μὲν
3211 1501 3531 1557 ἀπαλλάττει
3557 1521 3677 1558 παν-

439 1609 542 1663 hoc
576 1611 724 1663 omni
768 1617 912 1663 metu
949 1608 1172 1678 quidem
1210 1605 1444 1670 liberat,
1479 1602 1728 1673 illudque
1762 1603 2001 1672 amplect

2121 1598 2232 1661 τὸς,
2272 1595 2597 1665 προσίεσθαι
2624 1612 2682 1648 τε
2717 1594 2812 1647 καὶ
2842 1593 2964 1646 λίαν
2993 1592 3247 1663 ἀσμένως
3277 1593 3549 1647 ἀναπείθει
3570 1596 3677 1663 τοὺς

443 1698 698 1752 hortatur
726 1713 860 1753 suos
894 1697 1224 1766 discipulos.
1262 1695 1420 1751 Unde
1450 1709 1574 1748 cum
1612 1695 1667 1748 in
1701 1692 2000 1749 Judteorun

2124 1688 2390 1759 μαθητάς.
2433 1688 2543 1741 Καὶ¹
2564 1686 2696 1756 γοῦν
2721 1685 3138 1756 εἰσκεκλημένοι
3178 1685 3311 1738 ποτὲ
3342 1685 3475 1756 πρὸς
3504 1686 3558 1739 τὸ
3582 1686 3678 1739 τῶν

437 1792 664 1859 impium
695 1792 993 1847 concilium
1026 1791 1159 1845 olim
1192 1789 1496 1844 introducti
1526 1788 1793 1852 fuissent,
1820 1797 1876 1845 et
1902 1790 2002 1861 pla-

2135 1780 2403 1833 Ἰουδαίων
2419 1778 2634 1832 ἀνόσιον
2659 1778 3060 1848 βουλευτήριον,
3082 1777 3174 1830 καὶ
3196 1777 3433 1848 πληγαῖς
3455 1778 3513 1830 τὸ
3538 1778 3676 1848 σῶμα

425 1886 508 1950 gis
560 1900 624 1940 ae
669 1884 998 1941 verberibus
1039 1883 1221 1939 aﬂ'eeti
1258 1895 1487 1954 prepter
1534 1881 1857 1948 Christum,
1918 1897 2002 1936 ex-

2120 1870 2512 1942 κατῃκισμένοι
2563 1868 2651 1923 διά
2678 1868 2949 1938 Χριστὸν,
2989 1867 3221 1940 ἐξῄεσαν
3257 1869 3367 1922 ἀπὸ
3410 1867 3676 1941 προσώπου

430 1979 614 2032 ierunt
649 1994 679 2033 e
715 1986 1014 2047 conspectu
1060 1978 1285 2032 concilii
1320 1977 1647 2047 gaudentes,
1667 1983 1727 2031 ut
1743 1976 2002 2047 scriptum

2115 1962 2209 2016 τοῦ
2238 1961 2516 2035 συνεδρίου
2545 1962 2828 2033 χαίροντες
2846 2001 2860 2024 ,
2909 1959 3050 2014 κατά
3076 1961 3138 2014 τὸ
3169 1962 3550 2033 γεγραμμένον
3569 2005 3582 2028 ,
3608 1964 3677 2016 ὅτι

426 2075 512 2121 est
539 2107 553 2132 ,
591 2067 857 2138 quoniam
896 2066 1048 2139 digni
1088 2067 1260 2121 habiti
1293 2074 1482 2124 essent
1511 2082 1610 2137 pro
1644 2069 1872 2123 nomine
1906 2067 2002 2122 Do-

2114 2055 2537 2129 κατηξιώθησαν
2591 2056 2733 2127 ὑπὲρ
2777 2054 2871 2108 τοῦ
2905 2056 3171 2125 ὀνόματος
3206 2054 3301 2107 τοῦ
3333 2055 3533 2125 Κυρίου
3576 2056 3677 2109 ἀτι-

429 2160 563 2213 mini
602 2146 994 2215 contumeliam
1038 2160 1150 2230 pati
1205 2160 1246 2214 ⁷.
1293 2158 1434 2225 Quin
1480 2166 1536 2214 et
1586 2158 1748 2214 nobis
1799 2158 2002 2214 idcirco

2116 2148 2415 2218 μασθῆναι.
2475 2149 2587 2201 Καὶ
2635 2148 2742 2219 μὴν
2770 2147 2868 2201 καὶ
2897 2148 3028 2218 ἡμῖν
3060 2148 3250 2211 αὐτοῖς
3284 2147 3574 2220 τληπαθεϊν
3598 2150 3678 2201 ἐπὶ

426 2251 701 2319 patienter
735 2268 898 2322 agere
926 2252 1155 2321 jubent,
1195 2267 1297 2306 nec
1333 2267 1573 2307 mwrore
1606 2252 1804 2306 confici
1827 2293 1842 2318 ,
1879 2253 2011 2308 licet

425 2345 585 2400 triste
609 2344 875 2413 quiddam
907 2353 1165 2399 occurrat
1196 2353 1421 2414 pr0pter
1450 2344 1756 2400 Christum.
1789 2364 1807 2394 ι
1840 2344 2010 2399 Nemo

421 2438 570 2491 enim
601 2445 844 2494 vestrum
877 2438 1144 2508 patiatur,
1191 2437 1405 2507 inquit,
1457 2445 1517 2491 ttt
1564 2437 1841 2492 homicida
1865 2477 1881 2501 ,
1912 2447 2008 2492 aut

423 2529 531 2595 fur,
565 2538 661 2584 aut
694 2531 1019 2600 maleﬁcus;
1053 2533 1101 2587 si
1136 2539 1321 2586 autem
1363 2539 1424 2584 ut
1462 2530 1853 2595 Christianus,
1895 2546 2005 2586 non

418 2622 757 2689 erubescat;
797 2623 1070 2694 gloriﬁcet
1110 2630 1294 2678 autem
1337 2622 1506 2677 Deum
1559 2624 1616 2678 in
1666 2624 1776 2679 isto
1823 2624 2005 2679 nomi-

419 2728 489 2766 ne
524 2713 565 2769 ⁸.
601 2732 619 2765 ι
652 2712 1058 2769 Suavissimum
1106 2714 1277 2785 igitur
1310 2721 1396 2769 est
1435 2715 1546 2784 pati
1586 2723 1811 2785 propter
1844 2713 2005 2769 Chri-

354 2802 361 2808 ’
417 2812 599 2867 stum.
653 2814 708 2860 et
762 2804 926 2861 dulce
976 2805 1328 2875 periculum,
1378 2820 1501 2859 cum
1552 2805 1674 2876 ejus
1728 2805 2004 2863 inferendi

416 2910 588 2952 causa
623 2904 708 2951 est
735 2912 867 2967 erga
896 2895 1077 2952 Deum‘
1101 2896 1343 2951 dilectio.
1383 2892 1523 2950 Vide
1552 2904 1736 2952 autem
1772 2912 1884 2968 quo
1914 2913 2004 2967 pa-

416 2996 509 3041 cto
535 2990 700 3043 etiam
732 2988 1050 3043 hicrursus
1084 2987 1381 3043 ostendens
1411 2989 1651 3058 seipsum
1682 3004 1853 3042 unum
1881 3003 2004 3044 esse

416 3071 541 3133 cum
578 3095 680 3136 suo
708 3078 872 3134 Patre
894 3120 908 3144 ,
935 3078 1156 3135 Judaaos
1184 3080 1267 3133 vel
1293 3080 1619 3150 quicunque
1651 3080 2000 3149 persecuturi

416 3177 548 3222 sunt
583 3169 793 3225 Christi
827 3168 1070 3225 nominis
1109 3185 1396 3240 praecones
1418 3209 1433 3234 ,
1473 3186 1576 3227 nec
1608 3172 1823 3226 Patrem
1847 3212 1862 3237 ,
1896 3187 2000 3227 nec
2030 3207 2072 3261 ο

417 3258 616 3313 Filium
635 3275 972 3328 cognoscere
987 3261 1152 3316 dicat.
1174 3260 1353 3317 Patris
1372 3262 1520 3317 enim
1541 3277 1673 3318 osor
1693 3270 1778 3319 est
1806 3265 2000 3333 procul

415 3352 585 3408 dubio
642 3353 967 3424 quicunque
1014 3351 1213 3407 Filium
1255 3353 1707 3410 inhonorandum
1761 3356 1999 3422 statuit,

416 3461 529 3500 non
557 3448 716 3516 quasi
752 3448 805 3501 iu
837 3447 1000 3501 aliam
1027 3462 1271 3519 peccans
1297 3455 1556 3501 naturam
1578 3485 1593 3511 ,
1618 3446 1713 3503 sed
1743 3447 1796 3500 in
1822 3446 1997 3516 ipsam

414 3538 689 3592 naturalis
723 3538 947 3597 deitatis
979 3538 1305 3611 dignitatem
1336 3539 1780 3593 contumeliosus
1813 3539 1999 3593 insur-

414 3645 572 3699 gens.
605 3628 717 3687 Nec
745 3632 891 3693 enim
927 3631 1223 3701 quisquam
1271 3630 1476 3699 injuria
1528 3629 1732 3684 Filium
1787 3632 2001 3687 allicere

415 3731 698 3791 arguctur,
726 3724 770 3777 si
799 3721 980 3783 Patris
1005 3731 1263 3777 naturam
1292 3731 1616 3780 revereatur
1643 3741 1654 3776 :
1690 3724 1783 3794 qui
1812 3736 1995 3779 autent

414 3814 568 3869 novit
594 3814 857 3885 quidnam
891 3825 1018 3869 actu
1062 3817 1130 3871 sit
1175 3814 1360 3878 Pater,
1394 3815 1669 3884 quomodo
1703 3832 1765 3869 ex
1810 3816 1998 3880 seipse

412 3906 671 3971 genuisse
703 3907 1078 3977 iguoraverit?
1116 3906 1187 3959 At
1225 3906 1352 3977 quis
1393 3907 1637 3977 plantam
1680 3923 1789 3961 non
1825 3908 1997 3962 viola-

411 3997 526 4062 bit,
559 3998 654 4067 qui
696 4001 1027 4068 productum
1062 4015 1128 4052 ex
1160 4015 1221 4053 ea
1255 3998 1497 4053 fructum
1531 3999 1864 4054 violaverit?
1893 4000 1997 4052 Ar-

409 4095 730 4149 gumentum
783 4088 955 4158 igitur
1006 4084 1365 4142 manifestum
1417 4098 1504 4143 est
1555 4106 1681 4143 eum
1737 4089 1997 4160 ignorare

406 4174 623 4230 Patrem
664 4177 760 4246 qui
797 4187 986 4247 peccat
1019 4177 1071 4230 in
1112 4176 1336 4231 Filium.
1373 4178 1509 4232 Cum
1543 4189 1726 4231 autem
1766 4164 1873 4233 non
1908 4179 1994 4235 di—

405 4268 551 4321 xerit
607 4267 696 4321 ltic
729 4286 741 4320 :
782 4288 798 4317 ι
845 4267 984 4335 Quia
1018 4268 1274 4322 nesciunt
1303 4286 1320 4317 ι
1355 4266 1576 4322 Patrem
1613 4285 1792 4322 meum
1825 4311 1839 4335 ,
1897 4274 1993 4328 sed

411 4379 428 4411 ι
461 4376 584 4414 cum
622 4360 717 4430 qui
756 4360 907 4414 misit
945 4376 1061 4423 me,
1086 4379 1115 4419 γι
1148 4350 1255 4414 tale
1283 4359 1418 4429 quid
1465 4361 1809 4418 subinnuere
1857 4367 1995 4423 velle

406 4452 585 4520 ipsutn
621 4452 865 4506 arbitror
911 4470 924 4505 :
959 4467 1164 4522 scapus
1203 4454 1252 4505 ei
1297 4461 1437 4515 erat,
1484 4461 1542 4506 nt
1575 4453 1820 4521 videtur,
1845 4458 1994 4516 clare

2109 2238 2287 2307 τούτῳ
2311 2236 2714 2290 διακελεύονται
2757 2236 2984 2308 σφόδρα,
3013 2236 3481 2306 καταστυγνάζειν
3506 2237 3559 2290 δὲ
3585 2254 3675 2308 μη-

2109 2329 2299 2399 δαμῶς
2318 2371 2330 2392 ,
2378 2328 2482 2382 κᾶν
2513 2327 2671 2400 εἴπερ
2717 2326 2855 2389 ὅλως
2880 2327 2990 2380 τῶν
3022 2326 3269 2400 ἀνιαρῶν
3295 2346 3348 2382 τι
3375 2328 3579 2400 προσίοι
3602 2328 3679 2382 διὰ

2109 2421 2364 2491 Χριστόν.
2414 2440 2432 2471 ι
2467 2419 2560 2491 Μὴ
2593 2419 2702 2493 γάρ
2733 2437 2818 2483 τις
2856 2418 3012 2489 ὑμῶν
3058 2421 3352 2490 πασχέτω,
3387 2421 3572 2489 φησιν,
3613 2420 3677 2484 ὡς

2108 2514 2322 2581 φονεὺς,
2361 2511 2393 2583 ἢ
2424 2511 2685 2582 κλέπτης,
2721 2510 2755 2580 ἢ
2791 2509 3088 2573 κακοποιός
3112 2527 3125 2540 ·
3164 2511 3217 2563 εἰ
3241 2510 3299 2563 δὲ
3336 2509 3413 2573 ὡς
3441 2499 3696 2581 Χριστιαέ

2108 2602 2226 2667 νὸς,
2288 2601 2361 2673 μὴ
2389 2601 2761 2673 αίσχυνέσθω,
2808 2598 3082 2666 δοξαζέτω
3111 2601 3168 2654 δὲ
3198 2601 3293 2654 τὸν
3323 2601 3456 2655 Θεὸν
3502 2599 3587 2653 ἐπὶ
3610 2598 3679 2669 τῷ

2105 2696 2331 2767 ὀνόματι
2371 2694 2562 2766 τούτῳ.
2589 2713 2606 2744 ι
2643 2694 2900 2747 Ἥδιστον
2940 2689 3034 2747 οὖν
3072 2693 3183 2765 ἄρα
3236 2694 3300 2747 τὸ
3347 2694 3571 2763 πάσχειν
3604 2692 3679 2745 διὰ

2105 2788 2341 2861 Χριστὸν
2361 2830 2375 2852 ,
2420 2787 2517 2840 καὶ
2545 2785 2750 2854 γλυκὺς
2781 2786 2809 2838 ὁ
2851 2784 3126 2847 κίνδυνος.
3177 2786 3311 2839 ὅταν
3337 2784 3437 2857 ἔχῃ
3465 2784 3558 2853 τῆς
3593 2784 3678 2849 ἑφ-

2103 2881 2223 2934 όδου
2248 2880 2346 2951 τὴν
2374 2878 2649 2949 πρόφασιν
2692 2875 2752 2940 ἐξ
2780 2876 3003 2945 ἀγάπης
3034 2873 3137 2945 τῆς
3189 2877 3270 2939 εἰς
3297 2875 3453 2929 Θεόν.
3506 2872 3679 2942 Ἀθρει

2104 2974 2161 3026 δὲ
2192 2974 2342 3035 ὅπως
2376 2971 2479 3024 κάν
2521 2969 2695 3039 τούτῳ
2736 2968 2800 3038 δὴ
2836 2966 3001 3022 πάλιν
3046 2968 3376 3031 ἀναδεικνὺς
3421 2965 3602 3019 ἐαυτὸν
3629 2963 3681 3015 ἓν

2106 3064 2243 3136 πρὸς
2270 3063 2361 3117 τὸν
2394 3063 2589 3115 ἐαυτοῦ
2618 3060 2861 3131 Πατέρα,
2898 3059 2972 3130 μὴ
3004 3059 3208 3113 εἰδέναι
3239 3059 3376 3130 φησι
3408 3059 3533 3120 τοὺς
3568 3057 3682 3108 Ἴου-

2104 3155 2310 3219 δαίους,
2338 3156 2458 3225 ἦτοι
2490 3154 2615 3217 τοὺς
2653 3151 2865 3219 διώξειν
2902 3151 3198 3222 μέλλοντας
3225 3194 3237 3216 ,
3293 3153 3423 3214 τοὺς
3450 3150 3602 3217 οἵπερ
3624 3145 3683 3198 ἂν

2106 3240 2215 3298 εἷεν
2252 3244 2312 3298 τὸ
2346 3242 2585 3315 Χριστοῦ
2627 3241 3028 3313 πρεσϐεύοντες
3054 3240 3253 3311 ὄνομα,
3288 3243 3428 3312 μήτε
3456 3239 3543 3293 τὸν
3576 3237 3676 3290 Πα-

2103 3337 2261 3409 τέρα,
2297 3338 2434 3407 μήτε
2458 3336 2549 3388 τὸν
2570 3336 2716 3388 Υίόν.
2741 3335 3080 3405 Μισοπάτωρ
3106 3334 3220 3405 γὰρ
3251 3332 3683 3405 ὁμολογουμένως

2103 3430 2131 3482 ὁ
2159 3430 2358 3499 χρῆναι
2398 3428 2509 3480 δεῖν
2544 3425 2832 3497 ἀτιμάζειν
2885 3427 3132 3496 οἰόμενος
3162 3426 3261 3479 τὸν
3294 3426 3426 3479 Υἱὸν
3449 3467 3462 3488 ,
3500 3425 3594 3494 οὐχ
3617 3421 3681 3482 ὡς

2104 3523 2183 3584 εἰς
2219 3519 2412 3590 ἑτέραν
2462 3519 2519 3572 δὲ
2566 3518 2809 3590 δηλονότι
2840 3517 3269 3589 ’πλημμελήσας
3326 3518 3526 3587 φύσιν,
3580 3514 3683 3568 ἀλλ’

2102 3613 2183 3675 είς
2216 3611 2348 3665 αὐτὸ
2386 3610 2445 3664 τὸ
2485 3611 2586 3680 τῆς
2633 3608 2777 3663 κατὰ
2816 3609 2980 3678 φύσιν
3034 3608 3299 3680 θεότητος
3351 3605 3683 3680 ἐμπαροινῶν

2102 3703 2340 3774 ἀξίωμα.
2389 3700 2526 3755 Οὐδὲ
2567 3700 2676 3772 γὰρ
2718 3701 2784 3755 ἂν
2826 3702 2942 3772 ἥλω
2989 3718 3075 3765 τις
3124 3700 3437 3774 ἐξυϐρίζων
3478 3703 3555 3763 είς
3602 3697 3685 3750 τὸν

2101 3794 2265 3859 Υἱὸν,
2302 3796 2352 3847 εί
2389 3795 2486 3866 τὴν
2519 3793 2614 3847 τοῦ
2652 3793 2869 3864 Πατρὸς
2903 3793 3234 3864 ἐδυσωπήθη
3269 3793 3436 3862 φύσιν
3463 3808 3475 3820 ·
3530 3793 3683 3859 ἐγνω-

2102 3887 2215 3951 κὼς
2240 3887 2296 3940 δὲ
2332 3888 2470 3951 ὅλως
2514 3886 2565 3940 τί
2594 3889 2715 3940 κατ’
2741 3887 3021 3957 ἐνέργειάν
3054 3890 3205 3939 ἐστιν
3242 3889 3272 3940 ὁ
3308 3885 3532 3955 Πατὴρ,
3581 3882 3686 3943 πῶς

2098 3981 2369 4051 ἠγνόησεν
2415 3981 2497 4033 ὅτι
2545 3979 2878 4050 γεγέννηκεν
2904 3979 2964 4043 ἐξ
3010 3978 3256 4043 ἐαυτοῢ;
3311 3975 3449 4032 Εἶτα
3495 3976 3573 4039 τίς
3596 3974 3687 4043 οὐχ

2100 4072 2311 4144 ὐ6ρίσει
2344 4072 2405 4125 τὸ
2436 4072 2602 4142 φυτὸν
2622 4113 2636 4137 ,
2667 4072 2758 4125 τὸν
2790 4069 2849 4136 ἐξ
2878 4069 3044 4124 αὐτοῦ
3079 4072 3425 4142 γεννηθέντα
3449 4069 3688 4124 κακύνων

2099 4167 2352 4236 καρπόν;
2393 4166 2644 4234 Ἀγνοίας
2685 4160 2777 4219 οὖν
2815 4164 2925 4237 ἄρα
2954 4166 3053 4235 τῆς
3089 4166 3170 4228 εἰς
3210 4166 3308 4219 τὸν
3334 4165 3562 4234 Πατέρα
3599 4157 3684 4214 καὶ

2097 4259 2231 4313 Θεὸν
2260 4256 2535 4322 ἀπόδειξις
2552 4256 2652 4310 οὐκ
2680 4256 2987 4328 ἀμφίλογος
3008 4259 3042 4328 ἡ
3060 4259 3139 4322 είς
3157 4259 3256 4311 τὸν
3279 4259 3412 4312 Υἱὸν
3436 4256 3685 4329 ἁμαρτία.

2111 4351 2330 4423 Ἐπειδὴ
2361 4351 2535 4403 δὀὐκ
2561 4349 2663 4421 ἔφη
2689 4350 2829 4414 νυνὶ,
2859 4348 3017 4403 «Ὅτι
3039 4351 3139 4404 οὐκ
3164 4351 3380 4406 οἴδασι)
3411 4352 3505 4404 τὸν
3534 4347 3693 4404 Πατέ-

2101 4467 2169 4521 ρα
2198 4466 2323 4520 μου,
2348 4447 2484 4502 ἀλλά
2519 4467 2537 4500 ι
2566 4447 2657 4501 τὸν
2685 4447 2983 4519 πέμψαντά
3014 4465 3101 4517 με,
3137 4467 3157 4499 ι
3197 4448 3351 4502 δοκῶ
3379 4467 3431 4502 τι
3461 4445 3692 4501 τοιοῦτον

408 4543 701 4597 ostendere
726 4558 822 4598 eos
856 4542 949 4612 qui
983 4542 1294 4611 discipulos
1327 4557 1458 4598 suos
1491 4546 1747 4613 persequi
1782 4555 1993 4604 statue~

2105 4542 2261 4596 αὐτὸν
2283 4540 2698 4594 ὐπαινίττεσθαι
2731 4540 2931 4594 θέλειν
2964 4542 3195 4608 Σκοπὸς,
3233 4544 3314 4606 ὡς
3344 4544 3524 4597 ἔοικεν
3555 4538 3692 4609 αὐτῷ

408 4646 564 4703 rent,
606 4636 884 4706 duplicem
926 4634 1342 4706 quodammodo
1384 4635 1513 4690 hinc
1560 4638 1676 4692 suis
1716 4640 1997 4709 capitibus

405 4730 619 4797 culpam
663 4744 969 4787 arcessere.
1008 4714 1426 4797 Propemodum
1448 4729 1594 4783 enim
1630 4730 1796 4804 904
1834 4734 1994 4803 igno-

406 4834 531 4873 rare
568 4818 784 4872 Patrem
824 4834 1001 4873 tneum
1040 4804 1778 4894 deprchendemur,‘neqtte
1809 4826 1990 4880 solum

404 4910 708 4980 impietatis
742 4911 866 4977 jure
897 4901 1320 4975 convinceutur,
1360 4913 1453 4967 sed
1491 4920 1545 4967 et
1583 4914 1756 4983 ipsam
1803 4915 1894 4972 Dei
1928 4933 1992 4973 ac

404 5002 587 5057 Patris
620 5001 953 5075 sapientiam
997 5002 1253 5059 incusare
1284 5004 1504 5060 demmn
1546 5010 1986 5076 comperientur.

406 5094 463 5146 Si
494 5094 641 5148 enim
672 5091 956 5162 proprium
991 5091 1190 5148 Filium
1225 5094 1291 5149 ad
1331 5096 1625 5168 erigendos
1662 5099 1881 5168 lapsos,
1920 5100 1991 5155 ad

404 5186 787 5242 restituendos
824 5187 1095 5244 contritos
1122 5194 1176 5242 et
1200 5190 1368 5244 vitam
1397 5190 1722 5246 hominibus
1748 5191 1991 5247 dandam

402 5276 659 5341 miserit,
697 5276 773 5329 illi
809 5292 941 5331 vero
972 5289 1258 5349 opponant
1310 5296 1404 5346 se,
1456 5282 1777 5336 resistendo
1822 5284 1992 5353 impie

402 5369 473 5427 iis
502 5370 594 5440 qui
630 5377 711 5425 tot
744 5370 1010 5425 bonorum
1061 5382 1349 5425 auctorem
1401 5372 1704 5444 praedicare
1748 5375 1982 5442 volunt,

400 5462 680 5531 quomodo
718 5478 826 5517 non
864 5463 1012 5518 clare
1043 5464 1445 5518 convincentur
1482 5464 1646 5517 etiam
1706 5465 1985 5522 adversari

402 5555 452 5613 ei
483 5554 575 5624 qui
611 5572 697 5610 me
729 5554 927 5611 misit?
958 5554 1095 5608 Nam
1129 5554 1375 5609 mittendi
1408 5555 1581 5611 verbo
1616 5564 1795 5610 totum
1823 5560 1986 5616 nobis

404 5647 801 5705 incarnationis
828 5647 1157 5717 mysterium
1182 5646 1479 5717 signiﬁcat.
1511 5646 1614 5714 Qui
1650 5658 1829 5704 autem
1860 5667 1982 5707 eum

470 5821 634 5881 Ἀρι.
665 5838 717 5891 v,
748 5822 837 5879 4|.
913 5820 1146 5880 ‘chtr.
1197 5839 1247 5891 γ,
1293 5823 1379 5881 15.

2095 4636 2223 4699 τοὺς
2272 4633 2334 4687 τὸ
2383 4631 2602 4687 διώκειν
2647 4633 3070 4704 ἐπιτηδεύοντας
3115 4636 3247 4699 τοὺς
3299 4636 3694 4705 ἀνακειμένους

2094 4726 2272 4798 αὐτῷ,
2309 4725 2534 4781 διπλοῦν
2562 4725 2752 4799 ὥσπερ
2785 4725 3036 4780 ἐντεῦθεν
3064 4727 3125 4779 τὸ
3152 4729 3549 4800 παρανόμημα
3583 4727 3693 4785 ταῖς

2092 4819 2301 4872 ἑαυτῶν
2335 4818 2691 4890 ἐπαρτῶντας
2718 4818 2981 4886 κεφαλαῖς
3004 4814 3310 4888 ἀπελέγξαί
3339 4820 3549 4890 σαφῶς.
3587 4817 3693 4871 Μό-

2089 4930 2181 4966 νον
2205 4912 2315 4984 γάρ
2338 4913 2460 4983 οὐχὶ
2481 4910 2801 4982 ἀγνοοῦντες
2819 4911 3120 4966 ἁλώσονται
3148 4914 3244 4965 τὸν
3271 4913 3333 4980 ἐξ
3361 4910 3536 4983 οὗπερ
3562 4909 3689 4981 εἰμὶ,

2088 5005 2209 5059 οὐδὲ
2253 5006 2421 5076 μόνην
2467 5005 2567 5075 τὴν
2597 5005 2685 5056 ἐπ’
2729 5003 2984 5075 ἀθεότητι
3024 5005 3206 5076 ψῆφον
3256 5003 3693 5074 ἀποκομιοῦιται

2088 5098 2334 5163 δικαίως,
2354 5097 2490 5151 ἀλλά
2513 5096 2741 5170 γὰρκαὶ
2762 5100 2899 5170 αὐτῇ
2928 5099 3114 5153 λοιπὸν
3146 5100 3529 5171 ἐπιτιμῶντες
3552 5100 3694 5167 εὐρε-

2089 5192 2346 5262 θήσονται
2380 5194 2445 5262 τῇ
2496 5190 2655 5263 σοφίᾳ
2685 5191 2779 5245 τοῦ
2827 5192 2962 5245 Θεοῦ
3018 5192 3113 5246 καὶ
3153 5193 3403 5265 Πατρός.
3484 5194 3547 5246 Εἰ
3593 5190 3697 5259 γὰρ

2088 5283 2304 5353 ἔπεμψε
2337 5284 2435 5353 μὲν
2466 5284 2556 5336 τὸν
2583 5283 2713 5338 tam
2748 5283 2880 5338 Υἱὸν
2920 5284 3227 5356 ἐγερούντα
3262 5285 3327 5338 τὸ
3362 5282 3692 5354 ὡλισθηκὸς,

2093 5375 2493 5429 ἀνακαινοῦντα
2525 5375 2585 5428 τὸ
2619 5375 3078 5447 συντετριμμένον
3099 5417 3113 5440 ,
3166 5375 3607 5447 κατορθώσοντά
3636 5390 3693 5425 τε

2092 5470 2206 5529 τοῖς
2236 5468 2294 5521 ἐν
2337 5468 2527 5540 κόσμῳ
2555 5467 2653 5539 τὴν
2689 5468 2866 5540 ζωὴν,
2920 5467 3287 5537 ἀντεξάγουσι
3328 5470 3433 5538 μὲν
3470 5468 3693 5526 ἐκεῖνοι,

2095 5560 2190 5612 καὶ
2219 5560 2643 5630 ἀντιπράττουσι
2676 5560 2968 5627 δυσσεϐῶς
3004 5563 3117 5625 τοῖς
3156 5561 3560 5633 διακηρύττειν
3585 5555 3699 5610 ἐθέ-

2094 5653 2244 5708 λουσι
2274 5653 2362 5708 τὸν
2388 5655 2577 5710 τούτου
2613 5654 2966 5727 κατορθωτὴν
2987 5696 3000 5721 ,
3042 5653 3158 5717 πῶς
3194 5655 3261 5707 οὐ
3295 5652 3424 5709 λίαν
3456 5645 3698 5721 ἐναργῶς
