3938 6412
192 395 299 451 609

1277 399 1350 457 IN
1384 399 1675 459 JOANNIS
1713 403 2172 464 EVANGELIUM
2215 406 2345 481 LIB.
2391 405 2458 462 Χ.

3363 403 3468 461 ιιο

190 514 529 584 ἠγνοηκότες
551 515 855 571 ἁλώσονται
884 517 978 571 καὶ
1018 517 1168 589 αὐτῷ
1201 520 1501 589 μαχόμενοι
1527 518 1606 590 τῷ
1636 521 1783 591 πέμ-

1901 532 2110 593 .gnorat
2137 525 2234 596 qui
2273 525 2458 589 misit,
2499 523 2666 578 simul
2699 523 2860 578 etiam
2900 522 3070 578 Deum
3110 522 3367 593 ignorat,
3416 531 3471 577 et

187 604 353 671 ψαντί
376 623 447 675 με
474 622 489 664 ;
514 608 613 660 Διά
636 606 747 677 γὰρ
776 607 871 660 τοῦ
903 609 1239 678 πέμπεσθαι
1271 609 1472 678 λέγειν,
1498 610 1627 679 ὃλην
1649 613 1780 682 ἡμῖν

1890 615 2178 671 missionis
2213 616 2519 670 contemnit
2554 615 2902 686 mysterium.

108 706 111 711 '
189 694 286 761 τῆς
317 693 462 763 μετὰ
492 696 696 766 σαρκὸς
722 698 1033 767 οἰκονομίας
1063 700 1365 768 εἰσκομίζει
1394 699 1493 769 τὴν
1518 700 1771 770 δήλωσιν.
1824 702 1883 755 '0
1911 703 1969 757 δὲ
1999 705 2286 776 ἡγνοηκὼς
2318 707 2412 759 τὸν
2479 705 2774 777 πέμψαντα
2797 745 2812 770 ,
2869 705 2967 759 καὶ
3028 705 3161 759 Θεὸν
3208 705 3474 776 ἠγνόηκεν

192 787 245 839 ἐν
268 788 457 858 ταυτῷ
474 832 489 854 ,
527 790 621 843 καὶ
648 790 711 843 τὸ
730 791 832 860 τῆς
856 791 1162 861 ἀποστολῆς
1183 792 1438 863 ἀτιμάζει
1465 795 1784 863 μυστήριον.
1857 861 1865 868 θ

259 883 332 935 Εἰ
364 882 455 950 μὴ
487 882 806 952 ἦλθον,καὶ
822 883 1101 951 ἐλάλησα
1126 884 1332 951 αὐτοῖς
1363 886 1661 955 ἁμαρτίαν
1682 888 1795 939 οὐκ

185 971 486 1040 sileam"
525 974 643 1028 νῦν
680 975 749 1028 δὲ
790 976 1093 1046 πρόφασιν
1126 978 1239 1030 οὐκ
1280 975 1495 1045 ἔχουσι
1527 976 1796 1046 περὶτῆς

190 1066 488 1134 ἁμαρτίας
518 1066 740 1122 αὐτῶν.

258 1158 400 1227 Διχῆ
443 1159 666 1230 νοητέον
687 1160 746 1212 τὸ
779 1160 844 1212 ἐκ
875 1158 984 1212 τῶν
1016 1157 1397 1230 προκειμένων
1429 1158 1797 1229 ὑποδηλούμε·

194 1266 302 1302 νον.
355 1249 423 1301 Ei
461 1250 573 1320 γὰρ
612 1250 780 1303 οἴοιτό
813 1268 897 1313 τις
927 1251 1089 1321 τυχὸν
1120 1251 1256 1322 πρὸς
1299 1250 1572 1321 Ἕλληνάς
1601 1268 1659 1303 τε
1698 1251 1793 1303 καὶ

206 1339 507 1402 Ἰουδαίους
538 1340 630 1392 τὸν
656 1340 749 1393 ἐπὶ
775 1339 950 1411 τούτῳ
978 1340 1233 1409 γενέσθαι
1263 1341 1420 1409 λόγον
1441 1382 1455 1405 ,
1487 1341 1661 1394 ἐκεῖνό
1690 1357 1792 1408 φα-

198 1447 318 1501 μεν,
344 1431 426 1494 ὡς
453 1432 503 1483 εί
529 1432 606 1504 μὴ
645 1432 890 1500 ἐγεγόνει
920 1432 1055 1503 πρὸς
1086 1433 1333 1495 ἅπαντας
1357 1433 1483 1495 τοὺς
1512 1432 1670 1495 ὄντας
1699 1433 1793 1486 ἐπὶ

194 1524 295 1594 τῆς
323 1527 435 1595 γῆς
466 1524 529 1577 τὸ
568 1525 712 1578 θεῖόν
739 1542 799 1578 τε
833 1524 927 1578 καὶ
953 1524 1203 1595 οὐράνιον
1231 1524 1493 1595 κήρυγμα
1517 1565 1531 1588 ,
1558 1523 1701 1593 φημί
1730 1522 1795 1593 δὴ

198 1617 261 1669 τὸ
293 1616 681 1684 εὐαγγελικδν,
717 1616 1113 1688 παραδεικνύον
1144 1614 1358 1685 ἑκάστῳ
1388 1615 1485 1686 τῆς
1517 1613 1790 1684 σωτηρίας

201 1707 299 1776 τὴν
330 1708 489 1775 ὁδὸν,
543 1708 640 1763 καὶ
666 1708 735 1763 τὰ
765 1710 863 1779 τῆς
887 1707 1237 1778 δικαιοσύνης
1262 1706 1399 1778 ἔργα
1431 1706 1789 1759 καταλευκαῖ-

200 1816 289 1853 νον
311 1839 327 1862 ,
357 1795 431 1871 ἦν
463 1799 533 1854 ἂν
559 1800 692 1863 ἴσως
721 1800 937 1871 ἑκάστῳ
959 1800 1115 1868 λόγος
1140 1800 1240 1853 οὐκ
1273 1798 1503 1868 ἀσθενὴς
1527 1798 1607 1860 εἰς
1645 1813 1789 1866 παρ-

1964 883 2081 945 XV.
2124 885 2215 940 29..
2260 886 2320 941 Si
2350 904 2450 940 non
2480 887 2729 940 venissent
2755 925 2768 945 .
2795 894 2844 940 et
2877 885 3085 939 locutus
3115 885 3333 955 fuissem
3361 889 3467 950 eis,

1892 988 2171 1047 peccatum
2214 997 2317 1032 non
2357 981 2609 1034 haberent
2638 995 2654 1030 :
2692 995 2831 1032 nunc
2867 988 3044 1032 autem
3078 980 3474 1033 excusationem

1890 1084 1995 1122 non
2023 1068 2218 1121 habent
2246 1069 2310 1123 de
2333 1080 2550 1139 peccato
2575 1086 2690 1123 suo.

1968 1158 2268 1228 Dupliciter
2304 1160 2393 1212 hic
2429 1160 2584 1214 locus
2627 1160 3022 1229 intelligendus
3072 1167 3178 1214 est.
3239 1158 3296 1213 Si
3348 1159 3474 1228 quis

1890 1252 2038 1306 enim
2098 1250 2281 1305 forsan
2325 1251 2604 1305 existimet
2644 1252 2709 1305 ad
2752 1250 2976 1306 Graecos
3011 1260 3064 1306 et
3101 1249 3322 1305 Judzeos
3361 1251 3476 1304 ha-c

1892 1343 2057 1396 verba
2098 1343 2373 1411 pertinere
2395 1383 2410 1403 .
2448 1342 2684 1397 dicimus
2715 1344 2864 1413 quod
2899 1344 3007 1397 nisi
3042 1343 3106 1395 ad
3140 1358 3333 1396 omnes
3360 1357 3475 1395 om-

1892 1433 2026 1487 nino
2061 1433 2316 1489 homines
2352 1433 2541 1487 diviua
2572 1441 2625 1488 et
2657 1434 2899 1488 t-(elestis
2933 1433 3282 1503 praedicatio.
3312 1449 3477 1487 evan-

1896 1525 2069 1594 gelica
2104 1526 2360 1579 nimirum
2386 1565 2402 1590 ,
2436 1526 2579 1579 facta
2609 1534 2789 1590 esset,
2833 1526 3140 1581 ostendens
3176 1524 3477 1591 unicuique

1896 1616 2043 1670 viam
2100 1617 2338 1680 salutis,
2388 1624 2443 1669 et
2491 1616 2724 1684 iustitiae
2758 1631 2925 1685 opera
2971 1615 3293 1682 explicans,
3331 1624 3477 1669 esset

1897 1708 2087 1763 forsan
2122 1709 2342 1763 virtutis
2376 1707 2859 1776 contemptoribus
2907 1707 3289 1761 excusationis
3335 1708 3479 1758 ratio

1899 1817 2009 1855 non
2076 1799 2330 1864 inﬁrma,
2380 1799 2529 1869 quod
2593 1799 2815 1869 penitus
2874 1799 3130 1868 ignorent
3183 1798 3316 1868 quid
3364 1796 3476 1851 Dt'O

198 1893 424 1963 αἰτησιν
445 1892 559 1946 τῶν
599 1893 660 1946 οὐ
696 1892 898 1964 σφόδρα
924 1891 1325 1963 φιλεργούντων
1372 1892 1451 1953 είς
1478 1888 1678 1962 ἀρετὴν
1699 1927 1715 1953 ,
1754 1890 1787 1958 ἡ

1901 1893 2123 1961 placeat,
2173 1890 2405 1959 ideoque
2441 1890 2656 1942 veniam
2689 1897 2872 1958 petere
2920 1888 3153 1957 possint.
3204 1888 3341 1940 Cum
3376 1902 3475 1938 au-

197 1979 306 2033 τῶν
349 1981 705 2052 ἀρεσκόντων
748 1981 867 2052 Θεῷ
914 1979 1186 2049 παντελὴς
1233 1979 1442 2050 ἀμαθία
1467 1997 1478 2009 ·
1514 1979 1687 2050 ταύτῃ
1712 1995 1794 2030 τοι

199 2068 540 2140 συγγνώμης
576 2068 859 2134 ἀξιοῦσθαι
892 2071 1251 2142 παρακαλεῖν.
1314 2069 1534 2141 Ἐπειδὴ
1566 2069 1622 2123 δὲ
1657 2070 1795 2142 πρὸς

201 2161 453 2225 ἃπαντας
484 2164 515 2216 ὁ
540 2164 639 2233 τῆς
670 2164 1008 2234 εἰσηγήσεως
1051 2160 1208 2230 λόγος
1239 2160 1573 2232 πεποίηται,
1622 2158 1703 2221 τίς
1728 2156 1794 2211 ἂν

202 2255 285 2325 εἴη
325 2255 520 2308 λοιπὸν
566 2255 597 2308 ό
629 2255 730 2325 τῆς
772 2254 1157 2325 παραιτήσεως
1198 2252 1391 2321 λόγος,
1444 2250 1681 2321 ῆποίοις
1728 2247 1793 2302 ἂν

203 2343 470 2417 χρήσαιτό
514 2361 596 2408 τις
623 2348 759 2414 πρὸς
790 2343 879 2397 τὸν
903 2343 1155 2414 κρίνοντα
1188 2342 1366 2413 λόγοις
1387 2382 1400 2405 ,
1438 2342 1532 2394 ἐπὶ
1566 2341 1678 2404 τοῖς
1708 2340 1793 2391 αἰ-

205 2437 449 2508 σχίστοις
503 2436 643 2506 μετά
680 2437 779 2503 τὴν
818 2434 1021 2504 γνῶσιν
1067 2433 1588 2507 κατηγορούμενος;
1632 2435 1696 2487 Εἰ
1737 2432 1795 2487 δέ

204 2528 331 2598 περὶ
361 2528 545 2598 μόνων
577 2527 727 2594 λέγοι
751 2526 900 2579 τουτὶ
920 2527 1028 2579 τῶν
1075 2525 1341 2581 Ἰουδαίων
1375 2528 1402 2580 ό
1434 2525 1662 2598 Κύριος,
1699 2522 1793 2578 ἅτε

203 2620 264 2691 δὴ
302 2620 401 2673 καὶ
433 2618 696 2682 πολλάκις
726 2618 1558 2693 ἀκροασαμένωνδιδάσκοντος,
1587 2618 1680 2671 καὶ
1705 2616 1794 2669 ού-

202 2712 286 2765 δὲν
312 2711 668 2782 ὴγνοηκότων
698 2710 807 2765 τῶν
828 2712 929 2765 ὅσα
958 2711 1336 2765 διεκελεύσατο
1363 2713 1579 2782 φρονεῖν
1611 2727 1669 2763 τε
1700 2708 1823 2763 καὶ-

203 2804 357 2875 δρᾷν,
396 2802 593 2874 ἐκδέξη
621 2802 868 2857 τοιῶσδεσ
900 2804 1012 2874 Τῆς
1046 2804 1145 2873 μὲν
1178 2804 1446 2874 ὑμετέρας
1464 2802 1564 2855 οὐκ
1588 2800 1797 2876 ἀνέξοντ

204 2913 290 2951 ται
318 2894 466 2948 διδαι
483 2894 705 2958 καλίας,
752 2896 949 2964 φησὶν,
1000 2895 1282 2949 ἐποίσουσι
1321 2895 1376 2948 δὲ
1430 2894 1791 2964 πειρασμοὺς,

206 2987 298 3042 καὶ
316 2986 618 3057 διωγμοὺς,
632 2987 729 3042 καὶ
746 2988 853 3040 πᾶν
875 2983 1012 3050 εἶδος
1036 2988 1166 3056 ὑμῖν
1184 2989 1336 3058 ἐννοή
1346 3004 1496 3049 σουσι
1522 2983 1793 3055 θορύϐων,

207 3080 298 3135 καὶ
340 3080 425 3143 εἰς
472 3081 627 3149 μῖσος
672 3078 857 3133 ἄδικον
899 3081 963 3131 ἐκ
1018 3078 1245 3149 πικρίας
1301 3076 1792 3147 ἀνακαυθήσονται,

208 3169 596 3241 πλημμέλημα
628 3170 728 3240 μὲν
760 3170 912 3224 οὐδὲν
940 3169 1151 3240 ἔχοντες
1183 3170 1357 3221 εἰπεῖν
1380 3209 1395 3233 ,
1433 3166 1794 3236 ἐγκαλοῦντες

1899 1989 2006 2035 tem
2042 1978 2311 2035 doctrinae
2343 1995 2526 2034 sermo
2558 1979 2623 2032 ad
2656 1994 2853 2034 omnes
2890 1979 3160 2049 pertineat
3182 2005 3201 2041 ,-
3224 1992 3475 2047 quamam

1897 2073 2114 2127 demum
2152 2074 2255 2126 erit
2297 2072 2603 2128 excusandi
2659 2071 2843 2135 ratio,
2894 2080 2988 2124 aut
3039 2071 3246 2140 quibus
3299 2069 3479 2124 verbis

1897 2166 2038 2235 apud
2075 2164 2324 2220 Iudicem
2378 2173 2618 2231 utemur,
2672 2164 3129 2234 turpissimorum
3180 2162 3477 2217 criminum

1896 2267 2023 2328 post
2076 2257 2453 2328 cognitionem
2502 2256 2817 2326 postulati?
2852 2254 3011 2321 Quod
3058 2254 3103 2308 si
3158 2254 3225 2308 de
3273 2252 3481 2307 Iudaeis

1897 2355 2109 2399 tantum
2148 2347 2252 2400 hoc
2281 2346 2432 2399 dicat
2463 2344 2763 2408 Dominus.
2795 2352 2988 2414 utpote
3036 2343 3129 2414 qui
3182 2358 3329 2412 saepe
3383 2342 3481 2395 do-

1897 2446 2115 2492 centeni
2148 2438 2329 2507 ipsum
2368 2437 2701 2503 audierant,
2737 2437 2991 2506 nihilque
3018 2437 3359 2506 ignorabant
3384 2450 3480 2489 eo-

1897 2545 2017 2583 rum
2051 2544 2171 2598 quze
2207 2529 2415 2583 sentire
2447 2537 2543 2582 aut
2578 2528 2757 2583 facere
2778 2529 3025 2597 jusserat
3046 2567 3061 2592 ,
3096 2529 3152 2582 in
3182 2528 3330 2582 hunc
3360 2544 3481 2583 mo-

1896 2619 2025 2675 dum
2058 2619 2297 2689 accipies
2322 2638 2335 2673 :
2364 2617 2614 2674 Vestram
2648 2618 2957 2674 doctrinam
2989 2632 3099 2672 non
3145 2617 3350 2682 ferent,
3395 2618 3482 2670 in-

1894 2719 2036 2790 quit,
2072 2715 2168 2771 sed
2217 2714 2550 2769 tentationcs
2580 2722 2633 2768 et
2664 2714 3086 2784 persecutiones
3134 2713 3479 2774 excitabant,

1891 2817 1945 2863 et
1974 2808 2184 2861 nullum
2219 2820 2327 2860 non
2366 2804 2605 2873 lapidem
2633 2804 2685 2857 in
2712 2820 2807 2857 vos
2849 2802 3170 2864 movebunt,
3196 2809 3251 2857 et
3281 2802 3473 2870 iniquo

1896 2901 1953 2954 in
1999 2914 2097 2955 vos
2133 2898 2411 2954 ardebunt
2459 2897 2623 2964 odio,
2674 2896 2807 2950 nihil
2854 2897 3004 2950 aliud
3052 2896 3275 2950 crimini
3322 2897 3482 2953 vobis

1896 2991 2125 3053 dantes,
2160 2991 2267 3046 nisi
2302 2989 2449 3061 quod
2484 3005 2572 3043 me
2601 2988 2867 3059 diligatis.
2907 2985 3015 3041 Sed
3049 2986 3481 3043 furiosissimam

1897 3096 2051 3137 suam
2083 3081 2470 3136 crudelitatem
2516 3080 2646 3133 fuco
2680 3080 2973 3133 verborum
3008 3086 3291 3149 tegentes,
3326 3087 3381 3134 et
3416 3080 3484 3133 Ii-

1896 3173 2103 3228 bidinis
2129 3188 2247 3229 sua:
2301 3172 2563 3242 probrum
2597 3170 2908 3238 diluentes,
2952 3170 3146 3225 Mosen
3194 3171 3384 3240 utique
3431 3181 3487 3226 et

206 3260 259 3318 δὲ
308 3263 482 3333 μόνην
518 3262 739 3333 ἀγάπην
769 3263 868 3333 τὴν
915 3264 994 3326 είς
1028 3263 1147 3332 ἐμέ.
1192 3261 1695 3331 Κατασοφιζόμενὸι
1735 3259 1793 3313 δέ

1901 3265 2138 3321 Mosaica
2197 3265 2454 3320 mandata
2508 3264 2830 3331 proferent,
2884 3278 2952 3318 ac
3009 3266 3206 3335 patriis
3266 3265 3484 3335 legibus

207 3352 395 3426 ὥσπερ
418 3355 521 3423 τῆς
550 3354 762 3407 ἑαυτῶν
794 3354 1049 3418 ἀπονοίας
1082 3353 1179 3425 τὴν
1202 3355 1483 3426 ὡμότητα,
1515 3356 1611 3407 καὶ
1631 3354 1691 3407 τὸ
1729 3354 1794 3406 ἐκ

207 3449 303 3517 τῆς
334 3445 672 3518 ἡδυπαθείας
721 3442 908 3516 αἶσχος
962 3446 1420 3518 ἀποτριϐόμενοι,
1483 3444 1690 3499 Ιίἱωσέα
1730 3443 1794 3515 δὴ

208 3538 429 3601 πάντως
473 3536 875 3608 προῦαλοῦνται
920 3536 1014 3589 καὶ
1036 3536 1105 3589 τὰ
1141 3536 1406 3600 Μωσέως,
1439 3535 1796 3601 συνασπίζειν

207 3631 261 3684 δὲ
286 3630 481 3699 ὥσπερ
522 3630 636 3687 τοῖς
668 3626 941 3700 πατρῴοις
968 3629 1387 3696 ὑποκρινοῦνται
1415 3627 1601 3697 νόμοις
1624 3644 1638 3658 ·
1680 3627 1796 3682 ἀλλ’

206 3724 254 3777 εἰ
296 3721 399 3792 μὲν
443 3721 520 3791 μὴ
551 3718 723 3775 ἐλθὼν
757 3723 855 3791 τῆς
892 3721 979 3775 διὰ
1006 3720 1251 3782 Μωσέως
1297 3718 1517 3790 ἐντολῆς
1561 3720 1620 3773 ού
1654 3737 1797 3790 παρ-

209 3814 384 3877 έδειξα
416 3812 486 3865 τὰ
511 3811 783 3883 βελτίονα,
812 3813 859 3863 εἰ
885 3812 957 3882 μὴ
981 3812 1067 3869 διὰ
1096 3811 1306 3864 πολλῶν
1331 3810 1800 3882 πεπληροφόρηκα
1850 3822 1866 3852 \

206 3901 397 3971 λόγων,
421 3901 499 3965 ὡς
532 3899 616 3971 εἴη
651 3901 748 3970 μὲν
770 3900 871 3971 ἤδη
901 3900 1090 3971 καιρὸς
1126 3899 1194 3953 τὰ
1221 3902 1276 3953 ἐν
1303 3898 1459 3970 τύπῳ
1493 3900 1799 3971 παρελάσαι

207 3995 410 4053 λοιπὸν,
435 3995 530 4047 καὶ
543 3994 625 4046 ὅτι
641 3992 936 4063 σχημάτων
957 3993 1054 4063 μὲν
1070 3993 1187 4056 ἃλις
1204 3994 1295 4048 καὶ
1314 3995 1493 4056 σκιᾶς,
1511 3992 1629 4065 ὥρα
1641 3993 1696 4046 δὲ
1711 3994 1803 4047 αύ-

205 4089 300 4158 τὴν
322 4085 643 4156 ἀναλάμψαι
668 4085 763 4157 τὴν
787 4084 1042 4155 ἀλήθειαν
1063 4103 1074 4115 ·
1102 4087 1246 4155 εἰμὴ
1261 4084 1418 4140 τοῦτο
1444 4087 1536 4139 καὶ
1556 4086 1614 4151 ἐξ
1634 4084 1799 4139 αὐτοῦ

206 4184 417 4252 δέδειχα
442 4180 631 4251 νόμου,
646 4178 959 4246 σαφέστατα
975 4177 1150 4245 λέγων
1169 4194 1181 4206 ·
1213 4195 1230 4228 ι
1256 4178 1319 4230 Εἰ
1341 4178 1654 4230 ἐπιστεύετε
1674 4179 1801 4231 Μω-

209 4279 308 4340 σεῖ,
330 4271 653 4328 ἐπιστεύετε
678 4270 745 4325 ἂν
768 4271 891 4341 ἐμοί
913 4287 924 4300 ·
959 4270 1087 4340 περὶ
1116 4270 1225 4340 γὰρ
1250 4268 1384 4338 ἐμοῦ
1406 4270 1612 4331 ἐκεῖνος
1633 4268 1801 4340 ἔγρα-

202 4369 321 4436 ψεν·
353 4387 373 4419 ι
402 4369 454 4419 εί
487 4364 564 4436 μὴ
591 4366 711 4428 ταῖς
739 4362 846 4416 τῶν
884 4361 1179 4434 προφητῶν
1206 4362 1535 4432 μαρτυρίαις
1568 4361 1801 4432 συνῳδὸν

206 4459 379 4525 ἔδειξα
399 4458 493 4510 τὸν
518 4454 758 4527 ἐμαυτοῦ
774 4453 953 4522 λόγον,
972 4453 1067 4506 καὶ
1094 4454 1192 4523 τῆς
1213 4452 1354 4524 ἐμῆς
1374 4453 1678 4524 παρουσίας
1700 4452 1800 4524 τὴν

205 4548 437 4620 δύναμιν
461 4544 865 4619 προρρηθεῖσαν
882 4562 938 4597 τε
957 4544 1055 4615 ἤδη
1076 4544 1168 4596 καὶ
1185 4544 1625 4615 κεκηρυγμένην·
1643 4544 1799 4615 ἔσχον

205 4641 268 4695 ἂν
299 4639 567 4711 ἀφορμὰς
593 4638 847 4705 εὐλόγους
876 4637 987 4706 τῆς
1008 4636 1128 4689 κατ’
1164 4634 1298 4704 ἐμοῦ
1344 4636 1439 4688 καὶ
1480 4635 1635 4705 ὑμῶν
1667 4636 1801 4689 ἀπο-

208 4732 372 4792 νοίας.
420 4729 644 4799 Ἐπειδὴ
679 4727 735 4780 δὲ
768 4725 1196 4796 παραλέλειπται
1239 4724 1338 4795 μὲν
1373 4724 1548 4792 οὐδὲν,
1580 4725 1797 4799 εἴρηται

205 4826 257 4879 δὲ
287 4826 475 4890 ἆτταν,
536 4824 661 4877 ὅσον
700 4817 835 4895 ἧκεν
867 4822 1039 4874 εἰπεῖν
1078 4822 1373 4888 ἀναγκαῖον
1396 4859 1411 4883 ,
1464 4822 1705 4883 εἰκαῖος,
1738 4818 1798 4883 ὃς

205 4919 392 4980 αὐτοῖς
439 4916 522 4976 εἰς
554 4914 828 4985 πρόφασιν
877 4912 1298 4983 ἐπινοηθήσεται
1329 4912 1486 4981 λόγος
1516 4911 1616 4981 τῆς
1654 4909 1798 4965 οὕτω

206 5008 427 5079 γυμνῆς
458 5004 756 5077 ἁμαρτίας.
798 5003 1015 5071 Ταύτην
1052 4997 1206 5074 οἶμαι
1240 5004 1353 5081 δεῖν
1394 5006 1509 5067 τοῖς
1549 5002 1643 5058 τοῦ
1681 5003 1797 5055 Σω-

206 5100 373 5169 τῆρος
409 5098 593 5166 λόγοις
638 5096 952 5168 ἐφαρμόσαι
996 5095 1118 5150 νυνὶ
1154 5095 1253 5167 τὴν
1295 5095 1556 5151 διάνοιαν.
1601 5094 1800 5164 Ἀσύγ-

204 5207 429 5259 γνωστα
460 5190 520 5243 δὲ
563 5191 675 5253 τοῖς
713 5190 793 5250 εἰς
837 5187 998 5241 αὑτὸν
1032 5187 1447 5258 πλημμελοῦσιν
1488 5187 1800 5251 ἐπιδεικνὺς
1831 5250 1842 5261 I

203 5283 270 5335 τὰ
302 5280 661 5351 ἐγκλήματα,
693 5281 787 5334 καὶ
818 5277 1251 5349 κολασθήσεσθαι
1281 5296 1413 5333 ποτε
1446 5280 1573 5344 τοὺς
1600 5280 1669 5334 τὰ
1693 5297 1804 5334 τοι·

203 5372 351 5425 αῦτα
378 5368 699 5439 τολμῶντας
731 5367 905 5422 εἰπὼν
928 5407 942 5431 ,
1002 5368 1356 5437 παραιρεῖται
1403 5367 1503 5439 τῆς
1532 5366 1708 5438 λύπης
1737 5368 1800 5421 τὸ

201 5466 371 5519 πλέον
397 5467 497 5518 καὶ
527 5462 861 5517 ὑποκλέπτει
893 5458 1094 5531 σοφῶς,
1116 5460 1254 5532 ὅπερ
1284 5457 1352 5532 ἦν
1378 5462 1524 5526 εἰκὸς
1554 5463 1799 5518 ἀνιάσειν

200 5559 263 5615 οὐ
305 5555 549 5627 μετρίως
583 5553 800 5617 αὐτούς,
835 5551 1075 5624 Φορητδν
1116 5550 1226 5622 γὰρ
1269 5551 1381 5606 ἔσθ’
1411 5554 1500 5608 ὅτε
1534 5556 1647 5618 τοῖς
1687 5553 1802 5608 ἀδι-

201 5650 499 5715 κουμένοις
538 5649 640 5719 τὴν
683 5645 997 5711 πλεονεξίαν
1039 5645 1369 5717 ἐργάζεται,
1422 5646 1485 5700 τὸ
1511 5646 1799 5718 ἀραρότως

285 5833 493 5892 ’Joan.
538 5852 590 5902 ν,
625 5836 711 5890 46.
824 5840 866 5871 ¹⁶
894 5833 1055 5899 Rom.
1096 5858 1196 5911 xu,
1230 5843 1314 5898 l9.

1899 3357 2304 3428 quodammodo
2354 3373 2414 3412 se
2468 3356 2805 3426 patrocinari
2860 3354 3218 3410 simulabant.
3279 3355 3482 3410 Verum

1900 3449 2010 3504 nisi
2062 3449 2129 3502 ad
2180 3463 2275 3503 eos
2325 3445 2605 3517 profectus
2652 3444 2899 3499 Mosaico
2944 3446 3203 3500 mandato
3256 3446 3481 3500 meliora

1900 3540 2247 3605 docuissem,
2302 3538 2407 3592 nisi
2461 3538 2654 3593 multis
2682 3536 2847 3607 905
2890 3536 3203 3607 rationibus
3250 3536 3486 3591 demon-

1901 3643 2166 3688 strassem
2200 3644 2412 3700 tempus
2440 3645 2563 3685 esse
2592 3631 2812 3686 demum
2844 3639 2903 3684 ut
2933 3629 3120 3699 ﬁgura:
3156 3638 3445 3683 transeant
3466 3671 3481 3694 ,

1900 3740 2202 3793 earumque
2237 3725 2375 3779 satis
2409 3724 2582 3778 fuisse
2639 3722 2908 3777 hactenus
2964 3730 3019 3777 et
3058 3720 3304 3774 umbrmz
3342 3729 3484 3774 tem-

1902 3832 2006 3886 pus
2038 3823 2218 3869 autem
2250 3830 2375 3870 esse
2412 3816 2634 3884 ut-ipsa
2682 3814 2887 3867 veritas
2932 3814 3180 3875 eluceat;
3229 3812 3335 3865 nisi
3380 3812 3485 3865 hoc

1901 3907 2068 3962 etiam
2103 3922 2171 3960 ex
2201 3906 2320 3975 ipsa
2371 3905 2489 3973 lege
2538 3905 3017 3958 demonstrassem
3049 3940 3064 3965 ,
3132 3898 3501 3969 apertissime

1902 4000 2137 4054 dicens:
2170 4017 2188 4048 ι
2225 3997 2282 4050 Si
2316 3996 2617 4051 crederetis
2652 3994 2863 4065 Moysi,
2903 3994 3209 4048 crederetis
3254 3993 3482 4045 forsitan

1901 4103 1956 4149 et
1992 4093 2158 4159 mihi;
2190 4090 2258 4146 de
2294 4106 2379 4145 me
2413 4090 2557 4145 enim
2593 4090 2684 4143 ille
2719 4087 2945 4157 scripsit
2973 4090 3026 4153 9;
3054 4106 3072 4139 ι
3102 4087 3206 4140 nisi
3245 4086 3487 4156 prophe-

1901 4192 2081 4238 tarum
2117 4183 2451 4238 testimoniis
2490 4190 2925 4236 consentaneam
2961 4179 3271 4234 doctrinam
3309 4192 3483 4231 meam

1902 4276 2314 4341 ostendissent,
2374 4274 2592 4343 meique
2652 4273 2924 4327 adventus
2992 4271 3102 4325 vim
3162 4268 3484 4343 przcdictam

1901 4384 2023 4423 esse
2058 4382 2123 4421 ac
2158 4366 2616 4436 praenuntiatam:
2650 4365 2921 4418 baberent
2949 4378 3084 4416 sane
3114 4376 3339 4416 causam
3376 4369 3485 4412 tam

1902 4461 1959 4515 in
2005 4475 2092 4514 me
2122 4474 2286 4529 quam
2333 4458 2388 4512 in
2440 4473 2539 4513 vos
2592 4455 2936 4525 insurgendi.
2984 4453 3120 4509 Cum
3173 4462 3354 4505 autem
3407 4450 3487 4504 ni-

1906 4550 1984 4604 hil
2020 4548 2454 4620 praetcrmissum
2492 4547 2600 4612 sit,
2637 4546 2732 4600 sed
2781 4558 3126 4614 quaecunque
3170 4540 3487 4594 necessaria

1902 4650 2061 4694 erant
2095 4625 2346 4707 exposita
2386 4636 2626 4702 fuerint,
2665 4651 2804 4688 vana
2839 4644 2922 4688 est
2952 4646 3343 4702 quamcunque
3389 4630 3487 4683 de-

1899 4746 2047 4785 mum
2087 4730 2304 4784 allaturi
2346 4737 2474 4783 sunt
2515 4738 2630 4782 tam
2669 4726 2846 4796 aperti
2885 4723 3146 4779 criminis
3175 4721 3487 4797 excusatio.

1899 4823 2058 4877 Hunc
2086 4837 2219 4893 ergo
2253 4821 2564 4876 Servatoris
2592 4819 2777 4874 verbis
2803 4832 3030 4872 sensum
3065 4812 3491 4869 accommodan-

1897 4918 2026 4972 dum
2052 4916 2313 4971 arbitror.
2340 4912 2699 4969 Ostendendo
2727 4926 2858 4967 vero
2889 4909 3098 4965 nullam
3132 4907 3248 4962 fore
3275 4906 3487 4959 veniam

1904 5004 2211 5060 sceleribus
2249 5004 2305 5057 in
2345 5004 2524 5072 ipsum
2576 5001 2864 5063 admissis,
2897 5007 2951 5054 et
2995 4998 3312 5068 quicunque
3360 4994 3488 5047 talia

1905 5094 2026 5149 ausi
2056 5091 2262 5149 fuerint
2292 5090 2595 5160 aliquando
2628 5091 2885 5161 punitum
2921 5089 3028 5149 iri,
3063 5087 3355 5139 maximam
3388 5082 3489 5136 do-

1907 5186 2039 5241 loris
2073 5197 2284 5255 partem
2333 5192 2549 5238 amovet
2597 5197 2661 5238 ac
2707 5184 2990 5253 sapienter
3036 5178 3296 5233 subducit
3338 5175 3486 5244 quod

1905 5293 2017 5332 non
2056 5276 2391 5331 mediocrem
2427 5275 2509 5331 eis
2541 5289 2800 5345 angorem
2837 5272 3131 5325 allaturum
3169 5266 3481 5320 videbatur.

1906 5367 2169 5437 lnjuriam
2203 5367 2406 5436 quippe
2437 5366 2652 5435 aequius
2688 5365 2901 5426 ferunt,
2945 5362 3036 5431 qui
3072 5359 3194 5427 ejus
3228 5364 3486 5411 auctores

1906 5473 2099 5530 pinnas
2131 5458 2201 5514 ob
2227 5474 2346 5513 eam
2380 5456 2611 5512 daturos
2646 5454 2751 5511 sibi
2784 5452 3142 5524 persuadent.
3174 5447 3329 5514 Quod
3359 5461 3484 5501 cum

1907 5553 2012 5623 ipsi
2042 5568 2265 5624 quoque
2289 5559 2480 5606 notum
2507 5557 2653 5605 esset
2684 5545 2929 5601 universi
2959 5540 3193 5597 Domino
3219 5557 3232 5593 :
3264 5557 3283 5589 ι
3313 5535 3483 5605 Mihi,

1909 5647 2109 5719 inquit,
2129 5646 2377 5704 vindicta
2404 5661 2421 5702 :
2449 5658 2551 5715 ego
2578 5639 2884 5698 retribuam
2900 5675 2917 5703 ,
2944 5634 3079 5691 dicit
3099 5631 3364 5688 Dominus
3380 5627 3481 5685 ⁸⁸.»
