  <div class='ocr_page' id='page_1' title='image "/cluster/home/n/w/nwhite01/storage/ocr_20150623/74:no.7/coo.31924054869684/213.png"; bbox 0 0 3938 6430; ppageno 0'>
   <div class='ocr_carea' id='block_1_1' title="bbox 516 432 610 486">
    <p class='ocr_par' dir='ltr' id='par_1_1' title="bbox 516 432 610 486">
     <span class='ocr_line' id='line_1_1' title="bbox 516 432 610 486; baseline -0.011 0"><span class='ocrx_word' id='word_1_1' title='bbox 516 432 610 486; x_wconf 72' lang='grc' dir='ltr'><strong>ιιι</strong></span> 
     </span>
    </p>
   </div>
   <div class='ocr_carea' id='block_1_2' title="bbox 1509 408 3727 495">
    <p class='ocr_par' dir='ltr' id='par_1_2' title="bbox 1509 408 3727 495">
     <span class='ocr_line' id='line_1_2' title="bbox 1509 408 3727 495; baseline 0.005 -13"><span class='ocrx_word' id='word_1_2' title='bbox 1509 427 1567 482; x_wconf 90' lang='lat' dir='ltr'><strong>s.</strong></span> <span class='ocrx_word' id='word_1_3' title='bbox 1609 408 1888 484; x_wconf 71' lang='lat' dir='ltr'><strong>CYRILLI</strong></span> <span class='ocrx_word' id='word_1_4' title='bbox 1917 425 2390 484; x_wconf 74' lang='lat' dir='ltr'><strong>ALEXANDRINI</strong></span> <span class='ocrx_word' id='word_1_5' title='bbox 2427 428 2746 485; x_wconf 73' lang='lat' dir='ltr'><strong>ARCHIEP.</strong></span> <span class='ocrx_word' id='word_1_6' title='bbox 3641 438 3727 495; x_wconf 73' lang='grc' dir='ltr'>ιη</span> 
     </span>
    </p>
   </div>
   <div class='ocr_carea' id='block_1_3' title="bbox 514 538 2115 616">
    <p class='ocr_par' dir='ltr' id='par_1_3' title="bbox 514 538 2097 614">
     <span class='ocr_line' id='line_1_3' title="bbox 514 538 2097 614; baseline -0.002 -18"><span class='ocrx_word' id='word_1_7' title='bbox 514 541 620 598; x_wconf 85' lang='lat' dir='ltr'><strong>Sed</strong></span> <span class='ocrx_word' id='word_1_8' title='bbox 657 550 713 599; x_wconf 88' lang='lat' dir='ltr'><strong>et</strong></span> <span class='ocrx_word' id='word_1_9' title='bbox 748 542 864 614; x_wconf 88' lang='lat' dir='ltr'><strong>ipse</strong></span> <span class='ocrx_word' id='word_1_10' title='bbox 895 543 1096 599; x_wconf 88' lang='lat' dir='ltr'><strong>beatus</strong></span> <span class='ocrx_word' id='word_1_11' title='bbox 1128 539 1362 603; x_wconf 85' lang='lat' dir='ltr'><strong>Paulus,</strong></span> <span class='ocrx_word' id='word_1_12' title='bbox 1392 553 1422 592; x_wconf 91' lang='lat' dir='ltr'><strong>a</strong></span> <span class='ocrx_word' id='word_1_13' title='bbox 1456 538 1697 609; x_wconf 84' lang='lat' dir='ltr'><strong>quodam</strong></span> <span class='ocrx_word' id='word_1_14' title='bbox 1718 539 1969 610; x_wconf 83' lang='lat' dir='ltr'><strong>principe</strong></span> <span class='ocrx_word' id='word_1_15' title='bbox 2005 554 2097 595; x_wconf 88' lang='lat' dir='ltr'><strong>sa-</strong></span> 
     </span>
    </p>
   </div>
   <div class='ocr_carea' id='block_1_4' title="bbox 2215 538 3724 616">
    <p class='ocr_par' dir='ltr' id='par_1_4' title="bbox 2215 541 3724 616">
     <span class='ocr_line' id='line_1_4' title="bbox 2215 541 3724 616; baseline 0.005 -20"><span class='ocrx_word' id='word_1_16' title='bbox 2215 541 2412 596; x_wconf 79' lang='grc' dir='ltr'>›ῖεσθαι</span> <span class='ocrx_word' id='word_1_17' title='bbox 2444 542 2600 606; x_wconf 81' lang='grc' dir='ltr'>δίκας</span> <span class='ocrx_word' id='word_1_18' title='bbox 2632 543 2740 596; x_wconf 90' lang='grc' dir='ltr'><strong>τῶν</strong></span> <span class='ocrx_word' id='word_1_19' title='bbox 2789 541 3295 614; x_wconf 78' lang='grc' dir='ltr'><strong>πλημμεληθέντων</strong></span> <span class='ocrx_word' id='word_1_20' title='bbox 3339 544 3591 601; x_wconf 78' lang='grc' dir='ltr'>ἀποτίσειν</span> <span class='ocrx_word' id='word_1_21' title='bbox 3626 553 3724 616; x_wconf 66' lang='grc' dir='ltr'>τοὺς</span> 
     </span>
    </p>
   </div>
   <div class='ocr_carea' id='block_1_5' title="bbox 513 629 2094 701">
    <p class='ocr_par' dir='ltr' id='par_1_5' title="bbox 513 629 2094 701">
     <span class='ocr_line' id='line_1_5' title="bbox 513 629 2094 701; baseline -0.004 -11"><span class='ocrx_word' id='word_1_22' title='bbox 513 635 797 690; x_wconf 79' lang='lat' dir='ltr'><strong>cerdotum</strong></span> <span class='ocrx_word' id='word_1_23' title='bbox 833 650 1047 699; x_wconf 63' lang='lat' dir='ltr'><strong>caesus,</strong></span> <span class='ocrx_word' id='word_1_24' title='bbox 1096 632 1453 687; x_wconf 70' lang='lat' dir='ltr'><strong>acerbitatem</strong></span> <span class='ocrx_word' id='word_1_25' title='bbox 1503 631 1785 701; x_wconf 80' lang='lat' dir='ltr'><strong>plagarum</strong></span> <span class='ocrx_word' id='word_1_26' title='bbox 1830 629 1935 683; x_wconf 91' lang='lat' dir='ltr'><strong>hac</strong></span> <span class='ocrx_word' id='word_1_27' title='bbox 1977 630 2094 701; x_wconf 85' lang='lat' dir='ltr'><strong>ipsa</strong></span> 
     </span>
    </p>
   </div>
   <div class='ocr_carea' id='block_1_6' title="bbox 515 719 2098 796">
    <p class='ocr_par' dir='ltr' id='par_1_6' title="bbox 515 719 2098 796">
     <span class='ocr_line' id='line_1_6' title="bbox 515 719 2098 796; baseline -0.002 -17"><span class='ocrx_word' id='word_1_28' title='bbox 515 725 731 781; x_wconf 82' lang='lat' dir='ltr'><strong>ratione</strong></span> <span class='ocrx_word' id='word_1_29' title='bbox 770 726 1065 796; x_wconf 79' lang='lat' dir='ltr'><strong>mitigavit.</strong></span> <span class='ocrx_word' id='word_1_30' title='bbox 1106 723 1246 790; x_wconf 83' lang='lat' dir='ltr'><strong>Quid</strong></span> <span class='ocrx_word' id='word_1_31' title='bbox 1281 723 1430 778; x_wconf 91' lang='lat' dir='ltr'><strong>enim</strong></span> <span class='ocrx_word' id='word_1_32' title='bbox 1465 720 1654 775; x_wconf 78' lang='lat' dir='ltr'><strong>dixit?</strong></span> <span class='ocrx_word' id='word_1_33' title='bbox 1682 738 1701 771; x_wconf 79' lang='grc' dir='ltr'><strong>ι</strong></span> <span class='ocrx_word' id='word_1_34' title='bbox 1731 719 2010 776; x_wconf 91' lang='lat' dir='ltr'><strong>Percutiet</strong></span> <span class='ocrx_word' id='word_1_35' title='bbox 2044 729 2098 776; x_wconf 94' lang='lat' dir='ltr'><strong>te</strong></span> 
     </span>
    </p>
   </div>
   <div class='ocr_carea' id='block_1_7' title="bbox 515 810 2105 889">
    <p class='ocr_par' dir='ltr' id='par_1_7' title="bbox 515 810 2105 889">
     <span class='ocr_line' id='line_1_7' title="bbox 515 810 2105 889; baseline -0.003 -19"><span class='ocrx_word' id='word_1_36' title='bbox 515 816 701 885; x_wconf 77' lang='lat' dir='ltr'><strong>Deus,</strong></span> <span class='ocrx_word' id='word_1_37' title='bbox 726 821 909 889; x_wconf 87' lang='lat' dir='ltr'><strong>paries</strong></span> <span class='ocrx_word' id='word_1_38' title='bbox 951 816 1203 872; x_wconf 89' lang='lat' dir='ltr'><strong>dealbate</strong></span> <span class='ocrx_word' id='word_1_39' title='bbox 1246 813 1311 869; x_wconf 84' lang='lat'><strong>“.</strong></span> <span class='ocrx_word' id='word_1_40' title='bbox 1344 833 1361 865; x_wconf 73' lang='grc' dir='ltr'><strong>ι</strong></span> <span class='ocrx_word' id='word_1_41' title='bbox 1392 810 1739 866; x_wconf 89' lang='lat' dir='ltr'><strong>lnfirmitatis</strong></span> <span class='ocrx_word' id='word_1_42' title='bbox 1788 810 1955 882; x_wconf 90' lang='lat' dir='ltr'><strong>igitur</strong></span> <span class='ocrx_word' id='word_1_43' title='bbox 2000 811 2105 865; x_wconf 90' lang='lat' dir='ltr'><strong>hu-</strong></span> 
     </span>
    </p>
   </div>
   <div class='ocr_carea' id='block_1_8' title="bbox 516 903 2097 975">
    <p class='ocr_par' dir='ltr' id='par_1_8' title="bbox 516 903 2097 975">
     <span class='ocr_line' id='line_1_8' title="bbox 516 903 2097 975; baseline -0.003 -13"><span class='ocrx_word' id='word_1_44' title='bbox 516 924 695 964; x_wconf 61' lang='lat' dir='ltr'><strong>manae</strong></span> <span class='ocrx_word' id='word_1_45' title='bbox 727 908 1030 964; x_wconf 87' lang='lat' dir='ltr'><strong>remedium</strong></span> <span class='ocrx_word' id='word_1_46' title='bbox 1067 905 1214 962; x_wconf 90' lang='lat' dir='ltr'><strong>istud</strong></span> <span class='ocrx_word' id='word_1_47' title='bbox 1246 919 1469 975; x_wconf 84' lang='lat' dir='ltr'><strong>quoque</strong></span> <span class='ocrx_word' id='word_1_48' title='bbox 1506 912 1627 969; x_wconf 87' lang='lat' dir='ltr'><strong>est,</strong></span> <span class='ocrx_word' id='word_1_49' title='bbox 1657 918 1910 973; x_wconf 88' lang='lat' dir='ltr'><strong>sperare,</strong></span> <span class='ocrx_word' id='word_1_50' title='bbox 1944 903 2097 971; x_wconf 80' lang='lat' dir='ltr'><strong>inju-</strong></span> 
     </span>
    </p>
   </div>
   <div class='ocr_carea' id='block_1_9' title="bbox 518 992 2105 1067">
    <p class='ocr_par' dir='ltr' id='par_1_9' title="bbox 518 992 2105 1067">
     <span class='ocr_line' id='line_1_9' title="bbox 518 992 2105 1067; baseline -0.002 -14"><span class='ocrx_word' id='word_1_51' title='bbox 518 1000 727 1054; x_wconf 89' lang='lat' dir='ltr'><strong>riarum</strong></span> <span class='ocrx_word' id='word_1_52' title='bbox 779 1009 1033 1055; x_wconf 83' lang='lat' dir='ltr'><strong>auctores</strong></span> <span class='ocrx_word' id='word_1_53' title='bbox 1084 996 1384 1067; x_wconf 83' lang='lat' dir='ltr'><strong>aliquando</strong></span> <span class='ocrx_word' id='word_1_54' title='bbox 1434 1010 1559 1051; x_wconf 89' lang='lat' dir='ltr'><strong>esse</strong></span> <span class='ocrx_word' id='word_1_55' title='bbox 1612 994 1944 1065; x_wconf 89' lang='lat' dir='ltr'><strong>puniendos.</strong></span> <span class='ocrx_word' id='word_1_56' title='bbox 1995 992 2105 1050; x_wconf 91' lang='lat' dir='ltr'><strong>Sed</strong></span> 
     </span>
    </p>
   </div>
   <div class='ocr_carea' id='block_1_10' title="bbox 516 1084 2101 1161">
    <p class='ocr_par' dir='ltr' id='par_1_10' title="bbox 516 1084 2101 1161">
     <span class='ocr_line' id='line_1_10' title="bbox 516 1084 2101 1161; baseline -0.004 -14"><span class='ocrx_word' id='word_1_57' title='bbox 516 1091 755 1147; x_wconf 87' lang='lat' dir='ltr'><strong>hmnana</strong></span> <span class='ocrx_word' id='word_1_58' title='bbox 788 1089 1245 1161; x_wconf 87' lang='lat' dir='ltr'><strong>pusillanimitate</strong></span> <span class='ocrx_word' id='word_1_59' title='bbox 1274 1088 1436 1159; x_wconf 88' lang='lat' dir='ltr'><strong>longe</strong></span> <span class='ocrx_word' id='word_1_60' title='bbox 1467 1087 1649 1158; x_wconf 85' lang='lat' dir='ltr'><strong>potior</strong></span> <span class='ocrx_word' id='word_1_61' title='bbox 1676 1095 1761 1142; x_wconf 84' lang='lat' dir='ltr'><strong>est</strong></span> <span class='ocrx_word' id='word_1_62' title='bbox 1793 1084 2062 1141; x_wconf 88' lang='lat' dir='ltr'><strong>Dominus</strong></span> <span class='ocrx_word' id='word_1_63' title='bbox 2089 1104 2101 1140; x_wconf 95' lang='lat'>:</span> 
     </span>
    </p>
   </div>
   <div class='ocr_carea' id='block_1_11' title="bbox 518 1177 2103 1247">
    <p class='ocr_par' dir='ltr' id='par_1_11' title="bbox 518 1177 2103 1247">
     <span class='ocr_line' id='line_1_11' title="bbox 518 1177 2103 1247; baseline -0.005 -10"><span class='ocrx_word' id='word_1_64' title='bbox 518 1199 666 1247; x_wconf 86' lang='lat' dir='ltr'><strong>nam,</strong></span> <span class='ocrx_word' id='word_1_65' title='bbox 696 1202 713 1233; x_wconf 83' lang='grc' dir='ltr'><strong>ι</strong></span> <span class='ocrx_word' id='word_1_66' title='bbox 742 1181 879 1236; x_wconf 89' lang='lat' dir='ltr'><strong>Cum</strong></span> <span class='ocrx_word' id='word_1_67' title='bbox 916 1180 1363 1243; x_wconf 88' lang='lat' dir='ltr'><strong>malediceretur,</strong></span> <span class='ocrx_word' id='word_1_68' title='bbox 1399 1194 1509 1233; x_wconf 91' lang='lat' dir='ltr'><strong>non</strong></span> <span class='ocrx_word' id='word_1_69' title='bbox 1538 1177 1941 1243; x_wconf 89' lang='lat' dir='ltr'><strong>maledicebat;</strong></span> <span class='ocrx_word' id='word_1_70' title='bbox 1978 1190 2103 1231; x_wconf 91' lang='lat' dir='ltr'><strong>cum</strong></span> 
     </span>
    </p>
   </div>
   <div class='ocr_carea' id='block_1_12' title="bbox 516 1270 2104 1347">
    <p class='ocr_par' dir='ltr' id='par_1_12' title="bbox 516 1270 2104 1347">
     <span class='ocr_line' id='line_1_12' title="bbox 516 1270 2104 1347; baseline -0.003 -17"><span class='ocrx_word' id='word_1_71' title='bbox 516 1284 823 1347; x_wconf 90' lang='lat' dir='ltr'><strong>pateretur,</strong></span> <span class='ocrx_word' id='word_1_72' title='bbox 856 1289 966 1330; x_wconf 91' lang='lat' dir='ltr'><strong>non</strong></span> <span class='ocrx_word' id='word_1_73' title='bbox 1000 1273 1469 1335; x_wconf 88' lang='lat' dir='ltr'><strong>comminabatur,</strong></span> <span class='ocrx_word' id='word_1_74' title='bbox 1495 1290 1514 1325; x_wconf 74' lang='grc' dir='ltr'><strong>ι</strong></span> <span class='ocrx_word' id='word_1_75' title='bbox 1538 1278 1599 1326; x_wconf 93' lang='lat' dir='ltr'><strong>ut</strong></span> <span class='ocrx_word' id='word_1_76' title='bbox 1630 1270 1902 1341; x_wconf 90' lang='lat' dir='ltr'><strong>scriptum</strong></span> <span class='ocrx_word' id='word_1_77' title='bbox 1924 1277 2011 1325; x_wconf 90' lang='lat' dir='ltr'><strong>est</strong></span> <span class='ocrx_word' id='word_1_78' title='bbox 2038 1271 2104 1325; x_wconf 83' lang='grc'><strong>¹⁹.</strong></span> 
     </span>
    </p>
   </div>
   <div class='ocr_carea' id='block_1_13' title="bbox 516 1360 2107 1431">
    <p class='ocr_par' dir='ltr' id='par_1_13' title="bbox 516 1360 2107 1431">
     <span class='ocr_line' id='line_1_13' title="bbox 516 1360 2107 1431; baseline -0.003 -11"><span class='ocrx_word' id='word_1_79' title='bbox 516 1366 704 1420; x_wconf 65' lang='lat' dir='ltr'><strong>Caesus</strong></span> <span class='ocrx_word' id='word_1_80' title='bbox 732 1373 915 1420; x_wconf 89' lang='lat' dir='ltr'><strong>autem</strong></span> <span class='ocrx_word' id='word_1_81' title='bbox 946 1364 1085 1419; x_wconf 91' lang='lat' dir='ltr'><strong>nihil</strong></span> <span class='ocrx_word' id='word_1_82' title='bbox 1115 1363 1316 1419; x_wconf 86' lang='lat' dir='ltr'><strong>acerbe</strong></span> <span class='ocrx_word' id='word_1_83' title='bbox 1347 1363 1506 1431; x_wconf 80' lang='lat' dir='ltr'><strong>dixit,</strong></span> <span class='ocrx_word' id='word_1_84' title='bbox 1533 1377 1713 1431; x_wconf 91' lang='lat' dir='ltr'><strong>neque</strong></span> <span class='ocrx_word' id='word_1_85' title='bbox 1744 1368 1830 1416; x_wconf 86' lang='lat' dir='ltr'><strong>est</strong></span> <span class='ocrx_word' id='word_1_86' title='bbox 1861 1360 2107 1416; x_wconf 89' lang='lat' dir='ltr'><strong>minatus</strong></span> 
     </span>
    </p>
   </div>
   <div class='ocr_carea' id='block_1_14' title="bbox 515 1451 2109 1528">
    <p class='ocr_par' dir='ltr' id='par_1_14' title="bbox 515 1451 2109 1528">
     <span class='ocr_line' id='line_1_14' title="bbox 515 1451 2109 1528; baseline -0.003 -16"><span class='ocrx_word' id='word_1_87' title='bbox 515 1458 565 1512; x_wconf 89' lang='lat' dir='ltr'><strong>ei</strong></span> <span class='ocrx_word' id='word_1_88' title='bbox 602 1459 693 1528; x_wconf 88' lang='lat' dir='ltr'><strong>qui</strong></span> <span class='ocrx_word' id='word_1_89' title='bbox 721 1457 934 1513; x_wconf 71' lang='lat' dir='ltr'><strong>caedere</strong></span> <span class='ocrx_word' id='word_1_90' title='bbox 960 1458 1140 1528; x_wconf 87' lang='lat' dir='ltr'><strong>ipsum</strong></span> <span class='ocrx_word' id='word_1_91' title='bbox 1172 1471 1344 1510; x_wconf 89' lang='lat' dir='ltr'><strong>ausus</strong></span> <span class='ocrx_word' id='word_1_92' title='bbox 1380 1453 1696 1518; x_wconf 86' lang='lat' dir='ltr'><strong>fuerat,sed</strong></span> <span class='ocrx_word' id='word_1_93' title='bbox 1733 1451 2026 1508; x_wconf 90' lang='lat' dir='ltr'><strong>mitissime</strong></span> <span class='ocrx_word' id='word_1_94' title='bbox 2054 1462 2109 1508; x_wconf 89' lang='lat' dir='ltr'><strong>et</strong></span> 
     </span>
    </p>
   </div>
   <div class='ocr_carea' id='block_1_15' title="bbox 524 1545 2107 1619">
    <p class='ocr_par' dir='ltr' id='par_1_15' title="bbox 524 1545 2107 1619">
     <span class='ocr_line' id='line_1_15' title="bbox 524 1545 2107 1619; baseline -0.005 -15"><span class='ocrx_word' id='word_1_95' title='bbox 524 1552 799 1619; x_wconf 85' lang='lat' dir='ltr'><strong>patienter</strong></span> <span class='ocrx_word' id='word_1_96' title='bbox 834 1550 1130 1605; x_wconf 89' lang='lat' dir='ltr'><strong>admodum</strong></span> <span class='ocrx_word' id='word_1_97' title='bbox 1160 1567 1173 1603; x_wconf 92' lang='lat'>:</span> <span class='ocrx_word' id='word_1_98' title='bbox 1204 1547 1293 1603; x_wconf 71' lang='lat' dir='ltr'><strong>«Si</strong></span> <span class='ocrx_word' id='word_1_99' title='bbox 1314 1549 1474 1611; x_wconf 89' lang='lat' dir='ltr'><strong>male,</strong></span> <span class='ocrx_word' id='word_1_100' title='bbox 1496 1545 1694 1617; x_wconf 87' lang='lat' dir='ltr'><strong>inquit,</strong></span> <span class='ocrx_word' id='word_1_101' title='bbox 1718 1546 2107 1604; x_wconf 83' lang='lat' dir='ltr'><strong>locutussum.</strong></span> 
     </span>
    </p>
   </div>
   <div class='ocr_carea' id='block_1_16' title="bbox 498 1620 2108 1711">
    <p class='ocr_par' dir='ltr' id='par_1_16' title="bbox 498 1620 2108 1711">
     <span class='ocr_line' id='line_1_16' title="bbox 498 1620 2108 1711; baseline -0.003 -17"><span class='ocrx_word' id='word_1_102' title='bbox 498 1620 900 1697; x_wconf 65' lang='lat' dir='ltr'><strong>testimonium</strong></span> <span class='ocrx_word' id='word_1_103' title='bbox 929 1640 1157 1711; x_wconf 91' lang='lat' dir='ltr'><strong>perhihe</strong></span> <span class='ocrx_word' id='word_1_104' title='bbox 1183 1640 1250 1694; x_wconf 90' lang='lat' dir='ltr'><strong>de</strong></span> <span class='ocrx_word' id='word_1_105' title='bbox 1278 1639 1459 1694; x_wconf 86' lang='lat' dir='ltr'><strong>malo:</strong></span> <span class='ocrx_word' id='word_1_106' title='bbox 1486 1639 1533 1694; x_wconf 88' lang='lat' dir='ltr'><strong>si</strong></span> <span class='ocrx_word' id='word_1_107' title='bbox 1560 1646 1741 1692; x_wconf 88' lang='lat' dir='ltr'><strong>autem</strong></span> <span class='ocrx_word' id='word_1_108' title='bbox 1771 1638 1912 1692; x_wconf 89' lang='lat' dir='ltr'><strong>bene</strong></span> <span class='ocrx_word' id='word_1_109' title='bbox 1934 1676 1949 1701; x_wconf 92' lang='lat'><strong>,</strong></span> <span class='ocrx_word' id='word_1_110' title='bbox 1973 1634 2108 1707; x_wconf 85' lang='lat' dir='ltr'><strong>quid</strong></span> 
     </span>
    </p>
   </div>
   <div class='ocr_carea' id='block_1_17' title="bbox 520 1729 2105 1803">
    <p class='ocr_par' dir='ltr' id='par_1_17' title="bbox 520 1729 2105 1803">
     <span class='ocr_line' id='line_1_17' title="bbox 520 1729 2105 1803; baseline -0.004 -15"><span class='ocrx_word' id='word_1_111' title='bbox 520 1750 608 1789; x_wconf 88' lang='lat' dir='ltr'><strong>me</strong></span> <span class='ocrx_word' id='word_1_112' title='bbox 638 1734 807 1790; x_wconf 66' lang='lat' dir='ltr'><strong>caedis</strong></span> <span class='ocrx_word' id='word_1_113' title='bbox 844 1734 930 1787; x_wconf 80' lang='lat'><strong>&quot;?</strong></span> <span class='ocrx_word' id='word_1_114' title='bbox 956 1752 974 1785; x_wconf 71' lang='grc' dir='ltr'><strong>ι</strong></span> <span class='ocrx_word' id='word_1_115' title='bbox 1006 1731 1146 1789; x_wconf 83' lang='lat' dir='ltr'><strong>Vere</strong></span> <span class='ocrx_word' id='word_1_116' title='bbox 1173 1734 1342 1803; x_wconf 85' lang='lat' dir='ltr'><strong>igitur</strong></span> <span class='ocrx_word' id='word_1_117' title='bbox 1370 1748 1398 1788; x_wconf 86' lang='lat' dir='ltr'><strong>a</strong></span> <span class='ocrx_word' id='word_1_118' title='bbox 1430 1729 1715 1802; x_wconf 65' lang='lat' dir='ltr'><strong>prophetis</strong></span> <span class='ocrx_word' id='word_1_119' title='bbox 1746 1729 1956 1784; x_wconf 87' lang='lat' dir='ltr'><strong>dictum</strong></span> <span class='ocrx_word' id='word_1_120' title='bbox 1987 1737 2105 1783; x_wconf 86' lang='lat' dir='ltr'><strong>est:</strong></span> 
     </span>
    </p>
   </div>
   <div class='ocr_carea' id='block_1_18' title="bbox 525 1822 2106 1898">
    <p class='ocr_par' dir='ltr' id='par_1_18' title="bbox 525 1822 2106 1898">
     <span class='ocr_line' id='line_1_18' title="bbox 525 1822 2106 1898; baseline -0.001 -20"><span class='ocrx_word' id='word_1_121' title='bbox 525 1845 545 1878; x_wconf 75' lang='grc' dir='ltr'><strong>ι</strong></span> <span class='ocrx_word' id='word_1_122' title='bbox 576 1826 714 1893; x_wconf 85' lang='lat' dir='ltr'><strong>Quis</strong></span> <span class='ocrx_word' id='word_1_123' title='bbox 749 1828 801 1881; x_wconf 93' lang='lat' dir='ltr'><strong>in</strong></span> <span class='ocrx_word' id='word_1_124' title='bbox 833 1827 1076 1882; x_wconf 89' lang='lat' dir='ltr'><strong>nubibus</strong></span> <span class='ocrx_word' id='word_1_125' title='bbox 1116 1826 1428 1898; x_wconf 60' lang='lat' dir='ltr'><strong>mquahitur</strong></span> <span class='ocrx_word' id='word_1_126' title='bbox 1461 1823 1725 1885; x_wconf 88' lang='lat' dir='ltr'><strong>Domino,</strong></span> <span class='ocrx_word' id='word_1_127' title='bbox 1776 1832 1835 1879; x_wconf 84' lang='lat' dir='ltr'><strong>et</strong></span> <span class='ocrx_word' id='word_1_128' title='bbox 1862 1824 1992 1894; x_wconf 90' lang='lat' dir='ltr'><strong>quis</strong></span> <span class='ocrx_word' id='word_1_129' title='bbox 2029 1822 2106 1879; x_wconf 91' lang='lat' dir='ltr'><strong>si-</strong></span> 
     </span>
    </p>
   </div>
   <div class='ocr_carea' id='block_1_19' title="bbox 518 1914 1713 1975">
    <p class='ocr_par' dir='ltr' id='par_1_19' title="bbox 518 1914 1713 1975">
     <span class='ocr_line' id='line_1_19' title="bbox 518 1914 1713 1975; baseline -0.006 -3"><span class='ocrx_word' id='word_1_130' title='bbox 518 1920 669 1975; x_wconf 91' lang='lat' dir='ltr'><strong>milis</strong></span> <span class='ocrx_word' id='word_1_131' title='bbox 699 1920 807 1975; x_wconf 89' lang='lat' dir='ltr'><strong>erit</strong></span> <span class='ocrx_word' id='word_1_132' title='bbox 840 1918 1076 1974; x_wconf 88' lang='lat' dir='ltr'><strong>Domino</strong></span> <span class='ocrx_word' id='word_1_133' title='bbox 1108 1918 1253 1974; x_wconf 89' lang='lat' dir='ltr'><strong>inter</strong></span> <span class='ocrx_word' id='word_1_134' title='bbox 1282 1918 1424 1973; x_wconf 85' lang='lat' dir='ltr'><strong>filios</strong></span> <span class='ocrx_word' id='word_1_135' title='bbox 1450 1915 1544 1970; x_wconf 81' lang='lat' dir='ltr'><strong>Dei</strong></span> <span class='ocrx_word' id='word_1_136' title='bbox 1579 1914 1666 1968; x_wconf 69' lang='lat'><strong>“2</strong></span> <span class='ocrx_word' id='word_1_137' title='bbox 1696 1934 1713 1965; x_wconf 74' lang='grc' dir='ltr'><strong>ι</strong></span> 
     </span>
    </p>
   </div>
   <div class='ocr_carea' id='block_1_20' title="bbox 2208 634 3723 707">
    <p class='ocr_par' dir='ltr' id='par_1_20' title="bbox 2208 634 3723 707">
     <span class='ocr_line' id='line_1_20' title="bbox 2208 634 3723 707; baseline 0.005 -20"><span class='ocrx_word' id='word_1_138' title='bbox 2208 635 2309 705; x_wconf 79' lang='grc' dir='ltr'>τῆς</span> <span class='ocrx_word' id='word_1_139' title='bbox 2341 634 2652 702; x_wconf 78' lang='grc' dir='ltr'>πλεονεξίας</span> <span class='ocrx_word' id='word_1_140' title='bbox 2680 635 2939 706; x_wconf 76' lang='grc' dir='ltr'>ἐργάτας.</span> <span class='ocrx_word' id='word_1_141' title='bbox 2990 636 3102 688; x_wconf 80' lang='grc' dir='ltr'><strong>Καὶ</strong></span> <span class='ocrx_word' id='word_1_142' title='bbox 3138 634 3297 689; x_wconf 74' lang='grc' dir='ltr'>τοῦτο</span> <span class='ocrx_word' id='word_1_143' title='bbox 3322 636 3467 701; x_wconf 76' lang='grc' dir='ltr'>εἰδὼς</span> <span class='ocrx_word' id='word_1_144' title='bbox 3490 641 3573 693; x_wconf 75' lang='grc' dir='ltr'>καὶ</span> <span class='ocrx_word' id='word_1_145' title='bbox 3598 642 3723 707; x_wconf 70' lang='grc' dir='ltr'>αὐτὸς</span> 
     </span>
    </p>
   </div>
   <div class='ocr_carea' id='block_1_21' title="bbox 2209 725 3729 801">
    <p class='ocr_par' dir='ltr' id='par_1_21' title="bbox 2209 725 3729 801">
     <span class='ocr_line' id='line_1_21' title="bbox 2209 725 3729 801; baseline 0.005 -24"><span class='ocrx_word' id='word_1_146' title='bbox 2209 726 2237 777; x_wconf 85' lang='grc' dir='ltr'>ὁ</span> <span class='ocrx_word' id='word_1_147' title='bbox 2277 725 2494 779; x_wconf 86' lang='grc' dir='ltr'>πάντων</span> <span class='ocrx_word' id='word_1_148' title='bbox 2521 727 2799 798; x_wconf 82' lang='grc' dir='ltr'><strong>Δεσπότης</strong></span> <span class='ocrx_word' id='word_1_149' title='bbox 2822 770 2836 789; x_wconf 89' lang='grc'><strong>,</strong></span> <span class='ocrx_word' id='word_1_150' title='bbox 2877 746 2895 779; x_wconf 85' lang='grc' dir='ltr'><strong>ι</strong></span> <span class='ocrx_word' id='word_1_151' title='bbox 2931 726 3110 798; x_wconf 77' lang='grc' dir='ltr'>Ἐμοὶ,</span> <span class='ocrx_word' id='word_1_152' title='bbox 3139 727 3319 798; x_wconf 79' lang='grc' dir='ltr'>φησὶν,</span> <span class='ocrx_word' id='word_1_153' title='bbox 3351 729 3620 801; x_wconf 75' lang='grc' dir='ltr'>ἐκδίκησις,</span> <span class='ocrx_word' id='word_1_154' title='bbox 3641 732 3729 799; x_wconf 75' lang='grc' dir='ltr'><strong>ἑγὼ</strong></span> 
     </span>
    </p>
   </div>
   <div class='ocr_carea' id='block_1_22' title="bbox 2207 816 3728 893">
    <p class='ocr_par' dir='ltr' id='par_1_22' title="bbox 2207 816 3728 893">
     <span class='ocr_line' id='line_1_22' title="bbox 2207 816 3728 893; baseline 0.005 -25"><span class='ocrx_word' id='word_1_155' title='bbox 2207 816 2603 880; x_wconf 80' lang='grc' dir='ltr'><strong>ἀνταποδώσω,</strong></span> <span class='ocrx_word' id='word_1_156' title='bbox 2654 818 2803 886; x_wconf 83' lang='grc' dir='ltr'>λέγει</span> <span class='ocrx_word' id='word_1_157' title='bbox 2827 817 3051 889; x_wconf 84' lang='grc' dir='ltr'>Κύριος.</span> <span class='ocrx_word' id='word_1_158' title='bbox 3080 837 3099 869; x_wconf 75' lang='grc' dir='ltr'><strong>ι</strong></span> <span class='ocrx_word' id='word_1_159' title='bbox 3151 816 3311 871; x_wconf 82' lang='grc' dir='ltr'>Ἀλλά</span> <span class='ocrx_word' id='word_1_160' title='bbox 3347 819 3436 872; x_wconf 76' lang='grc' dir='ltr'>καὶ</span> <span class='ocrx_word' id='word_1_161' title='bbox 3464 819 3604 884; x_wconf 77' lang='grc' dir='ltr'>αὐτὸς</span> <span class='ocrx_word' id='word_1_162' title='bbox 3622 824 3728 893; x_wconf 81' lang='grc' dir='ltr'>ἡμῖν</span> 
     </span>
    </p>
   </div>
   <div class='ocr_carea' id='block_1_23' title="bbox 2206 905 3728 983">
    <p class='ocr_par' dir='ltr' id='par_1_23' title="bbox 2206 905 3728 983">
     <span class='ocr_line' id='line_1_23' title="bbox 2206 905 3728 983; baseline 0.005 -24"><span class='ocrx_word' id='word_1_163' title='bbox 2206 905 2237 957; x_wconf 81' lang='grc' dir='ltr'><strong>ὁ</strong></span> <span class='ocrx_word' id='word_1_164' title='bbox 2273 908 2542 979; x_wconf 88' lang='grc' dir='ltr'>μακάριος</span> <span class='ocrx_word' id='word_1_165' title='bbox 2562 908 2795 974; x_wconf 78' lang='grc' dir='ltr'><strong>Παῦλος,</strong></span> <span class='ocrx_word' id='word_1_166' title='bbox 2828 910 2933 963; x_wconf 80' lang='grc' dir='ltr'>ὑπό</span> <span class='ocrx_word' id='word_1_167' title='bbox 2957 926 3103 974; x_wconf 88' lang='grc' dir='ltr'>τινος</span> <span class='ocrx_word' id='word_1_168' title='bbox 3126 910 3233 963; x_wconf 89' lang='grc' dir='ltr'><strong>τῶν</strong></span> <span class='ocrx_word' id='word_1_169' title='bbox 3258 910 3544 983; x_wconf 85' lang='grc' dir='ltr'>ἀρχιερέων</span> <span class='ocrx_word' id='word_1_170' title='bbox 3566 914 3728 966; x_wconf 69' lang='grc' dir='ltr'>τυπτόο</span> 
     </span>
    </p>
   </div>
   <div class='ocr_carea' id='block_1_24' title="bbox 2212 999 3730 1075">
    <p class='ocr_par' dir='ltr' id='par_1_24' title="bbox 2212 999 3730 1075">
     <span class='ocr_line' id='line_1_24' title="bbox 2212 999 3730 1075; baseline 0.005 -24"><span class='ocrx_word' id='word_1_171' title='bbox 2212 1015 2393 1069; x_wconf 87' lang='grc' dir='ltr'>μενος,</span> <span class='ocrx_word' id='word_1_172' title='bbox 2416 999 2517 1070; x_wconf 87' lang='grc' dir='ltr'>τῆς</span> <span class='ocrx_word' id='word_1_173' title='bbox 2548 1000 2643 1054; x_wconf 79' lang='grc' dir='ltr'><strong>ἐπὶ</strong></span> <span class='ocrx_word' id='word_1_174' title='bbox 2667 1000 2745 1072; x_wconf 79' lang='grc' dir='ltr'>τῷ</span> <span class='ocrx_word' id='word_1_175' title='bbox 2780 1001 3012 1072; x_wconf 88' lang='grc' dir='ltr'>πάσχειν</span> <span class='ocrx_word' id='word_1_176' title='bbox 3042 1002 3270 1074; x_wconf 82' lang='grc' dir='ltr'>πικρίας</span> <span class='ocrx_word' id='word_1_177' title='bbox 3295 1003 3393 1071; x_wconf 82' lang='grc' dir='ltr'><strong>οὐχ</strong></span> <span class='ocrx_word' id='word_1_178' title='bbox 3432 1003 3605 1074; x_wconf 78' lang='grc' dir='ltr'><strong>ἑτέραν</strong></span> <span class='ocrx_word' id='word_1_179' title='bbox 3633 1004 3730 1075; x_wconf 78' lang='grc' dir='ltr'>ἔσχε</span> 
     </span>
    </p>
   </div>
   <div class='ocr_carea' id='block_1_25' title="bbox 2210 1090 3731 1165">
    <p class='ocr_par' dir='ltr' id='par_1_25' title="bbox 2210 1090 3731 1165">
     <span class='ocr_line' id='line_1_25' title="bbox 2210 1090 3731 1165; baseline 0.004 -23"><span class='ocrx_word' id='word_1_180' title='bbox 2210 1090 2563 1163; x_wconf 73' lang='grc' dir='ltr'>παραψυχὴν,</span> <span class='ocrx_word' id='word_1_181' title='bbox 2590 1092 2623 1163; x_wconf 82' lang='grc' dir='ltr'>ἢ</span> <span class='ocrx_word' id='word_1_182' title='bbox 2655 1091 2861 1163; x_wconf 89' lang='grc' dir='ltr'>ταύτην</span> <span class='ocrx_word' id='word_1_183' title='bbox 2882 1095 3072 1163; x_wconf 83' lang='grc' dir='ltr'>αὐτήν.</span> <span class='ocrx_word' id='word_1_184' title='bbox 3107 1094 3173 1146; x_wconf 92' lang='grc' dir='ltr'><strong>Τί</strong></span> <span class='ocrx_word' id='word_1_185' title='bbox 3202 1095 3308 1164; x_wconf 88' lang='grc' dir='ltr'><strong>γάρ</strong></span> <span class='ocrx_word' id='word_1_186' title='bbox 3332 1094 3463 1165; x_wconf 60' lang='lat' dir='ltr'><strong>tam;</strong></span> <span class='ocrx_word' id='word_1_187' title='bbox 3501 1114 3517 1145; x_wconf 86' lang='grc' dir='ltr'><strong>ι</strong></span> <span class='ocrx_word' id='word_1_188' title='bbox 3542 1094 3731 1148; x_wconf 81' lang='grc' dir='ltr'><strong>Τύπτειν</strong></span> 
     </span>
    </p>
   </div>
   <div class='ocr_carea' id='block_1_26' title="bbox 2211 1183 3735 1256">
    <p class='ocr_par' dir='ltr' id='par_1_26' title="bbox 2211 1183 3735 1256">
     <span class='ocr_line' id='line_1_26' title="bbox 2211 1183 3735 1256; baseline 0.002 -22"><span class='ocrx_word' id='word_1_189' title='bbox 2211 1198 2271 1235; x_wconf 89' lang='grc' dir='ltr'><strong>σε</strong></span> <span class='ocrx_word' id='word_1_190' title='bbox 2308 1183 2491 1253; x_wconf 85' lang='grc' dir='ltr'>μέλλει</span> <span class='ocrx_word' id='word_1_191' title='bbox 2530 1183 2558 1236; x_wconf 82' lang='grc' dir='ltr'><strong>δ</strong></span> <span class='ocrx_word' id='word_1_192' title='bbox 2600 1183 2766 1250; x_wconf 80' lang='grc' dir='ltr'>Θεὸς,</span> <span class='ocrx_word' id='word_1_193' title='bbox 2816 1186 2963 1255; x_wconf 82' lang='grc' dir='ltr'>τοῖχε</span> <span class='ocrx_word' id='word_1_194' title='bbox 2998 1185 3371 1256; x_wconf 81' lang='grc' dir='ltr'>κεκονιαμένε.</span> <span class='ocrx_word' id='word_1_195' title='bbox 3403 1205 3420 1237; x_wconf 73' lang='grc' dir='ltr'><strong>ι</strong></span> <span class='ocrx_word' id='word_1_196' title='bbox 3472 1184 3735 1250; x_wconf 81' lang='grc' dir='ltr'>’Δσθενείας</span> 
     </span>
    </p>
   </div>
   <div class='ocr_carea' id='block_1_27' title="bbox 2208 1269 3735 1349">
    <p class='ocr_par' dir='ltr' id='par_1_27' title="bbox 2208 1269 3735 1349">
     <span class='ocr_line' id='line_1_27' title="bbox 2208 1269 3735 1349; baseline 0.003 -22"><span class='ocrx_word' id='word_1_197' title='bbox 2208 1269 2300 1328; x_wconf 77' lang='grc' dir='ltr'><strong>οὖν</strong></span> <span class='ocrx_word' id='word_1_198' title='bbox 2334 1274 2445 1346; x_wconf 79' lang='grc' dir='ltr'><strong>ἀρα</strong></span> <span class='ocrx_word' id='word_1_199' title='bbox 2471 1274 2762 1347; x_wconf 83' lang='grc' dir='ltr'>φάρμακον</span> <span class='ocrx_word' id='word_1_200' title='bbox 2787 1276 3137 1349; x_wconf 79' lang='grc' dir='ltr'>ἀνθρωπίνης</span> <span class='ocrx_word' id='word_1_201' title='bbox 3160 1279 3255 1332; x_wconf 77' lang='grc' dir='ltr'><strong>καὶ</strong></span> <span class='ocrx_word' id='word_1_202' title='bbox 3287 1277 3466 1340; x_wconf 84' lang='grc' dir='ltr'>τοῦτο,</span> <span class='ocrx_word' id='word_1_203' title='bbox 3496 1278 3581 1331; x_wconf 80' lang='grc' dir='ltr'>καὶ</span> <span class='ocrx_word' id='word_1_204' title='bbox 3605 1278 3735 1332; x_wconf 81' lang='grc' dir='ltr'>κολά-</span> 
     </span>
    </p>
   </div>
   <div class='ocr_carea' id='block_1_28' title="bbox 2210 1365 3735 1442">
    <p class='ocr_par' dir='ltr' id='par_1_28' title="bbox 2210 1365 3735 1442">
     <span class='ocr_line' id='line_1_28' title="bbox 2210 1365 3735 1442; baseline 0.001 -23"><span class='ocrx_word' id='word_1_205' title='bbox 2210 1365 2423 1433; x_wconf 80' lang='grc' dir='ltr'>ζεσθαι,</span> <span class='ocrx_word' id='word_1_206' title='bbox 2479 1369 2648 1439; x_wconf 75' lang='grc' dir='ltr'>φημὶ,</span> <span class='ocrx_word' id='word_1_207' title='bbox 2687 1370 2993 1442; x_wconf 79' lang='grc' dir='ltr'>προσδοκᾷν</span> <span class='ocrx_word' id='word_1_208' title='bbox 3045 1371 3172 1435; x_wconf 79' lang='grc' dir='ltr'>τοὺς</span> <span class='ocrx_word' id='word_1_209' title='bbox 3226 1370 3429 1424; x_wconf 78' lang='grc' dir='ltr'><strong>ἀδικεῖν</strong></span> <span class='ocrx_word' id='word_1_210' title='bbox 3476 1370 3735 1439; x_wconf 79' lang='grc' dir='ltr'><strong>ἑλομένους.</strong></span> 
     </span>
    </p>
   </div>
   <div class='ocr_carea' id='block_1_29' title="bbox 2209 1458 3738 1534">
    <p class='ocr_par' dir='ltr' id='par_1_29' title="bbox 2209 1458 3738 1534">
     <span class='ocr_line' id='line_1_29' title="bbox 2209 1458 3738 1534; baseline 0.003 -24"><span class='ocrx_word' id='word_1_211' title='bbox 2209 1458 2492 1528; x_wconf 87' lang='grc' dir='ltr'>Κρείττων</span> <span class='ocrx_word' id='word_1_212' title='bbox 2515 1477 2579 1529; x_wconf 91' lang='grc' dir='ltr'><strong>γε</strong></span> <span class='ocrx_word' id='word_1_213' title='bbox 2609 1462 2714 1533; x_wconf 77' lang='grc' dir='ltr'>μὴν</span> <span class='ocrx_word' id='word_1_214' title='bbox 2734 1504 2749 1526; x_wconf 97' lang='grc'><strong>,</strong></span> <span class='ocrx_word' id='word_1_215' title='bbox 2776 1463 2869 1516; x_wconf 67' lang='grc' dir='ltr'>καὶ</span> <span class='ocrx_word' id='word_1_216' title='bbox 2895 1464 2953 1516; x_wconf 82' lang='grc' dir='ltr'><strong>ὲν</strong></span> <span class='ocrx_word' id='word_1_217' title='bbox 2987 1463 3193 1517; x_wconf 87' lang='grc' dir='ltr'>πλείονι</span> <span class='ocrx_word' id='word_1_218' title='bbox 3226 1462 3427 1534; x_wconf 86' lang='grc' dir='ltr'>μέτρῳ,</span> <span class='ocrx_word' id='word_1_219' title='bbox 3454 1462 3548 1532; x_wconf 81' lang='grc' dir='ltr'>τῆς</span> <span class='ocrx_word' id='word_1_220' title='bbox 3567 1462 3738 1532; x_wconf 87' lang='grc' dir='ltr'>ἀνθρω-</span> 
     </span>
    </p>
   </div>
   <div class='ocr_carea' id='block_1_30' title="bbox 2210 1550 3737 1626">
    <p class='ocr_par' dir='ltr' id='par_1_30' title="bbox 2210 1550 3737 1626">
     <span class='ocr_line' id='line_1_30' title="bbox 2210 1550 3737 1626; baseline 0.005 -27"><span class='ocrx_word' id='word_1_221' title='bbox 2210 1550 2372 1619; x_wconf 90' lang='grc' dir='ltr'>πίνης</span> <span class='ocrx_word' id='word_1_222' title='bbox 2412 1550 2778 1623; x_wconf 78' lang='grc' dir='ltr'><strong>μικροψυχίας</strong></span> <span class='ocrx_word' id='word_1_223' title='bbox 2800 1554 2829 1606; x_wconf 76' lang='grc' dir='ltr'>ὁ</span> <span class='ocrx_word' id='word_1_224' title='bbox 2859 1554 3086 1626; x_wconf 81' lang='grc' dir='ltr'>Κύριος.</span> <span class='ocrx_word' id='word_1_225' title='bbox 3134 1573 3153 1605; x_wconf 84' lang='grc' dir='ltr'><strong>ι</strong></span> <span class='ocrx_word' id='word_1_226' title='bbox 3199 1552 3608 1625; x_wconf 89' lang='grc' dir='ltr'>Λοιδορούμενος</span> <span class='ocrx_word' id='word_1_227' title='bbox 3637 1552 3737 1623; x_wconf 68' lang='grc' dir='ltr'>γὰρ,</span> 
     </span>
    </p>
   </div>
   <div class='ocr_carea' id='block_1_31' title="bbox 2207 1638 3739 1715">
    <p class='ocr_par' dir='ltr' id='par_1_31' title="bbox 2207 1638 3739 1715">
     <span class='ocr_line' id='line_1_31' title="bbox 2207 1638 3739 1715; baseline 0.003 -25"><span class='ocrx_word' id='word_1_228' title='bbox 2207 1638 2307 1691; x_wconf 73' lang='grc' dir='ltr'><strong>οὐκ</strong></span> <span class='ocrx_word' id='word_1_229' title='bbox 2344 1640 2727 1713; x_wconf 82' lang='grc' dir='ltr'>ἀντελοιδόρει,</span> <span class='ocrx_word' id='word_1_230' title='bbox 2754 1644 2980 1715; x_wconf 87' lang='grc' dir='ltr'>πάσχων</span> <span class='ocrx_word' id='word_1_231' title='bbox 3004 1645 3106 1698; x_wconf 80' lang='grc' dir='ltr'><strong>οὐκ</strong></span> <span class='ocrx_word' id='word_1_232' title='bbox 3128 1642 3361 1714; x_wconf 79' lang='grc' dir='ltr'>ἠπείλει,</span> <span class='ocrx_word' id='word_1_233' title='bbox 3394 1661 3410 1694; x_wconf 77' lang='grc' dir='ltr'><strong>ι</strong></span> <span class='ocrx_word' id='word_1_234' title='bbox 3446 1644 3576 1696; x_wconf 84' lang='grc' dir='ltr'><strong>κατά</strong></span> <span class='ocrx_word' id='word_1_235' title='bbox 3600 1642 3650 1694; x_wconf 80' lang='grc' dir='ltr'>τὸ</span> <span class='ocrx_word' id='word_1_236' title='bbox 3669 1659 3739 1711; x_wconf 84' lang='grc' dir='ltr'>γε-</span> 
     </span>
    </p>
   </div>
   <div class='ocr_carea' id='block_1_32' title="bbox 2209 1732 3739 1808">
    <p class='ocr_par' dir='ltr' id='par_1_32' title="bbox 2209 1732 3739 1808">
     <span class='ocr_line' id='line_1_32' title="bbox 2209 1732 3739 1808; baseline -0.004 -17"><span class='ocrx_word' id='word_1_237' title='bbox 2209 1732 2552 1801; x_wconf 74' lang='grc' dir='ltr'>γραμμένον.</span> <span class='ocrx_word' id='word_1_238' title='bbox 2591 1735 2986 1805; x_wconf 78' lang='grc' dir='ltr'>Ῥαπιζόμενος</span> <span class='ocrx_word' id='word_1_239' title='bbox 3020 1735 3077 1789; x_wconf 74' lang='grc' dir='ltr'><strong>δὲ</strong></span> <span class='ocrx_word' id='word_1_240' title='bbox 3097 1775 3111 1799; x_wconf 93' lang='grc'><strong>,</strong></span> <span class='ocrx_word' id='word_1_241' title='bbox 3141 1735 3398 1808; x_wconf 80' lang='grc' dir='ltr'>φορτικὸν</span> <span class='ocrx_word' id='word_1_242' title='bbox 3425 1732 3569 1789; x_wconf 72' lang='grc' dir='ltr'>εἶπεν</span> <span class='ocrx_word' id='word_1_243' title='bbox 3590 1734 3739 1797; x_wconf 75' lang='grc' dir='ltr'>οὐδὲν,</span> 
     </span>
    </p>
   </div>
   <div class='ocr_carea' id='block_1_33' title="bbox 2209 1824 3740 1901">
    <p class='ocr_par' dir='ltr' id='par_1_33' title="bbox 2209 1824 3740 1901">
     <span class='ocr_line' id='line_1_33' title="bbox 2209 1824 3740 1901; baseline -0.001 -23"><span class='ocrx_word' id='word_1_244' title='bbox 2209 1824 2332 1878; x_wconf 72' lang='grc' dir='ltr'>οὗτε</span> <span class='ocrx_word' id='word_1_245' title='bbox 2361 1826 2466 1898; x_wconf 85' lang='grc' dir='ltr'>μὴν</span> <span class='ocrx_word' id='word_1_246' title='bbox 2488 1829 2752 1900; x_wconf 79' lang='grc' dir='ltr'>ἠπείλησε</span> <span class='ocrx_word' id='word_1_247' title='bbox 2780 1829 2856 1901; x_wconf 81' lang='grc' dir='ltr'>τῷ</span> <span class='ocrx_word' id='word_1_248' title='bbox 2876 1833 3069 1884; x_wconf 89' lang='grc' dir='ltr'>παῖσαι</span> <span class='ocrx_word' id='word_1_249' title='bbox 3100 1827 3476 1898; x_wconf 82' lang='grc' dir='ltr'>τετολμηκότι·</span> <span class='ocrx_word' id='word_1_250' title='bbox 3505 1826 3740 1897; x_wconf 80' lang='grc' dir='ltr'>πραότατα</span> 
     </span>
    </p>
   </div>
   <div class='ocr_carea' id='block_1_34' title="bbox 2209 1914 3742 1992">
    <p class='ocr_par' dir='ltr' id='par_1_34' title="bbox 2209 1914 3742 1992">
     <span class='ocr_line' id='line_1_34' title="bbox 2209 1914 3742 1992; baseline -0.001 -23"><span class='ocrx_word' id='word_1_251' title='bbox 2209 1916 2266 1970; x_wconf 82' lang='grc' dir='ltr'><strong>δὲ</strong></span> <span class='ocrx_word' id='word_1_252' title='bbox 2291 1919 2384 1970; x_wconf 70' lang='grc' dir='ltr'><strong>καὶ</strong></span> <span class='ocrx_word' id='word_1_253' title='bbox 2410 1919 2752 1986; x_wconf 78' lang='grc' dir='ltr'>ἀνεξικάκως</span> <span class='ocrx_word' id='word_1_254' title='bbox 2784 1921 2981 1992; x_wconf 76' lang='grc' dir='ltr'>κομιδῇ</span> <span class='ocrx_word' id='word_1_255' title='bbox 3006 1964 3021 1988; x_wconf 90' lang='grc'><strong>,</strong></span> <span class='ocrx_word' id='word_1_256' title='bbox 3075 1940 3092 1972; x_wconf 82' lang='grc' dir='ltr'><strong>ι</strong></span> <span class='ocrx_word' id='word_1_257' title='bbox 3124 1921 3185 1974; x_wconf 85' lang='grc' dir='ltr'>Εἰ</span> <span class='ocrx_word' id='word_1_258' title='bbox 3217 1918 3425 1981; x_wconf 85' lang='grc' dir='ltr'>κακῶς,</span> <span class='ocrx_word' id='word_1_259' title='bbox 3454 1917 3622 1988; x_wconf 75' lang='grc' dir='ltr'>φησὶν.</span> <span class='ocrx_word' id='word_1_260' title='bbox 3648 1914 3742 1968; x_wconf 80' lang='grc' dir='ltr'>ἑλά-</span> 
     </span>
    </p>
   </div>
   <div class='ocr_carea' id='block_1_35' title="bbox 521 2001 3742 2083">
    <p class='ocr_par' dir='ltr' id='par_1_35' title="bbox 521 2001 3742 2083">
     <span class='ocr_line' id='line_1_35' title="bbox 521 2001 3742 2083; baseline 0 -23"><span class='ocrx_word' id='word_1_261' title='bbox 521 2007 683 2079; x_wconf 89' lang='grc' dir='ltr'>λησα,</span> <span class='ocrx_word' id='word_1_262' title='bbox 722 2008 1075 2081; x_wconf 82' lang='grc' dir='ltr'>μαρτύρησον</span> <span class='ocrx_word' id='word_1_263' title='bbox 1108 2006 1351 2078; x_wconf 76' lang='grc' dir='ltr'>περὶτοῦ</span> <span class='ocrx_word' id='word_1_264' title='bbox 1381 2003 1551 2059; x_wconf 87' lang='grc' dir='ltr'>κοικοῦ</span> <span class='ocrx_word' id='word_1_265' title='bbox 1573 2022 1586 2035; x_wconf 93' lang='grc'><strong>·</strong></span> <span class='ocrx_word' id='word_1_266' title='bbox 1629 2004 1678 2057; x_wconf 81' lang='grc' dir='ltr'><strong>εί</strong></span> <span class='ocrx_word' id='word_1_267' title='bbox 1715 2003 1771 2057; x_wconf 82' lang='grc' dir='ltr'><strong>δὲ</strong></span> <span class='ocrx_word' id='word_1_268' title='bbox 1802 2001 2015 2065; x_wconf 88' lang='grc' dir='ltr'>καλῶς,</span> <span class='ocrx_word' id='word_1_269' title='bbox 2050 2002 2104 2055; x_wconf 90' lang='grc' dir='ltr'><strong>τί</strong></span> <span class='ocrx_word' id='word_1_270' title='bbox 2144 2021 2211 2073; x_wconf 87' lang='grc' dir='ltr'><strong>με</strong></span> <span class='ocrx_word' id='word_1_271' title='bbox 2245 2005 2460 2078; x_wconf 88' lang='grc' dir='ltr'>δέρεις;</span> <span class='ocrx_word' id='word_1_272' title='bbox 2497 2029 2515 2061; x_wconf 76' lang='grc' dir='ltr'><strong>ι</strong></span> <span class='ocrx_word' id='word_1_273' title='bbox 2563 2011 2805 2081; x_wconf 83' lang='grc' dir='ltr'>Ἀληθῶς</span> <span class='ocrx_word' id='word_1_274' title='bbox 2830 2008 2923 2066; x_wconf 73' lang='grc' dir='ltr'><strong>οὖν</strong></span> <span class='ocrx_word' id='word_1_275' title='bbox 2947 2012 3056 2083; x_wconf 88' lang='grc' dir='ltr'><strong>ἀρα</strong></span> <span class='ocrx_word' id='word_1_276' title='bbox 3081 2014 3195 2075; x_wconf 87' lang='grc' dir='ltr'>τοῖς</span> <span class='ocrx_word' id='word_1_277' title='bbox 3221 2010 3521 2080; x_wconf 75' lang='grc' dir='ltr'>προφήταις</span> <span class='ocrx_word' id='word_1_278' title='bbox 3547 2010 3573 2060; x_wconf 85' lang='grc' dir='ltr'>ὁ</span> <span class='ocrx_word' id='word_1_279' title='bbox 3604 2007 3742 2075; x_wconf 80' lang='grc' dir='ltr'>λόγος,</span> 
     </span>
    </p>
   </div>
   <div class='ocr_carea' id='block_1_36' title="bbox 517 2094 3328 2177">
    <p class='ocr_par' dir='ltr' id='par_1_36' title="bbox 517 2094 3328 2177">
     <span class='ocr_line' id='line_1_36' title="bbox 517 2094 3328 2177; baseline 0 -23"><span class='ocrx_word' id='word_1_280' title='bbox 517 2101 599 2154; x_wconf 83' lang='grc' dir='ltr'>ὅτι</span> <span class='ocrx_word' id='word_1_281' title='bbox 632 2120 650 2151; x_wconf 82' lang='grc' dir='ltr'><strong>ι</strong></span> <span class='ocrx_word' id='word_1_282' title='bbox 690 2100 785 2163; x_wconf 84' lang='grc' dir='ltr'>Τίς</span> <span class='ocrx_word' id='word_1_283' title='bbox 820 2102 878 2153; x_wconf 82' lang='grc' dir='ltr'>ὲν</span> <span class='ocrx_word' id='word_1_284' title='bbox 912 2100 1162 2169; x_wconf 80' lang='grc' dir='ltr'>νεφέλαις</span> <span class='ocrx_word' id='word_1_285' title='bbox 1197 2098 1521 2169; x_wconf 84' lang='grc' dir='ltr'>ἰσωθήσεται</span> <span class='ocrx_word' id='word_1_286' title='bbox 1550 2096 1627 2166; x_wconf 71' lang='grc' dir='ltr'><strong>τῖς)</strong></span> <span class='ocrx_word' id='word_1_287' title='bbox 1663 2096 1881 2167; x_wconf 82' lang='grc' dir='ltr'>Κυρίῳ,</span> <span class='ocrx_word' id='word_1_288' title='bbox 1911 2096 1943 2166; x_wconf 83' lang='grc' dir='ltr'>ἢ</span> <span class='ocrx_word' id='word_1_289' title='bbox 1989 2094 2062 2159; x_wconf 83' lang='grc' dir='ltr'><strong>τίς</strong></span> <span class='ocrx_word' id='word_1_290' title='bbox 2097 2097 2603 2176; x_wconf 82' lang='grc' dir='ltr'>ὁμοιωθήσεταιτῷ</span> <span class='ocrx_word' id='word_1_291' title='bbox 2639 2106 2827 2177; x_wconf 81' lang='grc' dir='ltr'>Κυρίῳ</span> <span class='ocrx_word' id='word_1_292' title='bbox 2855 2108 2913 2158; x_wconf 80' lang='grc' dir='ltr'><strong>ἐν</strong></span> <span class='ocrx_word' id='word_1_293' title='bbox 2940 2107 3079 2168; x_wconf 81' lang='grc' dir='ltr'>υἱοῖς</span> <span class='ocrx_word' id='word_1_294' title='bbox 3112 2102 3281 2165; x_wconf 83' lang='grc' dir='ltr'><strong>Θεοῦ;</strong></span> <span class='ocrx_word' id='word_1_295' title='bbox 3310 2123 3328 2153; x_wconf 77' lang='grc' dir='ltr'><strong>ι</strong></span> 
     </span>
    </p>
   </div>
   <div class='ocr_carea' id='block_1_37' title="bbox 594 2187 2000 2257">
    <p class='ocr_par' dir='ltr' id='par_1_37' title="bbox 594 2187 2000 2257">
     <span class='ocr_line' id='line_1_37' title="bbox 594 2187 2000 2257; baseline -0.004 -13"><span class='ocrx_word' id='word_1_296' title='bbox 594 2189 713 2256; x_wconf 78' lang='lat' dir='ltr'><strong>XV,</strong></span> <span class='ocrx_word' id='word_1_297' title='bbox 755 2191 845 2245; x_wconf 72' lang='lat'><strong>23.</strong></span> <span class='ocrx_word' id='word_1_298' title='bbox 887 2190 992 2257; x_wconf 79' lang='lat' dir='ltr'><strong>Qui</strong></span> <span class='ocrx_word' id='word_1_299' title='bbox 1029 2207 1108 2244; x_wconf 88' lang='lat' dir='ltr'><strong>me</strong></span> <span class='ocrx_word' id='word_1_300' title='bbox 1149 2190 1291 2257; x_wconf 83' lang='lat' dir='ltr'><strong>odit,</strong></span> <span class='ocrx_word' id='word_1_301' title='bbox 1330 2199 1379 2243; x_wconf 80' lang='lat' dir='ltr'><strong>et</strong></span> <span class='ocrx_word' id='word_1_302' title='bbox 1408 2189 1627 2243; x_wconf 82' lang='lat' dir='ltr'><strong>Patrem</strong></span> <span class='ocrx_word' id='word_1_303' title='bbox 1659 2204 1829 2241; x_wconf 83' lang='lat' dir='ltr'><strong>meum</strong></span> <span class='ocrx_word' id='word_1_304' title='bbox 1869 2187 2000 2240; x_wconf 83' lang='lat' dir='ltr'><strong>odit.</strong></span> 
     </span>
    </p>
   </div>
   <div class='ocr_carea' id='block_1_38' title="bbox 590 2277 2113 2354">
    <p class='ocr_par' dir='ltr' id='par_1_38' title="bbox 590 2277 2113 2354">
     <span class='ocr_line' id='line_1_38' title="bbox 590 2277 2113 2354; baseline -0.002 -20"><span class='ocrx_word' id='word_1_305' title='bbox 590 2282 892 2351; x_wconf 85' lang='lat' dir='ltr'><strong>lmpietatis</strong></span> <span class='ocrx_word' id='word_1_306' title='bbox 931 2298 1059 2354; x_wconf 85' lang='lat' dir='ltr'><strong>erga</strong></span> <span class='ocrx_word' id='word_1_307' title='bbox 1105 2282 1273 2337; x_wconf 89' lang='lat' dir='ltr'><strong>Deum</strong></span> <span class='ocrx_word' id='word_1_308' title='bbox 1327 2280 1534 2336; x_wconf 85' lang='lat' dir='ltr'><strong>crimen</strong></span> <span class='ocrx_word' id='word_1_309' title='bbox 1576 2279 1646 2335; x_wconf 91' lang='lat' dir='ltr'><strong>iis</strong></span> <span class='ocrx_word' id='word_1_310' title='bbox 1686 2278 1983 2333; x_wconf 82' lang='lat' dir='ltr'><strong>manifeste</strong></span> <span class='ocrx_word' id='word_1_311' title='bbox 2016 2277 2113 2331; x_wconf 86' lang='lat' dir='ltr'><strong>tri-</strong></span> 
     </span>
    </p>
   </div>
   <div class='ocr_carea' id='block_1_39' title="bbox 520 2370 2113 2453">
    <p class='ocr_par' dir='ltr' id='par_1_39' title="bbox 520 2370 2113 2453">
     <span class='ocr_line' id='line_1_39' title="bbox 520 2370 2113 2453; baseline -0.001 -26"><span class='ocrx_word' id='word_1_312' title='bbox 520 2373 645 2453; x_wconf 87' lang='lat' dir='ltr'><strong>huit</strong></span> <span class='ocrx_word' id='word_1_313' title='bbox 672 2374 765 2443; x_wconf 91' lang='lat' dir='ltr'><strong>qui</strong></span> <span class='ocrx_word' id='word_1_314' title='bbox 796 2383 979 2428; x_wconf 83' lang='lat' dir='ltr'><strong>emota</strong></span> <span class='ocrx_word' id='word_1_315' title='bbox 1003 2389 1067 2428; x_wconf 87' lang='lat' dir='ltr'><strong>ac</strong></span> <span class='ocrx_word' id='word_1_316' title='bbox 1090 2370 1298 2429; x_wconf 86' lang='lat' dir='ltr'><strong>nefaria</strong></span> <span class='ocrx_word' id='word_1_317' title='bbox 1333 2381 1515 2428; x_wconf 86' lang='lat' dir='ltr'><strong>mente</strong></span> <span class='ocrx_word' id='word_1_318' title='bbox 1546 2370 1743 2426; x_wconf 87' lang='lat' dir='ltr'><strong>Filium</strong></span> <span class='ocrx_word' id='word_1_319' title='bbox 1770 2371 1900 2427; x_wconf 93' lang='lat' dir='ltr'><strong>odio</strong></span> <span class='ocrx_word' id='word_1_320' title='bbox 1918 2385 2113 2441; x_wconf 82' lang='lat' dir='ltr'><strong>prose-</strong></span> 
     </span>
    </p>
   </div>
   <div class='ocr_carea' id='block_1_40' title="bbox 520 2460 2119 2533">
    <p class='ocr_par' dir='ltr' id='par_1_40' title="bbox 520 2460 2119 2533">
     <span class='ocr_line' id='line_1_40' title="bbox 520 2460 2119 2533; baseline -0.002 -16"><span class='ocrx_word' id='word_1_321' title='bbox 520 2471 782 2532; x_wconf 87' lang='lat' dir='ltr'><strong>quentur.</strong></span> <span class='ocrx_word' id='word_1_322' title='bbox 826 2463 983 2528; x_wconf 83' lang='lat' dir='ltr'><strong>Quod</strong></span> <span class='ocrx_word' id='word_1_323' title='bbox 1025 2463 1250 2533; x_wconf 84' lang='lat' dir='ltr'><strong>quidem</strong></span> <span class='ocrx_word' id='word_1_324' title='bbox 1294 2479 1487 2519; x_wconf 86' lang='lat' dir='ltr'><strong>verum</strong></span> <span class='ocrx_word' id='word_1_325' title='bbox 1520 2471 1627 2518; x_wconf 88' lang='lat' dir='ltr'><strong>est.</strong></span> <span class='ocrx_word' id='word_1_326' title='bbox 1667 2460 1781 2518; x_wconf 77' lang='lat' dir='ltr'><strong>Nec</strong></span> <span class='ocrx_word' id='word_1_327' title='bbox 1808 2465 1951 2518; x_wconf 90' lang='lat' dir='ltr'><strong>enim</strong></span> <span class='ocrx_word' id='word_1_328' title='bbox 1986 2476 2119 2530; x_wconf 90' lang='lat' dir='ltr'><strong>pos-</strong></span> 
     </span>
    </p>
   </div>
   <div class='ocr_carea' id='block_1_41' title="bbox 521 2553 2119 2626">
    <p class='ocr_par' dir='ltr' id='par_1_41' title="bbox 521 2553 2119 2626">
     <span class='ocr_line' id='line_1_41' title="bbox 521 2553 2119 2626; baseline -0.001 -17"><span class='ocrx_word' id='word_1_329' title='bbox 521 2563 656 2610; x_wconf 88' lang='lat' dir='ltr'><strong>sunt</strong></span> <span class='ocrx_word' id='word_1_330' title='bbox 698 2554 752 2608; x_wconf 92' lang='lat' dir='ltr'><strong>in</strong></span> <span class='ocrx_word' id='word_1_331' title='bbox 793 2553 1011 2609; x_wconf 73' lang='lat' dir='ltr'><strong>Patrem</strong></span> <span class='ocrx_word' id='word_1_332' title='bbox 1055 2571 1163 2608; x_wconf 92' lang='lat' dir='ltr'><strong>non</strong></span> <span class='ocrx_word' id='word_1_333' title='bbox 1204 2554 1371 2626; x_wconf 78' lang='lat'><strong>906</strong></span> <span class='ocrx_word' id='word_1_334' title='bbox 1404 2569 1668 2625; x_wconf 88' lang='lat' dir='ltr'><strong>peccare,</strong></span> <span class='ocrx_word' id='word_1_335' title='bbox 1698 2554 1795 2624; x_wconf 90' lang='lat' dir='ltr'><strong>qui</strong></span> <span class='ocrx_word' id='word_1_336' title='bbox 1832 2560 2119 2609; x_wconf 85' lang='lat' dir='ltr'><strong>contume-</strong></span> 
     </span>
    </p>
   </div>
   <div class='ocr_carea' id='block_1_42' title="bbox 523 2642 2117 2709">
    <p class='ocr_par' dir='ltr' id='par_1_42' title="bbox 523 2642 2117 2709">
     <span class='ocr_line' id='line_1_42' title="bbox 523 2642 2117 2709; baseline -0.003 -11"><span class='ocrx_word' id='word_1_337' title='bbox 523 2644 649 2699; x_wconf 89' lang='lat' dir='ltr'><strong>liosi</strong></span> <span class='ocrx_word' id='word_1_338' title='bbox 701 2654 831 2699; x_wconf 89' lang='lat' dir='ltr'><strong>sunt</strong></span> <span class='ocrx_word' id='word_1_339' title='bbox 889 2644 943 2699; x_wconf 92' lang='lat' dir='ltr'><strong>in</strong></span> <span class='ocrx_word' id='word_1_340' title='bbox 998 2642 1236 2709; x_wconf 84' lang='lat' dir='ltr'><strong>Filium,</strong></span> <span class='ocrx_word' id='word_1_341' title='bbox 1287 2652 1383 2698; x_wconf 89' lang='lat' dir='ltr'><strong>aut</strong></span> <span class='ocrx_word' id='word_1_342' title='bbox 1432 2660 1562 2698; x_wconf 87' lang='lat' dir='ltr'><strong>cum</strong></span> <span class='ocrx_word' id='word_1_343' title='bbox 1605 2642 1861 2698; x_wconf 87' lang='lat' dir='ltr'><strong>oderunt.</strong></span> <span class='ocrx_word' id='word_1_344' title='bbox 1913 2643 2117 2708; x_wconf 83' lang='lat' dir='ltr'><strong>Quem-</strong></span> 
     </span>
    </p>
   </div>
   <div class='ocr_carea' id='block_1_43' title="bbox 523 2734 2118 2806">
    <p class='ocr_par' dir='ltr' id='par_1_43' title="bbox 523 2734 2118 2806">
     <span class='ocr_line' id='line_1_43' title="bbox 523 2734 2118 2806; baseline -0.001 -16"><span class='ocrx_word' id='word_1_345' title='bbox 523 2736 813 2791; x_wconf 81' lang='lat' dir='ltr'><strong>admodum</strong></span> <span class='ocrx_word' id='word_1_346' title='bbox 851 2737 996 2791; x_wconf 90' lang='lat' dir='ltr'><strong>enim</strong></span> <span class='ocrx_word' id='word_1_347' title='bbox 1034 2737 1128 2806; x_wconf 91' lang='lat' dir='ltr'><strong>qui</strong></span> <span class='ocrx_word' id='word_1_348' title='bbox 1166 2737 1303 2792; x_wconf 87' lang='lat' dir='ltr'><strong>solis</strong></span> <span class='ocrx_word' id='word_1_349' title='bbox 1374 2735 1563 2790; x_wconf 89' lang='lat' dir='ltr'><strong>radios</strong></span> <span class='ocrx_word' id='word_1_350' title='bbox 1597 2745 1660 2790; x_wconf 92' lang='lat' dir='ltr'><strong>ut</strong></span> <span class='ocrx_word' id='word_1_351' title='bbox 1695 2735 1926 2790; x_wconf 90' lang='lat' dir='ltr'><strong>inutiles</strong></span> <span class='ocrx_word' id='word_1_352' title='bbox 1960 2734 2118 2790; x_wconf 81' lang='lat' dir='ltr'><strong>flocci</strong></span> 
     </span>
    </p>
   </div>
   <div class='ocr_carea' id='block_1_44' title="bbox 522 2826 2116 2898">
    <p class='ocr_par' dir='ltr' id='par_1_44' title="bbox 522 2826 2116 2898">
     <span class='ocr_line' id='line_1_44' title="bbox 522 2826 2116 2898; baseline 0.001 -17"><span class='ocrx_word' id='word_1_353' title='bbox 522 2827 806 2898; x_wconf 80' lang='lat' dir='ltr'><strong>pendunt,</strong></span> <span class='ocrx_word' id='word_1_354' title='bbox 840 2827 983 2883; x_wconf 88' lang='lat' dir='ltr'><strong>idem</strong></span> <span class='ocrx_word' id='word_1_355' title='bbox 1015 2828 1081 2883; x_wconf 85' lang='lat' dir='ltr'><strong>de</strong></span> <span class='ocrx_word' id='word_1_356' title='bbox 1115 2829 1232 2883; x_wconf 89' lang='lat' dir='ltr'><strong>sole</strong></span> <span class='ocrx_word' id='word_1_357' title='bbox 1262 2829 1383 2897; x_wconf 85' lang='lat' dir='ltr'><strong>ipso</strong></span> <span class='ocrx_word' id='word_1_358' title='bbox 1417 2828 1668 2882; x_wconf 91' lang='lat' dir='ltr'><strong>sentiunt</strong></span> <span class='ocrx_word' id='word_1_359' title='bbox 1696 2846 1709 2881; x_wconf 91' lang='lat'><strong>:</strong></span> <span class='ocrx_word' id='word_1_360' title='bbox 1745 2836 1799 2882; x_wconf 89' lang='lat' dir='ltr'><strong>et</strong></span> <span class='ocrx_word' id='word_1_361' title='bbox 1828 2827 1922 2896; x_wconf 89' lang='lat' dir='ltr'><strong>qui</strong></span> <span class='ocrx_word' id='word_1_362' title='bbox 1958 2826 2116 2882; x_wconf 84' lang='lat' dir='ltr'><strong>ﬂoris</strong></span> 
     </span>
    </p>
   </div>
   <div class='ocr_carea' id='block_1_45' title="bbox 522 2919 2115 2989">
    <p class='ocr_par' dir='ltr' id='par_1_45' title="bbox 522 2919 2115 2989">
     <span class='ocr_line' id='line_1_45' title="bbox 522 2919 2115 2989; baseline 0.001 -17"><span class='ocrx_word' id='word_1_363' title='bbox 522 2919 747 2975; x_wconf 89' lang='lat' dir='ltr'><strong>odorem</strong></span> <span class='ocrx_word' id='word_1_364' title='bbox 785 2926 1181 2989; x_wconf 85' lang='lat' dir='ltr'><strong>aspernantur,</strong></span> <span class='ocrx_word' id='word_1_365' title='bbox 1232 2919 1421 2973; x_wconf 78' lang='lat' dir='ltr'><strong>florem</strong></span> <span class='ocrx_word' id='word_1_366' title='bbox 1476 2919 1655 2987; x_wconf 90' lang='lat' dir='ltr'><strong>ipsum</strong></span> <span class='ocrx_word' id='word_1_367' title='bbox 1705 2926 2115 2975; x_wconf 89' lang='lat' dir='ltr'><strong>contemnunt:</strong></span> 
     </span>
    </p>
   </div>
   <div class='ocr_carea' id='block_1_46' title="bbox 524 3008 2120 3082">
    <p class='ocr_par' dir='ltr' id='par_1_46' title="bbox 524 3008 2120 3082">
     <span class='ocr_line' id='line_1_46' title="bbox 524 3008 2120 3082; baseline -0.001 -16"><span class='ocrx_word' id='word_1_368' title='bbox 524 3011 606 3067; x_wconf 89' lang='lat' dir='ltr'><strong>sic</strong></span> <span class='ocrx_word' id='word_1_369' title='bbox 664 3013 829 3066; x_wconf 86' lang='lat' dir='ltr'><strong>etiam</strong></span> <span class='ocrx_word' id='word_1_370' title='bbox 862 3011 929 3066; x_wconf 87' lang='lat' dir='ltr'><strong>de</strong></span> <span class='ocrx_word' id='word_1_371' title='bbox 960 3010 1263 3082; x_wconf 85' lang='lat' dir='ltr'><strong>Unigenito</strong></span> <span class='ocrx_word' id='word_1_372' title='bbox 1296 3018 1351 3065; x_wconf 93' lang='lat' dir='ltr'><strong>et</strong></span> <span class='ocrx_word' id='word_1_373' title='bbox 1386 3008 1507 3079; x_wconf 87' lang='lat' dir='ltr'><strong>ejus</strong></span> <span class='ocrx_word' id='word_1_374' title='bbox 1572 3009 1734 3065; x_wconf 82' lang='lat' dir='ltr'><strong>Patre</strong></span> <span class='ocrx_word' id='word_1_375' title='bbox 1768 3013 1991 3066; x_wconf 78' lang='lat' dir='ltr'><strong>evenire</strong></span> <span class='ocrx_word' id='word_1_376' title='bbox 2019 3026 2120 3080; x_wconf 92' lang='lat' dir='ltr'><strong>pu-</strong></span> 
     </span>
    </p>
   </div>
   <div class='ocr_carea' id='block_1_47' title="bbox 525 3102 2118 3173">
    <p class='ocr_par' dir='ltr' id='par_1_47' title="bbox 525 3102 2118 3173">
     <span class='ocr_line' id='line_1_47' title="bbox 525 3102 2118 3173; baseline 0 -14"><span class='ocrx_word' id='word_1_377' title='bbox 525 3103 749 3159; x_wconf 87' lang='lat' dir='ltr'><strong>tandum</strong></span> <span class='ocrx_word' id='word_1_378' title='bbox 788 3112 896 3159; x_wconf 84' lang='lat' dir='ltr'><strong>est.</strong></span> <span class='ocrx_word' id='word_1_379' title='bbox 937 3102 1051 3159; x_wconf 78' lang='lat' dir='ltr'><strong>Nec</strong></span> <span class='ocrx_word' id='word_1_380' title='bbox 1093 3103 1240 3159; x_wconf 91' lang='lat' dir='ltr'><strong>enim</strong></span> <span class='ocrx_word' id='word_1_381' title='bbox 1281 3102 1397 3157; x_wconf 87' lang='lat' dir='ltr'><strong>fieri</strong></span> <span class='ocrx_word' id='word_1_382' title='bbox 1433 3110 1613 3171; x_wconf 87' lang='lat' dir='ltr'><strong>potest</strong></span> <span class='ocrx_word' id='word_1_383' title='bbox 1649 3112 1711 3157; x_wconf 91' lang='lat' dir='ltr'><strong>ut</strong></span> <span class='ocrx_word' id='word_1_384' title='bbox 1742 3103 1835 3172; x_wconf 91' lang='lat' dir='ltr'><strong>qui</strong></span> <span class='ocrx_word' id='word_1_385' title='bbox 1867 3103 2015 3173; x_wconf 91' lang='lat' dir='ltr'><strong>quod</strong></span> <span class='ocrx_word' id='word_1_386' title='bbox 2050 3119 2118 3159; x_wconf 77' lang='lat' dir='ltr'><strong>ex</strong></span> 
     </span>
    </p>
   </div>
   <div class='ocr_carea' id='block_1_48' title="bbox 526 3192 2119 3266">
    <p class='ocr_par' dir='ltr' id='par_1_48' title="bbox 526 3192 2119 3266">
     <span class='ocr_line' id='line_1_48' title="bbox 526 3192 2119 3266; baseline -0.002 -17"><span class='ocrx_word' id='word_1_387' title='bbox 526 3196 712 3266; x_wconf 87' lang='lat' dir='ltr'><strong>aliquo</strong></span> <span class='ocrx_word' id='word_1_388' title='bbox 754 3204 839 3251; x_wconf 90' lang='lat' dir='ltr'><strong>est</strong></span> <span class='ocrx_word' id='word_1_389' title='bbox 883 3195 1239 3265; x_wconf 85' lang='lat' dir='ltr'><strong>vituperant,</strong></span> <span class='ocrx_word' id='word_1_390' title='bbox 1288 3194 1513 3250; x_wconf 88' lang='lat' dir='ltr'><strong>laudent</strong></span> <span class='ocrx_word' id='word_1_391' title='bbox 1554 3195 1607 3250; x_wconf 89' lang='lat' dir='ltr'><strong>id</strong></span> <span class='ocrx_word' id='word_1_392' title='bbox 1643 3212 1708 3251; x_wconf 79' lang='lat' dir='ltr'><strong>ex</strong></span> <span class='ocrx_word' id='word_1_393' title='bbox 1742 3209 1852 3266; x_wconf 89' lang='lat' dir='ltr'><strong>quo</strong></span> <span class='ocrx_word' id='word_1_394' title='bbox 1886 3204 1990 3249; x_wconf 89' lang='lat' dir='ltr'><strong>est.</strong></span> <span class='ocrx_word' id='word_1_395' title='bbox 2028 3192 2119 3247; x_wconf 88' lang='lat' dir='ltr'><strong>ld-</strong></span> 
     </span>
    </p>
   </div>
   <div class='ocr_carea' id='block_1_49' title="bbox 527 3282 2122 3354">
    <p class='ocr_par' dir='ltr' id='par_1_49' title="bbox 527 3282 2122 3354">
     <span class='ocr_line' id='line_1_49' title="bbox 527 3282 2122 3354; baseline -0.001 -14"><span class='ocrx_word' id='word_1_396' title='bbox 527 3286 678 3340; x_wconf 90' lang='lat' dir='ltr'><strong>circo</strong></span> <span class='ocrx_word' id='word_1_397' title='bbox 712 3285 933 3339; x_wconf 87' lang='lat' dir='ltr'><strong>diccbat</strong></span> <span class='ocrx_word' id='word_1_398' title='bbox 963 3283 1219 3339; x_wconf 84' lang='lat' dir='ltr'><strong>Christus</strong></span> <span class='ocrx_word' id='word_1_399' title='bbox 1250 3282 1457 3339; x_wconf 54' lang='lat' dir='ltr'><strong>ludatis</strong></span> <span class='ocrx_word' id='word_1_400' title='bbox 1485 3301 1498 3338; x_wconf 91' lang='lat'><strong>:</strong></span> <span class='ocrx_word' id='word_1_401' title='bbox 1528 3302 1547 3335; x_wconf 79' lang='grc' dir='ltr'><strong>ι</strong></span> <span class='ocrx_word' id='word_1_402' title='bbox 1577 3282 1698 3338; x_wconf 88' lang='lat' dir='ltr'><strong>Non</strong></span> <span class='ocrx_word' id='word_1_403' title='bbox 1735 3291 1920 3354; x_wconf 83' lang='lat' dir='ltr'><strong>potest</strong></span> <span class='ocrx_word' id='word_1_404' title='bbox 1956 3283 2122 3338; x_wconf 85' lang='lat' dir='ltr'><strong>arbor</strong></span> 
     </span>
    </p>
   </div>
   <div class='ocr_carea' id='block_1_50' title="bbox 528 3375 2155 3446">
    <p class='ocr_par' dir='ltr' id='par_1_50' title="bbox 528 3375 2155 3446">
     <span class='ocr_line' id='line_1_50' title="bbox 528 3375 2155 3446; baseline -0.003 -13"><span class='ocrx_word' id='word_1_405' title='bbox 528 3380 672 3433; x_wconf 88' lang='lat' dir='ltr'><strong>bona</strong></span> <span class='ocrx_word' id='word_1_406' title='bbox 704 3377 878 3431; x_wconf 90' lang='lat' dir='ltr'><strong>malos</strong></span> <span class='ocrx_word' id='word_1_407' title='bbox 915 3375 1125 3430; x_wconf 89' lang='lat' dir='ltr'><strong>fructus</strong></span> <span class='ocrx_word' id='word_1_408' title='bbox 1161 3375 1360 3443; x_wconf 77' lang='lat' dir='ltr'><strong>facere,</strong></span> <span class='ocrx_word' id='word_1_409' title='bbox 1412 3391 1595 3446; x_wconf 86' lang='lat' dir='ltr'><strong>neque</strong></span> <span class='ocrx_word' id='word_1_410' title='bbox 1636 3376 1804 3430; x_wconf 87' lang='lat' dir='ltr'><strong>arbor</strong></span> <span class='ocrx_word' id='word_1_411' title='bbox 1835 3375 1977 3428; x_wconf 91' lang='lat' dir='ltr'><strong>mala</strong></span> <span class='ocrx_word' id='word_1_412' title='bbox 2024 3375 2117 3430; x_wconf 82' lang='lat' dir='ltr'><strong>bo-</strong></span> <span class='ocrx_word' id='word_1_413' title='bbox 2143 3378 2155 3389; x_wconf 87' lang='lat'><strong><em>&#39;</em></strong></span> 
     </span>
    </p>
   </div>
   <div class='ocr_carea' id='block_1_51' title="bbox 531 3468 2120 3534">
    <p class='ocr_par' dir='ltr' id='par_1_51' title="bbox 531 3468 2120 3534">
     <span class='ocr_line' id='line_1_51' title="bbox 531 3468 2120 3534; baseline -0.003 -10"><span class='ocrx_word' id='word_1_414' title='bbox 531 3485 635 3525; x_wconf 86' lang='lat' dir='ltr'><strong>nos</strong></span> <span class='ocrx_word' id='word_1_415' title='bbox 666 3468 881 3525; x_wconf 72' lang='lat' dir='ltr'><strong>fructus</strong></span> <span class='ocrx_word' id='word_1_416' title='bbox 909 3468 1089 3524; x_wconf 87' lang='lat' dir='ltr'><strong>facere</strong></span> <span class='ocrx_word' id='word_1_417' title='bbox 1117 3470 1183 3534; x_wconf 83' lang='lat'><strong>&quot;,</strong></span> <span class='ocrx_word' id='word_1_418' title='bbox 1215 3488 1234 3521; x_wconf 75' lang='grc' dir='ltr'><strong>ι</strong></span> <span class='ocrx_word' id='word_1_419' title='bbox 1264 3484 1390 3523; x_wconf 81' lang='lat' dir='ltr'><strong>cum</strong></span> <span class='ocrx_word' id='word_1_420' title='bbox 1435 3470 1601 3523; x_wconf 91' lang='lat' dir='ltr'><strong>etiam</strong></span> <span class='ocrx_word' id='word_1_421' title='bbox 1641 3473 1904 3522; x_wconf 89' lang='lat' dir='ltr'><strong>accurato</strong></span> <span class='ocrx_word' id='word_1_422' title='bbox 1935 3473 1991 3522; x_wconf 93' lang='lat' dir='ltr'><strong>et</strong></span> <span class='ocrx_word' id='word_1_423' title='bbox 2022 3481 2120 3520; x_wconf 86' lang='lat' dir='ltr'><strong>ex-</strong></span> 
     </span>
    </p>
   </div>
   <div class='ocr_carea' id='block_1_52' title="bbox 530 3556 2114 3640">
    <p class='ocr_par' dir='ltr' id='par_1_52' title="bbox 530 3556 2114 3640">
     <span class='ocr_line' id='line_1_52' title="bbox 530 3556 2114 3640; baseline -0.003 -23"><span class='ocrx_word' id='word_1_424' title='bbox 530 3573 656 3619; x_wconf 86' lang='lat' dir='ltr'><strong>acto</strong></span> <span class='ocrx_word' id='word_1_425' title='bbox 677 3562 892 3632; x_wconf 88' lang='lat' dir='ltr'><strong>judicio</strong></span> <span class='ocrx_word' id='word_1_426' title='bbox 919 3562 1562 3640; x_wconf 83' lang='lat' dir='ltr'><strong>discernere_utrumque</strong></span> <span class='ocrx_word' id='word_1_427' title='bbox 1585 3560 1805 3629; x_wconf 75' lang='lat' dir='ltr'><strong>iuberet</strong></span> <span class='ocrx_word' id='word_1_428' title='bbox 1830 3577 1843 3614; x_wconf 89' lang='lat'><strong>:</strong></span> <span class='ocrx_word' id='word_1_429' title='bbox 1870 3559 2005 3613; x_wconf 72' lang='lat' dir='ltr'><strong>«Aut</strong></span> <span class='ocrx_word' id='word_1_430' title='bbox 2032 3556 2114 3612; x_wconf 85' lang='lat' dir='ltr'><strong>fa-</strong></span> 
     </span>
    </p>
   </div>
   <div class='ocr_carea' id='block_1_53' title="bbox 529 3651 2111 3723">
    <p class='ocr_par' dir='ltr' id='par_1_53' title="bbox 529 3651 2111 3723">
     <span class='ocr_line' id='line_1_53' title="bbox 529 3651 2111 3723; baseline -0.005 -12"><span class='ocrx_word' id='word_1_431' title='bbox 529 3657 636 3711; x_wconf 86' lang='lat' dir='ltr'><strong>cite</strong></span> <span class='ocrx_word' id='word_1_432' title='bbox 667 3656 921 3710; x_wconf 86' lang='lat' dir='ltr'><strong>arborem</strong></span> <span class='ocrx_word' id='word_1_433' title='bbox 954 3656 1152 3709; x_wconf 90' lang='lat' dir='ltr'><strong>malam</strong></span> <span class='ocrx_word' id='word_1_434' title='bbox 1176 3695 1191 3721; x_wconf 94' lang='lat'><strong>,</strong></span> <span class='ocrx_word' id='word_1_435' title='bbox 1224 3662 1278 3711; x_wconf 92' lang='lat' dir='ltr'><strong>et</strong></span> <span class='ocrx_word' id='word_1_436' title='bbox 1317 3654 1558 3709; x_wconf 91' lang='lat' dir='ltr'><strong>fructum</strong></span> <span class='ocrx_word' id='word_1_437' title='bbox 1587 3653 1710 3723; x_wconf 86' lang='lat' dir='ltr'><strong>ejus</strong></span> <span class='ocrx_word' id='word_1_438' title='bbox 1749 3653 1957 3706; x_wconf 90' lang='lat' dir='ltr'><strong>malum</strong></span> <span class='ocrx_word' id='word_1_439' title='bbox 1992 3651 2056 3706; x_wconf 84' lang='grc'>¹⁶.</span> <span class='ocrx_word' id='word_1_440' title='bbox 2092 3669 2111 3703; x_wconf 70' lang='grc' dir='ltr'><strong>ο</strong></span> 
     </span>
    </p>
   </div>
   <div class='ocr_carea' id='block_1_54' title="bbox 531 3743 2120 3813">
    <p class='ocr_par' dir='ltr' id='par_1_54' title="bbox 531 3743 2120 3813">
     <span class='ocr_line' id='line_1_54' title="bbox 531 3743 2120 3813; baseline -0.001 -13"><span class='ocrx_word' id='word_1_441' title='bbox 531 3747 686 3813; x_wconf 85' lang='lat' dir='ltr'><strong>Quod</strong></span> <span class='ocrx_word' id='word_1_442' title='bbox 715 3748 859 3803; x_wconf 90' lang='lat' dir='ltr'><strong>enim</strong></span> <span class='ocrx_word' id='word_1_443' title='bbox 891 3747 959 3803; x_wconf 92' lang='lat' dir='ltr'><strong>de</strong></span> <span class='ocrx_word' id='word_1_444' title='bbox 988 3747 1187 3801; x_wconf 90' lang='lat' dir='ltr'><strong>horum</strong></span> <span class='ocrx_word' id='word_1_445' title='bbox 1218 3761 1330 3801; x_wconf 92' lang='lat' dir='ltr'><strong>uno</strong></span> <span class='ocrx_word' id='word_1_446' title='bbox 1362 3761 1495 3800; x_wconf 90' lang='lat' dir='ltr'><strong>vere</strong></span> <span class='ocrx_word' id='word_1_447' title='bbox 1532 3745 1757 3811; x_wconf 91' lang='lat' dir='ltr'><strong>dicitur,</strong></span> <span class='ocrx_word' id='word_1_448' title='bbox 1793 3743 1896 3799; x_wconf 92' lang='lat' dir='ltr'><strong>hoc</strong></span> <span class='ocrx_word' id='word_1_449' title='bbox 1928 3743 2120 3813; x_wconf 90' lang='lat' dir='ltr'><strong>utique</strong></span> 
     </span>
    </p>
   </div>
   <div class='ocr_carea' id='block_1_55' title="bbox 532 3835 2122 3910">
    <p class='ocr_par' dir='ltr' id='par_1_55' title="bbox 532 3835 2122 3910">
     <span class='ocr_line' id='line_1_55' title="bbox 532 3835 2122 3910; baseline -0.001 -19"><span class='ocrx_word' id='word_1_450' title='bbox 532 3840 598 3893; x_wconf 79' lang='lat' dir='ltr'><strong>ad</strong></span> <span class='ocrx_word' id='word_1_451' title='bbox 633 3839 868 3894; x_wconf 88' lang='lat' dir='ltr'><strong>alterum</strong></span> <span class='ocrx_word' id='word_1_452' title='bbox 928 3840 1213 3910; x_wconf 88' lang='lat' dir='ltr'><strong>pertinere</strong></span> <span class='ocrx_word' id='word_1_453' title='bbox 1260 3839 1580 3893; x_wconf 85' lang='lat' dir='ltr'><strong>necessaria</strong></span> <span class='ocrx_word' id='word_1_454' title='bbox 1618 3853 1720 3892; x_wconf 88' lang='lat' dir='ltr'><strong>nos</strong></span> <span class='ocrx_word' id='word_1_455' title='bbox 1762 3837 1907 3891; x_wconf 90' lang='lat' dir='ltr'><strong>ratio</strong></span> <span class='ocrx_word' id='word_1_456' title='bbox 1947 3835 2122 3907; x_wconf 88' lang='lat' dir='ltr'><strong>adigit</strong></span> 
     </span>
    </p>
   </div>
   <div class='ocr_carea' id='block_1_56' title="bbox 533 3929 2122 4002">
    <p class='ocr_par' dir='ltr' id='par_1_56' title="bbox 533 3929 2122 4002">
     <span class='ocr_line' id='line_1_56' title="bbox 533 3929 2122 4002; baseline -0.002 -17"><span class='ocrx_word' id='word_1_457' title='bbox 533 3941 591 3986; x_wconf 89' lang='lat' dir='ltr'><strong>ut</strong></span> <span class='ocrx_word' id='word_1_458' title='bbox 622 3932 933 3988; x_wconf 87' lang='lat' dir='ltr'><strong>credamus.</strong></span> <span class='ocrx_word' id='word_1_459' title='bbox 972 3930 1152 3987; x_wconf 84' lang='lat' dir='ltr'><strong>Unius‘</strong></span> <span class='ocrx_word' id='word_1_460' title='bbox 1182 3931 1331 3986; x_wconf 88' lang='lat' dir='ltr'><strong>enim</strong></span> <span class='ocrx_word' id='word_1_461' title='bbox 1380 3939 1592 3986; x_wconf 65' lang='lat' dir='ltr'><strong>natura:</strong></span> <span class='ocrx_word' id='word_1_462' title='bbox 1635 3929 1919 4002; x_wconf 92' lang='lat' dir='ltr'><strong>quomodo</strong></span> <span class='ocrx_word' id='word_1_463' title='bbox 1965 3945 2122 3984; x_wconf 84' lang='lat' dir='ltr'><strong>com-</strong></span> 
     </span>
    </p>
   </div>
   <div class='ocr_carea' id='block_1_57' title="bbox 533 4022 2123 4094">
    <p class='ocr_par' dir='ltr' id='par_1_57' title="bbox 533 4022 2123 4094">
     <span class='ocr_line' id='line_1_57' title="bbox 533 4022 2123 4094; baseline -0.001 -18"><span class='ocrx_word' id='word_1_464' title='bbox 533 4025 717 4079; x_wconf 88' lang='lat' dir='ltr'><strong>munia</strong></span> <span class='ocrx_word' id='word_1_465' title='bbox 752 4040 861 4078; x_wconf 90' lang='lat' dir='ltr'><strong>non</strong></span> <span class='ocrx_word' id='word_1_466' title='bbox 887 4033 1051 4079; x_wconf 83' lang='lat' dir='ltr'><strong>erunt</strong></span> <span class='ocrx_word' id='word_1_467' title='bbox 1073 4038 1194 4093; x_wconf 71' lang='lat' dir='ltr'><strong>quae</strong></span> <span class='ocrx_word' id='word_1_468' title='bbox 1221 4022 1287 4077; x_wconf 83' lang='lat' dir='ltr'><strong>ad</strong></span> <span class='ocrx_word' id='word_1_469' title='bbox 1318 4023 1441 4092; x_wconf 90' lang='lat' dir='ltr'><strong>ejus</strong></span> <span class='ocrx_word' id='word_1_470' title='bbox 1471 4023 1687 4079; x_wconf 88' lang='lat' dir='ltr'><strong>laudem</strong></span> <span class='ocrx_word' id='word_1_471' title='bbox 1714 4030 2002 4094; x_wconf 85' lang='lat' dir='ltr'><strong>spectant,</strong></span> <span class='ocrx_word' id='word_1_472' title='bbox 2026 4030 2123 4075; x_wconf 87' lang='lat' dir='ltr'><strong>aut</strong></span> 
     </span>
    </p>
   </div>
   <div class='ocr_carea' id='block_1_58' title="bbox 533 4115 2122 4187">
    <p class='ocr_par' dir='ltr' id='par_1_58' title="bbox 533 4115 2122 4187">
     <span class='ocr_line' id='line_1_58' title="bbox 533 4115 2122 4187; baseline -0.001 -18"><span class='ocrx_word' id='word_1_473' title='bbox 533 4116 861 4171; x_wconf 80' lang='lat' dir='ltr'><strong>infamiam?</strong></span> <span class='ocrx_word' id='word_1_474' title='bbox 892 4116 957 4169; x_wconf 88' lang='lat' dir='ltr'><strong>Et</strong></span> <span class='ocrx_word' id='word_1_475' title='bbox 981 4116 1130 4186; x_wconf 84' lang='lat' dir='ltr'><strong>quod</strong></span> <span class='ocrx_word' id='word_1_476' title='bbox 1158 4116 1287 4187; x_wconf 90' lang='lat' dir='ltr'><strong>quis</strong></span> <span class='ocrx_word' id='word_1_477' title='bbox 1316 4116 1373 4170; x_wconf 93' lang='lat' dir='ltr'><strong>in</strong></span> <span class='ocrx_word' id='word_1_478' title='bbox 1402 4118 1578 4171; x_wconf 89' lang='lat' dir='ltr'><strong>rivum</strong></span> <span class='ocrx_word' id='word_1_479' title='bbox 1613 4115 1843 4177; x_wconf 90' lang='lat' dir='ltr'><strong>fecerit,</strong></span> <span class='ocrx_word' id='word_1_480' title='bbox 1877 4115 1983 4169; x_wconf 92' lang='lat' dir='ltr'><strong>hoc</strong></span> <span class='ocrx_word' id='word_1_481' title='bbox 2013 4115 2122 4168; x_wconf 87' lang='lat' dir='ltr'><strong>uti-</strong></span> 
     </span>
    </p>
   </div>
   <div class='ocr_carea' id='block_1_59' title="bbox 532 4206 2124 4280">
    <p class='ocr_par' dir='ltr' id='par_1_59' title="bbox 532 4206 2124 4280">
     <span class='ocr_line' id='line_1_59' title="bbox 532 4206 2124 4280; baseline -0.002 -17"><span class='ocrx_word' id='word_1_482' title='bbox 532 4227 639 4279; x_wconf 72' lang='lat' dir='ltr'><strong>mre</strong></span> <span class='ocrx_word' id='word_1_483' title='bbox 680 4225 865 4264; x_wconf 91' lang='lat' dir='ltr'><strong>nonne</strong></span> <span class='ocrx_word' id='word_1_484' title='bbox 912 4210 966 4263; x_wconf 93' lang='lat' dir='ltr'><strong>in</strong></span> <span class='ocrx_word' id='word_1_485' title='bbox 1008 4210 1214 4265; x_wconf 87' lang='lat' dir='ltr'><strong>fontem</strong></span> <span class='ocrx_word' id='word_1_486' title='bbox 1261 4211 1444 4280; x_wconf 84' lang='lat' dir='ltr'><strong>ipsum</strong></span> <span class='ocrx_word' id='word_1_487' title='bbox 1491 4206 1727 4263; x_wconf 78' lang='lat' dir='ltr'><strong>fecerit?</strong></span> <span class='ocrx_word' id='word_1_488' title='bbox 1778 4206 1993 4261; x_wconf 85' lang='lat' dir='ltr'><strong>Idcirco</strong></span> <span class='ocrx_word' id='word_1_489' title='bbox 2046 4207 2124 4260; x_wconf 88' lang='lat' dir='ltr'><strong>ait</strong></span> 
     </span>
    </p>
   </div>
   <div class='ocr_carea' id='block_1_60' title="bbox 531 4296 2116 4367">
    <p class='ocr_par' dir='ltr' id='par_1_60' title="bbox 531 4296 2116 4367">
     <span class='ocr_line' id='line_1_60' title="bbox 531 4296 2116 4367; baseline -0.004 -13"><span class='ocrx_word' id='word_1_490' title='bbox 531 4302 790 4358; x_wconf 74' lang='lat' dir='ltr'><strong>Christus</strong></span> <span class='ocrx_word' id='word_1_491' title='bbox 821 4320 832 4356; x_wconf 93' lang='lat'>:</span> <span class='ocrx_word' id='word_1_492' title='bbox 868 4321 885 4353; x_wconf 82' lang='grc' dir='ltr'><strong>ι</strong></span> <span class='ocrx_word' id='word_1_493' title='bbox 915 4301 1020 4367; x_wconf 90' lang='lat' dir='ltr'><strong>Qui</strong></span> <span class='ocrx_word' id='word_1_494' title='bbox 1055 4315 1141 4355; x_wconf 90' lang='lat' dir='ltr'><strong>me</strong></span> <span class='ocrx_word' id='word_1_495' title='bbox 1171 4299 1325 4362; x_wconf 87' lang='lat' dir='ltr'><strong>odit,</strong></span> <span class='ocrx_word' id='word_1_496' title='bbox 1358 4307 1414 4352; x_wconf 86' lang='lat' dir='ltr'><strong>et</strong></span> <span class='ocrx_word' id='word_1_497' title='bbox 1447 4298 1665 4350; x_wconf 86' lang='lat' dir='ltr'><strong>Patrem</strong></span> <span class='ocrx_word' id='word_1_498' title='bbox 1700 4311 1879 4350; x_wconf 91' lang='lat' dir='ltr'><strong>meum</strong></span> <span class='ocrx_word' id='word_1_499' title='bbox 1916 4296 2055 4350; x_wconf 90' lang='lat' dir='ltr'><strong>odit.</strong></span> <span class='ocrx_word' id='word_1_500' title='bbox 2098 4314 2116 4347; x_wconf 76' lang='grc' dir='ltr'><strong>ι</strong></span> 
     </span>
    </p>
   </div>
   <div class='ocr_carea' id='block_1_61' title="bbox 533 4387 2123 4458">
    <p class='ocr_par' dir='ltr' id='par_1_61' title="bbox 533 4387 2123 4458">
     <span class='ocr_line' id='line_1_61' title="bbox 533 4387 2123 4458; baseline -0.005 -8"><span class='ocrx_word' id='word_1_501' title='bbox 533 4393 757 4450; x_wconf 86' lang='lat' dir='ltr'><strong>Utiliter</strong></span> <span class='ocrx_word' id='word_1_502' title='bbox 788 4402 971 4447; x_wconf 88' lang='lat' dir='ltr'><strong>autem</strong></span> <span class='ocrx_word' id='word_1_503' title='bbox 1017 4399 1072 4447; x_wconf 81' lang='lat' dir='ltr'><strong>et</strong></span> <span class='ocrx_word' id='word_1_504' title='bbox 1120 4389 1188 4443; x_wconf 88' lang='lat' dir='ltr'><strong>ad</strong></span> <span class='ocrx_word' id='word_1_505' title='bbox 1226 4389 1409 4443; x_wconf 85' lang='lat' dir='ltr'><strong>Patris</strong></span> <span class='ocrx_word' id='word_1_506' title='bbox 1440 4397 1735 4458; x_wconf 83' lang='lat' dir='ltr'><strong>personam</strong></span> <span class='ocrx_word' id='word_1_507' title='bbox 1779 4387 1945 4442; x_wconf 90' lang='lat' dir='ltr'><strong>refert</strong></span> <span class='ocrx_word' id='word_1_508' title='bbox 1976 4387 2123 4458; x_wconf 91' lang='lat' dir='ltr'><strong>quod</strong></span> 
     </span>
    </p>
   </div>
   <div class='ocr_carea' id='block_1_62' title="bbox 534 4477 2126 4539">
    <p class='ocr_par' dir='ltr' id='par_1_62' title="bbox 534 4477 2126 4539">
     <span class='ocr_line' id='line_1_62' title="bbox 534 4477 2126 4539; baseline -0.003 -3"><span class='ocrx_word' id='word_1_509' title='bbox 534 4484 589 4537; x_wconf 90' lang='lat' dir='ltr'><strong>in</strong></span> <span class='ocrx_word' id='word_1_510' title='bbox 617 4478 677 4539; x_wconf 79' lang='lat' dir='ltr'><strong>se</strong></span> <span class='ocrx_word' id='word_1_511' title='bbox 710 4498 738 4536; x_wconf 93' lang='lat' dir='ltr'><strong>a</strong></span> <span class='ocrx_word' id='word_1_512' title='bbox 773 4481 1057 4537; x_wconf 91' lang='lat' dir='ltr'><strong>nonnullis</strong></span> <span class='ocrx_word' id='word_1_513' title='bbox 1086 4479 1255 4533; x_wconf 90' lang='lat' dir='ltr'><strong>fuerit</strong></span> <span class='ocrx_word' id='word_1_514' title='bbox 1287 4486 1647 4533; x_wconf 89' lang='lat' dir='ltr'><strong>attentatum.</strong></span> <span class='ocrx_word' id='word_1_515' title='bbox 1692 4477 1787 4533; x_wconf 87' lang='lat' dir='ltr'><strong>His</strong></span> <span class='ocrx_word' id='word_1_516' title='bbox 1816 4478 1963 4533; x_wconf 90' lang='lat' dir='ltr'><strong>enim</strong></span> <span class='ocrx_word' id='word_1_517' title='bbox 2003 4494 2126 4532; x_wconf 83' lang='lat' dir='ltr'><strong>ver-</strong></span> 
     </span>
    </p>
   </div>
   <div class='ocr_carea' id='block_1_63' title="bbox 533 4569 2123 4635">
    <p class='ocr_par' dir='ltr' id='par_1_63' title="bbox 533 4569 2123 4635">
     <span class='ocr_line' id='line_1_63' title="bbox 533 4569 2123 4635; baseline -0.004 -5"><span class='ocrx_word' id='word_1_518' title='bbox 533 4574 621 4631; x_wconf 87' lang='lat' dir='ltr'><strong>bis</strong></span> <span class='ocrx_word' id='word_1_519' title='bbox 641 4573 1009 4629; x_wconf 85' lang='lat' dir='ltr'><strong>certissimam</strong></span> <span class='ocrx_word' id='word_1_520' title='bbox 1036 4569 1198 4624; x_wconf 90' lang='lat' dir='ltr'><strong>nobis</strong></span> <span class='ocrx_word' id='word_1_521' title='bbox 1228 4569 1385 4624; x_wconf 87' lang='lat' dir='ltr'><strong>fidem</strong></span> <span class='ocrx_word' id='word_1_522' title='bbox 1414 4569 1550 4624; x_wconf 87' lang='lat' dir='ltr'><strong>facit</strong></span> <span class='ocrx_word' id='word_1_523' title='bbox 1575 4585 1634 4624; x_wconf 87' lang='lat' dir='ltr'><strong>se</strong></span> <span class='ocrx_word' id='word_1_524' title='bbox 1653 4585 1762 4625; x_wconf 93' lang='lat' dir='ltr'><strong>non</strong></span> <span class='ocrx_word' id='word_1_525' title='bbox 1791 4569 1960 4623; x_wconf 91' lang='lat' dir='ltr'><strong>alium</strong></span> <span class='ocrx_word' id='word_1_526' title='bbox 1978 4584 2123 4635; x_wconf 88' lang='lat' dir='ltr'><strong>esse,</strong></span> 
     </span>
    </p>
   </div>
   <div class='ocr_carea' id='block_1_64' title="bbox 534 4661 2128 4733">
    <p class='ocr_par' dir='ltr' id='par_1_64' title="bbox 534 4661 2128 4733">
     <span class='ocr_line' id='line_1_64' title="bbox 534 4661 2128 4733; baseline -0.004 -10"><span class='ocrx_word' id='word_1_527' title='bbox 534 4667 632 4723; x_wconf 85' lang='lat' dir='ltr'><strong>sed</strong></span> <span class='ocrx_word' id='word_1_528' title='bbox 659 4664 915 4722; x_wconf 89' lang='lat' dir='ltr'><strong>eumdem</strong></span> <span class='ocrx_word' id='word_1_529' title='bbox 945 4678 1068 4717; x_wconf 92' lang='lat' dir='ltr'><strong>cum</strong></span> <span class='ocrx_word' id='word_1_530' title='bbox 1102 4662 1243 4733; x_wconf 90' lang='lat' dir='ltr'><strong>ipso,</strong></span> <span class='ocrx_word' id='word_1_531' title='bbox 1262 4663 1926 4717; x_wconf 69' lang='lat' dir='ltr'><strong>omnimodaaidentitatis</strong></span> <span class='ocrx_word' id='word_1_532' title='bbox 1957 4661 2128 4717; x_wconf 87' lang='lat' dir='ltr'><strong>ratio-</strong></span> 
     </span>
    </p>
   </div>
   <div class='ocr_carea' id='block_1_65' title="bbox 536 4755 2127 4824">
    <p class='ocr_par' dir='ltr' id='par_1_65' title="bbox 536 4755 2127 4824">
     <span class='ocr_line' id='line_1_65' title="bbox 536 4755 2127 4824; baseline -0.003 -11"><span class='ocrx_word' id='word_1_533' title='bbox 536 4775 626 4814; x_wconf 88' lang='lat' dir='ltr'><strong>ne.</strong></span> <span class='ocrx_word' id='word_1_534' title='bbox 652 4758 885 4824; x_wconf 89' lang='lat' dir='ltr'><strong>lnsuper</strong></span> <span class='ocrx_word' id='word_1_535' title='bbox 909 4769 1042 4808; x_wconf 90' lang='lat' dir='ltr'><strong>vero</strong></span> <span class='ocrx_word' id='word_1_536' title='bbox 1069 4762 1237 4811; x_wconf 90' lang='lat' dir='ltr'><strong>terret</strong></span> <span class='ocrx_word' id='word_1_537' title='bbox 1265 4755 1571 4820; x_wconf 86' lang='lat' dir='ltr'><strong>auditores,</strong></span> <span class='ocrx_word' id='word_1_538' title='bbox 1591 4755 1893 4810; x_wconf 89' lang='lat' dir='ltr'><strong>ostendens</strong></span> <span class='ocrx_word' id='word_1_539' title='bbox 1910 4756 2039 4809; x_wconf 90' lang='lat' dir='ltr'><strong>odio</strong></span> <span class='ocrx_word' id='word_1_540' title='bbox 2069 4769 2127 4809; x_wconf 88' lang='lat' dir='ltr'><strong>se</strong></span> 
     </span>
    </p>
   </div>
   <div class='ocr_carea' id='block_1_66' title="bbox 2296 2192 3599 2266">
    <p class='ocr_par' dir='ltr' id='par_1_66' title="bbox 2296 2192 3599 2266">
     <span class='ocr_line' id='line_1_66' title="bbox 2296 2192 3599 2266; baseline 0.001 -17"><span class='ocrx_word' id='word_1_541' title='bbox 2296 2193 2347 2246; x_wconf 89' lang='lat'><strong>&#39;0</strong></span> <span class='ocrx_word' id='word_1_542' title='bbox 2380 2196 2485 2264; x_wconf 83' lang='grc' dir='ltr'><strong>ἐμὲ</strong></span> <span class='ocrx_word' id='word_1_543' title='bbox 2510 2196 2729 2266; x_wconf 84' lang='grc' dir='ltr'>μισῶν.</span> <span class='ocrx_word' id='word_1_544' title='bbox 2759 2198 2857 2251; x_wconf 77' lang='grc' dir='ltr'>καὶ</span> <span class='ocrx_word' id='word_1_545' title='bbox 2896 2198 3003 2251; x_wconf 76' lang='grc' dir='ltr'><strong>τὸν</strong></span> <span class='ocrx_word' id='word_1_546' title='bbox 3028 2196 3264 2265; x_wconf 78' lang='grc' dir='ltr'>Πατέρα</span> <span class='ocrx_word' id='word_1_547' title='bbox 3285 2212 3403 2265; x_wconf 81' lang='grc' dir='ltr'>μου</span> <span class='ocrx_word' id='word_1_548' title='bbox 3424 2192 3599 2263; x_wconf 77' lang='grc' dir='ltr'>μισεῖ.</span> 
     </span>
    </p>
   </div>
   <div class='ocr_carea' id='block_1_67' title="bbox 2303 2283 3750 2359">
    <p class='ocr_par' dir='ltr' id='par_1_67' title="bbox 2303 2283 3750 2359">
     <span class='ocr_line' id='line_1_67' title="bbox 2303 2283 3750 2359; baseline -0.003 -21"><span class='ocrx_word' id='word_1_549' title='bbox 2303 2285 2619 2359; x_wconf 86' lang='grc' dir='ltr'>Ἀθεότητος</span> <span class='ocrx_word' id='word_1_550' title='bbox 2647 2288 2899 2359; x_wconf 79' lang='grc' dir='ltr'>ἔγκλημα</span> <span class='ocrx_word' id='word_1_551' title='bbox 2930 2287 3213 2359; x_wconf 75' lang='grc' dir='ltr'>καθορίζει</span> <span class='ocrx_word' id='word_1_552' title='bbox 3249 2285 3437 2356; x_wconf 84' lang='grc' dir='ltr'>σαφῶς</span> <span class='ocrx_word' id='word_1_553' title='bbox 3465 2284 3566 2337; x_wconf 87' lang='grc' dir='ltr'><strong>τῶν</strong></span> <span class='ocrx_word' id='word_1_554' title='bbox 3606 2283 3655 2346; x_wconf 80' lang='grc' dir='ltr'>ἐξ</span> <span class='ocrx_word' id='word_1_555' title='bbox 3681 2284 3750 2334; x_wconf 72' lang='grc' dir='ltr'>ἀνα</span> 
     </span>
    </p>
   </div>
   <div class='ocr_carea' id='block_1_68' title="bbox 2217 2372 3749 2450">
    <p class='ocr_par' dir='ltr' id='par_1_68' title="bbox 2217 2372 3749 2450">
     <span class='ocr_line' id='line_1_68' title="bbox 2217 2372 3749 2450; baseline -0.003 -23"><span class='ocrx_word' id='word_1_556' title='bbox 2217 2375 2362 2428; x_wconf 84' lang='grc' dir='ltr'>οσὶου</span> <span class='ocrx_word' id='word_1_557' title='bbox 2388 2375 2611 2447; x_wconf 81' lang='grc' dir='ltr'>γνώμης</span> <span class='ocrx_word' id='word_1_558' title='bbox 2634 2378 2728 2431; x_wconf 71' lang='grc' dir='ltr'><strong>καὶ</strong></span> <span class='ocrx_word' id='word_1_559' title='bbox 2755 2377 2952 2447; x_wconf 82' lang='grc' dir='ltr'>φρενὸς</span> <span class='ocrx_word' id='word_1_560' title='bbox 2980 2377 3463 2450; x_wconf 77' lang='grc' dir='ltr'>ἐκκεκρουσμένης</span> <span class='ocrx_word' id='word_1_561' title='bbox 3495 2376 3651 2444; x_wconf 82' lang='grc' dir='ltr'>μισεῖν</span> <span class='ocrx_word' id='word_1_562' title='bbox 3672 2372 3749 2424; x_wconf 71' lang='grc' dir='ltr'><strong>αὖ·</strong></span> 
     </span>
    </p>
   </div>
   <div class='ocr_carea' id='block_1_69' title="bbox 2218 2463 3752 2541">
    <p class='ocr_par' dir='ltr' id='par_1_69' title="bbox 2218 2463 3752 2541">
     <span class='ocr_line' id='line_1_69' title="bbox 2218 2463 3752 2541; baseline -0.003 -22"><span class='ocrx_word' id='word_1_563' title='bbox 2218 2465 2309 2519; x_wconf 84' lang='grc' dir='ltr'><strong>τὸν</strong></span> <span class='ocrx_word' id='word_1_564' title='bbox 2337 2467 2627 2538; x_wconf 88' lang='grc' dir='ltr'>ἑλομένων.</span> <span class='ocrx_word' id='word_1_565' title='bbox 2659 2470 2768 2522; x_wconf 80' lang='grc' dir='ltr'>Καὶ</span> <span class='ocrx_word' id='word_1_566' title='bbox 2789 2470 2895 2541; x_wconf 84' lang='grc' dir='ltr'><strong>γάρ</strong></span> <span class='ocrx_word' id='word_1_567' title='bbox 2919 2472 3065 2523; x_wconf 84' lang='grc' dir='ltr'>ἑστιν</span> <span class='ocrx_word' id='word_1_568' title='bbox 3088 2468 3311 2539; x_wconf 89' lang='grc' dir='ltr'>ἀληθές.</span> <span class='ocrx_word' id='word_1_569' title='bbox 3347 2468 3422 2521; x_wconf 82' lang='grc' dir='ltr'><strong>Οὐ</strong></span> <span class='ocrx_word' id='word_1_570' title='bbox 3449 2465 3551 2537; x_wconf 85' lang='grc' dir='ltr'><strong>γὰρ</strong></span> <span class='ocrx_word' id='word_1_571' title='bbox 3577 2463 3752 2532; x_wconf 77' lang='grc' dir='ltr'>ἀφέξον-</span> 
     </span>
    </p>
   </div>
   <div class='ocr_carea' id='block_1_70' title="bbox 2216 2554 3752 2634">
    <p class='ocr_par' dir='ltr' id='par_1_70' title="bbox 2216 2554 3752 2634">
     <span class='ocr_line' id='line_1_70' title="bbox 2216 2554 3752 2634; baseline -0.013 -8"><span class='ocrx_word' id='word_1_572' title='bbox 2216 2576 2306 2611; x_wconf 84' lang='grc' dir='ltr'><strong>ται</strong></span> <span class='ocrx_word' id='word_1_573' title='bbox 2331 2559 2430 2627; x_wconf 74' lang='grc' dir='ltr'><strong>τῆς</strong></span> <span class='ocrx_word' id='word_1_574' title='bbox 2471 2561 2554 2625; x_wconf 82' lang='grc' dir='ltr'><strong>εἰς</strong></span> <span class='ocrx_word' id='word_1_575' title='bbox 2594 2562 2684 2616; x_wconf 85' lang='grc' dir='ltr'><strong>τὸν</strong></span> <span class='ocrx_word' id='word_1_576' title='bbox 2715 2563 2937 2634; x_wconf 83' lang='grc' dir='ltr'>Πατέρα</span> <span class='ocrx_word' id='word_1_577' title='bbox 2982 2561 3402 2634; x_wconf 80' lang='grc' dir='ltr'>πλημμελείας,</span> <span class='ocrx_word' id='word_1_578' title='bbox 3452 2560 3500 2613; x_wconf 89' lang='grc' dir='ltr'>οἱ</span> <span class='ocrx_word' id='word_1_579' title='bbox 3533 2558 3613 2611; x_wconf 80' lang='grc' dir='ltr'><strong>τὸν</strong></span> <span class='ocrx_word' id='word_1_580' title='bbox 3653 2554 3752 2608; x_wconf 76' lang='grc' dir='ltr'>Υίδν</span> 
     </span>
    </p>
   </div>
   <div class='ocr_carea' id='block_1_71' title="bbox 2218 2649 3750 2726">
    <p class='ocr_par' dir='ltr' id='par_1_71' title="bbox 2218 2649 3750 2726">
     <span class='ocr_line' id='line_1_71' title="bbox 2218 2649 3750 2726; baseline -0.004 -24"><span class='ocrx_word' id='word_1_581' title='bbox 2218 2650 2579 2721; x_wconf 79' lang='grc' dir='ltr'>ἀτιμάζοντες</span> <span class='ocrx_word' id='word_1_582' title='bbox 2599 2657 2635 2717; x_wconf 75' lang='grc'>,“</span> <span class='ocrx_word' id='word_1_583' title='bbox 2664 2654 2831 2724; x_wconf 69' lang='grc' dir='ltr'>ἤγουν</span> <span class='ocrx_word' id='word_1_584' title='bbox 2874 2654 2955 2707; x_wconf 86' lang='grc' dir='ltr'>ὅτι</span> <span class='ocrx_word' id='word_1_585' title='bbox 2999 2654 3203 2726; x_wconf 76' lang='grc' dir='ltr'>πρέπει</span> <span class='ocrx_word' id='word_1_586' title='bbox 3260 2655 3438 2725; x_wconf 85' lang='grc' dir='ltr'>μισεῖν</span> <span class='ocrx_word' id='word_1_587' title='bbox 3479 2649 3750 2718; x_wconf 76' lang='grc' dir='ltr'>ἐγνωκότες.</span> 
     </span>
    </p>
   </div>
   <div class='ocr_carea' id='block_1_72' title="bbox 2220 2735 3755 2816">
    <p class='ocr_par' dir='ltr' id='par_1_72' title="bbox 2220 2735 3755 2816">
     <span class='ocr_line' id='line_1_72' title="bbox 2220 2735 3755 2816; baseline 0.001 -22"><span class='ocrx_word' id='word_1_588' title='bbox 2220 2740 2427 2812; x_wconf 84' lang='grc' dir='ltr'>’Όνπερ</span> <span class='ocrx_word' id='word_1_589' title='bbox 2471 2742 2580 2815; x_wconf 84' lang='grc' dir='ltr'>γὰρ</span> <span class='ocrx_word' id='word_1_590' title='bbox 2606 2744 2807 2816; x_wconf 82' lang='grc' dir='ltr'>τρόπον</span> <span class='ocrx_word' id='word_1_591' title='bbox 2846 2744 3067 2815; x_wconf 83' lang='grc' dir='ltr'>τὴντοῦ</span> <span class='ocrx_word' id='word_1_592' title='bbox 3106 2744 3263 2815; x_wconf 78' lang='grc' dir='ltr'>ἡλίου</span> <span class='ocrx_word' id='word_1_593' title='bbox 3299 2738 3675 2815; x_wconf 83' lang='grc' dir='ltr'>μαρμαρυγὴν,</span> <span class='ocrx_word' id='word_1_594' title='bbox 3697 2735 3755 2796; x_wconf 76' lang='grc' dir='ltr'>ὡς</span> 
     </span>
    </p>
   </div>
   <div class='ocr_carea' id='block_1_73' title="bbox 2181 2822 3754 2902">
    <p class='ocr_par' dir='ltr' id='par_1_73' title="bbox 2181 2822 3754 2902">
     <span class='ocr_line' id='line_1_73' title="bbox 2181 2822 3754 2902; baseline -0.008 -18"><span class='ocrx_word' id='word_1_595' title='bbox 2181 2862 2188 2869; x_wconf 94' lang='grc'><strong><em>-</em></strong></span> <span class='ocrx_word' id='word_1_596' title='bbox 2217 2831 2305 2884; x_wconf 80' lang='grc' dir='ltr'><strong>ἐπ’</strong></span> <span class='ocrx_word' id='word_1_597' title='bbox 2329 2833 2503 2885; x_wconf 79' lang='grc' dir='ltr'>οὐδενὶ</span> <span class='ocrx_word' id='word_1_598' title='bbox 2524 2832 2632 2886; x_wconf 85' lang='grc' dir='ltr'><strong>τῶν</strong></span> <span class='ocrx_word' id='word_1_599' title='bbox 2654 2833 2968 2901; x_wconf 82' lang='grc' dir='ltr'>ἀναγκαίων</span> <span class='ocrx_word' id='word_1_600' title='bbox 2989 2833 3174 2902; x_wconf 78' lang='grc' dir='ltr'>φαίνοι</span> <span class='ocrx_word' id='word_1_601' title='bbox 3206 2849 3267 2886; x_wconf 85' lang='grc' dir='ltr'><strong>τε</strong></span> <span class='ocrx_word' id='word_1_602' title='bbox 3293 2832 3386 2885; x_wconf 78' lang='grc' dir='ltr'><strong>καὶ</strong></span> <span class='ocrx_word' id='word_1_603' title='bbox 3414 2822 3754 2898; x_wconf 81' lang='grc' dir='ltr'>ὑπάρχοι,διαο</span> 
     </span>
    </p>
   </div>
   <div class='ocr_carea' id='block_1_74' title="bbox 2219 2910 3758 2995">
    <p class='ocr_par' dir='ltr' id='par_1_74' title="bbox 2219 2910 3758 2995">
     <span class='ocr_line' id='line_1_74' title="bbox 2219 2910 3758 2995; baseline -0.01 -16"><span class='ocrx_word' id='word_1_604' title='bbox 2219 2923 2474 2995; x_wconf 81' lang='grc' dir='ltr'>σύροντες</span> <span class='ocrx_word' id='word_1_605' title='bbox 2516 2923 2613 2986; x_wconf 83' lang='grc' dir='ltr'>τὰς</span> <span class='ocrx_word' id='word_1_606' title='bbox 2656 2925 2754 2995; x_wconf 83' lang='grc' dir='ltr'>τῆς</span> <span class='ocrx_word' id='word_1_607' title='bbox 2786 2925 3147 2995; x_wconf 89' lang='grc' dir='ltr'>ἀχρειότητος</span> <span class='ocrx_word' id='word_1_608' title='bbox 3191 2924 3413 2987; x_wconf 85' lang='grc' dir='ltr'>αἰτίας,</span> <span class='ocrx_word' id='word_1_609' title='bbox 3465 2919 3555 2973; x_wconf 80' lang='grc' dir='ltr'>καὶ</span> <span class='ocrx_word' id='word_1_610' title='bbox 3590 2914 3672 2984; x_wconf 80' lang='grc' dir='ltr'>τὴν</span> <span class='ocrx_word' id='word_1_611' title='bbox 3692 2910 3758 2964; x_wconf 81' lang='grc' dir='ltr'><strong>ἐπ’</strong></span> 
     </span>
    </p>
   </div>
   <div class='ocr_carea' id='block_1_75' title="bbox 2217 3002 3757 3085">
    <p class='ocr_par' dir='ltr' id='par_1_75' title="bbox 2217 3002 3757 3085">
     <span class='ocr_line' id='line_1_75' title="bbox 2217 3002 3757 3085; baseline -0.008 -18"><span class='ocrx_word' id='word_1_612' title='bbox 2217 3015 2355 3085; x_wconf 79' lang='grc' dir='ltr'>αὐτῇ</span> <span class='ocrx_word' id='word_1_613' title='bbox 2383 3013 2586 3084; x_wconf 71' lang='grc' dir='ltr'>ψῆφον,</span> <span class='ocrx_word' id='word_1_614' title='bbox 2603 3016 2683 3078; x_wconf 86' lang='grc' dir='ltr'>εἰς</span> <span class='ocrx_word' id='word_1_615' title='bbox 2714 3015 2879 3067; x_wconf 85' lang='grc' dir='ltr'>αὐτὸν</span> <span class='ocrx_word' id='word_1_616' title='bbox 2901 3014 3249 3066; x_wconf 82' lang='grc' dir='ltr'>ἀνατείνουσι</span> <span class='ocrx_word' id='word_1_617' title='bbox 3273 3013 3367 3065; x_wconf 78' lang='grc' dir='ltr'><strong>τὸν</strong></span> <span class='ocrx_word' id='word_1_618' title='bbox 3392 3009 3450 3077; x_wconf 80' lang='grc' dir='ltr'>ἑξ</span> <span class='ocrx_word' id='word_1_619' title='bbox 3473 3003 3631 3078; x_wconf 75' lang='grc' dir='ltr'>οὗπερ</span> <span class='ocrx_word' id='word_1_620' title='bbox 3651 3002 3757 3057; x_wconf 58' lang='grc' dir='ltr'>ἐστί’</span> 
     </span>
    </p>
   </div>
   <div class='ocr_carea' id='block_1_76' title="bbox 2218 3094 3762 3177">
    <p class='ocr_par' dir='ltr' id='par_1_76' title="bbox 2218 3094 3762 3177">
     <span class='ocr_line' id='line_1_76' title="bbox 2218 3094 3762 3177; baseline -0.004 -18"><span class='ocrx_word' id='word_1_621' title='bbox 2218 3106 2312 3160; x_wconf 76' lang='grc' dir='ltr'><strong>καὶ</strong></span> <span class='ocrx_word' id='word_1_622' title='bbox 2357 3106 2574 3177; x_wconf 81' lang='grc' dir='ltr'>ὅτῳπερ</span> <span class='ocrx_word' id='word_1_623' title='bbox 2620 3104 2686 3159; x_wconf 81' lang='grc' dir='ltr'>ἂν</span> <span class='ocrx_word' id='word_1_624' title='bbox 2722 3104 2957 3159; x_wconf 89' lang='grc' dir='ltr'>κακύναι</span> <span class='ocrx_word' id='word_1_625' title='bbox 3000 3104 3131 3176; x_wconf 85' lang='grc' dir='ltr'>δοκῇ</span> <span class='ocrx_word' id='word_1_626' title='bbox 3167 3104 3272 3174; x_wconf 84' lang='grc' dir='ltr'><strong>τὴν</strong></span> <span class='ocrx_word' id='word_1_627' title='bbox 3314 3102 3375 3167; x_wconf 78' lang='grc' dir='ltr'><strong>ἑξ</strong></span> <span class='ocrx_word' id='word_1_628' title='bbox 3412 3100 3605 3155; x_wconf 83' lang='grc' dir='ltr'>ἀνθέων</span> <span class='ocrx_word' id='word_1_629' title='bbox 3635 3094 3762 3165; x_wconf 71' lang='grc' dir='ltr'>τυχὸν</span> 
     </span>
    </p>
   </div>
   <div class='ocr_carea' id='block_1_77' title="bbox 2219 3188 3761 3269">
    <p class='ocr_par' dir='ltr' id='par_1_77' title="bbox 2219 3188 3761 3269">
     <span class='ocr_line' id='line_1_77' title="bbox 2219 3188 3761 3269; baseline -0.005 -19"><span class='ocrx_word' id='word_1_630' title='bbox 2219 3197 2448 3267; x_wconf 78' lang='grc' dir='ltr'>εὐωδίαν</span> <span class='ocrx_word' id='word_1_631' title='bbox 2468 3239 2483 3263; x_wconf 92' lang='grc'><strong>,</strong></span> <span class='ocrx_word' id='word_1_632' title='bbox 2530 3198 2619 3251; x_wconf 76' lang='grc' dir='ltr'><strong>ἐπ’</strong></span> <span class='ocrx_word' id='word_1_633' title='bbox 2644 3199 2822 3251; x_wconf 75' lang='grc' dir='ltr'>έκεῖνο</span> <span class='ocrx_word' id='word_1_634' title='bbox 2867 3197 2932 3269; x_wconf 87' lang='grc' dir='ltr'><strong>δὴ</strong></span> <span class='ocrx_word' id='word_1_635' title='bbox 2964 3197 3184 3260; x_wconf 86' lang='grc' dir='ltr'>πάντως</span> <span class='ocrx_word' id='word_1_636' title='bbox 3224 3194 3433 3251; x_wconf 86' lang='grc' dir='ltr'>ἀνοίσει</span> <span class='ocrx_word' id='word_1_637' title='bbox 3462 3192 3521 3246; x_wconf 68' lang='grc' dir='ltr'>τὸ</span> <span class='ocrx_word' id='word_1_638' title='bbox 3556 3188 3761 3259; x_wconf 77' lang='grc' dir='ltr'>ἔγκλημα</span> 
     </span>
    </p>
   </div>
   <div class='ocr_carea' id='block_1_78' title="bbox 2220 3282 3763 3360">
    <p class='ocr_par' dir='ltr' id='par_1_78' title="bbox 2220 3282 3763 3360">
     <span class='ocr_line' id='line_1_78' title="bbox 2220 3282 3763 3360; baseline -0.003 -16"><span class='ocrx_word' id='word_1_639' title='bbox 2220 3290 2309 3344; x_wconf 69' lang='grc' dir='ltr'><strong>τὸν</strong></span> <span class='ocrx_word' id='word_1_640' title='bbox 2340 3290 2399 3355; x_wconf 84' lang='grc' dir='ltr'><strong>ἑξ</strong></span> <span class='ocrx_word' id='word_1_641' title='bbox 2426 3284 2596 3360; x_wconf 71' lang='grc' dir='ltr'>οὗπερ</span> <span class='ocrx_word' id='word_1_642' title='bbox 2630 3289 2695 3343; x_wconf 82' lang='grc' dir='ltr'><strong>ἂν</strong></span> <span class='ocrx_word' id='word_1_643' title='bbox 2724 3290 2963 3343; x_wconf 84' lang='grc' dir='ltr'>τίκτοιτο</span> <span class='ocrx_word' id='word_1_644' title='bbox 2987 3307 3001 3321; x_wconf 90' lang='grc'><strong>·</strong></span> <span class='ocrx_word' id='word_1_645' title='bbox 3035 3290 3128 3342; x_wconf 81' lang='grc' dir='ltr'><strong>τὸν</strong></span> <span class='ocrx_word' id='word_1_646' title='bbox 3160 3287 3351 3351; x_wconf 77' lang='grc' dir='ltr'>αὐτὸν,</span> <span class='ocrx_word' id='word_1_647' title='bbox 3379 3282 3549 3356; x_wconf 74' lang='grc' dir='ltr'>οἶμαι,</span> <span class='ocrx_word' id='word_1_648' title='bbox 3581 3282 3763 3353; x_wconf 71' lang='grc' dir='ltr'>τρόπον,</span> 
     </span>
    </p>
   </div>
   <div class='ocr_carea' id='block_1_79' title="bbox 2220 3375 3765 3452">
    <p class='ocr_par' dir='ltr' id='par_1_79' title="bbox 2220 3375 3765 3452">
     <span class='ocr_line' id='line_1_79' title="bbox 2220 3375 3765 3452; baseline -0.012 -12"><span class='ocrx_word' id='word_1_649' title='bbox 2220 3382 2311 3437; x_wconf 78' lang='grc' dir='ltr'>ἐπί</span> <span class='ocrx_word' id='word_1_650' title='bbox 2347 3399 2409 3452; x_wconf 88' lang='grc' dir='ltr'><strong>γε</strong></span> <span class='ocrx_word' id='word_1_651' title='bbox 2438 3382 2530 3437; x_wconf 80' lang='grc' dir='ltr'>τοῦ</span> <span class='ocrx_word' id='word_1_652' title='bbox 2556 3382 2919 3450; x_wconf 83' lang='grc' dir='ltr'>Μονογενοῦς,</span> <span class='ocrx_word' id='word_1_653' title='bbox 2959 3382 3054 3436; x_wconf 71' lang='grc' dir='ltr'>καὶ</span> <span class='ocrx_word' id='word_1_654' title='bbox 3083 3378 3178 3435; x_wconf 80' lang='grc' dir='ltr'>τοῦ</span> <span class='ocrx_word' id='word_1_655' title='bbox 3202 3380 3457 3445; x_wconf 85' lang='grc' dir='ltr'>τεκόντος</span> <span class='ocrx_word' id='word_1_656' title='bbox 3488 3375 3639 3431; x_wconf 74' lang='grc' dir='ltr'>αὑτὸν</span> <span class='ocrx_word' id='word_1_657' title='bbox 3662 3388 3765 3440; x_wconf 80' lang='grc' dir='ltr'>συμ·</span> 
     </span>
    </p>
   </div>
   <div class='ocr_carea' id='block_1_80' title="bbox 2223 3467 3767 3546">
    <p class='ocr_par' dir='ltr' id='par_1_80' title="bbox 2223 3467 3767 3546">
     <span class='ocr_line' id='line_1_80' title="bbox 2223 3467 3767 3546; baseline -0.005 -19"><span class='ocrx_word' id='word_1_658' title='bbox 2223 3473 2472 3545; x_wconf 77' lang='grc' dir='ltr'>ϐήσεται.</span> <span class='ocrx_word' id='word_1_659' title='bbox 2526 3475 2601 3528; x_wconf 86' lang='grc' dir='ltr'>οὐ</span> <span class='ocrx_word' id='word_1_660' title='bbox 2631 3474 2739 3546; x_wconf 84' lang='grc' dir='ltr'>γὰρ</span> <span class='ocrx_word' id='word_1_661' title='bbox 2772 3474 2907 3541; x_wconf 76' lang='grc' dir='ltr'>ἐστι,</span> <span class='ocrx_word' id='word_1_662' title='bbox 2942 3475 3042 3527; x_wconf 84' lang='grc' dir='ltr'><strong>οὐκ</strong></span> <span class='ocrx_word' id='word_1_663' title='bbox 3074 3472 3191 3527; x_wconf 80' lang='grc' dir='ltr'>ἑστι</span> <span class='ocrx_word' id='word_1_664' title='bbox 3231 3467 3631 3541; x_wconf 67' lang='grc' dir='ltr'>καταψέγοντάς</span> <span class='ocrx_word' id='word_1_665' title='bbox 3646 3477 3767 3521; x_wconf 80' lang='grc' dir='ltr'>τινας</span> 
     </span>
    </p>
   </div>
   <div class='ocr_carea' id='block_1_81' title="bbox 2222 3552 3764 3634">
    <p class='ocr_par' dir='ltr' id='par_1_81' title="bbox 2222 3552 3764 3634">
     <span class='ocr_line' id='line_1_81' title="bbox 2222 3552 3764 3634; baseline -0.007 -17"><span class='ocrx_word' id='word_1_666' title='bbox 2222 3566 2281 3619; x_wconf 83' lang='grc' dir='ltr'><strong>τό</strong></span> <span class='ocrx_word' id='word_1_667' title='bbox 2323 3582 2467 3630; x_wconf 88' lang='grc' dir='ltr'>τινος</span> <span class='ocrx_word' id='word_1_668' title='bbox 2497 3563 2838 3634; x_wconf 75' lang='grc' dir='ltr'>ἐκπεφυκὸς,</span> <span class='ocrx_word' id='word_1_669' title='bbox 2887 3563 3178 3617; x_wconf 88' lang='grc' dir='ltr'>ἑπαινέσαι</span> <span class='ocrx_word' id='word_1_670' title='bbox 3229 3562 3292 3615; x_wconf 78' lang='grc' dir='ltr'><strong>τὸ</strong></span> <span class='ocrx_word' id='word_1_671' title='bbox 3337 3561 3397 3627; x_wconf 81' lang='grc' dir='ltr'><strong>ἑξ</strong></span> <span class='ocrx_word' id='word_1_672' title='bbox 3436 3555 3597 3629; x_wconf 75' lang='grc' dir='ltr'>οὗπερ</span> <span class='ocrx_word' id='word_1_673' title='bbox 3632 3552 3764 3608; x_wconf 77' lang='grc' dir='ltr'>ἐστίν.</span> 
     </span>
    </p>
   </div>
   <div class='ocr_carea' id='block_1_82' title="bbox 2220 3642 3768 3726">
    <p class='ocr_par' dir='ltr' id='par_1_82' title="bbox 2220 3642 3768 3726">
     <span class='ocr_line' id='line_1_82' title="bbox 2220 3642 3768 3726; baseline -0.008 -15"><span class='ocrx_word' id='word_1_674' title='bbox 2220 3656 2319 3711; x_wconf 84' lang='grc' dir='ltr'><strong>Διά</strong></span> <span class='ocrx_word' id='word_1_675' title='bbox 2365 3673 2446 3709; x_wconf 88' lang='grc' dir='ltr'><strong>τοι</strong></span> <span class='ocrx_word' id='word_1_676' title='bbox 2496 3656 2656 3709; x_wconf 83' lang='grc' dir='ltr'>τοῦτο</span> <span class='ocrx_word' id='word_1_677' title='bbox 2705 3658 2819 3719; x_wconf 90' lang='grc' dir='ltr'>τοῖς</span> <span class='ocrx_word' id='word_1_678' title='bbox 2863 3655 3137 3718; x_wconf 84' lang='grc' dir='ltr'>Ἰουδαίοις</span> <span class='ocrx_word' id='word_1_679' title='bbox 3188 3653 3300 3725; x_wconf 77' lang='grc' dir='ltr'>ἔφη</span> <span class='ocrx_word' id='word_1_680' title='bbox 3344 3653 3607 3726; x_wconf 83' lang='grc' dir='ltr'>Χριστός·</span> <span class='ocrx_word' id='word_1_681' title='bbox 3657 3667 3673 3697; x_wconf 85' lang='grc' dir='ltr'><strong>ι</strong></span> <span class='ocrx_word' id='word_1_682' title='bbox 3712 3642 3768 3695; x_wconf 70' lang='grc' dir='ltr'><strong>Οὐ</strong></span> 
     </span>
    </p>
   </div>
   <div class='ocr_carea' id='block_1_83' title="bbox 2220 3739 3767 3818">
    <p class='ocr_par' dir='ltr' id='par_1_83' title="bbox 2220 3739 3767 3818">
     <span class='ocr_line' id='line_1_83' title="bbox 2220 3739 3767 3818; baseline -0.006 -16"><span class='ocrx_word' id='word_1_683' title='bbox 2220 3748 2443 3802; x_wconf 88' lang='grc' dir='ltr'>δύναται</span> <span class='ocrx_word' id='word_1_684' title='bbox 2482 3747 2699 3817; x_wconf 68' lang='grc' dir='ltr'>δένδρον</span> <span class='ocrx_word' id='word_1_685' title='bbox 2751 3746 2957 3815; x_wconf 79' lang='grc' dir='ltr'>ἀγαθὸν</span> <span class='ocrx_word' id='word_1_686' title='bbox 2998 3747 3250 3818; x_wconf 75' lang='grc' dir='ltr'>καρποὺς</span> <span class='ocrx_word' id='word_1_687' title='bbox 3302 3744 3572 3816; x_wconf 82' lang='grc' dir='ltr'>πονηροὺς</span> <span class='ocrx_word' id='word_1_688' title='bbox 3611 3739 3767 3793; x_wconf 80' lang='grc' dir='ltr'>ποιεῖν.</span> 
     </span>
    </p>
   </div>
   <div class='ocr_carea' id='block_1_84' title="bbox 2219 3832 3771 3911">
    <p class='ocr_par' dir='ltr' id='par_1_84' title="bbox 2219 3832 3771 3911">
     <span class='ocr_line' id='line_1_84' title="bbox 2219 3832 3771 3911; baseline -0.01 -16"><span class='ocrx_word' id='word_1_689' title='bbox 2219 3841 2340 3895; x_wconf 78' lang='grc' dir='ltr'>οὐδὲ</span> <span class='ocrx_word' id='word_1_690' title='bbox 2377 3839 2595 3910; x_wconf 89' lang='grc' dir='ltr'>δένδρον</span> <span class='ocrx_word' id='word_1_691' title='bbox 2626 3840 2857 3909; x_wconf 83' lang='grc' dir='ltr'>σαπρὸν,</span> <span class='ocrx_word' id='word_1_692' title='bbox 2890 3839 3141 3911; x_wconf 70' lang='grc' dir='ltr'>καρποὺς</span> <span class='ocrx_word' id='word_1_693' title='bbox 3176 3840 3425 3904; x_wconf 79' lang='grc' dir='ltr'>ἀγαθοὺς</span> <span class='ocrx_word' id='word_1_694' title='bbox 3455 3838 3635 3891; x_wconf 75' lang='grc' dir='ltr'>ποιεῖν’</span> <span class='ocrx_word' id='word_1_695' title='bbox 3660 3853 3675 3884; x_wconf 70' lang='grc' dir='ltr'><strong>ι</strong></span> <span class='ocrx_word' id='word_1_696' title='bbox 3705 3832 3771 3883; x_wconf 76' lang='grc' dir='ltr'>ὅτε</span> 
     </span>
    </p>
   </div>
   <div class='ocr_carea' id='block_1_85' title="bbox 2221 3919 3773 4000">
    <p class='ocr_par' dir='ltr' id='par_1_85' title="bbox 2221 3919 3773 4000">
     <span class='ocr_line' id='line_1_85' title="bbox 2221 3919 3773 4000; baseline -0.009 -17"><span class='ocrx_word' id='word_1_697' title='bbox 2221 3931 2315 3982; x_wconf 76' lang='grc' dir='ltr'>καὶ</span> <span class='ocrx_word' id='word_1_698' title='bbox 2339 3929 2437 4000; x_wconf 81' lang='grc' dir='ltr'><strong>τὴν</strong></span> <span class='ocrx_word' id='word_1_699' title='bbox 2471 3929 2564 3981; x_wconf 77' lang='grc' dir='ltr'><strong>ἐπὶ</strong></span> <span class='ocrx_word' id='word_1_700' title='bbox 2620 3927 2795 3999; x_wconf 86' lang='grc' dir='ltr'>τούτῳ</span> <span class='ocrx_word' id='word_1_701' title='bbox 2839 3928 3114 3999; x_wconf 83' lang='grc' dir='ltr'>διάκρισιν</span> <span class='ocrx_word' id='word_1_702' title='bbox 3146 3928 3358 3999; x_wconf 75' lang='grc' dir='ltr'>ἀκριϐῆ</span> <span class='ocrx_word' id='word_1_703' title='bbox 3402 3945 3461 3980; x_wconf 90' lang='grc' dir='ltr'><strong>τε</strong></span> <span class='ocrx_word' id='word_1_704' title='bbox 3494 3926 3582 3980; x_wconf 69' lang='grc' dir='ltr'><strong>καὶ</strong></span> <span class='ocrx_word' id='word_1_705' title='bbox 3622 3919 3773 3976; x_wconf 78' lang='grc' dir='ltr'>ἀνεπί-</span> 
     </span>
    </p>
   </div>
   <div class='ocr_carea' id='block_1_86' title="bbox 2221 4009 3775 4093">
    <p class='ocr_par' dir='ltr' id='par_1_86' title="bbox 2221 4009 3775 4093">
     <span class='ocr_line' id='line_1_86' title="bbox 2221 4009 3775 4093; baseline -0.01 -18"><span class='ocrx_word' id='word_1_706' title='bbox 2221 4021 2426 4093; x_wconf 89' lang='grc' dir='ltr'>ληπτον</span> <span class='ocrx_word' id='word_1_707' title='bbox 2451 4020 2789 4074; x_wconf 84' lang='grc' dir='ltr'>διεκελεύετο</span> <span class='ocrx_word' id='word_1_708' title='bbox 2824 4018 3129 4073; x_wconf 80' lang='grc' dir='ltr'>ποιεῖσθαι·</span> <span class='ocrx_word' id='word_1_709' title='bbox 3170 4038 3188 4069; x_wconf 78' lang='grc' dir='ltr'><strong>ι</strong></span> <span class='ocrx_word' id='word_1_710' title='bbox 3234 4021 3306 4073; x_wconf 89' lang='grc' dir='ltr'><strong>Ἦ</strong></span> <span class='ocrx_word' id='word_1_711' title='bbox 3333 4018 3593 4089; x_wconf 83' lang='grc' dir='ltr'>ποιήσατε</span> <span class='ocrx_word' id='word_1_712' title='bbox 3615 4012 3668 4065; x_wconf 75' lang='grc' dir='ltr'><strong>τὸ</strong></span> <span class='ocrx_word' id='word_1_713' title='bbox 3688 4009 3775 4061; x_wconf 83' lang='grc' dir='ltr'>δέν-</span> 
     </span>
    </p>
   </div>
   <div class='ocr_carea' id='block_1_87' title="bbox 2222 4104 3775 4187">
    <p class='ocr_par' dir='ltr' id='par_1_87' title="bbox 2222 4104 3775 4187">
     <span class='ocr_line' id='line_1_87' title="bbox 2222 4104 3775 4187; baseline -0.011 -20"><span class='ocrx_word' id='word_1_714' title='bbox 2222 4114 2346 4187; x_wconf 89' lang='grc' dir='ltr'>δρον</span> <span class='ocrx_word' id='word_1_715' title='bbox 2377 4113 2608 4184; x_wconf 73' lang='grc' dir='ltr'>σαπρὸν,</span> <span class='ocrx_word' id='word_1_716' title='bbox 2639 4111 2736 4165; x_wconf 73' lang='grc' dir='ltr'>καὶ</span> <span class='ocrx_word' id='word_1_717' title='bbox 2765 4111 2858 4166; x_wconf 83' lang='grc' dir='ltr'><strong>τὸν</strong></span> <span class='ocrx_word' id='word_1_718' title='bbox 2885 4110 3096 4182; x_wconf 77' lang='grc' dir='ltr'>καρπὸν</span> <span class='ocrx_word' id='word_1_719' title='bbox 3126 4111 3298 4164; x_wconf 84' lang='grc' dir='ltr'>αὑτοῦ</span> <span class='ocrx_word' id='word_1_720' title='bbox 3329 4109 3557 4179; x_wconf 88' lang='grc' dir='ltr'>σαπρόν.</span> <span class='ocrx_word' id='word_1_721' title='bbox 3583 4125 3598 4157; x_wconf 83' lang='grc' dir='ltr'><strong>ι</strong></span> <span class='ocrx_word' id='word_1_722' title='bbox 3633 4104 3775 4167; x_wconf 78' lang='grc' dir='ltr'>Ὅπερ</span> 
     </span>
    </p>
   </div>
   <div class='ocr_carea' id='block_1_88' title="bbox 2223 4192 3776 4276">
    <p class='ocr_par' dir='ltr' id='par_1_88' title="bbox 2223 4192 3776 4276">
     <span class='ocr_line' id='line_1_88' title="bbox 2223 4192 3776 4276; baseline -0.006 -18"><span class='ocrx_word' id='word_1_723' title='bbox 2223 4207 2332 4276; x_wconf 82' lang='grc' dir='ltr'>γὰρ</span> <span class='ocrx_word' id='word_1_724' title='bbox 2374 4204 2441 4259; x_wconf 85' lang='grc' dir='ltr'><strong>ἂν</strong></span> <span class='ocrx_word' id='word_1_725' title='bbox 2484 4204 2602 4258; x_wconf 82' lang='grc' dir='ltr'>καθ’</span> <span class='ocrx_word' id='word_1_726' title='bbox 2635 4204 2752 4265; x_wconf 86' lang='grc' dir='ltr'>ἑνὸς</span> <span class='ocrx_word' id='word_1_727' title='bbox 2795 4202 2903 4257; x_wconf 86' lang='grc' dir='ltr'><strong>τῶν</strong></span> <span class='ocrx_word' id='word_1_728' title='bbox 2948 4200 3209 4255; x_wconf 82' lang='grc' dir='ltr'>τοιούτων</span> <span class='ocrx_word' id='word_1_729' title='bbox 3265 4199 3588 4273; x_wconf 85' lang='grc' dir='ltr'>ἀληθεύοιτο</span> <span class='ocrx_word' id='word_1_730' title='bbox 3628 4192 3776 4261; x_wconf 71' lang='grc' dir='ltr'>τυχὸν,</span> 
     </span>
    </p>
   </div>
   <div class='ocr_carea' id='block_1_89' title="bbox 2223 4289 3776 4367">
    <p class='ocr_par' dir='ltr' id='par_1_89' title="bbox 2223 4289 3776 4367">
     <span class='ocr_line' id='line_1_89' title="bbox 2223 4289 3776 4367; baseline -0.006 -17"><span class='ocrx_word' id='word_1_731' title='bbox 2223 4296 2383 4351; x_wconf 82' lang='grc' dir='ltr'>τοῦτο</span> <span class='ocrx_word' id='word_1_732' title='bbox 2410 4295 2475 4367; x_wconf 84' lang='grc' dir='ltr'>δὴ</span> <span class='ocrx_word' id='word_1_733' title='bbox 2513 4296 2730 4359; x_wconf 90' lang='grc' dir='ltr'>πάντως</span> <span class='ocrx_word' id='word_1_734' title='bbox 2754 4295 2966 4363; x_wconf 84' lang='grc' dir='ltr'>διήκειν</span> <span class='ocrx_word' id='word_1_735' title='bbox 3002 4295 3092 4347; x_wconf 81' lang='grc' dir='ltr'><strong>ἐπ’</strong></span> <span class='ocrx_word' id='word_1_736' title='bbox 3120 4295 3333 4363; x_wconf 80' lang='grc' dir='ltr'>ἀμφοῖν</span> <span class='ocrx_word' id='word_1_737' title='bbox 3384 4289 3667 4361; x_wconf 84' lang='grc' dir='ltr'>ἀναγκαῖός</span> <span class='ocrx_word' id='word_1_738' title='bbox 3698 4299 3776 4343; x_wconf 76' lang='grc' dir='ltr'>τις.</span> 
     </span>
    </p>
   </div>
   <div class='ocr_carea' id='block_1_90' title="bbox 2224 4372 3780 4457">
    <p class='ocr_par' dir='ltr' id='par_1_90' title="bbox 2224 4372 3780 4457">
     <span class='ocr_line' id='line_1_90' title="bbox 2224 4372 3780 4457; baseline -0.001 -17"><span class='ocrx_word' id='word_1_739' title='bbox 2224 4382 2411 4457; x_wconf 74' lang='grc' dir='ltr'>οἶμαι,</span> <span class='ocrx_word' id='word_1_740' title='bbox 2448 4385 2809 4457; x_wconf 76' lang='grc' dir='ltr'>παρατρέψει.</span> <span class='ocrx_word' id='word_1_741' title='bbox 2854 4386 3000 4447; x_wconf 80' lang='grc' dir='ltr'>Μιᾶς</span> <span class='ocrx_word' id='word_1_742' title='bbox 3032 4384 3141 4455; x_wconf 75' lang='grc' dir='ltr'>γὰρ</span> <span class='ocrx_word' id='word_1_743' title='bbox 3180 4385 3436 4454; x_wconf 85' lang='grc' dir='ltr'>φύσεως,</span> <span class='ocrx_word' id='word_1_744' title='bbox 3470 4382 3582 4445; x_wconf 89' lang='grc' dir='ltr'><strong>πῶς</strong></span> <span class='ocrx_word' id='word_1_745' title='bbox 3610 4375 3713 4447; x_wconf 68' lang='grc' dir='ltr'>οὐχὶ</span> <span class='ocrx_word' id='word_1_746' title='bbox 3731 4372 3780 4439; x_wconf 64' lang='grc' dir='ltr'><strong>δὴ</strong></span> 
     </span>
    </p>
   </div>
   <div class='ocr_carea' id='block_1_91' title="bbox 2228 4467 3780 4548">
    <p class='ocr_par' dir='ltr' id='par_1_91' title="bbox 2228 4467 3780 4548">
     <span class='ocr_line' id='line_1_91' title="bbox 2228 4467 3780 4548; baseline -0.006 -15"><span class='ocrx_word' id='word_1_747' title='bbox 2228 4480 2445 4543; x_wconf 88' lang='grc' dir='ltr'>πάντως</span> <span class='ocrx_word' id='word_1_748' title='bbox 2475 4479 2628 4533; x_wconf 84' lang='grc' dir='ltr'>κοινά</span> <span class='ocrx_word' id='word_1_749' title='bbox 2656 4478 2811 4532; x_wconf 79' lang='grc' dir='ltr'>ἔσται</span> <span class='ocrx_word' id='word_1_750' title='bbox 2840 4478 2908 4530; x_wconf 79' lang='grc' dir='ltr'>τὰ</span> <span class='ocrx_word' id='word_1_751' title='bbox 2933 4476 3226 4548; x_wconf 79' lang='grc' dir='ltr'>ἡττῶμενα</span> <span class='ocrx_word' id='word_1_752' title='bbox 3250 4517 3265 4540; x_wconf 92' lang='grc'><strong>,</strong></span> <span class='ocrx_word' id='word_1_753' title='bbox 3293 4477 3466 4548; x_wconf 67' lang='grc' dir='ltr'>ἤγουν</span> <span class='ocrx_word' id='word_1_754' title='bbox 3496 4474 3587 4526; x_wconf 59' lang='grc' dir='ltr'><strong>καὶ⁵</strong></span> <span class='ocrx_word' id='word_1_755' title='bbox 3615 4467 3780 4536; x_wconf 77' lang='grc' dir='ltr'>ἑτέρως</span> 
     </span>
    </p>
   </div>
   <div class='ocr_carea' id='block_1_92' title="bbox 2227 4560 3783 4642">
    <p class='ocr_par' dir='ltr' id='par_1_92' title="bbox 2227 4560 3783 4642">
     <span class='ocr_line' id='line_1_92' title="bbox 2227 4560 3783 4642; baseline -0.005 -16"><span class='ocrx_word' id='word_1_756' title='bbox 2227 4569 2715 4642; x_wconf 86' lang='grc' dir='ltr'>καταλαμπρύνειν</span> <span class='ocrx_word' id='word_1_757' title='bbox 2766 4569 2989 4634; x_wconf 85' lang='grc' dir='ltr'>εἰδότα;</span> <span class='ocrx_word' id='word_1_758' title='bbox 3042 4568 3153 4620; x_wconf 76' lang='grc' dir='ltr'>Καὶ</span> <span class='ocrx_word' id='word_1_759' title='bbox 3188 4569 3332 4639; x_wconf 84' lang='grc' dir='ltr'>ὅπερ</span> <span class='ocrx_word' id='word_1_760' title='bbox 3382 4568 3449 4622; x_wconf 84' lang='grc' dir='ltr'><strong>ἀν</strong></span> <span class='ocrx_word' id='word_1_761' title='bbox 3487 4560 3689 4636; x_wconf 83' lang='grc' dir='ltr'>δράσειέ</span> <span class='ocrx_word' id='word_1_762' title='bbox 3719 4571 3783 4618; x_wconf 78' lang='grc' dir='ltr'><strong>τίς</strong></span> 
     </span>
    </p>
   </div>
   <div class='ocr_carea' id='block_1_93' title="bbox 2228 4648 3784 4731">
    <p class='ocr_par' dir='ltr' id='par_1_93' title="bbox 2228 4648 3784 4731">
     <span class='ocr_line' id='line_1_93' title="bbox 2228 4648 3784 4731; baseline -0.005 -14"><span class='ocrx_word' id='word_1_763' title='bbox 2228 4666 2307 4727; x_wconf 89' lang='grc' dir='ltr'>εἰς</span> <span class='ocrx_word' id='word_1_764' title='bbox 2344 4663 2403 4717; x_wconf 75' lang='grc' dir='ltr'>τὸ</span> <span class='ocrx_word' id='word_1_765' title='bbox 2430 4663 2493 4717; x_wconf 82' lang='grc' dir='ltr'><strong>ἑκ</strong></span> <span class='ocrx_word' id='word_1_766' title='bbox 2531 4680 2675 4726; x_wconf 88' lang='grc' dir='ltr'>τινος</span> <span class='ocrx_word' id='word_1_767' title='bbox 2707 4662 2892 4731; x_wconf 84' lang='grc' dir='ltr'>πηγῆς</span> <span class='ocrx_word' id='word_1_768' title='bbox 2914 4702 2928 4727; x_wconf 92' lang='grc'><strong>,</strong></span> <span class='ocrx_word' id='word_1_769' title='bbox 2978 4660 3138 4715; x_wconf 74' lang='grc' dir='ltr'>τοῦτο</span> <span class='ocrx_word' id='word_1_770' title='bbox 3182 4661 3248 4731; x_wconf 85' lang='grc' dir='ltr'><strong>δὴ</strong></span> <span class='ocrx_word' id='word_1_771' title='bbox 3288 4661 3511 4722; x_wconf 78' lang='grc' dir='ltr'>πάντως</span> <span class='ocrx_word' id='word_1_772' title='bbox 3548 4648 3784 4725; x_wconf 79' lang='grc' dir='ltr'>δεδρακὼς</span> 
     </span>
    </p>
   </div>
   <div class='ocr_carea' id='block_1_94' title="bbox 2229 4740 3787 4824">
    <p class='ocr_par' dir='ltr' id='par_1_94' title="bbox 2229 4740 3787 4824">
     <span class='ocr_line' id='line_1_94' title="bbox 2229 4740 3787 4824; baseline -0.004 -16"><span class='ocrx_word' id='word_1_773' title='bbox 2229 4754 2296 4809; x_wconf 83' lang='grc' dir='ltr'>ἂν</span> <span class='ocrx_word' id='word_1_774' title='bbox 2328 4753 2413 4823; x_wconf 76' lang='grc' dir='ltr'>εἴη</span> <span class='ocrx_word' id='word_1_775' title='bbox 2444 4755 2539 4807; x_wconf 68' lang='grc' dir='ltr'>καὶ</span> <span class='ocrx_word' id='word_1_776' title='bbox 2580 4755 2661 4817; x_wconf 79' lang='grc' dir='ltr'>εἰς</span> <span class='ocrx_word' id='word_1_777' title='bbox 2693 4753 2866 4824; x_wconf 75' lang='grc' dir='ltr'>αὐτὴν</span> <span class='ocrx_word' id='word_1_778' title='bbox 2893 4753 2993 4823; x_wconf 83' lang='grc' dir='ltr'><strong>τὴν</strong></span> <span class='ocrx_word' id='word_1_779' title='bbox 3030 4753 3236 4823; x_wconf 83' lang='grc' dir='ltr'>πηγήν.</span> <span class='ocrx_word' id='word_1_780' title='bbox 3285 4751 3387 4805; x_wconf 89' lang='grc' dir='ltr'>Διά</span> <span class='ocrx_word' id='word_1_781' title='bbox 3422 4750 3578 4805; x_wconf 81' lang='grc' dir='ltr'>τοῦτό</span> <span class='ocrx_word' id='word_1_782' title='bbox 3606 4740 3787 4816; x_wconf 75' lang='grc' dir='ltr'>φησινὸ</span> 
     </span>
    </p>
   </div>
   <div class='ocr_carea' id='block_1_95' title="bbox 538 4841 2115 4921">
    <p class='ocr_par' dir='ltr' id='par_1_95' title="bbox 538 4842 2115 4914">
     <span class='ocr_line' id='line_1_95' title="bbox 538 4842 2115 4914; baseline -0.003 -13"><span class='ocrx_word' id='word_1_783' title='bbox 538 4845 729 4901; x_wconf 88' lang='lat' dir='ltr'><strong>haberi</strong></span> <span class='ocrx_word' id='word_1_784' title='bbox 762 4842 1135 4913; x_wconf 89' lang='lat' dir='ltr'><strong>periculosum</strong></span> <span class='ocrx_word' id='word_1_785' title='bbox 1154 4884 1169 4908; x_wconf 93' lang='lat'><strong>,</strong></span> <span class='ocrx_word' id='word_1_786' title='bbox 1197 4859 1434 4914; x_wconf 90' lang='lat' dir='ltr'><strong>eumque</strong></span> <span class='ocrx_word' id='word_1_787' title='bbox 1461 4859 1565 4914; x_wconf 89' lang='lat' dir='ltr'><strong>ope</strong></span> <span class='ocrx_word' id='word_1_788' title='bbox 1592 4843 1917 4900; x_wconf 82' lang='lat' dir='ltr'><strong>destitutum</strong></span> <span class='ocrx_word' id='word_1_789' title='bbox 1947 4845 2045 4908; x_wconf 91' lang='lat' dir='ltr'><strong>iri,</strong></span> <span class='ocrx_word' id='word_1_790' title='bbox 2073 4852 2115 4899; x_wconf 91' lang='lat' dir='ltr'><strong>el</strong></span> 
     </span>
    </p>
   </div>
   <div class='ocr_carea' id='block_1_96' title="bbox 2215 4841 3786 4921">
    <p class='ocr_par' dir='ltr' id='par_1_96' title="bbox 2232 4841 3786 4917">
     <span class='ocr_line' id='line_1_96' title="bbox 2232 4841 3786 4917; baseline -0.006 -18"><span class='ocrx_word' id='word_1_791' title='bbox 2232 4846 2488 4917; x_wconf 79' lang='grc' dir='ltr'>Χριστὸς,</span> <span class='ocrx_word' id='word_1_792' title='bbox 2526 4845 2610 4899; x_wconf 81' lang='grc' dir='ltr'>ὅτι</span> <span class='ocrx_word' id='word_1_793' title='bbox 2655 4862 2672 4895; x_wconf 84' lang='grc' dir='ltr'><strong>ι</strong></span> <span class='ocrx_word' id='word_1_794' title='bbox 2720 4846 2777 4897; x_wconf 89' lang='lat'><strong>&#39;0</strong></span> <span class='ocrx_word' id='word_1_795' title='bbox 2824 4845 2924 4914; x_wconf 76' lang='grc' dir='ltr'>ἐμὲ</span> <span class='ocrx_word' id='word_1_796' title='bbox 2951 4844 3146 4914; x_wconf 83' lang='grc' dir='ltr'>μισῶν,</span> <span class='ocrx_word' id='word_1_797' title='bbox 3194 4847 3293 4897; x_wconf 76' lang='grc' dir='ltr'>καὶ</span> <span class='ocrx_word' id='word_1_798' title='bbox 3322 4844 3415 4897; x_wconf 79' lang='grc' dir='ltr'><strong>τὸν</strong></span> <span class='ocrx_word' id='word_1_799' title='bbox 3446 4841 3661 4909; x_wconf 86' lang='grc' dir='ltr'>Πατέρα</span> <span class='ocrx_word' id='word_1_800' title='bbox 3706 4848 3786 4903; x_wconf 84' lang='grc' dir='ltr'>μου</span> 
     </span>
    </p>
   </div>
   <div class='ocr_carea' id='block_1_97' title="bbox 538 4925 2115 5011">
    <p class='ocr_par' dir='ltr' id='par_1_97' title="bbox 538 4933 2115 5005">
     <span class='ocr_line' id='line_1_97' title="bbox 538 4933 2115 5005; baseline -0.001 -14"><span class='ocrx_word' id='word_1_801' title='bbox 538 4941 593 4991; x_wconf 85' lang='lat' dir='ltr'><strong>in</strong></span> <span class='ocrx_word' id='word_1_802' title='bbox 624 4934 863 5005; x_wconf 65' lang='lat' dir='ltr'><strong>praedam</strong></span> <span class='ocrx_word' id='word_1_803' title='bbox 908 4933 1075 4989; x_wconf 85' lang='lat' dir='ltr'><strong>facile</strong></span> <span class='ocrx_word' id='word_1_804' title='bbox 1117 4949 1410 4990; x_wconf 85' lang='lat' dir='ltr'><strong>cessurum</strong></span> <span class='ocrx_word' id='word_1_805' title='bbox 1453 4934 1720 5001; x_wconf 73' lang='lat' dir='ltr'><strong>affirmat,</strong></span> <span class='ocrx_word' id='word_1_806' title='bbox 1765 4935 1860 5004; x_wconf 91' lang='lat' dir='ltr'><strong>qui</strong></span> <span class='ocrx_word' id='word_1_807' title='bbox 1903 4937 2115 4990; x_wconf 82' lang='lat' dir='ltr'><strong>omnim</strong></span> 
     </span>
    </p>
   </div>
   <div class='ocr_carea' id='block_1_98' title="bbox 2215 4925 3790 5011">
    <p class='ocr_par' dir='ltr' id='par_1_98' title="bbox 2231 4925 3790 5011">
     <span class='ocr_line' id='line_1_98' title="bbox 2231 4925 3790 5011; baseline -0.003 -21"><span class='ocrx_word' id='word_1_808' title='bbox 2231 4942 2396 5011; x_wconf 88' lang='grc' dir='ltr'>μισεῖ,</span> <span class='ocrx_word' id='word_1_809' title='bbox 2423 4958 2442 4989; x_wconf 76' lang='grc' dir='ltr'><strong>ι</strong></span> <span class='ocrx_word' id='word_1_810' title='bbox 2496 4938 2660 5008; x_wconf 78' lang='grc' dir='ltr'>Φέρει</span> <span class='ocrx_word' id='word_1_811' title='bbox 2703 4936 2760 4989; x_wconf 79' lang='grc' dir='ltr'>δὲ</span> <span class='ocrx_word' id='word_1_812' title='bbox 2806 4937 3095 5007; x_wconf 81' lang='grc' dir='ltr'>χρησίμως</span> <span class='ocrx_word' id='word_1_813' title='bbox 3126 4936 3223 4990; x_wconf 71' lang='grc' dir='ltr'><strong>καὶ</strong></span> <span class='ocrx_word' id='word_1_814' title='bbox 3254 4939 3337 5000; x_wconf 88' lang='grc' dir='ltr'><strong>είς</strong></span> <span class='ocrx_word' id='word_1_815' title='bbox 3377 4935 3442 4989; x_wconf 77' lang='grc' dir='ltr'>τὸ</span> <span class='ocrx_word' id='word_1_816' title='bbox 3483 4931 3575 4987; x_wconf 75' lang='grc' dir='ltr'><strong>τοῦ</strong></span> <span class='ocrx_word' id='word_1_817' title='bbox 3605 4925 3790 4997; x_wconf 45' lang='lat' dir='ltr'><strong>Ila-.93.;</strong></span> 
     </span>
    </p>
   </div>
   <div class='ocr_carea' id='block_1_99' title="bbox 540 5024 2115 5103">
    <p class='ocr_par' dir='ltr' id='par_1_99' title="bbox 540 5024 2115 5096">
     <span class='ocr_line' id='line_1_99' title="bbox 540 5024 2115 5096; baseline -0.001 -14"><span class='ocrx_word' id='word_1_818' title='bbox 540 5027 775 5082; x_wconf 88' lang='lat' dir='ltr'><strong>adorare</strong></span> <span class='ocrx_word' id='word_1_819' title='bbox 804 5027 963 5090; x_wconf 89' lang='lat' dir='ltr'><strong>nolit,</strong></span> <span class='ocrx_word' id='word_1_820' title='bbox 993 5025 1200 5096; x_wconf 90' lang='lat' dir='ltr'><strong>quippe</strong></span> <span class='ocrx_word' id='word_1_821' title='bbox 1243 5026 1337 5096; x_wconf 91' lang='lat' dir='ltr'><strong>qui</strong></span> <span class='ocrx_word' id='word_1_822' title='bbox 1362 5026 1418 5079; x_wconf 92' lang='lat' dir='ltr'><strong>in</strong></span> <span class='ocrx_word' id='word_1_823' title='bbox 1459 5025 1637 5094; x_wconf 91' lang='lat' dir='ltr'><strong>ipsam</strong></span> <span class='ocrx_word' id='word_1_824' title='bbox 1678 5037 1903 5093; x_wconf 84' lang='lat' dir='ltr'><strong>quoque</strong></span> <span class='ocrx_word' id='word_1_825' title='bbox 1945 5024 2115 5081; x_wconf 69' lang='lat' dir='ltr'><strong>Patri:</strong></span> 
     </span>
    </p>
   </div>
   <div class='ocr_carea' id='block_1_100' title="bbox 2215 5024 3780 5103">
    <p class='ocr_par' dir='ltr' id='par_1_100' title="bbox 2226 5025 3780 5103">
     <span class='ocr_line' id='line_1_100' title="bbox 2226 5025 3780 5103; baseline -0.011 -17"><span class='ocrx_word' id='word_1_826' title='bbox 2226 5033 2539 5103; x_wconf 86' lang='grc' dir='ltr'>πρόσωπον.</span> <span class='ocrx_word' id='word_1_827' title='bbox 2559 5028 2702 5100; x_wconf 75' lang='grc' dir='ltr'>ἅπερ</span> <span class='ocrx_word' id='word_1_828' title='bbox 2722 5028 2789 5081; x_wconf 81' lang='grc' dir='ltr'><strong>ἂν</strong></span> <span class='ocrx_word' id='word_1_829' title='bbox 2809 5030 2888 5092; x_wconf 81' lang='grc' dir='ltr'><strong>είς</strong></span> <span class='ocrx_word' id='word_1_830' title='bbox 2910 5029 3071 5083; x_wconf 72' lang='grc' dir='ltr'>αὐτὸν</span> <span class='ocrx_word' id='word_1_831' title='bbox 3095 5030 3437 5099; x_wconf 76' lang='grc' dir='ltr'>ἐπιχειροῖτο</span> <span class='ocrx_word' id='word_1_832' title='bbox 3458 5025 3609 5098; x_wconf 82' lang='grc' dir='ltr'>παρά</span> <span class='ocrx_word' id='word_1_833' title='bbox 3623 5037 3780 5076; x_wconf 86' lang='grc' dir='ltr'>τινων.</span> 
     </span>
    </p>
   </div>
   <div class='ocr_carea' id='block_1_101' title="bbox 541 5112 2115 5194">
    <p class='ocr_par' dir='ltr' id='par_1_101' title="bbox 541 5113 2115 5189">
     <span class='ocr_line' id='line_1_101' title="bbox 541 5113 2115 5189; baseline -0.002 -15"><span class='ocrx_word' id='word_1_834' title='bbox 541 5133 833 5189; x_wconf 79' lang='lat' dir='ltr'><strong>personam</strong></span> <span class='ocrx_word' id='word_1_835' title='bbox 889 5118 961 5173; x_wconf 86' lang='lat' dir='ltr'><strong>sit</strong></span> <span class='ocrx_word' id='word_1_836' title='bbox 1011 5116 1473 5173; x_wconf 86' lang='lat' dir='ltr'><strong>contumeliosus.</strong></span> <span class='ocrx_word' id='word_1_837' title='bbox 1531 5113 1771 5169; x_wconf 89' lang='lat' dir='ltr'><strong>Omnino</strong></span> <span class='ocrx_word' id='word_1_838' title='bbox 1820 5116 1970 5170; x_wconf 87' lang='lat' dir='ltr'><strong>enim</strong></span> <span class='ocrx_word' id='word_1_839' title='bbox 2018 5133 2115 5171; x_wconf 81' lang='lat' dir='ltr'><strong>una</strong></span> 
     </span>
    </p>
   </div>
   <div class='ocr_carea' id='block_1_102' title="bbox 2215 5112 3791 5194">
    <p class='ocr_par' dir='ltr' id='par_1_102' title="bbox 2225 5112 3791 5194">
     <span class='ocr_line' id='line_1_102' title="bbox 2225 5112 3791 5194; baseline -0.01 -16"><span class='ocrx_word' id='word_1_840' title='bbox 2225 5120 2643 5193; x_wconf 85' lang='grc' dir='ltr'>Πληροφορήσει</span> <span class='ocrx_word' id='word_1_841' title='bbox 2675 5121 2773 5191; x_wconf 84' lang='grc' dir='ltr'><strong>μὲν</strong></span> <span class='ocrx_word' id='word_1_842' title='bbox 2797 5120 2907 5192; x_wconf 83' lang='grc' dir='ltr'>γὰρ</span> <span class='ocrx_word' id='word_1_843' title='bbox 2929 5120 3081 5174; x_wconf 82' lang='grc' dir='ltr'>οὐδὲν</span> <span class='ocrx_word' id='word_1_844' title='bbox 3104 5116 3270 5194; x_wconf 84' lang='grc' dir='ltr'>ἦττον</span> <span class='ocrx_word' id='word_1_845' title='bbox 3308 5122 3462 5192; x_wconf 77' lang='grc' dir='ltr'>ἡμᾶς</span> <span class='ocrx_word' id='word_1_846' title='bbox 3496 5118 3582 5172; x_wconf 79' lang='grc' dir='ltr'>διὰ</span> <span class='ocrx_word' id='word_1_847' title='bbox 3613 5112 3791 5168; x_wconf 83' lang='grc' dir='ltr'>τούτων</span> 
     </span>
    </p>
   </div>
   <div class='ocr_carea' id='block_1_103' title="bbox 543 5201 2115 5280">
    <p class='ocr_par' dir='ltr' id='par_1_103' title="bbox 543 5205 2115 5280">
     <span class='ocr_line' id='line_1_103' title="bbox 543 5205 2115 5280; baseline -0.001 -15"><span class='ocrx_word' id='word_1_848' title='bbox 543 5212 707 5266; x_wconf 78' lang='lat' dir='ltr'><strong>Pater</strong></span> <span class='ocrx_word' id='word_1_849' title='bbox 737 5210 1085 5266; x_wconf 88' lang='lat' dir='ltr'><strong>succensebit</strong></span> <span class='ocrx_word' id='word_1_850' title='bbox 1107 5250 1121 5275; x_wconf 96' lang='lat'><strong>,</strong></span> <span class='ocrx_word' id='word_1_851' title='bbox 1158 5218 1221 5263; x_wconf 92' lang='lat' dir='ltr'><strong>ut</strong></span> <span class='ocrx_word' id='word_1_852' title='bbox 1249 5209 1343 5280; x_wconf 91' lang='lat' dir='ltr'><strong>qui</strong></span> <span class='ocrx_word' id='word_1_853' title='bbox 1376 5222 1484 5263; x_wconf 86' lang='lat' dir='ltr'><strong>una</strong></span> <span class='ocrx_word' id='word_1_854' title='bbox 1514 5221 1642 5260; x_wconf 89' lang='lat' dir='ltr'><strong>cum</strong></span> <span class='ocrx_word' id='word_1_855' title='bbox 1675 5221 1776 5261; x_wconf 91' lang='lat' dir='ltr'><strong>suo</strong></span> <span class='ocrx_word' id='word_1_856' title='bbox 1810 5205 1950 5263; x_wconf 87' lang='lat' dir='ltr'><strong>Filio</strong></span> <span class='ocrx_word' id='word_1_857' title='bbox 1981 5209 2115 5279; x_wconf 88' lang='lat' dir='ltr'><strong>inju-</strong></span> 
     </span>
    </p>
   </div>
   <div class='ocr_carea' id='block_1_104' title="bbox 2215 5201 3789 5280">
    <p class='ocr_par' dir='ltr' id='par_1_104' title="bbox 2223 5201 3789 5280">
     <span class='ocr_line' id='line_1_104' title="bbox 2223 5201 3789 5280; baseline -0.003 -16"><span class='ocrx_word' id='word_1_858' title='bbox 2223 5210 2331 5266; x_wconf 82' lang='grc' dir='ltr'><strong>τῶν</strong></span> <span class='ocrx_word' id='word_1_859' title='bbox 2356 5206 2561 5279; x_wconf 88' lang='grc' dir='ltr'>λόγων,</span> <span class='ocrx_word' id='word_1_860' title='bbox 2618 5209 2693 5272; x_wconf 85' lang='grc' dir='ltr'>ὡς</span> <span class='ocrx_word' id='word_1_861' title='bbox 2739 5209 2837 5280; x_wconf 83' lang='grc' dir='ltr'><strong>οὐχ</strong></span> <span class='ocrx_word' id='word_1_862' title='bbox 2881 5209 3070 5280; x_wconf 75' lang='grc' dir='ltr'>ἕτερός</span> <span class='ocrx_word' id='word_1_863' title='bbox 3103 5211 3252 5262; x_wconf 86' lang='grc' dir='ltr'>ἑστιν</span> <span class='ocrx_word' id='word_1_864' title='bbox 3318 5209 3397 5274; x_wconf 83' lang='grc' dir='ltr'>ὡς</span> <span class='ocrx_word' id='word_1_865' title='bbox 3447 5209 3583 5279; x_wconf 80' lang='grc' dir='ltr'>πρὸς</span> <span class='ocrx_word' id='word_1_866' title='bbox 3632 5201 3789 5259; x_wconf 66' lang='grc' dir='ltr'>αὑτὸν.</span> 
     </span>
    </p>
   </div>
   <div class='ocr_carea' id='block_1_105' title="bbox 542 5288 2115 5373">
    <p class='ocr_par' dir='ltr' id='par_1_105' title="bbox 542 5300 2115 5373">
     <span class='ocr_line' id='line_1_105' title="bbox 542 5300 2115 5373; baseline -0.001 -16"><span class='ocrx_word' id='word_1_867' title='bbox 542 5304 682 5357; x_wconf 87' lang='lat' dir='ltr'><strong>riam</strong></span> <span class='ocrx_word' id='word_1_868' title='bbox 734 5304 959 5373; x_wconf 85' lang='lat' dir='ltr'><strong>patitur.</strong></span> <span class='ocrx_word' id='word_1_869' title='bbox 1011 5302 1252 5358; x_wconf 89' lang='lat' dir='ltr'><strong>Sanctos</strong></span> <span class='ocrx_word' id='word_1_870' title='bbox 1299 5308 1483 5355; x_wconf 86' lang='lat' dir='ltr'><strong>autem</strong></span> <span class='ocrx_word' id='word_1_871' title='bbox 1532 5300 1817 5370; x_wconf 87' lang='lat' dir='ltr'><strong>apostolos</strong></span> <span class='ocrx_word' id='word_1_872' title='bbox 1857 5316 1967 5357; x_wconf 89' lang='lat' dir='ltr'><strong>non</strong></span> <span class='ocrx_word' id='word_1_873' title='bbox 2015 5319 2115 5357; x_wconf 91' lang='lat' dir='ltr'><strong>me-</strong></span> 
     </span>
    </p>
   </div>
   <div class='ocr_carea' id='block_1_106' title="bbox 2215 5288 3791 5373">
    <p class='ocr_par' dir='ltr' id='par_1_106' title="bbox 2232 5288 3791 5370">
     <span class='ocr_line' id='line_1_106' title="bbox 2232 5288 3791 5370; baseline -0.006 -15"><span class='ocrx_word' id='word_1_874' title='bbox 2232 5298 2374 5355; x_wconf 88' lang='grc' dir='ltr'>κατά</span> <span class='ocrx_word' id='word_1_875' title='bbox 2403 5316 2467 5369; x_wconf 88' lang='grc' dir='ltr'><strong>γε</strong></span> <span class='ocrx_word' id='word_1_876' title='bbox 2489 5299 2581 5352; x_wconf 70' lang='grc' dir='ltr'>τὸν</span> <span class='ocrx_word' id='word_1_877' title='bbox 2608 5298 2667 5353; x_wconf 82' lang='grc' dir='ltr'><strong>ἑν</strong></span> <span class='ocrx_word' id='word_1_878' title='bbox 2691 5300 2980 5369; x_wconf 87' lang='grc' dir='ltr'>ταυτότητι</span> <span class='ocrx_word' id='word_1_879' title='bbox 3009 5303 3074 5370; x_wconf 82' lang='grc' dir='ltr'>τῇ</span> <span class='ocrx_word' id='word_1_880' title='bbox 3106 5298 3250 5353; x_wconf 82' lang='grc' dir='ltr'>κατὰ</span> <span class='ocrx_word' id='word_1_881' title='bbox 3284 5301 3398 5353; x_wconf 79' lang='grc' dir='ltr'>πᾶν</span> <span class='ocrx_word' id='word_1_882' title='bbox 3438 5315 3558 5353; x_wconf 82' lang='lat' dir='ltr'><strong>voou</strong></span> <span class='ocrx_word' id='word_1_883' title='bbox 3569 5297 3694 5368; x_wconf 77' lang='grc' dir='ltr'>μένῃ</span> <span class='ocrx_word' id='word_1_884' title='bbox 3719 5288 3791 5343; x_wconf 73' lang='grc' dir='ltr'><strong>λό-</strong></span> 
     </span>
    </p>
   </div>
   <div class='ocr_carea' id='block_1_107' title="bbox 541 5388 2115 5467">
    <p class='ocr_par' dir='ltr' id='par_1_107' title="bbox 541 5392 2115 5467">
     <span class='ocr_line' id='line_1_107' title="bbox 541 5392 2115 5467; baseline -0.001 -18"><span class='ocrx_word' id='word_1_885' title='bbox 541 5396 804 5452; x_wconf 87' lang='lat' dir='ltr'><strong>diocritcr</strong></span> <span class='ocrx_word' id='word_1_886' title='bbox 846 5412 913 5451; x_wconf 79' lang='lat' dir='ltr'><strong>ex</strong></span> <span class='ocrx_word' id='word_1_887' title='bbox 962 5396 1132 5467; x_wconf 89' lang='lat' dir='ltr'><strong>hujus</strong></span> <span class='ocrx_word' id='word_1_888' title='bbox 1175 5395 1255 5450; x_wconf 89' lang='lat' dir='ltr'><strong>rei</strong></span> <span class='ocrx_word' id='word_1_889' title='bbox 1312 5392 1419 5448; x_wconf 85' lang='lat' dir='ltr'><strong>fide</strong></span> <span class='ocrx_word' id='word_1_890' title='bbox 1450 5392 1802 5447; x_wconf 84' lang='lat' dir='ltr'><strong>corroborari</strong></span> <span class='ocrx_word' id='word_1_891' title='bbox 1853 5395 1980 5464; x_wconf 80' lang='lat' dir='ltr'><strong>quis</strong></span> <span class='ocrx_word' id='word_1_892' title='bbox 2014 5410 2115 5449; x_wconf 85' lang='lat' dir='ltr'><strong>non</strong></span> 
     </span>
    </p>
   </div>
   <div class='ocr_carea' id='block_1_108' title="bbox 2215 5388 3791 5467">
    <p class='ocr_par' dir='ltr' id='par_1_108' title="bbox 2234 5388 3791 5465">
     <span class='ocr_line' id='line_1_108' title="bbox 2234 5388 3791 5465; baseline -0.002 -20"><span class='ocrx_word' id='word_1_893' title='bbox 2234 5409 2349 5461; x_wconf 92' lang='grc' dir='ltr'>γον.</span> <span class='ocrx_word' id='word_1_894' title='bbox 2399 5392 2714 5445; x_wconf 81' lang='grc' dir='ltr'>Καταπτοεῖ</span> <span class='ocrx_word' id='word_1_895' title='bbox 2743 5391 2801 5446; x_wconf 77' lang='grc' dir='ltr'><strong>δὲ</strong></span> <span class='ocrx_word' id='word_1_896' title='bbox 2848 5392 2985 5463; x_wconf 79' lang='grc' dir='ltr'>πρὸς</span> <span class='ocrx_word' id='word_1_897' title='bbox 3032 5392 3209 5463; x_wconf 86' lang='grc' dir='ltr'>τούτῳ</span> <span class='ocrx_word' id='word_1_898' title='bbox 3246 5395 3381 5455; x_wconf 76' lang='grc' dir='ltr'>τοὺς</span> <span class='ocrx_word' id='word_1_899' title='bbox 3415 5388 3791 5465; x_wconf 69' lang='grc' dir='ltr'>ἀκροωμένους.</span> 
     </span>
    </p>
   </div>
   <div class='ocr_carea' id='block_1_109' title="bbox 545 5475 2115 5557">
    <p class='ocr_par' dir='ltr' id='par_1_109' title="bbox 545 5484 2115 5557">
     <span class='ocr_line' id='line_1_109' title="bbox 545 5484 2115 5557; baseline 0.003 -19"><span class='ocrx_word' id='word_1_900' title='bbox 545 5488 739 5544; x_wconf 79' lang='lat' dir='ltr'><strong>videt?</strong></span> <span class='ocrx_word' id='word_1_901' title='bbox 783 5486 1055 5543; x_wconf 82' lang='lat' dir='ltr'><strong>Praeterea</strong></span> <span class='ocrx_word' id='word_1_902' title='bbox 1100 5486 1252 5541; x_wconf 87' lang='lat' dir='ltr'><strong>aliud</strong></span> <span class='ocrx_word' id='word_1_903' title='bbox 1309 5484 1610 5555; x_wconf 90' lang='lat' dir='ltr'><strong>quiddam,</strong></span> <span class='ocrx_word' id='word_1_904' title='bbox 1659 5486 1895 5557; x_wconf 92' lang='lat' dir='ltr'><strong>opinor,</strong></span> <span class='ocrx_word' id='word_1_905' title='bbox 1948 5502 2115 5556; x_wconf 77' lang='lat' dir='ltr'><strong>opera</strong></span> 
     </span>
    </p>
   </div>
   <div class='ocr_carea' id='block_1_110' title="bbox 2215 5475 3793 5557">
    <p class='ocr_par' dir='ltr' id='par_1_110' title="bbox 2239 5475 3793 5556">
     <span class='ocr_line' id='line_1_110' title="bbox 2239 5475 3793 5556; baseline -0.006 -19"><span class='ocrx_word' id='word_1_906' title='bbox 2239 5484 2503 5556; x_wconf 83' lang='grc' dir='ltr'>σφαλερὸν</span> <span class='ocrx_word' id='word_1_907' title='bbox 2539 5484 2620 5539; x_wconf 82' lang='grc' dir='ltr'><strong>ἑτι</strong></span> <span class='ocrx_word' id='word_1_908' title='bbox 2649 5485 2863 5549; x_wconf 77' lang='grc' dir='ltr'>δεικνὺς</span> <span class='ocrx_word' id='word_1_909' title='bbox 2888 5485 2951 5538; x_wconf 84' lang='grc' dir='ltr'><strong>τὸ</strong></span> <span class='ocrx_word' id='word_1_910' title='bbox 2983 5485 3076 5538; x_wconf 75' lang='grc' dir='ltr'><strong>ἐπὶ</strong></span> <span class='ocrx_word' id='word_1_911' title='bbox 3104 5485 3165 5538; x_wconf 82' lang='grc' dir='ltr'>τὸ</span> <span class='ocrx_word' id='word_1_912' title='bbox 3202 5488 3389 5556; x_wconf 87' lang='grc' dir='ltr'>μισεῖν</span> <span class='ocrx_word' id='word_1_913' title='bbox 3422 5485 3582 5540; x_wconf 69' lang='grc' dir='ltr'>αὐτὸν</span> <span class='ocrx_word' id='word_1_914' title='bbox 3606 5475 3793 5535; x_wconf 78' lang='grc' dir='ltr'>ἑλέσθαι</span> 
     </span>
    </p>
   </div>
   <div class='ocr_carea' id='block_1_111' title="bbox 548 5568 2115 5649">
    <p class='ocr_par' dir='ltr' id='par_1_111' title="bbox 548 5574 2115 5648">
     <span class='ocr_line' id='line_1_111' title="bbox 548 5574 2115 5648; baseline -0.001 -17"><span class='ocrx_word' id='word_1_915' title='bbox 548 5575 786 5648; x_wconf 76' lang='lat' dir='ltr'><strong>pretium</strong></span> <span class='ocrx_word' id='word_1_916' title='bbox 816 5584 873 5634; x_wconf 89' lang='lat' dir='ltr'><strong>et</strong></span> <span class='ocrx_word' id='word_1_917' title='bbox 898 5577 1186 5648; x_wconf 65' lang='lat' dir='ltr'><strong>sapientiae</strong></span> <span class='ocrx_word' id='word_1_918' title='bbox 1223 5575 1448 5647; x_wconf 88' lang='lat' dir='ltr'><strong>plenum</strong></span> <span class='ocrx_word' id='word_1_919' title='bbox 1494 5574 1754 5632; x_wconf 89' lang='lat' dir='ltr'><strong>Christus</strong></span> <span class='ocrx_word' id='word_1_920' title='bbox 1788 5576 2115 5647; x_wconf 66' lang='lat' dir='ltr'><strong>peragebat,</strong></span> 
     </span>
    </p>
   </div>
   <div class='ocr_carea' id='block_1_112' title="bbox 2215 5568 3794 5649">
    <p class='ocr_par' dir='ltr' id='par_1_112' title="bbox 2238 5568 3794 5649">
     <span class='ocr_line' id='line_1_112' title="bbox 2238 5568 3794 5649; baseline -0.008 -20"><span class='ocrx_word' id='word_1_921' title='bbox 2238 5576 2647 5647; x_wconf 85' lang='grc' dir='ltr'>πλημμέλημα,</span> <span class='ocrx_word' id='word_1_922' title='bbox 2695 5576 2990 5648; x_wconf 81' lang='grc' dir='ltr'>εὑσύλητόν</span> <span class='ocrx_word' id='word_1_923' title='bbox 3021 5594 3080 5631; x_wconf 87' lang='grc' dir='ltr'><strong>τε</strong></span> <span class='ocrx_word' id='word_1_924' title='bbox 3114 5579 3206 5631; x_wconf 74' lang='grc' dir='ltr'>καὶ</span> <span class='ocrx_word' id='word_1_925' title='bbox 3234 5578 3669 5649; x_wconf 84' lang='grc' dir='ltr'>ἀνεπικούρητον</span> <span class='ocrx_word' id='word_1_926' title='bbox 3696 5568 3794 5622; x_wconf 75' lang='grc' dir='ltr'>ἔσε-</span> 
     </span>
    </p>
   </div>
   <div class='ocr_carea' id='block_1_113' title="bbox 556 5766 2115 5909">
    <p class='ocr_par' dir='ltr' id='par_1_113' title="bbox 556 5780 2115 5909">
     <span class='ocr_line' id='line_1_113' title="bbox 556 5780 2115 5909; baseline -0.006 -70"><span class='ocrx_word' id='word_1_927' title='bbox 556 5781 817 5909; x_wconf 39' lang='grc' dir='ltr'>ιῃίχῗὲιι.</span> <span class='ocrx_word' id='word_1_928' title='bbox 844 5798 1001 5850; x_wconf 78' lang='lat' dir='ltr'><strong>nm,</strong></span> <span class='ocrx_word' id='word_1_929' title='bbox 1036 5784 1089 5840; x_wconf 82' lang='lat'><strong>5.</strong></span> <span class='ocrx_word' id='word_1_930' title='bbox 1171 5788 1212 5820; x_wconf 84' lang='lat'>&quot;</span> <span class='ocrx_word' id='word_1_931' title='bbox 1249 5784 1265 5839; x_wconf 96' lang='grc' dir='ltr'><strong>Ι</strong></span> <span class='ocrx_word' id='word_1_932' title='bbox 1298 5783 1443 5841; x_wconf 89' lang='lat' dir='ltr'><strong>Petr.</strong></span> <span class='ocrx_word' id='word_1_933' title='bbox 1466 5785 1634 5853; x_wconf 66' lang='lat'><strong>11,25.</strong></span> <span class='ocrx_word' id='word_1_934' title='bbox 1717 5780 1939 5837; x_wconf 77' lang='lat' dir='ltr'><strong>&quot;Joan.</strong></span> <span class='ocrx_word' id='word_1_935' title='bbox 1963 5792 2115 5841; x_wconf 82' lang='lat' dir='ltr'><strong>xvm,</strong></span> 
     </span>
    </p>
   </div>
   <div class='ocr_carea' id='block_1_114' title="bbox 2215 5766 3791 5909">
    <p class='ocr_par' dir='ltr' id='par_1_114' title="bbox 2216 5766 3791 5851">
     <span class='ocr_line' id='line_1_114' title="bbox 2216 5766 3791 5851; baseline -0.011 -15"><span class='ocrx_word' id='word_1_936' title='bbox 2216 5817 2230 5831; x_wconf 86' lang='lat'><strong>.</strong></span> <span class='ocrx_word' id='word_1_937' title='bbox 2312 5779 2354 5811; x_wconf 74' lang='lat'>“</span> <span class='ocrx_word' id='word_1_938' title='bbox 2385 5779 2527 5837; x_wconf 86' lang='lat' dir='ltr'><strong>Psal.</strong></span> <span class='ocrx_word' id='word_1_939' title='bbox 2551 5797 2819 5851; x_wconf 71' lang='lat' dir='ltr'><strong>LXXXVIII,</strong></span> <span class='ocrx_word' id='word_1_940' title='bbox 2847 5782 2896 5835; x_wconf 88' lang='lat'><strong>7.</strong></span> <span class='ocrx_word' id='word_1_941' title='bbox 2981 5783 3022 5814; x_wconf 82' lang='lat'>&quot;</span> <span class='ocrx_word' id='word_1_942' title='bbox 3048 5781 3235 5839; x_wconf 78' lang='lat' dir='ltr'><strong>Matth.</strong></span> <span class='ocrx_word' id='word_1_943' title='bbox 3264 5798 3368 5847; x_wconf 85' lang='lat' dir='ltr'><strong>vu,</strong></span> <span class='ocrx_word' id='word_1_944' title='bbox 3400 5780 3482 5835; x_wconf 88' lang='lat' dir='ltr'><strong>l8.</strong></span> <span class='ocrx_word' id='word_1_945' title='bbox 3564 5776 3604 5808; x_wconf 84' lang='grc'><strong>¹⁶</strong></span> <span class='ocrx_word' id='word_1_946' title='bbox 3625 5766 3791 5829; x_wconf 78' lang='lat' dir='ltr'><strong>Matth.</strong></span> 
     </span>
    </p>
   </div>
   <div class='ocr_carea' id='block_1_115' title="bbox 639 5884 783 5919">
    <p class='ocr_par' dir='ltr' id='par_1_115' title="bbox 639 5884 783 5919">
     <span class='ocr_line' id='line_1_115' title="bbox 639 5884 783 5919; baseline -0.021 -13"><span class='ocrx_word' id='word_1_947' title='bbox 639 5889 656 5919; x_wconf 56' lang='grc' dir='ltr'><strong>φ</strong></span> <span class='ocrx_word' id='word_1_948' title='bbox 693 5884 783 5906; x_wconf 76' lang='grc' dir='ltr'><strong>υυο</strong></span> 
     </span>
    </p>
   </div>
  </div>
