3938 6406
180 427 287 483 413
350 428 355 439 ’

1236 430 1304 485 IN
1339 432 1625 490 JO.—\1\NIS
1662 433 2121 492 EVANGELIUM
2162 432 2294 492 LIB.
2327 434 2396 491 Χ.

3363 432 3470 486 δυο

184 543 304 596 σθαι
328 542 614 606 παντελῶς
644 542 736 597 τὸν
761 544 912 616 αὐτῷ
935 546 1014 620 μὴ
1036 550 1366 618 προσκυνεῖν
1385 549 1770 622 ἐπιχειροῦντα

1906 549 2022 620 μιοᾶ
2058 563 2260 605 rursus
2294 549 2385 604 hic
2409 548 2569 618 juvat
2604 560 2902 617 exponere.
2932 543 3249 601 Incredibili
3282 545 3474 603 furore

178 634 595 706 διῖσχυρίζεται,
621 635 718 689 ἅτε
741 636 804 708 δὴ
840 639 934 691 καὶ
962 639 1039 701 είς
1073 638 1206 692 αὐτὸ
1234 639 1296 692 τὸ
1315 639 1410 693 τοῦ
1434 641 1651 711 Πατρδς
1679 645 1779 713 ἐμ-

1906 649 1937 694 :t
1967 639 2207 695 amentia
2242 638 2499 694 nonnulli
2546 639 2819 708 putabant
2864 651 2925 692 se
2970 636 3250 707 peccando
3287 636 3343 690 in
3378 635 3474 691 Fi-

180 728 553 799 παροινοῦντα
594 730 907 800 πρόσωπον.
964 731 1446 804 Συναγανακτήσει
1490 736 1601 806 γὰρ
1638 736 1778 790 πάν-

180 837 319 885 τως,
372 822 448 885 ὡς
485 822 979 896 συνυϐριζόμενος,
1027 825 1105 896 τῷ
1153 825 1269 897 ἰδίῳ
1300 829 1617 899 γεννήματι.
1655 827 1780 881 Ὅτι

177 910 233 964 δὲ
258 912 392 976 τοὺς
421 912 616 983 ἁγίους
648 915 982 980 ἀποστόλους
1021 915 1453 987 εὐτολμοτάτους
1487 919 1656 974 ἐτίθει
1686 922 1782 975 καὶ

177 1001 339 1056 τοῦτο
370 1005 716 1076 παραδεχθὲν
749 1008 830 1071 είς
873 996 1078 1074 πίστιν,
1117 1008 1237 1073 πῶς
1263 1010 1323 1063 οὑ
1356 1011 1563 1083 σφόδρα
1589 1011 1783 1081 διαφα-

178 1093 312 1161 νές;
364 1095 539 1167 Ὀμοῦ
569 1096 625 1150 δέ
660 1099 798 1170 πρὸς
826 1099 1039 1163 τούτοις
1070 1100 1256 1171 ἕτερον
1290 1102 1591 1170 ἀναγκαῖον
1626 1099 1782 1174 οἶμαι

178 1185 274 1239 καὶ
325 1187 500 1254 σοφὸν
532 1188 789 1243 ἀπετέλει
819 1190 1055 1261 Χριστός
1078 1206 1093 1220 ο
1143 1192 1424 1247 καὶτοῦτο
1453 1194 1618 1249 πάλιν
1646 1196 1780 1267 ἐρῶ·

192 1277 283 1343 Ἐξ
298 1280 646 1353 ἁσυγκρίτου
674 1282 1102 1353 φρενοϐλαϐείας
1128 1284 1222 1339 καὶ
1249 1286 1446 1355 μανίας
1468 1286 1785 1358 ὑπερφυοῦς

179 1370 351 1443 ᾤοντό
381 1391 549 1437 τινες,
579 1374 663 1428 δτι
695 1376 1144 1447 πλημμελοῦντες
1173 1379 1253 1442 είς
1280 1378 1372 1433 τὸν
1393 1377 1523 1433 Υίὸν
1553 1382 1648 1433 καὶ
1673 1384 1785 1446 τοῖς

178 1463 274 1517 τοῦ
309 1465 575 1535 Σωτῆρος
620 1467 1077 1539 ἁντιπράττοντες
1106 1469 1323 1539 λόγοις,
1372 1470 1466 1524 τὸν
1498 1471 1592 1525 τοῦ
1619 1474 1784 1543 νόμου

185 1557 400 1626 δοτῆρα
448 1557 586 1611 Θεὸν
638 1556 1033 1630 εὐφραίνουσι,
1094 1561 1191 1614 καὶ
1245 1564 1360 1626 τοῖς
1408 1561 1496 1616 διὰ
1542 1563 1788 1626 Μωσέως

178 1647 645 1721 τεθεσπισμένοις
690 1651 753 1704 τὸ
801 1654 999 1723 χρῆναι
1046 1655 1202 1724 νικᾷν
1251 1654 1340 1707 ἀεὶ
1404 1655 1785 1726 χαριζόμενοι,

179 1740 404 1808 γνήσιοί
434 1759 584 1806 τινες
613 1743 714 1813 τῆς
759 1746 838 1806 είς
871 1744 1004 1797 Θεὸν
1028 1745 1270 1814 ἀγάπης
1302 1747 1652 1819 εὑρίσκονται
1685 1747 1788 1815 φύ-

179 1826 374 1890 λακες.
429 1829 582 1883 Ἔδει
616 1830 910 1901 τοιγαροῦν
959 1833 1020 1886 τὸ
1059 1834 1159 1904 μὲν
1200 1836 1259 1887 ἐν
1311 1836 1543 1899 ἐκείνοις
1578 1839 1789 1890 είκαῖον

1883 735 2017 789 lium
2048 742 2097 789 et
2133 733 2449 789 Servatoris
2485 732 2840 789 sermonibus
2866 729 3184 786 resistendo
3207 773 3220 793 ,
3258 729 3368 786 Deo
3394 731 3476 785 le-

1882 828 1966 913 gis
1994 828 2211 880 auctori
2244 834 2463 896 gratum
2500 823 2684 879 facere
2707 865 2722 890 ,
2769 832 2828 879 et
2871 823 3086 893 priores
3125 828 3312 891 partes
3357 818 3477 875 Mo-

1884 918 2053 973 saicis
2086 918 2360 973 mandatis
2394 931 2571 986 usque
2605 914 2903 970 tribuendo
2924 954 2938 978 ,
2974 928 3138 969 veros
3172 929 3232 968 se
3263 927 3330 967 ac
3364 912 3480 968 sin-

1885 1022 2045 1064 ceros
2093 1009 2411 1064 dilectionis
2464 1023 2595 1079 erga
2651 1006 2822 1067 Deum
2876 1006 3270 1061 observatores
3325 1018 3476 1059 esse.
3557 1008 3568 1019 ‘

1885 1095 2186 1167 Oportebat
2219 1097 2393 1167 igitur
2422 1110 2624 1150 vanum
2660 1109 2853 1150 eorum
2906 1093 3112 1149 fastum
3141 1090 3437 1146 ostendere
3462 1128 3477 1152 ,

1888 1191 2181 1261 palamque
2207 1190 2469 1244 universo
2497 1196 2775 1242 terrarum
2804 1185 2928 1240 orbi
2961 1184 3146 1239 facere
3166 1224 3179 1247 ,
3211 1182 3360 1253 quod
3384 1181 3480 1251 qui

1889 1280 2202 1337 Servatoris
2245 1281 2459 1352 legibus
2497 1278 2808 1344 resistunt,
2843 1284 3014 1331 totam
3065 1274 3481 1345 quodammodo

1888 1382 2141 1429 naturam
2184 1374 2348 1444 907
2391 1371 2634 1427 divinam
2676 1369 2879 1439 injuria
2918 1366 3163 1422 afficiunt
3203 1366 3258 1419 in
3300 1363 3479 1429 Filio,

1890 1486 1988 1541 per
2016 1470 2233 1539 longam
2264 1474 2321 1522 et
2352 1463 2788 1521 inexcusabilem
2818 1459 3254 1516 inobedientiam
3273 1496 3289 1521 ,
3316 1472 3480 1527 quam

1891 1577 2001 1618 non
2033 1561 2212 1617 solum
2247 1561 2304 1614 in
2333 1573 2489 1615 suam
2525 1569 2821 1628 personam
2855 1551 3218 1623 singulariter
3245 1548 3363 1604 fieri
3391 1563 3484 1603 as-

1893 1655 2050 1715 serit,
2084 1652 2178 1708 sed
2211 1659 2265 1706 ct
2306 1650 2361 1704 in
2395 1665 2494 1706 eos
2521 1648 2617 1719 qui
2653 1662 2757 1718 pro
2785 1647 2909 1716 ipso
2937 1652 2993 1699 et
3026 1658 3122 1714 per
3150 1644 3332 1712 ipsum
3366 1655 3486 1696 scr-

1894 1761 2111 1801 monem
2139 1743 2498 1798 annuntiant.
2522 1740 2618 1794 Dei
2644 1739 2826 1795 hostis
2864 1737 3033 1807 igitur
3070 1742 3127 1791 et
3153 1750 3285 1804 erga
3316 1742 3485 1787 totam

1896 1836 2225 1892 ineffabilem
2258 1842 2315 1891 et
2342 1831 2789 1902 inexplicabilem
2825 1838 3082 1883 naturam
3113 1824 3486 1881 contumelio-

180 1919 599 1989 ἀποφαίνεσθαι
641 1923 904 1995 φύσημα,
959 1926 1151 1995 μαθεῖν
1190 1926 1247 1979 δὲ
1293 1928 1392 1999 τὴν
1436 1930 1786 2001 οἰκουμένην,

1906 1942 1992 1985 ωδ
2029 1938 2149 1990 εει,
2187 1926 2502 1994 quicunque
2550 1921 2987 1978 etiam‘sanctis
3033 1918 3169 1987 ipsis
3214 1915 3486 1985 apostolis

180 2011 264 2063 δτι
314 2013 435 2074 τοῖς
482 2013 577 2066 τοῦ
627 2013 883 2085 Σωτῆρος
945 2016 1337 2085 ἀντεξάγοντες
1377 2019 1597 2089 νόμοις,
1651 2021 1789 2090 πρὸς

179 2099 383 2172 ὁλόκλη
394 2119 490 2173 ρον
520 2101 714 2174 ὥσπερ
741 2103 838 2174 τὴν
872 2102 1023 2157 θείαν
1052 2105 1237 2176 ἔχουσι
1265 2106 1431 2175 φύσιν
1452 2108 1789 2179 ὑϐρισμένην

1899 2019 2162 2075 resistere
2187 2016 2530 2087 aggreditur.
2564 2012 2677 2068 Nec
2707 2012 2856 2068 enim
2893 2011 3110 2080 seipsos
3143 2007 3451 2078 praedicant
3475 2045 3490 2068 ,

1899 2111 1994 2168 sed
2025 2109 2273 2165 universi
2310 2107 2483 2161 Deum
2514 2121 2578 2161 ac
2609 2105 2905 2159 Dominum
2933 2142 2947 2167 ,
2980 2101 3035 2156 id
3065 2108 3153 2156 est
3182 2099 3489 2155 Christum.

180 2191 238 2241 ἐν
266 2191 389 2262 ΥΞῷ
425 2192 519 2247 διὰ
567 2194 667 2265 τῆς
696 2195 1020 2264 παρακοῆς,
1071 2196 1166 2250 καὶ
1204 2197 1306 2268 τῆς
1357 2196 1502 2253 οὕτω
1546 2203 1787 2271 μακρᾶς,
1829 2204 1923 2256 καὶ
1947 2200 2361 2274 ἀπροφασίστου
2391 2198 2578 2253 λοιπὸν
2610 2198 2918 2260 ἀπειθείας,
2951 2196 3018 2266 ἣν
3089 2191 3148 2245 οὐ
3219 2190 3378 2261 μόνον
3416 2191 3496 2242 εί-

180 2282 355 2347 δικῶς
387 2287 469 2350 εἰς
502 2285 563 2340 τὸ
594 2288 794 2341 οίκεῖον
825 2289 1191 2344 ἐπιτελεῖσθαι
1225 2291 1517 2362 προσώπον
1580 2289 1639 2348 εὖ
1704 2296 1849 2365 μάλα
1885 2296 2312 2367 διῖσχυρίζεται,
2360 2292 2496 2345 ἀλλά
2529 2291 2622 2345 καὶ
2653 2293 2710 2343 ἐν
2757 2292 2869 2351 τοῖς
2896 2288 2989 2341 τὸν
3021 2287 3161 2357 ὑπὲρ
3188 2283 3354 2337 αὐτοῦ
3382 2279 3483 2333 καὶ

181 2376 274 2430 διὰ
313 2378 480 2431 αὐτὸν
531 2380 896 2451 πρεσϐεύουσι
945 2382 1124 2451 λόγον.
1185 2383 1465 2455 Θεομάχος
1519 2382 1612 2440 οῦν
1657 2388 1788 2459 ἄρα,
1830 2388 1924 2442 καί
1954 2386 2219 2460 ὑϐριστὴς
2230 2426 2252 2453 ,
2304 2385 2400 2437 καὶ
2439 2384 2575 2452 πρὸς
2611 2383 2741 2453 ὃλην
2808 2380 2949 2451 ἔχων
2988 2379 3087 2451 τὴν
3149 2375 3389 2450 ἄρῥητόν
3430 2391 3492 2427 τε

185 2474 285 2526 καὶ
316 2472 601 2545 ἄφραστον
632 2474 825 2545 φύσιν,
876 2478 904 2530 ὁ
951 2478 1045 2531 καὶ
1093 2480 1278 2544 αὐτοῖς
1305 2484 1416 2543 τοῖς
1452 2481 1629 2549 ἁγίοις
1659 2483 1981 2546 ἀποστόλοις
2034 2478 2423 2551 ἀντιπράττειν
2444 2476 2762 2548 ἐπιχειρῶν.
2823 2472 3171 2545 Κηρύττουσι
3231 2471 3342 2540 γὰρ
3397 2467 3496 2537 οὐχ

185 2563 459 2628 ἑαυτοὺς,
494 2565 632 2620 ἀλλᾶ
661 2567 752 2620 τὸν
786 2568 895 2623 τῶν
923 2571 1062 2625 ὅλων
1093 2574 1227 2628 Θεὸν
1255 2576 1349 2628 καὶ
1378 2577 1582 2647 Κύριον
1601 2616 1617 2640 ,
1650 2575 1794 2629 τοῦτ’
1833 2574 1950 2627 ἔστι
1980 2572 2239 2645 Χριστόν.

259 2661 334 2711 El
370 2658 444 2712 τὰ
481 2659 629 2728 ἔργα
674 2661 760 2730 μὴ
811 2663 1074 2729 ἐποίησα
1114 2666 1185 2719 ἐν
1229 2669 1467 2736 αὐτοῖς,
1520 2670 1559 2723 ιῖ
1587 2669 1799 2739 μηδεὶς

186 2750 393 2816 ἄλλος
438 2750 797 2818 πεποίηκεν,
840 2754 1136 2822 ἁμαρτίαν
1175 2759 1286 2810 οὐκ
1324 2754 1494 2827 εἶχον
1518 2776 1531 2787 ’
1586 2758 1703 2812 νῦν
1732 2758 1801 2811 δὲ

189 2842 293 2903 καὶ
333 2841 662 2911 ἑωράκασι,
708 2844 809 2900 καί
842 2846 1225 2916 μεμισήκασι
1266 2849 1369 2903 καί
1422 2849 1528 2919 ἐμὲ
1564 2850 1661 2904 καί
1694 2849 1801 2904 τὸν

192 2934 443 3002 Πατέρα
475 2952 620 3005 μου.

265 3024 482 3080 Οὐδένα
525 3029 640 3092 τοῖς
682 3028 961 3094 Ἰουδαίοις
996 3031 1409 3102 περιλελεῖφθαι
1443 3032 1599 3101 λόγον
1633 3034 1713 3097 είς
1736 3033 1799 3086 τὸ

196 3119 276 3191 μὴ
324 3118 531 3191 κρῆναι
591 3119 922 3184 κολάξεσθαι
971 3123 1066 3176 καὶ
1108 3125 1220 3186 τοῖς
1268 3123 1592 3193 ἀνηκέστοις
1640 3140 1798 3195 περιο

195 3213 431 3273 πεσεῖν,
484 3210 581 3263 καὶ
623 3210 713 3264 διὰ
760 3211 966 3267 τούτων
1012 3213 1167 3267 οὐδὲν
1219 3208 1383 3286 ἦττον
1441 3215 1724 3286 ἀπέφηνεν
1771 3216 1800 3268 ὁ

197 3303 462 3375 Χριστός.
500 3303 757 3358 Φαίνεται
806 3304 914 3376 γὰρ
944 3304 1054 3358 τῶν
1097 3307 1177 3369 είς
1205 3305 1472 3375 ὠφέλειαν
1500 3307 1800 3363 τελούντων

1970 2665 2088 2730 XV,
2128 2666 2221 2719 24.
2265 2664 2326 2719 Si
2365 2679 2525 2732 opera
2566 2677 2671 2715 non
2712 2659 2954 2726 fecissent
2990 2658 3046 2709 in
3074 2657 3150 2710 eis
3175 2671 3294 2725 qua:
3345 2670 3497 2708 nemo

1898 2759 2043 2812 alius
2079 2757 2209 2824 fecit
2229 2793 2247 2819 ,
2279 2764 2553 2825 peccatum
2597 2768 2702 2806 non
2739 2750 2991 2803 haberent
3018 2764 3037 2801 :
3068 2763 3209 2800 nunc
3243 2755 3418 2800 autem
3449 2754 3499 2799 et

1895 2853 2161 2919 viderunt,
2190 2862 2239 2907 et
2276 2852 2501 2906 oderunt
2531 2858 2582 2904 et
2613 2864 2694 2902 me
2723 2858 2772 2901 et
2805 2845 3022 2900 Patrem
3054 2860 3252 2898 meum.

1976 3030 2198 3085 Nullam
2241 3029 2494 3084 relictam
2536 3041 2661 3082 esse
2698 3022 2905 3080 Judmis
2936 3020 3259 3093 gravissimi
3290 3018 3502 3089 suppli-

1907 3124 1977 3179 cii
2014 3122 2224 3178 vitandi
2266 3122 2540 3177 ratiouem
2569 3161 2583 3186 ,
2628 3120 2717 3175 his
2753 3132 2982 3189 quoque
3015 3114 3203 3169 verbis
3241 3112 3502 3165 Christus

1907 3219 2169 3274 ostendit.
2204 3215 2353 3270 Nihil
2387 3215 2536 3271 enim
2572 3229 2685 3283 quo
2709 3211 2892 3282 jurari
2929 3213 3161 3279 possent
3192 3202 3502 3276 prmtermi-

1910 3313 2023 3376 sit,
2067 3311 2261 3366 multis
2303 3307 2666 3365 sermonibus
2733 3304 2944 3359 habitis
2993 3300 3199 3371 quibus
3236 3296 3504 3368 perfacile

205 3394 535 3460 ἐλλελοιπὼς
586 3397 760 3461 οὐδὲν,
808 3396 970 3466 λόγου
1027 3398 1126 3469 μὲν
1174 3399 1359 3463 αὐτοῖς
1398 3398 1800 3472 παρατεθέντος

1906 3402 2104 3458 adduci
2158 3410 2383 3472 possent
2424 3400 2493 3454 ad
2543 3400 2815 3461 salutem,
2874 3395 3154 3463 editisque
3215 3379 3579 3445 miraculis\

210 3488 447 3561 μακροῦ,
503 3486 569 3542 δι’
612 3479 785 3560 οὗπερ
820 3484 890 3561 ἦν
922 3490 1016 3544 καὶ
1049 3491 1196 3560 μάλα
1239 3491 1438 3563 ῥᾳδίως
1490 3493 1628 3547 ἰέναι
1662 3493 1801 3563 πρὸς

210 3580 1029 3653 σωτηρίαν,,παραδειχθέντων
1059 3583 1117 3636 δὲ
1166 3585 1261 3638 καὶ
1290 3584 1608 3655 θαυμάτων,
1649 3585 1686 3640 ἃ
1726 3587 1800 3656 μή

207 3669 323 3735 πὼς
354 3690 440 3736 τις
470 3670 583 3725 τῶν
617 3675 675 3726 ἐν
704 3673 895 3744 κόσμῳ
922 3673 1197 3729 τεθέαται.
1233 3676 1330 3741 Τίς
1350 3677 1459 3747 γὰρ
1484 3677 1595 3729 τῶν
1629 3678 1803 3746 ἁγίων

208 3765 317 3825 τοῖς
349 3762 447 3816 τοῦ
477 3765 731 3836 Σωτῆρος
766 3765 1039 3837 ἡμιλλήθη
1073 3766 1380 3839 θαύμασιν;
1433 3763 1568 3820 Εἶτα
1608 3767 1800 3821 τοσοῦ-

207 3867 297 3904 τον
328 3853 726 3923 ἀφεττηκότων
765 3854 857 3908 τοῦ
891 3854 1196 3926 θαυμάζειν
1228 3858 1391 3910 αὑτὸν
1422 3857 1678 3926 ἐθελῆσαι
1696 3858 1805 3912 τῶν

218 3944 494 3999 Ἰουδαίων
535 3946 612 4009 ὡς
658 3948 752 4002 καὶ
787 3951 967 4019 μισεῖν
1011 3949 1226 4003 ἑλέσθαι
1266 3949 1467 4020 μᾶλλον
1499 3950 1559 4018 ἐξ
1585 3950 1803 4005 ἀνοσίου

207 4036 456 4108 γνώμης,
507 4037 624 4102 πῶς
655 4039 714 4092 οὐ
743 4038 1009 4110 δυσαχθὲς
1043 4041 1107 4094 τὸ
1136 4039 1245 4095 τῶν
1275 4040 1806 4127 ἐγκλημάτωηφορ-

206 4131 318 4184 τίον
347 4131 539 4193 αὐτοῖς
576 4132 945 4199 ἐπικείσεται;
977 4128 1087 4187 Ἧν
1118 4133 1228 4204 γὰρ
1262 4134 1435 4205 δήπου
1476 4135 1537 4187 τὸ
1577 4134 1711 4188 πολύ
1752 4152 1805 4188 τι

206 4227 458 4297 κρεῖττον
479 4226 575 4278 καὶ
597 4224 841 4296 ἄμεινον,
864 4226 1001 4297 μήτε
1016 4226 1192 4295 λόγων
1207 4226 1406 4290 αὐτοὺς
1425 4226 1806 4299 ἐπακροᾶσθαι

208 4317 414 4387 σοφῶν,
463 4319 601 4388 μήτε
653 4319 760 4389 μὴν
800 4318 900 4389 τῆς
927 4317 1101 4400 οὕτως
1136 4320 1380 4393 ἀρρήτου
1409 4320 1808 4391 τερατουργίας

208 4413 285 4474 είς
316 4410 445 4479 ὄψιν
478 4410 674 4467 ἐλθεῖν.
726 4413 888 4475 Ἴσως
929 4412 1041 4484 γὰρ
1078 4413 1143 4467 ἂν
1183 4413 1670 4484 ἐξεμηχανήσαντο
1716 4414 1808 4467 τὸν

206 4503 297 4556 ἐττί
326 4502 405 4574 τῷ
434 4501 908 4572 συγγιιλώσκεσθαι
936 4505 1047 4558 δεῖν
1065 4506 1166 4559 οὐκ
1192 4503 1444 4577 ἄκομψον
1480 4505 1638 4574 λόγον
1662 4523 1676 4537 ·
1707 4506 1810 4560 οὐκ

206 4594 537 4667 ἀκηκόαμέν
569 4613 641 4649 τιη
670 4594 783 4649 τῶν
821 4597 1158 4667 ἀναγκαίων,
1193 4597 1318 4652 οὔτε
1355 4599 1463 4670 μὴν
1497 4599 1809 4670 τεθεάμεθα

206 4706 259 4741 τι
292 4688 554 4757 λέγοντες
584 4688 695 4744 τῶν
744 4691 826 4752 είς
866 4690 1053 4745 πίστιν
1106 4691 1433 4761 ἐπαγωγῶν.
1501 4693 1719 4764 Ἐπειδὴ
1752 4693 1810 4747 δὲ

207 4781 305 4851 οὐχ
331 4781 454 4844 ἐνὸς
474 4780 583 4835 τῶν
604 4781 777 4850 ἁγίων
807 4781 1129 4854 προφητῶν,
1155 4784 1270 4838 ἀλλ’
1293 4782 1459 4838 αὑτοῦ
1482 4784 1578 4839 τοῦ
1602 4785 1809 4841 ἀνωθεν

208 4873 444 4942 ἦκοντός
487 4891 551 4927 τε
596 4875 694 4928 καί¹
727 4875 804 4939 ὡς
835 4877 984 4946 ἡμᾶς
1032 4878 1365 4951 ἐσταλμένου
1390 4879 1812 4934 διεπυνθάνοντο

209 4967 477 5040 Χριστοῦ,
514 4966 653 5021 ἀλλά
683 4969 778 5022 καὶ
805 4967 973 5034 ξένων
1007 4969 1303 5041 θαυμάτων
1331 4971 1589 5040 γεγόνασι
1614 4970 1811 5041 θεωροὶ

210 5058 443 5128 (τυφλοῦ
476 5059 590 5130 γὰρ
638 5060 953 5132 ὀφθαλμοὺς
985 5061 1222 5133 ἀνέῳξεν
1270 5065 1301 5117 ὁ
1333 5065 1592 5135 Χριστὸς,
1629 5064 1810 5119 καίτοι

214 5148 449 5220 μηδενὸς
474 5150 666 5220 ἑτέρου
699 5149 923 5205 πώποτε
949 5151 1272 5225 δυνηθέντος
1299 5154 1541 5208 τοιοῦτόν
1566 5174 1619 5208 τι
1648 5156 1814 5227 ἐργά-

214 5242 477 5309 σασθαι),
532 5243 586 5296 τί
634 5242 733 5315 τὴν
785 5243 1057 5298 Ἰουδαίων
1109 5245 1370 5300 ἀπόνοιαν
1420 5247 1813 5319 ὲξαιρήσεται;

214 5335 247 5406 ἦ
282 5338 441 5399 ποῖος
473 5334 672 5402 ἐξοίσει
704 5336 798 5390 τοῦ
829 5336 1158 5403 κολάζεσθαι
1190 5337 1345 5408 λόγος
1378 5357 1393 5403 ;
1459 5341 1817 5411 ’ᾼκούσαντες

216 5429 328 5499 γὰρ
378 5427 474 5481 καὶ
509 5425 866 5498 τεθεαμένοι,
921 5429 1263 5502 μεμισήκασι
1309 5431 1399 5484 καὶ
1442 5431 1533 5484 τὸν
1562 5431 1691 5485 Υίὺν
1723 5433 1817 5486 καὶ

217 5522 309 5574 τὸν
360 5519 606 5592 Πατέρα.
670 5522 1031 5593 Μεμισήκασι
1083 5520 1139 5574 δέ
1192 5521 1359 5589 πῶς;
1410 5521 1548 5577 Οὔτε
1582 5524 1691 5596 γὰρ
1723 5525 1849 5587 τὸν,

222 5614 375 5683 παρὰ
410 5612 628 5684 Πατρδς
661 5613 729 5667 δι’
761 5613 892 5668 Υίοῦ
945 5614 1278 5685 τετιμήκασι
1323 5615 1503 5683 λόγον,
1547 5615 1673 5671 οὔτε
1706 5617 1815 5689 μὴν

225 5707 336 5770 τοῖς
366 5703 469 5775 τῆς
524 5704 677 5794 θείας
733 5708 951 5775 φύσεως
998 5706 1211 5778 ἔργοις,
1262 5707 1323 5761 τὸ
1366 5709 1551 5775 αὐτοῖς
1602 5710 1814 5782 πρέπον

304 5890 347 5933 ιτ
366 5888 526 5954 Joan.
554 5904 646 5956 xv,
676 5889 765 5946 ‘24.
846 5892 889 5924 "
908 5887 1066 5946 Joari.
1096 5889 1227 5959 ml
1260 5902 1418 5959 seqq—

1854 3501 2115 3567 -quanta
2170 3509 2335 3549 nemo
2387 3507 2623 3561 usquam
2671 3488 2810 3544 vidit
2861 3485 3187 3541 mortalium
3244 3482 3310 3535 ".
3363 3478 3504 3546 Quis

1903 3590 2052 3645 enim
2097 3599 2416 3644 sanctorum
2457 3587 2526 3642 dc
2568 3583 2859 3639 miraculis
2895 3594 3021 3636 eum
3061 3576 3292 3632 Christo
3319 3581 3503 3628 certa-

1906 3682 2030 3737 vit?
2066 3681 2137 3735 At
2168 3696 2296 3736 cum
2331 3680 2401 3736 ab
2430 3680 2554 3747 ejus
2589 3675 2888 3733 dilectione
2928 3680 3142 3727 tantum
3186 3668 3372 3722 absint
3408 3662 3504 3718 Ju-

1906 3774 2041 3840 daei,
2075 3782 2137 3830 ut
2166 3789 2292 3830 eum
2334 3769 2722 3827 infensissimo
2756 3769 3175 3837 prosequantur
3205 3757 3337 3813 odio
3358 3796 3372 3820 ,
3406 3754 3502 3824 qui

1909 3867 2027 3922 fieri
2067 3874 2248 3936 potest
2288 3872 2351 3919 ut
2391 3878 2501 3919 non
2543 3859 2909 3916 acerbissima
2950 3854 3033 3910 eis
3068 3850 3347 3921 supplicia
3391 3847 3501 3900 im-

1909 3956 2201 4012 mineant?
2232 3955 2420 4023 Longe
2450 3952 2656 4022 quippe
2686 3948 2867 4005 satius
2899 3945 2983 4001 eis
3016 3943 3252 4003 fuisset,
3286 3952 3391 3993 nec
3420 3937 3509 3991 di-

1908 4047 2071 4103 vinos
2113 4046 2235 4116 ejus
2273 4058 2561 4100 sermones
2599 4040 2829 4098 audire,
2871 4051 2974 4091 nec
3013 4031 3313 4088 ineffabilia
3344 4030 3506 4099 signa

1909 4146 2182 4210 spectare.
2215 4135 2333 4191 Non
2364 4135 2636 4191 insulsam
2667 4132 2814 4187 enim
2850 4129 3037 4184 forsan
3079 4124 3498 4181 excusationem

1909 4229 2227 4288 istiusmodi
2257 4237 2562 4299 praetexere
2595 4224 2908 4297 potuissent
2935 4240 2948 4273 :
2975 4218 3123 4273 Nihil
3157 4214 3505 4273 salutiferum

1910 4322 2249 4386 audivimus,
2272 4336 2450 4391 neque
2475 4320 2612 4375 adeo
2640 4332 2755 4372 rem
2785 4315 2950 4370 ullam
2984 4309 3358 4383 spectavimus
3386 4319 3509 4376 quae

1909 4433 2015 4474 nos
2046 4416 2113 4471 ad
2157 4415 2319 4472 fidem
2354 4413 2678 4469 adduceret.
2714 4409 2922 4465 Verum
2955 4420 3082 4461 cum
3121 4417 3230 4457 non
3268 4399 3508 4471 prophe-

1911 4519 2093 4565 tarum
2128 4522 2302 4564 unum
2326 4547 2342 4572 ,
2380 4505 2477 4561 sed
2513 4507 2695 4575 ipsum
2726 4500 3016 4556 Christum
3048 4495 3272 4550 coalitus
3303 4490 3369 4544 ad
3404 4504 3507 4543 nos

1912 4598 2220 4673 profectum
2269 4612 2335 4651 ac
2386 4596 2624 4651 missum
2675 4591 2993 4652 audierint,
3044 4600 3113 4641 ac
3161 4580 3504 4637 mirabilium

1912 4694 2036 4763 ejus
2060 4706 2284 4762 operum
2320 4697 2666 4760 spectatores
2704 4684 2909 4739 fuerint
2941 4682 2958 4751 (
2982 4679 3112 4735 eieci
3141 4677 3347 4748 quippe
3373 4687 3510 4726 ocu-

1913 4786 1997 4841 los
2043 4784 2306 4840 Christus
2358 4781 2613 4852 aperuit,
2663 4793 2789 4833 cum
2841 4789 3005 4830 nemo
3063 4771 3207 4825 alius
3260 4779 3506 4835 unquam

1911 4878 2025 4934 tale
2073 4876 2206 4948 quid
2260 4874 2444 4931 facere
2500 4872 2777 4945 potuisset
2816 4868 2944 4939 ¹⁸),
3002 4863 3134 4937 quid
3183 4860 3507 4915 Iudaeorum

1912 4970 2250 5026 dementiam
2282 4966 2560 5037 supplicio
2589 4962 2830 5019 eximet?
2852 4957 3098 5014 Tametsi
3134 4955 3280 5009 enim
3314 4949 3508 5004 audie-

1912 5065 2026 5120 rint
2056 5074 2112 5120 et
2145 5063 2456 5133 spectarint
2478 5101 2492 5123 ,
2529 5069 2714 5113 tamen
2744 5071 2871 5111 cum
2906 5051 3107 5107 Filium
3138 5057 3250 5102 tum
3287 5044 3509 5097 Patrem

1912 5156 2173 5213 oderunt.
2198 5151 2489 5221 Quomodo
2514 5164 2644 5205 vero
2667 5144 2941 5203 oderunt?
2969 5139 3283 5197 Doctrinam
3306 5146 3509 5202 nempe

1913 5264 1944 5304 a
1984 5245 2150 5300 Patre
2188 5259 2288 5315 per
2328 5240 2532 5297 Filium
2573 5237 2837 5293 traditam
2872 5249 2981 5290 non
3012 5231 3412 5297 susceperunt,
3449 5228 3506 5278 et

1913 5346 2100 5410 spreta
2141 5343 2357 5391 naturae
2397 5334 2601 5390 divinae
2629 5343 2859 5401 operum
2888 5321 3293 5381 admiratione,
3326 5315 3382 5410 in
3414 5320 3506 5410 to-A-

1915 5406 2025 5486 tam
2059 5430 2154 5485 Dei
2191 5436 2479 5491 naturam,
2535 5442 2565 5479 a
2596 5439 2707 5495 qua
2736 5423 2843 5478 ista
2882 5417 3044 5481 fiunt,
3084 5406 3386 5481 impietatis
3420 5406 3506 5460 rei

1920 5522 2217 5579 manifeste
2248 5520 2419 5592 908
2454 5518 2814 5575 tenebuntur.
2857 5507 3124 5565 Miracula
3161 5503 3370 5572 quippe
3406 5511 3507 5568 pa-

1919 5616 2098 5671 tranti
2132 5613 2363 5670 omnino
2396 5619 2451 5668 et
2479 5611 2600 5681 ipse
2625 5607 2791 5663 Pater
2820 5603 3046 5666 aderat,
3082 5611 3196 5652 non
3235 5601 3507 5662 tanquam

1922 5708 2065 5767 alius
2091 5722 2189 5779 per
2217 5704 2387 5761 alium
2420 5701 2691 5760 miracula
2722 5710 2990 5771 operans,
3014 5690 3110 5750 sed
3139 5696 3203 5744 ut
3224 5683 3504 5745 exsistcns
