3938 6462
344 1055 357 1065 ⁸
470 1061 592 1100 eam
622 1046 871 1115 opilicem
906 1060 1031 1099 esse
1066 1052 1282 1113 patcat,
1316 1044 1518 1113 quibus
1548 1045 1635 1099 vel
1673 1044 1913 1098 maxime
1950 1044 2052 1097 du-

470 472 578 528 tis
1459 473 1517 527 s.
1558 428 1834 528 CYRILLl
1868 470 2340 527 ALEXANDRINI
2374 473 2694 531 ARCHIEP.
3560 490 3653 546 nc.

467 589 525 644 in
560 586 702 642 Filio
722 625 737 652 ,
767 591 998 657 preptcr
1030 584 1375 641 identitatem
1411 594 1659 654 naturai,
1691 595 1745 642 et
1776 586 2047 641 omnimo-

2174 588 2519 657 ιτιμάσαντες
2557 590 2765 660 θαῦμα,
2799 590 3181 657 δυσσεϐοῦντες
3206 593 3433 665 ἐναργῶς
3461 600 3526 662 είς
3550 602 3646 672 ὃλην
3756 578 3759 651 Ϊ

466 680 595 735 dam
652 678 986 734 substantiae
1037 678 1430 748 aequalitatem.
1488 678 1859 749 lngratissimi
1914 693 2047 749 ergo

2174 676 2447 733 ιλὼσονται
2473 680 2570 751 τὴν
2598 683 2804 735 τούτων
2831 683 3055 754 ἐργάτιν
3090 684 3184 738 τοῦ
3210 685 3337 739 Θεοῦ
3366 689 3522 756 φύσιν.
3547 691 3648 746 Gau-
3760 696 3761 711 ‘

466 770 638 826 Judaei
662 812 676 835 ,
714 771 806 839 qui
849 769 1160 824 Servatoris
1199 769 1512 824 doctrinam
1553 770 2046 840 incomparabilem

2174 769 2546 841 ιατουργοῦντι
2576 772 2684 845 γὰρ
2716 773 2795 844 τῷ
2820 773 2956 845 Υίῷ,
2996 774 3159 847 συνῆν
3184 776 3351 847 δήπου
3378 779 3562 844 πάντως
3583 786 3654 836 καὶ
3764 816 3765 819 η

468 863 629 918 nihili
672 863 920 925 faciunt,
950 876 1013 915 ac
1051 869 1313 931 praeterea
1353 876 1450 931 per
1485 860 1686 915 Filium
1726 871 1781 916 et
1819 863 1874 915 ln
1908 859 2050 915 Filio

2174 864 2312 929 ιὺτδς
2340 868 2367 919 ὁ
2396 866 2605 937 Πατὴρ,
2644 868 2742 938 ούχ
2775 867 2851 932 ὡς
2888 868 3075 941 ἕτερος
3114 869 3179 922 δι’
3213 871 3391 942 ἐτ’έρου
3417 873 3555 943 τυχὸν
3587 877 3654 929 ἐνο

468 951 652 1009 Patris
700 961 955 1007 naturam
1010 960 1320 1020 spernunt,
1363 954 1620 1021 quamvis
1651 952 2047 1007 miraculorum

2174 957 2330 1029 ιργῶν
2349 957 2420 1012 τὰ
2451 956 2727 1027 θαύματος
2756 959 2899 1027 ἀξια,
2934 961 3045 1014 ἀλλ’
3084 961 3159 1026 ὡς
3187 963 3259 1015 ῶν
3289 965 3341 1016 ἐν
3366 964 3469 1034 Υἱῷ
3491 966 3563 1018 διὰ
3585 967 3660 1038 τὴν

2152 1048 2459 1120 ταυτότητα
2493 1050 2592 1121 τῆς
2623 1049 2860 1119 φύσεως,
2906 1052 3001 1105 κοιλ⁸
3041 1053 3138 1123 τῆς
3165 1052 3344 1118 οὐσίας
3373 1054 3428 1106 τὸ
3461 1056 3661 1126 ἀπαράλ-
3772 1054 3775 1139 ξ

472 1152 570 1190 rus
609 1151 673 1189 ac
714 1134 1041 1203 praefractus
1072 1133 1138 1187 ad
1171 1135 1329 1188 tidem
1366 1133 1579 1203 Deique
1608 1135 1815 1189 cultum
1853 1133 2052 1188 adduci

2174 1156 2367 1194 ιακτον.
2434 1141 2743 1213 Ἀχάριστοι
2785 1142 3072 1214 τοιγαροῦν
3116 1144 3164 1196 οἱ
3197 1144 3411 1207 τάλανες
3448 1146 3664 1212 Ἰουδαῖοι,
3774 1133 3777 1199 ἷ

472 1235 707 1298 poterat.
763 1228 866 1281 Sed
923 1234 984 1281 ut
1039 1226 1368 1296 impleretur
1416 1226 1565 1296 quod
1605 1226 1659 1279 in
1697 1241 1888 1281 eorum
1932 1226 2053 1296 lege

471 1320 739 1387 scriptum
794 1326 878 1373 est
907 1338 920 1372 :
953 1337 971 1369 ι
1006 1317 1147 1383 Quia
1198 1318 1441 1372 oderunt
1491 1332 1580 1373 me
1626 1318 1799 1389 gratis
1837 1318 1900 1380 ",
1930 1337 1948 1370 ι
1985 1332 2053 1371 ne

470 1411 606 1464 illud
638 1410 864 1480 quidem
897 1410 1145 1479 ignotum
1181 1409 1355 1465 fuisse
1389 1410 1498 1480 legi
1548 1425 1577 1463 a
1628 1424 1737 1481 qua
1793 1409 2056 1479 praedicta

470 1512 601 1559 sunt
633 1504 818 1557 omnia
854 1513 1044 1573 aperte
1071 1503 1455 1570 demonstrat,
1488 1517 1596 1557 non
1630 1512 1812 1556 tamen
1846 1502 2058 1557 idcirco

2156 1231 2251 1284 καὶ
2280 1231 2373 1285 ἐπὶ
2399 1232 2568 1303 πολλῇ
2606 1235 2672 1304 τῇ
2702 1232 3065 1307 ἀγνωμοσύνῃ
3092 1232 3209 1287 λίαν
3243 1235 3665 1305 κατηγορούμενοι,
3778 1236 3779 1239 “

2156 1324 2221 1377 δι’
2253 1322 2462 1387 οὐδενὸς
2511 1323 2608 1394 μὲν
2643 1323 2857 1395 ἔχοντες
2902 1325 3061 1394 λόγου
3114 1324 3211 1397 τὴν
3253 1323 3555 1396 ἀσύγκριτον
3597 1327 3669 1380 τοῦ

2158 1414 2412 1484 Σωτῆρος
2431 1414 2805 1480 διδασκαλίαν,
2837 1416 3194 1486 ἀτιμάζοντες
3217 1416 3274 1471 δέ
3296 1416 3426 1486 πρὸς
3446 1416 3595 1487 τούτῳ
3619 1416 3669 1469 δι’
3784 1412 3785 1415 “

2159 1504 2309 1568 Υἰοῦ,
2355 1504 2451 1559 καὶ
2489 1506 2547 1559 ἐν
2573 1506 2711 1575 Υίῷ,
2738 1507 2837 1577 τὴν
2862 1506 2955 1560 τοῦ
2977 1507 3188 1579 Πατρός
3213 1506 3385 1576 φύσιν,
3410 1508 3564 1562 καίτοι
3590 1507 3674 1559 τῶν

2161 1597 2301 1667 ὑπὲρ
2344 1596 2501 1665 λόγον
2552 1598 2736 1661 αὐτοῖς
2780 1598 3076 1669 θαυμάτων
3126 1597 3511 1670 ἀναδειχθεῖσαν
3552 1597 3677 1667 δημι-
3790 1590 3793 1675 ς

2160 1687 2379 1757 ουργδν,
2406 1686 2491 1756 ἐφ’
2514 1682 2595 1751 οἷς
2618 1682 2686 1757 ἦν
2714 1687 2860 1751 εἰκὸς
2885 1688 2979 1741 καὶ
3007 1688 3097 1741 τὸν
3128 1688 3331 1759 σφόδρα
3360 1686 3570 1756 σκληρὸν
3607 1688 3680 1739 καὶ
3792 1682 3795 1739 Α

2161 1776 2410 1847 δυσήνιον
2453 1776 2685 1845 ἄγεσθαί
2725 1793 2784 1830 τε
2840 1778 2935 1830 καὶ
2987 1777 3269 1830 καλεῖσθαι
3319 1776 3494 1829 λοιπὸν
3534 1778 3600 1839 εἰς
3636 1776 3683 1828 τὸ
3796 1770 3799 1857 κ

472 1870 555 1922 lex
584 1868 839 1937 praedixit
864 1906 877 1931 ,
905 1873 965 1920 ut
992 1866 1312 1921 ostenderet
1341 1866 1478 1921 nihil
1510 1867 1758 1937 ignotum
1788 1880 1913 1920 esse
1937 1864 2062 1933 Spi-

476 1961 603 1982 _:.--:
671 1958 951 1982 Ω-..ε..ι--....
992 1966 1072 1982 -..ι
1108 1958 1160 1982 2..
1192 1958 1330 1982 HL..-
1370 1956 1714 1982 n..-t......_.....
1757 1972 1817 1982 Α..
1849 1955 2058 1982 [πμ-τηις

2174 1871 2383 1938 φρονεῖν
2424 1867 2681 1921 δύνασθαι
2719 1867 2786 1921 τά
2816 1867 3001 1922 εἰκότα
3028 1867 3121 1921 καὶ
3153 1868 3221 1921 τά
3245 1867 3310 1920 δι’
3336 1860 3406 1921 ὧν
3434 1866 3528 1919 ἔδει
3555 1868 3685 1932 τιμᾶ⁸

2174 1962 2282 1982 _ﬂ_,e
2323 1962 2455 1982 0,1,.
2517 1961 2656 1982 95“.
2685 1962 2715 1982 il
2745 1978 2771 1982 .-
2809 1961 2906 1982 _\e_
2933 1961 3061 1982 ,-.l\S
3105 1963 3119 1982 Ι
3153 1960 3309 1982 ‘I_.__
3337 1960 3356 1982 ι
3389 1961 3441 1982 ι..
3467 1958 3529 1982 _...
3570 1959 3683 1982 μέμ..

474 1961 628 2015 ritui.
671 1958 953 2028 Scriptum
988 1966 1077 2014 est
1108 1958 1163 2012 in
1192 1958 1335 2011 libro
1369 1956 1717 2012 Psalmorum
1754 1972 1817 2011 ex
1849 1955 2059 2011 Christi

2174 1962 2288 2016 σθαι
2322 1962 2477 2016 Θεόν.
2517 1961 2656 2015 Ἀλλ’
2685 1962 2774 2015 ἴνα
2804 1961 3066 2033 πληρωθῇ
3097 1963 3125 2014 ό
3153 1960 3310 2029 λόγος
3333 1960 3361 2012 ὁ
3388 1961 3441 2013 ἐν
3465 1958 3533 2029 τῷ
3570 1959 3687 2028 νόμῳ

474 2067 707 2122 persona
735 2050 1055 2106 Iudaeorum
1089 2050 1331 2105 furorem
1367 2050 1749 2120 objurgantis,
1782 2064 1846 2103 ac
1874 2048 2063 2104 dicen-

2174 2053 2342 2107 ιύτῶν
2370 2052 2759 2125 γεγραμμένος
2780 2095 2796 2121 ,
2855 2074 2873 2104 ι
2901 2055 3035 2107 ’Ότι
3056 2053 3324 2123 ἐμίσησάν
3354 2069 3417 2122 με
3451 2049 3683 2119 δωρεὰν,ι

474 2146 549 2200 tis
578 2162 592 2198 :
626 2164 644 2195 ‹
677 2144 816 2210 Quia
851 2144 979 2197 odio
1016 2143 1205 2213 iniquo
1240 2142 1474 2196 oderunt
1508 2158 1595 2197 me
1629 2143 1697 2196 ".
1726 2162 1744 2192 ι
1777 2142 2064 2208 Quomodo

2174 2143 2285 2197 νύδέ
2312 2142 2472 2196 τοῦτο
2517 2144 2615 2214 μὲν
2654 2143 2915 2215 ἀγνοηθὲν
2939 2143 3016 2214 τῷ
3049 2144 3117 2197 τὰ
3147 2143 3323 2197 πάντα
3356 2139 3689 2212 προανακηρύ-

474 2238 623 2291 enim
659 2253 766 2290 non
800 2236 1011 2304 injusto
1040 2236 1170 2290 odio
1197 2235 1473 2300 oderunt,
1502 2243 1598 2289 aut
1637 2234 1915 2304 quomodo
1954 2248 2064 2289 non

2174 2234 2317 2299 ξαντι
2352 2234 2503 2305 νόμῳ
2551 2234 2821 2289 δείκνυσιν
2856 2236 3123 2304 ἐναργῶς,
3178 2235 3314 2306 πλὴν
3359 2236 3417 2287 ού
3462 2235 3540 2287 διὰ
3568 2231 3696 2285 τοῦτό

474 2328 795 2384 exacerbati
829 2335 961 2383 sunt
988 2328 1183 2398 gratis,
1210 2327 1303 2397 qui
1335 2336 1544 2381 tantum
1575 2326 1766 2381 aberat
1795 2334 1855 2379 ut
1884 2326 2068 2381 odisse

2174 2343 2349 2397 φαμεν
2384 2329 2666 2397 προειπεῖν
2693 2329 2874 2381 ἐκεῖνα
2902 2327 2993 2379 τὸν
3019 2327 3204 2397 νόμον,
3240 2328 3325 2381 ἵνα
3364 2325 3422 2379 τὸ
3458 2325 3553 2379 τῶν
3592 2324 3695 2375 Ἰου-

476 2418 775 2481 deberent,
803 2429 862 2471 ut
892 2420 939 2472 si
968 2432 1030 2473 ea
1060 2434 1181 2487 qme
1212 2434 1339 2487 erga
1363 2433 1457 2472 eos
1483 2416 1621 2471 facta
1648 2426 1778 2472 sunt
1808 2416 2067 2472 conside-

2174 2418 2334 2471 δαίων
2382 2418 2601 2482 ἐξάπτοι
2640 2418 2701 2471 τὸ
2735 2421 2889 2489 μῖσος
2924 2418 3144 2482 ἀδίκως,
3195 2419 3336 2473 κατά
3376 2435 3432 2471 τε
3478 2414 3562 2469 τοῦ
3599 2412 3699 2467 rio-3

476 2525 701 2574 remus,
738 2525 957 2565 summo
984 2510 1108 2578 ejus
1142 2510 1411 2579 sequendi
1443 2510 1716 2564 desiderio
1741 2507 2066 2563 inﬂammari

2174 2509 2263 2562 καὶ
2297 2508 2391 2561 τοῦ
2431 2508 2666 2580 Πατρὸς,
2707 2508 2821 2562 ἀλλ’
2852 2510 3078 2580 ἐπείπερ
3110 2509 3333 2580 ἔμελλεν
3375 2507 3576 2562 ἔσεσθαι
3600 2506 3701 2573 παρ’

477 2602 786 2656 deberent?
808 2601 963 2655 Dicat
987 2602 1134 2656 enim
1160 2642 1174 2664 ,
1206 2617 1415 2671 qumso,
1448 2601 1705 2670 quisquis
1727 2599 1975 2653 Judaica:
1998 2598 2070 2652 fa-

476 2703 571 2750 vet
603 2694 999 2757 incredulitati,
1023 2711 1188 2765 quam
1214 2694 1324 2748 odii
1358 2710 1581 2749 causam
1614 2694 1815 2747 habere
1842 2699 2068 2762 queant.

476 2787 750 2855 Quidnam
799 2803 991 2842 eorum
1047 2802 1170 2858 quae
1228 2802 1327 2856 per
1367 2788 1647 2841 Christum
1705 2785 1848 2839 facta
1902 2792 2069 2849 sunt,

477 2880 607 2936 odio
635 2890 730 2935 aut
762 2880 1053 2935 inimicitia
1085 2881 1309 2950 dignum
1334 2922 1345 2941 .
1371 2879 1519 2950 quod
1554 2886 1733 2932 morte
1759 2888 1813 2932 ct
1844 2877 2073 2933 interitu

477 2990 576 3031 eos
622 2974 915 3037 liberavit,
973 2975 1121 3043 quod
1170 2988 1200 3026 a
1255 2973 1458 3027 diaboli
1508 2972 1797 3027 dominatu
1829 2971 2071 3041 eripuit,

480 3066 628 3137 quod
671 3066 887 3136 peccati
925 3065 1274 3136 tyrannidem
1317 3064 1554 3129 evertit,
1587 3071 1642 3118 et
1678 3078 1871 3119 servos
1908 3063 1974 3117 ad
2012 3062 2070 3117 li-

2176 3061 2301 3125 Πῶς
2344 3060 2453 3132 γὰρ
2499 3060 2600 3113 οὐκ
2643 3060 2826 3115 ἄδικον
2873 3061 3030 3131 μῖσος
3067 3060 3376 3131 ἐμίσησαν;
3427 3056 3537 3120 πῶς
3563 3054 3613 3108 δὲ
3640 3052 3719 3106 οὒκ

480 3159 764 3213 liationem
802 3157 892 3212 Dei
928 3156 1255 3212 revocavit?
1285 3156 1433 3226 quod
1467 3156 1855 3212 misericordia
1881 3164 1935 3210 et
1968 3156 2070 3211 be-

2177 3152 2649 3225 ἐξεπικράνθησαν
2678 3151 2908 3225 δωρεὰν,
2945 3151 3002 3205 οἵ
3022 3168 3085 3221 γε
3110 3151 3368 3205 τοσοῦτον
3391 3146 3719 3219 ἀφεστηκότες

482 3251 753 3320 nignitale
787 3265 886 3305 sua
914 3249 1098 3319 justos
1129 3247 1307 3304 eﬂ‘ecit
1337 3257 1588 3303 mortuos
1620 3248 1861 3318 peccatis
1881 3287 1896 3312 ,
1926 3248 2070 3318 quod

2176 3245 2273 3300 τοῦ
2302 3246 2501 3317 χρῆναι
2538 3246 2739 3315 μισεῖν,
2771 3245 2894 3297 ὅσον
2926 3239 3060 3316 ἧκεν
3094 3246 3273 3299 εἰπεῖν
3313 3246 3392 3307 εἰς
3426 3245 3520 3311 τὴν
3545 3238 3639 3292 τῶν
3659 3236 3722 3300 εἰς

485 3344 661 3398 sancti
699 3342 941 3411 Spiritus
973 3358 1037 3397 ac
1070 3350 1283 3397 natura:
1313 3342 1515 3398 divina:
1545 3349 1837 3397 consortes
1870 3341 1913 3373 ²¹
1950 3339 2070 3394 red-

2182 3338 2378 3399 αύτοὺς
2432 3337 2734 3405 γεγονότων
2800 3336 2991 3406 φύσιν,
3045 3336 3122 3399 ὡς
3171 3337 3350 3407 φιλεῖν
3408 3332 3594 3404 μᾶλλον
3647 3328 3724 3399 τὴν

484 3435 646 3497 didit,
678 3444 732 3489 et
764 3436 816 3488 in
849 3436 1028 3504 ipsum
1049 3449 1149 3490 nos
1178 3431 1507 3506 angelorum
1532 3434 1879 3489 domicilium
1903 3434 2070 3489 intro-

2184 3419 2413 3485 ἀπασῶν
2443 3430 2704 3484 ἀνωτάτω
2745 3428 3002 3500 σπουδὴν,
3049 3429 3143 3483 καὶ
3182 3429 3408 3501 ἀγαπᾷν
3434 3429 3511 3492 εἰς
3544 3426 3601 3479 τὸ
3630 3421 3728 3495 βού-

486 3529 679 3594 duxit,
734 3528 1051 3597 caelumque
1107 3528 1427 3582 hominibus
1479 3526 1731 3597 pervium
1791 3526 2070 3581 ostendit?

2181 3522 2368 3576 λεσθαι
2400 3520 2819 3576 κατακολουθεῖν
2869 3520 3049 3592 αύτῷ;
3087 3522 3260 3578 Ποίαν
3294 3522 3403 3594 γὰρ
3444 3521 3507 3575 ἄν
3534 3535 3612 3582 τις
3637 3515 3730 3585 ἔχοι

488 3619 772 3686 Quomodo
805 3620 976 3691 igitur
1009 3635 1226 3689 aequum
1259 3627 1344 3675 est
1378 3619 1571 3673 borum
1608 3619 1772 3674 nobis
1806 3618 2070 3674 bonorum

2182 3614 2278 3669 τοῦ
2324 3616 2516 3686 μίσους
2558 3613 2656 3686 τὴν
2683 3614 2959 3687 ἀφορμὴν,
2991 3614 3199 3684 λεγέτω
3230 3613 3537 3689 παρελθὼν,
3573 3613 3599 3664 ὁ
3636 3610 3733 3670 ταῖς

486 3711 803 3781 largitorem
832 3718 885 3763 et
915 3711 1192 3779 pararium
1219 3708 1409 3763 odisse
1429 3748 1445 3773 ,
1468 3722 1533 3762 ac
1562 3722 1670 3762 non
1698 3709 1881 3778 potius
1908 3709 2070 3765 claris

2197 3707 2517 3771 Ἰουδαῖκαῖς
2544 3708 2850 3771 ἀπειθείαις
2880 3707 3218 3780 συνηγορῶν.
3251 3711 3317 3763 Τί
3345 3708 3451 3763 τῶν
3471 3703 3736 3777 γεγονότων

485 3819 612 3858 eum
656 3804 912 3858 laudibus
963 3818 1026 3857 ac
1087 3801 1379 3872 perpetuis
1419 3801 1721 3871 gratiarum
1763 3803 2070 3859 actionibus

2183 3801 2272 3854 διά
2301 3798 2563 3870 Χριστοῦ,
2597 3798 2804 3870 μίσους,
2837 3800 3005 3870 ἤγουν
3029 3800 3332 3871 ἀπεχθείας
3366 3801 3531 3869 ἀξιον,
3559 3798 3634 3850 ὅτι
3657 3794 3738 3847 θα-

488 3910 517 3946 a
551 3893 714 3947 nobis
742 3892 1132 3947 remunerari?
1169 3890 1276 3945 Sed
1309 3890 1447 3943 nihil
1472 3929 1487 3952 ,
1518 3891 1739 3961 opinor,
1772 3892 1979 3946 durum
2015 3907 2079 3948 ac

469 1596 708 1651 dicimus
740 1595 844 1650 ista
875 1596 1046 1665 legem
1077 1596 1421 1665 praedixisse,
1455 1603 1514 1650 ut
1534 1593 1847 1649 Judaaorum
1881 1596 1936 1649 in
1970 1594 2059 1648 Fi-

470 1686 604 1739 lium
637 1692 692 1740 et
724 1684 941 1740 Patrem
975 1685 1243 1753 injustum
1281 1686 1470 1740 odium
1502 1684 1923 1749 accenderetur,
1958 1684 2056 1739 sed

471 1779 597 1847 quia
629 1778 680 1831 id
704 1779 774 1831 ab
804 1776 891 1831 bis
923 1776 1042 1831 fieri
1070 1776 1307 1832 debebat
1328 1817 1342 1839 ,
1369 1776 1581 1831 idcirco
1612 1775 1797 1829 divina
1823 1784 1878 1830 et
1902 1789 2059 1830 sacra

2170 2600 2372 2663 αὐτῶν,
2416 2598 2952 2671 προαναπεφὼνηκεν
2992 2601 3021 2652 ό
3052 2600 3198 2665 θεῖος
3243 2602 3335 2654 καὶ
3378 2599 3514 2671 ἱερὸς
3554 2598 3702 2666 νόμος,

2169 2694 2322 2747 οὐδὲν
2369 2692 2477 2747 τῶν
2523 2693 2795 2764 ἐσομένων
2835 2693 3102 2763 ἠγνοηκδς
3144 2693 3206 2746 τὸ
3251 2687 3470 2762 Πνεῦμα
3510 2686 3704 2749 δεικνύς.

2172 2787 2487 2858 Γέγραπται
2536 2787 2645 2857 γὰρ
2702 2786 2760 2838 ἐν
2808 2783 2976 2856 βίϐλῳ
3025 2784 3308 2855 Ψαλμῶν,
3364 2786 3427 2838 ἐκ
3459 2779 3709 2853 προσώπου

2172 2877 2434 2950 Χριστοῦ,
2465 2877 2563 2949 τὴν
2594 2876 2687 2930 τοῦ
2728 2875 2996 2930 Ἰουδαίων
3037 2875 3300 2930 ἀπόνοιαν
3337 2871 3710 2944 ἐπαιτιωμένου.

2173 2972 2289 3027 καὶ,
2314 2969 2567 3038 λέγοντος
2601 2986 2613 2997 ·
2678 2989 2697 3020 ι
2728 2968 2852 3021 Ὅτι
2894 2971 3052 3038 μῖσος
3084 2968 3271 3022 ἄδικον
3313 2966 3569 3039 ἐμίσησαν
3596 2978 3710 3033 με.»

489 3986 727 4053 rigidum
770 3985 1020 4040 Judaeum
1065 3984 1133 4037 ad
1176 3984 1454 4039 saniorem
1496 3994 1733 4040 mentem
1773 3985 2075 4039 reduxerit.

489 4078 618 4133 Odit
641 4079 786 4132 enim
818 4077 983 4148 909
1010 4078 1181 4146 gratis
1204 4118 1219 4139 ,
1247 4092 1410 4145 quem
1440 4092 1504 4130 ex
1539 4085 1652 4130 tota
1686 4088 1867 4132 mente
1899 4079 2080 4147 potius

493 4183 681 4222 amare
724 4169 979 4234 deceret,
1033 4176 1087 4222 et
1133 4154 1383 4236 obsequii
1435 4168 1744 4223 honoribus
1787 4183 2076 4223 coronare.

2185 3893 2345 3946 νάτου
2394 3892 2487 3945 καὶ
2521 3893 2726 3965 φθορᾶς
2756 3893 3009 3959 ἐξείλετο,
3040 3893 3122 3946 ὅτι
3154 3893 3471 3961 πλεονεξίας
3499 3884 3741 3958 ἀπήλλαξε

2184 3981 2520 4052 διαϐολικῆς,
2570 3983 2665 4035 καὶ
2706 3982 2805 4053 τὴν
2847 3983 2946 4052 τῆς
2972 3983 3249 4054 ἁμαρτίας
3286 3983 3551 4038 κατέλυσε
3574 3992 3744 4049 τυραν-

2186 4075 2324 4140 νίδα,
2374 4076 2469 4128 καλ⁵
2494 4073 2555 4128 τὸ
2579 4074 2787 4141 δοῦλον,
2831 4075 2907 4139 ὡς
2949 4076 3085 4147 πρὸς
3114 4076 3343 4148 υίότητα
3387 4078 3487 4147 τὴν
3516 4075 3588 4137 ὡς
3631 4069 3747 4140 πρὸς

2186 4168 2318 4222 Θεὸν
2350 4169 2709 4239 ἀνεκόμισεν;
2742 4169 2825 4222 ὅτι
2857 4168 2921 4221 ἐκ
2957 4168 3379 4240 φιλανθρωπίας
3422 4169 3515 4223 καὶ
3543 4169 3751 4236 ἀμνησι-

493 4262 823 4330 Quanquam
860 4260 949 4313 bic
980 4261 1143 4313 etiam
1181 4261 1393 4315 utiliter
1434 4260 1701 4315 Dominus
1738 4261 1981 4315 ostendit
2021 4275 2081 4316 se

494 4352 810 4407 Judaeorum
854 4350 1250 4419 malignitatem
1283 4366 1391 4404 nou
1436 4351 1758 4419 ignorasse,
1798 4351 1893 4405 sed
1937 4366 2080 4421 pra:-

496 4442 709 4498 dixisse
746 4442 932 4511 potius
971 4448 1025 4495 et
1061 4455 1343 4511 pnenosse
1384 4439 1626 4493 futuram
1649 4482 1662 4505 ,
1701 4456 1861 4494 usum
1898 4450 2070 4497 tamen

2188 4445 2439 4510 ἀπέδειξε
2473 4444 2763 4509 κοινωνοὺς
2782 4487 2797 4512 ,
2846 4446 2943 4499 καὶ
2982 4445 3112 4498 αὐτὸ
3139 4445 3196 4498 δὲ
3225 4448 3362 4518 ἡμῖν
3390 4446 3450 4500 τὸ
3479 4446 3584 4500 τῶν
3608 4442 3757 4512 ἁγίων

499 4552 560 4592 se
609 4536 949 4606 benignitate
999 4541 1054 4588 ct
1106 4532 1492 4587 misericordia
1545 4532 1656 4588 Deo
1707 4536 2070 4591 convenienti.

2190 4534 2439 4604 ἀγγέλων
2470 4534 2839 4606 προύξένησεν
2881 4534 3218 4603 οἰκητήριον,
3267 4535 3364 4589 καὶ
3409 4535 3636 4606 βάσιμον
3680 4530 3761 4583 ἅν·

497 4630 763 4686 Adhibuit
796 4629 941 4683 enim
972 4629 1134 4682 etiam
1168 4634 1276 4679 tam
1305 4639 1641 4695 praepostera
1674 4636 1855 4682 mente
1877 4627 2070 4683 allecti:

2191 4625 2434 4698 θρώποις
2482 4623 2649 4691 ἔδειξε
2693 4626 2784 4678 τὸν
2829 4625 3091 4697 ούρανόνς
3146 4624 3272 4689 Πῶς
3318 4623 3414 4681 οὖν
3458 4626 3539 4679 ἔτι
3575 4627 3763 4679 δίκαιον

500 4722 813 4781 doctrinam
849 4723 915 4775 ad
952 4721 1186 4774 salutem
1230 4718 1663 4773 adliortatricem
1687 4761 1701 4785 ,
1741 4727 1801 4772 ut
1850 4727 1905 4774 et
1962 4721 2063 4777 ﬁde

2196 4720 2468 4789 μισεῖσθαι
2517 4719 2608 4772 τὸν
2640 4717 2844 4772 τούτων
2890 4719 3021 4788 ἡμῖν
3070 4718 3340 4785 γεγονότα
3372 4718 3626 4792 χορηγὸν
3683 4712 3768 4768 καὶ

501 4815 911 4871 confessionem
959 4812 1245 4866 miraculis
1292 4811 1687 4875 conﬁrmaret,
1738 4812 1784 4867 si
1828 4814 1923 4883 qui
1956 4814 2062 4869 bon

2194 4812 2480 4883 πρύτανιν,
2531 4812 2622 4865 καὶ
2669 4811 2791 4881 οὐχὶ
2842 4810 3042 4881 μᾶλλον
3086 4810 3370 4881 ἀσιγήτοις
3418 4807 3767 4881 εύφημεῖσθαι

502 4917 561 4963 et
594 4906 734 4976 aequi
774 4912 987 4960 essent.
1029 4903 1345 4971 Discipulos
1382 4919 1513 4958 vero
1567 4904 1656 4960 hic
1708 4921 1928 4977 quoque
1973 4922 2070 4963 nor

2190 4905 2521 4972 δοξολογίαις
2552 4906 2644 4958 καὶ
2672 4903 3073 4974 ἀκαταλήκτοις
3123 4904 3583 4977 εὐχαριστ[ε]ίαις
3633 4905 3769 4957 ἀντι·

504 5014 699 5069 parum
731 4997 927 5065 juvat,
988 5003 1043 5047 ut
1078 4996 1228 5049 nulla
1261 5011 1387 5049 cum
1424 4996 1756 5065 iniuriarum
1816 5000 2087 5055 memoria

504 5091 672 5146 etiam
716 5090 784 5143 iis
818 5086 1078 5151 aquibus
1111 5086 1309 5143 durius
1347 5088 1733 5157 exciperentur
1765 5090 1963 5145 salutis
1996 5090 2093 5145 do-

507 5184 746 5240 ctrinam
770 5180 1123 5252 porrigcrcnt
1146 5218 1160 5241 ,
1184 5186 1237 5234 et
1254 5178 1505 5250 vestigiis
1532 5180 1758 5235 virtutis
1790 5181 1941 5236 illius
1967 5196 2092 5252 qua:

507 5276 688 5348 prima
719 5274 775 5327 in
807 5286 876 5327 eo
908 5269 1112 5325 effulsit
1143 5270 1486 5326 insisterent.
1527 5271 1583 5325 Si
1625 5272 1756 5342 quid
1791 5273 1938 5326 enim
1964 5273 2070 5327 bon

2196 5272 2325 5342 ὅλης
2365 5270 2604 5334 διανοίας
2638 5273 2855 5343 ἀγαπᾷν
2893 5272 2998 5327 ἔδει
3032 5275 3251 5339 μᾶλλον,
3288 5274 3383 5327 καὶ
3413 5276 3536 5336 ταῖς
3579 5272 3643 5323 ἐκ
3683 5266 3774 5335 τῆς

509 5375 627 5433 est,
667 5365 799 5420 illud
828 5363 1070 5434 primum
1106 5362 1160 5416 in
1191 5362 1450 5425 Christo,
1482 5372 1537 5418 et
1570 5364 1626 5417 in
1658 5377 1792 5427 nos,
1825 5371 1991 5433 atque
2026 5380 2070 5419 e1

2196 5362 2510 5427 εὐπειθείας
2564 5364 2926 5431 καταστέφειν
2987 5370 3195 5437 τιμαῖς.
3264 5366 3411 5437 Πλὴν
3461 5366 3564 5420 κάν
3610 5361 3775 5427 τούτῳ

510 5472 578 5512 eo
608 5458 813 5528 optima
848 5470 1080 5525 quaeque
1108 5454 1451 5510 derivantur.
2014 5456 2025 5465 '

2197 5455 2481 5527 χρησίμως
2525 5458 2553 5509 ὁ
2594 5457 2799 5529 Κύριος
2846 5460 3039 5513 ἑαυτὸν
3070 5460 3169 5513 οῦκ
3199 5460 3533 5530 ἠγνοηκέναι
3580 5457 3772 5524 δέδειχε

512 5552 612 5621 τὴν
638 5550 748 5603 τῶν
801 5548 1068 5603 Ἰουδαίων
1106 5548 1418 5612 κακόνοιαν,
1451 5547 1822 5619 προειρηκότα
1850 5547 1909 5599 δὲ
1955 5550 2158 5619 μᾶλλον
2187 5551 2282 5605 καὶ
2339 5550 2421 5604 ὃτι
2475 5551 2573 5621 μέν
2639 5551 2791 5607 ἔσται
2851 5557 3259 5625 προεγνωκότα,
3307 5554 3652 5625 κεχρημένον
3716 5564 3775 5616 γε

522 5642 628 5716 μὴν
658 5642 957 5715 ἡμερότητί
980 5660 1039 5695 τε
1098 5643 1194 5695 καὶ
1221 5641 1602 5714 ἀμνησικακίᾳ
1656 5640 1969 5713 θεοπρεπεῖ.
2030 5644 2400 5716 Παρατέθεικε
2427 5646 2555 5716 γὰρ,
2610 5648 2704 5700 καὶ
2755 5647 3140 5717 ἀκαθηκόντως
3178 5647 3349 5711 οὕτως
3391 5643 3768 5715 διακειμένοις.

517 5737 610 5791 τὸν
636 5737 717 5799 είς
746 5735 1022 5807 σωτηρίαν
1053 5733 1323 5788 καλοῦντα
1355 5736 1533 5804 λόγον,
1592 5740 1725 5813 πρὸς
1756 5740 1820 5793 τὸ
1851 5742 1943 5796 καὶ
1973 5740 2213 5812 θαύμασι
2246 5742 2493 5812 βεϐαιοῦν
2523 5743 2622 5814 τῆς
2670 5746 2747 5809 εἰς
2809 5745 2969 5799 αὐτὸν
3002 5744 3239 5809 πίστεως
3301 5742 3397 5813 τὴν
3465 5739 3779 5811 ὁμολογίαν»,

2186 4261 2388 4323 κακίας
2415 4260 2655 4323 δικαίους
2700 4259 2949 4330 ἀπέφηνε
2988 4260 3114 4325 τοὺς
3158 4264 3280 4326 ταῖς
3313 4263 3604 4333 ἁμαρτίαις
3629 4271 3754 4311 νενε-

2187 4354 2538 4424 κρωμένους;
2590 4354 2671 4407 ὅτι
2701 4353 3015 4424 Πνεύματος
3047 4353 3204 4422 ἀγίου
3238 4356 3334 4410 καὶ
3364 4355 3515 4418 θείας
3564 4352 3754 4424 φύσεως

2192 4996 2549 5068 γεραίρεσθαι
2603 4996 2733 5067 παρ’
2788 4988 2989 5066 ήμ”’“ν;
3057 4999 3194 5051 Ἀλλ’
3242 4999 3417 5062 οὐδὲν,
3466 4994 3641 5068 οἴμαι,
3688 4992 3770 5044 τὸν

2193 5089 2454 5156 ἄτεγκτον
2484 5086 2799 5159 μεθίστησιν
2841 5084 3110 5155 Ἐλαῖον,
3142 5092 3220 5155 εἰς
3242 5092 3301 5145 τὸ
3332 5088 3623 5161 βούλεσθαι
3653 5095 3773 5156 φρο-

2194 5181 2307 5231 νεῖν
2334 5178 2478 5251 ἆπερ
2504 5178 2609 5231 ἔδει
2640 5181 2880 5250 φρονεῖν.
2909 5180 3200 5251 Μεμίσηκε
3228 5181 3338 5252 γὰρ
3365 5180 3603 5253 δωρεὰν,
3634 5176 3689 5230 ὃν
3720 5173 3773 5237 ἐξ

601 5920 808 5978 "Psal.
852 5938 1043 5991 vaiu,
1077 5924 1130 5978 5.
1212 5925 1255 5955 ²⁰
1278 5922 1423 5979 Psal.
1458 5940 1606 5991 nm,
1642 5925 1727 5981 l9.
1801 5924 1906 5980 "ll
1933 5925 2080 5983 Petr.
2119 5943 2157 5993 ι,
2192 5927 2243 5981 4.
