3938 6412
177 328 329 387 417.

1234 327 1300 383 IN
1343 323 1631 382 JOANNIS
1671 317 2125 377 EVANGELIUM
2170 316 2306 373 LIB.
2350 315 2417 370 Χ.

3355 313 3463 367 “8

179 446 361 516 εἴπερ
382 446 527 510 τινὲς
550 442 692 518 ἦσαν
723 448 939 516 ἀγαθοὶ,
963 447 1056 501 καὶ
1082 446 1444 517 εὐγνώμονες.
1491 443 1700 512 Ὠφελεῖ
1755 441 1810 495 δὲ
1850 440 2053 511 σφόδρα
2086 439 2188 493 κάν
2216 436 2390 507 τούτῳ
2458 435 2570 497 τοῖς
2622 432 2893 503 μαθηταῖς
2914 470 2928 496 ,
2976 431 3063 485 ἵνα
3114 429 3468 501 μνησικάκως

179 536 308 610 [γρ.
380 541 826 614 ἀμνησικακως],
874 542 972 597 καὶ
1020 546 1133 606 τοῖς
1199 541 1442 614 ὑϐρίζειν
1489 541 1687 605 αὐτοὺς
1733 539 2074 611 ἐπιχειροῦσι
2116 538 2211 591 τὸν
2255 536 2355 606 τῆς
2427 534 2703 605 σωτηρίας
2746 534 3074 604 προτείνωσι
3136 528 3325 595 λόγον,
3372 524 3469 575 καὶ

182 636 310 688 κατ³
344 633 478 687 αὐτὸ
520 633 586 705 δὴ
621 633 782 687 τοῦτο
827 634 948 688 κατ’
985 634 1125 705 ῐχνρς
1179 633 1350 697 ίόντες
1377 634 1651 702 φαίνοιντο
1706 633 1807 703 τῆς
1846 633 1903 684 ἐν
1939 630 2090 697 αὑτῷ
2155 630 2250 683 καὶ
2296 626 2521 699 πρώτης
2568 625 2954 696 διαλαμψάσης
3000 622 3221 694 ἀρετῆς.
3284 617 3351 671 El
3413 633 3467 674 τι

179 724 297 796 γὰρ
335 724 562 793 ἀγαθὸν,
598 728 656 780 ἐν
689 725 894 798 πρώτῳ
926 726 1168 798 Χριστῷ,
1197 729 1290 781 καὶ
1313 728 1400 797 ἐφ’
1426 729 1576 798 ἡμᾶς
1604 727 1700 780 καὶ
1727 725 1785 793 ἐξ
1819 724 1983 779 αὑτοῦ
2012 723 2222 794 διέρπει
2251 721 2429 776 πάντα
2451 720 2521 775 τὰ
2551 719 2836 774 κάλλιστα.

258 871 458 924 Ὅταν·
504 869 573 924 δὲ
612 869 760 938 ἔλθῃ
802 873 834 924 ό
858 869 1271 938 Παρὰκλητος,
1314 870 1386 924 ὃν
1421 871 1536 941 ἐγὼ
1573 869 1788 940 πέμψω

1961 875 2081 943 XV,
2114 874 2219 941 26,
2284 874 2376 930 27.
2448 871 2581 929 Cum
2643 881 2820 925 autem
2876 870 3073 924 venerit
3126 865 3467 929 Paracletus,

179 961 335 1032 ὑμῖν·
382 963 545 1032 παρά
574 962 826 1032 Πατρός,
875 961 940 1014 τὸ
971 963 1216 1031 Πνεῦμα
1255 961 1365 1030 τῆς
1407 962 1713 1030 ἀληθείας,
1752 962 1784 1015 ὃ

180 1054 353 1123 παρὰ
394 1054 504 1108 τοῦ
532 1055 763 1122 Πατρός
788 1054 1195 1122 ἐκπορεύεται,
1231 1054 1463 1118 ἐκεῖνος
1483 1053 1786 1123 μαρτυρή-

180 1160 281 1201 σει
318 1147 463 1216 περὶ
491 1147 659 1218 ἐμοῦ.
708 1147 817 1201 Kal
857 1148 1028 1217 ὑμεῖς
1061 1147 1130 1200 δὲ
1161 1145 1533 1218 μαρτυρεῖτε,
1566 1146 1656 1200 ὅτι
1687 1147 1786 1201 ἀπ’

179 1236 393 1307 ἀρχῆς
416 1241 548 1307 μετ’
571 1239 716 1294 ἐμοῦ
743 1240 905 1294 ἐστε.

167 1403 175 1409 ’
259 1395 634 1466 Μεμισῆσθαι
657 1398 829 1466 Αέγων
852 1398 1047 1452 ἑαυτόν
1072 1416 1133 1452 τε
1158 1399 1251 1453 καὶ
1279 1399 1369 1452 τὸν
1393 1399 1617 1470 Πατέρα
1639 1398 1792 1469 παρά

186 1488 300 1542 τῶν
336 1489 623 1543 ἀσυνέτων
664 1491 960 1556 Ἰουδαίων,
1010 1491 1104 1545 καὶ
1138 1490 1298 1544 τοῦτο
1325 1490 1534 1562 δωρεάν
1577 1490 1672 1545 καὶ
1704 1490 1791 1542 ἐπ’

186 1580 378 1634 οὐδενὶ
410 1580 523 1633 τῶν
552 1582 805 1644 εἰκότων,
840 1584 1281 1653 συμπαρεισάγει
1311 1581 1370 1635 τὸ
1398 1582 1624 1653 Πνεῦμα
1655 1598 1794 1652 χρη-

188 1673 413 1744 σίμως,
464 1673 602 1744 ὁμοῦ
654 1675 748 1728 καὶ
793 1674 896 1744 τῆς
926 1675 1089 1742 ἁγίας
1122 1675 1349 1745 Τριὰδος
1396 1673 1495 1745 τὴν
1548 1675 1794 1744 ἀναπλή-

190 1783 369 1838 ρωσιν
402 1767 653 1836 ἐμποιῶν
697 1768 775 1838 τῷ
825 1767 971 1838 λόγῳ
1018 1767 1112 1821 καὶ
1142 1767 1292 1837 αὑτῷ
1320 1767 1375 1819 δὲ
1424 1766 1640 1830 δεικνὺς
1671 1783 1797 1821 συν-

186 1861 614 1930 ητοιμασμένον
664 1859 779 1932 [πρ.
815 1860 1341 1931 συνητιμασμένον],
1376 1860 1462 1912 ἵνα
1490 1860 1797 1930 ὁλοκλήρως

189 1956 248 2005 ἐν
282 1950 409 2022 Υἱῷ
454 1952 920 2024 πεπαρῳνηκότες
966 1952 1297 2022 ἐλέγχωνται
1340 1952 1450 2005 τῶν
1479 1952 1798 2022 παραδόξων

189 2044 241 2096 οἱ
270 2042 504 2113 θεωροὶ,
539 2044 635 2096 καὶ
664 2043 766 2113 τῆς
792 2042 1055 2097 ἀνωτάτω
1082 2043 1270 2096 πασῶν
1298 2043 1488 2107 οὐσίας
1506 2043 1603 2114 τὴν
1625 2041 1799 2106 οὕτως

192 2140 465 2209 ὑπερφυᾶ
511 2136 945 2208 καθυϐρίσαντες
994 2136 1241 2207 δύναμιν,
1292 2136 1358 2188 δι’
1400 2129 1475 2190 ὧν
1505 2137 1607 2208 οὐχ
1653 2137 1801 2200 ὅπως

1887 985 2039 1040 quem
2068 984 2161 1037 ego
2197 966 2405 1019 mittam
2436 965 2579 1018 vobis
2620 980 2653 1016 tt
2689 961 2881 1025 Patre,
2912 959 3175 1028 Spiritum
3209 957 3469 1019 veritatis,

1887 1060 1978 1129 qui
2008 1076 2038 1111 a
2068 1057 2230 1111 Patre
2260 1055 2531 1123 procedit,
2572 1053 2661 1107 ille
2706 1052 3068 1107 testimonium
3097 1046 3384 1120 perhibebit
3410 1048 3474 1100 de

1890 1167 1989 1205 me.
2023 1149 2093 1205 Et
2142 1166 2229 1204 vos
2284 1147 2644 1202 testimonium
2679 1144 2997 1215 perhibetis,
3049 1143 3173 1213 quia
3210 1141 3276 1195 ab
3318 1141 3473 1194 initio

1891 1259 2094 1298 mecum
2117 1242 2266 1313 estis.

1963 1403 2220 1475 Scipsum
2254 1411 2307 1457 et
2332 1399 2550 1455 Patrem
2586 1398 2780 1454 dicens
2827 1413 2857 1452 a
2886 1395 3223 1451 vecordibus
3263 1391 3474 1447 Iudaeis

1891 1497 2021 1553 odio
2057 1496 2271 1560 haberi,
2304 1495 2467 1563 idque
2496 1493 2670 1564 gratis
2723 1505 2789 1545 ac
2824 1490 2977 1543 nulla
3007 1488 3156 1558 justa
3188 1486 3255 1541 de
3283 1499 3474 1547 causa,

1894 1588 2060 1645 simul
2123 1586 2291 1642 etiam
2340 1585 2555 1639 utiliter
2617 1581 2836 1636 inducit
2894 1578 3204 1648 Spiritum,
3276 1584 3479 1631 sanctae

1897 1664 2193 1735 Trinitatis
2259 1678 2724 1746 complementum
2781 1674 2887 1727 hoc
2940 1670 3106 1725 modo
3173 1676 3477 1729 astruens,

1894 1781 1949 1828 et
2007 1786 2115 1825 una
2185 1783 2311 1824 cum
2375 1766 2538 1821 Patre
2629 1781 2687 1822 se
2764 1766 3029 1819 violatum
3118 1756 3417 1816 ostendens
3461 1798 3477 1824 ,

1897 1873 1958 1919 ut
1992 1878 2119 1918 cum
2177 1862 2256 1916 illi
2313 1858 2710 1916 miraculorum
2765 1864 3110 1928 spectatores
3168 1855 3224 1908 in
3281 1852 3478 1906 Filium

1896 1958 2058 2028 plane
2095 1953 2424 2009 dchacchati
2458 1958 2612 2013 sunt,
2664 1964 2937 2028 supremae
2967 1962 3188 2018 quoque
3231 1945 3480 1999 omnium

1899 2046 2227 2105 substantiae
2273 2043 2534 2115 potestati
2577 2021 2839 2112 iniuriam
2896 2039 3099 2095 fecisse
3148 2048 3483 2108 arguantur,

1899 2156 2013 2194 non
2071 2138 2233 2193 modo
2283 2151 2351 2189 ex
2408 2149 2476 2191 eo
2529 2135 2678 2205 quod
2729 2132 3147 2203 suscipiendum
3208 2144 3315 2183 non
3364 2143 3487 2182 esse
3564 2111 3585 2130 ⁸

192 2229 619 2300 παραδέχεσθαι
657 2231 769 2283 δεῖν
807 2227 976 2300 ᾤοντο
1013 2230 1105 2283 τὸν
1135 2229 1392 2303 Χριστὸν,
1428 2229 1604 2284 καίτοι
1639 2248 1799 2301 τερα-

1920 2233 2182 2290 Ihristum
2238 2237 2518 2301 putarent,
2562 2229 2695 2282 licet
2745 2228 2812 2281 ad
2847 2226 3014 2281 ﬁdem
3063 2225 3145 2279 eis
3177 2222 3486 2277 faciendam

192 2321 551 2392 τουργοῦντα
585 2320 769 2386 ξένως,
814 2323 894 2386 είς
924 2321 1300 2393 πληροφορίαν
1333 2322 1534 2386 αὐτῶν,
1573 2321 1686 2376 ἀλλ’
1722 2315 1796 2376 ὧν

196 2412 305 2484 ἠδη
332 2412 635 2483 δεδράκασι
661 2428 674 2441 ·
707 2410 1138 2491 δεδυσσεϐήκασι
1183 2410 1293 2482 γὰρ
1325 2412 1405 2476 εἰς
1435 2412 1615 2476 αὐτὸν,
1643 2411 1679 2466 ἃ
1706 2413 1800 2467 καὶ

202 2506 377 2574 μόνον
406 2505 561 2558 ἐστὶν
589 2504 837 2574 ἐννοῆσαι
868 2501 1119 2574 φρικτόν.
1169 2502 1385 2568 Καίτοι,
1424 2501 1559 2572 φαίη
1597 2502 1706 2573 γὰρ
1736 2503 1804 2557 ἄν

197 2614 292 2660 τις
319 2597 512 2667 τυχὸν,
556 2590 602 2648 ὧ
632 2595 939 2665 παράφρων
983 2593 1224 2658 Ἰουδαῖε,
1273 2592 1568 2664 θαυμάτων
1596 2611 1677 2646 σοι
1706 2594 1803 2663 γέ-

198 2706 335 2757 γονε
385 2688 725 2760 δημιουργὸς
771 2689 800 2741 ὁ
847 2689 1122 2760 Χριστὸς,
1174 2687 1211 2741 ἃ
1263 2688 1358 2740 καὶ
1408 2687 1507 2758 τὴν
1559 2680 1806 2751 Μωσέως

202 2780 511 2853 ὑπεραίρει
555 2778 712 2843 δόξαν
745 2778 840 2832 καὶ⁵
873 2778 1074 2842 παντὸς
1107 2777 1261 2848 ἁγίου
1306 2777 1685 2848 λαμπρότητα.
1733 2776 1808 2830 To

202 2875 322 2945 γὰρ
356 2872 532 2942 φάναι
580 2872 672 2925 τὸν
700 2871 926 2943 Κύριον,
982 2889 1002 2922 ι
1025 2871 1089 2924 Ei
1120 2868 1191 2924 τὰ
1222 2869 1357 2942 ἔργα
1388 2869 1462 2940 μὴ
1489 2869 1722 2939 ἐποίησα
1749 2871 1808 2923 ἐν

203 2966 423 3028 αὑτοῖς,
455 2963 493 3018 δι
523 2964 712 3035 μηδεὶς
740 2962 900 3026 ἄλλος
928 2963 1177 3034 ἐποίησε,
1208 2981 1227 3014 ι
1265 2961 1522 3032 τοιαύτην
1554 2962 1685 3032 ἡμῖν
1710 2959 1810 3028 τὴν

204 3058 461 3111 διάνοιαν
492 3054 757 3127 εἰσφέρει.
791 3051 925 3108 Εἶτα
949 3055 1041 3107 τὸν
1065 3054 1174 3109 τῶν
1198 3054 1497 3110 ἐλαττόνων
1531 3052 1811 3123 ὑπηρέτην

206 3149 312 3203 καὶ
340 3148 617 3210 διάκονον,
658 3163 730 3216 φη
742 3146 802 3215 μὶ
835 3146 892 3199 δὲ
923 3146 1152 3210 Μωσέα,
1203 3149 1326 3209 ταῖς
1358 3143 1502 3198 οὕτω
1533 3144 1812 3216 λαμπραῖς

208 3241 595 3308 καταστέφεις
642 3240 847 3310 τιμαῖς,
897 3238 989 3291 τὸν
1034 3237 1090 3290 δὲ
1135 3237 1483 3308 ἁσυγκρίτως
1527 3234 1813 3307 ὑπερφερῆ

211 3336 317 3388 καὶ
349 3333 492 3387 πολὺ
538 3331 649 3386 τῶν
694 3330 999 3402 ἀμεινόνων
1050 3331 1311 3402 ἐργάτην,
1356 3329 1629 3392 ἀσυνέτως
1673 3316 1839 3382 οὑτωί

215 3423 657 3497 παρωθούμενος
678 3424 779 3476 οὑκ
818 3422 1097 3495 ἐρυθριᾷς,
1137 3421 1313 3475 καίτοι
1332 3422 1444 3484 τοῖς
1468 3420 1555 3473 διὰ
1574 3420 1817 3483 Μωσέως

219 3517 675 3590 χρησμῳδήμασι
710 3515 772 3567 τὸ
801 3514 970 3568 πάλαι
995 3513 1384 3585 διηγγελμένον
1415 3513 1691 3580 ἐπάγοντα
1722 3510 1819 3564 πέ-

1904 2324 2175 2395 stupenda
2209 2322 2478 2376 miracula
2507 2320 2782 2385 edentem,
2821 2318 2917 2374 sed
2944 2334 3009 2372 ex
3043 2317 3111 2372 iis
3143 2331 3264 2388 qua:
3294 2330 3490 2385 perpe-

1904 2423 2166 2472 trarunt:
2208 2429 2271 2469 ea
2319 2413 2521 2482 quippe
2554 2412 2607 2465 in
2665 2412 2824 2466 illum
2887 2417 3205 2481 patrarunt,
3255 2423 3377 2477 qua:
3408 2405 3493 2459 vel

1905 2503 2165 2577 cogitanti
2199 2503 2488 2557 horrorem
2539 2500 2838 2553 incutiant.
2870 2497 3063 2567 Atqui,
3113 2511 3145 2552 ο
3170 2510 3365 2550 vecors
3394 2492 3493 2548 Ju-

1906 2599 2041 2663 duae,
2066 2596 2212 2651 dicet
2257 2593 2482 2664 aliquis.
2535 2591 2803 2645 miracula
2854 2590 2951 2643 tibi
2985 2589 3246 2643 Christus
3288 2587 3490 2650 edidit,

1907 2704 2030 2761 quae
2058 2703 2182 2742 cum
2220 2685 2389 2740 Mosis
2421 2683 2678 2755 gloriam,
2711 2692 2826 2735 tum
2868 2679 3119 2733 omnium
3172 2684 3492 2732 sanctorum

1909 2777 2260 2850 splendorem
2299 2781 2585 2845 superant.
2637 2770 2797 2837 Quod
2843 2769 2988 2823 enim
3044 2766 3311 2821 Dominus
3359 2766 3434 2818 ait
3478 2783 3491 2817 :

1915 2888 1935 2923 ι
1974 2870 2031 2925 Si
2068 2883 2235 2939 opera
2270 2881 2380 2922 non
2442 2863 2701 2919 fecissem
2737 2862 2791 2916 in
2832 2860 2933 2925 eis,
2968 2873 3091 2929 quae
3141 2872 3303 2939 nemo
3354 2856 3498 2910 alius

1912 2962 2087 3027 fecit,
2128 2980 2146 3013 ι
2202 2958 2521 3015 istiusmodi
2566 2955 2729 3010 nobis
2797 2967 3019 3008 sensum
3094 2934 3286 3005 infert.
3339 2947 3497 3001 Tunc

1912 3070 2042 3125 ergo
2081 3052 2283 3107 Mosem
2316 3051 2470 3104 illum
2505 3046 2831 3101 inferiorum
2884 3044 3201 3098 ministrum
3235 3049 3346 3094 tam
3393 3040 3507 3095 cla-

1915 3147 1995 3201 ris
2030 3144 2290 3199 laudibus
2321 3140 2518 3206 ell‘ers;
2557 3138 2649 3208 qui
2682 3151 2814 3191 vero
2852 3133 3370 3204 incomparabiliter
3403 3145 3498 3183 au-
3556 3172 3567 3181 .

1916 3236 2143 3300 tecellit,
2193 3243 2244 3290 et
2292 3233 2454 3302 longe
2486 3228 2941 3300 praestantiorum
2998 3232 3083 3279 est
3133 3224 3354 3285 artifex,
3389 3231 3502 3274 tam

1918 3331 2085 3386 stulte
2119 3326 2411 3398 repudiare
2435 3339 2543 3378 non
2586 3320 2897 3381 erubescis,
2935 3318 3063 3370 licet
3096 3316 3346 3369 Mosaicis
3381 3328 3505 3368 ora-

1920 3422 2062 3477 culis
2096 3420 2258 3474 finem
2290 3417 2421 3472 olim
2458 3405 2886 3486 przenuntia'tum
2924 3410 3116 3463 all‘erat
3154 3407 3320 3478 910
3335 3414 3387 3460 et
3420 3406 3505 3459 in-

1923 3522 2008 3567 tra
2042 3511 2332 3567 veritatem
2371 3509 2622 3563 umbram
2664 3504 2885 3559 demum
2920 3501 3183 3556 includat.
3236 3499 3506 3553 Dominus

223 3626 351 3680 ρας,
383 3609 482 3661 καὶ¹
506 3606 902 3661 κατακλείοντα
922 3605 1110 3659 λοιπὸν
1132 3606 1213 3668 είς
1233 3605 1494 3675 ἀλήθειαν
1516 3603 1614 3675 τὴν
1637 3603 1815 3658 σκιάν.

1923 3618 2056 3674 ergo
2105 3609 2298 3657 noster
2351 3598 2513 3655 Jesus
2559 3597 2817 3652 Christus
2870 3593 3116 3663 Spiritus
3169 3591 3504 3644 mentionem

237 3699 413 3771 Ὁμοῦ
460 3698 757 3771 τοιγαροῦν
785 3699 813 3751 ό
848 3697 1051 3769 Κύριος
1088 3696 1249 3768 ἡμῶν
1295 3695 1501 3767 Ἰησοῦς
1527 3698 1556 3748 ό
1585 3694 1819 3766 Χριστὸς

226 3790 694 3861 συνεισκεκόμικε
742 3790 843 3860 μὲν
886 3789 1229 3858 ἀναγκαίως,
1283 3788 1461 3861 ἐαυτῷ
1508 3806 1568 3843 τε
1610 3789 1706 3842 καὶ
1746 3786 1824 3858 τῷ

230 3885 410 3961 Πατρὶ
446 3883 548 3954 τὴν
596 3882 689 3936 τοῦ
742 3881 1060 3952 Πνεύματος
1112 3883 1375 3953 μνήμηνο
1430 3881 1727 3951 ἁπελέγχει
1768 3880 1825 3933 δὲ

236 3978 355 4047 ἅμα.
384 3975 450 4030 τὸ
485 3975 779 4053 εἰρημένον
809 3975 1030 4046 ἀληθὲς,
1056 3973 1212 4027 ’τοῦτ’
1249 3973 1416 4036 ἐστιν,
1451 3973 1528 4036 ὡς
1557 3973 1718 4043 εἴπερ
1742 3988 1827 4034 τις

234 4061 413 4125 ἐλοιτὸ
437 4070 529 4124 διὰ
563 4069 753 4140 μίσους
797 4067 940 4139 ἔχειν
966 4068 1056 4119 τὸν
1089 4066 1235 4130 Υίὺν,
1269 4065 1735 4135 συναποστυγήσει
1761 4063 1826 4133 δὴ

237 4164 458 4225 πάντως
485 4161 583 4214 καὶ
608 4159 702 4212 τὸν
734 4159 794 4224 ἐξ
837 4152 1009 4227 οὗπερ
1038 4158 1157 4209 ἐστὶ⁸
1186 4157 1405 4227 Πατέρα
1434 4173 1446 4185 ·
1499 4156 1592 4209 καὶ
1622 4152 1825 4226 πῶς,’ἢ

241 4254 365 4307 τίνα
412 4252 477 4322 δὴ
513 4251 737 4321 τρόπον,
783 4250 881 4304 θέα
912 4251 1093 4302 πάλιν.
1142 4248 1272 4301 Ἰδοὺ
1302 4248 1430 4318 γὰρ,
1470 4248 1578 4300 ἰδοὺ
1607 4246 1828 4317 Πνεῦμα

240 4347 342 4416 τῆς
391 4344 677 4414 ἁληθείᾳς,
727 4343 870 4396 τοῦτ’
903 4342 1069 4406 ἐστιν,
1113 4337 1303 4393 ἑαυτοῦ
1335 4340 1426 4391 τὸν
1473 4338 1830 4409 Παράκλητον

239 4437 432 4500 εἰπὼν,
470 4438 624 4506 παρᾶ
652 4434 745 4488 τοῦ
784 4434 992 4505 Πατρός
1026 4433 1189 4486 αὐτὸν
1217 4429 1614 4501 ὲκπορεύεσθαί
1643 4447 1827 4499 φησιν.

243 4533 459 4603 Ὥσπερ
480 4530 591 4600 γάρ
617 4531 765 4583 ἐστιν
786 4528 916 4581 ἴδιον
944 4527 1166 4597 Πνεῦμα
1197 4525 1292 4579 τοῦ
1329 4526 1458 4579 Υἱοῦ
1475 4524 1751 4594 φυσικῶς,
1773 4525 1830 4576 ἐν

238 4626 395 4696 αὑτῷ
420 4643 481 4677 τε
503 4626 773 4694 ὑπάρχον,
803 4624 899 4676 καὶ
925 4623 989 4674 δι’
1011 4621 1176 4675 αὑτοῦ
1211 4620 1419 4690 προϊὸν,
1450 4618 1593 4671 οὕτω
1620 4614 1831 4670 καὶτοῦ

245 4718 483 4791 Πατρός.
512 4713 607 4781 Οἷς
642 4716 698 4768 δὲ
730 4715 791 4768 τὸ
825 4713 1041 4783 πνεῦμα
1069 4710 1268 4773 κοινὸν,
1299 4708 1509 4772 τούτοις
1542 4709 1628 4777 εἴη
1662 4707 1833 4784 δήπου

245 4779 470 4873 πάντως
494 4809 558 4863 ἂν
576 4779 682 4861 καὶ
707 4806 776 4859 τὰ
799 4805 898 4873 τῆς
927 4779 1112 4866 οὑσέας
1136 4803 1196 4856 οὑ
1223 4799 1574 4872 διωρισμένα.
1610 4799 1700 4867 Μὴ
1727 4779 1835 4866 γὰρ

243 4904 311 4974 δή
338 4918 488 4962 τινες
519 4900 668 4970 ἡμᾶς
696 4897 804 4950 τῶν
837 4895 1116 4949 δυσσεϐεῖν
1151 4894 1421 4946 εἰωθότων
1459 4894 1571 4953 τοῖς
1605 4887 1664 4953 ἐξ
1694 4890 1837 4957 ἀμα-

1926 3710 2115 3753 secum
2158 3708 2264 3748 una
2303 3701 2359 3747 et
2411 3706 2537 3746 cum
2578 3688 2743 3743 Patre
2802 3685 3122 3741 necessario
3170 3682 3378 3744 intulit,
3432 3681 3509 3734 si-

1925 3789 2149 3857 mulque
2183 3799 2372 3840 verum
2404 3797 2529 3839 esse
2573 3778 2823 3835 ostendit
2855 3778 3003 3847 quod
3042 3776 3193 3844 prius
3241 3774 3504 3835 diximus,

1926 3894 2123 3948 nempe
2148 3877 2196 3931 si
2241 3874 2367 3946 quis
2395 3871 2596 3927 Filium
2654 3869 2868 3934 oderit,
2912 3866 3071 3922 simul
3108 3863 3272 3917 etiam
3304 3876 3507 3915 exosu-

1926 3984 2046 4025 rum
2081 3967 2235 4021 illum
2261 3979 2326 4019 ex
2354 3977 2464 4032 quo
2493 3969 2577 4016 est
2613 3959 2870 4023 Patrem;
2897 3970 3006 4027 quo
3038 3961 3195 4023 pacto
3220 3966 3373 4015 vero,
3409 3949 3507 4004 ad-

1928 4066 2079 4113 verte
2106 4068 2325 4109 rursus.
2343 4050 2486 4105 Ecce
2511 4051 2682 4113 enim,
2701 4062 2827 4101 ecce
2849 4062 2973 4099 cum
3009 4042 3275 4111 Spiritum
3304 4040 3509 4093 verita-

1929 4150 2024 4213 tis,
2058 4148 2108 4201 id
2146 4155 2231 4201 est
2269 4160 2452 4207 suum,
2488 4141 2832 4194 Paracletum
2875 4138 3097 4211 dixerit,
3139 4149 3167 4186 a
3200 4132 3362 4186 Patre
3392 4132 3510 4200 ipse

1934 4242 2005 4296 ait
2027 4238 2346 4311 procedere.
2370 4233 2527 4289 Sicut
2546 4234 2689 4287 enim
2716 4230 2973 4300 proprius
2998 4223 3227 4283 estvFilii
3265 4222 3511 4294 Spiritus

1933 4332 2258 4387 naturaliter
2291 4328 2421 4382 ctln
2456 4327 2576 4395 ipso
2600 4323 2969 4385 exsistcns,et
2993 4334 3088 4388 per
3114 4318 3290 4387 ipsum
3312 4318 3513 4384 proce-

1933 4427 2093 4486 deus.
2132 4425 2208 4477 ita
2240 4422 2405 4476 etiam
2460 4418 2666 4472 Patris.
2715 4415 2928 4480 Quibus
2982 4422 3163 4465 autem
3199 4407 3513 4463 communis

1935 4526 2022 4574 est
2058 4515 2336 4587 Spiritus,
2390 4512 2444 4565 hi
2480 4512 2671 4580 utique
2716 4505 3030 4561 substantia
3069 4519 3176 4557 non
3227 4500 3509 4555 diﬂ'erunt.

1934 4606 2013 4662 Ne
2049 4621 2148 4661 nos
2182 4606 2326 4660 cnim
2357 4601 2543 4657 stultis
2576 4600 2693 4654 suis
2724 4595 3072 4652 sermonibus
3106 4592 3258 4662 impii
3290 4589 3515 4660 quidam

1936 4702 2001 4755 ad
2042 4714 2105 4754 ea
2139 4712 2259 4767 qum
2296 4694 2450 4749 nefas
2496 4691 2794 4750 abducant,
2852 4694 2914 4742 ut
2955 4687 3263 4756 cogitemus
3312 4681 3513 4735 Filium

1940 4791 2182 4846 ministri
2218 4789 2365 4841 vices
2396 4781 2699 4853 implendo,
2733 4779 3001 4850 Spiritum
3038 4777 3132 4847 qui
3184 4790 3214 4829 a
3246 4773 3405 4828 Patre
3433 4778 3520 4827 est
3558 4775 3561 4778 ⁴

1941 4891 2207 4938 creatura:
2242 4876 2601 4932 ministrare:
2641 4889 2762 4927 nam
2803 4871 2855 4926 id
2893 4869 3139 4925 nonnulli
3173 4869 3356 4922 dicere
3397 4862 3519 4918 ausi

228 4953 401 5058 ’θέίας
433 4953 882 5061 ἀποκομνιζόντων
915 4986 1115 5054 λόγοις,
1148 4987 1227 5047 εἰς
1257 4984 1293 5038 ἃ.
1326 4985 1400 5053 μὴ
1426 4982 1583 5050 θέμις
1611 4953 1812 5032 ἐννοεῖν

1944 4986 2090 5031 sunt.
2120 4972 2262 5039 Quin
2291 4970 2474 5039 potius
2516 4975 2947 5023 consentaneum
2980 4970 3064 5018 est
3098 4959 3344 5021 credere,
3374 4953 3519 5026 quod

246 5086 324 5148 ὼς
368 5081 716 5151 ὑπουργικήν
772 5095 894 5131 τινα
934 5077 1124 5147 χρείαν
1168 5073 1504 5148 ἀποπληρῶν
1548 5073 1576 5124 ό
1617 5070 1745 5131 Υἱὸς
1784 5070 1844 5121 τὸ

247 5174 405 5244 παρά
439 5171 537 5224 τοῦ
574 5169 788 5240 Πατρός
833 5169 1062 5238 Πνεῦμα
1094 5168 1161 5237 τῇ
1196 5167 1372 5220 κτίσει
1420 5165 1695 5218 διακονεῖ·
1752 5161 1844 5213 καὶ

244 5267 410 5323 τοῦτο
460 5265 571 5336 γὰρ
620 5263 895 5324 ἀσυνέτως
948 5261 1093 5322 τινές
1146 5260 1205 5312 οὑ
1269 5256 1589 5313 κατέδεισαν
1647 5255 1843 5306 εἰπεῖν.

251 5360 540 5416 Πιστεύειν
583 5357 641 5411 δὲ
699 5353 902 5425 μᾶλλον
948 5350 1260 5414 ἀκόλουθον,
1306 5350 1382 5412 ὡς
1432 5348 1663 5417 ἐπείπερ
1714 5345 1844 5398 ἴδιόν

250 5457 402 5507 ἐστιν
436 5448 629 5513 αὐτοῦ,
680 5445 930 5514 καθάπερ
961 5443 1153 5514 ἀμέλει
1184 5443 1279 5495 καὶ
1305 5440 1400 5493 τοῦ
1426 5439 1560 5493 Θεοῦ
1596 5439 1691 5491 καὶ
1726 5437 1839 5488 Πα-

246 5548 402 5619 τρός,
452 5540 783 5619 ἀποστέλλει.
816 5541 930 5601 τοῖς
972 5536 1149 5605 ἁγίοις
1198 5533 1365 5588 αὑτοῦ
1408 5533 1678 5605 μαθηταῖς
1705 5528 1841 5598 πρὸς

257 5637 551 5709 ἁγιασμόν.
606 5635 666 5687 Ei
693 5631 749 5686 δὲ
779 5633 844 5700 δὴ
875 5630 1157 5701 νομίζουσι
1189 5627 1388 5700 τρόπον
1422 5626 1564 5689 τινὰ,
1597 5623 1692 5677 καὶ
1720 5622 1837 5692 δρι-

254 5734 332 5808 μὺ
354 5732 504 5811 ⁴νοεῖν
535 5744 594 5781 τε
621 5725 717 5780 καὶ
743 5724 942 5792 λέγειν,
979 5723 1224 5777 διάκονον
1250 5722 1384 5791 ἡμῖν
1418 5718 1510 5772 καὶ
1539 5712 1837 5785 ὑπουργζν,

1942 5082 2067 5122 cum
2100 5063 2343 5135 Spiritus
2373 5060 2444 5116 sit
2471 5059 2598 5128 ejus
2627 5057 2908 5129 proprius,
2951 5052 3116 5108 sicuti
3158 5046 3414 5104 nimirum
3436 5050 3522 5100 est

1942 5160 2035 5213 Dei
2082 5173 2143 5211 ac
2178 5154 2379 5216 Patris,
2411 5151 2620 5208 sanctis
2660 5163 2785 5204 eum
2831 5147 2950 5202 suis
2995 5140 3287 5211 discipulis
3336 5136 3521 5190 mittat

1944 5253 2009 5307 ad
2047 5247 2567 5306 sanctit‘tcationem.
2598 5240 2761 5308 Quod
2798 5240 2863 5293 si'
2895 5243 3117 5291 acutum
3155 5228 3343 5285 nescio
3387 5224 3520 5294 quid

1944 5345 2151 5400 sentire
2179 5355 2239 5395 se
2275 5354 2338 5392 ac
2389 5337 2575 5390 dicere.
2609 5331 2949 5391 existimant,
2982 5326 3110 5380 dum
3165 5321 3252 5374 nic
3302 5328 3522 5386 quoque

1946 5435 2145 5489 Filium
2176 5431 2337 5486 nobis
2381 5427 2696 5481 ministrum
2725 5428 2779 5473 et
2809 5426 3192 5474 exsecutorem
3230 5409 3522 5467 inducunt,

1947 5527 2041 5597 qui
2073 5541 2180 5580 non
2212 5523 2396 5578 dicere
2430 5514 2688 5572 convenit
2716 5505 2922 5566 z'Stulti
2962 5521 3026 5559 ac
3062 5502 3213 5564 cruci,
3262 5514 3370 5554 non
3400 5514 3527 5552 sen-

1949 5590 2066 5673 titis
2094 5632 2204 5688 quo
2237 5612 2547 5684 praccipites
2569 5609 2769 5661 iterum
2799 5600 2987 5665 ruitis,
3015 5604 3068 5653 ct
3099 5594 3366 5649 adversus
3393 5590 3528 5645 Uni-

1946 5683 2125 5783 geniti
2152 5683 2382 5777 gloriam
2418 5698 2729 5769 insurgitis,
2761 5694 2979 5749 miseris
3009 5706 3073 5745 ex
3127 5683 3401 5758 imperitia
3434 5697 3543 5763 τοι).
