3938 6452
415 345 523 403 ΗΞ)

416 556 613 612 ordine
661 554 833 610 Filius
876 553 1104 608 omnino
1153 550 1423 621 Spiritum
1466 563 1497 602 a
1539 547 1699 602 Patre
1739 547 1997 617 largitur,

418 646 701 718 quomodo
732 645 892 701 fateri
922 659 1151 700 necesse
1182 658 1291 697 non
1327 647 1412 697 est
1439 639 1509 694 ab
1536 639 1659 709 ejus
1688 638 2003 693 substantia

420 742 604 811 ipsum
633 754 753 795 esse
783 753 1011 809 prorsus
1052 736 1313 799 alienum,
1356 741 1452 787 aut
1482 729 1624 787 forte
1650 732 2002 801 praestantio-

421 829 535 885 rém
590 832 861 901 longeque
909 829 1197 898 potiorem.
1248 824 1297 880 si
1352 838 1442 879 res
1488 822 1565 877 ita
1600 822 1692 888 sit,
1728 831 1788 876 ut
1837 821 2005 877 stulte

421 923 683 978 sentitis?
717 920 774 975 Si
804 921 949 975 enim
979 934 1044 973 ex
1064 916 1226 972 Patre
1259 932 1362 969 non
1388 912 1656 985 procedit,
1690 913 1796 967 hoc
1828 922 1912 967 est
1939 928 2005 967 ex

419 1019 541 1087 ejus
575 1013 902 1077 substantia,
937 1022 997 1067 ut
1037 1025 1135 1065 vos
1176 1009 1363 1071 vultis,
1397 1007 1679 1078 quomodo
1712 1020 1823 1059 non
1859 1019 2001 1075 prae-

423 1110 660 1163 stantior
691 1104 828 1159 Filio
864 1104 1106 1174 Spiritus
1131 1099 1492 1156 censebitur?
1525 1097 1734 1153 Deinde
1760 1096 1892 1167 quid
1920 1096 2005 1150 di—

422 1215 611 1255 cemus
637 1213 762 1252 cum
794 1195 1141 1252 audierimus
1174 1194 1357 1265 ipsum
1389 1191 1459 1248 de
1481 1208 1540 1247 se
1572 1191 2001 1262 praedicantem:

429 1310 445 1343 ι
483 1293 575 1346 Ille
611 1306 696 1344 me
730 1287 1085 1350 clariﬁcabit,
1117 1288 1251 1357 quia
1283 1286 1352 1340 de
1380 1301 1505 1340 meo
1535 1285 1797 1354 accipiet,
1830 1291 1885 1339 et
1908 1298 2006 1337 au-

423 1381 697 1435 nttntiabit
725 1379 881 1433 vobis
908 1375 1067 1429 "°”?
1091 1396 1109 1428 ι
1134 1377 1214 1429 Ad
1249 1375 1364 1431 hac
1398 1374 1536 1430 illud
1565 1390 1788 1445 quoque
1816 1389 2009 1429 neces-

317 1461 330 1472 ’
424 1473 574 1528 sario
604 1470 826 1525 tandem
863 1477 1177 1526 succurret.
1210 1465 1435 1536 Nempe,
1475 1467 1522 1521 si
1554 1466 1795 1521 ministri
1834 1467 2007 1519 vicem

1416 338 1474 394 S.
1516 337 1794 395 CYRILLI
1833 336 2302 393 ALEXANDRINI
2343 336 2663 393 ARCHIEP.

416 474 531 521 stra
564 463 838 519 contextis
868 459 1223 517 rationibus?
1255 458 1392 513 Nam
1425 458 1472 513 si
1501 458 1743 513 ministri
1784 458 1908 512 loco
1946 464 2000 511 et

2124 458 2207 512 ιάν
2233 458 2410 527 τούτῳ
2437 456 2503 528 δὴ
2530 456 2694 510 πάλιν
2716 457 2810 509 τὸν
2834 453 2963 507 Υίὸν
2994 452 3422 523 εἰσκομίζοντες,
3448 449 3571 514 πῶς
3588 450 3693 503 οὐκ
3786 436 3809 441 ’

3584 333 3691 389 ιεο

2102 547 2396 602 ἀκόλουθον
2442 550 2615 602 εἰπεῖν
2637 564 2649 578 ·
2687 546 2878 617 Μωροὶ
2924 545 3020 599 καὶ
3067 543 3281 614 τυφλοὶ,
3327 543 3404 609 πῆ
3432 541 3498 601 δὴ
3524 541 3692 595 πάλιν

2108 630 2278 704 ἰόντες
2300 640 2461 711 ὑμεῖς
2484 640 2585 693 οὐκ
2610 636 2955 700 αἰσθάνεσθε,
2976 636 3070 690 καὶ
3096 636 3199 707 τῆς
3222 634 3316 689 τοῦ
3346 632 3694 703 Μονογενοῦς

2107 730 2508 803 κατεπαίρεσθε
2536 730 2715 801 δόξης,
2773 732 2837 783 ὲκ
2865 729 2969 796 τῆς
3003 728 3231 799 ἐνούσης
3258 730 3389 799 ὑμῖν
3418 727 3696 799 ἀμαθείας

2105 822 2326 886 ἀθλίους
2350 821 2692 892 συνείροντες
2724 819 3020 891 λογισμούς
3040 836 3054 886 ;
3091 821 3152 872 Ei
3176 817 3286 890 γὰρ
3308 819 3446 882 ὅλως
3464 822 3698 890 χορηγεῖ

2106 915 2167 968 τὸ
2207 915 2435 985 Πνεῦμα
2478 915 2630 983 παρά
2660 913 2873 984 Πατρὸς
2902 912 2929 965 ὁ
2962 913 3111 976 Υἱὸς,
3145 913 3204 964 ὲν
3235 911 3513 981 ὑπηρέτου
3550 911 3697 976 τινὸς

2108 1006 2259 1073 τάξει
2287 1006 2688 1076 λελογισμένος,
2746 1005 2861 1069 πῶς
2905 1005 3006 1058 οὐκ
3053 1006 3352 1072 ἀναγκαῖον
3385 1004 3694 1075 ὁμολογεῖν,

2107 1100 2182 1164 ὼς
2224 1100 2504 1171 ἀλλότριον
2552 1100 2649 1170 μὲν
2692 1097 2807 1152 ἔστι
2836 1095 3116 1161 παντελῶς
3154 1098 3253 1166 τῆς
3277 1096 3468 1160 οὐσίας
3501 1094 3695 1160 αὑτοῦ,

2108 1193 2249 1263 τάχα
2274 1192 2331 1246 δὲ
2360 1194 2454 1245 καὶ
2483 1191 2703 1262 ἄμεινον
2732 1189 2918 1255 αὑτοῦ,
2960 1189 3055 1243 καὶ
3090 1190 3231 1243 κατά
3256 1189 3391 1242 πολὺ
3423 1191 3697 1258 κρεῖττον,

2110 1284 2286 1355 ἄνπερ
2333 1284 2507 1346 οὕτως
2554 1282 2649 1353 ἔχῃ
2681 1283 2821 1336 κατά
2863 1298 2928 1350 γε
2958 1280 3057 1351 τὴν
3088 1282 3219 1352 παρ’
3248 1282 3377 1351 ὑμῖν
3410 1279 3656 1350 ἀμαθίαν
3682 1296 3697 1345 ;

2113 1378 2175 1430 El
2205 1376 2312 1447 γὰρ
2341 1377 2442 1428 οὐκ
2471 1376 2536 1428 ὲκ
2564 1372 2656 1427 τοῦ
2690 1373 2902 1444 Πατρδς
2926 1372 3307 1444 ἐκπορεύεται,
3344 1371 3488 1425 τοῦτ’
3526 1371 3699 1434 ἔστιν,
3738 1390 3741 1391 ⁷

2113 1473 2179 1524 ὲκ
2218 1470 2317 1539 τῆς
2350 1467 2540 1530 οὐσίας
2580 1464 2743 1519 αὐτοῦ
2774 1467 2801 1518 ὁ
2836 1464 2960 1527 Υίὸς
2993 1463 3117 1517 καθ’
3158 1464 3323 1533 ὑμᾶς,
3367 1462 3485 1525 πῶς
3511 1464 3616 1516 οὐκ
3645 1466 3704 1515 ἐν

424 1577 455 1616 a
500 1562 638 1616 Filio
675 1562 889 1631 impleri
918 1561 1150 1633 putatis,
1182 1559 1278 1629 qui
1306 1558 1547 1614 alienum
1579 1558 1764 1621 nobis,
1799 1558 1903 1612 hoc
1926 1565 2012 1612 est

2124 1561 2365 1634 ἀμείνοσι
2394 1561 2570 1612 νοοῖτο
2594 1558 2658 1612 ἂν
2698 1557 2757 1610 τὸ
2793 1555 3018 1626 Πνεῦμα
3051 1558 3204 1626 παρά
3232 1555 3322 1608 τὸν
3357 1556 3520 1621 Υίόν;
3564 1551 3708 1608 Εἶτα.

425 1672 453 1710 a
496 1656 607 1712 Deo
635 1663 689 1710 et
720 1654 885 1709 Patre
924 1653 1156 1724 largitus
1208 1658 1294 1707 est
1347 1658 1603 1706 sanctum
1659 1663 1858 1703 natura
1909 1663 2009 1704 sua

2124 1655 2167 1708 ti
2195 1669 2398 1723 φαμεν,
2432 1653 2559 1706 ὅταν
2589 1649 2916 1720 ἀκούσωμεν
2943 1648 3193 1717 λέγοντος
3229 1648 3358 1719 περὶ
3385 1646 3580 1712 αὑτοῦ,
3619 1647 3708 1700 ὅτι

427 1746 713 1817 Spiritum,
750 1761 862 1800 non
894 1746 999 1801 erit
1042 1744 1347 1800 secundum
1379 1750 1636 1796 naturam
1673 1756 1829 1796 suam
1876 1755 2009 1795 san-

2124 1765 2140 1797 ι
2166 1746 2405 1807 Ἐκεῖνος
2434 1743 2535 1814 ἐμὲ
2558 1742 2795 1808 δοξάσει,
2820 1742 2904 1794 ὃτι
2942 1741 3007 1794 ὲκ
3038 1740 3131 1793 τοῦ
3164 1739 3299 1810 ἐμοῦ
3328 1739 3580 1811 λήψεται,
3610 1739 3712 1793 καὶ

425 1842 548 1888 ctus
581 1831 778 1898 Filius,
809 1834 905 1887 sed
932 1830 1358 1902 participatione
1379 1829 1671 1894 duntaxat,
1702 1830 1864 1884 sicuti
1889 1844 2013 1884 nos.

2124 1837 2414 1907 ἀναγγελεῖ
2441 1835 2607 1906 ὑμῖν;
2642 1854 2661 1887 ι
2702 1833 2844 1904 Πρὸς
2872 1833 2929 1887 δὲ
2957 1835 3070 1895 τοῖς
3106 1832 3440 1904 εἰρημένοις,
3482 1833 3715 1885 κάκεῖνο

428 1925 641 1981 Dicitur
669 1927 838 1990 enim,
879 1925 1042 1994 juxta
1090 1924 1387 1995 impiorum
1431 1925 1785 1984 sententiam,
1822 1940 1851 1977 a
1887 1923 2019 1979 sub-

2124 1933 2326 1996 λοιπὸν,
2360 1932 2437 1996 ὡς
2484 1930 2546 1995 ἐξ
2591 1931 2838 1999 ἀνάγκης
2868 1928 3205 2000 είσ6ήσεται.
3254 1929 3317 1982 El
3355 1928 3465 2000 γὰρ
3498 1930 3715 1999 ὑπουρ-

429 2020 635 2075 stantia
672 2019 849 2073 Patris
884 2018 1123 2083 alienus,
1155 2032 1220 2072 ex
1256 2032 1365 2086 qua
1403 2016 1570 2069 etiam
1606 2015 1855 2085 procedit
1897 2016 2020 2084 Spi-

2124 2027 2246 2094 γίαν
2279 2022 2595 2094 διακονικὴν
2622 2019 2976 2092 ἀποπληροῦν
3003 2020 3183 2073 οἴεσθε
3212 2019 3304 2073 τὸν
3331 2020 3479 2081 Υίὸν,
3522 2019 3588 2073 τὸ
3615 2020 3715 2076 ἀλ-

352 2134 362 2143 ·
430 2108 573 2164 ritus
603 2108 695 2162 ille
723 2109 816 2178 qui
849 2112 948 2178 per
976 2124 1100 2163 eum
1134 2108 1430 2177 praebetur.
1462 2106 1605 2162 Fieri
1630 2123 1763 2178 ergo
1794 2109 2017 2177 poterit,

2124 2116 2334 2187 λότριον
2361 2117 2514 2185 ἡμῖν,
2541 2112 2686 2167 τοῦτ’
2714 2112 2854 2178 ἐστι,
2900 2111 2963 2165 τὸ
2995 2110 3149 2183 παρά
3178 2110 3273 2163 τοῦ
3302 2109 3438 2164 Θεοῦ
3467 2110 3563 2164 καὶ
3599 2111 3718 2163 Πα-

431 2201 477 2256 si
517 2201 780 2271 proprius
831 2216 940 2256 non
974 2200 1134 2271 911
1172 2201 1245 2255 sit
1283 2199 1406 2254 Filii
1444 2199 1707 2269 Spiritus,
1758 2202 1853 2255 scd
1903 2200 2020 2271 ipse

2124 2210 2246 2279 τρὸς
2277 2205 2715 2278 κεχορηγηκότα,
2745 2203 2900 2270 ἀγιον
2932 2202 2991 2256 ὃν
3019 2202 3339 2273 κατὰφύσιν
3368 2202 3615 2271 Πνεῦμα,
3650 2204 3716 2256 οῦ

430 2309 650 2363 quoque
697 2293 1050 2347 adventitiam
1084 2293 1283 2347 habeat
1319 2291 1819 2347 sanctiﬁcationem
1876 2294 2020 2347 sicut

2124 2298 2266 2354 κατά
2312 2298 2474 2368 φύσιν
2525 2297 2679 2367 ἆγιος
2710 2298 2739 2350 ὁ
2772 2295 2920 2359 Υίδς.
2955 2294 3097 2347 κατά
3129 2291 3346 2364 μέθεξιν
3376 2293 3466 2355 δὲ,
3519 2293 3718 2364 ὥσπερ

431 2395 710 2449 creatura,
754 2386 1053 2439 sanctitate
1100 2398 1324 2455 quoque
1356 2398 1457 2439 sua
1500 2382 1799 2453 aliquando
1846 2383 2020 2453 possit

2124 2395 2304 2464 ἡμεῖς.
2357 2392 2593 2460 Λέγεται
2638 2390 2748 2461 γάρ
2791 2389 2935 2443 κατά
2977 2387 3078 2460 τὴν
3116 2388 3226 2441 τῶν
3256 2387 3533 2441 δυσσεϐὦν
3562 2387 3719 2457 ἀμά-

430 2481 714 2533 excedere.
766 2477 923 2544 Quod
954 2478 1101 2535 enim
1139 2478 1486 2533 accessionis
1517 2479 1661 2533 'loco
1713 2478 2016 2549 accipitur,

432 2569 709 2640 quomodo
740 2571 938 2626 abesse
988 2586 1101 2625 non
1139 2571 1386 2640 poterit?
1432 2573 1501 2623 At
1529 2570 1656 2641 quis
1704 2571 1773 2625 ab
1829 2571 2022 2626 istius-

433 2662 578 2716 modi
611 2663 885 2733 degmatis
918 2664 1110 2734 procul
1160 2680 1270 2719 non
1313 2662 1522 2734 fugiet?
1556 2663 1671 2719 Nos
1706 2679 1861 2728 vero.
1895 2665 2021 2735 qui-

433 2754 538 2809 bus
602 2755 781 2809 amica
826 2766 910 2812 est
954 2756 1160 2811 veritas
1207 2770 1271 2810 ac
1307 2753 1559 2810 veritatis
1602 2754 1879 2825 dogmata,
1926 2771 2022 2810 ne-

431 2861 705 2917 quaquam
742 2847 867 2900 illos
916 2861 1237 2915 sequemur,
1281 2845 1378 2900 scd
1411 2854 1740 2899 sanctorum
1789 2843 2019 2901 Patrum

436 2938 556 2993 ﬁdei
590 2939 834 3010 vestigiis
869 2940 1212 3003 insistentes,
1256 2939 1541 3010 proprium
1576 2954 1699 2994 esse
1749 2938 1873 2994 Filii
1922 2939 2023 2994 Pa-

2121 2486 2294 2552 θειαν,
2329 2484 2614 2555 ἀλλότριος
2642 2476 2783 2536 εἶναι
2822 2481 2923 2552 τῆς
2952 2480 3140 2543 οὐσίας
3175 2477 3269 2532 τοῦ
3305 2478 3540 2549 Πατρὸς,
3562 2478 3625 2543 ὲξ
3646 2474 3720 2550 ἦς

2121 2577 2216 2633 καὶ
2248 2576 2465 2649 πρόεισι
2497 2575 2559 2629 τὸ
2607 2574 2831 2646 Πνεῦμα
2876 2574 2938 2627 τὸ
2978 2573 3046 2627 δι’
3080 2572 3247 2626 αὐτοῦ
3277 2572 3715 2644 χορηγούμενον.

2125 2672 2320 2725 Ἔσται
2376 2669 2558 2723 τοίνυν
2611 2668 2719 2722 τῶν
2773 2665 3160 2738 ἐνδεχομένων,
3206 2664 3366 2733 εἴπερ
3414 2665 3517 2718 οὐκ
3583 2663 3721 2716 ἴδιον

2119 2760 2213 2816 τοῦ
2244 2760 2377 2815 Υἱοῦ
2413 2759 2474 2813 τὸ
2502 2758 2729 2827 Πνεῦμά
2759 2760 2908 2811 ἐστιν
2928 2799 2943 2821 ,
2976 2756 3093 2809 ἀλλ’
3124 2755 3437 2825 εἰσποιητὸν
3476 2755 3591 2826 ἔχει
3621 2754 3723 2808 καὶ

2121 2853 2286 2918 αὐτὸς
2314 2853 2406 2905 τὸν
2435 2852 2729 2921 ἀγιασμδν,
2757 2849 3013 2920 καθάπερ
3050 2850 3084 2919 ἡ
3121 2849 3319 2911 κτίσις,
3367 2848 3462 2900 καὶ
3503 2847 3721 2900 ἀποπε-

2123 2947 2236 3000 σεῖν
2262 2942 2523 2997 δύνασθαί
2554 2959 2684 2995 ποτε
2704 2942 2816 3012 τῆς.
2837 2938 3384 3009 ὲνούσης.ἁγιὸτητος
3416 2936 3592 3008 αὐτῷ.
3642 2937 3723 2991 Τὸ

433 3031 714 3101 τοοιειυιιι,
746 3031 1006 3098 dicimus,
1046 3031 1148 3087 hoc
1189 3039 1273 3087 est
1305 3037 1559 3086 sanctum
1598 3029 1887 3101 Spiritum,
1919 3048 2020 3089 nec

2124 3038 2233 3108 γὰρ
2262 3037 2338 3100 ὼς
2358 3038 2415 3089 ὲν
2441 3035 2592 3101 τάξει
2626 3033 2945 3105 προσθήκης
2980 3032 3315 3103 ἐπικτηθὲν,,
3342 3032 3459 3096 πῶς
3513 3032 3616 3086 οὐκ
3653 3030 3723 3086 ἂν

434 3121 658 3175 aliunde
685 3122 944 3180 ascitum.
978 3124 1123 3177 sicut
1149 3130 1233 3177 est
1264 3122 1318 3176 in
1350 3122 1418 3178 iis
1443 3124 1537 3192 qui
1555 3131 1682 3178 sunt
1708 3125 2020 3179 sanctitatis

2125 3128 2463 3197 ἀπογένοιτο,
2487 3127 2626 3181 κατὰ
2649 3143 2713 3195 γε
2741 3124 2832 3179 τὸν
2858 3124 2952 3179 τοῦ
2978 3122 3347 3195 ἐγχωροῦντος
3369 3123 3527 3192 λόγον
3548 3140 3562 3188 ;
3588 3120 3724 3177 Εἶτα

434 3228 690 3282 capaces,
728 3215 930 3282 quibus
955 3223 1008 3269 et
1038 3231 1067 3266 e
1096 3214 1266 3269 nihilo
1293 3222 1450 3270 ortus
1476 3224 1578 3280 est,
1608 3217 1704 3271 sed
1737 3216 1861 3285 ejus
1887 3232 2020 3271 cou-

2125 3225 2209 3287 τίς
2239 3223 2347 3276 τῶν
2374 3221 2631 3275 τοιούτων
2647 3220 2746 3273 οὐκ
2779 3221 3176 3289 ἀποδραμεῖται
3209 3217 3532 3287 δογμάτων;
3576 3218 3723 3289 Πρε-

437 3305 862 3359 substantialem
916 3305 1081 3361 sicuti
1131 3321 1328 3376 nempe
1379 3315 1434 3360 et
1479 3307 1680 3361 Patris.
1737 3307 1831 3360 Sic
1875 3307 2022 3362 enim

437 3396 941 3452 ccclesiasticorum
975 3399 1294 3468 dogmatum
1340 3400 1482 3454 ratio
1518 3400 1571 3453 in
1598 3414 1768 3455 vanas
1799 3401 2023 3455 deorum

439 3488 653 3543 fabulas
682 3506 790 3543 non
834 3490 1022 3554 abibit,
1063 3490 1156 3545 sed
1199 3492 1255 3543 in
1290 3506 1458 3544 unam
1506 3491 1727 3545 deitatis
1756 3491 2025 3545 rationem

439 3589 633 3636 sancta
666 3579 909 3637 Trinitas
942 3582 1366 3653 constringitur.
1404 3581 1730 3652 Simulergo
1758 3585 2025 3638 substan-

440 3673 532 3726 tiae
575 3673 837 3728 unitatem
879 3674 1248 3733 ostendendo.
1286 3690 1421 3737 suae,
1454 3675 1711 3745 inquam,
1740 3683 1794 3730 ct
1826 3674 1926 3731 Dei
1961 3692 2027 3733 ac

441 3762 643 3829 Patris,
666 3774 721 3819 et
748 3764 1010 3834 Spiritum
1036 3767 1290 3822 veritatis
1309 3765 1655 3821 Paracletum
1675 3768 2026 3837 appellando,

443 3871 472 3907 a
504 3855 670 3911 Patre
702 3859 1001 3926 procedere
1041 3856 1143 3921 ait,
1179 3866 1370 3927 aperte
1410 3865 1465 3913 ct
1508 3857 1817 3913 indubitate
1847 3861 2029 3930 arguit

443 3944 535 4000 Dei
578 3945 791 4001 hostem
828 3947 883 4000 in
926 3948 1160 4001 solidum
1183 3963 1328 4012 esse,
1355 3947 1448 4017 qui
1482 3946 1690 4003 Christi
1724 3949 1798 4005 sit
1824 3950 2022 4006 hostis.

440 4035 579 4090 Nam
612 4039 709 4107 qui
744 4039 1076 4108 petulantem
1111 4055 1169 4093 se
1201 4040 1435 4109 gesserit
1475 4041 1529 4093 in
1566 4038 1793 4108 Filium,
1831 4044 2029 4097 merito

443 4141 665 4197 quoque
726 4128 779 4180 in
814 4142 940 4181 eum
982 4143 1044 4181 ex
1101 4142 1211 4195 quo
1267 4135 1351 4181 est
1399 4142 1629 4197 peccare
1687 4129 2026 4183 censebitur.

444 4219 583 4273 Cum
617 4234 751 4289 ergo
785 4219 998 4274 venerit
1045 4217 1390 4286 Paracletus,
1429 4220 1629 4290 inquit,
1666 4218 1907 4288 Spiritus
1936 4233 2029 4273 ve-

445 4310 650 4374 ritatis,
687 4312 858 4367 idest
904 4326 1080 4371 meus,
1124 4310 1216 4379 qui
1251 4326 1279 4364 a
1323 4310 1484 4366 Patre
1526 4311 1799 4381 procedit,
1839 4312 1930 4365 ille
1960 4318 2034 4366 te-

447 4402 768 4457 stimonium
803 4401 1113 4471 perhibebit
1166 4400 1235 4456 de
1284 4418 1390 4457 me.
1454 4401 1776 4457 Perhibebit
1818 4411 2028 4466 autem,

2128 3316 2467 3388 πωδέστερον
2498 3314 2555 3368 δὲ
2589 3308 2743 3383 οἶμαι
2769 3310 2830 3364 τὸ
2855 3310 3029 3374 οὕτως
3049 3312 3241 3364 εἰπεῖν.
3277 3310 3408 3378 Φίλη
3429 3308 3723 3379 τοιγαροῦν

2127 3409 2260 3479 ἡμῖν
2285 3408 2319 3477 ἡ
2350 3403 2598 3474 ἀλήθεια,
2627 3402 2721 3456 καὶ
2748 3400 2815 3454 τά
2842 3401 2906 3452 ὲκ
2937 3400 3033 3469 τῆς
3060 3397 3315 3470 ἀληθείας
3334 3397 3607 3465 δόγματα,
3629 3395 3723 3448 καὶ

2127 3498 2311 3560 αὐτοῖς
2346 3494 2579 3557 ἐκείνοις
2608 3494 2768 3564 ἡμεῖς
2787 3492 2887 3561 οὐχ
2906 3488 3174 3560 ἑψόμεθα,
3200 3489 3298 3558 τὴν
3327 3488 3381 3541 δὲ
3416 3487 3529 3540 τῶν
3552 3486 3725 3554 ἁγίων

2127 3584 2833 3658 Πατέρωνὶχνηλατοῦντες
2891 3583 3096 3648 πίστιν,
3152 3581 3281 3634 ἴδιον
3334 3578 3475 3633 εἷναί
3541 3597 3725 3651 φαμεν

2126 3678 2222 3733 τοῦ
2251 3677 2381 3731 Υἱοῦ
2412 3678 2505 3730 τὸν
2534 3676 2922 3748 Παράκλητον,
2955 3672 3099 3727 τοῦτ’
3130 3672 3269 3737 ἔστι,
3295 3673 3355 3726 τὸ
3400 3672 3632 3742 Πνεῦμα
3667 3674 3725 3726 τὸ

2130 3773 2304 3842 ἀγιον,
2329 3770 2537 3824 καὶούκ
2568 3768 3048 3840 ἐπεισκρινόμενον
3077 3764 3307 3831 ἔξωθεν.
3342 3764 3465 3819 οὐδὲ
3490 3763 3724 3831 ἐπίκτη-

2127 3879 2219 3917 τον
2248 3864 2307 3916 ὲν
2336 3860 2506 3932 αὐτῷ,
2534 3859 2791 3929 καθάπερ
2816 3858 2964 3913 ἐστὶν
2995 3860 3055 3910 ὲν
3088 3860 3201 3920 τοῖς
3238 3858 3526 3926 ἁγιότητος
3548 3857 3726 3909 δεκτιο

2130 3956 2267 4019 κοῖς,
2301 3948 2382 4017 οἷς
2412 3953 2506 4006 καὶ
2533 3954 2597 4006 ὲκ
2625 3952 2700 4023 μὴ
2728 3951 2899 4005 ὄντων
2954 3951 2988 4019 ἡ
3038 3950 3274 4018 γένεσις,
3297 3947 3411 4002 ἀλλ’
3435 3946 3725 4018 ὁμοούσιον

2130 4046 2304 4119 αὐτῷ,
2324 4045 2578 4117 καθάπερ
2603 4045 2797 4115 ἀμέλει
2834 4043 2930 4098 καὶ
2952 4042 3046 4096 τοῦ
3074 4041 3306 4113 Πατρός,
3329 4040 3487 4093 Οὕτω
3519 4040 3630 4111 γὰρ
3660 4040 3722 4093 ἂν

2129 4141 2232 4194 οὐκ
2263 4142 2344 4203 είς
2370 4137 2631 4192 πολύθεον
2662 4138 2792 4207 ἡμῖν
2826 4135 3158 4207 μυθολογίαν
3189 4137 3220 4203 ἡ
3270 4133 3380 4187 τῶν
3431 4132 3725 4203 ἐκκλησια-

2132 4231 2333 4285 στικῶν
2376 4230 2663 4299 δογμάτων
2703 4228 2983 4298 οἰχήσεται
3018 4226 3269 4298 δύναμις.
3315 4225 3434 4279 ἀλλ’
3490 4227 3576 4288 εἰς
3631 4225 3727 4277 ἕνα

2132 4323 2385 4394 θεότητος
2410 4322 2567 4391 λόγον
2599 4323 2632 4391 ή
2669 4319 2801 4388 ἀγία
2829 4320 2873 4372 Τ
2878 4320 3000 4391 ριὰς
3016 4319 3433 4387 ἀνασερίγγεται.
3472 4318 3564 4370 Ἐν
3602 4333 3729 4370 ταυ-

2132 4413 2210 4485 τῴ
2243 4411 2531 4485 τοιγαροῦν
2557 4412 2652 4465 καὶ
2672 4412 2774 4481 τῆς
2813 4411 2999 4474 οὐσίας
3047 4411 3148 4482 τὴν
3195 4410 3420 4479 ἑνότητα
3464 4409 3726 4478 παραδει-

446 4509 656 4564 quaeso,
690 4493 1002 4564 quomodo?
1040 4491 1332 4563 Operando
1361 4494 1625 4549 nimirum
1674 4495 1727 4548 in
1757 4495 1912 4550 vobis
1977 4506 2020 4550 et

2142 4506 2295 4570 κνῦς,
2324 4504 2518 4559 ἑαυτοῦ
2540 4521 2622 4570 τε,
2647 4504 2814 4575 φημὶ,
2840 4503 2937 4555 καὶ
2964 4502 3064 4574 τῆς
3090 4501 3183 4555 τοῦ
3213 4500 3347 4554 Θεοῦ
3370 4500 3467 4563 καὶ
3488 4500 3725 4571 [Ia-rm,

447 4603 549 4656 per
579 4602 676 4642 vos
704 4586 990 4648 miracula,
1022 4587 1182 4641 testis
1210 4587 1315 4641 erit
1341 4587 1528 4655 justus
1553 4601 1617 4640 ac
1644 4602 1808 4641 verax
1833 4587 2031 4643 divina:

448 4693 583 4733 metr
613 4678 903 4747 potestatis
959 4688 1127 4747 atque
1159 4679 1489 4749 majestatis.
1525 4676 1680 4733 Meus
1723 4680 1869 4733 enim
1904 4678 2031 4751 Spi-

446 4769 590 4825 ritus
617 4779 701 4823 est
740 4771 830 4836 qui
861 4779 1124 4838 operatur
1152 4771 1206 4825 in
1239 4769 1401 4822 vobis
1423 4769 1489 4821 “.
1535 4767 1604 4823 Ut
1632 4775 1814 4824 autem
1849 4785 2029 4835 meus,

448 4862 532 4937 sic
568 4868 621 4916 et
650 4859 746 4914 Dei
797 4875 860 4915 ac
904 4860 1105 4916 Patris.
1165 4860 1340 4915 Simul
1398 4860 1585 4929 itaque
1629 4861 1842 4929 injuria
1889 4862 2028 4917 allici

449 4950 798 5019 cogitandum
837 4958 923 5005 est
966 4967 1063 5006 eos
1102 4950 1199 5021 qui
1239 4964 1324 5019 per
1384 4964 1556 5004 unum
1602 4950 1755 5003 illum
1830 4952 2031 5005 bonum

451 5041 714 5111 Spiritum
760 5043 1026 5097 miracula
1061 5042 1131 5096 ad
1183 5050 1392 5096 certam
1443 5039 1566 5095 ﬁdei
1607 5041 2035 5096 demonstratio-

450 5149 574 5188 nem
608 5133 798 5199 edunt,
852 5146 911 5190 ut
939 5136 994 5189 in
1032 5147 1268 5205 persona
1317 5132 1548 5197 Christi,
1584 5134 1638 5187 in
1671 5150 1784 5204 quo
1819 5135 2034 5191 inhabi-

450 5226 609 5290 tavit,
641 5226 798 5295 juxta
823 5227 1055 5282 Paulum
1093 5224 1138 5256 ”
1163 5265 1179 5289 ,
1207 5239 1315 5278 non
1357 5240 1485 5295 pars
1515 5226 1699 5296 aliqua
1724 5226 2031 5286 divinitatis

452 5310 765 5383 ineﬂ‘abilis,
799 5318 898 5374 sed
935 5319 1114 5374 omnis
1155 5316 1282 5386 ejus
1332 5316 1617 5387 plenitudo
1648 5320 2029 5390 corporaliter.

453 5409 855 5467 Testimonium
923 5417 1103 5465 autem
1160 5410 1486 5479 perhibente
1545 5410 1795 5481 Spiritu,
1865 5414 2034 5469 simul
2084 5446 2089 5449 -

451 5504 613 5558 etiam
657 5502 1032 5559 testimonium
1070 5517 1166 5557 vos
1216 5502 1320 5574 ipsi
1372 5518 1597 5574 quoque
1651 5506 2031 5575 pcrbibebitis,

526 5782 814 5837 “~“Joan.
851 5798 938 5849 xv,
968 5782 1053 5837 Μ.
1131 5781 1176 5814 “
1196 5781 1427 5854 Philipp.
1471 5802 1531 5853 tt,
1568 5789 1650 5842 l5.

2136 4595 2360 4666 Πνεῦμα
2385 4596 2483 4666 τῆς
2510 4595 2767 4666 ἀληθείας
2794 4595 2886 4649 τὸν
2934 4593 3293 4665 Παράκλητον
3342 4588 3482 4646 εἶναι
3528 4592 3726 4660 λέγων,

2138 4688 2289 4756 παρά
2344 4686 2441 4740 τοῦ
2482 4688 2696 4758 Πατρὸς
2754 4685 3151 4757 ὲκπορεύεσθαί
3196 4702 3381 4756 φησιν,
3435 4684 3729 4755 ἀπελέγχει

2137 4781 2325 4851 σαφῶς
2370 4784 2462 4836 καλ⁵
2521 4780 2909 4852 ἀναμφιλόγως
2944 4779 3213 4850 θεομάχον
3272 4778 3584 4849 ὁλοκλήρως
3640 4779 3729 4831 τὸν

2135 4874 2539 4944 Χριστομάχον.
2589 4874 2649 4926 Ὁ
2675 4872 2785 4942 γὰρ
2820 4872 2958 4937 ὅλως
2980 4873 3334 4943 ὲμπαροινεῖν
3361 4869 3624 4942 ἐθελήσας
3653 4869 3728 4939 τῷ

2137 4962 2272 5033 Υίῷ,
2297 4961 2782 5033 πεπλημμεληκὼς
2805 4963 2871 5016 ἂν
2906 4962 3130 5026 εἰκότως
3160 4963 3254 5014 καὶ
3292 4961 3372 5024 είς
3397 4960 3558 5014 αὑτὸν
3590 4961 3728 5012 νοοῖ-

2135 5072 2196 5108 το
2233 5055 2324 5107 τὸν
2345 5054 2405 5121 ἐξ
2429 5050 2600 5127 οὗπερ
2627 5056 2794 5108 ἐστίν.
2823 5055 2993 5108 Ὅταν
3014 5054 3195 5107 τοίνυν
3215 5053 3346 5125 ἔλθῃ
3373 5056 3401 5107 ὁ
3434 5053 3727 5124 Παράκλη·

2135 5165 2245 5210 τος,
2275 5150 2430 5216 φησὶ,
2465 5148 2524 5200 τὺ
2551 5148 2778 5218 Πνεῦμα
2816 5149 2915 5219 τῆς
2954 5146 3236 5220 ἀληθείας,
3293 5146 3440 5201 τοῦτ’
3493 5147 3613 5200 ἔστι
3669 5146 3728 5199 τὸ

2141 5241 2290 5313 ἐμὸν,
2324 5241 2351 5294 ὂ
2377 5239 2526 5311 παρά
2549 5239 2643 5293 τοῦ
2668 5240 2881 5311 Πατρὸς
2906 5240 3290 5312 ἐκπορεύεται,
3341 5240 3547 5301 ἐκεῖνος
3598 5254 3731 5307 μαρ-

2138 5334 2367 5402 τυρήσει
2395 5332 2523 5403 περὶ
2546 5330 2705 5402 ἐμοῦ.
2738 5332 3100 5403 Μαρτυρήσει
3122 5331 3179 5384 δὲ
3199 5330 3315 5393 πῶς
3343 5347 3358 5395 ;
3394 5329 3727 5401 Ἐνεργῆσαν

2141 5424 2250 5493 γὰρ
2269 5426 2327 5475 ὲν
2350 5424 2478 5492 ὑμῖν
2499 5440 2560 5476 τε
2601 5423 2697 5476 καὶ
2725 5422 2793 5476 δι’
2839 5423 2994 5493 ὑμῶν
3038 5422 3105 5476 τά
3155 5422 3457 5495 παράδοξα,
3520 5421 3728 5492 μάρτυς

2142 5511 2327 5567 ἔσεται
2351 5512 2562 5580 δίκαιός
2591 5530 2650 5567 τε
2685 5513 2781 5568 καὶ
2812 5512 3022 5586 ἀληθὴς
3054 5513 3156 5584 τῆς
3205 5514 3345 5584 ὲμῆς
3385 5510 3727 5583 θεοπρεποῦς

1728 5789 2004 5843 "(301055.
2044 5802 2103 5852 ιι,
2140 5788 2191 5843 9.
