3938 6444
264 346 307 401 4
321 346 384 402 21
1383 343 1449 397 ΙΝ
1478 342 1769 400 JOANNIS
1807 343 1868 397 E‘

1971 340 2260 397 lEGELIUM
2301 341 2426 397 LIB.
2452 341 2494 395 Χ
2508 384 2521 396 .
2899 358 2922 379 ο
3440 350 3545 408 429

259 458 545 524 ἔξουσίας,
580 459 679 513 καὶ
712 459 814 529 τῆς
848 459 905 514 ὲν
932 458 1163 527 δυνάμει
1205 457 1642 529 μεγαλειότητος.
1706 457 1867 527 Ἐμὸν

1972 458 2172 528 inquit.
2206 456 2559 526 Spectatores
2593 455 2739 510 enim
2770 456 2876 526 ipsi
2906 456 3086 514 fuistis
3114 457 3422 530 signorum,
3456 463 3552 533 qui

260 551 377 620 γὰρ
418 549 667 621 Πνεῦμα,
694 552 757 604 τὸ
786 547 1041 622 ἐνεργοῦν
1079 550 1137 602 ὲν
1175 549 1327 618 ὑμῖν.
1370 549 1581 620 Ὥσπερ
1609 548 1666 601 δὲ
1699 548 1854 618 ἐμὸν,

1971 563 2179 602 mecum
2202 563 2423 618 semper
2458 547 2659 613 fuistis,
2688 553 2873 616 utpote
2903 548 3187 616 discipuli.
3296 575 3307 585 ο

259 640 413 696 οὕτω
460 644 557 697 καὶ
587 643 683 697 τοῦ
719 642 853 696 Θεοῦ
897 642 993 695 καὶ
1025 640 1261 713 Πατρός.
1292 639 1768 712 Συγκαθυϐρίσθαι
1797 639 2088 709 τοιγαροῦν
2137 641 2348 710 ἀνάγκη
2384 643 2524 694 νοεῖν
2560 641 2686 704 τοὺς
2729 639 2795 693 δι’
2833 639 2955 705 ἑνὸς
2999 641 3093 695 τοῦ
3131 641 3334 711 ἀγαθοῦ
3377 642 3549 695 Πνεῦ-

267 750 447 804 ματος
475 734 548 788 τά
582 735 867 806 παράδοξα
895 733 1034 805 πρὸς
1055 732 1432 804 πληροφορίαν
1481 731 1581 802 τῆς
1632 730 1869 793 πίστεως
1899 729 2323 800 ἐνεργήσαντας,
2362 731 2437 793 ὼς
2477 731 2536 781 ὲν
2593 731 2871 800 προσώπῳ
2903 728 3163 800 Χριστοῦ,
3208 732 3265 783 ὲν
3304 724 3349 798 ᾧ
3409 748 3543 784 κατ-

260 828 454 899 ῴκησε
521 830 667 882 κατὰ
736 829 829 882 τὸν
886 827 1136 891 Παῦλον,
1194 826 1317 896 οὐχὶ
1374 826 1541 897 μέρος
1609 842 1660 878 τι
1727 823 1828 891 τῆς
1866 822 2150 892 ἀφράστου
2218 822 2492 893 θεότητος,
2559 822 2675 874 ἀλλ’
2722 822 2843 875 ὅλον
2874 822 2935 873 τὸ
2975 821 3253 892 πλήρωμα
3311 832 3573 894 σωματι-’

263 926 401 987 κῶς.
426 922 857 995 -Μαρτυροῦντος
888 923 944 976 δὲ
965 920 1062 976 τοῦ
1106 920 1443 991 Πνεύματος,
1501 915 2103 989 συνεπιμαρτυρήσετε,
2162 919 2321 989 φησὶ,
2387 919 2481 972 καὶ
2512 919 2669 988 ὑμεῖς
2724 917 2896 971 αὐτοί.
2941 918 3207 986 Γεγόνατε
3265 920 3375 991 γὰρ
3418 922 3552 975 αὖτε

260 1015 433 1067 όπται
461 1014 558 1066 καὶ
596 1013 793 1083 θεωροὶ
828 1011 935 1064 τῶν
962 1009 1112 1081 παρά
1128 1012 1241 1072 τοῖς
1268 1008 1854 1078 ίδίοιςτετελεσμένων,
1896 1005 1983 1058 ἀεὶ
2014 1009 2286 1073 συνόντες,
2316 1011 2392 1071 ὡς
2425 1008 2667 1079 μαθηταί
2698 1008 2797 1079 (ἰ).

346 1104 549 1158 Ταῦτα
598 1102 918 1171 λελάληκα
994 1100 1158 1170 ὑμῖν,
1208 1102 1310 1155 ἵνα
1382 1100 1469 1171 μὴ
1536 1099 1866 1155 σκανδαλι-

2036 1100 2154 1155 ΧἯ
2176 1140 2192 1167 ,
2236 1103 2287 1156 1.
2331 1100 2463 1156 Ηωσ
2494 1102 2699 1155 locutus
2730 1117 2847 1154 sum
2875 1100 3018 1154 vobis
3042 1141 3056 1165 ,
3088 1111 3146 1153 ut
3177 1119 3280 1155 non
3319 1105 3551 1159 scanda-

267 1195 488 1263 σθῆτε.

1971 1193 2226 1248 lizemini.
3376 1178 3387 1191 ’

337 1288 457 1358 Τὴν
486 1287 598 1340 τῶν
631 1285 906 1341 Ἰουδαίων
936 1285 1200 1358 ἀπόνοιαν
1247 1286 1557 1355 φανοτάτην
1600 1286 1714 1349 τοῖς
1748 1285 1868 1337 ἐαυ-

2039 1283 2176 1340 Cum
2198 1282 2515 1339 Iudaeorum
2558 1283 2801 1338 furorem
2831 1284 3088 1340 Christus
3110 1284 3225 1339 suis
3260 1284 3553 1356 discipulis

263 1375 364 1430 τοῦ
415 1376 691 1447 μαθηταῖς
712 1374 974 1437 καθιστὰς
990 1375 1018 1428 ό
1038 1374 1246 1444 Σωτὴρ,
1276 1374 1418 1444 τάχα
1440 1375 1533 1428 καὶ
1553 1375 1868 1442 ἐπενεγκεῖν

1971 1384 2293 1448 exponeret,
2320 1377 2599 1447 subjicere
2629 1377 2865 1431 debebat
2892 1375 3144 1431 infelices
3178 1377 3303 1431 illos
3336 1378 3401 1431 ad
3433 1386 3554 1431 tau-

265 1470 383 1531 τοῖς
406 1469 540 1538 περὶ
565 1467 771 1521 τούτων
796 1466 989 1537 ἔμελλε
1020 1466 1219 1535 λόγοις,
1260 1467 1342 1520 ὅτι
1372 1465 1436 1535 δὴ
1493 1465 1631 1536 πρὸς
1671 1465 1867 1518 τοσαύ-

1971 1476 2081 1523 tam
2132 1468 2496 1539 pervicaciam
2536 1467 2702 1538 912
2732 1474 3018 1534 venturos,
3065 1476 3230 1537 atque
3268 1468 3341 1521 ita
3390 1483 3555 1523 aures

266 1577 368 1628 την
399 1558 597 1628 ἥξουσι
627 1557 925 1627 δυσηκοῖαν
965 1558 1016 1612 οἱ
1069 1558 1319 1621 τάλανες,
1377 1555 1753 1627 ἀποφράξουσι
1807 1556 1863 1609 δὲ

1971 1562 2354 1618 obstructuros
2385 1569 2708 1629 tantumque
2734 1559 2846 1614 odii
2871 1568 3237 1628 concepturos
3265 1560 3318 1612 in
3359 1561 3551 1624 Deum,

267 1647 415 1700 οὕτω
444 1647 546 1717 τὴν
573 1646 766 1717 ἀκοὴν,
792 1646 889 1699 καὶ
928 1646 1006 1709 είς
1032 1645 1190 1699 τοῦτο
1228 1644 1535 1714 βαδιοῦνται
1584 1644 1865 1716 μισοθεῖας

1971 1659 2022 1706 et
2058 1651 2304 1706 veritatis
2335 1650 2640 1705 doctrinam
2674 1659 2782 1702 tam
2807 1648 3208 1704 contumeliose
3231 1649 3548 1712 habituros.

266 1738 589 1801 οίδείλαιοι,
620 1737 1017 1810 καθυϐρίσουσι
1048 1737 1104 1791 δὲ
1133 1737 1276 1790 οὕτω
1296 1737 1422 1799 τοὺς
1437 1735 1578 1807 ὑπὲρ
1606 1737 1706 1807 τῆς
1727 1737 1863 1807 ἀλη-

266 1829 424 1892 θείας
457 1828 672 1897 λόγους,
699 1829 774 1891 ὡς
812 1827 972 1901 εἴπερ
1011 1829 1106 1881 καὶ
1148 1827 1241 1881 δύο
1276 1827 1517 1896 γένοιντο
1561 1828 1721 1897 τυχὸν
1766 1828 1866 1897 τῆς

264 1918 442 1973 αὑτοῦ
468 1918 630 1989 δόξης
658 1922 705 1973 οἱ
743 1920 1042 1991 μάρτυρες,
1090 1919 1224 1991 μηδὲ
1277 1918 1420 1973 οὕτω
1458 1919 1869 1990 παραδέξασθαι

267 2009 453 2063 θέλειν
482 2010 677 2077 αὐτὴν,
718 2011 896 2063 καίτοι
943 2009 1244 2083 διαρρήδην
1288 2008 1726 2078 ἀνακεκραγότος
1778 2007 1867 2061 τοῦ

265 2102 461 2171 νόμου,
482 2100 836 2155 πιστεύεσθαι
860 2102 991 2165 δεῖν,
1012 2102 1104 2154 καὶ
1116 2099 1504 2162 ἀνενδοιάστως
1525 2095 1665 2153 εἶναι
1690 2117 1869 2171 παρα--

266 2192 463 2245 δεκτὸν
519 2192 631 2244 πᾶν
674 2191 813 2261 ὅπερ
841 2190 908 2244 ἂν
935 2189 1026 2243 διὰ
1045 2190 1145 2261 τῆς
1173 2187 1264 2267 δυο
1293 2187 1456 2258 τυχὸν
1501 2187 1535 2258 ἧ
1560 2186 1724 2258 τριῶν
1750 2189 1869 2240 ἐπιο

271 2286 611 2354 μαρτυροῖτο
635 2283 841 2353 φωνῆς.
890 2282 1052 2337 Ἀλλά
1071 2280 1232 2335 τοῦτο
1273 2281 1370 2351 μὲν
1403 2278 1464 2332 οὗ
1494 2297 1648 2350 φησι,
1677 2278 1870 2350 χρησί-

271 2392 395 2441 μως
421 2377 505 2438 είς
537 2374 598 2427 τὸ
626 2374 819 2446 παρόν.
853 2374 965 2427 Καὶ
988 2373 1095 2445 γάρ
1128 2373 1194 2426 ἂν
1219 2370 1281 2424 οὐ
1311 2369 1542 2442 μετρίαν
1562 2370 1747 2432 αὐτοῖς
1780 2371 1864 2423 ὲν-

269 2468 505 2537 εποίησε
534 2467 636 2536 τὴν
666 2466 919 2537 ἀκηδίαν,
958 2468 1053 2520 καὶ
1075 2466 1374 2530 διακλάσας
1410 2465 1600 2537 ὥσπερ
1630 2466 1708 2528 εἰς
1728 2462 1862 2518 ἀπό-

267 2579 479 2631 γνωσιν
508 2564 636 2626 τοὺς
666 2562 937 2631 μαθητὰς,
960 2563 1119 2616 δκνου
1151 2563 1247 2616 καὶ
1282 2561 1486 2626 δειλίας
1520 2560 1867 2631 ἀπαραπόδι-

271 2670 400 2708 στον
437 2656 496 2707 ὲν
524 2653 710 2717 αὐτοῖς
733 2654 901 2707 ἐτίθει
921 2654 1020 2724 τὴν
1057 2654 1310 2725 πάροδον.
1334 2654 1500 2718 Εἰκὸς
1551 2655 1659 2727 γὰρ
1696 2653 1868 2725 δήπου

270 2743 398 2797 καθ’
453 2743 683 2807 ἑαυτοὺς
748 2746 971 2808 ἐννοεῖν,
1018 2744 1094 2808 ὡς
1145 2745 1194 2798 εί
1241 2746 1431 2816 μηδενὶ
1485 2745 1868 2817 πεισθήσονται

274 2834 560 2899 παντελῶς
584 2833 694 2887 τῶν
712 2834 989 2889 Ἰουδαίων
1021 2836 1071 2888 οἱ
1115 2835 1302 2906 δῆμοι,
1359 2835 1494 2890 ἀλλά
1556 2837 1653 2890 καὶ
1706 2836 1868 2890 αὑτὸν

272 2927 580 2997 ἡγήσονται
620 2928 750 2996 παρ’
781 2927 935 2980 οὐδὲν
982 2926 1074 2979 τὸν
1124 2926 1507 3000 Παράκλητον,
1536 2929 1713 2982 καίτοι
1754 2929 1868 2991 τοῖς

275 3019 420 3088 ὑπὲρ
437 3018 600 3086 λόγον
628 3021 1116 3094 τερατουργήμασι
1138 3021 1611 3093 καταπλήττοντα,
1641 3021 1793 3074 οὐδὲν
1811 3021 1866 3074 δὲ

1969 1750 2028 1796 ut
2056 1741 2307 1812 quamvis
2347 1742 2453 1794 duo
2487 1745 2676 1795 essent
2714 1738 2888 1809 ipsius
2927 1739 3112 1808 gloria:
3144 1746 3333 1802 testes,
3375 1755 3444 1793 ne
3471 1739 3553 1793 sic

1969 1832 2190 1903 quidem
2217 1831 2392 1903 ipsam
2420 1830 2710 1900 suscipere
2734 1830 2926 1894 velint,
2961 1844 3086 1883 cum
3117 1838 3308 1899 aperte
3346 1829 3431 1883 lex
3462 1829 3549 1884 di-

1970 1937 2060 1983 cat
2093 1926 2245 1982 credi
2285 1932 2340 1981 et
2372 1924 2685 1981 indubitate
2724 1923 2934 1994 suscipi
2977 1923 3177 1978 debere
3225 1924 3372 1993 quod
3416 1924 3557 1978 duo-

1971 2035 2093 2074 run:
2131 2027 2226 2073 aut
2265 2018 2431 2073 trium
2465 2018 2690 2072 testium
2741 2031 2841 2071 ore
2896 2014 3317 2083 comprobatqu
3371 2016 3446 2069 sit
3487 2016 3555 2068 “.

1973 2111 2174 2166 Verum
2205 2110 2338 2165 illud
2356 2109 2579 2180 quidem
2615 2109 2671 2162 in
2698 2123 2940 2179 praesens
2966 2107 3172 2162 utiliter
3201 2109 3412 2163 reticet.
3444 2105 3557 2163 Nec

1969 2203 2118 2259 enim
2156 2202 2489 2257 mediocrem
2527 2199 2609 2255 eis
2660 2198 2991 2253 anxietatem
3032 2197 3331 2262 intulisset,
3363 2212 3426 2251 ac
3460 2196 3558 2253 de—

1969 2295 2284 2366 speratione
2311 2292 2505 2348 fractis
2536 2287 2947 2361 quodammodo
2985 2287 3387 2357 discipulorum
3436 2285 3557 2340 ani-

1968 2389 2076 2444 mis
2104 2386 2382 2443 formidini
2414 2400 2479 2439 ac
2519 2382 2732 2438 inertiae
2766 2381 3015 2451 pervium
3055 2379 3266 2434 aditum
3313 2378 3557 2434 fecisset.

1968 2479 2262 2535 Probabile
2306 2476 2456 2533 enim
2507 2482 2628 2530 erat
2661 2488 2757 2528 eos
2792 2471 2934 2543 apud
2966 2486 3025 2526 se
3063 2469 3117 2524 id
3151 2471 3396 2540 cogitare
3435 2489 3446 2524 :
3501 2468 3559 2523 Si

1968 2571 2105 2626 nulli
2143 2570 2358 2640 penitus
2389 2566 2823 2637 obtemperaturi
2845 2571 2975 2621 sunt
2997 2560 3313 2618 Iudaeorum
3346 2561 3557 2632 populi,

1971 2666 2066 2721 sed
2088 2671 2142 2720 et
2176 2665 2354 2734 ipsum
2388 2675 2486 2740 pro
2514 2660 2688 2714 nihilo
2725 2657 3070 2711 Paracletum
3124 2654 3371 2709 habituri
3405 2663 3558 2719 sunt,

1969 2755 2224 2828 quamvis
2254 2752 2601 2808 mirabilibus
2631 2750 2805 2820 signis
2833 2748 3102 2802 attonitos
3147 2745 3334 2824 faciat,
3372 2761 3436 2800 ac
3467 2746 3558 2799 ni-

1971 2847 2272 2904 hilominus
2302 2844 2585 2900 Christum
2612 2843 2799 2897 odisse
2825 2837 3336 2910 deprehendantur,
3359 2845 3557 2893 etcum

1978 2942 2103 3011 ipso
2155 2935 2557 3013 Patrem,quid
2585 2933 2788 2988 frustra
2838 2931 3083 2987 laborem
3140 2929 3561 3000 impendimus?

1969 3026 2164 3097 quidni
2191 3027 2296 3079 hac
2333 3023 2587 3079 molestia
2630 3021 2851 3077 liberari
2898 3035 3001 3075 nos
3069 3019 3347 3083 convenit,
3389 3019 3561 3075 silen-

273 3107 441 3183 ἦττον
475 3108 782 3165 ἁλώσονται
819 3111 916 3164 καὶ
942 3110 1079 3182 μετά
1109 3110 1269 3163 τοῦτο
1295 3109 1582 3182 μισοῦντες
1607 3112 1866 3183 Χριστὸν,

1971 3119 2108 3172 tium
2158 3115 2352 3171 inutile
2406 3128 2536 3184 erga
2589 3111 2913 3182 praefractos
2964 3109 3217 3164 homines
3290 3110 3561 3163 doctrinae

275 3200 367 3252 xui
381 3198 484 3252 σὺν
500 3196 650 3269 αὑτῷ
664 3198 755 3252 τὸν
772 3199 1011 3270 Πατέρα,
1033 3199 1087 3251 τί
1108 3200 1203 3253 καὶ
1223 3199 1383 3255 πόνον
1399 3199 1603 3270 ἀνατλῆ
1612 3217 1700 3253 σαι
1749 3200 1872 3271 δεή-

276 3307 361 3343 σει
386 3290 579 3356 κενόν;
614 3290 668 3343 τί
710 3290 785 3362 μὴ
816 3290 911 3344 καὶ
940 3293 1282 3362 πραγμάτων
1308 3291 1747 3346 ἀπαλλάττεσθαι
1769 3293 1867 3358 δεῖ,

274 3382 375 3453 τὴν
404 3385 488 3446 είς
502 3382 773 3454 ἀνηκόους
804 3383 1036 3455 σιωπὴν,
1055 3383 1150 3437 τοῦ
1184 3384 1459 3439 διδάσκειν
1492 3387 1870 3456 προτιμήσαν-

272 3491 410 3541 τα;;
444 3474 633 3531 Ταῦτά
653 3492 757 3537 τοι,
792 3474 1010 3529 κατὰτὸ
1031 3476 1200 3541 εἰκὸς,
1228 3476 1329 3531 οὐκ
1372 3479 1647 3550 ἀγνοήσας
1672 3478 1871 3548 λογιεῖ-

278 3567 406 3622 σθαι
457 3568 588 3631 τοὺς
638 3567 911 3639 μαθητὰς,
942 3568 1281 3640 περιστέλλει
1322 3569 1425 3640 μὲν
1482 3572 1749 3641 ἐντέχνως
1801 3571 1871 3626 τά

277 3659 493 3729 ὅσαπερ
516 3653 587 3729 ἦν
638 3657 1017 3729 μοχθηρότερα
1058 3657 1195 3729 πρὸς
1224 3658 1506 3730 ὲξήγησιν⁶
1537 3663 1631 3715 καὶ
1662 3662 1866 3718 δειλίαν

278 3751 373 3804 καὶ
411 3750 573 3805 ὄκνου
604 3749 698 3803 τοῦ
726 3749 864 3821 πρὸς
890 3748 951 3802 τὺ
979 3749 1177 3820 χρῆναι
1198 3750 1471 3805 διδάσκειν
1495 3751 1832 3823 ἐμποιητικά
1854 3771 1867 3784 ’

281 3842 630 3915 παρατρέπει
658 3841 716 3896 δὲ
741 3840 1028 3912 χρησίμως
1056 3839 1151 3894 τοῦ
1186 3841 1348 3911 λόγου
1377 3841 1475 3914 τὴν
1519 3843 1750 3914 δύναμιν
1776 3847 1872 3901 ἐπὶ

278 3934 339 3987 τὸ
372 3930 900 4004 προευτρεπίζεσθαι
938 3931 1067 3995 δεῖν,
1106 3932 1202 3988 καὶ
1233 3934 1672 4005 προεσκευάσθαι
1695 3953 1870 3990 νεανι-

280 4025 393 4089 κῶς
420 4026 561 4097 πρὸς
585 4024 655 4078 τὰ
676 4025 734 4092 ἐξ
754 4025 977 4079 ἐκείνων
1002 4025 1260 4096 ἐσόμενα,
1276 4026 1395 4098 ἦτοι
1422 4028 1867 4100 προσδοκώμενα.

279 4123 354 4175 Τὸ
385 4122 497 4191 γὰρ
528 4103 817 4191 αἰφνιδίως
834 4120 927 4173 καὶ
951 4118 1229 4189 ἀδοκήτως
1270 4119 1409 4172 τισὶν
1442 4120 1717 4189 ἐπελθεῖν,
1750 4124 1870 4176 ἱκα-

280 4213 368 4266 νὸν
390 4210 629 4283 ταράξαι
665 4211 759 4263 καὶ
801 4210 901 4281 τὴν
941 4209 1063 4264 λίαν
1106 4208 1337 4280 ἔχουσαν
1393 4210 1623 4283 ἑδραίως
1667 4213 1867 4286 ψυχήν·

279 4308 340 4360 τὸ
365 4305 425 4358 δὲ
465 4305 542 4368 ὡς
573 4305 694 4375 ἥξοι
734 4305 829 4357 καὶ
863 4301 1019 4357 ἔσται
1062 4303 1532 4374 προῦποπτευθὲν,
1590 4305 1872 4378 λειοτέραν

279 4400 395 4469 ἔχει
419 4397 523 4468 τὴν
566 4394 813 4467 πρόοδον,
859 4394 959 4448 καὶ
1002 4393 1064 4447 τὸ
1101 4393 1267 4465 ἄχθος
1304 4395 1757 4468 εὐφορητότερον,
1797 4399 1874 4462 ὡς

1974 3204 2517 3281 praeferentes?ﬂaec
2557 3203 2703 3274 apud
2759 3218 2820 3258 se
2865 3200 3207 3272 cogitaturos
3255 3200 3560 3270 discipulos

1973 3316 2098 3356 cum
2144 3313 2255 3354 non
2301 3298 2605 3370 ignoraret,
2666 3293 2966 3350 artificiose
3013 3293 3232 3363 quidem
3281 3294 3567 3348 contrahit

1971 3407 2312 3464 quaecunque
2353 3378 2631 3461 explicatu
2690 3388 2878 3460 gravia
2934 3386 3282 3450 videbantur,
3330 3402 3561 3455 qumque

1971 3483 2320 3539 timiditatem
2359 3489 2413 3537 et
2444 3478 2718 3550 ignaviam
2768 3477 3130 3532 conciliatura
3160 3495 3176 3543 ;
3213 3476 3321 3530 vim
3367 3484 3553 3531 autem

1971 3585 2026 3634 et
2060 3577 2328 3632 rationem
2366 3572 2639 3631 sermonis
2690 3571 2903 3627 utiliter
2938 3571 3214 3626 convertit
3249 3570 3317 3625 ad
3351 3585 3559 3640 praepa-

1974 3669 2178 3726 randos
2217 3678 2272 3724 et
2306 3665 2640 3722 muniendos
2692 3664 2964 3719 adversus
3018 3662 3344 3733 ingruentes
3396 3676 3560 3716 casus

1971 3763 2209 3818 animos.
2242 3758 2374 3814 Nam
2400 3757 2551 3829 quod
2578 3764 2805 3826 repente
2834 3762 2888 3810 et
2908 3764 3103 3825 praeter
3133 3769 3286 3823 spem
3320 3753 3560 3823 ingruit,

1971 3855 2136 3910 etiam
2171 3857 2516 3908 constantem
2566 3849 2811 3902 animum
2861 3845 3088 3900 turbare
3117 3853 3335 3914 potest;
3374 3843 3560 3913 provi—

1973 3959 2095 4001 sum
2123 3958 2255 3998 vere
2289 3950 2344 3996 et
2388 3947 2539 3995 certa
2576 3953 2674 4009 spe
2715 3945 3097 4007 exspectatum
3126 3935 3160 3997 ,’
3180 3935 3357 3990 levius
3412 3933 3560 3988 ferit.

1972 4035 2245 4090 Existimo
2281 4046 2413 4087 vero
2448 4029 2731 4085 Christum
2768 4026 3022 4099 nonnihil
3049 4024 3365 4081 istiusmodi
3395 4024 3567 4094 signi-

1973 4128 2142 4182 ﬁcare
2167 4125 2328 4181 velle.
2361 4122 2419 4178 Si
2453 4121 2600 4176 enim
2644 4133 2766 4189 ego,
2788 4117 3010 4187 .inquit,
3061 4124 3214 4171 tanta
3249 4116 3363 4185 jam
3407 4115 3564 4171 vobis

1972 4222 2129 4291 signa
2162 4216 2334 4281 edidi,
2375 4215 2542 4284 idque
2567 4211 2726 4267 vobis
2759 4210 3011 4275 testibus,
3052 4216 3106 4264 ct
3146 4207 3468 4263 Paraclctus
3506 4210 3562 4263 in

1972 4312 2129 4368 vobis
2160 4308 2365 4365 similia
2399 4318 2621 4377 quoque
2670 4303 2925 4357 editurus
2967 4308 3085 4365 est,
3131 4314 3310 4369 neque
3349 4298 3565 4354 Judaici

1973 4405 2180 4462 furoris
2221 4402 2467 4459 cessabit
2521 4397 2790 4459 audacia,
2833 4394 2928 4450 sed
2975 4394 3138 4449 iidem
3186 4394 3448 4458 omnino,
3498 4408 3564 4448 ac

282 4489 736 4562 προεγνωσμένον
755 4487 856 4559 ἤδη
880 4487 977 4541 καὶ
1003 4488 1475 4558 προτετριμμένον
1499 4491 1618 4552 ταῖς
1636 4489 1730 4543 τοῦ
1764 4507 1867 4544 πα-

1974 4496 2283 4553 deteriores
2315 4499 2447 4549 sunt
2481 4489 2676 4553 futuri,
2712 4487 2887 4541 nolite
2918 4485 3319 4559 scandalizari,
3351 4484 3557 4555 inquit,

278 4579 393 4633 θεῖν
410 4578 802 4641 ἀνενδοιάστως
833 4576 1067 4631 ἐλπίσιν.
1116 4573 1285 4648 Οἶμαι
1313 4578 1370 4631 δέ
1398 4596 1450 4632 τι
1488 4581 1581 4633 καὶ
1627 4581 1868 4657 τοιοῦτον

1980 4602 2107 4641 cum
2135 4584 2193 4640 id
2245 4576 2406 4638 vobis
2453 4578 2756 4649 contingit,
2807 4575 2901 4631 sed
2952 4590 3201 4630 meorum
3247 4590 3564 4631 sermonum

280 4670 636 4741 ὑποσημῆναι
669 4668 957 4740 βούλεσθαι
978 4668 1069 4722 τὸν
1096 4669 1352 4741 Χριστόν.
1372 4668 1437 4723 Et
1464 4671 1572 4743 γὰρ
1601 4674 1732 4741 ἐγὼ,
1771 4691 1868 4745 φη-

1977 4678 2169 4747 utique
2192 4680 2550 4729 mementote.
2592 4688 2612 4722 ι
2655 4667 2774 4722 Non
2811 4667 2958 4721 enim
3006 4675 3089 4721 est
3125 4666 3432 4738 discipulus
3473 4683 3566 4721 su-

281 4765 353 4831 o‘t,
387 4761 631 4817 τοσαῦτα
677 4761 776 4832 μὲν
808 4760 910 4832 ἤδη
961 4758 1518 4833 τεθαυματούργηκα,
1570 4765 1664 4818 καὶ
1712 4766 1868 4819 τοῦτο

1975 4784 2077 4840 per
2128 4766 2499 4838 magistrum,
2571 4775 2750 4831 neque
2794 4772 2992 4813 servus
3053 4773 3220 4828 super
3275 4757 3560 4814 dominum

279 4858 369 4912 ἐπὶ
390 4856 668 4927 μάρτυσιν
692 4853 821 4923 ὑμῖν
852 4868 867 4882 ο
893 4852 1374 4924 θαυματουργήσει
1402 4854 1459 4908 δὲ
1489 4855 1580 4909 καὶ
1613 4858 1698 4927 ἐφ’
1716 4858 1869 4929 ὑμῶν
1976 4876 2137 4919 suum
2163 4860 2232 4913 ιτ,
2274 4877 2293 4910 ι

279 4953 309 5005 ό
339 4948 727 5021 Παράκλητος,
751 4944 975 5015 καὶτῆς
1016 4944 1285 4998 Ἰουδαίων
1332 4946 1591 5011 ἀπονοίας
1622 4949 1724 5004 οὐκ
1754 4952 2006 5028 ἀτονήσει
2033 4953 2095 5006 τὸ
2133 4951 2358 5024 θράσος,
2421 4947 2537 5002 ἀλλ’
2589 4944 2804 5000 ἔσονται
2829 4941 2993 4998 πάλιν
3056 4942 3115 4995 ὲν
3155 4940 3389 5006 τούτοις,
3465 4941 3561 4997 καὶ

282 5044 339 5111 ὲν
370 5042 487 5103 τοῖς
508 5039 590 5093 ἔτι
636 5038 864 5110 χείροσι.
919 5036 995 5106 μὴ
1036 5035 1483 5107 σκανδαλισθῆτε,
1523 5039 1711 5110 φησὶν,
1747 5042 1877 5100 ὅταν
1907 5044 2008 5099 καὶ
2036 5044 2194 5099 αὐτοὶ
2234 5040 2394 5096 τοῦτο
2443 5038 2708 5102 παθόντες
2760 5033 3115 5107 εὖρίσκησθε,
3187 5033 3561 5106 διαμέμνησθε

362 5224 414 5256 ⁹⁶
438 5222 600 5280 Deut.
652 5238 788 5286 xm,
827 5223 879 5275 6.
974 5224 1016 5255 ⁸⁷
1042 5221 1232 5278 Matth.
1261 5240 1317 5285 ι,
1347 5224 1440 5280 24.

342 5382 425 5454 (1)
467 5380 555 5437 Me
593 5375 869 5454 monitore
912 5393 1264 5454 nequaq_uar_n
1311 5379 1587 5454 indigebit
1625 5380 1875 5451 quicun-
1928 5427 1939 5436 .
1973 5390 2083 5435 tam
2117 5377 2619 5454 scr_ipturam_male
2655 5375 3019 5454 intellectam;
3047 5370 3385 5454 adeoque‘in
3416 5370 3559 5427 hanc

275 5444 382 5532 que
406 5444 637 5532 ’θεωρία
674 5450 871 5532 legerit,
900 5444 1069 5532 verba
1117 5444 1514 5532 S._Cy_l'_illi"ad
1562 5444 1723 5505 Joan.
1777 5468 1871 5516 xv,
1972 5444 2483 5532 sententiamdverti
2516 5447 2758 5530 debere:
2803 5444 3189 5532 Testimonium
3217 5448 3560 5532 αιιιεντιηρξτ-

272 5509 342 5580 ἑο
362 5562 380 5587 ,
411 5522 504 5579 27.
551 5509 982 5593 Μαρτῦροῦντος
1128 5518 1223 5573 τοῦ
1257 5509 1621 5593 ’ῌνεύματοᾳ
1647 5509 1868 5593 συνεπιέ

1971 5520 2177 5593 hiberna
2219 5509 2466 5593 Spiritu,
2496 5533 2585 5572 vos
2606 5516 2710 5585 ipsi
2735 5529 2981 5593 guoque,
3010 5512 3219 5593 inquit,
3261 5509 3558 5578 perltibebi-

277 5585 690 5665 μαρτυρήσετε,
721 5585 1007 5665 gustandi.
1033 5590 1195 5660 ὑμεῖς
1217 5585 1723 5665 ,αὑτοίί-ζεγόνατε
1757 5592 1868 5665 γὰρ

1973 5590 2063 5645 tis.
2099 5585 2328 5665 Oculo“:
2350 5589 2490 5665 enim
2532 5596 2689 5642 testes
2724 5585 2905 5653 fuistis
2932 5592 2980 5634 et
3017 5589 3341 5663 spectatores
3371 5595 3556 5634 eorum

274 5656 546 5719 αὐτόπται
585 5663 682 5715 καὶ
715 5656 910 5731 θεωροὶ
940 5658 1049 5731 τῶν
1072 5656 1248 5731 ’παρὰλ
1280 5660 1396 5731 τοῖς
1444 5656 1595 5724 ίδίοίς
1655 5656 1868 5714 mm.

1971 5677 2086 5730 qua:
2114 5658 2261 5727 apud
2291 5656 2764 5731 Judwoshperacta
2796 5662 2918 5731 suam
2940 5692 2954 5713 ,
2986 5656 3077 5721 qui
3121 5664 3558 5731 mecumﬂsemper

278 5736 514 5803 σμένων,
568 5732 657 5785 ἀεὶ
696 5718 991 5803 metu“
1018 5730 1092 5803 ὡς
1136 5718 1414 5803 μαθηταί,
1465 5735 1522 5782 ut
1569 5718 1859 5803 intelligat,

1971 5718 2200 5803 fuistis,
2243 5718 2756 5803 utpoteudiscipuli.
2835 5718 3186 5779 ϐοτεί.ειιιυε
3227 5758 3243 5785 ,
3306 5718 3552 5774 Monum.

279 5795 430 5867 ἰδίοις
466 5802 672 5857 factum
718 5817 842 5858 esse
876 5795 1251 5864 εΧΊουδαίὸις,
1284 5795 1525 5869 propter
1569 5795 1860 5856 abbrevia-
1970 5795 2124 5855 Eccl.
2157 5799 2256 5854 Gr.
2296 5795 2372 5864 ll,
2424 5795 2551 5853 520.
