1906 3037
245 172 271 200 i-l
730 171 772 200 'S.
780 171 931 200 'CYBILLI
949 172 1184 201 ALEXANDRINI
1199 171 1361 201 ARCHIEP.

1834 176 1872 202 Η

246 240 354 262 naturas
364 236 524 261 convertere
536 239 568 260 ac
581 232 729 261 traducere
741 241 748 259 :
759 234 832 268 quod
843 234 953 269 quidem
964 242 1028 270 pro-

1087 236 1145 262 ἴδιον
1159 236 1205 262 τοῦ
1221 236 1292 262 κατὰ
1307 235 1388 271 φύσιν
1401 235 1480 262 Θεοῦ.
1504 234 1590 262 Τοῦτο
1609 231 1655 261 οὖν
1675 233 1800 268 βούλεται
1816 234 1873 261 διῖ-

241 278 331 313 prium
355 281 399 306 est
413 277 562 306 secundum
575 281 702 304 naturam
725 276 783 305 Dei.
805 277 862 305 Hoc
876 278 962 313 igitur
974 278 1029 305 vult

241 323 394 355 ostendere,
417 330 479 350 cum
506 322 592 349 dicit:
611 330 620 347 ι
639 321 804 350 Potestatem
822 323 911 351 habeo
926 331 1030 358 ponere

242 369 372 401 animam,
396 374 423 396 et
447 371 610 404 potestatem
629 367 717 394 habeo
734 368 863 403 accipere
877 376 949 401 eam,
970 379 979 394 ι
1001 377 1030 397 se

242 422 295 441 non
318 415 426 448 jussum
449 414 528 449 661
553 417 583 440 ut
606 421 716 441 servum
730 417 777 440 aut
793 413 960 445 ministrum.
982 413 1029 441 sed

241 467 328 494 neque
342 467 374 486 ex
389 459 554 487 necessitate
566 458 609 485 vel
624 466 638 485 a
652 458 818 493 quibusdam
832 463 971 491 coactum.
982 458 1029 486 sed

242 507 377 532 volentem
395 504 429 532 ad
442 504 468 532 id
482 504 599 532 venisse.

275 551 309 583 Χ,
328 550 372 578 18.
394 549 452 577 Hoc
469 549 624 576 mandatum
639 549 727 584 accepi
741 558 756 577 α
773 548 855 576 Patre
872 557 939 576 meo.

275 638 314 666 Ne
325 639 388 674 quis
402 639 475 666 enim
496 638 580 670 dicat,
596 643 695 673 prmler
713 638 882 665 voluntatem
891 637 954 665 Filii
975 646 1030 666 non

240 693 323 720 posse
343 685 450 712 Patrem
474 691 584 712 sumere
603 685 723 711 animam
745 684 816 718 ejus.
834 692 922 719 neque
937 693 970 712 ex
997 693 1030 712 co

241 732 269 758 in
288 738 341 757 una
358 730 460 757 deitate
482 729 572 756 Patris
591 733 619 757 et
635 728 695 757 Filii
708 729 855 757 dissidium
876 735 904 758 et
926 731 1032 758 discor-

241 777 314 804 diam
334 775 428 806 faciat.
444 775 555 810 quando
571 775 638 803 dicit
655 784 685 804 se
702 776 858 804 mandatum
877 777 1030 812 accepisse,

241 823 270 849 in
287 822 338 849 hoc
361 822 581 850 consentientem
607 822 874 858 convenientemque
889 823 1032 850 voluntate

240 865 361 893 ostendit
377 865 499 899 Patrem,
524 871 551 894 et
576 870 708 902 tanquam
735 867 770 894 ab
797 874 853 894 una
882 871 975 895 mente
1002 870 1030 895 et

1081 281 1186 313 ξαι,8ιὰ
1199 281 1245 308 τοῦ
1254 281 1354 315 λέγειν,
1373 290 1382 306 ι
1393 279 1529 312 Ἐξουσίαν
1545 279 1599 315 ἔχω
1613 279 1698 306 Θεῖναι
1711 279 1760 315 τὴν
1768 279 1871 314 ψυχὴν,

1080 327 1127 353 καὶ
1140 325 1262 358 ἐξουσίαν
1281 326 1336 361 ἔχω
1351 325 1444 352 λαϐεῖν
1458 325 1560 360 αὐτὴν
1577 334 1585 350 ι
1604 325 1645 351 ὅτι
1661 325 1692 351 οὐ
1711 324 1872 355 κελευσθεὶς

1080 371 1118 403 ὡς
1132 371 1224 402 δοῦλος
1244 371 1260 405 ἢ
1279 370 1435 405 ὑπηρέτης,
1452 370 1508 396 ἀλλ’
1523 369 1583 396 οὐδὲ
1608 369 1646 401 ὼς
1667 369 1697 401 ἐξ
1713 369 1838 404 ἀνάγκης
1854 368 1871 403 ἢ

1081 417 1203 452 βιασθεὶς
1217 417 1293 452 παρά
1305 425 1397 450 τινων,
1410 416 1467 443 ἀλλ’
1480 415 1551 442 ἑκὼν
1567 413 1649 452 ἦλθεν
1663 416 1709 442 ἐπὶ
1726 415 1818 441 τοῦτο.

1119 548 1234 582 Ταύτην
1250 548 1307 582 τὴν
1323 547 1452 582 ἐντολὴν
1467 546 1577 574 ἔλαϐον
1592 547 1671 581 παρὰ
1687 546 1741 574 τοῦ
1754 547 1873 582 Πατρός
1905 550 1906 582 1

1102 602 1148 620 ου.

1102 603 1148 620 ου.

1078 603 1100 629 μ
1118 640 1176 667 Ἵνα
1190 640 1243 676 γὰρ
1263 640 1299 675 μή
1310 648 1352 671 τις
1368 639 1443 675 εἴπῃ,
1457 639 1497 666 ὅτι
1511 640 1586 676 παρὰ
1601 640 1652 675 τὴν
1666 639 1713 666 τοῦ
1728 639 1795 667 Υἱοῦ
1809 639 1872 675 βού-

1904 390 1906 482 l

1081 686 1158 722 λησιν
1177 687 1207 713 οὐ
1228 687 1338 713 δᾶναται
1359 686 1374 712 ὁ
1396 686 1491 721 Πατὴρ
1505 686 1596 712 λαϐεῖν
1610 686 1693 713 αὑτοῦ
1710 686 1760 721 τὴν
1769 686 1871 720 ψυχὴν,
1905 707 1906 711 η

1081 734 1128 760 καὶ
1140 735 1172 760 ἐκ
1182 733 1278 759 τούτου
1294 732 1460 766 στασιασμὸν
1477 732 1524 758 καὶ
1541 732 1674 767 διχόνοιαν
1689 731 1827 767 εἰσαγάγῃ
1845 731 1873 756 ὲν
1905 760 1906 764 η

1080 781 1113 815 τῇ
1133 780 1182 815 μιᾷ
1200 779 1306 814 θεότητι
1323 778 1370 805 τοῦ
1385 778 1489 814 [ἰατρὸς
1511 778 1558 804 καὶ
1567 777 1614 804 τοῦ
1630 777 1707 810 Υἱοῦ,
1719 777 1752 804 δι’
1766 774 1806 804 ὦν
1819 785 1873 811 φη-

1082 834 1135 857 σιν,
1149 825 1264 852 Ἐλαϐον
1283 824 1403 859 ἐντολὴν,
1420 823 1626 858 συμφωνοῦντα,
1646 823 1693 850 καὶ
1709 823 1873 850 meam:

1082 871 1149 906 πρὸς
1164 870 1242 897 τοῦτο
1269 870 1388 897 δείκνυσι
1417 870 1465 896 καὶ
1484 869 1529 895 τὸν
1558 869 1679 904 Πατέρα,
1696 869 1741 895 καὶ
1763 868 1801 899 ὡς
1818 869 1875 895 ἀπό

241 919 325 939 sensu
347 911 382 939 ad
409 911 437 939 id
459 919 490 940 se
515 913 609 939 venire
633 911 745 945 fatetur,
768 913 878 940 tametsi
906 913 964 948 ipse
987 917 1030 940 est

1087 916 1148 951 μιᾶς
1163 914 1276 950 γνώμης
1298 915 1339 946 εἰς
1359 913 1438 941 τοῦτο
1463 914 1608 950 παρελθεῖν
1621 914 1758 949 ὁμολογεῖ,
1779 915 1805 940 εἰ
1825 915 1874 941 καὶ
1905 933 1906 936 η

241 958 330 986 Patris
346 958 506 991 consilium,
527 957 599 993 quod
622 958 705 986 etiam
732 958 878 985 conveniet
900 959 1030 986 incarna-

241 1004 320 1031 tioni.
343 1003 415 1038 Ergo
439 1004 598 1031 mandatum
631 1003 735 1031 indicat
766 1005 943 1032 concordiam
969 1013 1031 1032 cum

241 1049 339 1081 Patre,
371 1049 423 1077 etsi
451 1049 591 1077 humiliter
618 1049 756 1084 loquatur.
780 1049 937 1077 Mandatum
965 1057 1032 1077 vero

240 1098 284 1122 est
299 1101 349 1130 pro
365 1093 469 1121 mundo
486 1095 566 1122 mori.
583 1093 706 1121 Mandati
722 1102 789 1130 ergo
814 1095 873 1122 loco
890 1095 1033 1130 accepisse

241 1149 271 1170 se
288 1141 384 1169 dicens
404 1140 431 1168 id
446 1140 520 1176 quod
533 1140 606 1176 apud
624 1140 732 1168 Patrem
748 1141 838 1168 visum
853 1145 895 1169 est
910 1149 940 1169 se
957 1145 1033 1169 recte

241 1187 354 1218 habere,
370 1193 425 1213 non
443 1185 577 1212 minorem
598 1192 628 1212 se
647 1184 728 1212 Patre
746 1185 821 1218 facit,
840 1189 940 1212 natura
956 1186 1031 1213 exsi—

241 1235 319 1259 stens
341 1230 425 1262 Deus.
438 1229 484 1258 sed
508 1236 600 1257 servat
617 1229 644 1257 id
667 1230 741 1265 quod
758 1231 887 1258 convenit
905 1231 1033 1258 humani-

240 1278 302 1306 tati.
315 1277 387 1311 Quin
403 1277 487 1304 etiam
504 1276 616 1312 subiicit
629 1277 728 1305 animis
743 1284 773 1304 se
792 1285 854 1304 enm
870 1278 1030 1312 prophetam

240 1332 312 1356 esse,
325 1324 359 1351 de
378 1331 432 1358 quo
450 1322 517 1350 dicit
542 1323 622 1350 Pater
639 1331 646 1351 :
665 1332 675 1349 ι
692 1322 834 1358 Loquetur
853 1323 1031 1358 quemadmo-

241 1371 307 1398 dum
332 1369 556 1396 mandaverimus
579 1368 605 1396 ei
623 1368 631 1384 ¹
650 1377 657 1396 :
673 1369 894 1396 communionem
922 1369 1029 1396 consilii

241 1424 303 1443 cum
326 1414 382 1442 Deo
406 1418 434 1442 cl
455 1414 534 1441 Patre
564 1418 694 1450 tanquam
716 1415 875 1441 mandatum
896 1422 925 1441 se
951 1421 1031 1441 acce—

241 1463 314 1498 pisse
330 1461 435 1490 dicens.
452 1460 530 1494 Quod
548 1461 659 1496 quidem
684 1461 793 1488 dicebat
810 1461 843 1487 ad
859 1460 980 1492 Judacos,
997 1467 1031 1488 ne

241 1508 443 1535 arbitrarentur
463 1514 525 1534 eum
549 1510 649 1542 praeter
670 1507 798 1534 mandata
825 1505 916 1534 Patris
943 1506 1029 1541 loqui.

241 1553 336 1589 Neque
355 1559 421 1580 vero
435 1557 462 1580 te
478 1552 569 1579 turbet
586 1551 657 1587 quod
674 1551 755 1580 Pater
769 1552 911 1587 proprium
928 1551 1028 1578 Filium

1083 961 1165 992 αὐτὸς
1177 962 1249 987 ἐστιν
1269 961 1286 996 ἦ
1306 959 1353 986 τοῦ
1377 959 1483 995 Πατρδς
1496 959 1592 995 βουλή·
1610 960 1725 995 ἁρμόσει
1745 959 1773 986 δὲ
1792 960 1875 986 τοῦτο

1082 1007 1130 1034 καὶ
1143 1007 1175 1042 τῇ
1191 1006 1260 1042 μετὰ
1277 1005 1378 1040 σαρκὸς
1393 1006 1544 1041 οἰκονομίᾳ.
1569 1005 1602 1032 ῚῙ
1622 1003 1668 1032 οὖν
1685 1004 1778 1040 ἐντολὴ
1797 1005 1876 1041 δηλθῖ

1081 1053 1130 1089 τὴν
1144 1053 1269 1088 ὁμόνοιαν
1289 1052 1337 1088 τὴν
1354 1051 1422 1087 πρὸς
1434 1051 1479 1078 τὸν
1495 1051 1616 1087 Πατέρα,
1629 1053 1653 1078 ει
1675 1051 1722 1078 καὶ
1735 1052 1876 1082 ταπεινῶς

1082 1098 1167 1125 λαλεί.
1189 1098 1221 1124 Ἠ
1237 1098 1265 1124 δὲ
1281 1098 1374 1133 ἐντολή
1393 1098 1479 1130 ἐστιν,
1501 1097 1647 1124 ἀποθανεῖν
1668 1098 1738 1133 ὑπὲρ
1756 1097 1805 1124 τοῦ
1826 1098 1875 1124 χό-

1083 1153 1164 1180 σμου.
1184 1143 1310 1178 Ἐντολῆς
1329 1143 1357 1170 δὲ
1373 1143 1448 1176 τάξει
1467 1143 1663 1179 παρειληφέναι
1681 1143 1767 1178 λέγων
1784 1143 1815 1170 τὺ
1830 1143 1876 1170 δὸ-

1082 1191 1131 1225 ξαν
1143 1190 1219 1226 παρὰ
1238 1189 1277 1225 τῷ
1290 1189 1376 1225 Πατρὶ
1395 1189 1480 1225 ὀρθῶς
1495 1189 1577 1224 ἔχειν,
1593 1189 1643 1215 οὐκ
1654 1189 1760 1215 ἐλαττοῖ
1776 1189 1876 1216 suos)"

1081 1236 1129 1264 τοῦ
1152 1236 1270 1271 Πατρός,
1286 1235 1323 1262 ὢν
1339 1235 1418 1269 φύσει
1432 1234 1507 1266 Θεὸς,
1524 1234 1591 1261 ἀλλὰ
1604 1234 1634 1261 τὸ
1654 1234 1702 1270 μὲν
1717 1234 1824 1270 πρέπον
1842 1236 1876 1269 τῇ

1082 1283 1288 1319 ὲνανϐρωπήσει
1312 1282 1402 1317 τηρεῖ.
1418 1281 1490 1316 Πλὴν
1503 1281 1706 1316 ὑπομιμνήσκει
1726 1281 1767 1307 ὅτι
1792 1281 1879 1311 αὑτός

1082 1330 1155 1356 ἔστιν
1168 1329 1182 1354 ὸ
1197 1328 1351 1363 προφήτης,
1372 1326 1438 1361 περὶ
1460 1323 1490 1353 οὗ
1506 1324 1582 1352 εἶπεν
1597 1328 1611 1353 ὁ
1626 1326 1731 1362 Πατὴρ,
1742 1327 1783 1353 ὅτι
1796 1337 1805 1352 ι
1821 1327 1878 1353 Λα-

1081 1374 1168 1409 λήσει,
1181 1373 1275 1400 καθότι
1292 1372 1324 1400 ἂν
1341 1372 1503 1406 ὲντείλωμεν
1525 1371 1598 1407 αὐτῷ
1612 1381 1618 1388 ·
1642 1382 1651 1398 ι
1671 1373 1720 1407 τὴν
1740 1373 1810 1408 πρὸς
1830 1373 1877 1399 τὸν

1082 1419 1149 1446 Θεὸν
1163 1419 1209 1445 καὶ
1220 1418 1330 1454 Πατέρα
1352 1418 1547 1448 χοινοὸουλίαν.
1567 1418 1604 1450 ὡς
1624 1418 1733 1453 ἐντολὴν
1748 1418 1877 1453 δεδέχθαι

1082 1465 1179 1496 λέγων.
1197 1464 1285 1500 Ὅπερ
1305 1464 1381 1497 ἔλεγε
1399 1464 1467 1499 πρός
1490 1464 1634 1495 Ἰουδαίους
1646 1464 1714 1499 πρὸς
1729 1464 1759 1490 τὸ
1775 1464 1814 1499 μὴ
1831 1473 1877 1490 νου

1085 1509 1173 1545 μίζειν
1187 1509 1267 1536 αὑτὸν
1298 1509 1374 1544 παρὰ
1397 1509 1430 1536 τὰ
1459 1509 1505 1535 τοῦ
1523 1510 1629 1544 Πατρὺς
1645 1509 1736 1536 λαλεῖν
1751 1510 1878 1544 προστά-

1083 1563 1186 1590 γματα.
1203 1555 1233 1581 Εἰ
1248 1555 1276 1581 δὲ
1297 1555 1440 1590 προφήτην
1466 1555 1590 1590 ὠνόμασε
1616 1555 1660 1581 τὸν
1681 1556 1746 1582 ἴδιον
1771 1555 1840 1582 Υζὺν
1863 1555 1879 1581 6

241 1598 509 1627 consubstantialem
525 1598 685 1632 prophetam
703 1598 884 1633 appellaverit
899 1607 905 1625 :
921 1597 1030 1633 quando

1087 1602 1178 1637 Πατὴρ
1197 1601 1241 1628 τὸν
1255 1601 1409 1637 ὁμοοὺοιον,
1427 1601 1464 1636 μὴ
1480 1601 1643 1636 θορυϐηθῇς·
1665 1602 1708 1628 ὅτε
1724 1601 1777 1635 γὰρ
1792 1601 1877 1636 γέγο-

241 1646 314 1673 enim
337 1644 428 1672 factus
441 1647 484 1672 est
505 1643 600 1676 homo,
623 1647 691 1671 tunc
714 1644 867 1678 quadrasse
888 1644 939 1678 ipsi
965 1651 1030 1678 pro-

241 1693 331 1728 phetae
349 1698 460 1721 nomen,
475 1693 542 1716 tunc
561 1689 688 1716 mandata
709 1690 733 1717 ei
751 1696 765 1715 a
785 1689 867 1717 Patre
881 1689 944 1716 data
968 1696 1031 1717 esse

241 1737 422 1769 meonomicc,
438 1736 491 1762 hoc
517 1739 559 1762 est
585 1739 696 1762 serrato
719 1743 812 1762 rerum
833 1734 941 1767 ordine,
955 1735 1030 1762 dice-

242 1791 315 1811 mus.
337 1783 500 1817 Quanquam
531 1781 578 1817 qui
605 1780 706 1816 accipit
731 1780 861 1807 mandata
890 1788 945 1808 non
968 1787 1032 1815 pro-

243 1834 334 1866 pterea
352 1830 442 1856 minor
454 1832 502 1855 aut
517 1827 661 1856 dissimilis
676 1826 766 1862 quoad
784 1830 912 1854 naturam
926 1831 953 1853 et
967 1826 1031 1854 sub-

243 1875 370 1904 stantiam
391 1874 546 1907 mandanti,
563 1873 674 1908 quando
690 1878 716 1900 et
729 1873 853 1900 homines
874 1872 1031 1900 hominibus

240 1923 350 1958 jubent,
366 1922 400 1948 'et
417 1920 507 1956 angeli
520 1919 638 1955 angelis,
659 1927 709 1947 nec
732 1923 844 1954 propter
869 1918 923 1946 hoc
943 1924 1031 1946 tamen

243 1968 313 1995 alios
333 1971 431 1993 natura
452 1965 496 1993 vel
520 1965 669 1992 inferiores
696 1964 789 1999 iussos
816 1963 945 1991 dicimus.
960 1963 1031 1998 Ergo

243 2020 334 2048 neque
356 2011 438 2039 Patre
451 2010 537 2039 Filius
555 2010 681 2042 inferior.
706 2010 758 2037 etsi
777 2009 866 2037 factus
880 2013 923 2037 est
938 2009 1030 2042 homo,

244 2063 274 2087 ut
287 2058 368 2086 nobis
382 2058 472 2085 omnis
489 2056 602 2084 virtutis
616 2056 771 2091 exemplum
789 2055 865 2083 ﬁeret
883 2065 889 2082 :
905 2063 991 2091 quare
1005 2059 1032 2082 et

243 2106 296 2133 boc
314 2105 393 2133 docet
416 2108 544 2138 oportere
568 2111 619 2131 nos
636 2103 711 2130 dicto
734 2102 879 2130 audientes
901 2109 964 2130 esse
982 2109 1032 2136 pa-

242 2152 380 2183 rentibus,
405 2151 457 2178 etsi
484 2157 566 2185 pares
593 2156 688 2176 sumus
708 2148 861 2176 secundum
891 2152 1030 2175 naturam.

243 2197 403 2233 Aliquando
432 2203 499 2224 Vero
523 2204 538 2222 a
555 2195 637 2223 Patre
655 2195 772 2228 dictum,
789 2194 931 2226 mandabo,
947 2194 1032 2229 signi-

244 2245 307 2271 licat
323 2242 530 2276 convenienter,
553 2241 662 2274 faciam,
679 2245 710 2269 ut
729 2249 793 2268 eum
819 2241 886 2268 dicit
903 2251 910 2269 :
929 2251 938 2267 ι
956 2241 1031 2268 Man-

1081 1656 1125 1673 νεν
1141 1647 1294 1682 ἄνθρωπος,
1307 1647 1367 1673 τότε
1386 1647 1524 1682 ἡρμόσθαι
1539 1647 1613 1681 αὑτῴ
1631 1647 1677 1672 καὶ
1696 1647 1725 1673 τδ
1741 1646 1789 1672 τοῦ
1807 1655 1879 1682 προ-

1081 1693 1167 1728 φήτου
1188 1692 1288 1728 ὖνομσ·
1303 1691 1363 1718 τότε
1392 1692 1439 1717 καὶ
1461 1690 1570 1721 ἐντολὰς
1595 1689 1668 1725 αὐτῷ
1683 1690 1806 1717 δεδόσθαι
1824 1700 1878 1725 φα-

1083 1738 1131 1774 μὲν
1144 1737 1218 1773 παρὰ
1235 1737 1281 1764 τοῦ
1300 1738 1405 1773 Πατρὺς
1428 1737 1618 1772 οἰκονομικῶς.
1640 1736 1712 1771 Πλὴν
1733 1738 1747 1763 ὁ
1766 1736 1877 1771 λαμϐά-

1081 1793 1134 1810 νων
1155 1783 1273 1815 ὲντολὰς,
1287 1784 1317 1809 οὐ
1333 1783 1403 1809 κατὰ
1415 1783 1493 1809 τοῦτο
1508 1782 1626 1809 ἐλάττων
1643 1782 1659 1818 ἥ
1675 1783 1802 1817 ἀνόμοιός
1815 1784 1877 1809 ἐστι

1081 1827 1132 1863 τῆς
1146 1827 1192 1854 τοῦ
1206 1827 1396 1862 ἐντελλομένου
1417 1827 1511 1859 οὐσίας
1527 1827 1542 1863 ἢ
1564 1827 1682 1862 φύσεως,
1701 1827 1766 1854 ὅπου
1779 1835 1812 1861 γε
1829 1828 1877 1854 καὶ

1081 1874 1219 1910 ἄνθρωποι
1236 1872 1388 1908 ἀνθρώποις
1407 1873 1586 1905 ἐντέλλονται,
1603 1874 1650 1900 καὶ
1663 1873 1774 1907 ἄγγελοι
1787 1873 1876 1908 ἀγγέη

1081 1920 1147 1952 λοις,
1162 1920 1210 1947 καὶ
1226 1920 1256 1946 οὒ
1276 1919 1321 1946 διὰ
1340 1919 1419 1946 τοῦτο
1441 1920 1598 1955 ἐτεροφυεῖς
1615 1919 1630 1955 ἢ
1646 1919 1790 1951 ἐλάττονας
1811 1920 1876 1952 τοὺς

1082 1967 1312 2002 ἐπιταττομένους
1335 1965 1461 2001 λέγομεν.
1479 1966 1536 1993 Οὐχ
1552 1964 1599 1992 οὖν
1620 1965 1679 1992 οὔτε
1704 1965 1751 1992 τοῦ
1767 1966 1876 2002 Πατρδς

1082 2014 1097 2040 ὁ
1111 2014 1174 2045 Υἰὺς
1190 2013 1318 2050 ἐλάττων,
1343 2013 1368 2039 ει
1384 2014 1430 2039 καὶ
1446 2013 1557 2047 γέγονεν
1575 2012 1716 2048 ἄνθρωπος
1735 2012 1777 2039 ἵνα
1794 2012 1877 2046 γένη·

1082 2068 1126 2086 ται
1141 2059 1206 2094 ἡμῖν
1222 2059 1312 2093 πάσης
1325 2057 1507 2093 ὑπογραμμὺς
1524 2057 1634 2092 ἀρετῆς·
1651 2056 1691 2083 διὸ
1720 2057 1766 2083 καὶ
1795 2056 1877 2082 τοῦτο

1082 2105 1200 2132 διδάσκει
1225 2105 1267 2131 ὄτι
1284 2104 1338 2140 χρὴ
1355 2105 1411 2135 τοῖς
1431 2103 1555 2137 γονεῦσιν
1572 2102 1720 2129 ὑπακούειν
1743 2103 1828 2138 ἡμᾶς,
1853 2103 1876 2128 εἱ

1083 2150 1130 2177 καὶ
1139 2149 1169 2176 τὸ
1185 2149 1242 2176 ἴσον
1258 2149 1356 2185 ἔχομεν
1369 2149 1441 2176 κατὰ
1454 2148 1504 2183 τὴν
1518 2147 1609 2182 φύσιν.
1623 2147 1701 2173 Ἐστι
1717 2147 1745 2174 δὲ
1761 2148 1830 2174 ὅπου
1846 2148 1876 2174 τὸ

1084 2196 1158 2232 παρὰ
1177 2195 1223 2222 τοῦ
1249 2195 1354 2230 Πατρδς
1367 2194 1523 2229 λεγόμενον,
1538 2193 1724 2228 ὲντελοῦμαι,
1745 2194 1824 2229 δηλοῖ
1835 2195 1875 2227 τὸ,

1083 2241 1223 2276 ἀραρότως
1245 2240 1360 2274 ποιήσω,
1388 2239 1428 2271 ὡς
1444 2239 1508 2265 ὃταν
1523 2238 1598 2274 εἴπῃ·
1615 2247 1624 2264 ι
1645 2239 1700 2265 Καὶ
1713 2239 1876 2274 ὲντελοῦμαι

243 2290 314 2317 dabo
337 2289 387 2316 toti
404 2288 508 2316 mundo
527 2288 611 2321 mala,
627 2292 654 2315 et
667 2287 760 2322 impiis
774 2291 889 2322 peccata
911 2295 961 2314 sua
976 2289 997 2314 '.
1020 2297 1028 2313 ι

1087 2287 1116 2321 τῇ
1129 2285 1276 2320 οἰκουμένῃ
1287 2285 1335 2320 ὅλῃ
1358 2284 1443 2317 κακὰ,
1461 2284 1509 2311 καὶ
1523 2285 1580 2316 τοῖς
1597 2284 1707 2311 ἀσεϐέσι
1717 2284 1768 2315 τὰς
1784 2285 1877 2321 ἁμαρ-

243 2335 366 2363 Tametsi
384 2338 410 2362 et
430 2342 628 2369 nonnunquam
655 2334 777 2367 loquitur
795 2333 880 2361 Filius
898 2341 947 2368 per
963 2341 1031 2360 con-

243 2381 466 2413 descensiouem,
493 2385 522 2408 ut
548 2389 598 2408 nos
626 2380 774 2408 inelTabilia
794 2379 920 2412 oracula,
942 2379 1033 2416 quoad

243 2429 304 2464 ejus
330 2428 388 2454 ileri
416 2431 516 2462 potest,
543 2427 730 2462 intelligamus
758 2436 764 2453 :
792 2431 819 2454 et
849 2431 941 2453 tamen
968 2433 1032 2453 eum

244 2473 404 2501 mandatum
425 2473 566 2508 accepisse
583 2473 674 2500 dicere
703 2480 756 2499 non
783 2471 853 2499 tollit
870 2472 954 2498 Deum
971 2477 1032 2498 esse

246 2525 343 2548 natura
362 2519 539 2546 exsistentem
554 2518 650 2546 Deum.
665 2517 714 2546 Vel
735 2518 819 2553 igitur
834 2518 878 2544 dic
893 2517 989 2548 Deum,
1004 2521 1032 2544 et

244 2565 365 2593 concede
381 2565 484 2592 habere
496 2565 588 2592 omnia
604 2572 665 2600 quae
679 2563 776 2591 deitati
793 2563 972 2595 conveniunt,
989 2562 1032 2590 vel

245 2612 290 2639 dic
315 2612 404 2646 ipsum
425 2615 581 2638 creaturam
609 2610 765 2637 manifesto.
782 2608 837 2636 Nec
855 2611 926 2636 enim
952 2617 1032 2636 acce-

245 2657 320 2692 pisse
339 2656 496 2684 mandatum
511 2656 566 2682 ulla
581 2655 662 2690 662
684 2660 762 2689 parte
780 2655 947 2682 naturalium
969 2663 1033 2690 per-

245 2709 376 2730 sonarum
391 2702 509 2736 spoliat:
527 2699 751 2735 quandoquidem
768 2707 939 2734 qumcunque
953 2699 1035 2727 Pater

245 2745 385 2774 mandavit
411 2745 484 2772 Filio
511 2746 568 2772 haec
595 2745 734 2780 loquitur,
756 2749 784 2773 et
809 2746 847 2772 ait
867 2755 873 2772 :
892 2754 902 2771 ί
925 2745 981 2780 Ego
1007 2749 1034 2773 et

245 2791 326 2820 Pater
341 2799 425 2819 unum
439 2799 535 2818 sumus
547 2791 568 2823 ',
589 2800 597 2816 ι
620 2798 735 2819 necesse
753 2791 802 2818 tibi
822 2796 865 2819 est
880 2791 972 2819 dicere
987 2792 1029 2818 vel

1084 2331 1146 2363 τῐας
1161 2330 1261 2357 αὐτῶν.
1280 2340 1289 2355 ι
1313 2329 1385 2365 Πλὴν
1409 2330 1456 2356 καὶ
1482 2329 1724 2364 συγκαταὸατικῶς
1751 2330 1808 2357 ἔσθ’
1833 2331 1876 2357 ὅτι

1085 2377 1161 2405 λαλεῖ
1175 2377 1188 2403 ὁ
1202 2375 1275 2408 Υἱὸς,
1292 2376 1336 2402 διὰ
1353 2376 1383 2402 τὸ
1402 2376 1476 2412 ἡμᾶς
1493 2376 1599 2411 νοῆσαι,
1613 2375 1649 2408 ὡς
1672 2375 1729 2403 ἔστι
1751 2376 1875 2409 δυνατὸν,

1084 2423 1119 2450 τὰ
1135 2424 1244 2458 ἄρρητα
1257 2422 1334 2456 λόγια
1349 2422 1423 2457 ὅμως
1437 2422 1467 2448 οὺ
1488 2422 1518 2448 τὸ
1534 2422 1619 2448 ιιι-,εἶν
1635 2422 1677 2448 ὅτι
1693 2421 1805 2457 ἐντολὴν
1816 2423 1877 2449 ἐλα-

1086 2468 1142 2501 ϐεν,
1154 2470 1225 2495 ποιεῖ
1240 2468 1277 2504 μὴ
1292 2466 1360 2494 εἶναι
1372 2467 1438 2494 Θεὸν
1451 2468 1496 2494 τὸν
1514 2467 1592 2502 φύσει
1608 2467 1671 2494 ὅντα
1685 2467 1761 2494 Θεὸν.
1783 2469 1820 2495 Ἦ
1833 2468 1878 2495 οὖν

1086 2514 1148 2548 λέγε
1161 2514 1237 2546 Θεὸν,
1256 2514 1303 2540 καὶ
1318 2514 1388 2540 δίδου
1405 2514 1455 2540 ὅσα
1465 2514 1498 2548 τῇ
1514 2513 1623 2549 Θεότητι
1637 2513 1751 2549 ἁρμόζει
1765 2513 1848 2550 ἔχειν,
1860 2514 1876 2550 ἦ

1085 2561 1148 2595 λέγε
1162 2561 1244 2587 αὑτὸν
1259 2560 1362 2595 κτίσμα
1376 2559 1509 2594 φανερῶς.
1526 2559 1563 2586 οὐ
1578 2559 1632 2594 γὰρ
1647 2559 1678 2585 τὸ
1696 2559 1790 2586 λαϐεῖν
1801 2561 1874 2587 ἐντο-

1085 2607 1144 2643 λὴν,
1159 2608 1258 2642 γυμνοῖ
1270 2606 1324 2632 τῶν
1336 2605 1458 2640 φυσικῶν
1471 2614 1524 2632 τινι
1536 2600 1700 2641 προσώπων·
1716 2606 1813 2642 ἐπειδὴ
1829 2607 1874 2633 ὂεο

1083 2654 1098 2680 ὁ
1109 2652 1203 2688 Πατὴρ
1218 2651 1369 2678 ἐνετείλατο
1385 2651 1422 2686 τῷ
1437 2651 1494 2686 Υῑῷ
1513 2651 1598 2678 ταῦτα
1611 2651 1700 2687 λαλεῖ,
1711 2652 1758 2678 καί
1773 2660 1873 2687 φησιν

1088 2709 1097 2725 ι
1118 2698 1189 2732 Ἐγὼ
1203 2700 1250 2725 καὶ
1264 2698 1279 2724 ὁ
1292 2698 1387 2733 Πατὴρ
1407 2698 1435 2724 ἓν
1450 2697 1543 2732 ἐσμεν,
1565 2707 1575 2723 ι
1595 2697 1752 2732 ἠνάγκασεν
1776 2699 1874 2729 εἰπεῖν,

1087 2745 1148 2780 ἦτοι
1165 2744 1205 2770 ὃτι
1218 2743 1362 2778 ἀληθεύειν
1378 2743 1392 2769 ὁ
1403 2743 1497 2778 Πατὴρ
1511 2743 1662 2769 ἐνετείλατο
1675 2743 1712 2778 τῷ
1725 2743 1792 2778 Υἱῷ,
1805 2745 1822 2779 ἢ
1837 2745 1874 2770 δτι

1085 2788 1239 2825 ψεύδεσθαι.
1259 2789 1293 2815 Ἃ
1306 2787 1361 2824 γὰρ
1376 2788 1470 2815 ἔλαϐεν
1493 2789 1507 2816 ὁ
1529 2788 1593 2821 Υἱὸς
1620 2789 1728 2818 ἐντολὴν
1745 2789 1871 2826 λαλῆσαι,

283 2881 292 2897 ⁸
307 2880 397 2908 Jerein
434 2887 511 2912 uix,
531 2879 578 2908 ‘23.
617 2882 627 2897 ι
643 2879 695 2908 lsa.
710 2889 771 2913 xm.
785 2882 829 2909 11.
867 2881 877 2898 ³
891 2880 973 2909 Ioan.
989 2889 1017 2912 κ.
1035 2881 1080 2910 '50.
