1906 3037
35 182 67 212 {‘5
425 178 458 208 IN
476 177 644 209 JOANNEM.
660 195 692 201 —
720 178 784 208 LIB.
808 181 851 209 Vll
881 179 926 209 ΕΤ
953 180 1012 211 Vill
1033 180 1255 211 FRAGMENTA.
1623 189 1654 216 ιι

34 239 114 268 λαλεῖ·
133 247 142 264 ι
163 238 195 265 '0
210 238 322 273 πέμψας
339 238 402 274 γὰρ,
424 238 500 274 φησὶ,
515 238 619 275 Πατὴρ,
634 236 742 275 ἐντολὴν
756 238 819 266 ἔδω-

873 239 942 275 quod
951 247 1014 267 vera
1025 240 1100 276 loqui
1110 239 1192 269 Pater
1203 240 1343 269 mandavit
1352 239 1433 275 Filio,
1443 242 1485 270 vel
1498 243 1569 280 quod
1580 253 1657 273 men-

36 294 64 313 κε
77 285 101 311 τί
115 285 186 311 εἴπω
201 285 251 312 καὶ
265 285 291 311 τί
302 285 420 321 λαλήσω.
437 295 446 312 ι
468 286 499 311 El
510 285 537 312 δὲ
554 285 600 312 καὶ
613 283 689 311 εἶπεν
703 285 743 312 ὃτι
762 294 771 311 ε
793 285 822 312 '0

37 332 126 366 Πατήρ
136 339 188 365 μου
205 331 307 366 μείζων
323 331 373 366 μού
391 332 474 364 ἐστιν,
489 340 498 357 ›
514 330 590 358 οῦδὲν
604 331 732 358 ἐναντίον.
748 330 821 358 Καθδ

37 378 84 413 μὲν
93 378 147 412 γὰρ
161 377 246 412 φύσει
258 377 334 409 Θεὸς,
348 378 404 410 ῐσος
420 378 458 412 τῷ
471 378 568 413 Πατρὶ,
582 377 648 404 καθὸ
665 378 692 404 δὲ
710 378 820 412 γέγονεν

38 421 176 457 ἄνθρωπος
194 422 246 448 καὶ
270 422 450 449 ἐταπείνωσεν
465 422 569 456 ἑαυτὸν,
585 423 619 449 τὰ
634 423 771 458 πρέποντα
789 422 821 458 τῇ

39 468 225 504 ἁνθρωπότητι
247 468 357 504 ῥήματα
379 469 454 495 λαλεῖ
474 469 662 504 οἰκονομικῶς.
678 469 772 504 Ὅμως
791 469 823 496 τὺ

39 516 83 548 τῆς
101 513 211 548 ἐντολῆς
235 514 321 549 ὄνομα
335 514 434 547 ἔξωθεν
451 514 500 549 τῆς
515 515 608 546 οὐσίας
626 514 756 550 ὑπάρχον,
773 514 823 542 οὐκ

40 560 69 586 ἂν
78 559 182 592 γένοιτο
194 559 248 594 τῆς
261 560 356 592 οὐσίας
367 560 504 595 ἔγκλημαυ
519 559 550 586 οὐ
567 559 621 595 γὰρ
636 560 664 586 ἒν
681 559 720 595 τῷ
733 560 822 587 ἐντέλ-

39 604 126 631 λεσθαι
143 604 190 631 τὸν
205 605 327 640 Πατέρα,
344 603 374 631 τὸ
389 601 458 631 εἷναί
471 606 528 631 ἐστι
543 605 581 641 τῷ
596 605 662 640 Υίῷ,
675 605 824 633 οὐδὲτοῦτο

41 650 138 685 γένοιτὸ
153 658 218 676 ποτε
231 651 284 686 τῆς
301 650 393 682 οὐσίας
407 652 478 685 ὄρος.
499 646 559 677 Οἵδε
578 651 668 678 τοίνυν
683 653 696 678 ὁ
713 651 775 683 Υἱὸς
786 651 824 683 ὡς

42 696 116 731 βουλὴ
133 695 179 722 καὶ
197 697 281 729 σοφία
297 695 342 722 τοῦ
359 695 475 732 Πατρδς,
493 696 523 722 τὸ
538 696 678 732 ἀραρᾶτως
692 696 823 732 κεκριμέ-

42 750 83 769 νον
94 742 156 777 παρ*
168 741 267 768 αὑτοῦ.
284 742 314 768 Et
332 742 359 768 δὲ
374 741 411 773 ὠς
430 741 538 777 ἐντολὴν
563 741 678 777 δέχεται,
699 742 736 777 μὴ
757 742 822 768 θαυ-

44 786 135 821 μάσῃς·
162 786 347 821 ἀνθρωπίνοις
360 786 415 822 γὰρ
429 786 519 820 λόγοις
541 786 576 813 τά
595 786 662 822 ὑπὲρ
678 786 756 820 λόγον
776 795 823 822 ση-

44 831 171 866 μαίνεται,
190 832 240 858 καὶ
266 832 300 858 τὰ
319 833 380 864 ταῖς
404 832 551 867 ἡμετέραις
572 832 678 868 ἄρρητα
711 833 823 866 φωναῖς,

43 876 212 912 κατεσπάσθη
242 877 312 912 πρὸς
336 877 381 904 τὸν
409 877 485 911 λόγον
511 877 557 903 τὸν
576 877 604 903 ὲν
621 877 696 912 ἡμῖν,
717 877 760 903 ἵνα
778 877 824 904 καὶ

874 286 931 313 tiri.
943 286 1009 319 Qute
1024 287 1096 314 enim
1115 287 1141 314 in
1154 287 1291 315 mandatis
1304 287 1400 315 habuit
1415 287 1500 317 Filius
1517 294 1546 316 ιιι
1560 290 1655 326 loque-

874 334 962 364 retur,
981 330 1104 366 loquitur
1120 340 1126 358 :
1147 340 1156 356 ι
1171 331 1222 364 Qui
1243 339 1286 358 me
1301 333 1373 359 enim
1386 333 1460 360 misit
1477 332 1656 366 Pater,man-

874 375 967 403 datum
990 376 1065 403 dedit
1083 375 1147 410 quid
1170 375 1258 403 dicam
1280 380 1308 404 ct
1328 378 1400 412 quod
1415 378 1513 412 loquar
1527 378 1547 406 ⁸.
1570 388 1579 405 ι
1596 379 1656 408 Etsi

872 427 937 448 vero
955 421 1024 449 dixit
1042 430 1048 448 :
1069 430 1078 447 ι
1101 420 1182 449 Pater
1200 429 1276 450 meus
1295 422 1384 457 major
1403 431 1445 451 me
1464 429 1504 451 est
1518 424 1540 455 ⁵,
1559 434 1568 450 ι
1589 425 1657 452 nihil

872 469 914 494 est
941 467 1123 494 contrarium.
1139 466 1167 494 la
1191 471 1325 502 quantum
1354 469 1426 496 enim
1450 473 1547 496 natura
1573 469 1656 502 Deus,

872 512 988 547 aequalis
1015 516 1057 540 est
1075 512 1151 539 Patri
1170 521 1176 539 :
1198 512 1224 539 in
1251 518 1383 548 quantum
1406 522 1471 542 vero
1498 515 1588 543 factus
1615 521 1657 544 est

874 558 965 590 homo,
988 561 1016 585 et
1040 558 1193 585 bumiliavit
1219 559 1353 594 seipsum,
1368 560 1450 588 verba
1477 568 1537 596 qua:
1561 562 1658 590 decent

873 603 1072 630 humanitatem
1102 604 1273 632 oeconomice
1300 604 1432 640 loquitur.
1463 606 1656 635 Verumtamen

873 649 994 676 mandati
1010 657 1195 682 nomen,cum
1218 655 1294 678 extra
1316 653 1463 679 essentiam
1489 653 1535 686 sit,
1563 655 1656 681 nullo-

873 695 955 722 modo
971 694 1096 722 essentiae
1115 694 1276 729 praeiudicat
1295 705 1300 723 :
1319 704 1373 724 non
1398 698 1471 724 enim
1492 699 1519 725 in
1537 704 1569 726 eo
1585 695 1657 734 quod

873 737 954 766 Pater
970 739 1086 774 imperat
1107 744 1148 767 est
1174 747 1236 768 esse
1262 740 1343 773 Filio,
1368 748 1457 776 neque
1484 743 1509 770 id
1536 748 1655 778 unquam

875 784 957 811 fuerit
972 785 1099 812 essentia:
1115 785 1251 812 terminus
1267 789 1315 812 aut
1333 786 1465 813 definitio.
1480 787 1558 815 Novit
1574 789 1657 823 igitur

874 829 960 858 Filius
975 833 1114 865 tanquam,
1125 831 1269 858 consilium
1282 834 1308 858 et
1323 831 1457 866 sapientia
1473 831 1572 867 Patris,
1586 835 1657 869 quod

875 876 909 902 ab
922 883 955 903 eo
969 876 1166 904 convenienter
1178 876 1331 911 iudicatum
1346 881 1396 905 est.
1410 876 1439 904 Si
1450 885 1514 905 vero
1530 884 1656 914 tanquam

43 923 106 949 νοεῖν
130 922 297 957 ἰσχύσωμεν.
313 922 503 958 Αἰτιασώμεθα
526 922 624 954 τοίνυν,
652 922 682 949 οὺ
707 922 755 958 τὴν
777 922 819 949 τοί

876 921 1033 948 mandatum
1051 922 1163 956 accipﬁ,
1177 930 1212 950 ne
1229 922 1358 956 mireris;
1372 922 1500 950 humanis
1513 913 1655 952 enimiser-

44 968 197 1003 πράγματος
212 969 341 1000 ἀτοπίαν,
358 969 425 995 ἀλλὰ
442 969 492 1004 τὴν
513 968 567 995 τῶν
595 968 724 1004 ῥημάτων
744 969 823 995 ἀσθέ-

44 1022 111 1040 νειαν
130 1010 160 1040 οὗ
183 1013 343 1049 δυναμένων
368 1013 521 1049 ἐφικέσθαι,
547 1013 607 1040 καθ’
629 1013 659 1040 ὃν
682 1013 735 1040 ἔδει
758 1014 822 1050 τρό-

45 1067 100 1089 πον,
115 1059 162 1094 τῆς
176 1058 232 1086 τῶν
249 1059 420 1095 πραγμάτων
448 1056 591 1094 ποιότητος
614 1058 661 1085 καὶ
690 1058 821 1093 ἀκριϐοῦς

45 1103 193 1139 ἑρμηνείας.

877 966 1004 994 monibus
1019 973 1080 1001 qua;
1095 974 1178 1002 supra
1197 974 1352 995 sermonem
1375 971 1440 994 sunt
1454 968 1656 1002 signiﬁcantur,

875 1014 902 1039 et
917 1019 977 1046 qua:
991 1011 1095 1040 nostris
1111 1011 1225 1040 vocibus
1246 1011 1363 1047 exprimi
1385 1019 1439 1040 non
1459 1017 1576 1048 possunt
1590 1021 1657 1042 con-

875 1060 963 1084 tracta
985 1061 1049 1085 sunt
1074 1057 1108 1084 ad
1127 1058 1260 1084 rationem
1282 1057 1417 1084 internam
1442 1065 1502 1093 quze
1525 1057 1552 1084 in
1577 1058 1657 1086 nobis

874 1105 926 1135 est,
940 1107 969 1129 ut
986 1103 1108 1138 cogitare
1120 1103 1269 1131 valeamus.
1284 1102 1374 1136 Quare
1393 1102 1579 1131 incusabimus
1600 1109 1655 1131 non

46 1158 131 1179 rerum
147 1151 325 1179 insolentiam
340 1155 368 1179 et
388 1151 598 1183 absurditatcm,
625 1151 674 1179 sed
694 1150 843 1178 verborum
862 1149 1060 1183 inﬁrmitatem,
1086 1157 1147 1186 quae
1175 1156 1268 1178 rerum
1295 1150 1457 1186 qualitatem
1486 1155 1658 1177 accuratam-

46 1207 92 1234 que
108 1199 364 1234 interpretationem
383 1207 432 1235 pro
449 1207 543 1227 earum
561 1200 696 1235 dignitate
712 1198 822 1234 assequi
840 1205 895 1226 non
916 1202 1043 1233 possunt.

76 1247 189 1280 Σχίσμα
202 1243 261 1273 οὖν
281 1246 374 1273 πάλιν
391 1246 508 1281 ἐγένετο
530 1246 564 1273 ἐν
577 1245 638 1279 τοῖς
660 1245 819 1279 Ἰουδαίοις,

47 1290 88 1316 καὶ
102 1291 133 1316 τὰ
146 1290 218 1326 ἑξῆς.

78 1336 186 1362 Κάτεισι
223 1335 272 1363 τοῦ
312 1336 436 1372 Σωτῆρος
463 1337 477 1363 6
511 1337 588 1371 λόγος
621 1336 661 1368 είς
691 1336 738 1367 τὰς
768 1336 822 1362 τῶν

47 1383 216 1417 ἀκροωμένων
239 1383 362 1418 καρδίας,
381 1383 426 1409 καὶ
443 1382 650 1418 τρυφερωτέρας
667 1382 716 1418 μὲν
733 1381 820 1418 εὑρὼν

50 1428 219 1463 μεταπλάττει
237 1429 419 1464 παραχρῆμα,
439 1429 486 1454 καὶ
508 1428 576 1463 πρὸς
591 1427 646 1460 ἕξιν
664 1427 822 1462 μεθίστησιν

48 1473 157 1508 ἀγαθήν·
185 1473 318 1508 σκληραῖς
343 1473 371 1499 δὲ
389 1472 542 1508 περιτυχὼν
574 1473 752 1500 ἀπανίσταται
776 1473 822 1500 καὶ

48 1518 162 1545 ἀπονεύει
176 1519 277 1554 τρόπον
290 1519 361 1545 τινά.
374 1518 477 1545 Οὐκοῦν
497 1520 510 1545 ὁ
525 1518 573 1553 μὲν
591 1519 698 1553 ἕτοιμόν
712 1528 770 1551 πως
784 1520 822 1551 εἰς

48 1564 244 1599 εὐγνωμοσύνην
258 1564 328 1599 ἔχων
340 1564 384 1591 τὸν
399 1564 471 1596 νοῦν,
485 1565 533 1591 τὸν
550 1566 681 1601 σωτήριον
695 1565 820 1600 ἀσμένως

911 1243 944 1277 x,
959 1244 1001 1272 i9.
1020 1243 1154 1271 Disscnsia
1174 1245 1269 1271 iterum
1282 1243 1356 1278 facta
1367 1247 1405 1270 est
1421 1243 1488 1270 inter
1501 1241 1619 1270 Iudaeos.

912 1332 1066 1360 Servatoris
1092 1340 1183 1360 sermo
1206 1331 1347 1360 descendit
1369 1332 1397 1360 in
1425 1331 1581 1360 auditorum
1609 1342 1657 1369 pe-

876 1383 963 1411 ctora,
977 1385 1063 1414 eaque
1081 1383 1180 1406 nactus
1198 1378 1370 1413 aliquantum
1390 1378 1494 1410 mollia,
1512 1378 1657 1414 derepente

876 1428 964 1452 mutat
980 1427 1007 1452 et
1031 1424 1065 1452 ad
1084 1424 1185 1452 bonum
1202 1423 1322 1452 traducit
1341 1423 1471 1451 habitum
1494 1433 1501 1451 :
1517 1422 1657 1453 wooden:

873 1477 940 1497 vero
963 1468 1043 1504 dura,
1070 1470 1272 1506 quodammodo
1303 1470 1407 1498 recedit
1425 1477 1456 1497 ac
1481 1470 1655 1499 retrofertur.

873 1515 959 1551 igitur
985 1516 1029 1543 cui
1071 1524 1149 1544 mens
1181 1517 1215 1544 ad
1247 1516 1464 1544 benevolentiam
1499 1522 1656 1552 comparata

873 1562 966 1596 fuerit,
993 1563 1150 1590 Servatoris
1173 1570 1328 1591 sermonem
1356 1563 1445 1590 libens
1474 1564 1591 1599 exeipit;
1609 1565 1655 1600 qui

49 1610 214 1644 παραδέξεται
227 1610 317 1644 λόγον,
333 1611 346 1636 ὁ
357 1609 384 1636 δὲ
398 1609 434 1645 μὴ
446 1609 573 1642 τοιοῦτος,
583 1610 683 1637 οὐκέτι.
696 1610 819 1637 Τοιοῦτόν

873 1616 951 1636 secus
972 1616 1001 1636 se
1016 1608 1108 1640 habet,
1130 1615 1313 1644 nequaquam.
1329 1609 1423 1637 Simile
1442 1610 1571 1645 quiddam
1588 1618 1655 1638 usu-

49 1663 71 1680 τι
86 1656 175 1690 συνὲὗη
188 1656 285 1682 παθεῖν
301 1655 362 1687 τοὺς
385 1655 516 1682 Ἰουδαίων
529 1655 619 1687 λαούς.
642 1655 752 1691 Ἐπειδὴ
767 1655 821 1691 γὰρ

49 1700 96 1727 τῶν
105 1700 147 1727 τοῦ
162 1701 288 1736 Σωτῆρος
303 1700 523 1736 κατηκροάσαντο
537 1701 634 1735 λόγων,
649 1701 823 1736 κατασχίζον-

50 1747 162 1782 ταιπρδς
175 1747 318 1782 διχόνοιαν,
340 1747 386 1773 καὶ
406 1747 430 1772 οἱ
457 1746 506 1781 μὲν
525 1746 758 1781 αῑσθητικώτεροι,
777 1745 823 1781 ῥέ-

50 1801 135 1819 πουσιν
151 1793 199 1829 ἤδη
212 1793 280 1827 πρὸς
293 1792 429 1828 σωτηρίας
442 1791 540 1827 ᾶρχήψ
557 1791 581 1818 οε
599 1792 626 1818 δὲ
639 1790 761 1826 σκληροὶ,
776 1799 820 1817 νο·

51 1838 118 1864 δοῦσι
130 1840 268 1874 χειρόνως,
280 1838 351 1873 ἢπερ
366 1835 437 1873 εἶχον
453 1837 481 1863 ὲν
499 1838 581 1872 ἀρχῇ.
595 1836 820 1871 Καταπλήττεται

50 1882 74 1909 δὲ
93 1882 180 1919 ὥσπερ
204 1884 219 1910 ὁ
240 1883 384 1914 θεσπέσιος
401 1881 597 1917 εὐαγγελιοτὴς
615 1882 639 1908 εἰ
654 1880 697 1908 διὰ
711 1880 821 1912 τούτους

50 1929 105 1959 τοὺς
117 1928 207 1962 λόγους
225 1927 324 1964 συνέϐη
340 1927 482 1963 σχισθῆναι
498 1928 561 1959 τοὺς
579 1927 712 1954 Ἰουδαίων
727 1926 818 1958 λαούς.

55 1971 287 2007 Ἕμῳαντικώτατα
302 1975 356 2009 γὰρ
365 1971 441 2008 οἶμαι
456 1973 545 2007 λέγειν
560 1973 640 2000 αὑτὸν
658 1971 688 1999 τὸ
704 1972 820 2008 σκληρὸν

49 2018 95 2044 τῶν
107 2019 309 2054 ἀπειθησάντων
321 2018 506 2054 θαυμάζοντα,
522 2019 563 2046 ὅτι
583 2019 686 2054 σχίσμα
713 2019 820 2053 ἐγένετο

49 2062 86 2089 ειά
101 2064 158 2096 τοὺς
168 2065 263 2098 λόγους
275 2064 385 2096 τούτους
395 2064 428 2091 δι’
438 2064 494 2096 οὓς.
505 2065 597 2100 φησὶν,
613 2065 666 2091 ἔδει
682 2066 744 2096 τοὺς
756 2065 819 2091 Ἰου-

50 2108 128 2141 δαίους
141 2110 260 2146 ἀκριϐῶς
275 2109 419 2144 πεισθῆναι
427 2110 468 2136 ὅτι
485 2110 565 2141 αὐτός
579 2110 652 2137 ἐστιν
667 2110 680 2136 ὁ
691 2109 816 2145 Χριστός·

50 2154 236 2191 τοποῦτονῆσαν
244 2156 270 2182 οι
283 2155 330 2182 τοῦ
340 2155 465 2191 Σωτῆρος
479 2155 552 2188 λόγοι
566 2154 725 2190 θαυμαστοί.
740 2155 819 2181 Ἀλλά

53 2200 91 2225 καὶ
114 2200 210 2227 τούτων
235 2201 328 2232 αὐτοῖς
352 2201 504 2236 εἰρημένων
529 2197 570 2232 οἷς
593 2201 666 2232 είκδς
689 2199 723 2236 ἦν
750 2201 818 2236 πρὸς

873 1655 949 1681 venit
974 1651 1131 1682 Judteorum
1146 1655 1267 1690 populis.
1288 1655 1436 1690 Postquam
1459 1655 1532 1682 enim
1557 1656 1656 1683 Serva-

874 1700 943 1728 toris
967 1701 1050 1728 verba
1068 1700 1229 1732 audierunt,
1257 1701 1284 1728 in
1313 1705 1406 1735 partes
1432 1700 1511 1728 scissi
1538 1706 1613 1733 sunt,
1628 1706 1656 1729 et

875 1745 982 1780 quidem
1007 1745 1087 1779 paulo
1114 1745 1267 1773 teneriores
1291 1745 1348 1780 jam
1368 1745 1401 1771 ad
1421 1745 1530 1772 initium
1557 1746 1655 1773 salutis

871 1794 999 1826 vergunt,
1014 1790 1074 1818 duri
1087 1797 1151 1818 vero
1167 1790 1312 1826 pluSquam
1331 1795 1410 1817 antea
1428 1794 1570 1826 aegrotant.
1583 1791 1656 1824 Quo-

871 1828 1018 1863 da'mmodo
1033 1842 1098 1864 vero
1112 1835 1282 1871 obstupescit
1298 1836 1410 1864 divinus
1424 1836 1590 1872 evangelista
1608 1837 1654 1872 qui

872 1881 948 1909 lieret
972 1886 1002 1908 ut
1022 1884 1133 1916 propter
1156 1881 1209 1908 hos
1224 1888 1366 1908 sermones
1385 1879 1472 1907 Judaei
1496 1880 1655 1908 scindereno

873 1928 928 1955 tur.
947 1927 1015 1954 Puto
1036 1926 1110 1954 enim
1126 1934 1189 1954 eum
1206 1926 1350 1954 mirantem
1367 1926 1494 1954 duritiem
1513 1927 1655 1954 rebellium

875 1974 1043 2009 minimeque
1061 1973 1270 2009 obsequentium
1293 1973 1386 2001 dicere
1408 1972 1553 2001 admodum
1569 1974 1655 2009 signi-

874 2018 987 2046 ﬁcanter
1006 2019 1158 2046 scissuram
1175 2018 1275 2046 factam
1295 2026 1357 2046 esse
1374 2021 1486 2053 propter
1506 2018 1580 2053 ipsos
1595 2027 1654 2046 ser-

873 2071 980 2096 mones,
1000 2068 1111 2100 propter
1128 2071 1210 2099 quos,
1234 2064 1342 2098 inquit,
1365 2063 1468 2091 Judzeis
1494 2063 1655 2098 plenissime

873 2116 1037 2144 persuasum
1053 2116 1114 2137 esse
1128 2108 1320 2143 oportuit'eum
1335 2116 1395 2136 esse
1407 2107 1558 2140 Christum,
1568 2115 1655 2143 usque

873 2155 942 2182 adeo
958 2155 1112 2182 admirandi
1128 2158 1206 2182 erant
1221 2154 1375 2183 Servatoris
1387 2161 1537 2182 sermoaes.
1551 2154 1652 2182 Etcum

872 2201 930 2228 haec
942 2201 983 2229 eis
992 2201 1066 2229 dicta
1083 2204 1187 2235 essent,
1198 2201 1298 2236 quibus
1314 2208 1362 2236 par
1376 2205 1448 2229 esset
1460 2200 1541 2236 663
1555 2208 1652 2236 quem-

50 2244 189 2271 εὐπείθειαν
202 2245 402 2281 σαγηνεὺεσθαι
414 2245 515 2271 καὶτὸν
529 2245 630 2281 σφόδρα
641 2245 817 2281 δυσθήρατον,

873 2247 936 2274 libet
947 2246 990 2274 vel
1009 2247 1128 2274 maxime
1147 2246 1208 2281 capi
1229 2245 1364 2273 dililcilcm
1388 2245 1420 2273 ad
1434 2246 1596 2281 obsequium
1616 2246 1654 2272 ir-

53 2291 140 2325 σχίσμι
151 2291 261 2326 γέγονεν
278 2291 379 2322 αὐτοῖς.
403 2290 604 2325 Ἀποθαυμάζει
618 2291 707 2318 τοίνυν
719 2292 816 2323 αὐτοὺς

51 2336 84 2366 εἱς
95 2336 262 2372 ἀναίσχυντον
279 2337 421 2372 παρακοὴν
433 2337 547 2369 ἀνοσίως
570 2337 814 2372 ἐκτετραμμένους.

51 2378 159 2417 Τοσούτῳ
174 2382 241 2418 γὰρ,
257 2381 343 2418 οἶμαι,
360 2382 569 2418 κατηγορεῖσθαι
586 2382 693 2415 δίκαιοι,
709 2383 817 2418 ὅσῳπερ

51 2424 78 2450 ἂν
90 2427 193 2459 εἰκότως
206 2429 220 2454 ὁ
232 2428 353 2464 περὶτοῦ
364 2428 489 2464 Σωτῆρος
500 2428 515 2463 ἡ
520 2427 577 2463 μῶν
591 2427 755 2463 θαυμάζοιτο
771 2427 816 2454 λό-

51 2477 98 2503 γος.
117 2471 145 2497 ’0
160 2472 206 2507 μὲν
219 2471 265 2499 οὖν
283 2473 372 2499 ἐλάλει
384 2472 522 2507 θεοπρεπῆ
541 2472 587 2499 καὶ
599 2473 670 2508 ἅπερ
681 2473 817 2508 ὑπερανα-

52 2515 127 2543 6αίνει
140 2518 288 2553 ἄνθρωπον·
312 2519 329 2554 ή
354 2518 382 2544 δὲ
401 2518 456 2546 τῶν
478 2518 549 2554 ὑπὲρ
570 2518 711 2552 ἄνθρωπον
731 2518 817 2552 λόγων

51 2560 195 2598 λαμπρότης
205 2565 250 2590 καὶ
265 2564 282 2599 ἡ
296 2563 449 2599 θεοπρεπὴς
460 2563 608 2600 παρρησία,
621 2563 689 2598 πρὸς
699 2562 817 2598 ἄκρατον

55 2605 166 2633 ἀϐουλίαν
179 2608 299 2643 ἐξίστησι
310 2609 373 2640 τοὺς
385 2608 508 2639 πολλούς.
518 2608 573 2635 Καὶ
585 2607 699 2642 ἐπείπερ
711 2606 744 2643 ἦν
758 2607 817 2639 ἔθος

51 2652 100 2682 τοῖς
121 2653 221 2688 ἀληθῶς
243 2654 476 2689 δαιμονιζομένοις
503 2654 699 2690 προχειρότατα
715 2655 817 2689 δυσφη-

55 2698 112 2730 μεῖν.
126 2697 170 2724 ἅτε
195 2699 225 2734 δὴ
247 2699 437 2734 λελυπηκόσιν
466 2699 583 2731 εὐκόλως
611 2700 658 2726 καὶ
684 2700 817 2731 συνέσεως

53 2741 145 2777 ἀπάσης
161 2743 210 2776 ἔξω
230 2745 374 2780 κειμένοις,
394 2743 476 2780 ῷοντο
492 2745 519 2771 δὲ
534 2744 578 2771 τδν
592 2744 693 2779 Κύριον
705 2744 816 2780 ἄνθρω-

54 2794 95 2812 πον
116 2787 177 2815 εἶναι
194 2789 279 2824 ψιλὸν,
293 2790 343 2816 οὐκ
359 2789 520 2820 ἐννοοῦντες,
538 2790 578 2816 ὅτι
594 2789 659 2821 Θεὸς
677 2789 710 2825 ἦν
723 2790 812 2824 φύσει,

88 2870 173 2904 Ἶυαη.
191 2881 294 2912 “1,49.
335 2880 344 2895 ³
356 2878 433 2906 Joau.
450 2887 504 2910 xtv,
520 2878 565 2906 28.

871 2293 958 2326 retiri,
973 2293 1092 2320 sehisma
1107 2292 1207 2320 factum
1224 2296 1266 2319 est
1280 2291 1330 2318 eis.
1350 2290 1463 2318 Miratur
1476 2299 1540 2327 ergo
1557 2299 1605 2319 eos
1625 2292 1652 2320 in

871 2338 925 2363 tam
953 2336 1140 2372 impudentem
1165 2335 1366 2364 contumaciam
1387 2335 1469 2370 impie
1491 2343 1650 2364 conversos.

870 2381 958 2409 Tanto
981 2382 1068 2417 magis
1086 2381 1159 2409 enim
1183 2380 1308 2408 accusari
1326 2385 1474 2412 merentur,
1492 2386 1595 2415 quanto
1610 2381 1652 2408 vi-

871 2427 971 2455 delicet
983 2426 1139 2455 Servatoris
1153 2433 1243 2454 sermo
1254 2425 1354 2460 majori
1370 2425 1541 2452 admirationi
1557 2424 1650 2453 fuerit.

868 2472 917 2500 ille
943 2473 1016 2500 enim
1039 2471 1095 2499 Deo
1123 2472 1203 2507 digna
1220 2475 1248 2499 et
1265 2471 1402 2499 hominem
1428 2470 1650 2498 transcendentia

869 2517 1187 2553 laquebatur;splendor
1203 2521 1270 2543 vero
1284 2515 1428 2550 verborum
1443 2514 1554 2542 homine
1563 2515 1651 2542 subli-

869 2563 987 2590 miorum
1011 2567 1038 2590 et
1065 2563 1233 2590 conveniens
1254 2561 1308 2589 Deo
1326 2559 1455 2595 loquendi
1481 2559 1592 2588 libertas
1615 2560 1650 2587 ad

869 2608 1046 2636 immodicam
1062 2610 1216 2636 vecordiam
1237 2611 1263 2635 et
1287 2607 1468 2635 temeritatem
1482 2606 1579 2641 vulgus
1596 2606 1649 2632 im-

869 2655 957 2690 pellit.
975 2654 1007 2681 Et
1021 2655 1085 2689 quia
1105 2654 1192 2682 moris
1211 2659 1252 2682 est
1270 2654 1303 2682 iis
1319 2653 1363 2688 qui
1382 2653 1471 2688 reipsa
1486 2652 1649 2680 daemonium

870 2701 971 2729 habent
985 2700 1152 2728 eﬂusiSsime
1166 2700 1342 2731 maledicere,
1355 2703 1450 2733 utpote
1466 2697 1513 2733 qui
1529 2696 1608 2724 facile
1621 2696 1649 2723 in

869 2746 972 2773 rabiem
991 2749 1118 2781 agantur,
1140 2750 1168 2774 et
1183 2744 1216 2773 de
1231 2749 1305 2773 statu
1322 2745 1420 2772 mentis
1436 2743 1547 2771 omnino
1565 2741 1649 2770 emoti

870 2791 936 2825 sint,
951 2792 1086 2826 putabant
1100 2791 1243 2819 Dominum
1258 2792 1396 2818 hominem
1410 2789 1563 2825 simplicem
1579 2795 1650 2819 esse.
