1906 3037
244 148 279 176 I5
727 146 763 174 AS.
785 145 924 175 C-YRILLI
944 146 1179 174 ALEXANDRINI
1199 145 1359 175 ARCIIIEP.
1836 146 1872 172 I6

244 206 315 233 haud
331 204 580 233 animadvertentes
594 212 656 233 cum
667 212 729 232 esse
738 209 837 232 natura
850 205 944 237 Deum,
954 205 1027 233 idco-

1081 206 1122 233 διὰ
1134 206 1213 232 τοῦτο
1226 205 1264 237 ὡς
1274 206 1437 241 ἀκρατήτως
1451 203 1681 240 βλασφημοῦντες,
1692 203 1874 240 δαιμονῶντα

243 259 297 287 que
312 251 344 278 ad
360 251 540 278 contumelias
555 250 671 278 eil‘rencs
689 250 739 286 ipsi
755 250 880 278 dmmone
894 252 1026 285 agitatum

244 297 389 325 vocabant.
413 297 568 324 Audiebant
587 297 658 324 enim
677 297 811 323 dicentem
835 304 867 323 ea
893 304 954 331 qua:
979 297 1025 324 uni

247 343 301 369 lico
324 341 415 369 dicere
441 342 623 376 competebat,
648 345 778 375 tanquam
805 348 891 367 unum
918 348 984 368 vero
1010 347 1028 368 θ

245 388 327 415 uobis
341 387 474 419 videntes,
488 392 513 413 et
540 387 601 421 quis
628 385 932 414 secundumlnaturam
956 390 1028 413 esset

245 434 365 461 nondum
390 437 599 468 cognoscemus.
624 439 687 459 eum
714 431 816 466 aliquid
836 431 889 458 Deo
914 432 1026 466 dignum

244 479 359 508 diceret.
374 478 562 512 blasphemias
582 477 844 511 interpretabantur.
857 476 940 512 Igitur
955 485 1028 504 (nco-

244 524 352 551 nomice
375 528 402 550 et
423 531 514 550 rerum
537 523 634 550 ordine
659 527 772 558 propter
791 523 960 550 audientium
979 523 1028 549 im-

245 567 417 595 bccillitatcm
433 574 622 601 saepenumero
639 567 777 594 submisse
791 571 817 594 et
830 567 931 594 usitato
949 567 1028 595 nobis

244 619 372 640 sermone
395 613 527 647 loquitur.
543 613 615 647 Ergo
641 612 778 640 scinditur
802 611 958 639 Juda‘orum
980 620 1027 647 po-

243 659 336 694 pulus,
354 663 382 686 et
410 659 457 685 alii
486 657 598 693 quidem
626 666 800 693 nequaquam
829 658 1028 693 perpendentes

244 703 373 739 mysteria
392 711 452 738 qua:
477 703 505 730 in
530 703 574 730 his
599 707 690 736 erant,
721 703 806 737 impie
833 703 1026 730 contumeliosi

244 750 378 782 sunt;a|ii
396 758 460 777 vero
475 749 559 777 animi
574 749 668 776 habitu
682 750 880 777 moderatiores
890 757 944 776 non
961 757 1029 784 prte—

245 803 361 830 propcre
376 795 570 823 condemnant.
587 795 766 823 Revolventcs
792 801 882 822 autem
910 796 980 830 apud
999 803 1029 822 se

244 843 305 875 ejns
325 842 405 869 verba
421 847 447 869 et
466 846 593 870 accurate
613 841 808 876 expendentes,
822 849 920 868 eorum
938 841 1029 868 suavi-

245 892 330 914 tatem
355 887 573 919 subodorantur.
598 891 625 915 et
652 888 689 914 ita
706 887 931 922 probatissimum
953 886 1028 922 judi-

244 935 318 961 cium
346 934 448 966 I'erunt,
469 938 524 961 tam
551 934 659 962 sobrias
687 934 863 968 ctelcstisque
891 933 1030 967 sapientiae

245 981 340 1015 plenas
355 988 436 1007 voces
452 979 554 1007 levitati
576 980 731 1006 dzemonum
748 979 863 1006 minime
877 979 1030 1006 attribuen-

244 1030 294 1052 tes.
318 1025 365 1052 Est
385 1025 456 1052 enim
473 1025 558 1052 moris
576 1024 631 1051 illis
648 1025 720 1052 inter
735 1024 927 1051 insaniendum
947 1024 1030 1050 inter-

243 1070 364 1097 eidentia
390 1074 417 1096 et
440 1069 588 1097 titubantia
615 1069 699 1104 loqui.
721 1069 805 1105 Igitur
829 1069 881 1104 ipsi
900 1069 1028 1096 Pharisaei

244 1116 355 1151 magisa
370 1115 492 1142 dmmone
505 1116 684 1148 vexabantur,
700 1116 782 1142 talem
798 1115 968 1150 appellantes
981 1115 1028 1150 qui

244 1163 278 1189 ah
294 1170 325 1190 ea
342 1162 549 1198 perturbatione
567 1161 696 1188 immunis
717 1165 758 1188 est
773 1161 806 1193 ",
821 1167 872 1188 nec
888 1160 982 1187 vident
1000 1167 1030 1187 se

244 1210 356 1236 insitum
377 1208 429 1235 sibi
455 1208 582 1235 morbum
611 1207 754 1242 evulgare.
779 1207 901 1242 adeoque
925 1207 1027 1233 malum

243 1261 298 1288 quo
334 1252 530 1280 conﬂictantur
556 1259 611 1286 prae
649 1251 787 1285 imperitia
825 1256 852 1278 et
878 1251 1029 1278 stoliditate

244 1300 333 1334 palam
351 1298 452 1325 facere.
467 1297 500 1324 Et
520 1305 580 1324 meo
601 1296 712 1332 quidem
727 1296 832 1331 judicio
847 1304 954 1324 sutnma
972 1304 1030 1324 ma-

244 1345 302 1371 litia
318 1344 417 1371 dicunt
433 1343 576 1370 Dominum
594 1343 693 1369 habere
708 1341 882 1369 dzemonium.
899 1341 1029 1375 Quando-

243 1389 354 1425 quidem
372 1389 446 1416 enim
463 1392 592 1423 tanquam
612 1392 738 1422 pastores
758 1388 903 1415 incusabat
920 1388 1030 1415 timidos

243 1441 270 1463 ct
281 1435 479 1466 mercenarios,
492 1435 592 1469 quippe
609 1435 653 1468 qui
673 1435 862 1470 relinquerent
874 1442 938 1463 oves
953 1435 1028 1470 lupo.

244 1489 396 1518 parumque
417 1480 561 1508 admodum
578 1481 611 1508 de
628 1487 709 1515 grege
729 1481 839 1508 solliciti
856 1484 959 1513 essent,
975 1488 1028 1507 non

244 1519 422 1555 mediocriter
436 1527 615 1558 consternati,
628 1527 761 1560 veritique
775 1534 808 1553 ne
825 1527 917 1561 populi
935 1527 1029 1561 utique

245 1573 427 1607 intelligentes
452 1572 524 1607 quod
545 1572 649 1599 dictum
676 1576 744 1604 erat,
770 1571 902 1608 deinceps
925 1573 960 1600 ab
988 1573 1028 1600 eis

244 1619 320 1654 pasci
335 1619 540 1649 detrectarent.
564 1623 591 1645 et
618 1619 644 1644 in
665 1617 840 1652 disciplinam
870 1617 974 1645 Christi
999 1625 1028 1645 se

243 1666 359 1692 darent:
376 1669 521 1699 propterea
549 1664 648 1691 animis
671 1663 858 1698 gregariorum
885 1663 1027 1690 hominum

243 1712 338 1738 lucum
363 1709 495 1737 facientes
518 1710 618 1737 aiunt:
637 1717 646 1734 ι
666 1708 834 1736 Βωιιιοιιίυιιι
857 1708 948 1741 habet,
962 1709 1027 1744 quid

243 1757 320 1784 illum
333 1756 434 1784 auditis
445 1757 476 1772 5"
485 1756 496 1782 ἵ
505 1765 514 1782 ›
531 1755 608 1788 Quod
619 1762 737 1790 cumper
746 1761 880 1782 summam
895 1754 1027 1781 malitiam

244 1803 380 1835 dicerent,
392 1801 540 1829 consilium
559 1805 649 1828 tamen
667 1801 721 1828 illis
741 1801 768 1828 in
783 1793 952 1829 contrarium
967 1807 1027 1828 ces-

245 1848 281 1876 sit
297 1858 304 1875 :
318 1851 345 1875 et
362 1848 406 1874 alii
418 1846 500 1883 665
516 1846 625 1882 quidem
638 1850 779 1881 perspecta
795 1846 941 1873 verborum
960 1853 1027 1881 qua-

247 1891 319 1918 litate
335 1896 369 1918 ea'
383 1895 458 1918 recte
482 1891 618 1925 judicant,
630 1897 680 1917 nec
696 1891 760 1917 talia
773 1890 871 1918 cadere
895 1891 922 1918 in
937 1891 1026 1918 homi-

244 1943 307 1963 nem
327 1943 341 1962 a
364 1936 488 1963 da’mtone
510 1943 668 1970 possessum
686 1943 693 1962 :
715 1938 806 1962 tamen
829 1935 1025 1962 miraculorum

244 1981 401 2009 elice-tiones
435 1980 649 2016 inexpugnabile
678 1980 865 2007 testimonium
896 1980 1028 2015 prtebent.

245 2026 292 2052 ait.
318 2026 375 2054 Etsi
390 2027 462 2054 enim
481 2026 620 2053 accusatis
637 2025 719 2053 verba
738 2029 766 2052 ut
784 2033 837 2052 non
859 2031 932 2053 recte
945 2026 1028 2057 dicta.

245 2077 366 2100 attamen
394 2073 451 2100 Iieri
480 2079 535 2099 non
562 2075 652 2106 potest
681 2076 711 2098 ut
736 2071 798 2106 quis
830 2071 976 2099 identidem
1002 2076 1030 2098 et

1078 252 1202 279 ἐκάλουν.
1222 252 1340 278 Ἤκουον
1358 251 1412 287 γὰρ
1425 252 1549 285 λέγοντος
1558 251 1633 286 ἀπερ
1647 251 1680 277 ἂν
1697 250 1803 286 πρέποι
1822 250 1875 285 p.5-

1079 307 1116 333 νῳ
1127 298 1214 332 λέγειν
1225 297 1263 332 τῷ
1272 297 1346 332 Θεῷ·
1360 297 1397 328 ὡς
1409 297 1456 324 ἕνα
1469 297 1496 323 δὲ
1510 297 1562 324 τῶν
1577 297 1637 323 καθ’
1650 297 1723 331 ἡμᾶς
1735 295 1873 330 ὁρῶντες,

1078 344 1124 370 καὶ
1142 343 1183 375 τίς
1198 342 1339 370 ἐστικατά
1359 342 1439 377 φύσιν
1455 342 1532 369 οὔπω
1546 342 1736 377 γινώσκοντες,
1759 341 1872 375 δυσφη-

1080 391 1140 424 μεῖν
1157 389 1282 424 ἐνόμιζον
1300 390 1344 416 ὅτε
1358 398 1384 415 τι
1401 388 1475 423 λέγει
1492 387 1650 423 θεοπρεπές.
1671 387 1777 414 Οὐκοῦν
1793 387 1874 413 οίκοη

1078 435 1200 471 νομικῶς
1212 435 1257 462 διὰ
1271 435 1319 471 τὴν
1331 435 1386 462 τῶν
1398 434 1581 470 ἀκροωμένων
1593 433 1733 460 ἀσθένειαν
1750 432 1874 467 ὑφειμέ-

1078 489 1131 512 νως
1157 481 1287 512 πολλάκις
1313 481 1359 507 καὶ
1381 479 1420 515 τῷ
1444 479 1505 506 καθ’
1527 480 1602 514 ἡμᾶς
1624 479 1756 514 κέχρηται
1783 478 1872 513 λόγῳ.

1079 525 1280 561 Κατασχίζεται
1303 525 1392 551 τοίνυν
1409 524 1462 551 τῶν
1484 524 1618 551 Ἰουδαίων
1636 525 1650 550 ὁ
1664 524 1759 558 δῆμος,
1776 524 1827 550 καὶ
1846 525 1872 550 οε

1080 571 1140 606 μὲν,
1155 569 1229 597 οὐδὲν
1247 571 1421 603 ἐννοήσαντες
1442 570 1509 601 ὅλως
1522 569 1576 596 τῶν
1591 570 1634 595 ἐπ’
1652 569 1742 601 αὐτοῖς
1760 577 1873 604 μυστη-

1081 616 1156 651 ρίων,
1172 615 1285 647 ἀνοσίως
1299 615 1465 650 ὑϐρίζουσιν,
1475 615 1498 641 οἱ
1509 614 1593 648 δὲτὴν
1602 614 1658 646 ἕξιν
1667 614 1872 650 ἐπιεικέστεροι

1079 660 1232 696 προχείρως
1245 660 1274 686 οὐ
1288 659 1507 695 κατακρίνουσιν.
1517 654 1741 693 Ἀναμασώμενοι
1756 658 1787 684 δὲ
1803 658 1872 689 τοὺς

1079 705 1144 740 παρ’
1156 705 1238 731 αὐτοῦ
1259 705 1354 738 λόγους
1364 705 1412 731 καὶ
1429 704 1497 738 μετὰ
1509 704 1653 740 ἀκριϐείας
1661 703 1870 738 βασανίζοντες,

1079 752 1128 787 τῆς
1143 753 1171 778 ἐν
1188 752 1277 784 αὐτοῖς
1293 752 1458 786 γλυκύτητος
1477 751 1696 782 ὑπαισθάνονται,
1712 750 1872 785 δοκιμωτά-

1079 806 1128 832 την
1153 806 1181 824 τε
1199 797 1271 824 οὕτω
1292 797 1430 824 ποιοῦνται
1445 797 1492 832 τὴν
1507 797 1653 832 διάκρισιν,
1668 797 1804 832 νήφοντας
1821 795 1871 823 καὶ

1080 843 1214 874 συνέσεως
1235 843 1284 875 τῆς
1296 842 1436 877 ἀνωτάτης
1458 843 1592 877 γέμοντας
1612 842 1717 877 λόγους,
1737 843 1798 874 ταῖς
1813 842 1870 868 τῶν

1046 889 1065 916 Β
1079 888 1226 922 δαιμονίων
1240 888 1384 924 ἐλαφρίαις
1394 888 1424 914 οὺ
1439 887 1622 923 χαριζόμενοι.
1637 888 1717 919 Ἐϐος
1728 887 1783 922 γὰρ
1792 887 1869 914 ἐκεί-

1081 943 1133 960 νων
1148 934 1176 960 ἐν
1190 933 1229 968 τῷ
1245 934 1423 968 παραπαίειν,
1438 933 1468 959 τὸ
1495 933 1688 969 παρεμπίπτον
1711 933 1813 959 λαλεῖν.
1835 933 1868 958 ΟΕ

1079 977 1126 1005 οὖν
1142 980 1282 1014 Φαρισαῖοι
1298 979 1398 1014 μᾶλλον
1409 976 1478 1014 ἦσαν
1492 978 1516 1005 cl.
1530 979 1719 1014 δαιμονῶντες,
1738 979 1764 1004 οἱ
1774 977 1868 1005 τοιοῦ-

1079 1033 1124 1050 τον
1147 1024 1292 1056 καλοῦντες
1313 1024 1480 1056 τὸν,παντδς
1503 1024 1644 1060 ἐλεύθερον
1670 1025 1783 1057 πάθους,
1818 1024 1868 1050 καὶ

1079 1069 1222 1104 λελήθασιν
1234 1070 1346 1101 ἐαυτοὺς
1362 1069 1410 1106 τὴν
1424 1070 1535 1097 ἐνοῦσαν
1550 1070 1640 1102 αὐτοῖς
1655 1069 1868 1105 ἐξαγορεύοντες

1079 1115 1157 1140 νόσον
1180 1115 1227 1141 καὶ
1253 1115 1282 1142 τὸ
1308 1115 1417 1151 συνέχον
1439 1116 1538 1147 αὐτοὺς
1553 1115 1634 1142 κακὸν
1653 1115 1682 1147 ἐξ
1695 1115 1808 1149 ἀγνοίας
1823 1114 1868 1147 ἐξ-

1078 1160 1204 1195 ηγεῖσθαι
1222 1160 1252 1187 οὐ
1273 1161 1493 1196 παραιτούμενοι.
1507 1159 1590 1196 Οἶμαι
1602 1160 1630 1186 δέ
1644 1159 1731 1194 ἔγωγε
1745 1168 1868 1196 κακουρ-

1079 1205 1200 1239 γοτάτως
1213 1205 1314 1241 σφόδρα
1329 1205 1418 1240 λέγειν
1429 1206 1536 1238 αὐτοὺς,
1548 1206 1589 1232 ὅτι
1600 1205 1714 1240 δαιμονᾷ
1725 1206 1738 1231 ὁ
1751 1205 1866 1241 Κύριος.

1086 1248 1194 1286 Ἐπειδὴ
1218 1251 1272 1286 γὰρ
1296 1251 1334 1283 ὡς
1357 1251 1487 1286 ποιμένας
1509 1252 1656 1287 κατῃτιᾶτο
1681 1251 1786 1282 δειλοὺς
1818 1251 1868 1278 καὶ

1081 1296 1295 1331 μισθωτοὺς,ὡς
1319 1296 1432 1328 sum;
1448 1297 1486 1331 τῷ
1502 1297 1576 1332 λύκῳ
1599 1298 1633 1324 τὰ
1659 1297 1793 1333 πρόεατα,
1817 1299 1866 1325 καὶ

1079 1341 1157 1376 ὀλίγα
1172 1342 1311 1374 παντελῶς
1336 1340 1384 1377 τῆς
1412 1343 1511 1377 ἀγέλης
1539 1343 1744 1379 φροντίσαντας,
1766 1344 1796 1371 οὒ
1814 1353 1866 1379 με-

1078 1388 1164 1423 τρίως
1175 1387 1408 1423 καταπτοούμενοι
1421 1412 1423 1415 λ
1429 1389 1466 1424 μὴ
1479 1389 1532 1424 ἄρα
1549 1389 1684 1421 συνιέντες
1698 1391 1723 1416 οἱ
1736 1390 1817 1425 δῆμοι
1835 1390 1867 1416 τὸ

1080 1433 1234 1468 εἰρημένον,
1250 1434 1474 1469 παραιτὴσωνται
1491 1435 1540 1470 μὲν
1553 1435 1603 1470 ἥδη
1619 1436 1649 1462 τὸ
1660 1436 1706 1462 ὑπ’
1716 1436 1808 1467 αὐτοῖς
1823 1436 1865 1462 ἔτι

1080 1478 1281 1514 ποιμαίνεσθαι,
1297 1479 1491 1515 προσδράμωσι
1502 1480 1530 1507 δὲ
1544 1483 1576 1516 τῇ
1591 1482 1642 1508 ὑπὸ
1655 1481 1764 1517 Χριστῷ
1777 1481 1866 1517 μαθη-

1080 1525 1150 1560 τείᾳ,
1162 1524 1204 1551 διὰ
1220 1525 1297 1551 τοῦτο
1312 1525 1357 1551 τὸν
1372 1525 1435 1552 νοῦν
1447 1525 1500 1552 τῶν
1515 1526 1649 1560 ἀγελαίων
1661 1527 1864 1561 φενακίζοντες,

1081 1569 1156 1604 φασί·
1178 1578 1188 1596 ι
1208 1571 1349 1605 Δαιμόνιον
1378 1570 1444 1606 ἔχει,
1474 1572 1501 1598 τί
1519 1571 1601 1598 αὑτοῦ
1622 1572 1750 1605 ἀκούετες
1775 1581 1784 1597 ι
1809 1572 1866 1598 Καὶ

1079 1615 1166 1642 ταῦτα
1186 1615 1297 1642 ἐκείνων
1324 1615 1367 1642 διὰ
1394 1617 1562 1651 κακουργίαν
1591 1617 1732 1651 λεγόντων,
1763 1617 1804 1648 είς
1834 1616 1865 1643 τὸ

1079 1661 1199 1687 ἐναντίον
1214 1662 1304 1693 αὐτοῖς
1323 1661 1408 1698 ἐπέϐη
1433 1662 1463 1689 τὸ
1480 1663 1602 1698 σκέμμα,
1615 1663 1689 1689 ἄλλοι
1705 1662 1734 1689 δέ
1746 1662 1798 1689 ἀπὸ
1815 1663 1865 1697 μὲν

1079 1706 1128 1741 τῆς
1141 1706 1195 1733 τῶν
1210 1707 1296 1741 λόγων
1311 1708 1461 1744 ποιότητος,
1471 1708 1566 1743 ὀρθοὺς
1577 1706 1646 1735 εἶναι
1661 1709 1782 1744 κρίνουσι
1799 1708 1865 1740 τοὺς

1079 1752 1126 1779 τοῦ
1142 1753 1247 1788 Κυρίου
1265 1753 1371 1788 λόγους,
1386 1754 1424 1785 ὡς
1440 1754 1490 1781 οὐκ
1501 1754 1585 1781 ϐντων
1599 1754 1652 1781 τῶν
1661 1753 1791 1781 τοιούτων
1804 1754 1863 1780 δαι-

1080 1799 1270 1835 μονιζομένου-
1286 1801 1361 1836 ὅμως
1372 1802 1399 1827 αι
1410 1801 1638 1836 Θαυματουργίαι,
1653 1801 1744 1836 φησιν,
1757 1801 1864 1835 ἄμαχον

1079 1845 1171 1880 ἔχουσι
1180 1846 1350 1882 μαρτυρίαν.
1364 1846 1396 1873 Et
1409 1846 1463 1881 γὰρ
1472 1847 1521 1873 καὶ
1536 1847 1589 1873 τῶν
1604 1847 1690 1880 λόγων
1705 1846 1743 1878 ὡς
1753 1847 1803 1873 οὐκ
1815 1846 1862 1882 ὀρ-

1080 1891 1134 1923 Θῶς
1163 1891 1318 1926 λεγομένων
1353 1893 1542 1927 κατηγορεῖτε,
1574 1892 1631 1919 ἀλλ’
1663 1892 1801 1927 ἀμήχανον
1834 1892 1863 1917 ὲν

1079 1937 1170 1972 ταυτῷ
1199 1945 1258 1964 τινα
1283 1938 1330 1964 καὶ
1355 1937 1492 1973 δαιμόνιον
1522 1938 1604 1973 ἔχειν,
1627 1937 1740 1965 κάκεῖνα
1766 1939 1860 1964 ποιεῖν.

1086 1983 1152 2009 una
1182 1981 1229 2010 οὖν
1255 1983 1310 2010 τῶν
1337 1984 1451 2019 καρπῶν
1483 1984 1508 2011 οί
1537 1984 1619 2011 αἴσιοι
1651 1984 1743 2020 κριταὶ
1770 1983 1862 2017 ἐπεγί-

1079 2036 1183 2055 νωσκον
1199 2029 1290 2061 αὑτὸν,
1306 2029 1374 2065 μετὰ
1389 2029 1436 2057 καὶ
1452 2030 1498 2056 τοῦ
1512 2030 1660 2066 Θαυμάζειν
1675 2030 1722 2056 τὸν
1737 2031 1799 2065 παρ’
1814 2030 1862 2056 αὒ-

1079 2073 1126 2100 τοῦ
1145 2073 1232 2108 λόγον.

245 2117 410 2146 daemonium
426 2118 525 2146 habeat
540 2122 567 2145 et
581 2117 628 2145 illa
647 2117 738 2145 faciat.
770 2117 792 2143 Δ
813 2117 948 2146 fructibus
965 2118 1049 2153 igitur
1067 2120 1137 2154 aequi
1152 2121 1260 2155 judices
1281 2122 1483 2158 cognoscebant
1504 2129 1576 2153 eum,
1608 2121 1690 2149 simul
1713 2125 1741 2149 et
1759 2128 1857 2149 sermo

246 2174 308 2195 nent
325 2166 386 2200 ejus
403 2164 622 2192 admirabantur.

279 2212 366 2244 X32.
382 2210 465 2238 Facta
479 2215 540 2238 sunt
553 2216 640 2238 autem
653 2210 778 2238 Encceniu
789 2212 814 2238 in
824 2211 1027 2247 Hierosolymis,

1115 2212 1247 2247 Ἐγένετο
1256 2213 1290 2239 δὲ
1303 2213 1340 2240 τὰ
1351 2213 1502 2248 Ἔγκαίνια
1511 2212 1546 2240 ἐν
1559 2213 1620 2245 τοῖς
1634 2212 1859 2248 Ἰεροσολύμοις,

243 2264 268 2286 ιι
286 2259 367 2286 hiems
382 2263 449 2285 erat.

281 2305 413 2331 Intererat
428 2307 520 2330 autem
536 2302 613 2330 festis
628 2303 773 2337 Dominus,
790 2311 844 2330 non
866 2308 894 2330 ut
911 2311 942 2330 ea
963 2311 1026 2331 eum

243 2349 347 2377 Iudaeis
360 2348 528 2381 celebraret;
544 2349 590 2383 qui
606 2349 633 2376 id
649 2349 722 2376 enim
738 2349 796 2376 ﬁeri
815 2353 921 2383 poterat
940 2349 975 2377 ab
994 2357 1027 2376 eo

244 2393 476 2429 quidixerat,0di
488 2399 516 2421 et
532 2402 631 2429 respuo
642 2394 709 2422 festa
720 2395 883 2422 vestraIsed
902 2398 932 2421 ut
948 2395 1027 2422 utiles

244 2446 312 2467 suos
328 2446 472 2466 sermones
487 2447 580 2466 coram
600 2440 702 2474 populo
724 2440 810 2467 multo
836 2440 951 2471 diceret,
968 2448 1026 2467 ma-

244 2485 374 2512 nifestum
391 2492 421 2512 se
437 2485 539 2512 Judmis
556 2485 668 2516 sistens.
689 2489 716 2512 et
733 2493 890 2520 quanquam
910 2494 963 2512 non
981 2493 1024 2513 re-

244 2531 362 2566 quisitns
388 2538 417 2558 se
437 2530 490 2566 illis
519 2530 686 2557 admiscens.
715 2529 904 2557 Encaaniorum
934 2535 1024 2558 autem

243 2576 354 2603 nomine
380 2575 424 2603 hic
449 2579 490 2603 est
519 2575 728 2610 intelligendum
746 2576 787 2602 vel
813 2576 931 2610 primum
958 2575 1025 2602 illud

242 2621 342 2648 festum
361 2627 415 2655 quo
441 2619 571 2647 Salomon
595 2626 696 2646 novum
723 2619 852 2654 templum
870 2619 1022 2652 dedicavit;

241 2668 284 2696 vel
301 2662 367 2694 illud
393 2666 582 2697 Zorobabelis,
601 2665 647 2700 qui
668 2665 765 2692 deinde
786 2673 846 2692 cum
867 2664 943 2698 Jesu,
964 2671 1026 2701 post

241 2713 360 2740 reditum
372 2711 542 2747 eBabylone,
552 2711 683 2744 templum
698 2709 768 2738 idem
777 2711 1024 2740 restauravit.Cum

274 2780 295 2795 "
310 2778 390 2806 Joan.
404 2785 463 2808 vni,
478 2777 522 2803 48.
560 2777 592 2792 ⁸³·
608 2776 674 2804 ibid.

1080 2258 1128 2286 καί
1145 2258 1254 2292 χειμὼν
1264 2256 1311 2292 ἦν.

1117 2303 1211 2338 Παρῆν
1220 2303 1258 2338 (1)
1271 2303 1299 2329 δὲ
1310 2304 1339 2330 ἐν
1348 2305 1408 2335 ταῖς
1417 2304 1524 2339 ἑορταῖς
1533 2305 1547 2331 ό
1559 2303 1672 2339 Κύριος,
1687 2304 1735 2339 οὐχ
1749 2304 1786 2336 ὡς
1800 2314 1860 2332 συν-

1080 2349 1227 2384 εορτάσων·
1236 2349 1294 2380 πῶς
1304 2349 1373 2383 γάρ;
1383 2350 1397 2375 ὸ
1409 2348 1502 2380 εἰπὼν,
1509 2349 1667 2384 Μεμίσηκα,
1677 2348 1807 2384 ἀπῶσμαι
1814 2351 1859 2381 τὰς

1081 2395 1176 2430 ἑορτὰς
1190 2394 1266 2429 ὑμῶν
1281 2403 1287 2410 ο
1302 2395 1358 2421 ἀλλ’
1375 2395 1419 2422 ἶνα
1433 2395 1496 2427 τοὺς
1511 2395 1660 2429 ὲπωφελεῑς
1674 2395 1756 2422 αὐτοῦ
1770 2396 1858 2431 λόγους

1080 2441 1126 2468 ἐπὶ
1134 2441 1269 2475 παρουσίᾳ
1283 2440 1386 2467 πολλῶν
1401 2441 1474 2476 εἴπῃ,
1499 2441 1606 2476 ἐμφανῆ
1622 2441 1716 2468 ἑαυτὸν
1727 2444 1857 2477 καταστή-

1080 2494 1127 2518 σας
1139 2487 1197 2518 τοῖς
1215 2486 1362 2518 Ἰουδαίοις,
1374 2487 1422 2512 καὶ
1432 2487 1576 2520 ἀζητήτως
1591 2488 1682 2518 αὐτοῖς
1699 2487 1794 2513 ἑαυτὸν
1810 2497 1855 2514 κα-

1078 2531 1204 2566 ταμίξας.
1238 2530 1377 2564 Ἐγκαίνια
1402 2531 1429 2557 δὲ
1452 2531 1556 2566 οἰητέον
1582 2531 1707 2563 ἐνταῦθα,
1730 2532 1786 2566 ἢτοι
1812 2533 1856 2566 τὴν

1079 2575 1189 2611 πρώτην
1215 2575 1320 2611 ἑορτὴν,
1350 2575 1410 2602 καθ’
1435 2575 1495 2611 ἥνὸ
1520 2575 1644 2611 Σολομὼν
1665 2576 1805 2603 ἐπετέλεσε
1827 2577 1855 2603 τὰ

1083 2621 1223 2654 Ἐγκαίνια
1235 2629 1242 2636 ’
1259 2621 1275 2656 ἦ
1289 2621 1333 2647 ὅτε
1345 2621 1359 2647 δ
1371 2620 1521 2655 Ζοροϐάϐελ
1537 2620 1647 2652 ὕστερον
1663 2621 1710 2647 σὺν
1721 2621 1760 2656 τῷ
1774 2622 1854 2657 Ἰησοῦ

1081 2666 1149 2701 μετὰ
1158 2665 1206 2701 τὴν
1220 2667 1252 2692 ἐκ
1267 2665 1424 2696 Βαϐυλῶνος
1446 2664 1583 2697 ἐπάνοδον,
1605 2665 1650 2691 τὸν
1671 2665 1734 2692 ναὸν
1764 2666 1852 2702 @2066-

1081 2721 1177 2748 μησεν.
1191 2711 1333 2747 Χειμῶνος
1344 2710 1372 2737 δὲ
1387 2711 1433 2738 καὶ
1452 2710 1530 2737 ὑετοῦ
1545 2710 1620 2743 ὅντος
1641 2711 1802 2747 τηνικαῦτα,
1820 2713 1854 2740 εί-

275 2845 313 2879 (1)
332 2845 434 2879 Παρῆν
447 2866 453 2872 .
467 2865 473 2872 .
487 2865 494 2873 .
505 2865 512 2872 .
527 2846 637 2881 λόγους
650 2854 682 2873 ex
698 2851 791 2875 eatcua
812 2847 941 2875 Vaticana
953 2868 960 2881 ,
976 2847 1023 2875 I‘ol.

1081 2848 1107 2881 0,
1126 2855 1169 2882 ap.
1189 2848 1240 2877 Mai
1251 2849 1320 2876 Bibl.
1336 2849 1402 2877 Nov.
1420 2849 1488 2882 PR,
1502 2849 1544 2883 III,
1560 2850 1621 2878 154.
