1906 3037
56 174 87 203 Π
443 170 477 198 1N
497 168 707 198 JOANNEM.—
724 167 789 195 LIB.
803 167 848 194 VII
869 167 914 194 ΕΤ
934 167 988 195 VIII
1006 168 1214 198 FRAGMENTA

1642 175 1682 211 at

54 233 138 259 ιοηως
151 228 277 257 ἅπαντες
292 227 340 254 ἐπὶ
353 227 403 262 τὴν
411 226 491 254 στοὰν
504 226 623 262 ἔτρεχον.
637 226 682 254 Διὸ
692 226 738 252 καὶ
751 226 764 252 6
777 226 798 251 Χ
803 233 843 260 ρι-

906 223 987 253 hiems
1003 230 1077 254 esset
1092 231 1119 254 et
1137 231 1201 255 tunc
1217 228 1333 262 plueret,
1344 231 1448 263 cuncti,
1460 234 1490 257 nt
1501 238 1549 265 par
1562 235 1632 262 erat,
1642 231 1674 257 ad

57 275 114 306 στὸς
129 275 188 300 ἐκεῖ
201 271 299 308 ἦλθεν,
309 273 353 299 ἵνα
363 273 428 298 πᾶσι
444 272 561 306 γνωρίσῃ
580 272 673 298 ἑαυτὸν
683 273 738 301 τοῖς
753 270 844 296 θέλου-

56 322 95 347 οιν
111 319 192 345 αὑτὸν
210 318 288 351 ἰδεῖν,
304 318 352 344 καὶ
365 316 471 352 μεταδῷ
482 317 573 348 αὐτοῖς
583 316 724 351 ὡφελείας.
743 316 774 342 Οἱ
790 315 844 351 γὰρ

56 367 169 402 ὁρῶντες
178 364 320 399 ἠκονῶντο
334 364 402 399 πρὸς
418 364 448 390 τὸ
459 363 563 399 ἐρωτᾷν
574 371 599 388 τι
614 362 692 388 αὐτόν
709 370 716 377 ·
734 362 775 388 ὅτι
799 362 845 388 καὶ

58 412 154 449 μᾶλλον
167 413 196 439 ἐν
212 413 275 444 ταῖς
290 411 401 446 ἀργίαις
412 409 563 444 πεφύκασιν
584 409 608 435 οἱ
625 408 762 444 ἄνθρωποι
782 408 845 439 τοὺς

57 458 191 489 τοιούτους
199 456 341 492 ἐπιμελῶς
354 456 491 482 ἀνακινεῖν
507 454 611 488 λόγους.

97 545 298 572 Ἐκύκνιωσαν
319 540 374 570 οὖν
398 541 495 568 minor.
517 541 554 567 οι.
573 539 719 572 Ἰουδαῖοι,
744 539 789 565 καὶ
812 538 847 565 τὰ

59 591 129 626 ἑξῆς.

92 638 275 673 Παραιτεῖται
307 637 356 672 μὲν
383 636 482 667 αὐτοὺς
509 634 544 660 τὸ⁴
561 634 600 665 είς
618 632 708 659 πίστιν
725 631 770 664 ὀξὺ
790 630 846 666 δρι-

62 683 169 719 μύσσων
186 684 200 710 ὸ
216 682 328 717 φθόνος·
346 682 502 713 ἐκϐιάζεται
516 680 544 707 δὲ
563 679 631 715 πρὸς
645 679 719 713 ἡμᾶς
735 677 764 704 τὸ
781 677 846 703 θαῦ-

62 736 98 762 μα
125 727 179 753 τῶν
205 726 380 762 τελουμένων
404 725 435 752 τὸ
458 724 583 760 μέγεθος.
606 722 799 750 ’Υπαιτιῶνταί
815 730 846 756 γε

63 774 112 808 μὴν
128 773 172 799 τὸν
192 773 287 806 λόγον,
311 772 359 798 καὶ
375 771 405 798 τὸ
428 771 477 805 τῆς
492 768 666 800 διδασκαλίας
686 767 846 803 περιεσταλ-

63 819 148 854 μίνον,
176 817 311 852 ἐμπόδιον
341 816 432 846 αὐτοῖς
457 812 528 841 εἶναί
563 822 630 848 φασι
655 813 701 840 τοῦ
729 812 847 839 συνιέναι

59 864 184 892 δύνασθαι
201 863 297 894 καλῶς
314 863 386 897 ἆπερ
400 861 454 887 ἔδει
469 860 577 896 μαθεῖν.
601 859 717 892 Ἀξιοῦσι
738 866 848 892 τοιγαρ-

896 271 1032 305 porticum
1065 272 1249 300 conlluebant.
1278 274 1366 307 Quare
1399 279 1426 302 et
1457 275 1583 304 Christus
1612 276 1675 303 illuc

895 316 980 349 venit,
1001 321 1030 344 ut
1053 325 1083 345 se
1106 319 1215 347 cunctis
1233 320 1276 347 sui
1298 320 1408 347 videndi
1433 321 1565 348 studiosis
1582 325 1674 348 osten-

895 362 982 396 deret,
994 368 1020 391 et
1035 363 1179 391 utilitatem
1194 364 1315 399 aliquam
1331 366 1527 400 impertiretur.
1538 365 1605 392 Nam
1618 366 1677 393 viso

895 416 939 441 eo,
952 409 985 436 ad
1013 409 1240 444 interrogandum
1257 411 1290 438 de
1316 419 1344 438 re
1367 412 1458 446 aliqua
1481 411 1674 439 acuebantur:

896 454 985 481 solent
1007 455 1079 482 enim
1099 455 1234 489 homines,
1258 465 1321 484 cum
1347 457 1492 489 feriantur,
1518 456 1676 492 hujusmodi

895 507 1037 527 sermones
1056 500 1174 528 libenter
1191 510 1382 530 commovere..

932 544 965 578 Χ,
978 545 1024 573 24.
1040 546 1274 575 Circumdederunt
1287 548 1439 583 igitureum
1456 547 1555 582 Judrei,
1569 551 1622 576 etc.

932 641 1085 675 Quominus
1101 643 1135 671 ad
1153 643 1232 672 fidem
1249 644 1433 679 pelliciantur,
1449 644 1561 680 impedit
1573 653 1620 674 eos
1637 644 1677 672 ris

897 689 1039 715 aestuantis
1063 688 1181 722 invidiae,
1206 690 1254 717 sed
1283 690 1334 716 alia
1362 695 1440 724 parte
1460 690 1545 717 trahit
1565 698 1677 724 operum
1723 703 1726 706 ν

897 733 1061 761 miraculum
1087 739 1114 762 et
1134 735 1302 770 magnitudo.
1321 735 1476 764 Causantur
1493 736 1600 770 quidem
1620 744 1679 763 ser-

897 786 1006 807 monem
1023 785 1049 807 et
1066 781 1198 808 doctrinae
1210 785 1379 809 contractam
1395 782 1601 814 obscuritatem,
1620 789 1679 816 qua:

899 824 1095 860 impedimento
1115 827 1152 854 sit
1175 834 1210 854 ne
1231 831 1304 854 recte
1322 826 1473 862 intelligere
1494 827 1601 862 possint
1620 835 1680 860 qtae

899 869 1031 898 discenda
1049 876 1123 899 sunt.
1144 871 1244 899 Petunt
1267 872 1351 907 igitur
1365 876 1395 899 ut
1420 873 1549 907 loquatur
1568 872 1680 899 eviden-

60 909 103 936 οὖν
127 909 214 934 εἰπεῖν
249 907 332 934 αὐτὸν
359 905 571 941 ἐναργέστερον,
600 905 689 931 καίτοι
719 903 846 934 πολλάκις

904 915 965 947 lius,
981 918 1090 945 tametsi
1114 925 1184 952 saepe
1201 918 1339 946 audierint
1363 919 1430 946 satis
1446 918 1582 953 prolixam
1599 918 1633 946 de
1647 926 1681 946 co

61 954 264 988 ἀκροασάμενοι
305 953 352 979 καὶ
382 951 491 987 μακρὰν
521 951 567 977 ἐπὶ
598 950 685 985 τούτῳ
721 949 849 980 λασόντες

62 999 196 1033 ἐξήγησιν.
213 998 246 1024 Εἰ
265 997 320 1032 γὰρ
342 997 389 1024 καὶ
410 997 448 1032 μὴ
468 996 519 1032 ἔφη
538 995 641 1030 σαφῶς·
664 994 810 1029 Ἐγώ,.είμι
833 995 847 1021 ὁ

62 1043 187 1078 Χριστὸς,
215 1043 288 1070 ἀλλά
326 1042 379 1069 τῶν
411 1043 556 1078 προσεῖναι
586 1042 747 1076 πεφυκότων
773 1041 847 1076 αὐτῷ

62 1089 232 1124 ἀξιωμάτων,
250 1089 337 1115 πολλὰ
349 1088 472 1124 παρῆγεν
489 1089 528 1119 εἰς
545 1087 636 1122 μέσον,
658 1087 722 1113 ποτὲ
742 1087 790 1122 μὲν
805 1086 848 1125 λέ-

63 1144 123 1170 γων·
137 1145 146 1161 ι
163 1134 236 1168 Ἐγώ
252 1136 314 1168 εἰμι
330 1135 346 1170 ὴ
361 1134 509 1165 ἀνάστασις
524 1133 570 1160 καὶ
584 1134 600 1168 ἡ
615 1133 682 1168 ζωή·
709 1132 778 1166 Ἐγώ
790 1134 847 1168 εἰμι

63 1181 169 1216 ὴὸδοςκ
181 1180 255 1214 Ἑγὼ
264 1181 324 1215 εἰμι
337 1181 353 1215 ἡ
368 1180 446 1215 ούρα”
467 1179 536 1214 Ἐγώ
550 1180 608 1214 εἰμι
624 1180 638 1205 6
656 1179 755 1214 ποιμὴν
770 1180 784 1205 6
799 1187 848 1205 κα-

63 1227 114 1258 λός·
131 1236 141 1252 ι
159 1226 188 1258 ἐξ
205 1223 243 1252 ὧν
260 1226 316 1261 γὰρ
335 1225 420 1252 ταῦτα
446 1225 540 1252 ἑαυτὸν
567 1223 702 1259 ὀνομάζει,
722 1224 848 1259 σημαίνει

63 1273 100 1298 ὃτι
121 1273 135 1298 ὸ
158 1272 279 1306 Χριστός
295 1272 363 1297 ἐστι.
378 1271 440 1302 Τοῖς
457 1271 511 1305 γὰρ
529 1269 659 1301 τοιούτοις
686 1269 848 1304 ἀξιώμασιν,

64 1318 153 1345 εἴωθεν
170 1318 188 1352 ἡ
204 1318 303 1352 Γραφὴ
319 1316 467 1350 στεφανοῦν
485 1316 530 1342 τὸν
546 1316 673 1351 Χριστόν·
689 1317 713 1342 εἰ
729 1316 776 1343 καὶ
790 1316 849 1342 λευ-

65 1363 116 1394 κῶς
131 1362 209 1389 τοῦτο
226 1362 310 1389 αὑτὸν
325 1362 444 1397 ἀπῄτουν
466 1362 498 1389 0L
510 1362 632 1390 Ἰουδαῖοι
649 1362 746 1393 εἰπεῖν,
763 1361 849 1392 ἄλλως

65 1418 92 1436 τε
111 1409 184 1443 τάχα.
208 1417 268 1439 πως
297 1408 344 1435 καὶ
371 1408 400 1434 οὐ
421 1407 524 1442 σφόδρα
546 1407 747 1442 εὐπαράδεκτον
768 1407 799 1434 τὸ
820 1407 849 1435 ἐν

64 1455 158 1486 ἁπλαῖς
173 1455 267 1488 λέγειν
283 1455 396 1488 φωναῖς,
417 1453 488 1486 Ἐγώ
516 1453 574 1488 εἰμι
602 1455 616 1480 ὁ
644 1454 774 1489 Χριστὸς,
799 1453 848 1488 οὐχ

66 1501 201 1536 ἑπομένων
215 1501 257 1531 εις
272 1500 408 1532 ἀπόδειξιν
427 1499 481 1526 τῶν
503 1499 683 1534 πραγμάτων,
707 1500 740 1526 δι’
757 1496 794 1526 ὧν
816 1499 849 1525 ἂν

897 961 1107 995 expositionem.
1141 962 1199 990 Etsi
1229 963 1301 990 enim
1338 970 1392 990 non
1420 963 1534 990 dixisset
1570 967 1679 998 aperte,

901 1005 956 1040 Ego
990 1013 1051 1033 sum
1073 1006 1217 1040 Christus,
1239 1013 1358 1035 attamen
1387 1009 1471 1036 multa
1505 1009 1532 1036 iu
1562 1008 1680 1035 medium

900 1052 1014 1079 addUXit
1040 1057 1122 1080 tantm
1149 1053 1317 1089 dignationis
1349 1054 1479 1089 adjuncta
1523 1059 1549 1081 et
1583 1062 1683 1090 [παπ-ο-

899 1097 1026 1132 gativas,
1053 1098 1199 1126 identidem
1229 1099 1342 1132 dicens,
1371 1109 1380 1125 ι
1414 1099 1469 1134 Ego
1503 1107 1563 1127 sum
1588 1106 1682 1127 resur-

899 1143 986 1171 rectio
998 1148 1024 1171 et
1040 1144 1096 1170 vita
1107 1144 1158 1175 5'“,
1175 1143 1231 1178 Ego
1248 1152 1308 1172 stnn
1325 1145 1366 1172 via
1376 1144 1397 1177 ⁸,
1415 1145 1469 1179 Ego
1482 1152 1542 1172 sum
1563 1144 1647 1179 janua
1659 1144 1681 1176 τ,

901 1187 956 1223 Ego
973 1196 1032 1215 sum
1053 1193 1148 1223 pastor
1164 1189 1255 1216 bonus
1268 1189 1279 1204 ⁸
1296 1197 1302 1215 :
1324 1198 1332 1214 ι
1351 1197 1383 1216 ex
1401 1196 1434 1216 eo
1452 1189 1524 1216 enim
1542 1189 1614 1223 quod
1631 1188 1683 1216 sibi

898 1234 964 1260 talia
983 1234 1120 1266 attribuit,
1136 1234 1275 1269 significat
1301 1243 1331 1262 se
1356 1234 1496 1262 Christum
1515 1242 1587 1262 esse.
1603 1233 1684 1268 Ejus.

899 1279 973 1307 modi
995 1280 1067 1307 enim
1086 1280 1246 1307 honorificis
1266 1279 1495 1314 appellationibus
1520 1279 1589 1307 solet
1607 1278 1682 1306 Scri-

900 1329 981 1360 ptura
1007 1326 1139 1353 decorare
1162 1325 1314 1356 Christum,
1335 1329 1362 1352 et
1384 1332 1539 1360 quanquam
1559 1325 1683 1360 postula-

899 1369 966 1396 bant
991 1369 1077 1397 Judaei
1104 1373 1133 1397 ut
1157 1370 1277 1397 dilucide
1306 1370 1474 1405 loqueretur.
1504 1378 1559 1397 non
1594 1374 1684 1397 tamen

900 1422 1098 1450 usquequaque
1128 1415 1209 1442 tidem
1225 1414 1306 1442 facile
1340 1415 1462 1448 fecisset,
1477 1415 1593 1443 dicendo
1618 1415 1684 1442 sim-

901 1459 1018 1494 plicibus
1041 1460 1164 1493 vocibus,
1181 1459 1237 1495 Ego
1263 1467 1322 1487 sum
1340 1460 1478 1492 Christus,
1494 1460 1546 1487 nisi
1569 1460 1602 1486 ad
1623 1467 1686 1494 pro-

902 1505 1040 1533 bationem
1068 1513 1153 1540 opera
1189 1510 1389 1540 sequerentur,
1415 1505 1516 1540 quibus
1546 1512 1594 1540 par
1626 1507 1685 1531 erat

67 1548 174 1579 εἰκότως
191 1546 341 1581 ἐπιστεύθη
361 1546 398 1578 ὠς
416 1546 498 1577 αὐτὸς
518 1546 560 1581 εἴη
578 1546 592 1571 6
609 1546 734 1581 Χριστός.
753 1546 849 1580 Ἀσυγ-

904 1550 977 1577 credi
995 1557 1057 1577 eum
1072 1557 1134 1578 esse
1148 1550 1300 1577 Christum.
1311 1550 1344 1577 Et
1360 1551 1470 1585 quidem
1486 1553 1563 1577 extra
1576 1557 1684 1576 omnem

66 1593 162 1628 κρίτως
177 1592 206 1619 δὲ
220 1594 347 1627 κρεῖττον
370 1592 406 1627 μὴ
434 1592 463 1624 ἐξ
479 1588 515 1618 ὧν
529 1591 609 1623 αὐτὸς
629 1591 704 1625 ἔλεγε
719 1592 849 1628 γνωρίζε-

69 1638 127 1665 σθαι
142 1637 233 1669 αὑτὸν,
256 1638 298 1664 ὅτι
313 1638 394 1667 αὐτός
409 1638 483 1664 ἐστιν
501 1638 515 1664 ὁ
530 1636 658 1672 Χριστὸς,
676 1636 734 1663 ἀλλ’
750 1638 782 1663 ἐκ
796 1637 851 1664 τῶν

68 1685 204 1719 προσεῖναι
231 1683 395 1716 πεφυκότων
422 1683 533 1717 μᾶλλον,
548 1683 603 1709 καῖ
619 1682 648 1715 ἐξ
674 1678 713 1709 ὧν
735 1682 851 1708 «tam;

68 1731 128 1765 περὶ
142 1729 225 1756 αὑτοῦ
235 1728 564 1765 χρησμῳδοῦσιτραφαὶ,
579 1728 627 1755 καὶ
640 1727 756 1764 φανερὸν
771 1727 852 1754 αὑτὸν

70 1775 172 1802 ἔσεσθαι
189 1775 351 1811 μηνύουσιν.
365 1775 454 1809 "Atreo
470 1775 507 1810 μὴ
522 1775 667 1810 νοήσαντες
681 1775 706 1801 οί
720 1774 850 1806 Ἰουδαῖοι,

68 1821 103 1853 ὡς
115 1822 185 1856 ἄγαν
205 1821 448 1857 μκροψυχοῦντες,
464 1820 650 1854 φασίν-«Ἕως
662 1820 726 1847 ποτε
739 1820 787 1856 τὴν
801 1820 853 1854 ψιε-

70 1867 116 1902 χὴν
131 1867 207 1902 ἡμῶν
222 1868 331 1903 αῖρεις;
344 1877 353 1892 ι
374 1866 455 1898 Ἒθος
470 1866 524 1901 γὰρ
534 1867 590 1898 τοῖς
605 1865 852 1902 ὀλιγωροῦσιτοῦτο

69 1913 166 1946 λέγειν.

106 1960 141 1986 Τὰ
151 1960 222 1994 ἔργα
240 1959 330 1994 ἂέγὼ
344 1959 465 1986 amciter
483 1957 522 1991 τῷ
535 1959 656 1993 ὀνόματι
672 1957 725 1984 τοῦ
736 1958 852 1992 Πατρός

69 2015 133 2040 μου,
148 2006 242 2032 ταῦτα
255 2005 400 2040 μαρτυρεῖ
408 2005 474 2039 περὶ
489 2005 573 2038 ἐμοῦ.

104 2051 230 2087 Περιττὺν
249 2049 296 2077 οὖν
309 2050 418 2085 ἐνόμισε
431 2050 478 2076 καὶ
493 2051 507 2075 6
519 2049 635 2085 Χριστὸς
655 2051 711 2081 τοῖς
723 2048 854 2080 πολλάκις

72 2097 200 2123 ἀκούσασι
220 2097 269 2123 καὶ
292 2096 328 2131 μὴ
351 2095 495 2126 πεισθεῖσι,
515 2095 596 2122 πάλιν
614 2094 649 2121 τὰ
670 2095 739 2122 αὐτὰ
754 2095 853 2121 εἰπεῖν.

72 2143 128 2178 Χρὴ
137 2144 189 2179 γὰρ
203 2143 259 2169 ἀπὸ
271 2142 321 2177 τῆς
331 2141 385 2168 τῶν
396 2141 546 2176 γινομένων
561 2140 701 2176 ποιότητος
712 2139 856 2175 δοκιμάζε-

75 2189 132 2216 σθαι
155 2189 190 2215 τὰ
206 2189 336 2219 ἑκάστου,
349 2188 396 2214 καὶ
412 2188 442 2214 οὺ
471 2187 579 2218 πάντως
605 2187 645 2218 εὶς
665 2186 761 2220 λόγους
777 2187 853 2222 ὁρᾷν.

902 1596 1135 1632 comparationem
1164 1597 1262 1624 melius
1279 1601 1322 1624 est
1344 1604 1399 1624 non
1424 1604 1456 1623 ex
1477 1597 1510 1623 iis
1534 1603 1594 1631 qua:
1616 1595 1686 1622 dixit

902 1648 965 1667 eum
984 1648 1151 1676 cognoscere
1164 1640 1313 1676 quod‘ipse
1329 1641 1365 1668 sit
1379 1641 1517 1672 Christus,
1535 1641 1582 1668 sed
1600 1641 1686 1675 magis

901 1694 933 1713 ex
956 1686 990 1714 iis
1007 1694 1067 1720 qua;
1083 1687 1177 1714 insunt
1193 1686 1365 1721 ipsi,,iisque
1391 1687 1472 1714 etiam
1489 1685 1610 1713 oraculis
1625 1694 1686 1720 qua:

902 1731 936 1759 de
950 1739 982 1759 eo
996 1731 1095 1759 divinae
1108 1732 1257 1767 Scriptura:
1270 1736 1384 1764 canunt,
1400 1737 1425 1758 et
1443 1731 1564 1758 futurum
1582 1735 1611 1757 ut
1627 1732 1685 1765 ipse

903 1778 1060 1805 innotescat
1085 1777 1247 1812 pradicunt.
1267 1777 1333 1811 Quae
1354 1785 1416 1804 cum
1440 1785 1493 1804 non
1515 1777 1686 1812 perpendaut

902 1823 1001 1856 Judaei,
1016 1823 1095 1852 velut.
1111 1823 1282 1851 consternati
1296 1822 1398 1850 animis
1411 1823 1488 1850 aiunt
1507 1832 1513 1850 :
1533 1832 1541 1847 ι
1559 1822 1685 1855 Quandiu

903 1870 1021 1896 animam
1042 1875 1164 1897 nostram
1190 1877 1351 1904 suspensam
1367 1869 1463 1897 tenes?
1479 1878 1488 1894 ι
1508 1868 1590 1897 libris
1614 1868 1686 1895 enim

904 1918 946 1942 cst
960 1914 1162 1949 negligentibus
1175 1922 1206 1942 ac
1226 1914 1432 1941 fastidientibus
1449 1913 1500 1940 hoc
1517 1913 1602 1947 loqui.

922 1990 927 1994 ,
940 1959 974 1990 Χ,
989 1960 1035 1987 25.
1052 1958 1137 1994 Opera
1150 1967 1209 1994 qum
1222 1967 1268 1995 ego
1280 1959 1349 1994 facio
1362 1959 1389 1985 in
1403 1959 1506 1986 nomine
1521 1957 1611 1984 Patria
1626 1957 1686 1990 mei,

904 2006 959 2033 Itwc
971 2006 1003 2032 de
1016 2014 1055 2032 me
1069 2010 1208 2033 testantur.

941 2049 1115 2085 Superlluum
1132 2050 1218 2088 igitur
1238 2050 1316 2078 duxit
1331 2050 1458 2077 Christus
1485 2049 1555 2084 apud
1575 2057 1622 2076 eos
1642 2049 1688 2083 qui

906 2095 986 2123 toties
1001 2095 1147 2122 audierant
1164 2103 1218 2123 nec
1229 2095 1405 2122 crediderant
1422 2103 1518 2122 rursus
1539 2093 1633 2122 eadem
1650 2101 1690 2120 rc-

906 2145 1010 2176 petere.
1030 2141 1144 2177 Oportet
1160 2142 1232 2169 enim
1255 2149 1481 2177 unumquemque
1505 2149 1538 2168 ex
1557 2140 1691 2176 qualitate

907 2194 1021 2222 operum
1044 2187 1173 2222 spectari,
1187 2194 1239 2214 nec
1254 2187 1287 2214 ad
1310 2188 1368 2215 sola
1385 2187 1467 2213 verba
1484 2185 1688 2220 respiciendum

31 2261 34 2264 γ
79 2233 264 2268 Ἀποπληροῦν
280 2233 308 2259 δὲ
322 2232 395 2266 λέγει
413 2231 551 2258 ἐαυτὺνττὰ
564 2231 632 2266 ἔργα
644 2232 672 2257 ἐν
688 2231 726 2267 τῷ
740 2232 850 2267 ὀνόματι

905 2236 958 2260 est.
984 2232 1019 2261 Se
1044 2241 1109 2260 vero
1135 2233 1285 2268 adimplere
1313 2233 1380 2260 dicit
1407 2239 1491 2266 opera
1523 2232 1550 2258 in
1580 2231 1690 2259 nomine

72 2278 116 2304 τοῦ
129 2277 247 2312 Πατρὺς,
262 2276 357 2311 οὑετὴν
370 2276 472 2303 ἄνωθεν
485 2276 557 2303 καθά
578 2285 620 2308 τις
639 2277 717 2311 ἅγιος
729 2277 854 2313 καρπού-

75 2332 149 2358 μενος
165 2324 293 2358 δύναμιν,
307 2323 360 2349 οὐδ’
375 2323 413 2354 ὡς
427 2323 578 2357 ἀδυναμίαν
591 2323 679 2358 ἐαυτῷ
693 2324 854 2360 κατηγορῶν

74 2371 87 2396 ὁ
102 2369 164 2401 Θεδς
179 2370 211 2395 ἐκ
229 2368 309 2395 Θεοῦ·
324 2370 338 2395 6
357 2367 404 2395 τοῦ
422 2368 526 2404 Πατρὸς
542 2368 693 2403 ὁμοούσιος,
708 2371 725 2404 ἡ
740 2369 854 2405 δύναμις

75 2415 118 2442 τοῦ
133 2415 249 2450 Πατρδς,
267 2415 324 2440 ἀλλ’
338 2414 374 2445 ὡς
385 2414 530 2449 ἀπονέμων
541 2416 573 2450 τῇ
590 2414 650 2450 θείᾳ
664 2415 727 2451 δόξῃ
738 2415 787 2451 τὴν
800 2415 855 2442 τῶν

75 2460 239 2496 τελουμένων
252 2460 375 2495 δύναμιν,
401 2461 430 2486 ὲν
445 2460 485 2495 τῷ
502 2461 613 2494 ὀνόματι
633 2460 680 2487 τοῦ
695 2462 802 2496 Πατρὺς
821 2461 856 2488 τὰ

76 2505 140 2541 ἐργα
156 2506 224 2540 φησὶ
241 2507 337 2532 ποιεῖν.
354 2505 426 2539 Πλὴν
447 2507 495 2532 καὶ
511 2506 606 2540 ἀνάγει
623 2507 670 2533 ἐπὶ
684 2507 729 2533 τὸν
747 2507 859 2542 Πατέρα

77 2551 122 2585 τὴν
135 2551 229 2586 τιμήν·
251 2551 301 2577 ῐνα-
319 2551 361 2586 μὴ·
378 2551 415 2586 δῷ
434 2553 490 2583 τοῖς
516 2552 652 2583 Ἰουδαίοις
669 2551 794 2588 ἀφορμὴν
811 2553 857 2578 τοῦ

80 2597 238 2630 ἐπιφύεσθαι
251 2597 336 2632 αὐτῷ.
351 2598 445 2632 Ὅμως
459 2598 506 2623 καὶ
517 2597 590 2631 ἄξιον
603 2599 725 2633 ἡγήσατο
741 2599 778 2633 μὴ
791 2607 858 2635 παρτ

79 2642 162 2669 ἐλθεῖν
177 2644 208 2670 τὸ
231 2645 329 2679 μέτρον
353 2645 402 2680 τῆς
424 2645 517 2671 δούλου
541 2645 648 2680 μορφῆς
663 2646 709 2672 καὶ
724 2646 857 2681 ὑπάρχειν

80 2687 142 2720 Θεὸς
153 2689 198 2716 χαὶ
205 2690 318 2724 Κύριος’
334 2690 417 2716 είπὼν
427 2691 456 2718 δέ
468 2691 508 2718 ὃτι
520 2692 549 2717 ἐν
563 2691 673 2726 ὀνόματι
691 2692 739 2718 τοῦ
755 2692 858 2726 [Ia-.96;

81 2734 149 2759 ποιεῖ
160 2733 194 2760 τὰ
211 2734 288 2769 ἔργα,
301 2735 420 2762 διδάσκει
433 2736 473 2762 ὅτι
489 2736 515 2762 οἱ
531 2736 653 2763 Ἰουδαῖοι
669 2736 860 2771 βλασφημοῦν-

83 2785 124 2809 τες
137 2777 240 2813 ἔλεγον,
254 2781 282 2806 ἐν
294 2779 455 2812 Βεελζεϐοὺλ
469 2781 609 2808 ὲχδάλλειν
624 2782 703 2809 αὑτὸν
722 2782 756 2809 τὰ
769 2782 861 2818 δαιμό-

906 2278 1007 2310 Patris.
1021 2287 1076 2306 non
1095 2279 1170 2306 velut
1190 2279 1290 2313 aliquis
1307 2281 1420 2305 sanctos
1439 2277 1557 2311 desuper
1570 2280 1690 2311 potesta-

907 2328 963 2352 tem
981 2325 1129 2359 accipiens,
1143 2325 1189 2352 sed
1208 2332 1258 2350 nec
1272 2323 1355 2351 etiam
1370 2323 1446 2350 illam
1469 2322 1497 2349 in
1517 2330 1547 2350 se
1569 2322 1691 2350 imbecil-

907 2369 1012 2397 litatem
1025 2377 1176 2402 accusans;
1194 2368 1275 2404 665'
1290 2368 1389 2403 quippe
1398 2375 1431 2394 ex
1448 2367 1503 2394 Deo
1517 2367 1601 2401 Dens,
1616 2367 1691 2394 Patri

908 2415 1165 2446 consubstantialis,
1193 2415 1283 2442 Patris
1312 2414 1408 2445 virtus,
1436 2417 1463 2440 et
1486 2414 1563 2441 velut
1593 2413 1692 2441 divinae

905 2462 1001 2498 gloriae
1015 2469 1109 2489 eorum
1126 2468 1188 2496 qua:
1206 2461 1275 2487 ﬁunt
1292 2462 1344 2488 vim
1361 2459 1514 2491 ascribens,
1537 2460 1564 2486 in
1580 2461 1690 2486 nomine

906 2509 999 2536 Patris
1015 2517 1044 2536 se
1063 2515 1148 2545 opera
1166 2507 1255 2534 facere
1268 2506 1343 2534 dicit.
1362 2506 1516 2539 Quinetiam
1533 2509 1560 2532 et
1582 2506 1615 2532 ad
1640 2504 1688 2532 Pa-

908 2559 976 2582 trem
992 2555 1123 2584 honorem
1140 2553 1236 2584 refert,
1249 2560 1282 2579 ne
1295 2552 1368 2579 illam
1386 2551 1490 2579 Iudaeis
1505 2551 1532 2578 in
1553 2559 1583 2578 se
1596 2558 1689 2578 ansam

906 2601 1040 2635 prmbeat.
1066 2599 1152 2626 Simul
1182 2605 1291 2634 aequum
1319 2597 1425 2625 censuit
1456 2597 1566 2624 modum
1599 2596 1693 2622 forma:

909 2646 981 2673 servi
999 2653 1053 2672 non
1076 2643 1230 2679 transgredi
1249 2647 1276 2671 et
1292 2644 1427 2671 exsistere
1448 2643 1517 2670 Deus
1541 2649 1575 2670 ac
1600 2641 1693 2668 Domi-

910 2700 964 2720 nus
981 2700 987 2718 :
1008 2691 1103 2718 dicens
1120 2697 1184 2717 vero
1209 2690 1238 2716 in
1259 2691 1370 2718 nomine
1387 2689 1477 2716 Patris
1496 2695 1579 2722 opera
1602 2694 1631 2714 se
1652 2686 1693 2712 fa-

911 2744 984 2768 cere,
1003 2734 1124 2762 ostendit
1145 2733 1257 2761 Iudaeos
1285 2733 1473 2767 blasphemare
1496 2730 1542 2765 qui
1566 2728 1693 2756 dicebant

913 2790 975 2810 eum
993 2781 1019 2808 in
1032 2780 1174 2808 Beclzebul
1189 2780 1289 2814 ejicere
1301 2778 1434 2807 daemonia
1447 2787 1453 2805 :
1467 2777 1528 2814 quia
1541 2783 1606 2804 vero
1613 2773 1694 2801 Pater

118 2866 158 2882 ⁵⁰”
172 2866 252 2895 Joan.
269 2875 308 2898 xl.
320 2869 364 2895 ιι.
402 2869 411 2885 ί
424 2869 503 2897 Joan.
521 2878 576 2902 xtv,
594 2871 620 2897 6.
659 2871 668 2886 ⁷
686 2870 764 2898 Joan.
783 2878 811 2902 Χ,
828 2871 850 2897 9.

920 2868 988 2896 ibid.
1012 2869 1053 2895 ll.
