1906 3037
207 129 241 158 19
703 129 729 156 S.
749 129 888 163 CYRILLI
905 129 1140 161 ALEXANDRINI
1158 131 1315 161 ARCHIEP.
1794 133 1833 163 λ’)

207 197 262 216 non
276 187 339 223 quia
359 186 437 215 Pater
452 192 495 214 est
514 186 579 214 facit
591 187 733 219 mit-acula,
750 189 797 215 sed
813 189 876 223 quia
895 194 991 216 natura

1047 201 1097 219 νια·
1112 194 1173 219 ἐπεὶ
1191 192 1219 219 δὲ
1234 193 1248 218 ὁ
1262 191 1366 226 Πατὴρ,
1385 191 1435 217 οὐκ
1453 190 1545 225 ἐπειδὴ
1567 191 1660 225 Πατήρ
1673 191 1744 222 ἐστι,
1758 192 1833 218 ποιεῖ

207 233 280 261 Deus
296 238 348 264 est,
364 237 392 260 et
405 232 493 260 Filius
515 241 612 260 rursus
627 240 680 259 non
696 233 760 267 quia
779 233 877 266 Filius,
898 235 944 261 sed
961 239 991 261 ut

209 282 279 308 Deus
295 288 328 307 ex
343 279 397 307 Deo
410 283 499 314 potest
528 279 610 306 etiam
632 279 690 313 ipse
714 286 796 313 opera
809 279 899 310 Patris
923 287 991 314 prae-

207 329 293 358 stare,
303 324 365 352 ideo
374 323 542 351 mcnnomice
553 327 580 350 et
591 328 699 351 servato
712 331 802 351 rerum
817 324 915 352 ordine
925 324 992 352 dicit

207 379 237 399 se
250 372 278 401 in
291 371 401 398 nomine
419 370 507 399 Patris
520 377 603 405 opera
619 369 719 398 facere.

242 459 283 490 Χ,
313 459 358 486 26.
380 458 431 486 Sed
457 467 500 485 vos
527 458 591 484 milii
619 466 669 485 non
694 458 822 492 creditis,
848 460 911 494 quia
941 469 994 487 non

205 507 270 534 estis
285 513 318 534 ea:
335 506 425 532 ovibus
439 505 514 531 meis.

239 549 373 577 Indicium
399 554 425 576 et
459 553 652 584 argumentum
682 551 870 578 certissimum
899 552 991 578 ovium

204 595 307 623 Christi
329 599 371 622 est
392 595 472 622 facile
493 594 588 622 audire
602 600 629 622 ct
644 599 769 630 paratum
789 604 851 626 esse
876 597 910 624 ad
928 599 990 624 obe-

204 641 347 672 dlendum,
373 640 445 668 sicut
467 644 494 667 et
519 641 670 668 alienarum
700 649 754 668 non
779 642 903 677 obsequi.
923 642 989 671 Nam

205 687 302 714 audire
320 687 360 714 sic
386 687 611 721 interpretamur,
635 687 717 715 dictis
742 688 820 716 ﬁdem
849 688 988 717 adhibere.

204 733 246 761 Illi
270 741 334 760 vero
351 737 557 768 cognoscuntur
577 740 592 759 a
616 733 672 760 Deo
699 733 744 768 qui
770 734 886 762 audiunt
904 742 989 762 eum:

203 778 334 814 cognosci
350 785 414 805 vero
435 777 574 812 signiﬁcat
599 778 754 813 conjungi:
778 779 893 806 omnino
917 779 989 806 enim

1045 238 1078 265 τὰ
1093 238 1229 272 θαύματα,
1246 237 1302 264 ἀλλ’
1314 236 1406 270 ἐπειδὴ
1419 236 1484 267 Θεὸς
1500 236 1556 262 ἐστι
1569 235 1659 270 φύσει·
1678 237 1724 262 καὶ
1737 238 1751 263 ό
1765 235 1832 268 Υἱὸς

1044 284 1109 318 ἄρα,
1123 284 1173 310 οὐκ
1187 283 1280 318 ἐπειδὴ
1295 282 1369 314 Υἱὸς,
1381 281 1438 309 ἀλλ’
1451 281 1488 313 ὡς
1499 281 1564 313 Θεὸς
1580 282 1612 308 ἐκ
1629 281 1706 313 Θεοῦ,
1718 281 1831 308 δύναται

1046 330 1091 355 καὶ
1114 329 1195 361 αὐτὸς
1227 329 1262 355 τὰ
1286 328 1333 356 τοῦ
1361 328 1465 363 [ἰατρὸς
1493 327 1560 363 ἔργα
1593 329 1688 354 ποιεῖν·
1723 327 1764 353 διδ
1792 328 1831 352 οἱ-

1046 375 1199 410 κονομικῶς
1225 373 1310 407 εἶπεν,
1336 375 1365 401 ὲν
1385 374 1497 409 ὀνόματι
1523 373 1569 400 τοῦ
1584 373 1689 408 Πατρός
1712 372 1748 398 τὰ
1761 372 1831 408 ἔργα

1044 422 1130 446 ποιεῖν
1136 439 1142 446 .

1086 466 1160 493 Ἀλλ’
1176 465 1260 500 ὑμεῖς
1279 466 1314 492 σὺ
1335 463 1490 492 πιστεύετέ
1507 473 1568 498 μοι,
1580 463 1624 490 ὅτι
1639 464 1694 490 οὐκ
1709 462 1782 489 ἐστὲ
1796 462 1830 489 ἐκ

1042 512 1102 539 τῶν
1113 512 1269 546 προϐάτων·
1279 511 1338 538 τῶν
1345 511 1432 546 ἐμῶν.

1085 558 1234 590 Ἀπόδειξις
1248 558 1302 584 τῶν
1313 557 1360 583 τοῦ
1372 555 1489 592 Χριστοῦ
1505 555 1659 590 προϐάτων,
1671 554 1701 581 τὸ
1716 555 1831 588 εὐήκοον

1045 605 1091 632 καὶ
1106 605 1136 631 τὸ
1146 604 1252 639 ἕτοιμον
1266 604 1306 634 είς
1317 603 1482 637 εῦτιείθειαν,
1503 601 1597 635 ὥσπερ
1614 600 1667 627 τῶν
1680 600 1830 634 ἀλλοτρίων

1044 651 1075 678 τὺ
1089 650 1209 682 ἀπειθές.
1223 649 1260 676 To
1273 649 1328 684 γὰρ
1341 647 1450 675 ἀκούειν
1460 645 1510 674 ὧδε
1525 647 1648 681 νοοῦμεν,
1665 646 1696 672 τὸ
1713 646 1769 677 τοῖς
1788 644 1830 670 λε-

1045 697 1172 732 γομένοις
1201 695 1353 729 πεισθῆναι.
1381 694 1495 720 Ἐκεῖνοι
1520 692 1549 719 δὲ
1576 691 1755 726 γινώσκονται
1778 690 1830 715 ὑπὸ

1044 743 1111 770 Θεοῦ
1128 743 1152 769 οί
1164 741 1308 772 ἀκούοντες
1322 740 1413 767 αὑτοῦ·
1425 740 1455 766 τὸ
1471 739 1498 766 δὲ
1512 736 1693 772 γινώσκεσθαι
1709 735 1783 771 δηλοῖ
1799 735 1830 762 τὸ

1044 787 1219 815 οἰκειοῦσθαι·
1232 785 1345 813 καθόλου
1357 785 1410 820 γὰρ
1422 784 1507 814 οὐδεὶς
1521 783 1573 809 ὑπὸ
1583 782 1629 808 τοῦ
1641 781 1709 807 Θεοῦ
1725 781 1830 813 ἀγνοεῖ-

204 823 296 850 uullus
312 830 327 850 a
342 822 397 850 Deo
412 823 565 858 ignoratur.
578 823 645 850 Cum
659 831 724 850 vero
738 823 816 856 dicit,
829 833 838 849 ‹
850 824 991 860 Cognosce

1047 844 1097 862 ιαι.
1115 835 1198 861 Ὅταν
1222 831 1268 860 οὖν
1302 832 1385 866 λέγει,
1405 840 1414 858 ι
1436 830 1565 856 Γινώσκω
1587 827 1623 854 τὰ
1639 826 1704 862 ἐμὰ,
1723 836 1732 852 ι
1751 825 1830 851 τοῦτό

204 867 309 901 meas’,
330 878 339 894 ι
354 868 406 895 hoc
422 868 501 899 dicit.
521 869 670 903 amplectar
680 873 706 896 et
722 869 834 904 jungam
851 870 916 897 mihi
932 878 988 906 my-

204 914 274 942 stice
298 918 326 942 et
349 922 398 950 per
426 914 587 942 relationem
616 914 740 944 aﬂ'ectus.
768 916 910 951 Quispiam
926 923 991 944 vero

206 960 304 987 dixerit
316 967 388 992 eum,
403 964 540 996 quatenus
559 960 642 987 homo
656 961 744 989 factus
763 965 814 994 est,
832 969 929 989 omnes
946 961 993 989 ho-

204 1005 293 1033 mines
313 1006 364 1032 sibi
391 1006 558 1046 conjungere
583 1011 694 1042 propter
712 1007 932 1034 communionem
947 1014 992 1041 ge-

203 1051 279 1078 neris
301 1055 327 1079 et
347 1051 639 1086 consanguinitatem,
663 1053 699 1078 ita
714 1055 744 1079 ut
761 1059 856 1079 omnes
880 1051 991 1080 Christo

204 1096 343 1131 conjuncti
358 1097 445 1124 simus
461 1101 488 1127 et
506 1097 603 1125 afﬁnes
620 1105 670 1132 per
686 1097 879 1126 habitudinem
897 1097 991 1132 mysti-

203 1149 263 1169 cam
283 1142 310 1169 in
326 1147 458 1178 quantum
476 1143 556 1170 homo
572 1142 658 1171 factus
674 1149 731 1177 est;
749 1144 833 1171 alieni
848 1151 913 1171 vero
931 1144 992 1178 qui-

203 1195 312 1222 cunque
333 1187 502 1215 conformem
519 1189 676 1216 sanctitatis
692 1189 839 1223 imaginem
857 1196 912 1215 non
935 1196 993 1216 ser—

203 1237 278 1260 vant.
297 1233 342 1260 Sic
361 1237 388 1261 et
410 1233 496 1261 Judaei
513 1241 575 1261 cum
597 1239 691 1262 essent
714 1234 808 1262 attines
828 1238 856 1262 et
879 1234 993 1269 coajun-

203 1279 241 1306 eti
259 1279 410 1307 secundum
430 1287 518 1315 genus
537 1279 675 1306 Abraham
699 1279 801 1311 ﬁdelis,
829 1279 892 1307 ideo
918 1279 991 1315 quod

203 1326 328 1354 inﬁdeles
342 1326 406 1353 iacti
416 1330 482 1354 sunt
490 1330 602 1362 propter
609 1334 715 1354 morum
725 1326 990 1358 dissimilitudinem,

203 1373 238 1401 ab
247 1372 306 1406 ejus
315 1372 445 1400 aﬁinitate
453 1373 621 1400 exciderunt.
632 1372 703 1400 Dicit
714 1381 790 1407 vero,
802 1383 811 1399 ‹
826 1372 857 1400 Et
870 1380 992 1408 sequun-

203 1422 250 1444 tur
266 1425 308 1444 me
323 1425 390 1444 oves
405 1426 412 1445 :
432 1427 441 1443 ι
459 1417 506 1452 qui
519 1418 591 1455 enim
613 1417 742 1449 credunt,
759 1418 852 1446 divina
874 1417 990 1453 quadam

203 1462 292 1498 gratia
303 1463 387 1490 etiam
401 1462 504 1490 Christi
520 1463 645 1498 vestigiis
657 1463 799 1494 insistunt,
811 1470 865 1492 non
876 1463 991 1498 amplius

205 1508 337 1544 legalibus
357 1508 462 1536 umbris
484 1509 645 1540 servientes.
662 1509 710 1537 sed
732 1509 867 1537 mandata
884 1509 987 1538 Christi
1006 1510 1028 1540 ο

204 1559 231 1583 et
249 1562 404 1582 sermonem
421 1554 482 1589 ejus
497 1562 544 1589 per
558 1555 674 1589 gratiam
692 1558 850 1590 sequentes,
874 1554 908 1583 ad
931 1555 991 1589 ejus

204 1599 401 1635 dignationem,
419 1604 513 1635 utpote
534 1599 582 1627 ﬁlii
607 1600 653 1628 Dei
672 1600 761 1627 vocati
777 1600 809 1632 '°,
827 1600 989 1629 ascendent.

204 1645 316 1673 Christo
337 1645 410 1673 enim
424 1645 592 1673 ascendente
608 1646 634 1672 in
657 1646 767 1678 ccelutu,
793 1646 874 1673 etiam
891 1646 930 1673 illi
949 1654 991 1673 se—

204 1696 322 1726 quentur
339 1701 345 1718 ;
361 1691 513 1718 mercedem
529 1698 594 1718 νει-ο
609 1695 635 1718 ιιι
650 1691 792 1725 praemium
809 1699 838 1718 SC
854 1692 992 1726 sequenti-

206 1737 256 1764 bus
272 1737 355 1764 vitam
382 1741 509 1764 :eternam
535 1744 564 1764 se
587 1736 682 1770 largiri
704 1735 752 1768 ait,
780 1740 911 1770 praeterea
937 1744 989 1763 nec

205 1782 303 1817 subjici
319 1783 399 1809 morti
415 1785 464 1809 aut
483 1781 667 1816 corruptioni,
692 1788 743 1808 nec
765 1781 911 1808 tormentis
931 1788 992 1817 qua:

205 1826 431 1861 delinquentibus
447 1834 461 1852 a
487 1825 581 1860 judice
604 1825 770 1860 irrogantur.
797 1824 836 1851 Ex
866 1832 899 1852 eo
919 1824 991 1851 enim

205 1873 279 1907 quod
299 1872 346 1899 dat
361 1872 454 1906 vitam,
472 1871 593 1898 ostendit
612 1878 642 1898 se
660 1874 758 1898 natura
772 1878 834 1898 esse
849 1871 932 1897 vitam
950 1870 992 1904 ip—

206 1925 275 1950 sam,
297 1918 380 1953 663
394 1925 479 1952 seque
493 1925 554 1944 eam
575 1916 752 1951 suppeditare
775 1923 789 1943 a
806 1916 910 1951 seipsn,
935 1923 990 1942 non

206 1965 241 1992 ab
258 1957 471 1999 alio’acceptam
490 1972 496 1990 :
512 1965 594 1990 vitam
609 1967 702 1991 autem
717 1962 899 1998 intelligimus
913 1966 993 1988 aeter-

207 2017 286 2042 nam,
304 2017 358 2036 non
378 2009 510 2044 temporis
520 2008 681 2037 immensam
691 2007 914 2039 diuturnitatem,
939 2015 992 2042 qua

206 2063 301 2083 omnes
319 2059 373 2082 tam
397 2054 462 2082 boni
485 2062 567 2089 quam
594 2053 657 2080 mali
679 2058 741 2089 post
758 2053 992 2081 resurrectionem

207 2103 344 2135 fruentur,
368 2103 414 2130 sed
444 2102 471 2129 in
493 2102 576 2129 animi
601 2101 801 2137 tranquillitate
820 2105 846 2129 et
863 2109 929 2137 pace
945 2101 993 2129 de-

206 2156 278 2184 gere.
295 2148 447 2175 Possumus
465 2153 491 2175 et
507 2148 591 2175 vitam
611 2147 736 2182 accipere
750 2147 893 2182 mysticam
914 2148 991 2175 eulo-

1045 880 1186 916 φησιν,ὃτι
1200 877 1385 914 Προσδέξομαι
1398 875 1445 902 καὶ
1455 873 1632 908 οἱκειώσομαι
1647 872 1715 898 αὐτὰ
1731 878 1829 906 μυστιει

1044 915 1100 957 κῶς
1116 933 1145 951 τε
1162 925 1210 951 καὶ
1224 922 1364 958 σχετικῶς.
1378 922 1456 948 Εἴποι
1476 920 1498 946 δ’
1513 920 1545 946 ἂν
1565 927 1607 950 τις
1630 919 1670 945 ἂτι
1692 917 1740 944 καὶ
1763 915 1830 942 καθὸ

1044 971 1188 1006 ἄνθρωπος
1205 969 1310 1003 γέγονε,
1323 968 1424 998 πάντας
1441 965 1598 1000 ἀνθρώπους
1615 963 1772 998 ᾠκειώσατο
1787 961 1830 988 διὰ

1044 1018 1073 1044 τὺ
1083 1015 1221 1052 ὁμογενὲς·
1237 1014 1308 1041 ὥστε
1323 1014 1417 1040 οἰκεῖοι
1431 1012 1531 1042 πάντες
1545 1011 1626 1045 ἐσμὲν
1638 1008 1748 1045 Χριστῷ
1758 1007 1831 1034 κατὰ

1046 1062 1137 1096 σχέσιν
1157 1059 1300 1096 μυστικὴν,
1313 1058 1381 1085 καθὸ
1397 1057 1509 1091 γέγονεν
1525 1055 1675 1091 ἄνθρωπος·
1694 1053 1830 1087 ἀλλότριοι

1044 1108 1072 1134 δὲ
1087 1108 1144 1133 ὅσοι
1161 1106 1197 1141 μὴ
1213 1105 1376 1140 φυλάττουσι
1400 1103 1448 1138 τὴν
1469 1101 1629 1137 σύμμορφον
1652 1100 1701 1135 τῆς
1719 1098 1831 1132 ἁγιότη-

1044 1162 1089 1185 τος
1113 1153 1215 1180 εἰκόνα.
1235 1150 1313 1178 Οὕτω
1330 1150 1376 1176 καὶ
1397 1148 1518 1175 Ἰουδαῖοι
1545 1147 1639 1173 οἰκεῖοι
1663 1146 1741 1176 ὅντες
1760 1144 1830 1170 κατὰ

1044 1201 1122 1234 γένος
1142 1198 1189 1225 τοῦ
1212 1197 1337 1232 ’Λϐραὰμ
1350 1195 1396 1223 τοῦ
1410 1194 1514 1226 πιστοῦ,
1531 1191 1560 1226 ὲξ
1574 1189 1610 1219 ὧν
1627 1191 1735 1218 ἄπιστοι
1752 1190 1831 1225 γεγό-

1045 1253 1131 1277 νασιν,
1147 1243 1333 1278 ἐστερήθησαν
1348 1243 1396 1276 τῆς
1415 1239 1519 1267 ἐκείνου
1541 1236 1701 1271 συγγενείας
1719 1236 1763 1261 διὶι
1781 1236 1831 1269 τὴν

1044 1291 1098 1318 τῶν
1113 1290 1221 1325 τρόπων
1234 1286 1422 1322 ἀνομοιότητα.
1440 1284 1508 1319 Φησὶ
1525 1283 1553 1309 δὲ
1566 1283 1606 1309 ὅτι
1623 1292 1631 1307 ε
1644 1281 1699 1308 Καὶ
1716 1281 1830 1307 ἀκολου-

1045 1335 1121 1363 θοῦσι
1139 1343 1183 1370 μοι
1195 1334 1229 1360 τὰ
1244 1332 1378 1368 πρόὃατα·
1391 1340 1401 1356 ι
1414 1330 1439 1356 οἱ
1450 1329 1503 1364 γὰρ
1517 1327 1684 1362 πειθόμενοι,
1697 1326 1743 1352 καὶ
1751 1325 1832 1352 ἕπον-

1043 1391 1089 1408 ται
1108 1380 1160 1407 ἀπό
1172 1387 1243 1409 τινος
1254 1376 1393 1404 θεοσδότου
1411 1374 1521 1410 χάριτος
1534 1372 1594 1399 κατ’
1609 1371 1681 1407 ἴχνος
1697 1370 1829 1405 Χριστοῦ,

1044 1427 1137 1454 οὐκέτι
1157 1426 1217 1456 ταῖς
1236 1423 1360 1458 νομικαῖς
1380 1420 1550 1450 δουλεύοντες
1568 1419 1668 1449 σκιαῖς,
1685 1417 1741 1443 ἀλλ’
1756 1413 1798 1447 οἷς
1816 1416 1832 1442 ό

1045 1472 1160 1508 Χριστὸς
1182 1469 1322 1496 ἐπιτάττει
1337 1468 1385 1494 καὶ
1406 1465 1445 1501 τῷ
1463 1465 1545 1492 αὑτοῦ
1566 1463 1774 1494 ἀκολουθοῦντες
1791 1461 1833 1488 λό-

1043 1507 1094 1554 γῳ,
1109 1516 1153 1544 διὰ
1170 1516 1291 1551 χάριτος.
1307 1514 1346 1545 είς
1358 1513 1389 1539 τὸ
1406 1511 1488 1538 αὐτοῦ
1507 1510 1689 1545 ἀνασήσονται
1710 1507 1831 1554 ἀξίωμα,

1045 1551 1098 1589 ῥέοι
1108 1561 1175 1588 Θεοῦ
1193 1559 1366 1594 καλούμενοι.
1377 1555 1496 1592 Χριστοῦ
1513 1555 1567 1590 γὰρ
1583 1554 1702 1584 ἀνιόντος
1717 1554 1756 1584 είς
1767 1551 1832 1582 τοὺς

1044 1607 1185 1643 οὐρανοὺς,
1207 1606 1328 1633 κάκεῖνοι
1357 1601 1584 1637 ἀκολουθήσουσιν
1603 1599 1687 1634 αὐτῷ·
1713 1598 1833 1633 ὰμοιὸὴν

1044 1654 1072 1680 δὲ
1094 1653 1140 1680 καὶ
1155 1652 1238 1688 γέρας
1258 1652 1314 1682 τοῖς
1340 1649 1482 1684 ἑπομένοις
1510 1646 1584 1682 αὐτῷ
1614 1646 1663 1681 τὴν
1688 1645 1762 1679 ζωὴν
1783 1644 1833 1678 τὴν

1044 1699 1153 1726 αἰώνιον
1171 1696 1337 1734 χαρίσασθαί
1355 1703 1432 1729 φησι,
1449 1694 1495 1720 καὶ
1511 1693 1540 1720 τὸ
1555 1692 1592 1728 μὴ
1605 1689 1766 1718 ὑποκεῖσθαι
1785 1689 1834 1715 θα-

1044 1746 1117 1780 νάτῳ
1132 1745 1148 1780 ἢ
1166 1744 1253 1780 φθορᾷ
1275 1743 1322 1769 καὶ
1343 1742 1403 1772 ταῖς
1423 1741 1549 1775 βασάνοις
1571 1739 1630 1769 ταῖς
1647 1735 1834 1780 ἐπαγομένας

1046 1777 1121 1826 παρά
1141 1777 1188 1816 τοῦ
1206 1777 1299 1824 ιιριτοῦ
1317 1787 1373 1818 τοῖς
1395 1784 1617 1820 πλημμελήσασι.
1640 1781 1678 1807 Δι’
1695 1777 1732 1807 ὧν
1748 1780 1777 1826 δὲ
1791 1779 1834 1826 ξι-

1045 1836 1110 1862 δωσι
1130 1834 1212 1870 ζωὴν,
1230 1832 1364 1864 δείκνυσιν
1379 1830 1459 1861 αὐτὸς
1476 1829 1532 1864 ζωὴ
1551 1827 1588 1854 ὢν
1604 1826 1694 1861 φύσει,
1711 1825 1770 1870 οιαὶ
1792 1825 1834 1850 ὃτι

1046 1881 1126 1912 αὐτὸς
1145 1868 1245 1913 ταυτην
1263 1877 1376 1912 χορηγεῖ
1392 1875 1421 1907 ἐξ
1434 1872 1530 1900 ἑαυτοῦ
1552 1872 1600 1898 καὶ
1621 1871 1670 1897 οὐκ
1692 1868 1722 1901 ἐξ
1737 1869 1833 1903 ἑτέρου

1045 1926 1144 1954 λαϐὼν.
1161 1925 1237 1959 Ζωὴν
1251 1923 1280 1950 δὲ
1300 1921 1413 1956 νοοῦμεν
1427 1919 1546 1951 αἰώνιον,
1563 1917 1592 1944 οὺ
1609 1916 1658 1950 τὴν
1674 1913 1835 1959 μακροημὲ-

1047 1978 1148 2005 ρευσιν,
1167 1965 1200 2004 ἧς
1216 1957 1326 1997 ’πάντες
1354 1964 1494 2000 μέλλουσιν
1517 1960 1674 1991 ἀπολαύειν,
1696 1957 1834 2005 μετὰντὴν

1046 2004 1192 2043 ἀνάστασιν
1225 2012 1304 2040 καλοί
1331 2019 1360 2038 τε
1389 2010 1436 2036 καὶ
1462 2007 1558 2035 κακοί·
1585 2006 1654 2033 ἀλλὰ
1679 2005 1727 2031 καὶ
1753 2004 1784 2031 τὸ
1803 2005 1832 2030 ὲν

1046 2060 1162 2096 εὐθυμία
1186 2058 1301 2092 διάγειν.
1326 2055 1443 2083 Δυνατὺν
1466 2055 1495 2081 δὲ
1518 2053 1591 2087 ζωὴν
1618 2052 1699 2084 νοεῖν,
1721 2050 1769 2077 καὶ
1783 2050 1833 2096 τὴν

1048 2105 1181 2142 μυστικὴν
1209 2103 1334 2137 εὐλογίαν
1361 2102 1395 2129 δι’
1415 2098 1447 2136 ἧς
1474 2097 1623 2135 ὲμφυτεύει
1650 2096 1766 2142 Χριστὸς
1783 2095 1834 2130 τὴν

1046 2141 1144 2179 ἑαυτοῦ
1166 2149 1249 2184 ζωὴν,
1272 2148 1316 2175 διὰ
1340 2147 1392 2182 τῆς
1421 2144 1598 2181 μεταλήψεως
1616 2142 1666 2177 τῆς
1680 2141 1747 2172 ιδίας
1766 2148 1833 2174 σαρ-

206 2195 345 2229 giam,per
357 2201 440 2228 quam
452 2193 550 2226 inserit
558 2193 688 2220 Christus
702 2200 779 2220 suam
792 2193 881 2228 ipsius
895 2193 991 2225 vitam,

1047 2197 1092 2228 κὺς
1112 2197 1167 2227 τοῖς
1184 2195 1299 2225 πιστοῖς,
1325 2192 1396 2219 κατὰ
1418 2191 1449 2218 τὸ
1468 2189 1621 2225 εἰρημένον·
1639 2197 1648 2213 ε
1671 2187 1700 2214 ’0
1718 2186 1832 2222 τρώγωι

207 2240 269 2268 data
283 2239 401 2274 propriae
420 2239 513 2267 carnis
530 2238 657 2266 ﬁdelibus
677 2239 896 2274 participatione.
913 2239 991 2273 juxta

206 2285 232 2311 id
251 2285 322 2319 quod
341 2284 445 2311 dictum
464 2287 529 2311 est:
552 2292 561 2310 (
580 2283 632 2316 Qul
651 2283 798 2310 manducat
820 2291 908 2312 meam
932 2292 992 2311 car-

207 2337 281 2363 nem,
293 2334 321 2357 et
341 2329 409 2357 bibit
423 2336 514 2358 meum
527 2329 699 2364 sanguinem,
716 2329 798 2357 habet
813 2329 896 2357 vitam
911 2334 987 2358 aeter-

206 2383 270 2402 nam
291 2375 324 2402 “.
346 2384 355 2400 ι

244 2420 284 2453 Χ,
311 2420 355 2447 29.
377 2419 412 2448 Et
428 2428 502 2449 nemo
525 2425 609 2454 potest
634 2427 724 2454 rapere
745 2420 775 2447 de
796 2428 875 2448 manu
903 2420 992 2447 Patris

207 2473 268 2492 ηιρι.

243 2510 350 2538 Fideles
366 2510 498 2538 auxilium
516 2510 620 2538 habent
635 2515 662 2538 et
682 2518 696 2538 a
717 2511 838 2544 Christo,
861 2517 923 2537 cum
946 2517 994 2536 eos

208 2556 234 2582 in
248 2556 367 2590 praedam
381 2556 484 2583 habere
496 2555 622 2583 diabolus
639 2559 758 2590 nequeat
772 2564 779 2582 :
794 2555 851 2581 sive
867 2561 930 2581 cum
946 2553 994 2580 ha-

209 2603 291 2629 beant
308 2602 509 2630 indesinentem
528 2602 663 2630 bonorum
681 2609 760 2628 usum
780 2608 810 2627 ac
823 2599 993 2631 fruitionem,

209 2650 322 2673 manent
335 2646 363 2674 in
380 2653 422 2679 eo,
436 2646 544 2674 nemine
565 2646 628 2674 illos
641 2653 655 2672 a
673 2646 738 2673 data
761 2645 802 2672 eis
816 2645 899 2672 animi
918 2649 993 2671 tran-

209 2691 346 2726 quillitate
370 2691 406 2718 ad
422 2699 530 2727 pcenam
546 2696 573 2719 et
594 2691 734 2718 cruciatus
760 2690 921 2724 ahripiente.
938 2688 993 2716 Nec

209 2730 281 2764 enim
297 2737 354 2765 ﬁeri
374 2741 462 2772 potest
481 2741 511 2764 ut
527 2737 574 2772 qui
593 2739 658 2764 sunt
680 2736 707 2763 in
731 2743 812 2763 manu
836 2735 937 2762 Christi
959 2734 993 2761 ad

245 2828 255 2843 '
274 2825 353 2854 Joan.
371 2834 398 2858 χ,
418 2827 458 2853 H.
499 2825 519 2841 ¹⁰
537 2825 614 2852 Joan.
636 2832 675 2856 ιιι.
694 2824 718 2851 1.
759 2823 778 2839 ’³
794 2822 871 2851 Joan.
889 2831 926 2856 vt,
947 2823 990 2850 53.

1048 2250 1098 2277 μου
1119 2240 1168 2276 τὴν
1188 2239 1278 2275 σάρκα
1296 2237 1343 2267 καὶ
1369 2237 1454 2264 πίνων
1479 2243 1530 2270 μου
1546 2234 1576 2260 τὺ
1595 2230 1664 2268 αἷμα
1687 2232 1744 2267 ἔχει
1761 2231 1833 2266 ζωὴν

1046 2296 1112 2317 αιων
1117 2295 1166 2313 ιον.
1185 2295 1194 2312 ι

1082 2418 1136 2446 Καὶ
1153 2417 1253 2449 οὐδεὶς
1269 2415 1397 2450 ἁρπάσει
1411 2415 1446 2442 ἐκ
1465 2413 1519 2448 τῆς
1535 2415 1633 2447 χειρὸς
1650 2410 1702 2438 τοῦ
1718 2410 1829 2443 Πατρός

1058 2473 1114 2491 (ου.

1058 2474 1114 2491 (ου.

1044 2474 1057 2499 Ι
1084 2509 1115 2535 Οἱ
1131 2507 1222 2534 πιστοὶ
1235 2506 1283 2534 καὶ
1297 2506 1347 2542 τὴν
1363 2504 1522 2540 ἐπικουρίαν
1540 2503 1629 2538 ἔχουσι
1642 2502 1688 2528 τοῦ
1701 2499 1832 2534 Χριστοῦ,

1048 2554 1079 2580 οὐ
1096 2553 1246 2592 δυναμένου
1263 2551 1309 2578 τοῦ
1323 2551 1446 2578 διαϐόλου
1465 2549 1598 2585 ἁρπάζειν
1615 2547 1722 2578 αὐτούς·
1734 2546 1794 2581 ἦτοι
1808 2545 1833 2570 οἱ

1048 2599 1155 2634 ἔχοντες
1169 2589 1380 2627 ἀκατάπαυστον
1402 2595 1456 2622 τῶν
1471 2593 1581 2628 ἀγαθῶν
1602 2592 1762 2623 ἀπόλαυσιν,
1782 2589 1833 2624 μέ-

1047 2633 1137 2672 νουσιν
1163 2645 1192 2670 ὲν
1216 2643 1300 2678 αὐτῷ,
1328 2643 1375 2677 οὐχ
1394 2641 1562 2677 ἁρπάζοντος
1584 2637 1680 2668 αὐτοὺς
1699 2635 1739 2662 ἔτι
1761 2633 1833 2678 τινος

1047 2690 1101 2716 ἀπὸ
1122 2689 1173 2724 τῆς
1194 2677 1317 2723 δοθείσης
1338 2687 1428 2718 αὐτοῖς
1445 2685 1589 2720 εὐθυμίας,
1609 2684 1648 2714 είς
1663 2677 1832 2724 τιμωρίανῇ

1049 2722 1189 2769 βασάνους.
1209 2733 1246 2760 Οὺ
1273 2732 1325 2768 γὰρ
1349 2731 1460 2758 δυνατὸν
1487 2729 1549 2761 τοὺς
1574 2729 1653 2759 liveat;
1675 2727 1703 2754 ἐν
1727 2726 1761 2761 τῇ
1783 2722 1832 2751 τοῦ
