1906 3037
46 170 76 197 2|
431 169 466 197 ΙΝ
486 169 653 200 JOANNEM.
666 183 700 188 —
716 167 779 196 LIB.
800 167 845 196 Vll
865 168 908 195 ET
926 169 983 197 Vlll
996 168 1217 197 FRAGMENTA.
1624 169 1659 195 εξ

46 226 156 263 Χριστοῦ
175 226 261 261 χειρὶ.
276 226 434 262 ἁρπαγῆναι
451 227 491 259 είς
505 228 535 254 τὸ
545 227 724 262 κολασθῆναι,
738 226 781 254 διὰ
797 227 827 254 τὸ

883 227 1042 262 supplicium
1052 227 1208 262 rapiantur,
1226 225 1424 260 pratvalentein
1436 225 1571 253 inﬁnitum
1580 225 1661 254 Chri-

46 273 110 306 ᾱγαν
133 270 236 305 tax-55w
249 271 296 296 τδν
310 271 437 306 Χριστόν.
458 271 491 298 Ἦ
514 271 568 306 γὰρ
586 272 657 307 χεὶρ,
669 272 697 298 ὲν
709 273 742 307 τῇ
767 271 826 307 θείᾳ

47 316 146 351 Γραφῇ,
161 315 212 351 τὴν
227 315 340 351 δύναμιν
361 316 445 351 δηλοῖ·
466 317 506 343 ὅτι
529 316 578 352 μὲν
594 315 641 344 οὖν
659 317 787 352 ἀνίκητος
808 317 824 352 ή

47 363 89 389 τοῦ
105 361 222 397 Χριστοῦ
235 362 296 398 χεὶρ
307 363 352 389 καὶ
364 363 404 394 εἰς
420 363 508 390 πάντα
521 362 659 398 ἰσχύουσα,
676 362 827 398 ἁναμφίὸο-

48 409 97 435 λον.
114 407 182 434 Ἀλλ’
199 408 314 443 ἐπείπερ
327 408 399 444 ἑώρα
415 409 478 439 τοὺς
499 408 640 440 Ἰουδαίους
654 408 825 443 καταγελῶν-

51 463 94 485 τας
109 453 189 480 αὐτοῦ
209 454 248 485 ὼς
261 453 405 490 ἀνθρώπου
423 454 510 490 ψιλοῦ,
528 454 564 490 μὴ
580 453 706 486 νοοῦντας
723 455 763 481 ὃτι
776 453 826 489 φύ-

50 505 85 523 σει
100 497 163 528 Θεὸς
177 494 211 532 ἦν
227 496 368 532 ὁρώμενος
386 498 432 525 καὶ
453 498 651 534 ψηλαφώμενος
671 498 831 535 ἄνθρωπος,,

50 543 141 571 πείθων
160 544 261 576 αὐτοὺς
277 545 318 572 ὅτι
332 546 413 577 αὐτὸς
438 547 512 573 ἐστιν
531 548 548 582 ἡ
567 547 613 573 τοῦ
628 547 734 583 Πατρδς
748 547 825 575 δύνα-

51 599 100 626 μξ,
112 591 201 625 φησὶν,
218 591 260 618 ὅτι
276 601 286 617 ι
304 592 397 623 Οὐδεὶς
410 592 464 618 ἀπὸ
482 592 532 627 τῆς
547 593 638 628 χειρὸς
658 593 705 620 τοῦ
724 593 828 630 Πατρός

52 643 121 670 μου.»
131 634 202 661 τοῦτ’
215 635 300 668 ἐστιν,
322 635 414 671 Ὲμοῦ.
425 636 537 663 Ἐαυτδν
548 637 603 672 γάρ
617 645 683 672 φησι
696 637 745 673 τὴν
760 647 826 665 παν-

50 680 188 715 τοδύναμον
204 681 258 707 τοῦ
271 682 376 717 Πατρὸς
393 682 493 714 δεξιὰν,
518 683 556 714 ὼς
580 683 613 710 δι’
635 683 829 712 αὑτοῦ¹πάντα

52 727 215 762 ἐνεργοῦντος
241 726 289 754 τοῦ
310 728 426 763 Πατρός·
446 728 483 760 ὡς
499 729 546 756 καὶ
566 729 609 756 διὰ
626 730 676 765 τῆς
693 730 827 766 ἡμετέρας

53 773 132 808 χειρὸς
146 774 180 800 τὰ
193 773 261 808 παρ’
275 773 353 809 ἡμῶν
368 775 561 809 ἐνεργούμενα.
583 774 626 802 Ἐν
648 775 754 807 πολλοῖς
774 775 827 811 γὰρ

52 819 94 854 τῆς
108 819 216 853 Γραφῆς
231 819 336 852 τόποις,
349 821 364 846 ὁ
386 821 503 855 Χριστὸς
522 821 582 856 χεὶρ
603 821 764 856 ὀνομάζεται
780 821 827 848 καὶ

879 277 932 301 sto.
949 273 1045 300 Manus
1065 273 1140 300 enim
1166 273 1193 300 in
1217 272 1310 300 divina
1331 271 1475 306 Scriptura
1499 275 1660 306 potestatein

880 318 1036 354 signiﬁcat:
1052 319 1126 353 quod
1141 326 1205 346 vero
1223 318 1325 345 invicta
1349 318 1386 345 sit
1407 317 1509 344 Christi
1525 325 1622 345 manus
1637 324 1662 345 ct

879 366 907 392 in
922 364 1013 392 omnia
1029 368 1136 399 potens,
1156 372 1211 391 non
1229 364 1387 398 ambigitur.
1408 363 1515 390 Etenim
1533 363 1662 397 quoniam

878 410 988 437 videbat
1000 409 1110 437 Iudaeos
1126 409 1215 444 ipsum
1233 413 1262 436 ut
1275 409 1427 444 simplicem
1445 409 1585 441 hominem
1600 409 1663 434 irri-

879 455 986 485 dentes,
1007 461 1057 481 nec
1083 454 1335 481 anitnadvertentes
1361 454 1451 489 ipsum
1481 461 1541 481 esse
1566 457 1663 480 natura

879 500 962 527 Deum
976 500 1023 534 qui
1043 504 1204 527 cerneretur
1219 504 1246 527 et
1266 504 1426 535 tangeretur
1440 500 1532 533 homo,
1548 500 1588 527 eis
1603 507 1666 534 por-

881 545 995 573 suadere
1011 546 1106 573 volens
1122 553 1153 573 se
1162 553 1226 573 esse
1236 545 1328 573 Patris
1339 547 1480 579 virtutem,
1494 546 1545 574 ait:
1560 556 1569 572 ι
1579 546 1664 573 Nemo

880 598 894 618 e
909 598 990 617 manu
1006 590 1094 618 Patris
1106 591 1169 624 mei,
1186 600 1196 617 ι
1208 591 1262 619 Ιιοο
1273 596 1316 619 est
1333 599 1404 620 mea.
1421 592 1548 627 Seipsum
1563 592 1665 627 quippe

878 635 945 663 dicit
972 635 1190 670 omnipotentem
1217 635 1309 664 l’alris
1342 636 1504 668 dexteram,
1532 640 1662 671 tanquam

878 681 959 709 Patre
974 689 1023 716 per
1039 689 1101 709 eum
1122 681 1216 708 omnia
1227 685 1372 716 operante,
1395 682 1469 709 sicut
1481 686 1507 709 et
1526 690 1558 710 ea
1574 690 1635 717 qua:
1650 690 1664 708 a

880 728 959 755 nobis
974 731 1038 755 sunt
1054 735 1102 762 per
1118 734 1230 754 manum
1246 731 1368 755 nostram
1386 731 1511 763 operata.
1527 728 1556 755 In
1572 728 1666 756 multis

880 774 953 802 enim
968 773 1119 810 Scriptura
1146 774 1216 802 locis
1233 773 1362 801 Christus
1383 775 1543 801 nominatur
1567 782 1666 802 manus

880 824 908 848 et
922 820 1033 848 dextera
1058 819 1158 853 Patris,
1184 820 1257 856 quod
1281 824 1362 848 sonat
1382 824 1547 855 potestatem
1565 827 1596 847 ac
1609 821 1667 847 vir-

52 865 116 897 δεξιὰ
136 865 181 891 τοῦ
201 866 320 901 Πατρός·
339 867 408 901 ὅπερ
425 867 552 902 σημαίνει
568 867 618 903 τὴν
631 868 763 907 δύναμιν·
780 869 827 895 καὶ

883 871 966 894 tutem
987 877 994 894 :
1014 871 1041 894 et
1057 867 1220 902 simpliciter
1238 874 1337 895 manus
1355 867 1401 894 Dei
1422 870 1600 901 nuncupatur
1627 867 1666 894 vis

52 911 134 942 ἁπλῶς
148 911 207 947 χεὶρ
219 911 383 946 ὀνομάζεται
397 912 463 939 Θεοῦ
474 913 490 948 ή
503 914 691 949 παντουργικὴ
705 914 829 949 ἐνέργεια

53 957 92 982 καὶ
102 956 185 990 ἰσχύς.
206 956 342 991 Ἀμείνων
354 958 408 993 γάρ
425 966 484 989 πως
497 958 541 985 ἀεὶ
558 959 717 994 σωματικῆς
728 967 830 993 φαντα-

53 1002 105 1032 σίας
127 1003 140 1028 ὁ
154 1002 219 1036 περὶ
239 1002 308 1028 Θεοῦ
323 1002 411 1037 λόγος’
424 1003 533 1038 λέγεται
548 1004 577 1030 δὲ
593 1005 607 1030 ὁ
622 1004 717 1040 Πατὴρ
728 1004 830 1031 διδόναι

53 1048 85 1082 τῷ
97 1047 159 1082 Υίῷ,
174 1049 223 1083 οὐχ
237 1048 276 1080 ὡς
292 1048 328 1084 μὴ
343 1048 430 1084 ἔχοντι
444 1050 486 1076 ἀεὶ
502 1050 554 1077 ὑπὸ
569 1051 649 1086 χεῖρα.
664 1051 713 1086 τὴν
731 1051 829 1083 κτίσιν,

53 1093 149 1124 ἀλλ’ὡς
163 1093 218 1119 om
241 1094 317 1129 αὐτῷ
339 1094 420 1128 φύσει
449 1095 517 1131 ζωῇ,
542 1096 733 1132 προσκομίζων
758 1097 831 1132 ἡμᾶς

54 1139 107 1170 τοὺς
121 1139 312 1174 ἐπιδεομένους
328 1140 410 1175 ζωῆς,
427 1141 472 1168 ἵνα.
488 1142 540 1168 ὑπὸ
558 1141 605 1169 τοῦ
620 1143 685 1169 Υἰοῦ
700 1143 832 1178 ζωοποιη-

55 1183 134 1219 θῶμεν
159 1185 207 1211 τοῦ
232 1186 311 1217 ὄντος
343 1186 423 1221 φύσει
446 1187 528 1222 ζωῆς,
542 1189 587 1215 καὶ
606 1189 711 1215 οἴκοθεν
726 1189 832 1224 ἔχοντος

54 1231 132 1258 τοῦτο.
151 1232 222 1267 Πλὴν
245 1233 294 1259 καὶ
320 1233 389 1260 καθὸ
409 1233 519 1267 γέγονεν
539 1233 690 1270 ἄνθρωπος,
716 1235 831 1270 ἁρμόζει

55 1277 129 1311 αὐτῷ,
147 1277 176 1303 τὺ
190 1278 279 1304 αἰτεῖν
295 1286 326 1304 τε
344 1277 392 1304 καὶ
406 1277 556 1313 λαμϐάνειν
575 1278 650 1314 παρὰ
662 1278 709 1305 τοῦ
727 1279 832 1315 [ἰατρὸς

55 1323 70 1350 ἃ
81 1321 146 1358 εῐχεν
161 1323 198 1355 ὡς
211 1324 293 1357 φύσει
308 1323 384 1356 Θεὸς.

91 1369 157 1403 Ἐγὼ
170 1370 219 1396 καὶ
234 1371 252 1396 ὁ
266 1370 370 1405 Πατὴρ
382 1370 417 1397 ἕν
427 1370 530 1406 ἐσμεν.

90 1415 182 1446 Ἐάσας
200 1416 256 1451 γὰρ
276 1416 310 1442 τὰ
324 1416 481 1451 ἀνθρώπινα
497 1419 511 1444 ὁ
526 1418 653 1453 Χριστὸς,
671 1418 717 1445 ἐπὶ
731 1418 762 1444 τὸ
773 1417 833 1444 Oeo-

56 1461 147 1498 πρεπὲς
159 1461 241 1488 αὑτοῦ
253 1462 399 1497 ἀνατρέχει
416 1461 534 1498 ἀξίωμα,
550 1464 762 1499 ὲναὸρυνὸμενος
775 1465 833 1496 τοῖς

56 1509 167 1542 φυσικοῖς
180 1508 263 1534 αὐτοῦ
282 1508 504 1543 πλεονεκτήμασι
519 1510 563 1537 διὰ
583 1510 614 1537 τὸ
629 1510 764 1546 χρήσιμον
778 1510 832 1536 τῶν

879 919 907 943 et
927 919 1048 949 potestas
1062 914 1187 942 omnium
1207 913 1343 942 effectrix.
1362 913 1476 948 Semper
1487 914 1561 941 enim
1577 920 1667 941 sermo

879 962 916 988 de
936 961 994 988 Deo
1018 960 1105 995 major
1130 964 1173 988 est
1188 967 1270 995 quam
1295 964 1326 988 ut
1351 967 1413 987 eum
1434 966 1568 994 corporeo
1584 966 1667 987 sensu

880 1007 1024 1043 imaginari
1041 1015 1075 1035 ae
1096 1007 1262 1035 adumbrare
1284 1007 1424 1042 possimus
1441 1016 1447 1034 :
1464 1007 1567 1034 dicitur
1586 1006 1668 1034 Pater

881 1055 946 1082 dare
961 1053 1040 1087 Filio,
1056 1061 1112 1080 non
1131 1056 1264 1088 tanquam
1281 1060 1335 1079 non
1357 1052 1470 1079 habenti
1494 1059 1603 1087 semper
1616 1051 1668 1078 sub

881 1108 963 1128 manu
975 1104 1142 1132 creaturam,
1160 1100 1208 1127 sed
1224 1103 1355 1133 tanquam
1371 1098 1396 1125 ei
1412 1098 1556 1126 exsistenti
1570 1100 1668 1124 natura

882 1148 944 1174 vita:
956 1154 1006 1174 nos
1019 1147 1075 1173 vita
1090 1146 1246 1181 indigentes
1256 1145 1387 1177 oll'crens,
1401 1147 1457 1171 uta
1469 1143 1553 1175 Filio,
1563 1143 1607 1178 qui
1619 1151 1668 1170 ex—

883 1194 957 1221 sistit
974 1196 1072 1220 natura
1085 1192 1141 1219 vita
1153 1195 1180 1219 et
1193 1191 1375 1218 domesticum
1391 1190 1445 1217 hoc
1466 1189 1558 1221 habet,
1579 1188 1668 1216 viviti-

882 1247 986 1267 cemur.
1003 1239 1055 1266 Sed
1069 1242 1206 1274 quatenus
1222 1237 1314 1264 factus
1327 1240 1369 1264 est
1387 1237 1480 1268 homo,
1498 1235 1628 1263 convenit
1643 1235 1667 1263 ei

883 1291 977 1322 petere
993 1291 1020 1314 et
1037 1286 1161 1321 accipere
1170 1293 1189 1312 'a
1205 1284 1287 1312 Patre
1302 1291 1333 1312 ea
1350 1291 1411 1319 qua:
1430 1286 1460 1310 ut
1476 1286 1575 1310 natura
1596 1281 1668 1309 Deus

883 1334 964 1361 etiam
987 1332 1116 1359 habebat.

920 1379 941 1406 Χ
953 1399 959 1409 ,
974 1379 1018 1406 50.
1042 1378 1097 1413 Ego
1118 1383 1143 1406 et
1162 1377 1242 1405 Pater
1256 1384 1337 1404 unum
1358 1384 1461 1403 suinus.

919 1424 1043 1452 Humana
1060 1424 1131 1451 enim
1149 1423 1288 1450 facessere
1304 1421 1405 1457 jubens
1419 1420 1558 1452 Christus,
1574 1419 1607 1447 ad
1625 1419 1668 1446 di-

883 1471 962 1498 vinas
975 1463 1042 1497 suas
1057 1468 1137 1497 dotes
1151 1468 1394 1503 dignationcmque
1407 1466 1535 1499 recurrit,
1555 1470 1670 1493 natura-

884 1517 957 1544 libus
973 1516 1031 1544 suis
1046 1515 1235 1551 praerogativis
1250 1513 1333 1550 667
1350 1513 1526 1549 triumphans
1542 1513 1578 1540 ob
1593 1512 1669 1539 utili-

57 1553 149 1580 πιστῶν
163 1555 209 1580 κα¹ι
220 1554 272 1590 τὴν
300 1555 365 1589 ὑγιᾶ
380 1555 481 1587 πίστιν,
501 1555 562 1590 ἥτις
585 1556 687 1582 ἔστιτὸ
713 1555 831 1591 μηδόλως

884 1567 968 1590 tatem
983 1565 1011 1589 et
1024 1568 1119 1589 sanam
1137 1561 1217 1587 ﬁdem
1235 1559 1367 1592 ﬁdelium,
1384 1567 1447 1594 quae
1459 1562 1518 1586 erat
1533 1556 1668 1593 ejusmodi

57 1599 206 1626 ὑποπτεύειν
218 1600 350 1627 ἐλάττονα
361 1599 485 1628 εἷναιτοῦ
498 1602 605 1636 Πατρδς
613 1601 658 1628 τὸν
668 1602 743 1628 Υίόν.
756 1601 833 1628 Οὕτω

56 1645 104 1682 γὰρ
117 1646 247 1674 δείκνυται
270 1647 354 1674 είκὼν
372 1648 469 1683 ἀσινὴς
485 1648 532 1675 τοῦ
555 1648 671 1684 Πατρὸς,
687 1648 833 1684 ὁλόκληρον

57 1692 81 1718 ὲν
93 1692 174 1728 ἑαυτῷ
190 1693 236 1720 καὶ
249 1693 315 1728 ὑγιῆ
333 1693 474 1725 διασὼζων
493 1694 539 1720 τὸν
559 1694 606 1720 τοῦ
623 1694 728 1729 Πατρὸς
746 1703 833 1730 χαρα-

58 1739 143 1774 κτῆρα.
162 1739 209 1766 ’Ἑν
222 1739 252 1766 δὲ
264 1739 381 1775 λέγομεν
396 1741 441 1766 τὸν
457 1739 521 1766 Υίὸν
532 1740 579 1766 καὶ
592 1741 636 1767 τὸν
653 1740 772 1775 Πατέρα,
784 1741 833 1768 οὐκ

58 1785 226 1820 ἀναφὺροντες
239 1785 291 1817 τὰς
308 1786 337 1812 ὲν
360 1785 469 1822 ἀριθμῷ
494 1786 610 1822 μονάδας
624 1806 631 1817 ,
647 1787 746 1818 καθώς
761 1796 833 1819 τινες

57 1831 96 1857 τὸν
107 1831 181 1858 αὐτὸν
195 1830 266 1858 εἶναι
283 1832 392 1866 λέγουσι
408 1832 519 1867 Πατέρα
529 1832 576 1859 καὶ
590 1833 664 1864 Υίὸν,
680 1832 748 1859 ἀλλὰ
761 1832 834 1864 ίδίως

58 1877 192 1911 ὑφεστάναι
217 1878 395 1910 πιστεύοντες
419 1878 465 1905 τὸν
488 1879 607 1913 Πατέρα,
629 1879 680 1905 καὶ·
703 1879 776 1910 ίδίως
787 1879 834 1905 τὸν

58 1922 124 1955 Υίδν,
138 1924 198 1954 τοὺς
218 1924 245 1951 δὲ
273 1923 320 1951 δύο
345 1925 385 1956 εἰς
407 1924 471 1960 μίαν
495 1924 588 1956 οὐσίας
602 1924 754 1959 ταυτότητα
769 1932 835 1951 συν-

58 1968 168 2002 άγοντες,
184 1969 230 1996 καὶ
246 1969 313 2005 μίαν
335 1967 446 2005 ἔχοντας
476 1970 553 2005 ἰσχὺν
572 1970 681 2002 ειδότες.
702 1971 740 2002 ὡς
751 1966 783 1997 ἓν
794 1970 835 2006 τῷ

59 2015 133 2049 ἑτέρῳ
147 2016 238 2050 ἕτερον
262 2015 482 2051 ἀπαραλλάκτως
503 2016 631 2052 ὁρᾶσθαι·
652 2015 702 2047 τὰς
714 2016 742 2042 δέ
757 2024 788 2050 γε
804 2016 834 2043 ἐν

59 2061 107 2090 τοῖς
127 2060 299 2095 Εὐαγγελίοις
317 2061 366 2088 τοῦ
393 2061 518 2097 Σωτῆρος
545 2062 623 2096 ἡμῶν
643 2061 745 2096 φωνὰς,
771 2060 834 2089 οὔτε

60 2105 209 2132 ὑποστάσεσι
222 2106 310 2139 δυσὶν,
326 2107 387 2133 οὔτε
402 2108 456 2142 μὴν
470 2107 625 2142 προσώποις
648 2107 834 2144 καταμερίζο-

63 2159 113 2184 μεν.
127 2152 161 2178 Oti
175 2152 227 2188 γάρ
246 2154 306 2180 ἐστι
329 2153 439 2185 διπλοῦς
454 2154 469 2179 ὁ
488 2151 528 2186 εἷς
543 2154 591 2181 καὶ
607 2154 687 2190 μόνος
705 2153 834 2189 Χριστὸς,

61 2197 104 2222 κᾶν
114 2198 143 2223 ἐκ
153 2197 198 2224 δῦο
209 2199 305 2233 νοῆται
319 2200 367 2225 καὶ
385 2200 522 2235 διαφόρων
538 2200 708 2236 πραγμάτων
724 2201 764 2232 εἰς
775 2199 835 2226 ἐνύ-

884 1612 914 1636 ιιι
930 1607 1027 1635 Filium
1046 1606 1126 1633 Patre
1145 1606 1279 1632 minorem
1294 1612 1357 1632 esse
1371 1603 1531 1631 nullomodo
1545 1602 1667 1636 suspica-

882 1655 990 1679 rentur.
1005 1649 1052 1677 Sic
1069 1650 1143 1677 enim
1158 1650 1322 1676 intemerata
1336 1648 1428 1675 Patris
1442 1647 1531 1682 imago
1546 1646 1671 1674 ostendi-

883 1698 1073 1731 turintegrum
1082 1699 1109 1723 et
1118 1695 1238 1723 solidum
1255 1701 1370 1722 servans
1384 1694 1411 1721 in
1425 1701 1455 1721 se
1467 1692 1556 1721 Patris
1570 1693 1668 1719 chara-

883 1746 998 1770 cterem.
1018 1739 1109 1768 Unum
1129 1747 1198 1767 vero
1218 1739 1339 1767 dicimus
1367 1739 1476 1766 Patrem
1501 1741 1528 1766 et
1554 1737 1666 1769 Filium.

883 1794 937 1815 non
961 1786 1081 1814 unitales
1106 1785 1135 1813 in
1151 1793 1267 1813 numero
1286 1784 1491 1813 confundentes
1508 1805 1515 1818 ,
1534 1784 1668 1819 quemad-

883 1832 996 1859 modum
1018 1831 1146 1858 nonnulli
1167 1830 1295 1858 eumdem
1312 1838 1377 1858 esse
1397 1830 1493 1857 dicunt
1510 1829 1618 1857 Patrem
1643 1833 1670 1857 et

882 1876 995 1908 Filium,
1011 1876 1060 1904 sed
1072 1874 1182 1910 proprie
1201 1882 1233 1902 ac
1250 1877 1366 1903 seorsim
1385 1875 1537 1902 subsistere
1552 1873 1670 1901 creden-

883 1926 926 1950 tes
942 1923 1065 1952 Patrem,
1083 1921 1197 1955 proprie
1209 1924 1236 1947 et
1252 1920 1369 1947 seorsim
1390 1918 1502 1951 Filium,
1522 1919 1592 1946 duos
1604 1925 1669 1946 vero

865 1999 868 2011 Ι
885 1968 914 1996 in
932 1975 1014 1995 unam
1035 1966 1199 1995 substantia:
1218 1965 1391 1993 identitatem
1412 1966 1621 2000 conjungentes,
1644 1968 1672 1992 et

883 2021 967 2041 unam
983 2013 1085 2040 habere
1098 2012 1154 2039 vim
1174 2018 1206 2039 ac
1228 2013 1394 2046 potestatem
1420 2010 1551 2041 scientes,
1579 2010 1615 2036 ita
1640 2014 1670 2036 ut

885 2061 954 2087 alter
971 2059 998 2086 in
1013 2059 1101 2086 altero
1117 2057 1359 2086 indiscrimlnatim
1377 2061 1524 2090 cernatur;
1541 2060 1669 2083 caeterum

884 2105 1044 2134 Servatoris
1062 2104 1152 2132 nostri
1170 2103 1200 2131 in
1215 2102 1374 2138 Evangeliis
1384 2110 1479 2134 voces,
1495 2110 1581 2137 neque
1603 2102 1671 2129 dua—

884 2150 937 2178 bus
953 2148 1150 2185 hypostasibus
1168 2155 1256 2183 neque
1278 2146 1406 2182 personis
1427 2145 1587 2173 dividimus.
1611 2143 1669 2172 Non

886 2196 960 2224 enim
977 2195 1077 2230 duplex
1095 2197 1138 2222 est
1161 2201 1233 2221 unus
1258 2197 1285 2221 et
1311 2193 1390 2221 solus
1404 2192 1544 2223 Christus,
1566 2191 1618 2219 etsi
1636 2198 1670 2218 ex

59 2248 119 2276 τητα
130 2243 176 2277 τὴν
186 2232 334 2279 ἀμέριστον
350 2232 587 2280 συνενήνεγμένος,
599 2232 724 2280 καθάπερ
737 2245 831 2281 ἀμέλει

886 2242 995 2270 duabus
1010 2246 1037 2269 et
1050 2240 1240 2268 ditl'erentibus
1255 2238 1341 2267 rebus
1355 2239 1383 2266 in
1400 2238 1529 2265 unitatem
1545 2236 1671 2264 indivisi-
1690 2232 1695 2235 “

60 2288 101 2313 καὶ
115 2287 251 2324 ἄνθρωπος
278 2290 311 2316 ἐκ
331 2290 420 2325 ψυχῆς
444 2291 491 2317 καὶ
511 2291 646 2327 σώματος,
671 2293 701 2318 οὑ
724 2291 834 2323 διπλοῦς

62 2333 159 2366 μᾶλλον,
178 2335 234 2361 ἀλλ’
247 2333 287 2366 εἷς
301 2335 330 2367 ἐξ
347 2337 459 2370 ἀμφοῖν.
481 2336 561 2363 Ἀλλὰ
572 2337 619 2364 καὶ
632 2337 681 2368 τὰς
694 2336 834 2372 ἀνθρωπί-

61 2387 102 2411 νας
116 2380 159 2406 καὶ
172 2381 219 2412 τὰς
232 2380 328 2413 θεῖκὰς
343 2382 407 2417 παρ’
423 2382 481 2414 ἑνὸς
497 2382 623 2418 είρῆσθαί
647 2390 750 2417 φαμεν,
767 2391 835 2417 φρο-

61 2425 157 2457 wine;
172 2427 259 2462 ὀρθῶς
270 2436 282 2443 ι
293 2428 357 2454 ὅταν
374 2430 424 2463 μὲν
434 2428 488 2463 γὰρ
505 2428 665 2463 Θεοπρεπῶς
680 2428 747 2464 λέγῃ
770 2427 834 2463 περὶ

62 2470 148 2498 ἑαυτοῦ
158 2480 164 2486 ·
180 2482 189 2498 ι
212 2472 283 2507 Ἐγὼ
300 2473 346 2500 καὶ
360 2474 373 2500 ὁ
387 2474 483 2509 Πατὴρ
494 2474 523 2500 ἓν
539 2475 630 2508 ἐσμεν,
651 2483 660 2500 ι
681 2473 729 2507 τὴν
742 2472 836 2507 θεϊκὴν

63 2517 133 2544 αὑτοῦ
148 2520 192 2545 καὶ
204 2520 360 2555 ἀπόρρητον
374 2519 518 2554 ἐννοοῦμεν
539 2519 628 2553 φύσιν,
650 2518 712 2545 καθ’
732 2518 765 2554 ἠν
788 2518 836 2545 καὶ

63 2562 88 2588 ’ἐν
99 2564 150 2589 ἐστι
167 2565 233 2599 πρὸς
249 2565 295 2591 τδν
307 2565 405 2591 ἑαυτοῦ
421 2565 533 2600 Πατέρα
553 2564 595 2591 διὰ
614 2564 664 2600 τὴν
684 2563 835 2599 ταυτότητα

64 2607 106 2641 τῆς
120 2609 218 2641 οὐσίας,
244 2609 325 2636 εἰκών
342 2618 372 2636 τε
387 2611 433 2636 καὶ
451 2610 594 2646 χαρακτὴρ
609 2609 654 2636 καὶ
668 2609 836 2645 ἀπαύγασμα

63 2653 106 2687 τῆς
118 2653 190 2688 δόξης
207 2655 289 2682 αὑτοῦ
300 2663 307 2670 “
322 2656 387 2682 ὅταν
409 2655 437 2682 δὲ
452 2656 482 2682 τὸ
498 2656 547 2690 τῆς
569 2655 776 2691 ἀνθρωπὸτητος
792 2656 836 2690 μέ-

64 2705 119 2732 τρον
134 2699 180 2725 οὐκ
193 2699 344 2734 ἀτιμάζων,
358 2701 412 2731 τοῖς
434 2700 571 2731 Ἰουδαίοις
586 2699 724 2735 προσ-λαλῇ
735 2707 741 2713 ·
755 2708 764 2724 ι
778 2698 835 2725 Νῦν

65 2742 88 2768 δὲ
100 2742 197 2778 ζητεῖτέ
214 2753 247 2780 με
264 2745 421 2772 ἀποκτεῖναι
437 2746 589 2780 ἄνθρωπον,
602 2745 631 2777 ὃς
642 2745 691 2780 τὴν
707 2743 836 2780 ἀλήθειαν

66 2788 120 2822 ὑμῖν
130 2789 281 2824 λελάληκα·
304 2801 313 2816 ι
330 2791 409 2818 πάλιν
422 2792 497 2819 οὐδὲν
516 2790 596 2827 ἦττον
619 2792 647 2817 ὲν
667 2790 769 2825 ἰσότητι
789 2788 834 2815 τοῦ

67 2833 168 2868 ῐίατρὸς,
182 2836 226 2862 καὶ
236 2837 268 2862 ὲκ
283 2837 336 2862 τῶν
353 2837 402 2873 τῆς
413 2837 622 2874 ἀνθρωπότητος
633 2835 714 2863 αὺτοῦ
726 2836 834 2871 μέτρων

99 2889 117 2904 λ’
132 2889 206 2918 Joan.
221 2898 280 2925 vm,
297 2890 339 2917 37.

886 2288 969 2315 bilem
986 2286 1098 2314 collatis
1109 2286 1291 2320 intelligatur,
1303 2283 1533 2319 quemadmodum
1544 2283 1672 2310 videlicet

886 2334 968 2361 homo
994 2335 1036 2360 est
1060 2331 1151 2358 anima
1175 2335 1204 2358 et
1220 2337 1337 2365 corpore
1360 2337 1415 2357 non
1437 2330 1549 2364 duplex,
1566 2330 1612 2356 sod
1638 2337 1670 2356 ex

886 2386 1003 2414 utroque
1017 2387 1099 2406 unus.
1117 2377 1170 2405 Sed
1190 2381 1216 2405 et
1235 2377 1371 2404 humanas
1391 2379 1418 2404 et
1441 2376 1547 2404 divinas
1561 2374 1596 2402 ab
1617 2382 1671 2401 uno

886 2426 1009 2461 prolatas
1025 2424 1152 2455 dicimus,
1178 2426 1254 2450 recto
1282 2421 1393 2456 quidem
1426 2428 1530 2449 sensu:
1560 2420 1671 2455 quando

888 2471 971 2504 enim,
992 2473 1074 2505 prout
1110 2469 1194 2496 Deum
1217 2468 1307 2501 decet,
1326 2467 1360 2494 de
1391 2467 1483 2501 seipso
1516 2466 1638 2501 loquitur
1661 2473 1669 2492 :

891 2525 900 2542 ι
919 2516 977 2550 Ego
999 2519 1026 2543 et
1050 2515 1129 2541 Pater
1148 2520 1230 2540 unum
1251 2519 1360 2544 sumus,
1385 2521 1395 2538 ι
1418 2511 1538 2538 divinam
1562 2511 1622 2545 ejus
1646 2516 1672 2537 et

889 2560 1053 2589 ineﬂabilem
1074 2559 1227 2594 cogitamus
1247 2561 1387 2589 naturam,
1411 2556 1563 2584 secundum
1588 2563 1670 2590 quam

889 2615 974 2635 unum
991 2609 1033 2633 est
1046 2612 1109 2632 cum
1124 2611 1177 2632 suo
1195 2603 1274 2630 Patre
1290 2607 1402 2638 propter
1417 2602 1580 2630 substantiae
1596 2601 1672 2628 iden-

888 2652 1006 2683 titalem,
1029 2649 1120 2683 imago
1139 2655 1248 2682 quoque
1273 2651 1300 2674 et
1322 2647 1464 2674 character
1488 2650 1514 2673 et
1541 2645 1673 2680 splendor

888 2697 982 2732 gloriae
994 2695 1053 2728 eius
1067 2703 1074 2722 :
1091 2694 1201 2729 quando
1216 2700 1280 2720 vero
1295 2692 1474 2720 humanitatis
1489 2692 1601 2718 modum
1617 2698 1671 2718 non

889 2749 1025 2777 spernens
1040 2739 1149 2767 Judaeos
1162 2739 1312 2773 alloquitur
1325 2747 1331 2764 :
1352 2747 1361 2763 ι
1376 2737 1454 2764 Nunc
1469 2744 1535 2764 vero
1550 2735 1672 2771 quaeritis

890 2795 933 2815 me
947 2786 1102 2814 interﬁcere
1117 2784 1256 2812 hominem
1271 2783 1319 2818 qui
1338 2783 1481 2810 veritatem
1498 2782 1576 2809 vobis
1599 2781 1673 2809 locu-

889 2838 935 2862 tus
951 2840 1012 2861 sum
1030 2833 1069 2865 “;
1102 2841 1112 2857 ι
1136 2838 1234 2858 rursus
1262 2829 1440 2858 nihilominus
1466 2829 1493 2856 in
1517 2828 1672 2864 :cqualitate
