1906 3037
226 171 262 197 ιδ
683 170 685 172 ’
721 169 749 197 ε.
766 167 906 198 οἳλιιιι
923 167 1158 196 ALEXANDRlNl
1176 169 1338 198 ARCHIEP.
1811 171 1848 198 ΞΑ

227 225 318 253 Patris
331 226 415 253 etiam
431 233 463 253 es
481 224 662 253 humanitatis
685 224 746 259 ejus
760 225 850 252 modis
866 223 1010 259 cognosci-

1067 224 1289 260 ὲπιγινώσκομεν.
1313 225 1345 252 Et
1360 225 1414 261 γὰρ
1428 225 1592 260 πιστεύομεν
1610 225 1729 257 ὅτιθεὸς
1745 224 1786 252 ὣν
1797 225 1845 260 φύ-

227 279 299 298 mus.
317 270 345 297 Si
355 271 428 298 enim
442 270 582 298 credimus
597 270 661 305 quia
674 270 745 298 Deus
757 274 855 298 natura
873 270 1010 298 exsistens

227 317 309 344 homo
332 315 422 344 factus
445 319 499 349 est,
525 316 566 343 vel
581 315 655 351 quod
673 320 803 351 tanquam
822 315 905 343 homo
919 315 1010 342 anima

227 361 355 389 rationali
371 360 519 393 ani'matus,
533 368 594 395 quae
610 361 680 388 ratio
694 364 747 392 est,
763 368 844 387 voces
864 360 924 395 ejus
946 367 1010 387 eru-

227 407 351 441 bescere,
368 407 440 442 quod
461 406 518 434 sint
535 406 638 433 homini
653 406 870 434 convenientes?
892 405 921 432 Si
936 406 1009 433 enim

226 452 390 480 detrectaret
403 459 545 479 sermones
557 452 697 479 hominem
709 452 849 483 decentes.
862 451 924 487 quis
933 451 1010 478 illum

226 499 315 533 coegit
333 498 469 526 hominem
488 498 639 526 secundum
657 507 708 526 nos
719 499 799 527 ﬁeri?
815 498 866 532 Qui
883 506 950 527 vero
960 498 1010 526 de-

226 543 302 570 misit
316 543 437 578 scipsum
458 548 571 578 propter
593 552 645 572 nos
658 544 692 572 ad
715 545 901 572 voluntariam
919 544 1010 572 inani-

227 591 309 615 tatem
336 588 375 620 ",
394 596 476 623 quam
501 589 538 616 ob
552 596 665 616 causam
687 590 770 617 verba
796 590 860 617 huic
885 589 1009 617 inanitati

227 633 420 661 convenientia
437 634 618 662 detrectaret?
633 635 684 664 Uni
703 635 787 671 igitur
804 643 930 671 personae
949 643 1010 663 om-

227 685 276 706 nes
292 685 374 707 voces
398 679 426 706 in
450 679 617 715 Evangeliis.
643 681 689 708 uni
713 681 854 716 hypostasi
875 680 956 708 Verbi
970 681 1011 708 in-

226 725 335 752 earnati
349 725 532 753 attribuenda:
547 731 622 753 sunt.
639 726 771 754 Dominus
787 727 860 754 enim
877 735 950 754 unus
967 726 1011 754 Jev

227 777 275 797 sus
288 769 424 804 Christus,
435 772 586 799 secundum
595 779 688 799 voces.
704 772 837 800 Praeterea
847 772 870 800 si
883 772 1011 800 omnibus

226 815 316 850 major
325 820 367 844 est
382 815 474 850 Pater,
489 816 611 845 divinam
627 817 754 845 videlicet
767 818 944 846 eminentiam
962 818 1011 845 ha-

226 861 294 889 bens
314 865 344 889 ut
361 870 425 897 erga
448 863 580 897 facturas,
609 867 637 892 et
663 869 740 892 extra
765 865 857 892 omnia
879 868 906 892 et
928 872 1011 899 supra

1065 277 1106 295 σει
1125 269 1235 303 γέγονεν
1248 269 1400 305 ἄνθρωπος,
1417 270 1480 305 ἢὼς
1495 270 1637 305 ἄνθρωπος
1651 270 1849 306 ὲμψυχωμένος

1063 315 1135 350 ψυχῇ
1153 314 1260 351 λογικῇ,
1278 317 1353 342 ποῖον
1366 316 1398 343 ἂν
1421 316 1477 352 ἔχοι
1493 316 1571 350 λόγον
1586 317 1616 343 τὸ
1635 316 1848 352 ἐπαισχύνεσθαι

1062 362 1124 393 ταῖς
1136 361 1201 397 παρ’
1217 361 1299 388 αὐτοῦ
1312 363 1424 396 φωναῖς,
1445 363 1469 389 εἰ
1489 362 1630 397 γεγόνασιν
1652 361 1849 398 ὰνθρωποπρε-

1063 407 1139 440 πῶςς
1155 408 1186 434 Εἰ
1201 407 1256 444 γὰρ
1277 409 1435 444 παραιτοῖτο
1454 409 1516 440 τοὺς
1535 408 1672 444 ἀνθρώπῳ
1691 408 1849 444 πρέποντας

1063 452 1168 487 λόγους,
1185 453 1227 485 τις
1240 455 1254 480 ό
1268 453 1425 487 ἀναγκάσας
1438 454 1564 488 γενέσθαι
1583 453 1644 480 καθ’
1658 455 1731 489 ἡμᾶς
1749 453 1849 489 ἀνορω-

1064 507 1132 532 πον;
1154 499 1184 526 '0
1199 499 1227 526 δὲ
1245 499 1340 531 καθεὶς
1356 500 1452 526 ἑαυτὸν
1475 500 1508 526 δι’
1520 500 1593 534 ἡμᾶς
1610 500 1649 531 εἰς
1663 499 1788 526 ἑκούσιον
1803 499 1848 525 κέ-

1063 544 1156 577 νώσιν,
1167 544 1211 572 διὰ
1222 545 1301 571 ποίαν
1313 545 1401 572 αἰτίαν
1414 547 1571 581 παραιτοῐτο
1587 545 1620 572 ἂν
1636 545 1698 576 τοὺς
1711 546 1746 580 τῇ
1766 546 1849 571 κενώ-

1065 599 1105 617 σει
1117 591 1272 626 πρέποντας
1289 591 1400 624 λόγους;
1419 590 1476 617 Ἐν).
1489 590 1634 626 τοιγαροῦν
1645 590 1786 626 προσώπῳ
1801 589 1849 621 τὰς

1063 637 1093 662 ὲν
1109 638 1165 668 τοῖς
1189 636 1364 671 Εὑαγγελιοις
1382 636 1470 668 πάσας
1495 636 1638 663 ἀναθετέον
1664 635 1767 670 φωνὰς.
1786 636 1850 662 ὑπο-

1065 683 1158 709 στάσει
1178 683 1227 718 μιᾷ
1236 682 1285 708 τοῦ
1293 681 1380 716 Λόγου
1394 682 1612 717 σεσαρκωμένου.
1622 681 1726 716 Κύριος
1741 680 1796 716 γὰρ
1810 678 1849 712 εἷς

1071 728 1173 763 Ἰησοῦς
1192 727 1319 763 Χριστὸς,
1339 727 1410 754 κατὰ
1421 727 1471 759 τὰς
1498 726 1600 761 φωνάς.
1613 727 1673 752 Ἔτι
1688 727 1713 752 εἰ
1740 726 1849 752 πάντων

1066 774 1167 809 μείζων
1181 773 1254 800 ἐστὶν
1265 774 1280 800 ὁ
1292 774 1396 808 Πατὴρ,
1417 772 1554 808 θεοπρεπῆ
1567 771 1688 808 δηλονότι
1704 771 1754 806 τὴν
1767 771 1850 806 ὑπερ-

1063 819 1129 854 οχὴν
1144 818 1213 853 ἔχων
1237 818 1275 850 ὡς
1294 818 1361 853 πρὶς
1386 818 1420 844 τὰ
1443 818 1591 853 ποιήματα,
1613 816 1658 843 καὶ
1670 816 1722 849 ἔξω
1741 815 1850 842 πάντων

1065 864 1110 891 καὶ
1121 864 1168 890 ἐπὶ
1180 863 1268 890 πάντα
1285 863 1360 889 ἔσται
1372 871 1378 877 ·
1394 864 1407 889 ὁ
1421 862 1449 889 δὲ
1461 862 1546 893 οὕτως
1558 862 1628 897 ἔχων
1640 861 1748 896 φύσεώς
1761 869 1790 887 τε
1803 861 1850 887 καὶ

227 907 324 934 omnia
343 909 379 935 sit
395 916 401 934 :
419 910 466 945 qui
487 917 553 937 vero
573 909 611 937 ita
628 917 658 937 se
673 909 756 938 habet
775 910 866 945 quoad
883 913 1011 937 naturam

1067 909 1228 945 Ξξιώματος,
1255 910 1285 936 ’ἐν
1309 908 1440 939 ἐστινὼς
1454 909 1522 943 πρὸς
1538 908 1583 935 τὸν
1602 908 1682 934 Υιόψ
1705 905 1766 934 εἶτα
1792 907 1849 938 πῶς

227 956 254 980 et
266 960 300 980 ex
320 953 465 988 dignitate,
482 962 566 982 unum
577 960 663 983 estut
677 963 740 992 erga
757 955 857 982 Filium
874 965 881 983 :
897 963 1011 990 quomo-

228 997 274 1030 do,
284 997 392 1032 amabo,
402 1000 510 1033 genitus
517 999 571 1028 erit
584 1000 632 1035 qui
642 1001 764 1036 ingenito
774 999 848 1027 Patri
860 1000 1010 1028 secundum

228 1042 410 1070 substantiam
435 1043 506 1072 idem
540 1044 601 1073 est?
621 1045 669 1072 Vel
695 1045 836 1081 quomodo
857 1046 886 1073 in
917 1046 1011 1073 omni-

227 1087 281 1115 bus
296 1091 326 1114 ut
341 1088 449 1116 factura
458 1090 616 1118 censebitur
631 1091 676 1126 qui
692 1092 776 1127 668
791 1091 878 1126 major
894 1097 937 1119 est
953 1099 1012 1118 om-

227 1133 310 1161 nibus
328 1141 391 1161 cum
413 1134 504 1168 Patre,
525 1140 552 1163 et
568 1137 677 1172 quidem
702 1138 788 1172 major
808 1145 841 1165 eo
861 1137 941 1165 modo
958 1145 1012 1173 quo

229 1178 302 1207 Deus
313 1179 395 1207 fuerit
406 1187 470 1216 erga
489 1181 613 1209 facturas
628 1181 714 1209 suas?

264 1223 319 1259 Ego
333 1229 357 1252 et
374 1225 455 1252 Pater
466 1234 545 1253 unum
559 1235 660 1254 sumus.
677 1227 777 1263 Nempe
789 1229 922 1256 vocabulo
931 1237 1012 1256 unum

227 1269 350 1304 ejusdem
371 1279 433 1299 esse
452 1280 481 1299 se
499 1273 659 1300 substantiae
676 1281 738 1300 cum
755 1273 836 1302 Patre
856 1275 1012 1309 signiﬁcat;

227 1315 313 1342 verbo
327 1321 417 1344 autem
435 1325 526 1345 sumus
546 1318 572 1345 iu
589 1319 643 1346 duo
651 1319 747 1346 dividit
764 1327 819 1347 rem
835 1319 1011 1354 intellectam,

229 1369 379 1397 rursusque
395 1363 423 1390 in
438 1371 518 1390 unam
536 1364 642 1400 colligit
660 1365 800 1392 deitatem.

263 1405 306 1438 Χ,
329 1407 373 1434 51.
395 1406 564 1436 Sustulerunt
589 1416 649 1445 ergo
671 1417 764 1436 rursus
796 1408 885 1436 Juda’i
910 1410 1011 1444 lapides

229 1455 258 1478 ut
271 1451 419 1486 lapidarent
432 1461 501 1480 eum.

264 1496 324 1525 Non
338 1499 410 1526 enim
424 1499 543 1527 ferentes
562 1508 625 1527 eum
646 1501 692 1536 qui
706 1509 765 1530 sese
781 1509 865 1529 unum
877 1509 938 1529 esse
948 1510 1011 1529 cum

230 1541 311 1570 Patre
325 1543 441 1577 diceret,
457 1545 491 1572 ad
506 1546 687 1574 occidendum
702 1555 764 1575 eum
776 1548 877 1583 impetu
892 1549 1011 1583 quodam

1063 956 1140 982 ἕσται
1154 955 1283 991 γεννητὸς
1294 956 1308 982 ό
1326 954 1365 990 τῷ
1382 954 1521 989 ἁγεννήτῳ
1542 953 1628 989 Πατρὶ
1647 954 1707 980 κατ’
1724 953 1820 979 οὐσίαν
1836 953 1850 979 ό

1063 1001 1162 1034 αὐτὸς
1179 1002 1213 1028 Ἢ
1225 1001 1283 1033 πῶς
1295 1002 1323 1028 ἐν
1333 1002 1388 1032 τοῖς
1396 1001 1478 1026 πᾶσιν
1491 999 1528 1031 ὡς
1540 999 1646 1034 ποίημα
1658 998 1850 1033 λογισθήσεται

1063 1049 1078 1074 ό
1094 1048 1195 1084 μείζων
1204 1048 1311 1074 πάντων
1325 1047 1394 1082 μετὰ
1408 1046 1527 1081 Πατρὺς,
1543 1045 1643 1081 μείζων
1656 1044 1684 1073 δὲ
1701 1043 1799 1076 οὕτως,
1813 1043 1849 1075 ὡς

1064 1093 1098 1121 ἂν
1109 1094 1151 1130 εἴη
1165 1093 1231 1126 Θεὸς
1247 1093 1315 1130 πρὸς
1326 1093 1360 1120 τὰ
1376 1093 1530 1128 ποιήματας

1107 1225 1179 1259 Ἐγὼ
1198 1225 1236 1259 (1)
1255 1224 1303 1251 καὶ
1314 1225 1330 1251 d
1343 1224 1443 1258 Πατὴρ
1456 1224 1491 1250 ἓν
1505 1224 1608 1258 ἐσμεν.
1633 1222 1682 1249 Διὰ
1706 1223 1756 1258 μὲν
1770 1222 1801 1248 τὺ
1814 1221 1850 1248 ἓν

1064 1271 1114 1307 τὴν
1136 1271 1288 1305 ταυτότγγιτα⁵
1314 1271 1363 1305 τῆς
1391 1270 1486 1301 οὐσίας
1512 1269 1658 1304 σημαίνει”
1681 1268 1726 1295 διὰ
1753 1268 1782 1294 δὲ
1797 1267 1846 1294 τοῦ

1064 1316 1159 1351 ἐσμὲν
1172 1318 1212 1348 εἰς
1226 1316 1309 1343 δυάδα
1323 1316 1417 1351 τέμνει
1430 1316 1461 1342 τὸ
1485 1315 1639 1351 νοούμενον,
1654 1315 1701 1342 καὶ
1714 1315 1796 1342 πάλιν
1810 1315 1850 1344 εἰς

1066 1363 1130 1398 μίαν
1144 1362 1270 1397 περισφίγ
1278 1370 1317 1396 γει
1335 1362 1458 1396 θεότητα.

1105 1408 1291 1434 Ἐσάστασιιν
1302 1405 1359 1434 οὖν
1373 1407 1465 1434 πάλιν
1475 1408 1502 1433 οἱ
1523 1406 1659 1433 Ἰουδαῖοι
1671 1406 1786 1439 λίθους,
1800 1405 1853 1432 ἵνα

1063 1452 1230 1479 λιθάσωσιν
1242 1453 1342 1479 αὐτόν.

1100 1498 1146 1533 Μὴ
1155 1498 1343 1533 ’ἀνασχόμενοι
1357 1498 1411 1533 γὰρ
1419 1496 1512 1528 αὑτοῦ,
1526 1497 1555 1523 ἓν
1570 1493 1640 1523 εἶναι
1653 1495 1749 1522 ἑαυτὸν
1759 1495 1850 1529 λέγον-

1065 1553 1110 1576 τος
1121 1544 1188 1578 πρὸς
1204 1543 1249 1570 τὸν
1262 1543 1371 1578 Πατέρα
1381 1563 1388 1575 ,
1409 1543 1454 1568 ἐπὶ
1468 1542 1498 1568 τὺ
1512 1542 1640 1576 φονεῦσαι
1660 1542 1740 1568 αὐτὸν
1754 1541 1850 1577 ὦρμηο

229 1588 301 1623 rapti
316 1594 390 1623 sunt,
403 1590 467 1618 licet
483 1592 699 1627 unumquodque
725 1601 838 1628 operum
857 1594 916 1629 ejus
929 1594 1012 1622 Deum

1067 1598 1115 1617 σαν
1127 1598 1134 1604 '
1146 1590 1246 1625 καίπερ
1260 1589 1375 1615 ἑκάστου
1387 1588 1441 1615 τῶν
1456 1589 1520 1623 παρ’
1530 1587 1614 1614 αὑτοῦ
1625 1587 1776 1623 γινομένων
1784 1587 1852 1614 Θεὸν

230 1639 291 1660 esse
309 1633 383 1661 illum
400 1640 499 1662 natura
519 1637 586 1664 satis
606 1637 777 1672 praedicaret.
791 1637 850 1664 Non
864 1638 952 1665 solum
964 1646 1014 1665 au-

230 1684 284 1707 tem
298 1687 381 1712 nunc,
400 1681 447 1708 sed
469 1685 497 1709 et
521 1682 590 1709 alias
606 1683 723 1710 sublatis
744 1683 883 1719 lapidibus
905 1689 936 1712 ut
951 1692 1013 1713 eum

182 1759 185 1762 γ
231 1723 428 1758 interﬁcerent,
457 1726 613 1754 immobiles
639 1731 774 1756 steterunt
794 1729 820 1755 vi
843 1733 869 1755 et
894 1728 1013 1757 efﬁcacia

229 1768 332 1797 Christi
344 1779 350 1797 :
360 1777 393 1797 ex
403 1778 458 1805 quo
472 1771 693 1806 liquidoconstat
705 1781 780 1806 eum,
795 1774 847 1800 nisi
861 1774 1010 1807 volentem,

230 1821 371 1849 nunquam
390 1823 537 1850 passurum
559 1816 654 1845 fuisse.
679 1818 866 1848 Nihilosecius
878 1828 927 1855 per
939 1828 1015 1848 sum-

231 1866 302 1887 mam
314 1860 551 1888 mansuetudinem
562 1861 689 1890 Christus
702 1862 837 1891 furiosum
853 1870 949 1892 eorum
963 1865 1014 1892 im-

230 1909 322 1940 petum
337 1906 462 1934 cohibuit
478 1907 576 1934 dicens
591 1917 598 1936 :
615 1907 743 1943 Nunquid
759 1909 795 1936 ob
814 1909 928 1944 aliquod
950 1918 1012 1938 ver-

230 1951 293 1978 bum
310 1952 382 1986 quod
409 1951 466 1979 dixi
489 1953 653 1986 irascimini,
681 1959 727 1981 aut
751 1955 787 1982 ob
806 1955 917 1990 aliquod
944 1963 1014 1991 opus

228 1997 302 2032 quod
320 1997 389 2025 feci?
403 1997 431 2024 Si
447 1999 519 2026 enim
535 2006 590 2026 non
606 2000 691 2026 multa
713 2000 838 2028 fecissem
856 2001 910 2029 Deo
931 2001 1014 2036 digna

229 2050 371 2078 opera,me
385 2048 486 2071 natura
499 2045 583 2072 Deum
598 2053 661 2073 esse
673 2047 815 2077 testantia.
827 2048 927 2075 merito
942 2047 1015 2074 iudi-

228 2088 381 2123 gnaremini
399 2088 541 2116 audientes
559 2097 602 2117 me
616 2097 689 2117 nunc
707 2089 845 2118 dicentem
864 2100 870 2118 :
890 2101 899 2116 ι
919 2091 976 2125 Ego
987 2094 1014 2118 et

228 2133 309 2161 Pater
330 2141 415 2161 unum
433 2142 546 2168 sumus;
569 2144 578 2160 ›
596 2135 644 2162 scd
663 2143 716 2163 non
733 2136 783 2163 hoc
799 2136 940 2169 dixissem,
961 2136 1014 2163 nisi

229 2187 278 2214 per
292 2180 386 2206 omnia
403 2187 463 2215 quat
484 2181 537 2207 feci
553 2181 725 2216 probassent.
749 2182 792 2209 Ait
815 2190 879 2210 vero
901 2191 916 2210 a
934 2182 1014 2209 Patre

228 2229 255 2253 et
269 2233 324 2253 non
337 2233 351 2252 a
365 2226 457 2260 seipso
471 2233 564 2261 opera,
582 2227 714 2255 modestia
737 2228 865 2255 nimirum
885 2233 966 2256 utens
980 2228 1013 2255 ad

1063 1637 1144 1663 αὑτὸν
1160 1635 1380 1670 ἀναγορευόντων
1395 1634 1486 1668 φύσει.
1501 1634 1538 1660 Οὐ
1558 1634 1637 1669 μόνον
1655 1634 1682 1660 δὲ
1708 1634 1766 1665 νῦν,
1785 1633 1852 1661 ἀλλὰ

1063 1682 1111 1708 καὶ
1127 1681 1219 1709 ἄλλοτε
1238 1680 1365 1711 λαϐόντες
1388 1680 1478 1711 λίθους
1489 1680 1534 1706 ἐπὶ
1553 1679 1592 1714 τῷ
1613 1679 1694 1706 αὑτὸν
1711 1679 1850 1713 φονεῦσαι,

1063 1727 1188 1762 ἀκίνητοι
1203 1727 1319 1761 ἔστησαν
1331 1725 1455 1761 ἐνεργείᾳ
1466 1727 1499 1760 τῇ
1514 1724 1560 1752 τοῦ
1574 1724 1690 1759 Χριστοῦ
1699 1733 1708 1739 ·
1724 1724 1763 1756 ὡς
1773 1724 1852 1759 δῆλον

1064 1773 1112 1800 καὶ
1127 1774 1159 1799 ὲκ
1179 1773 1274 1799 τούτου
1297 1771 1434 1807 γενέσθαι,
1456 1771 1497 1797 ὅτι
1509 1771 1558 1797 οὐκ
1581 1770 1612 1797 ἂν
1630 1770 1759 1805 ἔπασχεν,
1775 1770 1852 1804 εἰμὴ

1065 1819 1146 1846 ἑκών.
1163 1818 1258 1853 Ὅμως
1270 1817 1313 1844 διὰ
1323 1817 1457 1852 ὴπιότηηα
1468 1817 1481 1842 ὁ
1498 1814 1614 1850 Χριστδς
1626 1816 1789 1842 κατέστελλε
1803 1816 1852 1850 τὴν

1064 1865 1175 1892 ἐκείνων
1198 1863 1294 1898 ἄλογον
1315 1863 1413 1900 ὁρμὴν,
1429 1863 1534 1896 λέγων,
1554 1863 1596 1893 οὺ,
1617 1863 1665 1889 Διὰ
1681 1864 1757 1888 ποῖον
1772 1862 1852 1895 λόγον

1064 1912 1093 1938 ὃν
1104 1909 1189 1943 εἷπον,
1202 1909 1354 1945 Beneﬁciis;
1369 1909 1446 1942 ἀλλὰ,
1455 1908 1504 1934 Διὰ
1517 1909 1592 1934 ποῖον
1603 1908 1682 1943 ἔργον
1691 1907 1704 1934 ὅ
1717 1908 1850 1942 incincta;

1064 1958 1095 1984 Ei
1111 1957 1164 1992 γὰρ
1185 1956 1222 1991 μὴ
1236 1955 1362 1990 ἐποίησα,
1378 1955 1454 1989 φησι,
1477 1953 1562 1980 πολλὰ
1581 1953 1719 1989 θεοπρεπῆ
1735 1953 1804 1988 ἔργα
1820 1953 1852 1980 τὰ

1064 2003 1205 2029 δεικνύντα
1223 2010 1255 2036 με
1276 2001 1356 2036 φύσει
1378 2000 1454 2033 Θεὸν,
1484 2000 1596 2031 εἰκότως
1611 1999 1644 2026 ἂν
1659 1999 1850 2033 ἠγανακτεῖτε,

1064 2048 1111 2075 νῦν
1126 2047 1270 2078 ἀκούοντές
1286 2055 1336 2081 μου
1346 2046 1470 2080 λέγοντος
1480 2055 1486 2061 ·
1506 2055 1516 2071 ι
1536 2045 1606 2080 Ἐγὼ
1621 2046 1668 2072 καὶ
1680 2046 1694 2072 ὁ
1711 2045 1808 2080 Πατὴρ
1823 2045 1851 2071 ἓν

1064 2095 1148 2126 ἐσμεν
1165 2102 1173 2119 ι
1190 2093 1259 2119 Ἀλλ’
1273 2092 1323 2118 οὐκ
1341 2092 1373 2119 ἂν
1397 2089 1473 2118 εἷπον
1486 2090 1575 2120 τοῦτο.
1587 2091 1610 2117 ei
1626 2090 1663 2126 μὴ
1684 2090 1730 2117 διὰ
1744 2090 1852 2117 πάντων

1065 2136 1102 2166 ὧν
1119 2139 1244 2172 ἐποίησα,
1263 2137 1343 2164 τοῦτο
1357 2137 1454 2169 ἔδειξα.
1469 2137 1538 2172 Φησὶ
1552 2136 1580 2163 δὲ
1595 2136 1671 2172 παρὰ
1687 2136 1734 2163 τοῦ
1746 2137 1852 2172 Πατρὶς

1064 2185 1094 2212 οὐ
1111 2183 1176 2220 παρ’
1193 2183 1290 2210 ἑαυτοῦ
1309 2182 1344 2209 τὰ
1367 2182 1435 2218 ἔργα
1450 2202 1457 2214 ,
1480 2181 1682 2217 μετριοφρονῶν
1710 2182 1779 2217 πρὸς
1804 2181 1852 2216 τὴν

1064 2230 1143 2265 ἡμῶν
1157 2229 1302 2263 ὠφέλειαν,
1316 2228 1360 2255 ἵνα
1376 2228 1413 2262 μὴ
1427 2228 1492 2254 ὅταν
1511 2227 1639 2262 λάϐωμέν
1649 2235 1676 2254 τι
1687 2227 1762 2262 παρὰ
1771 2226 1851 2257 Θεοῦ,

229 2278 352 2300 nostram
371 2273 528 2305 utilitatem,
551 2282 585 2301 ne
600 2282 664 2301 cum
679 2275 781 2310 aliquid
802 2283 817 2302 a
833 2275 888 2303 Deo
905 2276 1012 2311 accepi.-

1067 2272 1302 2308 ἁλαζονευώμεθα.
1325 2271 1477 2307 Δεδειχέναι
1497 2272 1525 2298 δὲ
1551 2272 1615 2307 περὶ
1635 2272 1681 2298 τοῦ
1698 2272 1805 2307 Harpe;
1820 2272 1852 2299 τὰ

229 2327 302 2352 mus,
321 2324 483 2354 arrogantes
495 2319 592 2347 simus.
603 2320 763 2349 Ostendissc
779 2329 844 2349 vero
859 2329 888 2349 se
904 2329 919 2348 a
934 2322 1015 2348 Patre

229 2371 313 2398 opera
330 2364 408 2396 dicit,
424 2373 479 2392 non
494 2373 524 2393 sc
538 2366 572 2393 ab
590 2373 685 2393 eorum
697 2366 793 2394 effectu
811 2372 837 2394 et
856 2367 1014 2402 operatione

228 2411 349 2438 alienum
373 2410 579 2443 demonstrans,
601 2412 655 2438 imo
682 2413 768 2440 totius
792 2413 904 2440 deitatis
930 2421 1013 2448 opera

227 2463 291 2483 esse
306 2456 418 2483 docens.
435 2456 528 2485 Deitas
551 2466 618 2486 vero
642 2467 696 2495 una
719 2460 881 2495 intelligitur
896 2468 911 2487 a
932 2460 1014 2488 nobis

229 2502 256 2528 in
274 2501 356 2529 Patre
370 2506 397 2529 et
412 2501 482 2530 Filio
494 2507 522 2530 et
539 2493 648 2538 Spiritd
662 2511 769 2532 saneto.
790 2493 868 2538 Quod
884 2506 956 2532 enim
972 2507 1014 2532 vi—

229 2547 327 2575 delicet
354 2547 419 2581 facit
438 2548 529 2581 Pater,
557 2550 610 2578 hoc
628 2551 771 2586 perficitur
795 2558 843 2585 per
859 2550 958 2578 Filiqu
986 2551 1013 2578 in

230 2591 344 2627 Spiritu.
371 2592 403 2619 Et
428 2601 527 2622 rursus
553 2596 625 2629 quod
650 2595 737 2624 Filius
762 2595 838 2627 facit,
855 2596 906 2623 hoc
932 2597 1014 2624 Pater

229 2637 319 2666 facere
333 2639 360 2666 in
379 2638 483 2674 Spiritu
501 2640 612 2668 dicitur.
627 2641 717 2674 Quare
730 2646 757 2669 et
778 2642 836 2676 ipse
849 2641 919 2669 dixit
935 2651 941 2669 ;
958 2651 967 2668 ι
991 2643 1013 2669 Λ

229 2683 334 2718 meipso
351 2685 418 2712 nihil
441 2685 522 2718 facio,
543 2685 624 2714 Pater
637 2695 702 2714 vero
722 2687 749 2714 in
766 2696 808 2716 me
822 2696 937 2717 manens
954 2689 1013 2723 ipse

229 2725 295 2754 facit
306 2735 399 2764 opera.
422 2738 431 2754 ι

266 2783 288 2800 ⁸³
302 2783 421 2819 Philipp.
436 2792 465 2816 it,
487 2784 512 2810 7.

266 2854 305 2889 (ι)
315 2853 384 2888 Ἐγὼ

1066 2321 1134 2356 ἔργα
1150 2321 1242 2355 φησὶν.
1259 2319 1309 2345 οὐκ
1323 2318 1462 2353 ἀλλότριον
1481 2317 1577 2344 ἑαυτὸν
1595 2317 1702 2349 δεικνὺς
1717 2317 1768 2352 τῆς
1779 2319 1851 2344 basia

1066 2373 1119 2391 νων
1134 2362 1284 2398 ἐνεργείας,
1298 2361 1365 2389 ἀλλὰ
1375 2361 1508 2388 διδάσκων
1523 2362 1563 2388 ὅτι
1583 2362 1631 2397 τῆς
1642 2362 1706 2398 ὅλης
1722 2363 1780 2388 ἐστὶ
1793 2363 1852 2389 θεό-

1065 2415 1146 2442 τητος
1160 2407 1193 2433 τὰ
1210 2406 1288 2441 ἔργα.
1309 2406 1411 2440 Θεότης
1427 2405 1454 2432 δὲ
1466 2407 1516 2440 μία
1533 2408 1632 2433 νοεῖται
1649 2407 1714 2442 παρ’
1729 2407 1810 2442 ἡμῶν
1825 2409 1852 2433 ἐν

1066 2453 1153 2486 Ila-cpi
1163 2452 1209 2478 καὶ
1219 2451 1276 2486 Υῐῷ
1289 2451 1336 2478 καὶ
1355 2451 1424 2486 ἁγίῳ
1438 2450 1586 2486 [Ινεύματι.
1600 2452 1688 2487 Ὅπερ
1703 2453 1758 2487 γὰρ
1773 2454 1851 2488 τυχὸν
1901 2489 1902 2492 η

1066 2498 1139 2523 ποιεῖ
1156 2497 1170 2522 ὁ
1181 2496 1285 2531 Πατὴρ,
1297 2495 1376 2523 τοῦτο
1390 2495 1506 2523 τελεῖται
1524 2496 1557 2522 δι’
1578 2496 1643 2523 Υἱοῦ
1655 2497 1683 2523 ὲν
1698 2497 1851 2532 Πνεύματι.

1066 2543 1120 2570 Καὶ
1134 2543 1226 2574 πάλιν,
1251 2542 1265 2568 ὃ
1291 2543 1362 2568 ποιεῖ
1383 2543 1397 2570 ὁ
1413 2542 1485 2575 Υἱὸς,
1507 2542 1585 2570 τοῦτο
1601 2543 1710 2577 λέγεται
1725 2545 1739 2570 ό
1757 2544 1852 2579 Πατὴρ

1067 2589 1153 2614 ποιεῖν
1176 2589 1205 2614 ἐν
1228 2588 1375 2622 Πνεύματι.
1402 2588 1447 2614 Διὸ
1470 2590 1516 2615 καὶ
1535 2589 1615 2621 αὐτὸς
1634 2590 1743 2623 ἐλεγενθ
1760 2599 1769 2616 ι
1793 2590 1851 2616 Ἀπ’

1067 2633 1187 2669 ἐμαυτοῦ
1206 2633 1281 2661 οὐδὲν
1297 2634 1375 2664 ποιῶ,
1393 2634 1406 2659 ὁ
1418 2634 1445 2660 δὲ
1457 2635 1550 2669 Πατὴρ
1569 2635 1599 2661 ὲν
1610 2635 1671 2671 ἐμοὶ
1689 2635 1789 2670 μένων,
1805 2637 1852 2663 αὺ-

1066 2681 1110 2712 τὸς
1127 2681 1199 2706 ποιεῖ
1213 2678 1248 2706 τὰ
1262 2678 1339 2714 ἔργα.
1362 2690 1370 2704 ι

405 2873 410 2880 .
425 2874 430 2879 .
449 2874 454 2880 .
469 2874 475 2880 .
491 2854 614 2887 θεότητα
631 2854 693 2882 add.
711 2861 744 2883 cx
757 2859 852 2884 catena
868 2856 940 2890 \'at.,
959 2855 1006 2884 fol.

1067 2856 1124 2888 an,
1143 2865 1185 2892 ap.
1205 2856 1255 2883 nn
1275 2857 1340 2884 ibid.
