1906 3037
108 141 146 169 2'5

509 144 546 172 IN
564 145 733 175 JOANNEM.
754 163 789 167 -—
809 149 874 177 LIB.
895 151 940 179 VII
961 151 1004 180 ET
1024 151 1079 180 VIII
1096 152 1319 181 FRAGMENTA.

1704 156 1740 184 96

149 202 227 237 Περὶ
245 201 340 230 καλοῦ
356 201 444 237 ἔργου
456 204 492 230 οὐ
509 204 666 239 λιθάζομέν
684 213 732 238 σε,
750 206 831 234 ἀλλὰ
839 209 904 242 περὶ

992 209 1033 244 x,
1053 209 1096 238 55.
1119 210 1156 238 De
1172 211 1239 238 bona
1259 218 1333 246 opere
1346 218 1398 237 non
1420 210 1571 245 lapidatum
1594 215 1628 245 te,
1649 212 1693 239 sed
1706 213 1738 237 de

114 249 333 283 βλασφημίας.

152 294 290 329 Ἔχοντες
303 294 383 329 ζῆλον
393 294 470 328 Θεοῦ,
481 295 539 322 ἀλλ’
554 295 584 321 οὐ
599 297 659 323 κατ’
674 297 832 331 ἐπίγνωσιν,
843 298 911 333 ὴγα-

114 340 239 368 νάκτουν
269 340 414 372 ἀκούοντες
441 340 488 367 τοῦ
502 341 621 376 Χριστοῦ
646 342 787 377 λέγοντος·
803 353 812 369 ι
840 343 910 378 Ἐγὼ

114 386 163 413 καὶ
179 387 194 412 ὁ
206 385 305 421 Πατὴρ
320 385 349 412 ἓν
372 386 466 421 ἐσμεν.
490 395 499 412 )
519 387 551 413 Τί
567 387 625 422 γὰρ
640 388 670 414 τὸ
698 388 803 416 χωλύον
831 389 911 416 αὑτὸν

115 429 189 457 εἶναι
209 430 241 456 ἓν
259 430 326 465 πρὸς
351 430 397 456 τὸν
418 430 538 465 Πατέρα.
565 432 644 468 εἴπερ
673 433 837 460 ἐπίστευσαν
868 434 909 461 ὃτι

115 477 183 507 Θεὸς
197 474 236 511 ἦν
247 477 320 503 κατὰ
336 476 416 511 φύσιν
426 485 433 509 ;
445 478 490 503 Διὸ
505 478 550 504 καί
569 478 689 510 λιθάζειν
709 480 789 507 αὑτὸν
804 480 910 515 ἐπεχεί-

118 531 193 557 ρουν,
207 523 258 548 καί
270 522 483 557 ἀπολογούμενοι
502 522 535 550 δι’
549 524 582 559 ἦν
596 524 686 551 αἰτίαν
700 525 778 552 τοῦτο
788 526 906 559 ἐποίουν,

116 567 212 601 φασὶν,
230 568 273 594 ὅτι
290 568 340 603 οὐχ
351 568 442 595 ἕνεκεν
456 565 494 596 ὦν
512 570 645 605 ἐποίησας
656 571 747 598 καλῶν
764 571 908 606 λιθάζομέν

118 622 159 644 σε,
173 613 234 640 ἀλλ’
247 614 290 640 ὅτι
299 614 468 650 βλασφημεῖς
479 625 487 632 -
496 616 572 643 αὐτοὶ
587 617 620 644 ὲκ
633 617 681 644 τοῦ
692 618 813 646 ἐναντίου
825 619 907 654 βλασ-

117 658 288 693 φημοῦντες,
304 659 338 685 δι’
349 656 386 686 ὧν
405 659 499 694 ἧθελον
521 661 644 694 λιθάζειν
658 662 705 688 τὸν
723 663 786 689 ὅντα
801 663 908 698 άληθῶς

119 703 195 735 Θεὸν,
212 704 378 739 ἀγνοοῦντες
390 705 430 732 ὅτι
446 706 478 732 οὐ
493 709 583 743 γυμνῇ
600 709 632 743 τῇ
650 708 755 743 Θεότητι
768 709 877 744 ἔμελλεν
892 710 906 736 ὁ

122 747 228 783 Ἰησοῦς
244 749 399 784 ἐπιδημεῖν,
412 750 480 776 ἀλλὰ
494 751 680 786 σαρκούμενος
704 753 735 778 ἐκ
751 753 907 788 σπέρματος

119 794 211 825 Δαϐὶδ,
230 794 407 830 βλασφημίαν
425 793 493 822 εἶναι
506 796 632 830 λέγοντες
645 797 694 833 τὴν
712 798 794 833 ὀρθὴν
809 799 906 834 ὁμολο-

119 840 191 874 γίαν.
205 840 362 872 Φάσκοντος
376 838 432 873 οὖν⁷
449 851 457 867 ι
469 842 540 876 Ἐγὼ
552 843 599 869 καὶ
610 844 624 868 6
635 843 726 879 Πατὴρ
742 844 771 870 ἓν
785 845 877 879 ἔσμεν,
894 854 903 869 ι

960 255 1131 289 blasphemia.

994 299 1088 327 Zelum
1107 299 1154 327 Dei
1170 300 1322 333 habentes,
1344 300 1393 328 sed
1414 308 1468 327 non
1484 300 1634 328 secundum
1652 300 1740 327 scien-

959 345 1045 376 tiam,
1073 345 1291 381 indignabantur
1315 346 1460 374 audientes
1490 346 1626 373 dicentem
1660 345 1741 373 Chri-

959 395 1030 418 stum
1048 400 1054 418 :
1075 400 1084 416 ι
1102 391 1158 426 Ego
1179 395 1206 418 et
1222 391 1303 419 Pater
1319 399 1406 419 unum
1428 399 1533 419 sumus.
1552 401 1560 418 ι
1584 391 1652 424 Quid
1668 391 1739 418 enim

958 435 1066 462 vetabat
1082 443 1144 463 eum
1162 444 1223 464 esse
1242 445 1325 464 unum
1347 444 1409 464 cum
1426 437 1516 469 Patre,
1540 437 1562 464 si
1580 437 1661 464 modo
1679 444 1739 463 cre-

958 480 1091 509 didissent
1121 489 1182 508 eum
1209 490 1271 510 esse
1300 483 1452 510 secumlum
1478 487 1605 510 naturam
1635 482 1741 510 Deum?

958 525 1047 558 Quare
1069 530 1095 553 et
1120 526 1224 560 lapides
1245 527 1272 553 in
1295 535 1355 553 eum
1370 527 1463 561 jacere
1489 527 1696 562 aggrediuntur,
1714 531 1740 553 et

958 570 1092 598 rationem
1105 571 1253 598 rcddcnles
1267 578 1316 598 cur
1330 572 1356 599 id
1376 571 1509 604 facerent,
1526 572 1613 605 aiunt,
1630 571 1687 598 Non
1705 572 1740 598 ob

957 624 989 643 ea
1015 623 1075 650 quae
1099 617 1229 651 praeclare
1253 615 1341 644 fecisti
1360 617 1513 651 lapidamus
1538 621 1578 649 te,
1605 617 1653 645 sed
1675 617 1739 652 quia

957 662 1130 696 blasphemas
1149 671 1156 689 :
1178 669 1240 688 cum
1260 662 1313 696 ipsi
1340 669 1355 688 e
1372 663 1513 689 contrario
1537 663 1738 697 blasphement.

957 707 990 734 ad
1009 707 1186 741 lapidandum
1204 715 1278 739 eum,
1296 707 1342 742 qui
1359 715 1423 734 vere
1439 712 1481 735 est
1503 708 1585 740 Deus,
1604 708 1738 741 accincti,

957 752 1082 780 videlicet
1107 753 1214 787 ignari,
1241 761 1296 779 non
1322 753 1350 780 in
1376 753 1496 788 simplici
1521 754 1623 781 deitate
1646 753 1738 781 Jesum

956 799 1138 826 adventurum
1164 806 1196 825 ac
1222 798 1472 834 peregrinaturum,
1496 799 1544 826 sed
1569 807 1601 826 ex
1632 800 1737 827 semine

958 844 1040 872 David
1056 845 1243 876 incarnatum,
1259 850 1286 872 et
1302 849 1405 872 rectam
1426 845 1627 872 confessionem
1641 845 1668 872 in
1684 845 1740 872 bla-

120 886 157 920 μὴ
169 885 298 918 νοοῦντες
308 886 336 913 δὲ
348 886 389 918 τίς
403 888 417 914 6
429 887 515 915 ταῦτα
528 888 614 922 λέγων
627 889 712 921 ἐστὶν,
726 890 794 916 ἀλλὰ
807 891 846 922 εἰς
856 891 904 926 τὴν

957 890 1108 925 Sphemiam
1125 890 1350 924 interpretantes.
1374 890 1442 918 Cum
1461 891 1544 926 igitur
1568 891 1654 926 669
1669 891 1740 918 dice-

120 930 209 966 σάρκα
231 930 318 966 μόνην
341 931 501 966 βλέποντες,
521 934 679 960 καταλεύειν
697 934 776 961 αὐτὸν
799 936 905 970 ἐπεχεί-

121 985 192 1012 ρουν,
206 977 384 1013 βλασφημίας
396 978 548 1013 ἐγκλήματι
559 980 775 1015 περιὸάλλοντες.
790 981 839 1008 Διὰ
851 982 904 1016 γὰρ

119 1023 165 1049 τοῦ
181 1024 283 1057 φάναι,
305 1033 314 1049 ι
335 1024 405 1058 Ἐγὼ
424 1024 472 1050 καὶ
486 1026 500 1051 6
514 1024 610 1060 Πατὴρ
632 1026 661 1052 ἓν
680 1026 762 1061 ἐσμεν
774 1045 782 1058 ,
798 1036 809 1052 ›
828 1026 904 1060 φασὶ,

119 1067 183 1095 Θεὸν
198 1069 315 1095 σεαυτὸν
329 1069 401 1096 κατὰ
411 1069 490 1103 φύσιν
504 1072 605 1101 ποιεῖς’
631 1070 710 1098 τοῦτο
728 1071 806 1106 μόνον
817 1071 905 1099 νοοῦν-

120 1122 163 1145 τες
177 1113 278 1148 ὀρθῶς.
290 1113 436 1148 Κρείττους
448 1113 493 1140 οὖν
509 1115 564 1141 τῶν
579 1115 693 1141 ἀνοσίων
713 1115 857 1152 Ἀρειανῶν
879 1117 903 1143 οἱ

126 1159 255 1191 Ἰουδαῖοι,
278 1160 323 1186 τὸν
339 1159 407 1192 ὅλως
418 1161 503 1187 εἰπεῖν
525 1160 699 1196 θαρσήσαντα
711 1170 718 1177 ·
742 1171 750 1187 ι
773 1162 843 1196 Ἐγὼ
857 1163 904 1189 καὶ

121 1205 134 1231 6
145 1205 239 1240 Πατὴρ
252 1205 283 1231 ἓν
304 1207 397 1240 ἐσμεν,
416 1215 425 1231 ›
444 1206 539 1241 ὥσπερ
553 1206 582 1239 ἐξ
596 1206 742 1240 ἀναγκαίου
759 1206 837 1240 λόγου
850 1207 904 1234 λοι-

121 1251 169 1276 πὸν
183 1251 251 1285 πρὸς
268 1251 297 1277 τὸ
310 1251 360 1286 τῆς
373 1251 499 1285 θεότητος
514 1251 667 1278 ἀναϐαίνειν
685 1251 794 1286 ἀξίωμα
814 1252 905 1279 διαϐε-

124 1295 288 1331 ϐαιούμενοι.
306 1295 368 1327 Πῶς
383 1296 438 1331 γὰρ
451 1296 483 1323 ἂν
500 1296 528 1323 ἓν
548 1297 663 1332 ὑπάρχοι
682 1297 750 1332 πρὸς
768 1298 812 1324 τὸν
826 1298 905 1332 φύσει

122 1339 195 1371 Θεὸν,
211 1340 232 1372 ό,
241 1339 279 1375 μὴ
294 1340 373 1366 τοῦτο
388 1341 536 1376 ῦπάρχων;
563 1341 671 1376 Ἐιτειδὴ
684 1341 711 1367 δὲ
723 1341 752 1367 οὐ
768 1342 903 1376 ψεύδεται,

124 1384 191 1412 κατὰ
211 1385 294 1420 φύσιν
310 1386 365 1420 ἄρα
387 1385 432 1412 καὶ
450 1386 530 1417 αὐτὸς
547 1385 676 1420 ὑπάρχων
700 1385 781 1418 Θεὸς,
799 1386 828 1412 ἓν
848 1388 906 1413 ἐστι

124 1431 189 1466 πρὸς
206 1431 253 1458 τὸν
266 1431 391 1467 Πατέρα·
410 1433 424 1458 6
438 1431 466 1458 δὲ
475 1432 595 1463 τοιοῦτος
610 1431 668 1463 πῶς
686 1431 719 1458 ἂν
735 1431 776 1467 είη
793 1433 905 1468 γενητὸς

124 1476 140 1511 ἢ
154 1476 351 1512 πεποιημένοςς

125 1521 186 1549 dum
206 1527 334 1549 naturain
358 1523 416 1557 ipse
432 1521 503 1549 Deus
516 1522 665 1554 exsistens,
682 1530 768 1549 unum
799 1527 841 1550 est
856 1530 918 1550 cum

125 1569 221 1596 fuerit?

162 1615 231 1650 Ἐγὼ
244 1613 316 1642 εἶπα
326 1622 333 1630 ·
355 1615 422 1642 Θεοί
436 1615 516 1648 ἐστε,
526 1615 572 1642 καὶ
585 1615 619 1642 τὰ
635 1615 709 1651 ἑξῆς.

156 1660 211 1687 Νῦν
230 1661 352 1695 ἐλέγχων
363 1661 425 1692 τοὺς
444 1660 597 1693 Ἰουδαίους,
612 1662 653 1688 ὅτι
665 1662 695 1688 οὺ
708 1661 752 1688 διὰ
763 1661 794 1687 τὸ
809 1662 905 1688 είπεῖν’

127 1716 137 1732 ι
152 1706 220 1740 Ἐγὼ
232 1707 282 1733 καὶ
292 1707 306 1732 ὁ
318 1705 412 1741 Πατὴρ
426 1706 454 1732 ἓν
467 1707 561 1741 ἐσμεν,
585 1716 593 1732 ι
608 1706 728 1738 ὲλίθαζον
738 1706 828 1737 αὐτὸν,
839 1706 907 1732 ἀλλὰ

127 1753 219 1787 μάτην,
236 1751 330 1786 φησίν·
346 1752 388 1784 EI,
404 1751 517 1787 ἐπείπερ
534 1749 610 1778 εἷπον
621 1752 737 1787 ἐμαυτὸν
747 1751 822 1785 Θεὸν,
836 1752 906 1779 δοκῶ

127 1796 304 1832 βλασφημεῖν,
319 1797 390 1823 διατι
404 1797 451 1823 τοῦ
469 1797 576 1832 Πατρὺς
588 1798 730 1832 είρηκότος
746 1797 791 1824 διὰ
801 1797 847 1824 τοῦ
864 1797 907 1824 νό-

127 1851 172 1877 μου
186 1843 252 1877 πρὸς
271 1843 334 1874 τοὺς
349 1842 519 1878 ἀνθρώπους,
545 1843 606 1869 Θεοί
622 1844 694 1875 ἐστε,
709 1843 759 1869 οῦκ
781 1843 906 1878 ἐκρίνατε

125 1887 197 1913 τοῦτο
216 1886 286 1915 εἷναι
301 1888 490 1923 βλασφημίαν;
506 1889 591 1915 Τοῦτο
602 1889 629 1915 δέ
639 1897 733 1924 φησιν,
749 1889 808 1923 οὐχ).
823 1898 906 1924 προσ-

125 1932 285 1968 καλούμενος
299 1935 396 1965 αῠτοὺς
413 1935 500 1961 εἰπεῖν
515 1943 540 1961 τι
555 1935 625 1962 κατὰ
644 1934 691 1961 τοῦ
709 1935 814 1970 Πατρός
825 1943 831 1950 ·
848 1935 905 1961 ἀλλ’

126 1979 236 2014 ἐλέγχων
250 1980 291 2006 ὅτι
302 1980 347 2006 τὸν
359 1980 440 2015 νόμον
450 1980 577 2014 ἀγνοοῦσι
588 1980 635 2007 καὶ
649 1980 698 2012 τὰς
712 1980 906 2012 θεοπνεύστους

127 2023 239 2059 Γραφέις.
263 2025 373 2060 Ἐπειδὴ
392 2026 420 2052 δὲ
444 2026 499 2052 τῶν
525 2026 676 2061 εἰρημένων
699 2026 767 2053 θεῶν
787 2027 834 2053 καὶ
859 2025 905 2053 τοῦ

127 2067 201 2100 φύσει
217 2069 295 2102 Θεοῦ,
311 2069 378 2096 πολὺ
393 2070 424 2096 τὸ
437 2070 535 2105 μέσον,
550 2070 584 2096 δι’
598 2067 634 2097 ὧν
651 2070 725 2104 λέγει
741 2071 860 2097 διδάσκει
875 2071 905 2097 τὸ

127 2112 244 2148 διάφορον
256 2123 263 2129 ι
293 2115 318 2140 εί
331 2114 385 2150 γὰρ
409 2115 434 2142 οι
450 2115 588 2151 ἄνθρωποι
613 2116 682 2151 πρὸς
701 2116 747 2147 οὒς
766 2117 877 2150 γέγονεν
891 2116 905 2142 6

128 2158 168 2184 τοῦ
179 2159 244 2185 Θεοῦ
263 2160 352 2194 λόγος,
373 2160 429 2187 θεοὶ
444 2161 599 2196 κέκληνται,
616 2161 663 2187 καὶ
675 2161 905 2197 ὲλαμπρύνθησαν

127 2205 157 2239 τῇ
168 2205 215 2239 τῆς
229 2205 356 2240 θεότητος
366 2207 443 2241 τιμῇ,
460 2206 505 2233 τὸν
521 2206 568 2232 τοῦ
586 2207 653 2233 Θεοῦ
664 2206 741 2241 λόγον
757 2207 904 2233 εἰσοικισά-

130 2258 197 2283 μενοι
211 2251 256 2277 καὶ
267 2251 463 2286 είσδεδεγμένοι
476 2251 546 2278 κατὰ
567 2252 666 2287 ψυχὴν,
681 2252 738 2283 πῶς
755 2252 804 2278 οὐκ
817 2252 850 2279 ἂν
861 2252 903 2288 εἴη

957 939 998 963 ret
1013 945 1019 962 :
1035 945 1044 961 ε
1063 935 1118 970 Ego
1133 940 1159 963 et
1175 935 1255 962 Pater
1270 943 1353 963 unum
1371 944 1477 968 sumus,
1495 946 1503 962 ι
1530 944 1585 963 non
1605 943 1740 970 cognove-

956 984 1022 1008 runt
1035 981 1098 1015 quis
1112 985 1185 1008 esset
1199 981 1246 1015 qui
1268 981 1321 1008 hoc
1335 981 1450 1012 diceret,
1465 981 1512 1008 sed
1529 981 1557 1007 in
1567 988 1677 1008 carnem
1693 988 1739 1008 so-

956 1025 1011 1052 lam
1026 1025 1210 1056 intendenles,
1231 1027 1348 1053 obruere
1365 1026 1504 1060 lapidibus
1518 1034 1580 1054 eum
1600 1027 1737 1060 volebant,

957 1071 1136 1106 blasphemiae
1160 1071 1264 1099 crimen
1280 1072 1449 1107 allingentes.
1468 1073 1546 1105 Quod
1567 1073 1638 1099 enim
1662 1072 1739 1099 dixe-

957 1121 1000 1144 rat
1017 1125 1024 1143 :
1045 1126 1054 1142 ι
1074 1116 1131 1152 Ego
1146 1121 1173 1144 et
1189 1116 1272 1144 Pater
1288 1126 1371 1144 unum
1388 1126 1495 1149 sumus,
1521 1127 1530 1144 ι
1552 1119 1639 1151 aiunt,
1658 1117 1739 1152 Τειρ-

957 1169 1017 1189 sum
1033 1161 1116 1189 Deum
1134 1162 1287 1190 secundum
1309 1167 1435 1190 naturam
1453 1163 1530 1194 lacis,
1556 1163 1608 1190 hoc.
1629 1163 1738 1197 quidem

957 1207 1044 1235 solum
1060 1211 1135 1235 recte
1157 1207 1358 1235 existimantes.
1387 1207 1481 1242 Itaque
1509 1208 1600 1243 impiis
1628 1208 1738 1236 Ariauis

957 1253 1084 1280 meliores
1099 1257 1164 1281 sunt
1178 1253 1281 1286 Judtni,
1299 1261 1361 1281 eum
1382 1255 1428 1288 qui
1445 1254 1558 1281 omnino
1583 1254 1674 1281 dicere
1691 1261 1740 1280 au-

958 1306 1005 1326 sus
1031 1298 1131 1330 fuerat,
1157 1307 1166 1324 ι
1189 1298 1247 1333 Ego
1271 1303 1299 1326 et
1314 1298 1397 1326 Pater
1415 1307 1497 1326 unum
1519 1307 1626 1331 sumus,
1648 1309 1657 1324 ι
1677 1303 1739 1326 tan-

957 1350 1040 1378 quam
1061 1350 1092 1370 ex
1110 1343 1265 1370 necessaria
1285 1342 1392 1370 ratione
1416 1343 1545 1377 deinceps
1571 1344 1603 1369 ad
1627 1342 1738 1370 deitatis

958 1389 1068 1416 culmen
1100 1387 1251 1416 ascendere
1281 1388 1458 1417 afﬁrmantes.
1494 1388 1638 1421 Quomodo
1664 1389 1738 1416 enim

958 1441 1042 1460 unum
1058 1441 1120 1460 cum
1147 1438 1246 1461 natura
1267 1433 1322 1461 Deo
1341 1437 1425 1466 esset,
1443 1434 1488 1468 qui
1513 1441 1567 1461 non
1584 1434 1635 1460 hoc
1647 1433 1738 1468 ipsum

957 1479 1087 1505 haberet?
1104 1479 1174 1511 Quia
1195 1487 1260 1507 vero
1282 1487 1337 1507 non
1360 1481 1502 1512 mentitur,
1524 1480 1618 1514 utique
1640 1485 1738 1507 secun-

956 1524 1061 1553 Patre:
1087 1526 1134 1561 qui
1156 1534 1220 1554 vero
1242 1526 1376 1562 ejusmodi
1404 1531 1457 1560 est,
1483 1527 1620 1562 quomodo
1648 1525 1738 1554 lactus

879 1602 886 1606 ³
916 1618 937 1646 C
991 1615 1029 1648 x,
1045 1615 1089 1643 54.
1108 1615 1163 1650 Ego
1181 1615 1257 1642 dixi:
1274 1615 1317 1642 Dii
1334 1616 1413 1649 estis,
1425 1619 1452 1643 et
1467 1616 1580 1650 reliqua.

992 1660 1070 1687 Nunc
1098 1661 1268 1695 redarguens
1295 1660 1421 1693 Judzeos,
1442 1661 1488 1696 qui
1510 1668 1564 1687 non
1594 1665 1736 1696 propterea

956 1706 1029 1741 quod
1046 1707 1162 1735 dixisset
1176 1707 1205 1741 εξ(
1220 1706 1275 1741 Ego
1286 1711 1313 1734 et
1324 1706 1405 1734 Pater
1417 1715 1501 1733 unum
1516 1715 1611 1734 sumus
1622 1727 1628 1737 .
1645 1717 1654 1733 ι
1671 1707 1737 1742 lapi-

956 1751 1058 1778 dabant
1084 1759 1158 1782 eum,
1184 1751 1233 1778 sed
1255 1751 1370 1784 frustra,
1399 1751 1499 1785 inquit.
1523 1750 1551 1778 Si
1572 1751 1644 1778 enim
1664 1759 1735 1786 quo-

956 1796 1030 1823 niam
1049 1796 1104 1824 dixi
1125 1797 1259 1831 meipsum
1278 1797 1363 1824 Deum
1378 1816 1386 1829 ,
1407 1796 1502 1824 videor
1530 1797 1735 1831 hlasphemare,

955 1849 1005 1869 cur
1027 1849 1089 1868 cum
1109 1841 1191 1869 Pater
1205 1842 1305 1870 dixerit
1322 1850 1370 1877 per
1384 1842 1468 1877 legem
1485 1842 1518 1868 ad
1532 1842 1658 1869 homines
1670 1862 1677 1874 ,
1695 1841 1736 1868 dii

956 1887 1022 1914 estis
1032 1906 1040 1918 ,
1060 1895 1114 1914 non
1131 1887 1328 1921 blasphemiam
1343 1895 1404 1914 esse
1417 1887 1587 1921 judicastis?
1601 1886 1659 1913 Hoc
1672 1893 1736 1913 vero

955 1933 1024 1959 dicit
1048 1940 1102 1959 non
1124 1940 1189 1965 eos,
1215 1936 1245 1958 ut
1267 1932 1371 1967 aliquid
1388 1936 1485 1959 contra
1500 1931 1608 1958 Patrem
1626 1931 1735 1964 dicant,

956 1978 1092 2010 incitans,
1110 1978 1157 2005 sed
1171 1983 1302 2012 tanquam
1320 1977 1387 2013 legis
1402 1982 1429 2005 et
1448 1985 1588 2005 sacrarum
1611 1977 1737 2012 Scriptu-

955 2030 1047 2049 rarum
1073 2023 1183 2057 ignaros
1207 2022 1387 2049 convincens.
1415 2021 1646 2056 Quandoquidem
1671 2029 1737 2049 vero

956 2068 1028 2094 inter
1042 2067 1133 2095 dictos
1149 2067 1215 2094 deos
1229 2070 1256 2094 et
1269 2067 1353 2094 Deum
1371 2072 1471 2093 natura
1489 2074 1617 2101 magnum
1634 2067 1737 2094 discri-

956 2121 1016 2140 men
1031 2117 1083 2146 est,
1096 2113 1287 2145 diiierentiam,
1301 2120 1348 2147 per
1362 2112 1418 2139 hac
1429 2120 1489 2147 qum
1503 2112 1587 2144 dicit,
1597 2113 1735 2140 ostendit:

955 2159 978 2185 si
996 2158 1067 2185 enim
1086 2158 1212 2185 homines
1229 2158 1262 2185 ad
1278 2165 1348 2191 quos
1368 2166 1459 2185 sermo
1481 2157 1526 2185 Dei
1548 2157 1658 2185 habitus
1671 2162 1736 2190 est,

954 2203 991 2230 dii
1008 2204 1096 2230 vocati
1117 2207 1201 2235 sunt,
1222 2207 1249 2230 et
1270 2202 1384 2229 deitatis
1405 2203 1509 2229 honore
1528 2203 1667 2236 decorati,
1689 2201 1735 2229 Dei

955 2250 1038 2276 verbo
1055 2250 1126 2276 intra
1148 2249 1268 2275 animam
1291 2253 1421 2282 recepto,
1443 2247 1581 2282 quomodo
1603 2255 1658 2274 non
1684 2248 1737 2275 erit

129 2294 200 2328 φύσει
211 2295 284 2327 Θεὸς,
300 2297 314 2323 6
334 2295 366 2322 δι’
383 2296 411 2322 ὃν
438 2297 535 2323 ἐκεῖνοι
567 2297 640 2330 θεοί;
661 2297 728 2327 Θεὸς
758 2297 812 2332 γὰρ
836 2295 869 2332 ἧν
889 2299 903 2324 6

957 2301 1052 2322 natura
1068 2295 1138 2322 Deus
1154 2294 1177 2322 is
1194 2302 1241 2329 per
1253 2302 1334 2328 quem
1352 2293 1391 2320 illi
1405 2293 1463 2320 dii?
1477 2303 1486 2318 ι
1502 2293 1573 2321 Deus
1588 2294 1661 2320 enim
1677 2297 1736 2320 erat

129 2339 215 2373 Λόγος,
232 2341 302 2368 κατὰ
310 2341 358 2376 τὴν
383 2341 505 2368 Ἰωάννου
522 2343 615 2377 φωνήν
628 2351 634 2357 ·
654 2343 667 2368 6
684 2343 731 2369 καὶ
746 2344 801 2372 τοῖς
813 2342 901 2373 ἄλλοις

128 2384 199 2411 τοῦτο
221 2386 388 2421 προξενήσας
412 2387 442 2413 τὺ
463 2387 599 2423 λαμπρόν.
620 2388 650 2414 Ei
672 2387 727 2423 γὰρ
743 2389 757 2415 6
771 2388 817 2415 τοῦ
833 2388 900 2414 Θεοῦ

130 2430 206 2464 Λόγος
217 2431 259 2459 διὰ
267 2433 314 2459 τοῦ
324 2432 402 2466 ἁγίου
416 2433 573 2468 Πνεῦμα-τος
584 2434 678 2467 ἀνάγει
689 2434 756 2469 πρὸς
770 2434 819 2469 τὴν
832 2435 901 2470 ὑπὲρ

130 2474 260 2510 ἄνθρωπον
276 2478 365 2513 χάριν,
381 2477 426 2504 καὶ
446 2480 613 2512 κατακοσμεῖ
630 2478 706 2514 Θεῖκῇ
720 2481 784 2514 τιμῇ
795 2480 857 2511 τοὺς
873 2482 902 2506 ἐν

129 2517 165 2551 οἷς
180 2520 210 2548 ἂν
224 2523 336 2556 γένοιτο,
353 2523 442 2555 διὰτί,
453 2524 532 2558 φησὶ,
551 2524 655 2558 λέγετε,
673 2526 713 2552 ὅτι
739 2526 899 2561 βλασφημῶ,

131 2564 207 2599 λέγων
218 2568 332 2602 ἐμαυτὸν
348 2568 410 2594 Υίὸν
424 2569 491 2596 Θεοῦ
519 2570 566 2596 καὶ
585 2570 667 2602 Θεόν;
685 2571 792 2606 Καίπερ
816 2571 848 2597 δι’
863 2568 901 2597 ὧν

131 2609 304 2648 ὶνεχειρίσοην
333 2615 398 2650 παρ’
423 2614 506 2641 αὐτοῦ
531 2617 752 2651 μαρτυρούμενος
775 2617 815 2643 ὅτι
834 2617 901 2648 Θεός

132 2655 275 2691 εἰμιφύσει.
299 2659 429 2693 τΔγιάσας
446 2660 499 2696 γάρ
516 2669 550 2696 με
569 2661 726 2688 ἀπέστειλεν
738 2664 778 2693 εἰς
799 2663 844 2689 τὸν
856 2666 901 2689 κό-

132 2707 192 2734 σμον
205 2703 314 2739 Σωτῆρα
327 2704 374 2731 τοῦ
391 2705 510 2740 κόσμου·
538 2707 607 2742 ὅπερ
634 2707 715 2742 μόνου
738 2708 797 2734 ἐστὶ
820 2708 899 2742 φύσει

132 2743 199 2778 Θεοῦ,
214 2747 243 2773 τὸ
256 2748 384 2776 δύνασθαι
395 2742 536 2782 διασώζειν
550 2751 582 2778 ἐκ
592 2751 637 2778 τοῦ
653 2752 775 2780 διαϐόλου
793 2754 838 2780 καὶ
851 2753 900 2789 τῆς

164 2835 182 2849 ’⁸
198 2834 268 2864 Joan.
285 2846 303 2869 I,
322 2839 347 2869 I,

956 2341 1206 2375 Vcrbum,»juxta
1231 2339 1364 2367 Joannem
1391 2339 1424 2372 ιδ,
1444 2340 1491 2374 qui
1516 2343 1542 2366 et
1567 2341 1629 2367 aliis
1653 2340 1737 2374 hujus

954 2387 1108 2422 splendoris
1120 2386 1284 2413 conciliator
1296 2392 1329 2412 ac
1348 2385 1474 2420 pararius
1493 2385 1553 2412 fuit.
1567 2385 1595 2412 Si
1606 2385 1678 2412 enim
1691 2385 1736 2413 Dei

955 2433 1076 2461 Verbum
1091 2440 1140 2467 per
1154 2432 1284 2467 Spiritum
1302 2435 1427 2458 sanctum
1440 2431 1472 2458 ad
1487 2432 1603 2467 gratiam
1617 2432 1736 2460 hominis

954 2477 1111 2505 conditione
1131 2476 1262 2510 majorem
1278 2475 1387 2508 evehit,
1405 2480 1431 2502 et
1452 2475 1556 2503 honore
1573 2475 1665 2503 divino
1688 2484 1736 2503 eos

954 2524 1139 2559 quibusinest
1176 2522 1318 2549 illustrat:
1342 2529 1493 2558 quorsum,
1517 2522 1623 2556 inquit,
1645 2522 1736 2549 dicitis

953 2578 997 2597 me
1024 2569 1229 2604 blasphemare,
1259 2575 1322 2594 cum
1349 2568 1412 2594 dico
1440 2575 1481 2594 me
1506 2567 1605 2594 Filium
1638 2567 1682 2594 Dei
1709 2571 1736 2594 et

955 2615 1058 2648 Deum,
1080 2614 1205 2649 quamvis
1220 2621 1252 2641 ex
1268 2613 1303 2641 iis
1319 2621 1381 2648 quae
1397 2613 1462 2640 mihi
1480 2613 1514 2640 ab
1531 2621 1565 2640 eo
1585 2613 1735 2641 commissa

954 2665 1018 2688 sunt
1034 2660 1101 2688 satis
1115 2659 1377 2687 testimoniidederit
1391 2667 1434 2686 me
1446 2667 1507 2686 esse
1517 2665 1615 2686 natura
1629 2658 1735 2686 Deum?

953 2706 1005 2734 Ubi
1020 2706 1090 2734 enim
1107 2713 1149 2733 me
1166 2704 1349 2733 sanctiﬁcavit
1360 2724 1368 2737 ,
1385 2705 1459 2732 misit
1476 2705 1504 2731 in
1520 2703 1653 2731 mundum
1669 2704 1734 2731 Ser-

953 2756 1075 2780 vatorem
1090 2751 1200 2784 mundi,
1213 2750 1286 2786 quod
1302 2752 1383 2778 unius
1397 2754 1440 2778 est
1452 2754 1550 2778 natura
1567 2750 1614 2778 Dei
1625 2769 1633 2783 ,
1652 2757 1734 2785 posse
