1906 3037
181 165 215 194 17
690 171 718 199 S.
734 171 875 199 CYRILLI
890 172 1126 200 ALEXANDRINI
1141 171 1300 200 ARCHIEP.
1763 173 1801 201 28

181 221 307 249 homines
321 229 335 249 a
351 222 460 250 diabolo
473 228 500 251 et
516 230 625 258 peccato
639 230 665 254 ct
682 227 794 254 interitu
809 228 951 256 vindicare

1016 229 1154 264 ἁμαρτίας
1170 228 1283 263 καὶτῆς
1312 227 1415 263 φθορᾶς
1439 228 1502 259 τοὺς
1526 227 1694 263 ἀνθρώπους.
1729 229 1801 256 Ἀλλ’

181 267 234 295 Sed
256 267 371 295 forsitan
388 277 450 296 cum
467 269 559 297 divina
583 272 725 306 Scriptura
749 273 824 299 dicat
844 281 860 300 a
882 273 964 302 Patre

179 312 278 341 Filium
295 322 358 341 esse
381 315 517 348 missum,
540 317 632 344 statim
654 317 801 345 haereticus
815 319 962 346 dictionem

179 357 207 384 in
223 359 266 385 sui
282 359 385 386 erroris
401 361 530 393 pabulum
543 362 657 396 arripit,
672 366 699 389 et
713 363 824 390 omnino
838 364 963 392 dicturus

179 408 305 436 est,vos
321 405 366 439 qui
388 405 486 434 Filium
504 406 585 434 Patre
609 408 742 436 minorem
766 409 859 437 dicere
882 418 963 438 recu-

180 450 269 482 satis,
286 451 423 485 quomodo
439 460 495 478 non
522 453 618 480 videtis
642 454 676 480 ab
702 461 737 481 eo
761 455 875 483 missum
899 460 961 484 tan-

178 502 260 528 quam
284 496 318 522 ab
343 496 436 531 aliquo
455 497 557 531 majore
574 499 660 534 670
673 507 706 527 ac
724 502 964 535 superemineute?

178 535 247 568 Quid
273 543 339 571 ergo
361 537 502 570 dicemus,
521 541 574 566 nisi
600 541 674 576 quod
695 543 840 572 missionis
863 552 961 573 nomen

176 580 260 606 modo
277 585 303 607 et
319 583 469 610 conditioni
494 584 639 613 inanitatis
659 589 777 614 maxime
795 591 964 618 conveniat?

176 626 262 653 Audis
279 628 350 653 enim
367 633 393 654 ut
412 628 516 657 Paulus
539 631 594 658 ista
617 631 671 659 duo
687 626 858 669 conjun'gens
872 636 962 669 dicat,

176 676 241 698 lttnc
257 673 372 700 missum
388 682 402 700 a
418 674 496 702 Patre
514 675 613 703 Filium
625 698 631 709 ,
645 679 756 712 quando
772 679 861 708 fat-tus
874 686 961 710 estex

175 719 308 751 muliere.
325 725 351 747 et
367 721 419 748 sub
435 722 520 756 legem
537 723 680 750 nobiscum
700 726 774 751 venit
793 726 824 758 “,
842 727 906 754 licet
924 728 962 755 le-

175 765 293 798 gislator
314 766 453 794 rxsistcns
474 771 502 794 ct
518 767 652 796 Dominus
675 770 706 796 ”.
730 770 759 796 Si
779 779 845 799 vero
863 773 963 800 intelli-

174 816 255 845 gatur
269 815 350 839 natus
365 812 391 838 in
412 813 483 840 servi
510 813 598 840 forma
622 813 721 845 Filius,
737 815 836 844 deinde
856 818 962 846 dicatur

173 856 278 883 missus
298 864 312 883 a
333 857 414 885 Patre
426 878 432 889 ,
459 859 564 886 nullum
589 860 703 888 omnino
720 861 783 888 inde
797 863 898 898 accipit
914 864 961 892 de-

174 901 335 929 trimentum
356 908 372 933 .'

173 947 260 980 gloria
277 955 336 982 par,
354 949 485 984 nullaque
502 958 533 977 re
550 958 663 986 prorsus
682 953 856 982 imminutus.
873 955 960 984 Voces

173 991 308 1026 siquidem
331 997 433 1020 nostra:
449 994 471 1021 si
487 995 521 1022 de
536 995 594 1023 Deo
613 997 807 1031 enuntientur,
822 1006 876 1026 non
893 1000 960 1027 adeo

172 1041 331 1064 accuratum
347 1046 460 1065 examen
476 1040 642 1072 admittunt,
659 1049 710 1069 nec
722 1045 769 1070 ea‘s
782 1044 909 1077 accipere
923 1047 959 1072 ita

171 1087 281 1116 oportet
300 1086 330 1109 ut
344 1091 377 1110 ex
392 1089 485 1110 neutra
503 1086 704 1114 consuetudine
720 1093 842 1120 sonant,
859 1090 907 1117 sed
929 1094 959 1117 ut

171 1127 272 1155 divina:
297 1137 488 1165 supremzpque
507 1137 614 1160 natura:
627 1135 768 1161 convenit.
781 1135 852 1168 Quid
867 1137 938 1164 enim
950 1157 957 1169 ,

171 1173 193 1200 si
209 1173 329 1201 hominis
346 1175 437 1209 lingua
450 1184 505 1203 non
519 1177 601 1204 habet
613 1186 696 1206 voces
708 1181 740 1207 ad
753 1182 957 1210 enarrationem

169 1218 269 1245 divina:
279 1220 504 1254 gloritnidoncas?
514 1222 606 1255 Quare
614 1225 764 1252 absurdum
777 1231 830 1260 est,
845 1233 957 1263 propter

170 1263 298 1291 humanae
316 1266 414 1300 lingua:
430 1267 616 1296 inﬁrmitatem
631 1274 658 1297 et
674 1271 805 1300 dictionis
823 1273 957 1308 jejunita-

172 1313 227 1335 tem
259 1317 290 1336 ac
318 1311 456 1346 inopiam,
486 1321 622 1348 supremae
660 1317 836 1351 caelestisque
863 1320 956 1354 gloriae

167 1356 343 1382 eminentiam
369 1358 439 1386 laedi.
462 1359 619 1388 Memineris
639 1362 796 1391 Salomonis
816 1365 954 1394 dicentis:

169 1411 180 1426 ι
192 1400 285 1428 Gloria
302 1403 406 1430 Domini
423 1406 546 1432 occultat
559 1414 742 1434 sermonch
753 1409 869 1438 Curiose
882 1413 954 1439 enim

167 1446 336 1480 inquirentes
350 1449 456 1476 Domini
470 1451 584 1485 gloriam
595 1473 601 1483 ,
613 1453 717 1480 similes
729 1455 784 1482 illis
799 1463 896 1483 sumus
909 1458 954 1491 qui

167 1494 258 1526 palmo
275 1495 373 1521 cmlum
389 1497 478 1523 metiri
495 1497 591 1524 volunt
608 1499 640 1525 "’.
658 1499 743 1534 igitur
757 1508 818 1527 cum
835 1502 954 1530 humano

166 1545 242 1565 more
256 1540 359 1574 aliquid
374 1541 478 1568 dicitur
492 1543 526 1570 de
549 1543 622 1577 Deo,
637 1546 790 1580 accipiatur
803 1551 832 1574 ut
848 1548 881 1575 de
897 1548 951 1576 Deo

1016 275 1079 306 ἴσως
1090 276 1153 301 ὅταν
1169 276 1185 310 ἡ
1200 274 1258 300 θεία
1275 274 1369 309 Γραφὴ
1395 273 1471 308 λέγῃ,
1486 273 1559 309 παρὰ
1571 274 1618 300 τοῦ
1628 275 1734 310 Πατρδς
1745 275 1801 302 ὰπ-

1014 320 1141 346 εστάλθαι
1158 320 1204 346 τὸν
1225 319 1298 352 Τίον,
1313 319 1394 350 εὐθὺς
1410 320 1424 346 6
1435 319 1571 354 αἱρετικὺς
1586 319 1688 355 τροφὴν
1707 321 1740 355 τῇ
1760 319 1801 346 ct-

1013 366 1075 402 κείᾳ
1092 366 1179 403 πλάνῃ
1202 367 1318 393 ποιεῖται
1332 366 1380 401 τὴν
1392 365 1473 397 λέξιν,
1492 366 1550 400 ἐρεῖ
1569 365 1598 391 δέ
1619 374 1669 392 που
1689 365 1800 398 πάντως

1013 412 1053 439 ὅτι
1067 413 1146 447 ὑμεῖς
1154 413 1179 438 ot
1191 411 1322 448 παραιτού
1327 420 1400 446 μενοι
1418 410 1507 444 λέγειν
1528 410 1575 436 τὸν
1589 410 1654 436 Υἰδν
1669 410 1800 436 ἐλάττονα

1012 458 1059 484 τοῦ
1078 458 1194 492 Πατρὸς.
1211 457 1269 488 πῶς
1281 458 1330 492 οὐχ
1346 457 1426 492 ὁρᾶτε
1441 457 1505 491 παρ’
1522 456 1603 483 αὐτοῦ
1622 456 1800 492 πεμπόμενον

1013 504 1050 535 ὡς
1066 503 1142 538 παρὰ
1157 502 1280 538 μείζονος
1302 511 1374 534 τινος
1392 503 1439 529 καὶ
1459 501 1672 537 ὑπερκειμένου;
1696 502 1729 528 Τί
1751 500 1799 528 οὖν

1013 548 1176 584 ἐροῦμεῊῆ
1200 549 1240 575 ὅτι
1269 548 1299 574 τὸ
1322 548 1372 583 τῆς
1388 547 1539 582 ἀποστολῆς
1562 547 1657 582 ὕνομα,
1682 547 1800 582 μάλιστα

1014 596 1064 630 μὲν
1084 594 1184 630 πρέπει
1209 595 1265 625 τοῖς
1285 594 1335 629 τῆς
1363 593 1502 625 κενώσεως
1526 593 1651 628 μέτροις;
1676 593 1798 626 Ἀκούεις

1012 640 1067 676 γὰρ
1081 641 1122 667 ὅτι
1142 641 1284 667 συνάπτων
1302 639 1315 664 6
1335 638 1439 669 Παῦλος
1460 638 1612 673 ἀμφότερα,
1638 639 1699 665 τότε
1717 640 1798 673 φησιν

1012 685 1182 713 ἀπεστάλθαι
1196 685 1269 720 παρὰ
1283 684 1330 711 τοῦ
1344 684 1448 719 Πατρὸς
1463 684 1509 711 τὸν
1525 685 1590 710 Υἱὸν
1599 705 1606 718 ,
1625 685 1670 711 ὅτε
1690 686 1738 711 καὶ
1752 685 1798 718 γέ-

1012 739 1091 766 γονεν
1103 731 1135 757 ὲκ
1150 730 1279 764 γυναικὸς
1293 730 1341 756 καὶ
1360 724 1412 755 ὑπὸ
1426 729 1506 764 νόμον
1528 729 1566 761 ὼς
1580 730 1722 765 ἄνθρωπος
1738 730 1805 765 μεθ’·

1013 776 1100 811 ἡμῶν,
1116 776 1204 802 καίτοι
1217 774 1365 810 νομοθέτης
1379 774 1418 800 ὣν
1435 775 1482 801 καὶ
1497 775 1610 810 Κύριος.
1623 775 1654 801 Et
1672 775 1701 802 δὲ
1713 777 1797 803 νοοῖτο

1012 821 1130 856 γεγονὼς
1147 822 1176 848 ὲν
1190 823 1223 857 τῇ
1241 821 1334 848 δούλου
1347 822 1436 856 μορφῇ
1449 822 1462 847 6
1473 821 1544 853 Υἱὸς,
1562 819 1620 848 εἶτα
1633 822 1794 849 ἀποστέλλε-

1014 867 1076 893 σθαι
1096 867 1201 901 λέγοιτο
1214 866 1287 902 παρά
1301 866 1346 892 τοῦ
1359 867 1475 900 Πατρος,
1488 866 1564 893 οὐδὲν
1585 867 1652 899 ὅλως
1666 867 1795 903 ὑπομένει

394 904 574 932 nihilominus
603 906 628 932 ei
655 907 904 937 consubstantialis
933 919 948 938 e

1010 913 1040 939 τὸ
1054 912 1161 947 βλάϐος,
1175 913 1215 944 εἰς
1236 912 1266 938 τὺ
1277 910 1345 938 εἷναι
1359 912 1406 938 καὶ
1417 912 1559 947 ὁμοούσιος
1571 913 1645 948 αὐτῷ
1671 914 1716 940 καὶ
1742 914 1796 940 ίσο-

1010 959 1091 992 κλεὴς
1110 959 1156 984 καὶ⁴
1170 958 1229 984 κατ’
1244 957 1317 984 οὐδὲν
1338 958 1406 989 ὅλως
1428 957 1676 993 μειονεκτούμενος.
1694 960 1726 984 Al.
1741 959 1795 993 γάρ

1008 1011 1050 1030 τοι
1063 1003 1150 1035 λέξεις
1161 1004 1188 1030 αἱ
1206 1003 1269 1038 παρ’
1288 1002 1366 1038 ἡμῶν
1380 1004 1403 1029 εἰ
1427 1003 1491 1037 περὶ
1503 1003 1571 1030 Θεοῦ
1587 1003 1794 1039 προσφέροιντο,

1009 1050 1057 1085 τὴν
1070 1049 1170 1084 ἀκριϐῆ
1185 1048 1381 1084 παραιτοῦνται
1393 1048 1510 1083 βάσανον
1520 1057 1526 1063 ·
1545 1049 1597 1084 χρὴ
1609 1049 1637 1076 δὲ
1649 1049 1733 1080 αὑτὰς
1745 1049 1794 1084 οὐχ

1009 1096 1079 1122 οὕτω
1095 1096 1164 1121 νοεῖν
1188 1094 1257 1121 κατὰ
1275 1094 1324 1129 τὴν
1341 1095 1368 1120 ὲν
1392 1095 1457 1129 ἡμῖν
1474 1095 1615 1130 συνήθειαν
1637 1095 1717 1129 λέγω,
1735 1096 1794 1123 ἀλλ’

1008 1141 1046 1172 ὡς
1063 1141 1095 1167 ἂν
1111 1141 1179 1176 αὐτῇ
1202 1140 1300 1174 πρέποι
1313 1141 1345 1175 τῇ
1360 1140 1419 1174 θείᾳ
1441 1141 1486 1167 καὶ
1504 1141 1642 1176 ὑπερτάτη
1658 1141 1748 1175 φύσει.
1761 1142 1794 1168 Τί

1008 1187 1072 1222 γὰρ,
1082 1188 1105 1213 εί
1118 1187 1155 1221 μὴ
1170 1186 1225 1221 ἔχει
1235 1186 1325 1220 φωνὰς
1340 1187 1356 1220 ἡ
1370 1185 1513 1222 ἀνθρώπου
1527 1186 1632 1220 γλῶττα
1642 1187 1794 1222 δυναμένας

1007 1232 1122 1267 ἀρκέσαι
1138 1233 1170 1267 τῇ
1191 1232 1250 1267 θείᾳ
1266 1231 1330 1268 δόξῃ
1353 1231 1421 1266 πρὸς
1443 1231 1590 1267 ὲξήγησινς
1616 1233 1691 1259 Ἐστι
1704 1233 1792 1259 τοίνυν

1007 1279 1106 1306 ἄτοπον
1121 1278 1163 1304 διὰ
1175 1278 1224 1312 τὴν
1237 1278 1286 1312 τῆς
1311 1277 1485 1313 ἀνθρωπίνης
1513 1277 1636 1313 γλώττης
1651 1279 1792 1306 ἀσθένειαν

1007 1325 1053 1351 καὶ
1069 1324 1118 1359 τὴν
1133 1325 1161 1350 ὲν
1173 1323 1242 1355 λέξει
1258 1323 1403 1358 πτωχείαν,
1417 1323 1466 1358 τῆς
1484 1324 1613 1351 ἀνωτάτω
1632 1325 1726 1351 πασῶν
1742 1325 1793 1352 δό-

1007 1370 1054 1404 ξης
1067 1368 1215 1396 ἀδικεῖσθαι
1231 1368 1278 1403 τὴν
1292 1369 1438 1403 ὑπεροχήν.
1451 1368 1582 1403 Μέμνησο
1595 1369 1641 1396 τοῦ
1654 1369 1793 1404 Σολομῶν-

1005 1424 1050 1447 τος
1061 1415 1185 1450 λέγοντος
1196 1423 1203 1430 ·
1221 1421 1231 1440 ι
1252 1415 1319 1448 Δόξα
1331 1415 1433 1449 Κυρίου
1451 1415 1566 1449 κρύπτει
1579 1415 1668 1449 λόγον.
1687 1425 1696 1441 ι
1709 1417 1792 1452 Περι-

1006 1461 1181 1497 εργαζόμενοι
1202 1460 1257 1495 γὰρ
1271 1459 1406 1495 ’ἀκριϐῶς
1434 1460 1483 1494 τὴν
1508 1461 1555 1488 τοῦ
1574 1461 1678 1496 Κυρίου
1700 1461 1790 1495 δόξαν,

1005 1507 1132 1541 ἐοίκαμεν
1147 1507 1203 1537 τοῖς
1214 1506 1334 1532 ἐθέλουσι
1349 1506 1472 1542 σπιθαμῇ
1497 1507 1629 1541 μετρῆσαι
1649 1507 1695 1533 τὸν
1706 1508 1790 1543 οὐρα-

1005 1552 1059 1580 νόν.
1077 1552 1182 1579 Οὐκοῦν
1198 1553 1262 1578 ὅταν
1275 1551 1451 1587 ἀνθρωπίνων
1468 1561 1495 1578 τι
1507 1552 1619 1587 λέγηται
1634 1553 1698 1588 περὶ
1711 1554 1789 1588 Θεοῦ,

164 1585 302 1610 convenit.
313 1585 383 1617 Quid
395 1587 468 1613 enim
482 1595 546 1622 agas
558 1597 621 1616 cum
633 1591 729 1618 audias
740 1597 884 1620 canentem
899 1593 951 1620 Da-

1005 1598 1116 1625 νοείσθω
1128 1598 1296 1633 θεοπρεπῶς.
1318 1585 1395 1625 Ἐπεὶ
1409 1599 1436 1624 τί
1451 1585 1572 1634 ποιήσεις
1591 1599 1655 1625 ὅταν
1671 1585 1791 1635 ακούσῃς

165 1629 272 1656 videm:
287 1640 295 1655 ι
309 1630 360 1662 Qui
377 1631 456 1660 sedes
472 1641 556 1668 super
566 1635 723 1669 Cherubin),
735 1644 850 1672 appare.
864 1640 953 1667 excita

164 1679 325 1709 potestatem
347 1680 433 1708 tuam,
448 1684 474 1704 ct
497 1680 557 1706 veni
580 1681 613 1706 ad
634 1683 799 1709 servandum
821 1691 871 1711 nos
894 1685 928 1712 ¹⁸.
942 1696 951 1711 ι

164 1719 308 1752 Quomodo
320 1722 392 1749 enim
408 1723 488 1750 sedet
497 1724 569 1759 quod
582 1729 624 1752 est
636 1727 829 1762 lncorporeum
838 1730 850 1754 'i
863 1730 894 1756 Et
908 1730 952 1757 ubi

164 1770 206 1792 cst
221 1767 341 1794 universi
359 1767 433 1794 Deus
446 1788 453 1800 ,
470 1778 552 1804 quem
569 1775 599 1797 ttt
614 1772 707 1798 veniat
722 1774 753 1799 ad
769 1781 819 1801 nos
836 1775 951 1808 invitat,

163 1811 299 1838 dieentem
313 1813 415 1847 alioqui
431 1821 478 1848 per
492 1817 667 1849 prophetam:
681 1827 690 1842 ι
702 1816 831 1853 Nunquid
851 1821 951 1847 caelum

164 1861 191 1883 et
203 1861 302 1883 terram
319 1866 369 1893 ego
384 1860 495 1894 impleo,
509 1862 577 1889 dicit
594 1862 727 1892 Dominus
738 1866 758 1881 ⁸³
768 1866 793 1892 2»
803 1865 951 1899 Quomodo

164 1903 249 1937 igitur
277 1906 368 1931 veniat
391 1907 424 1931 ad
449 1914 500 1934 nos
526 1908 574 1942 qui
592 1910 683 1936 omnia
710 1911 950 1945 implethursus

164 1950 297 1984 scriptum
325 1956 367 1978 est
393 1953 491 1979 turrim
515 1954 542 1980 in
567 1956 666 1982 cmlum
691 1956 880 1991 magnitudine
903 1964 949 1984 as-

163 1999 318 2028 surgentem
331 1997 464 2030 quosdam
478 1998 614 2026 :L-diiicare
627 2008 782 2035 aggressos;
797 2007 822 2029 et
835 2003 949 2030 descen-

163 2039 201 2066 dit
223 2040 355 2069 Dominus
376 2047 404 2069 ut
423 2044 526 2072 videret
544 2046 638 2072 urbem
658 2051 684 2073 et
702 2048 800 2074 turrim
813 2069 820 2081 ,
837 2053 863 2076 et
881 2050 949 2077 dixit

163 2085 311 2114 Dominus:
323 2089 471 2123 «Agedum,
482 2090 680 2119 descendentes
694 2094 897 2122 coniundamus
906 2104 949 2123 eo-

166 2129 226 2158 i'uut
248 2133 356 2167 linguas
378 2135 451 2161 illico
472 2137 504 2162 '°.
521 2146 530 2162 ι
545 2136 688 2169 Quomodo
699 2139 842 2167 descendit
854 2140 946 2168 Domi-

162 2185 229 2210 nus,
245 2180 285 2205 vel
303 2188 356 2213 qua
380 2182 487 2208 ratione
510 2188 603 2209 sancta
625 2183 748 2212 Trinitas
776 2186 895 2220 seipsam
913 2188 945 2214 ad

161 2225 324 2252 descensum
342 2227 468 2254 hortatur
480 2228 491 2254 ?
505 2227 574 2260 Quid
588 2236 668 2261 vero,
682 2230 726 2257 dic
742 2231 808 2257 mihi
821 2251 827 2262 ,
843 2236 869 2258 ct
887 2233 946 2267 ipse

1004 1642 1149 1676 ψάλλοντος
1164 1642 1209 1668 τοῦ
1223 1641 1304 1668 Δασίδ
1314 1650 1320 1658 ·
1335 1651 1344 1668 ι
1364 1643 1394 1668 '0
1402 1642 1556 1678 καθήμενος
1566 1643 1611 1669 ἐπὶ
1622 1643 1675 1670 τῶν
1686 1645 1790 1680 Χερου-

1004 1687 1072 1721 ϐὶμ,
1095 1687 1242 1722 memet,
1261 1687 1398 1722 ὲξέγειρον
1416 1689 1465 1722 τὴν
1483 1688 1640 1715 δυναστείαν
1657 1698 1721 1722 σου,
1743 1691 1790 1717 καὶ

1004 1732 1064 1759 ἐλθὲ
1077 1733 1117 1764 είς
1132 1733 1162 1759 τὸ
1175 1732 1260 1760 σῶσαι
1275 1734 1363 1768 ἠμᾶςς
1379 1743 1388 1759 ι
1407 1734 1468 1765 Πῶς
1481 1734 1535 1769 γὰρ
1551 1734 1666 1769 κάθηται
1677 1736 1707 1762 τὸ
1718 1736 1789 1762 ἀσώ-

1005 1787 1104 1813 ματον;
1122 1778 1176 1804 Ποῦ
1190 1779 1218 1805 δὲ
1231 1779 1294 1805 ὃντα
1305 1779 1358 1807 τῶν
1369 1779 1437 1806 ὅλων
1447 1779 1513 1806 Θεὸν
1526 1781 1593 1815 πρὸς
1608 1781 1682 1816 ἡμᾶς
1693 1781 1789 1815 ἁφιιὲσ

1003 1824 1064 1851 σθαι
1090 1825 1244 1860 παρακαλεῖ
1267 1825 1312 1852 τὸν
1338 1824 1451 1859 λέγοντα
1477 1825 1520 1851 διὰ
1545 1825 1598 1852 τῶν
1624 1827 1786 1861 προφητῶν·

1005 1880 1015 1896 ι
1025 1869 1070 1905 Μὴ
1084 1871 1143 1905 οὐχὶ
1157 1871 1202 1897 τὸν
1213 1871 1324 1906 οὐρανὸν
1333 1871 1379 1897 καὶ
1395 1871 1443 1906 τὴν
1455 1871 1508 1905 γῆν
1518 1870 1572 1903 ἐγὼ
1587 1871 1682 1906 πληρῶ
1693 1881 1699 1903 ;
1714 1871 1792 1906 λέγει

1001 1915 1114 1952 Κύριος.
1134 1916 1189 1942 Ποῦ
1201 1917 1290 1942 τοίνυν
1308 1917 1341 1943 ἂν
1356 1916 1419 1951 ἔλθῃ
1431 1916 1499 1952 πρὸς
1512 1917 1584 1950 ἡμᾶς
1595 1917 1607 1943 6
1621 1917 1708 1943 πάντα
1719 1917 1788 1953 πλη-

1001 1962 1073 1997 ρῶν;
1100 1962 1183 1988 Πάλιν
1208 1961 1383 1997 γέγραπται,
1413 1962 1454 1988 ὅτι
1481 1961 1584 1996 πύργον
1609 1962 1787 1997 οὐρανομήκη

999 2007 1198 2038 κατεσκεύαζόν
1221 2016 1302 2038 τινες.
1331 2007 1386 2033 Καὶ
1400 2007 1501 2039 κατέϐη
1531 2006 1631 2042 Κύριος
1659 2008 1721 2033 ἰδεῖν
1737 2008 1786 2044 τὴν

999 2053 1076 2078 πόλιν
1087 2053 1132 2079 καὶ
1147 2053 1190 2079 τὸν
1200 2053 1304 2088 πύργον
1314 2061 1320 2068 υ
1337 2053 1383 2079 καὶ
1395 2051 1455 2079 εἷπε
1469 2052 1586 2088 Κύριος*
1609 2062 1617 2077 ι
1633 2053 1714 2079 Δεῦτε
1739 2054 1786 2080 καὶ

999 2098 1165 2129 καταϐάντες
1192 2099 1350 2132 συγχέωμεν
1375 2098 1465 2124 αὐτῶν
1481 2098 1531 2129 τὰς
1545 2098 1670 2132 γλώσσας
1683 2099 1750 2125 ἐκεῖ.
1773 2109 1782 2125 ι

999 2143 1051 2170 Ποῦ
1066 2144 1167 2179 κατέϐη
1194 2144 1310 2180 Κύριος;
1333 2144 1425 2179 ἢτίνα
1451 2145 1580 2179 τρόπονή
1611 2144 1675 2177 ἁγία
1701 2145 1785 2179 Τριὲις

998 2189 1096 2225 ἑαυτὴν
1108 2191 1147 2220 εἰς
1161 2190 1273 2216 κάθοδον
1287 2190 1467 2224 παροτρύνεις
1484 2189 1516 2215 Τί
1529 2189 1567 2222 δὲ,
1589 2189 1649 2216 είπέ
1664 2198 1719 2224 μοι,
1737 2191 1783 2216 καὶ

998 2235 1078 2266 αὐτὸς
1092 2236 1106 2261 6
1122 2235 1217 2270 Πατὴρ
1228 2235 1347 2269 πέμπειν
1364 2236 1430 2269 ἡμῖν
1447 2234 1477 2267 ἐξ
1493 2235 1608 2269 οὐρανοῦ
1626 2236 1671 2261 τὸν
1690 2236 1784 2270 Παρά-

161 2269 243 2297 Paler
258 2272 406 2298 missurum
425 2280 454 2299 se
472 2273 552 2300 nobis
570 2282 585 2301 e
602 2275 673 2300 callo
690 2275 861 2303 Paracletum
883 2286 945 2312 pro-

1005 2280 1095 2315 ιλητον
1107 2269 1301 2315 ἐπηγγέλλετο;
1323 2280 1378 2306 Ποῦ
1390 2279 1443 2315 γὰρ
1458 2280 1473 2315 ἢ
1489 2280 1570 2306 πόθεν
1588 2280 1725 2314 πέμπεται
1736 2269 1740 2270 7
1753 2281 1785 2308 τὸ

162 2317 261 2343 misit?
277 2316 325 2343 l‘bi
345 2318 418 2344 enim
437 2319 477 2345 vel
497 2319 570 2345 unde
587 2320 707 2347 mittitur
727 2322 776 2348 hoc
792 2323 867 2356 quod
885 2332 944 2350 om-

160 2362 205 2388 nia
222 2363 334 2396 itnplet?
349 2372 357 2388 (
374 2363 495 2398 Spiritus
509 2365 581 2391 enim
596 2366 701 2392 Domini
717 2367 833 2401 replevit
849 2369 943 2396 orbem

159 2410 294 2433 terrarum
317 2408 355 2439 “,
373 2417 382 2433 ι
401 2413 429 2435 ut
447 2409 580 2444 scriptum
601 2414 654 2437 est.
676 2411 760 2446 Igitur
778 2420 857 2440 voces
883 2421 945 2447 quae

159 2452 309 2478 secundum
325 2460 375 2479 nos
392 2459 469 2485 sunt,
483 2455 639 2489 significant
662 2464 692 2483 ea
718 2464 778 2490 quae
797 2465 880 2492 supra
895 2466 945 2486 nos

160 2501 241 2528 sunt.
259 2498 281 2524 si
304 2498 337 2525 de
363 2497 417 2525 Deo
434 2499 570 2527 dicantur.
601 2500 649 2529 Vis
671 2503 816 2536 concipere
842 2504 945 2538 aliquid

159 2550 251 2569 rerum
269 2543 402 2577 ejusmodi
424 2545 585 2579 dillicilium,
613 2546 713 2574 deinde
737 2548 786 2574 tibi
811 2549 844 2574 ad
869 2557 945 2575 com-

159 2589 370 2622 prehensionem
382 2590 491 2618 animus
504 2592 658 2619 imbecillus
667 2597 720 2624 est,
731 2593 810 2627 idque
822 2597 878 2621 tute
888 2595 946 2628 ipse

159 2635 266 2661 sentis?
281 2635 316 2661 Ne
334 2636 427 2670 iniquo
442 2639 535 2664 animo
553 2637 636 2671 feras,
650 2646 667 2665 ο
686 2639 767 2665 homo
778 2659 785 2669 ,
804 2639 889 2667 fatere
905 2640 943 2666 tui

158 2677 245 2712 ipsius
266 2684 370 2707 natum
389 2681 575 2708 inﬁrmitatem
592 2703 599 2713 ,
621 2683 781 2710 memineris
801 2683 941 2711 dicentis:

161 2733 170 2748 ι
186 2724 310 2751 Fortiora
326 2726 405 2761 671
426 2731 451 2753 te
466 2735 499 2754 ne
513 2734 620 2761 qumras
637 2728 680 2753 ":
697 2737 705 2752 ι
719 2735 780 2754 cum
802 2729 829 2755 in
847 2730 941 2756 orbem

157 2770 226 2798 solis
241 2771 351 2797 octtlum
367 2771 491 2805 corporis
505 2771 658 2798 intenderis
668 2790 676 2803 ,
689 2772 781 2798 statim
799 2774 941 2806 averteris,

1000 2326 1088 2352 πάντα
1105 2325 1238 2361 πληροῦν;
1259 2335 1268 2350 ι
1286 2325 1397 2360 Πνεῦμα
1411 2326 1464 2359 γὰρ
1491 2326 1593 2360 Κυρίου
1619 2326 1783 2361 πεπλήρωκε

998 2370 1046 2404 τὴν
1059 2371 1230 2404 οἰκουμένην,
1248 2379 1257 2394 ι
1285 2369 1356 2396 καθὰ
1388 2370 1552 2405 γέγραπται.
1575 2369 1678 2396 υὺκοῦν
1697 2371 1724 2396 αἱ
1740 2370 1785 2396 λέ-

998 2415 1054 2448 ξεις
1070 2416 1098 2441 αι
1115 2414 1175 2440 καθ’
1201 2415 1285 2449 ἡμᾶς,
1303 2415 1336 2441 τὰ
1356 2415 1426 2449 ὑπὲρ
1443 2416 1515 2449 ἡμᾶς
1541 2415 1730 2449 σημαίνουσιν,
1758 2417 1784 2442 εί

997 2461 1043 2487 ἐπὶ
1054 2459 1120 2486 Θεοῦ
1137 2460 1266 2494 λέγοιντο.
1280 2460 1372 2486 Βούλει
1389 2469 1414 2487 τι
1426 2462 1520 2496 νοῆσαι
1535 2461 1587 2486 τῶν
1607 2461 1676 2487 οὕτω
1688 2462 1784 2496 δυσχε-

997 2505 1062 2540 ρῶν,
1074 2502 1132 2530 εἶτά
1152 2512 1192 2530 σοι
1207 2504 1274 2539 πρὸς
1291 2504 1445 2539 κατάληψιν
1466 2505 1480 2530 6
1496 2503 1559 2534 νοῦς
1581 2503 1689 2530 ἀσθενεῖ
1702 2523 1710 2534 ,
1734 2505 1783 2531 καὶ

995 2549 1074 2575 τοῦτο
1101 2549 1206 2580 παθὼν,
1229 2549 1360 2586 αίσθάνῃ;
1380 2549 1425 2584 Μὴ
1451 2549 1615 2585 χαλεπήνῃς,
1642 2549 1781 2584 ἄνθρωπε,

991 2595 1119 2630 ὡμολόγει
1129 2595 1178 2630 τῆς
1193 2595 1276 2621 αὐτοῦ
1292 2595 1398 2630 φύσεως
1415 2595 1464 2630 τὴν
1479 2595 1619 2621 ἀσθένειαν
1630 2613 1637 2624 ,
1659 2594 1783 2629 μέμνησο

995 2639 1041 2666 τοῦ
1061 2640 1203 2673 λέγοντος·
1228 2650 1236 2665 ‹
1255 2640 1426 2676 ’ἰσχυρότερα
1443 2648 1489 2665 σου
1518 2640 1554 2674 μὴ
1574 2639 1664 2674 ζήτει·
1685 2649 1694 2664 ι
1716 2639 1782 2666 ὅταν

996 2686 1035 2717 εἰς
1052 2686 1096 2712 τὸν
1111 2686 1156 2712 τοῦ
1176 2687 1250 2721 ἡλίου
1263 2687 1361 2713 κύκλον
1382 2686 1427 2712 τὸν
1444 2685 1491 2712 τοῦ
1508 2684 1631 2719 σώματος
1642 2683 1781 2718 ὀφθαλμὸν

996 2732 1149 2767 ἀνατείνῃς,
1171 2733 1251 2764 εὐθὺς
1268 2733 1459 2767 ἀποστρέφεις,
1485 2733 1517 2766 τῇ
1532 2731 1578 2757 τοῦ
1594 2730 1681 2765 φωτὸς
1695 2738 1782 2764 προσ-

996 2778 1059 2813 ϐολῇ
1075 2778 1236 2812 νικώμενος.
1258 2778 1356 2804 ’ἰστέον
1366 2778 1397 2813 δὴ
1411 2775 1456 2804 οὖν
1471 2777 1512 2804 ὅτι
1531 2777 1577 2803 καὶ
1590 2778 1608 2811 ὴ
1621 2775 1680 2802 θεία
1699 2774 1781 2809 φύσις

195 2827 215 2842 ¹³
232 2826 319 2853 Galat.
334 2834 374 2866 tv,
442 2827 480 2866 _”
493 2826 605 2866 Jac._tv,
621 2828 687 2866 [:2._
701 2827 817 2866 "__Prov.
832 2837 896 2866 grav,
909 2831 934 2859 2.

1010 2833 1082 2862 Psal.
1100 2841 1194 2866 Lxxtx,
1207 2834 1239 2866 ὃς
1257 2833 1308 2861 Isa.
1324 2841 1428 2866 xxxv",
1444 2833 1485 2861 16.
1526 2832 1546 2849 ¹⁹
1563 2831 1662 2860 Jcrem.
1677 2836 1717 2864 tu,
1732 2831 1777 2859 ει.

152 2861 182 2891 ,ιθ
204 2861 320 2894 ticn.x|,
334 2861 361 2887 7.
400 2861 420 2877 "
441 2860 505 2895 Sap.
523 2869 545 2894 ι,
561 2861 586 2888 7.
625 2863 647 2905 ξ’
667 2863 751 2890 Eccli.
767 2871 813 2897 tu,
829 2863 873 2890 22.
