  <div class='ocr_page' id='page_1' title='image "/cluster/home/n/w/nwhite01/storage/ocr_20150623/74/njp.32101077772778/023.png"; bbox 0 0 1906 3037; ppageno 0'>
   <div class='ocr_carea' id='block_1_1' title="bbox 190 150 1833 180">
    <p class='ocr_par' dir='ltr' id='par_1_1' title="bbox 190 150 1833 180">
     <span class='ocr_line' id='line_1_1' title="bbox 190 150 1833 180; baseline -0.001 -1"><span class='ocrx_word' id='word_1_1' title='bbox 190 150 221 179; x_wconf 76' lang='lat'><strong>3|</strong></span> <span class='ocrx_word' id='word_1_2' title='bbox 689 150 718 178; x_wconf 73' lang='grc' dir='ltr'><strong>Β.</strong></span> <span class='ocrx_word' id='word_1_3' title='bbox 740 150 878 178; x_wconf 62' lang='grc' dir='ltr'>εῐιιιῐέιι</span> <span class='ocrx_word' id='word_1_4' title='bbox 897 151 1133 179; x_wconf 73' lang='grc' dir='ltr'><strong>ΑΕΕΧᾹΝΟΒΙΝΙ</strong></span> <span class='ocrx_word' id='word_1_5' title='bbox 1151 152 1311 180; x_wconf 78' lang='lat' dir='ltr'><strong>AIiCHlEP.</strong></span> <span class='ocrx_word' id='word_1_6' title='bbox 1782 150 1833 180; x_wconf 70' lang='lat'><strong>3‘].</strong></span> 
     </span>
    </p>
   </div>
   <div class='ocr_carea' id='block_1_2' title="bbox 191 206 977 244">
    <p class='ocr_par' dir='ltr' id='par_1_2' title="bbox 191 206 974 236">
     <span class='ocr_line' id='line_1_2' title="bbox 191 206 974 236; baseline 0 0"><span class='ocrx_word' id='word_1_7' title='bbox 191 209 216 236; x_wconf 91' lang='lat' dir='ltr'><strong>ei</strong></span> <span class='ocrx_word' id='word_1_8' title='bbox 231 206 260 236; x_wconf 86' lang='lat' dir='ltr'><strong>in</strong></span> <span class='ocrx_word' id='word_1_9' title='bbox 278 207 339 236; x_wconf 69' lang='lat' dir='ltr'><strong>ﬁliis</strong></span> <span class='ocrx_word' id='word_1_10' title='bbox 356 207 403 236; x_wconf 87' lang='lat' dir='ltr'><strong>Dei</strong></span> <span class='ocrx_word' id='word_1_11' title='bbox 418 209 462 236; x_wconf 73' lang='lat'><strong>&quot;&#39;2</strong></span> <span class='ocrx_word' id='word_1_12' title='bbox 478 218 486 234; x_wconf 85' lang='grc'><strong>›</strong></span> <span class='ocrx_word' id='word_1_13' title='bbox 501 208 571 235; x_wconf 85' lang='lat' dir='ltr'><strong>Ecce</strong></span> <span class='ocrx_word' id='word_1_14' title='bbox 584 207 656 235; x_wconf 81' lang='lat' dir='ltr'><strong>enim</strong></span> <span class='ocrx_word' id='word_1_15' title='bbox 672 207 832 236; x_wconf 86' lang='lat' dir='ltr'><strong>Psalmistes</strong></span> <span class='ocrx_word' id='word_1_16' title='bbox 846 208 898 235; x_wconf 89' lang='lat' dir='ltr'><strong>hoc</strong></span> <span class='ocrx_word' id='word_1_17' title='bbox 913 209 974 236; x_wconf 88' lang='lat' dir='ltr'><strong>loco</strong></span> 
     </span>
    </p>
   </div>
   <div class='ocr_carea' id='block_1_3' title="bbox 1031 206 1819 244">
    <p class='ocr_par' dir='ltr' id='par_1_3' title="bbox 1031 208 1819 244">
     <span class='ocr_line' id='line_1_3' title="bbox 1031 208 1819 244; baseline 0 -9"><span class='ocrx_word' id='word_1_18' title='bbox 1031 209 1082 235; x_wconf 76' lang='grc' dir='ltr'>ἴσον</span> <span class='ocrx_word' id='word_1_19' title='bbox 1101 209 1210 236; x_wconf 71' lang='grc' dir='ltr'>ἔσεσθαι</span> <span class='ocrx_word' id='word_1_20' title='bbox 1223 209 1261 244; x_wconf 86' lang='grc' dir='ltr'>τῷ</span> <span class='ocrx_word' id='word_1_21' title='bbox 1275 218 1344 236; x_wconf 77' lang='grc' dir='ltr'>κατα</span> <span class='ocrx_word' id='word_1_22' title='bbox 1361 209 1439 243; x_wconf 86' lang='grc' dir='ltr'>φύσιν</span> <span class='ocrx_word' id='word_1_23' title='bbox 1456 208 1520 244; x_wconf 81' lang='grc' dir='ltr'><strong>Υίῷ.</strong></span> <span class='ocrx_word' id='word_1_24' title='bbox 1538 208 1604 244; x_wconf 72' lang='grc' dir='ltr'>Περὶ</span> <span class='ocrx_word' id='word_1_25' title='bbox 1617 209 1645 235; x_wconf 73' lang='grc' dir='ltr'>δὲ</span> <span class='ocrx_word' id='word_1_26' title='bbox 1670 208 1749 244; x_wconf 83' lang='grc' dir='ltr'>ἡμῶν</span> <span class='ocrx_word' id='word_1_27' title='bbox 1765 208 1819 242; x_wconf 78' lang='grc' dir='ltr'><strong>γέ-</strong></span> 
     </span>
    </p>
   </div>
   <div class='ocr_carea' id='block_1_4' title="bbox 192 253 974 288">
    <p class='ocr_par' dir='ltr' id='par_1_4' title="bbox 192 253 974 288">
     <span class='ocr_line' id='line_1_4' title="bbox 192 253 974 288; baseline -0.001 -7"><span class='ocrx_word' id='word_1_28' title='bbox 192 253 340 281; x_wconf 83' lang='lat' dir='ltr'><strong>manifeste</strong></span> <span class='ocrx_word' id='word_1_29' title='bbox 356 254 493 281; x_wconf 86' lang='lat' dir='ltr'><strong>neminem</strong></span> <span class='ocrx_word' id='word_1_30' title='bbox 513 255 551 280; x_wconf 84' lang='lat' dir='ltr'><strong>ait</strong></span> <span class='ocrx_word' id='word_1_31' title='bbox 565 257 610 280; x_wconf 84' lang='lat' dir='ltr'><strong>aut</strong></span> <span class='ocrx_word' id='word_1_32' title='bbox 625 253 652 280; x_wconf 91' lang='lat' dir='ltr'><strong>in</strong></span> <span class='ocrx_word' id='word_1_33' title='bbox 669 253 826 287; x_wconf 77' lang='lat' dir='ltr'><strong>prophetis,</strong></span> <span class='ocrx_word' id='word_1_34' title='bbox 845 262 915 288; x_wconf 83' lang='lat' dir='ltr'><strong>quos</strong></span> <span class='ocrx_word' id='word_1_35' title='bbox 929 262 974 281; x_wconf 89' lang='lat' dir='ltr'><strong>ne-</strong></span> 
     </span>
    </p>
   </div>
   <div class='ocr_carea' id='block_1_5' title="bbox 192 299 974 334">
    <p class='ocr_par' dir='ltr' id='par_1_5' title="bbox 192 299 974 334">
     <span class='ocr_line' id='line_1_5' title="bbox 192 299 974 334; baseline 0 -8"><span class='ocrx_word' id='word_1_36' title='bbox 192 299 271 326; x_wconf 84' lang='lat' dir='ltr'><strong>bulas</strong></span> <span class='ocrx_word' id='word_1_37' title='bbox 289 303 369 326; x_wconf 84' lang='lat' dir='ltr'><strong>vocat</strong></span> <span class='ocrx_word' id='word_1_38' title='bbox 384 299 488 334; x_wconf 88' lang='lat' dir='ltr'><strong>tropice</strong></span> <span class='ocrx_word' id='word_1_39' title='bbox 502 319 509 331; x_wconf 99' lang='lat'><strong>,</strong></span> <span class='ocrx_word' id='word_1_40' title='bbox 527 303 574 325; x_wconf 89' lang='lat' dir='ltr'><strong>aut</strong></span> <span class='ocrx_word' id='word_1_41' title='bbox 588 299 615 325; x_wconf 89' lang='lat' dir='ltr'><strong>in</strong></span> <span class='ocrx_word' id='word_1_42' title='bbox 631 299 666 325; x_wconf 93' lang='lat' dir='ltr'><strong>iis</strong></span> <span class='ocrx_word' id='word_1_43' title='bbox 681 299 726 333; x_wconf 91' lang='lat' dir='ltr'><strong>qui</strong></span> <span class='ocrx_word' id='word_1_44' title='bbox 748 306 797 334; x_wconf 89' lang='lat' dir='ltr'><strong>per</strong></span> <span class='ocrx_word' id='word_1_45' title='bbox 816 299 930 334; x_wconf 72' lang='lat' dir='ltr'><strong>gratiam</strong></span> <span class='ocrx_word' id='word_1_46' title='bbox 947 300 974 326; x_wconf 91' lang='lat' dir='ltr'><strong>in</strong></span> 
     </span>
    </p>
   </div>
   <div class='ocr_carea' id='block_1_6' title="bbox 192 344 974 379">
    <p class='ocr_par' dir='ltr' id='par_1_6' title="bbox 192 344 974 379">
     <span class='ocr_line' id='line_1_6' title="bbox 192 344 974 379; baseline -0.001 -8"><span class='ocrx_word' id='word_1_47' title='bbox 192 345 352 372; x_wconf 86' lang='lat' dir='ltr'><strong>ﬁliationem</strong></span> <span class='ocrx_word' id='word_1_48' title='bbox 365 344 410 372; x_wconf 86' lang='lat' dir='ltr'><strong>Dei</strong></span> <span class='ocrx_word' id='word_1_49' title='bbox 425 345 503 372; x_wconf 85' lang='lat' dir='ltr'><strong>asciti</strong></span> <span class='ocrx_word' id='word_1_50' title='bbox 517 349 592 376; x_wconf 89' lang='lat' dir='ltr'><strong>sunt,</strong></span> <span class='ocrx_word' id='word_1_51' title='bbox 604 345 735 379; x_wconf 71' lang='lat' dir='ltr'><strong>aequalem</strong></span> <span class='ocrx_word' id='word_1_52' title='bbox 752 344 810 371; x_wconf 86' lang='lat' dir='ltr'><strong>fore</strong></span> <span class='ocrx_word' id='word_1_53' title='bbox 823 345 974 372; x_wconf 81' lang='lat' dir='ltr'><strong>secundum</strong></span> 
     </span>
    </p>
   </div>
   <div class='ocr_carea' id='block_1_7' title="bbox 192 389 976 425">
    <p class='ocr_par' dir='ltr' id='par_1_7' title="bbox 192 389 976 425">
     <span class='ocr_line' id='line_1_7' title="bbox 192 389 976 425; baseline 0.001 -9"><span class='ocrx_word' id='word_1_54' title='bbox 192 395 317 417; x_wconf 87' lang='lat' dir='ltr'><strong>naturam</strong></span> <span class='ocrx_word' id='word_1_55' title='bbox 333 390 412 417; x_wconf 84' lang='lat' dir='ltr'><strong>Filio.</strong></span> <span class='ocrx_word' id='word_1_56' title='bbox 433 389 471 417; x_wconf 91' lang='lat' dir='ltr'><strong>De</strong></span> <span class='ocrx_word' id='word_1_57' title='bbox 487 390 564 417; x_wconf 87' lang='lat' dir='ltr'><strong>nobis</strong></span> <span class='ocrx_word' id='word_1_58' title='bbox 582 397 649 417; x_wconf 88' lang='lat' dir='ltr'><strong>vero</strong></span> <span class='ocrx_word' id='word_1_59' title='bbox 667 391 802 425; x_wconf 89' lang='lat' dir='ltr'><strong>scriptunt</strong></span> <span class='ocrx_word' id='word_1_60' title='bbox 818 395 860 417; x_wconf 85' lang='lat' dir='ltr'><strong>est</strong></span> <span class='ocrx_word' id='word_1_61' title='bbox 874 400 880 417; x_wconf 93' lang='lat'>:</span> <span class='ocrx_word' id='word_1_62' title='bbox 894 400 902 416; x_wconf 80' lang='grc' dir='ltr'><strong>ι</strong></span> <span class='ocrx_word' id='word_1_63' title='bbox 921 390 976 425; x_wconf 81' lang='lat' dir='ltr'><strong>Ego</strong></span> 
     </span>
    </p>
   </div>
   <div class='ocr_carea' id='block_1_8' title="bbox 192 431 976 464">
    <p class='ocr_par' dir='ltr' id='par_1_8' title="bbox 192 431 976 464">
     <span class='ocr_line' id='line_1_8' title="bbox 192 431 976 464; baseline 0 -1"><span class='ocrx_word' id='word_1_64' title='bbox 192 436 249 463; x_wconf 80' lang='lat' dir='ltr'><strong>dixi</strong></span> <span class='ocrx_word' id='word_1_65' title='bbox 263 446 269 463; x_wconf 92' lang='lat'>:</span> <span class='ocrx_word' id='word_1_66' title='bbox 285 436 325 463; x_wconf 92' lang='lat' dir='ltr'><strong>Dii</strong></span> <span class='ocrx_word' id='word_1_67' title='bbox 339 436 407 463; x_wconf 88' lang='lat' dir='ltr'><strong>estis</strong></span> <span class='ocrx_word' id='word_1_68' title='bbox 421 439 448 462; x_wconf 88' lang='lat' dir='ltr'><strong>et</strong></span> <span class='ocrx_word' id='word_1_69' title='bbox 460 435 508 462; x_wconf 90' lang='lat' dir='ltr'><strong>ﬁlii</strong></span> <span class='ocrx_word' id='word_1_70' title='bbox 522 436 655 463; x_wconf 82' lang='lat' dir='ltr'><strong>Altissiuti</strong></span> <span class='ocrx_word' id='word_1_71' title='bbox 669 444 764 464; x_wconf 88' lang='lat' dir='ltr'><strong>ontnes</strong></span> <span class='ocrx_word' id='word_1_72' title='bbox 780 431 850 464; x_wconf 24' lang='lat' dir='ltr'><strong>:lvos</strong></span> <span class='ocrx_word' id='word_1_73' title='bbox 864 444 929 464; x_wconf 83' lang='lat' dir='ltr'><strong>vero</strong></span> <span class='ocrx_word' id='word_1_74' title='bbox 946 440 976 463; x_wconf 90' lang='lat' dir='ltr'><strong>ut</strong></span> 
     </span>
    </p>
   </div>
   <div class='ocr_carea' id='block_1_9' title="bbox 192 481 974 510">
    <p class='ocr_par' dir='ltr' id='par_1_9' title="bbox 192 481 974 510">
     <span class='ocr_line' id='line_1_9' title="bbox 192 481 974 510; baseline 0 -2"><span class='ocrx_word' id='word_1_75' title='bbox 192 482 319 509; x_wconf 86' lang='lat' dir='ltr'><strong>homines</strong></span> <span class='ocrx_word' id='word_1_76' title='bbox 332 481 487 508; x_wconf 82' lang='lat' dir='ltr'><strong>moriemini</strong></span> <span class='ocrx_word' id='word_1_77' title='bbox 502 481 535 510; x_wconf 78' lang='lat'><strong>&quot;&#39;.</strong></span> <span class='ocrx_word' id='word_1_78' title='bbox 553 491 562 507; x_wconf 76' lang='grc' dir='ltr'><strong>ι</strong></span> <span class='ocrx_word' id='word_1_79' title='bbox 577 481 616 508; x_wconf 84' lang='lat' dir='ltr'><strong>ita</strong></span> <span class='ocrx_word' id='word_1_80' title='bbox 636 487 665 509; x_wconf 91' lang='lat' dir='ltr'><strong>ut</strong></span> <span class='ocrx_word' id='word_1_81' title='bbox 683 482 736 509; x_wconf 87' lang='lat' dir='ltr'><strong>nisi</strong></span> <span class='ocrx_word' id='word_1_82' title='bbox 757 490 836 510; x_wconf 89' lang='lat' dir='ltr'><strong>omne</strong></span> <span class='ocrx_word' id='word_1_83' title='bbox 854 483 974 510; x_wconf 87' lang='lat' dir='ltr'><strong>studium</strong></span> 
     </span>
    </p>
   </div>
   <div class='ocr_carea' id='block_1_10' title="bbox 192 527 974 563">
    <p class='ocr_par' dir='ltr' id='par_1_10' title="bbox 192 527 974 563">
     <span class='ocr_line' id='line_1_10' title="bbox 192 527 974 563; baseline 0.003 -10"><span class='ocrx_word' id='word_1_84' title='bbox 192 531 219 554; x_wconf 86' lang='lat' dir='ltr'><strong>et</strong></span> <span class='ocrx_word' id='word_1_85' title='bbox 236 528 439 554; x_wconf 87' lang='lat' dir='ltr'><strong>contentionem</strong></span> <span class='ocrx_word' id='word_1_86' title='bbox 466 527 676 555; x_wconf 88' lang='lat' dir='ltr'><strong>adhibuerimus</strong></span> <span class='ocrx_word' id='word_1_87' title='bbox 695 527 734 554; x_wconf 55' lang='lat' dir='ltr'><strong>ad‘</strong></span> <span class='ocrx_word' id='word_1_88' title='bbox 748 529 848 555; x_wconf 90' lang='lat' dir='ltr'><strong>malum</strong></span> <span class='ocrx_word' id='word_1_89' title='bbox 870 528 974 563; x_wconf 78' lang='lat' dir='ltr'><strong>fugien-</strong></span> 
     </span>
    </p>
   </div>
   <div class='ocr_carea' id='block_1_11' title="bbox 191 571 978 608">
    <p class='ocr_par' dir='ltr' id='par_1_11' title="bbox 191 571 978 608">
     <span class='ocr_line' id='line_1_11' title="bbox 191 571 978 608; baseline 0.003 -10"><span class='ocrx_word' id='word_1_90' title='bbox 191 572 256 599; x_wconf 87' lang='lat' dir='ltr'><strong>dum</strong></span> <span class='ocrx_word' id='word_1_91' title='bbox 268 592 275 603; x_wconf 85' lang='lat'><strong><em>.</em></strong></span> <span class='ocrx_word' id='word_1_92' title='bbox 291 571 371 600; x_wconf 82' lang='lat' dir='ltr'><strong>facile</strong></span> <span class='ocrx_word' id='word_1_93' title='bbox 384 574 417 600; x_wconf 89' lang='lat' dir='ltr'><strong>de</strong></span> <span class='ocrx_word' id='word_1_94' title='bbox 430 581 525 600; x_wconf 86' lang='lat' dir='ltr'><strong>eorum</strong></span> <span class='ocrx_word' id='word_1_95' title='bbox 546 581 609 608; x_wconf 81' lang='lat' dir='ltr'><strong>quae</strong></span> <span class='ocrx_word' id='word_1_96' title='bbox 622 573 783 608; x_wconf 79' lang='lat' dir='ltr'><strong>accepimus</strong></span> <span class='ocrx_word' id='word_1_97' title='bbox 798 574 978 608; x_wconf 80' lang='lat' dir='ltr'><strong>possessione</strong></span> 
     </span>
    </p>
   </div>
   <div class='ocr_carea' id='block_1_12' title="bbox 190 618 976 653">
    <p class='ocr_par' dir='ltr' id='par_1_12' title="bbox 190 618 976 653">
     <span class='ocr_line' id='line_1_12' title="bbox 190 618 976 653; baseline 0.004 -10"><span class='ocrx_word' id='word_1_98' title='bbox 190 618 361 645; x_wconf 85' lang='lat' dir='ltr'><strong>excidemus.</strong></span> <span class='ocrx_word' id='word_1_99' title='bbox 379 618 542 652; x_wconf 83' lang='lat' dir='ltr'><strong>Accepimus</strong></span> <span class='ocrx_word' id='word_1_100' title='bbox 563 623 652 646; x_wconf 84' lang='lat' dir='ltr'><strong>autem</strong></span> <span class='ocrx_word' id='word_1_101' title='bbox 676 626 723 653; x_wconf 87' lang='lat' dir='ltr'><strong>per</strong></span> <span class='ocrx_word' id='word_1_102' title='bbox 744 619 858 653; x_wconf 79' lang='lat' dir='ltr'><strong>gratiam</strong></span> <span class='ocrx_word' id='word_1_103' title='bbox 870 639 883 652; x_wconf 89' lang='lat'><strong>,_</strong></span> <span class='ocrx_word' id='word_1_104' title='bbox 901 624 930 646; x_wconf 89' lang='lat' dir='ltr'><strong>ut</strong></span> <span class='ocrx_word' id='word_1_105' title='bbox 949 623 976 646; x_wconf 90' lang='lat' dir='ltr'><strong>et</strong></span> 
     </span>
    </p>
   </div>
   <div class='ocr_carea' id='block_1_13' title="bbox 193 655 973 699">
    <p class='ocr_par' dir='ltr' id='par_1_13' title="bbox 193 655 973 699">
     <span class='ocr_line' id='line_1_13' title="bbox 193 655 973 699; baseline 0.001 -10"><span class='ocrx_word' id='word_1_106' title='bbox 193 655 241 689; x_wconf 84' lang='lat' dir='ltr'><strong>ﬁlii</strong></span> <span class='ocrx_word' id='word_1_107' title='bbox 258 662 304 690; x_wconf 85' lang='lat' dir='ltr'><strong>Dei</strong></span> <span class='ocrx_word' id='word_1_108' title='bbox 317 668 345 691; x_wconf 90' lang='lat' dir='ltr'><strong>et</strong></span> <span class='ocrx_word' id='word_1_109' title='bbox 357 664 393 690; x_wconf 90' lang='lat' dir='ltr'><strong>dii</strong></span> <span class='ocrx_word' id='word_1_110' title='bbox 409 671 571 691; x_wconf 80' lang='lat' dir='ltr'><strong>vocaremur</strong></span> <span class='ocrx_word' id='word_1_111' title='bbox 591 664 611 680; x_wconf 81' lang='grc'><strong>³¹</strong></span> <span class='ocrx_word' id='word_1_112' title='bbox 624 685 630 696; x_wconf 87' lang='grc'><strong>,</strong></span> <span class='ocrx_word' id='word_1_113' title='bbox 649 672 711 699; x_wconf 68' lang='lat' dir='ltr'><strong>quae</strong></span> <span class='ocrx_word' id='word_1_114' title='bbox 728 664 838 698; x_wconf 82' lang='lat' dir='ltr'><strong>quidem</strong></span> <span class='ocrx_word' id='word_1_115' title='bbox 861 668 973 691; x_wconf 84' lang='lat' dir='ltr'><strong>natura-</strong></span> 
     </span>
    </p>
   </div>
   <div class='ocr_carea' id='block_1_14' title="bbox 191 709 974 745">
    <p class='ocr_par' dir='ltr' id='par_1_14' title="bbox 191 709 974 745">
     <span class='ocr_line' id='line_1_14' title="bbox 191 709 974 745; baseline 0.004 -10"><span class='ocrx_word' id='word_1_116' title='bbox 191 709 256 736; x_wconf 84' lang='lat' dir='ltr'><strong>liter</strong></span> <span class='ocrx_word' id='word_1_117' title='bbox 270 710 363 737; x_wconf 84' lang='lat' dir='ltr'><strong>insunt</strong></span> <span class='ocrx_word' id='word_1_118' title='bbox 379 709 459 737; x_wconf 88' lang='lat' dir='ltr'><strong>Filio.</strong></span> <span class='ocrx_word' id='word_1_119' title='bbox 479 710 575 745; x_wconf 78' lang='lat' dir='ltr'><strong>Magna</strong></span> <span class='ocrx_word' id='word_1_120' title='bbox 598 710 691 745; x_wconf 86' lang='lat' dir='ltr'><strong>itaque</strong></span> <span class='ocrx_word' id='word_1_121' title='bbox 716 715 745 738; x_wconf 82' lang='lat' dir='ltr'><strong>et</strong></span> <span class='ocrx_word' id='word_1_122' title='bbox 769 710 874 737; x_wconf 84' lang='lat' dir='ltr'><strong>inﬁnita</strong></span> <span class='ocrx_word' id='word_1_123' title='bbox 897 710 974 738; x_wconf 80' lang='lat' dir='ltr'><strong>diffe-</strong></span> 
     </span>
    </p>
   </div>
   <div class='ocr_carea' id='block_1_15' title="bbox 191 755 973 791">
    <p class='ocr_par' dir='ltr' id='par_1_15' title="bbox 191 755 973 791">
     <span class='ocr_line' id='line_1_15' title="bbox 191 755 973 791; baseline 0.004 -10"><span class='ocrx_word' id='word_1_124' title='bbox 191 755 281 782; x_wconf 86' lang='lat' dir='ltr'><strong>rentia</strong></span> <span class='ocrx_word' id='word_1_125' title='bbox 298 756 369 782; x_wconf 87' lang='lat' dir='ltr'><strong>inter</strong></span> <span class='ocrx_word' id='word_1_126' title='bbox 383 763 433 783; x_wconf 87' lang='lat' dir='ltr'><strong>nos</strong></span> <span class='ocrx_word' id='word_1_127' title='bbox 449 755 599 783; x_wconf 87' lang='lat' dir='ltr'><strong>secundum</strong></span> <span class='ocrx_word' id='word_1_128' title='bbox 615 757 732 791; x_wconf 80' lang='lat' dir='ltr'><strong>gratiam</strong></span> <span class='ocrx_word' id='word_1_129' title='bbox 754 761 865 784; x_wconf 84' lang='lat' dir='ltr'><strong>vocatos</strong></span> <span class='ocrx_word' id='word_1_130' title='bbox 887 756 973 789; x_wconf 87' lang='lat' dir='ltr'><strong>ﬁlios,</strong></span> 
     </span>
    </p>
   </div>
   <div class='ocr_carea' id='block_1_16' title="bbox 191 801 974 835">
    <p class='ocr_par' dir='ltr' id='par_1_16' title="bbox 191 801 974 835">
     <span class='ocr_line' id='line_1_16' title="bbox 191 801 974 835; baseline 0 -7"><span class='ocrx_word' id='word_1_131' title='bbox 191 804 219 828; x_wconf 84' lang='lat' dir='ltr'><strong>et</strong></span> <span class='ocrx_word' id='word_1_132' title='bbox 232 808 294 827; x_wconf 89' lang='lat' dir='ltr'><strong>euttt</strong></span> <span class='ocrx_word' id='word_1_133' title='bbox 311 801 356 835; x_wconf 89' lang='lat' dir='ltr'><strong>qui</strong></span> <span class='ocrx_word' id='word_1_134' title='bbox 370 809 452 828; x_wconf 83' lang='lat' dir='ltr'><strong>verus</strong></span> <span class='ocrx_word' id='word_1_135' title='bbox 467 806 508 829; x_wconf 84' lang='lat' dir='ltr'><strong>est</strong></span> <span class='ocrx_word' id='word_1_136' title='bbox 527 809 560 829; x_wconf 89' lang='lat' dir='ltr'><strong>ac</strong></span> <span class='ocrx_word' id='word_1_137' title='bbox 576 802 729 829; x_wconf 81' lang='lat' dir='ltr'><strong>secundant</strong></span> <span class='ocrx_word' id='word_1_138' title='bbox 749 806 888 829; x_wconf 85' lang='lat' dir='ltr'><strong>naturam.</strong></span> <span class='ocrx_word' id='word_1_139' title='bbox 906 801 974 829; x_wconf 81' lang='lat' dir='ltr'><strong>Ver-</strong></span> 
     </span>
    </p>
   </div>
   <div class='ocr_carea' id='block_1_17' title="bbox 1026 253 1817 289">
    <p class='ocr_par' dir='ltr' id='par_1_17' title="bbox 1026 253 1817 289">
     <span class='ocr_line' id='line_1_17' title="bbox 1026 253 1817 289; baseline -0.001 -8"><span class='ocrx_word' id='word_1_140' title='bbox 1026 263 1145 288; x_wconf 85' lang='grc' dir='ltr'>γραπται</span> <span class='ocrx_word' id='word_1_141' title='bbox 1157 263 1163 270; x_wconf 92' lang='grc'>·</span> <span class='ocrx_word' id='word_1_142' title='bbox 1184 264 1191 280; x_wconf 78' lang='grc' dir='ltr'><strong>ί</strong></span> <span class='ocrx_word' id='word_1_143' title='bbox 1216 254 1285 289; x_wconf 88' lang='grc' dir='ltr'><strong>Ἐγὼ</strong></span> <span class='ocrx_word' id='word_1_144' title='bbox 1299 253 1379 281; x_wconf 85' lang='grc' dir='ltr'>ε’[πα-</span> <span class='ocrx_word' id='word_1_145' title='bbox 1398 254 1459 280; x_wconf 83' lang='grc' dir='ltr'>Θεοί</span> <span class='ocrx_word' id='word_1_146' title='bbox 1470 256 1530 280; x_wconf 75' lang='grc' dir='ltr'>ἐστε</span> <span class='ocrx_word' id='word_1_147' title='bbox 1544 254 1591 281; x_wconf 78' lang='grc' dir='ltr'>καὶ</span> <span class='ocrx_word' id='word_1_148' title='bbox 1610 254 1662 280; x_wconf 78' lang='grc' dir='ltr'>υἱοὶ</span> <span class='ocrx_word' id='word_1_149' title='bbox 1681 254 1817 289; x_wconf 68' lang='grc' dir='ltr'>Ὑψίστου</span> 
     </span>
    </p>
   </div>
   <div class='ocr_carea' id='block_1_18' title="bbox 1027 299 1818 336">
    <p class='ocr_par' dir='ltr' id='par_1_18' title="bbox 1027 299 1818 336">
     <span class='ocr_line' id='line_1_18' title="bbox 1027 299 1818 336; baseline -0.001 -10"><span class='ocrx_word' id='word_1_150' title='bbox 1027 300 1128 331; x_wconf 80' lang='grc' dir='ltr'>πάντες</span> <span class='ocrx_word' id='word_1_151' title='bbox 1141 308 1147 315; x_wconf 87' lang='grc'><strong>·</strong></span> <span class='ocrx_word' id='word_1_152' title='bbox 1165 300 1243 335; x_wconf 81' lang='grc' dir='ltr'>ὑμεῖς</span> <span class='ocrx_word' id='word_1_153' title='bbox 1256 300 1283 327; x_wconf 72' lang='grc' dir='ltr'><strong>δὲ</strong></span> <span class='ocrx_word' id='word_1_154' title='bbox 1296 300 1333 332; x_wconf 82' lang='grc' dir='ltr'><strong>ὡς</strong></span> <span class='ocrx_word' id='word_1_155' title='bbox 1345 299 1482 334; x_wconf 77' lang='grc' dir='ltr'>ἄνθρωποι</span> <span class='ocrx_word' id='word_1_156' title='bbox 1491 299 1687 336; x_wconf 75' lang='grc' dir='ltr'>ἁποθνήσκετε.</span> <span class='ocrx_word' id='word_1_157' title='bbox 1708 309 1717 325; x_wconf 78' lang='grc' dir='ltr'><strong>ι</strong></span> <span class='ocrx_word' id='word_1_158' title='bbox 1729 299 1818 326; x_wconf 81' lang='grc' dir='ltr'>Ὥστε</span> 
     </span>
    </p>
   </div>
   <div class='ocr_carea' id='block_1_19' title="bbox 1027 344 1819 382">
    <p class='ocr_par' dir='ltr' id='par_1_19' title="bbox 1027 344 1819 382">
     <span class='ocr_line' id='line_1_19' title="bbox 1027 344 1819 382; baseline -0.001 -11"><span class='ocrx_word' id='word_1_159' title='bbox 1027 346 1051 372; x_wconf 84' lang='grc' dir='ltr'>ει</span> <span class='ocrx_word' id='word_1_160' title='bbox 1068 346 1105 380; x_wconf 86' lang='grc' dir='ltr'>μὴ</span> <span class='ocrx_word' id='word_1_161' title='bbox 1124 346 1214 372; x_wconf 79' lang='grc' dir='ltr'>πᾶσαν</span> <span class='ocrx_word' id='word_1_162' title='bbox 1231 344 1413 381; x_wconf 77' lang='grc' dir='ltr'>ποιησαίμεθα</span> <span class='ocrx_word' id='word_1_163' title='bbox 1424 345 1541 380; x_wconf 78' lang='grc' dir='ltr'>σπουδὴν</span> <span class='ocrx_word' id='word_1_164' title='bbox 1560 346 1598 378; x_wconf 88' lang='grc' dir='ltr'><strong>εἰς</strong></span> <span class='ocrx_word' id='word_1_165' title='bbox 1619 345 1650 371; x_wconf 74' lang='grc' dir='ltr'>τὸ</span> <span class='ocrx_word' id='word_1_166' title='bbox 1669 345 1819 382; x_wconf 85' lang='grc' dir='ltr'>παραιτεῖ-</span> 
     </span>
    </p>
   </div>
   <div class='ocr_carea' id='block_1_20' title="bbox 1029 383 1818 427">
    <p class='ocr_par' dir='ltr' id='par_1_20' title="bbox 1029 383 1818 427">
     <span class='ocr_line' id='line_1_20' title="bbox 1029 383 1818 427; baseline -0.001 -9"><span class='ocrx_word' id='word_1_167' title='bbox 1029 391 1089 418; x_wconf 82' lang='grc' dir='ltr'>σθαι</span> <span class='ocrx_word' id='word_1_168' title='bbox 1103 392 1133 418; x_wconf 86' lang='grc' dir='ltr'>τὸ</span> <span class='ocrx_word' id='word_1_169' title='bbox 1148 391 1258 426; x_wconf 82' lang='grc' dir='ltr'>φαῦλον,</span> <span class='ocrx_word' id='word_1_170' title='bbox 1274 392 1371 426; x_wconf 73' lang='grc' dir='ltr'>ῥᾳδίως</span> <span class='ocrx_word' id='word_1_171' title='bbox 1391 392 1420 424; x_wconf 78' lang='grc' dir='ltr'>ἐξ</span> <span class='ocrx_word' id='word_1_172' title='bbox 1434 388 1471 419; x_wconf 87' lang='grc' dir='ltr'>ὧν</span> <span class='ocrx_word' id='word_1_173' title='bbox 1487 392 1648 427; x_wconf 76' lang='grc' dir='ltr'>εἰλήφαμεν,</span> <span class='ocrx_word' id='word_1_174' title='bbox 1664 383 1818 418; x_wconf 64' lang='grc' dir='ltr'>ἀποπεσεῖν</span> 
     </span>
    </p>
   </div>
   <div class='ocr_carea' id='block_1_21' title="bbox 1027 435 1817 472">
    <p class='ocr_par' dir='ltr' id='par_1_21' title="bbox 1027 435 1817 472">
     <span class='ocr_line' id='line_1_21' title="bbox 1027 435 1817 472; baseline -0.003 -10"><span class='ocrx_word' id='word_1_175' title='bbox 1027 436 1174 470; x_wconf 82' lang='grc' dir='ltr'>δυνάμεθα,</span> <span class='ocrx_word' id='word_1_176' title='bbox 1190 436 1347 471; x_wconf 79' lang='grc' dir='ltr'>Εἰλήφαμεν</span> <span class='ocrx_word' id='word_1_177' title='bbox 1359 436 1387 462; x_wconf 81' lang='grc' dir='ltr'><strong>δὲ</strong></span> <span class='ocrx_word' id='word_1_178' title='bbox 1400 436 1470 462; x_wconf 81' lang='grc' dir='ltr'>κατὰ</span> <span class='ocrx_word' id='word_1_179' title='bbox 1480 436 1559 472; x_wconf 81' lang='grc' dir='ltr'><strong>χάριν</strong></span> <span class='ocrx_word' id='word_1_180' title='bbox 1569 436 1599 462; x_wconf 86' lang='grc' dir='ltr'><strong>τὺ</strong></span> <span class='ocrx_word' id='word_1_181' title='bbox 1610 435 1753 462; x_wconf 73' lang='grc' dir='ltr'>καλεῖσθαι</span> <span class='ocrx_word' id='word_1_182' title='bbox 1767 435 1817 461; x_wconf 79' lang='grc' dir='ltr'>καὶ</span> 
     </span>
    </p>
   </div>
   <div class='ocr_carea' id='block_1_22' title="bbox 1026 480 1815 517">
    <p class='ocr_par' dir='ltr' id='par_1_22' title="bbox 1026 480 1815 517">
     <span class='ocr_line' id='line_1_22' title="bbox 1026 480 1815 517; baseline -0.001 -9"><span class='ocrx_word' id='word_1_183' title='bbox 1026 482 1079 508; x_wconf 88' lang='grc' dir='ltr'>υίο¹ι</span> <span class='ocrx_word' id='word_1_184' title='bbox 1095 482 1162 508; x_wconf 79' lang='grc' dir='ltr'>Θεοῦ</span> <span class='ocrx_word' id='word_1_185' title='bbox 1178 484 1225 509; x_wconf 80' lang='grc' dir='ltr'>καὶ</span> <span class='ocrx_word' id='word_1_186' title='bbox 1237 482 1303 514; x_wconf 70' lang='grc' dir='ltr'>Θεοὶ,</span> <span class='ocrx_word' id='word_1_187' title='bbox 1319 482 1336 508; x_wconf 75' lang='grc' dir='ltr'>ἃ</span> <span class='ocrx_word' id='word_1_188' title='bbox 1349 481 1380 517; x_wconf 86' lang='grc' dir='ltr'><strong>δὴ</strong></span> <span class='ocrx_word' id='word_1_189' title='bbox 1397 482 1518 516; x_wconf 81' lang='grc' dir='ltr'><strong>φυσικῶς</strong></span> <span class='ocrx_word' id='word_1_190' title='bbox 1537 481 1666 517; x_wconf 82' lang='grc' dir='ltr'><strong>πρόσεστι</strong></span> <span class='ocrx_word' id='word_1_191' title='bbox 1686 481 1726 516; x_wconf 85' lang='grc' dir='ltr'>τῷ</span> <span class='ocrx_word' id='word_1_192' title='bbox 1742 480 1815 515; x_wconf 85' lang='grc' dir='ltr'><strong>Υἱῷ.</strong></span> 
     </span>
    </p>
   </div>
   <div class='ocr_carea' id='block_1_23' title="bbox 1027 525 1816 563">
    <p class='ocr_par' dir='ltr' id='par_1_23' title="bbox 1027 525 1816 563">
     <span class='ocr_line' id='line_1_23' title="bbox 1027 525 1816 563; baseline 0 -10"><span class='ocrx_word' id='word_1_193' title='bbox 1027 527 1114 562; x_wconf 82' lang='grc' dir='ltr'><strong>Πολλὴ</strong></span> <span class='ocrx_word' id='word_1_194' title='bbox 1130 525 1175 553; x_wconf 79' lang='grc' dir='ltr'>οὖν</span> <span class='ocrx_word' id='word_1_195' title='bbox 1192 527 1240 553; x_wconf 76' lang='grc' dir='ltr'>καὶ</span> <span class='ocrx_word' id='word_1_196' title='bbox 1251 527 1369 562; x_wconf 78' lang='grc' dir='ltr'><strong>ἄμετρος</strong></span> <span class='ocrx_word' id='word_1_197' title='bbox 1391 527 1538 562; x_wconf 74' lang='grc' dir='ltr'>ὴδιαφορὰ</span> <span class='ocrx_word' id='word_1_198' title='bbox 1561 526 1662 563; x_wconf 77' lang='grc' dir='ltr'>μεταξύ</span> <span class='ocrx_word' id='word_1_199' title='bbox 1683 535 1712 553; x_wconf 88' lang='grc' dir='ltr'><strong>τε</strong></span> <span class='ocrx_word' id='word_1_200' title='bbox 1732 527 1749 561; x_wconf 89' lang='grc' dir='ltr'><strong>ή</strong></span> <span class='ocrx_word' id='word_1_201' title='bbox 1755 526 1816 561; x_wconf 85' lang='grc' dir='ltr'><strong>μῶν</strong></span> 
     </span>
    </p>
   </div>
   <div class='ocr_carea' id='block_1_24' title="bbox 1027 572 1815 608">
    <p class='ocr_par' dir='ltr' id='par_1_24' title="bbox 1027 572 1815 608">
     <span class='ocr_line' id='line_1_24' title="bbox 1027 572 1815 608; baseline 0.001 -9"><span class='ocrx_word' id='word_1_202' title='bbox 1027 573 1081 599; x_wconf 87' lang='grc' dir='ltr'><strong>τῶν</strong></span> <span class='ocrx_word' id='word_1_203' title='bbox 1096 573 1166 599; x_wconf 82' lang='grc' dir='ltr'>κατὰ</span> <span class='ocrx_word' id='word_1_204' title='bbox 1179 573 1258 608; x_wconf 82' lang='grc' dir='ltr'><strong>χάριν</strong></span> <span class='ocrx_word' id='word_1_205' title='bbox 1273 572 1448 608; x_wconf 73' lang='grc' dir='ltr'>κεκλημένων</span> <span class='ocrx_word' id='word_1_206' title='bbox 1466 573 1531 599; x_wconf 77' lang='grc' dir='ltr'>υἱῶν</span> <span class='ocrx_word' id='word_1_207' title='bbox 1548 573 1595 599; x_wconf 76' lang='grc' dir='ltr'>καὶ</span> <span class='ocrx_word' id='word_1_208' title='bbox 1608 573 1655 599; x_wconf 84' lang='grc' dir='ltr'>τοῦ</span> <span class='ocrx_word' id='word_1_209' title='bbox 1672 572 1745 600; x_wconf 78' lang='grc' dir='ltr'>κατὰ</span> <span class='ocrx_word' id='word_1_210' title='bbox 1760 573 1815 608; x_wconf 75' lang='grc' dir='ltr'><strong>φύ-</strong></span> 
     </span>
    </p>
   </div>
   <div class='ocr_carea' id='block_1_25' title="bbox 1028 618 1814 654">
    <p class='ocr_par' dir='ltr' id='par_1_25' title="bbox 1028 618 1814 654">
     <span class='ocr_line' id='line_1_25' title="bbox 1028 618 1814 654; baseline -0.001 -9"><span class='ocrx_word' id='word_1_211' title='bbox 1028 627 1069 646; x_wconf 91' lang='grc' dir='ltr'><strong>σιν</strong></span> <span class='ocrx_word' id='word_1_212' title='bbox 1084 619 1158 650; x_wconf 73' lang='grc' dir='ltr'>ὄντος</span> <span class='ocrx_word' id='word_1_213' title='bbox 1171 619 1217 645; x_wconf 76' lang='grc' dir='ltr'>καὶ</span> <span class='ocrx_word' id='word_1_214' title='bbox 1232 619 1370 654; x_wconf 76' lang='grc' dir='ltr'>ἀληθινοῦ.</span> <span class='ocrx_word' id='word_1_215' title='bbox 1385 620 1472 653; x_wconf 81' lang='grc' dir='ltr'><strong>Λόγον</strong></span> <span class='ocrx_word' id='word_1_216' title='bbox 1485 619 1513 645; x_wconf 80' lang='grc' dir='ltr'><em>δὲ</em></span> <span class='ocrx_word' id='word_1_217' title='bbox 1533 619 1665 645; x_wconf 78' lang='grc' dir='ltr'>ἀποκαλεῖ</span> <span class='ocrx_word' id='word_1_218' title='bbox 1678 618 1724 644; x_wconf 76' lang='grc' dir='ltr'>τὸν</span> <span class='ocrx_word' id='word_1_219' title='bbox 1736 618 1814 649; x_wconf 80' lang='grc' dir='ltr'>Υίὸν.</span> 
     </span>
    </p>
   </div>
   <div class='ocr_carea' id='block_1_26' title="bbox 1027 663 1816 700">
    <p class='ocr_par' dir='ltr' id='par_1_26' title="bbox 1027 663 1816 700">
     <span class='ocr_line' id='line_1_26' title="bbox 1027 663 1816 700; baseline -0.003 -9"><span class='ocrx_word' id='word_1_220' title='bbox 1027 665 1042 690; x_wconf 81' lang='grc' dir='ltr'>ὁ</span> <span class='ocrx_word' id='word_1_221' title='bbox 1061 664 1196 700; x_wconf 76' lang='grc' dir='ltr'><strong>Ἰωάννης,</strong></span> <span class='ocrx_word' id='word_1_222' title='bbox 1213 664 1316 699; x_wconf 85' lang='grc' dir='ltr'>ταύτην</span> <span class='ocrx_word' id='word_1_223' title='bbox 1340 664 1414 700; x_wconf 85' lang='grc' dir='ltr'><strong>αὑτῷ</strong></span> <span class='ocrx_word' id='word_1_224' title='bbox 1428 663 1584 700; x_wconf 83' lang='grc' dir='ltr'>κυριώτατα</span> <span class='ocrx_word' id='word_1_225' title='bbox 1605 663 1742 694; x_wconf 67' lang='grc' dir='ltr'>ἀνατιθεὶς</span> <span class='ocrx_word' id='word_1_226' title='bbox 1764 663 1816 698; x_wconf 78' lang='grc' dir='ltr'>τὴν</span> 
     </span>
    </p>
   </div>
   <div class='ocr_carea' id='block_1_27' title="bbox 1028 702 1814 745">
    <p class='ocr_par' dir='ltr' id='par_1_27' title="bbox 1028 702 1814 745">
     <span class='ocr_line' id='line_1_27' title="bbox 1028 702 1814 745; baseline -0.003 -9"><span class='ocrx_word' id='word_1_227' title='bbox 1028 702 1191 745; x_wconf 81' lang='grc' dir='ltr'>ἐπωνυμίαν</span> <span class='ocrx_word' id='word_1_228' title='bbox 1201 711 1248 736; x_wconf 71' lang='grc' dir='ltr'>καὶ</span> <span class='ocrx_word' id='word_1_229' title='bbox 1263 710 1311 745; x_wconf 83' lang='grc' dir='ltr'><strong>τῆς</strong></span> <span class='ocrx_word' id='word_1_230' title='bbox 1325 710 1420 741; x_wconf 78' lang='grc' dir='ltr'>οὐσίας</span> <span class='ocrx_word' id='word_1_231' title='bbox 1441 710 1557 745; x_wconf 82' lang='grc' dir='ltr'>μάλιστα</span> <span class='ocrx_word' id='word_1_232' title='bbox 1577 709 1759 744; x_wconf 86' lang='grc' dir='ltr'>σημαντικήν.</span> <span class='ocrx_word' id='word_1_233' title='bbox 1782 709 1814 735; x_wconf 83' lang='lat' dir='ltr'><strong>Ei</strong></span> 
     </span>
    </p>
   </div>
   <div class='ocr_carea' id='block_1_28' title="bbox 1028 754 1816 791">
    <p class='ocr_par' dir='ltr' id='par_1_28' title="bbox 1028 754 1816 791">
     <span class='ocr_line' id='line_1_28' title="bbox 1028 754 1816 791; baseline -0.003 -9"><span class='ocrx_word' id='word_1_234' title='bbox 1028 755 1056 782; x_wconf 78' lang='grc' dir='ltr'><strong>δέ</strong></span> <span class='ocrx_word' id='word_1_235' title='bbox 1080 756 1118 791; x_wconf 77' lang='grc' dir='ltr'>μὴ</span> <span class='ocrx_word' id='word_1_236' title='bbox 1133 755 1212 790; x_wconf 82' lang='grc' dir='ltr'>φύσει</span> <span class='ocrx_word' id='word_1_237' title='bbox 1230 756 1275 791; x_wconf 85' lang='grc' dir='ltr'><strong>είη</strong></span> <span class='ocrx_word' id='word_1_238' title='bbox 1288 756 1394 791; x_wconf 75' lang='grc' dir='ltr'>καὶτῆς</span> <span class='ocrx_word' id='word_1_239' title='bbox 1418 755 1512 786; x_wconf 83' lang='grc' dir='ltr'><strong>οὐσίας</strong></span> <span class='ocrx_word' id='word_1_240' title='bbox 1534 754 1681 790; x_wconf 79' lang='grc' dir='ltr'>δηλωτικὸν</span> <span class='ocrx_word' id='word_1_241' title='bbox 1701 755 1747 780; x_wconf 77' lang='grc' dir='ltr'><strong>ἐπὶ</strong></span> <span class='ocrx_word' id='word_1_242' title='bbox 1765 754 1816 781; x_wconf 75' lang='grc' dir='ltr'><strong>τοῦ</strong></span> 
     </span>
    </p>
   </div>
   <div class='ocr_carea' id='block_1_29' title="bbox 1029 799 1814 836">
    <p class='ocr_par' dir='ltr' id='par_1_29' title="bbox 1029 799 1814 836">
     <span class='ocr_line' id='line_1_29' title="bbox 1029 799 1814 836; baseline -0.004 -8"><span class='ocrx_word' id='word_1_243' title='bbox 1029 802 1094 828; x_wconf 87' lang='grc' dir='ltr'><strong>Υίοῦ</strong></span> <span class='ocrx_word' id='word_1_244' title='bbox 1104 802 1134 828; x_wconf 81' lang='grc' dir='ltr'>τὸ</span> <span class='ocrx_word' id='word_1_245' title='bbox 1145 801 1229 835; x_wconf 85' lang='grc' dir='ltr'>Λόγος</span> <span class='ocrx_word' id='word_1_246' title='bbox 1243 801 1336 836; x_wconf 73' lang='grc' dir='ltr'>ὄνομα,</span> <span class='ocrx_word' id='word_1_247' title='bbox 1350 801 1478 836; x_wconf 75' lang='grc' dir='ltr'>σημαίνει</span> <span class='ocrx_word' id='word_1_248' title='bbox 1490 809 1516 827; x_wconf 89' lang='grc' dir='ltr'><strong>τι</strong></span> <span class='ocrx_word' id='word_1_249' title='bbox 1528 799 1635 831; x_wconf 86' lang='grc' dir='ltr'>πάντως</span> <span class='ocrx_word' id='word_1_250' title='bbox 1648 799 1740 834; x_wconf 70' lang='grc' dir='ltr'>ἕτερον</span> <span class='ocrx_word' id='word_1_251' title='bbox 1749 807 1756 815; x_wconf 89' lang='grc'>·</span> <span class='ocrx_word' id='word_1_252' title='bbox 1768 800 1814 825; x_wconf 81' lang='grc' dir='ltr'>καὶ</span> 
     </span>
    </p>
   </div>
   <div class='ocr_carea' id='block_1_30' title="bbox 191 842 977 881">
    <p class='ocr_par' dir='ltr' id='par_1_30' title="bbox 191 844 973 878">
     <span class='ocr_line' id='line_1_30' title="bbox 191 844 973 878; baseline 0.003 -7"><span class='ocrx_word' id='word_1_253' title='bbox 191 844 256 871; x_wconf 92' lang='lat' dir='ltr'><strong>bum</strong></span> <span class='ocrx_word' id='word_1_254' title='bbox 280 852 344 872; x_wconf 91' lang='lat' dir='ltr'><strong>vero</strong></span> <span class='ocrx_word' id='word_1_255' title='bbox 368 849 448 872; x_wconf 79' lang='lat' dir='ltr'><strong>vocat</strong></span> <span class='ocrx_word' id='word_1_256' title='bbox 477 845 577 873; x_wconf 82' lang='lat' dir='ltr'><strong>Filium</strong></span> <span class='ocrx_word' id='word_1_257' title='bbox 601 845 739 878; x_wconf 82' lang='lat' dir='ltr'><strong>Joannes,</strong></span> <span class='ocrx_word' id='word_1_258' title='bbox 767 846 924 873; x_wconf 90' lang='lat' dir='ltr'><strong>attribuens</strong></span> <span class='ocrx_word' id='word_1_259' title='bbox 949 847 973 873; x_wconf 92' lang='lat' dir='ltr'><strong>ei</strong></span> 
     </span>
    </p>
   </div>
   <div class='ocr_carea' id='block_1_31' title="bbox 1031 842 1814 881">
    <p class='ocr_par' dir='ltr' id='par_1_31' title="bbox 1031 842 1814 881">
     <span class='ocr_line' id='line_1_31' title="bbox 1031 842 1814 881; baseline -0.006 -8"><span class='ocrx_word' id='word_1_260' title='bbox 1031 847 1119 881; x_wconf 77' lang='grc' dir='ltr'>ζητεῖν</span> <span class='ocrx_word' id='word_1_261' title='bbox 1131 847 1290 880; x_wconf 85' lang='grc' dir='ltr'>ἀναγκαῖον,</span> <span class='ocrx_word' id='word_1_262' title='bbox 1310 847 1336 872; x_wconf 82' lang='grc' dir='ltr'><strong>τί</strong></span> <span class='ocrx_word' id='word_1_263' title='bbox 1351 845 1419 872; x_wconf 79' lang='grc' dir='ltr'>κατὰ</span> <span class='ocrx_word' id='word_1_264' title='bbox 1433 845 1513 879; x_wconf 73' lang='grc' dir='ltr'>φύσιν</span> <span class='ocrx_word' id='word_1_265' title='bbox 1526 844 1562 870; x_wconf 85' lang='grc' dir='ltr'>ὣν</span> <span class='ocrx_word' id='word_1_266' title='bbox 1578 844 1593 870; x_wconf 83' lang='grc' dir='ltr'><strong>ὁ</strong></span> <span class='ocrx_word' id='word_1_267' title='bbox 1614 843 1690 875; x_wconf 72' lang='grc' dir='ltr'>Υἱὸς,</span> <span class='ocrx_word' id='word_1_268' title='bbox 1710 842 1814 878; x_wconf 79' lang='grc' dir='ltr'><strong>ἐκλήθη</strong></span> 
     </span>
    </p>
   </div>
   <div class='ocr_carea' id='block_1_32' title="bbox 192 890 976 926">
    <p class='ocr_par' dir='ltr' id='par_1_32' title="bbox 192 890 976 926">
     <span class='ocr_line' id='line_1_32' title="bbox 192 890 976 926; baseline 0.003 -10"><span class='ocrx_word' id='word_1_269' title='bbox 192 890 311 917; x_wconf 77' lang='lat' dir='ltr'><strong>maxime</strong></span> <span class='ocrx_word' id='word_1_270' title='bbox 327 891 436 925; x_wconf 87' lang='lat' dir='ltr'><strong>proprie</strong></span> <span class='ocrx_word' id='word_1_271' title='bbox 450 891 519 918; x_wconf 85' lang='lat' dir='ltr'><strong>hanc</strong></span> <span class='ocrx_word' id='word_1_272' title='bbox 533 892 744 926; x_wconf 84' lang='lat' dir='ltr'><strong>appellationem</strong></span> <span class='ocrx_word' id='word_1_273' title='bbox 756 910 764 923; x_wconf 88' lang='lat'><strong>,</strong></span> <span class='ocrx_word' id='word_1_274' title='bbox 782 895 811 918; x_wconf 90' lang='lat' dir='ltr'><strong>ut</strong></span> <span class='ocrx_word' id='word_1_275' title='bbox 823 899 884 926; x_wconf 64' lang='lat' dir='ltr'><strong>quae</strong></span> <span class='ocrx_word' id='word_1_276' title='bbox 900 891 976 918; x_wconf 92' lang='lat' dir='ltr'><strong>miri-</strong></span> 
     </span>
    </p>
   </div>
   <div class='ocr_carea' id='block_1_33' title="bbox 193 934 975 971">
    <p class='ocr_par' dir='ltr' id='par_1_33' title="bbox 193 934 975 971">
     <span class='ocr_line' id='line_1_33' title="bbox 193 934 975 971; baseline 0.005 -11"><span class='ocrx_word' id='word_1_277' title='bbox 193 934 270 960; x_wconf 88' lang='lat' dir='ltr'><strong>ﬁcam</strong></span> <span class='ocrx_word' id='word_1_278' title='bbox 287 935 340 961; x_wconf 85' lang='lat' dir='ltr'><strong>vim</strong></span> <span class='ocrx_word' id='word_1_279' title='bbox 357 935 530 970; x_wconf 76' lang='lat' dir='ltr'><strong>signiﬁcandi</strong></span> <span class='ocrx_word' id='word_1_280' title='bbox 547 936 732 964; x_wconf 81' lang='lat' dir='ltr'><strong>substantiam</strong></span> <span class='ocrx_word' id='word_1_281' title='bbox 752 936 813 971; x_wconf 79' lang='lat' dir='ltr'><strong>ejus</strong></span> <span class='ocrx_word' id='word_1_282' title='bbox 833 936 926 964; x_wconf 86' lang='lat' dir='ltr'><strong>habet.</strong></span> <span class='ocrx_word' id='word_1_283' title='bbox 947 936 975 964; x_wconf 90' lang='lat' dir='ltr'><strong>Sl</strong></span> 
     </span>
    </p>
   </div>
   <div class='ocr_carea' id='block_1_34' title="bbox 192 979 977 1017">
    <p class='ocr_par' dir='ltr' id='par_1_34' title="bbox 192 979 977 1017">
     <span class='ocr_line' id='line_1_34' title="bbox 192 979 977 1017; baseline 0.004 -11"><span class='ocrx_word' id='word_1_284' title='bbox 192 988 257 1007; x_wconf 79' lang='lat' dir='ltr'><strong>vero</strong></span> <span class='ocrx_word' id='word_1_285' title='bbox 270 979 389 1008; x_wconf 82' lang='lat' dir='ltr'><strong>Verbum</strong></span> <span class='ocrx_word' id='word_1_286' title='bbox 405 989 503 1009; x_wconf 82' lang='lat' dir='ltr'><strong>nomen</strong></span> <span class='ocrx_word' id='word_1_287' title='bbox 517 986 615 1009; x_wconf 85' lang='lat' dir='ltr'><strong>natura</strong></span> <span class='ocrx_word' id='word_1_288' title='bbox 630 990 684 1009; x_wconf 90' lang='lat' dir='ltr'><strong>non</strong></span> <span class='ocrx_word' id='word_1_289' title='bbox 700 982 835 1017; x_wconf 72' lang='lat' dir='ltr'><strong>signiﬁcet</strong></span> <span class='ocrx_word' id='word_1_290' title='bbox 849 983 977 1010; x_wconf 51' lang='lat' dir='ltr'><strong>substanv</strong></span> 
     </span>
    </p>
   </div>
   <div class='ocr_carea' id='block_1_35' title="bbox 192 1027 977 1063">
    <p class='ocr_par' dir='ltr' id='par_1_35' title="bbox 192 1027 977 1063">
     <span class='ocr_line' id='line_1_35' title="bbox 192 1027 977 1063; baseline 0.004 -11"><span class='ocrx_word' id='word_1_291' title='bbox 192 1027 258 1053; x_wconf 82' lang='lat' dir='ltr'><strong>tiam</strong></span> <span class='ocrx_word' id='word_1_292' title='bbox 276 1027 302 1053; x_wconf 93' lang='lat' dir='ltr'><strong>in</strong></span> <span class='ocrx_word' id='word_1_293' title='bbox 321 1027 407 1060; x_wconf 82' lang='lat' dir='ltr'><strong>Filio,</strong></span> <span class='ocrx_word' id='word_1_294' title='bbox 423 1028 536 1054; x_wconf 92' lang='lat' dir='ltr'><strong>omnino</strong></span> <span class='ocrx_word' id='word_1_295' title='bbox 553 1027 691 1063; x_wconf 83' lang='lat' dir='ltr'><strong>signiﬁcat</strong></span> <span class='ocrx_word' id='word_1_296' title='bbox 708 1027 782 1054; x_wconf 86' lang='lat' dir='ltr'><strong>aliud</strong></span> <span class='ocrx_word' id='word_1_297' title='bbox 794 1047 801 1058; x_wconf 91' lang='lat'><strong>,</strong></span> <span class='ocrx_word' id='word_1_298' title='bbox 819 1031 846 1054; x_wconf 89' lang='lat' dir='ltr'><strong>et</strong></span> <span class='ocrx_word' id='word_1_299' title='bbox 864 1035 977 1055; x_wconf 80' lang='lat' dir='ltr'><strong>necesse</strong></span> 
     </span>
    </p>
   </div>
   <div class='ocr_carea' id='block_1_36' title="bbox 191 1073 978 1108">
    <p class='ocr_par' dir='ltr' id='par_1_36' title="bbox 191 1073 978 1108">
     <span class='ocr_line' id='line_1_36' title="bbox 191 1073 978 1108; baseline 0.001 -9"><span class='ocrx_word' id='word_1_300' title='bbox 191 1075 234 1100; x_wconf 88' lang='lat' dir='ltr'><strong>est</strong></span> <span class='ocrx_word' id='word_1_301' title='bbox 249 1080 373 1107; x_wconf 71' lang='lat' dir='ltr'><strong>quaerere</strong></span> <span class='ocrx_word' id='word_1_302' title='bbox 390 1073 456 1108; x_wconf 83' lang='lat' dir='ltr'><strong>quid</strong></span> <span class='ocrx_word' id='word_1_303' title='bbox 473 1074 611 1101; x_wconf 80' lang='lat' dir='ltr'><strong>exsistens</strong></span> <span class='ocrx_word' id='word_1_304' title='bbox 624 1073 710 1101; x_wconf 76' lang='lat' dir='ltr'><strong>Filius</strong></span> <span class='ocrx_word' id='word_1_305' title='bbox 725 1073 877 1101; x_wconf 83' lang='lat' dir='ltr'><strong>secundum</strong></span> <span class='ocrx_word' id='word_1_306' title='bbox 895 1080 978 1101; x_wconf 88' lang='lat' dir='ltr'><strong>natu-</strong></span> 
     </span>
    </p>
   </div>
   <div class='ocr_carea' id='block_1_37' title="bbox 193 1117 977 1154">
    <p class='ocr_par' dir='ltr' id='par_1_37' title="bbox 193 1117 977 1154">
     <span class='ocr_line' id='line_1_37' title="bbox 193 1117 977 1154; baseline 0.001 -9"><span class='ocrx_word' id='word_1_307' title='bbox 193 1125 250 1145; x_wconf 87' lang='lat' dir='ltr'><strong>ram</strong></span> <span class='ocrx_word' id='word_1_308' title='bbox 267 1117 385 1146; x_wconf 83' lang='lat' dir='ltr'><strong>Verbum</strong></span> <span class='ocrx_word' id='word_1_309' title='bbox 399 1123 514 1146; x_wconf 88' lang='lat' dir='ltr'><strong>vocatus</strong></span> <span class='ocrx_word' id='word_1_310' title='bbox 528 1123 570 1146; x_wconf 84' lang='lat' dir='ltr'><strong>est</strong></span> <span class='ocrx_word' id='word_1_311' title='bbox 586 1139 592 1151; x_wconf 91' lang='lat'><strong>,</strong></span> <span class='ocrx_word' id='word_1_312' title='bbox 607 1120 629 1146; x_wconf 90' lang='lat' dir='ltr'><strong>si</strong></span> <span class='ocrx_word' id='word_1_313' title='bbox 645 1127 699 1146; x_wconf 90' lang='lat' dir='ltr'><strong>non</strong></span> <span class='ocrx_word' id='word_1_314' title='bbox 718 1119 902 1146; x_wconf 85' lang='lat' dir='ltr'><strong>substantiam</strong></span> <span class='ocrx_word' id='word_1_315' title='bbox 916 1119 977 1154; x_wconf 85' lang='lat' dir='ltr'><strong>ejus</strong></span> 
     </span>
    </p>
   </div>
   <div class='ocr_carea' id='block_1_38' title="bbox 192 1164 976 1199">
    <p class='ocr_par' dir='ltr' id='par_1_38' title="bbox 192 1164 976 1199">
     <span class='ocr_line' id='line_1_38' title="bbox 192 1164 976 1199; baseline 0.001 -9"><span class='ocrx_word' id='word_1_316' title='bbox 192 1171 292 1191; x_wconf 89' lang='lat' dir='ltr'><strong>nomen</strong></span> <span class='ocrx_word' id='word_1_317' title='bbox 310 1165 421 1191; x_wconf 88' lang='lat' dir='ltr'><strong>indicat.</strong></span> <span class='ocrx_word' id='word_1_318' title='bbox 434 1164 525 1192; x_wconf 87' lang='lat' dir='ltr'><strong>Veluti</strong></span> <span class='ocrx_word' id='word_1_319' title='bbox 540 1173 602 1192; x_wconf 89' lang='lat' dir='ltr'><strong>cum</strong></span> <span class='ocrx_word' id='word_1_320' title='bbox 615 1165 679 1199; x_wconf 87' lang='lat' dir='ltr'><strong>quis</strong></span> <span class='ocrx_word' id='word_1_321' title='bbox 691 1165 758 1192; x_wconf 79' lang='lat' dir='ltr'><strong>dicit</strong></span> <span class='ocrx_word' id='word_1_322' title='bbox 772 1165 881 1191; x_wconf 89' lang='lat' dir='ltr'><strong>fabruttt</strong></span> <span class='ocrx_word' id='word_1_323' title='bbox 895 1185 902 1197; x_wconf 93' lang='lat'><strong>,</strong></span> <span class='ocrx_word' id='word_1_324' title='bbox 919 1170 976 1192; x_wconf 86' lang='lat' dir='ltr'><strong>sta-</strong></span> 
     </span>
    </p>
   </div>
   <div class='ocr_carea' id='block_1_39' title="bbox 192 1211 977 1246">
    <p class='ocr_par' dir='ltr' id='par_1_39' title="bbox 192 1211 977 1246">
     <span class='ocr_line' id='line_1_39' title="bbox 192 1211 977 1246; baseline 0.003 -10"><span class='ocrx_word' id='word_1_325' title='bbox 192 1211 313 1237; x_wconf 83' lang='lat' dir='ltr'><strong>tuarium</strong></span> <span class='ocrx_word' id='word_1_326' title='bbox 325 1230 332 1242; x_wconf 84' lang='lat'><strong>,</strong></span> <span class='ocrx_word' id='word_1_327' title='bbox 357 1212 475 1238; x_wconf 84' lang='lat' dir='ltr'><strong>scribam</strong></span> <span class='ocrx_word' id='word_1_328' title='bbox 486 1231 493 1243; x_wconf 93' lang='grc'><strong>,</strong></span> <span class='ocrx_word' id='word_1_329' title='bbox 517 1219 572 1238; x_wconf 91' lang='lat' dir='ltr'><strong>non</strong></span> <span class='ocrx_word' id='word_1_330' title='bbox 597 1211 726 1238; x_wconf 83' lang='lat' dir='ltr'><strong>delinitur</strong></span> <span class='ocrx_word' id='word_1_331' title='bbox 742 1211 808 1246; x_wconf 90' lang='lat' dir='ltr'><strong>quid</strong></span> <span class='ocrx_word' id='word_1_332' title='bbox 823 1211 861 1238; x_wconf 87' lang='lat' dir='ltr'><strong>sit</strong></span> <span class='ocrx_word' id='word_1_333' title='bbox 875 1219 977 1239; x_wconf 88' lang='lat' dir='ltr'><strong>secun-</strong></span> 
     </span>
    </p>
   </div>
   <div class='ocr_carea' id='block_1_40' title="bbox 192 1256 976 1291">
    <p class='ocr_par' dir='ltr' id='par_1_40' title="bbox 192 1256 976 1291">
     <span class='ocr_line' id='line_1_40' title="bbox 192 1256 976 1291; baseline 0.001 -9"><span class='ocrx_word' id='word_1_334' title='bbox 192 1256 258 1283; x_wconf 86' lang='lat' dir='ltr'><strong>dum</strong></span> <span class='ocrx_word' id='word_1_335' title='bbox 285 1261 412 1283; x_wconf 87' lang='lat' dir='ltr'><strong>naturam</strong></span> <span class='ocrx_word' id='word_1_336' title='bbox 437 1257 463 1283; x_wconf 88' lang='lat' dir='ltr'><strong>id</strong></span> <span class='ocrx_word' id='word_1_337' title='bbox 488 1256 561 1291; x_wconf 86' lang='lat' dir='ltr'><strong>quod</strong></span> <span class='ocrx_word' id='word_1_338' title='bbox 590 1257 773 1291; x_wconf 76' lang='lat' dir='ltr'><strong>significatur,</strong></span> <span class='ocrx_word' id='word_1_339' title='bbox 801 1257 849 1284; x_wconf 81' lang='lat' dir='ltr'><strong>sed</strong></span> <span class='ocrx_word' id='word_1_340' title='bbox 870 1261 976 1283; x_wconf 79' lang='lat' dir='ltr'><strong>tantum</strong></span> 
     </span>
    </p>
   </div>
   <div class='ocr_carea' id='block_1_41' title="bbox 191 1301 977 1337">
    <p class='ocr_par' dir='ltr' id='par_1_41' title="bbox 191 1301 977 1337">
     <span class='ocr_line' id='line_1_41' title="bbox 191 1301 977 1337; baseline 0.003 -10"><span class='ocrx_word' id='word_1_341' title='bbox 191 1308 274 1335; x_wconf 86' lang='lat' dir='ltr'><strong>quam</strong></span> <span class='ocrx_word' id='word_1_342' title='bbox 295 1306 380 1329; x_wconf 84' lang='lat' dir='ltr'><strong>artem</strong></span> <span class='ocrx_word' id='word_1_343' title='bbox 400 1301 524 1335; x_wconf 80' lang='lat' dir='ltr'><strong>factitet,</strong></span> <span class='ocrx_word' id='word_1_344' title='bbox 546 1303 678 1329; x_wconf 87' lang='lat' dir='ltr'><strong>ostendit.</strong></span> <span class='ocrx_word' id='word_1_345' title='bbox 700 1302 727 1329; x_wconf 88' lang='lat' dir='ltr'><strong>Si</strong></span> <span class='ocrx_word' id='word_1_346' title='bbox 748 1303 834 1337; x_wconf 80' lang='lat' dir='ltr'><strong>igitur</strong></span> <span class='ocrx_word' id='word_1_347' title='bbox 853 1303 907 1329; x_wconf 89' lang='lat' dir='ltr'><strong>hoc</strong></span> <span class='ocrx_word' id='word_1_348' title='bbox 928 1310 977 1329; x_wconf 73' lang='lat' dir='ltr'><strong>no~</strong></span> 
     </span>
    </p>
   </div>
   <div class='ocr_carea' id='block_1_42' title="bbox 192 1343 977 1382">
    <p class='ocr_par' dir='ltr' id='par_1_42' title="bbox 192 1343 977 1382">
     <span class='ocr_line' id='line_1_42' title="bbox 192 1343 977 1382; baseline 0.004 -10"><span class='ocrx_word' id='word_1_349' title='bbox 192 1353 254 1373; x_wconf 88' lang='lat' dir='ltr'><strong>nten</strong></span> <span class='ocrx_word' id='word_1_350' title='bbox 284 1354 338 1373; x_wconf 90' lang='lat' dir='ltr'><strong>non</strong></span> <span class='ocrx_word' id='word_1_351' title='bbox 363 1348 499 1382; x_wconf 79' lang='lat' dir='ltr'><strong>signiticet</strong></span> <span class='ocrx_word' id='word_1_352' title='bbox 525 1343 708 1375; x_wconf 74' lang='lat' dir='ltr'><strong>substantiam</strong></span> <span class='ocrx_word' id='word_1_353' title='bbox 737 1347 815 1379; x_wconf 81' lang='lat' dir='ltr'><strong>Filii,</strong></span> <span class='ocrx_word' id='word_1_354' title='bbox 837 1352 864 1375; x_wconf 93' lang='lat' dir='ltr'><strong>et</strong></span> <span class='ocrx_word' id='word_1_355' title='bbox 885 1349 977 1375; x_wconf 85' lang='lat' dir='ltr'><strong>vocari</strong></span> 
     </span>
    </p>
   </div>
   <div class='ocr_carea' id='block_1_43' title="bbox 194 1391 978 1428">
    <p class='ocr_par' dir='ltr' id='par_1_43' title="bbox 194 1391 978 1428">
     <span class='ocr_line' id='line_1_43' title="bbox 194 1391 978 1428; baseline 0.004 -10"><span class='ocrx_word' id='word_1_356' title='bbox 194 1391 312 1419; x_wconf 87' lang='lat' dir='ltr'><strong>Verbum</strong></span> <span class='ocrx_word' id='word_1_357' title='bbox 331 1401 386 1420; x_wconf 90' lang='lat' dir='ltr'><strong>non</strong></span> <span class='ocrx_word' id='word_1_358' title='bbox 406 1393 527 1421; x_wconf 87' lang='lat' dir='ltr'><strong>declaret</strong></span> <span class='ocrx_word' id='word_1_359' title='bbox 555 1394 644 1428; x_wconf 89' lang='lat' dir='ltr'><strong>ipsum</strong></span> <span class='ocrx_word' id='word_1_360' title='bbox 669 1394 735 1428; x_wconf 88' lang='lat' dir='ltr'><strong>qttid</strong></span> <span class='ocrx_word' id='word_1_361' title='bbox 763 1394 797 1421; x_wconf 87' lang='lat' dir='ltr'><strong>sit</strong></span> <span class='ocrx_word' id='word_1_362' title='bbox 824 1394 978 1421; x_wconf 86' lang='lat' dir='ltr'><strong>secundum</strong></span> 
     </span>
    </p>
   </div>
   <div class='ocr_carea' id='block_1_44' title="bbox 194 1438 976 1474">
    <p class='ocr_par' dir='ltr' id='par_1_44' title="bbox 194 1438 976 1474">
     <span class='ocr_line' id='line_1_44' title="bbox 194 1438 976 1474; baseline 0.001 -11"><span class='ocrx_word' id='word_1_363' title='bbox 194 1441 321 1463; x_wconf 85' lang='lat' dir='ltr'><strong>naturam</strong></span> <span class='ocrx_word' id='word_1_364' title='bbox 333 1458 340 1467; x_wconf 83' lang='lat'><strong><em>.</em></strong></span> <span class='ocrx_word' id='word_1_365' title='bbox 354 1438 401 1465; x_wconf 90' lang='lat' dir='ltr'><strong>sed</strong></span> <span class='ocrx_word' id='word_1_366' title='bbox 418 1442 481 1472; x_wconf 86' lang='lat' dir='ltr'><strong>puta</strong></span> <span class='ocrx_word' id='word_1_367' title='bbox 491 1458 499 1470; x_wconf 84' lang='lat'><strong>,</strong></span> <span class='ocrx_word' id='word_1_368' title='bbox 514 1438 586 1473; x_wconf 85' lang='lat' dir='ltr'><strong>quod</strong></span> <span class='ocrx_word' id='word_1_369' title='bbox 599 1439 636 1466; x_wconf 90' lang='lat' dir='ltr'><strong>sit</strong></span> <span class='ocrx_word' id='word_1_370' title='bbox 651 1440 711 1473; x_wconf 87' lang='lat' dir='ltr'><strong>ejus</strong></span> <span class='ocrx_word' id='word_1_371' title='bbox 726 1439 898 1466; x_wconf 89' lang='lat' dir='ltr'><strong>institutum:</strong></span> <span class='ocrx_word' id='word_1_372' title='bbox 913 1440 976 1474; x_wconf 81' lang='lat' dir='ltr'><strong>quid</strong></span> 
     </span>
    </p>
   </div>
   <div class='ocr_carea' id='block_1_45' title="bbox 194 1482 978 1519">
    <p class='ocr_par' dir='ltr' id='par_1_45' title="bbox 194 1482 978 1519">
     <span class='ocr_line' id='line_1_45' title="bbox 194 1482 978 1519; baseline 0.005 -11"><span class='ocrx_word' id='word_1_373' title='bbox 194 1482 296 1510; x_wconf 85' lang='lat' dir='ltr'><strong>frustra</strong></span> <span class='ocrx_word' id='word_1_374' title='bbox 310 1484 504 1518; x_wconf 79' lang='lat' dir='ltr'><strong>evangelistam</strong></span> <span class='ocrx_word' id='word_1_375' title='bbox 523 1485 666 1516; x_wconf 88' lang='lat' dir='ltr'><strong>miramur,</strong></span> <span class='ocrx_word' id='word_1_376' title='bbox 679 1490 706 1512; x_wconf 86' lang='lat' dir='ltr'><strong>et</strong></span> <span class='ocrx_word' id='word_1_377' title='bbox 717 1492 849 1519; x_wconf 87' lang='lat' dir='ltr'><strong>quorsum</strong></span> <span class='ocrx_word' id='word_1_378' title='bbox 865 1490 978 1512; x_wconf 86' lang='lat' dir='ltr'><strong>vocatus</strong></span> 
     </span>
    </p>
   </div>
   <div class='ocr_carea' id='block_1_46' title="bbox 1027 888 1812 927">
    <p class='ocr_par' dir='ltr' id='par_1_46' title="bbox 1027 888 1812 927">
     <span class='ocr_line' id='line_1_46' title="bbox 1027 888 1812 927; baseline -0.006 -8"><span class='ocrx_word' id='word_1_379' title='bbox 1027 893 1122 926; x_wconf 80' lang='grc' dir='ltr'>Λόγος,</span> <span class='ocrx_word' id='word_1_380' title='bbox 1148 893 1180 918; x_wconf 59' lang='grc' dir='ltr'><strong>εἰη</strong></span> <span class='ocrx_word' id='word_1_381' title='bbox 1197 891 1235 927; x_wconf 82' lang='grc' dir='ltr'>μὴ</span> <span class='ocrx_word' id='word_1_382' title='bbox 1255 892 1305 927; x_wconf 85' lang='grc' dir='ltr'>τὴν</span> <span class='ocrx_word' id='word_1_383' title='bbox 1319 891 1412 918; x_wconf 79' lang='grc' dir='ltr'>οὐσίαν</span> <span class='ocrx_word' id='word_1_384' title='bbox 1429 890 1515 918; x_wconf 77' lang='grc' dir='ltr'>αὐτοῦ</span> <span class='ocrx_word' id='word_1_385' title='bbox 1531 890 1658 925; x_wconf 79' lang='grc' dir='ltr'>σημαίνει</span> <span class='ocrx_word' id='word_1_386' title='bbox 1672 889 1701 915; x_wconf 81' lang='grc' dir='ltr'>τὸ</span> <span class='ocrx_word' id='word_1_387' title='bbox 1716 888 1812 923; x_wconf 69' lang='grc' dir='ltr'>ὄνομα.</span> 
     </span>
    </p>
   </div>
   <div class='ocr_carea' id='block_1_47' title="bbox 1027 934 1823 972">
    <p class='ocr_par' dir='ltr' id='par_1_47' title="bbox 1027 934 1823 972">
     <span class='ocr_line' id='line_1_47' title="bbox 1027 934 1823 972; baseline -0.003 -8"><span class='ocrx_word' id='word_1_388' title='bbox 1027 935 1106 970; x_wconf 83' lang='grc' dir='ltr'>Οἷον,</span> <span class='ocrx_word' id='word_1_389' title='bbox 1126 937 1242 964; x_wconf 76' lang='grc' dir='ltr'>τέκτονα</span> <span class='ocrx_word' id='word_1_390' title='bbox 1264 945 1306 969; x_wconf 82' lang='grc' dir='ltr'><strong>τις</strong></span> <span class='ocrx_word' id='word_1_391' title='bbox 1324 936 1408 963; x_wconf 84' lang='grc' dir='ltr'>εἰπὼν</span> <span class='ocrx_word' id='word_1_392' title='bbox 1422 936 1438 972; x_wconf 86' lang='grc' dir='ltr'>ἢ</span> <span class='ocrx_word' id='word_1_393' title='bbox 1454 935 1573 968; x_wconf 79' lang='grc' dir='ltr'>λιθοξόον</span> <span class='ocrx_word' id='word_1_394' title='bbox 1588 935 1604 969; x_wconf 82' lang='grc' dir='ltr'>ἦ</span> <span class='ocrx_word' id='word_1_395' title='bbox 1619 934 1823 969; x_wconf 80' lang='grc' dir='ltr'>ταχυγράφον,.</span> 
     </span>
    </p>
   </div>
   <div class='ocr_carea' id='block_1_48' title="bbox 1026 978 1819 1017">
    <p class='ocr_par' dir='ltr' id='par_1_48' title="bbox 1026 978 1819 1017">
     <span class='ocr_line' id='line_1_48' title="bbox 1026 978 1819 1017; baseline -0.006 -8"><span class='ocrx_word' id='word_1_396' title='bbox 1026 983 1056 1009; x_wconf 87' lang='grc' dir='ltr'>οὺ</span> <span class='ocrx_word' id='word_1_397' title='bbox 1071 983 1097 1009; x_wconf 90' lang='grc' dir='ltr'><strong>τί</strong></span> <span class='ocrx_word' id='word_1_398' title='bbox 1110 984 1167 1009; x_wconf 78' lang='grc' dir='ltr'>ἐστι</span> <span class='ocrx_word' id='word_1_399' title='bbox 1181 982 1251 1009; x_wconf 72' lang='grc' dir='ltr'>κατὰ</span> <span class='ocrx_word' id='word_1_400' title='bbox 1268 982 1348 1017; x_wconf 81' lang='grc' dir='ltr'>φύσιν</span> <span class='ocrx_word' id='word_1_401' title='bbox 1360 982 1389 1008; x_wconf 66' lang='grc' dir='ltr'><strong>τὺ</strong></span> <span class='ocrx_word' id='word_1_402' title='bbox 1401 981 1600 1016; x_wconf 82' lang='grc' dir='ltr'>σημαινόμενον</span> <span class='ocrx_word' id='word_1_403' title='bbox 1611 979 1743 1015; x_wconf 73' lang='grc' dir='ltr'>ὁρίζεται,</span> <span class='ocrx_word' id='word_1_404' title='bbox 1754 978 1819 1005; x_wconf 73' lang='grc' dir='ltr'>ἀλλ’</span> 
     </span>
    </p>
   </div>
   <div class='ocr_carea' id='block_1_49' title="bbox 1026 1025 1813 1063">
    <p class='ocr_par' dir='ltr' id='par_1_49' title="bbox 1026 1025 1813 1063">
     <span class='ocr_line' id='line_1_49' title="bbox 1026 1025 1813 1063; baseline -0.005 -9"><span class='ocrx_word' id='word_1_405' title='bbox 1026 1026 1081 1054; x_wconf 74' lang='grc' dir='ltr'>οἷον</span> <span class='ocrx_word' id='word_1_406' title='bbox 1098 1027 1154 1063; x_wconf 74' lang='grc' dir='ltr'>ἔχει</span> <span class='ocrx_word' id='word_1_407' title='bbox 1169 1028 1198 1053; x_wconf 86' lang='grc' dir='ltr'>τὸ</span> <span class='ocrx_word' id='word_1_408' title='bbox 1216 1028 1383 1063; x_wconf 80' lang='grc' dir='ltr'>ἐπιτήδευμα</span> <span class='ocrx_word' id='word_1_409' title='bbox 1408 1027 1514 1062; x_wconf 88' lang='grc' dir='ltr'>μηνύει.</span> <span class='ocrx_word' id='word_1_410' title='bbox 1543 1027 1575 1053; x_wconf 78' lang='grc' dir='ltr'><strong>Εἰ</strong></span> <span class='ocrx_word' id='word_1_411' title='bbox 1600 1026 1690 1052; x_wconf 80' lang='grc' dir='ltr'>τοίνυν</span> <span class='ocrx_word' id='word_1_412' title='bbox 1706 1026 1737 1052; x_wconf 85' lang='grc' dir='ltr'>οὐ</span> <span class='ocrx_word' id='word_1_413' title='bbox 1763 1025 1813 1059; x_wconf 77' lang='grc' dir='ltr'>τὴν</span> 
     </span>
    </p>
   </div>
   <div class='ocr_carea' id='block_1_50' title="bbox 1026 1071 1812 1109">
    <p class='ocr_par' dir='ltr' id='par_1_50' title="bbox 1026 1071 1812 1109">
     <span class='ocr_line' id='line_1_50' title="bbox 1026 1071 1812 1109; baseline -0.004 -9"><span class='ocrx_word' id='word_1_414' title='bbox 1026 1074 1120 1100; x_wconf 82' lang='grc' dir='ltr'>οὐσίαν</span> <span class='ocrx_word' id='word_1_415' title='bbox 1134 1073 1181 1100; x_wconf 81' lang='grc' dir='ltr'>τοῦ</span> <span class='ocrx_word' id='word_1_416' title='bbox 1194 1073 1259 1100; x_wconf 85' lang='grc' dir='ltr'>Υιοῦ</span> <span class='ocrx_word' id='word_1_417' title='bbox 1279 1073 1407 1109; x_wconf 81' lang='grc' dir='ltr'>σημαίνει</span> <span class='ocrx_word' id='word_1_418' title='bbox 1421 1072 1549 1107; x_wconf 73' lang='grc' dir='ltr'>τοΰνομα,</span> <span class='ocrx_word' id='word_1_419' title='bbox 1562 1072 1609 1099; x_wconf 79' lang='grc' dir='ltr'>καὶ</span> <span class='ocrx_word' id='word_1_420' title='bbox 1625 1071 1657 1098; x_wconf 72' lang='grc' dir='ltr'><strong>τὸ</strong></span> <span class='ocrx_word' id='word_1_421' title='bbox 1671 1071 1812 1098; x_wconf 78' lang='grc' dir='ltr'>καλεῖσθαι</span> 
     </span>
    </p>
   </div>
   <div class='ocr_carea' id='block_1_51' title="bbox 1027 1114 1817 1153">
    <p class='ocr_par' dir='ltr' id='par_1_51' title="bbox 1027 1114 1817 1153">
     <span class='ocr_line' id='line_1_51' title="bbox 1027 1114 1817 1153; baseline -0.004 -8"><span class='ocrx_word' id='word_1_422' title='bbox 1027 1119 1123 1152; x_wconf 85' lang='grc' dir='ltr'>Λόγον,</span> <span class='ocrx_word' id='word_1_423' title='bbox 1135 1119 1164 1145; x_wconf 71' lang='grc' dir='ltr'>οὐ</span> <span class='ocrx_word' id='word_1_424' title='bbox 1174 1114 1206 1144; x_wconf 67' lang='grc' dir='ltr'><strong>τί</strong></span> <span class='ocrx_word' id='word_1_425' title='bbox 1218 1119 1274 1145; x_wconf 84' lang='grc' dir='ltr'>ἐστι</span> <span class='ocrx_word' id='word_1_426' title='bbox 1287 1119 1356 1145; x_wconf 79' lang='grc' dir='ltr'>κατὰ</span> <span class='ocrx_word' id='word_1_427' title='bbox 1367 1118 1458 1152; x_wconf 77' lang='grc' dir='ltr'>φύσιν,</span> <span class='ocrx_word' id='word_1_428' title='bbox 1474 1118 1637 1153; x_wconf 79' lang='grc' dir='ltr'>παρίστησιν</span> <span class='ocrx_word' id='word_1_429' title='bbox 1646 1117 1736 1147; x_wconf 80' lang='grc' dir='ltr'>αὑτὸν,</span> <span class='ocrx_word' id='word_1_430' title='bbox 1746 1117 1817 1145; x_wconf 69' lang='grc' dir='ltr'>ἀλλὰ.</span> 
     </span>
    </p>
   </div>
   <div class='ocr_carea' id='block_1_52' title="bbox 1027 1163 1812 1201">
    <p class='ocr_par' dir='ltr' id='par_1_52' title="bbox 1027 1163 1812 1201">
     <span class='ocr_line' id='line_1_52' title="bbox 1027 1163 1812 1201; baseline -0.003 -10"><span class='ocrx_word' id='word_1_431' title='bbox 1027 1166 1094 1201; x_wconf 74' lang='grc' dir='ltr'>φέρε</span> <span class='ocrx_word' id='word_1_432' title='bbox 1109 1166 1206 1198; x_wconf 75' lang='grc' dir='ltr'>εἰπεῖν,</span> <span class='ocrx_word' id='word_1_433' title='bbox 1225 1163 1280 1192; x_wconf 76' lang='grc' dir='ltr'>οἷον</span> <span class='ocrx_word' id='word_1_434' title='bbox 1296 1165 1352 1200; x_wconf 79' lang='grc' dir='ltr'>ἕχει</span> <span class='ocrx_word' id='word_1_435' title='bbox 1369 1165 1398 1192; x_wconf 85' lang='grc' dir='ltr'>τὸ</span> <span class='ocrx_word' id='word_1_436' title='bbox 1412 1165 1598 1200; x_wconf 76' lang='grc' dir='ltr'>ἐπιτήδευμα·</span> <span class='ocrx_word' id='word_1_437' title='bbox 1619 1164 1645 1190; x_wconf 88' lang='grc' dir='ltr'><strong>τί</strong></span> <span class='ocrx_word' id='word_1_438' title='bbox 1668 1164 1757 1199; x_wconf 83' lang='grc' dir='ltr'>μάτην</span> <span class='ocrx_word' id='word_1_439' title='bbox 1767 1164 1812 1190; x_wconf 72' lang='grc' dir='ltr'><strong>τὸν</strong></span> 
     </span>
    </p>
   </div>
   <div class='ocr_carea' id='block_1_53' title="bbox 1027 1210 1822 1249">
    <p class='ocr_par' dir='ltr' id='par_1_53' title="bbox 1027 1210 1822 1249">
     <span class='ocr_line' id='line_1_53' title="bbox 1027 1210 1822 1249; baseline -0.005 -9"><span class='ocrx_word' id='word_1_440' title='bbox 1027 1213 1222 1249; x_wconf 75' lang='grc' dir='ltr'>εὐαγγελιστὴν</span> <span class='ocrx_word' id='word_1_441' title='bbox 1246 1213 1439 1248; x_wconf 79' lang='grc' dir='ltr'>θαυμάζομεν;</span> <span class='ocrx_word' id='word_1_442' title='bbox 1461 1212 1519 1244; x_wconf 86' lang='grc' dir='ltr'><strong>πῶς</strong></span> <span class='ocrx_word' id='word_1_443' title='bbox 1536 1212 1564 1238; x_wconf 82' lang='grc' dir='ltr'><strong>δὲ</strong></span> <span class='ocrx_word' id='word_1_444' title='bbox 1579 1212 1626 1238; x_wconf 77' lang='grc' dir='ltr'>καὶ</span> <span class='ocrx_word' id='word_1_445' title='bbox 1640 1211 1740 1246; x_wconf 77' lang='grc' dir='ltr'>ἐκλήθη</span> <span class='ocrx_word' id='word_1_446' title='bbox 1756 1210 1822 1242; x_wconf 75' lang='grc' dir='ltr'>υἱὸς,</span> 
     </span>
    </p>
   </div>
   <div class='ocr_carea' id='block_1_54' title="bbox 1029 1257 1812 1295">
    <p class='ocr_par' dir='ltr' id='par_1_54' title="bbox 1029 1257 1812 1295">
     <span class='ocr_line' id='line_1_54' title="bbox 1029 1257 1812 1295; baseline -0.005 -9"><span class='ocrx_word' id='word_1_447' title='bbox 1029 1260 1152 1295; x_wconf 79' lang='grc' dir='ltr'>βροντῆς,</span> <span class='ocrx_word' id='word_1_448' title='bbox 1163 1260 1200 1291; x_wconf 85' lang='grc' dir='ltr'>ὡς</span> <span class='ocrx_word' id='word_1_449' title='bbox 1216 1260 1287 1294; x_wconf 78' lang='grc' dir='ltr'>μέγα</span> <span class='ocrx_word' id='word_1_450' title='bbox 1298 1268 1323 1285; x_wconf 83' lang='grc' dir='ltr'><strong>τι</strong></span> <span class='ocrx_word' id='word_1_451' title='bbox 1341 1259 1459 1293; x_wconf 78' lang='grc' dir='ltr'>λαλήσας</span> <span class='ocrx_word' id='word_1_452' title='bbox 1480 1259 1525 1285; x_wconf 78' lang='grc' dir='ltr'><strong>καὶ</strong></span> <span class='ocrx_word' id='word_1_453' title='bbox 1542 1258 1709 1293; x_wconf 78' lang='grc' dir='ltr'>ὑπέρογκον·</span> <span class='ocrx_word' id='word_1_454' title='bbox 1724 1257 1812 1284; x_wconf 74' lang='grc' dir='ltr'>καίτοι</span> 
     </span>
    </p>
   </div>
   <div class='ocr_carea' id='block_1_55' title="bbox 1027 1302 1817 1340">
    <p class='ocr_par' dir='ltr' id='par_1_55' title="bbox 1027 1302 1817 1340">
     <span class='ocr_line' id='line_1_55' title="bbox 1027 1302 1817 1340; baseline -0.004 -9"><span class='ocrx_word' id='word_1_455' title='bbox 1027 1305 1134 1336; x_wconf 79' lang='grc' dir='ltr'>πολλοῖς</span> <span class='ocrx_word' id='word_1_456' title='bbox 1149 1305 1276 1340; x_wconf 76' lang='grc' dir='ltr'>ὀνόμασιν</span> <span class='ocrx_word' id='word_1_457' title='bbox 1303 1303 1493 1339; x_wconf 83' lang='grc' dir='ltr'>ἀποκαλούσης</span> <span class='ocrx_word' id='word_1_458' title='bbox 1516 1303 1560 1330; x_wconf 82' lang='grc' dir='ltr'><strong>τὸν</strong></span> <span class='ocrx_word' id='word_1_459' title='bbox 1583 1303 1646 1330; x_wconf 75' lang='grc' dir='ltr'>Υίὸν</span> <span class='ocrx_word' id='word_1_460' title='bbox 1663 1304 1713 1338; x_wconf 83' lang='grc' dir='ltr'>τῆς</span> <span class='ocrx_word' id='word_1_461' title='bbox 1737 1302 1817 1334; x_wconf 85' lang='grc' dir='ltr'>θείας.</span> 
     </span>
    </p>
   </div>
   <div class='ocr_carea' id='block_1_56' title="bbox 1028 1348 1812 1386">
    <p class='ocr_par' dir='ltr' id='par_1_56' title="bbox 1028 1348 1812 1386">
     <span class='ocr_line' id='line_1_56' title="bbox 1028 1348 1812 1386; baseline -0.004 -9"><span class='ocrx_word' id='word_1_462' title='bbox 1028 1351 1154 1386; x_wconf 85' lang='grc' dir='ltr'>Γραφῆς;</span> <span class='ocrx_word' id='word_1_463' title='bbox 1186 1351 1267 1377; x_wconf 76' lang='grc' dir='ltr'>’Λλλὰ</span> <span class='ocrx_word' id='word_1_464' title='bbox 1292 1350 1377 1384; x_wconf 76' lang='grc' dir='ltr'>Λόγον</span> <span class='ocrx_word' id='word_1_465' title='bbox 1395 1349 1513 1385; x_wconf 75' lang='grc' dir='ltr'>εἰρηκὼς</span> <span class='ocrx_word' id='word_1_466' title='bbox 1524 1370 1531 1381; x_wconf 84' lang='grc'><strong>,</strong></span> <span class='ocrx_word' id='word_1_467' title='bbox 1557 1349 1706 1384; x_wconf 78' lang='grc' dir='ltr'>παράδοξόν</span> <span class='ocrx_word' id='word_1_468' title='bbox 1722 1357 1749 1374; x_wconf 79' lang='grc' dir='ltr'><strong>τι</strong></span> <span class='ocrx_word' id='word_1_469' title='bbox 1765 1348 1812 1375; x_wconf 77' lang='grc' dir='ltr'>καὶ</span> 
     </span>
    </p>
   </div>
   <div class='ocr_carea' id='block_1_57' title="bbox 1029 1393 1812 1431">
    <p class='ocr_par' dir='ltr' id='par_1_57' title="bbox 1029 1393 1812 1431">
     <span class='ocr_line' id='line_1_57' title="bbox 1029 1393 1812 1431; baseline -0.004 -9"><span class='ocrx_word' id='word_1_470' title='bbox 1029 1396 1166 1431; x_wconf 74' lang='grc' dir='ltr'>ὑπερφυὲς</span> <span class='ocrx_word' id='word_1_471' title='bbox 1188 1395 1338 1430; x_wconf 67' lang='grc' dir='ltr'>ἐφθέγξατο</span> <span class='ocrx_word' id='word_1_472' title='bbox 1352 1417 1358 1427; x_wconf 82' lang='grc'><strong>,</strong></span> <span class='ocrx_word' id='word_1_473' title='bbox 1388 1395 1434 1422; x_wconf 79' lang='grc' dir='ltr'>καὶ</span> <span class='ocrx_word' id='word_1_474' title='bbox 1462 1395 1538 1421; x_wconf 72' lang='grc' dir='ltr'>οὐδὲν</span> <span class='ocrx_word' id='word_1_475' title='bbox 1561 1394 1652 1429; x_wconf 80' lang='grc' dir='ltr'>ἕτερον</span> <span class='ocrx_word' id='word_1_476' title='bbox 1678 1394 1723 1420; x_wconf 72' lang='grc' dir='ltr'>ἐπὶ</span> <span class='ocrx_word' id='word_1_477' title='bbox 1740 1393 1812 1428; x_wconf 74' lang='grc' dir='ltr'><strong>αὐτῷ</strong></span> 
     </span>
    </p>
   </div>
   <div class='ocr_carea' id='block_1_58' title="bbox 1029 1438 1810 1478">
    <p class='ocr_par' dir='ltr' id='par_1_58' title="bbox 1029 1438 1810 1478">
     <span class='ocr_line' id='line_1_58' title="bbox 1029 1438 1810 1478; baseline -0.003 -10"><span class='ocrx_word' id='word_1_478' title='bbox 1029 1442 1239 1478; x_wconf 73' lang='grc' dir='ltr'>προστέθεικεν,</span> <span class='ocrx_word' id='word_1_479' title='bbox 1259 1438 1314 1467; x_wconf 73' lang='grc' dir='ltr'>οἷον</span> <span class='ocrx_word' id='word_1_480' title='bbox 1339 1441 1386 1468; x_wconf 72' lang='grc' dir='ltr'>ἐπὶ</span> <span class='ocrx_word' id='word_1_481' title='bbox 1405 1440 1451 1467; x_wconf 74' lang='grc' dir='ltr'>τοῦ</span> <span class='ocrx_word' id='word_1_482' title='bbox 1476 1440 1581 1467; x_wconf 75' lang='grc' dir='ltr'>Παύλου</span> <span class='ocrx_word' id='word_1_483' title='bbox 1610 1441 1744 1474; x_wconf 74' lang='grc' dir='ltr'>φαίνεται,</span> <span class='ocrx_word' id='word_1_484' title='bbox 1771 1439 1810 1470; x_wconf 80' lang='grc' dir='ltr'><strong>τὸ,</strong></span> 
     </span>
    </p>
   </div>
   <div class='ocr_carea' id='block_1_59' title="bbox 1032 1483 1812 1525">
    <p class='ocr_par' dir='ltr' id='par_1_59' title="bbox 1032 1483 1812 1525">
     <span class='ocr_line' id='line_1_59' title="bbox 1032 1483 1812 1525; baseline -0.003 -14"><span class='ocrx_word' id='word_1_485' title='bbox 1032 1496 1040 1511; x_wconf 80' lang='grc' dir='ltr'><strong>ι</strong></span> <span class='ocrx_word' id='word_1_486' title='bbox 1061 1486 1165 1516; x_wconf 75' lang='grc' dir='ltr'>Παῦλος</span> <span class='ocrx_word' id='word_1_487' title='bbox 1179 1485 1326 1525; x_wconf 74' lang='grc' dir='ltr'>ἀπόστολος</span> <span class='ocrx_word' id='word_1_488' title='bbox 1338 1493 1344 1499; x_wconf 85' lang='grc'><strong><em>“</em></strong></span> <span class='ocrx_word' id='word_1_489' title='bbox 1364 1495 1373 1511; x_wconf 74' lang='grc' dir='ltr'><strong>ι</strong></span> <span class='ocrx_word' id='word_1_490' title='bbox 1386 1485 1508 1520; x_wconf 77' lang='grc' dir='ltr'>ἠρκέσθη</span> <span class='ocrx_word' id='word_1_491' title='bbox 1526 1485 1553 1510; x_wconf 78' lang='grc' dir='ltr'><strong>δὲ</strong></span> <span class='ocrx_word' id='word_1_492' title='bbox 1566 1485 1604 1519; x_wconf 87' lang='grc' dir='ltr'>τῷ</span> <span class='ocrx_word' id='word_1_493' title='bbox 1621 1485 1717 1514; x_wconf 80' lang='grc' dir='ltr'>εἰπεῖν,</span> <span class='ocrx_word' id='word_1_494' title='bbox 1733 1484 1747 1510; x_wconf 86' lang='grc' dir='ltr'>ὁ</span> <span class='ocrx_word' id='word_1_495' title='bbox 1763 1483 1812 1510; x_wconf 83' lang='grc' dir='ltr'>Λό-</span> 
     </span>
    </p>
   </div>
   <div class='ocr_carea' id='block_1_60' title="bbox 194 1528 977 1565">
    <p class='ocr_par' dir='ltr' id='par_1_60' title="bbox 194 1529 977 1565">
     <span class='ocr_line' id='line_1_60' title="bbox 194 1529 977 1565; baseline 0.003 -10"><span class='ocrx_word' id='word_1_496' title='bbox 194 1532 238 1555; x_wconf 68' lang='lat' dir='ltr'><strong>t-st</strong></span> <span class='ocrx_word' id='word_1_497' title='bbox 265 1529 337 1556; x_wconf 84' lang='lat' dir='ltr'><strong>filius</strong></span> <span class='ocrx_word' id='word_1_498' title='bbox 366 1530 499 1562; x_wconf 88' lang='lat' dir='ltr'><strong>tonitrui,</strong></span> <span class='ocrx_word' id='word_1_499' title='bbox 520 1535 652 1565; x_wconf 88' lang='lat' dir='ltr'><strong>tanquam</strong></span> <span class='ocrx_word' id='word_1_500' title='bbox 675 1539 801 1565; x_wconf 76' lang='lat' dir='ltr'><strong>magnum</strong></span> <span class='ocrx_word' id='word_1_501' title='bbox 824 1531 931 1565; x_wconf 88' lang='lat' dir='ltr'><strong>aliquod</strong></span> <span class='ocrx_word' id='word_1_502' title='bbox 952 1537 977 1558; x_wconf 84' lang='lat' dir='ltr'><strong>et</strong></span> 
     </span>
    </p>
   </div>
   <div class='ocr_carea' id='block_1_61' title="bbox 1031 1528 1819 1565">
    <p class='ocr_par' dir='ltr' id='par_1_61' title="bbox 1031 1528 1819 1565">
     <span class='ocr_line' id='line_1_61' title="bbox 1031 1528 1819 1565; baseline -0.003 -9"><span class='ocrx_word' id='word_1_503' title='bbox 1031 1540 1085 1565; x_wconf 82' lang='grc' dir='ltr'>γος,</span> <span class='ocrx_word' id='word_1_504' title='bbox 1097 1532 1137 1562; x_wconf 84' lang='grc' dir='ltr'><strong>είς</strong></span> <span class='ocrx_word' id='word_1_505' title='bbox 1151 1531 1180 1556; x_wconf 72' lang='grc' dir='ltr'>τὸ</span> <span class='ocrx_word' id='word_1_506' title='bbox 1196 1533 1368 1565; x_wconf 79' lang='grc' dir='ltr'>παραστῆσαι</span> <span class='ocrx_word' id='word_1_507' title='bbox 1390 1529 1436 1557; x_wconf 84' lang='grc' dir='ltr'>τοῦ</span> <span class='ocrx_word' id='word_1_508' title='bbox 1453 1530 1517 1556; x_wconf 75' lang='grc' dir='ltr'>Υἱοῦ</span> <span class='ocrx_word' id='word_1_509' title='bbox 1537 1530 1586 1565; x_wconf 80' lang='grc' dir='ltr'>τὴν</span> <span class='ocrx_word' id='word_1_510' title='bbox 1604 1529 1695 1556; x_wconf 77' lang='grc' dir='ltr'>οὐσίαν</span> <span class='ocrx_word' id='word_1_511' title='bbox 1710 1538 1716 1544; x_wconf 91' lang='grc'><strong>·</strong></span> <span class='ocrx_word' id='word_1_512' title='bbox 1733 1528 1819 1562; x_wconf 69' lang='grc' dir='ltr'>αὐτὸς</span> 
     </span>
    </p>
   </div>
   <div class='ocr_carea' id='block_1_62' title="bbox 194 1574 978 1611">
    <p class='ocr_par' dir='ltr' id='par_1_62' title="bbox 194 1574 978 1611">
     <span class='ocr_line' id='line_1_62' title="bbox 194 1574 978 1611; baseline 0.005 -11"><span class='ocrx_word' id='word_1_513' title='bbox 194 1574 312 1601; x_wconf 81' lang='lat' dir='ltr'><strong>sublime</strong></span> <span class='ocrx_word' id='word_1_514' title='bbox 340 1575 470 1606; x_wconf 86' lang='lat' dir='ltr'><strong>locutus,</strong></span> <span class='ocrx_word' id='word_1_515' title='bbox 498 1576 561 1603; x_wconf 88' lang='lat' dir='ltr'><strong>licet</strong></span> <span class='ocrx_word' id='word_1_516' title='bbox 584 1576 677 1603; x_wconf 88' lang='lat' dir='ltr'><strong>divina</strong></span> <span class='ocrx_word' id='word_1_517' title='bbox 705 1576 848 1611; x_wconf 82' lang='lat' dir='ltr'><strong>Scriptura</strong></span> <span class='ocrx_word' id='word_1_518' title='bbox 883 1577 978 1604; x_wconf 85' lang='lat' dir='ltr'><strong>multis</strong></span> 
     </span>
    </p>
   </div>
   <div class='ocr_carea' id='block_1_63' title="bbox 195 1621 980 1657">
    <p class='ocr_par' dir='ltr' id='par_1_63' title="bbox 195 1621 980 1657">
     <span class='ocr_line' id='line_1_63' title="bbox 195 1621 980 1657; baseline 0.005 -11"><span class='ocrx_word' id='word_1_519' title='bbox 195 1621 353 1648; x_wconf 85' lang='lat' dir='ltr'><strong>nominibus</strong></span> <span class='ocrx_word' id='word_1_520' title='bbox 370 1621 468 1651; x_wconf 71' lang='lat' dir='ltr'><strong>Filium</strong></span> <span class='ocrx_word' id='word_1_521' title='bbox 487 1622 672 1657; x_wconf 71' lang='lat' dir='ltr'><strong>indignante?</strong></span> <span class='ocrx_word' id='word_1_522' title='bbox 689 1623 723 1650; x_wconf 79' lang='lat' dir='ltr'><strong>At</strong></span> <span class='ocrx_word' id='word_1_523' title='bbox 742 1631 805 1650; x_wconf 88' lang='lat' dir='ltr'><strong>cum</strong></span> <span class='ocrx_word' id='word_1_524' title='bbox 825 1623 894 1650; x_wconf 86' lang='lat' dir='ltr'><strong>dixit</strong></span> <span class='ocrx_word' id='word_1_525' title='bbox 912 1623 980 1650; x_wconf 88' lang='lat' dir='ltr'><strong>Ver-</strong></span> 
     </span>
    </p>
   </div>
   <div class='ocr_carea' id='block_1_64' title="bbox 194 1666 979 1703">
    <p class='ocr_par' dir='ltr' id='par_1_64' title="bbox 194 1666 979 1703">
     <span class='ocr_line' id='line_1_64' title="bbox 194 1666 979 1703; baseline 0.003 -11"><span class='ocrx_word' id='word_1_526' title='bbox 194 1666 258 1692; x_wconf 86' lang='lat' dir='ltr'><strong>bum</strong></span> <span class='ocrx_word' id='word_1_527' title='bbox 269 1687 275 1698; x_wconf 98' lang='lat'><strong>,</strong></span> <span class='ocrx_word' id='word_1_528' title='bbox 288 1667 451 1695; x_wconf 81' lang='lat' dir='ltr'><strong>admirabile</strong></span> <span class='ocrx_word' id='word_1_529' title='bbox 462 1668 599 1702; x_wconf 69' lang='lat' dir='ltr'><strong>quoddam</strong></span> <span class='ocrx_word' id='word_1_530' title='bbox 609 1673 636 1695; x_wconf 89' lang='lat' dir='ltr'><strong>et</strong></span> <span class='ocrx_word' id='word_1_531' title='bbox 648 1669 859 1703; x_wconf 87' lang='lat' dir='ltr'><strong>supernaturale</strong></span> <span class='ocrx_word' id='word_1_532' title='bbox 871 1668 979 1695; x_wconf 84' lang='lat' dir='ltr'><strong>loeutus</strong></span> 
     </span>
    </p>
   </div>
   <div class='ocr_carea' id='block_1_65' title="bbox 194 1713 980 1748">
    <p class='ocr_par' dir='ltr' id='par_1_65' title="bbox 194 1713 980 1748">
     <span class='ocr_line' id='line_1_65' title="bbox 194 1713 980 1748; baseline 0.004 -10"><span class='ocrx_word' id='word_1_533' title='bbox 194 1715 252 1744; x_wconf 82' lang='lat' dir='ltr'><strong>est,</strong></span> <span class='ocrx_word' id='word_1_534' title='bbox 274 1713 398 1747; x_wconf 85' lang='lat' dir='ltr'><strong>nihilque</strong></span> <span class='ocrx_word' id='word_1_535' title='bbox 415 1713 489 1740; x_wconf 83' lang='lat' dir='ltr'><strong>aliud</strong></span> <span class='ocrx_word' id='word_1_536' title='bbox 509 1714 534 1741; x_wconf 87' lang='lat' dir='ltr'><strong>ei</strong></span> <span class='ocrx_word' id='word_1_537' title='bbox 558 1713 676 1748; x_wconf 80' lang='lat' dir='ltr'><strong>adjecit,</strong></span> <span class='ocrx_word' id='word_1_538' title='bbox 697 1718 726 1740; x_wconf 92' lang='lat' dir='ltr'><strong>ut</strong></span> <span class='ocrx_word' id='word_1_539' title='bbox 751 1722 864 1741; x_wconf 85' lang='lat' dir='ltr'><strong>eernere</strong></span> <span class='ocrx_word' id='word_1_540' title='bbox 884 1717 928 1741; x_wconf 83' lang='lat' dir='ltr'><strong>est</strong></span> <span class='ocrx_word' id='word_1_541' title='bbox 946 1714 980 1741; x_wconf 87' lang='lat' dir='ltr'><strong>de</strong></span> 
     </span>
    </p>
   </div>
   <div class='ocr_carea' id='block_1_66' title="bbox 194 1757 979 1794">
    <p class='ocr_par' dir='ltr' id='par_1_66' title="bbox 194 1757 979 1794">
     <span class='ocr_line' id='line_1_66' title="bbox 194 1757 979 1794; baseline 0.003 -10"><span class='ocrx_word' id='word_1_542' title='bbox 194 1757 280 1785; x_wconf 84' lang='lat' dir='ltr'><strong>Paulo</strong></span> <span class='ocrx_word' id='word_1_543' title='bbox 292 1778 299 1790; x_wconf 90' lang='lat'><strong>,</strong></span> <span class='ocrx_word' id='word_1_544' title='bbox 319 1759 388 1790; x_wconf 83' lang='lat' dir='ltr'><strong>huc,</strong></span> <span class='ocrx_word' id='word_1_545' title='bbox 404 1768 412 1784; x_wconf 76' lang='grc' dir='ltr'><strong>ι</strong></span> <span class='ocrx_word' id='word_1_546' title='bbox 424 1758 526 1786; x_wconf 85' lang='lat' dir='ltr'><strong>Paulus</strong></span> <span class='ocrx_word' id='word_1_547' title='bbox 543 1761 705 1794; x_wconf 84' lang='lat' dir='ltr'><strong>apostolus:</strong></span> <span class='ocrx_word' id='word_1_548' title='bbox 723 1770 731 1785; x_wconf 77' lang='grc' dir='ltr'><strong>ι</strong></span> <span class='ocrx_word' id='word_1_549' title='bbox 743 1764 889 1787; x_wconf 87' lang='lat' dir='ltr'><strong>contenttts</strong></span> <span class='ocrx_word' id='word_1_550' title='bbox 915 1767 979 1786; x_wconf 82' lang='lat' dir='ltr'><strong>vero</strong></span> 
     </span>
    </p>
   </div>
   <div class='ocr_carea' id='block_1_67' title="bbox 195 1803 979 1836">
    <p class='ocr_par' dir='ltr' id='par_1_67' title="bbox 195 1803 979 1836">
     <span class='ocr_line' id='line_1_67' title="bbox 195 1803 979 1836; baseline 0.001 -6"><span class='ocrx_word' id='word_1_551' title='bbox 195 1803 350 1835; x_wconf 77' lang='lat' dir='ltr'><strong>estdicere,</strong></span> <span class='ocrx_word' id='word_1_552' title='bbox 362 1803 480 1831; x_wconf 88' lang='lat' dir='ltr'><strong>Verbum</strong></span> <span class='ocrx_word' id='word_1_553' title='bbox 492 1824 499 1836; x_wconf 86' lang='lat'><strong>,</strong></span> <span class='ocrx_word' id='word_1_554' title='bbox 514 1805 546 1831; x_wconf 89' lang='lat' dir='ltr'><strong>ad</strong></span> <span class='ocrx_word' id='word_1_555' title='bbox 562 1805 755 1832; x_wconf 83' lang='lat' dir='ltr'><strong>declarandam</strong></span> <span class='ocrx_word' id='word_1_556' title='bbox 772 1804 833 1832; x_wconf 76' lang='lat' dir='ltr'><strong>Filii</strong></span> <span class='ocrx_word' id='word_1_557' title='bbox 848 1805 979 1833; x_wconf 88' lang='lat' dir='ltr'><strong>substan-</strong></span> 
     </span>
    </p>
   </div>
   <div class='ocr_carea' id='block_1_68' title="bbox 195 1848 979 1883">
    <p class='ocr_par' dir='ltr' id='par_1_68' title="bbox 195 1848 979 1883">
     <span class='ocr_line' id='line_1_68' title="bbox 195 1848 979 1883; baseline 0.004 -10"><span class='ocrx_word' id='word_1_558' title='bbox 195 1848 280 1880; x_wconf 82' lang='lat' dir='ltr'><strong>tiam;</strong></span> <span class='ocrx_word' id='word_1_559' title='bbox 294 1849 351 1882; x_wconf 89' lang='lat' dir='ltr'><strong>ipse</strong></span> <span class='ocrx_word' id='word_1_560' title='bbox 367 1849 450 1883; x_wconf 83' lang='lat' dir='ltr'><strong>igitur</strong></span> <span class='ocrx_word' id='word_1_561' title='bbox 462 1853 503 1876; x_wconf 90' lang='lat' dir='ltr'><strong>est</strong></span> <span class='ocrx_word' id='word_1_562' title='bbox 517 1857 611 1876; x_wconf 90' lang='lat' dir='ltr'><strong>verum</strong></span> <span class='ocrx_word' id='word_1_563' title='bbox 625 1849 746 1877; x_wconf 79' lang='lat' dir='ltr'><strong>Verbum</strong></span> <span class='ocrx_word' id='word_1_564' title='bbox 761 1849 851 1877; x_wconf 86' lang='lat' dir='ltr'><strong>Patris</strong></span> <span class='ocrx_word' id='word_1_565' title='bbox 861 1869 870 1881; x_wconf 84' lang='lat'><strong>,</strong></span> <span class='ocrx_word' id='word_1_566' title='bbox 884 1854 913 1877; x_wconf 88' lang='lat' dir='ltr'><strong>et</strong></span> <span class='ocrx_word' id='word_1_567' title='bbox 926 1858 979 1877; x_wconf 90' lang='lat' dir='ltr'><strong>tton</strong></span> 
     </span>
    </p>
   </div>
   <div class='ocr_carea' id='block_1_69' title="bbox 196 1893 981 1934">
    <p class='ocr_par' dir='ltr' id='par_1_69' title="bbox 196 1893 981 1934">
     <span class='ocr_line' id='line_1_69' title="bbox 196 1893 981 1934; baseline 0.004 -14"><span class='ocrx_word' id='word_1_568' title='bbox 196 1893 270 1934; x_wconf 80' lang='lat' dir='ltr'><strong>alius</strong></span> <span class='ocrx_word' id='word_1_569' title='bbox 284 1895 429 1930; x_wconf 85' lang='lat' dir='ltr'><strong>quisquam</strong></span> <span class='ocrx_word' id='word_1_570' title='bbox 444 1900 541 1930; x_wconf 63' lang='lat' dir='ltr'><strong>praeter</strong></span> <span class='ocrx_word' id='word_1_571' title='bbox 555 1896 643 1923; x_wconf 91' lang='lat' dir='ltr'><strong>illum.</strong></span> <span class='ocrx_word' id='word_1_572' title='bbox 655 1896 733 1929; x_wconf 80' lang='lat' dir='ltr'><strong>Quod</strong></span> <span class='ocrx_word' id='word_1_573' title='bbox 748 1896 772 1924; x_wconf 90' lang='lat' dir='ltr'><strong>si</strong></span> <span class='ocrx_word' id='word_1_574' title='bbox 787 1897 821 1924; x_wconf 86' lang='lat' dir='ltr'><strong>ob</strong></span> <span class='ocrx_word' id='word_1_575' title='bbox 835 1896 905 1923; x_wconf 88' lang='lat' dir='ltr'><strong>hanc</strong></span> <span class='ocrx_word' id='word_1_576' title='bbox 916 1903 981 1923; x_wconf 91' lang='lat' dir='ltr'><strong>cau-</strong></span> 
     </span>
    </p>
   </div>
   <div class='ocr_carea' id='block_1_70' title="bbox 197 1941 980 1970">
    <p class='ocr_par' dir='ltr' id='par_1_70' title="bbox 197 1941 980 1970">
     <span class='ocr_line' id='line_1_70' title="bbox 197 1941 980 1970; baseline 0.003 -3"><span class='ocrx_word' id='word_1_577' title='bbox 197 1948 254 1967; x_wconf 86' lang='lat' dir='ltr'><strong>sam</strong></span> <span class='ocrx_word' id='word_1_578' title='bbox 275 1942 468 1968; x_wconf 81' lang='lat' dir='ltr'><strong>existimarunt</strong></span> <span class='ocrx_word' id='word_1_579' title='bbox 489 1942 582 1970; x_wconf 81' lang='lat' dir='ltr'><strong>hostes</strong></span> <span class='ocrx_word' id='word_1_580' title='bbox 601 1943 705 1970; x_wconf 86' lang='lat' dir='ltr'><strong>Christi</strong></span> <span class='ocrx_word' id='word_1_581' title='bbox 727 1950 780 1970; x_wconf 93' lang='lat' dir='ltr'><strong>non</strong></span> <span class='ocrx_word' id='word_1_582' title='bbox 800 1951 861 1970; x_wconf 81' lang='lat' dir='ltr'><strong>esse</strong></span> <span class='ocrx_word' id='word_1_583' title='bbox 881 1941 980 1969; x_wconf 82' lang='lat' dir='ltr'><strong>Filium</strong></span> 
     </span>
    </p>
   </div>
   <div class='ocr_carea' id='block_1_71' title="bbox 196 1986 981 2023">
    <p class='ocr_par' dir='ltr' id='par_1_71' title="bbox 196 1986 981 2023">
     <span class='ocr_line' id='line_1_71' title="bbox 196 1986 981 2023; baseline 0.003 -10"><span class='ocrx_word' id='word_1_584' title='bbox 196 1986 270 2013; x_wconf 83' lang='lat' dir='ltr'><strong>Patri</strong></span> <span class='ocrx_word' id='word_1_585' title='bbox 292 1988 558 2016; x_wconf 88' lang='lat' dir='ltr'><strong>consubstantialem</strong></span> <span class='ocrx_word' id='word_1_586' title='bbox 569 2007 577 2019; x_wconf 84' lang='lat'><strong>,</strong></span> <span class='ocrx_word' id='word_1_587' title='bbox 593 1988 703 2023; x_wconf 86' lang='lat' dir='ltr'><strong>quando</strong></span> <span class='ocrx_word' id='word_1_588' title='bbox 718 1996 809 2023; x_wconf 88' lang='lat' dir='ltr'><strong>neque</strong></span> <span class='ocrx_word' id='word_1_589' title='bbox 822 1987 903 2015; x_wconf 85' lang='lat' dir='ltr'><strong>Pater</strong></span> <span class='ocrx_word' id='word_1_590' title='bbox 916 1988 981 2015; x_wconf 87' lang='lat' dir='ltr'><strong>Ver-</strong></span> 
     </span>
    </p>
   </div>
   <div class='ocr_carea' id='block_1_72' title="bbox 196 2033 981 2068">
    <p class='ocr_par' dir='ltr' id='par_1_72' title="bbox 196 2033 981 2068">
     <span class='ocr_line' id='line_1_72' title="bbox 196 2033 981 2068; baseline 0.003 -9"><span class='ocrx_word' id='word_1_591' title='bbox 196 2033 262 2059; x_wconf 86' lang='lat' dir='ltr'><strong>bum</strong></span> <span class='ocrx_word' id='word_1_592' title='bbox 275 2053 282 2066; x_wconf 85' lang='grc'><strong>,</strong></span> <span class='ocrx_word' id='word_1_593' title='bbox 304 2042 394 2068; x_wconf 82' lang='lat' dir='ltr'><strong>neque</strong></span> <span class='ocrx_word' id='word_1_594' title='bbox 415 2033 534 2061; x_wconf 84' lang='lat' dir='ltr'><strong>Verbum</strong></span> <span class='ocrx_word' id='word_1_595' title='bbox 557 2034 637 2061; x_wconf 88' lang='lat' dir='ltr'><strong>Pater</strong></span> <span class='ocrx_word' id='word_1_596' title='bbox 650 2055 657 2066; x_wconf 88' lang='lat'><strong>,</strong></span> <span class='ocrx_word' id='word_1_597' title='bbox 675 2039 703 2061; x_wconf 88' lang='lat' dir='ltr'><strong>et</strong></span> <span class='ocrx_word' id='word_1_598' title='bbox 720 2035 854 2061; x_wconf 87' lang='lat' dir='ltr'><strong>unitatettt</strong></span> <span class='ocrx_word' id='word_1_599' title='bbox 874 2038 981 2061; x_wconf 75' lang='lat' dir='ltr'><strong>natura:</strong></span> 
     </span>
    </p>
   </div>
   <div class='ocr_carea' id='block_1_73' title="bbox 195 2078 980 2114">
    <p class='ocr_par' dir='ltr' id='par_1_73' title="bbox 195 2078 980 2114">
     <span class='ocr_line' id='line_1_73' title="bbox 195 2078 980 2114; baseline 0.003 -9"><span class='ocrx_word' id='word_1_600' title='bbox 195 2078 276 2114; x_wconf 73' lang='lat'><strong>673</strong></span> <span class='ocrx_word' id='word_1_601' title='bbox 295 2079 448 2107; x_wconf 72' lang='lat' dir='ltr'><strong>differentia</strong></span> <span class='ocrx_word' id='word_1_602' title='bbox 465 2081 605 2107; x_wconf 91' lang='lat' dir='ltr'><strong>nominum</strong></span> <span class='ocrx_word' id='word_1_603' title='bbox 623 2080 710 2108; x_wconf 88' lang='lat' dir='ltr'><strong>scindi</strong></span> <span class='ocrx_word' id='word_1_604' title='bbox 727 2081 923 2114; x_wconf 82' lang='lat' dir='ltr'><strong>crediderunt,</strong></span> <span class='ocrx_word' id='word_1_605' title='bbox 938 2080 980 2107; x_wconf 89' lang='lat' dir='ltr'><strong>di-</strong></span> 
     </span>
    </p>
   </div>
   <div class='ocr_carea' id='block_1_74' title="bbox 197 2125 981 2161">
    <p class='ocr_par' dir='ltr' id='par_1_74' title="bbox 197 2125 981 2161">
     <span class='ocr_line' id='line_1_74' title="bbox 197 2125 981 2161; baseline 0.001 -11"><span class='ocrx_word' id='word_1_606' title='bbox 197 2128 260 2150; x_wconf 86' lang='lat' dir='ltr'><strong>cant</strong></span> <span class='ocrx_word' id='word_1_607' title='bbox 275 2125 355 2152; x_wconf 80' lang='lat' dir='ltr'><strong>nobis</strong></span> <span class='ocrx_word' id='word_1_608' title='bbox 369 2126 508 2159; x_wconf 89' lang='lat' dir='ltr'><strong>quomodo</strong></span> <span class='ocrx_word' id='word_1_609' title='bbox 523 2127 682 2161; x_wconf 80' lang='lat' dir='ltr'><strong>progenitor</strong></span> <span class='ocrx_word' id='word_1_610' title='bbox 696 2127 781 2154; x_wconf 84' lang='lat' dir='ltr'><strong>Adam</strong></span> <span class='ocrx_word' id='word_1_611' title='bbox 798 2127 981 2154; x_wconf 85' lang='lat' dir='ltr'><strong>consubstan-</strong></span> 
     </span>
    </p>
   </div>
   <div class='ocr_carea' id='block_1_75' title="bbox 197 2169 981 2205">
    <p class='ocr_par' dir='ltr' id='par_1_75' title="bbox 197 2169 981 2205">
     <span class='ocr_line' id='line_1_75' title="bbox 197 2169 981 2205; baseline 0.004 -11"><span class='ocrx_word' id='word_1_612' title='bbox 197 2169 270 2196; x_wconf 87' lang='lat' dir='ltr'><strong>tialis</strong></span> <span class='ocrx_word' id='word_1_613' title='bbox 286 2170 338 2196; x_wconf 91' lang='lat' dir='ltr'><strong>erit</strong></span> <span class='ocrx_word' id='word_1_614' title='bbox 359 2177 373 2195; x_wconf 86' lang='lat' dir='ltr'><strong>a</strong></span> <span class='ocrx_word' id='word_1_615' title='bbox 392 2178 421 2198; x_wconf 89' lang='lat' dir='ltr'><strong>se</strong></span> <span class='ocrx_word' id='word_1_616' title='bbox 443 2171 554 2205; x_wconf 81' lang='lat' dir='ltr'><strong>genito,</strong></span> <span class='ocrx_word' id='word_1_617' title='bbox 579 2179 640 2198; x_wconf 89' lang='lat' dir='ltr'><strong>cuttt</strong></span> <span class='ocrx_word' id='word_1_618' title='bbox 669 2179 719 2198; x_wconf 87' lang='lat' dir='ltr'><strong>nec</strong></span> <span class='ocrx_word' id='word_1_619' title='bbox 743 2172 801 2205; x_wconf 84' lang='lat' dir='ltr'><strong>ipse</strong></span> <span class='ocrx_word' id='word_1_620' title='bbox 826 2170 893 2198; x_wconf 89' lang='lat' dir='ltr'><strong>Abel</strong></span> <span class='ocrx_word' id='word_1_621' title='bbox 917 2177 981 2198; x_wconf 87' lang='lat' dir='ltr'><strong>esse</strong></span> 
     </span>
    </p>
   </div>
   <div class='ocr_carea' id='block_1_76' title="bbox 1029 1574 1813 1611">
    <p class='ocr_par' dir='ltr' id='par_1_76' title="bbox 1029 1574 1813 1611">
     <span class='ocr_line' id='line_1_76' title="bbox 1029 1574 1813 1611; baseline -0.004 -8"><span class='ocrx_word' id='word_1_622' title='bbox 1029 1578 1083 1611; x_wconf 73' lang='grc' dir='ltr'>ἆρα</span> <span class='ocrx_word' id='word_1_623' title='bbox 1093 1576 1166 1602; x_wconf 78' lang='grc' dir='ltr'>ἐστὶν</span> <span class='ocrx_word' id='word_1_624' title='bbox 1180 1578 1193 1603; x_wconf 85' lang='grc' dir='ltr'>ὁ</span> <span class='ocrx_word' id='word_1_625' title='bbox 1207 1576 1332 1611; x_wconf 74' lang='grc' dir='ltr'>ἀληθινὸς</span> <span class='ocrx_word' id='word_1_626' title='bbox 1343 1576 1428 1610; x_wconf 85' lang='grc' dir='ltr'>Λόγος</span> <span class='ocrx_word' id='word_1_627' title='bbox 1442 1576 1489 1602; x_wconf 82' lang='grc' dir='ltr'>τοῦ</span> <span class='ocrx_word' id='word_1_628' title='bbox 1501 1575 1617 1611; x_wconf 51' lang='grc' dir='ltr'>Πατρὶς,</span> <span class='ocrx_word' id='word_1_629' title='bbox 1634 1575 1680 1601; x_wconf 78' lang='grc' dir='ltr'>καὶ</span> <span class='ocrx_word' id='word_1_630' title='bbox 1693 1575 1741 1610; x_wconf 70' lang='grc' dir='ltr'><strong>οὐχ</strong></span> <span class='ocrx_word' id='word_1_631' title='bbox 1756 1574 1813 1600; x_wconf 73' lang='grc' dir='ltr'>ἐτε-</span> 
     </span>
    </p>
   </div>
   <div class='ocr_carea' id='block_1_77' title="bbox 1030 1619 1813 1657">
    <p class='ocr_par' dir='ltr' id='par_1_77' title="bbox 1030 1619 1813 1657">
     <span class='ocr_line' id='line_1_77' title="bbox 1030 1619 1813 1657; baseline -0.003 -10"><span class='ocrx_word' id='word_1_632' title='bbox 1030 1622 1074 1657; x_wconf 72' lang='grc' dir='ltr'>ρό;</span> <span class='ocrx_word' id='word_1_633' title='bbox 1084 1630 1126 1652; x_wconf 83' lang='grc' dir='ltr'><strong>τις</strong></span> <span class='ocrx_word' id='word_1_634' title='bbox 1143 1621 1207 1656; x_wconf 84' lang='grc' dir='ltr'>παρ’</span> <span class='ocrx_word' id='word_1_635' title='bbox 1220 1621 1333 1647; x_wconf 85' lang='grc' dir='ltr'>ἐκεῖνον.</span> <span class='ocrx_word' id='word_1_636' title='bbox 1351 1622 1382 1648; x_wconf 79' lang='lat' dir='ltr'><strong>Ei</strong></span> <span class='ocrx_word' id='word_1_637' title='bbox 1395 1622 1423 1648; x_wconf 78' lang='grc' dir='ltr'><strong>δὲ</strong></span> <span class='ocrx_word' id='word_1_638' title='bbox 1440 1621 1483 1648; x_wconf 73' lang='grc' dir='ltr'><strong>διὰ</strong></span> <span class='ocrx_word' id='word_1_639' title='bbox 1497 1621 1598 1656; x_wconf 80' lang='grc' dir='ltr'>ταύτην</span> <span class='ocrx_word' id='word_1_640' title='bbox 1618 1620 1753 1647; x_wconf 77' lang='grc' dir='ltr'>ὑπέλαϐον</span> <span class='ocrx_word' id='word_1_641' title='bbox 1765 1619 1813 1654; x_wconf 84' lang='grc' dir='ltr'>τὴν</span> 
     </span>
    </p>
   </div>
   <div class='ocr_carea' id='block_1_78' title="bbox 1029 1665 1813 1702">
    <p class='ocr_par' dir='ltr' id='par_1_78' title="bbox 1029 1665 1813 1702">
     <span class='ocr_line' id='line_1_78' title="bbox 1029 1665 1813 1702; baseline -0.003 -9"><span class='ocrx_word' id='word_1_642' title='bbox 1029 1666 1118 1693; x_wconf 83' lang='grc' dir='ltr'>αίτίαν</span> <span class='ocrx_word' id='word_1_643' title='bbox 1133 1667 1157 1692; x_wconf 74' lang='grc' dir='ltr'>οἱ</span> <span class='ocrx_word' id='word_1_644' title='bbox 1177 1667 1367 1701; x_wconf 78' lang='grc' dir='ltr'>χριστομάχοι,</span> <span class='ocrx_word' id='word_1_645' title='bbox 1397 1667 1434 1702; x_wconf 77' lang='grc' dir='ltr'>μὴ</span> <span class='ocrx_word' id='word_1_646' title='bbox 1449 1665 1518 1693; x_wconf 73' lang='grc' dir='ltr'>εἶναι</span> <span class='ocrx_word' id='word_1_647' title='bbox 1534 1666 1581 1692; x_wconf 76' lang='grc' dir='ltr'>τὸν</span> <span class='ocrx_word' id='word_1_648' title='bbox 1596 1666 1658 1691; x_wconf 76' lang='grc' dir='ltr'>Υἱὺν</span> <span class='ocrx_word' id='word_1_649' title='bbox 1673 1665 1813 1700; x_wconf 81' lang='grc' dir='ltr'>όμοούσιον</span> 
     </span>
    </p>
   </div>
   <div class='ocr_carea' id='block_1_79' title="bbox 1029 1711 1815 1748">
    <p class='ocr_par' dir='ltr' id='par_1_79' title="bbox 1029 1711 1815 1748">
     <span class='ocr_line' id='line_1_79' title="bbox 1029 1711 1815 1748; baseline -0.001 -10"><span class='ocrx_word' id='word_1_650' title='bbox 1029 1712 1068 1747; x_wconf 78' lang='grc' dir='ltr'>τῷ</span> <span class='ocrx_word' id='word_1_651' title='bbox 1083 1711 1179 1746; x_wconf 77' lang='grc' dir='ltr'>Πατρὶ,</span> <span class='ocrx_word' id='word_1_652' title='bbox 1195 1712 1254 1737; x_wconf 69' lang='grc' dir='ltr'>ἐπεὶ</span> <span class='ocrx_word' id='word_1_653' title='bbox 1270 1713 1338 1746; x_wconf 77' lang='grc' dir='ltr'>μήτε</span> <span class='ocrx_word' id='word_1_654' title='bbox 1355 1713 1368 1738; x_wconf 85' lang='grc' dir='ltr'>ὁ</span> <span class='ocrx_word' id='word_1_655' title='bbox 1386 1712 1491 1748; x_wconf 80' lang='grc' dir='ltr'>Πατὴρ,</span> <span class='ocrx_word' id='word_1_656' title='bbox 1506 1712 1602 1746; x_wconf 83' lang='grc' dir='ltr'>Λόγος.</span> <span class='ocrx_word' id='word_1_657' title='bbox 1617 1712 1684 1747; x_wconf 79' lang='grc' dir='ltr'>μήτε</span> <span class='ocrx_word' id='word_1_658' title='bbox 1698 1712 1712 1738; x_wconf 81' lang='grc' dir='ltr'><strong>ὁ</strong></span> <span class='ocrx_word' id='word_1_659' title='bbox 1729 1711 1815 1745; x_wconf 85' lang='grc' dir='ltr'>Λόγος</span> 
     </span>
    </p>
   </div>
   <div class='ocr_carea' id='block_1_80' title="bbox 1030 1757 1818 1794">
    <p class='ocr_par' dir='ltr' id='par_1_80' title="bbox 1030 1757 1818 1794">
     <span class='ocr_line' id='line_1_80' title="bbox 1030 1757 1818 1794; baseline -0.004 -9"><span class='ocrx_word' id='word_1_660' title='bbox 1030 1759 1142 1794; x_wconf 80' lang='grc' dir='ltr'>Πατήρ’</span> <span class='ocrx_word' id='word_1_661' title='bbox 1169 1760 1214 1785; x_wconf 68' lang='grc' dir='ltr'><strong>κα)¹</strong></span> <span class='ocrx_word' id='word_1_662' title='bbox 1235 1759 1283 1793; x_wconf 78' lang='grc' dir='ltr'>τὴν</span> <span class='ocrx_word' id='word_1_663' title='bbox 1311 1759 1424 1793; x_wconf 81' lang='grc' dir='ltr'>ἑνότητα</span> <span class='ocrx_word' id='word_1_664' title='bbox 1439 1759 1487 1793; x_wconf 83' lang='grc' dir='ltr'>τῆς</span> <span class='ocrx_word' id='word_1_665' title='bbox 1508 1758 1625 1792; x_wconf 75' lang='grc' dir='ltr'>φύσεως,</span> <span class='ocrx_word' id='word_1_666' title='bbox 1639 1758 1678 1792; x_wconf 83' lang='grc' dir='ltr'>τῷ</span> <span class='ocrx_word' id='word_1_667' title='bbox 1695 1757 1818 1793; x_wconf 74' lang='grc' dir='ltr'>διαφόρῳ</span> 
     </span>
    </p>
   </div>
   <div class='ocr_carea' id='block_1_81' title="bbox 1029 1803 1814 1839">
    <p class='ocr_par' dir='ltr' id='par_1_81' title="bbox 1029 1803 1814 1839">
     <span class='ocr_line' id='line_1_81' title="bbox 1029 1803 1814 1839; baseline 0 -9"><span class='ocrx_word' id='word_1_668' title='bbox 1029 1803 1083 1830; x_wconf 84' lang='grc' dir='ltr'><strong>τῶν</strong></span> <span class='ocrx_word' id='word_1_669' title='bbox 1096 1805 1236 1839; x_wconf 82' lang='grc' dir='ltr'>ὀνομάτων</span> <span class='ocrx_word' id='word_1_670' title='bbox 1249 1803 1439 1839; x_wconf 75' lang='grc' dir='ltr'>διατέμνεσθαι</span> <span class='ocrx_word' id='word_1_671' title='bbox 1458 1804 1673 1830; x_wconf 82' lang='grc' dir='ltr'>πεπιστεύκασι·</span> <span class='ocrx_word' id='word_1_672' title='bbox 1698 1804 1814 1838; x_wconf 82' lang='grc' dir='ltr'>λεγέτω-</span> 
     </span>
    </p>
   </div>
   <div class='ocr_carea' id='block_1_82' title="bbox 1032 1850 1814 1885">
    <p class='ocr_par' dir='ltr' id='par_1_82' title="bbox 1032 1850 1814 1885">
     <span class='ocr_line' id='line_1_82' title="bbox 1032 1850 1814 1885; baseline 0.003 -11"><span class='ocrx_word' id='word_1_673' title='bbox 1032 1857 1081 1876; x_wconf 86' lang='grc' dir='ltr'><strong>σαν</strong></span> <span class='ocrx_word' id='word_1_674' title='bbox 1095 1851 1171 1884; x_wconf 85' lang='grc' dir='ltr'>ἡμίν,</span> <span class='ocrx_word' id='word_1_675' title='bbox 1192 1850 1251 1881; x_wconf 86' lang='grc' dir='ltr'><strong>πῶς</strong></span> <span class='ocrx_word' id='word_1_676' title='bbox 1264 1851 1278 1876; x_wconf 84' lang='grc' dir='ltr'><em>ὸ</em></span> <span class='ocrx_word' id='word_1_677' title='bbox 1302 1850 1451 1885; x_wconf 79' lang='grc' dir='ltr'>προπάτωρ</span> <span class='ocrx_word' id='word_1_678' title='bbox 1474 1850 1560 1885; x_wconf 85' lang='grc' dir='ltr'>Ἀδὰμ</span> <span class='ocrx_word' id='word_1_679' title='bbox 1580 1851 1719 1885; x_wconf 79' lang='grc' dir='ltr'>όμοούσιος</span> <span class='ocrx_word' id='word_1_680' title='bbox 1739 1850 1814 1877; x_wconf 77' lang='grc' dir='ltr'>ἔσται</span> 
     </span>
    </p>
   </div>
   <div class='ocr_carea' id='block_1_83' title="bbox 1031 1894 1813 1930">
    <p class='ocr_par' dir='ltr' id='par_1_83' title="bbox 1031 1894 1813 1930">
     <span class='ocr_line' id='line_1_83' title="bbox 1031 1894 1813 1930; baseline 0.004 -10"><span class='ocrx_word' id='word_1_681' title='bbox 1031 1894 1098 1929; x_wconf 77' lang='grc' dir='ltr'>πρὸς</span> <span class='ocrx_word' id='word_1_682' title='bbox 1118 1895 1161 1922; x_wconf 76' lang='grc' dir='ltr'>τὸν</span> <span class='ocrx_word' id='word_1_683' title='bbox 1178 1895 1206 1928; x_wconf 81' lang='grc' dir='ltr'>ἐξ</span> <span class='ocrx_word' id='word_1_684' title='bbox 1217 1896 1298 1922; x_wconf 79' lang='grc' dir='ltr'>αὑτοῦ</span> <span class='ocrx_word' id='word_1_685' title='bbox 1315 1897 1456 1930; x_wconf 82' lang='grc' dir='ltr'>γεγονότα,</span> <span class='ocrx_word' id='word_1_686' title='bbox 1470 1896 1532 1923; x_wconf 75' lang='grc' dir='ltr'>οὔτε</span> <span class='ocrx_word' id='word_1_687' title='bbox 1553 1897 1635 1928; x_wconf 83' lang='grc' dir='ltr'>αὐτὸς</span> <span class='ocrx_word' id='word_1_688' title='bbox 1651 1896 1733 1923; x_wconf 76' lang='grc' dir='ltr'>Ἅϐελ</span> <span class='ocrx_word' id='word_1_689' title='bbox 1747 1894 1813 1923; x_wconf 79' lang='grc' dir='ltr'>εἶναι</span> 
     </span>
    </p>
   </div>
   <div class='ocr_carea' id='block_1_84' title="bbox 1030 1939 1813 1977">
    <p class='ocr_par' dir='ltr' id='par_1_84' title="bbox 1030 1939 1813 1977">
     <span class='ocr_line' id='line_1_84' title="bbox 1030 1939 1813 1977; baseline 0.004 -11"><span class='ocrx_word' id='word_1_690' title='bbox 1030 1939 1188 1975; x_wconf 78' lang='grc' dir='ltr'>δυνάμενος,</span> <span class='ocrx_word' id='word_1_691' title='bbox 1197 1940 1258 1967; x_wconf 77' lang='grc' dir='ltr'>οὔτε</span> <span class='ocrx_word' id='word_1_692' title='bbox 1274 1941 1327 1976; x_wconf 81' lang='grc' dir='ltr'>μὴν</span> <span class='ocrx_word' id='word_1_693' title='bbox 1338 1941 1384 1967; x_wconf 78' lang='grc' dir='ltr'>τοῦ</span> <span class='ocrx_word' id='word_1_694' title='bbox 1401 1941 1484 1968; x_wconf 72' lang='grc' dir='ltr'>Ἅϐελ</span> <span class='ocrx_word' id='word_1_695' title='bbox 1500 1943 1629 1977; x_wconf 77' lang='grc' dir='ltr'>ἐσομένου</span> <span class='ocrx_word' id='word_1_696' title='bbox 1642 1942 1813 1977; x_wconf 78' lang='grc' dir='ltr'>ποτέἈδάμ;</span> 
     </span>
    </p>
   </div>
   <div class='ocr_carea' id='block_1_85' title="bbox 1031 1986 1815 2023">
    <p class='ocr_par' dir='ltr' id='par_1_85' title="bbox 1031 1986 1815 2023">
     <span class='ocr_line' id='line_1_85' title="bbox 1031 1986 1815 2023; baseline 0.003 -11"><span class='ocrx_word' id='word_1_697' title='bbox 1031 1986 1088 2012; x_wconf 84' lang='grc' dir='ltr'>ἀλλ’</span> <span class='ocrx_word' id='word_1_698' title='bbox 1104 1986 1152 2013; x_wconf 81' lang='grc' dir='ltr'>οὐκ</span> <span class='ocrx_word' id='word_1_699' title='bbox 1169 1986 1278 2013; x_wconf 77' lang='grc' dir='ltr'>ἐκϐαλεῖ</span> <span class='ocrx_word' id='word_1_700' title='bbox 1298 1987 1346 2022; x_wconf 84' lang='grc' dir='ltr'>τῆς</span> <span class='ocrx_word' id='word_1_701' title='bbox 1367 1987 1459 2019; x_wconf 75' lang='grc' dir='ltr'>οὐσίας</span> <span class='ocrx_word' id='word_1_702' title='bbox 1484 1988 1533 2023; x_wconf 77' lang='grc' dir='ltr'>τὴν</span> <span class='ocrx_word' id='word_1_703' title='bbox 1553 1988 1705 2023; x_wconf 80' lang='grc' dir='ltr'>ταυτότητα</span> <span class='ocrx_word' id='word_1_704' title='bbox 1727 1989 1743 2023; x_wconf 85' lang='grc' dir='ltr'><strong>ἠ</strong></span> <span class='ocrx_word' id='word_1_705' title='bbox 1762 1988 1815 2014; x_wconf 87' lang='grc' dir='ltr'><strong>τῶν</strong></span> 
     </span>
    </p>
   </div>
   <div class='ocr_carea' id='block_1_86' title="bbox 1031 2031 1814 2069">
    <p class='ocr_par' dir='ltr' id='par_1_86' title="bbox 1031 2031 1814 2069">
     <span class='ocr_line' id='line_1_86' title="bbox 1031 2031 1814 2069; baseline 0.003 -11"><span class='ocrx_word' id='word_1_706' title='bbox 1031 2031 1169 2066; x_wconf 77' lang='grc' dir='ltr'>ὀνομάτων</span> <span class='ocrx_word' id='word_1_707' title='bbox 1181 2033 1306 2068; x_wconf 70' lang='grc' dir='ltr'>διαφορά.</span> <span class='ocrx_word' id='word_1_708' title='bbox 1328 2033 1358 2059; x_wconf 73' lang='lat' dir='ltr'><strong>Et</strong></span> <span class='ocrx_word' id='word_1_709' title='bbox 1372 2033 1398 2059; x_wconf 73' lang='grc' dir='ltr'><strong>δὲ</strong></span> <span class='ocrx_word' id='word_1_710' title='bbox 1412 2033 1490 2060; x_wconf 79' lang='grc' dir='ltr'>τοῦτο</span> <span class='ocrx_word' id='word_1_711' title='bbox 1505 2035 1551 2060; x_wconf 75' lang='grc' dir='ltr'>ἐπὶ</span> <span class='ocrx_word' id='word_1_712' title='bbox 1567 2034 1683 2069; x_wconf 77' lang='grc' dir='ltr'>γενητῆς</span> <span class='ocrx_word' id='word_1_713' title='bbox 1698 2035 1744 2061; x_wconf 71' lang='grc' dir='ltr'>καὶ</span> <span class='ocrx_word' id='word_1_714' title='bbox 1757 2043 1814 2061; x_wconf 85' lang='grc' dir='ltr'>κτι-</span> 
     </span>
    </p>
   </div>
   <div class='ocr_carea' id='block_1_87' title="bbox 1033 2078 1815 2115">
    <p class='ocr_par' dir='ltr' id='par_1_87' title="bbox 1033 2078 1815 2115">
     <span class='ocr_line' id='line_1_87' title="bbox 1033 2078 1815 2115; baseline 0.003 -11"><span class='ocrx_word' id='word_1_715' title='bbox 1033 2078 1097 2112; x_wconf 83' lang='grc' dir='ltr'>στῆς</span> <span class='ocrx_word' id='word_1_716' title='bbox 1115 2078 1231 2112; x_wconf 78' lang='grc' dir='ltr'>φύσεως,</span> <span class='ocrx_word' id='word_1_717' title='bbox 1249 2078 1308 2110; x_wconf 85' lang='grc' dir='ltr'><strong>πῶς</strong></span> <span class='ocrx_word' id='word_1_718' title='bbox 1318 2079 1368 2105; x_wconf 79' lang='grc' dir='ltr'>οὐκ</span> <span class='ocrx_word' id='word_1_719' title='bbox 1386 2080 1482 2111; x_wconf 75' lang='grc' dir='ltr'>ἀσεϐὲς</span> <span class='ocrx_word' id='word_1_720' title='bbox 1498 2080 1545 2106; x_wconf 75' lang='grc' dir='ltr'>ἐπὶ</span> <span class='ocrx_word' id='word_1_721' title='bbox 1559 2080 1608 2115; x_wconf 83' lang='grc' dir='ltr'>τῆς</span> <span class='ocrx_word' id='word_1_722' title='bbox 1622 2081 1752 2115; x_wconf 77' lang='grc' dir='ltr'>ἀγενήτου</span> <span class='ocrx_word' id='word_1_723' title='bbox 1766 2080 1815 2114; x_wconf 78' lang='grc' dir='ltr'><strong>φύ-</strong></span> 
     </span>
    </p>
   </div>
   <div class='ocr_carea' id='block_1_88' title="bbox 1033 2124 1814 2161">
    <p class='ocr_par' dir='ltr' id='par_1_88' title="bbox 1033 2124 1814 2161">
     <span class='ocr_line' id='line_1_88' title="bbox 1033 2124 1814 2161; baseline 0.003 -12"><span class='ocrx_word' id='word_1_724' title='bbox 1033 2132 1101 2155; x_wconf 81' lang='grc' dir='ltr'>σεως</span> <span class='ocrx_word' id='word_1_725' title='bbox 1112 2124 1199 2150; x_wconf 80' lang='grc' dir='ltr'>ἐκεῖνο</span> <span class='ocrx_word' id='word_1_726' title='bbox 1208 2124 1329 2158; x_wconf 77' lang='grc' dir='ltr'>δοξάζειν</span> <span class='ocrx_word' id='word_1_727' title='bbox 1343 2125 1431 2152; x_wconf 81' lang='grc' dir='ltr'>πάντα</span> <span class='ocrx_word' id='word_1_728' title='bbox 1440 2126 1640 2161; x_wconf 79' lang='grc' dir='ltr'>ὑπερκειμένης</span> <span class='ocrx_word' id='word_1_729' title='bbox 1647 2125 1684 2152; x_wconf 81' lang='grc' dir='ltr'><strong>τὰ</strong></span> <span class='ocrx_word' id='word_1_730' title='bbox 1699 2126 1814 2161; x_wconf 83' lang='grc' dir='ltr'>γενητά;</span> 
     </span>
    </p>
   </div>
   <div class='ocr_carea' id='block_1_89' title="bbox 1032 2167 1816 2207">
    <p class='ocr_par' dir='ltr' id='par_1_89' title="bbox 1032 2167 1816 2207">
     <span class='ocr_line' id='line_1_89' title="bbox 1032 2167 1816 2207; baseline 0.003 -11"><span class='ocrx_word' id='word_1_731' title='bbox 1032 2170 1069 2201; x_wconf 84' lang='grc' dir='ltr'><strong>ὡς</strong></span> <span class='ocrx_word' id='word_1_732' title='bbox 1083 2167 1129 2196; x_wconf 86' lang='grc' dir='ltr'>οὖν</span> <span class='ocrx_word' id='word_1_733' title='bbox 1147 2171 1225 2206; x_wconf 82' lang='grc' dir='ltr'>εῑπερ</span> <span class='ocrx_word' id='word_1_734' title='bbox 1238 2169 1271 2206; x_wconf 82' lang='grc' dir='ltr'>ἦν</span> <span class='ocrx_word' id='word_1_735' title='bbox 1285 2172 1449 2207; x_wconf 80' lang='grc' dir='ltr'>ἐτεροὺσιος,</span> <span class='ocrx_word' id='word_1_736' title='bbox 1463 2172 1513 2198; x_wconf 75' lang='grc' dir='ltr'>οὐκ</span> <span class='ocrx_word' id='word_1_737' title='bbox 1525 2171 1558 2198; x_wconf 83' lang='grc' dir='ltr'>ἂν</span> <span class='ocrx_word' id='word_1_738' title='bbox 1568 2169 1601 2206; x_wconf 81' lang='grc' dir='ltr'>ἦν</span> <span class='ocrx_word' id='word_1_739' title='bbox 1621 2172 1708 2206; x_wconf 87' lang='grc' dir='ltr'>Λόγος</span> <span class='ocrx_word' id='word_1_740' title='bbox 1725 2171 1816 2206; x_wconf 84' lang='grc' dir='ltr'>ἀληθι-</span> 
     </span>
    </p>
   </div>
   <div class='ocr_carea' id='block_1_90' title="bbox 198 2207 977 2253">
    <p class='ocr_par' dir='ltr' id='par_1_90' title="bbox 198 2214 977 2251">
     <span class='ocr_line' id='line_1_90' title="bbox 198 2214 977 2251; baseline 0.005 -13"><span class='ocrx_word' id='word_1_741' title='bbox 198 2214 300 2248; x_wconf 82' lang='lat' dir='ltr'><strong>possit,</strong></span> <span class='ocrx_word' id='word_1_742' title='bbox 329 2223 417 2249; x_wconf 88' lang='lat' dir='ltr'><strong>neque</strong></span> <span class='ocrx_word' id='word_1_743' title='bbox 448 2216 556 2244; x_wconf 87' lang='lat' dir='ltr'><strong>futurus</strong></span> <span class='ocrx_word' id='word_1_744' title='bbox 586 2217 622 2243; x_wconf 90' lang='lat' dir='ltr'><strong>sit</strong></span> <span class='ocrx_word' id='word_1_745' title='bbox 649 2224 769 2251; x_wconf 88' lang='lat' dir='ltr'><strong>unquam</strong></span> <span class='ocrx_word' id='word_1_746' title='bbox 796 2216 904 2243; x_wconf 81' lang='lat' dir='ltr'><strong>Adam:</strong></span> <span class='ocrx_word' id='word_1_747' title='bbox 932 2215 977 2243; x_wconf 89' lang='lat' dir='ltr'><strong>sed</strong></span> 
     </span>
    </p>
   </div>
   <div class='ocr_carea' id='block_1_91' title="bbox 1031 2207 1816 2253">
    <p class='ocr_par' dir='ltr' id='par_1_91' title="bbox 1033 2215 1816 2253">
     <span class='ocr_line' id='line_1_91' title="bbox 1033 2215 1816 2253; baseline 0.003 -11"><span class='ocrx_word' id='word_1_748' title='bbox 1033 2216 1087 2248; x_wconf 84' lang='grc' dir='ltr'>νὸς,</span> <span class='ocrx_word' id='word_1_749' title='bbox 1109 2215 1194 2248; x_wconf 72' lang='grc' dir='ltr'>οὕτως</span> <span class='ocrx_word' id='word_1_750' title='bbox 1219 2217 1366 2252; x_wconf 77' lang='grc' dir='ltr'>ἐπειδήπερ</span> <span class='ocrx_word' id='word_1_751' title='bbox 1391 2218 1465 2244; x_wconf 75' lang='grc' dir='ltr'>ἐστὶν</span> <span class='ocrx_word' id='word_1_752' title='bbox 1476 2217 1627 2253; x_wconf 78' lang='grc' dir='ltr'>όμοούσιος,</span> <span class='ocrx_word' id='word_1_753' title='bbox 1641 2217 1765 2252; x_wconf 80' lang='grc' dir='ltr'>ἀληθινὸς</span> <span class='ocrx_word' id='word_1_754' title='bbox 1784 2217 1816 2243; x_wconf 81' lang='grc' dir='ltr'>ἂν</span> 
     </span>
    </p>
   </div>
   <div class='ocr_carea' id='block_1_92' title="bbox 197 2258 980 2296">
    <p class='ocr_par' dir='ltr' id='par_1_92' title="bbox 197 2258 980 2296">
     <span class='ocr_line' id='line_1_92' title="bbox 197 2258 980 2296; baseline 0.005 -12"><span class='ocrx_word' id='word_1_755' title='bbox 197 2258 368 2287; x_wconf 86' lang='lat' dir='ltr'><strong>idetttitatem</strong></span> <span class='ocrx_word' id='word_1_756' title='bbox 384 2266 489 2289; x_wconf 58' lang='lat' dir='ltr'><strong>natura</strong></span> <span class='ocrx_word' id='word_1_757' title='bbox 509 2270 649 2296; x_wconf 89' lang='lat' dir='ltr'><strong>nunquam</strong></span> <span class='ocrx_word' id='word_1_758' title='bbox 669 2263 746 2290; x_wconf 90' lang='lat' dir='ltr'><strong>tollet</strong></span> <span class='ocrx_word' id='word_1_759' title='bbox 765 2262 906 2289; x_wconf 89' lang='lat' dir='ltr'><strong>nominum</strong></span> <span class='ocrx_word' id='word_1_760' title='bbox 925 2261 980 2288; x_wconf 88' lang='lat' dir='ltr'><strong>dif-</strong></span> 
     </span>
    </p>
   </div>
   <div class='ocr_carea' id='block_1_93' title="bbox 1034 2263 1183 2298">
    <p class='ocr_par' dir='ltr' id='par_1_93' title="bbox 1034 2263 1183 2298">
     <span class='ocr_line' id='line_1_93' title="bbox 1034 2263 1183 2298; baseline 0.013 -10"><span class='ocrx_word' id='word_1_761' title='bbox 1034 2263 1076 2298; x_wconf 80' lang='grc' dir='ltr'>εἴη</span> <span class='ocrx_word' id='word_1_762' title='bbox 1089 2263 1183 2297; x_wconf 86' lang='grc' dir='ltr'>Λόγος.</span> 
     </span>
    </p>
   </div>
   <div class='ocr_carea' id='block_1_94' title="bbox 198 2306 1816 2346">
    <p class='ocr_par' dir='ltr' id='par_1_94' title="bbox 198 2306 1816 2346">
     <span class='ocr_line' id='line_1_94' title="bbox 198 2306 1816 2346; baseline 0.002 -13"><span class='ocrx_word' id='word_1_763' title='bbox 198 2306 411 2341; x_wconf 79' lang='lat' dir='ltr'><strong>ferentia.Quod</strong></span> <span class='ocrx_word' id='word_1_764' title='bbox 432 2309 454 2336; x_wconf 83' lang='lat' dir='ltr'><strong>si</strong></span> <span class='ocrx_word' id='word_1_765' title='bbox 476 2309 528 2336; x_wconf 91' lang='lat' dir='ltr'><strong>ltoc</strong></span> <span class='ocrx_word' id='word_1_766' title='bbox 558 2310 677 2345; x_wconf 78' lang='lat' dir='ltr'><strong>ingenita</strong></span> <span class='ocrx_word' id='word_1_767' title='bbox 697 2315 725 2337; x_wconf 87' lang='lat' dir='ltr'><strong>et</strong></span> <span class='ocrx_word' id='word_1_768' title='bbox 744 2314 838 2337; x_wconf 85' lang='lat' dir='ltr'><strong>creata</strong></span> <span class='ocrx_word' id='word_1_769' title='bbox 859 2314 956 2336; x_wconf 84' lang='lat' dir='ltr'><strong>natura</strong></span> <span class='ocrx_word' id='word_1_770' title='bbox 974 2310 1021 2342; x_wconf 86' lang='lat' dir='ltr'><strong>sit,</strong></span> <span class='ocrx_word' id='word_1_771' title='bbox 1038 2310 1178 2344; x_wconf 90' lang='lat' dir='ltr'><strong>quomodo</strong></span> <span class='ocrx_word' id='word_1_772' title='bbox 1200 2317 1255 2337; x_wconf 91' lang='lat' dir='ltr'><strong>non</strong></span> <span class='ocrx_word' id='word_1_773' title='bbox 1274 2310 1386 2345; x_wconf 92' lang='lat' dir='ltr'><strong>impium</strong></span> <span class='ocrx_word' id='word_1_774' title='bbox 1405 2314 1447 2338; x_wconf 88' lang='lat' dir='ltr'><strong>est</strong></span> <span class='ocrx_word' id='word_1_775' title='bbox 1467 2310 1531 2338; x_wconf 91' lang='lat' dir='ltr'><strong>illud</strong></span> <span class='ocrx_word' id='word_1_776' title='bbox 1549 2311 1654 2346; x_wconf 89' lang='lat' dir='ltr'><strong>opinari</strong></span> <span class='ocrx_word' id='word_1_777' title='bbox 1675 2310 1702 2337; x_wconf 93' lang='lat' dir='ltr'><strong>in</strong></span> <span class='ocrx_word' id='word_1_778' title='bbox 1721 2314 1816 2337; x_wconf 86' lang='lat' dir='ltr'><strong>natura</strong></span> 
     </span>
    </p>
   </div>
   <div class='ocr_carea' id='block_1_95' title="bbox 197 2353 1817 2391">
    <p class='ocr_par' dir='ltr' id='par_1_95' title="bbox 197 2353 1817 2391">
     <span class='ocr_line' id='line_1_95' title="bbox 197 2353 1817 2391; baseline 0.002 -12"><span class='ocrx_word' id='word_1_779' title='bbox 197 2353 329 2388; x_wconf 64' lang='lat' dir='ltr'><strong>ingenita,</strong></span> <span class='ocrx_word' id='word_1_780' title='bbox 346 2360 372 2382; x_wconf 89' lang='lat' dir='ltr'><strong>et</strong></span> <span class='ocrx_word' id='word_1_781' title='bbox 389 2356 479 2382; x_wconf 89' lang='lat' dir='ltr'><strong>omnia</strong></span> <span class='ocrx_word' id='word_1_782' title='bbox 499 2356 591 2391; x_wconf 80' lang='lat' dir='ltr'><strong>genita</strong></span> <span class='ocrx_word' id='word_1_783' title='bbox 611 2356 857 2391; x_wconf 79' lang='lat' dir='ltr'><strong>supergrediente?</strong></span> <span class='ocrx_word' id='word_1_784' title='bbox 878 2360 907 2383; x_wconf 92' lang='lat' dir='ltr'><strong>ut</strong></span> <span class='ocrx_word' id='word_1_785' title='bbox 928 2356 1021 2390; x_wconf 80' lang='lat' dir='ltr'><strong>igitur,</strong></span> <span class='ocrx_word' id='word_1_786' title='bbox 1040 2356 1063 2382; x_wconf 90' lang='lat' dir='ltr'><strong>si</strong></span> <span class='ocrx_word' id='word_1_787' title='bbox 1083 2360 1158 2383; x_wconf 87' lang='lat' dir='ltr'><strong>esset</strong></span> <span class='ocrx_word' id='word_1_788' title='bbox 1176 2356 1246 2383; x_wconf 87' lang='lat' dir='ltr'><strong>alius</strong></span> <span class='ocrx_word' id='word_1_789' title='bbox 1263 2356 1439 2388; x_wconf 57' lang='lat' dir='ltr'><strong>substantias,</strong></span> <span class='ocrx_word' id='word_1_790' title='bbox 1462 2365 1516 2384; x_wconf 88' lang='lat' dir='ltr'><strong>non</strong></span> <span class='ocrx_word' id='word_1_791' title='bbox 1539 2361 1612 2384; x_wconf 86' lang='lat' dir='ltr'><strong>esset</strong></span> <span class='ocrx_word' id='word_1_792' title='bbox 1632 2364 1727 2384; x_wconf 86' lang='lat' dir='ltr'><strong>verum</strong></span> <span class='ocrx_word' id='word_1_793' title='bbox 1752 2355 1817 2384; x_wconf 73' lang='lat' dir='ltr'><strong>Ver-</strong></span> 
     </span>
    </p>
   </div>
   <div class='ocr_carea' id='block_1_96' title="bbox 197 2399 1233 2437">
    <p class='ocr_par' dir='ltr' id='par_1_96' title="bbox 197 2399 1233 2437">
     <span class='ocr_line' id='line_1_96' title="bbox 197 2399 1233 2437; baseline 0.002 -11"><span class='ocrx_word' id='word_1_794' title='bbox 197 2399 261 2426; x_wconf 83' lang='lat' dir='ltr'><strong>bum</strong></span> <span class='ocrx_word' id='word_1_795' title='bbox 273 2420 280 2431; x_wconf 89' lang='lat'><strong>,</strong></span> <span class='ocrx_word' id='word_1_796' title='bbox 303 2401 337 2426; x_wconf 87' lang='lat' dir='ltr'><strong>ita</strong></span> <span class='ocrx_word' id='word_1_797' title='bbox 356 2401 418 2434; x_wconf 88' lang='lat' dir='ltr'><strong>quia</strong></span> <span class='ocrx_word' id='word_1_798' title='bbox 431 2402 726 2432; x_wconf 84' lang='lat' dir='ltr'><strong>estconsubtantialis.</strong></span> <span class='ocrx_word' id='word_1_799' title='bbox 741 2411 835 2430; x_wconf 85' lang='lat' dir='ltr'><strong>verum</strong></span> <span class='ocrx_word' id='word_1_800' title='bbox 855 2402 950 2437; x_wconf 90' lang='lat' dir='ltr'><strong>utique</strong></span> <span class='ocrx_word' id='word_1_801' title='bbox 968 2401 1086 2428; x_wconf 85' lang='lat' dir='ltr'><strong>Verbum</strong></span> <span class='ocrx_word' id='word_1_802' title='bbox 1104 2401 1233 2429; x_wconf 79' lang='lat' dir='ltr'><strong>exsistet.</strong></span> 
     </span>
    </p>
   </div>
   <div class='ocr_carea' id='block_1_97' title="bbox 232 2447 981 2486">
    <p class='ocr_par' dir='ltr' id='par_1_97' title="bbox 232 2447 981 2486">
     <span class='ocr_line' id='line_1_97' title="bbox 232 2447 981 2486; baseline 0.001 -12"><span class='ocrx_word' id='word_1_803' title='bbox 232 2447 266 2478; x_wconf 80' lang='grc' dir='ltr'>Χ,</span> <span class='ocrx_word' id='word_1_804' title='bbox 285 2449 328 2486; x_wconf 62' lang='grc'><strong>57.</strong></span> <span class='ocrx_word' id='word_1_805' title='bbox 346 2448 375 2475; x_wconf 89' lang='lat' dir='ltr'><strong>Si</strong></span> <span class='ocrx_word' id='word_1_806' title='bbox 391 2457 441 2476; x_wconf 85' lang='lat' dir='ltr'><strong>non</strong></span> <span class='ocrx_word' id='word_1_807' title='bbox 461 2449 530 2484; x_wconf 75' lang='lat' dir='ltr'><strong>facio</strong></span> <span class='ocrx_word' id='word_1_808' title='bbox 550 2457 628 2483; x_wconf 85' lang='lat' dir='ltr'><strong>opera</strong></span> <span class='ocrx_word' id='word_1_809' title='bbox 650 2450 740 2476; x_wconf 84' lang='lat' dir='ltr'><strong>Patris</strong></span> <span class='ocrx_word' id='word_1_810' title='bbox 760 2450 821 2482; x_wconf 80' lang='lat' dir='ltr'><strong>mei,</strong></span> <span class='ocrx_word' id='word_1_811' title='bbox 834 2458 865 2477; x_wconf 87' lang='lat' dir='ltr'><strong>ne</strong></span> <span class='ocrx_word' id='word_1_812' title='bbox 883 2449 981 2476; x_wconf 79' lang='lat' dir='ltr'><strong>credite</strong></span> 
     </span>
    </p>
   </div>
   <div class='ocr_carea' id='block_1_98' title="bbox 198 2494 339 2524">
    <p class='ocr_par' dir='ltr' id='par_1_98' title="bbox 198 2494 339 2524">
     <span class='ocr_line' id='line_1_98' title="bbox 198 2494 339 2524; baseline 0.007 -4"><span class='ocrx_word' id='word_1_813' title='bbox 198 2494 271 2524; x_wconf 77' lang='lat' dir='ltr'><strong>mihi.</strong></span> <span class='ocrx_word' id='word_1_814' title='bbox 287 2499 339 2521; x_wconf 82' lang='lat' dir='ltr'><strong>etc.</strong></span> 
     </span>
    </p>
   </div>
   <div class='ocr_carea' id='block_1_99' title="bbox 233 2539 982 2576">
    <p class='ocr_par' dir='ltr' id='par_1_99' title="bbox 233 2539 982 2576">
     <span class='ocr_line' id='line_1_99' title="bbox 233 2539 982 2576; baseline 0.001 -11"><span class='ocrx_word' id='word_1_815' title='bbox 233 2539 309 2572; x_wconf 85' lang='lat' dir='ltr'><strong>Quod</strong></span> <span class='ocrx_word' id='word_1_816' title='bbox 324 2540 400 2572; x_wconf 80' lang='lat' dir='ltr'><strong>dicit,</strong></span> <span class='ocrx_word' id='word_1_817' title='bbox 416 2540 573 2574; x_wconf 83' lang='lat' dir='ltr'><strong>hujusmodi</strong></span> <span class='ocrx_word' id='word_1_818' title='bbox 591 2545 643 2569; x_wconf 88' lang='lat' dir='ltr'><strong>est.</strong></span> <span class='ocrx_word' id='word_1_819' title='bbox 660 2541 886 2576; x_wconf 85' lang='lat' dir='ltr'><strong>Quandoquidem</strong></span> <span class='ocrx_word' id='word_1_820' title='bbox 903 2540 982 2567; x_wconf 86' lang='lat' dir='ltr'><strong>facile</strong></span> 
     </span>
    </p>
   </div>
   <div class='ocr_carea' id='block_1_100' title="bbox 197 2585 982 2621">
    <p class='ocr_par' dir='ltr' id='par_1_100' title="bbox 197 2585 982 2621">
     <span class='ocr_line' id='line_1_100' title="bbox 197 2585 982 2621; baseline 0 -9"><span class='ocrx_word' id='word_1_821' title='bbox 197 2590 239 2612; x_wconf 82' lang='lat' dir='ltr'><strong>cst</strong></span> <span class='ocrx_word' id='word_1_822' title='bbox 257 2589 285 2612; x_wconf 87' lang='lat' dir='ltr'><strong>ut</strong></span> <span class='ocrx_word' id='word_1_823' title='bbox 298 2586 396 2620; x_wconf 84' lang='lat' dir='ltr'><strong>aliquis</strong></span> <span class='ocrx_word' id='word_1_824' title='bbox 415 2587 489 2613; x_wconf 87' lang='lat' dir='ltr'><strong>dicat</strong></span> <span class='ocrx_word' id='word_1_825' title='bbox 510 2592 614 2621; x_wconf 88' lang='lat' dir='ltr'><strong>patrem</strong></span> <span class='ocrx_word' id='word_1_826' title='bbox 632 2595 710 2614; x_wconf 84' lang='lat' dir='ltr'><strong>suum</strong></span> <span class='ocrx_word' id='word_1_827' title='bbox 730 2588 825 2619; x_wconf 85' lang='lat' dir='ltr'><strong>Deum,</strong></span> <span class='ocrx_word' id='word_1_828' title='bbox 841 2586 889 2614; x_wconf 87' lang='lat' dir='ltr'><strong>sed</strong></span> <span class='ocrx_word' id='word_1_829' title='bbox 911 2585 982 2613; x_wconf 87' lang='lat' dir='ltr'><strong>diffi-</strong></span> 
     </span>
    </p>
   </div>
   <div class='ocr_carea' id='block_1_101' title="bbox 199 2631 981 2666">
    <p class='ocr_par' dir='ltr' id='par_1_101' title="bbox 199 2631 981 2666">
     <span class='ocr_line' id='line_1_101' title="bbox 199 2631 981 2666; baseline 0.001 -9"><span class='ocrx_word' id='word_1_830' title='bbox 199 2631 262 2662; x_wconf 80' lang='lat' dir='ltr'><strong>cile,</strong></span> <span class='ocrx_word' id='word_1_831' title='bbox 279 2631 333 2658; x_wconf 93' lang='lat' dir='ltr'><strong>imo</strong></span> <span class='ocrx_word' id='word_1_832' title='bbox 347 2640 428 2666; x_wconf 80' lang='lat' dir='ltr'><strong>supra</strong></span> <span class='ocrx_word' id='word_1_833' title='bbox 445 2636 551 2660; x_wconf 52' lang='lat' dir='ltr'><strong>natura!</strong></span> <span class='ocrx_word' id='word_1_834' title='bbox 562 2637 661 2660; x_wconf 76' lang='lat' dir='ltr'><strong>creatze</strong></span> <span class='ocrx_word' id='word_1_835' title='bbox 673 2633 726 2659; x_wconf 89' lang='lat' dir='ltr'><strong>vim</strong></span> <span class='ocrx_word' id='word_1_836' title='bbox 741 2632 871 2666; x_wconf 80' lang='lat' dir='ltr'><strong>positum,</strong></span> <span class='ocrx_word' id='word_1_837' title='bbox 886 2636 914 2658; x_wconf 90' lang='lat' dir='ltr'><strong>ut</strong></span> <span class='ocrx_word' id='word_1_838' title='bbox 930 2632 981 2658; x_wconf 90' lang='lat' dir='ltr'><strong>hoc</strong></span> 
     </span>
    </p>
   </div>
   <div class='ocr_carea' id='block_1_102' title="bbox 200 2677 982 2713">
    <p class='ocr_par' dir='ltr' id='par_1_102' title="bbox 200 2677 982 2713">
     <span class='ocr_line' id='line_1_102' title="bbox 200 2677 982 2713; baseline 0.001 -10"><span class='ocrx_word' id='word_1_839' title='bbox 200 2684 230 2703; x_wconf 91' lang='lat' dir='ltr'><strong>re</strong></span> <span class='ocrx_word' id='word_1_840' title='bbox 244 2680 270 2704; x_wconf 89' lang='lat' dir='ltr'><strong>et</strong></span> <span class='ocrx_word' id='word_1_841' title='bbox 286 2677 390 2705; x_wconf 85' lang='lat' dir='ltr'><strong>eﬁ‘ectis</strong></span> <span class='ocrx_word' id='word_1_842' title='bbox 405 2679 532 2706; x_wconf 89' lang='lat' dir='ltr'><strong>ostendat</strong></span> <span class='ocrx_word' id='word_1_843' title='bbox 553 2688 558 2706; x_wconf 92' lang='lat'><em>:</em></span> <span class='ocrx_word' id='word_1_844' title='bbox 577 2687 625 2713; x_wconf 85' lang='lat' dir='ltr'><strong>per</strong></span> <span class='ocrx_word' id='word_1_845' title='bbox 646 2686 688 2709; x_wconf 83' lang='lat' dir='ltr'><strong>ea,</strong></span> <span class='ocrx_word' id='word_1_846' title='bbox 711 2678 810 2713; x_wconf 80' lang='lat' dir='ltr'><strong>inquit,</strong></span> <span class='ocrx_word' id='word_1_847' title='bbox 831 2686 892 2713; x_wconf 68' lang='lat' dir='ltr'><strong>qua1</strong></span> <span class='ocrx_word' id='word_1_848' title='bbox 908 2682 982 2704; x_wconf 86' lang='lat' dir='ltr'><strong>recte</strong></span> 
     </span>
    </p>
   </div>
   <div class='ocr_carea' id='block_1_103' title="bbox 199 2722 980 2758">
    <p class='ocr_par' dir='ltr' id='par_1_103' title="bbox 199 2722 980 2758">
     <span class='ocr_line' id='line_1_103' title="bbox 199 2722 980 2758; baseline 0 -9"><span class='ocrx_word' id='word_1_849' title='bbox 199 2726 226 2749; x_wconf 78' lang='lat' dir='ltr'><strong>et</strong></span> <span class='ocrx_word' id='word_1_850' title='bbox 244 2724 438 2751; x_wconf 87' lang='lat' dir='ltr'><strong>convenienter</strong></span> <span class='ocrx_word' id='word_1_851' title='bbox 459 2724 514 2753; x_wconf 88' lang='lat' dir='ltr'><strong>Deo</strong></span> <span class='ocrx_word' id='word_1_852' title='bbox 542 2724 621 2755; x_wconf 84' lang='lat' dir='ltr'><strong>facio,</strong></span> <span class='ocrx_word' id='word_1_853' title='bbox 636 2723 750 2758; x_wconf 78' lang='lat' dir='ltr'><strong>aequalis</strong></span> <span class='ocrx_word' id='word_1_854' title='bbox 776 2723 830 2750; x_wconf 87' lang='lat' dir='ltr'><strong>Deo</strong></span> <span class='ocrx_word' id='word_1_855' title='bbox 855 2726 882 2749; x_wconf 80' lang='lat' dir='ltr'><strong>et</strong></span> <span class='ocrx_word' id='word_1_856' title='bbox 908 2722 980 2749; x_wconf 84' lang='lat' dir='ltr'><strong>Patri</strong></span> 
     </span>
    </p>
   </div>
   <div class='ocr_carea' id='block_1_104' title="bbox 200 2769 980 2804">
    <p class='ocr_par' dir='ltr' id='par_1_104' title="bbox 200 2769 980 2804">
     <span class='ocr_line' id='line_1_104' title="bbox 200 2769 980 2804; baseline 0.003 -10"><span class='ocrx_word' id='word_1_857' title='bbox 200 2775 309 2803; x_wconf 81' lang='lat' dir='ltr'><strong>cernor,</strong></span> <span class='ocrx_word' id='word_1_858' title='bbox 325 2777 374 2797; x_wconf 84' lang='lat' dir='ltr'><strong>nec</strong></span> <span class='ocrx_word' id='word_1_859' title='bbox 389 2777 500 2798; x_wconf 83' lang='lat' dir='ltr'><strong>causam</strong></span> <span class='ocrx_word' id='word_1_860' title='bbox 525 2770 617 2798; x_wconf 88' lang='lat' dir='ltr'><strong>dicere</strong></span> <span class='ocrx_word' id='word_1_861' title='bbox 633 2769 747 2804; x_wconf 83' lang='lat' dir='ltr'><strong>potestis</strong></span> <span class='ocrx_word' id='word_1_862' title='bbox 774 2776 824 2796; x_wconf 91' lang='lat' dir='ltr'><strong>cur</strong></span> <span class='ocrx_word' id='word_1_863' title='bbox 841 2776 896 2796; x_wconf 89' lang='lat' dir='ltr'><strong>non</strong></span> <span class='ocrx_word' id='word_1_864' title='bbox 920 2776 980 2796; x_wconf 89' lang='lat' dir='ltr'><strong>cre-</strong></span> 
     </span>
    </p>
   </div>
   <div class='ocr_carea' id='block_1_105' title="bbox 1069 2448 1815 2484">
    <p class='ocr_par' dir='ltr' id='par_1_105' title="bbox 1069 2448 1815 2484">
     <span class='ocr_line' id='line_1_105' title="bbox 1069 2448 1815 2484; baseline 0.001 -8"><span class='ocrx_word' id='word_1_865' title='bbox 1069 2450 1105 2476; x_wconf 84' lang='lat' dir='ltr'><strong>El</strong></span> <span class='ocrx_word' id='word_1_866' title='bbox 1131 2449 1167 2475; x_wconf 84' lang='grc' dir='ltr'>οὐ</span> <span class='ocrx_word' id='word_1_867' title='bbox 1184 2448 1257 2475; x_wconf 79' lang='grc' dir='ltr'>ποιῶ</span> <span class='ocrx_word' id='word_1_868' title='bbox 1277 2448 1314 2475; x_wconf 77' lang='grc' dir='ltr'>τὰ</span> <span class='ocrx_word' id='word_1_869' title='bbox 1336 2448 1408 2483; x_wconf 81' lang='grc' dir='ltr'>ἔργα</span> <span class='ocrx_word' id='word_1_870' title='bbox 1423 2448 1475 2476; x_wconf 83' lang='grc' dir='ltr'>τοῦ</span> <span class='ocrx_word' id='word_1_871' title='bbox 1495 2449 1610 2483; x_wconf 80' lang='grc' dir='ltr'>Πατρός</span> <span class='ocrx_word' id='word_1_872' title='bbox 1623 2458 1693 2484; x_wconf 84' lang='grc' dir='ltr'>μου,</span> <span class='ocrx_word' id='word_1_873' title='bbox 1706 2449 1749 2483; x_wconf 83' lang='grc' dir='ltr'>μὴ</span> <span class='ocrx_word' id='word_1_874' title='bbox 1769 2459 1815 2477; x_wconf 74' lang='grc' dir='ltr'>πι-</span> 
     </span>
    </p>
   </div>
   <div class='ocr_carea' id='block_1_106' title="bbox 1034 2494 1428 2529">
    <p class='ocr_par' dir='ltr' id='par_1_106' title="bbox 1034 2494 1428 2529">
     <span class='ocr_line' id='line_1_106' title="bbox 1034 2494 1428 2529; baseline 0 -9"><span class='ocrx_word' id='word_1_875' title='bbox 1034 2494 1155 2521; x_wconf 83' lang='grc' dir='ltr'>στεύετέ</span> <span class='ocrx_word' id='word_1_876' title='bbox 1168 2503 1228 2528; x_wconf 75' lang='grc' dir='ltr'>μοι,</span> <span class='ocrx_word' id='word_1_877' title='bbox 1245 2494 1292 2521; x_wconf 73' lang='grc' dir='ltr'><strong>καὶ</strong></span> <span class='ocrx_word' id='word_1_878' title='bbox 1305 2494 1340 2521; x_wconf 81' lang='grc' dir='ltr'>τὰ</span> <span class='ocrx_word' id='word_1_879' title='bbox 1354 2494 1428 2529; x_wconf 79' lang='grc' dir='ltr'>ἑξῆς.</span> 
     </span>
    </p>
   </div>
   <div class='ocr_carea' id='block_1_107' title="bbox 1073 2539 1815 2575">
    <p class='ocr_par' dir='ltr' id='par_1_107' title="bbox 1073 2539 1815 2575">
     <span class='ocr_line' id='line_1_107' title="bbox 1073 2539 1815 2575; baseline 0 -10"><span class='ocrx_word' id='word_1_880' title='bbox 1073 2540 1105 2566; x_wconf 89' lang='grc' dir='ltr'>Ὃ</span> <span class='ocrx_word' id='word_1_881' title='bbox 1125 2539 1208 2573; x_wconf 85' lang='grc' dir='ltr'>λέγει,</span> <span class='ocrx_word' id='word_1_882' title='bbox 1228 2539 1345 2567; x_wconf 83' lang='grc' dir='ltr'>τοιοῦτόν</span> <span class='ocrx_word' id='word_1_883' title='bbox 1366 2540 1450 2566; x_wconf 80' lang='grc' dir='ltr'>ἐστιν.</span> <span class='ocrx_word' id='word_1_884' title='bbox 1479 2539 1587 2575; x_wconf 80' lang='grc' dir='ltr'>Ἐπειδὴ</span> <span class='ocrx_word' id='word_1_885' title='bbox 1603 2539 1633 2565; x_wconf 82' lang='grc' dir='ltr'><strong>τὸ</strong></span> <span class='ocrx_word' id='word_1_886' title='bbox 1656 2540 1743 2566; x_wconf 85' lang='grc' dir='ltr'>εἰπεῖν</span> <span class='ocrx_word' id='word_1_887' title='bbox 1758 2548 1815 2566; x_wconf 76' lang='grc' dir='ltr'>τινα</span> 
     </span>
    </p>
   </div>
   <div class='ocr_carea' id='block_1_108' title="bbox 1035 2584 1815 2621">
    <p class='ocr_par' dir='ltr' id='par_1_108' title="bbox 1035 2584 1815 2621">
     <span class='ocr_line' id='line_1_108' title="bbox 1035 2584 1815 2621; baseline -0.001 -9"><span class='ocrx_word' id='word_1_888' title='bbox 1035 2586 1141 2621; x_wconf 79' lang='grc' dir='ltr'>πατέρα</span> <span class='ocrx_word' id='word_1_889' title='bbox 1157 2586 1202 2612; x_wconf 79' lang='grc' dir='ltr'><strong>τὸν</strong></span> <span class='ocrx_word' id='word_1_890' title='bbox 1217 2585 1282 2612; x_wconf 75' lang='grc' dir='ltr'>Θεὸν</span> <span class='ocrx_word' id='word_1_891' title='bbox 1305 2585 1431 2620; x_wconf 78' lang='grc' dir='ltr'>εὐχερές·</span> <span class='ocrx_word' id='word_1_892' title='bbox 1449 2585 1480 2611; x_wconf 78' lang='grc' dir='ltr'>τὸ</span> <span class='ocrx_word' id='word_1_893' title='bbox 1494 2585 1543 2620; x_wconf 81' lang='grc' dir='ltr'>μέν</span> <span class='ocrx_word' id='word_1_894' title='bbox 1562 2594 1603 2612; x_wconf 81' lang='grc' dir='ltr'><strong>τοι</strong></span> <span class='ocrx_word' id='word_1_895' title='bbox 1624 2584 1709 2617; x_wconf 77' lang='grc' dir='ltr'>δεῖξαι</span> <span class='ocrx_word' id='word_1_896' title='bbox 1723 2585 1757 2611; x_wconf 86' lang='grc' dir='ltr'><strong>δι’</strong></span> <span class='ocrx_word' id='word_1_897' title='bbox 1772 2585 1815 2620; x_wconf 77' lang='grc' dir='ltr'><strong>ἔρ-</strong></span> 
     </span>
    </p>
   </div>
   <div class='ocr_carea' id='block_1_109' title="bbox 1034 2625 1814 2667">
    <p class='ocr_par' dir='ltr' id='par_1_109' title="bbox 1034 2625 1814 2667">
     <span class='ocr_line' id='line_1_109' title="bbox 1034 2625 1814 2667; baseline 0 -9"><span class='ocrx_word' id='word_1_898' title='bbox 1034 2641 1101 2665; x_wconf 85' lang='grc' dir='ltr'>γων,</span> <span class='ocrx_word' id='word_1_899' title='bbox 1117 2631 1196 2658; x_wconf 74' lang='grc' dir='ltr'>τοῦτο</span> <span class='ocrx_word' id='word_1_900' title='bbox 1209 2631 1337 2666; x_wconf 74' lang='grc' dir='ltr'>δυσχερὲς</span> <span class='ocrx_word' id='word_1_901' title='bbox 1354 2631 1400 2657; x_wconf 70' lang='grc' dir='ltr'><strong>καλ⁸</strong></span> <span class='ocrx_word' id='word_1_902' title='bbox 1419 2631 1548 2658; x_wconf 84' lang='grc' dir='ltr'>ἀδύνατον</span> <span class='ocrx_word' id='word_1_903' title='bbox 1561 2633 1593 2667; x_wconf 81' lang='grc' dir='ltr'>τῇ</span> <span class='ocrx_word' id='word_1_904' title='bbox 1611 2625 1712 2658; x_wconf 37' lang='grc' dir='ltr'>κτίσεν·</span> <span class='ocrx_word' id='word_1_905' title='bbox 1726 2632 1765 2658; x_wconf 75' lang='grc' dir='ltr'><strong>Δι’</strong></span> <span class='ocrx_word' id='word_1_906' title='bbox 1779 2629 1814 2659; x_wconf 84' lang='grc' dir='ltr'>ὧν</span> 
     </span>
    </p>
   </div>
   <div class='ocr_carea' id='block_1_110' title="bbox 1035 2675 1860 2713">
    <p class='ocr_par' dir='ltr' id='par_1_110' title="bbox 1035 2675 1860 2713">
     <span class='ocr_line' id='line_1_110' title="bbox 1035 2675 1860 2713; baseline -0.001 -9"><span class='ocrx_word' id='word_1_907' title='bbox 1035 2677 1171 2713; x_wconf 74' lang='grc' dir='ltr'>κατορθῶ,</span> <span class='ocrx_word' id='word_1_908' title='bbox 1187 2677 1254 2712; x_wconf 75' lang='grc' dir='ltr'>φησὶ</span> <span class='ocrx_word' id='word_1_909' title='bbox 1266 2697 1273 2708; x_wconf 86' lang='grc'><strong>,</strong></span> <span class='ocrx_word' id='word_1_910' title='bbox 1289 2677 1449 2712; x_wconf 83' lang='grc' dir='ltr'>θεοπρεπῶς</span> <span class='ocrx_word' id='word_1_911' title='bbox 1461 2696 1468 2708; x_wconf 93' lang='grc'><strong>,</strong></span> <span class='ocrx_word' id='word_1_912' title='bbox 1490 2676 1545 2708; x_wconf 79' lang='grc' dir='ltr'>ι’σος</span> <span class='ocrx_word' id='word_1_913' title='bbox 1562 2677 1691 2712; x_wconf 79' lang='grc' dir='ltr'>φαίνομαι</span> <span class='ocrx_word' id='word_1_914' title='bbox 1706 2675 1745 2712; x_wconf 75' lang='grc' dir='ltr'>τῷ</span> <span class='ocrx_word' id='word_1_915' title='bbox 1758 2677 1814 2712; x_wconf 65' lang='grc' dir='ltr'><strong>θεῷ</strong></span> <span class='ocrx_word' id='word_1_916' title='bbox 1856 2677 1860 2680; x_wconf 86' lang='grc'><em>’</em></span> 
     </span>
    </p>
   </div>
   <div class='ocr_carea' id='block_1_111' title="bbox 1036 2720 1813 2758">
    <p class='ocr_par' dir='ltr' id='par_1_111' title="bbox 1036 2720 1813 2758">
     <span class='ocr_line' id='line_1_111' title="bbox 1036 2720 1813 2758; baseline 0 -9"><span class='ocrx_word' id='word_1_917' title='bbox 1036 2724 1082 2750; x_wconf 79' lang='grc' dir='ltr'>καὶ</span> <span class='ocrx_word' id='word_1_918' title='bbox 1096 2723 1181 2758; x_wconf 83' lang='grc' dir='ltr'>Πατρί</span> <span class='ocrx_word' id='word_1_919' title='bbox 1193 2731 1200 2738; x_wconf 92' lang='grc'><strong>·</strong></span> <span class='ocrx_word' id='word_1_920' title='bbox 1217 2722 1263 2750; x_wconf 73' lang='grc' dir='ltr'><strong>καὶ</strong></span> <span class='ocrx_word' id='word_1_921' title='bbox 1277 2722 1389 2757; x_wconf 78' lang='grc' dir='ltr'>οὐδεμία</span> <span class='ocrx_word' id='word_1_922' title='bbox 1401 2723 1464 2758; x_wconf 80' lang='grc' dir='ltr'>ὑμῖν</span> <span class='ocrx_word' id='word_1_923' title='bbox 1476 2723 1607 2756; x_wconf 85' lang='grc' dir='ltr'>ἀπολογία</span> <span class='ocrx_word' id='word_1_924' title='bbox 1620 2720 1770 2753; x_wconf 83' lang='grc' dir='ltr'>ἀπιστοῦσι,</span> <span class='ocrx_word' id='word_1_925' title='bbox 1782 2724 1813 2758; x_wconf 73' lang='grc' dir='ltr'>τῇ</span> 
     </span>
    </p>
   </div>
   <div class='ocr_carea' id='block_1_112' title="bbox 1036 2766 1815 2804">
    <p class='ocr_par' dir='ltr' id='par_1_112' title="bbox 1036 2766 1815 2804">
     <span class='ocr_line' id='line_1_112' title="bbox 1036 2766 1815 2804; baseline 0 -9"><span class='ocrx_word' id='word_1_926' title='bbox 1036 2769 1118 2804; x_wconf 67' lang='grc' dir='ltr'>πείρᾳ</span> <span class='ocrx_word' id='word_1_927' title='bbox 1131 2769 1272 2804; x_wconf 80' lang='grc' dir='ltr'>μαθοῦσιν,</span> <span class='ocrx_word' id='word_1_928' title='bbox 1288 2769 1330 2795; x_wconf 82' lang='grc' dir='ltr'>ὃτι</span> <span class='ocrx_word' id='word_1_929' title='bbox 1348 2768 1404 2800; x_wconf 75' lang='grc' dir='ltr'>ἴσος</span> <span class='ocrx_word' id='word_1_930' title='bbox 1419 2768 1476 2803; x_wconf 70' lang='grc' dir='ltr'>εἰμὶ</span> <span class='ocrx_word' id='word_1_931' title='bbox 1487 2768 1525 2804; x_wconf 79' lang='grc' dir='ltr'><strong>τῷ</strong></span> <span class='ocrx_word' id='word_1_932' title='bbox 1539 2767 1637 2804; x_wconf 74' lang='grc' dir='ltr'>Πατρὶ,</span> <span class='ocrx_word' id='word_1_933' title='bbox 1655 2768 1689 2795; x_wconf 77' lang='grc' dir='ltr'><strong>δι’</strong></span> <span class='ocrx_word' id='word_1_934' title='bbox 1700 2766 1738 2797; x_wconf 84' lang='grc' dir='ltr'>ὧν</span> <span class='ocrx_word' id='word_1_935' title='bbox 1751 2767 1815 2795; x_wconf 75' lang='grc' dir='ltr'>ποιῶ</span> 
     </span>
    </p>
   </div>
   <div class='ocr_carea' id='block_1_113' title="bbox 237 2858 977 2894">
    <p class='ocr_par' dir='ltr' id='par_1_113' title="bbox 237 2860 971 2894">
     <span class='ocr_line' id='line_1_113' title="bbox 237 2860 971 2894; baseline 0.001 -7"><span class='ocrx_word' id='word_1_936' title='bbox 237 2860 257 2875; x_wconf 69' lang='grc' dir='ltr'>π</span> <span class='ocrx_word' id='word_1_937' title='bbox 278 2860 351 2888; x_wconf 74' lang='lat' dir='ltr'><strong>Psal.</strong></span> <span class='ocrx_word' id='word_1_938' title='bbox 368 2867 502 2892; x_wconf 76' lang='lat' dir='ltr'><strong>Lxxttvtu,</strong></span> <span class='ocrx_word' id='word_1_939' title='bbox 520 2860 545 2889; x_wconf 81' lang='lat'><strong>7.</strong></span> <span class='ocrx_word' id='word_1_940' title='bbox 584 2860 605 2876; x_wconf 89' lang='grc'>³⁰</span> <span class='ocrx_word' id='word_1_941' title='bbox 626 2860 697 2888; x_wconf 63' lang='grc' dir='ltr'>Ρδθι.</span> <span class='ocrx_word' id='word_1_942' title='bbox 715 2868 815 2894; x_wconf 69' lang='lat' dir='ltr'><strong>tum,</strong></span> <span class='ocrx_word' id='word_1_943' title='bbox 832 2861 865 2894; x_wconf 80' lang='grc'>6,</span> <span class='ocrx_word' id='word_1_944' title='bbox 886 2861 913 2888; x_wconf 88' lang='grc'><strong>7.</strong></span> <span class='ocrx_word' id='word_1_945' title='bbox 951 2860 971 2876; x_wconf 74' lang='grc'>³¹</span> 
     </span>
    </p>
   </div>
   <div class='ocr_carea' id='block_1_114' title="bbox 1031 2858 1204 2894">
    <p class='ocr_par' dir='ltr' id='par_1_114' title="bbox 1031 2859 1204 2894">
     <span class='ocr_line' id='line_1_114' title="bbox 1031 2859 1204 2894; baseline -0.006 -7"><span class='ocrx_word' id='word_1_946' title='bbox 1031 2859 1098 2887; x_wconf 73' lang='lat' dir='ltr'><strong>loan.</strong></span> <span class='ocrx_word' id='word_1_947' title='bbox 1116 2867 1162 2894; x_wconf 89' lang='lat' dir='ltr'><strong>lll,</strong></span> <span class='ocrx_word' id='word_1_948' title='bbox 1181 2860 1204 2886; x_wconf 88' lang='lat' dir='ltr'><strong>l.</strong></span> 
     </span>
    </p>
   </div>
  </div>
