1906 3037
98 113 147 144 3;
171 135 173 137 .

540 116 580 147 ἸΝ
598 119 756 150 JOA’NNEM
764 143 769 148 .
776 120 823 142 7——
844 121 903 150 LIB.

958 121 965 149 Ι
983 121 1026 149 ΕΤ
1045 120 1101 149 VIII
1119 121 1339 150 FRAGMENTA.
1711 128 1746 156 δι
1763 153 1766 156 ,

100 171 280 219 ὓξοπρεπῷν
305 174 396 210 ἔργων
409 195 417 207 ,
435 175 458 200 ti
473 174 520 201 καὶ
530 175 583 202 -διὰ
598 175 648 211 τὴν
669 176 759 212 σάρκα
777 176 855 209 ἐδοξά
866 185 903 209 τις

961 177 1044 210 datis,
1061 185 1125 204 cum
1152 178 1319 213 experientia
1336 177 1489 207 didiceritis
1507 187 1549 208 me
1566 180 1638 209 Patri
1652 190 1746 219 mqua-

100 216 135 244 ει
262 217 503 236 ~-~-.'-
575 220 796 237 ~-~~--.

124 229 188 247 .vat
204 228 261 255 παρ
281 229 357 255 υμιν,
373 229 410 252 ω,
422 228 523 251 ειςτων
539 221 655 247 ποΑλων.
681 221 813 248 Ενιευθιν
832 221 910 248 δυνα-

99 264 163 291 τὸν
180 266 280 292 ἐννοεῖν
295 266 337 292 ὅτι
358 275 368 291 ι
387 265 457 299 Ἐγὼ
474 266 503 292 ὲν
515 265 553 300 τῷ
566 265 652 301 Πατρὶ
671 266 718 293 καὶ
736 268 749 293 ό
764 267 857 303 Πατὴρ
881 268 909 293 ὲν

101 309 192 345 igni.
210 321 220 336 ›
244 311 276 337 Ἡ
295 311 351 346 γὰρ
373 312 422 346 τῆς
437 311 530 342 οὐσίας
544 311 687 347 ταυτότης,
701 311 745 338 τὸν
757 311 867 347 Πατέρα
881 313 909 338 ὲν

102 355 177 390 Υἱῷ
187 357 243 393 καὶ,
251 356 298 382 τὸν
314 356 378 383 Υἱὺν
390 357 419 383 ἐν
434 357 522 392 Πατίιὶ
537 353 607 383 εἶναι
627 357 675 383 καὶ
694 357 808 392 ὁρᾶσθαι
826 358 908 386 ποιεῖ.

104 401 175 427 Καὶ
188 402 245 437 γὰρ
262 402 309 428 καὶ
331 402 374 436 ἐφ’
400 402 480 437 ἡμῶν
499 404 515 437 ἡ
537 401 582 429 τοῦ
601 402 707 438 Πατρδς
731 403 809 438 ἡμῶν
830 403 908 430 οὐσία

105 446 283 479 γινώσκεται
298 449 327 474 ὲν
352 447 391 482 τῷ
411 448 476 482 παρ’
499 447 581 474 αὐτοϋ
608 448 742 483 τεχθέντι,
756 450 802 476 καὶ
818 450 847 476 ὲν
870 449 909 484 τῷ

107 491 226 518 τεκόντι
244 492 324 518 πάλιν
340 493 356 526 ὴ
378 492 425 518 τοῦ
446 492 597 527 τεχθέντος.
621 491 668 526 Εἷς
685 494 739 530 γὰρ
755 495 786 520 ὲν
798 495 881 521 πᾶσιν
895 496 909 522 ὁ

107 537 168 570 τῆς
181 537 289 571 φύσεως
302 538 374 572 ὃροςι,
389 538 436 564 καὶ
454 538 482 565 ἓν
498 540 522 565 οἱ
535 540 635 571 πάντες
649 541 682 575 τῇ
707 540 797 574 φύσει.
821 541 865 568 Ἐν
880 539 909 568 δὲ

109 583 159 619 τῷ
170 583 385 619 διακεχωρίσθαι
406 585 480 619 ἡμᾶς
498 586 556 616 τοῖς
580 585 720 620 σώμασιν,
737 587 826 614 οὐκέτι
844 587 872 613 ἓν
884 585 909 614 οἱ

111 628 230 655 πολλοί·
255 629 323 664 ὅπερ
338 629 388 656 οὐκ
408 629 482 656 ἔστιν
507 632 594 657 εἰπεῖν
614 632 660 658 ἐπὶ
682 632 729 659 τοῦ
746 633 814 660 κατὰ
829 633 909 668 φύσιν

111 674 199 702 Θεοῦ.
222 674 379 710 Ἀσώματον
391 675 444 711 γὰρ
455 676 485 702 τδ
499 677 579 710 θεῖον,
603 678 628 703 εἰ
642 678 689 704 καὶ
698 679 726 704 ὲν
745 678 910 711 ἰδιαζούσαις

115 719 257 755 ὑπάρξεσι
267 721 317 755 τὴν
326 720 406 754 ἁγίαν
416 720 532 756 νοοῦμεν
542 722 656 757 Τριάδα.
669 723 762 758 Πατὴρ
775 724 828 759 γάρ
834 724 909 751 ἐστιν

114 765 132 790 ὁ
150 765 258 800 Πατὴρ,
276 766 322 792 καὶ
337 766 386 801 οὐχ
400 766 465 797 Υἱός
476 774 482 780 “
496 766 560 798 Υἱὸς
577 767 606 794 δὲ
621 767 702 794 πάλιν
716 769 730 794 ὸ
744 768 806 800 Υἱὸς
818 769 864 796 καὶ
877 770 906 796 οὐ

961 223 1014 250 lem
1039 230 1112 256 esse,
1125 231 1159 251 ex
1185 223 1220 251 iis
1240 223 1371 258 operibus
1395 231 1456 258 qua
1474 223 1544 252 facio
1565 224 1620 253 Deo
1643 235 1746 255 convc-

961 269 1113 302 nientibus,
1138 269 1191 296 etsi
1220 274 1332 304 propter
1359 276 1468 297 carnem
1490 270 1565 298 visus
1591 272 1642 298 sim
1669 273 1747 300 vobis

960 318 1092 349 tanquam
1108 323 1180 342 unus
1193 322 1208 342 e
1222 315 1314 349 vulgo.
1333 313 1410 342 Unde
1425 319 1515 349 potest
1531 315 1648 352 intelligi
1660 318 1746 357 quod,

963 369 974 385 ί
992 358 1049 394 Ego
1066 359 1093 387 in
1114 359 1204 393 Patre,
1215 364 1243 387 et
1257 361 1340 387 Pater
1354 360 1380 387 in
1399 369 1442 388 me
1454 361 1486 388 ³¹.
1505 371 1514 387 ι
1537 361 1604 388 Nam
1617 363 1748 391 substan~

960 406 1007 433 tim
1023 406 1155 434 identitas
1172 406 1282 433 Patrem
1311 407 1338 433 in
1363 406 1433 434 Filio
1449 412 1476 434 et
1499 407 1598 434 Filium
1616 409 1640 435 in
1664 408 1746 437 Patre

959 459 1022 479 esse
1042 459 1074 479 ac
1094 452 1179 479 videri
1196 451 1390 480 facit.Etenim
1408 452 1492 480 etiam
1513 453 1540 480 in
1559 454 1638 482 nobis
1656 454 1745 483 Patris

960 497 1048 523 nostri
1066 497 1222 524 substantia
1246 497 1427 531 cognoscitur
1445 496 1471 523 in
1483 504 1526 524 .eo
1539 505 1618 532 quem
1640 500 1745 533 genuit,

959 546 987 570 et
1003 542 1124 570 vicissim
1145 542 1173 569 in
1196 542 1319 577 genitore
1339 543 1433 578 geniti.
1451 541 1527 570 Unus
1549 543 1621 570 cnim
1642 544 1670 571 in
1686 552 1746 572 om-

958 587 1040 614 nibus
1053 591 1094 615 est
1108 592 1214 615 natura:
1226 589 1371 621 terminus,
1383 593 1410 615 et
1422 596 1516 616 omnes
1530 593 1626 616 natura
1647 598 1743 617 unum.

959 633 1014 661 Sed
1034 641 1067 662 eo
1087 636 1159 668 quod
1176 635 1340 669 corporibus
1357 635 1475 668 separati
1493 643 1600 668 sumus,
1616 635 1672 670 jam
1689 644 1744 664 non

959 679 1078 714 amplius
1096 679 1176 706 multi
1196 687 1292 712 unum,
1307 680 1382 714 quod
1395 680 1505 714 quidem
1519 681 1573 707 dici
1589 689 1643 708 non
1657 686 1745 716 potest

959 723 993 751 de
1023 724 1078 751 Deo
1100 725 1251 752 secundum
1279 729 1418 752 naturam.
1441 723 1577 753 Divinitas
1605 727 1678 754 enim
1703 732 1746 754 est

961 770 1138 805 incorporea,
1151 771 1262 798 tametsi
1278 771 1306 798 in
1327 771 1446 806 propriis
1461 772 1576 799 seorsim
1590 773 1744 801 subsisten-

114 811 214 846 Πατήρ
224 819 230 825 ·
248 812 295 837 καὶ
311 811 423 847 Πνεῦμα
436 812 512 846 ἆγιον
525 812 678 845 ἰδιαζόντως
693 813 724 839 τὺ
743 814 865 850 Πνεῦμα,
884 816 903 842 εἰ

961 814 1007 842 tiis
1029 818 1155 842 sanctam
1186 815 1359 849 concipimus
1376 814 1549 842 Trinitatem.
1569 815 1651 844 Pater
1672 818 1744 844 enim

115 857 164 883 καὶ
176 857 228 883 οὐκ
244 857 313 883 εἰσὶν
329 858 359 883 ἐν
375 858 525 890 διαστάσει,
540 858 584 885 διὰ
602 858 651 894 τὴν
663 860 731 896 πρὸς
742 860 843 896 ἄλληλα
852 870 908 888 κοι-

116 901 216 928 νωνίαν
233 910 262 928 τε
277 902 324 928 καὶ
337 903 460 937 ἑνότητα.
482 904 555 935 Μιᾶς
575 903 664 931 τοίνυν
683 904 767 940 οὔσης
783 906 909 942 θεότητος

117 947 146 973 ἐν
158 948 248 983 Πατρὶ
260 948 306 974 καὶ
318 947 376 983 Υἱῷ
392 949 438 974 καὶ
455 949 524 984 ἁγίῳ
536 949 685 985 Πνεύματι,
703 951 748 977 τὸν
760 952 868 988 Πατέρα
880 954 909 980 ὲν

118 993 187 1027 Υἱῴ,
202 994 249 1020 τὸν
260 994 287 1020 δὲ
301 994 364 1020 Υἱὸν
384 995 413 1020 ὲν
428 995 516 1029 Πατρὶ
529 995 644 1031 λέγομεν
666 997 791 1032 ὁρᾶσθαι.
813 999 909 1033 Ἀναγ-

116 1041 196 1065 καῖον
206 1039 235 1065 δὲ
245 1040 356 1065 κάκεῖνο
367 1039 475 1072 εἰδέναι,
484 1040 581 1075 ὅτιπερ
589 1041 618 1067 οὺ
630 1041 660 1068 τὸ
671 1041 812 1076 βούλεσθαι
823 1045 909 1071 ταύτὰ

116 1085 156 1120 τῷ
168 1086 258 1121 Πατρὶ
271 1105 279 1118 ,
294 1086 354 1112 οὐδὲ
367 1085 399 1112 τὸ
422 1086 485 1121 μίαν
500 1086 573 1121 ἔχειν
594 1087 660 1123 πρὸς
681 1088 762 1125 αὐτον
784 1089 906 1125 γνώμην,

117 1131 327 1166 παρασκευάζει
335 1131 424 1165 λέγειν
436 1131 481 1159 τὸν
495 1132 568 1159 Υἱόν·
578 1142 588 1158 ί
600 1133 670 1167 Ἐγὼ
679 1134 707 1161 ὲν
717 1135 756 1170 τῷ
765 1135 852 1171 Πατρὶ
861 1137 909 1162 καὶ

116 1177 131 1202 ὁ
143 1176 237 1212 Πατὴρ
249 1177 278 1202 ἐν
293 1177 366 1212 ἐμοὶ,
377 1186 386 1203 t
402 1177 450 1204 καὶ
465 1187 473 1202 ι
487 1178 557 1212 Ἐγὼ
570 1179 616 1206 καὶ
627 1179 640 1205 ό
650 1179 780 1215 Πατὴρὲν
797 1181 905 1215 "sapt-ww

116 1222 176 1248 ἀλλ’
191 1223 234 1249 ὅτι
248 1223 298 1258 τῆς
324 1223 371 1249 τοῦ
399 1224 505 1258 Πατρὺς
529 1224 624 1256 οὐσίας
650 1225 762 1261 γνήσιον
779 1226 908 1261 ὑπάρχων

117 1268 254 1304 γέννημα,
272 1268 362 1303 φαίνει
381 1270 429 1304 μὲν
444 1270 472 1296 ἐν
488 1270 577 1306 ἐαυτῷ
590 1271 635 1297 τὸν
648 1272 767 1307 Πατέρα,
784 1272 909 1306 φαίνεται

117 1315 145 1341 δὲ
168 1315 218 1341 καὶ
236 1316 318 1346 αὐτὸς
340 1317 368 1341 ἐν
385 1316 482 1351 Πατρί.
507 1317 575 1351 Φησὶ
590 1317 644 1352 γὰρ
659 1317 699 1344 ὅτι
722 1318 756 1344 τὰ
777 1318 846 1344 αὐτὰ
862 1319 908 1345 καὶ

110 1360 246 1396 »βούλεται
260 1362 307 1388 καὶ
325 1362 402 1388 λαλεῖ
415 1362 463 1389 καὶ
485 1363 571 1398 ἰσχύει
586 1364 625 1398 τῷ
639 1364 736 1399 Πατρὶ,
752 1364 798 1391 καὶ
810 1373 909 1400 κατορ-

109 1407 162 1433 κθοῖ
171 1407 320 1439 εὐκόλωεό
333 1407 414 1439 θέλει,
431 1408 478 1434 καὶ
491 1408 562 1443 ἅπερ
578 1409 592 1434 6
606 1409 700 1444 Πατὴρ
713 1411 794 1439 ποιεῖ.
812 1410 855 1436 ἵνα
865 1410 910 1437 διὰ

116 1453 230 1479 πάντων
242 1452 332 1488 δειχθῇ
351 1453 491 1488 ὁμοούσιος
505 1453 579 1489 αὑτῷ
596 1454 643 1480 καὶ
656 1454 705 1489 τῆς
719 1455 812 1486 οὐσίας
826 1455 907 1481 αὐτοῦ

959 864 1001 886 est
1018 859 1098 886 Pater
1109 864 1136 887 et
1154 867 1207 886 non
1220 858 1319 892 Filius,
1333 857 1421 888 Filius
1439 868 1535 888 rursus
1550 860 1636 889 Filius
1651 867 1677 888 et
1691 870 1746 889 non

959 906 1051 937 Pater,
1073 909 1100 932 et
1130 904 1251 941 Spiritus
1277 910 1392 934 sanctus
1411 907 1587 941 peculiariter
1613 907 1745 943 Spiritus,

959 950 1070 978 tametsi
1099 950 1170 978 inter
1196 959 1225 979 se
1252 959 1305 978 non
1329 950 1457 978 dilTerant
1482 956 1595 987 propter:
1621 960 1746 980 commu-

959 995 1069 1023 nionem
1090 995 1162 1023 inter
1182 1004 1211 1024 se
1228 1003 1260 1023 ac
1279 997 1420 1024 unitatem.
1433 996 1503 1024 Cum
1527 997 1613 1032 igitur
1635 1004 1688 1023 una
1709 998 1747 1025 sit

961 1041 1051 1069 deitas
1066 1042 1093 1068 in
1114 1042 1196 1070 Patre
1211 1046 1238 1070 et
1256 1041 1329 1069 Filio
1350 1046 1377 1070 et
1395 1042 1499 1077 Spiritu
1515 1047 1624 1077 sancto,
1637 1042 1745 1071 Patrem

959 1086 986 1113 in
1003 1086 1071 1114 Filio
1087 1093 1114 1115 et
1128 1087 1227 1115 Filium
1244 1089 1271 1115 in
1280 1088 1361 1116 Patre
1372 1088 1634 1124 conspicidicimus.
1650 1089 1703 1116 Sed
1718 1092 1746 1116 et

960 1132 1025 1159 illud
1051 1133 1121 1161 scire
1135 1141 1248 1161 necesse
1265 1138 1317 1166 est,
1335 1141 1389 1160 non
1404 1133 1477 1168 quod
1497 1134 1592 1160 eadem
1607 1134 1672 1161 velit
1682 1141 1745 1161 cum

959 1177 1052 1210 Patre,
1069 1178 1150 1213 eique
1171 1179 1252 1214 plane
1266 1179 1434 1211 consentiat,
1454 1179 1515 1206 ideo
1530 1178 1597 1206 eﬂici
1614 1184 1643 1206 ut
1658 1178 1745 1206 Filius

958 1222 1055 1250 dicat:
1077 1232 1086 1248 ι
1105 1223 1160 1258 Ego
1179 1224 1206 1250 in
1224 1223 1304 1251 Patre
1319 1227 1345 1250 et
1362 1222 1444 1250 Pater
1456 1224 1482 1250 in
1502 1231 1563 1256 me;
1580 1233 1589 1249 ι
1605 1229 1642 1256 et,
1658 1233 1668 1250 ι
1688 1224 1745 1259 Ego

958 1272 985 1295 et
998 1268 1079 1296 Pater
1097 1277 1181 1296 unum
1200 1277 1317 1297 sumus:
1333 1279 1341 1294 ι
1361 1267 1414 1296 Scd
1441 1270 1502 1304 quia
1519 1277 1581 1296 cum
1603 1270 1638 1296 sit
1655 1269 1745 1297 Patris

959 1315 1120 1343 substantiae
1137 1323 1284 1351 germanus
1306 1323 1338 1343 ac
1362 1315 1499 1350 ingenuus
1521 1315 1604 1347 l‘etns,
1624 1316 1745 1343 ostendit

959 1361 985 1388 in
1007 1362 1100 1396 seipse
1116 1361 1239 1394 Patrem,
1254 1361 1409 1388 ostenditur
1426 1365 1453 1388 e‘t
1469 1362 1527 1396 ipse
1550 1362 1576 1388 in
1594 1361 1684 1389 Patre.
1700 1362 1745 1388 Ait

958 1407 1031 1434 enim
1046 1408 1140 1435 eadem
1164 1415 1193 1435 se
1210 1407 1277 1434 velle
1292 1411 1319 1434 et
1335 1407 1411 1442 loqui
1425 1411 1451 1434 et
1474 1415 1555 1442 posse
1575 1415 1636 1447 cum
1651 1407 1743 1440 Patre,

958 1459 984 1480 et
1005 1453 1083 1481 facile
1101 1453 1231 1488 perlicere
1247 1451 1320 1488 quod
1333 1453 1407 1485 velit,
1422 1459 1448 1480 et
1473 1453 1556 1489 674
1572 1461 1745 1488 quiscunque

116 1499 226 1533 καρπὸς
245 1499 363 1534 ἀληθής
386 1499 433 1525 καὶ
447 1499 476 1525 οὐ
491 1500 571 1534 μόνον
589 1499 657 1534 ἔχων
675 1501 742 1536 πρὸς
761 1501 840 1527 αὐτὸν
854 1501 903 1528 ἑνό-

959 1499 1039 1526 Pater
1054 1499 1146 1531 faciat.
1171 1505 1200 1527 ut
1227 1507 1273 1533 per
1297 1500 1389 1527 omnia
1407 1499 1611 1527 demonstretur
1624 1500 1745 1526 consub-

115 1552 189 1579 τητα
198 1544 326 1579 σχετικὴν
336 1544 363 1570 ὲν
380 1544 471 1578 μόνοις
479 1544 582 1579 ὁμοίοις
593 1545 655 1580 θελή
661 1554 727 1580 μασι
739 1546 786 1572 καὶ
798 1546 907 1581 θεσμοῖς

116 1590 230 1625 ἀγάπης
239 1599 245 1605 ·
258 1590 271 1616 ό
281 1590 394 1621 καὶτοῖς
405 1590 536 1626 κτίσμασι
548 1593 688 1626 προσεῖναι
701 1592 826 1627 λέγομεν.
848 1593 908 1619 Ἔτι

116 1635 167 1662 καὶ
177 1636 192 1661 ὁ
208 1635 271 1667 Υἱὸς
285 1636 315 1661 ἐν
330 1635 369 1670 τῷ
383 1636 471 1671 Πατρὶ
486 1636 533 1662 καὶ
545 1637 560 1662 ὁ
572 1636 666 1672 Πατὴρ
678 1637 706 1663 ὲν
722 1637 761 1672 τῷ
777 1637 833 1672 Υἰῷ
848 1646 909 1673 νοη-

116 1681 231 1716 θὴσεται
248 1681 318 1708 κατὰ
337 1680 430 1708 τοῦτον
444 1682 489 1708 τὸν
508 1681 620 1717 τρόπον·
630 1683 682 1713 ὅτι,
695 1683 724 1708 οὐ
738 1683 862 1717 καθάπερ
875 1683 908 1710 τὰ

116 1728 270 1762 κτίσματα,
288 1728 320 1754 ὲκ
337 1727 384 1754 τοῦ
401 1727 438 1763 μὴ
453 1727 529 1759 δντος
550 1729 590 1759 εἰς
611 1727 641 1754 τὸ
658 1726 727 1754 εἶναι
743 1728 880 1764 παρῆλθεν
895 1729 908 1755 ό

116 1773 192 1804 Υἱὸς.
205 1773 224 1807 ἢ
239 1773 338 1806 ἐξωθέν
357 1773 440 1800 ποθεν
456 1773 505 1809 τὴν
520 1774 567 1800 τοῦ
583 1772 652 1800 εῖναι
667 1774 795 1801 σύστασιν
816 1775 907 1810 ἔσχεν,

115 1818 221 1846 ἁλλ’ὲκ
236 1819 284 1854 τῆς
303 1819 350 1845 τοῦ
374 1819 481 1854 Πατρδς
505 1818 599 1851 οὐσίας
614 1819 747 1855 προῆλθεν
761 1819 856 1856 ὥσπερ
876 1822 908 1848 ἐκ

116 1865 208 1898 φωτὸς
221 1864 406 1898 ἀπαύγασμα,
423 1863 498 1899 ἥκαὶ
513 1863 567 1890 ἀπό
587 1873 659 1895 τινος
675 1864 768 1900 πηγῆς
787 1865 908 1892 ἐκϐαίνοι

115 1911 249 1945 ποταμός.
269 1910 363 1937 Ἔστιν
376 1908 423 1937 οὖν
447 1912 504 1942 τοῖς
527 1910 610 1946 ὁρῶσι
633 1911 679 1937 τὸν
699 1911 773 1944 Υἰὺν,
796 1912 844 1947 τὴν
860 1911 907 1938 τοῦ

116 1956 223 1992 Πατρὺς
238 1956 332 1982 οὐσίαν
357 1957 433 1992 ὀρᾷν,
455 1957 501 1982 καὶ
520 1956 551 1983 τὴ
573 1955 621 1983 τοῦ
648 1958 827 1990 γεννήσαντος
845 1957 908 1984 ἴδιον

115 2002 171 2028 ἀπό
189 2010 218 2028 τε
232 2001 327 2028 τούτου
341 2004 427 2028 νοεῖν-
441 2003 536 2037 ὅτιπερ
553 2002 647 2036 ἐπειδὴ
668 2003 778 2038 σύμπαν
797 2003 827 2030 τὺ
839 2002 909 2034 εἶναι

117 2047 164 2074 τοῦ
178 2047 243 2073 Υἱοῦ
258 2049 290 2073 ἐκ
307 2048 356 2082 τῆς
372 2047 418 2074 τοῦ
436 2048 541 2083 Πατρὺς
564 2048 657 2080 οὐσίας
677 2049 810 2083 πρόεισιν,
828 2050 908 2081 αὐτός

117 2092 192 2118 ἑστιν
207 2093 236 2118 ὲν
249 2093 334 2128 Πατρί
346 2101 353 2107 ·
369 2094 415 2119 καὶ
428 2093 509 2119 πάλιν
526 2094 558 2119 ὲιι
570 2093 625 2119 τῶν
636 2094 772 2125 ἐναντίων,
790 2096 804 2121 ὁ
813 2096 908 2131 Πατήρ

118 2138 193 2163 ἐστιν
208 2138 237 2164 ὲν
257 2138 314 2173 Υίῷ
329 2159 336 2170 ,
354 2138 448 2174 ἐπειδὴ
475 2139 544 2174 ὅπερ
571 2139 645 2165 ἐστὶν
662 2139 742 2171 αὐτὸς
756 2141 788 2175 τῇ
817 2140 905 2174 φύσει,

118 2183 198 2210 τοῦτο
214 2184 262 2210 καὶ
281 2185 295 2211 ὁ
321 2184 350 2216 ἐξ
366 2185 448 2211 αὐτοῦ
471 2185 611 2220 προελθὼν
627 2186 721 2220 Λόγος.
735 2187 860 2214 Φαίνεται
876 2187 904 2214 δὲ

117 2231 164 2257 καὶ
179 2230 252 2257 ἐστιν
276 2232 306 2257 ὲν
326 2231 393 2266 Υἱῴ,
411 2231 505 2266 ὥσπερ
520 2229 565 2258 οὖν
580 2232 626 2258 καὶ
638 2233 666 2258 ὲν
689 2233 728 2267 τῷ
742 2233 867 2268 ποταμῷ,
887 2234 903 2268 ἡ

116 2274 211 2301 τοῦτον
227 2275 415 2307 ἀναϐλύζουσα
431 2277 517 2311 πηγή.
532 2276 568 2302 Τὸ
583 2277 635 2312 γὰρ
650 2276 713 2303 tam
725 2277 774 2311 τῆς
785 2276 832 2303 τοῦ
849 2277 904 2303 Πα-

116 2319 180 2354 τρὸς
193 2320 285 2352 οὐσίας
301 2321 330 2346 ὲν
345 2320 401 2355 Tit?)
418 2321 543 2356 κείμενον
554 2341 561 2354 ,
582 2322 629 2348 καὶ
652 2322 699 2356 τῆς
722 2321 857 2358 θεότητος,
870 2323 902 2349 ἶν’

116 2367 203 2399 οὕτως
220 2367 299 2398 εἴπω,
312 2368 342 2394 τὸ
357 2365 436 2400 εἶδος,
453 2368 570 2394 δεικνύει
587 2369 665 2395 πάλιν
678 2369 759 2395 αὐτὸν
775 2370 803 2395 ἐν
820 2368 903 2404 αὐτῷ.

122 2413 303 2448 Ἐπιτηρῆσαι
317 2414 345 2440 δὲ
357 2414 410 2449 χρὴ
423 2414 518 2447 ὅτιπερ
534 2415 563 2440 οὑ
580 2414 631 2448 τῆς
651 2414 785 2449 τυχούσης
801 2415 903 2440 οἰκονο-

117 2459 182 2493 μίας
208 2459 289 2485 ἒνεκα
315 2459 363 2493 τὴν
379 2459 507 2494 τοιαύτην
530 2460 621 2494 φωνὴν
635 2460 744 2495 εἴρηκεν
764 2461 778 2486 ὁ
797 2460 902 2495 Σωτήρ.

121 2504 230 2540 Ἐπειδὴ
254 2505 309 2540 γὰρ
328 2506 378 2540 τὴν
400 2506 553 2540 ταύτότητα
579 2506 629 2541 τῆς
653 2506 769 2540 φύσεως,
790 2507 822 2542 ἢν
846 2506 902 2541 ἕχει

115 2551 183 2586 πρὸς
196 2552 242 2578 τὸν
255 2551 437 2586 Γεννήσαντα,
451 2552 535 2584 δεῖξαι
553 2552 695 2588 βουληθεὶς
713 2549 799 2583 εἶπεν,
812 2562 821 2578 t
833 2551 902 2586 Ἐγὼ

115 2597 160 2623 καὶ
172 2598 186 2623 ὁ
200 2597 296 2632 Πατὴρ
311 2597 340 2623 ἓν
358 2598 442 2632 ἐσμεν
454 2606 461 2612 ’
475 2607 483 2623 ι
502 2598 545 2625 ἵνα
564 2598 601 2633 μή
617 2607 658 2629 τις
676 2597 755 2624 αὐτὸν
771 2596 839 2624 εἶναι
856 2600 902 2624 καὶ

114 2643 224 2677 Πατέρα
240 2643 288 2669 καὶ
299 2642 361 2668 Υίὸν
376 2643 517 2675 ὑπολάϐοι,
529 2643 619 2678 μόνοις
627 2643 756 2678 ὀνόμασιν
770 2644 809 2675 εἰς
821 2643 903 2670 δυάδα

112 2687 364 2721 διαστελλομένους,
384 2688 463 2719 ὄντας
484 2689 512 2714 δὲ
528 2689 576 2723 οὐχ
595 2688 679 2720 οὕτως
693 2689 720 2714 ἐν
743 2688 900 2720 ὑποστάσει,

111 2733 269 2768 ἀναγκαίως
280 2734 498 2770 ὲπεξηγούμενος
511 2736 578 2771 ὅπερ
593 2735 695 2771 εἴρηκε,
711 2734 758 2761 καὶ
771 2734 902 2769 σαφέστε-

142 2824 165 2841 ³¹
178 2824 263 2853 Joan.
281 2832 338 2857 xtv,
356 2823 398 2851 Η.

960 1544 1100 1572 stantialis
1115 1545 1150 1574 ei,
1170 1548 1198 1571 et
1217 1544 1381 1571 substantia:
1404 1543 1464 1578 ejus
1487 1543 1591 1571 fructus
1607 1551 1700 1576 verus,
1716 1548 1744 1571 et

960 1596 1012 1615 non
1032 1589 1119 1616 solum
1139 1588 1244 1616 habens
1268 1589 1301 1615 ad
1318 1597 1379 1616 eum
1398 1589 1528 1616 unitatem
1551 1593 1577 1616 et
1602 1589 1743 1616 habitudi-

959 1642 1020 1661 nem
1036 1635 1206 1669 reciprocam
1228 1635 1254 1661 in
1274 1635 1341 1662 solis
1362 1634 1499 1662 similibus
1515 1635 1702 1662 voluntatibus
1716 1639 1743 1662 et

959 1680 1066 1715 legibus
1090 1681 1258 1713 dilectionis,
1286 1688 1346 1714 qua:
1363 1681 1446 1714 etiam
1474 1681 1500 1707 in
1522 1682 1657 1708 creaturis
1682 1689 1743 1709 esse

958 1725 1087 1752 dicimus.
1108 1724 1243 1752 Praeterea
1270 1729 1297 1752 et
1318 1724 1404 1753 Filius
1430 1725 1458 1752 in
1485 1725 1564 1753 Patre
1578 1729 1604 1752 ct
1621 1725 1701 1752 Pater
1715 1727 1741 1753 in

958 1771 1029 1798 Filio
1053 1771 1222 1805 concipictur
1255 1779 1303 1806 per
1331 1770 1404 1798 hunc
1430 1771 1552 1802 modum.
1581 1771 1664 1805 quod,
1688 1778 1742 1798 non

958 1816 1189 1851 quemadmodum
1210 1820 1352 1849 creaturae,
1369 1823 1383 1842 a
1399 1823 1452 1842 non
1471 1824 1533 1843 esse
1552 1817 1585 1842 ad
1601 1824 1662 1844 esse
1678 1824 1742 1851 pro-

950 1861 1051 1900 cessit,
1066 1861 1108 1888 vel
1122 1862 1295 1888 extrinsecus
1311 1861 1438 1888 alicunde
1450 1861 1491 1888 sui
1513 1869 1575 1889 esse
1588 1861 1742 1888 subsisten-

958 1909 1024 1935 tiam
1046 1908 1162 1939 habens,
1178 1907 1226 1935 sed
1256 1915 1288 1934 ex
1312 1907 1401 1934 Patris
1427 1908 1583 1934 substantia
1609 1908 1740 1940 manavit,

959 1957 1091 1988 tanquam
1113 1960 1127 1979 a
1151 1952 1255 1979 lumine
1272 1951 1412 1986 splendor,
1427 1952 1468 1979 vel
1495 1953 1529 1979 ab
1551 1953 1642 1987 aliquo
1667 1953 1742 1980 fonte

958 2001 1047 2028 oritur
1068 1999 1181 2026 ﬂumen.
1202 1999 1251 2026 Est
1279 1999 1364 2034 igitur
1389 1999 1566 2026 cernentibus
1590 1999 1688 2026 Filium
1714 2004 1741 2027 et

957 2045 1049 2073 Patris
1071 2045 1254 2073 substantiam
1272 2052 1395 2076 cernere,
1411 2048 1437 2071 et
1452 2045 1586 2079 genitoris
1601 2047 1739 2079 proprium

957 2099 990 2119 ex
1009 2099 1041 2119 eo
1060 2091 1206 2125 concipere
1221 2101 1227 2118 ς
1242 2090 1314 2125 quod
1340 2091 1403 2125 quia
1420 2091 1576 2118 universum
1594 2099 1655 2118 esse
1678 2090 1738 2118 Filii

959 2145 991 2164 ex
1006 2137 1097 2165 Patris
1115 2137 1270 2164 substantia
1286 2136 1419 2171 procedit,
1435 2137 1493 2170 ipse
1507 2140 1550 2163 est
1567 2136 1594 2162 in
1609 2135 1699 2169 Patre,
1714 2141 1740 2163 et

923 2178 944 2204 ἶ)
961 2192 1058 2211 rursus
1073 2191 1088 2211 e
1105 2188 1201 2212 contra
1216 2182 1296 2209 Pater
1312 2187 1354 2210 est
1377 2183 1404 2208 in
1423 2181 1503 2214 Filio,
1521 2183 1649 2216 quoniam
1667 2183 1738 2217 quod

958 2234 1000 2258 est
1017 2231 1063 2257 ille
1083 2235 1193 2260 natura.
1209 2229 1261 2256 hoc
1278 2233 1305 2256 et
1325 2237 1356 2256 ex
1376 2236 1408 2256 eo
1430 2228 1592 2263 proveniens
1609 2227 1737 2255 Verbum.

957 2276 1079 2311 Apparet
1096 2283 1160 2303 vero
1173 2279 1200 2302 et
1213 2279 1255 2302 est
1277 2275 1304 2302 in
1329 2274 1409 2303 Filio.
1426 2274 1562 2308 quomodo
1574 2280 1602 2300 et
1617 2275 1643 2300 in
1658 2274 1739 2301 lluvio

957 2322 1002 2356 qui
1020 2322 1095 2348 illum
1117 2321 1232 2349 scaturit
1245 2325 1271 2348 et
1298 2321 1399 2347 emittit
1423 2320 1493 2346 fons.
1507 2319 1648 2354 Proprium
1667 2322 1737 2347 enim

955 2367 1046 2395 Patris
1067 2368 1228 2395 substantia:
1243 2368 1269 2394 in
1286 2366 1356 2393 Filio
1372 2367 1452 2393 situm
1464 2374 1471 2399 ;
1482 2371 1509 2393 et
1522 2366 1644 2398 deitatis,
1660 2370 1688 2393 ut
1702 2371 1738 2393 ita

956 2412 1063 2446 loquar,
1084 2412 1191 2447 species
1217 2411 1315 2438 iterum
1344 2411 1434 2445 ipsum
1455 2412 1480 2438 in
1498 2419 1530 2438 eo
1551 2415 1737 2446 repraesentat.

956 2457 1010 2484 Sed
1029 2461 1055 2485 et
1074 2458 1279 2485 observandum
1298 2461 1350 2488 est,
1371 2464 1424 2483 non
1446 2455 1480 2483 de
1495 2456 1582 2483 nihilo
1598 2464 1668 2489 esse,
1690 2464 1738 2483 nec

956 2504 1062 2538 absque
1087 2511 1193 2530 summa
1224 2503 1331 2530 ordinis
1360 2503 1477 2532 ratione.
1502 2502 1574 2537 quod
1603 2502 1737 2536 ejusmodi

956 2557 1049 2576 vocem
1087 2549 1199 2584 protulit
1229 2548 1370 2576 Senator.
1402 2548 1628 2582 Quandoquidem
1665 2549 1738 2574 enim

955 2595 1129 2623 identitatem
1149 2601 1254 2622 natura
1269 2603 1349 2630 quant
1368 2602 1429 2621 cum
1448 2594 1528 2621 Patre
1550 2594 1629 2620 habet
1643 2599 1737 2620 osten-

954 2643 1018 2670 dere
1032 2642 1124 2669 volens
1144 2641 1212 2668 dixit
1227 2650 1233 2667 :
1255 2650 1263 2665 ι
1286 2641 1340 2675 Ego
1357 2644 1384 2668 et
1400 2639 1481 2667 Pater
1497 2647 1579 2666 unum
1600 2646 1706 2672 sumus,
1724 2648 1734 2665 ι

955 2696 988 2714 ne
1003 2687 1065 2722 quis
1084 2695 1146 2713 eum
1171 2694 1231 2713 esse
1248 2689 1275 2713 et
1297 2686 1400 2712 Patrem
1425 2690 1451 2713 et
1470 2684 1567 2712 Filium
1587 2685 1737 2716 existimet.

954 2734 1020 2761 solis
1039 2732 1197 2760 nominibus
1219 2731 1247 2759 in
1270 2731 1408 2759 binarium
1431 2731 1547 2764 divisos,
1564 2737 1736 2766 nequaquam
