1906 3037
103 118 147 147 ετ

540 118 573 147 IN
593 116 765 148 JOANNEM.
780 135 813 139 _
827 116 894 161 ue.

956 118 962 145 l
978 116 1021 147 ET
1041 117 1098 146 Vill
1114 116 1338 147 FRAGMENTA.
1709 121 1745 150 33

103 177 155 205 δή
182 176 229 204 τοῦ
258 176 339 210 ἁγίου
372 177 570 213 βαπτίσματος,
598 177 811 213 ἀποκομίζονται
838 177 902 213 πρὸς

958 176 1094 212 siquidem
1112 177 1223 204 transiit
1235 184 1250 204 a
1263 176 1406 212 Synagoga
1416 173 1572 204 Iudaeorum
1589 177 1621 205 ad
1638 183 1744 214 gentes,

105 224 187 251 ϐίον·
202 224 249 250 καὶ
276 224 333 259 γὰρ
357 225 458 260 μετέϐη
478 224 532 251 ἀπὸ
542 224 591 259 τῆς
607 224 661 250 τῶν
682 223 816 250 Ἰουδαίων
837 224 903 250 Συν-

105 270 222 304 αγωγῆς
239 269 286 296 ἐπὶ
301 270 335 296 τὰ
347 269 423 304 ἔθνη·
436 270 483 296 καὶ
496 269 557 296 τότε
572 269 664 295 πολλοὶ
677 267 758 305 ἦλθον
771 269 839 304 ’πρὸς
852 269 901 296 αύ-

105 314 166 345 τδν,
181 315 229 341 καὶ
245 314 408 341 ἐπίστευσαν
419 316 479 346 ταῖς
491 315 555 350 περὶ
564 314 646 341 αὑτοῦ
662 314 814 349 λεχθείσαις
828 314 902 350 παρὰ

105 360 165 386 τῶν
180 359 267 394 ἁγίων
294 361 407 394 φωναῖς,
426 361 472 386 καὶ
497 360 655 386 πιστεύουσι
669 360 709 391 εἰς
731 359 812 386 αὐτὸν
833 361 900 391 ἐκεῖ,

108 405 179 431 ὅπου
203 405 232 432 αἱ
256 405 310 431 τῶν
335 405 439 432 ὑδάτων
460 405 558 440 πηγαὶ,
585 405 652 431 ὅπου
675 405 705 431 τὸ
722 405 768 431 ἐπὶ
792 403 902 440 Χριστῷ

108 449 294 484 διδασκόμεθα
307 451 465 485 μυστήριον.
489 450 517 476 ’0
537 450 590 485 γὰρ
604 450 720 485 Χριστὸς
735 450 784 476 οὒκ
800 450 829 475 ἐν
847 451 903 480 τοῖς

110 495 181 529 πρὸς
211 495 346 530 Ἰορδάνην
367 495 483 529 νάμασιν
502 493 546 530 ἦν·
574 495 642 521 ἀλλὰ
665 495 750 529 πέραν
773 502 833 520 που*
856 494 903 520 καὶ

110 539 198 565 ἐλθὼν
209 539 316 574 ἔμεινεν
336 540 364 566 ὲν
378 540 410 574 τῇ
428 539 457 572 ἐξ
469 539 552 565 ἐθνῶν
573 538 721 574 Ἐκκλησία
735 538 902 574 προσμείνας

110 585 230 618 παγίως.
247 585 378 620 Τιμῶμεν
399 585 426 611 δὲ
441 584 486 611 τὸν
508 585 644 618 Ἰωάννην,
660 585 709 619 οὐχ
731 585 768 616 ὡς
787 585 900 620 ἐνεργή-

110 632 199 658 σαντά
219 640 245 658 τι
266 631 427 666 θεοπρεπὲς,
450 630 507 657 ἀλλ’
528 631 565 662 ὡς
587 630 672 665 ἁληθῆ
697 630 760 665 περὶ
782 629 900 665 Χριστοῦ

111 679 334 714 μαρτδρήσαντα.
366 677 403 702 Οὔ
433 677 512 711 μόνον
533 677 587 712 γὰρ
612 676 750 706 Ἰωάννου.
771 675 838 702 ἀλλὰ
856 676 901 702 καὶ

111 724 214 755 παντὸς
228 723 306 757 ἁγίου
322 723 336 749 ὁ
358 723 474 758 Χριστὸς
498 722 726 758 θαυμαστότερος’
743 723 768 748 οἱ
784 723 832 757 μὲν
847 722 901 757 γὰρ

112 769 265 804 προφῆται,
278 769 300 795 ,ό
314 768 342 794 δὲ
365 768 430 799 Θεὸς
448 768 664 804 θαυματουργός.
686 768 855 804 Σημειωτέον
874 768 901 794 δὲ

956 227 982 250 et
992 227 1058 250 tunc
1069 223 1146 250 multi
1163 227 1299 252 venerunt
1312 222 1345 249 ad
1363 230 1439 256 eum,
1455 228 1482 250 et
1495 224 1671 252 crediderunt
1683 233 1745 252 ver-

956 269 998 296 bis
1017 269 1051 296 de
1066 276 1099 296 eo
1116 277 1163 304 per
1183 273 1296 296 sanctos
1317 269 1450 303 prolatis,
1469 274 1496 296 et
1516 270 1554 296 ibi
1575 270 1694 297 credunt
1715 272 1742 298 in

955 322 1017 341 eum
1031 334 1038 345 ,
1060 314 1107 341 ubi
1133 322 1267 349 aquarum
1289 318 1354 341 sunt
1376 314 1486 347 fontes,
1505 315 1551 342 ubi
1572 315 1675 343 Christi
1695 317 1744 342 do-

955 367 1049 387 centur
1071 361 1244 395 mysterium.
1265 359 1393 388 Christus
1413 361 1484 387 enim
1506 368 1560 388 non
1580 366 1638 388 erat
1659 361 1690 388 ad
1709 362 1744 389 ri-

953 413 1002 432 vos
1028 405 1102 432 circa
1128 405 1290 438 Iordanem,
1310 407 1357 433 sed
1378 407 1450 433 ultra
1469 406 1590 438 alicubi,
1608 414 1662 442 quo
1680 414 1742 434 eum

956 451 1094 483 venisset,
1115 453 1216 478 mansit
1237 451 1263 478 in
1282 451 1401 485 gentium
1424 451 1566 484 Ecclesia.
1585 457 1611 479 et
1631 452 1742 479 stabilis

955 497 1066 523 mansit.
1082 496 1206 523 Colimus
1222 504 1288 523 vero
1302 495 1436 523 Joannem
1451 518 1459 530 ,
1476 505 1531 524 non
1547 503 1675 532 tanquam
1692 497 1743 523 ali-

956 541 1022 575 quid
1045 541 1169 568 divinum
1196 546 1357 577 operatum,
1387 542 1433 570 sed
1462 546 1592 576 tanquam
1621 550 1684 569 vera
1708 541 1742 569 de

954 586 1066 614 Christo
1088 591 1230 614 testatum.
1252 587 1310 614 Non
1339 588 1427 615 solum
1450 588 1522 615 enim
1549 587 1672 619 Joanne,
1694 588 1742 614 sed

953 634 1027 661 omni
1048 637 1146 660 sancto
1166 632 1296 660 Christus
1320 638 1361 660 est
1377 634 1567 661 admirabilior
1584 644 1590 661 :
1609 634 1646 660 illi
1667 634 1742 660 enim

955 679 1114 714 prophetae,
1141 678 1185 705 hic
1213 686 1280 706 vero
1305 678 1378 706 Deus
1398 680 1530 707 miracula
1552 680 1666 708 faciens.
1685 679 1741 707 Νο-

953 723 1066 751 tandum
1085 723 1169 758 676
1189 730 1286 757 porro,
1304 726 1361 749 tum
1379 722 1515 756 Joannis,
1533 727 1589 750 tum
1613 725 1741 759 reliquo-

954 777 1014 796 rum
1039 769 1235 804 prophetarum
1264 769 1348 796 verba
1375 769 1483 795 munire
1511 769 1582 796 viam
1605 769 1639 796 ad
1662 770 1740 797 [idem

111 814 154 840 ὅτι
166 813 225 845 ὁδός
237 815 305 840 εἰσιν
318 814 342 839 οἱ
362 813 483 840 Ἰωάννου
504 814 550 839 καὶ
573 813 624 839 τῶν
640 813 741 840 λοιπῶν
757 812 902 849 προφητῶν
920 815 941 842 Β
953 815 1068 843 Christi.

110 859 198 893 λόγοι,
210 860 249 891 είς
263 859 293 885 τὸ
308 859 451 886 πιστεῦσαι
466 859 586 894 Χριστῷ,

145 903 202 933 Ἦν
214 906 249 932 δέ
258 915 304 939 τις
315 905 453 933 ἀσθενῶν
470 905 610 939 Λάζαρος.
628 905 675 932 καὶ
690 904 724 931 τὰ
739 904 814 940 έξῆςι

154 951 296 986 Ἐπίτηδες
311 951 340 977 δὲ
354 951 490 986 μέμνηται
509 950 564 977 τῶν
587 950 725 984 ὀνομάτων
738 949 793 977 τῶν
813 958 903 984 γυναι‹

112 996 170 1023 κῶν
188 999 202 1023 ὁ
216 997 422 1032 εὑαγγελιστὴς,
440 997 546 1028 δεικνὺς
568 997 608 1022 ὅτι
630 996 760 1031 ἐπίσημοι
782 993 852 1031 ἦσαν
864 996 902 1028 ὡς

109 1042 259 1074 θεοσεϐεῖς·
276 1042 316 1069 διὸ
333 1042 380 1069 καὶ
396 1042 492 1077 ἠγάπα
509 1041 614 1073 αὑτὰςό
629 1041 738 1077 Κύριος,
751 1042 859 1069 Πολλῶν
873 1042 902 1068 δὲ

112 1089 274 1123 γεγονότων,
289 1088 326 1120 ὡς
339 1089 422 1120 εἰκὸς,
434 1089 473 1119 είς
487 1087 532 1114 τὸν
546 1088 647 1122 Κύριον
660 1087 713 1113 ὑπὸ
723 1087 771 1122 τῆς
781 1087 901 1123 Μαρίας,

113 1134 161 1162 τοῦ
181 1135 266 1170 μύρου
294 1134 428 1170 μέμνηται
447 1134 496 1168 οὐχ
511 1134 548 1164 ὡς
568 1133 672 1168 ἔτυχεν.
692 1133 749 1160 ἀλλ’
769 1134 812 1160 ἴνα
828 1133 902 1170 δείξῃ

113 1181 155 1207 δτι
184 1179 318 1214 τοσαύτην
343 1178 398 1214 εἶχε
424 1179 504 1214 δίψαν
528 1179 544 1213 ἡ
569 1178 662 1214 Μαρία
683 1179 748 1214 περὶ
765 1180 810 1206 τὸν
835 1180 902 1214 Χρι-

115 1227 190 1256 στὸν.
208 1226 248 1252 ὅτι
277 1225 390 1260 ὲξέμαξε
419 1225 482 1256 τοὺς
508 1225 590 1256 πόδας
618 1225 701 1251 αὑτοῦ
725 1226 786 1257 ταῖς
824 1225 902 1256 ἰδίαις

114 1272 199 1307 θριξὶ,
221 1271 339 1307 ζητοῦσα
353 1271 401 1307 τὴν
418 1272 449 1297 ὲκ
466 1271 514 1306 τῆς
531 1271 611 1305 ἁγίας
636 1271 737 1306 σαρκὸς
753 1279 903 1306 πνευματι-

114 1319 168 1353 κὴν
189 1318 313 1352 εὐλογίαν
327 1317 526 1352 ἀναμάξασθαι.
541 1318 700 1353 Θερμοτέρα
713 1318 741 1344 δὲ
761 1319 776 1353 ὴ
796 1318 900 1353 Μαρία,

113 1365 161 1392 διὰ
172 1365 219 1391 τοῦ
235 1364 424 1399 προσεδρεύειν
435 1364 646 1400 ἀπερισπάστως
667 1364 705 1400 τῷ
720 1363 840 1400 Χριστῷ,
853 1364 901 1400 τὴν

115 1412 185 1447 πρὸς
203 1410 283 1437 αὑτὸν
301 1409 478 1446 ἐπισπωμένη
489 1409 655 1445 οἰκειότητα.

158 1498 381 1525 Ἀποστέλλουσιν
403 1499 430 1525 αι
455 1499 581 1532 γυναῖκες
600 1497 668 1532 πρὸς
680 1497 725 1524 τὸν
738 1497 839 1532 Κύριον
859 1498 902 1525 ἀεὶ
915 1497 936 1526 C

115 1544 169 1580 μὲν
192 1544 318 1571 θέλουσαι
341 1544 422 1570 αὐτὸν
448 1544 521 1579 ἔχειν
540 1543 651 1579 πλησίον
668 1543 782 1574 ἑαυτῶν,
802 1544 860 1570 τότε
873 1544 901 1570 δὲ

115 1589 303 1625 εὐπροσώπως
320 1589 398 1616 τοῦτο
424 1589 467 1615 διὰ
491 1589 536 1615 τὸν
558 1589 750 1625 ἀρρωστοῦντα
766 1588 900 1615 ποιοῦσαι.

124 1635 280 1662 Ἐπίστευσν
291 1635 353 1670 γὰρ,
365 1634 403 1666 ὡς
414 1635 438 1661 εί
450 1634 546 1669 φανείη
560 1635 638 1669 μόνον
648 1634 662 1660 ὁ
677 1634 801 1670 Χριστὸς,
814 1634 902 1660 ἀπαλ-

117 1679 214 1714 λαγείη
233 1680 281 1714 τῆς
303 1680 379 1705 νόσου
403 1680 417 1705 ὀ
441 1679 576 1713 κείμενος.
599 1679 850 1713 ’Υπομιμνήσκιιυσι
875 1678 903 1705 δὲ

117 1724 168 1759 τῆς
191 1724 302 1758 ἀγάπης
321 1722 354 1760 ἧς
378 1722 435 1759 εἶχε
467 1724 535 1759 πρὸς
551 1724 596 1751 τὸν
617 1724 755 1756 νοσοῦντα,
777 1724 904 1751 ἕλκουσαι

118 1769 200 1796 αὑτὸν
224 1770 268 1796 δια
292 1770 386 1796 τούτου
413 1771 479 1796 ἐκεῖ·
505 1770 614 1805 ᾔδεισαν
636 1770 690 1805 γὰρ
706 1770 746 1796 ὅτι
764 1770 903 1804 ἐφρόντιζε

118 1815 225 1842 τούτου.
243 1817 296 1842 Καὶ
309 1816 424 1851 ἠδύνατο
445 1816 495 1851 μὲν
515 1817 561 1843 καὶ
584 1815 660 1842 ἀπὼν
670 1815 707 1847 ὡς
722 1816 787 1847 Θεὸς
802 1816 847 1842 καὶ
871 1815 904 1842 τὰ

119 1862 208 1889 πάντα
230 1862 378 1898 περιέπων,
394 1862 561 1897 θεραπεῦσαι
584 1862 674 1888 αὑτὸν·
689 1863 762 1897 ὅμως
781 1861 903 1897 ἐνόμιζον

118 1908 160 1934 ὅτι
175 1908 199 1934 εί
216 1908 316 1942 παρῆν,
331 1909 408 1944 χεῖρα
423 1907 455 1935 ἂν
474 1908 580 1943 ὀρέξας,
597 1909 707 1942 ἤγειρεν
727 1908 816 1934 αὐτόν.
839 1909 904 1933 Δυσ-

120 1953 233 1989 φοροῦσι
258 1954 296 1983 δὲ,
310 1954 347 1985 ὡς
373 1953 457 1984 εἰκὸς,
479 1954 569 1988 οἴομαι
589 1953 617 1978 δὲ
639 1952 707 1988 μηδὲ
730 1952 904 1987 ἀρῤωστῆσαι

119 1999 187 2031 ὅλως
200 1999 246 2025 τὸν
263 1999 396 2032 Λάζαρον,
414 2001 438 2025 εἰ
454 1999 492 2034 μὴ
508 1999 644 2034 ἠμέλησεν
657 1998 738 2024 αὐτοῦ
753 1999 767 2024 ό
778 1997 902 2032 Χριστός·

120 2043 213 2070 Πάντα
231 2044 295 2078 γὰρ,
312 2044 402 2077 φασὶν,
423 2043 538 2078 ἐχόντων
555 2044 590 2069 τὰ
606 2043 695 2077 ἀγαθὰ
720 2042 773 2069 τῶν
793 2043 906 2076 ἀγαπω-

122 2090 209 2125 μένων
223 2089 298 2124 παρὰ
320 2089 397 2120 Θεοῦ,
409 2089 452 2116 διὰ
477 2090 558 2115 ποίαν
571 2089 660 2115 αἰτίαν
677 2088 757 2120 αὐτὸς
768 2088 796 2114 ὃν
808 2087 903 2122 φιλεῖς,

120 2136 243 2168 deﬂuat;
269 2136 303 2161 Ἦ
320 2136 367 2165 καὶ
393 2135 471 2162 τοῦτό
494 2143 569 2169 φασυ
587 2134 699 2169 Μεγάλη
713 2135 762 2168 τῆς
784 2134 861 2160 νόσου
885 2135 902 2169 ἡ

987 903 1033 936 XI,
1055 903 1078 930 l.
1100 902 1167 930 Erat
1182 908 1269 930 autem
1284 904 1391 939 quidam
1406 903 1531 938 languens
1544 902 1675 936 Lazarus,
1686 908 1739 931 etc.

988 948 1110 975 Meminit
1126 956 1158 975 ex
1179 947 1306 983 professo
1325 948 1493 982 evangelista
1514 948 1658 975 nominum
1678 956 1740 975 mu-

952 992 1050 1020 lierum
1062 1013 1069 1026 ,
1085 993 1238 1021 ostendens
1254 1001 1301 1021 eas
1318 993 1406 1020 fuisse
1419 994 1542 1020 illustres
1552 1012 1559 1024 ,
1574 997 1667 1028 utpote
1680 994 1741 1028 pias

952 1044 978 1066 et
995 1039 1142 1074 religiosas
1153 1059 1160 1071 ,
1176 1043 1322 1074 propterea
1338 1043 1366 1066 et
1381 1038 1514 1066 Dominus
1532 1046 1581 1065 eas
1598 1038 1738 1073 diligebat.

952 1085 1020 1113 Cum
1041 1089 1131 1112 autem
1159 1090 1302 1113 exstarent
1324 1086 1409 1112 multa
1432 1085 1458 1112 in
1479 1085 1622 1112 Dominum
1649 1085 1741 1112 Mariae

953 1131 1103 1165 promerita
1115 1151 1122 1163 ,
1140 1131 1273 1166 unguenti
1291 1131 1433 1162 meminit,
1454 1138 1507 1157 non
1526 1137 1668 1165 perperam
1688 1138 1740 1158 nec

952 1177 1026 1204 aliud
1043 1185 1137 1212 agens.
1154 1178 1202 1205 sed
1218 1182 1247 1204 ut
1261 1177 1433 1204 demonstret
1452 1181 1528 1203 tanta
1546 1177 1592 1203 siti
1623 1175 1740 1203 Mariam

951 1231 1017 1258 erga
1036 1223 1176 1251 Christum
1204 1224 1356 1254 exarsisse,
1379 1227 1409 1250 ut
1433 1223 1516 1257 pedes
1546 1222 1606 1257 ejus
1631 1222 1740 1257 capillis

952 1269 1132 1300 absterserit.
1154 1269 1270 1303 cupiens
1291 1277 1323 1296 ex
1344 1272 1442 1296 sancto
1461 1276 1578 1303 corpore
1599 1275 1630 1294 ac
1651 1275 1736 1294 carne

951 1315 1122 1349 spiritualem
1149 1315 1303 1349 exprimere
1324 1314 1556 1342 benedictionem.
1578 1313 1625 1340 Est
1646 1317 1740 1339 autem

952 1360 1092 1387 ardentior
1110 1359 1206 1393 Maria,
1226 1363 1256 1386 ut
1273 1368 1333 1395 quae
1343 1365 1474 1395 perpetuo
1490 1360 1602 1387 Christo
1618 1359 1740 1385 adhaere-

952 1411 1010 1438 ret,
1037 1414 1088 1434 nec
1113 1407 1147 1434 ab
1166 1414 1199 1434 eo
1225 1415 1255 1434 se
1281 1407 1360 1433 avelli
1387 1410 1536 1441 pateretur,
1563 1409 1646 1439 atque
1671 1403 1740 1431 adeo

953 1460 1079 1487 magnam
1097 1460 1159 1480 cum
1179 1453 1229 1479 illo
1247 1452 1310 1479 inde
1328 1452 1515 1479 contraxisset
1532 1451 1704 1477 alliuitatem.

989 1498 1100 1525 Mittunt
1122 1498 1157 1525 ad
1180 1497 1327 1525 Dominum
1351 1498 1499 1527 mulieres.
1524 1503 1604 1531 quem
1628 1496 1740 1530 quidem

954 1552 1061 1579 semper
1076 1544 1129 1571 sibi
1146 1544 1303 1579 proximum
1319 1543 1421 1570 habere
1435 1542 1601 1577 cupiebant,
1619 1541 1666 1568 sed
1683 1545 1741 1568 tum

954 1590 1072 1617 maxime
1088 1598 1142 1617 non
1161 1591 1220 1617 siue
1239 1593 1371 1624 praetextu
1388 1589 1506 1615 honesto
1521 1593 1634 1622 propter
1650 1595 1740 1622 aegro-

953 1639 1068 1663 tantem.
1103 1635 1260 1663 Credebant
1289 1635 1361 1661 enim
1391 1634 1436 1661 ubi
1465 1633 1549 1660 semel
1574 1637 1740 1667 conspectus

954 1685 1027 1708 esset
1042 1680 1188 1714 Christus,
1211 1688 1273 1708 eum
1289 1681 1335 1714 qui
1348 1680 1457 1714 jacebat
1479 1679 1575 1706 morbo
1590 1679 1740 1705 liberatum

955 1727 1007 1753 iri:
1024 1730 1052 1753 et
1071 1726 1098 1753 in
1117 1726 1278 1753 memoriam
1297 1726 1321 1752 ei
1342 1729 1475 1752 remeant
1493 1724 1667 1751 dilectionem
1686 1731 1740 1758 qua

954 1779 1055 1807 azgrum
1079 1776 1242 1806 prosecutus
1265 1775 1355 1804 esset,
1379 1779 1442 1798 eum
1471 1771 1522 1798 hoc
1545 1770 1626 1797 modo
1652 1771 1685 1796 ad
1710 1777 1741 1796 se

954 1818 1114 1850 trahentes,
1146 1817 1218 1845 haud
1248 1818 1344 1852 utique
1371 1817 1475 1851 iguarze
1503 1816 1544 1843 illi
1577 1822 1740 1850 magnopere

954 1872 1028 1892 curae
1041 1871 1102 1892 esse
1118 1864 1238 1891 hominis
1256 1863 1486 1891 incolumitatem.
1506 1863 1538 1889 Et
1554 1866 1661 1896 poterat
1677 1861 1740 1895 qui-

955 1910 1016 1938 dem
1034 1910 1098 1937 licet
1115 1910 1217 1937 absens
1231 1914 1364 1944 tanquam
1388 1906 1460 1936 Deus
1478 1913 1506 1936 et
1525 1908 1617 1935 ouinia
1639 1908 1740 1942 guber-

955 1961 1025 1981 nans
1038 1962 1100 1982 eum
1124 1961 1240 1987 curare;
1258 1959 1347 1982 tamen
1370 1954 1564 1981 existimabant
1585 1953 1607 1979 si
1630 1953 1740 1978 adesset

955 2005 1083 2036 porrecta
1099 2008 1181 2028 manu
1196 2008 1258 2028 eum
1277 2000 1359 2028 facile
1372 2000 1566 2027 excitaturum.
1581 1999 1672 2031 Quare
1685 2006 1739 2025 non

955 2046 1093 2074 immerito
1106 2046 1177 2073 hanc
1190 2046 1342 2073 absentiam
1357 2053 1428 2080 aegre
1441 2045 1550 2072 ferunt:
1563 2044 1645 2070 credo
1657 2043 1738 2070 etiam

955 2100 1008 2120 nec
1028 2093 1142 2120 omnino
1163 2096 1362 2127 mgrotaturum
1389 2091 1476 2118 fuisse
1501 2090 1656 2121 Lazarum,
1684 2089 1739 2116 nisi

956 2145 1018 2165 eum
1044 2139 1118 2165 velut
1144 2138 1277 2165 oblivioni
1307 2137 1468 2164 tradidisset
1497 2135 1651 2163 Christus:
1676 2142 1738 2161 cum

120 2181 269 2217 θρασύτης,
281 2182 320 2208 ὅτι
335 2181 536 2216 κατετόλμησεν
550 2180 690 2207 ἐπιθέσθαι
703 2181 758 2212 τοῖς
769 2181 820 2206 ὑπὸ
835 2181 901 2207 Θεοῦ

956 2184 1030 2210 enim
1057 2184 1105 2218 qui
1123 2184 1278 2218 diliguntur
1294 2190 1309 2209 a
1328 2183 1381 2209 Deo
1397 2182 1472 2209 nullo
1489 2190 1542 2208 non
1560 2188 1658 2216 genere
1675 2180 1737 2206 boni

119 2226 320 2260 ἀγαπωμένοις.
333 2225 409 2260 Τάχα
423 2225 450 2251 δὲ
465 2225 512 2251 καὶ
522 2225 640 2251 τοιοῦτόν
649 2233 673 2251 τι
685 2225 791 2251 δοκοῦσι
802 2225 899 2260 λέγειν.

123 2273 234 2307 Ἐπειδὴ
262 2272 309 2298 καὶ
329 2267 392 2303 ’τοὺς
401 2271 513 2306 ἐχθροὺς
529 2272 638 2306 ἀγαπᾷς
662 2271 709 2298 καὶ
729 2271 900 2307 θεραπεύεις,

117 2317 209 2352 πολλῴ
218 2317 316 2352 μᾶλλον
326 2317 472 2352 χρεωστείς
483 2317 523 2347 εἰς
533 2315 596 2346 τοὺς
607 2316 770 2349 ἀγαπῶντάς
786 2325 815 2342 σε
826 2317 905 2344 τοῦτο

116 2363 294 2394 ἐνδείξασθαι.
310 2362 429 2388 Δύνασαι
447 2361 502 2396 γὰρ
515 2362 544 2388 ὲν
561 2361 632 2396 μόνῳ
651 2361 690 2396 τῷ
707 2362 793 2388 θέλειν
816 2363 904 2391 πάντα

115 2410 238 2443 ποιῆσαι.
264 2407 385 2438 Πίστεως
406 2405 452 2434 οὖν
470 2408 484 2433 ὁ
504 2406 581 2440 λόγος
602 2407 698 2441 μεστὸς
719 2407 767 2434 καὶ
789 2409 839 2443 τῆς
862 2409 902 2441 είς

114 2455 232 2490 Χριστὸν
245 2453 421 2489 γνησιότητος
436 2452 580 2484 ἀπόδειξις.

957 2228 1096 2260 fruantur,
1111 2236 1192 2263 quam
1212 2228 1247 2255 ob
1264 2235 1376 2254 causam
1395 2228 1441 2254 ille
1458 2234 1540 2262 quem
1559 2234 1636 2252 antas
1652 2233 1739 2259 αλδινα-

955 2273 1018 2301 tat?
1043 2273 1089 2301 Vel
1105 2274 1157 2300 hoc
1172 2274 1254 2300 etiam
1270 2274 1366 2300 dicunt
1381 2282 1387 2300 :
1415 2281 1512 2306 magna
1542 2272 1635 2305 utique
1650 2271 1737 2297 morbi

952 2324 995 2347 est
1012 2319 1127 2346 audacia
1139 2339 1146 2351 ,
1164 2320 1210 2354 qui
1227 2319 1308 2346 etiam
1326 2326 1374 2346 eos
1389 2326 1461 2353 quos
1478 2318 1548 2344 Deus
1565 2321 1637 2343 amat
1659 2318 1737 2343 iuva—

953 2365 1030 2392 serit.
1051 2364 1137 2391 Forte.
1153 2373 1217 2391 vero
1231 2369 1257 2391 et
1275 2364 1328 2391 tale
1344 2363 1474 2398 quiddam
1489 2363 1581 2389 dieere
1593 2363 1736 2388 videntur:

952 2409 1183 2444 Quandoquidem
1200 2410 1292 2436 hostes
1308 2409 1400 2443 diligis
1414 2412 1441 2435 et
1455 2415 1538 2435 curas
1552 2429 1559 2437 ,
1577 2409 1663 2433 multo
1679 2415 1736 2432 ma—

956 2457 997 2490 gis
1013 2457 1096 2484 debes
1117 2457 1142 2487 in
1158 2463 1206 2483 eos
1221 2456 1267 2490 qui
1285 2459 1310 2482 te
1326 2459 1419 2481 amant
1430 2455 1482 2481 hoc
1495 2454 1591 2481 bent-ii.
1604 2455 1658 2479 ium
1669 2460 1734 2479 eone

115 2501 197 2529 ferre.
217 2501 299 2527 Potes
320 2499 456 2534 siquidem
473 2500 530 2527 sola
546 2499 687 2526 voluntate
702 2500 795 2527 omnia
812 2500 913 2530 facere.
935 2502 1007 2538 Ergo
1029 2504 1110 2538 plena
1125 2507 1167 2530 est
1186 2503 1246 2530 ﬁdei
1271 2502 1328 2529 hanc
1349 2502 1458 2533 oratio,
1476 2505 1503 2528 et
1528 2499 1637 2535 ingenui
1672 2506 1736 2532 erg.)

115 2547 200 2575 Deum
215 2546 331 2573 allectus
346 2546 555 2573 demonstratio.

148 2593 229 2626 Αὕτη
251 2592 269 2626 ἡ
288 2591 430 2618 ἀσθένεια
456 2591 511 2617 οὐκ
526 2590 592 2617 ἐστι
617 2590 691 2624 πρὸς
705 2589 844 2624 θάνατον,
854 2591 898 2618 καὶ

111 2640 144 2665 τὰ
160 2639 232 2672 ἑξῆς.

145 2684 228 2717 Λέγει
243 2683 293 2717 μέν
305 2691 346 2708 τοι
359 2681 446 2708 ταῦτα
460 2682 474 2708 ὀ
493 2681 603 2716 Κύριος,
616 2681 664 2716 οὐχ
677 2682 720 2708 ἵνα
735 2682 898 2715 ἀπελθόντες

111 2732 132 2758 οί
153 2729 298 2764 ἂνθρωποι
316 2727 504 2762 ἀπαγγείλωσι
526 2729 586 2758 ταῖς
605 2728 738 2762 -ἀδελφαῖς
766 2728 814 2754 τοῦ
842 2730 896 2755 Δα-

110 2775 204 2810 ζὰρου,
219 2774 278 2800 ἀλλ’
295 2774 333 2805 ὡς
345 2773 409 2804 Θεὸς
432 2772 569 2807 προλέγων
583 2772 612 2798 τὸ
625 2773 762 2807 ἐσόμενον,
777 2774 817 2800 ὅτι
833 2774 899 2809 πρὸς

108 2822 185 2854 δόξαν
201 2819 272 2847 Θεοῦ
296 2818 368 2854 ἑώρα
381 2818 410 2845 τὸ
423 2818 469 2844 τοῦ
492 2819 653 2854 πράγματος
672 2819 851 2851 ἀποτέλεσμα,
867 2821 897 2846 οὐ

987 2590 1034 2625 XI,
1046 2591 1072 2618 ι.
1093 2591 1158 2618 Ιιωε
1170 2591 1314 2626 inﬁrmitas
1329 2598 1380 2618 non
1397 2594 1436 2617 est
1452 2589 1486 2616 ad
1503 2594 1621 2621 mortem,
1637 2592 1690 2615 etc.

986 2681 1048 2708 Haze
1066 2681 1175 2716 quidem
1190 2681 1258 2712 dicit
1275 2681 1407 2708 Dominus
1418 2701 1426 2713 ,
1440 2687 1495 2707 n0n
1511 2683 1540 2705 ut
1557 2678 1603 2713 qui
1620 2678 1738 2705 aderant

951 2727 1082 2754 abeuntes
1107 2728 1298 2754 renuntiarent
1316 2727 1459 2754 sororibus
1476 2725 1572 2752 Lazari
1585 2745 1591 2756 .
1609 2724 1656 2750 sed
1674 2728 1736 2750 tan-

952 2782 1033 2808 quam
1052 2773 1124 2801 Deus
1140 2774 1263 2800 l‘uturum
1289 2774 1458 2808 praedicens.
1484 2771 1616 2806 quoniam
1633 2769 1673 2796 rei
1688 2776 1736 2796 ex-

952 2819 1021 2846 itum
1037 2819 1069 2846 ad
1087 2819 1202 2853 gloriam
1225 2818 1272 2847 Dei
1287 2819 1424 2854 pertinere
1440 2818 1565 2849 videbat,
1583 2822 1638 2843 non
1660 2815 1734 2850 quod
