1906 3037
177 130 213 160 39

667 128 697 156 Β.
714 125 852 156 σγιιιιιλι
873 122 1110 154 ᾹῐιΕΧΛΝῡΠΙΝΙ
1125 123 1285 155 ΛΒΟΠΙΕΡ.

1760 126 1794 156 ω

176 187 238 215 ideo
255 185 367 213 morbus
390 184 537 213 accidisset
560 187 590 212 ut
614 183 826 219 gloriﬁcaretur,
849 184 952 210 stultun

1017 183 1060 210 διὰ
1077 183 1155 210 τοῦτο
1171 184 1313 220 συμϐάσης
1329 183 1376 219 τῆς
1392 183 1479 217 νόσου,
1492 184 1535 224 ῐνα
1550 183 1678 221 δοξασθῇ·
1702 183 1799 221 εὓηθες

175 233 249 260 enim
271 231 324 259 hoc
342 232 455 264 dicere;
490 230 536 258 sed
554 230 774 265 qtranquuidem
788 230 959 265 contigerat,

175 278 258 306 etiam
285 277 318 304 ad
346 277 536 304 admirabilem
557 276 637 302 ﬁnem
662 276 813 310 spectabat.
835 275 961 310 Seipsum

175 331 241 350 vero
257 323 337 358 677
352 324 390 350 ait
404 326 501 350 natura
520 322 621 354 Deum,
639 322 741 356 quippe
756 322 783 348 in
801 321 889 356 ipsius
905 321 962 356 glo-

177 369 245 396 riam
263 369 365 395 factum
381 372 421 395 est
437 367 509 403 quod
527 367 627 393 factum
643 371 697 393 est.
713 366 874 394 Prolocutus
888 367 960 394 enim

175 415 247 449 quod
268 414 324 441 haec
342 413 490 440 inﬁrmitas
505 413 538 440 ad
556 413 672 447 gloriam
689 412 735 440 Dei
753 416 837 445 esset,
847 413 958 447 adjecit,

180 470 189 485 ι
204 461 241 488 L't
256 460 453 495 gloriﬁcaretur
469 458 514 486 Dei
539 457 626 486 Filius
643 458 668 485 in
684 466 727 490 ea,
743 468 752 484 ι
766 459 800 486 de
816 459 907 494 seipso
922 459 961 485 lo-

175 514 273 541 quens.
293 504 365 532 Nihil
383 508 473 531 autem
496 504 596 531 mirum
619 504 691 539 quod
711 505 810 532 dixerit
827 512 882 532 non
899 513 961 533 esse

175 551 208 578 ad
225 555 338 578 mortem
352 551 538 578 inﬁrmitatem
553 549 648 578 Lazari
661 573 668 584 ,
684 555 710 578 et
723 556 813 578 tamen
830 559 904 578 mors
920 559 961 578 ac-

175 595 294 623 ciderit:
311 595 343 622 ad
359 596 396 622 rei
411 595 483 622 enim
497 595 601 622 exitum
619 596 815 631 respicientes,
831 597 960 631 quodque

173 641 257 676 paulo
277 646 338 676 post
359 645 418 668 erat
442 646 669 674 resurrecturus,
696 649 749 669 non
777 643 845 677 quid
870 643 959 670 medio

173 690 295 721 tempore
310 686 460 721 contigerit
477 691 636 721 spectamus
648 707 654 718 ,
671 688 716 714 sed
738 688 764 714 in
781 697 860 723 quem
877 688 957 715 ﬁnem

173 738 218 757 res
235 734 289 757 tota
306 731 444 758 reciderit.
458 730 552 758 Voluit
566 731 639 758 enim
656 731 789 760 Dominus
802 735 831 759 ut
846 738 871 759 et
888 741 959 767 (eger

172 780 299 807 mortem,
317 779 343 802 et
360 777 431 810 quod
449 777 511 804 inde
522 782 644 804 secutum
661 782 714 810 est,
728 778 754 805 in
768 778 812 805 Dei
825 779 938 813 gloriam
949 799 956 810 ,

173 819 225 847 hoc
237 821 328 847 estsui
347 821 446 854 ipsius,
464 822 630 850 ostenderet.

207 865 254 897 XI,
270 865 297 892 5.
319 865 446 901 Diligean
464 875 522 894 vero
533 867 621 899 Jesua,
639 872 692 895 etc.

208 909 340 944 Exposita
356 911 502 938 mulierum
520 912 637 944 virtute,
653 913 820 948 evangelista
836 922 884 942 eas
897 923 956 943 me-

172 953 228 982 rito
248 955 286 981 ait
300 963 314 981 a
329 955 475 984 Servatore
493 957 608 985 dilectas
633 967 639 984 :
661 966 712 985 nec
727 959 825 986 mirum
841 960 864 987 si
882 969 956 989 mors

171 1002 198 1026 ct
214 1000 329 1028 morbus
343 1001 367 1028 ei
384 1009 464 1036 quem
481 1002 553 1030 Deus
569 1002 701 1038 diligebat
717 1005 858 1033 acciderit.
875 1007 957 1034 Com-

170 1046 265 1072 munia
280 1046 353 1073 enim
377 1047 498 1074 omnium
524 1056 584 1083 qum
604 1057 635 1076 ex
658 1050 817 1079 inﬁrmitate
836 1053 958 1081 naturali

171 1092 354 1126 proveniunt,
370 1094 478 1121 tametsi
495 1094 674 1130 diligentibus
699 1096 783 1124 Deum
806 1100 956 1133 peculiaris

169 1143 202 1163 ea
221 1138 309 1172 gratia
331 1138 394 1165 data
417 1143 476 1172 est,
501 1144 531 1167 ut
553 1148 607 1168 non
634 1141 727 1178 iniquo
751 1144 843 1172 animo
865 1145 956 1173 ferant

169 1189 317 1211 aerumnas.

204 1229 250 1262 XI,
267 1231 293 1258 6.
310 1229 411 1258 Mansit
425 1231 453 1259 in
468 1233 556 1260 eodem
573 1233 630 1262 loco
646 1235 747 1264 duabus
763 1236 865 1264 diebus.

190 1275 316 1302 'Distulit
338 1284 417 1304 suum
441 1278 605 1312 adventum,
624 1285 654 1307 ut
669 1289 722 1308 non
739 1289 800 1309 eum
817 1285 954 1318 aegrotan-

169 1326 223 1349 tem
239 1326 366 1354 curaret,
378 1323 437 1355 sed,
447 1324 518 1358 quod
531 1325 643 1360 majoris
657 1331 699 1353 est
714 1329 866 1362 potestatis,
880 1337 952 1356 mor-

169 1371 246 1394 tuum
261 1367 427 1400 suscitaret,
452 1374 481 1396 ut
497 1371 584 1398 multo
605 1372 723 1407 amplius
742 1373 950 1408 glorlﬁearetur.

168 1410 264 1438 Merito
280 1420 345 1439 vero
366 1414 502 1448 quispiam
528 1415 630 1443 dixerit
657 1416 769 1445 Mariam
797 1419 950 1454 symbolum

167 1463 230 1483 esse
258 1457 399 1491 gentium,
428 1458 559 1486 Martham
589 1465 679 1488 autem
705 1462 950 1493 circumcisorum,

168 1501 280 1529 fratrem
296 1510 361 1529 vero
375 1511 469 1530 earum
488 1512 502 1531 a
519 1506 636 1533 mortuis
652 1507 816 1534 suscitatum
832 1515 893 1535 eum
911 1508 951 1535 in-
965 1522 986 1552 ε

167 1554 254 1574 nuere
268 1548 313 1582 qui
329 1548 366 1574 ob
380 1549 471 1583 aliqua
489 1555 602 1584 peccata
617 1551 650 1578 ad
674 1551 777 1579 inferos
801 1552 951 1580 descende-

168 1593 220 1625 rit,
234 1593 312 1626 juxta
327 1594 412 1620 illud:
427 1604 437 1620 ι
454 1595 620 1623 Avertantur
636 1602 794 1632 peccatores
815 1599 842 1625 in
865 1598 951 1626 infer-

168 1646 233 1665 num
249 1638 280 1666 ”.
299 1648 308 1664 ι
323 1638 377 1666 Nec
392 1640 460 1667 citra
477 1642 611 1669 rationem
628 1651 661 1670 ex
688 1643 783 1671 ordine
807 1644 872 1679 legis
895 1645 952 1671 Ilo-

167 1684 249 1711 saicze
265 1685 368 1711 dictum
389 1686 426 1712 ait
441 1686 552 1714 Marthaa
567 1697 573 1714 ε
590 1697 598 1712 ι
615 1688 731 1720 Martha,
750 1689 866 1722 Martha,
879 1691 951 1716 solli-

167 1729 220 1755 cita
235 1737 265 1757 es
279 1734 307 1757 et
324 1730 444 1758 turbaris
461 1739 523 1766 erga
546 1732 675 1767 plurima.
691 1733 780 1761 Unum
803 1742 885 1768 porro
908 1740 951 1762 est

167 1775 355 1801 necessarium
368 1795 375 1806 ,
394 1785 403 1801 ι
420 1776 471 1803 hoc
487 1780 545 1809 est,
564 1784 650 1811 pauca
665 1786 672 1809 ;
693 1778 725 1804 ad
742 1778 858 1806 salutem
877 1780 948 1806 enim

167 1826 222 1844 non
246 1819 340 1846 multis
366 1821 509 1854 praeceptis
533 1828 603 1855 opus
624 1821 702 1855 juxta
732 1823 800 1858 legis
824 1825 950 1858 prmscrio

167 1867 262 1898 ptum,
279 1864 326 1890 sed
345 1865 438 1899 paucis
454 1866 544 1900 iisque
558 1866 592 1894 de
607 1867 742 1894 charitate
757 1875 788 1895 ac
804 1868 951 1897 dilectione

167 1908 240 1934 datis
251 1927 257 1937 ,
274 1908 414 1943 inquibus
430 1911 520 1945 posita
537 1915 578 1938 est
594 1912 684 1938 omnis
700 1912 741 1939 lex
757 1917 783 1940 et
798 1915 948 1954 prophetae.

202 1951 247 1983 XI,
264 1953 288 1979 7.
306 1954 406 1982 Eamus
418 1956 444 1982 in
459 1955 583 1983 Judmam
599 1965 702 1985 rursus.

202 1998 253 2025 Per
273 2000 344 2026 istud
371 2001 445 2035 quod
469 2002 576 2029 loeutus
599 2009 640 2029 est
658 2004 806 2037 Dominus,
823 2015 832 2031 ι
848 2005 949 2035 Eamus

165 2053 264 2072 rursus
275 2065 281 2077 ,
299 2055 308 2072 ι
322 2047 427 2074 videtur
444 2047 497 2075 hoc
512 2048 622 2076 dicere:
643 2048 701 2077 Etsi
717 2051 821 2086 indigni
833 2053 888 2080 sint
909 2054 948 2080 illi

165 2089 314 2122 beneﬁcio,
331 2095 420 2118 tamen
438 2093 502 2126 quia
519 2097 600 2120 vocat
615 2095 727 2122 oCcasio
743 2103 804 2131 qua:
820 2097 874 2124 illis
895 2098 949 2125 uti-

166 2134 270 2161 litatem
287 2135 426 2170 importet,
443 2137 588 2165 redeamus
613 2138 647 2165 ad
675 2140 748 2167 illos.
770 2141 804 2168 At
819 2142 947 2178 discipuli

1013 228 1067 264 γὰρ
1077 228 1156 255 τοῦτο
1173 230 1271 256 εἰπεῖν’
1295 230 1352 256 ἀλλ’
1371 230 1488 265 ἐπείπερ
1503 231 1602 265 συνέϐη
1620 231 1666 258 καὶ
1681 231 1722 263 είς
1735 231 1800 257 θαυη

1014 274 1116 308 μαστὸν
1134 274 1207 310 ἑώρα
1225 275 1311 306 τέλος.
1321 275 1430 302 Ἑαυτὸν
1444 275 1472 302 δέ
1487 285 1552 311 φησι
1569 276 1614 303 τὸν
1626 276 1705 311 φύσει
1718 270 1798 304 ’Θεόψ

1011 318 1093 345 αὑτοῦ
1109 319 1162 356 γὰρ
1176 320 1217 352 εἰς
1233 320 1312 354 δόξαν
1332 321 1427 355 γέγονε
1448 322 1479 348 τὸ
1494 322 1613 356 γεγονός.
1630 322 1724 349 Εἰπὼν
1744 322 1798 357 γὰρ

1011 364 1054 390 ὅτι
1077 364 1148 400 ὑπὲρ
1167 365 1217 399 τῆς
1229 365 1307 400 δόξης
1329 365 1376 392 τοῦ
1403 366 1471 393 Θεοῦ
1491 367 1600 400 γέγονεν
1621 368 1636 401 ἡ
1659 366 1796 395 ἀσθένεια.

1011 410 1162 445 ἐπήγαγεν,
1187 410 1245 438 Ἵνα
1257 412 1373 447 δοξασθῇ
1391 412 1482 444 arta;
1505 412 1552 439 τοῦ
1579 412 1646 439 Θεοῦ
1669 413 1698 438 ὲν
1715 412 1796 447 αὐτῇ,

1011 456 1077 491 περὶ
1101 456 1196 483 ἑαυτοῦ
1219 458 1316 492 λέγων.
1337 458 1407 485 Ειδὲ
1425 458 1504 490 αὐτὸς
1526 459 1575 494 μὲν
1589 457 1650 486 εἷπε
1675 458 1712 494 μὴ
1727 456 1797 485 εῖναι

1011 501 1079 536 πρὸς
1102 501 1217 529 Θάνατον
1238 503 1288 537 τὴν
1309 503 1357 530 τοῦ
1384 504 1507 539 Λαζάρου
1536 503 1700 540 ἀρρωστίαν,
1729 512 1798 538 συμι

1010 545 1109 581 ϐέϐηκε
1123 547 1151 573 δὲ
1166 547 1180 573 ὁ
1201 547 1322 580 θάνατος,
1342 548 1418 575 οὐδὲν
1435 548 1599 584 θαυμαστόψ
1616 548 1684 584 πρὸς
1698 549 1753 584 γὰρ
1767 548 1797 574 τὸ

1010 591 1096 627 πέρας
1119 592 1237 628 ὁρῶντες
1263 593 1308 620 τοῦ
1323 593 1495 629 πράγματος,
1511 594 1559 621 καὶ
1568 595 1609 621 ὅτι
1626 594 1721 629 ἔμελλε
1737 594 1796 629 μετ’

1009 636 1098 671 ὀλίγον
1111 638 1269 672 ἀναστῆναι·
1289 638 1348 673 οὐχὶ
1363 637 1389 665 τί
1404 639 1576 674 συμϐέϐηκεν
1589 640 1618 666 ὲν
1633 639 1672 675 τῷ
1691 638 1795 673 μεταξὺ

1009 682 1173 718 σκοποῦμεν.
1193 683 1251 709 ἀλλ’
1267 684 1306 715 είς
1323 685 1399 710 ποῖον
1415 684 1497 719 ἀνέϐη
1511 682 1541 710 τό
1560 685 1655 719 πέρας.
1681 684 1795 719 Ἐκρινσ

1008 726 1061 762 γὰρ
1095 727 1109 753 6
1137 727 1237 762 Κύριος
1268 729 1432 756 ἀσθενοῦντα
1473 728 1556 761 δεῖξαι
1588 730 1632 756 τὸν
1668 730 1794 760 θάνατον,

1008 771 1056 799 καὶ
1067 773 1096 799 τὸ
1110 773 1233 808 συμϐὰν,
1258 775 1298 806 είς
1321 775 1399 807 δόξαν
1421 774 1488 802 Θεοῦ
1517 775 1611 809 δεῖξαι,
1626 776 1700 802 τοῦτ’
1721 775 1795 802 ἔστιν

1007 818 1114 846 ἑωυτοῦ.

974 852 994 879 η
1049 865 1159 900 Ἠγὰπα
1173 866 1207 892 δὲ
1220 867 1236 893 ὀ
1250 866 1379 900 Ἰησοῦς,
1397 867 1443 894 καὶ
1457 867 1490 894 τὰ
1506 864 1578 903 ἑξῆς.

1043 911 1202 943 Καταλέεας
1222 912 1250 938 δὲ
1265 913 1279 938 ὀ
1295 913 1488 948 εὐαγγελιστὴς
1507 914 1554 948 τὴν
1574 913 1628 939 τῶν
1654 913 1792 947 γυναικῶν

1007 955 1117 990 ἀρετὴν,
1129 956 1241 988 εἰκότως
1253 957 1336 989 αὐτὰς
1349 958 1508 991 ἀγαπᾶσθαι
1521 958 1596 994 παρὰ
1606 958 1652 984 τοῦ
1666 958 1792 993 Σωτῆρος

1007 1001 1069 1036 ἔφη’
1097 1002 1143 1028 καὶ
1163 1003 1239 1029 οὐδὲν
1261 1003 1425 1038 θαυμαστὸν,
1447 1004 1470 1030 εἰ
1499 1004 1575 1036 νόσος
1604 1004 1651 1030 καὶ
1677 1004 1792 1034 θάνατος

1008 1047 1105 1082 συνέϐη
1133 1048 1171 1083 τῷ
1196 1049 1228 1075 ὲκ
1257 1049 1325 1075 Θεοῦ
1350 1050 1531 1085 ἠγαπημένῳ.
1559 1049 1643 1076 Κοινὰ
1673 1049 1726 1084 γὰρ
1757 1049 1791 1075 τὰ

1005 1092 1034 1126 ἐξ
1056 1093 1198 1126 ἀσθενείας
1228 1095 1344 1129 φυτικῆς
1367 1095 1550 1130 συμϐαίνοντα
1573 1095 1666 1130 πάθη,
1697 1096 1720 1121 εί
1744 1095 1791 1121 καὶ

1006 1138 1076 1174 ίδικὴ
1093 1139 1172 1174 χάρις
1195 1141 1251 1171 τοῖς
1267 1140 1393 1172 ἀγαπῶσι
1413 1141 1457 1167 τὸν
1479 1141 1544 1167 Θςδν
1560 1140 1662 1167 δέδοται
1675 1161 1682 1172 ,
1697 1141 1727 1167 τὸ
1752 1139 1790 1175 μὴ

1006 1183 1111 1219 βαρέως
1127 1185 1220 1220 φέρειν
1235 1185 1268 1212 τὰ
1277 1186 1395 1221 λυπηρά.
1554 1182 1557 1184 ’

1041 1230 1073 1254 Ἐ
1073 1238 1176 1264 μεινεν
1191 1230 1226 1256 ἐν
1237 1230 1261 1262 ᾧ
1277 1229 1315 1266 ἦν
1330 1232 1409 1264 τόπῳ
1423 1231 1477 1258 δύο
1491 1231 1612 1266 ἡμέρας.

1045 1275 1203 1302 Ἀνεϐάλετο
1228 1276 1277 1311 τὴν
1300 1277 1400 1311 ἄφιξιν,
1432 1278 1475 1304 ἵνα
1499 1277 1536 1312 μὴ
1557 1277 1685 1304 νοσοῦντα
1708 1276 1789 1304 αὑτὸν

1004 1323 1178 1358 θεραπεύσῃ,
1220 1322 1288 1349 ἀλλὰ
1319 1323 1517 1359 τελευτήσαντα
1548 1324 1696 1359 ἀναστήσῃ·
1720 1323 1789 1359 ὅπερ

1003 1370 1060 1396 ἐστὶ
1076 1370 1198 1404 μείζονος
1208 1369 1358 1405 δυνάμεως,
1374 1371 1417 1397 ἵνα
1435 1371 1564 1405 μειζόνως
1582 1370 1787 1405 δοξασθήσεται.

1003 1414 1121 1445 Εἰκότως
1146 1414 1178 1440 ἄν
1202 1422 1244 1446 τις
1266 1414 1337 1440 εῐποι
1357 1414 1406 1450 τὴν
1430 1414 1538 1449 Μαρίαν
1563 1414 1696 1450 σύμϐολον
1719 1411 1789 1442 εἶναι

1002 1458 1055 1485 τῶν
1072 1460 1125 1486 ἀπὸ
1139 1459 1233 1491 ἐθνῶν,
1251 1460 1298 1495 τὴν
1314 1460 1341 1486 δὲ
1356 1460 1481 1495 Μάρθαν,
1506 1460 1560 1487 τῶν
1581 1461 1612 1487 ὲκ
1627 1460 1786 1496 περιτομῆς,

1003 1504 1047 1531 τὸν
1063 1504 1091 1531 δὲ
1106 1505 1138 1531 ὲκ
1159 1505 1264 1540 νεκρῶν
1288 1506 1465 1540 ἀνιστάμενον
1488 1506 1599 1541 ἀδελφὺν
1616 1505 1717 1539 αὐτῶν,
1741 1506 1787 1533 τὸν

1001 1551 1044 1577 διά
1058 1559 1118 1578 τινα
1136 1552 1321 1588 ἁμαρτήματα
1334 1553 1373 1584 εἰς
1390 1552 1452 1588 ᾅδου
1471 1552 1685 1588 καταϐεϐηκότα,
1715 1551 1787 1579 κατὰ

1001 1596 1040 1628 τὸ,
1057 1606 1066 1622 ι
1089 1597 1358 1632 ’Ᾱπσστραφήτωσαν
1375 1598 1400 1624 οἱ
1414 1599 1570 1633 ἁμαρτωλοὶ
1580 1599 1619 1629 είς
1627 1598 1672 1624 τὸν
1773 1607 1783 1623 ι

1002 1642 1056 1668 Καὶ
1068 1642 1117 1668 οὐκ
1134 1642 1272 1674 ἀπιθάνως
1289 1643 1332 1669 διὰ
1347 1644 1396 1678 τὴν
1414 1644 1442 1670 ἐν
1456 1644 1494 1680 τῷ
1512 1644 1633 1676 Μωσέως
1649 1644 1723 1679 νόμῳ
1738 1652 1788 1670 που

1001 1686 1100 1713 λιτείαν
1114 1688 1196 1722 φησὶν
1211 1688 1336 1724 εἰρῆσθαι
1349 1690 1380 1723 τῇ
1393 1689 1502 1725 Μάρθα·
1522 1698 1531 1714 ι
1549 1689 1658 1724 Μάρθα,
1677 1688 1786 1724 Μάρθα,

1003 1733 1137 1768 μεριμνᾷς
1158 1735 1203 1760 καὶ
1224 1734 1346 1770 τυρϐάζῃ
1367 1736 1431 1770 περὶ
1457 1736 1550 1762 πολλά.
1575 1735 1647 1767 me;
1671 1735 1700 1776 δέ
1729 1735 1787 1761 ἐστι

1001 1779 1089 1815 χρεία,
1111 1789 1118 1804 ι
1149 1781 1208 1815 ητοι
1232 1781 1338 1814 ὀλίγων·
1367 1782 1407 1813 είς
1433 1783 1570 1817 σωτηρίαν
1591 1783 1655 1817 γὰρ,
1679 1782 1709 1808 οὗ
1731 1782 1787 1809 τῶν

1001 1823 1106 1850 πολλῶν
1121 1824 1234 1851 ἐντολῶν
1246 1825 1324 1860 χρεία
1336 1827 1405 1853 κατὰ
1419 1827 1448 1853 τὸ
1459 1827 1506 1853 τοῦ
1520 1827 1601 1862 νόμου
1611 1827 1785 1862 πρόσταγμα,

1000 1869 1056 1895 ἀλλ’
1073 1869 1170 1904 ὀλίγων
1183 1870 1236 1897 τῶν
1260 1871 1324 1906 περὶ
1343 1871 1453 1906 ἀγάπης
1478 1872 1741 1907 νενομοθετημένων,
1756 1873 1786 1899 ὲν

1000 1911 1040 1945 οἷς
1053 1915 1189 1951 κρέμαται
1199 1916 1257 1948 ὅλος
1269 1918 1282 1944 ὁ
1295 1917 1376 1952 νόμος
1392 1918 1439 1944 καὶ
1453 1919 1477 1944 οἱ
1494 1919 1640 1954 προφῆται.

1037 1960 1165 1994 Ἄγωμεν
1174 1962 1217 1994 εΙς
1232 1961 1289 1995 τὴν
1311 1962 1456 1988 Ἰουδαίαν
1469 1963 1570 1989 πάλιν.

1034 2006 1125 2033 Εἰπὼν
1140 2007 1191 2042 μέν
1214 2016 1253 2034 τοι
1273 2007 1287 2034 ό
1302 2008 1403 2042 Κύριος
1427 2009 1466 2040 τὸ,
1495 2017 1504 2034 ι
1527 2009 1612 2035 Πάλιν
1632 2009 1753 2044 ἄγωμεν,
1771 2019 1782 2035 ι

999 2052 1071 2078 δοκεί
1093 2052 1282 2087 ὐπεμφαίνειν,
1300 2053 1385 2080 aut-:1
1403 2054 1449 2081 καὶ
1469 2054 1573 2088 ἀνάξιοί
1594 2055 1661 2081 εἰσιν
1686 2056 1784 2082 ἐκεῖνοι

1000 2098 1166 2133 εὐεργεσίας,
1185 2099 1253 2125 ἀλλά
1272 2099 1368 2134 καιροῦ
1388 2100 1533 2133 καλοῦντος
1546 2102 1591 2128 τοῦ
1607 2101 1785 2138 ἐμποιοὶντος

999 2144 1089 2173 αὐτοῖς
1112 2144 1255 2179 ὠξέλειαν,
1280 2144 1441 2181 ἀπέλθωμεν
1472 2147 1539 2183 πρὸς
1561 2149 1668 2180 αὐτούς.
1696 2151 1727 2176 Οί
1756 2150 1783 2176 δὲ

165 2180 263 2207 aﬁ'eetu
277 2189 343 2215 erga
358 2189 419 2208 eum
439 2183 571 2216 impedire
587 2185 725 2218 videntur,
753 2188 904 2222 quinetiam
921 2195 948 2218 ct

1007 2190 1119 2225 ιαθηταὶ
1143 2190 1249 2217 δοκοῦσι
1271 2191 1314 2218 διὰ
1331 2191 1380 2227 τὴν
1401 2180 1510 2228 ἀγάπην
1529 2194 1579 2230 τὴν
1603 2195 1671 2230 πρὸς
1691 2196 1782 2228 αὐτὸν,

165 2230 195 2252 ιιι
219 2225 252 2252 de
275 2226 385 2253 homine
407 2228 547 2262 cogitant,
569 2230 648 2264 quasi
674 2238 823 2260 occurrens
844 2234 947 2262 Judaeis

165 2270 317 2304 periculum
336 2271 463 2299 aditurus
479 2273 530 2305 sit,
545 2274 653 2302 etiamsi
676 2276 761 2308 nolit,
775 2278 859 2313 678
875 2279 946 2306 ideo-

164 2323 217 2349 que
233 2315 372 2342 recordari
386 2316 483 2350 jubent
500 2317 619 2345 furorem
639 2323 666 2346 et
687 2320 822 2347 insaniam
839 2321 946 2350 δυόωσ-

164 2367 223 2386 rum
238 2360 264 2386 in
279 2368 319 2393 se,
333 2362 531 2396 propemodum
547 2363 670 2392 dicentes
683 2374 690 2392 :
705 2365 776 2398 Quid
791 2374 887 2395 rursus
903 2368 945 2395 in-

164 2409 205 2432 ter
230 2406 355 2433 inlideles
378 2411 405 2434 et
427 2407 551 2443 ingratos
572 2412 678 2438 versari
706 2413 801 2447 cupis,
825 2414 870 2448 qui
895 2422 946 2442 nec

164 2451 273 2484 verbis,
291 2459 342 2479 nec
363 2454 495 2487 operibus
521 2455 598 2482 leniri
624 2458 764 2492 possunt?
787 2459 833 2493 qui
856 2459 945 2488 adhuc

163 2497 268 2530 spirant
285 2498 386 2525 caedem
401 2506 433 2525 ac
449 2501 610 2535 sanguinem
627 2503 770 2530 adversum
788 2509 828 2536 te,
845 2506 944 2540 quibus

162 2542 271 2570 animus
296 2544 372 2571 rabie
389 2549 479 2572 tumet
494 2553 526 2574 ac
542 2547 765 2577 eﬁervescit.Vel
786 2550 838 2577 hoc
861 2551 945 2586 igitur

161 2588 274 2622 dicunt,
298 2590 340 2617 vel
357 2591 409 2618 hoc
425 2599 522 2619 eorum
544 2601 636 2622 sermo
652 2595 803 2630 signiﬁcat,
818 2596 893 2631 ipsos
909 2597 943 2623 ab

160 2641 194 2660 eo
216 2633 278 2661 duci
294 2635 321 2661 in
344 2635 519 2664 manifestum
535 2640 699 2673 periculum.
717 2640 819 2668 Tamen
838 2649 942 2670 morem

159 2686 258 2715 gerunt
276 2683 408 2716 magistro
419 2703 426 2715 ,
444 2689 572 2719 tanquam
588 2686 633 2720 qui
653 2687 770 2714 meliora
786 2688 869 2714 norit.

193 2725 240 2757 Xl,
253 2726 280 2753 9.
301 2726 428 2762 Nunquid
446 2729 585 2757 duodecim
598 2735 658 2758 sunt
673 2731 746 2758 hora
762 2732 835 2760 diei?
851 2738 903 2760 etc.

194 2779 275 2808 Forte
293 2788 436 2824 comparat
452 2785 595 2814 hominum
614 2790 731 2815 mentem
746 2787 879 2816 novitatis
892 2795 941 2817 cu-
962 2824 965 2825 ν

194 2845 217 2861 ⁸⁸
235 2845 307 2875 Ρσοι.
325 2855 369 2881 ix,
386 2848 429 2878 i8.

1000 2235 1114 2262 κωλύειν
1135 2237 1234 2269 αὑτὸν,
1259 2237 1327 2272 πλὴν
1346 2238 1383 2269 ὡς
1404 2238 1546 2274 ἄνθρωπον
1566 2239 1665 2276 οἴονται
1683 2240 1724 2266 ὃτι
1736 2241 1784 2267 καὶ

999 2282 1073 2308 ἄκων
1088 2282 1253 2309 κινδυνεύσει
1273 2284 1329 2314 τοῖς
1350 2283 1484 2315 Ἰουδαίοις
1507 2285 1669 2320 περιτυχών⁹
1686 2285 1725 2312 διὸ
1736 2287 1784 2312 καὶ

999 2327 1253 2363 ἀναμιμνήσκουσιν
1275 2328 1356 2354 αὑτὸν
1379 2329 1428 2364 τῆς
1458 2330 1591 2356 Ἰουδαίων
1611 2331 1679 2357 κατὰ
1702 2332 1783 2358 αὐτοῦ

1000 2372 1108 2406 μανίας,
1137 2373 1277 2408 μονονουχὶ
1297 2373 1430 2407 λέγοντες·
1451 2374 1484 2400 Τί
1507 2375 1588 2401 πάλιν
1605 2375 1696 2410 ζητεῖς
1715 2377 1784 2411 μετὰ

998 2417 1052 2443 τῶν
1072 2417 1193 2444 ἀπειθῶν
1207 2418 1332 2452 γενέσθαι
1345 2419 1391 2445 καὶ
1405 2420 1558 2455 ἀχαρίστων
1575 2421 1629 2447 τῶν
1644 2422 1681 2456 μὴ
1694 2422 1785 2456 λόγοις

1001 2463 1067 2497 μηδὲ
1101 2462 1191 2498 ἔργοις
1220 2464 1446 2500 μαλασσομένων;
1474 2467 1499 2492 οἱ
1526 2467 1573 2492 καὶ
1604 2467 1644 2493 ἔτι
1682 2468 1783 2502 φονῶσι

998 2508 1067 2533 κατὰ
1083 2508 1140 2539 σοῦ,
1158 2509 1205 2535 καὶ
1216 2509 1309 2541 ζέοντα
1324 2510 1369 2536 τὸν
1385 2510 1468 2546 θυμὸν
1483 2511 1596 2547 ἔχουσιν.
1615 2513 1649 2539 ’Ἡ
1663 2511 1709 2540 οὖν
1719 2513 1783 2540 τοῦ-

996 2551 1027 2578 τό
1045 2560 1134 2587 φασιν,
1156 2553 1172 2588 ἢ
1192 2554 1271 2581 τοῦτο
1289 2555 1414 2590 σημαίνει
1435 2558 1448 2583 ὁ
1466 2557 1544 2591 λόγος
1560 2558 1658 2584 αὐτῶν
1677 2559 1718 2585 ὅτι
1742 2561 1783 2591 είς

997 2599 1122 2633 προφανῆ
1136 2599 1258 2626 κίνδυνον
1267 2602 1366 2633 αὐτοὺς
1380 2603 1451 2636 ἄγει.
1464 2603 1556 2638 Ὂμως
1567 2605 1732 2632 ὑπακούουσι
1743 2606 1783 2641 τῷ

995 2643 1156 2679 διδασκάλῳ,
1170 2645 1207 2676 ὡς
1218 2645 1297 2672 είδότι
1317 2647 1346 2673 τὸ
1359 2647 1472 2682 βέλτιον.

1029 2731 1103 2766 οὐχὶ
1119 2731 1231 2760 δώδεκα
1241 2731 1314 2768 ὧραί
1328 2737 1386 2762 εἱσι
1402 2735 1456 2769 τῆς
1465 2736 1576 2770 ἡμέρας
1582 2746 1591 2769 ;
1603 2738 1648 2764 καὶ
1658 2739 1691 2765 τὰ
1705 2738 1780 2774 ἑξῆς.

1031 2787 1106 2823 Τάχα
1122 2789 1149 2816 δὲ
1166 2791 1199 2826 τῇ
1213 2790 1262 2827 τῆς
1283 2791 1389 2827 ἡμέρας
1405 2792 1551 2830 ἀεικινήτῳ
1568 2795 1637 2830 φορᾷ
1649 2794 1773 2830 παρεικά
