1906 3037
75 115 102 141 Η

503 118 536 145 IN
548 118 718 147 ΙΟΔΝΝΕΜ.
734 135 769 142 --
782 120 846 148 LIB.
866 121 910 148 VII
927 122 970 149 ET
985 121 1040 150 VIII
1061 122 1284 152 FRAGMENTA.

1663 132 1698 160 ιε

75 175 112 205 ζει
132 173 180 209 τὴν
203 174 385 211 εὖπάροιστον
403 178 449 204 καὶ
470 179 621 212 φιλόκαινον
637 181 691 208 τῶν
710 182 862 217 ἀνθρώπων

917 183 1006 218 pidam
1023 191 1055 211 ac
1072 184 1200 212 mobilem
1212 206 1219 218 ,
1238 192 1346 220 semper
1363 184 1457 213 ﬂuenti
1473 186 1580 214 dierum
1596 190 1696 218 motui.

74 219 202 251 διάνοιαν,
232 220 286 255 τὴν
311 221 347 257 μὴ
373 223 519 259 ἱσταμένην
545 226 591 251 ἐπὶ
624 227 689 261 μιᾶς
712 227 864 262 δοκήσεως,

73 265 139 292 ἀλλὰ
156 267 362 302 μεταπηδῶσαν
388 269 441 295 ἀπὸ
463 270 560 304 ἐτέρας
576 271 689 306 γνώμης
709 273 749 303 εἰς
772 271 865 307 ἄλλην,

73 311 108 342 ὡς
136 311 184 337 καὶ
213 312 231 346 ὴ
258 313 350 347 ἡμέρα
374 314 426 340 ἀπὸ
457 314 531 352 ᾦρας
554 316 637 352 ἄλλης
653 318 693 349 εἰς
715 317 797 352 ἄλλην
821 327 868 353 με-

73 353 204 381 ταῦαίνει.
228 355 348 391 Νοήσεις
372 357 399 383 δὲ
420 359 467 385 καὶ
493 359 578 392 οὕτως
592 361 632 393 τὸ,
652 371 660 386 ι
679 362 745 397 Οὐχὶ
764 363 867 390 δώδεκά

76 398 140 425 εἰσιν
170 399 200 425 αἱ
223 395 298 435 ὧραι
315 401 363 435 τῆς
380 402 501 438 ἡμέρας;
523 413 532 429 ι
555 405 627 431 τοῦτ’
657 395 740 438 ἔστιν,
762 407 867 443 Ἡμέρα

75 445 130 479 εἰμὶ
143 445 190 471 καὶ
217 446 290 480 φῶς.
314 447 420 483 ’Ὠσπερ
446 447 491 475 οὖν
506 450 556 477 οὐκ
580 451 613 478 ἂν
643 452 803 488 καταλήξειε
817 454 867 488 τῆς

74 490 175 525 ἡμέρας
181 491 212 517 τὸ
221 491 294 525 φώς,
308 494 345 528 μὴ
356 494 416 528 οὐχ).
424 494 468 521 τὸν
485 497 652 532 τεταγμένον
665 498 868 534 ὰποπληρῶσαν

75 536 181 571 καιρόν·
204 537 296 570 οὕτως
317 539 366 565 οὐκ
382 540 438 566 ἔστι
454 540 507 568 τῶν
530 542 723 578 ἐνδεχομένων,
741 545 786 570 τὸν
801 534 867 580 παρ’

75 581 138 616 ἐμοῦ
167 584 365 612 συστέλλεσθαι
389 587 528 622 φωτισμὸν
551 589 605 615 ἀπὸ
630 589 683 615 τῶν
716 590 867 623 Ἰουδαίων,

78 629 111 664 μὴ
133 630 172 661 εἰς
195 629 226 656 τὸ
250 631 358 666 πρέπον
379 633 428 667 τῆς
453 634 658 670 φιλανθρωπίας
685 637 869 673 προελθούσης

78 675 180 709 μέτρον.
207 675 334 712 Ἦμέραν
348 677 376 704 δὲ
394 678 468 712 λέγει
482 680 527 706 τὸν
538 681 586 716 τῆς
599 683 750 717 παρουσίας
761 683 867 718 καιρὸν,

59 715 155 746 Νύκτα
167 719 204 752 δὲ,
221 720 271 747 τὸν
290 721 343 757 πρὸ
361 723 472 758 ταύτης·
487 724 524 755 ὡς
546 715 593 751 καὶ
609 715 673 753 ὅταν
696 727 773 762 λέγῃ·
793 715 870 753 «ἰΔεῖ

77 765 235 801 ἐργάζεσθαι
256 768 294 794 τὰ
307 768 376 803 ἔργα
390 769 437 795 τοῦ
462 770 620 805 πέμψαντός
640 781 685 807 με,
707 773 758 804 ἕως
779 773 869 808 ἡμέρα

77 811 139 838 ἐστί.
165 821 174 837 ι
194 812 284 839 Τοῦτο
306 812 351 840 οὖν
372 815 488 842 ἐνταῦθά
508 825 584 852 φησι,
606 818 648 845 ὃτι
667 819 723 845 Οὐκ
742 819 798 845 ἐστι
822 819 869 846 νῦν

77 858 165 893 καιρὸς
174 860 326 894 ἀποσχίσαι
340 862 459 896 ἐμαυτὸν
472 863 526 889 τῶν
544 864 688 897 Ἰουδαίων,
699 865 750 892 κᾶν
763 866 865 893 ἀνόσιοι

77 900 147 935 ὦσιν,
164 904 234 931 ἀλλὰ
251 903 343 933 πάντα
360 909 447 934 ποιεῖν
464 909 498 935 τὰ
516 909 583 944 πρὸς
601 910 750 945 θεραπείαν
764 911 864 939 αὐτῶν.

78 949 111 975 05
124 949 175 985 γὰρ
185 950 226 976 δεῖ
243 951 344 983 αὐτοὺς
364 952 410 979 νῦν
427 954 598 986 κολάζεσθαι,
612 956 808 991 ἀποχωρούσης
819 950 867 983 ἀπ’

78 995 160 1021 αὐτῶν
174 996 223 1031 τῆς
236 996 315 1028 θείας
331 999 441 1033 χάριτος
457 999 531 1034 ἠλεου
553 1001 640 1036 δίκην·
657 1001 714 1027 ἀλλ’
731 1001 825 1037 ὥσπερ
836 1002 866 1028 τὸ

79 1040 131 1073 φῶς
147 1041 197 1074 τῆς
216 1041 324 1076 ἡμέρας
350 1044 399 1069 οὐκ
422 1044 552 1078 ἐκλείπει,
574 1047 598 1072 εί
626 1046 663 1081 μὴ
685 1046 815 1082 πληρωθῇ
835 1047 866 1074 τὸ

78 1083 258 1120 δωδεκάωραν·
286 1086 373 1118 οὕτως
399 1088 459 1115 οὐδὲ
487 1090 501 1115 ὁ
526 1091 591 1125 παρ’
607 1091 675 1126 ἐμοῦ
694 1091 865 1119 συστέλλεται

79 1132 210 1166 cumam;
226 1133 282 1168 πρὸ
294 1134 401 1169 καιροῦ,
426 1135 493 1162 ἀλλὰ
510 1137 593 1175 μέχρι
609 1137 656 1163 τοῦ
676 1138 865 1173 σταυρωθῆναι

81 1176 147 1210 μενῶ
177 1178 248 1212 μετὰ
267 1179 323 1205 τῶν
357 1180 501 1214 Ἰουδαίων,
528 1182 610 1214 ἐνιεὶς
640 1183 730 1214 αὐτοῖς
752 1184 789 1215 ὡς
808 1183 865 1218 φῶς

79 1222 124 1255 τῆς
140 1222 304 1256 θεογνωσίας
325 1225 374 1259 τὴν
399 1225 514 1254 σύνεσιν.
534 1228 641 1263 Ἐπειδὴ
662 1229 715 1265 γὰρ
745 1229 865 1256 Ἰουδαῖοι

81 1267 107 1292 ἐν
122 1268 208 1293 σκᾶτει
234 1269 312 1300 ιντες
332 1270 470 1303 ἀπιστίας,
490 1273 707 1307 προσκόπτουσιν
735 1274 778 1299 ἐπ’
802 1274 864 1310 ἐμοὶ

80 1312 113 1343 ὡς
130 1312 205 1348 λίθῳ,
223 1314 264 1340 δεῖ
274 1315 402 1343 ἀπελθεῖν
418 1317 486 1351 πρὸς
504 1319 601 1350 αὐτοὺς
618 1320 665 1346 καὶ
686 1319 800 1353 φωτίσαι
817 1321 865 1347 αὐ-

81 1358 147 1388 τοὺς,
159 1358 200 1384 ἵνα
211 1359 372 1387 παύσωνται
380 1362 430 1396 τῆς
445 1361 579 1398 θεομάχου
594 1363 702 1398 μανίας.
720 1364 755 1390 Ἦ
766 1364 862 1397 οὕτως·

87 1403 188 1439 Ἐπειδὴ
204 1405 229 1430 οἱ
256 1405 377 1441 μαθηταὶ
403 1408 520 1434 ἐκώλυον
537 1409 582 1435 τὸν
593 1409 710 1443 Χριστὸν
728 1409 863 1437 συνελθεῖν

81 1450 130 1480 τοῖς
149 1450 297 1483 Ἰουδαίοις,
307 1452 338 1478 οὑ
351 1453 385 1478 δι’
402 1453 524 1485 ἑαυτοὺς,
538 1454 606 1481 ἀλλὰ
614 1455 659 1481 διὰ
672 1455 721 1490 τὴν
733 1456 801 1490 προς
816 1457 849 1483 αὑ
861 1473 864 1475 λ

82 1496 122 1522 τὸν
148 1497 227 1531 δῆθεν
254 1498 354 1532 φειδὼ,
381 1500 586 1536 παραθαρρύνει
617 1502 716 1533 αὐτοὺς
746 1502 790 1529 διὰ
812 1502 863 1537 τῆς

83 1543 242 1577 ταραῦολῆς,
271 1544 314 1570 ὅτι
346 1545 473 1571 οὐδέποτε
499 1546 621 1572 πείσεταί
643 1555 670 1573 τι
693 1547 747 1574 τῶν
784 1548 862 1574 ἀϐου-

82 1588 171 1623 λήτων.
197 1590 227 1616 Εἰ
246 1590 302 1625 γὰρ
319 1592 332 1617 ὁ
359 1592 387 1617 ἐν
406 1591 497 1626 ἡμέρᾳ
520 1592 687 1627 περιπατῶν,
701 1593 731 1619 οὐ
747 1594 864 1628 προσκό-

84 1642 150 1666 πτει,
171 1635 228 1666 πῶς
248 1637 264 1662 ὁ
286 1637 351 1662 πᾶσι
371 1636 401 1662 τὸ
419 1636 476 1670 φῶς
501 1638 591 1669 ἐνιεὶς,
617 1638 746 1672 ὑπομένοι
762 1647 788 1665 τι
808 1639 862 1665 τῶν

84 1679 213 1715 λυπηρῶν,
239 1682 331 1714 ἄκων;
358 1683 393 1708 'H
425 1683 483 1714 πῶς
511 1684 526 1710 ὁ
556 1684 638 1710 πᾶσιν
665 1684 863 1711 ἀποκαλύπτων

84 1727 139 1757 τοὺς
153 1727 361 1762 κεκρυμμένους
377 1728 430 1755 τῶν
445 1729 570 1764 πονηρῶν
585 1729 706 1764 βόθρους,
725 1730 863 1766 ἠλισθήσει

85 1770 110 1796 ἐν
122 1772 207 1803 αὐτοῖς
228 1773 267 1808 μὴ
277 1773 372 1806 εἰδώς;
391 1774 426 1800 ’Ἡ
439 1774 470 1800 οὺ
491 1774 554 1809 περὶ
567 1775 663 1801 ἑαυτοῦ
685 1775 763 1802 τοῦτο
777 1776 861 1810 λέγει,

85 1816 144 1843 ἀλλὰ
157 1818 218 1853 περὶ
236 1818 292 1844 τῶν
309 1819 447 1854 μαθητῶν,
469 1820 510 1846 ὅτι
523 1820 599 1847 οὐδὲν
621 1822 761 1849 πείσονται
775 1822 862 1848 δεινὸν

86 1862 199 1894 συνόντες
212 1863 251 1898 τῷ
262 1864 353 1890 πάντα
379 1864 533 1898 φωτίζοντι,
558 1866 605 1892 καὶ
625 1866 655 1893 οὐ
673 1867 751 1902 μόνον
769 1867 861 1900 εἰδότι,

85 1908 145 1935 ἀλλὰ
171 1909 216 1936 καὶ
239 1909 345 1945 ἑτέροις
366 1911 585 1938 ἁποκαλύπτοντι
601 1913 651 1944 τὰς
671 1914 863 1949 κεκρυμμένας

87 1953 175 1988 βουλὰς
188 1955 242 1981 τῶν
258 1956 394 1991 πονηρῶν·
410 1957 449 1984 διδ
462 1958 601 1993 προλέγων
619 1959 710 1991 αὐτοῖς
723 1960 753 1986 ἐν
765 1969 819 1987 τισι
830 1961 863 1987 τὰ

87 2000 192 2035 ἐσόμενα
210 2002 258 2028 καὶ
278 2002 474 2036 καταφωτίζων
492 2004 601 2036 αὐτοὺς,
626 2005 676 2032 οὐκ
694 2006 737 2041 ὲᾷ-
751 2007 862 2042 περιπί-

87 2053 155 2071 πτειν
170 2046 325 2077 σκανδάλοις
339 2047 368 2073 ἐν
383 2048 438 2078 τοῖς
449 2047 675 2083 ουμϐησομένοις.

119 2166 241 2202 Λάζαρος
251 2169 270 2194 ὁ
287 2168 375 2202 φίλος
391 2167 474 2203 ἡμῶν
488 2168 671 2203 κεκοίμηται.

125 2223 268 2259 ’Δξιύλογος
295 2225 429 2260 πρόφασις
452 2226 525 2252 ἕλκει
557 2234 590 2260 με
625 2227 665 2257 είς
684 2225 863 2261 Ἰερουσαλὴμ

90 2268 126 2304 (τὸ
141 2269 201 2305 γὰρ,
223 2279 232 2296 ‹
265 2272 295 2297 '0
312 2272 387 2305 φίλος
406 2272 484 2306 ἡμῶν
504 2272 676 2307 κεκοίμηται,
694 2281 703 2297 ›
721 2271 800 2298 τοῦτο
817 2280 863 2307 ση-

92 2316 191 2350 μαίνει),
211 2318 257 2343 καὶ
269 2317 316 2344 ἐὰν
332 2318 497 2352 περιίδωμεν
511 2317 615 2348 τοῦτον,
627 2317 863 2353 ἀφιλοικτίρμονος

89 2361 251 2398 λαμὸἁνομεν
270 2363 358 2396 δόξας.
382 2363 426 2390 Διδ
448 2364 631 2390 δυσωπεῖσθαι
653 2364 705 2400 χρὴ
727 2365 800 2399 ἡμᾶς
816 2364 864 2390 ἐπὶ

90 2408 177 2443 τούτῳ,
202 2410 248 2435 καὶ
274 2409 387 2444 δραμεῖν
409 2409 456 2435 ἐπὶ
469 2409 518 2444 τὴν
544 2410 591 2436 τοῦ
610 2410 687 2444 φίλου
715 2410 862 2446 σωτηρίαν,

92 2452 269 2488 ὑπερορῶντας
287 2453 342 2480 τῶν
364 2454 516 2480 Ἰουδαϊκῶν
533 2454 693 2481 ἐπιϐουλῶν.
708 2455 820 2487 Aemqu
834 2455 863 2482 δὲ

91 2498 163 2525 αὐτοῦ
178 2500 224 2534 τὴν
241 2499 381 2535 Θεοπρεπῆ
403 2500 525 2535 δύναμιν,
546 2500 628 2527 ὕπνον
649 2500 727 2527 καλεί
746 2501 796 2536 τῆς
815 2502 862 2528 ἀν-

92 2543 218 2579 θρωπίνης
232 2545 321 2580 ψυχῆς
342 2545 391 2581 τὴν
416 2546 470 2572 ἀπδ
491 2546 538 2572 τοῦ
558 2547 681 2580 σώματος
697 2546 794 2578 ἔξοδον·
819 2546 863 2573 θά-

93 2597 162 2614 νατον
173 2590 223 2625 γὰρ
238 2591 288 2616 οὐκ
302 2590 416 2624 ἠξίωσεν
430 2591 516 2617 εἰπεῖν
527 2591 541 2616 ὁ
561 2591 655 2623 κτίσας
670 2591 714 2617 ἐπὶ
726 2591 863 2626 ἀφθαρσίᾳ

93 2633 132 2659 τὸν
145 2633 291 2669 ἄνθρωπον,
309 2635 378 2661 κατὰ
391 2635 420 2662 τὸ
433 2636 634 2671 γεγραμμένον,
648 2636 695 2663 καὶ
712 2636 863 2672 σωτηρίους

95 2679 220 2712 ἀναδείξας
241 2680 289 2711 τὰς
305 2681 424 2714 γενέσεις
445 2680 492 2707 τοῦ
512 2681 625 2716 κόσμου.
643 2682 715 2717 Πλὴν
738 2684 795 2708 ἐστι
815 2682 862 2708 καὶ

94 2722 183 2759 ἀληθὴς
191 2725 205 2750 6
216 2724 303 2759 λόγος·
316 2724 398 2756 ὕπνος
411 2725 464 2761 γὰρ
475 2726 558 2757 ὅντως
569 2726 645 2762 παρὰ
657 2726 786 2761 Θεῷῃιαι
800 2726 860 2752 ἓτε-

127 2811 147 2827 ¹⁸
165 2812 240 2842 Ioan.
257 2823 301 2847 Ix,
318 2815 344 2841 4.
383 2816 405 2832 ³⁸
425 2817 489 2852 Sap.
509 2825 535 2848 I,
554 2816 647 2842 15-16.

248 2860 384 2889 Pareat.
408 2861 465 2891 (in.
516 2861 565 2890 LX
575 2860 652 2890 Χιν.

916 236 1056 264 nunquam
1073 230 1187 258 lirmiter
1205 231 1232 257 in
1249 238 1301 258 una
1328 231 1459 266 opinione
1482 233 1678 262 consistentem
1690 257 1697 268 ,

918 275 964 302 sed
988 275 1022 302 ab
1037 283 1091 302 una
1108 276 1135 303 in
1152 276 1232 303 aliam
1246 278 1409 304 sententiam
1426 278 1576 306 desultoria
1592 280 1699 308 levitate

917 323 1126 352 transeuntem,
1142 321 1370 355 quemadmodum
1386 322 1445 350 dies
1466 323 1499 350 ab
1521 331 1574 350 una
1589 324 1657 351 hora
1672 325 1699 351 in

918 365 999 391 aliam
1015 365 1125 401 transit.
1141 365 1249 394 Poteris
1264 367 1347 394 etiam
1367 368 1409 395 sic
1429 369 1603 404 interpretari
1630 370 1699 402 hoc,

921 418 930 435 ι
959 409 1095 446 Numquid
1112 411 1254 439 duodecim
1280 417 1345 440 sunt
1368 414 1442 441 liora:
1458 415 1532 442 diei?
1554 425 1563 442 ι
1579 416 1698 449 scilicet,

918 453 976 483 dies
992 463 1042 491 ego
1059 464 1120 484 sum
1137 461 1162 484 et
1178 457 1234 484 lux.
1255 457 1333 485 Sicut
1348 459 1431 494 igitur
1448 460 1493 487 lux
1514 460 1568 488 diei
1585 469 1639 488 non
1656 461 1701 490 de-

919 500 1008 533 liciet,
1023 502 1075 529 nisi
1094 503 1172 536 prius
1186 504 1369 531 constitutum
1395 509 1502 540 tempus
1527 506 1699 541 impleverit:

919 547 956 573 ita
971 555 1028 575 non
1042 552 1084 575 est
1099 549 1125 575 in
1133 549 1354 583 contingentibus
1369 555 1398 577 ut.
1413 559 1502 579 meum
1517 553 1609 580 lumen
1626 560 1641 579 a
1655 552 1700 580 Ju—

918 593 984 620 dzeis
1001 594 1114 621 tollatur
1128 599 1155 622 et
1172 596 1348 629 obscuretur,
1373 597 1532 632 priusquam
1551 598 1583 624 ad
1604 606 1690 627 conve

919 640 1041 666 nientcm
1058 647 1089 667 ac
1104 640 1228 668 debitum
1251 642 1431 670 humanitatis
1451 643 1560 670 modum
1581 644 1698 672 devene-

920 684 965 711 rit.
988 684 1076 712 Porro
1093 685 1164 713 diem
1180 686 1248 713 dicit
1271 690 1380 721 tempus
1405 689 1448 714 sui
1472 688 1624 722 adventus,
1651 697 1700 716 no-

919 735 991 758 ctem
1019 739 1084 758 vero
1097 740 1158 767 quae
1174 732 1251 759 illum
1269 733 1418 767 praecedit,
1439 734 1511 761 velut
1533 742 1594 761 eum
1617 736 1699 763 etiam

919 777 987 804 dicit
1001 787 1007 805 :
1025 786 1034 802 ε
1049 776 1153 805 Facere
1167 782 1275 813 oportet
1295 786 1376 813 opera
1397 779 1457 813 ejus
1477 780 1525 814 qui
1549 781 1623 808 misit
1639 789 1681 809 me
1692 803 1698 812 .

921 825 983 852 dum
999 825 1058 853 dies
1074 829 1117 853 est
1129 826 1162 852 ³⁵.
1177 835 1186 851 ›
1198 825 1256 853 Hoc
1270 826 1354 861 igitur
1367 826 1428 853 Ioco
1444 826 1471 854 id
1486 826 1568 854 dicit:
1585 826 1644 854 Non
1658 832 1701 855 est

918 880 991 899 nunc
1003 876 1109 907 tempus
1121 876 1150 900 ut
1165 873 1322 900 abstraham
1332 880 1375 900 tne
1391 880 1405 899 a
1420 872 1533 905 Iudaeis,
1545 873 1609 900 licet
1624 873 1699 907 impii

918 919 982 950 sint,
1000 919 1047 946 sed
1063 923 1093 945 ut
1109 919 1142 946 ad
1153 920 1321 947 curationem
1339 927 1433 946 eorum
1450 919 1518 946 nihil
1536 920 1699 948 intentatum

918 964 1084 999 relinquam.
1101 964 1159 992 Non
1175 965 1246 992 enim
1259 969 1366 1000 oportet
1381 973 1428 993 eos
1442 973 1516 992 nunc
1528 966 1658 1001 castigari
1673 971 1701 994 et

917 1009 1009 1044 puniri
1019 1030 1026 1041 ,
1043 1009 1188 1038 recedente
1198 1030 1205 1042 ,
1220 1011 1295 1038 velut
1312 1011 1380 1044 sole,
1398 1011 1432 1038 ab
1444 1011 1483 1039 eis
1497 1011 1588 1051 divina
1601 1013 1699 1047 gratia.

917 1055 964 1082 sed
981 1056 1209 1090 quemadmodum
1234 1056 1327 1082 lumen
1351 1055 1406 1084 diei
1433 1064 1488 1083 non
1510 1056 1622 1090 deﬁcit,
1646 1058 1700 1086 nisi

916 1101 1061 1128 duodecim
1076 1101 1206 1128 horarum
1224 1101 1349 1129 contecto
1365 1102 1462 1136 spatio,
1478 1102 1518 1129 sic
1533 1109 1622 1137 neque
1637 1109 1699 1130 ante

917 1151 1023 1182 tempus
1046 1155 1105 1174 mea
1132 1147 1306 1175 contrahitur
1330 1148 1513 1180 illuminatio,
1537 1149 1592 1176 imo
1613 1157 1700 1184 usque

915 1192 949 1219 ad
964 1200 1074 1220 crucem
1089 1194 1204 1220 manebo
1215 1201 1275 1220 cum
1287 1192 1554 1224 Judaeis,immittens
1563 1194 1603 1221 eis
1614 1195 1698 1222 veluti

915 1238 1007 1265 lumen
1024 1238 1071 1265 Dei
1089 1239 1256 1273 cognitionis
1271 1239 1494 1274 intelligentiam.
1518 1239 1699 1275 Quandoqui-

915 1283 976 1310 dem
991 1284 1063 1310 enim
1078 1282 1174 1314 Judaei.
1192 1284 1219 1310 in
1239 1283 1409 1311 inﬁdelitatis
1417 1284 1541 1311 tenebris
1555 1289 1678 1312 errantes
1689 1305 1697 1316 .

915 1325 943 1353 in
964 1333 1008 1353 me
1029 1330 1059 1353 ut
1080 1327 1112 1354 ad
1136 1327 1254 1361 lapidem
1277 1328 1435 1366 oil‘endunt,
1457 1329 1576 1356 eundum
1598 1334 1640 1357 est
1664 1330 1698 1356 ad

915 1371 977 1399 illos
993 1376 1021 1399 ut
1036 1373 1238 1406 illuminentur,
1253 1379 1280 1401 et
1292 1374 1419 1401 desinant
1433 1374 1460 1401 in
1475 1374 1559 1402 Deum
1575 1382 1699 1410 pugnare

915 1424 946 1443 ac
962 1417 1068 1452 furere;
1080 1419 1124 1446 vel
1139 1418 1191 1445 hoc
1205 1419 1287 1446 modo
1301 1428 1308 1446 :
1326 1419 1554 1454 Quandoquidem
1570 1421 1698 1456 discipuli

914 1461 1054 1489 Christum
1069 1464 1198 1490 accedere
1215 1463 1246 1490 ad
1262 1463 1371 1491 Judzeos
1392 1464 1540 1497 vetabant,
1562 1472 1616 1492 non
1638 1473 1698 1500 pro-

884 858 906 885 B

878 1526 898 1554 ο
915 1512 974 1542 pter
989 1508 1095 1543 seipsos
1106 1529 1113 1541 ,
1139 1510 1186 1536 sed
1202 1509 1276 1544 quod
1292 1510 1351 1544 ejus
1368 1509 1463 1545 utique
1489 1511 1571 1538 saluti
1598 1516 1699 1538 metue-

915 1557 995 1585 rent,
1022 1553 1173 1580 contirmat'
1189 1562 1237 1582 eos
1261 1562 1310 1589 per
1337 1555 1513 1590 parabolam,
1530 1556 1603 1591 quod
1630 1557 1698 1584 nihil

916 1607 1030 1633 usquam
1047 1603 1147 1633 praeter
1168 1599 1335 1626 voluntatem
1353 1608 1487 1635 passurus
1503 1601 1550 1628 sit.
1581 1601 1609 1628 Si
1625 1602 1698 1629 enim

913 1645 959 1678 qui
977 1645 1099 1672 ambulat
1115 1645 1142 1672 in
1155 1645 1201 1672 die
1215 1654 1269 1673 non
1285 1646 1416 1679 offendit,
1429 1648 1567 1681 quomodo
1582 1648 1628 1682 qui
1644 1656 1699 1675 om-

912 1689 995 1715 nibus
1007 1689 1097 1716 lumen
1110 1689 1232 1717 immittit
1242 1710 1249 1722 ,
1263 1694 1407 1725 pateretur
1420 1691 1523 1725 aliquid
1552 1692 1698 1719 molestum

913 1733 1041 1762 inwtus?
1059 1736 1112 1762 Aut
1126 1737 1265 1770 quomodo
1281 1737 1326 1771 qui
1344 1737 1472 1764 omnibus
1489 1738 1592 1765 revelat
1609 1739 1698 1765 occul-

911 1784 955 1808 tas
974 1780 1107 1808 malorum
1131 1781 1236 1813 foveas,
1252 1782 1412 1817 imprudens
1426 1783 1453 1810 in
1469 1791 1516 1811 eas
1533 1784 1635 1812 cadet?
1648 1784 1698 1812 Vel

913 1833 970 1852 non
986 1825 1019 1852 de
1034 1826 1125 1861 seipso
1142 1827 1193 1853 hoc
1209 1827 1290 1859 dicit,
1313 1828 1361 1855 sed
1385 1822 1418 1855 die
1441 1828 1605 1864 discipulis,
1629 1831 1696 1857 nihil

913 1879 961 1899 eos
987 1873 1115 1899 acerbum
1155 1880 1304 1907 passuros.
1331 1873 1414 1908 679
1436 1874 1557 1908 quandiu
1572 1882 1634 1901 eum
1650 1875 1697 1902 illo

913 1920 1010 1948 erunt,
1027 1918 1073 1952 qui
1102 1918 1195 1944 omnia
1223 1918 1376 1951 illuminat,
1402 1919 1506 1953 quique
1529 1927 1583 1946 nou
1609 1920 1698 1948 solum

914 1963 966 1990 scit
977 1983 984 1994 ,
999 1962 1047 1990 sed
1065 1963 1128 1991 aliis
1143 1963 1226 1990 etiam
1243 1964 1341 1998 retegit
1362 1965 1469 1991 occulta
1486 1965 1620 1992 malorum
1636 1973 1700 1992 eon-

915 2008 993 2040 silia,
1008 2008 1125 2043 ideoque
1141 2005 1295 2043 praedicens
1316 2009 1357 2036 eis
1372 2009 1399 2035 in
1416 2009 1579 2043 quibusdam
1605 2010 1698 2037 futura

912 2058 942 2080 et
956 2053 1115 2080 illuminans
1128 2060 1194 2086 eos,
1211 2061 1266 2080 non
1282 2053 1347 2080 sinit
1362 2054 1511 2089 impingere
1524 2055 1552 2081 in
1568 2055 1698 2082 scandala

914 2099 941 2125 in
958 2099 991 2125 iis
1010 2106 1071 2133 qua:
1088 2103 1221 2126 eventura
1235 2103 1310 2126 sunt.

952 2163 999 2196 XI,
1015 2164 1058 2191 II.
1076 2164 1195 2191 Lazarus
1210 2164 1309 2191 amicus
1326 2170 1413 2192 noster
1424 2167 1533 2192 dormtt.

879 2197 901 2225 ἰ)

951 2220 1049 2248 Gravis
1064 2220 1173 2248 occasio
1186 2221 1269 2247 trahit
1293 2228 1335 2248 me
1355 2220 1527 2254 Jerusalem,
1551 2221 1602 2249 hoc
1624 2222 1697 2252 enim

916 2267 1054 2301 signiﬁcat
1069 2266 1134 2293 illud
1150 2275 1155 2293 :
1176 2276 1185 2291 ι
1203 2267 1314 2293 Amicus
1337 2270 1430 2294 noster
1451 2267 1573 2300 dormit;
1592 2277 1602 2293 ›
1620 2275 1653 2294 ac
1675 2268 1698 2294 si

915 2321 977 2340 eum
992 2313 1153 2347 neglexero.
1168 2313 1235 2339 mihi
1251 2313 1345 2347 opinio
1358 2313 1582 2341 immisericordis
1595 2319 1622 2341 et
1636 2314 1697 2341 duri

916 2358 1057 2389 subeunda
1081 2363 1134 2386 est.
1161 2358 1251 2391 Quare
1276 2358 1378 2393 pudere
1404 2367 1454 2386 nos
1479 2363 1603 2394 oportet,
1622 2364 1649 2387 et
1664 2361 1698 2389 ad

916 2405 998 2431 amici
1022 2405 1140 2432 salutem
1165 2405 1327 2436 convolare,
1350 2406 1515 2440 contemptis
1539 2405 1696 2433 Juda‘orum

915 2450 1034 2478 insidiis.
1051 2450 1186 2486 Cazterum
1203 2451 1353 2478 ostendens
1370 2459 1519 2487 congruam
1537 2451 1590 2479 Deo
1606 2456 1698 2487 poten-

916 2496 980 2523 tiam
995 2504 1027 2523 ac
1040 2496 1124 2528 vires,
1141 2497 1267 2524 humanae
1282 2497 1380 2524 animae
1395 2505 1411 2524 a
1426 2505 1542 2533 corpore
1557 2503 1696 2525 secessum

916 2550 1041 2569 somnum
1057 2546 1135 2569 vocat
1148 2550 1155 2570 :
1174 2550 1262 2577 neque
1277 2542 1349 2569 enim
1367 2547 1482 2570 mortem
1497 2550 1598 2570 vocare
1612 2543 1698 2570 voluit

915 2589 960 2624 qui
974 2589 1075 2616 creavit
1085 2588 1220 2616 hominem
1232 2588 1264 2616 ad
1276 2589 1507 2616 immortalitatem
1518 2588 1613 2623 ,juxta
1625 2587 1699 2614 Scri-

916 2639 1012 2670 pturas
1028 2634 1062 2667 ³⁵,
1081 2638 1107 2662 et
1122 2635 1315 2670 generationes
1330 2634 1425 2661 mundi
1442 2634 1475 2661 ad
1493 2635 1607 2661 salutem
1622 2633 1696 2660 fecit.

916 2679 1113 2708 Verumtamen
1130 2681 1211 2707 etiam
1229 2688 1309 2708 verus
1327 2683 1369 2707 est
1386 2687 1493 2712 sermo,
1521 2683 1548 2706 et
1573 2686 1636 2706 vere
1656 2682 1698 2706 est

914 2733 1028 2754 somnus
1045 2724 1115 2761 apud
1132 2725 1215 2753 Deum
1252 2725 1373 2759 nihilque
1387 2722 1460 2751 aliud
1476 2727 1518 2751 est
1534 2727 1696 2759 temporaria

1524 2855 1542 2885 2
