  <div class='ocr_page' id='page_1' title='image "/cluster/home/n/w/nwhite01/storage/ocr_20150623/74/njp.32101077772778/029.png"; bbox 0 0 1906 3037; ppageno 0'>
   <div class='ocr_carea' id='block_1_1' title="bbox 204 137 1836 169">
    <p class='ocr_par' dir='ltr' id='par_1_1' title="bbox 204 137 1836 169">
     <span class='ocr_line' id='line_1_1' title="bbox 204 137 1836 169; baseline 0.003 -5"><span class='ocrx_word' id='word_1_1' title='bbox 204 139 240 169; x_wconf 69' lang='grc' dir='ltr'>ιδ</span> <span class='ocrx_word' id='word_1_2' title='bbox 702 138 730 166; x_wconf 89' lang='lat' dir='ltr'><strong>S.</strong></span> <span class='ocrx_word' id='word_1_3' title='bbox 753 137 890 165; x_wconf 76' lang='lat' dir='ltr'><strong>CYlllLLI</strong></span> <span class='ocrx_word' id='word_1_4' title='bbox 909 138 1143 166; x_wconf 63' lang='grc' dir='ltr'><strong>ΑιΕΧΑΝυιιΙΝΙ</strong></span> <span class='ocrx_word' id='word_1_5' title='bbox 1164 140 1313 167; x_wconf 70' lang='lat' dir='ltr'><strong>ARGIHEP</strong></span> <span class='ocrx_word' id='word_1_6' title='bbox 1802 146 1836 169; x_wconf 64' lang='grc' dir='ltr'><strong>ιτ»</strong></span> 
     </span>
    </p>
   </div>
   <div class='ocr_carea' id='block_1_2' title="bbox 204 196 988 234">
    <p class='ocr_par' dir='ltr' id='par_1_2' title="bbox 204 196 988 233">
     <span class='ocr_line' id='line_1_2' title="bbox 204 196 988 233; baseline -0.006 -6"><span class='ocrx_word' id='word_1_7' title='bbox 204 207 237 227; x_wconf 87' lang='lat' dir='ltr'><strong>ac</strong></span> <span class='ocrx_word' id='word_1_8' title='bbox 253 202 446 226; x_wconf 83' lang='lat' dir='ltr'><strong>momentanea</strong></span> <span class='ocrx_word' id='word_1_9' title='bbox 464 197 590 233; x_wconf 79' lang='lat' dir='ltr'><strong>corporis</strong></span> <span class='ocrx_word' id='word_1_10' title='bbox 607 197 694 224; x_wconf 84' lang='lat' dir='ltr'><strong>nostri</strong></span> <span class='ocrx_word' id='word_1_11' title='bbox 713 203 787 223; x_wconf 85' lang='lat' dir='ltr'><strong>mors</strong></span> <span class='ocrx_word' id='word_1_12' title='bbox 799 216 806 227; x_wconf 91' lang='lat'><strong>,</strong></span> <span class='ocrx_word' id='word_1_13' title='bbox 826 196 948 231; x_wconf 77' lang='lat' dir='ltr'><strong>simplici</strong></span> <span class='ocrx_word' id='word_1_14' title='bbox 966 201 988 223; x_wconf 84' lang='lat' dir='ltr'><strong>el</strong></span> 
     </span>
    </p>
   </div>
   <div class='ocr_carea' id='block_1_3' title="bbox 1052 196 1836 234">
    <p class='ocr_par' dir='ltr' id='par_1_3' title="bbox 1052 197 1836 234">
     <span class='ocr_line' id='line_1_3' title="bbox 1052 197 1836 234; baseline 0.003 -10"><span class='ocrx_word' id='word_1_15' title='bbox 1052 205 1092 223; x_wconf 66' lang='lat' dir='ltr'><strong>nov</strong></span> <span class='ocrx_word' id='word_1_16' title='bbox 1105 198 1192 230; x_wconf 71' lang='grc' dir='ltr'>οὐδὲν,</span> <span class='ocrx_word' id='word_1_17' title='bbox 1209 199 1222 224; x_wconf 87' lang='grc' dir='ltr'><strong>ὀ</strong></span> <span class='ocrx_word' id='word_1_18' title='bbox 1239 200 1405 234; x_wconf 63' lang='grc' dir='ltr'>πρόσκαιρος</span> <span class='ocrx_word' id='word_1_19' title='bbox 1419 198 1496 233; x_wconf 72' lang='grc' dir='ltr'>ἡμῶν</span> <span class='ocrx_word' id='word_1_20' title='bbox 1510 197 1555 224; x_wconf 73' lang='grc' dir='ltr'>τοῦ</span> <span class='ocrx_word' id='word_1_21' title='bbox 1573 199 1696 234; x_wconf 78' lang='grc' dir='ltr'>σώματος</span> <span class='ocrx_word' id='word_1_22' title='bbox 1710 199 1836 231; x_wconf 69' lang='grc' dir='ltr'>θάνατος,</span> 
     </span>
    </p>
   </div>
   <div class='ocr_carea' id='block_1_4' title="bbox 200 242 991 280">
    <p class='ocr_par' dir='ltr' id='par_1_4' title="bbox 200 242 991 280">
     <span class='ocr_line' id='line_1_4' title="bbox 200 242 991 280; baseline -0.006 -7"><span class='ocrx_word' id='word_1_23' title='bbox 200 245 263 274; x_wconf 55' lang='lat' dir='ltr'><strong>solo</strong></span> <span class='ocrx_word' id='word_1_24' title='bbox 282 248 420 280; x_wconf 81' lang='lat' dir='ltr'><strong>prostrata</strong></span> <span class='ocrx_word' id='word_1_25' title='bbox 445 249 512 271; x_wconf 89' lang='lat' dir='ltr'><strong>nutu</strong></span> <span class='ocrx_word' id='word_1_26' title='bbox 536 245 595 278; x_wconf 80' lang='lat' dir='ltr'><strong>ejus</strong></span> <span class='ocrx_word' id='word_1_27' title='bbox 617 243 665 278; x_wconf 83' lang='lat' dir='ltr'><strong>qui</strong></span> <span class='ocrx_word' id='word_1_28' title='bbox 689 242 840 269; x_wconf 82' lang='lat' dir='ltr'><strong>seCUndum</strong></span> <span class='ocrx_word' id='word_1_29' title='bbox 863 246 991 269; x_wconf 88' lang='lat' dir='ltr'><strong>naturam</strong></span> 
     </span>
    </p>
   </div>
   <div class='ocr_carea' id='block_1_5' title="bbox 204 289 991 324">
    <p class='ocr_par' dir='ltr' id='par_1_5' title="bbox 204 289 991 324">
     <span class='ocr_line' id='line_1_5' title="bbox 204 289 991 324; baseline -0.004 -6"><span class='ocrx_word' id='word_1_30' title='bbox 204 299 282 319; x_wconf 77' lang='lat' dir='ltr'><strong>suam</strong></span> <span class='ocrx_word' id='word_1_31' title='bbox 303 292 356 319; x_wconf 83' lang='lat' dir='ltr'><strong>vita</strong></span> <span class='ocrx_word' id='word_1_32' title='bbox 376 296 437 324; x_wconf 76' lang='lat' dir='ltr'><strong>est,</strong></span> <span class='ocrx_word' id='word_1_33' title='bbox 459 291 510 317; x_wconf 89' lang='lat' dir='ltr'><strong>hoc</strong></span> <span class='ocrx_word' id='word_1_34' title='bbox 526 294 568 318; x_wconf 88' lang='lat' dir='ltr'><strong>est</strong></span> <span class='ocrx_word' id='word_1_35' title='bbox 587 289 702 317; x_wconf 77' lang='lat' dir='ltr'><strong>Christi.</strong></span> <span class='ocrx_word' id='word_1_36' title='bbox 723 289 920 316; x_wconf 79' lang='lat' dir='ltr'><strong>Animadverte</strong></span> <span class='ocrx_word' id='word_1_37' title='bbox 940 296 991 316; x_wconf 85' lang='lat' dir='ltr'><strong>au-</strong></span> 
     </span>
    </p>
   </div>
   <div class='ocr_carea' id='block_1_6' title="bbox 200 335 992 369">
    <p class='ocr_par' dir='ltr' id='par_1_6' title="bbox 200 335 992 369">
     <span class='ocr_line' id='line_1_6' title="bbox 200 335 992 369; baseline -0.005 -3"><span class='ocrx_word' id='word_1_38' title='bbox 200 345 257 366; x_wconf 82' lang='lat' dir='ltr'><strong>tem</strong></span> <span class='ocrx_word' id='word_1_39' title='bbox 273 346 333 366; x_wconf 89' lang='lat' dir='ltr'><strong>eum</strong></span> <span class='ocrx_word' id='word_1_40' title='bbox 352 345 405 364; x_wconf 87' lang='lat' dir='ltr'><strong>non</strong></span> <span class='ocrx_word' id='word_1_41' title='bbox 418 337 520 364; x_wconf 78' lang='lat' dir='ltr'><strong>dixisse</strong></span> <span class='ocrx_word' id='word_1_42' title='bbox 534 344 541 363; x_wconf 92' lang='lat'><strong>:</strong></span> <span class='ocrx_word' id='word_1_43' title='bbox 559 335 679 363; x_wconf 86' lang='lat' dir='ltr'><strong>Lazarus</strong></span> <span class='ocrx_word' id='word_1_44' title='bbox 688 340 814 363; x_wconf 89' lang='lat' dir='ltr'><strong>mortuus</strong></span> <span class='ocrx_word' id='word_1_45' title='bbox 827 339 879 369; x_wconf 83' lang='lat' dir='ltr'><strong>est,</strong></span> <span class='ocrx_word' id='word_1_46' title='bbox 889 335 992 362; x_wconf 88' lang='lat' dir='ltr'><strong>etvado</strong></span> 
     </span>
    </p>
   </div>
   <div class='ocr_carea' id='block_1_7' title="bbox 194 380 992 414">
    <p class='ocr_par' dir='ltr' id='par_1_7' title="bbox 194 380 992 414">
     <span class='ocr_line' id='line_1_7' title="bbox 194 380 992 414; baseline 0.001 -7"><span class='ocrx_word' id='word_1_47' title='bbox 194 383 237 408; x_wconf 67' lang='lat' dir='ltr'><strong>ad</strong></span> <span class='ocrx_word' id='word_1_48' title='bbox 253 382 431 410; x_wconf 79' lang='lat' dir='ltr'><strong>excitandum</strong></span> <span class='ocrx_word' id='word_1_49' title='bbox 449 389 532 414; x_wconf 84' lang='lat' dir='ltr'><strong>eum;</strong></span> <span class='ocrx_word' id='word_1_50' title='bbox 556 381 602 408; x_wconf 86' lang='lat' dir='ltr'><strong>sed</strong></span> <span class='ocrx_word' id='word_1_51' title='bbox 628 381 685 407; x_wconf 88' lang='lat' dir='ltr'><strong>ait:</strong></span> <span class='ocrx_word' id='word_1_52' title='bbox 703 390 712 405; x_wconf 88' lang='grc' dir='ltr'><strong>ι</strong></span> <span class='ocrx_word' id='word_1_53' title='bbox 729 380 847 414; x_wconf 89' lang='lat' dir='ltr'><strong>Dormit,</strong></span> <span class='ocrx_word' id='word_1_54' title='bbox 867 390 876 407; x_wconf 79' lang='grc' dir='ltr'><strong>ι</strong></span> <span class='ocrx_word' id='word_1_55' title='bbox 891 381 992 408; x_wconf 83' lang='lat' dir='ltr'><strong>iastum</strong></span> 
     </span>
    </p>
   </div>
   <div class='ocr_carea' id='block_1_8' title="bbox 193 415 993 462">
    <p class='ocr_par' dir='ltr' id='par_1_8' title="bbox 193 415 993 462">
     <span class='ocr_line' id='line_1_8' title="bbox 193 415 993 462; baseline 0.001 -9"><span class='ocrx_word' id='word_1_56' title='bbox 193 415 231 454; x_wconf 55' lang='grc' dir='ltr'>θοι</span> <span class='ocrx_word' id='word_1_57' title='bbox 249 427 409 462; x_wconf 85' lang='lat' dir='ltr'><strong>jactantiam</strong></span> <span class='ocrx_word' id='word_1_58' title='bbox 427 427 517 453; x_wconf 85' lang='lat' dir='ltr'><strong>vitans</strong></span> <span class='ocrx_word' id='word_1_59' title='bbox 538 425 573 453; x_wconf 79' lang='lat' dir='ltr'><strong>ad</strong></span> <span class='ocrx_word' id='word_1_60' title='bbox 593 430 717 454; x_wconf 87' lang='lat' dir='ltr'><strong>nostram</strong></span> <span class='ocrx_word' id='word_1_61' title='bbox 739 426 941 454; x_wconf 88' lang='lat' dir='ltr'><strong>institutionem</strong></span> <span class='ocrx_word' id='word_1_62' title='bbox 960 431 993 454; x_wconf 83' lang='lat' dir='ltr'><strong>ac</strong></span> 
     </span>
    </p>
   </div>
   <div class='ocr_carea' id='block_1_9' title="bbox 206 471 993 508">
    <p class='ocr_par' dir='ltr' id='par_1_9' title="bbox 206 471 993 508">
     <span class='ocr_line' id='line_1_9' title="bbox 206 471 993 508; baseline 0.001 -9"><span class='ocrx_word' id='word_1_63' title='bbox 206 474 362 500; x_wconf 78' lang='lat' dir='ltr'><strong>utilitatem.</strong></span> <span class='ocrx_word' id='word_1_64' title='bbox 388 471 448 498; x_wconf 84' lang='lat' dir='ltr'><strong>Non</strong></span> <span class='ocrx_word' id='word_1_65' title='bbox 474 472 547 498; x_wconf 89' lang='lat' dir='ltr'><strong>enim</strong></span> <span class='ocrx_word' id='word_1_66' title='bbox 573 472 641 498; x_wconf 87' lang='lat' dir='ltr'><strong>adeo</strong></span> <span class='ocrx_word' id='word_1_67' title='bbox 660 471 808 499; x_wconf 83' lang='lat' dir='ltr'><strong>obscuram</strong></span> <span class='ocrx_word' id='word_1_68' title='bbox 828 473 993 508; x_wconf 86' lang='lat' dir='ltr'><strong>plenamque</strong></span> 
     </span>
    </p>
   </div>
   <div class='ocr_carea' id='block_1_10' title="bbox 206 518 992 554">
    <p class='ocr_par' dir='ltr' id='par_1_10' title="bbox 206 518 992 554">
     <span class='ocr_line' id='line_1_10' title="bbox 206 518 992 554; baseline 0.003 -10"><span class='ocrx_word' id='word_1_69' title='bbox 206 518 438 546; x_wconf 83' lang='lat' dir='ltr'><strong>dissimulationis</strong></span> <span class='ocrx_word' id='word_1_70' title='bbox 455 518 594 545; x_wconf 82' lang='lat' dir='ltr'><strong>emisisset</strong></span> <span class='ocrx_word' id='word_1_71' title='bbox 611 526 706 545; x_wconf 87' lang='lat' dir='ltr'><strong>vocem</strong></span> <span class='ocrx_word' id='word_1_72' title='bbox 717 539 724 550; x_wconf 87' lang='lat'><strong>,</strong></span> <span class='ocrx_word' id='word_1_73' title='bbox 745 522 774 546; x_wconf 86' lang='lat' dir='ltr'><strong>ut</strong></span> <span class='ocrx_word' id='word_1_74' title='bbox 791 519 836 546; x_wconf 79' lang='lat' dir='ltr'><strong>vix</strong></span> <span class='ocrx_word' id='word_1_75' title='bbox 855 519 906 554; x_wconf 83' lang='lat' dir='ltr'><strong>ipsi</strong></span> <span class='ocrx_word' id='word_1_76' title='bbox 922 527 992 554; x_wconf 91' lang='lat' dir='ltr'><strong>quo-</strong></span> 
     </span>
    </p>
   </div>
   <div class='ocr_carea' id='block_1_11' title="bbox 200 563 993 599">
    <p class='ocr_par' dir='ltr' id='par_1_11' title="bbox 200 563 993 599">
     <span class='ocr_line' id='line_1_11' title="bbox 200 563 993 599; baseline 0.003 -9"><span class='ocrx_word' id='word_1_77' title='bbox 200 571 258 598; x_wconf 91' lang='lat' dir='ltr'><strong>-que</strong></span> <span class='ocrx_word' id='word_1_78' title='bbox 281 563 408 598; x_wconf 85' lang='lat' dir='ltr'><strong>discipuli</strong></span> <span class='ocrx_word' id='word_1_79' title='bbox 425 571 582 590; x_wconf 81' lang='lat' dir='ltr'><strong>sermonem</strong></span> <span class='ocrx_word' id='word_1_80' title='bbox 611 563 808 599; x_wconf 80' lang='lat' dir='ltr'><strong>intelligerent.</strong></span> <span class='ocrx_word' id='word_1_81' title='bbox 836 564 895 592; x_wconf 89' lang='lat' dir='ltr'><strong>Non</strong></span> <span class='ocrx_word' id='word_1_82' title='bbox 920 566 993 592; x_wconf 82' lang='lat' dir='ltr'><strong>enim</strong></span> 
     </span>
    </p>
   </div>
   <div class='ocr_carea' id='block_1_12' title="bbox 205 608 993 638">
    <p class='ocr_par' dir='ltr' id='par_1_12' title="bbox 205 608 993 638">
     <span class='ocr_line' id='line_1_12' title="bbox 205 608 993 638; baseline 0.003 -2"><span class='ocrx_word' id='word_1_83' title='bbox 205 610 292 637; x_wconf 78' lang='lat' dir='ltr'><strong>dixit:</strong></span> <span class='ocrx_word' id='word_1_84' title='bbox 309 608 383 637; x_wconf 85' lang='lat' dir='ltr'><strong>Vado</strong></span> <span class='ocrx_word' id='word_1_85' title='bbox 400 610 590 637; x_wconf 84' lang='lat' dir='ltr'><strong>vivitlcaturus</strong></span> <span class='ocrx_word' id='word_1_86' title='bbox 603 614 630 637; x_wconf 87' lang='lat' dir='ltr'><strong>et</strong></span> <span class='ocrx_word' id='word_1_87' title='bbox 646 618 660 636; x_wconf 87' lang='lat' dir='ltr'><strong>a</strong></span> <span class='ocrx_word' id='word_1_88' title='bbox 678 611 795 638; x_wconf 88' lang='lat' dir='ltr'><strong>mortuis</strong></span> <span class='ocrx_word' id='word_1_89' title='bbox 810 612 993 638; x_wconf 81' lang='lat' dir='ltr'><strong>suscitaturus</strong></span> 
     </span>
    </p>
   </div>
   <div class='ocr_carea' id='block_1_13' title="bbox 206 655 992 691">
    <p class='ocr_par' dir='ltr' id='par_1_13' title="bbox 206 655 992 691">
     <span class='ocr_line' id='line_1_13' title="bbox 206 655 992 691; baseline 0.004 -10"><span class='ocrx_word' id='word_1_90' title='bbox 206 663 283 688; x_wconf 81' lang='lat' dir='ltr'><strong>cum,</strong></span> <span class='ocrx_word' id='word_1_91' title='bbox 300 655 358 687; x_wconf 84' lang='lat' dir='ltr'><strong>sed,</strong></span> <span class='ocrx_word' id='word_1_92' title='bbox 386 664 395 680; x_wconf 87' lang='grc' dir='ltr'><strong>ι</strong></span> <span class='ocrx_word' id='word_1_93' title='bbox 412 655 658 690; x_wconf 72' lang='lat' dir='ltr'><strong>expergefacturus</strong></span> <span class='ocrx_word' id='word_1_94' title='bbox 673 676 679 687; x_wconf 91' lang='lat'><strong>,</strong></span> <span class='ocrx_word' id='word_1_95' title='bbox 703 666 711 681; x_wconf 76' lang='grc' dir='ltr'><strong>ι</strong></span> <span class='ocrx_word' id='word_1_96' title='bbox 735 657 807 691; x_wconf 88' lang='lat' dir='ltr'><strong>quod</strong></span> <span class='ocrx_word' id='word_1_97' title='bbox 824 657 932 691; x_wconf 79' lang='lat' dir='ltr'><strong>quidem</strong></span> <span class='ocrx_word' id='word_1_98' title='bbox 946 665 992 684; x_wconf 82' lang='lat' dir='ltr'><strong>va-</strong></span> 
     </span>
    </p>
   </div>
   <div class='ocr_carea' id='block_1_14' title="bbox 204 702 850 737">
    <p class='ocr_par' dir='ltr' id='par_1_14' title="bbox 204 702 850 737">
     <span class='ocr_line' id='line_1_14' title="bbox 204 702 850 737; baseline 0.002 -9"><span class='ocrx_word' id='word_1_99' title='bbox 204 709 286 728; x_wconf 84' lang='lat' dir='ltr'><strong>cuum</strong></span> <span class='ocrx_word' id='word_1_100' title='bbox 303 705 364 729; x_wconf 88' lang='lat' dir='ltr'><strong>erat</strong></span> <span class='ocrx_word' id='word_1_101' title='bbox 382 702 416 729; x_wconf 88' lang='lat' dir='ltr'><strong>ab</strong></span> <span class='ocrx_word' id='word_1_102' title='bbox 431 702 505 729; x_wconf 90' lang='lat' dir='ltr'><strong>omni</strong></span> <span class='ocrx_word' id='word_1_103' title='bbox 523 702 683 737; x_wconf 84' lang='lat' dir='ltr'><strong>suspicione</strong></span> <span class='ocrx_word' id='word_1_104' title='bbox 697 702 850 737; x_wconf 64' lang='lat' dir='ltr'><strong>iactantiae.</strong></span> 
     </span>
    </p>
   </div>
   <div class='ocr_carea' id='block_1_15' title="bbox 239 755 698 798">
    <p class='ocr_par' dir='ltr' id='par_1_15' title="bbox 239 755 698 798">
     <span class='ocr_line' id='line_1_15' title="bbox 239 755 698 798; baseline 0.004 -16"><span class='ocrx_word' id='word_1_105' title='bbox 239 755 353 798; x_wconf 49' lang='grc' dir='ltr'><strong>Χ1η12.</strong></span> <span class='ocrx_word' id='word_1_106' title='bbox 373 756 404 784; x_wconf 88' lang='lat' dir='ltr'><strong>Si</strong></span> <span class='ocrx_word' id='word_1_107' title='bbox 418 756 525 788; x_wconf 75' lang='lat' dir='ltr'><strong>dormit,</strong></span> <span class='ocrx_word' id='word_1_108' title='bbox 543 756 698 784; x_wconf 81' lang='lat' dir='ltr'><strong>salrabitur.</strong></span> 
     </span>
    </p>
   </div>
   <div class='ocr_carea' id='block_1_16' title="bbox 241 812 994 849">
    <p class='ocr_par' dir='ltr' id='par_1_16' title="bbox 241 812 994 849">
     <span class='ocr_line' id='line_1_16' title="bbox 241 812 994 849; baseline 0.001 -10"><span class='ocrx_word' id='word_1_109' title='bbox 241 813 281 840; x_wconf 92' lang='lat' dir='ltr'><strong>llli</strong></span> <span class='ocrx_word' id='word_1_110' title='bbox 303 820 380 845; x_wconf 78' lang='lat' dir='ltr'><strong>vero,</strong></span> <span class='ocrx_word' id='word_1_111' title='bbox 402 820 456 839; x_wconf 92' lang='lat' dir='ltr'><strong>non</strong></span> <span class='ocrx_word' id='word_1_112' title='bbox 477 812 662 848; x_wconf 77' lang='lat' dir='ltr'><strong>intelligentes</strong></span> <span class='ocrx_word' id='word_1_113' title='bbox 680 814 734 840; x_wconf 91' lang='lat' dir='ltr'><strong>vim</strong></span> <span class='ocrx_word' id='word_1_114' title='bbox 754 813 840 847; x_wconf 84' lang='lat' dir='ltr'><strong>verbi,</strong></span> <span class='ocrx_word' id='word_1_115' title='bbox 861 814 994 849; x_wconf 80' lang='lat' dir='ltr'><strong>putabant</strong></span> 
     </span>
    </p>
   </div>
   <div class='ocr_carea' id='block_1_17' title="bbox 205 858 992 894">
    <p class='ocr_par' dir='ltr' id='par_1_17' title="bbox 205 858 992 894">
     <span class='ocr_line' id='line_1_17' title="bbox 205 858 992 894; baseline 0 -8"><span class='ocrx_word' id='word_1_116' title='bbox 205 859 298 887; x_wconf 76' lang='lat' dir='ltr'><strong>Jcsum</strong></span> <span class='ocrx_word' id='word_1_117' title='bbox 317 858 411 886; x_wconf 86' lang='lat' dir='ltr'><strong>dicere</strong></span> <span class='ocrx_word' id='word_1_118' title='bbox 430 858 464 886; x_wconf 87' lang='lat' dir='ltr'><strong>de</strong></span> <span class='ocrx_word' id='word_1_119' title='bbox 483 859 654 887; x_wconf 89' lang='lat' dir='ltr'><strong>dormitione</strong></span> <span class='ocrx_word' id='word_1_120' title='bbox 674 860 775 891; x_wconf 90' lang='lat' dir='ltr'><strong>somni,</strong></span> <span class='ocrx_word' id='word_1_121' title='bbox 786 860 843 894; x_wconf 88' lang='lat' dir='ltr'><strong>qui,</strong></span> <span class='ocrx_word' id='word_1_122' title='bbox 867 867 992 894; x_wconf 65' lang='lat' dir='ltr'><strong>smpenu-</strong></span> 
     </span>
    </p>
   </div>
   <div class='ocr_carea' id='block_1_18' title="bbox 1043 243 1838 281">
    <p class='ocr_par' dir='ltr' id='par_1_18' title="bbox 1043 243 1838 281">
     <span class='ocr_line' id='line_1_18' title="bbox 1043 243 1838 281; baseline 0.004 -11"><span class='ocrx_word' id='word_1_123' title='bbox 1043 243 1114 279; x_wconf 73' lang='grc' dir='ltr'>ψιλῷ</span> <span class='ocrx_word' id='word_1_124' title='bbox 1134 245 1179 271; x_wconf 71' lang='grc' dir='ltr'><strong>καὶ</strong></span> <span class='ocrx_word' id='word_1_125' title='bbox 1201 245 1273 280; x_wconf 83' lang='grc' dir='ltr'>μόνῳ</span> <span class='ocrx_word' id='word_1_126' title='bbox 1295 244 1515 279; x_wconf 82' lang='grc' dir='ltr'>καταργούμενος</span> <span class='ocrx_word' id='word_1_127' title='bbox 1543 245 1655 280; x_wconf 81' lang='grc' dir='ltr'><strong>νεύματι</strong></span> <span class='ocrx_word' id='word_1_128' title='bbox 1685 246 1735 281; x_wconf 82' lang='grc' dir='ltr'><strong>τῆς</strong></span> <span class='ocrx_word' id='word_1_129' title='bbox 1768 246 1838 274; x_wconf 65' lang='grc' dir='ltr'>κατὰ</span> 
     </span>
    </p>
   </div>
   <div class='ocr_carea' id='block_1_19' title="bbox 1045 290 1837 327">
    <p class='ocr_par' dir='ltr' id='par_1_19' title="bbox 1045 290 1837 327">
     <span class='ocr_line' id='line_1_19' title="bbox 1045 290 1837 327; baseline 0.001 -9"><span class='ocrx_word' id='word_1_130' title='bbox 1045 291 1126 326; x_wconf 73' lang='grc' dir='ltr'>φύσιν</span> <span class='ocrx_word' id='word_1_131' title='bbox 1153 290 1234 326; x_wconf 82' lang='grc' dir='ltr'><strong>ζωῆς,</strong></span> <span class='ocrx_word' id='word_1_132' title='bbox 1256 290 1328 317; x_wconf 82' lang='grc' dir='ltr'>τοῦτ’</span> <span class='ocrx_word' id='word_1_133' title='bbox 1348 291 1405 317; x_wconf 76' lang='grc' dir='ltr'>ἔστι</span> <span class='ocrx_word' id='word_1_134' title='bbox 1430 291 1559 327; x_wconf 76' lang='grc' dir='ltr'>Χριστοῦ.</span> <span class='ocrx_word' id='word_1_135' title='bbox 1582 292 1652 327; x_wconf 81' lang='grc' dir='ltr'>Ὅρα</span> <span class='ocrx_word' id='word_1_136' title='bbox 1674 292 1701 319; x_wconf 81' lang='grc' dir='ltr'>δὲ</span> <span class='ocrx_word' id='word_1_137' title='bbox 1724 293 1765 318; x_wconf 80' lang='grc' dir='ltr'>ὅτι</span> <span class='ocrx_word' id='word_1_138' title='bbox 1788 293 1837 319; x_wconf 72' lang='grc' dir='ltr'>οὐκ</span> 
     </span>
    </p>
   </div>
   <div class='ocr_carea' id='block_1_20' title="bbox 1045 335 1838 374">
    <p class='ocr_par' dir='ltr' id='par_1_20' title="bbox 1045 335 1838 374">
     <span class='ocr_line' id='line_1_20' title="bbox 1045 335 1838 374; baseline 0.003 -11"><span class='ocrx_word' id='word_1_139' title='bbox 1045 335 1114 364; x_wconf 78' lang='grc' dir='ltr'>εἷπε·</span> <span class='ocrx_word' id='word_1_140' title='bbox 1139 336 1262 372; x_wconf 75' lang='grc' dir='ltr'><strong>Λάζαρος</strong></span> <span class='ocrx_word' id='word_1_141' title='bbox 1287 336 1415 369; x_wconf 80' lang='grc' dir='ltr'>ἀπέθανε,</span> <span class='ocrx_word' id='word_1_142' title='bbox 1439 338 1485 364; x_wconf 79' lang='grc' dir='ltr'>καὶ</span> <span class='ocrx_word' id='word_1_143' title='bbox 1510 338 1661 374; x_wconf 85' lang='grc' dir='ltr'>πορεύομαι</span> <span class='ocrx_word' id='word_1_144' title='bbox 1684 339 1838 374; x_wconf 72' lang='grc' dir='ltr'>ἀναστῆσαι</span> 
     </span>
    </p>
   </div>
   <div class='ocr_carea' id='block_1_21' title="bbox 1045 382 1838 420">
    <p class='ocr_par' dir='ltr' id='par_1_21' title="bbox 1045 382 1838 420">
     <span class='ocr_line' id='line_1_21' title="bbox 1045 382 1838 420; baseline 0.001 -10"><span class='ocrx_word' id='word_1_145' title='bbox 1045 383 1138 416; x_wconf 70' lang='grc' dir='ltr'>αὐτὸν,</span> <span class='ocrx_word' id='word_1_146' title='bbox 1161 382 1228 409; x_wconf 83' lang='grc' dir='ltr'>ἀλλά</span> <span class='ocrx_word' id='word_1_147' title='bbox 1251 391 1327 417; x_wconf 76' lang='grc' dir='ltr'>φησι,</span> <span class='ocrx_word' id='word_1_148' title='bbox 1345 393 1353 408; x_wconf 84' lang='grc' dir='ltr'><strong>ι</strong></span> <span class='ocrx_word' id='word_1_149' title='bbox 1377 384 1556 419; x_wconf 82' lang='grc' dir='ltr'>Κεκοίμηται,</span> <span class='ocrx_word' id='word_1_150' title='bbox 1574 393 1583 409; x_wconf 76' lang='grc' dir='ltr'><strong>ι</strong></span> <span class='ocrx_word' id='word_1_151' title='bbox 1602 385 1632 411; x_wconf 84' lang='grc' dir='ltr'><strong>τὺ</strong></span> <span class='ocrx_word' id='word_1_152' title='bbox 1647 385 1838 420; x_wconf 69' lang='grc' dir='ltr'>κομπαστικὶν</span> 
     </span>
    </p>
   </div>
   <div class='ocr_carea' id='block_1_22' title="bbox 1046 428 1836 464">
    <p class='ocr_par' dir='ltr' id='par_1_22' title="bbox 1046 428 1836 464">
     <span class='ocr_line' id='line_1_22' title="bbox 1046 428 1836 464; baseline 0.003 -10"><span class='ocrx_word' id='word_1_153' title='bbox 1046 428 1164 464; x_wconf 79' lang='grc' dir='ltr'><strong>φεύγων,</strong></span> <span class='ocrx_word' id='word_1_154' title='bbox 1187 428 1254 464; x_wconf 73' lang='grc' dir='ltr'>πρὸς</span> <span class='ocrx_word' id='word_1_155' title='bbox 1275 429 1413 464; x_wconf 77' lang='grc' dir='ltr'><strong>ἡμετέραν</strong></span> <span class='ocrx_word' id='word_1_156' title='bbox 1434 429 1607 456; x_wconf 73' lang='grc' dir='ltr'><strong>διδασκαλίαν</strong></span> <span class='ocrx_word' id='word_1_157' title='bbox 1624 430 1670 456; x_wconf 83' lang='grc' dir='ltr'>καὶ</span> <span class='ocrx_word' id='word_1_158' title='bbox 1689 431 1836 464; x_wconf 69' lang='grc' dir='ltr'>ὠφέλειαν.</span> 
     </span>
    </p>
   </div>
   <div class='ocr_carea' id='block_1_23' title="bbox 1046 473 1838 510">
    <p class='ocr_par' dir='ltr' id='par_1_23' title="bbox 1046 473 1838 510">
     <span class='ocr_line' id='line_1_23' title="bbox 1046 473 1838 510; baseline 0.001 -10"><span class='ocrx_word' id='word_1_159' title='bbox 1046 474 1082 501; x_wconf 84' lang='grc' dir='ltr'><strong>Οὺ</strong></span> <span class='ocrx_word' id='word_1_160' title='bbox 1106 474 1160 509; x_wconf 71' lang='grc' dir='ltr'>γὰρ</span> <span class='ocrx_word' id='word_1_161' title='bbox 1179 474 1212 500; x_wconf 83' lang='grc' dir='ltr'>ἂν</span> <span class='ocrx_word' id='word_1_162' title='bbox 1226 473 1310 505; x_wconf 74' lang='grc' dir='ltr'>οὕτως</span> <span class='ocrx_word' id='word_1_163' title='bbox 1334 474 1455 509; x_wconf 68' lang='grc' dir='ltr'>ἀμυδρὰν</span> <span class='ocrx_word' id='word_1_164' title='bbox 1480 475 1548 509; x_wconf 73' lang='grc' dir='ltr'>μετὰ</span> <span class='ocrx_word' id='word_1_165' title='bbox 1572 474 1747 510; x_wconf 64' lang='grc' dir='ltr'>ἐπικρύψεως</span> <span class='ocrx_word' id='word_1_166' title='bbox 1762 475 1838 510; x_wconf 70' lang='grc' dir='ltr'>ἠφίει</span> 
     </span>
    </p>
   </div>
   <div class='ocr_carea' id='block_1_24' title="bbox 1046 519 1838 556">
    <p class='ocr_par' dir='ltr' id='par_1_24' title="bbox 1046 519 1838 556">
     <span class='ocr_line' id='line_1_24' title="bbox 1046 519 1838 556; baseline 0.001 -10"><span class='ocrx_word' id='word_1_167' title='bbox 1046 520 1147 555; x_wconf 84' lang='grc' dir='ltr'>φωνὴν,</span> <span class='ocrx_word' id='word_1_168' title='bbox 1164 519 1202 550; x_wconf 80' lang='grc' dir='ltr'>ὼς</span> <span class='ocrx_word' id='word_1_169' title='bbox 1220 519 1279 554; x_wconf 82' lang='grc' dir='ltr'>μηδ’</span> <span class='ocrx_word' id='word_1_170' title='bbox 1302 519 1399 550; x_wconf 72' lang='grc' dir='ltr'>αὐτοὺς</span> <span class='ocrx_word' id='word_1_171' title='bbox 1424 519 1541 546; x_wconf 78' lang='grc' dir='ltr'>συνιέναι</span> <span class='ocrx_word' id='word_1_172' title='bbox 1564 521 1627 552; x_wconf 72' lang='grc' dir='ltr'>τοὺς</span> <span class='ocrx_word' id='word_1_173' title='bbox 1644 520 1769 556; x_wconf 68' lang='grc' dir='ltr'>μαθητὰς</span> <span class='ocrx_word' id='word_1_174' title='bbox 1794 521 1838 547; x_wconf 60' lang='grc' dir='ltr'><strong>τὸν</strong></span> 
     </span>
    </p>
   </div>
   <div class='ocr_carea' id='block_1_25' title="bbox 1045 564 1837 602">
    <p class='ocr_par' dir='ltr' id='par_1_25' title="bbox 1045 564 1837 602">
     <span class='ocr_line' id='line_1_25' title="bbox 1045 564 1837 602; baseline 0.001 -11"><span class='ocrx_word' id='word_1_175' title='bbox 1045 565 1131 600; x_wconf 82' lang='grc' dir='ltr'>λόγον.</span> <span class='ocrx_word' id='word_1_176' title='bbox 1151 565 1188 592; x_wconf 74' lang='lat'><strong>0&#39;5</strong></span> <span class='ocrx_word' id='word_1_177' title='bbox 1200 565 1252 601; x_wconf 80' lang='grc' dir='ltr'><strong>γὰρ</strong></span> <span class='ocrx_word' id='word_1_178' title='bbox 1265 564 1328 599; x_wconf 69' lang='grc' dir='ltr'>ἔφη,</span> <span class='ocrx_word' id='word_1_179' title='bbox 1346 565 1501 602; x_wconf 72' lang='grc' dir='ltr'>Πορερομαι</span> <span class='ocrx_word' id='word_1_180' title='bbox 1513 565 1629 597; x_wconf 76' lang='grc' dir='ltr'>ζωώσων</span> <span class='ocrx_word' id='word_1_181' title='bbox 1642 566 1658 601; x_wconf 81' lang='grc' dir='ltr'>ἦ</span> <span class='ocrx_word' id='word_1_182' title='bbox 1675 566 1837 601; x_wconf 77' lang='grc' dir='ltr'>ἀναστήσων</span> 
     </span>
    </p>
   </div>
   <div class='ocr_carea' id='block_1_26' title="bbox 1044 602 1836 647">
    <p class='ocr_par' dir='ltr' id='par_1_26' title="bbox 1044 610 1836 647">
     <span class='ocr_line' id='line_1_26' title="bbox 1044 610 1836 647; baseline 0.001 -10"><span class='ocrx_word' id='word_1_183' title='bbox 1044 611 1126 638; x_wconf 71' lang='grc' dir='ltr'>αὐτὸν</span> <span class='ocrx_word' id='word_1_184' title='bbox 1141 613 1172 637; x_wconf 78' lang='grc' dir='ltr'>ὲκ</span> <span class='ocrx_word' id='word_1_185' title='bbox 1184 611 1298 646; x_wconf 73' lang='grc' dir='ltr'>νεκρῶν,</span> <span class='ocrx_word' id='word_1_186' title='bbox 1310 611 1366 637; x_wconf 77' lang='grc' dir='ltr'>ἀλλ’</span> <span class='ocrx_word' id='word_1_187' title='bbox 1380 621 1388 636; x_wconf 90' lang='grc' dir='ltr'><strong>ι</strong></span> <span class='ocrx_word' id='word_1_188' title='bbox 1409 611 1585 643; x_wconf 75' lang='grc' dir='ltr'>Ἐξνπ·ιίσιυν’</span> <span class='ocrx_word' id='word_1_189' title='bbox 1605 621 1613 637; x_wconf 74' lang='grc' dir='ltr'><strong>ι</strong></span> <span class='ocrx_word' id='word_1_190' title='bbox 1627 610 1735 647; x_wconf 72' lang='grc' dir='ltr'>ὅπερῇν</span> <span class='ocrx_word' id='word_1_191' title='bbox 1753 613 1836 647; x_wconf 55' lang='lat' dir='ltr'><strong>spy?»</strong></span> 
     </span>
    </p>
   </div>
   <div class='ocr_carea' id='block_1_27' title="bbox 1044 656 1314 692">
    <p class='ocr_par' dir='ltr' id='par_1_27' title="bbox 1044 656 1314 692">
     <span class='ocr_line' id='line_1_27' title="bbox 1044 656 1314 692; baseline 0 -10"><span class='ocrx_word' id='word_1_192' title='bbox 1044 656 1113 687; x_wconf 78' lang='grc' dir='ltr'>τέως</span> <span class='ocrx_word' id='word_1_193' title='bbox 1131 657 1169 688; x_wconf 73' lang='grc' dir='ltr'>εἰς</span> <span class='ocrx_word' id='word_1_194' title='bbox 1184 657 1314 692; x_wconf 69' lang='grc' dir='ltr'>ὑποψίαν.</span> 
     </span>
    </p>
   </div>
   <div class='ocr_carea' id='block_1_28' title="bbox 1080 753 1507 788">
    <p class='ocr_par' dir='ltr' id='par_1_28' title="bbox 1080 753 1507 788">
     <span class='ocr_line' id='line_1_28' title="bbox 1080 753 1507 788; baseline 0.002 -8"><span class='ocrx_word' id='word_1_195' title='bbox 1080 755 1114 780; x_wconf 84' lang='lat' dir='ltr'><strong>El</strong></span> <span class='ocrx_word' id='word_1_196' title='bbox 1130 754 1314 788; x_wconf 76' lang='grc' dir='ltr'><strong>κεκοίμηται,</strong></span> <span class='ocrx_word' id='word_1_197' title='bbox 1328 753 1507 787; x_wconf 77' lang='grc' dir='ltr'>σωθήσεται.</span> 
     </span>
    </p>
   </div>
   <div class='ocr_carea' id='block_1_29' title="bbox 1088 811 1834 848">
    <p class='ocr_par' dir='ltr' id='par_1_29' title="bbox 1088 811 1834 848">
     <span class='ocr_line' id='line_1_29' title="bbox 1088 811 1834 848; baseline 0 -10"><span class='ocrx_word' id='word_1_198' title='bbox 1088 811 1199 839; x_wconf 82' lang='grc' dir='ltr'><strong>Ἐκεῖνοι</strong></span> <span class='ocrx_word' id='word_1_199' title='bbox 1221 812 1249 839; x_wconf 78' lang='grc' dir='ltr'>δὲ</span> <span class='ocrx_word' id='word_1_200' title='bbox 1266 813 1303 848; x_wconf 82' lang='grc' dir='ltr'>μὴ</span> <span class='ocrx_word' id='word_1_201' title='bbox 1318 813 1463 848; x_wconf 72' lang='grc' dir='ltr'>νοήσαντες</span> <span class='ocrx_word' id='word_1_202' title='bbox 1481 811 1528 839; x_wconf 83' lang='grc' dir='ltr'>τοῦ</span> <span class='ocrx_word' id='word_1_203' title='bbox 1550 812 1630 846; x_wconf 84' lang='grc' dir='ltr'><strong>λόγου</strong></span> <span class='ocrx_word' id='word_1_204' title='bbox 1645 812 1694 848; x_wconf 80' lang='grc' dir='ltr'>τὴν</span> <span class='ocrx_word' id='word_1_205' title='bbox 1709 811 1834 847; x_wconf 79' lang='grc' dir='ltr'>δύναμιν,</span> 
     </span>
    </p>
   </div>
   <div class='ocr_carea' id='block_1_30' title="bbox 1045 859 1836 895">
    <p class='ocr_par' dir='ltr' id='par_1_30' title="bbox 1045 859 1836 895">
     <span class='ocr_line' id='line_1_30' title="bbox 1045 859 1836 895; baseline -0.001 -9"><span class='ocrx_word' id='word_1_206' title='bbox 1045 860 1173 895; x_wconf 78' lang='grc' dir='ltr'><strong>ᾠήθησαν</strong></span> <span class='ocrx_word' id='word_1_207' title='bbox 1191 859 1236 886; x_wconf 75' lang='grc' dir='ltr'><strong>τὸν</strong></span> <span class='ocrx_word' id='word_1_208' title='bbox 1265 859 1367 894; x_wconf 77' lang='grc' dir='ltr'>Ἰησοῦν</span> <span class='ocrx_word' id='word_1_209' title='bbox 1386 860 1473 894; x_wconf 81' lang='grc' dir='ltr'>λέγειν</span> <span class='ocrx_word' id='word_1_210' title='bbox 1493 860 1556 895; x_wconf 73' lang='grc' dir='ltr'>περὶ</span> <span class='ocrx_word' id='word_1_211' title='bbox 1572 860 1724 895; x_wconf 80' lang='grc' dir='ltr'><strong>κοιμήσεως</strong></span> <span class='ocrx_word' id='word_1_212' title='bbox 1741 859 1836 890; x_wconf 75' lang='grc' dir='ltr'>ὕπνον,</span> 
     </span>
    </p>
   </div>
   <div class='ocr_carea' id='block_1_31' title="bbox 207 904 988 942">
    <p class='ocr_par' dir='ltr' id='par_1_31' title="bbox 207 904 988 940">
     <span class='ocr_line' id='line_1_31' title="bbox 207 904 988 940; baseline 0 -8"><span class='ocrx_word' id='word_1_213' title='bbox 207 913 283 932; x_wconf 84' lang='lat' dir='ltr'><strong>mero</strong></span> <span class='ocrx_word' id='word_1_214' title='bbox 315 905 433 932; x_wconf 83' lang='lat' dir='ltr'><strong>inﬁrmis</strong></span> <span class='ocrx_word' id='word_1_215' title='bbox 465 904 626 937; x_wconf 83' lang='lat' dir='ltr'><strong>adveniens,</strong></span> <span class='ocrx_word' id='word_1_216' title='bbox 642 905 761 940; x_wconf 90' lang='lat' dir='ltr'><strong>quietem</strong></span> <span class='ocrx_word' id='word_1_217' title='bbox 794 905 898 932; x_wconf 72' lang='lat' dir='ltr'><strong>aﬂ‘ert:</strong></span> <span class='ocrx_word' id='word_1_218' title='bbox 929 906 988 932; x_wconf 86' lang='lat' dir='ltr'><strong>ideo</strong></span> 
     </span>
    </p>
   </div>
   <div class='ocr_carea' id='block_1_32' title="bbox 1052 904 1838 942">
    <p class='ocr_par' dir='ltr' id='par_1_32' title="bbox 1052 905 1838 942">
     <span class='ocr_line' id='line_1_32' title="bbox 1052 905 1838 942; baseline -0.001 -10"><span class='ocrx_word' id='word_1_219' title='bbox 1052 907 1073 938; x_wconf 57' lang='grc' dir='ltr'><strong>ἃς</strong></span> <span class='ocrx_word' id='word_1_220' title='bbox 1087 907 1132 933; x_wconf 76' lang='grc' dir='ltr'><strong>ἐπὶ</strong></span> <span class='ocrx_word' id='word_1_221' title='bbox 1146 906 1175 932; x_wconf 80' lang='grc' dir='ltr'>τὸ</span> <span class='ocrx_word' id='word_1_222' title='bbox 1192 905 1259 932; x_wconf 77' lang='grc' dir='ltr'>πολὺ</span> <span class='ocrx_word' id='word_1_223' title='bbox 1271 907 1325 938; x_wconf 87' lang='grc' dir='ltr'>τοῖς</span> <span class='ocrx_word' id='word_1_224' title='bbox 1335 906 1486 942; x_wconf 74' lang='grc' dir='ltr'>ἀρρώστοις</span> <span class='ocrx_word' id='word_1_225' title='bbox 1500 906 1670 941; x_wconf 78' lang='grc' dir='ltr'>συμϐαινων,</span> <span class='ocrx_word' id='word_1_226' title='bbox 1682 905 1838 932; x_wconf 70' lang='grc' dir='ltr'>ἀνάπαυσιν</span> 
     </span>
    </p>
   </div>
   <div class='ocr_carea' id='block_1_33' title="bbox 206 949 993 986">
    <p class='ocr_par' dir='ltr' id='par_1_33' title="bbox 206 949 993 986">
     <span class='ocr_line' id='line_1_33' title="bbox 206 949 993 986; baseline 0.001 -9"><span class='ocrx_word' id='word_1_227' title='bbox 206 951 283 977; x_wconf 88' lang='lat' dir='ltr'><strong>aiunt</strong></span> <span class='ocrx_word' id='word_1_228' title='bbox 295 959 302 977; x_wconf 84' lang='lat'><strong>:</strong></span> <span class='ocrx_word' id='word_1_229' title='bbox 314 950 373 977; x_wconf 84' lang='lat' dir='ltr'><strong>Non</strong></span> <span class='ocrx_word' id='word_1_230' title='bbox 392 953 434 977; x_wconf 91' lang='lat' dir='ltr'><strong>est</strong></span> <span class='ocrx_word' id='word_1_231' title='bbox 454 949 552 977; x_wconf 86' lang='lat' dir='ltr'><strong>idonea</strong></span> <span class='ocrx_word' id='word_1_232' title='bbox 570 958 654 977; x_wconf 85' lang='lat' dir='ltr'><strong>causa</strong></span> <span class='ocrx_word' id='word_1_233' title='bbox 674 951 811 983; x_wconf 82' lang='lat' dir='ltr'><strong>veniendi,</strong></span> <span class='ocrx_word' id='word_1_234' title='bbox 823 956 993 986; x_wconf 73' lang='lat' dir='ltr'><strong>utcxpcrgc-</strong></span> 
     </span>
    </p>
   </div>
   <div class='ocr_carea' id='block_1_34' title="bbox 207 995 993 1032">
    <p class='ocr_par' dir='ltr' id='par_1_34' title="bbox 207 995 993 1032">
     <span class='ocr_line' id='line_1_34' title="bbox 207 995 993 1032; baseline 0.003 -10"><span class='ocrx_word' id='word_1_235' title='bbox 207 996 291 1023; x_wconf 77' lang='lat' dir='ltr'><strong>facias</strong></span> <span class='ocrx_word' id='word_1_236' title='bbox 320 1003 335 1022; x_wconf 86' lang='lat' dir='ltr'><strong>a</strong></span> <span class='ocrx_word' id='word_1_237' title='bbox 364 1003 461 1024; x_wconf 86' lang='lat' dir='ltr'><strong>somno</strong></span> <span class='ocrx_word' id='word_1_238' title='bbox 477 995 627 1030; x_wconf 79' lang='lat' dir='ltr'><strong>Lazarum,</strong></span> <span class='ocrx_word' id='word_1_239' title='bbox 645 1005 734 1032; x_wconf 87' lang='lat' dir='ltr'><strong>neque</strong></span> <span class='ocrx_word' id='word_1_240' title='bbox 750 997 816 1024; x_wconf 83' lang='lat' dir='ltr'><strong>utile</strong></span> <span class='ocrx_word' id='word_1_241' title='bbox 833 1002 875 1024; x_wconf 89' lang='lat' dir='ltr'><strong>cst</strong></span> <span class='ocrx_word' id='word_1_242' title='bbox 899 997 993 1024; x_wconf 75' lang='lat' dir='ltr'><strong>excuti</strong></span> 
     </span>
    </p>
   </div>
   <div class='ocr_carea' id='block_1_35' title="bbox 207 1042 993 1077">
    <p class='ocr_par' dir='ltr' id='par_1_35' title="bbox 207 1042 993 1077">
     <span class='ocr_line' id='line_1_35' title="bbox 207 1042 993 1077; baseline 0.001 -7"><span class='ocrx_word' id='word_1_243' title='bbox 207 1049 334 1070; x_wconf 86' lang='lat' dir='ltr'><strong>somnum</strong></span> <span class='ocrx_word' id='word_1_244' title='bbox 362 1043 468 1077; x_wconf 77' lang='lat' dir='ltr'><strong>aegroti.</strong></span> <span class='ocrx_word' id='word_1_245' title='bbox 496 1042 558 1070; x_wconf 73' lang='lat' dir='ltr'><strong>llzrc</strong></span> <span class='ocrx_word' id='word_1_246' title='bbox 587 1048 680 1071; x_wconf 83' lang='lat' dir='ltr'><strong>autem</strong></span> <span class='ocrx_word' id='word_1_247' title='bbox 709 1043 837 1070; x_wconf 84' lang='lat' dir='ltr'><strong>dicebant</strong></span> <span class='ocrx_word' id='word_1_248' title='bbox 861 1051 993 1071; x_wconf 71' lang='lat' dir='ltr'><strong>revocare</strong></span> 
     </span>
    </p>
   </div>
   <div class='ocr_carea' id='block_1_36' title="bbox 207 1088 994 1124">
    <p class='ocr_par' dir='ltr' id='par_1_36' title="bbox 207 1088 994 1124">
     <span class='ocr_line' id='line_1_36' title="bbox 207 1088 994 1124; baseline 0.003 -10"><span class='ocrx_word' id='word_1_249' title='bbox 207 1089 328 1116; x_wconf 78' lang='lat' dir='ltr'><strong>volentes</strong></span> <span class='ocrx_word' id='word_1_250' title='bbox 354 1095 416 1115; x_wconf 85' lang='lat' dir='ltr'><strong>eum</strong></span> <span class='ocrx_word' id='word_1_251' title='bbox 445 1088 478 1115; x_wconf 88' lang='lat' dir='ltr'><strong>ab</strong></span> <span class='ocrx_word' id='word_1_252' title='bbox 508 1089 636 1116; x_wconf 89' lang='lat' dir='ltr'><strong>instituto</strong></span> <span class='ocrx_word' id='word_1_253' title='bbox 663 1089 781 1120; x_wconf 78' lang='lat' dir='ltr'><strong>itinere,</strong></span> <span class='ocrx_word' id='word_1_254' title='bbox 813 1089 994 1124; x_wconf 86' lang='lat' dir='ltr'><strong>dicentesque</strong></span> 
     </span>
    </p>
   </div>
   <div class='ocr_carea' id='block_1_37' title="bbox 206 1132 993 1162">
    <p class='ocr_par' dir='ltr' id='par_1_37' title="bbox 206 1132 993 1162">
     <span class='ocr_line' id='line_1_37' title="bbox 206 1132 993 1162; baseline 0.004 -4"><span class='ocrx_word' id='word_1_255' title='bbox 206 1132 319 1159; x_wconf 89' lang='lat' dir='ltr'><strong>minime</strong></span> <span class='ocrx_word' id='word_1_256' title='bbox 335 1139 350 1159; x_wconf 84' lang='grc' dir='ltr'><strong>ο</strong></span> <span class='ocrx_word' id='word_1_257' title='bbox 370 1140 398 1160; x_wconf 92' lang='lat' dir='ltr'><strong>re</strong></span> <span class='ocrx_word' id='word_1_258' title='bbox 419 1132 506 1160; x_wconf 84' lang='lat' dir='ltr'><strong>videri</strong></span> <span class='ocrx_word' id='word_1_259' title='bbox 524 1137 554 1160; x_wconf 93' lang='lat' dir='ltr'><strong>ut</strong></span> <span class='ocrx_word' id='word_1_260' title='bbox 568 1133 594 1160; x_wconf 90' lang='lat' dir='ltr'><strong>in</strong></span> <span class='ocrx_word' id='word_1_261' title='bbox 613 1133 703 1160; x_wconf 87' lang='lat' dir='ltr'><strong>medio</strong></span> <span class='ocrx_word' id='word_1_262' title='bbox 719 1134 886 1162; x_wconf 78' lang='lat' dir='ltr'><strong>sicariorum</strong></span> <span class='ocrx_word' id='word_1_263' title='bbox 902 1142 993 1161; x_wconf 82' lang='lat' dir='ltr'><strong>verse-</strong></span> 
     </span>
    </p>
   </div>
   <div class='ocr_carea' id='block_1_38' title="bbox 206 1177 656 1212">
    <p class='ocr_par' dir='ltr' id='par_1_38' title="bbox 206 1177 656 1212">
     <span class='ocr_line' id='line_1_38' title="bbox 206 1177 656 1212; baseline 0.002 -9"><span class='ocrx_word' id='word_1_264' title='bbox 206 1181 251 1204; x_wconf 87' lang='lat' dir='ltr'><strong>tur</strong></span> <span class='ocrx_word' id='word_1_265' title='bbox 268 1181 378 1212; x_wconf 83' lang='lat' dir='ltr'><strong>propter</strong></span> <span class='ocrx_word' id='word_1_266' title='bbox 394 1184 504 1212; x_wconf 83' lang='lat' dir='ltr'><strong>operam</strong></span> <span class='ocrx_word' id='word_1_267' title='bbox 521 1177 656 1205; x_wconf 90' lang='lat' dir='ltr'><strong>inutilem.</strong></span> 
     </span>
    </p>
   </div>
   <div class='ocr_carea' id='block_1_39' title="bbox 240 1253 765 1286">
    <p class='ocr_par' dir='ltr' id='par_1_39' title="bbox 240 1253 765 1286">
     <span class='ocr_line' id='line_1_39' title="bbox 240 1253 765 1286; baseline 0.002 -5"><span class='ocrx_word' id='word_1_268' title='bbox 240 1253 291 1286; x_wconf 76' lang='lat' dir='ltr'><strong>XI,</strong></span> <span class='ocrx_word' id='word_1_269' title='bbox 310 1254 353 1281; x_wconf 74' lang='grc' dir='ltr'>Μ.</span> <span class='ocrx_word' id='word_1_270' title='bbox 370 1253 491 1284; x_wconf 81' lang='lat' dir='ltr'><strong>Lazarus</strong></span> <span class='ocrx_word' id='word_1_271' title='bbox 511 1259 629 1281; x_wconf 77' lang='lat' dir='ltr'><strong>mor/nus</strong></span> <span class='ocrx_word' id='word_1_272' title='bbox 646 1259 694 1286; x_wconf 78' lang='lat' dir='ltr'><strong>est,</strong></span> <span class='ocrx_word' id='word_1_273' title='bbox 712 1259 765 1282; x_wconf 83' lang='lat' dir='ltr'><strong>etc.</strong></span> 
     </span>
    </p>
   </div>
   <div class='ocr_carea' id='block_1_40' title="bbox 241 1311 987 1347">
    <p class='ocr_par' dir='ltr' id='par_1_40' title="bbox 241 1311 987 1347">
     <span class='ocr_line' id='line_1_40' title="bbox 241 1311 987 1347; baseline 0.001 -8"><span class='ocrx_word' id='word_1_274' title='bbox 241 1311 309 1339; x_wconf 88' lang='lat' dir='ltr'><strong>Cum</strong></span> <span class='ocrx_word' id='word_1_275' title='bbox 324 1319 376 1338; x_wconf 88' lang='lat' dir='ltr'><strong>non</strong></span> <span class='ocrx_word' id='word_1_276' title='bbox 390 1312 586 1339; x_wconf 63' lang='lat' dir='ltr'><strong>intellvxissenl</strong></span> <span class='ocrx_word' id='word_1_277' title='bbox 596 1312 722 1347; x_wconf 84' lang='lat' dir='ltr'><strong>discipuli</strong></span> <span class='ocrx_word' id='word_1_278' title='bbox 735 1319 798 1339; x_wconf 86' lang='lat' dir='ltr'><strong>eum</strong></span> <span class='ocrx_word' id='word_1_279' title='bbox 812 1316 924 1340; x_wconf 88' lang='lat' dir='ltr'><strong>mortem</strong></span> <span class='ocrx_word' id='word_1_280' title='bbox 937 1319 987 1340; x_wconf 87' lang='lat' dir='ltr'><strong>vo-</strong></span> 
     </span>
    </p>
   </div>
   <div class='ocr_carea' id='block_1_41' title="bbox 206 1356 987 1391">
    <p class='ocr_par' dir='ltr' id='par_1_41' title="bbox 206 1356 987 1391">
     <span class='ocr_line' id='line_1_41' title="bbox 206 1356 987 1391; baseline 0 -7"><span class='ocrx_word' id='word_1_281' title='bbox 206 1364 283 1384; x_wconf 81' lang='lat' dir='ltr'><strong>casse</strong></span> <span class='ocrx_word' id='word_1_282' title='bbox 296 1364 437 1388; x_wconf 88' lang='lat' dir='ltr'><strong>sunmum,</strong></span> <span class='ocrx_word' id='word_1_283' title='bbox 456 1356 604 1384; x_wconf 88' lang='lat' dir='ltr'><strong>dilucidius</strong></span> <span class='ocrx_word' id='word_1_284' title='bbox 626 1357 758 1391; x_wconf 73' lang='lat' dir='ltr'><strong>expressit</strong></span> <span class='ocrx_word' id='word_1_285' title='bbox 773 1357 876 1390; x_wconf 84' lang='lat' dir='ltr'><strong>dicens,</strong></span> <span class='ocrx_word' id='word_1_286' title='bbox 891 1366 900 1383; x_wconf 81' lang='grc' dir='ltr'><strong>ι</strong></span> <span class='ocrx_word' id='word_1_287' title='bbox 916 1356 987 1385; x_wconf 75' lang='lat' dir='ltr'><strong>Mor-</strong></span> 
     </span>
    </p>
   </div>
   <div class='ocr_carea' id='block_1_42' title="bbox 204 1401 986 1435">
    <p class='ocr_par' dir='ltr' id='par_1_42' title="bbox 204 1401 986 1435">
     <span class='ocr_line' id='line_1_42' title="bbox 204 1401 986 1435; baseline 0 -7"><span class='ocrx_word' id='word_1_288' title='bbox 204 1407 271 1428; x_wconf 67' lang='lat' dir='ltr'><strong>tuus</strong></span> <span class='ocrx_word' id='word_1_289' title='bbox 282 1404 334 1428; x_wconf 87' lang='lat' dir='ltr'><strong>est.</strong></span> <span class='ocrx_word' id='word_1_290' title='bbox 351 1410 360 1426; x_wconf 71' lang='grc' dir='ltr'><strong>ι</strong></span> <span class='ocrx_word' id='word_1_291' title='bbox 380 1401 424 1427; x_wconf 82' lang='lat' dir='ltr'><strong>Ait</strong></span> <span class='ocrx_word' id='word_1_292' title='bbox 435 1407 524 1428; x_wconf 83' lang='lat' dir='ltr'><strong>autem</strong></span> <span class='ocrx_word' id='word_1_293' title='bbox 538 1409 567 1428; x_wconf 86' lang='lat' dir='ltr'><strong>se</strong></span> <span class='ocrx_word' id='word_1_294' title='bbox 581 1401 698 1435; x_wconf 79' lang='lat' dir='ltr'><strong>gaudere</strong></span> <span class='ocrx_word' id='word_1_295' title='bbox 713 1409 766 1428; x_wconf 88' lang='lat' dir='ltr'><strong>non</strong></span> <span class='ocrx_word' id='word_1_296' title='bbox 780 1401 812 1428; x_wconf 89' lang='lat' dir='ltr'><strong>ad</strong></span> <span class='ocrx_word' id='word_1_297' title='bbox 827 1401 986 1434; x_wconf 81' lang='lat' dir='ltr'><strong>vanitatem,</strong></span> 
     </span>
    </p>
   </div>
   <div class='ocr_carea' id='block_1_43' title="bbox 206 1448 994 1483">
    <p class='ocr_par' dir='ltr' id='par_1_43' title="bbox 206 1448 994 1483">
     <span class='ocr_line' id='line_1_43' title="bbox 206 1448 994 1483; baseline 0.003 -9"><span class='ocrx_word' id='word_1_298' title='bbox 206 1449 270 1482; x_wconf 88' lang='lat' dir='ltr'><strong>quia</strong></span> <span class='ocrx_word' id='word_1_299' title='bbox 292 1448 454 1474; x_wconf 87' lang='lat' dir='ltr'><strong>miraculum</strong></span> <span class='ocrx_word' id='word_1_300' title='bbox 475 1451 634 1482; x_wconf 84' lang='lat' dir='ltr'><strong>patraturus</strong></span> <span class='ocrx_word' id='word_1_301' title='bbox 656 1452 749 1480; x_wconf 88' lang='lat' dir='ltr'><strong>esset,</strong></span> <span class='ocrx_word' id='word_1_302' title='bbox 777 1448 826 1476; x_wconf 90' lang='lat' dir='ltr'><strong>sed</strong></span> <span class='ocrx_word' id='word_1_303' title='bbox 849 1449 914 1483; x_wconf 85' lang='lat' dir='ltr'><strong>quia</strong></span> <span class='ocrx_word' id='word_1_304' title='bbox 936 1449 994 1477; x_wconf 65' lang='lat' dir='ltr'><strong>hate</strong></span> 
     </span>
    </p>
   </div>
   <div class='ocr_carea' id='block_1_44' title="bbox 206 1493 994 1529">
    <p class='ocr_par' dir='ltr' id='par_1_44' title="bbox 206 1493 994 1529">
     <span class='ocr_line' id='line_1_44' title="bbox 206 1493 994 1529; baseline 0.003 -9"><span class='ocrx_word' id='word_1_305' title='bbox 206 1500 288 1520; x_wconf 82' lang='lat' dir='ltr'><strong>causa</strong></span> <span class='ocrx_word' id='word_1_306' title='bbox 307 1493 399 1520; x_wconf 79' lang='lat' dir='ltr'><strong>futura</strong></span> <span class='ocrx_word' id='word_1_307' title='bbox 413 1497 470 1520; x_wconf 87' lang='lat' dir='ltr'><strong>erat</strong></span> <span class='ocrx_word' id='word_1_308' title='bbox 486 1493 632 1528; x_wconf 85' lang='lat' dir='ltr'><strong>discipulis</strong></span> <span class='ocrx_word' id='word_1_309' title='bbox 647 1493 720 1521; x_wconf 85' lang='lat' dir='ltr'><strong>ﬁdei.</strong></span> <span class='ocrx_word' id='word_1_310' title='bbox 737 1494 820 1529; x_wconf 79' lang='lat'><strong>680</strong></span> <span class='ocrx_word' id='word_1_311' title='bbox 834 1494 910 1527; x_wconf 86' lang='lat' dir='ltr'><strong>Quod</strong></span> <span class='ocrx_word' id='word_1_312' title='bbox 930 1503 994 1522; x_wconf 89' lang='lat' dir='ltr'><strong>vero</strong></span> 
     </span>
    </p>
   </div>
   <div class='ocr_carea' id='block_1_45' title="bbox 206 1537 992 1574">
    <p class='ocr_par' dir='ltr' id='par_1_45' title="bbox 206 1537 992 1574">
     <span class='ocr_line' id='line_1_45' title="bbox 206 1537 992 1574; baseline 0.004 -9"><span class='ocrx_word' id='word_1_313' title='bbox 206 1539 287 1571; x_wconf 87' lang='lat' dir='ltr'><strong>dicit,</strong></span> <span class='ocrx_word' id='word_1_314' title='bbox 301 1547 311 1564; x_wconf 83' lang='grc' dir='ltr'><strong>ι</strong></span> <span class='ocrx_word' id='word_1_315' title='bbox 327 1537 385 1566; x_wconf 82' lang='grc' dir='ltr'>Νοιι</span> <span class='ocrx_word' id='word_1_316' title='bbox 401 1546 475 1566; x_wconf 83' lang='lat' dir='ltr'><strong>eram</strong></span> <span class='ocrx_word' id='word_1_317' title='bbox 491 1538 526 1565; x_wconf 88' lang='lat' dir='ltr'><strong>ibi</strong></span> <span class='ocrx_word' id='word_1_318' title='bbox 541 1559 548 1572; x_wconf 95' lang='lat'><strong>,</strong></span> <span class='ocrx_word' id='word_1_319' title='bbox 564 1548 574 1565; x_wconf 72' lang='grc' dir='ltr'><strong>ι</strong></span> <span class='ocrx_word' id='word_1_320' title='bbox 587 1539 640 1566; x_wconf 87' lang='lat' dir='ltr'><strong>hoc</strong></span> <span class='ocrx_word' id='word_1_321' title='bbox 654 1539 811 1574; x_wconf 73' lang='lat' dir='ltr'><strong>significat:</strong></span> <span class='ocrx_word' id='word_1_322' title='bbox 832 1540 860 1567; x_wconf 89' lang='lat' dir='ltr'><strong>Si</strong></span> <span class='ocrx_word' id='word_1_323' title='bbox 876 1540 992 1568; x_wconf 73' lang='lat' dir='ltr'><strong>fuissem</strong></span> 
     </span>
    </p>
   </div>
   <div class='ocr_carea' id='block_1_46' title="bbox 1045 951 1837 988">
    <p class='ocr_par' dir='ltr' id='par_1_46' title="bbox 1045 951 1837 988">
     <span class='ocr_line' id='line_1_46' title="bbox 1045 951 1837 988; baseline -0.001 -9"><span class='ocrx_word' id='word_1_324' title='bbox 1045 954 1126 979; x_wconf 79' lang='grc' dir='ltr'>ποιεῖ·</span> <span class='ocrx_word' id='word_1_325' title='bbox 1143 953 1182 979; x_wconf 83' lang='grc' dir='ltr'><strong>διό</strong></span> <span class='ocrx_word' id='word_1_326' title='bbox 1190 960 1283 987; x_wconf 87' lang='grc' dir='ltr'>φασιν·</span> <span class='ocrx_word' id='word_1_327' title='bbox 1297 954 1354 980; x_wconf 72' lang='lat' dir='ltr'><strong>(lim</strong></span> <span class='ocrx_word' id='word_1_328' title='bbox 1369 953 1507 987; x_wconf 80' lang='grc' dir='ltr'>ἀξιόλογος</span> <span class='ocrx_word' id='word_1_329' title='bbox 1523 954 1539 988; x_wconf 80' lang='grc' dir='ltr'><strong>ἡ</strong></span> <span class='ocrx_word' id='word_1_330' title='bbox 1555 952 1646 986; x_wconf 75' lang='grc' dir='ltr'>ἄφιξις</span> <span class='ocrx_word' id='word_1_331' title='bbox 1657 951 1704 978; x_wconf 84' lang='grc' dir='ltr'>τοῦ</span> <span class='ocrx_word' id='word_1_332' title='bbox 1715 952 1837 986; x_wconf 70' lang='grc' dir='ltr'>ἄφυπνον</span> 
     </span>
    </p>
   </div>
   <div class='ocr_carea' id='block_1_47' title="bbox 1039 997 1838 1034">
    <p class='ocr_par' dir='ltr' id='par_1_47' title="bbox 1039 997 1838 1034">
     <span class='ocr_line' id='line_1_47' title="bbox 1039 997 1838 1034; baseline -0.001 -9"><span class='ocrx_word' id='word_1_333' title='bbox 1039 999 1157 1034; x_wconf 28' lang='grc' dir='ltr'>ιποιῆσαι</span> <span class='ocrx_word' id='word_1_334' title='bbox 1178 999 1223 1025; x_wconf 69' lang='grc' dir='ltr'><strong>τὸν</strong></span> <span class='ocrx_word' id='word_1_335' title='bbox 1238 998 1372 1034; x_wconf 76' lang='grc' dir='ltr'><strong>Λάζαρον,</strong></span> <span class='ocrx_word' id='word_1_336' title='bbox 1397 999 1457 1025; x_wconf 77' lang='grc' dir='ltr'>οὐδὲ</span> <span class='ocrx_word' id='word_1_337' title='bbox 1467 999 1620 1033; x_wconf 73' lang='grc' dir='ltr'>ἐπωφελὲς,</span> <span class='ocrx_word' id='word_1_338' title='bbox 1643 998 1673 1024; x_wconf 79' lang='grc' dir='ltr'>τὸ</span> <span class='ocrx_word' id='word_1_339' title='bbox 1694 997 1838 1030; x_wconf 62' lang='lat' dir='ltr'><strong>Eia-Micam.</strong></span> 
     </span>
    </p>
   </div>
   <div class='ocr_carea' id='block_1_48' title="bbox 1045 1044 1838 1080">
    <p class='ocr_par' dir='ltr' id='par_1_48' title="bbox 1045 1044 1838 1080">
     <span class='ocr_line' id='line_1_48' title="bbox 1045 1044 1838 1080; baseline -0.003 -8"><span class='ocrx_word' id='word_1_340' title='bbox 1045 1045 1194 1080; x_wconf 65' lang='grc' dir='ltr'>ἄρρωστον.</span> <span class='ocrx_word' id='word_1_341' title='bbox 1217 1045 1310 1072; x_wconf 80' lang='grc' dir='ltr'>Ταῦτα</span> <span class='ocrx_word' id='word_1_342' title='bbox 1324 1045 1351 1071; x_wconf 83' lang='grc' dir='ltr'>δὲ</span> <span class='ocrx_word' id='word_1_343' title='bbox 1368 1045 1471 1079; x_wconf 77' lang='grc' dir='ltr'>ἔλεγον,</span> <span class='ocrx_word' id='word_1_344' title='bbox 1484 1045 1597 1079; x_wconf 74' lang='grc' dir='ltr'>ἐκκόψαι</span> <span class='ocrx_word' id='word_1_345' title='bbox 1613 1044 1693 1072; x_wconf 72' lang='grc' dir='ltr'>αὐτὸν</span> <span class='ocrx_word' id='word_1_346' title='bbox 1708 1045 1838 1079; x_wconf 50' lang='grc' dir='ltr'>βουλόμμ</span> 
     </span>
    </p>
   </div>
   <div class='ocr_carea' id='block_1_49' title="bbox 1045 1089 1835 1128">
    <p class='ocr_par' dir='ltr' id='par_1_49' title="bbox 1045 1089 1835 1128">
     <span class='ocr_line' id='line_1_49' title="bbox 1045 1089 1835 1128; baseline -0.003 -11"><span class='ocrx_word' id='word_1_347' title='bbox 1045 1100 1087 1128; x_wconf 65' lang='grc' dir='ltr'><strong>νοι.Δ</strong></span> <span class='ocrx_word' id='word_1_348' title='bbox 1108 1093 1157 1126; x_wconf 83' lang='grc' dir='ltr'><strong>τῆς</strong></span> <span class='ocrx_word' id='word_1_349' title='bbox 1177 1091 1248 1124; x_wconf 76' lang='grc' dir='ltr'>ὁδοῦ,</span> <span class='ocrx_word' id='word_1_350' title='bbox 1266 1091 1390 1125; x_wconf 74' lang='grc' dir='ltr'>λέγοντες</span> <span class='ocrx_word' id='word_1_351' title='bbox 1408 1091 1448 1118; x_wconf 83' lang='grc' dir='ltr'>ὅτι</span> <span class='ocrx_word' id='word_1_352' title='bbox 1463 1091 1513 1117; x_wconf 71' lang='grc' dir='ltr'>οὐκ</span> <span class='ocrx_word' id='word_1_353' title='bbox 1529 1089 1604 1122; x_wconf 77' lang='grc' dir='ltr'>ἄξιον</span> <span class='ocrx_word' id='word_1_354' title='bbox 1617 1090 1646 1116; x_wconf 84' lang='grc' dir='ltr'>ὲν</span> <span class='ocrx_word' id='word_1_355' title='bbox 1662 1090 1737 1124; x_wconf 80' lang='grc' dir='ltr'>μέσῳ</span> <span class='ocrx_word' id='word_1_356' title='bbox 1760 1090 1835 1123; x_wconf 81' lang='grc' dir='ltr'>γενέ-</span> 
     </span>
    </p>
   </div>
   <div class='ocr_carea' id='block_1_50' title="bbox 1047 1136 1836 1171">
    <p class='ocr_par' dir='ltr' id='par_1_50' title="bbox 1047 1136 1836 1171">
     <span class='ocr_line' id='line_1_50' title="bbox 1047 1136 1836 1171; baseline -0.001 -8"><span class='ocrx_word' id='word_1_357' title='bbox 1047 1137 1108 1163; x_wconf 88' lang='grc' dir='ltr'>σθαι</span> <span class='ocrx_word' id='word_1_358' title='bbox 1127 1137 1181 1164; x_wconf 85' lang='grc' dir='ltr'><strong>τῶν</strong></span> <span class='ocrx_word' id='word_1_359' title='bbox 1205 1137 1354 1171; x_wconf 80' lang='grc' dir='ltr'>φονευτῶν,</span> <span class='ocrx_word' id='word_1_360' title='bbox 1378 1136 1422 1163; x_wconf 73' lang='grc' dir='ltr'><strong>διὰ</strong></span> <span class='ocrx_word' id='word_1_361' title='bbox 1450 1136 1480 1163; x_wconf 82' lang='grc' dir='ltr'>τὸ</span> <span class='ocrx_word' id='word_1_362' title='bbox 1507 1137 1618 1171; x_wconf 74' lang='grc' dir='ltr'>ποιήσαι</span> <span class='ocrx_word' id='word_1_363' title='bbox 1646 1137 1763 1170; x_wconf 69' lang='grc' dir='ltr'>πρᾶγμα</span> <span class='ocrx_word' id='word_1_364' title='bbox 1788 1136 1836 1162; x_wconf 72' lang='grc' dir='ltr'><strong>οὐκ</strong></span> 
     </span>
    </p>
   </div>
   <div class='ocr_carea' id='block_1_51' title="bbox 1046 1183 1196 1217">
    <p class='ocr_par' dir='ltr' id='par_1_51' title="bbox 1046 1183 1196 1217">
     <span class='ocr_line' id='line_1_51' title="bbox 1046 1183 1196 1217; baseline 0.007 -9"><span class='ocrx_word' id='word_1_365' title='bbox 1046 1183 1196 1217; x_wconf 79' lang='grc' dir='ltr'><strong>ὲπωφελές.</strong></span> 
     </span>
    </p>
   </div>
   <div class='ocr_carea' id='block_1_52' title="bbox 1080 1259 1552 1296">
    <p class='ocr_par' dir='ltr' id='par_1_52' title="bbox 1080 1259 1552 1296">
     <span class='ocr_line' id='line_1_52' title="bbox 1080 1259 1552 1296; baseline -0.002 -8"><span class='ocrx_word' id='word_1_366' title='bbox 1080 1259 1208 1294; x_wconf 73' lang='grc' dir='ltr'>Λάζαρος</span> <span class='ocrx_word' id='word_1_367' title='bbox 1223 1260 1363 1293; x_wconf 74' lang='grc' dir='ltr'>ἀπέθανε,</span> <span class='ocrx_word' id='word_1_368' title='bbox 1375 1261 1421 1288; x_wconf 67' lang='grc' dir='ltr'><strong>καὶ</strong></span> <span class='ocrx_word' id='word_1_369' title='bbox 1433 1261 1465 1287; x_wconf 72' lang='grc' dir='ltr'><strong>τὰ</strong></span> <span class='ocrx_word' id='word_1_370' title='bbox 1479 1261 1552 1296; x_wconf 74' lang='grc' dir='ltr'><strong>ἑξῆς.</strong></span> 
     </span>
    </p>
   </div>
   <div class='ocr_carea' id='block_1_53' title="bbox 1080 1312 1825 1350">
    <p class='ocr_par' dir='ltr' id='par_1_53' title="bbox 1080 1312 1825 1350">
     <span class='ocr_line' id='line_1_53' title="bbox 1080 1312 1825 1350; baseline -0.003 -8"><span class='ocrx_word' id='word_1_371' title='bbox 1080 1315 1127 1350; x_wconf 79' lang='grc' dir='ltr'><strong>Μὴ</strong></span> <span class='ocrx_word' id='word_1_372' title='bbox 1141 1315 1296 1349; x_wconf 70' lang='grc' dir='ltr'>νοησὲιντων</span> <span class='ocrx_word' id='word_1_373' title='bbox 1317 1312 1363 1341; x_wconf 74' lang='grc' dir='ltr'>οὖν</span> <span class='ocrx_word' id='word_1_374' title='bbox 1377 1315 1432 1341; x_wconf 86' lang='grc' dir='ltr'><strong>τῶν</strong></span> <span class='ocrx_word' id='word_1_375' title='bbox 1448 1315 1590 1350; x_wconf 81' lang='grc' dir='ltr'><strong>μαθητῶν,</strong></span> <span class='ocrx_word' id='word_1_376' title='bbox 1604 1315 1645 1342; x_wconf 79' lang='grc' dir='ltr'>ὅτι</span> <span class='ocrx_word' id='word_1_377' title='bbox 1654 1314 1698 1341; x_wconf 68' lang='grc' dir='ltr'>τὸν</span> <span class='ocrx_word' id='word_1_378' title='bbox 1709 1314 1825 1341; x_wconf 79' lang='grc' dir='ltr'>Θάνατον</span> 
     </span>
    </p>
   </div>
   <div class='ocr_carea' id='block_1_54' title="bbox 1045 1359 1838 1397">
    <p class='ocr_par' dir='ltr' id='par_1_54' title="bbox 1045 1359 1838 1397">
     <span class='ocr_line' id='line_1_54' title="bbox 1045 1359 1838 1397; baseline -0.003 -9"><span class='ocrx_word' id='word_1_379' title='bbox 1045 1361 1128 1388; x_wconf 76' lang='grc' dir='ltr'>ὕπνον</span> <span class='ocrx_word' id='word_1_380' title='bbox 1151 1361 1294 1395; x_wconf 86' lang='grc' dir='ltr'>ὠνόμασε,</span> <span class='ocrx_word' id='word_1_381' title='bbox 1323 1362 1481 1396; x_wconf 78' lang='grc' dir='ltr'>λευκότερον</span> <span class='ocrx_word' id='word_1_382' title='bbox 1510 1361 1640 1397; x_wconf 71' lang='grc' dir='ltr'>ἐνέφηνεν</span> <span class='ocrx_word' id='word_1_383' title='bbox 1668 1359 1772 1392; x_wconf 84' lang='grc' dir='ltr'>εἰπὼν,</span> <span class='ocrx_word' id='word_1_384' title='bbox 1796 1361 1838 1387; x_wconf 63' lang='grc' dir='ltr'><strong>ὅς’.</strong></span> 
     </span>
    </p>
   </div>
   <div class='ocr_carea' id='block_1_55' title="bbox 1048 1407 1838 1444">
    <p class='ocr_par' dir='ltr' id='par_1_55' title="bbox 1048 1407 1838 1444">
     <span class='ocr_line' id='line_1_55' title="bbox 1048 1407 1838 1444; baseline 0.001 -10"><span class='ocrx_word' id='word_1_385' title='bbox 1048 1417 1058 1434; x_wconf 81' lang='grc' dir='ltr'><strong>ι</strong></span> <span class='ocrx_word' id='word_1_386' title='bbox 1083 1407 1240 1435; x_wconf 78' lang='grc' dir='ltr'>’Λπέθανεν.</span> <span class='ocrx_word' id='word_1_387' title='bbox 1257 1417 1266 1433; x_wconf 78' lang='grc' dir='ltr'><strong>ι</strong></span> <span class='ocrx_word' id='word_1_388' title='bbox 1277 1408 1345 1443; x_wconf 80' lang='grc' dir='ltr'>Φησὶ</span> <span class='ocrx_word' id='word_1_389' title='bbox 1355 1408 1384 1434; x_wconf 76' lang='grc' dir='ltr'>δὲ</span> <span class='ocrx_word' id='word_1_390' title='bbox 1400 1408 1495 1435; x_wconf 79' lang='grc' dir='ltr'>ἑαυτὸν</span> <span class='ocrx_word' id='word_1_391' title='bbox 1506 1409 1621 1444; x_wconf 82' lang='grc' dir='ltr'>χαίρειν,</span> <span class='ocrx_word' id='word_1_392' title='bbox 1639 1408 1668 1434; x_wconf 81' lang='grc' dir='ltr'>οὐ</span> <span class='ocrx_word' id='word_1_393' title='bbox 1680 1408 1723 1434; x_wconf 87' lang='grc' dir='ltr'><strong>διὰ</strong></span> <span class='ocrx_word' id='word_1_394' title='bbox 1734 1407 1838 1442; x_wconf 82' lang='grc' dir='ltr'>φιλοδο-</span> 
     </span>
    </p>
   </div>
   <div class='ocr_carea' id='block_1_56' title="bbox 1045 1452 1838 1489">
    <p class='ocr_par' dir='ltr' id='par_1_56' title="bbox 1045 1452 1838 1489">
     <span class='ocr_line' id='line_1_56' title="bbox 1045 1452 1838 1489; baseline 0.001 -10"><span class='ocrx_word' id='word_1_395' title='bbox 1045 1452 1116 1486; x_wconf 79' lang='grc' dir='ltr'>ξίαν,</span> <span class='ocrx_word' id='word_1_396' title='bbox 1140 1453 1182 1480; x_wconf 81' lang='grc' dir='ltr'>ὃτι</span> <span class='ocrx_word' id='word_1_397' title='bbox 1203 1453 1299 1488; x_wconf 61' lang='grc' dir='ltr'>ἔμελλε</span> <span class='ocrx_word' id='word_1_398' title='bbox 1324 1454 1435 1488; x_wconf 81' lang='grc' dir='ltr'>ποιῆσαι</span> <span class='ocrx_word' id='word_1_399' title='bbox 1456 1455 1486 1480; x_wconf 76' lang='grc' dir='ltr'>τὸ</span> <span class='ocrx_word' id='word_1_400' title='bbox 1503 1454 1675 1489; x_wconf 74' lang='grc' dir='ltr'>θαῦμα,ὰλλ’</span> <span class='ocrx_word' id='word_1_401' title='bbox 1694 1455 1738 1480; x_wconf 82' lang='grc' dir='ltr'>ὅτι</span> <span class='ocrx_word' id='word_1_402' title='bbox 1759 1453 1838 1480; x_wconf 76' lang='grc' dir='ltr'>τοῦτο</span> 
     </span>
    </p>
   </div>
   <div class='ocr_carea' id='block_1_57' title="bbox 1046 1497 1837 1534">
    <p class='ocr_par' dir='ltr' id='par_1_57' title="bbox 1046 1497 1837 1534">
     <span class='ocr_line' id='line_1_57' title="bbox 1046 1497 1837 1534; baseline 0.003 -11"><span class='ocrx_word' id='word_1_403' title='bbox 1046 1497 1181 1533; x_wconf 68' lang='grc' dir='ltr'>πρόφασις</span> <span class='ocrx_word' id='word_1_404' title='bbox 1204 1497 1299 1532; x_wconf 77' lang='grc' dir='ltr'>ἔμελλε</span> <span class='ocrx_word' id='word_1_405' title='bbox 1313 1498 1436 1532; x_wconf 82' lang='grc' dir='ltr'>γίνεσθαι</span> <span class='ocrx_word' id='word_1_406' title='bbox 1454 1500 1511 1530; x_wconf 83' lang='grc' dir='ltr'>τοῖς</span> <span class='ocrx_word' id='word_1_407' title='bbox 1523 1499 1657 1534; x_wconf 79' lang='grc' dir='ltr'><strong>μαθηταῖς</strong></span> <span class='ocrx_word' id='word_1_408' title='bbox 1674 1500 1714 1530; x_wconf 78' lang='grc' dir='ltr'>εἰς</span> <span class='ocrx_word' id='word_1_409' title='bbox 1733 1499 1837 1525; x_wconf 80' lang='grc' dir='ltr'>πίστιν.</span> 
     </span>
    </p>
   </div>
   <div class='ocr_carea' id='block_1_58' title="bbox 1046 1543 1838 1580">
    <p class='ocr_par' dir='ltr' id='par_1_58' title="bbox 1046 1543 1838 1580">
     <span class='ocr_line' id='line_1_58' title="bbox 1046 1543 1838 1580; baseline 0.001 -10"><span class='ocrx_word' id='word_1_410' title='bbox 1046 1544 1081 1570; x_wconf 82' lang='grc' dir='ltr'><strong>Τὸ</strong></span> <span class='ocrx_word' id='word_1_411' title='bbox 1092 1543 1120 1570; x_wconf 81' lang='grc' dir='ltr'>δὲ</span> <span class='ocrx_word' id='word_1_412' title='bbox 1133 1545 1230 1576; x_wconf 80' lang='grc' dir='ltr'>εἰπεῖν,</span> <span class='ocrx_word' id='word_1_413' title='bbox 1252 1545 1292 1571; x_wconf 84' lang='grc' dir='ltr'>ὃτι</span> <span class='ocrx_word' id='word_1_414' title='bbox 1307 1554 1315 1570; x_wconf 91' lang='grc' dir='ltr'><strong>ι</strong></span> <span class='ocrx_word' id='word_1_415' title='bbox 1335 1545 1392 1571; x_wconf 79' lang='grc' dir='ltr'>Οὐκ</span> <span class='ocrx_word' id='word_1_416' title='bbox 1407 1545 1482 1580; x_wconf 73' lang='grc' dir='ltr'>ήμην</span> <span class='ocrx_word' id='word_1_417' title='bbox 1500 1546 1566 1578; x_wconf 82' lang='grc' dir='ltr'>ἐκεῖ,</span> <span class='ocrx_word' id='word_1_418' title='bbox 1583 1554 1603 1578; x_wconf 37' lang='grc' dir='ltr'><strong>ο,</strong></span> <span class='ocrx_word' id='word_1_419' title='bbox 1612 1545 1690 1571; x_wconf 79' lang='grc' dir='ltr'>τοῦτο</span> <span class='ocrx_word' id='word_1_420' title='bbox 1702 1545 1787 1579; x_wconf 76' lang='grc' dir='ltr'>δηλοῖ·</span> <span class='ocrx_word' id='word_1_421' title='bbox 1803 1546 1838 1572; x_wconf 70' lang='grc' dir='ltr'><strong>Εἰ</strong></span> 
     </span>
    </p>
   </div>
   <div class='ocr_carea' id='block_1_59' title="bbox 207 1585 988 1626">
    <p class='ocr_par' dir='ltr' id='par_1_59' title="bbox 207 1585 988 1618">
     <span class='ocr_line' id='line_1_59' title="bbox 207 1585 988 1618; baseline 0.004 -7"><span class='ocrx_word' id='word_1_422' title='bbox 207 1586 262 1618; x_wconf 93' lang='lat' dir='ltr'><strong>ibi,</strong></span> <span class='ocrx_word' id='word_1_423' title='bbox 289 1592 342 1612; x_wconf 90' lang='lat' dir='ltr'><strong>non</strong></span> <span class='ocrx_word' id='word_1_424' title='bbox 372 1589 497 1613; x_wconf 90' lang='lat' dir='ltr'><strong>mortuus</strong></span> <span class='ocrx_word' id='word_1_425' title='bbox 515 1589 606 1617; x_wconf 82' lang='lat' dir='ltr'><strong>esset;</strong></span> <span class='ocrx_word' id='word_1_426' title='bbox 632 1585 763 1613; x_wconf 89' lang='lat' dir='ltr'><strong>misertus</strong></span> <span class='ocrx_word' id='word_1_427' title='bbox 784 1587 856 1613; x_wconf 88' lang='lat' dir='ltr'><strong>cnim</strong></span> <span class='ocrx_word' id='word_1_428' title='bbox 878 1587 988 1614; x_wconf 83' lang='lat' dir='ltr'><strong>fuissem</strong></span> 
     </span>
    </p>
   </div>
   <div class='ocr_carea' id='block_1_60' title="bbox 1052 1585 1838 1626">
    <p class='ocr_par' dir='ltr' id='par_1_60' title="bbox 1052 1589 1838 1626">
     <span class='ocr_line' id='line_1_60' title="bbox 1052 1589 1838 1626; baseline 0.003 -12"><span class='ocrx_word' id='word_1_429' title='bbox 1052 1589 1118 1624; x_wconf 71' lang='grc' dir='ltr'><strong>Ι)μ.ην</strong></span> <span class='ocrx_word' id='word_1_430' title='bbox 1143 1589 1210 1620; x_wconf 76' lang='grc' dir='ltr'>ἐκεῖ,</span> <span class='ocrx_word' id='word_1_431' title='bbox 1234 1589 1284 1615; x_wconf 84' lang='grc' dir='ltr'>οὐκ</span> <span class='ocrx_word' id='word_1_432' title='bbox 1307 1589 1419 1624; x_wconf 76' lang='grc' dir='ltr'>ἔμελλεν</span> <span class='ocrx_word' id='word_1_433' title='bbox 1439 1590 1631 1625; x_wconf 78' lang='grc' dir='ltr'>ἀποθνήσκειν·</span> <span class='ocrx_word' id='word_1_434' title='bbox 1653 1590 1758 1626; x_wconf 72' lang='grc' dir='ltr'>ἠλέησα.</span> <span class='ocrx_word' id='word_1_435' title='bbox 1783 1590 1838 1625; x_wconf 81' lang='grc' dir='ltr'><strong>γὰρ</strong></span> 
     </span>
    </p>
   </div>
   <div class='ocr_carea' id='block_1_61' title="bbox 206 1631 991 1666">
    <p class='ocr_par' dir='ltr' id='par_1_61' title="bbox 206 1631 991 1666">
     <span class='ocr_line' id='line_1_61' title="bbox 206 1631 991 1666; baseline 0.004 -9"><span class='ocrx_word' id='word_1_436' title='bbox 206 1631 266 1665; x_wconf 76' lang='lat' dir='ltr'><strong>ejus</strong></span> <span class='ocrx_word' id='word_1_437' title='bbox 285 1631 327 1658; x_wconf 86' lang='lat' dir='ltr'><strong>vel</strong></span> <span class='ocrx_word' id='word_1_438' title='bbox 348 1631 444 1658; x_wconf 89' lang='lat' dir='ltr'><strong>leviter</strong></span> <span class='ocrx_word' id='word_1_439' title='bbox 462 1631 643 1666; x_wconf 65' lang='lat' dir='ltr'><strong>aegrotantis;</strong></span> <span class='ocrx_word' id='word_1_440' title='bbox 665 1640 739 1659; x_wconf 90' lang='lat' dir='ltr'><strong>nunc</strong></span> <span class='ocrx_word' id='word_1_441' title='bbox 763 1640 846 1665; x_wconf 88' lang='lat' dir='ltr'><strong>vero,</strong></span> <span class='ocrx_word' id='word_1_442' title='bbox 869 1641 913 1660; x_wconf 91' lang='lat' dir='ltr'><strong>me</strong></span> <span class='ocrx_word' id='word_1_443' title='bbox 942 1633 991 1660; x_wconf 82' lang='lat' dir='ltr'><strong>ab-</strong></span> 
     </span>
    </p>
   </div>
   <div class='ocr_carea' id='block_1_62' title="bbox 206 1676 991 1713">
    <p class='ocr_par' dir='ltr' id='par_1_62' title="bbox 206 1676 991 1713">
     <span class='ocr_line' id='line_1_62' title="bbox 206 1676 991 1713; baseline 0.003 -10"><span class='ocrx_word' id='word_1_444' title='bbox 206 1680 300 1710; x_wconf 76' lang='lat' dir='ltr'><strong>sente,</strong></span> <span class='ocrx_word' id='word_1_445' title='bbox 315 1676 430 1711; x_wconf 79' lang='lat' dir='ltr'><strong>contigit</strong></span> <span class='ocrx_word' id='word_1_446' title='bbox 445 1684 537 1708; x_wconf 82' lang='lat' dir='ltr'><strong>mors.</strong></span> <span class='ocrx_word' id='word_1_447' title='bbox 560 1680 590 1703; x_wconf 87' lang='lat' dir='ltr'><strong>ut</strong></span> <span class='ocrx_word' id='word_1_448' title='bbox 612 1678 752 1704; x_wconf 83' lang='lat' dir='ltr'><strong>suscitans</strong></span> <span class='ocrx_word' id='word_1_449' title='bbox 776 1685 838 1705; x_wconf 85' lang='lat' dir='ltr'><strong>eum</strong></span> <span class='ocrx_word' id='word_1_450' title='bbox 865 1686 991 1713; x_wconf 81' lang='lat' dir='ltr'><strong>magnam</strong></span> 
     </span>
    </p>
   </div>
   <div class='ocr_carea' id='block_1_63' title="bbox 206 1721 993 1757">
    <p class='ocr_par' dir='ltr' id='par_1_63' title="bbox 206 1721 993 1757">
     <span class='ocr_line' id='line_1_63' title="bbox 206 1721 993 1757; baseline 0.005 -9"><span class='ocrx_word' id='word_1_451' title='bbox 206 1723 350 1756; x_wconf 89' lang='lat' dir='ltr'><strong>importem</strong></span> <span class='ocrx_word' id='word_1_452' title='bbox 369 1721 447 1748; x_wconf 86' lang='lat' dir='ltr'><strong>vobis</strong></span> <span class='ocrx_word' id='word_1_453' title='bbox 466 1722 612 1749; x_wconf 83' lang='lat' dir='ltr'><strong>utilitatem</strong></span> <span class='ocrx_word' id='word_1_454' title='bbox 632 1730 679 1757; x_wconf 88' lang='lat' dir='ltr'><strong>per</strong></span> <span class='ocrx_word' id='word_1_455' title='bbox 696 1722 776 1750; x_wconf 88' lang='lat' dir='ltr'><strong>ﬁdem</strong></span> <span class='ocrx_word' id='word_1_456' title='bbox 801 1724 829 1750; x_wconf 95' lang='lat' dir='ltr'><strong>in</strong></span> <span class='ocrx_word' id='word_1_457' title='bbox 853 1732 905 1752; x_wconf 89' lang='lat' dir='ltr'><strong>me.</strong></span> <span class='ocrx_word' id='word_1_458' title='bbox 930 1724 993 1752; x_wconf 75' lang='lat' dir='ltr'><strong>llaec</strong></span> 
     </span>
    </p>
   </div>
   <div class='ocr_carea' id='block_1_64' title="bbox 205 1766 994 1804">
    <p class='ocr_par' dir='ltr' id='par_1_64' title="bbox 205 1766 994 1804">
     <span class='ocr_line' id='line_1_64' title="bbox 205 1766 994 1804; baseline 0.008 -13"><span class='ocrx_word' id='word_1_459' title='bbox 205 1774 270 1793; x_wconf 79' lang='lat' dir='ltr'><strong>vero</strong></span> <span class='ocrx_word' id='word_1_460' title='bbox 284 1766 352 1793; x_wconf 89' lang='lat' dir='ltr'><strong>dicit</strong></span> <span class='ocrx_word' id='word_1_461' title='bbox 367 1766 512 1798; x_wconf 84' lang='lat' dir='ltr'><strong>Christus,</strong></span> <span class='ocrx_word' id='word_1_462' title='bbox 530 1774 585 1793; x_wconf 91' lang='lat' dir='ltr'><strong>non</strong></span> <span class='ocrx_word' id='word_1_463' title='bbox 602 1768 681 1801; x_wconf 88' lang='lat' dir='ltr'><strong>quasi</strong></span> <span class='ocrx_word' id='word_1_464' title='bbox 699 1772 766 1795; x_wconf 89' lang='lat' dir='ltr'><strong>tunc</strong></span> <span class='ocrx_word' id='word_1_465' title='bbox 781 1772 887 1795; x_wconf 89' lang='lat' dir='ltr'><strong>tantum</strong></span> <span class='ocrx_word' id='word_1_466' title='bbox 906 1771 994 1804; x_wconf 82' lang='lat' dir='ltr'><strong>possit</strong></span> 
     </span>
    </p>
   </div>
   <div class='ocr_carea' id='block_1_65' title="bbox 204 1812 993 1849">
    <p class='ocr_par' dir='ltr' id='par_1_65' title="bbox 204 1812 993 1849">
     <span class='ocr_line' id='line_1_65' title="bbox 204 1812 993 1849; baseline 0.006 -11"><span class='ocrx_word' id='word_1_467' title='bbox 204 1813 286 1840; x_wconf 84' lang='lat' dir='ltr'><strong>cdere</strong></span> <span class='ocrx_word' id='word_1_468' title='bbox 309 1812 441 1838; x_wconf 85' lang='lat' dir='ltr'><strong>miracula</strong></span> <span class='ocrx_word' id='word_1_469' title='bbox 455 1832 463 1845; x_wconf 83' lang='lat'><strong>,</strong></span> <span class='ocrx_word' id='word_1_470' title='bbox 479 1820 542 1839; x_wconf 86' lang='lat' dir='ltr'><strong>cum</strong></span> <span class='ocrx_word' id='word_1_471' title='bbox 570 1813 658 1845; x_wconf 82' lang='lat' dir='ltr'><strong>adsit,</strong></span> <span class='ocrx_word' id='word_1_472' title='bbox 677 1813 725 1840; x_wconf 85' lang='lat' dir='ltr'><strong>sed</strong></span> <span class='ocrx_word' id='word_1_473' title='bbox 749 1815 879 1849; x_wconf 87' lang='lat' dir='ltr'><strong>quoniam</strong></span> <span class='ocrx_word' id='word_1_474' title='bbox 898 1815 921 1843; x_wconf 91' lang='lat' dir='ltr'><strong>si</strong></span> <span class='ocrx_word' id='word_1_475' title='bbox 944 1817 993 1843; x_wconf 85' lang='lat' dir='ltr'><strong>ad-</strong></span> 
     </span>
    </p>
   </div>
   <div class='ocr_carea' id='block_1_66' title="bbox 205 1857 994 1896">
    <p class='ocr_par' dir='ltr' id='par_1_66' title="bbox 205 1857 994 1896">
     <span class='ocr_line' id='line_1_66' title="bbox 205 1857 994 1896; baseline 0.01 -14"><span class='ocrx_word' id='word_1_476' title='bbox 205 1857 313 1889; x_wconf 77' lang='lat' dir='ltr'><strong>fuisset,</strong></span> <span class='ocrx_word' id='word_1_477' title='bbox 331 1865 383 1884; x_wconf 92' lang='lat' dir='ltr'><strong>non</strong></span> <span class='ocrx_word' id='word_1_478' title='bbox 403 1858 570 1892; x_wconf 71' lang='lat' dir='ltr'><strong>neglexisset</strong></span> <span class='ocrx_word' id='word_1_479' title='bbox 587 1859 706 1886; x_wconf 80' lang='lat' dir='ltr'><strong>amicum</strong></span> <span class='ocrx_word' id='word_1_480' title='bbox 721 1859 756 1886; x_wconf 86' lang='lat' dir='ltr'><strong>ad</strong></span> <span class='ocrx_word' id='word_1_481' title='bbox 774 1864 889 1888; x_wconf 86' lang='lat' dir='ltr'><strong>mortem</strong></span> <span class='ocrx_word' id='word_1_482' title='bbox 906 1869 994 1896; x_wconf 67' lang='lat' dir='ltr'><strong>usque</strong></span> 
     </span>
    </p>
   </div>
   <div class='ocr_carea' id='block_1_67' title="bbox 204 1902 987 1942">
    <p class='ocr_par' dir='ltr' id='par_1_67' title="bbox 204 1902 987 1942">
     <span class='ocr_line' id='line_1_67' title="bbox 204 1902 987 1942; baseline 0.008 -14"><span class='ocrx_word' id='word_1_483' title='bbox 204 1902 438 1936; x_wconf 83' lang='lat' dir='ltr'><strong>dejectum.-lllud</strong></span> <span class='ocrx_word' id='word_1_484' title='bbox 456 1911 518 1930; x_wconf 84' lang='lat' dir='ltr'><strong>vero</strong></span> <span class='ocrx_word' id='word_1_485' title='bbox 528 1923 535 1935; x_wconf 92' lang='lat'><strong>,</strong></span> <span class='ocrx_word' id='word_1_486' title='bbox 552 1913 560 1929; x_wconf 93' lang='grc' dir='ltr'><strong>ι</strong></span> <span class='ocrx_word' id='word_1_487' title='bbox 574 1903 675 1932; x_wconf 83' lang='lat' dir='ltr'><strong>Eamus</strong></span> <span class='ocrx_word' id='word_1_488' title='bbox 691 1905 725 1932; x_wconf 84' lang='lat' dir='ltr'><strong>ad</strong></span> <span class='ocrx_word' id='word_1_489' title='bbox 740 1913 802 1933; x_wconf 90' lang='lat' dir='ltr'><strong>eum</strong></span> <span class='ocrx_word' id='word_1_490' title='bbox 813 1926 819 1938; x_wconf 84' lang='lat'><strong>,</strong></span> <span class='ocrx_word' id='word_1_491' title='bbox 833 1915 842 1931; x_wconf 76' lang='grc' dir='ltr'><strong>ι</strong></span> <span class='ocrx_word' id='word_1_492' title='bbox 855 1910 987 1942; x_wconf 85' lang='lat' dir='ltr'><strong>tanquam</strong></span> 
     </span>
    </p>
   </div>
   <div class='ocr_carea' id='block_1_68' title="bbox 206 1947 988 1987">
    <p class='ocr_par' dir='ltr' id='par_1_68' title="bbox 206 1947 988 1987">
     <span class='ocr_line' id='line_1_68' title="bbox 206 1947 988 1987; baseline 0.009 -14"><span class='ocrx_word' id='word_1_493' title='bbox 206 1947 238 1974; x_wconf 86' lang='lat' dir='ltr'><strong>ad</strong></span> <span class='ocrx_word' id='word_1_494' title='bbox 255 1947 347 1974; x_wconf 79' lang='lat' dir='ltr'><strong>vivum</strong></span> <span class='ocrx_word' id='word_1_495' title='bbox 368 1948 456 1981; x_wconf 86' lang='lat' dir='ltr'><strong>dicit;</strong></span> <span class='ocrx_word' id='word_1_496' title='bbox 474 1948 570 1975; x_wconf 90' lang='lat' dir='ltr'><strong>vivunt</strong></span> <span class='ocrx_word' id='word_1_497' title='bbox 589 1949 662 1977; x_wconf 90' lang='lat' dir='ltr'><strong>enim</strong></span> <span class='ocrx_word' id='word_1_498' title='bbox 685 1951 710 1978; x_wconf 90' lang='lat' dir='ltr'><strong>ei</strong></span> <span class='ocrx_word' id='word_1_499' title='bbox 735 1954 764 1978; x_wconf 79' lang='lat' dir='ltr'><strong>ut</strong></span> <span class='ocrx_word' id='word_1_500' title='bbox 788 1950 843 1979; x_wconf 88' lang='lat' dir='ltr'><strong>Deo</strong></span> <span class='ocrx_word' id='word_1_501' title='bbox 868 1954 988 1987; x_wconf 85' lang='lat' dir='ltr'><strong>mortui,</strong></span> 
     </span>
    </p>
   </div>
   <div class='ocr_carea' id='block_1_69' title="bbox 168 1993 599 2028">
    <p class='ocr_par' dir='ltr' id='par_1_69' title="bbox 168 1993 599 2028">
     <span class='ocr_line' id='line_1_69' title="bbox 168 1993 599 2028; baseline 0.002 -9"><span class='ocrx_word' id='word_1_502' title='bbox 168 1994 175 2005; x_wconf 94' lang='lat'><strong><em>&#39;</em></strong></span> <span class='ocrx_word' id='word_1_503' title='bbox 205 1999 334 2028; x_wconf 86' lang='lat' dir='ltr'><strong>tanquam</strong></span> <span class='ocrx_word' id='word_1_504' title='bbox 349 1994 394 2027; x_wconf 93' lang='lat' dir='ltr'><strong>qui</strong></span> <span class='ocrx_word' id='word_1_505' title='bbox 411 1993 510 2020; x_wconf 82' lang='lat' dir='ltr'><strong>victuri</strong></span> <span class='ocrx_word' id='word_1_506' title='bbox 524 1998 599 2022; x_wconf 86' lang='lat' dir='ltr'><strong>sunt.</strong></span> 
     </span>
    </p>
   </div>
   <div class='ocr_carea' id='block_1_70' title="bbox 240 2048 991 2087">
    <p class='ocr_par' dir='ltr' id='par_1_70' title="bbox 240 2048 991 2087">
     <span class='ocr_line' id='line_1_70' title="bbox 240 2048 991 2087; baseline 0.011 -12"><span class='ocrx_word' id='word_1_507' title='bbox 240 2048 273 2076; x_wconf 80' lang='lat' dir='ltr'><strong>XI</strong></span> <span class='ocrx_word' id='word_1_508' title='bbox 286 2069 293 2081; x_wconf 94' lang='lat'><strong>,</strong></span> <span class='ocrx_word' id='word_1_509' title='bbox 309 2049 351 2077; x_wconf 78' lang='grc'><strong>16.</strong></span> <span class='ocrx_word' id='word_1_510' title='bbox 368 2049 444 2076; x_wconf 68' lang='lat' dir='ltr'><strong>Dixit</strong></span> <span class='ocrx_word' id='word_1_511' title='bbox 459 2050 540 2085; x_wconf 83' lang='lat' dir='ltr'><strong>igitur</strong></span> <span class='ocrx_word' id='word_1_512' title='bbox 556 2051 667 2080; x_wconf 69' lang='lat' dir='ltr'><strong>Thomas</strong></span> <span class='ocrx_word' id='word_1_513' title='bbox 679 2059 687 2079; x_wconf 96' lang='lat'><em>:</em></span> <span class='ocrx_word' id='word_1_514' title='bbox 700 2051 801 2080; x_wconf 71' lang='lat' dir='ltr'><strong>Eamus</strong></span> <span class='ocrx_word' id='word_1_515' title='bbox 813 2059 838 2081; x_wconf 86' lang='lat' dir='ltr'><strong>et</strong></span> <span class='ocrx_word' id='word_1_516' title='bbox 853 2062 910 2087; x_wconf 67' lang='lat' dir='ltr'><strong>nos,</strong></span> <span class='ocrx_word' id='word_1_517' title='bbox 928 2060 991 2083; x_wconf 75' lang='lat' dir='ltr'><strong>utet</strong></span> 
     </span>
    </p>
   </div>
   <div class='ocr_carea' id='block_1_71' title="bbox 204 2095 533 2122">
    <p class='ocr_par' dir='ltr' id='par_1_71' title="bbox 204 2095 533 2122">
     <span class='ocr_line' id='line_1_71' title="bbox 204 2095 533 2122; baseline 0.003 -1"><span class='ocrx_word' id='word_1_518' title='bbox 204 2103 250 2121; x_wconf 73' lang='grc'><strong>1108</strong></span> <span class='ocrx_word' id='word_1_519' title='bbox 264 2095 410 2121; x_wconf 82' lang='lat' dir='ltr'><strong>moriamur</strong></span> <span class='ocrx_word' id='word_1_520' title='bbox 422 2103 480 2122; x_wconf 81' lang='lat' dir='ltr'><strong>cum</strong></span> <span class='ocrx_word' id='word_1_521' title='bbox 494 2104 533 2122; x_wconf 73' lang='grc' dir='ltr'><strong>ΕΟ.</strong></span> 
     </span>
    </p>
   </div>
   <div class='ocr_carea' id='block_1_72' title="bbox 239 2151 989 2195">
    <p class='ocr_par' dir='ltr' id='par_1_72' title="bbox 239 2151 989 2195">
     <span class='ocr_line' id='line_1_72' title="bbox 239 2151 989 2195; baseline 0.009 -18"><span class='ocrx_word' id='word_1_522' title='bbox 239 2151 349 2178; x_wconf 80' lang='lat' dir='ltr'><strong>Thonue</strong></span> <span class='ocrx_word' id='word_1_523' title='bbox 372 2159 463 2195; x_wconf 58' lang='lat' dir='ltr'><strong>seruio</strong></span> <span class='ocrx_word' id='word_1_524' title='bbox 488 2156 642 2187; x_wconf 86' lang='lat' dir='ltr'><strong>promptam</strong></span> <span class='ocrx_word' id='word_1_525' title='bbox 667 2154 779 2188; x_wconf 84' lang='lat' dir='ltr'><strong>quidem</strong></span> <span class='ocrx_word' id='word_1_526' title='bbox 804 2155 989 2190; x_wconf 82' lang='lat' dir='ltr'><strong>voluntatem,</strong></span> 
     </span>
    </p>
   </div>
   <div class='ocr_carea' id='block_1_73' title="bbox 204 2196 990 2235">
    <p class='ocr_par' dir='ltr' id='par_1_73' title="bbox 204 2196 990 2235">
     <span class='ocr_line' id='line_1_73' title="bbox 204 2196 990 2235; baseline 0.01 -13"><span class='ocrx_word' id='word_1_527' title='bbox 204 2196 250 2224; x_wconf 88' lang='lat' dir='ltr'><strong>scd</strong></span> <span class='ocrx_word' id='word_1_528' title='bbox 267 2201 293 2223; x_wconf 85' lang='lat' dir='ltr'><strong>ct</strong></span> <span class='ocrx_word' id='word_1_529' title='bbox 312 2197 503 2230; x_wconf 85' lang='lat' dir='ltr'><strong>timiditatem,</strong></span> <span class='ocrx_word' id='word_1_530' title='bbox 521 2198 698 2234; x_wconf 85' lang='lat' dir='ltr'><strong>animumque</strong></span> <span class='ocrx_word' id='word_1_531' title='bbox 715 2208 878 2235; x_wconf 75' lang='lat' dir='ltr'><strong>generosum</strong></span> <span class='ocrx_word' id='word_1_532' title='bbox 897 2206 924 2229; x_wconf 89' lang='lat' dir='ltr'><strong>ct</strong></span> <span class='ocrx_word' id='word_1_533' title='bbox 942 2202 990 2230; x_wconf 85' lang='lat' dir='ltr'><strong>Dei</strong></span> 
     </span>
    </p>
   </div>
   <div class='ocr_carea' id='block_1_74' title="bbox 1044 1634 1835 1670">
    <p class='ocr_par' dir='ltr' id='par_1_74' title="bbox 1044 1634 1835 1670">
     <span class='ocr_line' id='line_1_74' title="bbox 1044 1634 1835 1670; baseline 0.003 -10"><span class='ocrx_word' id='word_1_534' title='bbox 1044 1634 1125 1660; x_wconf 71' lang='grc' dir='ltr'>αὑτὸν</span> <span class='ocrx_word' id='word_1_535' title='bbox 1147 1634 1195 1660; x_wconf 74' lang='grc' dir='ltr'>καὶ</span> <span class='ocrx_word' id='word_1_536' title='bbox 1215 1634 1303 1668; x_wconf 77' lang='grc' dir='ltr'>ὀλίγον</span> <span class='ocrx_word' id='word_1_537' title='bbox 1322 1635 1467 1670; x_wconf 88' lang='grc' dir='ltr'>κάμνοντα·</span> <span class='ocrx_word' id='word_1_538' title='bbox 1495 1635 1541 1661; x_wconf 82' lang='grc' dir='ltr'>νῦν</span> <span class='ocrx_word' id='word_1_539' title='bbox 1558 1636 1598 1668; x_wconf 79' lang='grc' dir='ltr'>δὲ,</span> <span class='ocrx_word' id='word_1_540' title='bbox 1622 1636 1739 1667; x_wconf 71' lang='grc' dir='ltr'>ἀπόντος</span> <span class='ocrx_word' id='word_1_541' title='bbox 1756 1635 1835 1670; x_wconf 79' lang='grc' dir='ltr'>ἐμοῦ,</span> 
     </span>
    </p>
   </div>
   <div class='ocr_carea' id='block_1_75' title="bbox 1045 1679 1837 1717">
    <p class='ocr_par' dir='ltr' id='par_1_75' title="bbox 1045 1679 1837 1717">
     <span class='ocr_line' id='line_1_75' title="bbox 1045 1679 1837 1717; baseline 0.003 -12"><span class='ocrx_word' id='word_1_542' title='bbox 1045 1679 1144 1714; x_wconf 74' lang='grc' dir='ltr'>συνέϐη</span> <span class='ocrx_word' id='word_1_543' title='bbox 1173 1680 1187 1705; x_wconf 82' lang='grc' dir='ltr'>ὁ</span> <span class='ocrx_word' id='word_1_544' title='bbox 1211 1679 1335 1711; x_wconf 82' lang='grc' dir='ltr'>θάνατος,</span> <span class='ocrx_word' id='word_1_545' title='bbox 1352 1681 1394 1706; x_wconf 82' lang='grc' dir='ltr'><strong>ἵνα</strong></span> <span class='ocrx_word' id='word_1_546' title='bbox 1414 1681 1569 1716; x_wconf 75' lang='grc' dir='ltr'>ἀναστήσας</span> <span class='ocrx_word' id='word_1_547' title='bbox 1596 1681 1687 1714; x_wconf 79' lang='grc' dir='ltr'>αὐτὸν,</span> <span class='ocrx_word' id='word_1_548' title='bbox 1713 1681 1837 1717; x_wconf 79' lang='grc' dir='ltr'>μεγάλην</span> 
     </span>
    </p>
   </div>
   <div class='ocr_carea' id='block_1_76' title="bbox 1045 1725 1834 1762">
    <p class='ocr_par' dir='ltr' id='par_1_76' title="bbox 1045 1725 1834 1762">
     <span class='ocr_line' id='line_1_76' title="bbox 1045 1725 1834 1762; baseline 0.004 -11"><span class='ocrx_word' id='word_1_549' title='bbox 1045 1725 1108 1760; x_wconf 82' lang='grc' dir='ltr'>ὑμῖν</span> <span class='ocrx_word' id='word_1_550' title='bbox 1118 1726 1260 1760; x_wconf 81' lang='grc' dir='ltr'>ἑμποιήσω</span> <span class='ocrx_word' id='word_1_551' title='bbox 1269 1726 1316 1761; x_wconf 81' lang='grc' dir='ltr'>τὴν</span> <span class='ocrx_word' id='word_1_552' title='bbox 1329 1726 1461 1760; x_wconf 72' lang='grc' dir='ltr'>ὠφέλειαν</span> <span class='ocrx_word' id='word_1_553' title='bbox 1473 1727 1517 1753; x_wconf 84' lang='grc' dir='ltr'><strong>διὰ</strong></span> <span class='ocrx_word' id='word_1_554' title='bbox 1530 1728 1578 1762; x_wconf 82' lang='grc' dir='ltr'>τῆς</span> <span class='ocrx_word' id='word_1_555' title='bbox 1593 1728 1633 1759; x_wconf 82' lang='grc' dir='ltr'><strong>εἰς</strong></span> <span class='ocrx_word' id='word_1_556' title='bbox 1646 1727 1696 1762; x_wconf 75' lang='grc' dir='ltr'><strong>ἐμὲ</strong></span> <span class='ocrx_word' id='word_1_557' title='bbox 1707 1727 1834 1759; x_wconf 75' lang='grc' dir='ltr'>πίστεως.</span> 
     </span>
    </p>
   </div>
   <div class='ocr_carea' id='block_1_77' title="bbox 1045 1770 1836 1809">
    <p class='ocr_par' dir='ltr' id='par_1_77' title="bbox 1045 1770 1836 1809">
     <span class='ocr_line' id='line_1_77' title="bbox 1045 1770 1836 1809; baseline 0.005 -12"><span class='ocrx_word' id='word_1_558' title='bbox 1045 1770 1136 1797; x_wconf 82' lang='grc' dir='ltr'>Ταῦτα</span> <span class='ocrx_word' id='word_1_559' title='bbox 1149 1771 1177 1798; x_wconf 83' lang='grc' dir='ltr'>δὲ</span> <span class='ocrx_word' id='word_1_560' title='bbox 1198 1771 1272 1806; x_wconf 77' lang='grc' dir='ltr'>λέγει</span> <span class='ocrx_word' id='word_1_561' title='bbox 1289 1772 1302 1797; x_wconf 84' lang='grc' dir='ltr'>ὁ</span> <span class='ocrx_word' id='word_1_562' title='bbox 1318 1772 1446 1808; x_wconf 82' lang='grc' dir='ltr'>Χριστὸς,</span> <span class='ocrx_word' id='word_1_563' title='bbox 1463 1774 1512 1808; x_wconf 83' lang='grc' dir='ltr'>οὑχ</span> <span class='ocrx_word' id='word_1_564' title='bbox 1531 1773 1568 1805; x_wconf 82' lang='grc' dir='ltr'><strong>ὡς</strong></span> <span class='ocrx_word' id='word_1_565' title='bbox 1582 1774 1643 1800; x_wconf 84' lang='grc' dir='ltr'>τότε</span> <span class='ocrx_word' id='word_1_566' title='bbox 1660 1774 1741 1809; x_wconf 81' lang='grc' dir='ltr'>μόνον</span> <span class='ocrx_word' id='word_1_567' title='bbox 1754 1774 1836 1801; x_wconf 82' lang='grc' dir='ltr'>δυνά-</span> 
     </span>
    </p>
   </div>
   <div class='ocr_carea' id='block_1_78' title="bbox 1047 1817 1837 1855">
    <p class='ocr_par' dir='ltr' id='par_1_78' title="bbox 1047 1817 1837 1855">
     <span class='ocr_line' id='line_1_78' title="bbox 1047 1817 1837 1855; baseline 0.004 -12"><span class='ocrx_word' id='word_1_568' title='bbox 1047 1825 1125 1852; x_wconf 85' lang='grc' dir='ltr'>μενος</span> <span class='ocrx_word' id='word_1_569' title='bbox 1140 1817 1175 1844; x_wconf 80' lang='grc' dir='ltr'><strong>τὰ</strong></span> <span class='ocrx_word' id='word_1_570' title='bbox 1191 1817 1329 1853; x_wconf 81' lang='grc' dir='ltr'>Θεοπρεπῆ</span> <span class='ocrx_word' id='word_1_571' title='bbox 1343 1820 1439 1849; x_wconf 76' lang='grc' dir='ltr'>ποιεῖν,</span> <span class='ocrx_word' id='word_1_572' title='bbox 1454 1819 1518 1846; x_wconf 78' lang='grc' dir='ltr'>ὅταν</span> <span class='ocrx_word' id='word_1_573' title='bbox 1538 1821 1624 1855; x_wconf 82' lang='grc' dir='ltr'>παρῇ·</span> <span class='ocrx_word' id='word_1_574' title='bbox 1641 1819 1698 1846; x_wconf 82' lang='grc' dir='ltr'>ἀλλ’</span> <span class='ocrx_word' id='word_1_575' title='bbox 1717 1820 1837 1854; x_wconf 69' lang='grc' dir='ltr'>ἐπείπερ</span> 
     </span>
    </p>
   </div>
   <div class='ocr_carea' id='block_1_79' title="bbox 1044 1863 1835 1900">
    <p class='ocr_par' dir='ltr' id='par_1_79' title="bbox 1044 1863 1835 1900">
     <span class='ocr_line' id='line_1_79' title="bbox 1044 1863 1835 1900; baseline 0.005 -12"><span class='ocrx_word' id='word_1_576' title='bbox 1044 1863 1068 1889; x_wconf 85' lang='grc' dir='ltr'>εὶ</span> <span class='ocrx_word' id='word_1_577' title='bbox 1084 1865 1185 1898; x_wconf 84' lang='grc' dir='ltr'>παρῆν,</span> <span class='ocrx_word' id='word_1_578' title='bbox 1208 1864 1257 1890; x_wconf 77' lang='grc' dir='ltr'>οὐκ</span> <span class='ocrx_word' id='word_1_579' title='bbox 1275 1863 1308 1890; x_wconf 80' lang='grc' dir='ltr'>ἂν</span> <span class='ocrx_word' id='word_1_580' title='bbox 1334 1865 1444 1900; x_wconf 81' lang='grc' dir='ltr'>παρεῖδε</span> <span class='ocrx_word' id='word_1_581' title='bbox 1471 1865 1516 1892; x_wconf 83' lang='grc' dir='ltr'>τὸν</span> <span class='ocrx_word' id='word_1_582' title='bbox 1540 1865 1615 1900; x_wconf 84' lang='grc' dir='ltr'>φίλον</span> <span class='ocrx_word' id='word_1_583' title='bbox 1639 1865 1693 1896; x_wconf 75' lang='grc' dir='ltr'>ἕως</span> <span class='ocrx_word' id='word_1_584' title='bbox 1717 1865 1835 1892; x_wconf 79' lang='grc' dir='ltr'>θανάτου</span> 
     </span>
    </p>
   </div>
   <div class='ocr_carea' id='block_1_80' title="bbox 1044 1909 1836 1946">
    <p class='ocr_par' dir='ltr' id='par_1_80' title="bbox 1044 1909 1836 1946">
     <span class='ocr_line' id='line_1_80' title="bbox 1044 1909 1836 1946; baseline 0.004 -11"><span class='ocrx_word' id='word_1_585' title='bbox 1044 1909 1290 1937; x_wconf 71' lang='grc' dir='ltr'>καταϐιϐασθέντα.</span> <span class='ocrx_word' id='word_1_586' title='bbox 1307 1911 1343 1936; x_wconf 80' lang='grc' dir='ltr'><strong>Τὸ</strong></span> <span class='ocrx_word' id='word_1_587' title='bbox 1356 1911 1395 1943; x_wconf 84' lang='grc' dir='ltr'>δὲ,</span> <span class='ocrx_word' id='word_1_588' title='bbox 1409 1920 1419 1936; x_wconf 86' lang='grc'><strong>‹</strong></span> <span class='ocrx_word' id='word_1_589' title='bbox 1438 1912 1565 1946; x_wconf 68' lang='grc' dir='ltr'>’Ἄγωμεν</span> <span class='ocrx_word' id='word_1_590' title='bbox 1576 1911 1644 1946; x_wconf 72' lang='grc' dir='ltr'>πρὸς</span> <span class='ocrx_word' id='word_1_591' title='bbox 1659 1911 1751 1944; x_wconf 77' lang='grc' dir='ltr'>αὐτὸν,</span> <span class='ocrx_word' id='word_1_592' title='bbox 1767 1921 1777 1937; x_wconf 70' lang='grc' dir='ltr'><strong>ι</strong></span> <span class='ocrx_word' id='word_1_593' title='bbox 1797 1912 1836 1943; x_wconf 79' lang='grc' dir='ltr'><em>ὡς</em></span> 
     </span>
    </p>
   </div>
   <div class='ocr_carea' id='block_1_81' title="bbox 1044 1955 1834 1994">
    <p class='ocr_par' dir='ltr' id='par_1_81' title="bbox 1044 1955 1834 1994">
     <span class='ocr_line' id='line_1_81' title="bbox 1044 1955 1834 1994; baseline 0.004 -13"><span class='ocrx_word' id='word_1_594' title='bbox 1044 1955 1111 1990; x_wconf 82' lang='grc' dir='ltr'><strong>πρὸς</strong></span> <span class='ocrx_word' id='word_1_595' title='bbox 1125 1956 1215 1988; x_wconf 80' lang='grc' dir='ltr'>ζῶντά</span> <span class='ocrx_word' id='word_1_596' title='bbox 1232 1966 1309 1992; x_wconf 82' lang='grc' dir='ltr'>φησι·</span> <span class='ocrx_word' id='word_1_597' title='bbox 1329 1956 1395 1989; x_wconf 80' lang='grc' dir='ltr'>ζῶσι</span> <span class='ocrx_word' id='word_1_598' title='bbox 1411 1958 1462 1992; x_wconf 78' lang='grc' dir='ltr'><strong>γὰρ</strong></span> <span class='ocrx_word' id='word_1_599' title='bbox 1479 1957 1554 1992; x_wconf 75' lang='grc' dir='ltr'>αὐτῷ</span> <span class='ocrx_word' id='word_1_600' title='bbox 1566 1958 1603 1989; x_wconf 75' lang='grc' dir='ltr'><strong>ὡς</strong></span> <span class='ocrx_word' id='word_1_601' title='bbox 1616 1958 1675 1993; x_wconf 82' lang='grc' dir='ltr'>Θεῷ</span> <span class='ocrx_word' id='word_1_602' title='bbox 1691 1959 1715 1984; x_wconf 82' lang='grc' dir='ltr'>οἱ</span> <span class='ocrx_word' id='word_1_603' title='bbox 1730 1958 1834 1994; x_wconf 66' lang='grc' dir='ltr'>νεκροὶ,</span> 
     </span>
    </p>
   </div>
   <div class='ocr_carea' id='block_1_82' title="bbox 1043 1997 1489 2038">
    <p class='ocr_par' dir='ltr' id='par_1_82' title="bbox 1043 1997 1489 2038">
     <span class='ocr_line' id='line_1_82' title="bbox 1043 1997 1489 2038; baseline 0.007 -10"><span class='ocrx_word' id='word_1_604' title='bbox 1043 2001 1080 2034; x_wconf 74' lang='grc' dir='ltr'>ὡς</span> <span class='ocrx_word' id='word_1_605' title='bbox 1098 2002 1239 2037; x_wconf 81' lang='grc' dir='ltr'>μέλλοντες</span> <span class='ocrx_word' id='word_1_606' title='bbox 1254 2003 1355 2038; x_wconf 78' lang='grc' dir='ltr'>ζήσειν.</span> <span class='ocrx_word' id='word_1_607' title='bbox 1485 1997 1489 2001; x_wconf 40' lang='grc'><strong><em>“</em></strong></span> 
     </span>
    </p>
   </div>
   <div class='ocr_carea' id='block_1_83' title="bbox 1076 2057 1834 2096">
    <p class='ocr_par' dir='ltr' id='par_1_83' title="bbox 1076 2057 1834 2096">
     <span class='ocr_line' id='line_1_83' title="bbox 1076 2057 1834 2096; baseline 0.004 -11"><span class='ocrx_word' id='word_1_608' title='bbox 1076 2057 1169 2086; x_wconf 76' lang='grc' dir='ltr'><strong>Εἶπεν</strong></span> <span class='ocrx_word' id='word_1_609' title='bbox 1192 2057 1249 2088; x_wconf 81' lang='grc' dir='ltr'><strong>οὖν</strong></span> <span class='ocrx_word' id='word_1_610' title='bbox 1262 2062 1278 2086; x_wconf 84' lang='grc' dir='ltr'><em>ὀ</em></span> <span class='ocrx_word' id='word_1_611' title='bbox 1302 2059 1415 2095; x_wconf 81' lang='grc' dir='ltr'><strong>Θωμᾶς·</strong></span> <span class='ocrx_word' id='word_1_612' title='bbox 1432 2061 1560 2095; x_wconf 75' lang='grc' dir='ltr'>Ἄγωμεν</span> <span class='ocrx_word' id='word_1_613' title='bbox 1584 2061 1633 2088; x_wconf 77' lang='grc' dir='ltr'>καὶ</span> <span class='ocrx_word' id='word_1_614' title='bbox 1659 2061 1754 2096; x_wconf 74' lang='grc' dir='ltr'>ἡμεῖς,</span> <span class='ocrx_word' id='word_1_615' title='bbox 1782 2062 1834 2089; x_wconf 76' lang='grc' dir='ltr'>ἵνα</span> 
     </span>
    </p>
   </div>
   <div class='ocr_carea' id='block_1_84' title="bbox 1036 2105 1432 2140">
    <p class='ocr_par' dir='ltr' id='par_1_84' title="bbox 1036 2105 1432 2140">
     <span class='ocr_line' id='line_1_84' title="bbox 1036 2105 1432 2140; baseline 0.003 -8"><span class='ocrx_word' id='word_1_616' title='bbox 1036 2105 1237 2140; x_wconf 74' lang='grc' dir='ltr'><strong>ἀποθάνωμεν</strong></span> <span class='ocrx_word' id='word_1_617' title='bbox 1248 2106 1311 2140; x_wconf 86' lang='grc' dir='ltr'>μετ’</span> <span class='ocrx_word' id='word_1_618' title='bbox 1328 2106 1432 2133; x_wconf 78' lang='grc' dir='ltr'>αὐτοῦ.</span> 
     </span>
    </p>
   </div>
   <div class='ocr_carea' id='block_1_85' title="bbox 1082 2161 1832 2198">
    <p class='ocr_par' dir='ltr' id='par_1_85' title="bbox 1082 2161 1832 2198">
     <span class='ocr_line' id='line_1_85' title="bbox 1082 2161 1832 2198; baseline 0.004 -11"><span class='ocrx_word' id='word_1_619' title='bbox 1082 2161 1112 2187; x_wconf 92' lang='lat' dir='ltr'><strong>&#39;O</strong></span> <span class='ocrx_word' id='word_1_620' title='bbox 1134 2162 1181 2188; x_wconf 72' lang='grc' dir='ltr'>τοῦ</span> <span class='ocrx_word' id='word_1_621' title='bbox 1204 2162 1291 2197; x_wconf 87' lang='grc' dir='ltr'><strong>Θωμᾶ</strong></span> <span class='ocrx_word' id='word_1_622' title='bbox 1307 2161 1384 2196; x_wconf 87' lang='grc' dir='ltr'>λόγος</span> <span class='ocrx_word' id='word_1_623' title='bbox 1403 2162 1460 2197; x_wconf 76' lang='grc' dir='ltr'>ἔχει</span> <span class='ocrx_word' id='word_1_624' title='bbox 1484 2163 1533 2197; x_wconf 80' lang='grc' dir='ltr'>μὲν</span> <span class='ocrx_word' id='word_1_625' title='bbox 1553 2163 1716 2198; x_wconf 81' lang='grc' dir='ltr'>προθυμίαν·</span> <span class='ocrx_word' id='word_1_626' title='bbox 1733 2163 1789 2198; x_wconf 76' lang='grc' dir='ltr'>ἔχει</span> <span class='ocrx_word' id='word_1_627' title='bbox 1804 2164 1832 2190; x_wconf 83' lang='grc' dir='ltr'>δὲ</span> 
     </span>
    </p>
   </div>
   <div class='ocr_carea' id='block_1_86' title="bbox 1041 2206 1831 2245">
    <p class='ocr_par' dir='ltr' id='par_1_86' title="bbox 1041 2206 1831 2245">
     <span class='ocr_line' id='line_1_86' title="bbox 1041 2206 1831 2245; baseline 0.006 -13"><span class='ocrx_word' id='word_1_628' title='bbox 1041 2206 1089 2233; x_wconf 70' lang='grc' dir='ltr'>καὶ</span> <span class='ocrx_word' id='word_1_629' title='bbox 1109 2206 1219 2239; x_wconf 81' lang='grc' dir='ltr'>δειλίαν,</span> <span class='ocrx_word' id='word_1_630' title='bbox 1241 2208 1288 2233; x_wconf 76' lang='grc' dir='ltr'>καὶ</span> <span class='ocrx_word' id='word_1_631' title='bbox 1304 2208 1400 2242; x_wconf 82' lang='grc' dir='ltr'>γέγονε</span> <span class='ocrx_word' id='word_1_632' title='bbox 1423 2209 1471 2244; x_wconf 78' lang='grc' dir='ltr'>μὲν</span> <span class='ocrx_word' id='word_1_633' title='bbox 1488 2210 1519 2235; x_wconf 83' lang='grc' dir='ltr'>ὲκ</span> <span class='ocrx_word' id='word_1_634' title='bbox 1540 2209 1662 2243; x_wconf 75' lang='grc' dir='ltr'>φιλοθέου</span> <span class='ocrx_word' id='word_1_635' title='bbox 1687 2211 1831 2245; x_wconf 81' lang='grc' dir='ltr'>φρονήμα-</span> 
     </span>
    </p>
   </div>
   <div class='ocr_carea' id='block_1_87' title="bbox 182 2237 988 2289">
    <p class='ocr_par' dir='ltr' id='par_1_87' title="bbox 182 2237 988 2282">
     <span class='ocr_line' id='line_1_87' title="bbox 182 2237 988 2282; baseline 0.012 -16"><span class='ocrx_word' id='word_1_636' title='bbox 182 2237 187 2239; x_wconf 78' lang='grc'><strong>’</strong></span> <span class='ocrx_word' id='word_1_637' title='bbox 204 2247 359 2273; x_wconf 84' lang='lat' dir='ltr'><strong>amantem,</strong></span> <span class='ocrx_word' id='word_1_638' title='bbox 377 2243 426 2270; x_wconf 88' lang='lat' dir='ltr'><strong>sed</strong></span> <span class='ocrx_word' id='word_1_639' title='bbox 444 2243 605 2278; x_wconf 87' lang='lat' dir='ltr'><strong>permistum</strong></span> <span class='ocrx_word' id='word_1_640' title='bbox 624 2244 819 2273; x_wconf 85' lang='lat' dir='ltr'><strong>incredulitate</strong></span> <span class='ocrx_word' id='word_1_641' title='bbox 835 2248 916 2282; x_wconf 87' lang='lat' dir='ltr'><strong>sapit.</strong></span> <span class='ocrx_word' id='word_1_642' title='bbox 933 2247 988 2276; x_wconf 80' lang='lat' dir='ltr'><strong>Nec</strong></span> 
     </span>
    </p>
   </div>
   <div class='ocr_carea' id='block_1_88' title="bbox 1052 2237 1854 2289">
    <p class='ocr_par' dir='ltr' id='par_1_88' title="bbox 1052 2253 1854 2289">
     <span class='ocr_line' id='line_1_88' title="bbox 1052 2253 1854 2289; baseline 0.004 -11"><span class='ocrx_word' id='word_1_643' title='bbox 1052 2261 1096 2284; x_wconf 66' lang='grc' dir='ltr'>ξος,</span> <span class='ocrx_word' id='word_1_644' title='bbox 1121 2253 1357 2287; x_wconf 79' lang='grc' dir='ltr'>κατακεκέρασται</span> <span class='ocrx_word' id='word_1_645' title='bbox 1379 2253 1408 2279; x_wconf 81' lang='grc' dir='ltr'>δὲ</span> <span class='ocrx_word' id='word_1_646' title='bbox 1432 2255 1465 2289; x_wconf 82' lang='grc' dir='ltr'>τῇ</span> <span class='ocrx_word' id='word_1_647' title='bbox 1505 2254 1685 2289; x_wconf 78' lang='grc' dir='ltr'>ὀλιγοπιστία.</span> <span class='ocrx_word' id='word_1_648' title='bbox 1711 2254 1854 2282; x_wconf 69' lang='grc' dir='ltr'>Ἀπολει-,</span> 
     </span>
    </p>
   </div>
   <div class='ocr_carea' id='block_1_89' title="bbox 202 2288 988 2322">
    <p class='ocr_par' dir='ltr' id='par_1_89' title="bbox 202 2288 988 2322">
     <span class='ocr_line' id='line_1_89' title="bbox 202 2288 988 2322; baseline 0.01 -9"><span class='ocrx_word' id='word_1_649' title='bbox 202 2288 275 2314; x_wconf 86' lang='lat' dir='ltr'><strong>enim</strong></span> <span class='ocrx_word' id='word_1_650' title='bbox 296 2288 354 2315; x_wconf 88' lang='lat' dir='ltr'><strong>vult</strong></span> <span class='ocrx_word' id='word_1_651' title='bbox 372 2296 530 2322; x_wconf 83' lang='lat' dir='ltr'><strong>remanere,</strong></span> <span class='ocrx_word' id='word_1_652' title='bbox 549 2290 597 2317; x_wconf 86' lang='lat' dir='ltr'><strong>sed</strong></span> <span class='ocrx_word' id='word_1_653' title='bbox 614 2295 641 2317; x_wconf 92' lang='lat' dir='ltr'><strong>et</strong></span> <span class='ocrx_word' id='word_1_654' title='bbox 659 2291 728 2318; x_wconf 85' lang='lat' dir='ltr'><strong>alios</strong></span> <span class='ocrx_word' id='word_1_655' title='bbox 745 2297 773 2319; x_wconf 88' lang='lat' dir='ltr'><strong>ut</strong></span> <span class='ocrx_word' id='word_1_656' title='bbox 791 2292 862 2319; x_wconf 89' lang='lat' dir='ltr'><strong>idem</strong></span> <span class='ocrx_word' id='word_1_657' title='bbox 883 2292 988 2321; x_wconf 82' lang='lat' dir='ltr'><strong>faciant</strong></span> 
     </span>
    </p>
   </div>
   <div class='ocr_carea' id='block_1_90' title="bbox 203 2333 984 2372">
    <p class='ocr_par' dir='ltr' id='par_1_90' title="bbox 203 2333 984 2372">
     <span class='ocr_line' id='line_1_90' title="bbox 203 2333 984 2372; baseline 0.012 -13"><span class='ocrx_word' id='word_1_658' title='bbox 203 2333 337 2366; x_wconf 87' lang='lat' dir='ltr'><strong>hortatur,</strong></span> <span class='ocrx_word' id='word_1_659' title='bbox 355 2333 403 2360; x_wconf 78' lang='lat' dir='ltr'><strong>sed</strong></span> <span class='ocrx_word' id='word_1_660' title='bbox 422 2338 513 2362; x_wconf 86' lang='lat' dir='ltr'><strong>tamen</strong></span> <span class='ocrx_word' id='word_1_661' title='bbox 533 2335 654 2362; x_wconf 83' lang='lat' dir='ltr'><strong>futurum</strong></span> <span class='ocrx_word' id='word_1_662' title='bbox 670 2341 747 2372; x_wconf 86' lang='lat' dir='ltr'><strong>putat</strong></span> <span class='ocrx_word' id='word_1_663' title='bbox 775 2342 802 2365; x_wconf 81' lang='lat' dir='ltr'><strong>ut</strong></span> <span class='ocrx_word' id='word_1_664' title='bbox 822 2339 923 2366; x_wconf 83' lang='lat' dir='ltr'><strong>malum</strong></span> <span class='ocrx_word' id='word_1_665' title='bbox 941 2348 984 2368; x_wconf 85' lang='lat' dir='ltr'><strong>ac-</strong></span> 
     </span>
    </p>
   </div>
   <div class='ocr_carea' id='block_1_91' title="bbox 202 2379 985 2421">
    <p class='ocr_par' dir='ltr' id='par_1_91' title="bbox 202 2379 985 2421">
     <span class='ocr_line' id='line_1_91' title="bbox 202 2379 985 2421; baseline 0.011 -15"><span class='ocrx_word' id='word_1_666' title='bbox 202 2379 305 2415; x_wconf 84' lang='lat' dir='ltr'><strong>cipiant</strong></span> <span class='ocrx_word' id='word_1_667' title='bbox 320 2387 335 2406; x_wconf 84' lang='lat' dir='ltr'><strong>a</strong></span> <span class='ocrx_word' id='word_1_668' title='bbox 351 2379 465 2415; x_wconf 60' lang='lat' dir='ltr'><strong>Iudaeis,</strong></span> <span class='ocrx_word' id='word_1_669' title='bbox 480 2382 580 2417; x_wconf 89' lang='lat' dir='ltr'><strong>quibus</strong></span> <span class='ocrx_word' id='word_1_670' title='bbox 597 2384 706 2412; x_wconf 90' lang='lat' dir='ltr'><strong>animus</strong></span> <span class='ocrx_word' id='word_1_671' title='bbox 720 2388 762 2412; x_wconf 84' lang='lat' dir='ltr'><strong>est</strong></span> <span class='ocrx_word' id='word_1_672' title='bbox 777 2387 985 2421; x_wconf 81' lang='lat' dir='ltr'><strong>sanguinarius,</strong></span> 
     </span>
    </p>
   </div>
   <div class='ocr_carea' id='block_1_92' title="bbox 202 2426 987 2466">
    <p class='ocr_par' dir='ltr' id='par_1_92' title="bbox 202 2426 987 2466">
     <span class='ocr_line' id='line_1_92' title="bbox 202 2426 987 2466; baseline 0.011 -14"><span class='ocrx_word' id='word_1_673' title='bbox 202 2433 255 2452; x_wconf 87' lang='lat' dir='ltr'><strong>non</strong></span> <span class='ocrx_word' id='word_1_674' title='bbox 282 2426 464 2455; x_wconf 89' lang='lat' dir='ltr'><strong>considerans</strong></span> <span class='ocrx_word' id='word_1_675' title='bbox 489 2428 594 2456; x_wconf 87' lang='lat' dir='ltr'><strong>scilicet</strong></span> <span class='ocrx_word' id='word_1_676' title='bbox 609 2430 663 2456; x_wconf 91' lang='lat' dir='ltr'><strong>vim</strong></span> <span class='ocrx_word' id='word_1_677' title='bbox 687 2434 714 2457; x_wconf 89' lang='lat' dir='ltr'><strong>et</strong></span> <span class='ocrx_word' id='word_1_678' title='bbox 736 2436 899 2466; x_wconf 83' lang='lat' dir='ltr'><strong>pelestatem</strong></span> <span class='ocrx_word' id='word_1_679' title='bbox 923 2431 987 2460; x_wconf 90' lang='lat' dir='ltr'><strong>Ser-</strong></span> 
     </span>
    </p>
   </div>
   <div class='ocr_carea' id='block_1_93' title="bbox 201 2472 984 2509">
    <p class='ocr_par' dir='ltr' id='par_1_93' title="bbox 201 2472 984 2509">
     <span class='ocr_line' id='line_1_93' title="bbox 201 2472 984 2509; baseline 0.009 -11"><span class='ocrx_word' id='word_1_680' title='bbox 201 2472 318 2505; x_wconf 79' lang='lat' dir='ltr'><strong>vatoris,</strong></span> <span class='ocrx_word' id='word_1_681' title='bbox 336 2472 409 2506; x_wconf 86' lang='lat' dir='ltr'><strong>quod</strong></span> <span class='ocrx_word' id='word_1_682' title='bbox 426 2473 512 2508; x_wconf 77' lang='lat' dir='ltr'><strong>magis</strong></span> <span class='ocrx_word' id='word_1_683' title='bbox 529 2475 662 2509; x_wconf 82' lang='lat' dir='ltr'><strong>oportuit.</strong></span> <span class='ocrx_word' id='word_1_684' title='bbox 683 2474 812 2504; x_wconf 87' lang='lat' dir='ltr'><strong>Faciebat</strong></span> <span class='ocrx_word' id='word_1_685' title='bbox 829 2483 920 2505; x_wconf 88' lang='lat' dir='ltr'><strong>autem</strong></span> <span class='ocrx_word' id='word_1_686' title='bbox 936 2486 984 2506; x_wconf 86' lang='lat' dir='ltr'><strong>eos</strong></span> 
     </span>
    </p>
   </div>
   <div class='ocr_carea' id='block_1_94' title="bbox 200 2517 983 2558">
    <p class='ocr_par' dir='ltr' id='par_1_94' title="bbox 200 2517 983 2558">
     <span class='ocr_line' id='line_1_94' title="bbox 200 2517 983 2558; baseline 0.01 -16"><span class='ocrx_word' id='word_1_687' title='bbox 200 2517 309 2544; x_wconf 83' lang='lat' dir='ltr'><strong>timidos</strong></span> <span class='ocrx_word' id='word_1_688' title='bbox 332 2517 477 2551; x_wconf 82' lang='lat' dir='ltr'><strong>Christus,</strong></span> <span class='ocrx_word' id='word_1_689' title='bbox 503 2527 585 2554; x_wconf 83' lang='lat' dir='ltr'><strong>supra</strong></span> <span class='ocrx_word' id='word_1_690' title='bbox 611 2520 722 2548; x_wconf 87' lang='lat' dir='ltr'><strong>modum</strong></span> <span class='ocrx_word' id='word_1_691' title='bbox 750 2522 914 2556; x_wconf 83' lang='lat' dir='ltr'><strong>injuriarum</strong></span> <span class='ocrx_word' id='word_1_692' title='bbox 933 2531 983 2558; x_wconf 83' lang='lat' dir='ltr'><strong>pa-</strong></span> 
     </span>
    </p>
   </div>
   <div class='ocr_carea' id='block_1_95' title="bbox 199 2562 985 2603">
    <p class='ocr_par' dir='ltr' id='par_1_95' title="bbox 199 2562 985 2603">
     <span class='ocr_line' id='line_1_95' title="bbox 199 2562 985 2603; baseline 0.011 -15"><span class='ocrx_word' id='word_1_693' title='bbox 199 2562 270 2589; x_wconf 87' lang='lat' dir='ltr'><strong>tiens</strong></span> <span class='ocrx_word' id='word_1_694' title='bbox 293 2570 363 2598; x_wconf 85' lang='lat' dir='ltr'><strong>quas</strong></span> <span class='ocrx_word' id='word_1_695' title='bbox 393 2564 544 2599; x_wconf 85' lang='lat' dir='ltr'><strong>accipiebat</strong></span> <span class='ocrx_word' id='word_1_696' title='bbox 558 2573 573 2592; x_wconf 77' lang='grc' dir='ltr'><strong>ιι</strong></span> <span class='ocrx_word' id='word_1_697' title='bbox 589 2565 704 2594; x_wconf 64' lang='grc' dir='ltr'><strong>ἇυάωἰε.</strong></span> <span class='ocrx_word' id='word_1_698' title='bbox 723 2568 769 2594; x_wconf 86' lang='lat' dir='ltr'><strong>Ait</strong></span> <span class='ocrx_word' id='word_1_699' title='bbox 786 2575 850 2603; x_wconf 78' lang='lat' dir='ltr'><strong>ergo</strong></span> <span class='ocrx_word' id='word_1_700' title='bbox 866 2576 919 2596; x_wconf 91' lang='lat' dir='ltr'><strong>non</strong></span> <span class='ocrx_word' id='word_1_701' title='bbox 937 2569 985 2597; x_wconf 78' lang='lat' dir='ltr'><strong>dc-</strong></span> 
     </span>
    </p>
   </div>
   <div class='ocr_carea' id='block_1_96' title="bbox 197 2608 982 2651">
    <p class='ocr_par' dir='ltr' id='par_1_96' title="bbox 197 2608 982 2651">
     <span class='ocr_line' id='line_1_96' title="bbox 197 2608 982 2651; baseline 0.01 -17"><span class='ocrx_word' id='word_1_702' title='bbox 197 2608 345 2635; x_wconf 80' lang='lat' dir='ltr'><strong>serendum</strong></span> <span class='ocrx_word' id='word_1_703' title='bbox 361 2617 423 2637; x_wconf 88' lang='lat' dir='ltr'><strong>esse</strong></span> <span class='ocrx_word' id='word_1_704' title='bbox 435 2611 596 2646; x_wconf 76' lang='lat' dir='ltr'><strong>magistrum</strong></span> <span class='ocrx_word' id='word_1_705' title='bbox 608 2632 615 2644; x_wconf 89' lang='lat'><strong>,</strong></span> <span class='ocrx_word' id='word_1_706' title='bbox 632 2613 697 2640; x_wconf 89' lang='lat' dir='ltr'><strong>licet</strong></span> <span class='ocrx_word' id='word_1_707' title='bbox 713 2619 818 2640; x_wconf 87' lang='lat' dir='ltr'><strong>certum</strong></span> <span class='ocrx_word' id='word_1_708' title='bbox 835 2622 867 2641; x_wconf 86' lang='lat' dir='ltr'><strong>ac</strong></span> <span class='ocrx_word' id='word_1_709' title='bbox 887 2615 982 2651; x_wconf 83' lang='lat' dir='ltr'><strong>explo-</strong></span> 
     </span>
    </p>
   </div>
   <div class='ocr_carea' id='block_1_97' title="bbox 198 2654 983 2693">
    <p class='ocr_par' dir='ltr' id='par_1_97' title="bbox 198 2654 983 2693">
     <span class='ocr_line' id='line_1_97' title="bbox 198 2654 983 2693; baseline 0.011 -13"><span class='ocrx_word' id='word_1_710' title='bbox 198 2658 286 2680; x_wconf 67' lang='lat' dir='ltr'><strong>ratum</strong></span> <span class='ocrx_word' id='word_1_711' title='bbox 303 2660 472 2690; x_wconf 82' lang='lat' dir='ltr'><strong>proponatur</strong></span> <span class='ocrx_word' id='word_1_712' title='bbox 486 2658 657 2693; x_wconf 88' lang='lat' dir='ltr'><strong>periculum:</strong></span> <span class='ocrx_word' id='word_1_713' title='bbox 676 2666 726 2685; x_wconf 91' lang='lat' dir='ltr'><strong>ceu</strong></span> <span class='ocrx_word' id='word_1_714' title='bbox 749 2666 814 2686; x_wconf 85' lang='lat' dir='ltr'><strong>vero</strong></span> <span class='ocrx_word' id='word_1_715' title='bbox 835 2654 983 2690; x_wconf 61' lang='lat' dir='ltr'><strong>&#39;subridcns</strong></span> 
     </span>
    </p>
   </div>
   <div class='ocr_carea' id='block_1_98' title="bbox 196 2701 982 2739">
    <p class='ocr_par' dir='ltr' id='par_1_98' title="bbox 196 2701 982 2739">
     <span class='ocr_line' id='line_1_98' title="bbox 196 2701 982 2739; baseline 0.011 -13"><span class='ocrx_word' id='word_1_716' title='bbox 196 2701 398 2730; x_wconf 80' lang='lat' dir='ltr'><strong>ouodammodo</strong></span> <span class='ocrx_word' id='word_1_717' title='bbox 409 2702 529 2732; x_wconf 85' lang='lat' dir='ltr'><strong>Thomas</strong></span> <span class='ocrx_word' id='word_1_718' title='bbox 541 2704 649 2732; x_wconf 86' lang='lat' dir='ltr'><strong>dicebat</strong></span> <span class='ocrx_word' id='word_1_719' title='bbox 661 2704 727 2731; x_wconf 92' lang='lat' dir='ltr'><strong>illud</strong></span> <span class='ocrx_word' id='word_1_720' title='bbox 739 2726 746 2738; x_wconf 90' lang='lat'><strong>,</strong></span> <span class='ocrx_word' id='word_1_721' title='bbox 759 2714 767 2731; x_wconf 88' lang='grc' dir='ltr'><strong>ι</strong></span> <span class='ocrx_word' id='word_1_722' title='bbox 782 2705 893 2739; x_wconf 82' lang='lat' dir='ltr'><strong>Eamus,</strong></span> <span class='ocrx_word' id='word_1_723' title='bbox 908 2717 916 2733; x_wconf 72' lang='grc' dir='ltr'><strong>ν</strong></span> <span class='ocrx_word' id='word_1_724' title='bbox 930 2708 982 2736; x_wconf 91' lang='lat' dir='ltr'><strong>hoc</strong></span> 
     </span>
    </p>
   </div>
   <div class='ocr_carea' id='block_1_99' title="bbox 196 2747 979 2787">
    <p class='ocr_par' dir='ltr' id='par_1_99' title="bbox 196 2747 979 2787">
     <span class='ocr_line' id='line_1_99' title="bbox 196 2747 979 2787; baseline 0.013 -15"><span class='ocrx_word' id='word_1_725' title='bbox 196 2751 248 2779; x_wconf 84' lang='lat' dir='ltr'><strong>est,</strong></span> <span class='ocrx_word' id='word_1_726' title='bbox 265 2747 422 2782; x_wconf 82' lang='lat' dir='ltr'><strong>Moriamur;</strong></span> <span class='ocrx_word' id='word_1_727' title='bbox 440 2749 488 2777; x_wconf 78' lang='lat' dir='ltr'><strong>Vel</strong></span> <span class='ocrx_word' id='word_1_728' title='bbox 505 2750 545 2778; x_wconf 88' lang='lat' dir='ltr'><strong>sic</strong></span> <span class='ocrx_word' id='word_1_729' title='bbox 561 2750 626 2778; x_wconf 89' lang='lat' dir='ltr'><strong>dicit</strong></span> <span class='ocrx_word' id='word_1_730' title='bbox 640 2759 645 2777; x_wconf 95' lang='lat'>:</span> <span class='ocrx_word' id='word_1_731' title='bbox 659 2749 777 2778; x_wconf 90' lang='lat' dir='ltr'><strong>Omnino</strong></span> <span class='ocrx_word' id='word_1_732' title='bbox 791 2752 814 2780; x_wconf 93' lang='lat' dir='ltr'><strong>si</strong></span> <span class='ocrx_word' id='word_1_733' title='bbox 832 2753 979 2787; x_wconf 87' lang='lat' dir='ltr'><strong>iverimus,</strong></span> 
     </span>
    </p>
   </div>
   <div class='ocr_carea' id='block_1_100' title="bbox 197 2793 980 2835">
    <p class='ocr_par' dir='ltr' id='par_1_100' title="bbox 197 2793 980 2835">
     <span class='ocr_line' id='line_1_100' title="bbox 197 2793 980 2835; baseline 0.01 -16"><span class='ocrx_word' id='word_1_734' title='bbox 197 2793 345 2826; x_wconf 67' lang='lat' dir='ltr'><strong>periimus;</strong></span> <span class='ocrx_word' id='word_1_735' title='bbox 369 2795 416 2831; x_wconf 73' lang='lat' dir='ltr'><strong>sed</strong></span> <span class='ocrx_word' id='word_1_736' title='bbox 437 2798 528 2822; x_wconf 84' lang='lat' dir='ltr'><strong>tamen</strong></span> <span class='ocrx_word' id='word_1_737' title='bbox 545 2795 601 2830; x_wconf 87' lang='lat' dir='ltr'><strong>pati</strong></span> <span class='ocrx_word' id='word_1_738' title='bbox 624 2802 680 2822; x_wconf 91' lang='lat' dir='ltr'><strong>non</strong></span> <span class='ocrx_word' id='word_1_739' title='bbox 697 2804 874 2830; x_wconf 86' lang='lat' dir='ltr'><strong>recusemus,</strong></span> <span class='ocrx_word' id='word_1_740' title='bbox 891 2808 980 2835; x_wconf 87' lang='lat' dir='ltr'><strong>neque</strong></span> 
     </span>
    </p>
   </div>
   <div class='ocr_carea' id='block_1_101' title="bbox 196 2837 972 2875">
    <p class='ocr_par' dir='ltr' id='par_1_101' title="bbox 196 2837 972 2875">
     <span class='ocr_line' id='line_1_101' title="bbox 196 2837 972 2875; baseline 0.013 -12"><span class='ocrx_word' id='word_1_741' title='bbox 196 2837 345 2865; x_wconf 77' lang='lat' dir='ltr'><strong>euilutuuli</strong></span> <span class='ocrx_word' id='word_1_742' title='bbox 359 2839 447 2866; x_wconf 73' lang='lat' dir='ltr'><strong>facere</strong></span> <span class='ocrx_word' id='word_1_743' title='bbox 459 2841 543 2867; x_wconf 83' lang='lat' dir='ltr'><strong>vitam</strong></span> <span class='ocrx_word' id='word_1_744' title='bbox 560 2847 610 2867; x_wconf 88' lang='lat' dir='ltr'><strong>nos</strong></span> <span class='ocrx_word' id='word_1_745' title='bbox 625 2846 750 2875; x_wconf 86' lang='lat' dir='ltr'><strong>oportet;</strong></span> <span class='ocrx_word' id='word_1_746' title='bbox 767 2843 788 2870; x_wconf 93' lang='lat' dir='ltr'><strong>si</strong></span> <span class='ocrx_word' id='word_1_747' title='bbox 806 2849 895 2872; x_wconf 86' lang='lat' dir='ltr'><strong>autem</strong></span> <span class='ocrx_word' id='word_1_748' title='bbox 911 2853 972 2873; x_wconf 86' lang='lat' dir='ltr'><strong>sus-</strong></span> 
     </span>
    </p>
   </div>
   <div class='ocr_carea' id='block_1_102' title="bbox 1037 2297 1831 2334">
    <p class='ocr_par' dir='ltr' id='par_1_102' title="bbox 1037 2297 1831 2334">
     <span class='ocr_line' id='line_1_102' title="bbox 1037 2297 1831 2334; baseline 0.006 -11"><span class='ocrx_word' id='word_1_749' title='bbox 1037 2298 1137 2332; x_wconf 80' lang='grc' dir='ltr'>φθῆναι</span> <span class='ocrx_word' id='word_1_750' title='bbox 1152 2298 1206 2333; x_wconf 78' lang='grc' dir='ltr'><strong>γὰρ</strong></span> <span class='ocrx_word' id='word_1_751' title='bbox 1227 2297 1276 2324; x_wconf 84' lang='grc' dir='ltr'>οὐκ</span> <span class='ocrx_word' id='word_1_752' title='bbox 1290 2298 1427 2334; x_wconf 79' lang='grc' dir='ltr'>ἀνέχεται,</span> <span class='ocrx_word' id='word_1_753' title='bbox 1443 2299 1509 2326; x_wconf 77' lang='grc' dir='ltr'>ἀλλὰ</span> <span class='ocrx_word' id='word_1_754' title='bbox 1525 2300 1572 2326; x_wconf 77' lang='grc' dir='ltr'>καὶ</span> <span class='ocrx_word' id='word_1_755' title='bbox 1586 2301 1648 2332; x_wconf 76' lang='grc' dir='ltr'>τοὺς</span> <span class='ocrx_word' id='word_1_756' title='bbox 1659 2301 1754 2332; x_wconf 77' lang='grc' dir='ltr'>ἄλλους</span> <span class='ocrx_word' id='word_1_757' title='bbox 1766 2302 1831 2328; x_wconf 77' lang='grc' dir='ltr'>ἀνα-</span> 
     </span>
    </p>
   </div>
   <div class='ocr_carea' id='block_1_103' title="bbox 1037 2343 1830 2380">
    <p class='ocr_par' dir='ltr' id='par_1_103' title="bbox 1037 2343 1830 2380">
     <span class='ocr_line' id='line_1_103' title="bbox 1037 2343 1830 2380; baseline 0.005 -10"><span class='ocrx_word' id='word_1_758' title='bbox 1037 2343 1125 2370; x_wconf 82' lang='grc' dir='ltr'>πείθει</span> <span class='ocrx_word' id='word_1_759' title='bbox 1149 2344 1227 2370; x_wconf 80' lang='grc' dir='ltr'><strong>τοῦτο</strong></span> <span class='ocrx_word' id='word_1_760' title='bbox 1251 2346 1346 2370; x_wconf 77' lang='grc' dir='ltr'>ποιεῖν·</span> <span class='ocrx_word' id='word_1_761' title='bbox 1374 2346 1449 2380; x_wconf 82' lang='grc' dir='ltr'>ὅμως</span> <span class='ocrx_word' id='word_1_762' title='bbox 1472 2346 1555 2373; x_wconf 80' lang='grc' dir='ltr'>οἴεται</span> <span class='ocrx_word' id='word_1_763' title='bbox 1582 2348 1622 2374; x_wconf 77' lang='grc' dir='ltr'>ὅτι</span> <span class='ocrx_word' id='word_1_764' title='bbox 1653 2348 1700 2374; x_wconf 74' lang='grc' dir='ltr'>καὶ</span> <span class='ocrx_word' id='word_1_765' title='bbox 1732 2348 1830 2374; x_wconf 80' lang='grc' dir='ltr'>παθεῖν</span> 
     </span>
    </p>
   </div>
   <div class='ocr_carea' id='block_1_104' title="bbox 1037 2388 1831 2427">
    <p class='ocr_par' dir='ltr' id='par_1_104' title="bbox 1037 2388 1831 2427">
     <span class='ocr_line' id='line_1_104' title="bbox 1037 2388 1831 2427; baseline 0.008 -14"><span class='ocrx_word' id='word_1_766' title='bbox 1037 2388 1148 2423; x_wconf 74' lang='grc' dir='ltr'>ἔμελλον</span> <span class='ocrx_word' id='word_1_767' title='bbox 1163 2389 1214 2414; x_wconf 80' lang='grc' dir='ltr'>ὑπὸ</span> <span class='ocrx_word' id='word_1_768' title='bbox 1227 2388 1371 2421; x_wconf 79' lang='grc' dir='ltr'>Ἰουδαίων,</span> <span class='ocrx_word' id='word_1_769' title='bbox 1386 2390 1416 2416; x_wconf 74' lang='grc' dir='ltr'>οὗ</span> <span class='ocrx_word' id='word_1_770' title='bbox 1429 2390 1552 2423; x_wconf 78' lang='grc' dir='ltr'>Θέλοντος</span> <span class='ocrx_word' id='word_1_771' title='bbox 1569 2392 1662 2423; x_wconf 79' lang='grc' dir='ltr'>αὐτοῦ,</span> <span class='ocrx_word' id='word_1_772' title='bbox 1679 2392 1721 2418; x_wconf 70' lang='grc' dir='ltr'><strong>διὰ</strong></span> <span class='ocrx_word' id='word_1_773' title='bbox 1739 2392 1769 2418; x_wconf 78' lang='grc' dir='ltr'><strong>τὸ</strong></span> <span class='ocrx_word' id='word_1_774' title='bbox 1782 2401 1831 2427; x_wconf 65' lang='grc' dir='ltr'>φο-</span> 
     </span>
    </p>
   </div>
   <div class='ocr_carea' id='block_1_105' title="bbox 1037 2435 1829 2473">
    <p class='ocr_par' dir='ltr' id='par_1_105' title="bbox 1037 2435 1829 2473">
     <span class='ocr_line' id='line_1_105' title="bbox 1037 2435 1829 2473; baseline 0.006 -12"><span class='ocrx_word' id='word_1_775' title='bbox 1037 2437 1111 2462; x_wconf 81' lang='grc' dir='ltr'>νικὸν</span> <span class='ocrx_word' id='word_1_776' title='bbox 1132 2435 1186 2462; x_wconf 77' lang='grc' dir='ltr'><strong>τῶν</strong></span> <span class='ocrx_word' id='word_1_777' title='bbox 1217 2435 1360 2468; x_wconf 79' lang='grc' dir='ltr'>Ἰουδαίων,</span> <span class='ocrx_word' id='word_1_778' title='bbox 1377 2438 1406 2463; x_wconf 78' lang='grc' dir='ltr'>οὑ</span> <span class='ocrx_word' id='word_1_779' title='bbox 1432 2438 1540 2465; x_wconf 82' lang='grc' dir='ltr'>σκοπῶν</span> <span class='ocrx_word' id='word_1_780' title='bbox 1555 2439 1666 2473; x_wconf 82' lang='grc' dir='ltr'>τὴντοῦ</span> <span class='ocrx_word' id='word_1_781' title='bbox 1695 2438 1829 2472; x_wconf 75' lang='grc' dir='ltr'>σώζοντος</span> 
     </span>
    </p>
   </div>
   <div class='ocr_carea' id='block_1_106' title="bbox 1036 2481 1829 2518">
    <p class='ocr_par' dir='ltr' id='par_1_106' title="bbox 1036 2481 1829 2518">
     <span class='ocr_line' id='line_1_106' title="bbox 1036 2481 1829 2518; baseline 0.005 -11"><span class='ocrx_word' id='word_1_782' title='bbox 1036 2481 1161 2516; x_wconf 83' lang='grc' dir='ltr'>δύναμιν,</span> <span class='ocrx_word' id='word_1_783' title='bbox 1176 2482 1244 2517; x_wconf 81' lang='grc' dir='ltr'>ὅπερ</span> <span class='ocrx_word' id='word_1_784' title='bbox 1258 2482 1312 2508; x_wconf 79' lang='grc' dir='ltr'>ἔδει.</span> <span class='ocrx_word' id='word_1_785' title='bbox 1334 2483 1443 2518; x_wconf 79' lang='grc' dir='ltr'>μᾶλλον.</span> <span class='ocrx_word' id='word_1_786' title='bbox 1461 2484 1561 2510; x_wconf 79' lang='grc' dir='ltr'>Ἐποίει</span> <span class='ocrx_word' id='word_1_787' title='bbox 1572 2485 1600 2510; x_wconf 83' lang='grc' dir='ltr'>δὲ</span> <span class='ocrx_word' id='word_1_788' title='bbox 1613 2485 1711 2516; x_wconf 73' lang='grc' dir='ltr'>αὐτοὺς</span> <span class='ocrx_word' id='word_1_789' title='bbox 1723 2485 1829 2518; x_wconf 75' lang='grc' dir='ltr'>δειλοὺς</span> 
     </span>
    </p>
   </div>
   <div class='ocr_carea' id='block_1_107' title="bbox 1034 2527 1828 2567">
    <p class='ocr_par' dir='ltr' id='par_1_107' title="bbox 1034 2527 1828 2567">
     <span class='ocr_line' id='line_1_107' title="bbox 1034 2527 1828 2567; baseline 0.006 -14"><span class='ocrx_word' id='word_1_790' title='bbox 1034 2528 1050 2553; x_wconf 83' lang='grc' dir='ltr'>ὀ</span> <span class='ocrx_word' id='word_1_791' title='bbox 1065 2527 1194 2563; x_wconf 77' lang='grc' dir='ltr'>Χριστὸς,</span> <span class='ocrx_word' id='word_1_792' title='bbox 1207 2528 1277 2564; x_wconf 85' lang='grc' dir='ltr'>ὑπὲρ</span> <span class='ocrx_word' id='word_1_793' title='bbox 1300 2529 1398 2564; x_wconf 81' lang='grc' dir='ltr'>μέτρον</span> <span class='ocrx_word' id='word_1_794' title='bbox 1422 2529 1590 2562; x_wconf 82' lang='grc' dir='ltr'>ἀνεξικακῶν</span> <span class='ocrx_word' id='word_1_795' title='bbox 1609 2531 1637 2557; x_wconf 77' lang='grc' dir='ltr'>ἐν</span> <span class='ocrx_word' id='word_1_796' title='bbox 1652 2529 1692 2563; x_wconf 77' lang='grc' dir='ltr'><strong>οἷς</strong></span> <span class='ocrx_word' id='word_1_797' title='bbox 1708 2532 1828 2567; x_wconf 78' lang='grc' dir='ltr'>ἔπασχεν</span> 
     </span>
    </p>
   </div>
   <div class='ocr_carea' id='block_1_108' title="bbox 1036 2573 1828 2611">
    <p class='ocr_par' dir='ltr' id='par_1_108' title="bbox 1036 2573 1828 2611">
     <span class='ocr_line' id='line_1_108' title="bbox 1036 2573 1828 2611; baseline 0.008 -12"><span class='ocrx_word' id='word_1_798' title='bbox 1036 2573 1088 2599; x_wconf 75' lang='grc' dir='ltr'>ὑπδ</span> <span class='ocrx_word' id='word_1_799' title='bbox 1108 2573 1253 2601; x_wconf 78' lang='grc' dir='ltr'>Ἰουδαίων.</span> <span class='ocrx_word' id='word_1_800' title='bbox 1273 2575 1353 2610; x_wconf 80' lang='grc' dir='ltr'>Λέγει</span> <span class='ocrx_word' id='word_1_801' title='bbox 1368 2574 1413 2603; x_wconf 75' lang='grc' dir='ltr'><strong>οὖν</strong></span> <span class='ocrx_word' id='word_1_802' title='bbox 1435 2575 1472 2611; x_wconf 83' lang='grc' dir='ltr'>μὴ</span> <span class='ocrx_word' id='word_1_803' title='bbox 1488 2576 1586 2611; x_wconf 78' lang='grc' dir='ltr'>χρῆναι</span> <span class='ocrx_word' id='word_1_804' title='bbox 1599 2577 1765 2611; x_wconf 76' lang='grc' dir='ltr'>χωρίζεσθαι</span> <span class='ocrx_word' id='word_1_805' title='bbox 1781 2579 1828 2605; x_wconf 66' lang='lat' dir='ltr'><strong>toﬁ</strong></span> 
     </span>
    </p>
   </div>
   <div class='ocr_carea' id='block_1_109' title="bbox 1036 2619 1826 2658">
    <p class='ocr_par' dir='ltr' id='par_1_109' title="bbox 1036 2619 1826 2658">
     <span class='ocr_line' id='line_1_109' title="bbox 1036 2619 1826 2658; baseline 0.005 -12"><span class='ocrx_word' id='word_1_806' title='bbox 1036 2619 1205 2654; x_wconf 81' lang='grc' dir='ltr'>διδασκάλου,</span> <span class='ocrx_word' id='word_1_807' title='bbox 1221 2622 1245 2647; x_wconf 84' lang='grc' dir='ltr'>εἰ</span> <span class='ocrx_word' id='word_1_808' title='bbox 1265 2622 1311 2648; x_wconf 83' lang='grc' dir='ltr'>καὶ</span> <span class='ocrx_word' id='word_1_809' title='bbox 1332 2621 1514 2657; x_wconf 74' lang='grc' dir='ltr'>ἁναμφίῢολος</span> <span class='ocrx_word' id='word_1_810' title='bbox 1534 2622 1676 2658; x_wconf 79' lang='grc' dir='ltr'>πρόκειται</span> <span class='ocrx_word' id='word_1_811' title='bbox 1694 2623 1826 2656; x_wconf 57' lang='grc' dir='ltr'>κίνδυνος·</span> 
     </span>
    </p>
   </div>
   <div class='ocr_carea' id='block_1_110' title="bbox 1036 2666 1824 2704">
    <p class='ocr_par' dir='ltr' id='par_1_110' title="bbox 1036 2666 1824 2704">
     <span class='ocr_line' id='line_1_110' title="bbox 1036 2666 1824 2704; baseline 0.004 -11"><span class='ocrx_word' id='word_1_812' title='bbox 1036 2666 1073 2698; x_wconf 81' lang='grc' dir='ltr'><strong>ὡς</strong></span> <span class='ocrx_word' id='word_1_813' title='bbox 1101 2667 1265 2702; x_wconf 76' lang='grc' dir='ltr'>ὑπομειδιῶν</span> <span class='ocrx_word' id='word_1_814' title='bbox 1281 2668 1308 2695; x_wconf 85' lang='grc' dir='ltr'>δὲ</span> <span class='ocrx_word' id='word_1_815' title='bbox 1336 2668 1434 2704; x_wconf 82' lang='grc' dir='ltr'>τρόπον</span> <span class='ocrx_word' id='word_1_816' title='bbox 1460 2669 1520 2696; x_wconf 76' lang='grc' dir='ltr'>τινὰ</span> <span class='ocrx_word' id='word_1_817' title='bbox 1540 2670 1554 2696; x_wconf 84' lang='grc' dir='ltr'>ὁ</span> <span class='ocrx_word' id='word_1_818' title='bbox 1571 2669 1671 2704; x_wconf 78' lang='grc' dir='ltr'>Θωμᾶς</span> <span class='ocrx_word' id='word_1_819' title='bbox 1686 2669 1764 2704; x_wconf 83' lang='grc' dir='ltr'>ἔλεγε</span> <span class='ocrx_word' id='word_1_820' title='bbox 1783 2671 1824 2703; x_wconf 76' lang='grc' dir='ltr'>τὸ,</span> 
     </span>
    </p>
   </div>
   <div class='ocr_carea' id='block_1_111' title="bbox 1037 2712 1825 2750">
    <p class='ocr_par' dir='ltr' id='par_1_111' title="bbox 1037 2712 1825 2750">
     <span class='ocr_line' id='line_1_111' title="bbox 1037 2712 1825 2750; baseline 0.005 -12"><span class='ocrx_word' id='word_1_821' title='bbox 1037 2712 1181 2747; x_wconf 65' lang='grc' dir='ltr'>Ἄγωμεν,</span> <span class='ocrx_word' id='word_1_822' title='bbox 1207 2713 1278 2740; x_wconf 77' lang='grc' dir='ltr'>τοῦτ’</span> <span class='ocrx_word' id='word_1_823' title='bbox 1291 2713 1376 2746; x_wconf 72' lang='grc' dir='ltr'>ἐστιν,</span> <span class='ocrx_word' id='word_1_824' title='bbox 1396 2714 1596 2750; x_wconf 60' lang='grc' dir='ltr'>Ἀποθὼιωμεν.</span> <span class='ocrx_word' id='word_1_825' title='bbox 1613 2715 1648 2741; x_wconf 85' lang='grc' dir='ltr'><em>Ἢ</em></span> <span class='ocrx_word' id='word_1_826' title='bbox 1661 2714 1732 2742; x_wconf 82' lang='grc' dir='ltr'>οὓτω</span> <span class='ocrx_word' id='word_1_827' title='bbox 1747 2717 1825 2750; x_wconf 79' lang='grc' dir='ltr'>φησί’</span> 
     </span>
    </p>
   </div>
   <div class='ocr_carea' id='block_1_112' title="bbox 1034 2756 1824 2796">
    <p class='ocr_par' dir='ltr' id='par_1_112' title="bbox 1034 2756 1824 2796">
     <span class='ocr_line' id='line_1_112' title="bbox 1034 2756 1824 2796; baseline 0.006 -14"><span class='ocrx_word' id='word_1_828' title='bbox 1034 2756 1145 2789; x_wconf 69' lang='grc' dir='ltr'>Πάντως</span> <span class='ocrx_word' id='word_1_829' title='bbox 1167 2758 1214 2785; x_wconf 80' lang='grc' dir='ltr'><strong>ἐὰν</strong></span> <span class='ocrx_word' id='word_1_830' title='bbox 1236 2759 1410 2794; x_wconf 79' lang='grc' dir='ltr'>ἀπέλθωμεν,</span> <span class='ocrx_word' id='word_1_831' title='bbox 1434 2759 1653 2795; x_wconf 82' lang='grc' dir='ltr'>ἀποθνήσκομεν,</span> <span class='ocrx_word' id='word_1_832' title='bbox 1684 2761 1759 2795; x_wconf 81' lang='grc' dir='ltr'>ὅμως</span> <span class='ocrx_word' id='word_1_833' title='bbox 1786 2761 1824 2796; x_wconf 80' lang='grc' dir='ltr'>μὴ</span> 
     </span>
    </p>
   </div>
   <div class='ocr_carea' id='block_1_113' title="bbox 1033 2803 1846 2842">
    <p class='ocr_par' dir='ltr' id='par_1_113' title="bbox 1033 2803 1846 2842">
     <span class='ocr_line' id='line_1_113' title="bbox 1033 2803 1846 2842; baseline 0.009 -14"><span class='ocrx_word' id='word_1_834' title='bbox 1033 2803 1264 2838; x_wconf 82' lang='grc' dir='ltr'>παραιτησώμεθα</span> <span class='ocrx_word' id='word_1_835' title='bbox 1296 2804 1325 2830; x_wconf 82' lang='grc' dir='ltr'>τὸ</span> <span class='ocrx_word' id='word_1_836' title='bbox 1358 2805 1462 2831; x_wconf 81' lang='grc' dir='ltr'>παθεῖν·</span> <span class='ocrx_word' id='word_1_837' title='bbox 1490 2806 1520 2832; x_wconf 75' lang='grc' dir='ltr'>οὐ</span> <span class='ocrx_word' id='word_1_838' title='bbox 1547 2806 1601 2842; x_wconf 83' lang='grc' dir='ltr'>γὰρ</span> <span class='ocrx_word' id='word_1_839' title='bbox 1627 2807 1667 2833; x_wconf 81' lang='grc' dir='ltr'>δεῖ</span> <span class='ocrx_word' id='word_1_840' title='bbox 1696 2806 1846 2834; x_wconf 80' lang='grc' dir='ltr'>τοσοῦτον“</span> 
     </span>
    </p>
   </div>
   <div class='ocr_carea' id='block_1_114' title="bbox 1028 2848 1824 2888">
    <p class='ocr_par' dir='ltr' id='par_1_114' title="bbox 1028 2848 1824 2888">
     <span class='ocr_line' id='line_1_114' title="bbox 1028 2848 1824 2888; baseline 0.008 -15"><span class='ocrx_word' id='word_1_841' title='bbox 1028 2848 1208 2883; x_wconf 64' lang='grc' dir='ltr'>φιλοψυχεῖν·</span> <span class='ocrx_word' id='word_1_842' title='bbox 1236 2851 1258 2876; x_wconf 81' lang='lat' dir='ltr'><strong>si</strong></span> <span class='ocrx_word' id='word_1_843' title='bbox 1282 2850 1308 2876; x_wconf 83' lang='grc' dir='ltr'>δὲ</span> <span class='ocrx_word' id='word_1_844' title='bbox 1332 2851 1432 2886; x_wconf 72' lang='grc' dir='ltr'>ἐγείρει</span> <span class='ocrx_word' id='word_1_845' title='bbox 1457 2852 1502 2878; x_wconf 76' lang='grc' dir='ltr'><strong>τὸν</strong></span> <span class='ocrx_word' id='word_1_846' title='bbox 1528 2853 1634 2888; x_wconf 79' lang='grc' dir='ltr'>νεκρὸν,</span> <span class='ocrx_word' id='word_1_847' title='bbox 1657 2852 1784 2888; x_wconf 79' lang='grc' dir='ltr'>περιττὸς</span> <span class='ocrx_word' id='word_1_848' title='bbox 1811 2853 1824 2879; x_wconf 81' lang='grc' dir='ltr'>ό</span> 
     </span>
    </p>
   </div>
  </div>
