1906 3037
74 174 107 201 45
499 172 531 199 IN
546 172 715 201 JOANNEM.
728 173 828 200 —~LIB.
849 174 894 202 VH
913 174 957 201 ΕΤ
979 173 1035 200 Vili
1058 173 1280 201 FRAGMENTA.
1666 180 1701 208 46

74 231 160 266 φόϐος
175 230 275 265 ἔχομεν
292 231 347 266 γὰρ
361 231 407 257 τὸν
421 231 569 266 δυνάμενον
585 232 734 267 ἀναστῆσαι
749 233 817 266 μετὰ
830 233 852 258 τὶ

912 232 980 258 citat
1005 237 1153 265 mortuum,
1166 232 1324 267 superﬂuus
1336 238 1377 260 est
1389 234 1616 266 timor,habemus
1627 238 1700 266 enim

75 285 173 303 πεσειν.

103 319 164 348 Ἦν
172 321 208 347 δὲ
223 321 242 354 ἡ
255 322 389 354 Βηθανία
399 321 488 356 ἐγγὺς
502 321 561 348 τῶν
578 322 792 357 Ἰεροσολύμων
801 322 859 349 ἀπὸ

72 367 201 394 σταδίων
212 366 390 394 δεκαπέντε.

104 412 153 438 Διὰ
167 411 250 438 τοῦτο
267 413 314 438 καὶ
330 412 360 438 τὺ
382 412 518 447 διάστημα
533 412 606 446 λέγει
619 413 672 439 τῶν
684 413 793 448 ἡμερῶν
807 414 860 440 τῶν

73 459 137 494 μετά
151 459 197 484 τὸν
212 458 329 485 θάνατον
347 459 482 494 Λαζάρου,
502 459 544 485 ἵνα
560 460 606 486 ἐπὶ
620 460 699 486 πλέον
716 461 858 496 θαυμασθῇ

70 505 99 530 τὸ
117 503 220 538 θαῦμα,
241 505 290 530 καὶ
316 505 353 540 μή
384 513 426 536 τις
449 505 514 540 εἴπῃ
531 505 621 540 τυχὸν,
647 507 687 532 ὅτι
707 506 775 541 μετὰ
796 507 859 540 μίαν

71 550 172 584 ἡμέραν
186 549 326 585 ἐληλύθει,
355 551 402 576 καὶ
415 551 464 577 οὐκ
478 549 512 585 ἦν
534 551 658 583 τεθνεὼς,
681 552 747 578 ἀλλὰ
768 553 860 588 ἀῤῥω-

72 595 180 622 στοῦντα
202 596 287 622 αὐτὸν
308 597 410 632 ἤγειρε.
428 597 510 630 Λέγει
526 597 554 624 δὲ
571 597 612 623 ὅτι
632 597 723 624 πολλοὶ
741 597 811 633 ἦσαν
832 600 860 624 ἐν

71 642 100 676 τῇ
123 640 245 676 Βηθανίᾳ.
269 641 400 674 Ἰουδαῖοι,
424 641 512 668 καίτοι
536 642 635 677 χωρίου
655 643 705 668 οὐκ
724 643 800 674 ὄντος
811 651 860 669 πο-

70 686 255 720 λυανθρώπου,
271 687 304 713 ἐκ
318 687 367 721 τῆς
387 687 563 723 Ἰερουσαλὴμ
579 688 807 723 παραγενόμενοι·
830 689 859 715 οὺ

70 732 119 767 γὰρ
145 730 178 767 ἦν
199 732 272 758 πολῦ
287 732 317 758 τὸ
337 733 385 767 τῆς
395 733 456 759 ὀδοῦ
476 733 614 768 διάστημα
628 734 658 760 τὸ
678 734 782 761 κωλύον
798 735 860 766 τοὺς

71 777 235 807 ἐνδιαθέτους
252 778 348 812 φίλους
365 779 484 805 συνεῖναι
508 780 568 810 ταῖς
585 780 648 814 περὶ
659 779 707 815 τὴν
732 780 858 815 Μάρθαν·

71 823 125 858 ἦτοι
139 823 259 858 ἐπείπερ
282 823 443 855 ἐξάκουστον
457 824 553 858 γέγονε
564 824 595 851 τὸ
611 824 702 860 θαῦμα
717 827 746 851 ὲν
765 827 797 862 τῇ
815 827 860 852 Ἰε-

74 869 204 905 ρουσαλὴμ
229 869 309 904 παρὰ
328 870 394 896 πᾶσι
417 871 463 897 καὶ
484 871 513 897 ἐν
531 872 564 906 τῇ
587 871 749 906 περιχώρῳ,
769 872 859 907 τίθησι

70 917 114 950 τὴν
127 916 225 947 αἰτίαν,
240 915 283 942 ὅτι
307 916 410 943 πολλῶν
429 916 512 943 ὄντων
525 917 599 949 ἐκεῖ,
614 918 727 949 εἰκότως
738 919 860 945 ἁπαντα-

71 962 127 995 χόσε
139 961 245 996 διεδόθη
261 962 275 988 ὀ
292 962 380 996 λόγος’
395 962 448 988 τῶν
472 961 522 996 μὲν
540 962 742 997 θαυμαζόντων,
760 964 814 990 τῶν
830 964 859 990 δὲ

71 1006 109 1032 διὰ
125 1002 220 1039 φθόνον
239 1007 394 1034 λαλούντων
405 1008 436 1034 τὸ
458 1009 579 1042 γεγονὸς,
597 1009 665 1044 πρὸς
685 1009 716 1035 τὸ
731 1009 858 1045 διαϐολὴν

72 1054 174 1088 ποιῆσαι
188 1053 227 1088 τῷ
237 1054 362 1088 θαύματι
374 1054 418 1081 διὰ
429 1054 689 1090 ψευδοκατηγορίας.

110 1139 142 1166 Ἦ
157 1137 214 1166 οὖν
231 1138 338 1173 Μάρθα
358 1139 397 1171 ὡς
413 1139 547 1172 ἤκουσεν
569 1139 614 1165 ὅτι
639 1139 757 1173 Ἰησοῦς
775 1140 857 1174 ἔρχε-

71 1195 122 1217 ται,
139 1185 320 1220 ὑπήντησεν
333 1184 421 1217 αὐτῷ·
431 1185 529 1220 Μαρία
542 1184 577 1218 δὲ
591 1185 625 1211 ἐν
635 1185 675 1218 τῷ
686 1186 756 1219 οἴκῳ
769 1187 857 1213 ἐκαθ-

71 1232 152 1263 ἐζετο.

102 1278 174 1312 Τάχα
189 1277 218 1303 δὲ
237 1276 391 1312 θερμοτέρα
407 1276 456 1311 μὲν
473 1277 489 1311 ἡ
504 1275 605 1312 Μάρθα
617 1276 686 1313 πρὸς
699 1277 730 1303 τὸ
744 1278 855 1313 ποιῆσαι

71 1324 102 1351 τὰ
118 1323 225 1350 δέοντα·
252 1323 296 1350 διὸ
312 1323 359 1349 καὶ
383 1322 476 1358 πρώτη
499 1323 636 1358 ὑπήντησε
650 1332 656 1337 ·
683 1324 855 1358 συνετωτερα

70 1371 96 1397 δὲ
108 1371 124 1405 ἡ
137 1369 228 1405 Μαρία
243 1378 250 1384 ·
279 1369 320 1395 διὸ
340 1369 377 1400 ὡς
390 1368 625 1404 αἰσθητικωτέραν
644 1359 742 1403 ἔχουσα
754 1369 852 1404 ψυχὴν,

71 1414 168 1449 ἔμεινεν
190 1414 277 1446 οἴκοι,
301 1414 351 1444 τὰς
373 1414 404 1439 ἐκ
429 1413 483 1439 τῶν
507 1413 760 1448 παραμυθουμένων
777 1414 853 1449 δεχο-

73 1461 133 1496 μένη
165 1459 324 1495 θεραπείας.
359 1460 392 1485 Ἡ
422 1459 450 1485 δὲ
483 1459 582 1494 Μάρθα
612 1459 649 1490 ὡς
683 1460 854 1495 ἁπλουστέρα

71 1506 174 1541 έδραμε,
193 1505 334 1541 μεθύουσα
350 1505 398 1536 μὲν
415 1504 453 1540 τῷ
469 1504 567 1538 πάθει,
593 1505 713 1540 φέρουσα
731 1506 759 1532 δὲ
779 1505 853 1541 ὅμως

73 1552 205 1583 νεανικῶς.

101 1599 194 1631 Κύριε,
214 1599 241 1624 ει
261 1595 300 1632 ἧς
325 1594 398 1628 ὧδε,
427 1598 482 1624 οὐκ
508 1597 546 1623 ἂν
558 1595 707 1623 ἀπέθανεν
725 1598 741 1623 ὁ
763 1596 852 1624 ἀδελ-

73 1643 122 1676 φός
131 1652 199 1677 μου.

106 1691 135 1715 ὐ
148 1689 218 1723 λέγει
233 1690 250 1725 ἡ
264 1689 379 1725 Μάρθα,
398 1688 518 1715 τοιοῦτόν
534 1689 607 1715 ἐστιν
620 1696 627 1702 '
650 1689 687 1715 Οὐ
701 1688 744 1715 διὰ
762 1688 849 1720 τοῦθ-ο,

73 1735 156 1768 φησιν,
179 1735 314 1761 ἀπέθανεν
340 1734 354 1760 ὁ
379 1733 492 1768 ἁδελφός
519 1741 580 1767 μου,
604 1733 645 1759 ὃτι
671 1733 810 1759 ὑπόκειται
838 1734 850 1768 ἡ

73 1779 203 1814 ἀνθρώπου
218 1780 303 1814 φύσις
323 1779 360 1814 τῷ
374 1770 501 1813 θανάτῳ,’
517 1778 573 1805 ἀλλ’
591 1778 632 1804 ὃτι
647 1778 680 1804 σὺ
699 1779 728 1804 οὺ
749 1778 849 1814 παρῆς,

72 1827 85 1851 ὁ
96 1825 137 1852 τὸν
152 1825 265 1852 Θάνατον
279 1825 388 1859 νικῆσαι
401 1824 548 1859 δυνάμενος
558 1823 602 1850 διὰ
616 1823 661 1850 τοῦ
675 1823 852 1859 προστάγμα-

72 1880 121 1903 τος.
136 1872 200 1898 Ὑπὸ
215 1871 244 1898 δὲ
255 1872 307 1905 τῆς
325 1870 413 1904 λύπης
425 1869 477 1903 ἔξω
489 1869 536 1895 τοῦ
548 1870 731 1905 προσήκοντος
742 1870 850 1896 πλανω-

74 1918 145 1953 μένη,
161 1917 269 1952 ἐνόμιζε
292 1916 391 1951 μηκέτι
412 1914 540 1941 δύνασθαί
561 1923 587 1940 τι
605 1915 716 1949 ποιῆσαι
734 1915 779 1941 τὸν
792 1914 849 1941 Κύ-

74 1971 123 1997 ριον
135 1971 142 1978 '
161 1963 198 1994 ὡς
216 1961 442 1998 παραδᾷαμόντος
456 1960 502 1986 τοῦ
513 1959 620 1996 καιροῦ,
634 1961 679 1987 καὶ
690 1959 756 1995 ᾤετο
769 1961 850 1987 αὑτὸν

74 2008 290 2043 παραγεγονέναι,
305 2007 355 2033 οὐκ
368 2006 415 2032 ἐπὶ
425 2006 463 2041 τῷ
475 2006 625 2041 ἀναστῆσαι
642 2004 776 2040 Λάζαρον,
792 2005 848 2032 ἀλλ’

73 2053 111 2080 ἵνα
129 2054 356 2089 παραμυθήσηται
381 2052 476 2083 αὑτάς.
501 2052 607 2087 Ὴρέμα
629 2051 682 2086 γὰρ
705 2050 779 2086 αὺτῷ
803 2052 850 2078 καὶ¹

74 2100 252 2133 ὑπομέμφεται
268 2097 440 2133 βραδύναντι,
457 2097 504 2123 καὶ
520 2097 556 2132 μὴ
571 2096 651 2128 εὐθὺς
667 2096 770 2123 ἐλθόντι
786 2097 849 2124 ὅταν

73 2144 176 2178 ἠδύνατο
191 2144 310 2179 βοηθεῖν,
327 2143 371 2169 ὅτε
388 2142 550 2169 ἀπέστειλαν
563 2141 689 2176 λέγουσαι
702 2150 708 2156 ·
734 2142 847 2177 «Κύριε,

74 2189 107 2216 ἴδε
114 2190 140 2217 ὃν
148 2190 240 2224 φιλεῖς,
251 2188 371 2215 ἀσθενεῖ.
386 2198 395 2213 ι
409 2188 444 2213 Τὺ
452 2188 480 2214 δὲ
489 2187 587 2222 λέγειν,
605 2196 614 2213 ι
629 2188 698 2214 Ὅσα
705 2187 738 2214 ἂν
748 2189 849 2224 αἰτήσῃ

913 278 958 311 qui
976 277 1084 312 lapsum
1103 278 1210 312 erigere
1228 278 1329 311 possit.

946 322 991 354 XI,
1012 323 1054 350 18.
1073 322 1138 348 Εναι
1152 327 1238 349 autem
1257 323 1389 349 Bel/lania
1405 324 1508 351 distans
1521 325 1552 351 ab
1571 324 1701 354 Hieroso-

912 368 989 403 lymis
1006 368 1153 402 quindecim
1169 368 1270 395 studia.

946 413 1094 448 Propterea
1110 414 1194 441 etiam
1210 414 1330 449 spatium
1346 414 1452 441 dierum
1468 414 1536 442 dicit
1552 419 1614 450 post
1630 424 1700 443 mor-

912 464 964 486 tem
982 459 1095 492 Lazari,
1113 464 1143 487 ut
1162 460 1249 495 magis
1266 460 1434 495 stupendum
1455 461 1491 489 sit
1515 462 1698 497 miraculum;

911 512 961 532 nec
974 505 1119 540 quisquam
1135 505 1206 532 forte
1215 506 1306 538 dicat,
1320 511 1379 540 post
1394 515 1477 534 unum
1491 507 1562 535 diem
1578 510 1697 542 venisse,

911 558 961 577 nec
978 550 1062 578 fuisse
1077 554 1226 583 mortuum,
1237 552 1283 579 sed
1299 552 1432 579 duntaxat
1447 553 1620 587 languentem
1636 562 1699 581 sus-

911 597 1021 623 citasse.
1039 597 1083 622 Ait
1116 602 1206 624 autem
1223 598 1323 624 nntltos
1340 598 1365 625 in
1390 598 1522 626 Bethania
1543 599 1631 627 fuisse
1650 600 1698 627 Ju-

912 642 986 669 daaos
1002 644 1048 676 qui
1065 643 1099 669 ab
1114 642 1267 670 Jerusalem
1287 644 1476 672 advenenant:
1496 646 1599 680 alioqui
1623 647 1697 673 cnim

912 688 988 715 locus
1012 689 1058 715 ille
1078 696 1131 715 non
1160 689 1308 716 admodum
1322 691 1479 719 hominibus
1491 692 1630 727 frequens,
1647 701 1697 720 nec

911 741 1009 768 magna
1022 734 1105 761 etiam
1122 738 1183 761 erat
1197 735 1373 770 intercapedo
1387 744 1418 763 ac
1432 737 1562 764 distantia
1576 747 1636 773 qua:
1649 740 1698 766 im-

912 779 1018 813 pediret
1035 780 1182 815 quominus
1214 781 1296 807 amici
1315 782 1346 808 ad
1365 781 1501 809 Martinam
1519 786 1695 818 accederent;

912 825 953 858 vel
970 825 1099 859 quoniam
1117 831 1278 860 pervaserat
1296 826 1368 853 fama
1384 827 1509 854 miraculi
1527 836 1635 855 omnem
1650 830 1697 856 Je-

912 871 1030 898 rusalem
1056 876 1083 898 et
1114 872 1343 907 circumjacentia
1366 873 1443 906 loca;
1467 874 1545 908 ponit
1566 882 1694 908 causam,

910 917 983 951 quod
1001 917 1094 944 multis
1125 917 1162 945 ibi
1185 918 1381 946 exsistentibus
1404 919 1585 954 undequaque
1605 921 1696 948 disse—

910 963 1031 990 minatus
1058 967 1099 990 est
1129 971 1245 990 sermo:
1275 964 1336 991 aliis
1364 964 1476 999 quidem
1506 965 1694 998 mirantibus,

908 1008 987 1043 681
1007 1009 1070 1037 aliis
1088 1017 1153 1036 vero
1172 1017 1221 1044 per
1238 1009 1370 1036 invidiam
1384 1010 1485 1036 factum
1498 1010 1693 1043 referentibus,

909 1059 938 1081 ut
960 1063 1008 1089 per
1034 1055 1117 1082 falsas
1148 1056 1341 1082 accusationes
1369 1056 1502 1083 miraculo
1527 1057 1693 1084 calumniam

908 1100 1077 1135 allingerent.

943 1144 1042 1176 XLQO.
1064 1145 1172 1173 Martha
1187 1146 1266 1182 igitur
1282 1151 1310 1172 ιιι
1321 1147 1423 1174 audivit
1439 1147 1508 1181 quod
1519 1147 1598 1175 Iesus
1614 1148 1693 1182 venit,

907 1192 1020 1218 urcurrit
1037 1192 1093 1223 illi;
1108 1191 1198 1219 Mariti
1218 1201 1276 1219 vero
1293 1192 1364 1219 domi
1376 1192 1492 1219 sedc-bat.

942 1234 1048 1262 Martha
1069 1236 1179 1270 quidem
1202 1237 1345 1271 aliquanto
1368 1237 1517 1264 ferventior
1540 1239 1574 1264 ad
1597 1246 1693 1266 ncces-

905 1282 978 1308 saria
993 1282 1136 1314 obeunda,
1154 1283 1215 1310 idco
1231 1283 1318 1318 prima
1335 1284 1362 1310 in
1378 1291 1524 1310 occursum
1543 1285 1632 1318 venit;
1652 1286 1693 1312 in-

906 1323 1072 1362 telligentidr
1089 1333 1182 1355 autem
1199 1328 1283 1355 Maria
1295 1348 1302 1360 ,
1320 1329 1481 1364 habensque
1496 1331 1615 1357 animam
1631 1338 1692 1357 ma-
1743 1362 1747 1366 χ

903 1372 974 1406 joris
988 1381 1085 1400 sensus
1113 1381 1239 1408 capacem
1251 1396 1258 1407 ,
1274 1374 1347 1401 domi
1364 1376 1466 1402 mansit
1481 1376 1515 1402 ad
1530 1376 1692 1410 excipienda

886 1417 1126 1444 .consolationum
1151 1418 1248 1445 cilicia.
1273 1418 1378 1445 Martha
1397 1427 1462 1446 vero
1487 1425 1516 1445 ut
1539 1420 1692 1454 simplicior

905 1463 1044 1495 cucurrit,
1062 1464 1138 1490 ebria
1157 1464 1267 1499 quidem
1285 1469 1312 1492 et
1329 1465 1445 1493 confusa
1468 1466 1561 1504 luctq.
1583 1467 1631 1494 sed
1652 1471 1692 1493 ta-

904 1513 966 1533 men
983 1506 1073 1534 l'erens
1089 1507 1207 1535 fortiter.

941 1594 986 1626 ΧΙ,
1004 1595 1048 1622 21.
1069 1595 1177 1623 Domine
1187 1618 1194 1630 ,
1209 1598 1232 1625 si
1245 1598 1286 1624 hic
1299 1598 1405 1633 fuisses,
1420 1608 1472 1627 non
1490 1606 1609 1629 mortuus
1623 1608 1690 1629 esset

907 1640 990 1668 frater
1005 1649 1087 1668 meus.

941 1685 1018 1718 Quod
1033 1686 1099 1714 dicit
1114 1687 1219 1715 Martha
1232 1689 1368 1724 ejusmodi
1385 1694 1424 1717 est
1441 1700 1446 1717 :
1463 1690 1522 1718 Non
1539 1692 1600 1718 idco
1612 1713 1619 1723 ,
1637 1694 1689 1725 ait,

907 1734 1034 1758 mortuus
1061 1736 1104 1758 est
1128 1731 1213 1759 frater
1233 1741 1327 1766 meus,
1354 1733 1418 1768 quia
1446 1738 1543 1761 natura
1568 1734 1689 1762 hominis

906 1777 986 1803 morti
997 1777 1182 1812 subjacet,sed
1198 1779 1262 1813 quia
1273 1782 1301 1805 tu
1318 1787 1372 1806 non
1388 1779 1551 1815 aderas,qui
1568 1781 1626 1808 solo
1638 1781 1690 1807 im-

905 1823 982 1857 perio
998 1829 1112 1850 mortem
1129 1825 1237 1851 vincere
1251 1828 1340 1858 potes.
1357 1824 1415 1852 Prae
1431 1826 1524 1853 dolore
1535 1833 1599 1853 vero
1611 1830 1689 1854 extra

906 1871 1022 1898 rationis
1037 1871 1104 1898 lines
1118 1874 1229 1904 evagata
1242 1870 1380 1897 existimat
1395 1871 1463 1897 nihil
1485 1872 1602 1906 amplius
1620 1880 1689 1907 prae-

905 1922 980 1944 stare
996 1925 1079 1952 posse
1096 1916 1241 1943 Dominum
1252 1936 1259 1949 ,
1278 1921 1408 1951 tanquam
1421 1917 1514 1951 elapsa
1527 1918 1687 1951 occasione.

904 1963 1070 1998 pulabatque
1085 1963 1176 1997 ipsum
1192 1962 1304 1990 venisse
1318 1970 1372 1989 non
1388 1963 1421 1990 ad
1435 1964 1622 1991 Suscitandum
1636 1965 1688 1991 La-

904 2016 1016 2040 zarum,
1033 2008 1080 2035 sed
1100 2007 1134 2034 ad
1157 2007 1231 2043 ipsas
1252 2008 1446 2034 consolandas.
1474 2008 1507 2034 Et
1531 2009 1612 2037 tacite
1627 2011 1689 2044 qui-

903 2054 963 2081 dem
976 2054 1000 2081 ei
1015 2056 1160 2082 succenset
1174 2058 1305 2087 tanquam
1323 2053 1437 2079 nimium
1454 2058 1571 2085 morato,
1589 2061 1616 2081 et
1632 2063 1688 2082 non

903 2101 996 2128 statim
1013 2099 1138 2134 profecto
1153 2106 1216 2126 cum
1235 2099 1364 2125 auxiliari
1383 2102 1517 2134 potestate
1529 2119 1537 2131 ,
1554 2108 1616 2127 cum
1636 2102 1687 2128 mi—

902 2148 997 2173 serant
1023 2145 1058 2172 ad
1085 2152 1148 2171 eum
1176 2143 1319 2171 dicentes:
1343 2153 1351 2168 ι
1368 2143 1498 2175 Domine,
1516 2151 1579 2170 ecce
1604 2151 1685 2178 quem

902 2198 978 2219 amas
993 2191 1116 2225 languet.
1134 2199 1143 2216 ι
1158 2189 1253 2216 Dicere
1264 2196 1337 2220 vero,
1351 2198 1360 2214 ι
1372 2189 1686 2224 Quidquid-poposceris

73 2235 113 2262 τὸν
131 2235 203 2266 Θεὸν,
227 2235 310 2261 δώσει
326 2243 376 2266 σοι,
394 2243 403 2259 ι
426 2233 634 2269 ὐπερυθριώσης
648 2233 707 2260 ἐστὶ
724 2234 848 2269 φανερῶς

909 2237 1000 2268 Deum.
1010 2236 1098 2268 dabit,
1109 2244 1118 2261 ›
1131 2235 1322 2263 erubescentis
1339 2238 1381 2261 est
1396 2239 1487 2268 petere
1502 2237 1596 2269 aperte
1611 2235 1684 2268 quod

73 2281 172 2316 αἰτῆσαι
188 2281 202 2307 ὃ
221 2280 362 2316 βούλεται·
387 2280 461 2314 ὅμως
479 2279 624 2313 σφάλλεται
640 2279 704 2314 περὶ
716 2279 765 2314 τὴν
782 2280 849 2315 ἁλή-

74 2327 150 2360 θειαν,
171 2328 218 2362 οὐχ
242 2327 279 2358 ὡς
305 2326 364 2360 Θεῷ
384 2325 571 2360 διαλεγομένη,
596 2324 652 2351 ἀλλ’
678 2324 715 2356 ὼς
737 2325 776 2351 ἑνὶ
797 2324 849 2352 τῶν

73 2373 159 2406 ἁγίων,
179 2373 222 2400 διὰ
237 2373 286 2408 τὴν
300 2372 441 2407 ὁρωμένην
453 2371 553 2405 σάρκα,
565 2370 674 2405 οἰομένη
690 2371 730 2396 ὅτι
748 2370 797 2396 ὅσα
815 2370 849 2396 ἂν

74 2420 162 2455 αἰτήσῃ
185 2419 221 2451 ὡς
236 2420 324 2453 ἅγιος,
340 2418 471 2452 λαμϐάνει
484 2417 537 2443 ἀπὸ
555 2416 633 2449 Θεοῦ,
655 2415 685 2443 οὐ
702 2417 750 2451 μὲν
763 2416 848 2442 εἰδυῖα

74 2468 109 2493 ὅτι
126 2467 202 2501 φύσει
216 2466 282 2497 Θεὸς
296 2466 333 2492 ὢν
350 2466 396 2492 καὶ
409 2464 523 2498 δύναμις
537 2463 584 2490 τοῦ
603 2463 720 2499 Πατρὺς,
742 2463 848 2497 ἄμαχον

74 2512 123 2547 εχει
135 2512 180 2548 τὴν
194 2513 240 2539 ἐπὶ
252 2512 335 2538 πᾶσιν
351 2511 437 2545 ἰσχύν.
462 2509 493 2536 Εἰ
508 2510 565 2545 ᾔδει
588 2509 642 2544 γὰρ
666 2509 707 2536 ὃτι
723 2508 788 2540 Θεὸς
802 2507 847 2544 ἦν,

75 2559 118 2584 οὐκ
127 2558 156 2584 ἂν
168 2556 254 2590 εἶπεν,
268 2558 308 2584 ὅτι
323 2567 331 2583 ι
343 2557 374 2583 Εἰ
389 2554 422 2591 ἧς
437 2552 497 2582 ὧδε·
515 2565 522 2581 ι
535 2557 548 2582 ὁ
564 2554 618 2590 γὰρ
631 2554 697 2586 Θεὸς
709 2553 845 2588 πανταχοῦ

75 2605 149 2630 ἐστιν.
169 2604 197 2630 '0
215 2604 306 2638 μέντοι
329 2602 440 2638 Κύριος,
464 2601 508 2628 διὰ
532 2601 562 2627 τὺ
584 2600 780 2634 ἁφιλόκομπον,
797 2600 847 2625 οὐκ

75 2646 311 2685 εἰπεν,Ὲγερῶτὺν
317 2648 429 2681 ἀδελφόν
436 2655 493 2678 σου,
506 2647 583 2678 ἀλλὰ,
596 2655 605 2672 ι
623 2646 843 2681 Ἀναστήσεταιί

77 2696 203 2730 μονονουχὶ
212 2696 304 2730 ἠρέμα
317 2694 401 2728 αὐτὴν
413 2693 542 2728 ἐλέγχων,
550 2693 596 2718 καὶ
608 2692 706 2726 λέγων’
723 2691 845 2718 Ἀνίστα-

77 2746 114 2765 ται
126 2740 171 2774 μὲν
186 2739 275 2770 καθὼς
292 2738 389 2774 βούλει,
406 2737 482 2773 πλὴν,
497 2737 544 2772 οὐχ
560 2737 597 2768 ὡς
615 2737 647 2763 σὺ
660 2736 791 2771 νομίζεις.
813 2736 845 2763 El

72 2785 124 2822 γὰρ
133 2785 179 2813 οἴει
197 2785 230 2812 δι’
244 2786 325 2820 εὐχῆς
343 2785 388 2810 καὶ
407 2784 540 2819 αἰτήσεως
558 2782 636 2809 τοῦτο
653 2782 791 2814 ἀνύεσθαι,
813 2782 844 2808 σὺ

79 2831 140 2857 ποίει
152 2832 181 2858 τὸ
199 2832 246 2866 τῆς
261 2831 353 2866 εὐχῆς,
375 2830 411 2865 μὴ
431 2829 482 2866 μὴν
501 2830 563 2864 ἐμοὶ
579 2829 706 2855 ἐπίταττε
727 2828 765 2863 τῷ
781 2827 846 2854 θαυ-

80 2877 220 2912 ματουργῷ,
238 2877 266 2908 ὃς
286 2876 400 2910 δύναμαι
414 2877 446 2911 τῇ
468 2876 520 2911 ἰδία
546 2875 617 2910 lxx-3i
637 2874 786 2909 ἀναστῆσαι
800 2874 845 2900 τὸν

901 2283 986 2309 velit:
1015 2285 1106 2308 tamen
1132 2281 1243 2307 aberrat
1270 2287 1284 2306 a
1314 2280 1449 2312 veritate,
1474 2287 1529 2306 non
1553 2283 1684 2314 tanquam

902 2327 1004 2359 Deum,
1023 2326 1070 2354 sed
1097 2330 1227 2360 tanquam
1255 2333 1338 2352 unum
1362 2330 1519 2352 sanctorum
1541 2325 1685 2359 alloquens

901 2375 1014 2406 propter
1038 2378 1149 2397 carnem
1162 2377 1245 2404 quam
1269 2369 1392 2401 videbat,
1414 2373 1472 2396 rata
1488 2370 1620 2404 quidquid
1637 2378 1685 2404 pe-

901 2420 970 2442 teret
985 2419 1014 2442 ut
1030 2420 1162 2450 sanctus,
1181 2422 1196 2441 a
1215 2414 1271 2441 Deo
1286 2419 1461 2449 accepturum
1477 2423 1556 2448 esse,
1573 2415 1684 2443 minimc.

900 2461 1009 2495 quidem
1026 2468 1113 2496 gnara
1130 2460 1214 2487 Deum
1231 2465 1329 2487 natura
1345 2468 1406 2487 esse
1427 2465 1454 2487 et
1472 2461 1561 2488 Patris
1588 2466 1685 2496 poten-

900 2507 982 2538 tiam,
1009 2507 1168 2542 invictaque
1193 2505 1220 2532 in
1243 2505 1372 2533 omnibus
1389 2506 1412 2532 vi
1430 2506 1541 2540 pollere.
1566 2506 1595 2533 Si
1611 2507 1683 2533 enim

876 2557 881 2582 ‘.
900 2552 1026 2580 scivisset
1041 2551 1124 2579 Deum
1139 2560 1215 2582 esse.
1229 2559 1284 2578 non
1297 2551 1414 2578 dixisset
1425 2560 1431 2577 :
1443 2551 1487 2578 cSi
1499 2551 1544 2578 hic
1554 2551 1681 2582 fuisses,»

899 2598 972 2626 Deus
986 2599 1058 2626 enim
1083 2598 1183 2632 ubique
1199 2601 1251 2625 est.
1268 2598 1415 2624 Enimvero
1432 2596 1574 2628 Dominus,
1591 2602 1619 2623 ut
1635 2598 1682 2631 qui

898 2645 974 2671 omni
988 2644 1122 2678 jactantia
1138 2646 1262 2675 careret,
1280 2650 1335 2670 non
1357 2642 1444 2669 dixit:
1461 2641 1608 2670 Suscitabo
1626 2642 1682 2669 fra-

898 2694 968 2716 trem
984 2693 1061 2715 tuum
1076 2696 1083 2720 ;
1107 2688 1154 2715 sed
1171 2697 1179 2714 ι
1193 2687 1328 2723 Resurget
1341 2707 1348 2719 ,
1365 2696 1374 2712 ι
1391 2687 1587 2722 propemodum
1608 2687 1680 2714 illam

898 2735 926 2762 in
942 2734 1052 2762 occulto
1068 2733 1244 2769 redarguens.
1258 2738 1286 2760 et
1299 2733 1394 2760 dicens
1406 2742 1412 2760 :
1424 2732 1555 2767 Resurgit
1570 2732 1681 2767 quidem

896 2779 1126 2815 quemadmodum
1142 2780 1200 2812 vis,
1218 2779 1264 2806 sed
1279 2786 1333 2806 non
1347 2778 1574 2813 quemadmodum
1588 2782 1680 2812 putas.

898 2827 927 2855 Si
945 2828 1018 2856 enim
1031 2827 1121 2856 credis
1139 2835 1187 2862 per
1201 2834 1297 2862 preces
1310 2830 1337 2853 et
1354 2825 1509 2861 rogationes
1526 2823 1552 2850 id
1571 2822 1678 2858 perlici,

897 2878 925 2900 tu
950 2881 1028 2901 sume
1051 2873 1100 2900 libi
1123 2877 1215 2907 partes
1233 2871 1348 2904 orandi,
1374 2879 1408 2898 ne
1427 2877 1492 2897 vero
1517 2869 1582 2895 ιιιὶὲιί
1609 2874 1679 2903 prm-
