1906 3037
211 176 248 202 n
727 175 754 201 S.
776 173 912 201 CYl‘iILIJ
933 172 1166 200 ALE\'ANI)RINI
1185 171 1342 199 ARCIILEI’.
1817 163 1853 195 iis

213 233 305 260 scribe
317 232 512 260 miraculorum
526 232 640 264 factori,
657 233 702 267 qui
721 240 833 266 possum
853 232 961 266 propria
982 232 1004 258 \i

1064 232 1163 267 νεκρόν.
1178 230 1270 257 Ταῦτα
1285 230 1424 257 ἀκούσασα
1475 230 1552 264 γυνὴ,
1577 229 1622 255 καὶ
1638 229 1784 264 αἰδουμένη
1803 228 1854 263 μὲν

217 283 354 306 mortuum
377 279 524 305 suscitare.
545 277 608 305 Haec
623 285 683 304 eum
700 277 835 304 audiissct
852 277 960 308 mulier,
977 281 1004 304 et

215 324 302 350 verita
324 323 531 351 (licerez‘Nune
553 323 642 358 ipsum
664 323 780 355 suscita,
795 314 1003 357 quodammodo

218 370 336 397 incitans
353 377 416 397 eum
438 369 471 396 ad
489 376 546 396 rem
564 368 774 403 aggrediendam
793 367 1005 403 perficiendam-

216 422 269 449 que
287 415 394 442 videtur
411 413 517 441 tristari
533 413 615 448 682
632 413 670 440 ob
688 412 918 448 longinquitatem
936 417 1004 440 tem-

217 460 311 494 poris,
330 460 477 495 inquiens:
495 468 503 485 ι
520 458 584 489 Seio
606 459 678 492 quod
704 463 833 494 resurget
858 459 885 485 in
907 459 1003 485 ultima

215 506 276 538 die,
294 515 303 531 ι
317 506 363 533 sed
379 508 572 539 aute‘tempus
587 511 715 539 cuperem
730 503 824 531 videre
840 504 933 530 fratris
951 504 1004 530 mei

216 551 458 580 resurrectionem.
481 550 552 578 ‘Sive
573 559 636 578 cum
659 550 792 578 Dominus
806 550 924 578 dixisset
940 550 1002 583 hoc,

219 598 370 632 .ﬂesurgct
389 597 471 624 frater
486 601 578 630 tuus,i
592 601 696 628 tantum
707 604 763 623 non
777 597 927 624 assentitur
938 596 1004 623 huic

211 643 334 678 'dogmati
353 642 462 675 mulier,
481 642 594 670 dicens:
612 643 676 669 Scio
692 642 754 674 hoc,
771 642 857 669 credo
869 642 941 677 quod
960 649 1005 669 ve-

217 690 273 717 m'et
288 690 367 721 hora,
381 693 408 716 et
423 689 600 724 egredientur
614 688 661 724 qui
675 689 746 715 bona
763 688 900 721 fecerunt,
912 687 944 715 ad
962 695 1005 715 re-

215 736 416 763 surrectionem
439 736 516 766 vitae,
539 736 585 770 qui
611 743 676 762 vero
703 735 777 762 mala
797 739 1003 770 perpetrarunt,

216 782 250 809 ad
269 782 501 810 resurrectionem
516 781 614 816 judicii
630 782 663 809 ".
679 781 817 808 Similiter
833 785 860 808 et
874 780 960 809 Isaias
977 781 1003 808 in

216 828 319 864 Spiritu
336 828 405 855 dixit
421 837 427 855 :
448 837 456 853 ι
472 827 628 862 Resurgent
645 827 791 860 mortui,et
808 827 1006 854 excitabuntur

215 876 261 910 qui
274 879 337 902 sunt
347 875 372 902 in
386 876 572 903 monumentis
582 875 629 902 ³⁸.»
638 873 696 902 Non
708 875 780 902 enim
792 875 1004 902 resurrectionis

215 921 335 949 sermoni
354 921 432 948 fidem
449 928 504 948 non
521 921 608 948 habeo
619 942 626 954 ,
644 921 728 948 veluti
744 920 901 949 Sadduczei.

249 966 302 1000 XI,
324 968 370 995 25.
399 967 472 994 Dixit
494 967 517 994 ei
535 967 632 994 Iesus:
649 966 704 1002 Ego
727 975 785 994 sum
806 968 966 994 resurrectio
981 972 1005 993 ct

215 1015 278 1046 rita,
295 1018 350 1042 etc.

249 1060 367 1088 Prorsus
381 1060 560 1087 honorarium
574 1063 600 1086 et
616 1058 725 1086 fructus
741 1058 845 1086 lidei'in
861 1059 1003 1086 Christum

215 1111 258 1134 est
274 1107 330 1134 vita
349 1106 517 1140 sempiterna
528 1127 534 1136 .
550 1111 577 1132 et
591 1113 645 1132 non
664 1106 744 1132 aliter
759 1105 811 1133 hoc
827 1105 938 1132 advenit
953 1105 1003 1132 lio-

215 1153 299 1180 minis
316 1152 425 1179 animm.
441 1151 469 1178 Si
483 1151 555 1178 enim
572 1155 682 1186 propter
695 1151 837 1178 Christum
852 1158 948 1178 omnes
962 1159 1005 1178 re-

215 1199 371 1234 surgimus,
387 1198 445 1224 haec
461 1197 585 1232 profecto
607 1205 672 1225 vera
699 1198 753 1225 vita
771 1203 813 1225 est
830 1198 890 1225 sine
909 1198 961 1224 line
977 1197 1004 1224 in

215 1245 386 1274 beatitudine
401 1244 493 1270 vivere
507 1252 514 1270 :
531 1244 599 1270 nihil
617 1245 690 1272 enim
706 1243 796 1271 diﬂert
810 1251 825 1270 a
841 1247 946 1274 morte,
961 1251 1005 1270 re-

215 1299 327 1327 surgere
341 1290 473 1316 duutaxat
488 1289 519 1316 ad
535 1288 700 1324 pmnam.'Si
716 1289 802 1324 igitur
816 1289 889 1316 videt
903 1288 1004 1323 aliquis

215 1343 241 1365 et
255 1341 365 1364 sanctos
380 1336 530 1362 morientes
542 1356 549 1368 ,
565 1336 611 1369 qui
629 1335 857 1370 pollicitationem
877 1336 940 1362 vitae
957 1342 1004 1361 ac-

215 1386 364 1418 ceperunt,
384 1381 452 1408 nihil
474 1381 526 1408 hoc
543 1385 587 1408 est
602 1401 609 1413 ,
634 1385 660 1408 ct
684 1385 791 1408 tantum
808 1385 851 1408 est
866 1385 1004 1416 quatenus

215 1427 325 1456 accidit.
342 1427 476 1454 Caeterum
503 1426 602 1453 idoneo
622 1426 739 1460 tempori
763 1425 858 1461 gratia:
881 1425 1004 1453 ostensio

216 1477 382 1506 reservatur,
397 1481 458 1508 quae
477 1481 532 1500 non
554 1472 580 1499 in
596 1472 733 1508 aliquibus
755 1473 882 1508 partibus
899 1472 1003 1506 valeat,

216 1520 262 1547 sed
277 1520 304 1546 in
326 1519 456 1546 omnibus
473 1519 661 1552 continenter,
679 1519 768 1553 iisque
786 1519 832 1553 qui
849 1519 904 1553 jam
923 1522 1004 1545 antea

215 1574 229 1592 e
246 1567 300 1592 vita
316 1565 501 1596 excesserint,
523 1569 632 1599 gustata
650 1565 779 1592 nonnihil
806 1568 895 1592 morte
918 1572 1005 1600 usque

215 1611 248 1638 ad
281 1618 456 1638 communem
487 1609 730 1637 resurrectionem.
763 1609 842 1637 Tunc
871 1611 944 1637 enim
977 1610 1004 1637 in

215 1663 360 1683 eounmme
380 1663 476 1683 omnes
495 1655 576 1683 bonis
595 1655 733 1682 fruentur.
753 1654 821 1682 Cum
842 1663 908 1683 vero
935 1655 1005 1682 dixit

216 1701 368 1729 Servatur:
385 1711 394 1727 ‹
411 1700 439 1728 Si
463 1705 590 1728 mortuus
618 1701 720 1733 fuerit,
736 1701 827 1733 vivet,
845 1711 853 1728 ι
870 1709 924 1728 non
944 1710 1007 1729 sus-

218 1748 281 1775 tulit
308 1756 340 1774 ex
369 1748 420 1774 hoc
439 1747 540 1774 saeculo
563 1751 699 1779 mortem,
722 1746 769 1773 sed
795 1751 910 1774 eatenus
931 1747 1004 1774 illam

217 1800 297 1828 posse
318 1791 451 1819 adversus
471 1792 567 1819 fideles
586 1793 728 1827 permisit,
747 1796 885 1827 quatenus
900 1797 1005 1820 tantum

217 1838 340 1870 accidat,
362 1845 412 1865 suo
428 1838 501 1865 enim
523 1838 640 1871 tempori
656 1838 870 1865 resurrectionis
888 1839 1005 1874 gratiam

218 1883 378 1911 reservavit.
396 1884 440 1913 Ait
460 1890 545 1918 ergo:
562 1881 620 1908 Non
640 1882 694 1909 crit
716 1883 850 1910 immunis
878 1890 892 1909 a
917 1887 1006 1910 morte

216 1930 308 1957 carnis
327 1924 437 1964 propter
456 1928 642 1955 conditionem
668 1928 796 1956 humana:
816 1932 938 1962 naturze,
960 1929 1006 1964 qui

217 1977 244 2003 in
275 1984 317 2003 me
344 1975 453 2008 credit;
480 1979 667 2001 verumtamen
698 1974 766 2001 nihil
791 1973 858 2001 inde
886 1973 1007 2009 patietur

216 2021 327 2053 damni,
344 2020 497 2051 eunuDeus
520 2020 597 2046 nullo
621 2020 731 2054 negotio
755 2019 895 2047 vivificare
919 2021 1007 2055 possit

216 2075 298 2103 quem
315 2067 390 2094 velit.
406 2066 457 2099 Qui
474 2065 546 2093 enim
564 2065 592 2092 in
606 2073 667 2092 eum
683 2066 851 2098 crediderit,
867 2067 894 2093 in
912 2065 1006 2094 futuro

217 2114 318 2142 szeculo
344 2114 428 2140 vitam
455 2112 567 2139 habebit
594 2111 646 2139 [ine
672 2115 812 2139 carentem
837 2111 865 2139 in
889 2112 1007 2140 beatitu-

217 2160 296 2193 dine,
315 2163 343 2186 et
359 2159 437 2194 plena
461 2157 648 2193 perfectaque,
663 2158 853 2192 corruptionis
877 2158 1007 2186 immuni-

217 2211 282 2234 tate.
309 2204 400 2238 Quare
423 2211 505 2231 nemo
533 2204 684 2230 infidelium
709 2203 819 2236 rideat;
850 2212 905 2231 non
931 2205 1006 2232 enim

1055 279 1153 310 εἰπεῖν,
1163 279 1204 304 ὅτι
1216 278 1270 304 Νῦν
1282 277 1363 304 αὑτὸν
1376 276 1539 311 ἁνάστησον,
1551 277 1649 310 τρόπον
1661 276 1688 303 δέ
1701 285 1764 303 τινα
1780 284 1853 311 παρ-

1055 324 1187 356 οξύνουσα
1204 323 1342 354 αὐτὸν-εἰς
1363 323 1393 349 τὸ
1408 323 1519 358 ποιῆσαι
1541 322 1588 349 νῦν
1611 322 1641 348 τὸ
1663 322 1761 357 ἔργον,
1779 322 1854 348 δοκεῖ

1056 378 1114 401 πως
1129 370 1273 405 ἀδημονεῖν
1293 364 1356 404 περὶ
1375 369 1424 404 τὴν
1441 368 1596 404 βραδύτητα
1612 368 1659 394 τοῦ
1675 368 1785 403 χρόνου,
1805 367 1852 394 λέ-

1056 424 1141 450 γουσα
1156 425 1162 431 ·
1184 414 1263 442 ιοῖδα
1275 417 1315 442 ὅτι
1330 416 1513 450 ἀναστήσεται
1524 416 1553 441 ὲν
1564 416 1597 450 τῇ
1613 415 1715 450 ἐσχάτῃ
1728 414 1849 449 ἡμέρᾳ.»

1055 462 1123 489 ἀλλὰ
1139 462 1263 498 πρόωρον
1280 462 1343 488 ἰδεῖν
1368 460 1495 496 ἐπιθυμῶ
1512 461 1561 495 τὴν
1578 459 1625 486 τοῦ
1649 459 1766 495 ἀδελφοῦ
1784 460 1852 486 ἀνά-

1056 517 1158 537 στασιν.
1170 509 1248 535 Ἤτοι
1260 508 1307 534 τοῦ
1321 508 1423 542 Κυρίου
1438 507 1561 538 εἰπόντος
1576 506 1616 539 τὺ,
1630 515 1639 531 ι
1651 507 1851 540 Ἀναστήσεται

1055 556 1069 582 ὁ
1080 555 1192 589 ἀδελφός
1211 563 1267 586 σου,
1282 564 1289 580 ι
1306 554 1448 589 μονονουχὶ
1456 554 1576 580 συναινεῖ
1584 552 1621 587 τῷ
1629 552 1747 588 δόγματι
1763 551 1851 586 τούτῳ

1055 602 1072 637 ἡ
1087 601 1155 636 γυνὴ
1168 600 1284 634 λέγουσα
1299 608 1304 614 ·
1322 598 1387 626 Οἶδα
1402 599 1480 626 τοῦτο
1493 607 1499 613 ·
1514 597 1634 625 πιστεύω
1647 598 1702 633 γὰρ
1717 598 1759 624 ὅτι
1773 597 1851 633 ἔρχε-

1055 655 1098 672 ται
1114 646 1184 682 ὥρα,
1202 645 1249 671 καὶ
1267 645 1451 677 ἐξελεύσονται
1473 645 1498 671 οἱ
1521 644 1555 671 τὰ
1571 644 1662 678 ἀγαθά
1675 645 1849 679 ποιήσαντες,

1056 692 1095 723 εἰς
1109 691 1255 718 ἀνάστασιν
1269 690 1340 726 ζωῆς
1354 698 1360 705 ·
1384 692 1407 717 οἱ
1425 691 1454 717 δὲ
1470 690 1504 717 τὰ
1520 691 1612 724 φαῦλα
1629 690 1794 726 πράξαντες,
1810 690 1850 720 εἰς

1056 739 1204 765 ἀνάστασιν
1230 737 1347 773 κρίσεως
1374 736 1495 772 (ὁμοίως
1521 738 1549 764 δὲ
1573 737 1621 764 καὶ
1643 737 1657 763 ὁ
1679 737 1796 767 Ἡσαΐας
1821 737 1850 762 ἐν

1057 784 1195 818 Πνεύματὶ
1221 782 1314 809 εἶπεν·
1341 793 1350 808 ‹
1371 784 1582 819 Ἀναστήσονται
1609 783 1634 809 οἱ
1664 782 1778 818 νεκροὶ,
1803 782 1850 808 καὶ

1057 830 1251 866 ἐγερθήσονται
1263 830 1287 855 οἱ
1304 830 1331 855 ὲν
1342 830 1397 860 τοῖς
1414 828 1557 864 μνημείοις
1567 837 1573 844 ’
1588 838 1597 854 ι
1609 829 1618 862 )
1629 828 1659 854 οὺ
1677 827 1850 863 γὰρ’ἀπιστῶ

1056 875 1096 911 τῷ
1108 877 1158 911 τῆς
1173 874 1346 906 ἀναστάσεως
1364 874 1446 909 λόγῳ,
1465 874 1502 905 ὡς
1516 874 1540 901 οἱ
1557 873 1741 900 Σαδδουκαῖοι.

1092 968 1185 995 Εἶπεν
1200 966 1277 1001 αὐτῇ
1297 968 1312 994 ό
1331 966 1466 1000 Ἰησοῦς·
1487 965 1560 1000 Ἐγώ
1574 967 1632 1000 εἰμι
1647 965 1666 999 ἡ
1678 965 1850 999 ἀνάστασις

1056 1013 1105 1040 καὶ
1119 1015 1137 1048 ἡ
1151 1013 1205 1046 ζωή
1217 1022 1223 1028 ·
1246 1013 1294 1040 καὶ
1305 1013 1340 1039 τά
1354 1013 1427 1048 ἑξῆς.

1091 1057 1204 1092 Καρπός
1219 1065 1250 1091 γε
1263 1056 1316 1092 μὴν
1331 1057 1377 1082 καὶ
1391 1055 1458 1092 τιμὴ
1471 1056 1521 1091 τῆς
1536 1058 1575 1088 εἰς
1587 1057 1703 1092 Χριστὸν
1717 1058 1848 1089 πίστεως,

1055 1103 1070 1137 ἡ
1090 1102 1197 1133 αἰώνιος
1214 1102 1280 1137 ζωὴ,
1297 1102 1343 1129 καὶ
1356 1103 1406 1128 οὐκ
1433 1102 1519 1133 ἄλλως
1534 1103 1709 1137 προσγίνεται
1723 1103 1804 1130 τοῦτο
1816 1105 1848 1139 τῇ

1055 1148 1101 1174 τοῦ
1126 1148 1269 1183 ἀνθρώπου
1293 1148 1377 1183 ψυχῇ.
1403 1148 1434 1174 Εἰ
1461 1148 1516 1184 γὰρ
1538 1148 1581 1175 διὰ
1606 1149 1723 1184 Χριστὸν
1748 1150 1849 1181 πάντες

1055 1194 1236 1229 ἁνιστάμεθα,
1262 1194 1330 1221 ἀλλά
1348 1194 1404 1230 ζωὴ
1430 1194 1499 1229 αὕτη
1521 1195 1596 1222 ἐστὶν
1613 1195 1725 1230 ἀληθὴς,
1743 1195 1775 1222 τδ
1790 1196 1849 1222 ἀτε-

1055 1241 1191 1276 λευτήτως
1216 1241 1243 1266 ἐν
1263 1241 1443 1275 μακαριότητι
1470 1239 1518 1275 ζῇν
1532 1248 1538 1254 ·
1564 1241 1640 1267 οὐδὲν
1653 1241 1707 1275 γὰρ
1722 1241 1848 1276 διαφέρει

1055 1287 1182 1318 θανάτου,
1195 1286 1225 1313 τὸ
1241 1287 1280 1318 εἰς
1294 1286 1404 1313 κόλασιν
1417 1286 1564 1313 ἀναϐιῶναι
1585 1287 1674 1322 μόνον.
1694 1285 1786 1314 lii-05v
1799 1287 1850 1322 ὁρᾷ

1054 1342 1097 1365 τις
1113 1333 1160 1359 καὶ
1179 1333 1242 1364 τοὺς
1264 1333 1358 1366 ἁγίους
1373 1333 1540 1368 θνήσκοντας
1557 1333 1623 1365 τοὺς
1637 1333 1770 1365 λαδόντας
1785 1334 1848 1361 ὑπο-

1057 1379 1163 1414 σχέσεις
1188 1378 1271 1414 ξωῆς,
1297 1378 1373 1405 οὐδὲν
1397 1378 1488 1405 τοῦτο·
1516 1379 1595 1414 μόνον
1608 1379 1665 1414 γὰρ
1681 1380 1743 1405 ὅσον
1764 1380 1806 1411 εὶς
1820 1380 1849 1405 τὸ

1057 1425 1193 1460 συμϐῆναι
1207 1425 1322 1460 γίνεται.
1343 1425 1438 1461 Καιρῷ
1454 1425 1482 1452 δὲ
1497 1425 1536 1460 τῷ
1551 1425 1682 1460 πρέποντι
1700 1426 1848 1461 τετήρηται

1056 1471 1073 1506 ἡ
1087 1470 1136 1505 τῆς
1154 1470 1265 1505 χάριτος
1288 1470 1429 1502 ἀνάδειξις,
1455 1471 1486 1497 οὐ
1505 1470 1575 1496 κατὰ
1600 1471 1680 1506 μέρος
1706 1470 1847 1505 ἰσχύουσα,

1056 1516 1112 1542 ἀλλ’
1127 1517 1155 1542 ἐν
1170 1517 1237 1542 πᾶσι
1253 1516 1384 1552 διηνεκῶς
1408 1517 1454 1543 καὶ
1476 1517 1532 1548 τοῖς
1548 1517 1597 1552 ἤδη
1614 1517 1849 1552 προαποθανοῦσιν

1057 1563 1144 1597 ἁγίοις
1159 1563 1225 1598 πρὸς
1236 1563 1326 1597 ὀλίγον
1337 1563 1518 1598 γευσαμένοις
1532 1563 1579 1589 τοῦ
1596 1563 1721 1594 θανάτου,
1736 1563 1790 1594 ἕως
1802 1564 1849 1599 τῆς

1057 1610 1149 1645 κοινῆς
1171 1610 1356 1641 ἀναστάσεως.
1382 1609 1448 1635 Τότε
1477 1609 1530 1644 γὰρ
1554 1610 1652 1640 κοινῶς
1677 1610 1779 1641 πάντες
1795 1610 1849 1636 τῶν

1057 1656 1166 1690 ἀγαθῶν
1182 1656 1393 1683 ἀπολαύσουσιν.
1409 1655 1501 1682 Εἰπὼν
1518 1656 1546 1682 δὲ
1559 1657 1573 1682 ὀ
1587 1655 1693 1691 Σωτὴρ,
1707 1656 1748 1682 ὃτι
1765 1665 1775 1681 ‹
1787 1656 1848 1683 Ἐὰν

1056 1700 1190 1737 ἀποθάνῃ,
1208 1701 1347 1736 ζήσεται,»
1364 1702 1413 1727 οὐκ
1427 1700 1514 1727 ἀνεῖλε
1531 1700 1568 1734 τῷ
1583 1701 1630 1727 νῦν
1644 1701 1722 1728 αἰῶνι
1741 1701 1788 1727 τὸν
1801 1701 1849 1727 θά-

1055 1756 1134 1774 νατον
1147 1756 1153 1763 '
1170 1748 1237 1774 ἀλλὰ
1254 1746 1379 1774 τοσοῦτον
1394 1747 1475 1777 αὐτον
1488 1747 1579 1773 δίδωσι
1593 1747 1664 1773 κατὰ
1677 1746 1732 1773 τῶν
1747 1747 1849 1772 πιστῶν

1058 1794 1169 1829 ἰσχύειν,
1189 1795 1250 1821 ὅσον
1268 1795 1306 1826 εἰς
1320 1794 1349 1820 το
1365 1794 1502 1829 συμϐῆναι
1526 1794 1615 1827 μόνονί
1636 1792 1725 1828 καιρῷ
1740 1792 1796 1828 γὰρ
1812 1792 1849 1827 τῷ

1057 1841 1188 1876 πρέποντι
1204 1841 1339 1876 τετήρηκε
1358 1841 1406 1876 τὴν
1419 1840 1466 1875 τῆς
1483 1840 1659 1871 ἀναστάσεως
1677 1840 1767 1874 χάριν.
1778 1839 1849 1874 Φησὶ

1056 1887 1132 1921 γοῦν,
1148 1888 1187 1913 ὅτι
1199 1887 1254 1914 Οὺκ
1267 1888 1380 1922 ἄμοιρος
1393 1886 1468 1913 ἔσται
1485 1886 1531 1913 τοῦ
1542 1887 1591 1921 τῆς
1601 1885 1702 1922 σαρκδς
1718 1885 1846 1916 θανάτου,

1056 1933 1100 1960 διὰ
1116 1933 1165 1968 τὴν
1181 1933 1353 1968 ἀνθρωπίνην
1369 1932 1460 1967 φύσιν,
1476 1933 1490 1959 ὁ
1505 1933 1544 1964 εἰς
1560 1932 1610 1967 ἐμὲ
1627 1932 1773 1963 πιστεύων,
1789 1931 1846 1958 ἀλλ’

1056 1979 1131 2014 ὅμως
1143 1979 1218 2005 οὐδὲν
1238 1979 1269 2005 ὲκ
1285 1979 1382 2005 τούτου
1399 1978 1521 2005 πείσεται
1538 1978 1634 2010 δεινὸν,
1648 1978 1715 2004 Θεοῦ
1730 1978 1847 2012 δυναμέ-

1056 2034 1102 2052 νου
1116 2026 1256 2057 ζωοποιεῖν
1268 2024 1385 2056 εὐκόλως
1399 2024 1428 2051 ὃν
1441 2024 1473 2051 ἂν
1488 2024 1577 2060 ἐθέλῃ.
1600 2024 1628 2051 ’0
1643 2024 1697 2059 γὰρ
1711 2025 1754 2055 είς
1769 2025 1848 2051 αὐτὴν

1057 2071 1216 2104 πιστεύσας,
1241 2072 1269 2097 ὲν
1294 2071 1333 2106 τῷ
1357 2071 1479 2106 μέλλοντι
1505 2071 1583 2097 αἰῶνι
1600 2071 1779 2106 ἀτελεύτητον
1793 2070 1848 2106 ἔχει

1057 2116 1130 2153 ζωὴν
1153 2118 1182 2144 ἐν
1200 2117 1380 2152 μακαριότητι
1402 2117 1449 2143 καὶ
1466 2117 1606 2152 ὁλοκλήρῳ
1633 2117 1783 2152 ἀφθαρσίᾳ.
1804 2117 1848 2142 Διὸ

1058 2164 1094 2199 μή
1108 2172 1149 2196 τις
1163 2164 1270 2197 γελὰτω
1281 2163 1335 2190 τῶν
1350 2163 1480 2190 ἀπίστωψ
1495 2164 1525 2190 οὐ
1542 2163 1593 2198 γὰρ
1609 2161 1684 2189 εἷπεν
1694 2164 1709 2189 ὁ
1721 2163 1847 2198 Χριστος,

1064 2211 1178 2244 ’Δπάρτι
1194 2210 1307 2237 θάνατον
1324 2211 1354 2236 οὐ
1373 2210 1451 2246 μὴ[ν]
1471 2210 1529 2246 ἴδεν
1556 2209 1623 2236 ἀλλὰ
1640 2209 1849 2244 ἀπολελυμένως

217 2251 286 2279 dixit
305 2250 450 2278 Christus:
468 2249 589 2276 Omnino
611 2252 727 2275 mortem
746 2256 801 2275 non
821 2249 935 2282 videbit,
956 2249 1004 2277 sed

1064 2256 1152 2287 εἰπὼν,
1172 2255 1306 2282 «Θάνατον
1320 2255 1350 2281 οὐ
1364 2255 1400 2290 μὴ
1414 2255 1454 2290 ἴδῃ
1472 2256 1511 2286 εἰς
1526 2255 1571 2281 τὸν
1585 2254 1681 2286 αἰῶνα,
1699 2263 1707 2279 ι
1727 2252 1848 2289 περὶτοῦ

217 2296 341 2324 absolute
356 2295 467 2322 locutus
480 2314 487 2327 ,
503 2303 512 2319 ‹
529 2293 642 2320 Mortem
665 2300 721 2320 non
742 2293 848 2321 videbit
871 2294 898 2321 in
915 2302 1004 2321 szeeu-

217 2344 272 2370 lum
284 2363 290 2374 ,
306 2351 315 2368 ι
333 2342 366 2369 de
383 2341 476 2368 futuro
494 2339 595 2368 saeculo
611 2339 680 2366 dixit
693 2359 701 2370 ,
721 2340 748 2366 in
765 2339 831 2366 illud
850 2339 931 2366 linem
948 2348 1005 2368 suae

217 2387 409 2423 promissionis
426 2393 580 2413 reservans.
606 2385 674 2412 Cum
693 2394 758 2413 vero
777 2385 847 2412 dixit
866 2385 978 2413 Marthae
996 2395 1003 2413 :

220 2445 228 2460 ι
243 2434 361 2461 Credis?
373 2443 381 2458 ι
392 2438 521 2467 tanquam
539 2436 653 2460 matrem
668 2437 695 2460 et
709 2432 927 2460 conciliatricem
943 2433 1005 2460 vitae

219 2480 332 2515 requirit
355 2479 417 2506 ﬁdei
441 2477 655 2506 confessionem.
673 2478 720 2505 llla
736 2485 803 2505 vero
820 2482 946 2512 prompte
961 2486 1007 2505 as-

218 2533 300 2554 seusa
318 2529 360 2552 est
375 2528 402 2552 et
417 2529 513 2552 exacte
528 2524 655 2551 confessa
667 2544 675 2556 ,
693 2532 748 2551 non
766 2523 929 2558 simpliciter
946 2531 1008 2551 cre-

218 2573 286 2600 dens
303 2571 375 2606 quod
393 2570 520 2598 Christus
537 2575 611 2599 esset
635 2575 662 2598 et
679 2570 765 2597 Filius
790 2569 847 2596 Dei.
875 2569 1005 2598 Christus

218 2618 291 2645 enim
307 2621 396 2652 potest
410 2616 492 2652 683
508 2624 569 2644 esse
593 2622 620 2644 et
645 2617 777 2651 propheta
789 2635 796 2647 ,
814 2615 879 2650 quia
906 2620 1006 2644 unctus

218 2664 319 2695 fuerit,
335 2663 406 2691 idem
431 2667 458 2690 et
476 2662 570 2697 .Filius
595 2661 712 2696 intelligi
735 2665 838 2696 potest.
866 2659 919 2688 Sed
941 2670 1004 2689 cum

218 2709 335 2737 articulo
362 2709 453 2736 locuta
479 2709 550 2741 hoc,
566 2708 612 2742 qui
641 2707 769 2734 Christus
793 2710 820 2734 et
846 2705 932 2735 Filius
957 2707 1005 2736 Dei

218 2760 276 2788 est,
293 2763 378 2783 unum
395 2759 422 2783 et
441 2755 590 2784 eximium,
612 2753 801 2788 selectumque
822 2757 849 2780 et
873 2760 935 2780 vere
957 2753 1004 2781 Εἰς

219 2801 283 2828 lium
309 2800 437 2828 confessa
460 2803 512 2826 est.
526 2799 556 2825 In
573 2797 672 2824 Filium
695 2798 779 2833 igitur
802 2798 884 2830 fides,
902 2806 955 2826 non
974 2801 1000 2828 in

254 2890 274 2906 ⁸⁷
293 2888 372 2916 Joan.
389 2895 414 2920 v,
432 2886 477 2914 29.
516 2886 538 2902 ³⁸
558 2886 610 2914 lsa.
627 2895 706 2921 xxvi,
723 2888 762 2915 19.

1061 2302 1201 2337 μέλλοντος
1212 2301 1308 2332 αἰῶνος
1321 2299 1406 2332 εἶπεν,
1422 2301 1460 2332 εἰς
1471 2302 1574 2327 ἐκεῖνον
1587 2301 1708 2336 τηρήσας
1721 2300 1751 2326 τὸ
1763 2300 1849 2335 πέρας

1058 2348 1106 2383 τῆς
1120 2347 1301 2382 ὑποσχέσεως.
1319 2347 1409 2373 Εἰπὼν
1421 2347 1448 2373 δὲ
1463 2348 1495 2382 τῇ
1511 2346 1612 2382 Μάρθα
1626 2354 1632 2360 '
1652 2345 1810 2376 ιῐιιστεὺεις
1820 2354 1826 2378 ;
1837 2354 1845 2370 ι

1058 2393 1096 2424 ὡς
1115 2393 1221 2428 μητέρα
1243 2394 1289 2419 καὶ
1305 2393 1434 2428 πρόξενον
1451 2393 1502 2427 τῆς
1517 2393 1589 2428 ζωῆς
1606 2393 1716 2418 ἀπαιτεῖ
1735 2392 1784 2427 τῆς
1807 2392 1848 2417 πί-

1058 2447 1142 2469 στεως
1157 2438 1205 2474 τὴν
1221 2438 1374 2473 ὁμολογίαν.
1397 2439 1430 2464 Ἦ
1457 2439 1484 2465 δὲ
1516 2439 1631 2474 ἑτοίμως
1649 2438 1785 2468 συνέθετο,
1804 2438 1848 2464 καὶ
1867 2459 1871 2470 ι

1057 2483 1179 2517 ἀκριϐῶς
1189 2483 1325 2518 ὁμολογεῖ,
1337 2484 1385 2519 οὐχ
1396 2483 1488 2515 ἁπλῶς
1498 2483 1672 2515 πιστεύουσα,
1682 2483 1723 2509 ὅτι
1732 2483 1848 2518 Χριστός

1056 2529 1114 2554 ἐστι
1131 2527 1178 2554 καὶ
1195 2528 1258 2560 Υἱὸς
1272 2528 1318 2554 τοῦ
1333 2527 1411 2555 Θεοῦ.
1438 2527 1555 2563 Χριστὸς
1569 2527 1623 2562 γὰρ
1643 2527 1755 2554 δύναται
1780 2526 1849 2554 εἶναι

1056 2574 1104 2600 καὶ
1120 2575 1263 2610 προφήτης
1274 2594 1281 2607 ,
1299 2574 1343 2601 διὰ
1357 2574 1386 2601 τὸ
1401 2574 1542 2609 κεκρίσθαι
1556 2583 1562 2589 ·
1582 2575 1596 2601 ὁ
1618 2574 1698 2605 αὐτὸς
1714 2574 1762 2600 καὶ
1786 2574 1849 2604 Υἱὸς

1059 2620 1176 2646 νοεῖσθαι
1191 2620 1312 2649 δύναται.
1327 2620 1407 2647 Ἀλλά
1419 2615 1492 2656 ’μετὰ
1500 2621 1547 2647 τοῦ
1561 2620 1663 2656 ἄρθρου
1675 2620 1804 2652 εἰποῦσα,
1821 2619 1860 2646 ’θ’

1059 2665 1177 2700 Χριστὸς
1192 2666 1205 2692 ὁ
1221 2666 1285 2698 Υἱὸς
1301 2666 1347 2693 τοῦ
1362 2665 1440 2698 Θεοῦ,
1465 2666 1510 2692 τὸν
1524 2665 1572 2692 ἕνα
1586 2667 1633 2692 καὶ
1647 2665 1788 2701 ἐξαίρετον
1803 2666 1849 2692 καὶ

1059 2711 1166 2747 ἀληθῶς
1181 2711 1243 2738 Υὶδν
1257 2712 1441 2748 ὡμολόγησεν.
1455 2713 1504 2744 Εἰς
1517 2712 1562 2739 τὸν
1575 2711 1639 2738 Υὶὸν
1652 2709 1698 2738 οὖν
1713 2712 1730 2747 ἡ
1746 2711 1847 2744 πίστις,

1058 2758 1109 2784 οὐκ
1129 2759 1170 2790 εἰς
1195 2758 1311 2793 ποίημα.
1338 2758 1370 2784 Et
1387 2757 1441 2793 γὰρ
1458 2758 1564 2793 ποίημα
1585 2758 1633 2784 καὶ
1657 2757 1760 2793 κτίσμα
1778 2758 1849 2784 κατά

1059 2812 1133 2835 τινας
1158 2804 1287 2839 ὑπάρχων
1303 2804 1317 2830 ὁ
1334 2804 1408 2838 Υἱὸς,
1425 2804 1570 2836 ἀνάστασίς
1585 2805 1641 2831 ἐστι
1655 2803 1701 2831 καὶ
1726 2803 1794 2839 ζωὴ,
1812 2804 1848 2839 μὴ
