1906 3037
57 161 89 191 49
490 165 523 193 IN
539 165 709 196 JOANNEM,
723 180 758 186 —
775 165 840 194 LIB.
852 166 896 194 VII
916 166 960 194 ET
984 167 1039 196 VIII
1056 168 1277 198 FRAGMENTA.

1650 173 1690 202 50

55 220 239 256 θαυμαζέσθω
254 223 343 250 ταῦτα
358 223 394 250 ὢν
411 224 457 251 καὶ
468 225 482 250 6
495 225 599 260 Πατήρ.
615 225 647 251 Τί
661 225 716 260 γὰρ
729 225 759 251 τὸ
771 226 851 252 πλέον

907 227 1036 256 facturas.
1047 229 1074 256 Si
1085 230 1156 257 enim
1174 231 1280 259 factura
1292 235 1429 264 creatura,
1441 232 1589 260 secundum
1601 239 1683 267 quos-

55 268 82 293 ἐν
95 266 169 302 αὑτῷ
194 269 276 304 παρά
292 270 326 296 τὰ
350 270 507 305 ποιήματα;
533 271 564 298 El
579 272 607 298 δὲ
623 271 676 298 τῶν
690 273 849 307 ποιημάτων

54 313 178 340 τοσοῦτον
193 314 260 342 ὅσον
275 315 353 351 ἴσμεν
368 316 524 352 ἀπῴκισται
539 318 608 344 κατὰ
624 318 669 345 τὸν
681 318 731 353 τῆς
743 318 849 353 φύσεως

55 358 140 392 λᾶγον,
156 360 204 386 καὶ
221 360 271 387 διὰ
287 361 317 388 τὸ
332 359 399 388 εῖναι
415 362 489 398 ζωὴ,
510 363 568 395 πῶς
592 363 625 390 ἂν
648 364 691 399 εἴη
707 365 812 399 ποίημα
834 365 848 391 6

56 405 126 436 Υίὺς.
151 405 210 441 ζωὴ
229 407 280 433 καὶ
294 408 377 440 αὐτὸς
400 409 471 435 κατὰ
494 409 574 444 φύσιν
589 410 730 445 ὑπάρχων,
753 411 847 446 ὥσπερ

45 449 99 489 οἷον
113 451 160 478 καὶ
173 453 187 478 6
202 453 342 488 γεννήσας
356 454 453 488 αὐτόνς
480 455 540 490 Ζωὴ
564 456 592 482 δὲ
612 457 682 487 ὅλως
695 457 748 483 τῶν
769 465 848 491 ποιη-

58 497 146 532 μάτων
156 497 235 524 οὐδέν
250 499 320 530 ἐστι,
332 499 404 533 ζωῆς
416 500 443 527 δὲ
456 501 555 535 μᾶλλον
567 501 617 536 τῆς
627 502 680 528 ἀπὸ
690 501 737 528 τοῦ
748 501 848 534 ζῶντος

58 543 120 570 Θεοῦ
136 544 263 579 μέτοχον,
278 546 337 572 ἐπεὶ
353 547 399 572 καὶ
409 557 418 572 ‹
431 547 460 573 ἐν
475 547 534 582 θεῷ
547 547 637 582 ζῶμεν
651 556 680 574 τε
694 548 742 574 καὶ
759 547 848 574 κινού-

61 589 126 623 μεθα
142 590 188 615 καὶ
202 591 302 625 ἐσμὲν,
317 601 326 617 ι
348 592 384 624 ὡς
399 593 412 619 ὁ
430 593 536 626 Παῦλος
552 602 646 628 φησιν.

59 634 110 661 vita
127 639 186 666 est.
207 636 260 663 sed
281 637 373 670 potius
390 645 405 663 a
423 638 533 666 vivente
550 638 607 666 Deo
622 639 685 666 vitae
699 638 850 673 particeps,

61 689 171 715 sumus,
194 694 203 709 ι
229 690 261 712 ut
275 685 378 714 Paulus
396 687 435 714 ait
452 687 486 714 ³³.

95 729 169 764 Τάχα
179 730 208 757 δὲ
226 731 268 766 (1)
286 733 310 759 οἱ
335 733 427 759 πολλοὶ
445 733 499 760 τῶν
519 734 718 766 πιστευόντων,
747 733 793 759 καὶ
812 732 859 767 μὴ-

62 775 190 812 ἆτρεπτον
208 778 259 804 καὶ
276 778 383 813 βέϐαιον
407 779 514 814 ἔχοντες
532 779 581 814 τὴν
605 779 709 810 πίστιν,
735 778 860 805 τοιοῦτοί·

63 822 125 848 εἰσιν
138 822 175 853 ὥς
192 823 217 848 τ’
234 823 270 851 ἂν
284 825 371 851 εἰπεῖν
385 825 448 860 περὶ
462 825 563 857 αὐτῶν,
573 826 614 852 ὅτι
624 824 797 851 πιστεύουσιν
811 825 861 856 εἱς-

63 868 104 894 τὸν
126 868 251 902 Ἰησοῦν,
277 871 325 896 καὶ
345 870 513 906 ἐπιδέχονται
529 871 559 897 τὺ
581 871 775 906 ἀποθνήσκειν,
803 871 850 896 καὶ

63 913 220 940 ἀποθάνοιεν
246 923 330 941 ποτε·
352 916 533 948 ἀποθανόντες
551 916 596 948 δὲ,
623 917 653 943 οὐ
674 916 801 950 μένουσιν
821 916 851 941 ἐν

65 958 183 993 θανάτῳ,
202 959 276 986 ἀλλὰ
293 960 431 996 ζήσονται.
458 962 490 988 El
506 961 534 988 δέ
548 969 589 992 τις
603 961 654 996 ἤδη
672 961 702 987 τὸ
717 961 851 996 ἄτρεπτον

64 1005 107 1031 καὶ
122 1004 229 1038 βέϐαιον
245 1005 415 1041 ἀνειληφὼς,
444 1007 511 1042 μετά
527 1007 630 1041 ταύτης
647 1006 695 1041 τῆς
711 1006 792 1039 ἕξεως
809 1014 853 1032 πι-

67 1050 160 1082 στεύοι,
173 1048 253 1082 οὗτος
269 1051 303 1078 ἄν
315 1052 356 1087 εἴη
372 1053 385 1078 6
399 1051 452 1083 ζῶν
465 1052 513 1079 καὶ
528 1052 663 1079 πιστεύων
676 1052 721 1079 καὶ
735 1052 772 1087 μὴ
786 1053 853 1078 ἀποα

66 1094 221 1130 θανούμενος
237 1097 278 1127 εἰς
291 1097 336 1123 τὸν
346 1096 440 1124 αἰῶνα.
453 1094 514 1129 υἷος
527 1095 560 1133 ἦν
574 1098 588 1123 6
603 1097 737 1132 μακάριος
747 1097 851 1129 Παῦλος

67 1141 146 1175 λέγων
161 1152 167 1157 ·
199 1151 209 1168 ι
234 1142 286 1174 Τίς
301 1144 375 1178 ἡμᾶς
395 1143 507 1178 χωρίσει
533 1143 586 1170 ἀπὸ
606 1143 657 1177 τῆς
682 1141 851 1184 ἀγάπηςτοῦ
864 1161 871 1167 .

67 1185 198 1221 Χριστοῦ;
216 1196 226 1213 ι
250 1187 299 1213 καὶ
313 1187 346 1214 τά
362 1186 437 1222 ἑξῆς.

99 1232 254 1265 Πιστεύεις
268 1233 364 1265 τούτῳ
373 1241 382 1265 ;

99 1277 361 1313 Προεξηγησάμενος
384 1278 430 1306 τοῦ
446 1279 516 1306 κατὰ
532 1278 612 1305 αὑτὸν
639 1278 789 1313 μυστηρίου
803 1277 853 1312 τὴν

69 1321 193 1357 δύναμιν,
217 1323 266 1350 καὶ
289 1323 379 1356 δείξας
401 1324 523 1359 ἐναργῶς
543 1325 583 1351 ὅτι
606 1324 662 1360 ζωὴ
684 1325 754 1351 κατὰ
772 1324 861 1359 φύσιν.

69 1368 124 1394 ἐστὶ
143 1369 189 1395 καὶ
203 1369 272 1401 Θεὸς
290 1369 415 1404 ἀληθινὸς
426 1390 432 1402 ,
458 1371 571 1397 ἀπαιτεῖ
588 1370 636 1406 τὴν
653 1371 698 1397 ἐπὶ
713 1372 746 1406 τῇ
762 1371 860 1398 πίστει·

72 1413 181 1446 σύνεσιν,
197 1415 285 1441 τύπον
301 1417 361 1447 ταῖς
382 1415 554 1451 Ἐκκλησίαις
568 1415 613 1442 τὸν
628 1416 674 1442 ἐπὶ
685 1416 772 1450 τούτῳ
786 1416 852 1455 θείς.

71 1459 124 1494 Χρὴ
138 1460 189 1495 γὰρ
209 1461 241 1487 οὐ
256 1461 381 1488 διάκενον
398 1462 471 1496 ἡμᾶς
482 1462 522 1492 εὶς
540 1461 609 1497 ἀέρα
624 1461 786 1496 ῥιπτοῦντας
799 1471 854 1496 φω-

72 1502 124 1538 νὴν,
144 1504 173 1530 τὸ
197 1505 298 1531 σεπτὸν
313 1505 453 1539 ὁμολογεῖν
468 1506 616 1541 μυστήριον
627 1525 634 1537 ,
649 1506 706 1532 ἀλλ’
719 1507 746 1532 ὲν
758 1506 854 1542 καρδίᾳ

903 274 976 306 dam,
989 275 1126 303 cxsistens
1147 276 1243 310 Filius,
1257 279 1425 306 resurrectio
1444 284 1486 306 est
1501 282 1528 306 et
1548 279 1615 310 vita,
1636 286 1684 306 ne—

905 327 1043 355 quaquam
1062 322 1239 351 admirationi
1255 324 1334 352 debet
1350 322 1411 352 csse
1430 325 1486 352 hate
1505 326 1641 353 exsistens
1658 329 1686 353 et

902 364 993 392 Pater.
1015 366 1085 399 Quid
1104 368 1176 394 enim
1197 369 1314 403 amplius
1333 373 1375 397 est
1400 370 1427 396 in
1452 378 1484 397 eo
1501 377 1580 404 quam
1595 369 1622 396 in
1643 369 1682 396 fa-

901 413 1004 439 cturis?
1022 412 1050 439 Si
1067 421 1132 440 vero
1152 418 1255 441 tantum
1272 420 1404 449 quantum
1421 416 1525 442 scimus
1541 423 1556 441 a
1572 414 1684 442 iacturis

902 457 1016 485 dissitns
1036 463 1088 490 est,
1112 460 1265 487 secundum
1290 465 1395 488 natura:
1418 469 1475 488 sua;
1499 461 1631 487 rationem
1659 466 1685 487 et

901 503 966 537 quia
984 508 1026 531 est
1042 504 1096 531 vita
1108 524 1116 536 .
1134 505 1270 540 quomodo
1289 506 1396 532 factura
1418 506 1500 533 fuerit
1519 505 1621 537 Filius,
1637 504 1684 539 qui

900 552 927 574 et
948 549 1006 583 ipse
1024 549 1079 575 vita
1095 550 1246 577 secundum
1265 555 1392 578 naturam
1415 550 1541 582 exsistit,
1567 550 1640 577 sicut
1658 554 1684 576 et

899 594 945 627 qui
968 595 1063 629 genuit
1086 597 1172 623 eum?
1191 596 1307 636 Omnino
1330 604 1394 624 vero
1417 597 1491 624 nulla
1515 596 1682 623 factm-arum

853 639 1093 674 .quanquuidem
1109 645 1136 668 et
1156 651 1164 666 ι
1183 641 1210 668 iu
1230 641 1286 669 Deo
1308 642 1423 670 vivimus
1442 646 1469 670 et
1485 649 1625 670 movemur
1657 643 1695 667 ει·

939 729 1021 758 Forte
1046 731 1125 758 multi
1151 738 1183 758 ex
1213 731 1406 763 credentibus,
1435 732 1683 761 immutabilitatem

904 775 1119 812 ﬁrmitatemque
1134 777 1196 804 ﬁdei
1212 785 1267 805 non
1285 777 1428 810 habentes,
1445 779 1514 806 tales
1529 784 1593 806 sunt
1607 785 1635 807 ut
1650 780 1684 808 de

903 822 939 850 iis
963 822 1131 857 dici‘possit
1158 825 1242 858 quod,
1261 824 1404 851 credentes
1430 824 1457 851 in
1480 824 1584 857 Jesum,
1603 827 1684 853 morti

868 890 889 917 Β
904 872 995 895 tamen
1011 869 1125 896 obnoxii
1143 873 1218 902 sunt,
1235 874 1262 896 et
1277 870 1426 905 aliquando
1439 871 1547 904 quidem
1563 872 1685 898 moriun-

907 918 969 947 tur;
985 914 1012 940 in
1039 918 1127 942 morte
1148 919 1239 943 autem
1266 922 1320 942 non
1346 919 1468 948 manent,
1489 920 1584 950 postea
1602 916 1684 943 vitam

903 961 1104 994 recuperaturi.
1116 959 1216 988 Verum
1229 960 1252 987 si
1269 961 1341 995 quis,
1358 961 1516 987 firmitatem
1529 961 1685 990 immutabi-

904 1006 1066 1041 Iitatemque
1082 1006 1139 1040 jam
1170 1010 1348 1038 consecutus,
1363 1007 1405 1033 sic
1422 1006 1527 1039 credat,
1538 1007 1610 1034 hunc
1624 1015 1686 1035 csse

903 1051 1019 1078 dixerim
1034 1051 1170 1079 viventem
1185 1056 1211 1079 et
1228 1053 1382 1080 credentem
1407 1053 1453 1087 qui
1471 1061 1525 1080 non
1554 1053 1686 1080 morietur

903 1097 930 1124 in
952 1102 1093 1125 aeternum.
1117 1097 1211 1129 Qualis
1232 1101 1292 1125 erat
1317 1097 1415 1125 beatus
1435 1097 1548 1129 Paulus,
1567 1105 1628 1125 cum
1646 1098 1686 1125 die

904 1146 995 1170 ceret:
1009 1151 1018 1168 ι
1030 1142 1097 1175 Quis
1113 1149 1163 1170 nos
1171 1143 1309 1178 separabit
1322 1151 1336 1171 a
1352 1143 1485 1171 charitate
1500 1143 1604 1171 Clu-isti
1616 1143 1658 1170 θοι
1672 1152 1689 1170 μ

938 1231 985 1264 XI,
1003 1231 1048 1258 26.
1066 1231 1159 1259 Credis
1174 1232 1255 1260 huic?

938 1275 1019 1304 Prius
1037 1277 1159 1311 exposita
1186 1277 1213 1302 vi
1239 1276 1362 1311 mysterii
1389 1277 1462 1303 circa
1493 1284 1532 1308 se,
1558 1277 1697 1312 clareque"

903 1326 1016 1350 ostenso
1040 1322 1112 1356 quod
1138 1322 1193 1349 vita
1218 1322 1370 1350 secundum
1397 1326 1523 1349 naturam
1558 1326 1586 1350 et
1614 1321 1686 1350 Deus

903 1376 985 1396 verus
1015 1372 1067 1400 est.
1105 1368 1219 1403 requirit
1252 1369 1325 1396 circa
1353 1369 1432 1396 (idem
1463 1370 1685 1404 intelligentiam,

904 1415 1018 1450 ﬁguram
1035 1414 1165 1442 Ecclesiis
1185 1415 1212 1441 in
1231 1422 1264 1442 eo
1281 1418 1396 1449 ponens.
1409 1414 1469 1442 Non
1488 1415 1561 1442 enim
1580 1419 1687 1450 oportet

904 1467 955 1488 nos
969 1467 1084 1487 vacuam
1113 1460 1141 1486 in
1166 1467 1228 1487 aera
1256 1460 1389 1494 jacientes
1415 1467 1510 1487 vocem
1532 1459 1688 1487 venerabile

905 1504 984 1531 fateri
999 1504 1172 1539 mysterium,
1188 1504 1234 1531 sed
1254 1503 1395 1530 fundatam
1412 1503 1439 1530 in
1457 1503 1540 1531 corde
1553 1507 1581 1531 ct
1596 1504 1687 1531 animo

72 1548 113 1574 καὶ
123 1549 158 1584 νῷ
175 1549 224 1584 τὴν
241 1551 335 1577 πίστιν
349 1549 526 1585 ριζὼσαντας,
542 1551 647 1586 καρπὸν
662 1551 708 1578 τοῦ
723 1552 854 1586 πράγμα-

907 1549 985 1577 ﬁdem
1006 1550 1156 1581 habentes.
1180 1549 1300 1577 fructum
1327 1551 1388 1585 ejus
1415 1550 1617 1577 confessionem
1639 1557 1688 1584 po-

71 1602 112 1626 τος
133 1595 269 1625 ποιεῖσθαι
288 1596 336 1631 τὴν
351 1596 496 1631 ὁμολογίαν
507 1617 514 1630 ,
538 1599 584 1623 καὶ
598 1596 735 1623 πιστεύειν
752 1597 853 1623 ἐνδοια-

75 1639 137 1674 αμοῦ
152 1649 222 1672 τινος
244 1641 307 1676 δίχα
324 1642 371 1668 καὶ
393 1642 528 1677 διψυχίας.
557 1641 701 1678 Ὑϐριστὴς
715 1642 769 1677 γὰρ
784 1643 797 1668 6
816 1642 854 1668 δί-

73 1684 150 1720 ψυχος
171 1686 217 1712 καὶ
232 1686 362 1721 χωλεύων
379 1686 443 1721 περὶ
464 1687 513 1721 τὴν
529 1685 627 1712 πίστιν·
653 1686 697 1712 διὰ
717 1685 795 1712 τοῦτο
807 1685 854 1711 καὶ

75 1731 254 1763 ἀκατάστατος
273 1733 301 1759 ὲν
317 1732 416 1763 πάσαις
429 1733 487 1763 ταῖς
500 1732 568 1764 ὁδοῖς
585 1731 677 1758 αὑτοῦ.
704 1731 810 1757 Είδέναι
824 1739 854 1757 σε

77 1776 124 1811 μὴν
137 1777 295 1812 ἀναγκαῖον,
304 1778 344 1804 ὅτι
355 1777 413 1812 Θεῷ
425 1778 473 1812 τῆς
486 1777 603 1809 πίστεως
614 1777 757 1812 ὁμολογίαν
767 1777 854 1804 ποιού-

78 1822 155 1856 μεθα,
173 1823 223 1850 κᾶν
247 1823 282 1850 δι’
303 1822 453 1859 ἀνθρώπων
471 1822 644 1858 ἐρωτώμενοι
660 1823 712 1849 τῶν
729 1822 854 1858 ἱερᾶσθαι

76 1867 201 1902 λαχόντων
220 1869 313 1904 φαμὲν
332 1869 372 1902 τὸ,
390 1869 523 1902 Πιστεύω,
539 1870 568 1895 ὲν
590 1871 622 1904 τῇ
640 1868 853 1905 παραλήψειτοῦ

78 1913 148 1946 ἁγίου
160 1914 358 1950 βαπτίσματος.
381 1915 523 1942 Πάνδεινον
539 1912 585 1941 οὖν
599 1914 652 1950 ἄρα
665 1915 695 1941 τὺ
710 1913 856 1949 διαψεύσαυ

78 1957 133 1984 σθαι
148 1959 192 1985 καὶ
216 1959 416 1995 παρολισθῆσαι
436 1960 504 1995 πρὸς
518 1960 661 1992 ἀπιστίαν,
691 1960 734 1985 ἵνα
759 1959 795 1995 μὴ
809 1959 856 1986 καὶ

79 2002 196 2040 δικαστὴν
221 2006 272 2032 καὶ
296 2005 423 2040 μάρτυρα
450 2005 577 2037 ἀπονοίας
600 2005 705 2040 ἔχωμεν
720 2005 799 2031 αὑτὸν
811 2004 856 2031 τὸν

79 2049 178 2076 πάντων
196 2052 336 2086 Δεσπότην
359 2052 493 2085 λέγοντα·
521 2061 530 2076 ι
546 2052 600 2077 Καὶ
626 2050 681 2085 ἐγὼ
709 2051 827 2086 μάρτυς,
843 2060 853 2076 ι

80 2094 140 2128 φησὶ
154 2095 265 2130 Κύριος.
290 2095 481 2132 Ἐπιτηρητέον
493 2095 521 2122 δὲ
534 2096 574 2122 ὅτι
589 2095 714 2130 Λαζάρου
729 2095 855 2130 κειμένου

80 2141 244 2176 τεθνηκότος,
264 2142 337 2177 ὑπὲρ.
354 2141 436 2168 αὑτοῦ
452 2141 552 2176 τρόπον
572 2141 632 2168 τινὰ
646 2141 676 2167 τὺ
691 2140 801 2175 γύναιον
815 2140 859 2172 εξ-

82 2188 186 2214 αιτεῖται
198 2188 250 2223 τὴν
268 2188 314 2214 ἐπὶ
326 2189 358 2222 τῇ
376 2188 466 2214 πίστει
487 2187 594 2214 σύνεσιν
607 2197 613 2202 ·
628 2187 672 2214 ἵνα
685 2187 766 2214 πάλιν
779 2186 793 2212 ὁ
808 2187 856 2213 τύ-

906 1602 982 1626 nere,
998 1599 1025 1622 et
1043 1595 1156 1622 credere
1173 1595 1233 1622 sine
1257 1595 1312 1622 ulla
1343 1595 1513 1622 dubitatione
1535 1599 1562 1622 et
1589 1595 1687 1622 mentis

905 1640 1075 1675 duplicitate.
1094 1640 1248 1674 lnjuriosus
1271 1645 1313 1667 est
1332 1641 1404 1667 enim
1421 1640 1522 1674 duplex
1547 1644 1638 1667 mente
1661 1643 1688 1666 ct

905 1686 979 1713 circa
995 1687 1075 1713 ﬁdem
1091 1685 1260 1716 claudicans,
1276 1691 1421 1720 propterea
1436 1684 1576 1712 instabilis
1589 1684 1616 1711 in
1629 1692 1688 1711 om-

904 1732 986 1759 nibus
998 1732 1049 1759 viis
1061 1732 1129 1759 suis.
1139 1731 1273 1758 (laterum
1288 1738 1402 1758 necesse
1416 1736 1459 1758 est
1471 1730 1607 1765 intelligas
1633 1730 1689 1757 Deo

906 1785 956 1805 nos
965 1777 1166 1805 confessionem
1177 1777 1237 1804 fidei
1252 1777 1484 1808 exbibere,etiam
1499 1784 1560 1802 cum
1573 1783 1621 1810 per
1638 1775 1688 1802 ho-

906 1823 994 1850 mines
1009 1830 1151 1850 sacrorum
1164 1830 1256 1850 curam
1273 1828 1300 1851 et
1317 1822 1503 1849 sacerdotium
1520 1822 1633 1848 sortitos
1648 1821 1701 1847 in--

907 1869 1048 1904 terrogati,
1063 1869 1180 1896 dicimus
1203 1868 1266 1899 hoc,
1277 1867 1366 1895 Credo
1382 1868 1409 1894 in
1430 1867 1585 1902 sumptioue
1602 1865 1689 1893 sancti

905 1914 1088 1949 baptismatis.
1098 1913 1186 1941 Grave
1198 1913 1282 1949 igitur
1297 1917 1324 1940 ct
1337 1913 1523 1947 periculosum
1540 1912 1646 1939 mentiri
1662 1916 1700 1939 et:

907 1961 941 1988 ad
954 1955 1181 1988 incredulitatem
1196 1959 1350 1992 deflectere,
1364 1966 1398 1986 ne
1417 1959 1535 1993 judicent
1552 1961 1579 1985 et
1593 1961 1697 1985 testent-

908 2006 1035 2033 amentia:
1046 2006 1196 2032 habeamus
1209 2005 1298 2039 ipsum
1314 2004 1436 2031 omnium
1453 2004 1597 2031 Dominum
1614 2012 1622 2030 :
1642 2002 1701 2029 ιΕι.

907 2060 958 2087 ego
973 2052 1078 2084 testisg
1091 2051 1181 2086 inquit
1194 2051 1336 2078 Dominus.
1355 2050 1423 2077 Illud
1438 2051 1519 2077 etiam
1542 2050 1692 2076 observan,

907 2098 971 2125 dum
991 2098 1076 2130 venit,
1093 2097 1178 2132 quod,
1196 2097 1298 2124 Lazaro
1319 2096 1428 2131 iacente
1453 2098 1571 2127 mortuo,
1587 2102 1636 2130 pro
1659 2102 1697 2121 eo.

908 2143 1110 2179 quodammodo
1135 2143 1300 2170 muliercula
1326 2143 1513 2176 interrogatur
1531 2142 1565 2168 de
1591 2141 1692 2168 intelli-

909 2189 1000 2224 gentia
1017 2189 1089 2222 ﬁdei,
1103 2193 1132 2216 ut
1146 2196 1245 2216 rursus
1263 2189 1350 2223 tigura
1366 2188 1393 2214 in
1413 2187 1545 2214 Ecclesiis
1563 2187 1649 2214 valeat
1665 2190 1701 2213 et.

83 2241 126 2264 mg
139 2234 165 2260 ὲν
176 2235 235 2265 ταῖς
254 2233 425 2268 Ἐκκλησίαις
439 2233 546 2269 ἰσχύσῃ.
570 2233 634 2260 Ὅτε
647 2233 700 2268 γὰρ
717 2233 855 2268 ἀρτιγενὲς

910 2236 1086 2264 observetur.
1101 2235 1167 2262 Cum
1184 2235 1257 2262 enim
1271 2242 1368 2262 recens
1383 2238 1463 2261 natus
1476 2233 1588 2260 aﬂ‘ertur
1601 2232 1702 2260 infans.

84 2280 239 2313 προσάγεται
261 2280 360 2316 βρέφος
379 2279 428 2313 τῆς
449 2280 626 2314 κατηχήσεως
647 2279 677 2305 τὸ
693 2279 796 2314 χρίσμα
813 2279 860 2306 λα-

85 2324 148 2357 ϐεῖν,
167 2326 224 2361 ἦτοι
251 2325 346 2360 τὸτῆς
359 2325 524 2356 τελειώσεως
540 2318 586 2351 ἐπὶ
605 2324 644 2359 τῷ
668 2325 738 2359 ἀγίῳ
761 2324 860 2359 βαπτί-

86 2378 170 2404 σματι,
184 2373 197 2397 6
212 2371 358 2406 προσάγων
369 2371 439 2406 ὑπὲρ
452 2370 534 2397 αὐτοῦ
549 2370 589 2403 τὺ,
605 2370 699 2406 Ἀμὴν,
713 2371 858 2405 ἀναφωνεί.

92 2415 168 2452 ’Υπὲρ
181 2417 208 2443 δὲ
221 2417 277 2443 τῶν
292 2417 393 2452 ἐσχάτῃ
406 2417 475 2450 νόσῳ
491 2415 714 2451 κατειλημμένων
726 2435 733 2447 ,
751 2415 860 2451 μελλόν-

87 2467 134 2487 των
145 2470 173 2488 τε
188 2463 231 2489 διὰ
246 2462 325 2489 τοῦτο
335 2461 571 2496 βαπτίζεσθαι,καὶ
585 2461 780 2488 ἁποτάττονταί
790 2470 862 2494 τινες

89 2506 130 2533 καὶ
143 2509 339 2540 συντάττονται,
353 2507 402 2543 τὴν
419 2507 522 2534 οἰκείαν
536 2507 630 2543 ὥσπερ
645 2507 674 2539 ἐξ
694 2508 804 2543 ἀγάπης
820 2517 862 2534 κι-

89 2552 196 2588 χρῶντες
208 2554 299 2589 φωνὴν
322 2555 378 2585 τοῖς
398 2553 469 2588 νόσῳ
492 2553 687 2587 πεπεδημένοις
699 2561 706 2569 ·
721 2553 788 2588 ὅπερ
803 2553 860 2580 ἐστι

91 2598 196 2626 κατιδεῖν
217 2600 332 2638 γεγονὸς
355 2599 403 2626 ἐπί
422 2607 451 2625 τε
473 2598 596 2634 Λαζάρου
616 2599 725 2634 καὶτῆς
743 2599 861 2634 ἀδελφῆς

91 2643 174 2671 αὑτοῦ.
188 2645 279 2680 Σοῳῶς
292 2645 320 2672 δὲ
331 2645 347 2680 ή
360 2644 459 2680 Μάρθα
476 2645 523 2670 καὶ
533 2644 710 2679 οἰκονομικῶς
725 2653 862 2680 προκατα-

93 2689 188 2725 σπείρει
202 2691 250 2726 τῆς
261 2691 377 2722 πίστεως
387 2691 436 2726 τὴν
452 2689 607 2725 ὁμολογίαν,
621 2690 664 2716 ἵνα
676 2690 720 2717 τὸν
734 2690 764 2722 ἐξ
779 2691 863 2726 αὐτῆς

93 2734 176 2773 θερίσῃ
191 2738 304 2773 καρπόν.

126 2806 146 2822 ³⁹
164 2808 221 2835 Act.
241 2816 295 2836 xrn
309 2827 316 2839 ,
334 2807 379 2834 ‘28.
419 2808 440 2823 λθ
457 2807 536 2834 Rom.
554 2813 615 2840 vin,

128 2864 162 2896 (ι)
180 2864 256 2900 Τίίχα
275 2865 309 2890 δὲ
323 2884 328 2892 .
343 2883 349 2890 .
365 2884 390 2890 ..

912 2282 946 2309 ad
987 2281 1194 2316 suscipiendum
1241 2279 1433 2307 instructionis
1476 2278 1700 2312 initiationisque.

912 2328 1043 2359 chrisma,
1063 2335 1110 2355 seu
1139 2327 1168 2354 in
1194 2330 1292 2354 sancto
1321 2325 1485 2360 baptismate
1506 2324 1692 2359 perfectionis.

911 2374 959 2409 qui
975 2372 1088 2400 adducit
1103 2380 1177 2405 eum,
1193 2379 1244 2407 pro
1262 2379 1294 2399 eo
1317 2370 1475 2406 respondet,
1494 2371 1594 2397 Amen.
1611 2368 1693 2395 δὶιιιίτ

913 2418 976 2446 liter
995 2425 1045 2453 pro
1072 2417 1107 2445 iis
1130 2417 1177 2451 qui
1201 2420 1325 2444 extremo
1355 2416 1452 2442 morbo
1483 2415 1702 2445 conflictantur,

913 2464 1030 2498 ideoque
1052 2461 1211 2497 baptizandi
1232 2465 1307 2493 sunt,
1323 2461 1486 2488 ordinantur
1502 2467 1538 2487 ac-
1553 2459 1693 2486 destinau-

912 2513 957 2536 tur
973 2508 1056 2542 aliqui
1070 2507 1117 2541 qui
1126 2507 1202 2535 velut
1213 2515 1245 2534 ex
1260 2506 1394 2534 charitate
1409 2513 1441 2532 ac
1457 2505 1602 2532 dilectione
1617 2511 1693 2531 suam

913 2555 1010 2582 morbo
1034 2553 1172 2589 impeditis
1200 2552 1374 2580 commodent
1398 2559 1506 2583 vocem,
1521 2549 1604 2586 684
1622 2550 1695 2584 quod

917 2601 1028 2636 quidem
1053 2600 1109 2635 jam
1128 2599 1255 2627 usuvenit
1280 2599 1308 2625 in
1338 2598 1441 2625 Lazaro
1465 2596 1567 2630 eLcjus
1590 2603 1694 2623 sorore.

918 2646 1064 2681 Sapienter
1082 2653 1147 2673 vero
1163 2649 1191 2672 et
1215 2647 1292 2672 recto
1311 2644 1408 2671 ordine
1434 2642 1538 2669 Martha
1555 2641 1631 2676 prius
1653 2648 1691 2667 se-

916 2693 1001 2720 minat
1020 2691 1081 2718 ﬁdei
1093 2689 1307 2721 confessionem,
1321 2693 1350 2716 ut
1364 2697 1396 2716 cx
1415 2696 1445 2715 ea
1464 2687 1580 2714 fructum
1600 2690 1694 2713 metat.
1722 2687 1726 2690 '

409 2863 460 2891 τοῦ
477 2863 613 2897 Χριστοῦ.
637 2862 675 2889 Ex
695 2866 790 2889 catena
810 2860 855 2887 Vat

907 2868 948 2889 na.
968 2859 1012 2886 fuit
1037 2858 1084 2885 1’25
1108 2858 1132 2890 ί),
1155 2865 1196 2892 ap.
1217 2855 1267 2882 Mai
1283 2856 1300 2882 I.
1318 2856 1336 2882 Ι.
1350 2863 1410 2890 pag.
1426 2855 1482 2882 I35.
