1906 3037
206 154 241 184 Si
689 157 718 184 S.
739 157 878 185 CYRILLI
898 157 1135 186 ALEXANDRINI
1156 159 1317 188 ARCIIIEP.
1809 165 1847 193 5‘2

243 214 288 248 XI,
303 214 349 242 28.
366 214 402 242 Et
424 215 479 243 lucc
500 216 589 243 locum
615 217 692 249 abiit,
708 221 733 243 ct
755 218 856 245 vocavit
881 216 984 245 Mariam

1086 219 1141 259 Kal
1162 220 1255 247 ταῦτα
1270 221 1409 254 εἶποῦσα,
1425 223 1544 257 ἀπῆλθε
1559 225 1607 253 καὶ
1623 225 1764 260 ἐφώνησε
1786 227 1848 252 Ma-

207 269 323 288 sororem
344 270 431 295 suam,
447 266 500 290 etc.

241 306 317 334 Abiit
338 307 373 334 ad
396 308 550 335 vocandam
566 303 690 336 sororem
712 316 801 342 suam,
819 313 849 335 ut
864 309 890 336 ei
913 316 994 336 suum

207 353 235 379 in
251 359 282 379 re
298 357 457 388 exspectata
471 354 602 390 gaudium
616 362 648 381 ac
671 362 748 388 spem
763 355 994 386 communicaret,

206 405 269 425 eum
291 399 338 433 qui
358 404 485 426 mortuus
504 399 604 431 fuerat,
625 399 777 426 redivivum
797 408 832 427 ex
853 401 996 434 insperato

204 443 508 478 reccpluranAudierat
522 445 607 475 enim,
619 454 628 470 ε
642 444 780 480 Resurget
791 446 875 472 frater
891 450 968 479 tuus,
983 455 992 471 ›

205 489 254 516 scd
273 488 429 516 Servatoris
449 490 598 517 adventum
612 491 700 518 sorori
717 499 774 519 sua:
790 492 860 518 clam
881 492 994 519 nuntia-

204 535 255 565 vit,
269 534 334 569 quia
353 543 415 562 cum
427 543 458 562 ea
474 541 553 564 erant
568 536 725 564 Iudaeorum
737 538 862 565 nonnulli
881 537 994 566 Christo

205 578 402 606 miraculorum
429 579 528 608 [actori
552 581 718 610 invidentes.
744 582 799 610 Nec
820 583 994 611 inveniemus

205 631 321 658 usquam
338 625 365 651 in
381 624 534 661 Evangeliis
547 627 692 655 Christum
705 628 820 661 dixisse,
840 628 912 656 Voca
927 629 993 656 mihi

204 677 328 697 sororem
348 675 422 697 tuam
438 680 444 697 :
460 671 508 698 sed
525 671 645 704 Martha,
666 673 859 700 necessitatem
879 673 994 700 inexcu-

202 716 317 743 sabilem
335 718 373 744 rei
387 721 414 744 et
430 717 552 745 debitum
574 718 710 746 adventus
727 725 826 746 munus
848 725 898 752 pro
926 725 993 745 voce

201 765 229 789 ct
242 762 324 797 jussu
339 764 493 798 accipiens.
509 764 563 791 hoc
585 764 633 791 ait.
651 764 699 791 Illa
714 771 778 793 vero
795 764 926 792 alacriter
945 772 993 791 cu-

202 808 291 834 currit
302 808 336 834 ad
352 816 427 842 eum,
440 813 467 835 et
483 809 511 836 in
531 817 682 839 occursqu
694 811 826 844 perrexit.
849 809 992 842 Quomodo

202 855 274 881 enim
291 855 352 882 'lioc
360 863 419 885 non
436 855 558 888 fecisset,
579 864 640 891 qua:
657 860 800 891 tantopere
815 857 850 884 de
866 856 991 885 absentia

1047 266 1118 300 ρι’(ιγ
1130 265 1188 300 τὴν
1201 266 1340 302 ἀδελφὴν
1349 268 1443 303 αὐτῆς
1453 292 1459 301 ,
1474 271 1521 297 καὶ
1536 272 1569 298 τὰ
1581 271 1653 306 ἑξῆς.

1089 312 1207 347 ’Λπῆλθε
1231 314 1384 342 καλέσουσα
1399 316 1449 351 τὴν
1473 316 1589 352 ἀδελφὴν
1613 318 1700 352 αὐτῆς
1721 317 1791 351 πρὸς
1815 318 1846 343 τ’)

1048 357 1095 384 καί
1117 358 1202 394 αὐτὴν
1232 361 1396 396 κοινωνῆσαι
1423 362 1473 396 τῆς
1496 363 1542 389 ἐπὶ
1564 363 1604 398 τῷ
1624 363 1846 398 προσδοκωμένῳ

1047 404 1191 439 πράγματι
1217 405 1369 441 εὐθυμίας,
1402 408 1664 444 συναποληψομένην
1688 408 1844 436 ἀναστάντα

1047 451 1110 486 παρ’
1125 451 1221 478 ἐλπίδα
1234 453 1325 479 πᾶσαν
1332 453 1378 480 τὸν
1390 454 1550 489 τεθνηκότα.
1562 453 1616 481 Ἶ-Ιν
1626 455 1680 491 γὰρ
1690 454 1841 481 ἀκούσασα

1049 507 1058 523 ι
1079 498 1276 534 Ἀναστήσεται
1298 501 1312 526 ὁ
1336 500 1450 534 ἀδελφός
1465 509 1513 527 σου
1525 510 1531 517 ·
1546 511 1555 526 ι
1583 501 1670 537 λάθρα
1684 501 1713 527 δὲ
1728 502 1780 535 τὴν
1795 501 1842 527 τοῦ

1046 544 1173 579 Σωτῆρος
1191 546 1341 581 παρουσίαν
1356 548 1388 581 τῇ
1415 547 1516 583 ἀδελφῇ
1530 548 1613 583 αὐτῆς
1631 547 1841 582 εὐηγγελίσατο,

1046 590 1089 616 διὰ
1114 591 1144 616 τὸ
1173 591 1414 627 παρακαθέζεσθαι
1441 593 1495 620 τῶν
1527 593 1662 620 Ἰουδαίων
1686 594 1763 622 τινὰς
1788 593 1844 619 τῶν

1046 636 1217 671 φθονούντων
1243 637 1498 672 θαυματουργοῦντι
1519 638 1558 673 τῷ
1573 638 1692 674 Χριστῷ.
1720 638 1777 664 Καὶ
1794 639 1842 672 οὐχ

1045 682 1198 716 εὑρήσομεν
1221 684 1249 708 ὲν
1269 684 1324 714 τοῖς
1344 683 1520 717 Εὑαγγελεοις
1542 684 1583 710 ὅτι
1601 682 1746 718 όΧριστδς
1766 681 1840 709 εἷπε·

1045 727 1129 754 Κάλει
1155 737 1199 762 μοι
1215 728 1264 762 τὴν
1278 728 1396 764 ἀδελφήν
1413 737 1478 755 σου·
1504 729 1562 755 ἀλλ’
1580 729 1596 763 ἡ
1613 729 1713 764 Μάρθα
1727 728 1777 764 τὴν
1794 729 1841 754 τοῦ

1044 773 1208 807 πράγματος
1236 773 1424 809 ἀπαραίτητον
1449 774 1545 809 χρείαν
1567 775 1614 800 καὶ.
1642 774 1672 800 τὸ
1693 773 1745 808 τῆς
1769 782 1842 808 παρ-

1043 819 1136 850 ουσίας
1159 819 1394 854 χρεωστούμενον,
1419 820 1479 846 ἀντὶ
1503 820 1654 851 κελεύσεως
1677 820 1726 846 καὶ
1747 820 1842 854 φωνῆς

1044 864 1177 900 δεξαμένη
1188 884 1196 895 ,
1214 865 1294 891 τοῦτὸ
1308 874 1402 900 φησιν.
1433 865 1465 892 'H
1477 865 1637 900 δὲ-ἆτοίμως
1649 865 1752 900 ἔδραμε
1771 866 1840 900 πρὸς

201 901 262 935 ejus
275 900 411 934 doluerat,
435 910 552 937 qumque
573 907 718 937 tantopere
736 903 839 938 pietate
854 906 881 930 et
897 903 984 930 chari-

1050 894 1143 942 αὑτὸν,
1166 894 1212 936 uel.
1238 894 1360 946 ὑπαντᾷν
1383 911 1480 938 ἐθέλει.
1511 894 1645 946 Πῶς-γὰρ
1667 894 1724 938 ούκ.
1740 894 1839 945 ἔμελλε

203 951 257 974 tate
272 947 300 975 in
318 954 439 975 amorem
455 948 516 982 ejus
531 948 692 976 exarserat?

235 1081 284 1114 XI,
298 1082 344 1110 51.
357 1081 448 1110 Juda'i
462 1091 522 1118 ergo
536 1083 588 1126 ‘gm’
605 1087 681 1110 erant
700 1090 759 1110 cum
774 1091 803 1109 ea
827 1084 910 1110 secuti
931 1089 991 1110 sunt

201 1135 270 1154 eam.

235 1172 324 1200 Judaei
342 1182 408 1209 ergo
421 1175 467 1210 qui
483 1183 544 1202 cum
561 1175 608 1202 illa
630 1179 718 1208 erant,
735 1175 787 1202 rati
808 1182 867 1202 eam
885 1174 911 1201 in
931 1182 990 1201 mo-

200 1224 364 1247 numentum
391 1229 451 1249 sese
471 1222 643 1256 proripuisse
671 1226 700 1248 ut
723 1229 753 1249 sc
774 1222 932 1253 dilaniaret,
947 1228 989 1248 sc-

199 1269 324 1299 quuntur
346 1273 419 1299 eam,
435 1265 468 1292 ad
491 1267 518 1293 id
546 1271 616 1294 nutu
635 1267 729 1294 divino
746 1267 870 1301 impulsi.
894 1270 924 1294 ut
947 1267 989 1294 vel

198 1311 282 1338 inviti
305 1312 338 1339 ad
363 1311 511 1340 videndum
535 1314 700 1340 miraculum
724 1314 914 1341 convenirent.
930 1312 989 1340 Nisi

199 1358 273 1385 enim
301 1359 354 1385 hoe
379 1367 412 1386 ex
431 1359 607 1387 ordinatione
625 1359 671 1386 Dei
691 1359 793 1386 factum
816 1363 900 1392 esset,
919 1367 988 1386 nuu-

199 1410 281 1438 quam
301 1403 362 1438 ejus
383 1405 552 1432 mentionem
570 1405 684 1433 fecisset
706 1406 886 1441 evangelista,
901 1414 988 1440 neque

199 1454 400 1477 concurrentes
430 1451 458 1478 in
498 1452 715 1487 unumquodque
749 1460 851 1480 causas
884 1453 988 1487 scripto

199 1497 370 1529 mandasset,
384 1497 438 1525 nisi
452 1498 554 1533 ubique
568 1498 686 1526 maxime
696 1499 803 1526 veritati
821 1499 985 1527 studuisset.

199 1539 263 1568 Ideo
277 1541 348 1568 dixit
363 1549 475 1569 causam
494 1550 544 1570 cur
560 1543 638 1570 multi
661 1543 694 1570 ad
714 1548 922 1571 monumentum
941 1551 981 1570 ac-

199 1593 355 1621 currerent,
378 1589 424 1623 qui
452 1589 553 1623 reperti
573 1593 638 1616 sunt
661 1594 688 1616 et
718 1589 832 1617 fuerunt
859 1590 985 1617 miraculi

199 1635 380 1665 spectatores,
397 1632 516 1667 aliisque
533 1633 742 1662 renuntiarunt.

233 1675 279 1708 XI,
296 1677 340 1704 32.
366 1677 458 1704 Μανία
472 1687 533 1713 ergo
550 1687 610 1705 cum
632 1681 742 1707 venisset
758 1681 873 1707 abierat
894 1679 985 1712 Iesus,

198 1723 293 1749 cecidit
308 1724 341 1749 ad
357 1723 433 1757 pede:
446 1724 515 1758 ejus,
529 1730 583 1752 etc.
748 1745 751 1748 ν

234 1767 319 1803 Igitur
334 1768 420 1796 Maria
436 1773 630 1803 praematurum
645 1774 760 1798 mortem
777 1771 870 1799 fratris
885 1772 927 1798 sui
943 1779 987 1798 ac-

198 1812 301 1840 cidisse
321 1813 360 1840 ait
380 1814 416 1841 ‘ob
432 1813 540 1840 Domini
556 1815 721 1846 absentiam,
734 1820 762 1842 et
775 1820 841 1842 tunc
858 1816 987 1844 advenire

198 1865 311 1893 peregre
328 1859 439 1886 domum
459 1867 548 1892 suam,
566 1867 629 1887 cum
647 1868 731 1888 omne
749 1866 856 1896 tempus
870 1862 985 1889 curandi

197 1904 400 1938 prteteriisset:
421 1908 504 1940 atque
535 1913 567 1933 ex
601 1913 635 1933 eo
668 1907 857 1941 conjecturam
886 1916 986 1943 capere

196 1950 270 1982 licet,
289 1951 363 1985 quod
382 1955 513 1986 tanquam
532 1951 588 1979 Deo
603 1952 654 1986 ipsi
671 1952 722 1979 hoc
740 1953 860 1985 dicebat,
874 1955 984 1982 tametsi

196 2004 252 2023 non
269 2001 397 2024 accurate
421 1997 512 2024 locuta
537 2002 590 2030 est,
608 2003 667 2025 rata
692 2006 747 2026 non
760 1999 844 2034 685
862 1999 984 2028 adfuisse

196 2043 286 2076 ipsum
316 2043 389 2077 quod
419 2043 526 2071 abesset
550 2051 676 2079 corpore.
703 2043 755 2072 Sed
781 2049 873 2074 tamen
897 2048 984 2075 multo

195 2089 312 2124 peritior
326 2095 351 2116 el
371 2090 568 2125 intelligentior
585 2090 702 2124 Martha,
716 2099 770 2119 non
787 2092 865 2124 dixit,
881 2103 890 2119 α
907 2093 983 2126 Qua:-

195 2143 305 2170 cunque
329 2143 426 2170 posces
449 2135 545 2168 Deum,
569 2137 645 2164 dabit
668 2138 715 2165 tibi
739 2138 821 2165 Deus.
840 2149 849 2164 ι
868 2139 932 2167 Ideo
948 2140 981 2167 ad

195 2181 266 2209 hanc
283 2182 352 2208 nihil
371 2183 521 2216 respondet
542 2182 685 2215 Dominus,
705 2184 737 2211 ad
763 2185 899 2212 Martham
916 2194 982 2214 vero

1045 957 1124 984 τοῦτο
1142 959 1229 984 ποιεῖν
1248 959 1264 993 ἡ
1288 959 1392 993 σφόδρα
1412 958 1568 993 λυπουμένη
1597 959 1643 984 ἐπὶ
1659 959 1692 993 τῆ
1718 958 1840 992 ἀπουσίᾳ

1045 1003 1137 1035 αὐτοῦ,
1153 1005 1200 1030 καὶ
1212 1004 1312 1039 θερμὸν
1323 1004 1423 1039 ἔχουσα
1439 998 1566 1040 φρόνημα
1581 1005 1621 1036 εἰς
1633 1004 1777 1031 εὐσέϐειαν
1792 1003 1839 1030 καὶ

1043 1051 1154 1085 ἀγάπην
1170 1051 1209 1081 εἰς
1227 1051 1308 1077 αὑτὸν
1325 1051 1425 1086 πολλὴν
1439 1060 1445 1082 ;

1081 1098 1114 1122 οἱ
1127 1096 1186 1122 οὖν
1204 1097 1337 1124 Ἰουδαῖοι
1358 1099 1384 1125 οἱ
1399 1097 1484 1130 ὄντες
1495 1099 1558 1132 μετ’
1575 1098 1685 1132 αὐτῆς,
1703 1098 1837 1132 ἠκολού-

1036 1145 1142 1175 -θησαν
1159 1142 1247 1176 αὐτῇ.

1077 1189 1107 1214 Οἱ
1122 1186 1168 1214 οὖν
1186 1189 1310 1220 συνόντες
1330 1189 1467 1220 Ἰουδαῖοι,
1484 1189 1622 1224 οἰηθέντες
1635 1190 1721 1225 αὐτὴν
1737 1191 1838 1226 δεδρα-

1043 1234 1159 1268 μηκέναι
1182 1235 1228 1260 ἐπὶ
1248 1234 1278 1260 τὸ
1295 1236 1427 1269 μνημεῖον
1443 1235 1511 1271 πρὸς
1520 1236 1550 1262 τὺ
1566 1235 1665 1270 ἑαυτὴν
1682 1235 1834 1271 σπαράξαι,

1042 1280 1284 1307 συνακολουθοῦσιν
1306 1282 1386 1316 αὐτῇ,
1400 1281 1515 1316 νεύματι
1530 1281 1597 1308 Θεοῦ
1620 1282 1698 1308 τοῦτο
1723 1282 1835 1308 ποιοῦν-

1039 1334 1100 1357 τες,
1124 1327 1166 1353 ἶνα
1183 1327 1346 1353 συνέλθωσιν
1367 1327 1413 1354 ἐπὶ
1435 1327 1473 1362 τῷ
1489 1328 1520 1354 τὸ
1540 1327 1633 1362 θαῦμα
1651 1328 1715 1354 ἰδεῖν
1729 1327 1778 1354 καὶ
1797 1327 1837 1363 μὴ

1040 1371 1207 1407 βουλόμενοι.
1232 1373 1262 1399 Εἰ
1279 1373 1333 1408 γὰρ
1351 1373 1388 1408 μὴ
1403 1373 1546 1409 οἰκονομίᾳ.
1559 1373 1628 1400 Θεοῦ
1644 1373 1725 1400 τοῦτο
1742 1374 1836 1407 ἐγεγό-

1039 1427 1093 1449 νει,
1114 1419 1164 1445 οὐκ
1179 1418 1211 1445 ἂν
1229 1419 1368 1454 ἐμέμνητο
1387 1419 1471 1446 αὐτοῦ
1492 1422 1507 1446 ὁ
1525 1420 1740 1455 εὐαγγελιστὴς,
1767 1419 1834 1446 οὔτε

1037 1464 1086 1495 τὰς
1101 1465 1142 1498 ἐφ’
1158 1465 1266 1499 ἑκάστῳ
1284 1465 1487 1500 συμόαινούσας
1502 1466 1592 1498 αἰτίας
1607 1466 1796 1500 ἀπεγράφετο,
1810 1467 1834 1492 εί

1039 1509 1076 1544 μὴ
1089 1510 1225 1544 πανταχοῦ
1239 1510 1287 1545 τῆς
1297 1510 1424 1545 ἀληθείας
1439 1511 1615 1537 ἀντεποιεῖτο.
1628 1509 1712 1536 Εἶπεν
1724 1508 1772 1537 οὖν
1784 1511 1835 1544 τὴν

1001 1564 1021 1592 c
1039 1556 1127 1582 αἰτίαν
1151 1555 1184 1581 δι’
1207 1556 1240 1591 ἦν
1268 1556 1359 1582 πολλοὶ
1380 1557 1420 1588 είς
1442 1557 1471 1583 τὺ
1499 1558 1630 1592 μνημεῖον
1648 1557 1785 1592 ἔδραμον,
1808 1556 1835 1582 οἳ

1040 1601 1192 1636 εὑρέθησάν
1217 1609 1246 1627 τε
1267 1602 1314 1628 καὶ
1332 1602 1460 1635 γεγόνασι
1485 1602 1580 1628 θεαταὶ
1604 1601 1651 1628 τοῦ
1678 1601 1835 1635 θαύματος,

1041 1646 1087 1672 καὶ
1101 1646 1190 1677 ἄλλοις
1200 1646 1379 1682 ἀπήγγειλαν.

1081 1692 1116 1720 Ἡ
1136 1690 1193 1719 οὖν
1207 1693 1306 1726 Μαρία
1325 1694 1365 1726 ὡς
1383 1691 1477 1728 ἦλθεν
1500 1693 1577 1720 ὅπου
1601 1691 1641 1728 ἦν
1661 1695 1676 1720 o'
1702 1693 1830 1726 Ἰησοῦς,

1039 1737 1130 1762 ἔπεσε
1148 1736 1222 1770 πρὸς
1234 1737 1306 1769 τοὺς
1320 1736 1416 1770 πόδας
1428 1737 1533 1769 αὐτοῦ,
1548 1737 1640 1764 καὶτὰ
1659 1737 1734 1772 ἑξῆς.

1081 1781 1112 1808 ἸΙ
1130 1781 1219 1816 μέντοι
1235 1782 1344 1818 Μαρία,
1361 1783 1486 1818 πρὸωρον
1509 1783 1673 1818 γεγενῆσθαι
1697 1783 1773 1817 λέγει
1786 1783 1831 1810 τὸν

1040 1826 1152 1853 θάνατον
1170 1826 1210 1861 τῷ
1226 1827 1332 1862 ἀδελφῷ
1347 1827 1390 1854 διὰ
1405 1827 1436 1854 τὸ
1450 1828 1559 1854 ἀπεῖναι
1575 1828 1620 1855 τὸν
1634 1829 1736 1863 Κύριον
1749 1837 1757 1845 ·
1784 1829 1831 1855 καὶ

1038 1873 1098 1899 τότε
1115 1874 1197 1908 φησὶν
1209 1873 1437 1908 ἐπιδεδημηκέναι
1450 1874 1531 1900 αὐτὸν
1544 1873 1584 1908 τῷ
1596 1874 1663 1909 οἴκῳ
1672 1894 1680 1906 ,
1692 1875 1736 1900 ὅτε
1750 1876 1764 1900 ὁ
1780 1875 1830 1909 τῆς

1039 1918 1187 1954 θεραπείας
1203 1919 1362 1954 παρέδραμε
1382 1919 1478 1954 καιρός
1491 1928 1497 1934 ·
1528 1919 1574 1946 καὶ
1594 1919 1651 1945 ἔστι
1669 1919 1718 1954 μὲν
1733 1920 1781 1946 καὶ
1798 1920 1829 1946 ἐκ

1038 1965 1132 1991 τούτου
1148 1965 1348 2000 στοχάσασθαι,
1366 1966 1407 1992 ὃτι
1427 1965 1464 1997 ὠς
1479 1965 1538 2000 Θεῷ
1554 1965 1629 2000 αὐτῷ
1644 1965 1720 1998 ἔλεγε
1737 1965 1830 1997 τοῦτο,
1871 1976 1873 1979 ·

1038 2011 1062 2036 εἰ
1079 2011 1126 2037 καὶ
1137 2011 1186 2036 οὐκ
1200 2009 1322 2045 ἀκριϐῶς
1334 2010 1496 2045 λελάληκεν,
1518 2010 1628 2044 οἰομένη
1647 2011 1684 2044 μὴ
1700 2011 1826 2045 παρεῖναι

1038 2056 1118 2083 αύτδν
1133 2057 1156 2082 εἰ
1173 2057 1219 2083 καὶ
1235 2056 1307 2090 ἀπῆν
1323 2056 1362 2090 τῷ
1375 2056 1490 2090 σώματι.
1515 2056 1710 2090 ’Λκριὸεστέρα
1721 2056 1749 2082 δὲ
1759 2054 1828 2083 οὖαα

1037 2102 1084 2128 καὶ
1100 2102 1270 2137 συνετωτερα
1284 2102 1335 2136 τῆς
1350 2101 1464 2136 Μάρθας
1474 2121 1481 2133 ,
1506 2101 1556 2127 οὐκ
1569 2099 1658 2127 εἶπεν
1679 2110 1688 2126 ι
1709 2101 1779 2127 Ὀσα
1794 2099 1827 2127 ἂν

1036 2149 1135 2184 αἰτήσῃ
1144 2148 1189 2174 τὸν
1199 2147 1274 2179 θεὸν,
1291 2146 1370 2173 δώσει
1385 2155 1426 2172 σοι
1440 2148 1454 2173 ὁ
1468 2147 1542 2178 Θεός.
1559 2156 1568 2172 ι
1583 2147 1629 2173 Διὺ
1643 2146 1710 2182 πρὸς
1723 2146 1827 2180 ταύτην

1035 2193 1110 2219 οὐδὲν
1133 2192 1208 2218 λαλεῖ
1229 2193 1242 2217 ὁ
1258 2192 1370 2228 Κύριος,
1385 2192 1453 2227 προς
1470 2192 1498 2218 δὲ
1519 2193 1568 2227 τὴν
1579 2192 1694 2226 Μάρθαν
1720 2192 1825 2227 μακρὸν

194 2228 332 2262 prolixum
359 2228 455 2256 habuit
481 2237 647 2257 sermonem.
673 2229 727 2258 Sed
753 2231 825 2258 enim
852 2232 977 2260 obrutam

1052 2239 1146 2265 ιέτεινε
1166 2239 1212 2264 τὸν
1228 2238 1315 2272 λόγον.
1346 2238 1383 2272 Τῇ
1404 2237 1476 2274 λύπῃ
1494 2238 1586 2272 μέντοι
1609 2237 1762 2271 μεθύουσαν
1776 2238 1827 2272 τὴν

195 2274 289 2301 dolore
314 2274 428 2301 Mariam
459 2283 514 2302 non
537 2275 687 2309 redarguit,
708 2276 731 2303 ei
751 2277 796 2311 qui
825 2281 980 2305 creaturam

193 2328 301 2347 onmem
319 2321 411 2355 implet
427 2322 479 2348 hoc
491 2321 635 2353 locutanm
651 2321 677 2348 Si
690 2321 791 2350 fuisses
801 2323 856 2357 hic,
868 2334 877 2350 ι
889 2332 981 2352 exeru-

193 2367 268 2401 plum
283 2366 362 2394 nobis
378 2368 502 2402 przebens
521 2375 575 2394 non
589 2368 772 2404 redarguendi
786 2377 834 2398 eos
851 2372 897 2406 qui
915 2376 980 2399 sunt

193 2412 219 2439 in
244 2413 346 2439 recenti
364 2413 576 2448 vehementique
602 2414 688 2442 luctu.
716 2414 864 2450 Propterea
891 2425 980 2452 neque

193 2457 363 2491 colloquitur
389 2465 450 2484 cum
476 2465 518 2490 ea,
536 2463 637 2493 neque'
653 2459 722 2486 dicit
743 2467 775 2486 ea
803 2468 864 2495 quae
890 2461 980 2488 sorori

192 2503 252 2535 cius
268 2502 346 2534 dixit,
371 2504 500 2538 quoniam
527 2505 618 2532 aderat
640 2513 738 2540 magna
754 2507 910 2538 multitudo,
929 2514 981 2533 nec

192 2549 288 2574 talium
314 2549 461 2576 verborum
489 2554 598 2585 tempus
629 2556 713 2578 erat:
741 2552 893 2585 acquiescit
916 2561 980 2580 vero

192 2596 280 2629 magis
295 2599 320 2622 et
336 2597 497 2629 asscntitur,
513 2597 661 2624 humanam
681 2601 807 2624 naturam
821 2598 977 2631 declarans,

191 2645 218 2667 ct
245 2641 414 2676 lacrymatur
436 2646 463 2670 et
481 2643 662 2670 confunditur
676 2643 772 2671 videns
797 2651 856 2671 eam
883 2645 978 2680 lugen-

190 2691 258 2717 tem.
277 2692 304 2715 et
322 2687 433 2716 Iudaeos
447 2689 493 2723 qui
511 2693 698 2716 convenerant
716 2689 930 2725 illacrymanles.

227 2733 273 2765 XI,
293 2734 336 2761 ⁵55.
359 2734 500 2768 Infremuit
525 2734 625 2768 Spiritu
652 2739 677 2760 et
713 2736 824 2763 lurbauil
848 2738 973 2772 seipsum.

226 2780 360 2812 Quoniam
379 2787 435 2807 non
452 2780 540 2807 solum
565 2780 637 2808 Deus
661 2783 810 2810 secundum
835 2789 973 2818 naturam,

192 2825 238 2851 sed
256 2829 282 2851 ct
294 2824 375 2851 homo
388 2828 447 2851 erat
458 2825 599 2856 Christus,
617 2834 690 2853 nunc
704 2828 805 2863 aliquid
820 2829 971 2858 humanum

191 2868 304 2902 patitur.
321 2867 389 2895 Cum
413 2868 485 2896 enim
500 2870 578 2898 dolor
593 2871 620 2898 in
643 2879 675 2899 eo
693 2875 804 2902 excitari
829 2875 971 2911 inciperet,

1034 2284 1144 2319 Μαρίαν
1158 2284 1207 2309 οὐκ
1223 2284 1341 2318 ἐλέγχει.
1357 2284 1487 2309 εἰποῦσαν
1499 2283 1542 2315 τὸ,
1563 2293 1572 2309 ε
1585 2284 1615 2309 Εί
1628 2282 1660 2318 ἦς
1675 2281 1727 2309 ὦδε
1737 2303 1745 2314 ,
1762 2293 1771 2309 ι
1786 2284 1824 2318 τῷ

1034 2329 1182 2365 πληροῦντι
1196 2329 1246 2364 τὴν
1257 2329 1366 2356 ἃπασαν
1381 2330 1485 2356 κτίσιν·
1507 2330 1574 2365 πρὸς
1591 2330 1664 2364 ἡμᾶς
1678 2330 1823 2364 ὑπογραμ-

1035 2376 1084 2411 μὸν
1099 2375 1237 2402 καὶτοῦτο
1253 2375 1347 2405 ποιῶν,
1365 2375 1408 2401 ἵνα
1424 2375 1461 2410 μὴ
1475 2375 1538 2407 τοὺς
1553 2376 1582 2401 ἐν
1599 2376 1673 2409 ἀκμῇ
1691 2375 1745 2401 τῶν
1757 2375 1823 2410 θρή-

1033 2429 1086 2447 νων
1116 2420 1195 2451 ὖντας
1224 2420 1390 2456 ὲλέγχωμεν.
1415 2421 1464 2447 Διὰ
1486 2421 1564 2447 τοῦτο
1585 2421 1644 2447 οὐδὲ
1667 2421 1822 2456 διαλέγεται

1032 2465 1116 2500 αὐτῇ,
1131 2465 1190 2491 οὐδὲ
1213 2465 1287 2499 λέγει
1307 2465 1341 2492 τὰ
1355 2466 1438 2497 αὐτὰ,
1462 2465 1479 2492 ἃ
1494 2467 1540 2493 καὶ
1557 2467 1624 2500 πρὸς
1639 2466 1689 2501 τὴν
1704 2466 1823 2502 ἀδελφὴν

1032 2510 1118 2545 αὐτῆς
1132 2509 1190 2536 εἷπε
1202 2530 1209 2542 ,
1223 2510 1267 2537 διὰ
1282 2511 1311 2537 τὸ
1328 2513 1453 2546 παρεῖναι
1477 2512 1560 2539 πολὺν
1587 2513 1665 2548 ὄχλον
1675 2534 1681 2545 ,
1709 2514 1756 2540 καὶ
1785 2514 1821 2548 μὴ

1032 2555 1102 2583 εἶναι
1116 2557 1214 2592 καιρδν
1231 2557 1284 2583 τῶν
1302 2558 1431 2584 τοιούτων
1453 2559 1594 2593 ῥημάτων·
1609 2559 1822 2594 συγκαταϐαίνει

1031 2603 1059 2630 δὲ
1077 2603 1192 2638 μᾶλλον,
1209 2604 1259 2639 τὴν
1281 2604 1454 2640 ἀνθρωπίνην
1479 2605 1558 2639 φύσιν
1577 2606 1755 2641 ἀπογυμνῶν,
1773 2607 1821 2633 δα-

1031 2649 1109 2684 κρύει
1118 2650 1146 2676 se
1155 2650 1202 2676 καὶ
1213 2652 1364 2686 συγχεῖται,
1375 2651 1435 2677 ἰδὼν
1447 2652 1530 2687 αὐτὴν
1542 2652 1687 2679 κλαίουσαν
1697 2653 1746 2679 καὶ
1758 2654 1821 2684 τοὺς

1032 2696 1207 2728 συνελθόντας
1220 2697 1288 2732 αὐτῇ
1313 2697 1456 2729 Ἰουδαίους
1470 2698 1623 2730 κλαίοντας.

1071 2742 1299 2777 Ἐνεῦριμήσατο
1330 2743 1369 2775 τῷ
1403 2745 1552 2779 Πνεύματι
1590 2745 1638 2772 καὶ
1672 2746 1820 2780 ἐτάραξεν

1028 2787 1147 2814 ἑαυτόν.

1071 2833 1178 2868 Ἐπειδὴ
1207 2834 1235 2860 δὲ
1260 2835 1290 2861 οὺ
1313 2836 1391 2870 μόνον
1418 2835 1483 2868 Θεὸς
1503 2837 1573 2863 κατὰ
1586 2836 1756 2871 φύοιν,ἁλλὰ
1770 2838 1818 2864 καὶ

1027 2878 1168 2914 ἄνθρωπος
1183 2878 1216 2915 ἦν
1231 2881 1244 2906 ὁ
1261 2881 1376 2916 Χριστὸς
1387 2904 1393 2915 ,
1418 2882 1515 2916 πάσχει
1533 2883 1578 2908 καὶ
1595 2883 1642 2909 νῦν
1657 2883 1686 2908 τὸ
1709 2884 1815 2918 ἀνθρώ-
1837 2917 1840 2925 ⁸
