1906 3037
71 169 108 197 53
510 168 542 196 IN
557 167 728 196 JOANNEM.
744 184 779 190 --
795 168 859 196 LIB.
881 167 928 195 Vll
947 166 990 194 ET
1007 167 1065 194 VIII
1079 165 1294 194 FRAGMILN'I‘A
1675 170 1710 202 $5

68 232 159 251 πινον.
190 224 360 260 ’Δρχομένης
377 224 406 250 δὲ
431 232 490 254 πως
511 223 541 250 ὲν
563 223 638 258 αὐτῷ
661 223 794 250 κινεῖσθαι
820 223 867 258 τῆς

921 226 1017 250 sancta
1056 230 1139 250 carne
1175 222 1231 256 jam
1258 226 1386 257 vergente
1420 222 1452 248 ad
1484 223 1632 258 lacrymas,
1653 233 1706 254 non

69 269 170 303 λύπης,
186 270 235 296 καὶ
250 269 383 304 νευοὺσης
398 269 446 304 ἤδη
459 268 528 304 πρὸς
543 269 573 295 τὸ
586 268 704 304 δάκρυον
721 268 770 304 τῆς
785 268 868 303 ἁγίας

69 314 193 350 σαρκὸςδ
221 315 272 341 οὐκ
295 315 404 350 ἐφίησιν
418 314 505 349 αὐτὴν
525 314 604 341 τοῦτο
623 314 720 341 παθεῖν
736 314 867 347 ἔκλύτως,

70 359 200 395 καθάπερ
213 360 274 391 ἔθος
287 361 353 395 ἡμῖν
363 369 369 376 ·
386 369 396 386 ι
417 359 601 395 Ἐμῆριμᾶται
611 359 640 386 δὲ
652 359 690 394 τῷ
699 359 864 394 Πνεύματι·ι

70 405 143 432 τοῦτ¹
158 405 230 438 ἐστι,
248 407 282 440 τῇ
297 404 412 440 δυνάμει
420 404 466 431 τοῦ
480 404 557 438 ἁγίου
568 404 728 439 Πνεύματος
737 404 869 439 ἐπιπλήτ-

54 458 111 488 ,τει
125 450 230 484 τρόπον
245 450 308 477 τινὰ
324 451 357 486 τῇ
376 449 430 485 ἰδίᾳ
446 448 527 485 σαρκί
540 457 546 463 ·
565 449 632 485 ἠδὲ,
647 449 676 476 τὸ
690 449 740 485 τῆς
756 449 866 475 ἑνωθεί-

71 505 120 531 σης
136 496 208 531 αὑτῇ
225 496 353 531 Θεό-τητος
368 496 419 522 οὐκ
436 495 586 529 ἐνεγκοῦσα
596 495 710 530 κίνημα,
725 495 822 530 τρέμει
838 503 868 522 τε

70 543 117 568 καὶ
131 541 252 577 θορύὸου
261 542 410 570 πλάττεται
423 542 517 577 σχῆμα
531 542 578 568 καὶ
591 541 737 576 συγχέεται
750 549 756 555 ·
769 540 868 573 πένθος

71 586 124 621 γὰρ
137 583 209 612 οἶδεν
226 587 428 623 ἀναρριπίζειν.
451 586 538 613 Τοῦτο
554 586 608 621 γὰρ
621 584 698 621 οἶμαι
723 587 867 622 σημαίνειν

69 632 115 662 τὸ,
134 641 145 658 ι
167 633 319 668 Ἔτὸιραεεν
336 633 440 660 ἑαυτὸν.
461 642 470 658 ι
486 633 548 664 Πῶς
565 632 620 668 γὰρ
632 633 665 659 ἂν
683 632 786 668 ἑτέρως
801 633 867 659 ὐπο-

72 677 151 712 μείνῃ
168 677 285 712 θόρυϐον
297 686 304 710 ;
318 677 527 713 Ταραχθήσεταί
539 686 570 712 γε
586 677 641 713 μὴν
654 678 724 705 κατὰ
737 678 797 705 τίνα
806 678 867 714 τρόο

72 729 120 747 πον
132 722 149 756 ἡ
167 722 304 754 ἀθόλωτος
316 723 360 750 ἀεὶ
376 723 423 750 καὶ
438 723 595 758 γαληνιῶσα
611 724 708 758 euang;
725 724 868 760 Ἐπιτιμᾱ-

72 775 115 793 ται
127 767 219 794 τοίνυν
236 769 253 804 ἡ
270 768 338 803 σὰρξ
351 769 395 797 διὰ
406 769 453 796 τοῦ
469 769 638 805 Πνεῦματοςτ
653 770 688 796 τὰ
701 770 770 806 ὑπὲρ
786 770 866 805 φύσιν

73 812 140 839 ἰδίαν
150 813 334 850 διδασκομένη
351 817 468 850 φρονεῖν.
481 815 530 843 Διά
541 816 596 852 γάρ
611 825 651 843 τοι
662 815 742 843 τοῦτο
756 816 866 850 γέγονεν

72 858 99 883 ἐν
111 859 211 893 σαρκὶ,
235 859 336 894 μᾶλλον
350 859 378 887 δὲ
396 859 475 895 σὰρξ.
488 861 502 887 ό
515 860 606 892 πάντα
620 860 720 896 ἰσχύων
731 861 779 888 τοῦ
798 861 866 888 Θεοῦ

72 903 171 937 Λόγος,
193 904 238 930 ἵνα
251 906 310 937 ταῖς
326 905 476 941 ἐνεργείαις
488 905 536 932 τοῦ
550 906 616 938 ἰδίου
631 907 802 942 Πνεύματῡς,
816 907 865 940 τὰς

74 948 123 982 μὲν
135 949 186 984 τῆς
200 951 301 986 σαρκὸς
313 950 454 983 ἀσθενείας
469 951 603 988 νευρώσῃ,
620 953 667 980 καὶ
682 953 864 988 γεωδεστέρου

72 995 248 1029 φρονήματος
273 996 413 1032 ἀπαλλάξῃ
445 998 494 1033 τὴν
511 997 610 1032 φύσιν,
634 999 821 1034 ἀναμορφὼσῃ
836 999 865 1025 δὲ

72 1039 168 1075 ὥςπερ
189 1042 229 1072 εἰς
249 1042 319 1077 μόνα
338 1042 372 1069 τὰ
392 1043 523 1070 δοκοῦντα
537 1044 608 1079 Θεῷ.
638 1044 742 1071 eam
758 1045 864 1080 νόσημα

74 1086 123 1120 μὲν
137 1087 245 1120 φύσεως
255 1088 440 1125 ἀνθρωπίνης,
447 1089 477 1116 τὸ
484 1089 674 1126 τυραννεῖσθαι
681 1091 742 1122 ταῖς
754 1090 864 1122 λύπαις.

920 269 986 295 sinit
1011 268 1063 295 hoc
1079 275 1139 295 eam
1165 267 1254 294 facere
1270 267 1369 301 solute,
1383 272 1411 294 ut
1434 269 1518 296 moris
1535 274 1577 296 cst
1604 270 1684 302 nobis
1701 281 1707 298 ε

922 313 1060 341 ιΙιιίτοιιιίι
1071 317 1160 340 autem
1178 313 1311 348 Spiritu.)
1325 313 1377 340 hoc
1392 318 1434 341 est
1449 314 1473 340 vi
1489 314 1577 342 sancti
1591 313 1709 350 Spiritus

919 359 1123 394 quodammodo
1152 366 1229 385 suam
1254 366 1368 386 carnem
1398 359 1550 394 increpat:
1571 360 1615 387 illa
1642 368 1710 387 vero

920 404 1003 432 unita:
1014 405 1066 433 sibi
1079 404 1189 433 deitatis
1204 408 1309 431 motum
1326 412 1381 432 non
1397 404 1499 438 ferens,
1518 406 1609 433 t-remit
1624 409 1650 433 et
1665 410 1709 433 tu-

919 451 1081 483 multuatur,
1102 451 1235 486 luctuque
1254 450 1436 478 confunditur
1461 458 1493 478 ac
1518 455 1626 479 mtuat.
1651 451 1708 479 IIoc

918 496 1002 528 enim,
1015 498 1124 531 opinor,
1137 496 1276 531 signiﬁcat
1288 495 1366 529 illud,
1381 505 1390 522 ι
1403 496 1538 523 Turbavit
1552 497 1683 531 seipsum.
1696 506 1706 523 ι

918 541 1064 574 Quomodo
1084 541 1156 569 enim
1178 541 1265 575 aliter_
1275 541 1429 570 sustineret
1454 542 1622 571 tumultum?
1638 541 1707 569 Tur-

920 587 1029 614 habitur
1048 586 1160 622 quidem
1176 594 1296 621 quonam
1312 586 1395 614 modo
1411 586 1551 614 inturbida
1565 591 1592 614 et
1609 594 1707 614 serena

918 637 1017 664 natura
1025 632 1209 667 ?rlncrepatur
1221 639 1287 660 vero
1302 640 1368 660 caro
1384 640 1432 668 per
1445 633 1592 667 Spiritum,
1610 632 1707 660 educta

918 684 945 707 et
965 680 1046 713 jussa
1069 686 1166 713 sapere
1192 686 1253 714 quae
1281 686 1364 714 supra
1383 683 1512 706 naturam
1533 686 1610 707 suam
1631 683 1706 707 sunt.

917 723 1036 759 Propter
1064 723 1115 751 hoc
1141 724 1213 751 enim
1231 723 1284 750 fuit
1301 724 1328 750 in
1347 731 1441 758 carne,
1460 723 1516 751 imo
1542 732 1607 751 vero
1630 726 1706 758 caro,

918 770 1092 804 omnipotens
1116 769 1164 797 Dei
1183 768 1314 803 Verbum,
1331 773 1361 796 ut
1387 777 1435 804 per
1453 770 1627 804 operationcs
1649 770 1708 798 elli-

918 822 998 843 caccs
1013 815 1117 851 proprii
1140 813 1272 850 Spiritus,
1289 815 1383 843 carnis
1407 815 1579 845 inﬁrmitates
1599 817 1708 844 confor-

918 862 1036 891 taret,et
1059 862 1198 886 aterrena
1220 859 1386 893 cogitatione
1409 863 1536 887 naturam
1559 860 1707 894 humanam

883 895 903 922 Β
919 904 1101 937 abstraheret,
1114 903 1381 940 transformaretque
1396 906 1470 934 velut
1485 906 1512 935 in
1529 914 1560 933 ea
1577 907 1634 934 sola
1648 914 1709 942 qua:

920 949 975 976 Dee
999 949 1118 984 placent.
1136 948 1223 984 Igitur
1249 949 1364 978 morbus
1387 954 1430 977 est
1454 955 1560 978 natura:
1583 951 1710 979 humanas

919 995 1070 1022 obnoxium
1085 1002 1147 1023 esse
1161 995 1186 1022 vi
1199 995 1315 1028 doloris,
1327 995 1373 1031 qui
1392 1000 1419 1023 et
1435 1003 1498 1034 cum
1514 997 1577 1024 aliis
1595 1005 1710 1032 supera-

920 1047 965 1069 tur
981 1041 1009 1068 in
1034 1041 1121 1076 primo
1141 1042 1262 1075 Christo,
1277 1047 1307 1070 ut
1333 1042 1367 1070 ad
1393 1050 1444 1071 nos
1472 1051 1581 1079 quoque
1609 1052 1708 1079 perve-

920 1089 985 1116 aiat.

72 1134 216 1167 κρατεῖται
235 1134 263 1161 δὲ
287 1135 334 1162 καὶ
357 1135 435 1162 τοῦτο
452 1137 522 1172 μετὰ
541 1137 596 1164 τῶν
616 1137 704 1165 ἄλλων
720 1139 749 1164 ἐν
764 1138 865 1173 πρώτῳ
883 1136 1004 1171 Χριστῷ,
1020 1136 1062 1164 ἵνα
1078 1136 1124 1165 καὶ
1139 1137 1180 1168 είς
1193 1137 1266 1172 ἡμᾶς
1279 1136 1369 1173 διαϐῇ.

109 1180 165 1206 Καὶ
183 1181 214 1207 τὸ
225 1182 331 1217 ἐρωτᾷν
346 1183 384 1217 (I)
399 1181 446 1209 οὖν
463 1183 592 1219 οὐδεμίαν
610 1185 720 1218 ἄγνοιαν
735 1185 813 1220 φέρει
827 1185 868 1220 τῷ

73 1225 107 1251 δι’
117 1226 193 1260 ἡμᾶς
208 1227 267 1253 καθ’
283 1228 356 1263 ἡμᾶς
371 1229 510 1264 γενομένῳ
523 1238 529 1244 ·
554 1229 612 1256 ἀλλ’
631 1230 662 1256 ὲκ
677 1230 753 1257 τοῦδε
765 1230 866 1265 μᾶλλον

75 1274 131 1304 ἶσος
150 1273 188 1308 τῷ
204 1275 292 1309 [la-.9!
308 1275 455 1302 δείκνυται·
467 1277 514 1303 καὶ
524 1276 579 1313 γὰρ
587 1278 690 1310 ἐκεῖνος
701 1279 802 1314 ἐρωτᾷ,
815 1287 860 1305 ποι

80 1318 167 1352 Ἀδὰμ
183 1317 227 1354 ἦν’
247 1321 294 1346 καὶ
308 1316 386 1352 οὗτος
402 1321 513 1355 ἄγνοιαν
538 1321 689 1356 σοφίζεται,
704 1323 752 1349 καὶ
765 1323 864 1350 πυνθά-

74 1365 238 1391 vetor-I195
252 1365 404 1399 τεθεῖκατε;
418 1377 428 1393 ι
438 1367 509 1394 ὦπτε
524 1368 568 1395 διὰ
579 1369 636 1403 τῆςι
646 1368 784 1400 πεύσεως,
799 1369 868 1403 πλῆ-

75 1409 119 1441 θος
137 1411 337 1446 συναγερθῆναι
353 1413 420 1448 πρὸς
432 1413 482 1448 τὴν
496 1413 649 1446 ἀπόδειξιν,
661 1415 707 1441 καὶ
723 1415 800 1450 παρὰ.
813 1414 867 1441 τῶν

74 1455 180 1491 ἐχθρῶν
207 1457 310 1492 μᾶλλον
342 1458 548 1494 μαρτυρηθῆναι
571 1459 602 1486 τὸ
632 1459 782 1494 παράδοξον
816 1459 868 1494 τῆς

75 1502 250 1535 ἁναῆιώσεως
265 1504 312 1530 τοῦ
326 1504 375 1540 ἤδη
391 1505 599 1540 διαφθαρέντος.
611 1521 644 1526 —
659 1506 765 1541 Ἐρωτᾷ
777 1505 868 1532 τοίνυν

74 1547 124 1581 οὐχ
138 1548 176 1578 ὡς
189 1547 296 1582 ἀγνοῶν
308 1557 315 1563 ·
341 1549 388 1576 καὶ
405 1549 458 1585 γὰρ
480 1550 524 1577 ἐπ’
548 1550 701 1585 ἀλλοδαπῆς
719 1550 756 1577 ὢν
767 1570 774 1581 .
789 1550 867 1583 εἰδὼς

74 1591 115 1618 δτι
128 1592 262 1627 τέθνηκε,
280 1593 339 1626 πῶς
358 1594 391 1620 ἂν
407 1595 525 1630 ἠγνόησε
547 1595 578 1622 τὸ
601 1595 711 1631 μνῆμα;
743 1596 824 1630 Λέγει
839 1595 867 1624 δὲ

75 1637 161 1669 οὕτως
178 1638 216 1669 ὡς
237 1639 432 1675 ὢφιλόκομπος.
453 1640 491 1667 Οὐ
510 1641 563 1676 μὴν
576 1641 605 1667 δὲ
618 1639 712 1668 εἶπεν·
738 1641 866 1677 ’Ἄγωμεν

76 1684 115 1714 εἰς
128 1684 158 1710 τὸ
170 1686 317 1720 μνημεῖον·
328 1685 417 1720 ἐγερῶ
431 1686 485 1721 γὰρ
495 1687 576 1713 αὐτόν
587 1695 594 1701 ν
611 1687 635 1713 εἰ
648 1687 735 1714 καὶτὸ
748 1687 866 1721 μάλιστα

77 1729 211 1765 ἐρωτῆσαι
231 1730 317 1763 οὕτως
340 1731 443 1767 ταύτην
472 1732 527 1767 ἔχει
544 1732 593 1768 τὴν
611 1733 741 1768 ἔμφασιν.
770 1734 867 1769 Ὅμως

78 1775 216 1802 καὶτοῦτο
237 1776 338 1808 ειπὼν,
354 1777 470 1809 πολλοὺς
486 1778 677 1814 παρεσκεύασε
692 1779 867 1814 προῦαᾶίςειν

79 1819 169 1851 αὑτοῦ,
182 1820 220 1852 ὡς
236 1821 428 1848 ὑποδείκνυται
442 1821 471 1848 τὸ
488 1822 663 1858 ζητούμενον.
681 1823 866 1859 Οἰκονομικῶς

79 1861 122 1890 ὠν
136 1865 183 1891 καὶ
203 1865 282 1892 τοῦτο
301 1864 394 1899 εἶπεν,
424 1866 510 1894 ἕλκων
531 1867 575 1894 διὰ
593 1866 640 1894 τοῦ
664 1868 784 1903 ῥήματος
801 1868 867 1894 πολ-

79 1909 139 1942 λοὺς
156 1911 196 1942 si;
217 1911 264 1938 τὸν
276 1911 358 1939 τόπον
370 1919 377 1927 ”
399 1912 445 1941 καὶ
460 1913 567 1946 ἀγνοεῖν
583 1913 797 1948 σχηματίζεται,
820 1913 869 1949 τὴν

78 1955 124 1990 τῆς
147 1956 356 1992 ἀνθρωπότητος
378 1957 499 1984 δουλείαν
523 1959 570 1985 καὶ
593 1959 728 1994 πτωχείαν
751 1959 868 1994 οὐδαμοῦ

79 2003 297 2038 παραιτούμενος
308 2005 322 2030 ὁ
335 2004 416 2039 φύσει
431 2005 506 2036 θεὸς.
525 2006 571 2032 καὶ
588 2006 677 2032 πάντα
686 2006 773 2039 εἰδὼς,
789 2007 819 2033 οὐ
834 2007 868 2033 τὰ

78 2049 206 2082 γεγονότα
222 2050 302 2085 μόνον
311 2070 318 2082 ,
331 2050 400 2078 ἀλλὰ
412 2051 459 2078 καὶ
471 2052 505 2078 τὰ
521 2052 639 2087 ἐσόμενα
652 2052 717 2087 πρὶν
735 2052 868 2086 γενέσεως

78 2095 174 2122 αὐτῶν.

954 1183 1138 1217 Interrogatio
1151 1184 1254 1211 nullam
1284 1184 1468 1219 ignorantiam
1492 1185 1630 1220 signiﬁcat
1648 1185 1712 1219 ejus

918 1230 964 1264 qui
1000 1233 1125 1264 propter.
1143 1237 1194 1256 nos
1222 1229 1323 1257 similis
1350 1229 1430 1257 nobis
1459 1230 1547 1258 Iactus
1579 1236 1620 1258 est
1647 1230 1670 1246 “
1699 1239 1707 1257 :

917 1274 971 1301 imo
987 1275 1027 1302 sic
1048 1274 1123 1301 Patri
1151 1275 1241 1308 potius
1267 1281 1318 1301 suo
1346 1274 1446 1302 similis
1473 1275 1706 1302 demonstratur:

918 1328 1038 1356 namque
1070 1325 1096 1347 ct
1129 1321 1176 1348 ille
1207 1320 1407 1355 interrogavit»,
1439 1320 1551 1348 ubinam
1583 1320 1707 1348 Adamus

918 1369 991 1393 esset
1009 1376 1015 1393 :
1034 1369 1061 1393 et
1077 1373 1151 1392 nunc
1169 1364 1252 1393 Iesus
1278 1365 1462 1400 ignorantiam
1483 1365 1567 1394 veluti
1596 1365 1709 1392 simulat

918 1411 1077 1442 sciscitans.
1096 1420 1106 1437 ι
1127 1411 1244 1438 Ubinam
1271 1410 1422 1446 posuistis?
1440 1420 1450 1436 ι
1470 1414 1503 1437 υιη
1521 1410 1558 1437 ob
1575 1410 1648 1436 hanc
1667 1411 1708 1437 in-

920 1457 1139 1492 terrogationem
1171 1456 1290 1492 populus
1321 1459 1502 1482 concurreret
1531 1455 1566 1482 ad
1596 1454 1709 1482 demon-

919 1497 1064 1531 strandum
1091 1503 1193 1533 locum.
1217 1505 1300 1536 atque
1333 1502 1369 1528 ita
1401 1501 1505 1529 inimici
1534 1501 1707 1536 potissimum

921 1554 1005 1577 testes
1023 1549 1120 1576 Ilerent
1138 1548 1266 1575 miraculi
1289 1547 1448 1575 resuscitati
1475 1547 1605 1581 hominis,
1626 1541 1716 1582 quem

917 1595 976 1630 jam
989 1594 1105 1622 funerea
1121 1594 1198 1622 tabes
1212 1597 1386 1630 corruperat.
1403 1608 1439 1612 —
1452 1594 1607 1628 Iuterrogat
1631 1601 1707 1629 ergo,

920 1647 976 1667 non
997 1640 1062 1674 quia
1081 1639 1191 1674 ignoret
1208 1647 1215 1665 :
1231 1645 1293 1666 nam
1311 1637 1357 1672 qui
1379 1637 1462 1666 etiam
1480 1638 1508 1666 in
1527 1638 1580 1664 alia
1597 1640 1708 1673 regione

919 1685 1095 1712 constitutus
1119 1688 1258 1712 mortuum
1282 1688 1459 1719 cognoverat,
1482 1683 1621 1718 quomodo
1649 1691 1707 1709 tuo-

919 1735 1082 1758 numentum
1113 1729 1285 1764 ignorasset?
1306 1729 1352 1756 Sic
1381 1733 1474 1756 autem
1504 1728 1627 1763 loquitur
1657 1736 1706 1756 ceu

919 1776 994 1804 omni
1006 1775 1196 1803 ostentatione
1210 1775 1326 1803 alienus.
1342 1774 1432 1808 Quare
1447 1782 1498 1802 nec
1510 1775 1578 1801 dixit
1591 1784 1597 1801 :
1609 1774 1708 1802 Eamus

919 1822 954 1850 ad
986 1825 1207 1855 monumentum,
1226 1825 1253 1849 et
1282 1828 1332 1856 ego
1357 1828 1419 1847 eum
1447 1820 1709 1854 suscitabo:quan-

920 1875 1003 1902 quam
1038 1866 1084 1893 illa
1116 1866 1300 1900 interrogatio
1339 1865 1365 1892 id
1398 1865 1517 1892 maxime
1543 1869 1708 1892 eventurum

920 1912 1045 1948 spondet.
1065 1911 1152 1939 Simul
1174 1911 1226 1939 hoc
1248 1911 1337 1943 dicto,
1364 1910 1466 1938 multos
1484 1910 1536 1938 sibi
1556 1910 1710 1945 praecedere

921 1959 1039 1993 impulit,
1068 1963 1097 1986 ut
1125 1965 1181 1985 rem
1209 1957 1353 1992 qumsitam
1380 1955 1615 1983 demonstrarent.
1643 1954 1711 1982 Pru-

921 2005 1019 2033 denter
1035 2013 1100 2032 vero
1117 2005 1143 2032 id
1161 2011 1270 2039 quoque
1285 2003 1403 2035 dixerat,
1415 2006 1445 2029 ut
1461 2002 1563 2029 multos
1577 2009 1610 2029 eo
1625 2001 1709 2028 verbo

922 2051 955 2078 ad
974 2051 1065 2078 locum
1081 2050 1204 2078 traheret
1217 2059 1224 2077 z
1239 2055 1265 2076 et
1287 2048 1449 2083 ignorantiae
1469 2048 1588 2083 speciem
1611 2054 1666 2082 pm
1680 2054 1710 2074 se

923 2098 986 2129 fert,
1003 2105 1037 2124 ne
1054 2096 1233 2124 humanitatis
1255 2095 1384 2123 servilem
1405 2094 1520 2121 formam
1536 2093 1710 2120 tenuitatem-

78 2148 129 2175 que
153 2149 285 2170 recusare
307 2142 446 2175 videatur,
461 2144 509 2178 qui
525 2147 624 2171 natura
641 2151 689 2172 sua
706 2144 779 2171 Deus
792 2149 862 2177 erat,
883 2148 1039 2179 cunctaque
1064 2148 1176 2173 noverat
1197 2142 1268 2169 haud
1287 2141 1424 2175 praeterita
1462 2145 1578 2171 tantum.
1612 2146 1709 2167 verum

79 2188 160 2214 etiam
179 2196 212 2216 ea
228 2196 289 2223 qua}
304 2190 426 2218 nondum
443 2197 604 2219 evenerant.

112 2235 171 2261 Οὐκ
183 2235 347 2269 ἀγνοοῦντος
355 2236 393 2271 (2)
403 2237 432 2263 τὸ
448 2239 572 2272 σημεῖον,
586 2237 626 2270 τὸ,
639 2247 648 2263 ι
663 2237 718 2266 Ποῦ
731 2237 867 2265 τεθείκατε

961 2235 1020 2262 Non
1051 2239 1115 2262 sunt
1144 2233 1297 2269 ignorantis
1332 2232 1464 2260 indicium
1500 2232 1595 2263 verba,
1621 2242 1630 2258 ι
1657 2231 1711 2260 Ubi

79 2280 220 2316 Λάζαρον;
232 2291 240 2307 ι
252 2281 309 2308 ἀλλ’
327 2282 420 2316 ἐπειδὴ
436 2283 540 2318 σφόδρα
553 2282 628 2317 φίλον
645 2283 719 2318 αὐτῷ
735 2283 765 2310 τὸ
777 2282 870 2316 ἀφιλό-

80 2335 195 2361 κομπον,
211 2330 387 2363 παραιτεῖται
407 2328 496 2363 λέγειν
508 2337 514 2345 ·
547 2329 685 2364 Ἀπίωμεν
700 2330 740 2360 εἰς
754 2329 785 2355 τὸ
800 2336 868 2364 μνη-

81 2376 154 2408 μεῖον
167 2383 177 2389 ν
195 2375 282 2410 ἑτέρῳ
302 2375 332 2401 δὲ
345 2375 438 2410 τρόπῳ
456 2375 536 2402 τοῦτό
553 2384 631 2411 φησι.
650 2375 755 2406 ’Ἄλλως
767 2383 807 2408 τε,
823 2375 870 2402 λέκ

79 2427 135 2454 γων
145 2421 160 2447 ὀ
169 2420 282 2455 Κύριος,
295 2420 365 2447 (Ποῦ
375 2421 513 2447 τεθείκατε
529 2421 637 2455 αὑτόν;ι
652 2421 765 2454 πολλοὺς
779 2421 867 2448 ἐποίει

79 2466 140 2498 τοὺς
158 2465 376 2500 συμϐαδίζοντας
388 2466 436 2493 καὶ
447 2466 633 2502 καταμηνύειν
649 2467 804 2499 ἐθέλοντας.
821 2467 870 2502 μά-

79 2510 157 2538 λιστα
183 2511 248 2537 ὅταν
264 2512 279 2537 ὀ
300 2511 438 2545 διερωτῶν
461 2509 531 2538 εἶναι
555 2511 645 2546 δοκοίη
669 2511 769 2547 τίμιος.
790 2512 870 2543 Εἰκὸς

79 2556 107 2583 δὲ
121 2557 161 2583 ὃτι
181 2557 298 2592 ἐπείπερ
317 2555 352 2592 ἦν
368 2558 397 2584 ὲν
413 2557 489 2592 αὺτῷ
508 2557 574 2589 Θεός
596 2566 627 2584 τε
653 2558 699 2584 καὶ
717 2558 869 2593 ἄνθρωπος,

82 2603 226 2638 ἀναμίσγει
246 2603 285 2638 τῷ
302 2603 451 2638 θεοπρεπεί
467 2603 497 2629 τὸ
512 2602 681 2637 ἀνθρώπινον
694 2612 700 2618 ”
718 2604 763 2630 καὶ
777 2604 869 2630 ἄπεισι

83 2648 132 2682 μὲν
148 2649 377 2683 τερατουργήσων
402 2647 439 2679 ὡς
454 2647 535 2679 Θεὸς,
562 2647 637 2674 λαλεῖ
657 2647 685 2674 δὲ
708 2648 746 2679 ὡς
767 2648 871 2684 ἅνθρω-

82 2702 132 2725 πος
144 2702 151 2709 ·
168 2693 215 2720 καὶ
231 2693 304 2728 ειπερ
317 2690 387 2719 οἶδεν
400 2691 437 2723 ὡς
448 2692 514 2723 Θεὸς
524 2713 531 2725 ,
548 2692 655 2726 ἀγνοεῖν
671 2692 727 2718 ἐσθ’
745 2693 789 2719 ὅτε
804 2701 870 2728 σχηο

118 2761 140 2777 ⁸⁵
154 2761 309 2796 Philippm,
324 2760 352 2786 'I.

117 2821 155 2855 (I)
169 2821 264 2848 Καίτύ
276 2819 390 2854 ἐρωτᾷν
402 2840 408 2846 .
424 2841 429 2848 ,
443 2839 450 2846 .
465 2841 471 2846 .
484 2820 629 2855 γενέσεως
645 2821 754 2847 αὑτων.
769 2820 806 2846 Et
817 2820 871 2847 Ma-

85 2856 149 2885 carii
165 2855 383 2891 Chrysocephali
398 2859 479 2884 tract.
496 2856 537 2889 I6,
556 2856 618 2884 cod.
641 2856 689 2884 fol.
708 2856 760 2883 3'12
776 2855 801 2888 ὁ,
825 2863 868 2890 ap.

86 2892 139 2920 Mai
153 2891 170 2919 Ι.
186 2891 205 2918 l.
221 2900 248 2927 p.
268 2891 329 2918 154.

924 2282 1057 2310 Lazarum
1080 2280 1233 2315 posuistis?
1247 2290 1257 2306 ι
1277 2280 1323 2310 sed
1353 2280 1417 2314 quia
1433 2279 1596 2307 modestiam
1623 2279 1709 2313 potis-

924 2328 1023 2354 simum
1045 2327 1203 2357 adamahat,
1234 2325 1324 2353 noluit
1337 2325 1432 2354 dicere
1450 2334 1456 2352 ε
1482 2324 1583 2351 Eamus
1603 2325 1637 2352 ad
1653 2332 1710 2352 mo-

923 2376 1081 2402 numentum
1107 2371 1181 2400 :sed
1208 2371 1264 2398 alio
1301 2370 1382 2400 modo
1398 2370 1425 2397 id
1445 2369 1554 2397 edatur.
1581 2369 1710 2404 Alioquin

923 2419 987 2446 dum
1016 2419 1054 2445 ait
1081 2418 1224 2449 Dominus,
1255 2427 1264 2443 ε
1285 2417 1402 2444 Ubinam
1432 2417 1564 2451 posuistis
1589 2416 1674 2444 eum?
1696 2426 1706 2442 ι

923 2465 1026 2492 multos
1053 2464 1244 2493 commovebat
1274 2463 1309 2491 ad
1335 2462 1523 2491 eomitandum
1558 2463 1585 2490 in
1612 2463 1709 2490 itinere

924 2512 1069 2546 locumque
1080 2510 1342 2547 demonstrandum.
1355 2510 1508 2545 praesertim
1523 2510 1586 2544 quia
1600 2514 1710 2543 rogator

924 2558 1041 2585 illustris
1057 2561 1127 2584 erat.
1149 2556 1247 2584 Merito
1262 2560 1354 2583 autem
1369 2555 1434 2590 quia
1455 2555 1537 2582 simul
1563 2555 1633 2582 Deus
1651 2559 1710 2582 erat

925 2606 951 2630 et
966 2603 1056 2635 homo,
1073 2603 1170 2630 miscet
1186 2602 1311 2637 dignitati
1332 2601 1431 2628 divinae
1448 2601 1585 2628 humanos
1606 2603 1686 2627 actus
1703 2607 1709 2625 :

924 2649 1035 2683 abitque
1065 2648 1228 2675 miraculum
1259 2647 1383 2675 editurus
1415 2650 1445 2674 ut
1474 2645 1560 2676 Deus,
1588 2646 1712 2679 loquitur

922 2698 1014 2720 tamen
1032 2697 1060 2720 ut
1079 2693 1160 2720 homo
1173 2702 1180 2720 :
1193 2697 1220 2720 et
1233 2701 1293 2728 quae
1307 2693 1391 2728 probe
1409 2691 1480 2720 Deus
1495 2694 1619 2721 noverat,
1634 2691 1710 2725 igno-

961 2822 999 2855 (2)
1014 2822 1076 2847 οὐκ
1093 2819 1276 2854 ἀγνοοῦντος
1329 2818 1574 2855 παραιτούμενος.
1585 2816 1620 2855 Er
1629 2820 1708 2855 _c_:_tte-

925 2851 968 2884 na'
979 2851 1106 2884 Vaticana
1117 2851 1169 2890 'ap.
1187 2855 1240 2882 Mai
1257 2851 1317 2882 loco
1333 2851 1416 2889 supra
1431 2853 1555 2885 laudato,
1567 2860 1594 2886 p.
1613 2851 1672 2879 I55.
