1906 3037
85 177 113 205 Gl
358 187 365 206 ι

517 179 550 207 ΙΝ
567 179 734 207 JOANNEM.
752 196 787 200 —
804 181 868 209 LIB.
880 182 926 210 VII
936 183 980 210 ET
992 184 1048 212 VIII
1062 185 1284 213 FRAGMENTA.

1679 188 1714 216 02

84 234 228 270 πρέποντα
242 235 354 271 καιρὸν,
379 235 426 262 καὶ
447 235 492 262 τὸν
508 237 541 271 τῇ
557 235 659 262 ἀνέσει.
685 237 760 272 Πλὴν
771 238 882 273 εὐχαρι-

935 242 1032 271 bonus.
1059 236 1145 268 novit'
1164 241 1344 277 increpationi
1374 246 1481 277 tempus
1509 250 1660 278 congruum
1689 249 1715 271 et

85 282 140 308 στεῖ
162 282 177 307 ὁ
194 280 319 317 Κύριος,
345 282 391 308 καὶ
409 281 488 308 τοῦτο
507 282 579 308 ποιεῖ
601 282 671 317 πρὸς
697 282 880 318 ὑπογραμμὸν

84 327 176 363 ἡμῶν,
190 328 283 362 τιμῶν
295 327 340 354 τὸν
356 328 475 364 Πατέρα.
484 327 570 354 Ὅταν
586 328 614 354 δὲ
627 328 642 354 ὁ
655 328 710 360 ἴσος
721 329 759 364 τῷ
774 329 823 364 ἴσῳ
834 330 879 356 εὑ-

85 373 251 409 χαριστῇ,οὑ
264 374 337 400 ποιεῖ
346 373 454 404 πάντως
467 373 545 400 τοῦτο
555 373 605 408 τῆς
615 374 709 405 οὐσίας
721 374 878 402 ἐλάττωσιν.

85 415 165 444 Δι’ὧν
177 418 206 444 δὲ
216 418 442 453 ἐπισημαίνεται,
451 418 491 444 ὄτι
499 418 547 444 Διὰ
558 418 603 444 τὸν
615 418 692 453 ὂχλον
701 418 785 445 ταῦτα
796 419 878 453 λέγω,

88 463 228 499 μονονουχί
243 473 343 499 φησιν,
358 464 398 490 ὃτι
418 464 647 500 Προσπεποίημαι
662 464 712 499 τῆς
723 465 880 500 προσευχῆς

85 509 114 535 τὺ
125 510 226 543 σχῆμα,
247 510 297 535 καὶ
309 509 487 544 οἰκονομικῶς
497 507 574 535 εἷπον
585 509 767 545 εὐχαριστεῖν.
787 510 879 545 ¹ᾘδειν

86 555 137 590 γὰρ
151 555 191 581 ὅτι
205 554 325 581 πάντοτέ
342 564 391 590 μου
405 554 523 586 ἀκούεις.
536 555 573 581 οὐ
590 555 644 590 γάρ
660 556 718 581 ἐστι
735 556 803 590 πρὸς
817 556 864 582 έαυ

87 600 132 634 τὴν
145 600 264 635 ἀπειθὴς
283 602 299 635 ἡ
321 601 368 635 μία
381 600 431 635 τῆς
447 600 573 635 θεότητος
589 601 685 635 φύσις,
711 601 825 636 ἐπείπερ
840 599 880 633 εἷς

87 647 157 673 ἐστιν
172 647 186 673 ὀ
199 646 253 681 τῆς
271 647 386 682 Τριᾱὸος
400 645 472 678 νοῦς,
489 646 594 681 Πατρός
605 666 613 678 ,
636 646 702 673 Υἱοῦ
713 667 721 679 ,
739 647 787 673 καὶ
800 647 880 673 ΙΙνεὺ-

89 700 178 727 ματος.
198 691 288 724 Εἰδὼς
305 690 368 722 οὖν.
384 691 484 726 φησὶν,
500 692 540 718 ὅτι
560 692 609 727 μία
623 692 701 727 ἡμῶν
716 693 732 727 ἡ
753 692 880 727 βούλησις

89 738 133 765 καὶ
143 737 171 764 ἓν
185 737 216 763 τὸ
229 737 338 772 θέλημα
348 758 355 769 ,
381 737 424 763 διὰ
440 738 485 764 τὸν
500 738 578 772 ὄχλον
588 738 674 764 ταῦτα
689 738 766 774 ἔφην.
788 739 880 766 Ταῦτα

88 784 114 810 δὲ
127 786 140 810 ό
153 783 275 818 Χριστὸς
293 784 367 818 λέγει
380 783 422 810 διὰ
431 784 492 815 τοὺς
512 784 666 816 Ἰουδαίους,
684 784 722 820 τῷ
738 785 825 821 Πατρῖ⁹
835 786 880 812 εὑ-

89 828 233 864 χαριστῶν,
252 828 354 855 ὡσανεὶ
377 828 409 855 δι’
425 827 506 855 αὑτοῦ
531 829 651 864 ἐνεργῶν
668 829 702 856 τὰ
729 830 878 866 θεοπρεπῆ,

91 875 130 901 ἵνα
152 875 253 910 μηκέτι
271 874 386 901 εἴπωσιν
407 875 448 901 ὄτι
466 875 493 901 ὲν
511 875 677 907 Βεελζεὸοὺλ
693 877 764 902 ποιεῖ
784 876 818 902 τὰ
834 885 881 912 ση-

93 922 151 956 μεῖα
161 929 167 935 ⁸
186 920 364 954 ἀπολογεῖται
385 921 413 946 δὲ
429 920 476 947 καὶ
491 920 534 947 διὰ
548 920 579 947 τδ
591 922 684 957 σχῆμα
700 922 749 956 τῆς
763 931 879 957 προσευ-

92 969 138 1002 χῆς
148 987 154 998 ,
177 966 223 993 ἵνα
243 967 284 1002 μὴ
301 965 539 1001 σκανδαλισθῶμεν
553 967 647 1002 ἡμεῖς,
672 967 757 994 εἰπὼν
770 968 817 994 ὄτι⁴
827 969 878 995 Διὰ

91 1013 134 1039 τδν
144 1012 220 1047 ὄχλον
230 1011 312 1038 τοῦτο
320 1012 444 1047 ἐποίησα.
457 1012 510 1038 Καὶ
520 1011 561 1044 τὸ,
575 1021 584 1037 ‹
595 1012 630 1038 Σύ
645 1021 678 1047 με
688 1012 860 1044 ἀπέστειλας,
868 1022 877 1038 ι

93 1059 189 1089 Gai-.1;
211 1057 363 1089 ’ῐουδαῐκᾶς
382 1057 509 1088 ὐπονοῑας
531 1057 623 1092 φησίν.
650 1058 731 1084 Ἥκω
752 1058 806 1093 γὰρ
830 1058 880 1084 οὐκ

92 1105 135 1131 ἀπ’
147 1104 277 1139 ἐμαυτοῦ,
292 1104 329 1136 ὡς
344 1104 368 1130 οἱ
385 1103 608 1139 ψευδοπροφῆται
622 1103 659 1139 (l)
671 1111 677 1118 ‘
702 1104 758 1130 ἀλλ’
772 1104 880 1140 εὐδοκία

95 1152 124 1186 σῇ
145 1151 190 1177 καὶ
212 1150 324 1185 Θελήσει
355 1150 470 1185 ἐμαυτὸν
493 1150 631 1182 ὲκὲνωσα,
656 1151 762 1186 μορφὴν
788 1151 879 1178 δούλου

94 1197 189 1228 λαϐὼν,
205 1198 249 1224 ἵνα
262 1197 344 1223 πάλιν
356 1195 522 1232 κατορθώσω
536 1196 585 1231 τὴν
606 1195 688 1232 ζωήν.
705 1198 881 1232 Οἰκονομικὸς

95 1242 137 1271 οὗν
153 1244 200 1278 τῆς
220 1243 379 1279 προσευχῆς
399 1244 413 1270 ὁ
432 1243 543 1278 τρόπος,
561 1242 610 1269 καὶ
627 1243 746 1278 σχήματι
770 1243 881 1279 πρέπων

95 1290 130 1324 τῷ
146 1290 212 1325 μετὰ
232 1290 335 1325 σαρκδς
346 1309 354 1321 ,
367 1289 426 1324 οὐχὶ
439 1290 472 1324 τῇ
486 1289 536 1324 τῆς
553 1289 680 1323 θεότητος
693 1289 814 1325 ὑπεροχῇ
835 1289 882 1316 καὶ

98 1336 250 1371 ἀσυγκριτῳ
269 1335 454 1371 λαμπρότητι.
472 1335 508 1361 Τὸ
530 1335 584 1370 γὰρ
607 1334 676 1366 ὅλως
701 1335 810 1370 αἰτῆσαι
835 1336 883 1362 καὶ

96 1381 181 1407 λαϐεῖν
193 1402 200 1413 ,
223 1380 408 1416 δουλοπρεπὲς
424 1380 457 1407 ἂν
478 1380 520 1415 εἴη
540 1380 641 1415 μᾶλλον
653 1400 660 1412 ,
689 1380 738 1407 καὶ
754 1379 793 1415 τῷ
809 1380 882 1415 βασι-

97 1427 226 1462 λευομένῳ
239 1426 458 1461 κατειθισμένου.
473 1427 573 1462 Δράσει
590 1435 622 1460 γε
639 1425 691 1461 μὴν
707 1426 883 1461 ἀνεγκλήτως

97 1474 139 1499 καὶ
153 1473 229 1499 τοῦτο
245 1473 364 1508 Χριστός
374 1480 381 1487 ο
396 1473 411 1499 ὁ
425 1473 480 1508 γὰρ
493 1472 636 1507 ἅνθρωπος
650 1471 776 1505 γενέσθαι
794 1480 879 1499 κατα-

97 1519 247 1554 δεξάμενος,
265 1519 326 1550 πῶς
336 1518 369 1545 ἂν
385 1518 424 1545 ἔτι
443 1518 643 1553 παραιτήσαιτο
657 1517 691 1544 τὰ
703 1517 860 1553 ἀνθρώπινα
873 1527 880 1551 ;

99 1565 227 1593 obnoxius
250 1565 288 1592 sit
307 1569 481 1592 consuetum.
505 1563 558 1591 Sed
581 1567 672 1590 tamen
690 1564 760 1590 citra
784 1564 1026 1598 reprehensionem
1042 1564 1095 1592 hoc
1110 1563 1193 1592 faciet
1209 1563 1339 1592 Christus

931 286 1100 313 remissioni.
1118 286 1171 314 Sed
1191 288 1264 314 enim
1279 287 1381 322 gratias
1398 287 1452 322 agit
1470 287 1615 321 Dominus,
1636 288 1715 322 idque

931 331 965 358 ad
982 331 1184 360 institutionem
1207 337 1328 360 nostram
1349 334 1424 365 facit,
1442 332 1548 359 Patrem
1566 324 1714 362 honora-ns.

930 376 998 403 Cum
1020 385 1085 404 vero
1110 385 1158 412 par
1183 378 1243 412 pari
1260 379 1363 413 gratias
1388 379 1455 414 agit,
1474 386 1588 414 prorsus
1612 379 1714 406 nullam

930 422 1057 450 eSSenti:e
1080 422 1290 450 diminutionem
1316 424 1367 451 hoc
1391 424 1515 451 includit.
1538 423 1608 456 Quid
1634 424 1716 458 igitur

931 468 1050 495 indicat?
1061 469 1132 503 qttod
1150 473 1259 504 propter
1274 469 1382 496 turbam
1407 470 1465 497 haec
1478 470 1562 502 dicat,
1575 469 1716 504 fermeque

931 514 985 540 ait:
1002 513 1134 540 Simulavi
1155 515 1319 549 precationis
1343 515 1475 550 speciem,
1497 519 1524 542 et
1546 515 1716 542 meonomice

931 563 1013 593 atque
1032 559 1065 586 ad
1086 560 1219 587 rationem
1239 561 1345 588 ordinis
1361 561 1416 588 dixi
1441 569 1485 588 me
1502 561 1603 596 gratias
1624 568 1714 596 agere.

931 604 1056 632 Sciebam
1071 605 1142 632 enim
1158 605 1230 639 quod
1247 606 1348 640 ubique
1366 614 1409 633 me
1423 606 1529 634 audias.
1542 606 1646 641 Quippe
1661 614 1715 633 non

930 655 972 676 est
995 657 1087 677 secum
1115 649 1264 682 dissidens,
1295 658 1345 677 nec
1376 651 1428 678 sibi
1457 652 1631 686 immorigera
1663 659 1714 678 una

931 695 1042 722 deitatis
1066 699 1176 728 natura,
1191 688 1491 730 quandoquidemiuna
1515 702 1557 724 est:
1575 697 1719 724 Trinitatis

931 749 1018 774 mens,
1041 741 1129 769 Patris
1154 745 1180 769 et
1204 741 1264 768 Filii
1289 747 1316 769 et
1342 741 1461 776 Spiritus
1488 745 1586 770 sancti.
1610 742 1717 770 Gnarus

930 795 1010 820 ergo.
1037 787 1144 822 inquit,
1169 787 1242 821 qttod
1272 794 1325 814 una
1353 787 1389 814 sit
1424 791 1550 814 nostrum
1579 788 1715 820 voluntas,

931 840 1071 866 unumque
1084 832 1240 864 consilium,
1266 836 1378 866 propter
1402 832 1486 867 689
1514 833 1719 860 multitudinem

931 876 988 903 hanc
1007 876 1074 903 dixi.
1092 876 1154 903 llmc
1168 883 1234 903 vero
1253 876 1320 902 dicit
1334 875 1462 903 Christus
1478 875 1716 911 propteerlazos,

897 908 917 934 Π
932 922 1004 950 Patri
1027 923 1129 957 gratias
1152 929 1245 957 agens,
1267 927 1396 957 tanquam
1417 930 1464 957 per
1479 908 1552 949 ‘eum
1577 922 1633 950 Deo
1649 930 1717 950 con-

932 969 1067 995 venientia
1085 967 1217 1001 elliciens,
1238 976 1272 996 ne
1286 968 1404 1003 amplius
1422 967 1515 994 dicant
1533 968 1608 995 illum
1627 968 1718 996 facere

934 1014 1011 1050 signa
1035 1014 1061 1041 in
1078 1013 1219 1041 Beclzcbul
1238 1023 1244 1040 :
1259 1014 1394 1041 rationem
1410 1014 1491 1041 etiam
1508 1013 1596 1040 reddit
1614 1017 1640 1040 ct
1657 1021 1718 1048 pro-

933 1067 993 1095 pter
1004 1060 1121 1096 liguram
1140 1061 1320 1095 precationis,
1334 1068 1368 1087 ne
1386 1067 1437 1087 nos
1454 1060 1536 1087 etiam
1553 1060 1719 1087 scandalile-

933 1115 1005 1137 mur.
1031 1107 1066 1134 ab
1086 1097 1291 1134 multitudinem
1314 1114 1344 1133 se
1363 1106 1414 1134 hoc
1436 1106 1534 1133 iet-isse
1549 1106 1717 1141 prolocutus.

933 1153 966 1180 Et
983 1154 1046 1186 hoc,
1063 1162 1072 1179 (
1093 1152 1133 1180 Tu
1153 1161 1196 1179 me
1212 1152 1322 1182 misisti,
1341 1162 1352 1178 ι
1367 1157 1478 1187 propter
1496 1151 1651 1180 Iudaeorum
1674 1159 1720 1179 su-

934 1197 1071 1232 spicioncs
1101 1197 1166 1225 ait:
1192 1197 1277 1225 Venio
1306 1198 1378 1224 enim
1402 1205 1456 1224 non
1485 1205 1500 1224 a
1545 1198 1660 1232 meipso,
1688 1201 1719 1224 ut

934 1243 1192 1278 psettdttprttpltetm,
1218 1243 1265 1270 sed
1293 1243 1414 1270 lubentia
1446 1247 1492 1270 ttta
1519 1247 1547 1270 et
1577 1243 1719 1269 voluntate

930 1289 1064 1324 meipsum
1088 1289 1248 1321 exinaniri,
1274 1288 1388 1316 formam
1416 1289 1488 1316 servi
1515 1288 1654 1323 accipiens
1677 1287 1718 1320 ⁸⁸,

902 1354 904 1363 κ
931 1341 961 1363 ιιι
982 1335 1016 1363 de
1042 1336 1147 1370 integro
1172 1335 1274 1369 erigam
1299 1338 1326 1362 et
1350 1335 1501 1362 instaurem
1528 1334 1621 1361 vitam.
1636 1333 1720 1368 igitur

930 1385 1007 1409 recte
1022 1385 1048 1408 et
1058 1381 1155 1408 ordine
1165 1381 1307 1408 institutus
1324 1385 1366 1408 est
1380 1380 1546 1416 precationis
1562 1379 1673 1412 modus,
1689 1383 1717 1407 et

932 1429 1038 1456 babitui
1063 1428 1089 1455 in
1109 1435 1192 1455 carne
1218 1427 1394 1458 conveniens.
1415 1435 1469 1454 non
1493 1426 1605 1454 deitatis
1631 1426 1728 1453 excela

933 1475 1026 1502 lentiae
1049 1478 1076 1502 et
1100 1474 1308 1508 incomparabili
1338 1473 1488 1508 splendori.
1506 1471 1625 1499 Omnino
1647 1471 1719 1498 enim

934 1521 1028 1552 petere
1044 1521 1072 1545 et
1089 1518 1213 1552 accipere
1226 1517 1324 1545 servile
1339 1518 1431 1548 luerit,
1452 1521 1478 1544 et
1493 1517 1518 1544 ei
1542 1517 1590 1551 qui
1607 1516 1720 1551 imperio

1364 1573 1372 1590 :
1407 1571 1470 1591 nam
1504 1564 1550 1599 qui
1588 1563 1722 1591 sustinuit

100 1610 152 1638 ﬁeri
181 1611 282 1642 homo,
301 1608 438 1644 quomodo
463 1616 525 1643 quae
554 1608 769 1636 humana'sunt
803 1609 964 1636 recusaret?

131 1657 182 1684 Kal
204 1656 299 1682 ταῦτα
321 1655 427 1686 εἰπὼν,
451 1653 536 1689 φωνῇ
554 1654 671 1689 μεγάλῃ
695 1654 880 1689 ἐκραύγασε-

971 1655 1015 1687 Itl,
1033 1654 1077 1683 45.
1092 1654 1157 1682 Hau:
1173 1663 1233 1687 cun:
1248 1655 1369 1688 dixisset,
1385 1663 1480 1689 magna
1497 1662 1556 1681 voce
1574 1655 1699 1682 clamat-it
1710 1674 1718 1682 .

101 1702 212 1736 Λάζαρε,
228 1701 320 1735 δεῦρο
339 1700 406 1734 ἔξω.

133 1748 180 1774 Τὸν
192 1747 298 1782 δυσώδη
320 1746 426 1782 νεκρὸν,
442 1746 510 1782 μετὰ
527 1746 662 1782 τετάρτην
684 1748 733 1783 τῆς
756 1747 884 1782 τελευτῆς

97 1793 217 1828 ἡμέραν,
238 1793 272 1819 ὲκ
288 1792 338 1827 τῆς
358 1791 446 1827 θήκης
461 1791 592 1827 ἐξήγαγε,
608 1792 655 1819 καὶ
671 1792 716 1818 τὸν
729 1793 885 1828 πεπεδημέ-

104 1845 144 1864 νον
155 1837 200 1864 καὶ
210 1836 465 1874 συμπεποδισμένον
480 1835 598 1871 βαδίζειν
612 1836 738 1863 ἐκέλευσε
748 1858 754 1869 ,
772 1837 819 1864 καὶ
834 1846 886 1864 πα-

107 1883 236 1918 ραχρῆμα,
257 1883 272 1909 ὅ
291 1891 324 1909 τε
343 1882 456 1914 Θάνατος
474 1882 672 1917 ὲδραπέτευσε,
694 1883 741 1909 καὶ
763 1883 776 1908 ό
790 1883 886 1918 νεκρὸς

106 1928 197 1963 ἔδραμε
212 1929 260 1963 τῆς
287 1927 433 1963 σηπεδόνος
448 1928 630 1961 ἀπαλλαγεὶς,
658 1928 705 1954 καὶ
720 1928 768 1964 τὴν
783 1928 886 1964 ταύτης

106 1974 264 2008 ἀποθέμενος
287 1973 437 2004 δυσωδίαν,
461 1973 510 1999 καὶ
531 1973 581 2005 τὰς
601 1973 648 1999 τοῦ
670 1973 785 2000 θανάτου
799 1974 886 2006 πύλας

108 2019 248 2054 διαφυγὼν,
273 2020 322 2046 καὶ
341 2019 392 2045 ὑπὸ
405 2019 460 2046 τῶν
473 2019 578 2054 δεσμῶν
590 2020 620 2045 οὺ
641 2019 810 2056 κωλυόμενος
825 2020 887 2055 τρέ-

108 2074 168 2100 χειν,
182 2066 226 2092 καὶ
241 2066 279 2101 τῷ
295 2067 344 2100 μὲν
360 2065 517 2100 καλύμματι
540 2065 587 2092 τοῦ
605 2065 750 2100 προσώπου
762 2085 768 2097 ,
782 2067 813 2092 τὸ
831 2066 887 2101 βλέ-

108 2119 164 2137 πειν
174 2111 363 2147 ἀφῃρημένος,
385 2111 530 2143 ἀκωλύτως
546 2111 573 2137 δὲ
590 2111 657 2147 πρὸς
674 2111 719 2138 τὸν
735 2112 887 2138 καλέσαντα

109 2157 212 2191 τρέχων,
237 2157 286 2183 καὶ
311 2157 360 2192 τὴν
379 2158 545 2192 Δεσποτικὴν
572 2156 760 2191 ἐπιγινώσκων
784 2158 885 2193 φωνήν.

110 2201 258 2237 Θεοπρεπὴς
269 2202 325 2237 γὰρ
341 2203 354 2228 ό
371 2202 459 2236 λόγος,
472 2203 519 2228 καὶ
538 2201 676 2236 βασιλικὸν
693 2202 724 2228 τὸ
738 2203 886 2238 κέλευε-μα,

109 2245 178 2272 λύσιν
191 2247 249 2282 ἕχον
258 2247 386 2280 Θανάτου,
403 2247 451 2274 καὶ
465 2247 567 2282 φθορᾶς
579 2242 749 2283 ἀνατροπὴν,
759 2249 805 2275 καὶ
818 2249 887 2285 ὑπὲρ

111 2293 180 2327 λόγον
203 2294 342 2330 ἐνεργείας
366 2294 511 2327 ἀπόδειξιν.
543 2295 580 2321 Τό
600 2303 632 2328 γε
657 2295 710 2330 μὴν
735 2295 888 2331 διαπρυσίῳ

112 2340 218 2374 χρῆσθαι
239 2341 362 2375 κραυγῇ,
382 2339 455 2372 ξένον
484 2340 623 2376 πανταχοῦ
642 2341 688 2367 καὶ
705 2340 837 2376 ἀσύνηθες
848 2341 887 2376 τῷ

112 2383 209 2420 Σωτῆρι
221 2384 342 2421 Χριστῷ.
370 2385 424 2411 Καὶ
440 2385 505 2419 γοῦν
521 2386 535 2412 ὁ
558 2386 623 2417 Θεὸς
647 2386 695 2412 καὶ
711 2387 806 2422 Πατὴρ
824 2387 888 2422 περὶ

113 2430 186 2456 αὐτοῦ
208 2432 258 2457 πού
279 2439 361 2466 φησιν
375 2439 381 2446 ⁸
410 2440 419 2456 ι
435 2431 491 2457 Οὐκ
507 2431 606 2466 ἐρίσει,
627 2432 686 2458 οὐδὲ
699 2433 863 2467 κραυγάσει,
876 2442 884 2458 ι

115 2475 157 2501 καὶ
169 2475 199 2502 τὰ
213 2476 285 2511 ἑξῆς.
309 2476 441 2511 Ἀψοφητὶ
454 2475 507 2510 γὰρ
524 2476 570 2502 καὶ
584 2476 698 2512 θορύϐου
710 2477 770 2512 δίχα
789 2478 888 2509 παντὸς

116 2518 145 2545 τὰ
156 2520 327 2556 τῆς-ἀληθοῦς
337 2521 463 2556 θεότητος
474 2521 541 2556 ἔργα
552 2529 558 2536 ·
568 2521 652 2548 ταῦτα
666 2522 694 2548 δὲ
709 2522 743 2548 τὰ
762 2523 810 2555 τῆς
822 2522 887 2558 ἁλη-

117 2563 171 2596 θοῦς
181 2563 214 2601 ἦν
232 2567 260 2593 ὲν
277 2566 388 2602 Χριστῷ
401 2575 408 2583 ·
432 2566 498 2598 Θεὸς
523 2567 576 2602 γὰρ
588 2568 619 2594 ἐκ
632 2568 703 2595 Θεοῦη
720 2568 790 2595 κατὰ
807 2568 888 2603 φύσιν

118 2609 168 2636 ἐστὶ
183 2612 227 2638 καὶ
241 2611 377 2647 ἀληθινός.
406 2611 437 2638 Τί
452 2609 498 2638 οὖν
520 2612 573 2646 ἄρα
589 2613 679 2647 φαμὲν
690 2632 697 2642 .
711 2613 773 2639 ὅταν
790 2612 887 2648 ἴδωμεν

118 2654 248 2690 ἀσυνήθως
267 2657 493 2692 ἁνακεκραγότα;
518 2657 555 2682 Οὐ
570 2657 624 2691 γαρ
638 2657 723 2692 δήπου
759 2658 885 2693 κατοική-

121 2704 187 2728 aetat
203 2711 243 2735 τις
258 2705 298 2735 εἰς
316 2703 394 2730 τοῦτο
412 2703 530 2738 μωρίας,
554 2703 592 2734 ὡς
606 2703 657 2736 ἔξω
673 2704 720 2731 τοῦ
738 2704 888 2738 πρέποντος

151 2769 171 2784 ⁸⁸
185 2769 298 2806 Philipp.
314 2779 350 2803 ll,
369 2771 430 2798 6-8.
469 2771 490 2786 ⁸⁷
511 2772 563 2798 lsa.
582 2778 636 2797 XLII
649 2790 656 2802 ,
673 2771 699 2797 2.

904 2325 927 2354 D

935 1699 1049 1733 Lazare,
1061 1701 1119 1728 veni
1137 1700 1224 1735 foras.

971 1746 1109 1774 Fetentem
1122 1750 1261 1773 mortttum
1274 1749 1336 1780 post
1351 1751 1479 1780 qttartum
1495 1752 1510 1772 a
1522 1750 1610 1773 morte
1622 1745 1692 1773 diem
1705 1753 1720 1773 e

935 1792 1063 1827 sepulcro
1096 1791 1207 1825 eduxit,
1229 1792 1408 1826 vinctumque
1427 1799 1459 1818 ac
1484 1791 1642 1826 impeditum
1662 1800 1721 1819 am-

936 1837 1033 1864 bulare
1053 1836 1149 1871 jussit,
1166 1841 1288 1872 tuncque
1304 1841 1417 1871 repente
1434 1839 1460 1864 et
1476 1844 1550 1864 mors
1564 1837 1679 1872 aufugit,
1695 1842 1722 1864 et

936 1889 1061 1910 mortutts
1087 1889 1102 1908 a
1123 1882 1269 1918 putredine
1294 1882 1428 1909 liberatus
1455 1883 1590 1914 cucurrit,
1615 1883 1724 1916 abjccto

936 1928 1011 1955 omni
1038 1927 1098 1962 eius
1123 1927 1220 1959 fetore,
1237 1931 1265 1955 et
1288 1928 1376 1962 portis
1395 1927 1493 1955 mortis
1516 1928 1638 1962 elapsus,
1655 1929 1722 1955 nihil

937 1974 1054 2001 vinculis
1065 1975 1124 2001 suis
1145 1981 1257 2002 currere
1274 1973 1442 2009 prohibitus.
1456 1973 1488 2000 Et
1503 1974 1595 2001 vultus
1610 1973 1722 2008 quidem

936 2019 1091 2046 velamento
1106 2018 1216 2046 videndi
1241 2027 1292 2046 usu
1312 2020 1445 2054 privatus,
1464 2020 1541 2046 nullo
1565 2024 1654 2046 tamen
1671 2019 1722 2045 im-

939 2065 1105 2097 pedimento,
1137 2065 1288 2099 quominus
1306 2065 1338 2092 ad
1357 2073 1419 2092 eum
1438 2066 1485 2100 qui
1502 2069 1647 2092 vocaverat
1660 2072 1722 2092 ettr-

937 2115 1020 2143 reret,
1036 2110 1202 2145 retardatus,
1216 2118 1369 2146 agnoscens
1384 2107 1488 2138 Domini
1503 2119 1611 2138 vocetn.
1626 2111 1724 2138 Sermo

937 2157 1010 2184 enim
1028 2155 1083 2184 Deo
1098 2157 1208 2191 dignus,
1219 2162 1246 2184 et
1262 2157 1372 2192 jussum
1387 2157 1491 2192 regium
1505 2156 1607 2184 habens
1620 2157 1723 2184 exitum

937 2203 1036 2230 mortis
1056 2208 1082 2231 et
1099 2203 1286 2238 corruptionis
1307 2203 1490 2234 eversionem,
1507 2207 1537 2234 et
1555 2202 1724 2237 operationis

938 2250 1044 2276 ratione
1062 2249 1175 2284 majoris
1201 2249 1482 2276 demonstrationem.
1501 2248 1570 2275 Illud
1594 2253 1658 2275 vero
1683 2248 1724 2274 uti

939 2295 1059 2322 clamore
1080 2299 1159 2322 acuto
1177 2299 1202 2322 et
1220 2294 1378 2330 pcnetranti
1394 2301 1494 2321 novum
1513 2293 1616 2328 ubiqtte
1638 2297 1665 2320 ct
1681 2293 1723 2319 in-

940 2341 1032 2367 solens
1048 2340 1188 2367 Servatori
1203 2340 1324 2368 Christo.
1340 2339 1447 2368 Etenim
1464 2339 1535 2367 Deus
1551 2343 1580 2367 et
1598 2338 1680 2366 Pater
1693 2338 1726 2366 dc

940 2386 988 2413 illo
1005 2386 1105 2413 alicubi
1125 2386 1163 2413 ait
1178 2395 1184 2413 :
1201 2395 1211 2412 ι
1228 2385 1287 2413 Νοη
1307 2385 1466 2418 contendet,
1489 2392 1579 2420 neque
1593 2385 1725 2412 vocifera-

939 2431 1015 2458 bitur
1028 2431 1061 2463 ⁵⁷,
1079 2441 1087 2457 ι
1107 2435 1135 2458 et
1164 2431 1280 2466 reliqua.
1307 2431 1397 2465 Opera
1421 2431 1493 2458 enim
1523 2438 1594 2458 verae
1615 2430 1726 2457 deitatis

940 2476 1000 2503 sine
1017 2477 1134 2511 strepitu
1158 2480 1184 2503 et
1205 2477 1329 2504 tumultu
1350 2476 1424 2503 omni
1449 2476 1537 2504 ﬁunt:
1557 2477 1614 2503 haec
1633 2480 1724 2502 autent

940 2530 1004 2549 vera
1019 2523 1130 2550 deitatis
1145 2527 1223 2550 erant
1243 2523 1270 2550 in
1286 2523 1398 2550 Christo
1412 2532 1418 2550 :
1430 2523 1531 2558 quippe
1543 2522 1613 2549 Deus
1625 2523 1658 2549 de
1672 2521 1726 2548 Deo

941 2568 1094 2596 secundum
1115 2572 1242 2595 naturam
1261 2573 1304 2596 est
1330 2576 1362 2596 ac
1378 2577 1471 2596 verus.
1491 2568 1563 2601 Quid
1585 2568 1669 2603 igitur
1685 2567 1726 2594 di-

941 2622 1048 2647 cemus,
1070 2623 1132 2643 cum
1149 2615 1295 2642 videamus
1321 2622 1384 2642 eum
1402 2614 1439 2641 ita
1461 2618 1561 2650 praeter
1576 2618 1726 2641 consuetu-

943 2661 1035 2689 dinem
1073 2661 1287 2690 vociferantem?
1315 2661 1370 2688 Nec
1403 2661 1476 2688 enim
1512 2660 1660 2696 quisquam
1693 2667 1726 2687 eo

944 2707 1070 2735 amentia:
1084 2707 1218 2740 deveniet,
1234 2712 1264 2735 ut
1281 2712 1379 2743 praeter
1395 2707 1524 2734 decorum
1540 2706 1641 2734 fecisse
1653 2702 1725 2733 dicat

155 2855 188 2890 (l)
210 2856 299 2894 Locus
321 2857 462 2894 restitutus
481 2866 518 2886 ex
545 2857 653 2885 Macarii
674 2858 886 2893 Chrysorepbali
907 2863 985 2886 tract.
1006 2858 1054 2892 ιθ,
1078 2867 1121 2894 ap.
1142 2859 1192 2887 Mai
1212 2860 1276 2887 ibid.
1300 2859 1370 2886 Editi
1387 2859 1514 2887 omittunt
1551 2859 1630 2887 verba
1663 2859 1722 2894 ἥκω

127 2907 135 2916 .
145 2909 151 2915 .
165 2911 171 2917 .
183 2911 188 2917 .
202 2892 428 2928 ψευδοπροφῆται.
