1906 3037
213 158 249 187 (i3
721 153 749 182 S.
762 153 900 182 CYRlLLl
926 152 1161 181 ALEXANDRINI
1176 152 1333 180 ABCIIIED.
1789 156 1828 184 θι

211 222 238 246 et
255 217 289 244 ab
313 215 401 244 σωοίο
423 216 581 243 recessisse.
594 214 746 248 Quomodo_
761 215 844 249 igitur
869 216 922 242 hoc
943 215 983 242 ﬁt?

1043 214 1110 241 ἱέναι
1121 214 1150 240 τὸ
1163 214 1252 248 λέγειν
1268 215 1359 245 αὐτὸν.
1372 214 1419 240 καὶ
1431 214 1561 249 ἁμαρτεῖν
1573 214 1618 241 τοῦ
1634 215 1748 248 δέοντος.
1763 217 1827 244 Πῶς

209 263 293 299 690
309 262 393 289 Habet
414 262 547 288 rationem
564 260 608 287 hic
627 261 742 293 clamor,
759 268 839 295 quem
857 268 988 288 necessa-

211 310 254 336 rio
270 315 436 343 exponemus
453 307 486 334 ad
504 307 650 333 utilitatem
666 306 846 333 audientium.
862 306 988 341 Figuram

211 354 296 382 veluti
308 354 451 388 quamdam
463 353 599 388 generalis
610 353 764 378 mortalium
781 353 990 380 resurrectionis

210 399 239 426 in
257 399 308 425 hoc
334 399 406 425 circa
421 397 553 424 Lazarum
572 397 707 424 miraculo
726 398 809 427 novit,
822 402 848 424 et
871 397 943 432 quod
962 398 988 423 in

211 452 265 471 uno
278 444 454 478 adimpletum
469 448 520 474 eet,
534 443 670 477 egregiam
689 443 857 470 universalis
865 447 891 469 et
906 443 989 470 totius

210 490 308 516 statuit
333 496 393 515 esse
413 489 570 523 imaginem.
591 488 733 515 Credimus
751 489 824 515 enim
842 492 988 515 venturum

209 543 270 562 esse
296 534 428 568 judicent,
455 538 482 561 et
511 537 636 561 tenemus
662 533 781 560 futuram
810 534 889 568 signo
919 533 990 560 tuba:

210 579 440 610 iuclamationem,
468 578 546 612 juxta
574 579 648 605 illam
676 577 752 604 Pauli
767 586 859 605 vocem
873 577 906 609 ⁵⁸,
929 586 988 605 out-

209 625 289 651 uibus
307 624 406 658 ubique
421 629 558 650 terrarum
580 623 738 658 jacentibus
764 629 793 651 ut
809 629 922 659 surgant
940 625 988 651 iui-

209 674 497 704 peranlem,operaute
510 670 606 704 utique
627 677 683 696 rem
697 670 777 696 istam
791 670 922 697 inetiabili
941 677 989 704 po-

209 719 307 742 testate
327 714 383 747 Dei,
402 715 446 741 cui
462 715 555 741 omnia
571 714 681 741 cedunt.
699 714 845 749 Propterea
870 715 943 741 enim
963 719 990 741 et

180 757 183 758 ⁷
209 761 250 786 lex
278 767 293 786 a
317 759 391 786 Mose
418 760 490 791 lata,
517 766 578 786 cum
608 759 707 785 festum
735 758 988 786 Tabernaculorum

207 807 353 841 liguraret:
371 815 379 831 ε
398 806 550 837 Celebrate,
568 806 666 840 inquit,
679 806 769 839 ipsum
786 806 812 832 in
830 805 989 832 memoriam

208 853 344 879 tubarum.
361 862 370 878 ›
387 852 454 879 Cum
471 853 543 879 enim
561 851 658 878 iterum
671 851 870 886 eompingenda
882 851 989 878 venient

207 899 325 925 humana
346 905 472 932 corpora,
496 901 525 924 et
551 897 767 931 uniuscujusque
789 897 881 923 anima
908 903 988 922 suum

207 943 291 969 veluti
312 942 517 969 tabernaculum
536 942 626 968 denuo
646 944 833 974 assumptum,
848 939 989 966 insonabit

208 988 284 1023 prius
312 989 422 1022 jnssum
446 987 572 1018 Domini,
603 991 629 1013 et
657 985 872 1013 resurrectionis
903 985 988 1011 veluti

208 1039 312 1060 tessera
329 1034 451 1065 dabitur,
477 1033 598 1067 tubaque
615 1032 662 1058 Dei
680 1035 770 1063 cauet,
791 1031 870 1065 juxta
891 1030 988 1064 piandi-

207 1085 291 1106 ctum.
307 1079 393 1115 Igitur
414 1080 441 1105 in
463 1079 573 1113 liguram
588 1078 648 1112 ejus
663 1085 792 1112 magnum
807 1077 945 1110 quoddam
961 1080 989 1102 et

207 1125 371 1152 audiendum
398 1124 471 1150 circa
504 1122 637 1149 Lazarum
667 1122 825 1149 inclamavit
849 1121 987 1153 Christus,

207 1176 262 1197 non
281 1178 443 1205 magnopere
457 1169 668 1196 consuetudinis
683 1176 797 1201 memor,
810 1168 873 1194 dum
892 1175 988 1195 eorum

206 1224 266 1251 qua:
277 1216 305 1242 in
316 1216 521 1251 exspectatione
532 1220 637 1247 essent,
649 1214 759 1248 ﬁguram
771 1218 988 1248 repraesentaret.

240 1271 278 1298 Ita
303 1271 438 1303 nonnulli,
458 1270 680 1305 quandoquidem
706 1271 773 1297 nihil
805 1279 859 1297 non
892 1273 984 1304 potest

205 1316 326 1344 divinum
343 1316 473 1347 Verbum,
501 1315 637 1350 desperati
663 1323 798 1350 prorsus,
828 1320 856 1341 et
887 1315 984 1342 animae

205 1366 318 1388 mortem
344 1361 456 1388 fetorem
472 1361 654 1395 exspirantes,
683 1364 710 1387 et
737 1364 908 1387 mortuorum
935 1360 985 1386 ba-

205 1407 513 1438 bitacula,incolentes,
545 1407 781 1442 supervenientcm
813 1407 880 1441 ipsis
913 1407 984 1434 divi-

206 1461 271 1480 num
295 1460 447 1480 sermonem
478 1452 602 1483 audiunt,
620 1459 652 1479 ac
671 1452 792 1486 ipsorum
819 1453 923 1480 animas
939 1461 986 1488 pe-

206 1502 330 1525 netrante
347 1498 449 1525 virtute
463 1497 523 1532 ejus
537 1497 584 1531 qui
597 1497 673 1529 dicit,
691 1498 772 1524 «veni
790 1498 873 1528 foras,
895 1507 902 1523 ι
920 1506 985 1532 pro—

1040 258 1087 286 οὖν
1098 259 1235 294 ἐνδέχεται.
1244 268 1251 291 ;
1261 260 1364 286 Οὐκοῦν
1379 259 1433 294 ἔχει
1447 259 1523 293 λόγον
1535 261 1551 295 ἠ
1568 261 1683 295 κραυγὴ,
1692 262 1725 296 ἢν
1739 262 1829 293 ἀναγ-

1040 304 1125 335 καίως
1147 305 1271 339 ἐροῦμεν,
1291 304 1334 331 διὰ
1359 305 1389 331 τὸ
1403 306 1458 335 τοῖς
1480 305 1662 340 ἀκροωμένοις
1676 307 1826 342 χρήσιμον”

1041 350 1132 376 Τύπον
1153 350 1247 384 ὥσπερ
1270 350 1330 376 τινὰ
1350 351 1400 385 τῆς
1419 350 1532 377 καθόλου
1558 351 1611 377 τῶν
1635 352 1739 387 νεκρῶν
1761 353 1828 378 ἀνα-

1041 396 1171 426 στάσεως.
1184 395 1214 420 τὸ
1228 396 1273 421 ἐπὶ
1287 395 1403 431 Λαζάρῳ
1420 397 1535 422 ποιεῖται
1552 396 1641 430 θαῦμα
1651 404 1657 410 '
1680 397 1765 422 καὶτὸ
1783 398 1828 430 ἐφ’

1040 441 1080 466 ἑνὶ
1096 440 1283 475 πληρούμενον
1294 461 1301 472 ,
1332 441 1421 467 εἰκόνα
1437 440 1482 466 τοῦ
1501 442 1676 476 γενικωτέρου
1694 441 1741 467 καὶ
1756 440 1827 468 κατὰ

1040 485 1139 516 παντὸς
1155 485 1252 521 ἔστησε
1266 485 1361 520 καλήν.
1387 485 1445 511 ’Ὁτι
1461 485 1514 520 γὰρ
1528 485 1586 520 ἥξει
1614 485 1710 521 κριτὴς
1744 494 1827 511 πεπι-

1041 530 1194 564 στεύκαμεν
1205 550 1214 562 ,
1239 530 1401 565 λογιζόμεθά
1414 539 1442 556 τε
1456 531 1497 556 ὅτι
1512 531 1617 565 κραυγή
1633 539 1674 561 τις
1691 531 1767 556 ἐσται
1783 530 1829 556 διὰ

1040 576 1200 610 σάλπιγγος,
1219 577 1288 602 κατὰ
1306 576 1354 611 τὴν
1369 576 1415 602 τοῦ
1429 576 1535 602 Παύλου
1554 576 1655 610 φωνὴν,
1672 576 1828 602 διακελευο-

1041 621 1110 656 μένη
1121 623 1177 653 τοῖς
1190 623 1218 647 ὲν
1240 623 1274 656 γῇ
1295 621 1430 656 κειμένοις
1444 622 1493 657 τὴν
1514 622 1662 648 ἀνάστασιν
1673 641 1680 652 ,
1697 621 1826 656 ἐνεργού-

1041 676 1090 702 σης
1104 667 1224 702 δηλονότι
1237 667 1267 694 τὸ
1289 668 1404 701 πρᾶγμα
1420 668 1467 702 τῆς
1482 668 1602 702 ἀρρήτου
1626 667 1765 702 δυνάμεως
1779 667 1826 693 τοῦ

1040 713 1128 739 πάντα
1142 712 1277 747 ἰσχύοντος
1290 712 1367 738 Θεοῦ.
1383 712 1432 738 Διά
1446 712 1499 747 γάρ
1515 720 1555 738 τοι
1566 712 1643 738 τοῦτο
1657 712 1704 738 καὶ
1716 713 1730 738 6
1745 713 1827 747 νόμος

1039 758 1082 784 διὰ
1098 758 1233 790 Μωσέως,
1250 758 1292 783 ὅτε
1306 758 1356 791 τῆς
1376 757 1565 792 Σκηνοπηγίας
1585 757 1684 783 ὲτύπου
1699 757 1750 791 τὴν
1766 758 1827 792 ἐορ-

1039 803 1098 839 τὴν,
1114 812 1123 828 ι
1144 803 1306 838 Ἐορτάσατε
1317 822 1325 834 ,
1350 803 1447 838 φησὶν,
1465 795 1559 837 αὐτὴν,
1575 801 1745 837 μνημόσυνον
1761 803 1824 829 σαλ-

1040 848 1181 881 πίγγων.)
1211 846 1425 882 Συμπήγνυσθαι
1453 847 1508 881 γὰρ
1540 847 1689 882 μελλόντων
1715 846 1824 878 ἐσαῦθις

1004 881 1094 920 Βτῶν
1120 892 1296 928 ἀνθρωπίνων
1321 893 1473 926 σωμάτων,
1501 892 1547 918 καὶ
1570 892 1618 927 τὴν
1641 892 1707 918 ἰδίαν
1731 892 1825 926 ὧσπερ

1039 939 1140 974 σκηνὴν
1166 938 1397 973 παραληψομένης
1427 938 1487 963 ὅσον
1508 938 1612 963 οὐδέπω
1632 938 1681 971 τῆς
1708 937 1824 964 ἑκάστου

1036 982 1135 1017 ψυχῆς,
1152 983 1378 1017 προαναφωνήσει
1395 982 1534 1017 κέλευσμα
1549 982 1579 1008 τὸ
1592 982 1767 1014 Δεσποτικον,
1779 983 1825 1008 καὶ

1038 1028 1188 1063 προηχήσει
1215 1028 1245 1054 τὸ
1275 1029 1323 1062 τῆς
1345 1028 1518 1060 ἀναστάσεως
1539 1028 1679 1063 σύνθημα,
1707 1027 1824 1061 σάλπιγξ

1037 1073 1104 1100 Θεοῦ
1114 1094 1120 1106 ,
1135 1074 1204 1100 κατὰ
1219 1074 1249 1100 τὸ
1262 1073 1418 1108 εἰρημένον.
1437 1074 1483 1105 Εἰς
1496 1073 1580 1100 τύπον
1591 1070 1636 1100 οὖν
1651 1073 1763 1108 ταύτης,
1778 1074 1824 1099 ἐπὶ

1039 1118 1156 1153 Λαζάρῳ
1173 1118 1244 1152 μέγα
1266 1126 1292 1143 τι
1313 1118 1359 1143 καὶ
1376 1117 1537 1149 ἐξάκουστον
1557 1118 1678 1153 ἐφώνησε
1694 1117 1822 1153 Χριστὸς,

1039 1163 1069 1189 οὺ
1088 1163 1191 1198 σφόδρα
1201 1163 1248 1189 τοῦ
1263 1163 1396 1198 συνήθους
1410 1163 1555 1198 φροντίσας
1565 1183 1572 1196 ,
1591 1163 1634 1190 ἵνα
1645 1163 1699 1190 τῶν
1714 1163 1825 1190 ἔσεσθαι

1041 1209 1274 1244 προσδοκωμένων
1290 1209 1410 1245 ἐπιδείξῃ
1425 1209 1470 1236 τὸν
1487 1209 1582 1236 τύπον.

1079 1267 1156 1292 Οὕτω
1167 1266 1197 1301 δή
1207 1275 1277 1298 τινες
1286 1267 1334 1302 (l),
1343 1267 1386 1293 διὰ
1396 1267 1440 1294 τὸν
1448 1267 1535 1294 πάντα
1543 1267 1689 1302 δυνάμενον
1697 1267 1743 1294 τοῦ
1755 1266 1824 1294 Θεοῦ

1037 1312 1123 1345 Λόγον
1145 1312 1232 1347 πάντη
1247 1312 1483 1346 ἀπογνωσθέντες,
1507 1313 1554 1339 καὶ
1577 1314 1628 1347 τῆς
1648 1314 1677 1339 ὲν
1687 1314 1762 1348 ψυχῇ
1779 1321 1825 1340 νι-

1037 1359 1170 1394 κρότητος
1180 1359 1228 1393 τὴν
1242 1359 1370 1385 δυσωδίαν
1383 1359 1500 1394 ἔχοντες,
1509 1360 1556 1386 καὶ
1572 1359 1707 1390 οἰκοῦντες
1717 1359 1823 1394 νεκρῶν

1037 1406 1202 1440 οἰκητήριον,
1214 1404 1334 1436 ἐλθόντος
1347 1405 1414 1439 πρὸς
1427 1405 1523 1436 αὐτοὺς
1534 1405 1580 1431 τοῦ
1591 1405 1667 1439 λόγου
1681 1405 1822 1437 ἀκούουσι,

1039 1451 1087 1476 καὶ
1109 1450 1324 1484 καθικνουμένης
1342 1449 1424 1475 αὑτοῦ
1446 1450 1496 1484 τῆς
1508 1450 1647 1484 δυνάμεως
1660 1450 1713 1476 τῶν
1724 1450 1821 1485 ψυχῶν

1039 1494 1127 1520 αὐτῶν
1141 1494 1275 1527 λέγοντος,
1282 1493 1381 1529 (Δεῦρο
1388 1494 1451 1526 ἔξω,
1459 1494 1624 1529 »ἐξέρχονται
1637 1495 1676 1520 ἔτι
1684 1494 1820 1531 [κηρίαις]

205 1542 367 1578 grediuntur
388 1542 490 1569 institis
506 1542 595 1568 adhuc
614 1542 792 1569 mortualium
810 1543 983 1570 vinculorum

1037 1541 1091 1567 τῶν
1113 1541 1216 1575 νεκρῶν
1231 1541 1336 1575 δεσμῶν
1349 1541 1494 1575 δεδεμένοι.
1518 1541 1643 1575 Ἐξῆλθεν
1656 1541 1724 1576 γὰρ,
1742 1542 1820 1575 φησὶ,

204 1590 318 1624 alligati.
335 1590 407 1616 Exiit
421 1590 505 1620 enim,
521 1589 610 1624 inquit
627 1589 780 1624 Scriptura,
795 1590 841 1624 qui
857 1594 982 1617 mortuus

204 1635 302 1668 ﬁxerat,
320 1636 409 1662 adhuc
433 1635 586 1663 devinctus.
610 1635 711 1662 Deinde
724 1640 859 1670 praesente
871 1635 936 1663 Jesu
956 1641 984 1663 et

203 1680 356 1718 discipulis,
373 1681 481 1715 illisque
491 1681 651 1712 mandante,
670 1681 811 1708 resolvunt
824 1681 983 1708 mortuariis

203 1717 318 1753 vinculis
346 1734 407 1754 eum
427 1727 474 1760 qui
504 1725 574 1753 Filio
597 1726 643 1753 Dei
674 1734 777 1753 morem
801 1730 933 1761 gesserat,
955 1730 983 1754 et

201 1772 328 1806 sepulcro
348 1771 495 1806 prodierat.
513 1770 537 1798 is
558 1775 649 1797 autem
667 1771 805 1798 resolutus
828 1771 885 1798 abit
902 1771 981 1805 liber,

201 1821 228 1844 et
244 1823 307 1842 mox
323 1822 384 1842 cum
409 1815 520 1841 Christo
539 1815 698 1842 discumbit.
715 1814 802 1850 llujus
827 1816 980 1842 animarum

200 1861 306 1889 ordinis
323 1861 411 1896 imago
430 1860 496 1888 mihi
516 1860 626 1888 videtur
641 1860 771 1894 Lazarus,
787 1862 832 1897 qui
849 1867 908 1889 erat
931 1861 982 1890 Be-

201 1905 294 1930 thania
322 1904 478 1936 oriundus,
506 1904 533 1931 id
562 1909 604 1932 est
629 1906 790 1933 obedientia:
815 1906 906 1934 domo.
930 1906 981 1934 Hic

200 1954 295 1983 postea
307 1950 460 1984 aegrotavit,
477 1950 524 1984 qui
542 1957 625 1978 sanus
643 1958 705 1978 cum
722 1955 807 1983 esset,
822 1959 837 1978 a
856 1951 921 1979 Jesu
939 1951 981 1979 di-

200 1995 344 2029 ligebatur.
360 1994 437 2022 Haud
451 2002 517 2029 ergo
531 1995 720 2030 desperandus
742 2004 776 2024 ne
794 1997 840 2024 ille
867 1998 978 2032 quidem

199 2039 245 2073 qui
272 2038 298 2065 in
314 2044 436 2066 extrema
461 2039 637 2073 improbitate
653 2045 790 2068 versatur.
811 2041 978 2069 Praeclarum

198 2084 307 2116 quidem
319 2088 361 2112 est
374 2093 427 2112 non
443 2085 591 2117 inlirmari;
605 2086 627 2112 si
647 2086 708 2120 quis
723 2091 814 2114 tamen
830 2093 980 2122 aegrotave-

198 2130 244 2160 rit,
258 2133 316 2157 oret
331 2137 365 2157 ne
384 2130 528 2157 inﬁrmitas
545 2130 603 2164 ejus
620 2131 656 2157 sit
671 2132 703 2158 ad
719 2136 845 2164 mortem,
865 2132 912 2160 sed
930 2140 978 2167 pro

198 2175 285 2208 gloria
303 2175 360 2202 Dei.
375 2176 451 2208 Quod
475 2182 600 2210 spectare
623 2177 685 2204 licet
706 2178 732 2204 in
749 2178 800 2205 isto
823 2179 869 2213 qui
885 2178 976 2206 Iesum

1036 1588 1050 1613 ὁ
1067 1586 1205 1620 τεθνηκὼς
1219 1586 1369 1621 δεδεμένος.
1383 1584 1449 1612 Εἶτα
1466 1586 1598 1621 παρόντος
1611 1586 1656 1613 τοῦ
1675 1587 1762 1621 Ἰησοῦ
1774 1585 1821 1613 καὶ

1035 1632 1089 1658 τῶν
1101 1631 1230 1666 μαθητῶν
1240 1651 1247 1663 ,
1274 1632 1320 1657 καὶ
1333 1631 1509 1663 κελεύσαντος
1529 1632 1619 1663 αὐτοῖς
1628 1652 1636 1663 ,
1660 1631 1753 1658 λύουσι
1767 1631 1822 1657 τῶν

1035 1678 1082 1705 τοῦ
1097 1677 1192 1713 νεκροῦ
1214 1677 1320 1713 δεσμῶν
1336 1677 1380 1703 τὸν
1396 1677 1540 1704 πεισθέντα
1561 1677 1599 1712 τῷ
1617 1677 1674 1712 Υἱῷ
1689 1677 1737 1703 τοῦ
1752 1676 1821 1704 Θεοῦ

1035 1724 1082 1750 καὶ
1096 1712 1238 1757 γενόμενον
1260 1712 1312 1754 ἔξω
1327 1722 1372 1748 τοῦ
1399 1723 1541 1758 μνημείου.
1576 1724 1604 1749 '0
1616 1723 1644 1749 δὲ
1659 1723 1748 1754 λυθεὶς
1765 1723 1820 1749 ἄπ-

1034 1777 1102 1795 εισιν
1125 1767 1279 1802 ἐλεύθερος,
1300 1768 1346 1794 καὶ
1369 1768 1432 1802 ἑξῆς
1448 1768 1636 1795 συνανάκειται
1661 1769 1699 1803 τῷ
1720 1768 1818 1804 Ἰησοῦ.

1035 1813 1160 1839 Τοιούτου
1186 1812 1256 1845 τινὸς
1291 1813 1430 1848 τάγματος
1451 1812 1583 1848 σύμὸολθν
1602 1811 1671 1840 εἷναί
1688 1814 1821 1849 μοιδοκεί

1034 1859 1047 1885 ὁ
1060 1859 1194 1893 Λάζαρος,
1207 1859 1280 1889 ὅστις
1296 1859 1345 1893 μὲν
1359 1857 1393 1894 ἦν
1409 1859 1463 1885 ἀπὸ
1479 1858 1622 1893 Βηθανίας,
1643 1859 1689 1885 τοῦ
1706 1860 1754 1894 τῆς
1767 1859 1819 1885 ὐπ-

1033 1905 1118 1938 ακοῆς
1144 1905 1227 1930 οίκου.
1262 1903 1422 1939 Ἠσθένησεν
1447 1903 1574 1939 ὕστερον,
1601 1904 1688 1931 καίτοι
1716 1913 1747 1938 γε
1774 1905 1818 1930 ὅτε

1035 1949 1153 1984 ὑγίαινεν
1167 1949 1243 1984 φίλος
1265 1949 1302 1976 ὣν
1327 1950 1374 1976 τοῦ
1395 1950 1491 1985 Ἰησοῦ.
1520 1950 1557 1976 Οὐ
1570 1950 1609 1976 δεῖ
1622 1948 1666 1977 οῦν
1681 1950 1818 1984 ἀπογινώο

1033 2003 1109 2021 σκειν
1119 1995 1165 2021 καὶ
1177 1994 1220 2021 τὸν
1232 1996 1260 2021 ὲν
1274 1995 1375 2030 ἐσχάτῃ
1387 1995 1468 2030 κακίᾳ
1480 1995 1631 2029 γινόμενον.
1644 1996 1699 2022 Καὶ
1713 1997 1754 2023 ὅτι
1766 2004 1817 2023 κα-

1033 2041 1076 2067 λὸν
1088 2040 1137 2074 μὲν
1144 2039 1174 2066 τὺ
1188 2040 1224 2075 μὴ
1233 2039 1354 2066 ἀσθενεῖν
1365 2048 1371 2055 ·
1385 2040 1408 2065 εί
1416 2040 1445 2066 δέ
1456 2049 1498 2071 τις
1508 2040 1630 2072 ἀσθενεῖ,
1642 2041 1762 2075 εὐχέσθω
1773 2041 1817 2069 ἵνα

1033 2085 1070 2120 μὴ
1085 2085 1101 2119 ὴ
1118 2083 1243 2110 ἀσθένεια
1256 2083 1336 2110 αὐτοῦ
1346 2077 1412 2119 πρὸς
1426 2084 1538 2111 θάνατον
1551 2085 1670 2119 γένηται,
1679 2086 1735 2112 ἀλλ’
1747 2086 1817 2121 ὑπὲρ

1031 2129 1080 2164 τῆς
1095 2129 1173 2163 δόξης
1196 2128 1242 2154 τοῦ
1259 2128 1336 2155 Θεοῦ.
1359 2129 1423 2155 Ὅτε
1453 2129 1526 2155 ἔστιν
1548 2129 1610 2156 ἰδεῖν
1632 2131 1678 2156 τὸν
1705 2130 1816 2157 ἀκολου-

1032 2174 1128 2200 θοῦντα
1143 2174 1181 2209 τῷ
1200 2174 1302 2209 Ἰησοῦ,
1324 2174 1385 2200 τίνα
1399 2175 1498 2210 τρόπον
1512 2176 1525 2201 ὁ
1539 2175 1657 2207 τοιοῦτος
1675 2176 1815 2211 ἐξέρχεται

197 2225 340 2248 vocantem
355 2221 491 2255 sequitur,
505 2222 641 2255 quomodo
654 2229 749 2255 nempe
761 2223 795 2249 ob
807 2222 870 2250 Jesu
883 2231 977 2251 vocem

1036 2220 1079 2254 μὲν
1095 2220 1138 2247 διὰ
1151 2220 1201 2255 τὴν
1224 2220 1311 2254 Ἰησοῦ
1328 2220 1420 2254 φωνὴν
1434 2240 1442 2253 ,
1461 2220 1500 2247 ἔτι
1513 2220 1541 2247 δὲ
1555 2223 1657 2256 σειραῖς
1670 2223 1724 2248 τῶν
1743 2223 1815 2249 ἰδίων

196 2259 273 2298 exiit,
296 2266 385 2293 adhuc
409 2270 499 2293 tamen
526 2272 700 2300 peccatorum
728 2275 839 2294 suorum
860 2269 977 2297 vinculis

197 2313 324 2346 alligatus
347 2317 373 2339 et
395 2313 563 2340 constrictus
580 2320 587 2338 :
603 2313 638 2339 ob
655 2313 841 2348 paenitentiam
866 2314 977 2348 quidem

197 2361 223 2384 et
241 2358 424 2385 obedientiam
451 2357 518 2386 Jesu
536 2359 606 2390 voci,
632 2359 745 2391 vivens;
760 2360 806 2387 sed
824 2360 887 2394 quia
907 2367 978 2387 non-

196 2403 261 2429 duin
283 2408 458 2437 peccatorum
477 2404 581 2438 laqueis
599 2404 717 2435 solutus,
739 2405 858 2432 nonduin
883 2405 978 2432 liberis

197 2448 311 2484 pedibus
330 2449 454 2477 incedere
470 2450 579 2483 valens;
594 2450 642 2477 sed
657 2458 745 2485 neque
762 2451 851 2477 solute
868 2450 977 2484 operari

197 2495 355 2529 praeclarum
371 2495 472 2530 aliquid
490 2495 591 2529 valens,
606 2499 717 2530 propter
731 2503 827 2523 manus
841 2496 976 2530 pedesque

196 2538 355 2566 mortuariis
369 2539 493 2574 ligaturis
509 2539 671 2574 impeditos;
686 2543 766 2574 atque
782 2540 816 2566 ob
834 2539 860 2566 id
874 2539 974 2566 faciem

196 2592 306 2620 quoque
329 2585 482 2619 ignorantia
506 2586 622 2613 velatam
648 2593 755 2620 gerens.
780 2584 974 2611 Verumtamen

195 2628 259 2655 Jesu
275 2630 402 2656 mandato
416 2631 522 2657 solutus
542 2638 573 2657 ac
591 2631 659 2657 liber
676 2629 799 2660 elTeelus,
811 2629 865 2656 tale
882 2629 973 2664 ingre-

196 2674 268 2701 ditur
284 2674 345 2706 iter,
361 2682 448 2710 eoque
463 2676 596 2710 pervenit,
614 2679 642 2701 ut
662 2682 732 2702 unus
749 2674 782 2702 de
799 2674 974 2702 discumben-

232 2750 255 2766 “
274 2749 283 2776 l
302 2750 363 2777 Cor.
381 2757 424 2782 xv,
442 2749 487 2776 52.

1031 2265 1236 2300 ἁμαρτημάτων
1249 2265 1388 2300 δεδεμένος
1399 2266 1446 2292 καὶ
1455 2267 1617 2300 ἑσφιγμένος
1626 2288 1633 2299 ,
1647 2267 1690 2293 διὰ
1704 2268 1753 2302 μὲν
1765 2269 1815 2303 τὴν

1033 2312 1176 2346 μετάνοιαν
1190 2311 1236 2338 καὶ
1251 2311 1281 2336 τὸ
1298 2311 1447 2346 ἀκηκοέναι
1457 2312 1505 2346 τῆς
1524 2312 1610 2347 Ἰησοῦ
1626 2313 1726 2348 φωνῆς,
1739 2313 1793 2346 ζῶν
1803 2321 1812 2330 ο

1031 2355 1073 2382 διὰ
1089 2356 1116 2382 δὲ
1132 2356 1162 2381 τὸ
1178 2356 1215 2391 μὴ
1229 2355 1408 2382 ἀπολελύσθαι
1423 2356 1476 2383 τῶν
1484 2357 1532 2392 τῆς
1545 2358 1680 2392 ἁμαρτίας
1695 2359 1812 2394 δεσμῶν,

1033 2401 1099 2436 μηδὲ
1173 2400 1301 2426 δύνασθαι
1315 2400 1466 2436 ἐλευθέροις
1479 2402 1628 2428 ἐπιϐαίνειν
1643 2404 1730 2435 ποσὶν,
1745 2404 1813 2431 ἀλλὰ

1032 2448 1098 2482 μηδὲ
1115 2447 1236 2482 ἐνεργεῖν
1251 2447 1457 2482 ἀπολελυμένως
1472 2447 1505 2473 τὰ
1518 2448 1687 2483 διαφέροντα,
1706 2449 1812 2484 δεδεμέ-

1030 2501 1072 2523 νος
1096 2493 1144 2524 τὰς
1158 2493 1251 2527 χεῖρας
1272 2493 1319 2518 καὶ
1341 2493 1403 2525 τοὺς
1420 2494 1501 2525 πόδας
1521 2495 1629 2529 δεσμοῖς
1643 2496 1746 2531 νεκρῶν
1760 2505 1810 2533 κη-

1030 2538 1116 2572 ρίαις·
1134 2538 1179 2564 καὶ
1193 2538 1237 2564 διὰ
1255 2538 1354 2570 ταύτας
1374 2539 1422 2574 τὴν
1435 2539 1494 2573 Mm
1510 2541 1542 2574 τῇ
1562 2540 1656 2576 ἀγνοίᾳ
1672 2542 1809 2577 κεκαλυμν

1029 2583 1118 2618 μένος.
1143 2583 1191 2609 Διὰ
1213 2583 1243 2609 δὲ
1259 2583 1307 2618 τὴν
1331 2584 1476 2618 πρόσταξιν
1494 2584 1540 2610 τοῦ
1562 2585 1648 2619 Ἰησοῦ
1662 2585 1751 2617 λυθεὶς
1761 2587 1807 2613 καὶ

1027 2628 1148 2662 ἀφεθεὶς,
1165 2628 1309 2663 πορεύεται
1326 2629 1452 2663 τοιαύτην
1476 2629 1603 2664 πορείαν,
1626 2630 1696 2656 ὥστε
1707 2631 1807 2664 φθάσαι

1029 2673 1109 2701 αὑτὸν
1127 2675 1173 2700 ἐπὶ
1193 2673 1232 2709 τῷ
1255 2674 1302 2701 ἕνα
1319 2675 1366 2701 καὶ
1387 2674 1467 2701 αὐτὸν
1485 2676 1610 2709 γενέσθαι
1624 2676 1676 2703 τῶν
1693 2685 1806 2706 συνανα-

230 2837 269 2871 (Ι)
287 2841 365 2868 Οὕτω
381 2840 417 2872 δή
434 2848 510 2872 τινες
531 2860 536 2866 .
553 2858 558 2865 .
576 2859 581 2866 .
600 2860 605 2866 .
620 2839 653 2867 ἐν
671 2840 729 2873 τοῖς
746 2841 909 2876 μνήμασιν.
936 2841 975 2869 Ex

1036 2849 1089 2870 cna
1100 2840 1229 2871 Vaticana
1245 2849 1289 2877 ap.
1301 2841 1350 2870 Mai
1368 2843 1432 2871 ibid.
