1906 3037
94 142 129 169 65

531 139 563 166 lN
578 139 748 167 JOANNEM.
762 155 796 160 —
810 138 876 166 LIB.
895 137 940 165 VII
959 137 1006 165 ΕΤ
1028 138 1084 166 Vill
1102 138 1324 166 FRAGMENTA.

1691 139 1727 169 66

94 199 232 235 κειμένων
253 198 328 233 αὐτῷ
348 197 444 233 Ἰησοῦ.
471 197 532 224 Τίσι
547 198 575 224 δὲ
590 198 665 225 λύειν
684 198 765 225 αὑτὸν
779 198 876 232 ὲπέτρε

943 197 1017 224 tibus
1031 204 1093 224 cum
1109 197 1173 224 Jesu
1191 198 1248 224 fieri
1266 198 1363 232 pOSsil.
1380 197 1440 225 iam
1461 199 1625 234 quibusnam
1640 200 1725 228 Laza-

92 246 156 281 ψεν,
169 245 201 270 ού
217 245 391 278 γέγραπται·
409 243 426 279 ἢ
440 245 496 275 τοῖς
513 243 660 279 μαθηταῖς,
675 244 691 280 ἢ
709 245 764 276 τοῖς
779 251 891 270 συνακο-

92 291 263 325 λουθήσασιν
279 290 416 321 Ἰουδαίοις
427 309 434 320 ,
450 289 466 325 ἦ
481 289 529 316 καὶ
540 289 668 324 ἀγγέλοις
685 290 750 319 ἴσως
763 290 819 320 τοῖς
833 288 892 315 δια-

92 338 273 372 κονουμένοις
287 336 362 371 αὐτῷ
373 335 440 371 πρὸς
451 336 500 369 τὴν
511 336 567 362 τῶν
576 335 728 371 ἀνθρώπων
741 335 889 370 σωτηρίαν.

93 383 146 409 Καὶ
163 382 224 408 ἔστι
251 389 284 414 γε
302 381 417 407 συνιδεῖν
431 380 659 415 ἀποθνησκόντων
671 379 804 416 διαφορὰν
814 399 821 411 ,
836 379 891 405 τῶν

94 428 142 463 μὲν
158 426 223 462 μηδ’
240 427 311 457 ὅλως
328 425 455 458 ἐξιόντων
468 425 515 451 τοῦ
530 425 616 457 οἴκου,
633 425 670 456 ὡς
684 425 730 451 ἐπὶ
745 425 794 460 τῆς
811 424 890 451 Ἰαεί-

93 482 138 509 ρου
163 473 324 508 θυγατρὸς,
342 472 397 499 τῶν
417 472 445 498 δὲ
458 472 509 508 ήδη
525 472 660 499 ἀπιόντων
678 472 724 498 ἐπὶ
742 472 773 498 τὸ
786 471 889 506 μνῆμα,

91 519 127 551 ὡς
154 519 203 545 ἐπὶ
231 518 282 545 τοῦ
306 518 365 545 vim")
385 519 434 552 τῆς
448 519 554 553 χήρας’
588 518 643 544 τῶν
672 517 701 544 δὲ
727 517 774 544 καὶ
798 516 891 543 τεθέν-

90 573 143 592 των
167 565 197 590 ἐν
215 564 258 599 τῷ
281 563 407 600 μνημείῳ
427 564 474 590 καὶ
488 564 538 598 ἠδη
551 563 718 598 σεσηπότων.
746 561 849 588 Ἀθλιοι
862 561 890 588 δὲ

92 611 167 647 παρὰ
191 610 304 642 τούτοις
325 611 349 636 οἱ
370 611 418 636 ἐπὶ
439 610 530 636 πλεῖον
553 609 767 645 ἐμϐραδύνοντες
791 609 820 634 ὲν
833 609 890 640 τοῖς

94 659 246 692 μνήμασιν.

129 703 246 737 Ἡῦψις
263 703 357 730 αὑτοῦ
377 702 526 737 σουδαρίῳ
537 702 730 737 περιεδέδετο.

125 750 265 782 Πεσόντες
289 751 329 781 εἰς
349 750 498 785 ἁμαρτίαν,
512 749 638 784 καθάπερ
655 757 685 775 τι
697 748 829 784 κάλυμμα
840 748 889 784 τὴν

92 794 220 822 ἐντεῦθεν
242 795 378 830 αἰσχύνην
399 795 439 830 τῷ
460 795 508 829 τῆς
521 794 609 829 ψυχῆς
628 793 767 829 προσώπῳ
782 801 889 829 περιτε-

93 841 223 875 θείκαμεν
236 861 243 872 ,
283 841 398 872 καὶτοῖς
421 839 468 866 τοῦ
487 840 602 866 θανάτου
630 838 889 873 κατεδεσμεύθημεν

942 251 1003 270 rum
1025 244 1133 271 solvere
1157 244 1344 278 imperaverit,
1367 249 1478 271 nonest
1498 245 1641 280 scriptum,
1661 255 1725 274 num

943 289 1071 316 videlicet
1087 289 1243 324 discipulis,
1262 297 1296 316 an
1321 290 1499 323 sequentibus
1514 297 1544 317 se
1563 289 1674 324 Judmis,
1692 299 1726 318 an

941 333 1024 361 etiam
1050 334 1168 362 fortasse
1193 335 1308 368 angelis,
1326 335 1374 369 qui
1397 335 1590 361 ministrabant
1621 335 1671 370 ipsi
1699 336 1726 363 in

942 381 1116 415 procuranda
1138 382 1281 408 hominum
1306 382 1405 408 salute;
1421 381 1542 416 Denique
1557 381 1726 409 observanda

941 431 984 454 est
1004 431 1177 454 mortuorum
1203 427 1372 459 diﬂ'ereutia;
1394 434 1512 461 namque
1538 427 1583 454 alii
1605 428 1726 455 nondum

940 472 1023 500 domo
1049 473 1116 500 elati
1150 473 1268 505 fuerant.
1298 478 1328 500 ut
1356 472 1425 500 Jairi
1454 473 1596 500 filia:alii
1622 475 1656 500 ad
1683 482 1727 502 sc-

942 519 1067 553 pulcrum
1081 520 1138 554 jam
1154 520 1345 554 portabantur,
1360 523 1388 546 ut
1405 519 1477 547 [ilius
1494 520 1581 547 viduae
1597 529 1603 546 :
1619 521 1665 547 alii
1680 520 1727 547 de-

941 563 1024 598 nique
1042 563 1099 597 jam
1117 563 1143 590 in
1166 568 1345 591 tnonumento
1362 565 1500 599 jacebaut,
1519 570 1545 592 et
1560 566 1668 600 quidem
1685 570 1727 593 ta-

941 607 1092 634 bescentes.
1106 607 1159 635 Sed
1174 608 1342 637 infeliciorcs
1365 612 1470 639 ceter-is
1487 617 1563 644 sunt,
1576 613 1623 646 qui
1639 612 1686 640 diu
1698 613 1726 640 in

940 652 1076 687 sepulcris
1090 652 1271 680 demorantur
1285 654 1335 689 (‘2).

975 698 1022 730 XI,
1044 699 1088 726 Η.
1107 698 1203 726 Facies
1218 700 1274 734 ejus
1286 701 1394 728 sudario
1409 707 1466 728 erat
1480 703 1572 738 ligata.

975 744 1004 771 lu
1027 750 1170 780 peccatum
1194 746 1273 780 lapsi,
1290 746 1411 775 dedecus
1448 749 1512 776 inde
1537 754 1724 784 contractum,

940 791 1024 818 veluti
1041 791 1179 826 quoddam
1192 792 1327 823 velamen,
1345 794 1445 821 anima:
1462 799 1563 822 nostrze
1580 796 1657 824 faciei
1671 797 1726 825 clr-

940 838 1160 872 cumposuimus,
1183 841 1210 864 et
1236 838 1332 865 mortis
1362 838 1469 873 laqueis
1495 840 1593 867 irreliti
1619 849 1724 870 sumus.

94 887 210 922 βρόχοις.
241 887 333 925 ’⁷οταν.
343 885 388 912 οὖν
411 887 486 921 ἡμᾶς
514 885 584 912 κατὰ
598 885 642 912 τὸν
656 886 705 919 τῆς
719 884 880 911 ἀναστάσεωη

943 882 1010 909 Cum
1030 882 1114 917 igitur
1132 891 1182 910 nos
1199 883 1274 910 circa
1292 888 1400 919 tempus
1416 883 1629 914 resurrectionis
1642 895 1725 914 emu-

94 933 186 968 καιρὸν
207 933 264 959 τῶν
285 934 339 960 ἀπὸ
360 933 411 968 γῆς
436 932 586 968 μνημάτων
608 931 705 964 ἐξοίσει
729 932 743 957 ό
759 930 884 967 Χριστὸς,

93 978 150 1004 τότε
162 978 206 1013 δὴ,
221 977 296 1009 τότε,
312 977 365 1004 τῶν
379 979 408 1004 ἐν
424 978 494 1012 ἀρχῇ
509 976 648 1007 ἀπολύσας
666 975 768 1008 κακῶν,
783 976 831 1001 καὶ
840 983 887 1001 πε-

96 1023 207 1059 ριαιρῶν
215 1024 322 1058 τρόπον
331 1023 391 1049 τινὰ
400 1022 450 1058 τῆς
461 1022 590 1058 αἰσχύνης
601 1022 630 1048 τδ
643 1021 784 1056 κάλυμμα,
793 1021 886 1047 λοιπὸν

94 1068 242 1104 ἐλευθέρως
256 1067 380 1095 ἀνεῖσθαι
394 1067 499 1094 κελεύει
509 1087 517 1100 ,
537 1068 586 1102 οὺχ
601 1067 721 1102 ἁμαρτίᾳ
738 1074 886 1101 στυριλιννου⁸

96 1115 204 1149 μένους,
225 1114 277 1149 οὺχ
302 1113 499 1149 ὑποκειμένους
513 1115 546 1149 τῇ
564 1113 668 1148 φθορᾷ,
683 1113 699 1148 ἢ
714 1112 816 1147 ἑτέροις
830 1111 886 1137 τισὶ

94 1160 197 1186 εἰωθόσι
220 1159 342 1191 κακοῦν,
367 1159 404 1192 ὡς
419 1159 587 1195 πληροῦσθαι
608 1160 636 1185 ὲν
653 1160 720 1194 ἡμῖν
735 1158 765 1185 τὸ
777 1157 811 1184 δι’
826 1157 886 1189 ἐνὸς

94 1206 144 1232 τῶν
155 1206 244 1239 ἁγίων
256 1205 405 1241 προφητῶν
421 1205 566 1241 εἰρημένον
576 1214 583 1220 θ
595 1214 604 1230 ι
622 1203 821 1237 Ἐξελεύσεσθε,
838 1203 886 1230 καὶ

95 1253 254 1287 σκιρτήσετε
264 1252 304 1284 ὡς
317 1253 453 1288 μοσχάρια
467 1252 499 1278 ὲκ
511 1251 617 1286 δεσμῶν
628 1251 769 1286 ἀνειμένα.
783 1261 792 1277 ι

126 1297 247 1324 Λύσατε
265 1297 361 1324 αὐτὸν
375 1297 423 1324 καὶ
444 1297 535 1331 ἄφετε
553 1296 690 1331 ὑπάγειν.

126 1339 278 1375 Χρησίμως
292 1339 339 1367 οὖν
359 1341 404 1367 διὰ
418 1340 518 1376 χειρῶν
537 1340 644 1367 οἰκείων
668 1340 817 1376 ἐπέτρεψεν
837 1341 885 1369 αὺο

94 1387 148 1417 τοῖς
162 1385 242 1413 λύσαι
258 1387 341 1413 αὐτὸν
352 1406 360 1419 ,
382 1387 426 1414 ἵνα
446 1387 582 1423 μηδεμίαν
599 1386 686 1422 ἔχοιεν
705 1388 886 1422 συκοφαντίας

95 1432 233 1468 ἀφορμὴν,
259 1433 328 1459 ἀλλὰ
355 1433 493 1468 μάρτυρες
513 1430 564 1459 ὦσι
584 1433 631 1459 τοῦ
655 1432 803 1468 θαύματος.
830 1433 885 1461 Καὶ

95 1477 168 1504 τοῦτο
182 1478 209 1504 δὲ
229 1478 290 1514 ἔχει
301 1479 400 1514 δεῖγμα
417 1479 466 1516 τῆς
481 1478 628 1514 καθολικῆς
644 1479 828 1512 ἀναστάσεως,
840 1480 885 1506 ὅτε

95 1522 222 1558 λυομένης
233 1523 287 1558 τῆς
306 1524 444 1559 ἁμαρτίας
458 1525 504 1550 καὶ
516 1524 565 1559 τῆς
579 1523 626 1550 τοῦ
642 1523 757 1550 θανάτου
771 1523 883 1560 φθορᾶς,

96 1568 231 1603 ἐλεύθερος
252 1569 365 1603 ἀφίεται
388 1569 514 1600 ἕκαστος.
554 1569 687 1601 Πεσόντες
707 1569 762 1604 γὰρ
787 1568 825 1604 (ι)
845 1570 885 1601 είς

97 1615 237 1649 ἁμαρτίαν,
257 1615 386 1651 καθάπερ
400 1624 426 1642 τι
440 1616 573 1650 κάλυμμα
590 1615 641 1650 τὴν
651 1615 776 1642 ἐντεῦθεν
790 1615 886 1651 αἰσχύ-

97 1668 140 1694 νην
159 1660 198 1695 τῷ
219 1661 273 1695 τῆς
295 1660 383 1696 ψυχῆς
411 1660 550 1696 προσώπῳ
573 1661 817 1696 περιτεθείκαμεν,
838 1661 885 1688 καὶ

97 1706 146 1736 τοῖς
162 1705 208 1732 τοῦ
229 1705 347 1733 Θανάτου
371 1706 632 1742 καταδεσμεύθημεν
657 1706 774 1742 βρόχοις,
801 1707 885 1734 Ὅταν

97 1747 138 1776 οὖν
152 1751 225 1785 ἡμᾶς
245 1751 320 1777 κατὰ
334 1751 379 1777 τὸν
394 1751 444 1786 τῆς
459 1751 634 1783 ἀναστάσεως
649 1751 745 1786 καιρὸν
763 1751 817 1778 τῶν
831 1744 884 1778 άπὸ

97 1796 143 1832 γῆς
158 1798 310 1832 μνημάτων
319 1797 412 1832 ἐξοίσῃ
424 1797 553 1832 Χριστὸς,
561 1797 622 1824 τότε
637 1798 685 1824 καὶ
697 1797 752 1824 τῶν
763 1798 884 1833 ἀρχαίων

97 1839 228 1872 ἀπολύσας
255 1840 365 1872 κακῶν,
396 1841 444 1868 καὶ
469 1841 602 1876 περιελὼν
628 1841 729 1877 τρόπον
752 1843 813 1868 τινὰ
835 1843 885 1878 τῆς

97 1886 220 1921 αἰσχύνης
246 1887 281 1913 τὸ
301 1888 449 1922 κάλυμμα,
473 1887 566 1915 λοιπὸν
593 1888 744 1923 ἐλευθέρως
763 1889 884 1916 ἀνεῖσθαι

98 1931 225 1964 κελεύσει,
237 1933 288 1967 οὐχ
305 1933 501 1968 ὑποκειμένους
513 1935 546 1969 τῇ
557 1934 644 1970 φθορᾷ
653 1934 699 1960 καὶ
710 1936 765 1966 τοῖς
777 1935 885 1961 εἰωθόσι

98 1980 207 2010 κακοῖς·
229 1979 267 2010 ὡς
291 1979 460 2015 πληροῦσθαι
483 1981 512 2006 ὲν
536 1981 602 2015 ἡμῖν
630 1981 660 2007 τὸ
686 1980 719 2007 δι’
745 1981 804 2012 ἑνὸς
829 1981 884 2008 τῶν

99 2024 239 2059 προφητῶν
251 2025 397 2060 εἰρημένον
408 2034 415 2040 ·
432 2035 442 2051 ι
453 2025 654 2059 Ἑξελεύσεσθε,
665 2027 712 2053 καὶ
723 2027 884 2062 σκιρτήσετε

100 2069 134 2099 ὡς
149 2071 282 2105 μοσχάρια
298 2071 329 2097 ἐκ
342 2071 449 2106 δεσμῶν
461 2070 601 2105 ἀνειμένα.
618 2080 627 2097 ι
644 2071 773 2106 Λάμσανε
787 2073 815 2099 δέ
831 2080 876 2106 μοι

100 2114 128 2140 τὸ
139 2114 227 2148 θαῦμα
241 2116 289 2142 καὶ
302 2116 348 2142 ἐπὶ
359 2117 394 2142 τὰ
406 2117 492 2147 ἐντός.
506 2117 537 2143 Εἰ
551 2116 605 2151 γὰρ
617 2117 631 2143 ό
643 2117 705 2148 νοῦς
717 2118 795 2153 ἡμῶν
807 2118 876 2144 ἀπο-

101 2159 169 2186 θάνοι
181 2161 217 2192 ὡς
228 2161 365 2196 Λάζαρος,
377 2162 417 2188 δεῖ
430 2162 498 2196 μετὰ
508 2162 739 2196 ὲξομολογήσεως,
751 2162 788 2193 ὥς
799 2162 877 2197 Μάρ-

100 2203 144 2238 θαν
157 2204 201 2229 καὶ
215 2204 336 2239 Μαρίαν,
357 2205 407 2240 τὴν
422 2206 516 2241 ὑλικὴν
540 2207 630 2242 σάρκα
648 2208 695 2233 καὶ
715 2208 764 2243 τὴν
781 2217 879 2243 σεμνο-

99 2248 173 2284 τέραν
187 2250 276 2286 ψυχὴν
299 2244 456 2286 προσελθεῖν
475 2252 513 2288 τῷ
529 2253 640 2288 Χριστῷ
659 2254 706 2280 καὶ
720 2254 877 2289 παρακαλέ-

100 2303 155 2321 catt'
178 2297 222 2323 καὶ
250 2297 281 2328 ὃς
304 2297 432 2330 ἐπιστὰς,
457 2298 507 2333 τὴν
531 2299 706 2334 ἐπικειμένην
728 2301 761 2335 τῇ
783 2301 876 2335 μνήμῃ

98 2340 205 2375 ἀρθῆναι
232 2342 356 2369 κελεύσει
376 2342 524 2378 πώρωσιν,
550 2344 597 2370 καὶ
619 2346 739 2379 φωνήσει
772 2345 878 2381 μεγάλῃ

100 2387 166 2421 φωνῇ
182 2387 232 2422 τῆς
252 2388 434 2424 εὐαγγελικῆς
453 2389 602 2423 σάλπιγγος
615 2398 622 2405 ·
640 2389 725 2425 Δεῦρο
747 2390 799 2422 ἔξω
823 2391 878 2417 τῶν

98 2431 139 2457 τοῦ
156 2433 257 2468 κόσμου
268 2434 467 2469 περισπασμῶν
478 2443 484 2449 ·
501 2435 547 2461 καὶ
560 2435 611 2466 τὰς
627 2435 720 2469 σειρὰς
733 2435 808 2462 λύσει
823 2436 878 2462 τῶν

100 2477 243 2512 ἁμαρτιῶν,
259 2479 330 2506 ὥστε
347 2479 476 2507 δύνασθαι
496 2479 629 2507 κινεῖσθαι
648 2481 789 2516 ἀραρότως
809 2480 877 2517 πρὸς

100 2524 202 2558 ἀρετήν,

131 2570 237 2597 Πολλοὶ
255 2569 312 2599 οὖν
331 2572 366 2599 ἐκ
380 2572 439 2599 τῶν
458 2572 610 2601 Ἰουδαίων
618 2572 805 2601 ἐπίστευσαν
830 2574 874 2606 εἱς

99 2615 192 2642 αὐτόν.

130 2659 171 2691 Τῷ
186 2662 329 2697 παραδόξῳ
349 2662 504 2698 νικηθέντες
530 2662 622 2690 πολλοί
646 2663 871 2691 πεπιστεύκασιν·

129 2716 150 2731 ⁸⁹
168 2717 282 2746 Malach.
303 2727 340 2752 tv,
355 2719 383 2746 2.

131 2773 224 2811 ίΙλΕύ.
245 2786 251 2803 :
272 2785 333 2804 πεσ.
348 2784 374 2809 γ.
387 2776 426 2807 εἰς
443 2776 491 2811 ἀμ.
507 2777 564 2807 τοῖς
575 2775 623 2802 τοῦ
639 2775 753 2803 θανάτου
767 2776 878 2811 δεσμοῖς

101 2809 354 2846 ξτιῑῖεςμεύθημεν·
366 2809 487 2845 λάμὸανε
498 2811 525 2837 δέ
538 2820 581 2845 μοι
593 2811 622 2837 τὸ
633 2811 797 2846 θαῦμα,καὶ,
813 2809 868 2846 ett}.

102 2840 249 2878 suppletum
261 2840 417 2873 exullacario
429 2846 474 2874 fol.
487 2840 548 2878 385',
558 2854 603 2881 ap.
617 2845 667 2873 Mai
685 2840 702 2872 Ι’.
721 2840 740 2873 Ι.
762 2840 863 2881 ρίίῦὃ.

940 928 1080 956 numentis
1097 929 1223 956 extrahet
1237 923 1379 961 Chrisuis,
1394 934 1459 957 tunc
1474 935 1548 957 certe
1564 936 1725 967 repurgatos

940 981 990 1001 nos
1008 975 1044 1002 ab
1063 976 1179 1010 antiqua
1206 976 1277 1008 labe,
1295 976 1422 1004 detracto
1443 978 1598 1006 velamento
1624 979 1724 1007 liberes

940 1020 980 1047 ire
997 1020 1118 1055 jubebit.
1135 1030 1188 1048 non
1204 1022 1340 1050 obnoxios
1358 1024 1464 1058 peccati
1483 1025 1621 1059 tyrannidi
1638 1033 1725 1060 neque

939 1068 1122 1102 cormplioni,
1137 1067 1252 1103 aliisque
1269 1068 1349 1095 malis
1370 1069 1510 1096 interitum
1534 1069 1722 1100 adurentibus.

939 1112 976 1139 ita
995 1118 1024 1140 ut
1039 1113 1066 1140 in
1082 1113 1162 1141 nobis
1177 1113 1324 1148 impleatur
1349 1114 1422 1150 quod
1442 1115 1476 1142 ab
1491 1122 1545 1142 uno
1566 1120 1722 1143 sanctorqu

939 1159 1134 1194 prophetarum
1161 1160 1265 1187 dictum
1296 1165 1335 1188 est
1357 1171 1362 1188 :
1384 1170 1393 1186 ι
1415 1161 1608 1196 Egrediemini,
1625 1167 1652 1190 ct
1678 1170 1724 1191 sa-

939 1205 1013 1233 lictis
1037 1206 1109 1234 sicut
1124 1206 1200 1242 parri
1221 1207 1298 1234 vituli
1316 1207 1436 1235 vinculis
1453 1208 1569 1235 exsoluti
1582 1210 1613 1235 τ’.
1633 1218 1642 1234 ι

974 1291 1019 1324 XI,
1038 1292 1083 1319 64.
1099 1292 1198 1320 Solvite
1210 1301 1270 1320 eunt
1282 1298 1306 1320 et
1320 1293 1398 1320 sinite
1413 1293 1494 1320 abire.

976 1337 1084 1365 Utiliter
1108 1339 1194 1373 igitur
1220 1339 1280 1366 suis
1300 1346 1347 1366 eos
1370 1339 1498 1366 manibus
1518 1339 1625 1367 solvere
1647 1339 1722 1368 illum

939 1383 1079 1418 permisit,
1093 1391 1128 1410 ne
1147 1383 1231 1410 ullam
1248 1383 1380 1410 haberent
1396 1384 1540 1411 calumnia:
1557 1392 1662 1416 mnsam,
1676 1385 1723 1412 sed

939 1428 1067 1455 miraculi
1087 1431 1172 1456 testes
1200 1428 1301 1455 forent.
1320 1428 1405 1463 quue
1427 1428 1655 1463 significationem
1674 1430 1724 1456 ha-

939 1473 985 1500 bet
1001 1473 1166 1501 universalis
1183 1474 1411 1505 resurrectionis,
1426 1473 1538 1508 quando
1555 1474 1646 1501 soluto
1662 1482 1723 1509 pec-

938 1524 1000 1545 can
1030 1522 1059 1545 et
1092 1519 1190 1546 mortis
1217 1518 1410 1552 corruptione,
1434 1520 1623 1553 unusquisque
1655 1521 1724 1548 liber

899 1555 1093 1591 Cdimittitur.
1119 1564 1187 1590 Cum
1219 1564 1293 1591 enim
1327 1565 1354 1590 in
1386 1569 1529 1599 peccatum
1555 1565 1722 1598 incidimus,

936 1611 1113 1646 ignominiam
1135 1612 1200 1638 inde
1219 1616 1386 1645 manantem,
1403 1620 1452 1639 ceu
1479 1613 1615 1647 quoddam
1631 1613 1722 1639 velulli

935 1657 1035 1684 anima:
1048 1662 1149 1684 nostrae
1165 1657 1246 1685 faciei
1260 1658 1434 1689 obducimus,
1447 1663 1474 1685 et
1490 1659 1587 1685 tnortis
1604 1659 1722 1686 vinculis

936 1703 1090 1738 alligamur.
1107 1703 1175 1730 Cum
1193 1707 1285 1731 autem
1305 1711 1355 1731 nos
1371 1705 1585 1732 resurrectionis
1599 1709 1723 1740 tempore

935 1755 951 1775 e
965 1753 1046 1776 terrae
1063 1750 1249 1777 monumentis
1261 1749 1360 1777 educet
1370 1750 1509 1783 Christus,
1520 1756 1585 1778 tunc
1599 1751 1722 1786 antiquis

936 1795 1085 1829 expediens
1100 1795 1406 1830 malis,detrahcnsque
1423 1796 1625 1830 quodammodo
1643 1797 1720 1831 igno-

935 1840 1027 1868 miniae
1041 1840 1283 1875 velum,posthinc
1297 1841 1400 1869 liberos
1415 1843 1492 1870 abire
1505 1841 1621 1877 jubebit,
1632 1849 1720 1877 neque

935 1886 1040 1920 peccati
1059 1885 1176 1912 ulterius
1202 1886 1349 1920 tyrannide
1369 1893 1492 1920 pressos.
1512 1893 1600 1920 neque
1623 1893 1720 1912 corru-

935 1931 1022 1966 ptioui
1042 1931 1169 1959 subditos
1193 1936 1241 1958 aut
1257 1933 1399 1959 consuetis
1418 1932 1498 1959 malis
1515 1940 1522 1958 :
1540 1935 1570 1958 ut
1595 1931 1721 1966 perficia-

935 1983 980 2005 tur
999 1979 1026 2005 in
1051 1978 1130 2005 nobis
1154 1977 1258 2005 dictum
1279 1978 1343 2005 olitn
1374 1979 1407 2005 ab
1430 1987 1485 2006 uno
1510 1985 1525 2005 e
1553 1978 1718 2013 prophetis:

938 2031 946 2048 ι
966 2022 1159 2058 Egrediemini,
1174 2026 1202 2050 et
1220 2028 1349 2057 tanquam
1366 2024 1444 2050 vituli
1467 2024 1574 2051 salictis
1601 2023 1720 2051 vinculis

934 2068 1062 2095 resoluti.
1090 2077 1100 2093 ι
1133 2068 1319 2096 Accommoda
1353 2070 1420 2096 mihi
1445 2070 1526 2097 etiam
1557 2070 1719 2097 miraculum

934 2113 968 2141 ad
981 2114 1061 2149 691
1084 2114 1228 2141 interiora.
1247 2114 1276 2141 Si
1291 2115 1366 2142 enim
1384 2123 1460 2143 mens
1476 2122 1567 2143 nostra
1589 2121 1718 2150 tanquam

934 2159 1055 2186 Lazarus
1085 2164 1192 2186 mortua
1227 2161 1276 2193 sit,
1309 2165 1420 2196 oportet
1451 2169 1514 2188 cum
1544 2161 1719 2189 confessione

934 2207 1032 2234 molem
1061 2207 1156 2234 carnis
1173 2207 1356 2239 materialem,
1371 2211 1399 2234 et
1416 2207 1643 2234 venerabiliorem
1659 2207 1719 2233 ani-

933 2259 1015 2282 mam.
1034 2256 1166 2286 tanquam
1187 2251 1320 2279 Martham
1340 2257 1366 2280 et
1384 2252 1512 2284 Mariam,
1535 2252 1666 2280 accedere
1683 2252 1717 2279 ad

931 2297 1070 2325 Christum
1093 2301 1119 2324 et
1144 2297 1288 2332 deprecari
1308 2309 1313 2324 :
1331 2303 1358 2325 et
1380 2298 1427 2325 ille
1442 2301 1536 2325 astans
1561 2297 1716 2332 impositam

931 2345 1072 2372 memoriae
1092 2344 1150 2370 tolli
1166 2343 1275 2378 jubcbit
1289 2343 1418 2370 duritiem
1435 2351 1467 2370 ae
1483 2343 1596 2376 callum,
1612 2347 1638 2370 et
1659 2343 1717 2370 cla-

931 2389 1018 2417 mabit
1041 2396 1138 2424 magna
1159 2389 1323 2424 evangelica:
1342 2389 1413 2416 tubae
1431 2396 1497 2416 voce
1517 2399 1524 2416 :
1547 2388 1606 2416 Huc
1626 2389 1717 2427 venite

931 2439 1008 2463 extra
1031 2435 1125 2462 mundi
1145 2434 1341 2462 distractiones
1359 2443 1365 2462 :
1383 2440 1410 2462 et
1424 2435 1512 2462 solvet
1539 2438 1714 2470 peccatorum

930 2486 1054 2514 catenas,
1075 2481 1112 2508 ita
1130 2485 1161 2508 ut
1180 2480 1318 2516 possimus
1341 2481 1444 2508 moveri
1468 2480 1662 2508 convenienter
1679 2479 1715 2506 ad

929 2527 1069 2555 virtutem.
1124 2525 1130 2532 ‘

965 2571 1014 2604 XI,
1044 2572 1087 2599 ιε’).
1118 2571 1200 2598 Multi
1222 2579 1282 2606 ergo
1305 2579 1338 2598 ex
1367 2571 1468 2599 Judwis
1494 2571 1660 2598 crediderunt
1685 2570 1713 2597 in

930 2625 989 2644 eum
994 2637 1000 2643 .
1336 2615 1337 2618 “

965 2662 1038 2692 “ulti
1064 2663 1103 2690 rei
1132 2662 1254 2689 novitate
1277 2666 1305 2690 et
1333 2663 1467 2690 miraculo
1493 2662 1559 2689 victi
1583 2654 1708 2689 credide-

968 2774 1267 2811 (2)Contemporanens
1299 2777 1401 2811 Cyrillo
1417 2776 1586 2809 Augustinus
1606 2776 1647 2810 pie
1662 2776 1710 2802 do-

924 2814 1020 2844 cteque
1037 2816 1225 2846 argumentum
1236 2811 1286 2838 hoc
1299 2813 1333 2838 de
1345 2812 1432 2838 tribus
1445 2811 1561 2846 mortuis
1570 2819 1584 2836 a
1595 2811 1709 2838 Domino

921 2845 1061 2873 suscitatis
1079 2850 1178 2874 tractat
1201 2853 1328 2874 sermone
1347 2854 1440 2880 xcvtn,
1460 2846 1503 2873 ed.
1521 2845 1608 2872 Mtte.
