1906 3037
201 121 230 148 Η
686 116 718 144 S.
739 116 874 145 CYRILLI
897 116 1131 144 ALEXANDRINI
1151 115 1312 144 ARCIIIEP.

1791 116 1829 143 7?

197 177 245 207 sed
260 185 296 206 ne
311 177 436 206 videatur
451 184 498 205 eos
513 176 664 212 praesentia
678 184 727 204 sua
740 178 861 209 irritare,
877 176 932 210 jam
949 176 982 203 ad

1035 176 1141 209 λιάσας,
1157 177 1224 204 ἁλλά
1250 177 1293 204 ἵνα
1319 177 1356 212 μὴ
1380 176 1443 213 δόξῃ
1459 175 1596 212 ὁρώμενος
1617 176 1754 212 ἐρεθίζειν
1772 177 1823 204 αὑ-

197 225 300 253 cazdcm
316 225 456 252 incensos.
473 223 559 254 Docet
572 223 654 250 etiam
672 229 722 249 nos
736 222 832 249 cedere
847 222 984 249 iratorum

198 271 349 301 furoribus,
367 278 417 297 nec
428 270 561 305 projicere
577 276 627 296 nos
643 268 670 295 in
688 268 810 302 pericula
827 268 935 296 etiamsi
951 268 984 295 de

198 317 316 345 veritate
343 320 453 352 agatur,
469 315 518 343 sed
546 309 737 349 deprehensos
758 313 870 349 quidem
891 314 984 341 consi-

199 367 288 394 stere.
305 366 384 390 antea
399 369 462 388 vero
477 361 631 388 detrectare
645 364 758 394 propter
772 359 892 387 incertos
905 367 985 387 even.

200 413 254 435 tus.
269 409 309 436 Ad
323 415 435 435 sensum
460 414 525 434 vero
550 406 700 441 mysticum
724 406 890 437 dicendum,
917 406 983 433 olim

198 453 307 489 quidem
323 452 418 480 Jesum
438 452 526 479 libere
541 451 701 479 ambulasse
718 451 745 479 in
763 452 861 479 mediis
881 451 984 480 Judmis

198 508 246 534 per
258 500 407 534 prophetas
418 517 425 529 ,
441 505 514 525 nunc
525 505 589 525 vero
604 506 788 533 nequaquam.
803 497 896 533 Neque
910 498 982 526 enim

199 546 227 572 in
248 545 287 572 eis
310 549 352 572 est
368 544 480 571 verbum
500 543 565 576 Dei,
584 545 631 572 sed
654 545 689 572 ab
706 545 739 571 iis
761 545 881 572 abcessit
895 545 923 571 in
940 551 984 571 so-

198 591 340 618 litudinem
354 610 363 622 ,
394 590 428 617 de
453 598 507 625 qua
530 590 632 617 dicitur
648 599 654 617 :
672 599 681 615 ι
699 590 777 617 Μυιιί
803 590 851 617 lilii
868 590 984 618 desertze

197 637 284 672 magis
311 645 395 671 quam
424 637 484 672 ejus
502 644 561 671 qua:
579 637 661 664 habet
675 637 764 664 virum
782 637 815 663 ".
832 646 841 662 ›
853 637 981 672 Ephraim

196 684 344 718 exponitur
368 683 542 718 fructiﬁcalio
553 703 561 715 ,
581 683 664 711 frater
678 684 817 711 exsistens
834 683 960 711 Manasse
973 703 981 714 .

197 729 316 757 senioris
329 729 390 764 ejus
404 730 451 764 qui
467 730 502 756 ab
525 729 670 763 oblivione;
687 734 749 764 post
765 730 894 765 populum
908 731 982 757 enim

196 775 230 802 ab
257 776 396 804 oblivione
419 777 510 811 genita
525 781 567 804 est
583 777 706 812 gentium
723 776 910 804 fructiﬁcatio.

233 861 283 894 XI,
305 861 349 890 55.
368 860 526 889 Proximum
545 867 633 890 autem
654 868 712 891 erat
740 863 848 891 Pascha
871 864 982 892 Judwo-

197 916 255 934 rum
267 928 273 939 ,
291 913 316 935 et
332 909 505 936 ascenderunt
523 909 601 936 multi
618 909 832 946 Hierosolymam
844 930 852 943 ,
869 915 897 937 ut
911 911 984 944 puri-

197 953 307 986 ﬁcareut
320 955 429 988 seipsos.

231 993 453 1026 Praetercurrens
471 1001 564 1027 omnia
581 1002 750 1036 evangelista
761 1021 768 1034 ,
785 1002 818 1029 ad
843 1003 981 1038 passionis

196 1045 304 1077 tempus
320 1043 404 1071 venit.
419 1042 577 1071 Iudaeorum
597 1053 662 1072 vero
678 1045 784 1073 Pascha
810 1052 888 1074 vocat
908 1048 982 1083 quod

195 1092 237 1114 est
254 1088 280 1114 in
299 1088 386 1123 figura
401 1097 408 1114 :
429 1097 491 1116 nam
508 1098 602 1117 verum
620 1090 709 1118 Pacha
724 1100 778 1119 non
802 1092 959 1120 Judaeorum
972 1113 980 1126 ,

201 1134 249 1161 sed
263 1133 486 1162 Christianorum
503 1141 562 1168 est,
583 1144 694 1164 carnem
717 1137 820 1165 Christi
837 1140 894 1166 veri
919 1140 982 1175 agni

196 1179 410 1208 comedentium.
428 1179 509 1208 Prius
531 1189 596 1209 vero
617 1183 806 1218 purgabantur
829 1186 980 1213 secundum

195 1228 315 1251 veterem
329 1226 413 1252 ritum
426 1247 433 1259 ,
445 1227 491 1261 qui
508 1231 618 1262 peccata
633 1237 679 1256 seu
695 1230 864 1262 voluntaria.
880 1238 927 1258 seu
944 1232 982 1258 in-

195 1270 351 1297 voluntaria
377 1272 590 1303 commiserant,
618 1274 735 1301 necdum
758 1281 851 1310 typum
875 1274 979 1304 Pascha

195 1315 348 1349 faciebant,
366 1325 421 1344 non
437 1317 662 1351 incircumcisus,
679 1327 732 1346 non
750 1321 911 1354 inquilinus,
925 1329 980 1348 non

195 1361 400 1393 mercenarius,
427 1369 480 1388 non
505 1363 642 1397 pollutus,
670 1372 732 1399 qua:
753 1366 844 1392 omnia
869 1370 980 1401 propter

194 1406 367 1433 Christianos
386 1407 570 1441 spiritualiter
584 1409 662 1436 liunt.

227 1451 310 1488 694
326 1452 374 1485 XI,
391 1453 435 1480 56.
452 1453 612 1486 Quwrebanl
633 1463 695 1491 ergo
714 1455 825 1490 Iesum,
847 1462 872 1484 et
895 1458 979 1485 collo-

1034 224 1108 254 τοὺς,
1125 223 1226 259 καίπερ
1242 223 1389 258 φονῶντας.
1406 223 1532 250 Διδάσκει
1546 223 1574 250 δὲ
1591 224 1638 250 καὶ
1651 224 1728 258 ἡμᾶς
1743 223 1823 249 ὑπεί-

1035 277 1093 295 κειν
1113 271 1172 300 ταῖς
1194 269 1247 295 τῶν
1262 268 1446 304 ὀργιζομένων
1461 270 1573 304 ἀκμαῖς,
1588 270 1635 296 καὶ
1660 269 1696 304 μὴ
1714 269 1822 304 ἐπιρῤί-

1035 322 1112 340 πτειν
1143 315 1255 346 ὲαυτοὺς
1277 317 1334 347 τοῖς
1357 315 1500 347 κινδύνοις,
1526 315 1587 350 μηδ’
1613 314 1645 342 ἂν
1678 315 1750 350 ὑπὲρ
1771 315 1822 347 τῆς

1035 360 1162 394 ἀληθείας
1174 358 1252 388 ὦσιν·
1266 362 1333 388 ἀλλὰ
1358 361 1648 396 καταλαμϐανομένους
1669 361 1731 395 μὲν,
1746 361 1822 387 ἵστα-

1036 405 1108 432 σθαι·
1121 406 1266 440 μέλλοντας
1274 406 1312 438 δὲ,
1328 406 1500 437 ἀναδύεσθαι,
1512 406 1555 433 διὰ
1570 406 1599 432 τὸ
1615 407 1664 441 τῆς
1679 406 1822 437 ὲκὸἁσεως

1034 450 1140 486 ἄδηλον.
1157 450 1228 485 Πρὸς
1249 450 1278 477 δὲ
1300 451 1446 485 ἀναγωγὴν
1461 451 1566 486 ῥητέον,
1585 451 1626 477 ὅτι
1645 451 1748 486 Ἰησοῦς
1766 450 1820 476 πά-

1033 497 1078 524 λαι
1098 497 1158 532 μὲν,
1186 497 1328 534 παρρησίᾳ
1349 499 1406 529 τοῖς
1426 498 1562 529 Ἰουδαίοις
1585 498 1747 533 περιεπάτει
1777 497 1822 524 διὰ

1033 544 1088 570 τῶν
1105 543 1263 579 προφητῶν,
1280 543 1327 570 νῦν
1341 544 1369 570 δὲ
1385 544 1488 570 οὐκέτι.
1507 544 1543 570 Οὐ
1561 544 1615 578 γὰρ
1636 543 1707 570 ἐστιν
1725 543 1755 568 ἐν
1769 543 1820 569 αὑ-

1033 593 1089 622 τοῖς
1104 589 1182 624 λόγος
1205 588 1283 622 Θεοῦ,
1301 589 1368 616 ἀλλά
1391 589 1512 624 ἀπῆλθεν
1538 590 1585 616 ἀπ’
1606 589 1695 615 αὐτῶν
1717 589 1758 620 εἰς
1769 588 1821 623 τὴν

1033 639 1147 675 ἔρημον,
1167 640 1230 674 περὶ
1244 636 1278 674 ἦς
1293 638 1413 673 λέγεται,
1425 639 1465 665 ὅτι
1484 647 1493 662 ι
1514 637 1603 664 Πολλὰ
1618 636 1652 663 τὰ
1671 636 1756 662 τέκνα
1770 634 1821 669 τῆς

1034 687 1150 722 ἐρήμου,
1163 685 1262 721 μᾶλλον
1275 686 1291 720 ἢ
1305 686 1353 720 τῆς
1371 684 1485 720 ἐχούσης
1498 683 1542 710 τὴν
1558 683 1652 718 ἄνδρα.
1666 691 1675 707 ι
1698 681 1821 717 Ἐφραῒμ

1039 732 1220 767 ἑρμηνεύεται
1229 732 1424 765 καρποφορία,
1437 729 1549 764 ἀδελφὸς
1558 728 1596 755 ὣν
1604 728 1740 763 Μανασσῆ
1754 737 1821 764 πρε-

1035 777 1165 812 σϐυτέρου
1180 776 1226 802 τοῦ
1249 776 1303 802 ἀπὸ
1314 775 1424 808 λήθης·
1449 775 1518 809 μετά
1528 774 1581 809 γὰρ
1599 773 1643 800 τὸν
1658 773 1712 800 ἀπὸ
1735 772 1820 808 λήθης

1033 821 1095 848 λαὸν
1112 821 1256 856 γεγένηται
1273 821 1289 856 ἠ
1306 820 1334 853 ἐξ
1351 819 1435 846 ἐθνῶν
1451 819 1634 854 καρποφορία.

1069 865 1124 894 Ἦν
1146 866 1180 893 δὲ
1208 866 1298 901 ἐγγὺς
1323 867 1355 892 τὸ
1381 866 1490 899 Πάσχα
1511 864 1569 891 τῶν
1595 864 1753 895 Ἰουδαίων,
1770 863 1820 889 καὶ

1033 914 1187 947 ἀνέϐησαν
1201 912 1309 939 πολλοὶ
1326 913 1368 945 εἰς
1383 911 1644 946 ’1εροσό.ιυμσ,ἵνα
1651 909 1821 945 ἁγνίσωσιν·

1032 959 1168 990 ἑαυτούς.

1069 1005 1252 1041 Παρατρέχων
1266 1005 1374 1036 ἅπαντα
1389 1005 1403 1031 ὁ
1424 1004 1628 1039 εὐαγγελιστὴς,
1647 1003 1692 1029 ἐπὶ
1705 1002 1751 1028 τὸν
1768 1001 1818 1027 τοῦ

1032 1050 1136 1081 πάθους
1151 1049 1259 1085 ἔρχεται
1273 1049 1379 1084 καιρόν.
1399 1048 1533 1076 Ἰουδαίων
1545 1048 1573 1074 δὲ
1588 1048 1617 1075 τὺ
1631 1047 1724 1081 Πάσχα
1739 1045 1821 1072 καλεῖ

1031 1097 1062 1123 τὸ
1073 1096 1203 1123 τυπικόν·
1228 1096 1258 1122 τὸ
1277 1095 1331 1130 γὰρ
1345 1095 1470 1130 ἀληθινὸν
1490 1095 1586 1129 Πάσχα
1604 1094 1654 1120 οὐκ
1670 1091 1817 1123 Ἰουδαίων,

1031 1143 1099 1170 ἀλλὰ
1113 1141 1282 1178 Χριστιανῶν
1295 1141 1350 1168 τῶν
1365 1140 1508 1167 ἐσθιόντων
1518 1141 1567 1174 τὴν
1581 1140 1669 1174 σάρκα
1684 1136 1817 1174 Χριστοῦ,

1030 1188 1077 1216 τοῦ
1096 1188 1223 1224 ἀληθινοῦ
1235 1187 1332 1223 ἀμνοῦ.
1358 1186 1554 1222 Προηγνίζοντο
1572 1185 1600 1211 δὲ
1617 1184 1687 1212 κατά
1701 1182 1818 1211 παλαιὸν

1031 1236 1089 1268 ἔθος
1105 1236 1131 1262 οἱ
1156 1234 1348 1270 ἡμαρτηκότες
1370 1233 1481 1259 ἑκούσια
1504 1232 1520 1267 ἢ
1547 1231 1660 1258 ἀκούσια
1689 1230 1817 1265 ἁμαρτή-

1033 1290 1117 1317 ματα,
1131 1281 1175 1308 καὶ
1190 1281 1266 1307 οὔπω
1280 1280 1366 1306 ἐποίει
1379 1280 1409 1306 τὸ
1425 1278 1538 1305 τυπικὸν
1550 1278 1654 1313 Πάσχα,
1675 1277 1725 1303 οὐκ
1743 1276 1816 1302 ὲθνι-

1030 1328 1088 1359 κὸς,
1107 1328 1156 1354 οὐκ
1183 1327 1378 1362 ἀπερίτμητος,
1403 1327 1434 1352 οὐ
1457 1325 1598 1360 πάροικος,
1613 1324 1643 1350 οὺ
1668 1322 1816 1358 μισθωτὸς,

1030 1371 1059 1400 ού
1090 1370 1307 1406 μεμολυσμένος,
1335 1370 1405 1404 ἅπερ
1434 1370 1522 1396 πάντα
1550 1368 1743 1404 πνευματικῶς
1770 1367 1817 1393 διὰ

1029 1416 1200 1452 Χριστιανῶν
1213 1416 1250 1451 (l)
1266 1416 1396 1450 γίνονται.

1070 1462 1206 1496 Ἐζήτουν
1230 1460 1287 1489 οὖν
1316 1462 1369 1487 τὸν
1394 1461 1525 1494 Ἰησοῦν,
1553 1460 1602 1488 καὶ
1623 1461 1731 1495 ἔλεγον
1749 1459 1816 1494 μετ’

194 1499 339 1532 quebanlur
354 1498 387 1524 ad
410 1499 539 1527 invicem:
559 1500 628 1533 Quid
645 1502 745 1535 putatis
760 1503 823 1538 quia
843 1511 894 1530 non
910 1502 983 1531 venit

1035 1509 1182 1541 ἀλλήλων·
1204 1508 1233 1534 Τί
1247 1507 1318 1542 ὑμῖν
1332 1507 1422 1540 δοκεῖ,
1437 1507 1481 1534 ὅτι
1498 1508 1532 1534 οὺ
1545 1507 1588 1541 μὴ
1608 1507 1682 1541 ἔλθῃ
1697 1508 1741 1539 εις
1756 1506 1817 1540 τὴν·

195 1544 229 1570 ad
246 1543 315 1571 diem
329 1544 426 1578 festum
439 1547 451 1573 ?

229 1589 269 1616 Ad
285 1588 460 1626 Scenopegiae
478 1591 588 1623 festum.
607 1592 732 1620 viciniam
748 1602 857 1622 omnem
871 1596 914 1623 lex
935 1596 980 1630 ju-

195 1635 274 1663 bebat
294 1635 424 1664 feriatum
446 1639 539 1666 venire
566 1639 592 1666 in
611 1645 734 1668 sanctam
756 1642 906 1674 civitatem,
919 1650 979 1677 pm-

194 1689 312 1717 namque
336 1683 555 1712 detrectantibus
581 1685 756 1714 decernebat.
781 1687 868 1716 Secus
896 1697 978 1722 vero,

195 1730 337 1758 Paschalis
354 1734 476 1766 tempore
496 1733 523 1759 in
539 1732 600 1759 suis
625 1741 847 1769 unumquemque
863 1735 979 1763 urbibus

193 1776 354 1811 aedibusque
378 1778 518 1812 ineulpate
546 1785 656 1806 manere
676 1779 794 1806 sinebat.
808 1779 908 1814 Utique
921 1781 979 1818 aie-

195 1821 262 1848 bant
277 1830 339 1849 esse
353 1823 536 1857 exploratum,
553 1823 623 1851 nolle
637 1831 698 1851 eum
716 1823 776 1851 festi
793 1825 862 1852 ritus
876 1833 978 1852 secun-

188 1859 259 1893 Idum
274 1867 360 1902 legem
377 1868 502 1902 exsequi,
518 1869 564 1904 qui
577 1869 611 1897 ad
628 1869 728 1896 festum
742 1870 890 1898 convenire
905 1879 980 1898 recu-

195 1916 279 1940 suret.

229 1959 381 1993 Ambiguus
398 1959 508 1994 quidem
526 1967 634 1990 sermo.
650 1965 742 1987 utrum
760 1961 794 1988 ab
811 1961 928 1990 infensis
944 1970 978 1990 an
1008 1975 1011 1977 ν

195 2004 228 2031 ab
251 2005 407 2032 amantibus
428 2005 530 2032 dictum
548 2006 583 2032 sit
609 2005 678 2033 hoc:
694 2016 703 2032 ι
719 2005 825 2034 Putatis
841 2008 904 2042 quia
925 2015 977 2035 non

195 2050 269 2076 venit
288 2050 320 2076 ad
342 2049 413 2077 diem
440 2050 563 2077 festum?
580 2061 589 2076 ι
604 2051 750 2079 Probabile
771 2052 844 2079 enim
866 2058 909 2080 est
929 2061 978 2081 eos

195 2095 286 2129 loqui,
313 2095 360 2129 qui
389 2095 540 2122 credebant
567 2096 594 2123 in
619 2104 698 2129 eum,
721 2097 755 2124 ad
782 2098 905 2125 inﬁdeles
928 2099 978 2126 hoc

195 2140 293 2165 modo:
307 2139 534 2174 Quandoquidem
552 2141 710 2169 deliberatis
727 2142 852 2169 occidere
865 2142 957 2170 Jesum
968 2162 976 2175 ,

194 2187 221 2210 et
235 2185 336 2218 putatis
356 2193 419 2212 eum
438 2185 565 2220 ignorare
581 2194 643 2220 quae
658 2194 705 2213 vos
727 2187 795 2214 clam
820 2189 957 2215 statuistis
968 2209 975 2221 ,
992 2181 1014 2208 Ι)

194 2230 245 2257 hoc
259 2230 312 2257 erit
328 2229 582 2259 manifestissimum
597 2232 703 2267 signum
720 2241 782 2260 eum
798 2241 860 2261 esse
877 2233 974 2262 Deum.

194 2274 252 2301 Non
274 2275 347 2303 enim
372 2276 463 2303 veniet
486 2277 584 2303 festum
607 2278 749 2305 nobiscum
767 2279 973 2313 eelebraturus,

194 2324 290 2355 utpote
306 2326 434 2356 tanquam
452 2321 523 2354 Deus
541 2327 635 2351 nostra
660 2325 776 2352 Consilia
800 2326 902 2353 sciens.
927 2326 976 2353 Vel

192 2365 233 2392 sic
250 2366 428 2400 accipiendus
444 2375 536 2394 sermo
553 2371 681 2403 tanquam
699 2369 734 2396 ab
748 2369 857 2398 infestis
870 2375 897 2398 et
912 2372 975 2399 odio

194 2412 439 2446 persequentibus;
456 2413 677 2448 quandoquidem
693 2417 778 2443 moris
791 2420 833 2443 est
846 2415 910 2444 Jesu
924 2418 975 2444 sol-

193 2464 257 2483 vere
278 2457 383 2492 legem,
407 2458 491 2485 vultis
509 2466 625 2487 cernere
646 2467 694 2488 vos
714 2461 761 2495 qui
786 2461 812 2488 in
835 2470 896 2489 cum
915 2470 974 2489 cre-

193 2503 257 2530 ditis
278 2503 351 2537 quod
372 2503 434 2530 talis
450 2505 500 2536 sit,
517 2505 591 2539 quod
606 2513 639 2532 ex
656 2514 690 2532 eo
715 2507 799 2540 liquet
820 2507 884 2541 quia
901 2515 973 2535 nunc

193 2556 281 2582 neque
293 2548 326 2575 ad
339 2548 438 2576 festum
456 2550 529 2577 venit
545 2551 739 2578 celebrandum
755 2553 898 2580 nobiscum
910 2572 919 2584 ,
937 2553 975 2580 le-

191 2601 251 2627 gem
268 2594 329 2621 festi
344 2602 458 2630 prorsus
471 2595 614 2630 despecmi
630 2597 742 2624 habens.
757 2597 814 2624 Hoc
830 2602 920 2625 autem
932 2599 973 2626 di-

191 2640 246 2673 cit,
261 2648 316 2667 non
330 2641 401 2676 quod
413 2649 525 2669 necesse
539 2647 611 2669 esset
627 2644 772 2671 convenire
784 2651 879 2672 omnes
894 2643 974 2672 Jeru-

225 2717 250 2733 "
267 2716 320 2745 lsa.
334 2726 390 2752 le,
407 2719 418 2746 Ι
438 2727 446 2752 ;
462 2718 548 2746 Galat.
568 2727 605 2752 tv,
621 2718 668 2745 27.

227 2797 264 2829 (l)
279 2796 329 2824 Ed.
347 2771 416 2832 Auli.
432 2798 558 2832 Χριστόν.

228 2832 265 2869 (2)
288 2833 333 2858 Ἐγ
349 2831 388 2863 τῷ
404 2831 494 2865 καιρῷ
506 2850 512 2859 .
529 2852 535 2860 .
549 2852 554 2859 .

1030 1554 1137 1588 ἑορτήν
1147 1562 1156 1585 ;

1071 1601 1116 1626 Ἐν
1139 1599 1177 1635 τῷ
1194 1599 1281 1635 καιρῷ
1304 1599 1342 1634 (2)
1355 1599 1403 1633 τῆς
1424 1596 1528 1634 ἑορτῆς
1544 1599 1593 1633 τῆς
1609 1598 1815 1634 Σκηνοπηγίας,

1030 1647 1137 1673 ἅπασαν
1152 1645 1199 1681 τὴν
1213 1645 1364 1680 περιοικίδα
1376 1645 1495 1671 ἀνελθεῖν
1511 1645 1525 1670 ὁ
1541 1645 1621 1679 νόμος
1635 1643 1760 1670 ἐκέλευεν
1775 1644 1817 1675 εἰς

1029 1691 1077 1727 τὴν
1089 1691 1184 1727 ἑορτὴν
1199 1692 1238 1721 εἰς
1252 1691 1301 1726 τὴν
1317 1690 1396 1723 ἁγίαν
1406 1690 1494 1722 πόλιν,
1510 1690 1556 1716 καὶ
1576 1689 1710 1724 τιμωρίαν
1723 1689 1815 1725 ὁρίζε-

1029 1745 1074 1762 ται
1096 1737 1150 1767 τοῖς
1169 1735 1205 1771 μὴ
1221 1735 1335 1762 ἀνιοῦσι.
1363 1735 1398 1761 Τό
1422 1743 1453 1769 γε
1479 1735 1532 1770 μὴν
1550 1736 1578 1761 ὲν
1599 1735 1637 1770 τῷ
1658 1734 1704 1761 τοῦ
1717 1736 1815 1770 Πάσχα

1029 1782 1127 1817 καιρῷ,
1143 1782 1243 1816 ἐφῆκεν
1257 1780 1271 1806 ὁ
1287 1781 1367 1816 νόμος
1377 1781 1550 1816 ἀνεγκλήτως
1568 1781 1597 1807 ὲν
1612 1781 1691 1812 ἰδίαις
1701 1782 1816 1816 ἑκάστῳ

1030 1827 1123 1854 πόλεσί
1134 1836 1162 1853 τε
1175 1828 1222 1853 καὶ
1235 1828 1328 1858 οἴκοις.
1344 1827 1479 1862 Πρόδηλον
1493 1825 1538 1853 οὖν
1551 1827 1580 1853 τὸ
1599 1827 1635 1862 μὴ
1643 1827 1815 1862 συνδραμεῖν

1029 1872 1154 1907 ἐθελῆσαι
1165 1873 1219 1903 τοῖς
1233 1872 1282 1907 τῆς
1294 1873 1388 1907 ἑορτῆς
1403 1873 1476 1899 ἔθεσι
1489 1872 1558 1898 κατὰ
1569 1872 1614 1899 τὸν
1626 1872 1718 1908 νόμον,
1730 1873 1760 1899 τὸ
1777 1874 1814 1909 μὴ

1028 1918 1115 1944 ἐλθεῖν
1127 1918 1246 1952 ἔφασκον
1259 1919 1299 1949 εἰς
1312 1918 1360 1952 τὴν
1375 1918 1481 1953 ἑορτήν.

1070 1963 1230 1997 Ἀμφίὸολος
1253 1963 1341 1997 μέντοι
1356 1964 1370 1989 ό
1392 1963 1480 1997 λόγος,
1499 1963 1613 1998 πότερον
1630 1965 1684 1991 ἀπὸ
1701 1965 1814 1998 μισούν-

1028 2009 1113 2044 τωνῆ
1134 2008 1302 2042 ἀγαπώντων
1328 2009 1423 2043 ἐλέχθη
1452 2010 1491 2041 τὸ,
1507 2018 1515 2034 ι
1536 2010 1644 2036 Δοκεῖτε
1666 2010 1707 2036 ὅτι
1724 2011 1755 2036 οὑ
1773 2012 1811 2047 μὴ

1029 2053 1092 2089 ἔλθῃ
1103 2055 1143 2085 εἰς
1157 2054 1206 2088 τὴν
1221 2054 1333 2088 ἑορτήν;
1352 2052 1369 2078 ι’
1380 2053 1460 2085 Εἰκὸς
1474 2053 1529 2088 γὰρ
1543 2052 1575 2089 ἦν
1588 2054 1677 2088 λέγειν
1693 2055 1756 2086 τοὺς
1772 2056 1812 2086 εις

1029 2099 1109 2126 αὑτὸν
1119 2099 1293 2130 πιστεύοντας
1305 2099 1372 2134 πρὸς
1385 2099 1447 2130 τοὺς
1457 2099 1585 2131 ἀπίστους
1595 2099 1692 2131 οὕτως·
1701 2100 1811 2136 Ἐπειδὴ

1029 2142 1222 2170 ἐϐουλεύσασθε
1239 2144 1367 2178 φονεῦσαι
1381 2144 1426 2170 τὸν
1439 2144 1552 2179 Ἰησοῦν,
1571 2145 1617 2171 καὶ
1630 2145 1755 2180 νομίζετε
1771 2147 1812 2172 ὅτι

1029 2189 1120 2223 ἀγνοεῖ
1141 2189 1171 2216 τὸ
1194 2189 1280 2224 λάθρα
1305 2189 1368 2224 ὑμῖν
1393 2189 1570 2224 ἐσκεμμένον,
1599 2193 1712 2225 σημεῖον
1734 2191 1812 2218 ἔσται

1029 2234 1107 2260 τοῦτο
1127 2234 1220 2268 σαφὲς,
1241 2234 1281 2260 ὅτι
1297 2234 1363 2265 Θεός
1384 2235 1469 2262 ἐστιν.
1500 2235 1536 2262 Οὺ
1558 2235 1611 2270 γὰρ
1627 2236 1660 2271 δὴ
1675 2237 1736 2272 ἦξει
1762 2238 1811 2264 νῦν

1030 2281 1214 2314 συνεορτασων
1240 2280 1314 2314 ἡμῖν,
1342 2279 1418 2310 εἰδὼς
1442 2280 1474 2306 τὰ
1505 2281 1651 2315 σκέμματα
1667 2283 1745 2317 ήμῶν
1774 2284 1812 2315 ὡς

1028 2325 1103 2357 Θεός.
1119 2326 1154 2351 Ἢ
1169 2325 1255 2356 οὕτως
1273 2325 1470 2359 σχηματιστὲον
1483 2326 1527 2352 τὸν
1543 2326 1621 2360 λόγον
1634 2327 1672 2359 ὡς
1689 2328 1743 2354 ἀπὸ
1756 2330 1813 2356 τῶν

1030 2371 1189 2406 μισούντων
1213 2371 1339 2406 Ἐπείπερ
1355 2370 1415 2402 ἔθος
1435 2372 1477 2397 ἀεὶ
1498 2371 1536 2407 τῷ
1557 2373 1644 2407 Ἰησοῦ
1660 2374 1813 2408 παραλύειν

1027 2416 1073 2442 τὸν
1082 2416 1172 2450 νόμον,
1183 2415 1274 2442 θέλετε
1289 2415 1389 2449 γνῶναι
1401 2416 1478 2450 ὑμεῖς
1490 2418 1515 2443 οἱ
1526 2418 1564 2448 εις
1580 2418 1658 2444 αὑτὸν
1670 2419 1814 2446 πιστεύον-

1027 2471 1082 2495 τες,
1105 2462 1145 2488 ὅτι
1169 2462 1287 2493 τοιοῦτός
1304 2463 1395 2494 ἐστιν,
1415 2462 1445 2494 ἐξ
1470 2459 1507 2489 ὧν
1529 2463 1590 2490 οὔτε
1621 2464 1668 2490 νῦν
1697 2466 1738 2496 εις
1762 2465 1812 2501 τὴν

1028 2507 1123 2543 ἑορτὴν
1147 2508 1337 2543 παραγίνεται,
1359 2508 1462 2534 ἀθετῶν
1478 2510 1523 2536 τὸν
1542 2510 1592 2544 τῆς
1608 2511 1702 2546 ἑορτῆς
1716 2509 1816 2546 νόμον,’

1028 2554 1096 2589 πρὸς
1114 2553 1144 2580 τὸ
1167 2554 1205 2590 μὴ
1228 2555 1404 2590 συνεορτάσαι
1421 2556 1502 2590 ἡμῖν;
1522 2556 1591 2590 Φησὶ
1606 2556 1634 2582 δὲ
1655 2556 1745 2589 τοῦτο,
1762 2558 1811 2589 οὐ]

1027 2600 1066 2626 ὅτι
1093 2599 1199 2635 ἀνάγκη
1215 2599 1249 2636 ἦν
1263 2601 1365 2632 πάντας
1390 2601 1552 2636 συνδραμεῖν
1573 2603 1613 2634 εὶς
1630 2603 1812 2638 Ἰερουσαλὴμ

1027 2646 1056 2672 ἐν
1074 2646 1112 2681 τῷ
1127 2646 1231 2681 Πάσχα,
1247 2647 1284 2679 ὡς
1299 2647 1345 2674 ἐπὶ
1356 2649 1388 2683 τῇ
1402 2647 1586 2683 Σκηνοπηγιᾳ,
1601 2648 1658 2674 ἀλλ’
1681 2649 1740 2685 ἦτοι
1758 2649 1812 2676 δει-

567 2853 573 2859 .
590 2852 597 2859 .
621 2834 663 2866 εις
679 2833 734 2867 τῖιιο
750 2834 864 2869 ἑορτήν.
885 2834 922 2862 Ex
936 2834 1029 2862 eadem
1041 2839 1147 2868 catena,
1163 2835 1209 2863 fol.
1231 2835 1291 2863 l30.
