1906 3037
74 149 106 178 73
466 145 499 173 IN
519 140 688 173 JOANNEM.
707 160 742 165 —
761 143 824 171 LIB.
850 143 893 171 VII
913 142 957 171 ΕΤ
977 143 1030 171 VIII
1052 143 1272 172 FRAGMENTA.
1665 147 1696 175 τι

75 208 131 239 sic;
143 205 286 239 ἀπόδειξιν
303 204 479 241 ὲμποιοῦνται
502 204 532 232 τδ
550 205 588 240 μὴ
609 203 764 232 ἀναϐαίνειν
780 203 861 231 αὐτὸν

915 202 998 230 salem
1014 203 1040 230 in
1054 201 1178 234 Pascha.
1191 206 1221 230 ut
1232 202 1261 229 in
1278 201 1348 230 festo
1359 200 1614 230 Tabernaculorum
1628 211 1635 230 :
1650 204 1698 232 sed

75 255 112 286 είς
136 252 325 288 Ἱεροσόλυμα.
345 252 383 284 ὡς
406 251 444 287 μὴ
461 252 612 287 δυναμένου
640 250 729 286 ἑαυτῷ
754 250 862 286 βοηθεῖν

75 300 102 328 ἑν
116 297 229 334 τοιαύτῃ
253 298 357 334 ἡμέρᾳ,
378 298 427 325 καὶ
443 297 487 325 διὰ
499 298 578 325 τοῦτο
591 297 860 333 άπολιμπανομένου.

78 346 109 373 Ἦ
125 345 171 372 καὶ
186 344 258 380 πρὸς
272 344 385 377 ἑαυτοὺς
398 343 485 371 ταῦτά
503 352 585 379 φασιν
604 344 629 371 οἱ
643 343 863 380 προσταχθέντες

74 390 152 418 αὑτὸν
170 390 318 417 συλλαϐεῖν
343 390 390 417 καὶ
412 389 618 426 ὀλιγωροῦντες,
644 390 760 426 ἐπείπερ
786 389 863 416 οὔπω

75 437 152 464 αὑτὸν
164 436 262 472 ἑώρων
276 436 400 469 ἐλθόντα,
415 437 463 463 καὶ
480 435 610 464 ἔσπευδον
627 436 732 472 ταχέως
748 436 861 471 ποιῆσαι

75 483 103 511 τὸ
115 482 298 519 προσταχθέν.

115 613 141 640 '0
159 611 217 642 οὖν
237 614 355 648 Ἰησοῦς
379 614 435 648 πρὸ
457 615 493 647 ἐξ
519 615 637 650 ἡμερῶν
664 615 717 642 τοῦ
741 615 860 650 Πάσχα,

76 657 164 695 ἢλθεν
181 660 226 692 είς
241 659 409 693 Βηθανίαν,
427 660 475 686 καὶ
490 659 526 686 τὰ
539 659 614 695 ἑξῆς.

109 705 330 740 Καταφρονήσας
355 704 404 740 τῆς
434 704 488 731 τῶν
517 705 652 732 Ἰουδαίων
673 705 820 741 ὲπιΰουλῆς
847 707 861 732 ό

78 749 182 785 Κύριος,
200 749 301 776 ἑαυτὸν
318 749 449 781 ἑκουσίως
464 749 533 786 πρὸς
549 749 579 776 τὸ
593 749 689 777 παθεῖν
710 750 860 783 ἐκδίδωσιν,

78 797 134 827 ius!
149 796 241 832 παρῆν
267 797 282 823 ό
297 795 344 822 τοῦ
361 795 465 827 πάθους
477 795 582 831 καιρὸς,
608 797 648 828 είς
664 796 714 832 τὴν
726 796 862 832 Βηθανίαν

78 842 166 874 ἐλθὼν,
187 842 219 868 ού
240 841 297 878 μὴν
310 842 350 874 εἰς
365 842 416 877 τὴν
441 841 629 878 Ἰερουσαλὴμ.
654 842 699 869 ἴνα
719 843 756 879 μὴ
772 844 862 878 αἰφνι-

79 888 136 919 δίως
147 887 240 922 ὀφθεὶς
252 889 312 920 τοῖς
329 887 478 920 Ἰουδαίοις,
499 887 622 924 ὲκκαύσῃ
637 877 736 920 αὐτοὺς
751 877 795 921 εἰς
809 877 862 924 ίόρ-
879 877 899 906 Β

80 935 135 970 γὴν,
154 933 221 960 ἀλλὰ
240 934 288 961 διὰ
314 933 364 969 τῆς
386 933 480 969 φήμης
502 933 550 960 τοῦ
572 931 641 960 εἶναι
663 933 744 961 αὑτὸν
767 935 862 969 ἐγγὺς,

80 979 237 1016 καταστείλῃ
253 979 284 1006 τὺ
298 979 358 1012 ζέον
372 979 419 1007 τοῦ
432 979 546 1009 ἐκείνων
561 979 658 1016 θυμοῦ.
681 980 819 1007 Συνεσθίει
833 981 862 1007 δὲ

80 1026 114 1061 τῷ
125 1025 253 1061 Λαζάρῳ,
263 1025 309 1052 διὰ
322 1024 417 1052 τούτου
431 1025 648 1061 ὑπομιμνήσκων
660 1025 723 1057 τοὺς
741 1025 862 1060 ὁρῶντας

80 1073 124 1107 τῆς
138 1071 310 1108 θεοπρεποῦς
332 1071 416 1107 αὒφῦ
435 1070 570 1104 ἐξουσίας.
594 1071 721 1101 Δείκνυσι
736 1071 765 1098 δὲ
782 1072 795 1097 ὁ
815 1071 861 1097 εὑ-

79 1118 236 1153 αγγελιστὴς
261 1117 308 1144 διὰ
324 1117 372 1144 τοῦ
397 1117 578 1153 διηγήματος,
593 1117 634 1144 ὅτι
652 1117 683 1143 οὐ
700 1116 862 1152 κατεφρόνει

79 1165 93 1190 ό
106 1164 218 1200 Χριστὸς
242 1163 291 1191 τοῦ
312 1164 406 1200 νόμου·
430 1163 491 1190 ὅθεν
507 1163 556 1190 καὶ
570 1163 623 1198 πρὸ
642 1162 672 1197 ἒξ
688 1163 800 1199 ἡμερῶν
813 1162 861 1190 τοῦ

81 1211 180 1246 Πάσχα,
194 1210 239 1236 ὅτε
255 1210 310 1236 ἔδει
326 1209 512 1245 ἁγορασθῆναι
531 1209 578 1236 τὸν
601 1209 687 1245 ἀμνὸν
709 1208 757 1236 καὶ
773 1205 861 1244 τηρη-

81 1257 153 1291 θῆναι
172 1257 223 1288 ἕως
247 1256 299 1291 τῆς
322 1255 631 1291 τεσσαρεσκαιδεκάτης,
654 1255 789 1290 συνέφαγε
804 1256 862 1287 τοῖς

81 1302 140 1338 περὶ
153 1303 198 1329 τὸν
213 1301 350 1338 Λάζαροψ
378 1302 443 1333 iam;
468 1302 518 1337 τὴν
540 1301 649 1337 ἡμέραν
669 1301 719 1337 τὴν
735 1301 790 1336 πρὸ
813 1301 861 1328 τοῦ

81 1349 206 1384 ληφθῆναι
230 1348 263 1375 τὸ
291 1347 426 1383 πρόϐατον
445 1347 522 1379 ἔθους
539 1347 617 1379 ὄντος
638 1349 695 1380 τοῖς
723 1348 862 1380 Ἰουδαίοις

80 1395 160 1428 ὀλίγον
174 1403 200 1421 τι
217 1393 427 1429 πανηγυρίζειν,
441 1393 491 1419 ούκ
506 1394 537 1420 ὲκ
549 1393 644 1428 νόμου,
655 1393 712 1420 ἀλλ’
728 1393 784 1420 ἀπὸ
797 1402 861 1420 συνι-

80 1440 178 1476 ηθιίας,
199 1440 243 1467 ἵνα
268 1439 339 1475 μετὰ
366 1439 396 1466 τὸ
420 1438 632 1475 παραληφθῆναι
654 1439 685 1466 τὺ
712 1439 859 1475 πρόϐατον,

81 1487 224 1523 σχολάσωσι
237 1485 334 1513 λοιπὸν
349 1485 401 1517 ἕως
414 1485 464 1520 τῆς
480 1485 586 1521 ἑορτῆς,
601 1485 724 1521 νηστείᾳ,
737 1487 797 1521 ἦτοι
809 1486 862 1514 ὀλι-

912 249 954 276 veI
971 249 1023 276 hoc
1038 249 1066 276 in
1082 253 1272 284 argumentum
1286 247 1393 276 timoris
1409 249 1542 281 trahunt,
1555 249 1628 284 quod
1644 257 1699 277 non

913 294 1043 322 ascendat
1058 294 1084 322 in
1099 294 1272 327 Jerusalem,
1289 298 1419 330 tanquam
1436 295 1487 323 sibi
1509 295 1562 330 ipsi
1582 303 1700 324 succur-

912 347 973 367 rere
989 347 1043 367 non
1060 339 1148 375 possit
1161 339 1188 366 in
1202 339 1249 367 tali
1263 339 1306 367 die
1316 359 1323 371 ,
1339 339 1454 374 ideoque
1469 340 1598 373 consulto
1614 341 1698 369 absit.

913 385 962 414 Vel
978 386 1062 414 etiam
1078 386 1150 414 inter
1166 393 1196 414 se
1219 385 1278 413 haec
1298 385 1395 413 dicunt
1410 379 1436 413 ‘ii
1459 386 1561 421 quibus
1582 387 1700 422 impera-

912 435 970 459 tum
985 436 1045 459 erat
1066 432 1143 459 illum
1163 431 1413 467 comprehendere,
1432 431 1489 470 jam
1509 424 1631 465 animum
1652 433 1701 461 de-

913 478 1096 513 spondentes,
1121 477 1344 513 quandoquidem
1366 478 1489 506 nondum
1507 486 1570 506 eum
1586 479 1702 506 venien-

911 528 967 551 tem
981 524 1120 555 videbam,
1133 527 1160 551 et
1171 523 1204 551 ad
1215 525 1349 559 imperata
1363 524 1540 560 exsequenda
1556 524 1701 554 celerrime

913 577 942 598 se
965 570 1172 605 comparabant.

947 615 994 642 XII
1005 636 1012 648 ,
1030 617 1056 643 I.
1079 615 1158 643 Iesus
1174 624 1233 651 ergo
1249 620 1309 643 ante
1323 624 1368 643 sea:
1382 615 1438 644 dies
1455 616 1566 644 Pascha
1588 617 1657 644 venit
1674 616 1701 643 in

914 662 1069 690 Det/laniant
1081 683 1088 694 ,
1103 666 1158 690 etc.

947 708 1118 743 Contemplis
1131 707 1287 735 Judmorum
1300 707 1408 735 insidiis
1418 707 1551 736 Dominus
1562 715 1592 735 se
1603 711 1702 744 sponte

912 761 944 782 ac
960 754 1032 781 ultro
1048 754 1081 782 ad
1101 753 1258 789 patiendum
1282 753 1384 785 tradit,
1404 753 1518 788 quando
1540 746 1634 781 aderat
1655 762 1702 789 pa-

912 799 997 828 tiendi
1013 804 1121 834 tempus
1133 820 1139 832 ,
1156 799 1296 834 profectus
1320 798 1347 826 in
1370 798 1532 825 Dethaniam
1546 802 1573 826 et
1587 806 1641 826 non
1657 798 1702 826 Je-

914 846 1050 879 rusalem,
1067 853 1102 873 ne
1120 849 1232 882 repente
1247 851 1261 872 a
1276 844 1378 873 Judzcis
1400 849 1567 879 conspectus
1590 845 1652 873 illos
1673 845 1701 872 in

913 894 983 922 iram
1003 893 1182 926 accenderet,
1201 891 1250 920 sed
1268 899 1315 927 per
1336 891 1435 919 famam
1447 911 1455 924 ,
1472 899 1526 932 qua
1542 891 1570 919 in
1586 891 1701 929 prepin-

912 947 967 976 quo
992 946 1053 967 esse
1075 939 1226 971 diceretur,
1239 937 1364 965 furentes
1386 944 1482 965 eorum
1503 936 1612 969 animos
1634 944 1702 964 non-

912 987 981 1015 nihil
996 985 1200 1023 comprimeret.
1219 984 1353 1020 Epulalur
1369 991 1436 1012 vero
1454 991 1515 1011 cum
1532 983 1638 1010 Lazaro
1649 1003 1656 1016 ,
1670 991 1702 1010 ea

912 1041 943 1061 re
967 1037 1137 1068 spectatores
1153 1031 1317 1062 admonens.
1330 1030 1519 1065 certioresque
1541 1028 1647 1057 faciens
1669 1027 1703 1056 de

912 1085 963 1106 sua
993 1077 1087 1105 divina
1115 1076 1246 1112 potentia.
1268 1074 1396 1103 Ostendit
1422 1083 1488 1103 vero
1516 1074 1702 1110 evangelisles

913 1123 964 1151 hac
979 1123 1140 1151 narratione
1148 1122 1290 1150 Christum
1303 1122 1376 1150 haud
1392 1122 1591 1157 contempsisse
1601 1120 1702 1156 legem,

913 1170 984 1197 unde
999 1173 1027 1197 et
1043 1173 1106 1196 ante
1121 1168 1193 1196 diem
1211 1172 1321 1196 sextum
1345 1167 1474 1200 Paschal,
1490 1175 1553 1195 cum
1567 1167 1702 1195 emendus

912 1219 973 1244 erat
987 1222 1076 1249 agnus
1092 1218 1119 1242 et
1134 1214 1289 1242 servandus
1305 1221 1392 1248 usque
1414 1213 1447 1240 ad
1466 1213 1603 1241 decimum
1616 1220 1702 1248 quar-

911 1265 985 1294 tum,
1002 1261 1129 1296 epulatus
1145 1264 1187 1287 est
1202 1267 1266 1287 cum
1285 1259 1409 1287 Lazaro:
1436 1259 1507 1287 forte
1525 1259 1598 1294 quod
1616 1259 1702 1287 moris

912 1310 971 1334 erat
985 1305 1088 1333 Juda-is
1105 1312 1162 1344 uno
1175 1305 1232 1337 die,
1258 1309 1406 1340 antequam
1435 1297 1566 1340 caperent
1584 1312 1697 1340 agnum.

912 1351 1040 1380 nonnihil
1055 1351 1151 1379 feri-ari
1163 1370 1171 1383 ,
1183 1359 1238 1378 non
1254 1358 1286 1378 ex
1301 1350 1360 1386 lege
1374 1350 1422 1378 sed
1437 1358 1469 1378 ex
1483 1350 1700 1384 consuetudine,

911 1404 952 1431 ut,
969 1402 1031 1435 post
1048 1406 1108 1426 eam
1126 1402 1309 1432 assumptam,
1327 1397 1428 1425 darent
1442 1404 1553 1433 operam
1571 1397 1702 1433 deinceps

911 1452 999 1480 usque
1013 1443 1045 1471 ad
1063 1443 1163 1471 festum
1179 1442 1287 1478 jejunio
1299 1463 1306 1475 ,
1324 1442 1382 1470 sive
1405 1443 1538 1477 paucitati
1563 1444 1653 1471 victus
1674 1448 1703 1471 et

911 1490 1133 1526 purgationibus.
1149 1488 1266 1516 Videtur
1280 1495 1346 1524 ergo
1360 1488 1442 1524 695
1461 1488 1595 1517 Dominus
1618 1489 1701 1522 etiam

81 1532 179 1568 γοσιτίᾳ
191 1532 239 1559 καὶ
258 1532 413 1567 ἀγνισμοῖς.
431 1530 557 1557 Φαίνεται
572 1529 618 1558 οὖν
632 1532 646 1558 ό
662 1531 764 1567 Κύριος
779 1532 861 1568 τιμη-

915 1536 943 1564 in
959 1536 1012 1564 hoc
1028 1543 1131 1563 morem
1153 1535 1215 1562 festi
1238 1534 1371 1562 coluisse.
1389 1535 1616 1567 Admirabundus
1636 1543 1703 1564 vero

82 1586 125 1610 σας
139 1578 184 1604 καὶ
199 1579 228 1604 ιν
240 1577 331 1613 τούτῳ
343 1576 378 1604 τὰ
398 1576 447 1611 τῆς
469 1576 566 1612 ἑορτῆς
588 1577 646 1613 ἔθη.
667 1577 862 1613 Καταπληττὰ-

83 1633 154 1660 μενος
168 1624 196 1651 δὲ
211 1625 226 1650 ό
242 1624 441 1660 εὐαγγελιστής
466 1632 559 1659 φησιν,
573 1623 615 1650 ὅτι
637 1624 652 1650 ό
673 1624 862 1660 τετραήμερος

81 1671 169 1706 νεκρὸς
185 1670 314 1706 συνήσθιε
330 1669 369 1705 τῷ
383 1670 503 1706 Χριστῷ,
518 1670 558 1701 είς
571 1669 727 1705 ὑπόμνησιν
739 1669 790 1705 τῆς
802 1669 863 1697 θεοο

82 1715 194 1751 πρεποῦς
210 1714 301 1742 αὑτοῦ
315 1714 449 1748 ἔξουσίας.
470 1713 581 1748 Είσάγει
594 1713 623 1741 δὲ
642 1713 672 1746 ἐξ
686 1714 797 1750 ἀγάπης
811 1714 862 1749 τῆς

82 1762 117 1792 εἰς
129 1761 252 1797 Χριστὸν,
274 1761 323 1796 τὴν
339 1760 454 1797 Μάρθαν
468 1759 656 1791 διακονοῦσαν.
679 1760 726 1786 καὶ
740 1761 797 1791 τοῖς
811 1760 862 1794 τῆς

82 1808 211 1843 τραπέζης
226 1807 418 1843 ὑπηρετοῦσαν
433 1807 536 1838 πόνοις.

113 1855 165 1881 Kal
180 1854 200 1888 ἡ
219 1854 327 1888 Μάρθα
340 1853 485 1888 διηκόνει.

112 1901 166 1936 Τῆς
180 1900 298 1937 Μάρθας
313 1901 512 1936 ὑπηρετούσης,
525 1901 542 1936 ή
559 1900 654 1937 Μαρία
665 1899 800 1935 ἀλείψασα
816 1899 862 1926 τὸν

83 1946 176 1982 Κύριον
192 1947 282 1983 μύρῳ,
301 1946 442 1974 ἐτελείωσε
457 1947 506 1983 τὴν
519 1947 560 1978 είς
576 1947 657 1974 αὑτὸν
671 1946 793 1982 ἁγάτπιν,
812 1946 861 1974 καὶ

82 1992 122 2019 διὰ
135 1992 187 2020 τῶν
200 1992 258 2025 δύο,
279 1993 382 2024 τέλειος
403 1993 418 2019 ό
431 1992 482 2028 τῆς
503 1992 614 2028 ἀγάπης
627 1993 690 2028 ὅρος
704 1992 860 2028 ἐτελειώθη.

83 2039 191 2066 Δυνατδν
206 2039 235 2067 δὲ
259 2039 330 2075 πρὸς
354 2038 472 2074 θεωρίαν
487 2038 534 2066 τὸν
558 2038 648 2073 λόγον,
665 2039 710 2066 ἵνα
735 2039 786 2074 τὴν
811 2039 862 2074 μὲν

83 2085 189 2121 Μάρθαν
216 2086 350 2121 ετπωμεν,
378 2085 428 2120 τὴν
453 2084 609 2121 πρακτικὴν
633 2085 745 2121 ἀρετὴν,
761 2085 810 2120 τὴν
833 2084 862 2111 δὲ

83 2131 193 2167 Μαρίαν.
215 2131 265 2167 τὴν
285 2132 474 2166 πνευματικὴν
502 2130 629 2166 θεωρίαν,
651 2130 712 2165 ἥτις
745 2129 860 2157 κατόπιν

85 2176 161 2211 βαίνει
185 2177 235 2212 τῆς
253 2177 423 2213 πρακτικῆς’
439 2175 473 2203 δι’
490 2171 528 2202 ὧν
542 2175 574 2211 δὴ
596 2175 787 2211 πληρεστάτην
810 2174 859 2211 τὴν

84 2223 119 2254 εἰς
144 2223 256 2259 Χριστὸν
280 2223 391 2259 ἀγάπην
423 2221 644 2257 ἐπιδεικνύμεθα.
676 2221 781 2254 Ἄλλοι,
809 2221 859 2256 τὴν

84 2269 189 2305 Μάρθαν
200 2270 239 2302 εἰς
253 2269 339 2296 τύπον
360 2268 450 2295 νοοῦσι
464 2268 513 2303 τῆς
529 2267 646 2300 παλαιᾶς
669 2268 782 2303 Γραφῆς
807 2267 860 2293 ὑπ-

84 2315 260 2351 ηρετουμένην
274 2314 395 2351 Χριστῷ.
420 2314 670 2350 Μετιπλαττομένη
684 2313 738 2350 γὰρ
755 2315 772 2349 ἡ
788 2313 860 2340 isto—

87 2361 127 2395 ρίσ.
147 2361 212 2397 πρὸς
233 2361 351 2397 θεωρίαν
379 2360 575 2396 πνευματικὴν,
601 2360 652 2396 τὴν
667 2360 715 2387 τοῦ
737 2360 863 2395 Σωτῆρος

85 2407 213 2441 τράπεζαν
228 2409 383 2443 συγκροτεί.
392 2407 506 2438 Πολλοῖς
518 2406 572 2442 γὰρ
587 2406 750 2442 μαρτυρίαις
760 2406 861 2442 κεχρὴ-

88 2453 150 2486 μεθα
162 2454 217 2485 τοῖς
232 2453 308 2490 παρὰ
326 2453 444 2489 Χριστοῦ
462 2453 652 2488 συνιστάμενοι
668 2453 794 2488 δόγμασι·
812 2453 862 2488 τὴν

87 2497 110 2524 δὲ
130 2499 234 2534 Μαρίαν
257 2499 306 2534 τὴν
332 2498 514 2533 εὑαγγελικὴν
543 2498 695 2532 παίδευσιν,
711 2498 760 2533 τὴν
784 2498 863 2533 δίκην

88 2544 164 2580 μύρου
176 2544 323 2580 τρίϐουσαν
336 2544 382 2571 τοῦ
399 2543 501 2579 Κυρίου
514 2544 578 2575 τοὺς
596 2544 691 2576 πόδας,
702 2543 776 2570 τοῦτ’
792 2543 860 2577 ἐστι,

86 2588 129 2621 τὴν
143 2589 203 2624 περὶ
224 2588 273 2624 τὴν
287 2588 340 2623 γῆν
355 2587 505 2623 γενομένην
527 2587 600 2623 αὐτῷ
621 2587 787 2622 οἰκονομίαν,
815 2587 862 2614 καὶ

86 2633 143 2668 ὃλην
156 2633 203 2669 τὴν
225 2634 276 2668 γῆν
304 2633 355 2668 τῆς
377 2633 490 2664 εὐωδίας
515 2632 681 2668 πληροῦσαν,
697 2633 758 2668 ἥτις
787 2633 862 2660 ἐστὶν

86 2676 153 2710 οἶκος
165 2680 212 2713 τῆς
228 2679 336 2714 ἁπάσης
360 2678 579 2714 άνθρωπότητος.
599 2678 701 2710 Ἄλλοι,
718 2679 768 2714 τὴν
781 2678 860 2714 Μάρ-

87 2723 131 2750 θαν
146 2725 192 2759 μὶν
201 2724 322 2759 λέγουσι,
337 2725 387 2760 τὴν
397 2725 452 2752 τῶν
470 2724 603 2751 Ἰουδαίων
623 2724 797 2759 Συναγωγὴν,
812 2723 861 2759 τὴν

87 2769 126 2796 διὰ
137 2770 188 2797 τῶν
208 2770 346 2806 σαρκικῶν
371 2770 501 2798 θέλουσαν
523 2770 688 2806 θεραπεύειν
710 2770 756 2796 τὸν
782 2769 859 2797 Θεόν·

87 2815 131 2850 τὴν
141 2816 168 2842 δὲ
181 2817 300 2852 Μαρίαν,
316 2817 363 2852 τὴν
377 2817 406 2850 ἐξ
419 2817 504 2844 ὲθνῶν
524 2817 699 2853 Ἐκκλησίαν,
716 2816 766 2852 τὴν
777 2825 860 2843 πνευ-

92 2862 197 2895 ματικὰς
211 2863 306 2895 θυσίας
331 2863 378 2890 καὶ
400 2862 486 2898 εὐώδη
502 2863 593 2889 πίστιν
615 2863 807 2898 προσάγουσαν
819 2861 857 2896 τῷ

257 2910 389 2941 ΡΑτκοιι,
409 2911 465 2941 Gtt.
483 2910 611 2940 LXXIV.

912 1581 1096 1618 evangelistes
1119 1581 1176 1613 ait,
1204 1581 1420 1616 quatriduanum
1445 1585 1583 1608 mortuum
1607 1582 1704 1617 epula-

912 1633 970 1657 tum
995 1635 1057 1656 esse
1084 1634 1146 1654 cum
1164 1626 1295 1660 Christo,
1322 1627 1351 1656 in
1375 1626 1475 1654 divinae
1492 1627 1552 1663 ejus
1573 1629 1704 1664 potentia:

913 1673 1216 1702 commemorationem.
1238 1672 1347 1700 Indicat
1368 1680 1434 1701 vero
1453 1673 1537 1701 etiam
1554 1681 1588 1705 ex
1603 1674 1702 1704 all‘ectu

912 1721 941 1749 in
958 1720 1097 1751 Christum
1110 1740 1117 1752 ,
1136 1719 1272 1746 Martbam
1288 1719 1495 1750 ministrantem
1520 1727 1640 1753 mensae,
1664 1721 1704 1748 la.—

913 1768 1050 1802 boresque
1065 1765 1203 1800 ejusmodi
1225 1765 1384 1793 obeuntem.

949 1856 1010 1889 XII,
1027 1856 1055 1883 2.
1077 1854 1112 1882 Et
1129 1853 1239 1882 Harum
1259 1853 1442 1881 ministrabat.

951 1902 1057 1930 Martha
1071 1901 1246 1929 ministrante
1258 1920 1266 1933 ,
1278 1899 1363 1927 Maria
1374 1900 1544 1936 perfundens
1557 1902 1703 1935 Dominum

914 1951 1074 1984 unguento,
1092 1953 1201 1974 omnem
1214 1945 1241 1972 in
1256 1953 1318 1973 cum
1336 1945 1511 1975 dilectionem
1527 1954 1704 1977 consumma»

912 1995 968 2026 vit,
983 2001 1015 2022 ac
1029 2001 1077 2030 per
1092 1992 1187 2020 ambas
1203 1992 1289 2020 totius
1303 1992 1459 2022 dilectionis
1476 1994 1611 2025 terminus
1626 2004 1703 2024 com-

910 2042 1000 2076 pletus
1016 2043 1067 2068 est.
1087 2038 1180 2067 Potest
1199 2042 1227 2066 et
1244 2038 1277 2066 ad
1296 2039 1513 2074 speculationem
1531 2040 1626 2072 referri
1645 2050 1704 2070 ser-

912 2094 966 2118 mo,
983 2090 1013 2113 ut
1031 2084 1167 2112 Martham
1182 2083 1294 2120 quidem
1308 2084 1477 2119 accipiamus
1493 2085 1622 2114 virtutem
1637 2094 1703 2121 pra-

914 2132 1025 2164 cticam,
1039 2131 1153 2158 Mariam
1168 2129 1341 2167 spiritualem
1357 2131 1631 2170 contemplationem,
1644 2139 1703 2166 quae

914 2176 1065 2213 practicam
1081 2183 1095 2203 a
1114 2179 1192 2211 tergo
1216 2175 1354 2210 sequitur,
1376 2184 1424 2211 per
1440 2184 1510 2211 quas
1527 2177 1703 2205 absolutissi-

914 2230 987 2251 mam
1015 2229 1083 2257 erga
1111 2221 1195 2249 Deum
1228 2220 1404 2249 dilectionem
1431 2223 1619 2258 designamus.
1647 2222 1702 2250 Alii

915 2267 1051 2295 Mnrtllam
1080 2267 1107 2294 in
1139 2267 1253 2302 ﬁguram
1282 2271 1398 2295 sumunt
1422 2268 1525 2297 veteris
1551 2267 1701 2303 Scriptura:

913 2313 1114 2342 ministrantem
1133 2312 1254 2340 Christo.
1277 2312 1485 2342 Transiormata
1504 2313 1641 2350 siquidem
1659 2314 1701 2342 hi-

912 2360 999 2388 storia
1020 2359 1046 2386 in
1064 2359 1324 2394 contemplationem
1339 2359 1527 2395 spiritualem,
1544 2359 1700 2389 Servatoris

915 2413 1037 2434 mensam
1053 2405 1168 2433 instruit
1186 2409 1213 2432 et
1234 2405 1360 2432 adornat.
1380 2405 1471 2433 Multis
1487 2405 1559 2433 enim
1585 2406 1701 2435 nitimur

913 2450 1078 2479 testimoniis
1094 2450 1128 2478 de
1145 2449 1255 2478 Christo
1270 2470 1278 2482 ,
1296 2449 1434 2485 dogmatis
1450 2450 1511 2485 ejus
1526 2450 1700 2485 conﬁrmati;

915 2496 1029 2523 Mariam
1046 2502 1112 2523 vero
1132 2495 1321 2530 evangelicam
1343 2495 1559 2528 institutionem,
1575 2504 1636 2532 qua;
1659 2496 1702 2524 in-

912 2547 969 2570 star
986 2541 1118 2578 unguenti
1134 2541 1243 2569 Domini
1258 2541 1341 2576 pedes
1359 2542 1455 2574 unxit,
1473 2542 1526 2570 hoc
1540 2546 1583 2570 est
1598 2542 1658 2577 ejus
1674 2542 1701 2570 in

912 2594 985 2616 terra
1002 2588 1195 2621 oeconomiam,
1217 2592 1299 2623 atque
1316 2588 1476 2617 universum
1496 2592 1633 2620 terrarum
1654 2595 1702 2616 or-

912 2635 972 2662 bem
986 2633 1136 2670 fragrantia
1159 2633 1254 2661 odoris
1280 2633 1387 2668 implet,
1402 2641 1463 2669 qua:
1479 2637 1523 2661 est
1545 2633 1630 2660 totius
1653 2632 1701 2659 lm-

911 2680 1053 2708 manitatis
1081 2679 1191 2707 domus.
1229 2679 1282 2707 Alii
1315 2679 1448 2710 Martham
1486 2678 1701 2714 interpretantur

910 2723 1067 2752 Judzorum
1096 2724 1289 2760 Synagogam,
1325 2732 1386 2760 quae
1415 2731 1464 2764 per
1492 2723 1614 2755 carnalia
1643 2723 1702 2750 vult

913 2770 996 2798 Deum
1014 2771 1126 2803 colere;
1144 2770 1258 2798 Mariam
1279 2778 1345 2798 vero
1358 2769 1504 2798 conﬂatam
1524 2777 1557 2804 ex
1570 2768 1701 2805 gentibus

912 2816 1074 2848 Ecclesiam,
1089 2824 1151 2852 qua:
1166 2816 1320 2852 spiritualia
1347 2816 1484 2847 sacriﬁcia
1497 2820 1526 2844 et
1540 2815 1701 2843 suaveolen-

912 2866 965 2891 tcm
993 2862 1072 2890 Iidem
1096 2862 1208 2890 Christo
1234 2863 1333 2895 oﬂ’ert,
1360 2861 1544 2899 cxprimitque
1568 2868 1584 2890 ε
1603 2865 1699 2890 saneta

1464 2909 1481 2941 3
