1906 3037
236 185 270 213 79

237 245 316 277 mini,
335 252 388 272 non
403 248 502 271 natura
516 243 562 272 sed
574 243 663 278 gratia
681 243 750 270 hanc
767 242 868 270 habent
882 241 1021 278 dignatio-
1038 250 1059 276 Α

237 299 311 320 nem.
333 289 475 325 Siquidem
489 293 516 316 et
530 296 563 317 ex
580 287 746 320 abstinentia
766 286 902 314 mendacii
917 295 1020 314 vocan-

234 344 282 367 tur
302 336 428 368 homines
448 342 571 367 veraces,
585 333 769 368 quodquidem
783 333 817 360 de
841 332 952 360 Christo
967 333 1021 360 dici

727 183 756 210 S.
781 181 918 210 CYRILU
941 182 1176 211 ALEXANDIHNI
1198 184 1362 213 ARCHIEP.

1854 179 1886 206 80

1075 243 1148 270 ἐστιν
1161 244 1248 271 εἰπεῖν
1265 244 1311 270 ἐπὶ
1335 242 1465 279 Χριστοῦ.
1480 242 1517 269 Οὐ
1532 243 1586 278 γὰρ
1597 241 1640 269 διὰ
1654 241 1738 268 τοῦτο
1749 241 1887 268 καλεῖται

1075 289 1200 324 ἀλήθεια,
1224 290 1317 325 ἐπειδὴ
1343 290 1373 316 οὐ
1394 289 1532 325 ψεύδεται.
1555 288 1613 315 ἀλλ’
1629 288 1671 315 δτι
1693 288 1810 323 ἀμείνω
1830 287 1887 321 ἔχει

1075 335 1218 367 παντελῶς
1232 335 1279 363 τοῦ
1297 335 1411 370 ψεύδους
1428 335 1476 369 τὴν
1492 334 1585 370 φύσιν.

238 390 292 409 non
302 387 408 417 potest.
428 381 488 409 Non
505 381 577 408 enim
596 380 661 416 quia
674 387 728 406 non
743 379 890 411 mentitur.
903 378 966 406 ideo
982 385 1096 408 vocatur
1112 382 1227 414 veritas,
1259 382 1308 409 sed
1338 382 1403 416 quia
1423 385 1550 408 naturam
1583 379 1732 408 mendacio
1758 385 1887 414 prorsus

238 429 371 463 majorem
386 427 477 455 habet.

272 474 333 505 XII.
357 473 401 500 14.
422 473 528 501 Invenio
554 476 642 499 autem
666 470 745 499 Jews
771 471 874 504 asello,
891 470 959 499 sedit
979 479 1026 499 ut-

233 530 282 557 .pcr
298 529 367 548 ειιηι.

273 577 370 612 Magna
392 576 465 604 enim
488 574 667 603 multitudine
684 575 773 610 ipsum
790 574 911 609 stipante
929 581 961 601 ac
977 573 1025 601 de-

237 623 414 654 duoeitte,.ex
431 629 541 649 sanum
567 621 756 648 moderatione
781 620 808 647 in
836 620 914 648 asino
941 619 1024 652 sedit,

231 670 349 697 tradens
365 668 445 697 nobis
461 668 658 695 documentum
693 674 870 701 nequaquam
896 673 947 693 nos
968 665 1027 692 lau-

236 716 317 743 dibus
345 713 490 747 ell‘erendi,
519 717 614 748 utpote
643 713 715 739 intra
738 712 915 739 necessitatis
945 718 1025 738 usum

236 760 404 788 consistens.
423 759 569 786 Matthaaus
589 758 702 793 quidem
721 757 812 785 fusius
826 757 860 784 de
871 757 950 785 asino
967 764 1026 783 ver-

236 807 271 834 ba
287 805 367 833 fecit.
382 804 504 832 Joannes
524 811 588 832 vero
611 803 645 830 ad
665 802 692 830 id
715 802 788 838 quod
811 802 838 829 in
856 810 885 830 re
906 801 1027 829 maxime

237 852 426 880 necessarium
442 855 483 878 est
497 851 654 885 properavit
671 857 720 884 pro
735 857 810 876 more
828 856 889 877 suo.
910 847 1027 881 Quando

237 906 302 926 vero
328 901 427 932 praeter
453 896 686 924 consuetudinem
709 902 788 923 suam
812 902 888 922 nunc
914 898 1022 920 tantum

237 943 370 971 Dominus
390 943 416 970 in
429 943 515 970 .asiuo
531 942 630 970 sedens
646 941 770 968 cernitur
781 962 788 974 ,
804 949 859 968 non
881 944 1025 975 propterea

236 990 356 1018 dicimus
370 996 431 1017 eum
449 989 565 1020 sedisse,
578 989 650 1023 quod
667 988 764 1024 procul
783 988 881 1015 abesse
898 986 931 1014 ab
946 985 1025 1016 urbe.

237 1045 292 1065 non
305 1037 378 1064 enim
398 1035 494 1064 aberat
519 1035 630 1069 longius
650 1034 808 1070 quindecim
831 1032 928 1061 stadiis
945 1041 952 1059 ε
971 1039 1024 1059 non

236 1084 300 1117 quia
312 1082 437 1111 conferta
454 1082 600 1109 multitudo
613 1086 684 1113 erat.
707 1088 758 1109 nec
777 1080 851 1107 enim
871 1080 942 1106 alias
962 1086 1025 1106 cum

231 1130 271 1157 tab
285 1129 386 1164 ingenti
402 1128 482 1155 turba
499 1128 732 1158 circumdaretur,
751 1126 803 1153 hoc
819 1125 894 1158 fecit,
909 1124 957 1152 sed
974 1125 1026 1152 hoc

237 1175 301 1202 fecit
319 1174 447 1202 iudicans
466 1174 521 1201 sibi
546 1181 648 1201 novum
664 1172 800 1208 populum
825 1171 970 1206 egentibus
985 1171 1025 1197 in-

237 1219 411 1247 tractabilem
437 1218 579 1246 subditum
601 1217 670 1249 fore,
697 1216 936 1250 deducturumque
962 1223 1025 1242 eum

237 1266 271 1293 ad
284 1265 399 1300 iustitia:
413 1264 586 1300 dignitatem,
597 1266 625 1290 ct
637 1263 670 1290 ad
686 1263 857 1297 superiorem
866 1262 1027 1289 caelestem-

237 1320 291 1347 que
304 1311 468 1344 Jerusalem,
484 1310 564 1345 cujus
584 1314 694 1337 terrena
723 1308 809 1343 figura
835 1312 862 1335 et
879 1311 973 1342 typus.
996 1307 1024 1334 in

237 1366 319 1394 quam
332 1357 484 1393 ingreditur
500 1356 618 1391 populus
638 1363 725 1390 purus
749 1354 841 1382 factus
863 1362 925 1381 cum
944 1354 1026 1381 Chri-

239 1409 293 1437 sto,
309 1411 389 1439 quem
417 1402 481 1430 boni
507 1406 534 1429 et
559 1402 720 1428 innecentes
748 1400 839 1435 angeli
869 1400 1028 1432 celebrant,

239 1457 355 1484 quorum
381 1452 464 1484 typus
490 1451 555 1475 sunt
585 1447 715 1474 infantes.
740 1445 850 1472 l’ullum
869 1454 935 1474 vero
953 1449 1032 1473 vocat

1042 927 1062 954 Β

1117 471 1222 506 Εἰφὼν
1249 470 1283 498 δὲ
1308 473 1325 499 ό
1355 471 1476 506 Ἰησοῦς
1495 470 1631 506 ὀνάριον,
1658 469 1812 497 ἐκάθισεν
1839 469 1885 496 ἐπ’

1079 517 1163 544 αὐτό.

1115 572 1217 600 Πολλοῦ
1241 574 1296 609 γὰρ
1329 573 1449 609 πλήθους
1480 572 1563 599 αὑτὸν
1587 572 1811 608 δορυφοροῦντας
1837 573 1885 598 καὶ

1078 620 1285 656 εὐφημοῦντας,
1303 620 1356 647 ὑπὸ
1386 619 1599 656 μετριοπαθείας
1627 619 1717 655 ἄκρας
1740 620 1792 646 ἐπὶ
1821 619 1884 646 ὄνου

1079 667 1226 702 ὲκαθέσθη,
1240 667 1374 694 διδάσκων
1390 667 1475 702 ἡμᾶς,
1493 667 1531 702 μὴ
1555 665 1686 701 ὑψοῦσθαι
1704 667 1734 693 ὲν
1758 667 1823 697 τοῖς
1838 667 1885 692 ἑπ-

1079 713 1174 745 αίνοις,
1204 713 1280 740 οὐδὲν
1300 713 1354 740 τῶν
1369 713 1420 748 τῆς
1434 713 1528 748 χρείας
1543 712 1748 748 παρεκδαίνων.
1776 713 1809 739 '0
1834 712 1884 746 μιν

1078 756 1125 785 οὖν
1139 758 1294 790 Ματθαῖος,
1311 757 1478 793 πλατύτερον
1490 755 1550 785 εἷπε
1565 758 1599 785 τὰ
1616 758 1743 794 περὶτῆς
1761 758 1843 785 ὃνου.
1859 759 1884 784 ’0

1078 804 1107 831 δὲ
1135 803 1259 838 Ἰωάννης
1286 804 1330 830 ἐπ’
1345 803 1410 830 αὐτὸ
1425 803 1472 830 τοῦ
1500 804 1660 839 πράγματος
1678 801 1748 839 ἦλθε
1769 803 1803 830 τὺ
1823 812 1884 829 και-

1081 849 1227 886 ριώτατον,
1245 849 1313 884 ὅπερ
1329 849 1388 880 ἔθος
1412 849 1488 884 αὐτῷ
1509 851 1606 877 ποιεῖν.
1627 849 1737 884 Ἐπειδὴ
1756 849 1787 876 δὲ
1805 850 1884 883 παρὰ

1077 895 1107 921 τὸ
1121 894 1235 930 σύνηθες
1258 894 1333 930 αὐτῷ
1347 895 1410 930 ἄρτι
1429 895 1507 930 μόνον
1529 896 1653 929 φαίνεται
1670 897 1685 922 ὁ
1700 895 1811 931 Κύριος
1838 896 1884 921 ἐπὶ

1077 941 1138 967 ὗνου
1151 941 1319 976 καθήμενος,
1334 942 1365 968 οὺ
1381 941 1426 968 διὰ
1441 941 1522 968 τοῦτό
1539 950 1629 977 φαμεν
1645 942 1727 968 αὐτὴν
1751 941 1882 971 καθίσαι,

1077 986 1119 1012 ὅτι
1147 985 1255 1021 μακρὰν
1271 984 1305 1022 ἦν
1326 986 1376 1022 τῆς
1400 987 1519 1019 πόλεως·
1538 988 1569 1014 οὑ
1587 987 1641 1023 γὰρ
1665 988 1765 1022 ἀπεῖχε
1794 987 1883 1013 πλείω

1077 1032 1225 1059 δεκαπέντε
1242 1033 1355 1060 σταδίων
1367 1034 1453 1066 ’,οὐδὲ
1470 1034 1511 1060 ὅτι
1539 1033 1617 1069 δχλος
1638 1032 1671 1069 ἦν
1683 1042 1690 1050 ·
1710 1034 1759 1060 καὶ
1784 1033 1882 1060 ἄλλοτε

1079 1078 1132 1114 γὰρ
1158 1080 1330 1115 συνευρεθεὶς
1358 1080 1430 1116 ὄχλῳ
1445 1081 1495 1108 οὐκ
1511 1081 1624 1117 ἐποίησε
1650 1080 1748 1107 τοῦτο·
1761 1082 1840 1107 ποιεῖ
1855 1081 1883 1106 δὲ

1078 1123 1167 1156 τοῦτο,
1181 1124 1286 1156 δεικνὺς
1301 1125 1342 1152 ὅτι
1357 1126 1416 1152 νέον
1431 1126 1521 1162 ἑαυτῷ
1541 1127 1603 1154 ,αδν
1619 1126 1666 1153 τὸν
1678 1126 1709 1159 ἐξ
1725 1126 1818 1154 ἐθνῶν
1835 1127 1881 1152 τὸν

1078 1170 1229 1198 ἀκάθεκτον
1247 1172 1339 1207 μέλλει
1362 1172 1525 1200 ὑποτάσσειν
1539 1173 1586 1199 ναὶ
1600 1173 1712 1207 ἀνάγειν
1725 1173 1768 1204 είς
1787 1173 1823 1199 τδ
1834 1173 1881 1207 τῆς

1078 1216 1252 1252 δικαιοσύνης
1267 1217 1376 1253 ἀξίωμα
1388 1238 1395 1250 ,
1412 1218 1452 1250 είς
1481 1227 1510 1245 τε
1540 1219 1590 1254 τὴν
1614 1219 1670 1246 ἄνω
1686 1219 1880 1254 Ἰερουσαλὴμ,

1079 1260 1113 1298 ἦς
1131 1263 1215 1295 τύπος
1232 1265 1248 1299 ἡ
1266 1264 1404 1298 ἐπίγειος·
1420 1265 1459 1296 εὶς
1474 1265 1508 1300 ἢν
1522 1265 1701 1301 είσέρχεταιό
1713 1265 1780 1297 λαὸς
1797 1265 1882 1291 καθα-

1083 1309 1128 1344 ρὸς
1153 1309 1301 1345 γενόμενος
1333 1311 1382 1337 σὺν
1407 1311 1519 1346 Χριστῷ
1551 1311 1713 1347 ὑμνουμένῳ
1745 1311 1802 1338 ὑπὸ
1830 1311 1881 1337 τῶν

1081 1355 1193 1382 ἀκάκων
1224 1356 1359 1390 ἀγγέλων,
1385 1352 1422 1383 ὧν
1442 1356 1538 1388 τύπος,
1563 1357 1597 1384 τὰ
1619 1358 1715 1392 νήπια.
1744 1357 1881 1384 nouas:

1080 1401 1169 1435 λέγει.
1191 1401 1237 1428 τὸν
1264 1402 1343 1434 ἦνον,
1359 1403 1454 1438 ἐπειδὴ
1473 1404 1487 1430 ὁ
1505 1404 1534 1436 ἐξ
1553 1403 1638 1430 ἐθνῶν
1656 1404 1730 1436 λαὸς,
1752 1404 1880 1439 ἀγύμνα-

1084 1455 1146 1478 στος
1158 1444 1192 1482 ἦν
1206 1447 1256 1481 τῆς
1271 1448 1310 1478 είς
1332 1447 1474 1474 εὐσέϐειαν
1487 1447 1606 1484 ἀγούσης
1624 1449 1754 1480 πίστεως.

239 1496 365 1527 asinum,
392 1493 615 1529 quandoquidem
642 1489 786 1527 gentilium
815 1493 931 1528 populus
959 1492 1089 1520 ducentis
1119 1489 1153 1520 ad
1177 1493 1306 1528 pietatem
1338 1494 1399 1522 fidei
1423 1495 1500 1524 rudis
1526 1501 1554 1523 et
1576 1496 1776 1524 inexercitatus
1809 1501 1879 1524 erat.

275 1551 336 1583 XII,
361 1551 403 1578 16.
445 1551 506 1578 Hac
534 1558 593 1577 vero
622 1558 672 1577 non
703 1554 876 1585 cognoverunt
902 1549 1026 1584 discipuli

237 1600 294 1634 ejus
308 1599 432 1633 primum.
448 1603 500 1625 etc.

274 1655 355 1682 Initio
380 1655 494 1690 quidem
515 1654 678 1689 ignorabant
702 1662 764 1689 qum
789 1655 824 1681 de
851 1654 898 1681 illo
923 1649 1063 1689 sc'riptaC

239 1706 319 1734 sunt;
333 1706 361 1729 at
379 1705 439 1737 post
455 1701 682 1728 resurrectionem
702 1708 756 1727 non
772 1701 799 1727 in
812 1699 928 1726 Iudaica
947 1700 1029 1727 caeci-

239 1754 294 1776 tate
308 1752 481 1780 manserunt,
503 1747 550 1774 sed
567 1755 615 1782 per
636 1747 768 1782 Spiritum
785 1746 853 1781 ipsis
871 1746 1028 1773 divinorum

239 1795 386 1822 verborum
408 1794 526 1821 revelata
541 1797 583 1820 est
604 1792 736 1828 cognitio.
751 1791 830 1819 Tunc
847 1799 912 1819 vero
926 1791 1029 1826 gloriﬁ-

239 1844 318 1868 catus
333 1844 375 1867 est
390 1839 529 1871 Christus,
551 1847 614 1865 cum
630 1839 657 1865 in
673 1845 756 1865 cruce
773 1842 899 1864 mortuus
920 1837 1027 1864 revixit.

240 1886 295 1914 Nec
312 1893 394 1922 porro
405 1885 514 1912 erubuit
524 1885 934 1920 evangelista.commemorans
949 1882 1031 1909 disci-

241 1933 370 1968 pulorum
398 1931 604 1966 ignorantiam,
638 1934 665 1957 et
698 1937 797 1957 rursus
825 1928 1028 1963 cognitionem,

240 1976 351 2012 quando
381 1976 551 2012 propositum
570 1975 708 2006 habebat,
732 1975 800 2002 nihil
824 1974 900 2009 peitsi
930 1973 1031 2001 habere

240 2023 324 2060 699
339 2025 412 2051 circa
428 2026 582 2059 respectum
598 2022 750 2053 hominum,
768 2021 815 2049 sed
838 2021 957 2057 Spiritus
972 2020 1032 2056 glo-

244 2070 290 2096 ria:
305 2068 459 2104 suﬂ’raguri,
477 2075 509 2095 ac
529 2067 674 2095 ostendere
691 2067 804 2102 quinam
828 2070 923 2094 essent
947 2065 1031 2093 disci-

242 2115 299 2150 puli
319 2119 381 2141 ante
395 2114 636 2146 resurrectionem,
649 2117 676 2140 et
694 2112 805 2147 quinam
825 2116 889 2147 post
907 2119 1031 2139 resurre-

241 2161 369 2188 ctionem.
388 2160 416 2186 Si
440 2160 524 2194 igitur
541 2160 568 2186 hi
590 2159 762 2195 ignorabant,
787 2157 873 2185 multo
894 2157 980 2192 magis
1004 2161 1031 2184 et

242 2208 288 2234 alii
304 2205 401 2234 Judaei.
426 2204 575 2240 Postquam
593 2212 661 2232 vero
679 2204 705 2231 in
727 2211 811 2230 cruce
835 2207 963 2231 mortuus
977 2206 1028 2234 est,

242 2251 357 2287 scissum
372 2254 414 2277 est
430 2250 530 2282 velum,
553 2254 582 2276 ut
597 2249 782 2284 intelligamus
813 2247 883 2275 nihil
899 2247 1030 2284 deinceps

243 2297 368 2324 lldelibus
381 2301 408 2324 et
426 2296 473 2324 Dei
489 2296 649 2324 amantibus
661 2295 799 2323 occultum
811 2301 883 2322 esse.
900 2293 987 2330 Igitur
1000 2294 1031 2320 il-

243 2343 358 2370 lustrata
373 2347 415 2370 est
431 2351 526 2370 eorum
545 2342 666 2378 cognitio
677 2349 691 2368 a
706 2346 833 2377 tempore
850 2340 1031 2368 resurrectio-

243 2389 297 2421 nis,
311 2389 375 2423 quia
389 2388 535 2423 inspiravit
549 2387 677 2415 Christus
701 2388 728 2414 in
753 2386 852 2413 faciem
876 2393 982 2418 eorum,
1004 2389 1031 2412 et

243 2435 288 2462 alii
302 2442 335 2462 ex
357 2434 418 2461 aliis
435 2434 499 2461 facti
527 2434 681 2468 mutatique
704 2437 779 2461 sunt.
804 2431 858 2460 Sed
874 2433 961 2459 multo
978 2439 1031 2458 am-

244 2481 317 2516 plius
332 2481 480 2507 illuminati
494 2481 604 2508 fuerunt
621 2480 648 2507 in
664 2481 708 2508 die
719 2479 909 2510 Pentecostes,
922 2477 1032 2513 quando

243 2527 272 2554 in
297 2530 461 2561 potestatem
491 2526 579 2553 sancti
609 2525 729 2561 Spiritus
760 2525 794 2552 ad
824 2531 872 2551 eos
899 2523 1032 2551 venientis

243 2572 434 2600 transformati
451 2576 526 2600 sunt.

280 2618 326 2646 Xll
338 2639 345 2650 ,
364 2618 406 2646 l7.
434 2619 626 2646 Testimonium
638 2614 705 2652 Ergo
714 2615 866 2650 perhibebat
882 2615 959 2643 turba
975 2624 1033 2651 qua:

243 2669 302 2691 erat
328 2673 386 2691 cum
400 2673 440 2697 eo,
466 2664 573 2700 quando
597 2663 733 2690 Lazarum
758 2662 857 2689 vorarit
884 2662 916 2689 de
939 2670 1032 2689 monu-

245 2716 341 2742 mento,
361 2715 416 2738 etc.

281 2756 443 2783 Necessario
463 2755 562 2782 ordine
586 2757 756 2790 postremum
770 2753 822 2780 hoc
846 2758 899 2784 est.
915 2753 989 2788 quod
1005 2753 1031 2780 in

246 2802 351 2829 Lalaro
372 2805 503 2836 operatus
518 2804 560 2827 est
577 2799 738 2826 miraculum
754 2798 897 2831 Dominus,
914 2804 943 2825 ut
957 2799 992 2825 ob
1008 2799 1035 2825 id

1047 2328 1068 2355 D

1119 1551 1214 1580 Ταῦτα
1231 1552 1265 1579 δὲ
1288 1554 1344 1580 οὐκ
1363 1553 1501 1588 ἔγνωσαν
1524 1555 1552 1582 ol
1578 1555 1707 1590 μαθηταί
1729 1555 1829 1583 αὑτοῦ
1851 1556 1880 1582 τὸ

1081 1599 1209 1633 πρῶτον,
1223 1601 1269 1627 καὶ
1283 1600 1317 1626 τὰ
1333 1599 1405 1636 ἑξῆς.

1122 1656 1250 1690 ῚΙγνόουν
1265 1657 1315 1692 μὲν
1343 1656 1390 1685 οὖν
1413 1658 1444 1684 τὺ
1466 1658 1525 1685 κατ’
1547 1658 1651 1694 ἀρχὰς,
1667 1658 1704 1687 τὰ
1731 1660 1777 1686 ἐπ’
1806 1659 1879 1695 αὐτῷ

1079 1702 1260 1738 γεγραμμένα
1282 1712 1290 1719 ο
1308 1704 1378 1738 μετὰ
1399 1704 1427 1730 δὲ
1454 1704 1502 1740 τὴν
1524 1705 1671 1732 ἀνάστασιν
1685 1725 1693 1736 ,
1717 1706 1768 1732 οὐκ
1801 1706 1876 1741 ἔμει-

1079 1756 1128 1774 ναν
1154 1747 1260 1783 ἔχοντες
1280 1749 1329 1784 τὴν
1357 1749 1506 1785 Ἰουδαῖκὴν
1525 1751 1650 1786 πήρωσιν
1662 1772 1669 1783 ,
1685 1751 1754 1780 ἀλλὰ
1769 1752 1877 1778 ἀπεκα-

1079 1793 1167 1829 λῦφθη
1184 1795 1274 1826 αὐτοῖς
1285 1795 1327 1822 διὰ
1344 1795 1391 1822 τοῦ
1406 1796 1566 1831 Πνεύματος
1581 1798 1597 1831 ὴ
1613 1797 1712 1831 γνῶσις
1727 1797 1782 1825 τῶν
1797 1798 1877 1825 θείων

1079 1838 1176 1872 λόγων.
1192 1841 1258 1867 Τότε
1283 1840 1311 1867 δὲ
1336 1841 1466 1877 ἐδοξάσθη
1482 1842 1497 1868 ὁ
1511 1843 1637 1877 Χριστὸς,
1650 1843 1694 1870 ὅτε
1710 1845 1878 1879 σταυρωθεὶς

1080 1884 1191 1912 ἀνεσέω.
1209 1885 1266 1912 Οὐκ
1289 1886 1405 1922 ἐρυθριᾷ
1421 1886 1448 1912 δὲ
1468 1888 1482 1913 ὁ
1498 1887 1695 1924 εὐαγγελιστὴς
1716 1889 1878 1923 καταλέγων

1080 1930 1129 1965 τὴν
1150 1931 1204 1957 τῶν
1222 1931 1352 1967 μαθητῶν
1366 1932 1487 1967 ἄγνοιαν,
1506 1933 1554 1960 καὶ
1567 1934 1647 1960 πάλιν
1661 1934 1773 1968 γνῶσιν,
1795 1936 1875 1962 ἐπεξ-

1081 1985 1133 2012 περ
1150 1975 1184 2012 ἦν
1202 1977 1277 2013 αὐτῷ
1292 1978 1391 2010 σκοπὸς
1402 2000 1409 2011 ,
1430 1979 1561 2014 ἀλογῆσαι
1578 1980 1626 2014 μὲν
1647 1981 1696 2015 τῆς
1713 1981 1753 2012 εἰς
1772 1979 1878 2015 ἀνθρὼ-

1081 2031 1148 2054 πους
1164 2022 1264 2055 αἰδοῦς,
1282 2024 1466 2060 συνηγορῆσαι
1477 2024 1505 2050 δὲ
1515 2026 1549 2060 τῇ
1564 2025 1611 2052 τοῦ
1628 2026 1787 2061 Πνεύματος
1802 2027 1876 2064 6&5?“

1081 2067 1128 2093 καὶ
1144 2067 1229 2099 δεῖξαι
1245 2068 1316 2100 τίνες
1335 2069 1384 2103 μὲν
1398 2067 1468 2105 ἦσαν
1483 2070 1507 2096 oi
1523 2071 1645 2106 μαθηταὶ
1665 2071 1720 2106 πρὸ
1739 2072 1791 2107 τῆς
1810 2074 1876 2100 ἁνα-

1082 2110 1205 2142 στάσεως
1218 2132 1224 2143 ,
1242 2112 1315 2144 τίνες
1336 2112 1364 2139 δὲ
1375 2134 1382 2146 ,
1399 2113 1469 2148 μετὰ
1491 2114 1539 2150 τὴν
1557 2115 1705 2144 ἀνάστασιν
1720 2117 1876 2151 γεγόνασιν.

1081 2157 1112 2184 Et
1127 2155 1173 2184 οὖν
1187 2154 1259 2185 οὗτοι
1284 2159 1398 2193 ἠγνόουν
1410 2181 1417 2192 ,
1441 2160 1531 2196 πολλῴ
1559 2161 1659 2196 μᾶλλον
1675 2163 1700 2189 oi
1714 2163 1790 2191 ἄλλοι
1811 2164 1876 2190 Ίοιι-

1081 2203 1159 2230 δαῖοι.
1176 2203 1253 2232 Μετὰ
1279 2203 1307 2231 δὲ
1331 2204 1362 2231 τὸ
1383 2205 1591 2241 σταυρωθῆναι,
1606 2208 1719 2244 ἐσχίσθη
1743 2209 1774 2236 τὸ
1792 2218 1876 2236 κατα-

1082 2249 1219 2284 πέτασμα,
1237 2250 1279 2276 ἵνα
1295 2249 1404 2285 γνῶμεν
1427 2251 1468 2278 ὅτι
1487 2251 1562 2278 οὐδὲν
1576 2252 1616 2279 ἐτι
1631 2253 1685 2279 τῶν
1707 2254 1876 2291 ἀποκρὺφων

1081 2295 1253 2322 διαλανθάνει
1264 2296 1327 2327 τοὺς
1344 2297 1456 2329 πιστοὺς
1473 2297 1520 2324 καὶ
1534 2298 1684 2332 φιλοθέους.
1707 2300 1876 2337 Ἐφωτίσθη-

1085 2348 1134 2367 σαν
1145 2338 1191 2367 οὖν
1201 2341 1251 2377 τὴν
1265 2342 1365 2375 γνῶσιν
1377 2343 1430 2369 ἀπὸ
1447 2343 1492 2370 τοῦ
1509 2344 1607 2381 καιροῦ
1622 2344 1673 2379 τῆς
1689 2346 1875 2379 ἀναστάσεως,

1084 2388 1124 2414 ὅτι
1146 2388 1313 2424 ἐνεφύσησεν
1330 2389 1344 2415 ὁ
1367 2389 1485 2425 Χριστὸς
1504 2391 1544 2422 εἰς
1564 2392 1594 2418 τὸ
1614 2392 1761 2427 πρόσωπον
1776 2394 1873 2427 αὐτῶν,

1086 2433 1132 2461 καὶ
1146 2435 1290 2468 γεγόνασιν
1308 2435 1338 2468 ἐξ
1351 2436 1452 2471 ἑτέρων
1467 2436 1552 2464 ἄλλοι.
1576 2437 1638 2464 Ἐπὶ
1649 2438 1741 2465 πλεῖον
1759 2439 1788 2465 δὲ
1809 2441 1875 2475 ἐφω-

1085 2479 1218 2516 τίσθησαν
1229 2482 1258 2508 ὲν
1274 2482 1306 2517 τῇ
1324 2482 1415 2519 ἡμέρᾳ
1429 2483 1478 2518 τῆς
1491 2483 1691 2520 Πεντηκοστῆς,
1709 2485 1756 2512 ὅτε
1772 2488 1813 2518 είς
1829 2488 1874 2523 τὴν

1085 2525 1133 2553 τοῦ
1155 2527 1380 2563 ἐπιφοιτήσαντος
1402 2528 1493 2561 αὐτοῖς
1520 2529 1599 2564 ἁγίου
1631 2531 1792 2567 lli/stipato;
1813 2542 1874 2568 μετ-

1086 2571 1249 2600 επλάττοντο
1262 2573 1387 2609 δύναμιν.

1128 2619 1300 2653 Ἐμαρτύρει
1324 2617 1381 2647 οὖν·
1394 2621 1410 2646 ό
1430 2620 1522 2655 ὄχλος
1543 2622 1560 2648 ὀ
1573 2620 1616 2648 ὢν
1629 2623 1692 2657 μετ’
1710 2623 1817 2655 αὑτοῦ,
1834 2625 1874 2651 ὅτι

1084 2664 1139 2691 τὸν
1161 2663 1294 2699 Λάζαρον
1307 2665 1465 2700 ἐφώνησεν
1487 2667 1522 2694 ἐκ
1542 2667 1596 2694 τοῦ
1610 2669 1772 2702 μνημείου,
1786 2674 1830 2696 και
1847 2673 1874 2696 τὰ

1086 2709 1159 2743 ἑξῆς.

1129 2754 1299 2788 Ἀναγκαίως
1317 2755 1354 2791 (Ι)
1372 2755 1426 2792 ἄρα
1451 2757 1498 2784 καὶ
1516 2758 1548 2793 τῇ
1566 2758 1642 2791 τάξει
1670 2756 1830 2789 τελευταῖον
1853 2762 1875 2788 z’:

1088 2800 1158 2827 κατὰ
1170 2800 1216 2827 τὸν
1231 2801 1356 2838 Λάζαρον
1372 2803 1386 2829 ὁ
1403 2803 1504 2839 Κύριος
1519 2804 1811 2846 τεθοιιιι.ια·ιοιῖιργτλκενΙ
1838 2808 1873 2835 Y4:

281 2891 321 2927 (1)
345 2891 520 2925 Ὰναγκαιως
534 2910 540 2917 .
555 2909 560 2915 .
574 2909 579 2916 .
596 2909 603 2916 .
617 2888 786 2920 ἀκολουθεῖ.
800 2888 837 2916 Ex
854 2889 962 2916 laudata
975 2894 1028 2917 catt

1102 2889 1146 2916 fol.
1164 2889 1225 2917 £32.
