  <div class='ocr_page' id='page_1' title='image "/cluster/home/n/w/nwhite01/storage/ocr_20150623/74/njp.32101077772778/048.png"; bbox 0 0 1906 3037; ppageno 0'>
   <div class='ocr_carea' id='block_1_1' title="bbox 97 181 367 209">
    <p class='ocr_par' dir='ltr' id='par_1_1' title="bbox 97 181 367 209">
     <span class='ocr_line' id='line_1_1' title="bbox 97 181 367 209; baseline 0.007 -2"><span class='ocrx_word' id='word_1_1' title='bbox 97 181 124 208; x_wconf 80' lang='lat' dir='ltr'><strong>Gl</strong></span> <span class='ocrx_word' id='word_1_2' title='bbox 359 189 367 209; x_wconf 88' lang='lat'><strong><em>\</em></strong></span> 
     </span>
    </p>
   </div>
   <div class='ocr_carea' id='block_1_2' title="bbox 519 181 1285 215">
    <p class='ocr_par' dir='ltr' id='par_1_2' title="bbox 519 181 1285 215">
     <span class='ocr_line' id='line_1_2' title="bbox 519 181 1285 215; baseline 0.008 -6"><span class='ocrx_word' id='word_1_3' title='bbox 519 182 552 209; x_wconf 89' lang='lat' dir='ltr'><strong>IN</strong></span> <span class='ocrx_word' id='word_1_4' title='bbox 568 181 736 210; x_wconf 75' lang='lat' dir='ltr'><strong>JOANNEM.</strong></span> <span class='ocrx_word' id='word_1_5' title='bbox 754 199 789 203; x_wconf 90' lang='lat'><strong>—-</strong></span> <span class='ocrx_word' id='word_1_6' title='bbox 806 183 869 211; x_wconf 84' lang='lat' dir='ltr'><strong>LIB.</strong></span> <span class='ocrx_word' id='word_1_7' title='bbox 882 184 981 213; x_wconf 82' lang='lat' dir='ltr'><strong>VHET</strong></span> <span class='ocrx_word' id='word_1_8' title='bbox 993 186 1050 214; x_wconf 81' lang='lat' dir='ltr'><strong>Vlll</strong></span> <span class='ocrx_word' id='word_1_9' title='bbox 1063 187 1285 215; x_wconf 73' lang='lat' dir='ltr'><strong>FRAGMENTA.</strong></span> 
     </span>
    </p>
   </div>
   <div class='ocr_carea' id='block_1_3' title="bbox 1680 191 1716 219">
    <p class='ocr_par' dir='ltr' id='par_1_3' title="bbox 1680 191 1716 219">
     <span class='ocr_line' id='line_1_3' title="bbox 1680 191 1716 219; baseline -0.056 0"><span class='ocrx_word' id='word_1_10' title='bbox 1680 191 1716 219; x_wconf 70' lang='grc' dir='ltr'><strong>(ἱὲ</strong></span> 
     </span>
    </p>
   </div>
   <div class='ocr_carea' id='block_1_4' title="bbox 95 237 892 280">
    <p class='ocr_par' dir='ltr' id='par_1_4' title="bbox 95 237 884 275">
     <span class='ocr_line' id='line_1_4' title="bbox 95 237 884 275; baseline 0.003 -11"><span class='ocrx_word' id='word_1_11' title='bbox 95 237 233 274; x_wconf 76' lang='grc' dir='ltr'>πρέποντα</span> <span class='ocrx_word' id='word_1_12' title='bbox 247 237 355 273; x_wconf 69' lang='grc' dir='ltr'>καιρὸν,</span> <span class='ocrx_word' id='word_1_13' title='bbox 380 237 427 265; x_wconf 73' lang='grc' dir='ltr'>καὶ</span> <span class='ocrx_word' id='word_1_14' title='bbox 449 237 493 264; x_wconf 71' lang='grc' dir='ltr'>τὸν</span> <span class='ocrx_word' id='word_1_15' title='bbox 510 240 542 273; x_wconf 85' lang='grc' dir='ltr'>τῇ</span> <span class='ocrx_word' id='word_1_16' title='bbox 558 238 661 265; x_wconf 83' lang='grc' dir='ltr'><strong>ἀνέσει.</strong></span> <span class='ocrx_word' id='word_1_17' title='bbox 686 239 761 274; x_wconf 80' lang='grc' dir='ltr'>Πλὴν</span> <span class='ocrx_word' id='word_1_18' title='bbox 773 240 884 275; x_wconf 80' lang='grc' dir='ltr'>εὐχαρι-</span> 
     </span>
    </p>
   </div>
   <div class='ocr_carea' id='block_1_5' title="bbox 936 237 1717 280">
    <p class='ocr_par' dir='ltr' id='par_1_5' title="bbox 936 238 1717 280">
     <span class='ocr_line' id='line_1_5' title="bbox 936 238 1717 280; baseline 0.003 -10"><span class='ocrx_word' id='word_1_19' title='bbox 936 244 1034 274; x_wconf 86' lang='lat' dir='ltr'><strong>bonus,</strong></span> <span class='ocrx_word' id='word_1_20' title='bbox 1061 238 1146 271; x_wconf 52' lang='lat' dir='ltr'><strong>novit&#39;</strong></span> <span class='ocrx_word' id='word_1_21' title='bbox 1165 243 1345 279; x_wconf 79' lang='lat' dir='ltr'><strong>increpationi</strong></span> <span class='ocrx_word' id='word_1_22' title='bbox 1376 249 1482 279; x_wconf 86' lang='lat' dir='ltr'><strong>tempus</strong></span> <span class='ocrx_word' id='word_1_23' title='bbox 1510 252 1662 280; x_wconf 79' lang='lat' dir='ltr'><strong>congruum</strong></span> <span class='ocrx_word' id='word_1_24' title='bbox 1691 251 1717 273; x_wconf 90' lang='lat' dir='ltr'><strong>et</strong></span> 
     </span>
    </p>
   </div>
   <div class='ocr_carea' id='block_1_6' title="bbox 95 282 881 320">
    <p class='ocr_par' dir='ltr' id='par_1_6' title="bbox 95 282 881 320">
     <span class='ocr_line' id='line_1_6' title="bbox 95 282 881 320; baseline 0.003 -10"><span class='ocrx_word' id='word_1_25' title='bbox 95 285 150 311; x_wconf 80' lang='grc' dir='ltr'><strong>στΞῖ</strong></span> <span class='ocrx_word' id='word_1_26' title='bbox 170 285 185 310; x_wconf 84' lang='grc' dir='ltr'><strong>ὸ</strong></span> <span class='ocrx_word' id='word_1_27' title='bbox 201 282 320 319; x_wconf 77' lang='grc' dir='ltr'><strong>Κύριος,</strong></span> <span class='ocrx_word' id='word_1_28' title='bbox 346 284 393 310; x_wconf 75' lang='grc' dir='ltr'>καὶ</span> <span class='ocrx_word' id='word_1_29' title='bbox 410 283 490 310; x_wconf 76' lang='grc' dir='ltr'>τοῦτο</span> <span class='ocrx_word' id='word_1_30' title='bbox 509 285 581 310; x_wconf 78' lang='grc' dir='ltr'>ποιεῖ</span> <span class='ocrx_word' id='word_1_31' title='bbox 603 284 672 319; x_wconf 80' lang='grc' dir='ltr'>πρὸς</span> <span class='ocrx_word' id='word_1_32' title='bbox 699 285 881 320; x_wconf 63' lang='grc' dir='ltr'>ὑπογραμμὸν</span> 
     </span>
    </p>
   </div>
   <div class='ocr_carea' id='block_1_7' title="bbox 94 330 881 366">
    <p class='ocr_par' dir='ltr' id='par_1_7' title="bbox 94 330 881 366">
     <span class='ocr_line' id='line_1_7' title="bbox 94 330 881 366; baseline 0.003 -10"><span class='ocrx_word' id='word_1_33' title='bbox 94 330 184 366; x_wconf 73' lang='grc' dir='ltr'>ἡμῶν,</span> <span class='ocrx_word' id='word_1_34' title='bbox 197 330 285 365; x_wconf 81' lang='grc' dir='ltr'>τιμῶν</span> <span class='ocrx_word' id='word_1_35' title='bbox 296 330 342 356; x_wconf 72' lang='grc' dir='ltr'><strong>τὸν</strong></span> <span class='ocrx_word' id='word_1_36' title='bbox 358 330 476 366; x_wconf 82' lang='grc' dir='ltr'>Πατέρα.</span> <span class='ocrx_word' id='word_1_37' title='bbox 486 330 571 356; x_wconf 82' lang='grc' dir='ltr'>Ὅταν</span> <span class='ocrx_word' id='word_1_38' title='bbox 587 330 615 356; x_wconf 70' lang='grc' dir='ltr'>δὲ</span> <span class='ocrx_word' id='word_1_39' title='bbox 629 331 644 356; x_wconf 81' lang='grc' dir='ltr'>ὁ</span> <span class='ocrx_word' id='word_1_40' title='bbox 656 330 712 362; x_wconf 83' lang='grc' dir='ltr'><strong>ἴσος</strong></span> <span class='ocrx_word' id='word_1_41' title='bbox 722 331 760 366; x_wconf 81' lang='grc' dir='ltr'><strong>τῷ</strong></span> <span class='ocrx_word' id='word_1_42' title='bbox 775 331 825 366; x_wconf 77' lang='grc' dir='ltr'><strong>ἴσῳ</strong></span> <span class='ocrx_word' id='word_1_43' title='bbox 836 333 881 358; x_wconf 75' lang='grc' dir='ltr'><strong>εὖ-</strong></span> 
     </span>
    </p>
   </div>
   <div class='ocr_carea' id='block_1_8' title="bbox 94 375 879 413">
    <p class='ocr_par' dir='ltr' id='par_1_8' title="bbox 94 375 879 413">
     <span class='ocr_line' id='line_1_8' title="bbox 94 375 879 413; baseline 0.001 -11"><span class='ocrx_word' id='word_1_44' title='bbox 94 376 254 413; x_wconf 77' lang='grc' dir='ltr'>χαριστῇ,οὑ</span> <span class='ocrx_word' id='word_1_45' title='bbox 267 377 338 402; x_wconf 79' lang='grc' dir='ltr'>ποιεῖ</span> <span class='ocrx_word' id='word_1_46' title='bbox 347 375 456 407; x_wconf 75' lang='grc' dir='ltr'>πάντως</span> <span class='ocrx_word' id='word_1_47' title='bbox 468 375 547 402; x_wconf 75' lang='grc' dir='ltr'>τοῦτο</span> <span class='ocrx_word' id='word_1_48' title='bbox 557 375 606 410; x_wconf 81' lang='grc' dir='ltr'><strong>τῆς</strong></span> <span class='ocrx_word' id='word_1_49' title='bbox 617 376 711 408; x_wconf 83' lang='grc' dir='ltr'><strong>οὐσίας</strong></span> <span class='ocrx_word' id='word_1_50' title='bbox 723 377 879 403; x_wconf 74' lang='grc' dir='ltr'><strong>ἐλάττωσιν.</strong></span> 
     </span>
    </p>
   </div>
   <div class='ocr_carea' id='block_1_9' title="bbox 95 417 880 455">
    <p class='ocr_par' dir='ltr' id='par_1_9' title="bbox 95 417 880 455">
     <span class='ocr_line' id='line_1_9' title="bbox 95 417 880 455; baseline 0.001 -9"><span class='ocrx_word' id='word_1_51' title='bbox 95 421 131 447; x_wconf 75' lang='grc' dir='ltr'><strong>Δι’</strong></span> <span class='ocrx_word' id='word_1_52' title='bbox 138 417 173 447; x_wconf 80' lang='grc' dir='ltr'>ὧν</span> <span class='ocrx_word' id='word_1_53' title='bbox 184 421 212 447; x_wconf 86' lang='grc' dir='ltr'>δὲ</span> <span class='ocrx_word' id='word_1_54' title='bbox 222 421 443 455; x_wconf 79' lang='grc' dir='ltr'>ἐπισημαίνεται.</span> <span class='ocrx_word' id='word_1_55' title='bbox 452 420 492 446; x_wconf 78' lang='grc' dir='ltr'>ὅτι</span> <span class='ocrx_word' id='word_1_56' title='bbox 500 420 549 447; x_wconf 84' lang='grc' dir='ltr'><strong>Διὰ</strong></span> <span class='ocrx_word' id='word_1_57' title='bbox 559 420 605 446; x_wconf 77' lang='grc' dir='ltr'><strong>τὸν</strong></span> <span class='ocrx_word' id='word_1_58' title='bbox 616 420 694 455; x_wconf 75' lang='grc' dir='ltr'>ὄχλον</span> <span class='ocrx_word' id='word_1_59' title='bbox 702 421 787 447; x_wconf 78' lang='grc' dir='ltr'>ταῦτα</span> <span class='ocrx_word' id='word_1_60' title='bbox 797 421 880 455; x_wconf 75' lang='grc' dir='ltr'>λέγω,</span> 
     </span>
    </p>
   </div>
   <div class='ocr_carea' id='block_1_10' title="bbox 97 466 882 502">
    <p class='ocr_par' dir='ltr' id='par_1_10' title="bbox 97 466 882 502">
     <span class='ocr_line' id='line_1_10' title="bbox 97 466 882 502; baseline 0.001 -10"><span class='ocrx_word' id='word_1_61' title='bbox 97 466 232 502; x_wconf 77' lang='grc' dir='ltr'>μονονουχί</span> <span class='ocrx_word' id='word_1_62' title='bbox 247 474 344 501; x_wconf 80' lang='grc' dir='ltr'>φησιν,</span> <span class='ocrx_word' id='word_1_63' title='bbox 359 466 400 493; x_wconf 81' lang='grc' dir='ltr'><strong>ὅτι</strong></span> <span class='ocrx_word' id='word_1_64' title='bbox 419 466 648 502; x_wconf 78' lang='grc' dir='ltr'>Προσπεποίημαι</span> <span class='ocrx_word' id='word_1_65' title='bbox 663 466 713 501; x_wconf 86' lang='grc' dir='ltr'>τῆς</span> <span class='ocrx_word' id='word_1_66' title='bbox 725 467 882 502; x_wconf 76' lang='grc' dir='ltr'><strong>προσευχῆς</strong></span> 
     </span>
    </p>
   </div>
   <div class='ocr_carea' id='block_1_11' title="bbox 95 509 881 548">
    <p class='ocr_par' dir='ltr' id='par_1_11' title="bbox 95 509 881 548">
     <span class='ocr_line' id='line_1_11' title="bbox 95 509 881 548; baseline 0 -10"><span class='ocrx_word' id='word_1_67' title='bbox 95 512 123 538; x_wconf 82' lang='grc' dir='ltr'>τὺ</span> <span class='ocrx_word' id='word_1_68' title='bbox 133 512 231 546; x_wconf 82' lang='grc' dir='ltr'>σχῆμα,</span> <span class='ocrx_word' id='word_1_69' title='bbox 251 512 298 537; x_wconf 71' lang='grc' dir='ltr'>καὶ</span> <span class='ocrx_word' id='word_1_70' title='bbox 311 511 489 546; x_wconf 75' lang='grc' dir='ltr'>οἰκονομικῶς</span> <span class='ocrx_word' id='word_1_71' title='bbox 499 509 575 537; x_wconf 86' lang='grc' dir='ltr'>εἷπον</span> <span class='ocrx_word' id='word_1_72' title='bbox 586 511 769 547; x_wconf 76' lang='grc' dir='ltr'><strong>εὐχαριστεῖν.</strong></span> <span class='ocrx_word' id='word_1_73' title='bbox 788 513 881 548; x_wconf 79' lang='grc' dir='ltr'>ᾝδειν</span> 
     </span>
    </p>
   </div>
   <div class='ocr_carea' id='block_1_12' title="bbox 95 556 866 593">
    <p class='ocr_par' dir='ltr' id='par_1_12' title="bbox 95 556 866 593">
     <span class='ocr_line' id='line_1_12' title="bbox 95 556 866 593; baseline 0.001 -9"><span class='ocrx_word' id='word_1_74' title='bbox 95 558 145 592; x_wconf 74' lang='grc' dir='ltr'><strong>γὰρ</strong></span> <span class='ocrx_word' id='word_1_75' title='bbox 159 557 197 584; x_wconf 76' lang='grc' dir='ltr'><strong>ὅτι</strong></span> <span class='ocrx_word' id='word_1_76' title='bbox 211 556 326 584; x_wconf 81' lang='grc' dir='ltr'>πάντοτέ</span> <span class='ocrx_word' id='word_1_77' title='bbox 344 566 393 592; x_wconf 86' lang='grc' dir='ltr'>μου</span> <span class='ocrx_word' id='word_1_78' title='bbox 406 556 525 589; x_wconf 77' lang='grc' dir='ltr'><strong>ἀκούεις.</strong></span> <span class='ocrx_word' id='word_1_79' title='bbox 538 557 574 583; x_wconf 78' lang='grc' dir='ltr'><strong>Οὐ</strong></span> <span class='ocrx_word' id='word_1_80' title='bbox 591 557 645 592; x_wconf 77' lang='grc' dir='ltr'><strong>γάρ</strong></span> <span class='ocrx_word' id='word_1_81' title='bbox 661 558 720 584; x_wconf 76' lang='grc' dir='ltr'>ἐστι</span> <span class='ocrx_word' id='word_1_82' title='bbox 736 558 805 593; x_wconf 77' lang='grc' dir='ltr'>πρὸς</span> <span class='ocrx_word' id='word_1_83' title='bbox 818 559 866 585; x_wconf 78' lang='grc' dir='ltr'><strong>ὲαυ</strong></span> 
     </span>
    </p>
   </div>
   <div class='ocr_carea' id='block_1_13' title="bbox 96 601 882 638">
    <p class='ocr_par' dir='ltr' id='par_1_13' title="bbox 96 601 882 638">
     <span class='ocr_line' id='line_1_13' title="bbox 96 601 882 638; baseline 0.003 -10"><span class='ocrx_word' id='word_1_84' title='bbox 96 603 140 637; x_wconf 80' lang='grc' dir='ltr'>τὴν</span> <span class='ocrx_word' id='word_1_85' title='bbox 153 602 267 637; x_wconf 78' lang='grc' dir='ltr'><strong>ἀπειθὴς</strong></span> <span class='ocrx_word' id='word_1_86' title='bbox 285 603 302 637; x_wconf 81' lang='grc' dir='ltr'>ἡ</span> <span class='ocrx_word' id='word_1_87' title='bbox 322 603 370 637; x_wconf 82' lang='grc' dir='ltr'><strong>μία</strong></span> <span class='ocrx_word' id='word_1_88' title='bbox 382 602 432 637; x_wconf 85' lang='grc' dir='ltr'><strong>τῆς</strong></span> <span class='ocrx_word' id='word_1_89' title='bbox 449 602 575 637; x_wconf 71' lang='grc' dir='ltr'>θεότητος</span> <span class='ocrx_word' id='word_1_90' title='bbox 590 602 687 637; x_wconf 81' lang='grc' dir='ltr'><strong>φύσις,</strong></span> <span class='ocrx_word' id='word_1_91' title='bbox 712 603 826 638; x_wconf 71' lang='grc' dir='ltr'>ἐπείπερ</span> <span class='ocrx_word' id='word_1_92' title='bbox 842 601 882 635; x_wconf 76' lang='grc' dir='ltr'><strong>εἷς</strong></span> 
     </span>
    </p>
   </div>
   <div class='ocr_carea' id='block_1_14' title="bbox 96 647 882 684">
    <p class='ocr_par' dir='ltr' id='par_1_14' title="bbox 96 647 882 684">
     <span class='ocr_line' id='line_1_14' title="bbox 96 647 882 684; baseline 0 -9"><span class='ocrx_word' id='word_1_93' title='bbox 96 649 164 675; x_wconf 69' lang='grc' dir='ltr'>ἐστιν</span> <span class='ocrx_word' id='word_1_94' title='bbox 179 650 192 675; x_wconf 82' lang='grc' dir='ltr'><strong>ὁ</strong></span> <span class='ocrx_word' id='word_1_95' title='bbox 206 648 256 683; x_wconf 79' lang='grc' dir='ltr'><strong>τῆς</strong></span> <span class='ocrx_word' id='word_1_96' title='bbox 274 649 388 684; x_wconf 78' lang='grc' dir='ltr'>Τριάδος</span> <span class='ocrx_word' id='word_1_97' title='bbox 401 647 473 680; x_wconf 77' lang='grc' dir='ltr'><strong>νοῦς,</strong></span> <span class='ocrx_word' id='word_1_98' title='bbox 490 648 596 683; x_wconf 79' lang='grc' dir='ltr'>Πατρὸς</span> <span class='ocrx_word' id='word_1_99' title='bbox 607 668 614 680; x_wconf 92' lang='grc'>,</span> <span class='ocrx_word' id='word_1_100' title='bbox 637 648 703 675; x_wconf 85' lang='grc' dir='ltr'><strong>Υἱοῦ</strong></span> <span class='ocrx_word' id='word_1_101' title='bbox 715 669 722 681; x_wconf 80' lang='grc'><em>,</em></span> <span class='ocrx_word' id='word_1_102' title='bbox 741 649 789 675; x_wconf 77' lang='grc' dir='ltr'>καὶ</span> <span class='ocrx_word' id='word_1_103' title='bbox 802 649 882 675; x_wconf 80' lang='grc' dir='ltr'><strong>Πνεύ-</strong></span> 
     </span>
    </p>
   </div>
   <div class='ocr_carea' id='block_1_15' title="bbox 98 692 882 730">
    <p class='ocr_par' dir='ltr' id='par_1_15' title="bbox 98 692 882 730">
     <span class='ocr_line' id='line_1_15' title="bbox 98 692 882 730; baseline -0.001 -9"><span class='ocrx_word' id='word_1_104' title='bbox 98 701 185 730; x_wconf 73' lang='grc' dir='ltr'>ματος,</span> <span class='ocrx_word' id='word_1_105' title='bbox 204 693 290 726; x_wconf 76' lang='grc' dir='ltr'><strong>Εὶόὼς</strong></span> <span class='ocrx_word' id='word_1_106' title='bbox 306 692 370 724; x_wconf 78' lang='grc' dir='ltr'><strong>οὖν,</strong></span> <span class='ocrx_word' id='word_1_107' title='bbox 386 694 486 728; x_wconf 65' lang='grc' dir='ltr'>φησιν,</span> <span class='ocrx_word' id='word_1_108' title='bbox 501 694 542 720; x_wconf 80' lang='grc' dir='ltr'>ὅτι</span> <span class='ocrx_word' id='word_1_109' title='bbox 561 694 611 729; x_wconf 78' lang='grc' dir='ltr'>μία</span> <span class='ocrx_word' id='word_1_110' title='bbox 625 694 702 729; x_wconf 83' lang='grc' dir='ltr'>ἡμῶν</span> <span class='ocrx_word' id='word_1_111' title='bbox 718 695 734 729; x_wconf 87' lang='grc' dir='ltr'><strong>ή</strong></span> <span class='ocrx_word' id='word_1_112' title='bbox 755 694 882 730; x_wconf 80' lang='grc' dir='ltr'><strong>βούλησις</strong></span> 
     </span>
    </p>
   </div>
   <div class='ocr_carea' id='block_1_16' title="bbox 97 739 882 776">
    <p class='ocr_par' dir='ltr' id='par_1_16' title="bbox 97 739 882 776">
     <span class='ocr_line' id='line_1_16' title="bbox 97 739 882 776; baseline 0.001 -10"><span class='ocrx_word' id='word_1_113' title='bbox 97 740 140 767; x_wconf 70' lang='grc' dir='ltr'>καὶ</span> <span class='ocrx_word' id='word_1_114' title='bbox 150 740 178 766; x_wconf 83' lang='grc' dir='ltr'><strong>ἓν</strong></span> <span class='ocrx_word' id='word_1_115' title='bbox 191 739 221 766; x_wconf 73' lang='grc' dir='ltr'><strong>τὸ</strong></span> <span class='ocrx_word' id='word_1_116' title='bbox 234 739 340 774; x_wconf 80' lang='grc' dir='ltr'>θέλημα</span> <span class='ocrx_word' id='word_1_117' title='bbox 350 760 356 771; x_wconf 84' lang='grc'><em>,</em></span> <span class='ocrx_word' id='word_1_118' title='bbox 382 739 425 766; x_wconf 78' lang='grc' dir='ltr'>διὰ</span> <span class='ocrx_word' id='word_1_119' title='bbox 441 740 486 766; x_wconf 79' lang='grc' dir='ltr'>τὸν</span> <span class='ocrx_word' id='word_1_120' title='bbox 501 739 579 775; x_wconf 52' lang='lat' dir='ltr'><strong>ex)”;</strong></span> <span class='ocrx_word' id='word_1_121' title='bbox 590 739 675 766; x_wconf 83' lang='grc' dir='ltr'>ταῦτα</span> <span class='ocrx_word' id='word_1_122' title='bbox 691 740 768 776; x_wconf 76' lang='grc' dir='ltr'>ἔφην.</span> <span class='ocrx_word' id='word_1_123' title='bbox 790 741 882 767; x_wconf 74' lang='grc' dir='ltr'>Ταῦτα</span> 
     </span>
    </p>
   </div>
   <div class='ocr_carea' id='block_1_17' title="bbox 96 785 882 823">
    <p class='ocr_par' dir='ltr' id='par_1_17' title="bbox 96 785 882 823">
     <span class='ocr_line' id='line_1_17' title="bbox 96 785 882 823; baseline 0.003 -11"><span class='ocrx_word' id='word_1_124' title='bbox 96 786 122 813; x_wconf 80' lang='grc' dir='ltr'>δὲ</span> <span class='ocrx_word' id='word_1_125' title='bbox 135 788 147 812; x_wconf 88' lang='grc' dir='ltr'><strong>ό</strong></span> <span class='ocrx_word' id='word_1_126' title='bbox 161 785 278 820; x_wconf 70' lang='grc' dir='ltr'>Χριστος</span> <span class='ocrx_word' id='word_1_127' title='bbox 295 786 369 820; x_wconf 75' lang='grc' dir='ltr'>λέγει</span> <span class='ocrx_word' id='word_1_128' title='bbox 381 785 423 812; x_wconf 70' lang='grc' dir='ltr'><strong>διὰ</strong></span> <span class='ocrx_word' id='word_1_129' title='bbox 432 787 493 817; x_wconf 70' lang='grc' dir='ltr'>τοὺς</span> <span class='ocrx_word' id='word_1_130' title='bbox 514 786 667 818; x_wconf 74' lang='grc' dir='ltr'><strong>Ἰουδαίους,</strong></span> <span class='ocrx_word' id='word_1_131' title='bbox 685 786 724 822; x_wconf 80' lang='grc' dir='ltr'><strong>τῷ</strong></span> <span class='ocrx_word' id='word_1_132' title='bbox 739 787 826 823; x_wconf 76' lang='grc' dir='ltr'>Πατρὶ</span> <span class='ocrx_word' id='word_1_133' title='bbox 837 787 882 814; x_wconf 85' lang='grc' dir='ltr'><strong>εὑ-</strong></span> 
     </span>
    </p>
   </div>
   <div class='ocr_carea' id='block_1_18' title="bbox 97 829 880 868">
    <p class='ocr_par' dir='ltr' id='par_1_18' title="bbox 97 829 880 868">
     <span class='ocr_line' id='line_1_18' title="bbox 97 829 880 868; baseline 0.001 -11"><span class='ocrx_word' id='word_1_134' title='bbox 97 831 237 866; x_wconf 69' lang='grc' dir='ltr'>χαριστῶν,</span> <span class='ocrx_word' id='word_1_135' title='bbox 255 830 356 857; x_wconf 70' lang='grc' dir='ltr'><strong>ὡσανεὶ</strong></span> <span class='ocrx_word' id='word_1_136' title='bbox 378 830 410 857; x_wconf 74' lang='grc' dir='ltr'><strong>δι’</strong></span> <span class='ocrx_word' id='word_1_137' title='bbox 426 829 508 857; x_wconf 74' lang='grc' dir='ltr'>αὑτοῦ</span> <span class='ocrx_word' id='word_1_138' title='bbox 533 831 652 866; x_wconf 77' lang='grc' dir='ltr'><strong>ἐνεργῶν</strong></span> <span class='ocrx_word' id='word_1_139' title='bbox 669 831 704 858; x_wconf 77' lang='grc' dir='ltr'>τὰ</span> <span class='ocrx_word' id='word_1_140' title='bbox 730 832 880 868; x_wconf 74' lang='grc' dir='ltr'><strong>θεοπρεπῆ,</strong></span> 
     </span>
    </p>
   </div>
   <div class='ocr_carea' id='block_1_19' title="bbox 98 876 883 914">
    <p class='ocr_par' dir='ltr' id='par_1_19' title="bbox 98 876 883 914">
     <span class='ocr_line' id='line_1_19' title="bbox 98 876 883 914; baseline 0.003 -12"><span class='ocrx_word' id='word_1_141' title='bbox 98 877 138 903; x_wconf 71' lang='grc' dir='ltr'>ἵνα</span> <span class='ocrx_word' id='word_1_142' title='bbox 159 877 257 912; x_wconf 77' lang='grc' dir='ltr'><strong>μηκέτι</strong></span> <span class='ocrx_word' id='word_1_143' title='bbox 275 876 388 903; x_wconf 75' lang='grc' dir='ltr'><strong>εἴπωσιν</strong></span> <span class='ocrx_word' id='word_1_144' title='bbox 409 877 450 903; x_wconf 86' lang='grc' dir='ltr'>ὃτι</span> <span class='ocrx_word' id='word_1_145' title='bbox 467 877 494 903; x_wconf 80' lang='grc' dir='ltr'>ὲν</span> <span class='ocrx_word' id='word_1_146' title='bbox 513 877 678 909; x_wconf 78' lang='grc' dir='ltr'><strong>Βεελζεῦοὺλ</strong></span> <span class='ocrx_word' id='word_1_147' title='bbox 695 879 766 904; x_wconf 81' lang='grc' dir='ltr'>ποιεῖ</span> <span class='ocrx_word' id='word_1_148' title='bbox 786 878 820 904; x_wconf 79' lang='grc' dir='ltr'>τὰ</span> <span class='ocrx_word' id='word_1_149' title='bbox 835 887 883 914; x_wconf 68' lang='lat' dir='ltr'><strong>cr;-</strong></span> 
     </span>
    </p>
   </div>
   <div class='ocr_carea' id='block_1_20' title="bbox 100 922 881 959">
    <p class='ocr_par' dir='ltr' id='par_1_20' title="bbox 100 922 881 959">
     <span class='ocr_line' id='line_1_20' title="bbox 100 922 881 959; baseline 0.003 -11"><span class='ocrx_word' id='word_1_150' title='bbox 100 924 174 958; x_wconf 67' lang='grc' dir='ltr'>μεῖον</span> <span class='ocrx_word' id='word_1_151' title='bbox 192 923 365 956; x_wconf 77' lang='grc' dir='ltr'>ἀπολογεῖται</span> <span class='ocrx_word' id='word_1_152' title='bbox 386 923 414 948; x_wconf 83' lang='grc' dir='ltr'>δὲ</span> <span class='ocrx_word' id='word_1_153' title='bbox 430 922 477 949; x_wconf 67' lang='grc' dir='ltr'>καὶ</span> <span class='ocrx_word' id='word_1_154' title='bbox 492 922 536 949; x_wconf 79' lang='grc' dir='ltr'><strong>διὰ</strong></span> <span class='ocrx_word' id='word_1_155' title='bbox 550 922 580 949; x_wconf 86' lang='grc' dir='ltr'><strong>τδ</strong></span> <span class='ocrx_word' id='word_1_156' title='bbox 593 924 685 959; x_wconf 80' lang='grc' dir='ltr'>σχῆμα</span> <span class='ocrx_word' id='word_1_157' title='bbox 701 924 750 958; x_wconf 75' lang='grc' dir='ltr'><strong>τῆς</strong></span> <span class='ocrx_word' id='word_1_158' title='bbox 765 933 881 959; x_wconf 78' lang='grc' dir='ltr'>προσευ-</span> 
     </span>
    </p>
   </div>
   <div class='ocr_carea' id='block_1_21' title="bbox 99 968 880 1004">
    <p class='ocr_par' dir='ltr' id='par_1_21' title="bbox 99 968 880 1004">
     <span class='ocr_line' id='line_1_21' title="bbox 99 968 880 1004; baseline 0.003 -10"><span class='ocrx_word' id='word_1_159' title='bbox 99 971 144 1004; x_wconf 83' lang='grc' dir='ltr'>χῆς</span> <span class='ocrx_word' id='word_1_160' title='bbox 154 990 160 1001; x_wconf 83' lang='grc'>,</span> <span class='ocrx_word' id='word_1_161' title='bbox 183 968 227 995; x_wconf 79' lang='grc' dir='ltr'>ἵνα</span> <span class='ocrx_word' id='word_1_162' title='bbox 247 969 286 1004; x_wconf 82' lang='grc' dir='ltr'>μὴ</span> <span class='ocrx_word' id='word_1_163' title='bbox 303 968 540 1003; x_wconf 79' lang='grc' dir='ltr'>σκανδαλισϐὦμεν</span> <span class='ocrx_word' id='word_1_164' title='bbox 555 969 649 1004; x_wconf 79' lang='grc' dir='ltr'><strong>ἡμεῖς,</strong></span> <span class='ocrx_word' id='word_1_165' title='bbox 674 969 758 996; x_wconf 86' lang='grc' dir='ltr'>εἰπὼν</span> <span class='ocrx_word' id='word_1_166' title='bbox 772 970 818 996; x_wconf 82' lang='grc' dir='ltr'><strong>ὅτι·</strong></span> <span class='ocrx_word' id='word_1_167' title='bbox 828 971 880 997; x_wconf 89' lang='grc' dir='ltr'><strong>Διὰ</strong></span> 
     </span>
    </p>
   </div>
   <div class='ocr_carea' id='block_1_22' title="bbox 98 1013 878 1049">
    <p class='ocr_par' dir='ltr' id='par_1_22' title="bbox 98 1013 878 1049">
     <span class='ocr_line' id='line_1_22' title="bbox 98 1013 878 1049; baseline 0.001 -9"><span class='ocrx_word' id='word_1_168' title='bbox 98 1015 141 1040; x_wconf 60' lang='grc' dir='ltr'>τὸν</span> <span class='ocrx_word' id='word_1_169' title='bbox 150 1014 225 1049; x_wconf 82' lang='grc' dir='ltr'>ὂχλον</span> <span class='ocrx_word' id='word_1_170' title='bbox 235 1013 314 1040; x_wconf 75' lang='grc' dir='ltr'>τοῦτο</span> <span class='ocrx_word' id='word_1_171' title='bbox 322 1014 445 1049; x_wconf 79' lang='grc' dir='ltr'>ἐποίησα.</span> <span class='ocrx_word' id='word_1_172' title='bbox 458 1014 512 1040; x_wconf 71' lang='grc' dir='ltr'><strong>Καὶ</strong></span> <span class='ocrx_word' id='word_1_173' title='bbox 522 1013 562 1046; x_wconf 85' lang='grc' dir='ltr'><strong>τὸ,</strong></span> <span class='ocrx_word' id='word_1_174' title='bbox 577 1024 585 1039; x_wconf 75' lang='grc' dir='ltr'><strong>ι</strong></span> <span class='ocrx_word' id='word_1_175' title='bbox 597 1014 632 1040; x_wconf 83' lang='grc' dir='ltr'><strong>Σύ</strong></span> <span class='ocrx_word' id='word_1_176' title='bbox 647 1023 680 1049; x_wconf 88' lang='grc' dir='ltr'>με</span> <span class='ocrx_word' id='word_1_177' title='bbox 689 1014 862 1046; x_wconf 75' lang='grc' dir='ltr'><strong>ἀπέστειλας,</strong></span> <span class='ocrx_word' id='word_1_178' title='bbox 870 1025 878 1040; x_wconf 77' lang='grc' dir='ltr'><strong>ι</strong></span> 
     </span>
    </p>
   </div>
   <div class='ocr_carea' id='block_1_23' title="bbox 99 1059 882 1095">
    <p class='ocr_par' dir='ltr' id='par_1_23' title="bbox 99 1059 882 1095">
     <span class='ocr_line' id='line_1_23' title="bbox 99 1059 882 1095; baseline 0.001 -9"><span class='ocrx_word' id='word_1_179' title='bbox 99 1061 138 1087; x_wconf 70' lang='grc' dir='ltr'>διὰ</span> <span class='ocrx_word' id='word_1_180' title='bbox 149 1061 194 1092; x_wconf 74' lang='grc' dir='ltr'>τὰς</span> <span class='ocrx_word' id='word_1_181' title='bbox 215 1060 364 1091; x_wconf 69' lang='grc' dir='ltr'>Ίουδαῖκὰς</span> <span class='ocrx_word' id='word_1_182' title='bbox 384 1060 511 1090; x_wconf 73' lang='grc' dir='ltr'>ὑπονοίας</span> <span class='ocrx_word' id='word_1_183' title='bbox 533 1059 624 1094; x_wconf 62' lang='grc' dir='ltr'>φησίν.</span> <span class='ocrx_word' id='word_1_184' title='bbox 652 1060 731 1086; x_wconf 81' lang='grc' dir='ltr'>’Ἥκω</span> <span class='ocrx_word' id='word_1_185' title='bbox 754 1060 808 1095; x_wconf 75' lang='grc' dir='ltr'><strong>γὰρ</strong></span> <span class='ocrx_word' id='word_1_186' title='bbox 832 1061 882 1087; x_wconf 71' lang='grc' dir='ltr'>οὐκ</span> 
     </span>
    </p>
   </div>
   <div class='ocr_carea' id='block_1_24' title="bbox 99 1105 882 1142">
    <p class='ocr_par' dir='ltr' id='par_1_24' title="bbox 99 1105 882 1142">
     <span class='ocr_line' id='line_1_24' title="bbox 99 1105 882 1142; baseline -0.001 -9"><span class='ocrx_word' id='word_1_187' title='bbox 99 1108 141 1135; x_wconf 78' lang='grc' dir='ltr'><strong>ἀπ’</strong></span> <span class='ocrx_word' id='word_1_188' title='bbox 153 1106 280 1141; x_wconf 75' lang='grc' dir='ltr'><strong>ἐμαυτοῦ,</strong></span> <span class='ocrx_word' id='word_1_189' title='bbox 294 1106 331 1138; x_wconf 81' lang='grc' dir='ltr'><strong>ὡς</strong></span> <span class='ocrx_word' id='word_1_190' title='bbox 345 1106 370 1132; x_wconf 79' lang='grc' dir='ltr'>οἱ</span> <span class='ocrx_word' id='word_1_191' title='bbox 386 1105 610 1141; x_wconf 70' lang='grc' dir='ltr'><strong>ψευδοπροφῆται</strong></span> <span class='ocrx_word' id='word_1_192' title='bbox 623 1106 660 1141; x_wconf 84' lang='grc'><strong>(1)</strong></span> <span class='ocrx_word' id='word_1_193' title='bbox 672 1114 679 1120; x_wconf 85' lang='lat'><strong>&#39;</strong></span> <span class='ocrx_word' id='word_1_194' title='bbox 703 1106 760 1132; x_wconf 81' lang='grc' dir='ltr'><strong>ἀλλ’</strong></span> <span class='ocrx_word' id='word_1_195' title='bbox 774 1107 882 1142; x_wconf 70' lang='grc' dir='ltr'>εὐδοκίᾳ</span> 
     </span>
    </p>
   </div>
   <div class='ocr_carea' id='block_1_25' title="bbox 100 1152 881 1188">
    <p class='ocr_par' dir='ltr' id='par_1_25' title="bbox 100 1152 881 1188">
     <span class='ocr_line' id='line_1_25' title="bbox 100 1152 881 1188; baseline 0.003 -10"><span class='ocrx_word' id='word_1_196' title='bbox 100 1155 130 1188; x_wconf 83' lang='grc' dir='ltr'><strong>σῇ</strong></span> <span class='ocrx_word' id='word_1_197' title='bbox 150 1154 194 1179; x_wconf 76' lang='grc' dir='ltr'>καὶ</span> <span class='ocrx_word' id='word_1_198' title='bbox 216 1152 325 1187; x_wconf 79' lang='grc' dir='ltr'>θελήσει</span> <span class='ocrx_word' id='word_1_199' title='bbox 357 1152 472 1187; x_wconf 75' lang='grc' dir='ltr'><strong>ἐμαυτὸν</strong></span> <span class='ocrx_word' id='word_1_200' title='bbox 494 1152 632 1184; x_wconf 80' lang='grc' dir='ltr'><strong>ὲκὲνωσα,</strong></span> <span class='ocrx_word' id='word_1_201' title='bbox 658 1153 764 1188; x_wconf 77' lang='grc' dir='ltr'>μορφὴν</span> <span class='ocrx_word' id='word_1_202' title='bbox 790 1154 881 1180; x_wconf 74' lang='grc' dir='ltr'>δούλου</span> 
     </span>
    </p>
   </div>
   <div class='ocr_carea' id='block_1_26' title="bbox 99 1198 883 1235">
    <p class='ocr_par' dir='ltr' id='par_1_26' title="bbox 99 1198 883 1235">
     <span class='ocr_line' id='line_1_26' title="bbox 99 1198 883 1235; baseline 0 -9"><span class='ocrx_word' id='word_1_203' title='bbox 99 1199 193 1230; x_wconf 70' lang='grc' dir='ltr'><strong>λαϐὼν,</strong></span> <span class='ocrx_word' id='word_1_204' title='bbox 209 1200 253 1226; x_wconf 79' lang='grc' dir='ltr'>ἵνα</span> <span class='ocrx_word' id='word_1_205' title='bbox 266 1199 346 1226; x_wconf 78' lang='grc' dir='ltr'>πάλιν</span> <span class='ocrx_word' id='word_1_206' title='bbox 357 1198 523 1234; x_wconf 70' lang='grc' dir='ltr'><strong>κατορθώσω</strong></span> <span class='ocrx_word' id='word_1_207' title='bbox 538 1199 587 1234; x_wconf 85' lang='grc' dir='ltr'><strong>τὴν</strong></span> <span class='ocrx_word' id='word_1_208' title='bbox 607 1198 690 1235; x_wconf 80' lang='grc' dir='ltr'>ζωήν.</span> <span class='ocrx_word' id='word_1_209' title='bbox 706 1200 883 1235; x_wconf 73' lang='grc' dir='ltr'><strong>Οἰκονομικὸς</strong></span> 
     </span>
    </p>
   </div>
   <div class='ocr_carea' id='block_1_27' title="bbox 99 1244 883 1282">
    <p class='ocr_par' dir='ltr' id='par_1_27' title="bbox 99 1244 883 1282">
     <span class='ocr_line' id='line_1_27' title="bbox 99 1244 883 1282; baseline -0.001 -9"><span class='ocrx_word' id='word_1_210' title='bbox 99 1244 141 1273; x_wconf 66' lang='grc' dir='ltr'>οὖν</span> <span class='ocrx_word' id='word_1_211' title='bbox 157 1246 204 1280; x_wconf 75' lang='grc' dir='ltr'><strong>τῆς</strong></span> <span class='ocrx_word' id='word_1_212' title='bbox 224 1245 380 1281; x_wconf 77' lang='grc' dir='ltr'>προσευχῆς</span> <span class='ocrx_word' id='word_1_213' title='bbox 401 1247 414 1272; x_wconf 87' lang='grc' dir='ltr'>ὀ</span> <span class='ocrx_word' id='word_1_214' title='bbox 434 1245 546 1280; x_wconf 71' lang='grc' dir='ltr'>τρόπος,</span> <span class='ocrx_word' id='word_1_215' title='bbox 563 1244 612 1271; x_wconf 72' lang='grc' dir='ltr'>καὶ</span> <span class='ocrx_word' id='word_1_216' title='bbox 628 1246 747 1280; x_wconf 81' lang='grc' dir='ltr'>σχήματι</span> <span class='ocrx_word' id='word_1_217' title='bbox 771 1246 883 1282; x_wconf 80' lang='grc' dir='ltr'>πρέπων</span> 
     </span>
    </p>
   </div>
   <div class='ocr_carea' id='block_1_28' title="bbox 99 1291 884 1327">
    <p class='ocr_par' dir='ltr' id='par_1_28' title="bbox 99 1291 884 1327">
     <span class='ocr_line' id='line_1_28' title="bbox 99 1291 884 1327; baseline -0.001 -9"><span class='ocrx_word' id='word_1_218' title='bbox 99 1292 135 1327; x_wconf 85' lang='grc' dir='ltr'>τῷ</span> <span class='ocrx_word' id='word_1_219' title='bbox 151 1292 216 1327; x_wconf 67' lang='grc' dir='ltr'>μετὰ</span> <span class='ocrx_word' id='word_1_220' title='bbox 236 1292 337 1327; x_wconf 69' lang='grc' dir='ltr'>σαρκὸς</span> <span class='ocrx_word' id='word_1_221' title='bbox 347 1311 355 1323; x_wconf 83' lang='grc'><em>,</em></span> <span class='ocrx_word' id='word_1_222' title='bbox 368 1291 427 1326; x_wconf 81' lang='grc' dir='ltr'>οὐχὶ</span> <span class='ocrx_word' id='word_1_223' title='bbox 441 1293 474 1326; x_wconf 84' lang='grc' dir='ltr'><strong>τῇ</strong></span> <span class='ocrx_word' id='word_1_224' title='bbox 488 1292 538 1326; x_wconf 84' lang='grc' dir='ltr'><strong>τῆς</strong></span> <span class='ocrx_word' id='word_1_225' title='bbox 555 1291 681 1326; x_wconf 82' lang='grc' dir='ltr'><strong>θεότητος</strong></span> <span class='ocrx_word' id='word_1_226' title='bbox 694 1292 816 1327; x_wconf 75' lang='grc' dir='ltr'><strong>ὑπεροχῇ</strong></span> <span class='ocrx_word' id='word_1_227' title='bbox 837 1292 884 1318; x_wconf 77' lang='grc' dir='ltr'>καὶ</span> 
     </span>
    </p>
   </div>
   <div class='ocr_carea' id='block_1_29' title="bbox 898 910 919 936">
    <p class='ocr_par' dir='ltr' id='par_1_29' title="bbox 898 910 919 936">
     <span class='ocr_line' id='line_1_29' title="bbox 898 910 919 936; baseline 0 0"><span class='ocrx_word' id='word_1_228' title='bbox 898 910 919 936; x_wconf 80' lang='grc' dir='ltr'><strong>Β</strong></span> 
     </span>
    </p>
   </div>
   <div class='ocr_carea' id='block_1_30' title="bbox 102 1336 906 1373">
    <p class='ocr_par' dir='ltr' id='par_1_30' title="bbox 102 1336 906 1373">
     <span class='ocr_line' id='line_1_30' title="bbox 102 1336 906 1373; baseline -0.002 -9"><span class='ocrx_word' id='word_1_229' title='bbox 102 1338 254 1373; x_wconf 71' lang='grc' dir='ltr'>ἀτυγκρίτῳ</span> <span class='ocrx_word' id='word_1_230' title='bbox 273 1337 455 1373; x_wconf 76' lang='grc' dir='ltr'><strong>λαμπρότητι.</strong></span> <span class='ocrx_word' id='word_1_231' title='bbox 473 1337 510 1363; x_wconf 80' lang='grc' dir='ltr'><strong>Τὸ</strong></span> <span class='ocrx_word' id='word_1_232' title='bbox 531 1337 586 1372; x_wconf 85' lang='grc' dir='ltr'><strong>γὰρ</strong></span> <span class='ocrx_word' id='word_1_233' title='bbox 609 1336 677 1368; x_wconf 83' lang='grc' dir='ltr'>ὅλως</span> <span class='ocrx_word' id='word_1_234' title='bbox 703 1337 812 1372; x_wconf 77' lang='grc' dir='ltr'>αἰτῆσαι</span> <span class='ocrx_word' id='word_1_235' title='bbox 837 1339 884 1365; x_wconf 73' lang='grc' dir='ltr'>καὶ</span> <span class='ocrx_word' id='word_1_236' title='bbox 903 1356 906 1362; x_wconf 90' lang='grc'><strong>.</strong></span> 
     </span>
    </p>
   </div>
   <div class='ocr_carea' id='block_1_31' title="bbox 100 1382 884 1418">
    <p class='ocr_par' dir='ltr' id='par_1_31' title="bbox 100 1382 884 1418">
     <span class='ocr_line' id='line_1_31' title="bbox 100 1382 884 1418; baseline -0.001 -9"><span class='ocrx_word' id='word_1_237' title='bbox 100 1383 185 1410; x_wconf 74' lang='grc' dir='ltr'>λαϐεῖν</span> <span class='ocrx_word' id='word_1_238' title='bbox 197 1404 204 1415; x_wconf 88' lang='grc'>,</span> <span class='ocrx_word' id='word_1_239' title='bbox 226 1383 409 1418; x_wconf 78' lang='grc' dir='ltr'>δουλοπρεπὲς</span> <span class='ocrx_word' id='word_1_240' title='bbox 426 1382 458 1409; x_wconf 82' lang='grc' dir='ltr'>διν</span> <span class='ocrx_word' id='word_1_241' title='bbox 480 1382 522 1417; x_wconf 85' lang='grc' dir='ltr'><strong>εἴη</strong></span> <span class='ocrx_word' id='word_1_242' title='bbox 542 1382 642 1417; x_wconf 78' lang='grc' dir='ltr'>μᾶλλον</span> <span class='ocrx_word' id='word_1_243' title='bbox 654 1403 661 1414; x_wconf 95' lang='grc'>,</span> <span class='ocrx_word' id='word_1_244' title='bbox 691 1383 739 1409; x_wconf 71' lang='grc' dir='ltr'>καὶ</span> <span class='ocrx_word' id='word_1_245' title='bbox 755 1382 794 1417; x_wconf 77' lang='grc' dir='ltr'>τῷ</span> <span class='ocrx_word' id='word_1_246' title='bbox 811 1382 884 1417; x_wconf 63' lang='grc' dir='ltr'>βατι-</span> 
     </span>
    </p>
   </div>
   <div class='ocr_carea' id='block_1_32' title="bbox 100 1427 884 1464">
    <p class='ocr_par' dir='ltr' id='par_1_32' title="bbox 100 1427 884 1464">
     <span class='ocr_line' id='line_1_32' title="bbox 100 1427 884 1464; baseline -0.003 -8"><span class='ocrx_word' id='word_1_247' title='bbox 100 1429 230 1464; x_wconf 80' lang='grc' dir='ltr'><strong>λευομένῳ</strong></span> <span class='ocrx_word' id='word_1_248' title='bbox 243 1428 460 1464; x_wconf 81' lang='grc' dir='ltr'>κατειθισμένον.</span> <span class='ocrx_word' id='word_1_249' title='bbox 475 1429 574 1464; x_wconf 80' lang='grc' dir='ltr'><strong>Δράσει</strong></span> <span class='ocrx_word' id='word_1_250' title='bbox 592 1437 624 1462; x_wconf 85' lang='grc' dir='ltr'>γε</span> <span class='ocrx_word' id='word_1_251' title='bbox 641 1427 693 1464; x_wconf 82' lang='grc' dir='ltr'>μὴν</span> <span class='ocrx_word' id='word_1_252' title='bbox 708 1428 884 1463; x_wconf 79' lang='grc' dir='ltr'>ἀνεγκλήτως</span> 
     </span>
    </p>
   </div>
   <div class='ocr_carea' id='block_1_33' title="bbox 101 1474 880 1510">
    <p class='ocr_par' dir='ltr' id='par_1_33' title="bbox 101 1474 880 1510">
     <span class='ocr_line' id='line_1_33' title="bbox 101 1474 880 1510; baseline 0 -9"><span class='ocrx_word' id='word_1_253' title='bbox 101 1476 143 1502; x_wconf 77' lang='grc' dir='ltr'>καὶ</span> <span class='ocrx_word' id='word_1_254' title='bbox 157 1475 232 1502; x_wconf 76' lang='grc' dir='ltr'>τοῦτο</span> <span class='ocrx_word' id='word_1_255' title='bbox 248 1475 366 1510; x_wconf 78' lang='grc' dir='ltr'>Χριστός</span> <span class='ocrx_word' id='word_1_256' title='bbox 376 1483 382 1489; x_wconf 93' lang='grc'><strong>·</strong></span> <span class='ocrx_word' id='word_1_257' title='bbox 398 1476 412 1501; x_wconf 91' lang='grc' dir='ltr'><strong>ό</strong></span> <span class='ocrx_word' id='word_1_258' title='bbox 427 1475 481 1510; x_wconf 79' lang='grc' dir='ltr'><strong>γὰρ</strong></span> <span class='ocrx_word' id='word_1_259' title='bbox 495 1474 638 1509; x_wconf 80' lang='grc' dir='ltr'>ἄνθρωπος</span> <span class='ocrx_word' id='word_1_260' title='bbox 651 1474 778 1508; x_wconf 78' lang='grc' dir='ltr'>γενέσθαι</span> <span class='ocrx_word' id='word_1_261' title='bbox 796 1482 880 1501; x_wconf 77' lang='grc' dir='ltr'>κατα-</span> 
     </span>
    </p>
   </div>
   <div class='ocr_carea' id='block_1_34' title="bbox 100 1519 881 1556">
    <p class='ocr_par' dir='ltr' id='par_1_34' title="bbox 100 1519 881 1556">
     <span class='ocr_line' id='line_1_34' title="bbox 100 1519 881 1556; baseline -0.001 -9"><span class='ocrx_word' id='word_1_262' title='bbox 100 1521 252 1556; x_wconf 79' lang='grc' dir='ltr'><strong>δεξάμενος,</strong></span> <span class='ocrx_word' id='word_1_263' title='bbox 270 1520 328 1552; x_wconf 79' lang='grc' dir='ltr'>πῶς</span> <span class='ocrx_word' id='word_1_264' title='bbox 338 1521 370 1547; x_wconf 79' lang='grc' dir='ltr'>ἂν</span> <span class='ocrx_word' id='word_1_265' title='bbox 387 1520 426 1547; x_wconf 74' lang='grc' dir='ltr'><strong>ἔτι</strong></span> <span class='ocrx_word' id='word_1_266' title='bbox 444 1521 645 1555; x_wconf 82' lang='grc' dir='ltr'>παραιτήσαιτο</span> <span class='ocrx_word' id='word_1_267' title='bbox 658 1519 692 1546; x_wconf 83' lang='grc' dir='ltr'><strong>τὰ</strong></span> <span class='ocrx_word' id='word_1_268' title='bbox 704 1519 861 1555; x_wconf 76' lang='grc' dir='ltr'>ἀνθρώπινα</span> <span class='ocrx_word' id='word_1_269' title='bbox 874 1529 881 1553; x_wconf 87' lang='grc'>;</span> 
     </span>
    </p>
   </div>
   <div class='ocr_carea' id='block_1_35' title="bbox 102 1565 1340 1600">
    <p class='ocr_par' dir='ltr' id='par_1_35' title="bbox 102 1565 1340 1600">
     <span class='ocr_line' id='line_1_35' title="bbox 102 1565 1340 1600; baseline 0.001 -7"><span class='ocrx_word' id='word_1_270' title='bbox 102 1567 231 1594; x_wconf 79' lang='lat' dir='ltr'><strong>obnoxius</strong></span> <span class='ocrx_word' id='word_1_271' title='bbox 255 1568 290 1594; x_wconf 84' lang='lat' dir='ltr'><strong>sit</strong></span> <span class='ocrx_word' id='word_1_272' title='bbox 309 1571 482 1594; x_wconf 87' lang='lat' dir='ltr'><strong>consuetum.</strong></span> <span class='ocrx_word' id='word_1_273' title='bbox 506 1565 560 1594; x_wconf 87' lang='lat' dir='ltr'><strong>Sed</strong></span> <span class='ocrx_word' id='word_1_274' title='bbox 582 1570 674 1592; x_wconf 89' lang='lat' dir='ltr'><strong>tamen</strong></span> <span class='ocrx_word' id='word_1_275' title='bbox 692 1566 762 1592; x_wconf 79' lang='lat' dir='ltr'><strong>citra</strong></span> <span class='ocrx_word' id='word_1_276' title='bbox 786 1566 1028 1600; x_wconf 81' lang='lat' dir='ltr'><strong>reprehensionem</strong></span> <span class='ocrx_word' id='word_1_277' title='bbox 1044 1567 1096 1594; x_wconf 90' lang='lat' dir='ltr'><strong>hoc</strong></span> <span class='ocrx_word' id='word_1_278' title='bbox 1111 1566 1193 1594; x_wconf 82' lang='lat' dir='ltr'><strong>faciet</strong></span> <span class='ocrx_word' id='word_1_279' title='bbox 1210 1566 1340 1595; x_wconf 87' lang='lat' dir='ltr'><strong>Christus</strong></span> 
     </span>
    </p>
   </div>
   <div class='ocr_carea' id='block_1_36' title="bbox 932 288 1717 325">
    <p class='ocr_par' dir='ltr' id='par_1_36' title="bbox 932 288 1717 325">
     <span class='ocr_line' id='line_1_36' title="bbox 932 288 1717 325; baseline 0.005 -11"><span class='ocrx_word' id='word_1_280' title='bbox 932 288 1102 316; x_wconf 82' lang='lat' dir='ltr'><strong>remissioni.</strong></span> <span class='ocrx_word' id='word_1_281' title='bbox 1120 288 1172 317; x_wconf 86' lang='lat' dir='ltr'><strong>Sed</strong></span> <span class='ocrx_word' id='word_1_282' title='bbox 1193 290 1265 317; x_wconf 90' lang='lat' dir='ltr'><strong>enim</strong></span> <span class='ocrx_word' id='word_1_283' title='bbox 1280 290 1383 324; x_wconf 77' lang='lat' dir='ltr'><strong>gratias</strong></span> <span class='ocrx_word' id='word_1_284' title='bbox 1399 290 1454 325; x_wconf 79' lang='lat' dir='ltr'><strong>agit</strong></span> <span class='ocrx_word' id='word_1_285' title='bbox 1472 289 1616 323; x_wconf 87' lang='lat' dir='ltr'><strong>Dominus,</strong></span> <span class='ocrx_word' id='word_1_286' title='bbox 1637 291 1717 325; x_wconf 84' lang='lat' dir='ltr'><strong>idque</strong></span> 
     </span>
    </p>
   </div>
   <div class='ocr_carea' id='block_1_37' title="bbox 933 327 1715 368">
    <p class='ocr_par' dir='ltr' id='par_1_37' title="bbox 933 327 1715 368">
     <span class='ocr_line' id='line_1_37' title="bbox 933 327 1715 368; baseline 0.004 -8"><span class='ocrx_word' id='word_1_287' title='bbox 933 334 966 361; x_wconf 88' lang='lat' dir='ltr'><strong>ad</strong></span> <span class='ocrx_word' id='word_1_288' title='bbox 983 334 1186 362; x_wconf 69' lang='lat' dir='ltr'><strong>institutionem</strong></span> <span class='ocrx_word' id='word_1_289' title='bbox 1209 340 1330 362; x_wconf 85' lang='lat' dir='ltr'><strong>nostram</strong></span> <span class='ocrx_word' id='word_1_290' title='bbox 1351 336 1426 368; x_wconf 84' lang='lat' dir='ltr'><strong>facit,</strong></span> <span class='ocrx_word' id='word_1_291' title='bbox 1444 335 1549 362; x_wconf 81' lang='lat' dir='ltr'><strong>Patrem</strong></span> <span class='ocrx_word' id='word_1_292' title='bbox 1568 327 1715 364; x_wconf 89' lang='lat' dir='ltr'><strong>honorans.</strong></span> 
     </span>
    </p>
   </div>
   <div class='ocr_carea' id='block_1_38' title="bbox 932 378 1716 416">
    <p class='ocr_par' dir='ltr' id='par_1_38' title="bbox 932 378 1716 416">
     <span class='ocr_line' id='line_1_38' title="bbox 932 378 1716 416; baseline 0.004 -11"><span class='ocrx_word' id='word_1_293' title='bbox 932 378 999 406; x_wconf 91' lang='lat' dir='ltr'><strong>Cum</strong></span> <span class='ocrx_word' id='word_1_294' title='bbox 1021 387 1086 407; x_wconf 87' lang='lat' dir='ltr'><strong>vero</strong></span> <span class='ocrx_word' id='word_1_295' title='bbox 1112 388 1160 415; x_wconf 83' lang='lat' dir='ltr'><strong>par</strong></span> <span class='ocrx_word' id='word_1_296' title='bbox 1184 381 1243 415; x_wconf 87' lang='lat' dir='ltr'><strong>pari</strong></span> <span class='ocrx_word' id='word_1_297' title='bbox 1261 382 1364 416; x_wconf 80' lang='lat' dir='ltr'><strong>gratias</strong></span> <span class='ocrx_word' id='word_1_298' title='bbox 1390 381 1457 416; x_wconf 80' lang='lat' dir='ltr'><strong>agit,</strong></span> <span class='ocrx_word' id='word_1_299' title='bbox 1475 389 1590 416; x_wconf 85' lang='lat' dir='ltr'><strong>prorsus</strong></span> <span class='ocrx_word' id='word_1_300' title='bbox 1613 382 1716 408; x_wconf 89' lang='lat' dir='ltr'><strong>nullam</strong></span> 
     </span>
    </p>
   </div>
   <div class='ocr_carea' id='block_1_39' title="bbox 932 425 1717 461">
    <p class='ocr_par' dir='ltr' id='par_1_39' title="bbox 932 425 1717 461">
     <span class='ocr_line' id='line_1_39' title="bbox 932 425 1717 461; baseline 0.001 -10"><span class='ocrx_word' id='word_1_301' title='bbox 932 425 1058 452; x_wconf 71' lang='lat' dir='ltr'><strong>essentia:</strong></span> <span class='ocrx_word' id='word_1_302' title='bbox 1082 425 1291 453; x_wconf 80' lang='lat' dir='ltr'><strong>diminutionem</strong></span> <span class='ocrx_word' id='word_1_303' title='bbox 1318 426 1368 453; x_wconf 90' lang='lat' dir='ltr'><strong>hoc</strong></span> <span class='ocrx_word' id='word_1_304' title='bbox 1392 426 1516 453; x_wconf 80' lang='lat' dir='ltr'><strong>includit.</strong></span> <span class='ocrx_word' id='word_1_305' title='bbox 1540 426 1609 459; x_wconf 89' lang='lat' dir='ltr'><strong>Quid</strong></span> <span class='ocrx_word' id='word_1_306' title='bbox 1635 426 1717 461; x_wconf 78' lang='lat' dir='ltr'><strong>igitur</strong></span> 
     </span>
    </p>
   </div>
   <div class='ocr_carea' id='block_1_40' title="bbox 933 471 1718 506">
    <p class='ocr_par' dir='ltr' id='par_1_40' title="bbox 933 471 1718 506">
     <span class='ocr_line' id='line_1_40' title="bbox 933 471 1718 506; baseline 0.003 -9"><span class='ocrx_word' id='word_1_307' title='bbox 933 471 1052 498; x_wconf 78' lang='lat' dir='ltr'><strong>indicat?</strong></span> <span class='ocrx_word' id='word_1_308' title='bbox 1062 471 1133 506; x_wconf 85' lang='lat' dir='ltr'><strong>quod</strong></span> <span class='ocrx_word' id='word_1_309' title='bbox 1152 475 1260 506; x_wconf 89' lang='lat' dir='ltr'><strong>propter</strong></span> <span class='ocrx_word' id='word_1_310' title='bbox 1275 472 1384 499; x_wconf 91' lang='lat' dir='ltr'><strong>turbam</strong></span> <span class='ocrx_word' id='word_1_311' title='bbox 1408 472 1467 500; x_wconf 62' lang='lat' dir='ltr'><strong>hiec</strong></span> <span class='ocrx_word' id='word_1_312' title='bbox 1479 472 1563 504; x_wconf 82' lang='lat' dir='ltr'><strong>dicat,</strong></span> <span class='ocrx_word' id='word_1_313' title='bbox 1576 472 1718 506; x_wconf 80' lang='lat' dir='ltr'><strong>fermeque</strong></span> 
     </span>
    </p>
   </div>
   <div class='ocr_carea' id='block_1_41' title="bbox 932 515 1718 552">
    <p class='ocr_par' dir='ltr' id='par_1_41' title="bbox 932 515 1718 552">
     <span class='ocr_line' id='line_1_41' title="bbox 932 515 1718 552; baseline 0.003 -11"><span class='ocrx_word' id='word_1_314' title='bbox 932 516 987 542; x_wconf 88' lang='lat' dir='ltr'><strong>ait:</strong></span> <span class='ocrx_word' id='word_1_315' title='bbox 1004 515 1135 543; x_wconf 75' lang='lat' dir='ltr'><strong>Simulavi</strong></span> <span class='ocrx_word' id='word_1_316' title='bbox 1156 517 1320 551; x_wconf 87' lang='lat' dir='ltr'><strong>precationis</strong></span> <span class='ocrx_word' id='word_1_317' title='bbox 1345 518 1477 552; x_wconf 82' lang='lat' dir='ltr'><strong>speciem,</strong></span> <span class='ocrx_word' id='word_1_318' title='bbox 1499 521 1526 544; x_wconf 87' lang='lat' dir='ltr'><strong>et</strong></span> <span class='ocrx_word' id='word_1_319' title='bbox 1548 518 1718 544; x_wconf 74' lang='lat' dir='ltr'><strong>mconomice</strong></span> 
     </span>
    </p>
   </div>
   <div class='ocr_carea' id='block_1_42' title="bbox 932 561 1715 598">
    <p class='ocr_par' dir='ltr' id='par_1_42' title="bbox 932 561 1715 598">
     <span class='ocr_line' id='line_1_42' title="bbox 932 561 1715 598; baseline 0.003 -11"><span class='ocrx_word' id='word_1_320' title='bbox 932 565 1014 596; x_wconf 85' lang='lat' dir='ltr'><strong>atque</strong></span> <span class='ocrx_word' id='word_1_321' title='bbox 1033 561 1066 588; x_wconf 86' lang='lat' dir='ltr'><strong>ad</strong></span> <span class='ocrx_word' id='word_1_322' title='bbox 1088 562 1221 590; x_wconf 90' lang='lat' dir='ltr'><strong>rationem</strong></span> <span class='ocrx_word' id='word_1_323' title='bbox 1240 563 1347 590; x_wconf 88' lang='lat' dir='ltr'><strong>ordinis</strong></span> <span class='ocrx_word' id='word_1_324' title='bbox 1362 563 1417 590; x_wconf 81' lang='lat' dir='ltr'><strong>dixi</strong></span> <span class='ocrx_word' id='word_1_325' title='bbox 1443 571 1486 591; x_wconf 77' lang='lat' dir='ltr'><strong>me.</strong></span> <span class='ocrx_word' id='word_1_326' title='bbox 1503 564 1604 598; x_wconf 79' lang='lat' dir='ltr'><strong>gratias</strong></span> <span class='ocrx_word' id='word_1_327' title='bbox 1626 571 1715 598; x_wconf 82' lang='lat' dir='ltr'><strong>agere.</strong></span> 
     </span>
    </p>
   </div>
   <div class='ocr_carea' id='block_1_43' title="bbox 933 606 1715 643">
    <p class='ocr_par' dir='ltr' id='par_1_43' title="bbox 933 606 1715 643">
     <span class='ocr_line' id='line_1_43' title="bbox 933 606 1715 643; baseline 0.003 -10"><span class='ocrx_word' id='word_1_328' title='bbox 933 606 1058 634; x_wconf 87' lang='lat' dir='ltr'><strong>Sciebam</strong></span> <span class='ocrx_word' id='word_1_329' title='bbox 1073 607 1143 634; x_wconf 87' lang='lat' dir='ltr'><strong>enim</strong></span> <span class='ocrx_word' id='word_1_330' title='bbox 1160 607 1232 641; x_wconf 89' lang='lat' dir='ltr'><strong>quod</strong></span> <span class='ocrx_word' id='word_1_331' title='bbox 1248 608 1350 642; x_wconf 86' lang='lat' dir='ltr'><strong>ubique</strong></span> <span class='ocrx_word' id='word_1_332' title='bbox 1368 616 1410 635; x_wconf 91' lang='lat' dir='ltr'><strong>me</strong></span> <span class='ocrx_word' id='word_1_333' title='bbox 1425 609 1531 636; x_wconf 80' lang='lat' dir='ltr'><strong>audias.</strong></span> <span class='ocrx_word' id='word_1_334' title='bbox 1544 608 1648 643; x_wconf 82' lang='lat' dir='ltr'><strong>Quippe</strong></span> <span class='ocrx_word' id='word_1_335' title='bbox 1662 616 1715 635; x_wconf 82' lang='lat' dir='ltr'><strong>non</strong></span> 
     </span>
    </p>
   </div>
   <div class='ocr_carea' id='block_1_44' title="bbox 932 652 1715 688">
    <p class='ocr_par' dir='ltr' id='par_1_44' title="bbox 932 652 1715 688">
     <span class='ocr_line' id='line_1_44' title="bbox 932 652 1715 688; baseline 0.003 -10"><span class='ocrx_word' id='word_1_336' title='bbox 932 657 973 679; x_wconf 84' lang='lat' dir='ltr'><strong>est</strong></span> <span class='ocrx_word' id='word_1_337' title='bbox 996 660 1088 679; x_wconf 83' lang='lat' dir='ltr'><strong>secum</strong></span> <span class='ocrx_word' id='word_1_338' title='bbox 1117 652 1265 684; x_wconf 86' lang='lat' dir='ltr'><strong>dissidens,</strong></span> <span class='ocrx_word' id='word_1_339' title='bbox 1296 660 1346 680; x_wconf 87' lang='lat' dir='ltr'><strong>nec</strong></span> <span class='ocrx_word' id='word_1_340' title='bbox 1377 653 1429 680; x_wconf 83' lang='lat' dir='ltr'><strong>sibi</strong></span> <span class='ocrx_word' id='word_1_341' title='bbox 1458 654 1633 688; x_wconf 71' lang='lat' dir='ltr'><strong>immorigera</strong></span> <span class='ocrx_word' id='word_1_342' title='bbox 1665 661 1715 680; x_wconf 87' lang='lat' dir='ltr'><strong>una</strong></span> 
     </span>
    </p>
   </div>
   <div class='ocr_carea' id='block_1_45' title="bbox 932 690 1720 732">
    <p class='ocr_par' dir='ltr' id='par_1_45' title="bbox 932 690 1720 732">
     <span class='ocr_line' id='line_1_45' title="bbox 932 690 1720 732; baseline 0.004 -9"><span class='ocrx_word' id='word_1_343' title='bbox 932 697 1043 724; x_wconf 77' lang='lat' dir='ltr'><strong>deitatis</strong></span> <span class='ocrx_word' id='word_1_344' title='bbox 1067 701 1177 730; x_wconf 84' lang='lat' dir='ltr'><strong>natura,</strong></span> <span class='ocrx_word' id='word_1_345' title='bbox 1192 690 1492 732; x_wconf 71' lang='lat' dir='ltr'><strong>quandoquidemuna</strong></span> <span class='ocrx_word' id='word_1_346' title='bbox 1516 704 1560 726; x_wconf 77' lang='lat' dir='ltr'><strong>est</strong></span> <span class='ocrx_word' id='word_1_347' title='bbox 1576 699 1720 726; x_wconf 81' lang='lat' dir='ltr'><strong>Trinitatis</strong></span> 
     </span>
    </p>
   </div>
   <div class='ocr_carea' id='block_1_46' title="bbox 932 743 1719 779">
    <p class='ocr_par' dir='ltr' id='par_1_46' title="bbox 932 743 1719 779">
     <span class='ocr_line' id='line_1_46' title="bbox 932 743 1719 779; baseline 0.003 -9"><span class='ocrx_word' id='word_1_348' title='bbox 932 751 1020 776; x_wconf 85' lang='lat' dir='ltr'><strong>mens,</strong></span> <span class='ocrx_word' id='word_1_349' title='bbox 1043 743 1131 771; x_wconf 83' lang='lat' dir='ltr'><strong>Patris</strong></span> <span class='ocrx_word' id='word_1_350' title='bbox 1155 748 1182 771; x_wconf 88' lang='lat' dir='ltr'><strong>et</strong></span> <span class='ocrx_word' id='word_1_351' title='bbox 1205 743 1265 770; x_wconf 83' lang='lat' dir='ltr'><strong>Filii</strong></span> <span class='ocrx_word' id='word_1_352' title='bbox 1290 750 1317 771; x_wconf 87' lang='lat' dir='ltr'><strong>et</strong></span> <span class='ocrx_word' id='word_1_353' title='bbox 1343 743 1462 779; x_wconf 85' lang='lat' dir='ltr'><strong>Spiritus</strong></span> <span class='ocrx_word' id='word_1_354' title='bbox 1490 747 1588 773; x_wconf 85' lang='lat' dir='ltr'><strong>sancti.</strong></span> <span class='ocrx_word' id='word_1_355' title='bbox 1612 745 1719 773; x_wconf 80' lang='lat' dir='ltr'><strong>Gnarus</strong></span> 
     </span>
    </p>
   </div>
   <div class='ocr_carea' id='block_1_47' title="bbox 932 789 1717 824">
    <p class='ocr_par' dir='ltr' id='par_1_47' title="bbox 932 789 1717 824">
     <span class='ocr_line' id='line_1_47' title="bbox 932 789 1717 824; baseline 0.003 -9"><span class='ocrx_word' id='word_1_356' title='bbox 932 796 1012 822; x_wconf 77' lang='lat' dir='ltr'><strong>ergo,</strong></span> <span class='ocrx_word' id='word_1_357' title='bbox 1039 789 1145 824; x_wconf 85' lang='lat' dir='ltr'><strong>inquit,</strong></span> <span class='ocrx_word' id='word_1_358' title='bbox 1170 789 1243 823; x_wconf 91' lang='lat' dir='ltr'><strong>quod</strong></span> <span class='ocrx_word' id='word_1_359' title='bbox 1273 797 1326 816; x_wconf 91' lang='lat' dir='ltr'><strong>una</strong></span> <span class='ocrx_word' id='word_1_360' title='bbox 1355 790 1391 816; x_wconf 86' lang='lat' dir='ltr'><strong>sit</strong></span> <span class='ocrx_word' id='word_1_361' title='bbox 1426 793 1551 816; x_wconf 84' lang='lat' dir='ltr'><strong>nostrum</strong></span> <span class='ocrx_word' id='word_1_362' title='bbox 1580 791 1717 822; x_wconf 83' lang='lat' dir='ltr'><strong>voluntas,</strong></span> 
     </span>
    </p>
   </div>
   <div class='ocr_carea' id='block_1_48' title="bbox 933 834 1717 869">
    <p class='ocr_par' dir='ltr' id='par_1_48' title="bbox 933 834 1717 869">
     <span class='ocr_line' id='line_1_48' title="bbox 933 834 1717 869; baseline 0.003 -9"><span class='ocrx_word' id='word_1_363' title='bbox 933 842 1072 869; x_wconf 78' lang='lat' dir='ltr'><strong>unumque</strong></span> <span class='ocrx_word' id='word_1_364' title='bbox 1085 834 1241 867; x_wconf 84' lang='lat' dir='ltr'><strong>cousilium,</strong></span> <span class='ocrx_word' id='word_1_365' title='bbox 1267 838 1379 868; x_wconf 82' lang='lat' dir='ltr'><strong>propter</strong></span> <span class='ocrx_word' id='word_1_366' title='bbox 1403 834 1488 869; x_wconf 78' lang='lat'><strong>689</strong></span> <span class='ocrx_word' id='word_1_367' title='bbox 1516 835 1717 863; x_wconf 84' lang='lat' dir='ltr'><strong>multitudinem</strong></span> 
     </span>
    </p>
   </div>
   <div class='ocr_carea' id='block_1_49' title="bbox 933 878 1717 913">
    <p class='ocr_par' dir='ltr' id='par_1_49' title="bbox 933 878 1717 913">
     <span class='ocr_line' id='line_1_49' title="bbox 933 878 1717 913; baseline 0.001 -8"><span class='ocrx_word' id='word_1_368' title='bbox 933 878 990 906; x_wconf 66' lang='lat' dir='ltr'><strong>hmc</strong></span> <span class='ocrx_word' id='word_1_369' title='bbox 1008 878 1076 905; x_wconf 78' lang='lat' dir='ltr'><strong>dixi.</strong></span> <span class='ocrx_word' id='word_1_370' title='bbox 1094 879 1156 905; x_wconf 48' lang='lat' dir='ltr'><strong>Haec</strong></span> <span class='ocrx_word' id='word_1_371' title='bbox 1170 886 1235 905; x_wconf 81' lang='lat' dir='ltr'><strong>vero</strong></span> <span class='ocrx_word' id='word_1_372' title='bbox 1254 878 1321 905; x_wconf 85' lang='lat' dir='ltr'><strong>dicit</strong></span> <span class='ocrx_word' id='word_1_373' title='bbox 1336 878 1463 905; x_wconf 84' lang='lat' dir='ltr'><strong>Christus</strong></span> <span class='ocrx_word' id='word_1_374' title='bbox 1479 878 1717 913; x_wconf 63' lang='lat' dir='ltr'><strong>propterJudmos,</strong></span> 
     </span>
    </p>
   </div>
   <div class='ocr_carea' id='block_1_50' title="bbox 934 924 1718 960">
    <p class='ocr_par' dir='ltr' id='par_1_50' title="bbox 934 924 1718 960">
     <span class='ocr_line' id='line_1_50' title="bbox 934 924 1718 960; baseline 0.001 -9"><span class='ocrx_word' id='word_1_375' title='bbox 934 924 1006 952; x_wconf 86' lang='lat' dir='ltr'><strong>Patri</strong></span> <span class='ocrx_word' id='word_1_376' title='bbox 1028 925 1130 960; x_wconf 70' lang='lat' dir='ltr'><strong>gratias</strong></span> <span class='ocrx_word' id='word_1_377' title='bbox 1153 932 1246 959; x_wconf 73' lang='lat' dir='ltr'><strong>agens,</strong></span> <span class='ocrx_word' id='word_1_378' title='bbox 1268 929 1397 959; x_wconf 81' lang='lat' dir='ltr'><strong>tanquam</strong></span> <span class='ocrx_word' id='word_1_379' title='bbox 1419 932 1466 959; x_wconf 89' lang='lat' dir='ltr'><strong>per</strong></span> <span class='ocrx_word' id='word_1_380' title='bbox 1491 932 1554 952; x_wconf 86' lang='lat' dir='ltr'><strong>eum</strong></span> <span class='ocrx_word' id='word_1_381' title='bbox 1578 924 1634 952; x_wconf 86' lang='lat' dir='ltr'><strong>Deo</strong></span> <span class='ocrx_word' id='word_1_382' title='bbox 1651 932 1718 952; x_wconf 87' lang='lat' dir='ltr'><strong>con-</strong></span> 
     </span>
    </p>
   </div>
   <div class='ocr_carea' id='block_1_51' title="bbox 934 969 1719 1005">
    <p class='ocr_par' dir='ltr' id='par_1_51' title="bbox 934 969 1719 1005">
     <span class='ocr_line' id='line_1_51' title="bbox 934 969 1719 1005; baseline 0 -7"><span class='ocrx_word' id='word_1_383' title='bbox 934 971 1069 998; x_wconf 82' lang='lat' dir='ltr'><strong>venientia</strong></span> <span class='ocrx_word' id='word_1_384' title='bbox 1086 970 1218 1003; x_wconf 89' lang='lat' dir='ltr'><strong>eﬂiciens,</strong></span> <span class='ocrx_word' id='word_1_385' title='bbox 1239 978 1273 998; x_wconf 90' lang='lat' dir='ltr'><strong>ne</strong></span> <span class='ocrx_word' id='word_1_386' title='bbox 1288 970 1405 1005; x_wconf 83' lang='lat' dir='ltr'><strong>amplius</strong></span> <span class='ocrx_word' id='word_1_387' title='bbox 1423 969 1516 997; x_wconf 84' lang='lat' dir='ltr'><strong>dicant</strong></span> <span class='ocrx_word' id='word_1_388' title='bbox 1534 970 1609 997; x_wconf 90' lang='lat' dir='ltr'><strong>illum</strong></span> <span class='ocrx_word' id='word_1_389' title='bbox 1629 970 1719 998; x_wconf 75' lang='lat' dir='ltr'><strong>facere</strong></span> 
     </span>
    </p>
   </div>
   <div class='ocr_carea' id='block_1_52' title="bbox 936 1015 1719 1052">
    <p class='ocr_par' dir='ltr' id='par_1_52' title="bbox 936 1015 1719 1052">
     <span class='ocr_line' id='line_1_52' title="bbox 936 1015 1719 1052; baseline 0.001 -10"><span class='ocrx_word' id='word_1_390' title='bbox 936 1017 1013 1052; x_wconf 79' lang='lat' dir='ltr'><strong>signa</strong></span> <span class='ocrx_word' id='word_1_391' title='bbox 1036 1017 1063 1043; x_wconf 96' lang='lat' dir='ltr'><strong>in</strong></span> <span class='ocrx_word' id='word_1_392' title='bbox 1079 1015 1221 1044; x_wconf 85' lang='lat' dir='ltr'><strong>Beelzebul</strong></span> <span class='ocrx_word' id='word_1_393' title='bbox 1239 1025 1245 1043; x_wconf 90' lang='lat'><strong>:</strong></span> <span class='ocrx_word' id='word_1_394' title='bbox 1260 1016 1395 1044; x_wconf 87' lang='lat' dir='ltr'><strong>rationem</strong></span> <span class='ocrx_word' id='word_1_395' title='bbox 1411 1017 1492 1044; x_wconf 82' lang='lat' dir='ltr'><strong>etiam</strong></span> <span class='ocrx_word' id='word_1_396' title='bbox 1509 1016 1597 1043; x_wconf 89' lang='lat' dir='ltr'><strong>reddit</strong></span> <span class='ocrx_word' id='word_1_397' title='bbox 1615 1020 1642 1043; x_wconf 90' lang='lat' dir='ltr'><strong>et</strong></span> <span class='ocrx_word' id='word_1_398' title='bbox 1658 1024 1719 1051; x_wconf 84' lang='lat' dir='ltr'><strong>pro-</strong></span> 
     </span>
    </p>
   </div>
   <div class='ocr_carea' id='block_1_53' title="bbox 935 1063 1720 1098">
    <p class='ocr_par' dir='ltr' id='par_1_53' title="bbox 935 1063 1720 1098">
     <span class='ocr_line' id='line_1_53' title="bbox 935 1063 1720 1098; baseline 0 -9"><span class='ocrx_word' id='word_1_399' title='bbox 935 1069 995 1098; x_wconf 89' lang='lat' dir='ltr'><strong>pter</strong></span> <span class='ocrx_word' id='word_1_400' title='bbox 1006 1063 1122 1098; x_wconf 82' lang='lat' dir='ltr'><strong>figuram</strong></span> <span class='ocrx_word' id='word_1_401' title='bbox 1142 1063 1321 1097; x_wconf 85' lang='lat' dir='ltr'><strong>precationis,</strong></span> <span class='ocrx_word' id='word_1_402' title='bbox 1336 1071 1369 1089; x_wconf 91' lang='lat' dir='ltr'><strong>ne</strong></span> <span class='ocrx_word' id='word_1_403' title='bbox 1387 1070 1438 1090; x_wconf 89' lang='lat' dir='ltr'><strong>nos</strong></span> <span class='ocrx_word' id='word_1_404' title='bbox 1455 1063 1538 1089; x_wconf 87' lang='lat' dir='ltr'><strong>etiam</strong></span> <span class='ocrx_word' id='word_1_405' title='bbox 1554 1063 1720 1089; x_wconf 87' lang='lat' dir='ltr'><strong>scandalize-</strong></span> 
     </span>
    </p>
   </div>
   <div class='ocr_carea' id='block_1_54' title="bbox 935 1099 1718 1143">
    <p class='ocr_par' dir='ltr' id='par_1_54' title="bbox 935 1099 1718 1143">
     <span class='ocr_line' id='line_1_54' title="bbox 935 1099 1718 1143; baseline 0.001 -8"><span class='ocrx_word' id='word_1_406' title='bbox 935 1117 1006 1140; x_wconf 89' lang='lat' dir='ltr'><strong>mur.</strong></span> <span class='ocrx_word' id='word_1_407' title='bbox 1032 1109 1067 1136; x_wconf 79' lang='lat' dir='ltr'><strong>ob</strong></span> <span class='ocrx_word' id='word_1_408' title='bbox 1087 1099 1292 1136; x_wconf 84' lang='lat' dir='ltr'><strong>multitudinem</strong></span> <span class='ocrx_word' id='word_1_409' title='bbox 1315 1117 1345 1135; x_wconf 90' lang='lat' dir='ltr'><strong>se</strong></span> <span class='ocrx_word' id='word_1_410' title='bbox 1365 1109 1414 1135; x_wconf 82' lang='lat' dir='ltr'><strong>hoc</strong></span> <span class='ocrx_word' id='word_1_411' title='bbox 1437 1109 1536 1135; x_wconf 71' lang='lat' dir='ltr'><strong>leuiSse</strong></span> <span class='ocrx_word' id='word_1_412' title='bbox 1551 1108 1718 1143; x_wconf 77' lang='lat' dir='ltr'><strong>prolocutus.</strong></span> 
     </span>
    </p>
   </div>
   <div class='ocr_carea' id='block_1_55' title="bbox 934 1154 1722 1190">
    <p class='ocr_par' dir='ltr' id='par_1_55' title="bbox 934 1154 1722 1190">
     <span class='ocr_line' id='line_1_55' title="bbox 934 1154 1722 1190; baseline 0 -8"><span class='ocrx_word' id='word_1_413' title='bbox 934 1155 968 1182; x_wconf 84' lang='lat' dir='ltr'><strong>Et</strong></span> <span class='ocrx_word' id='word_1_414' title='bbox 984 1156 1047 1188; x_wconf 86' lang='lat' dir='ltr'><strong>hoc,</strong></span> <span class='ocrx_word' id='word_1_415' title='bbox 1064 1164 1073 1181; x_wconf 76' lang='grc' dir='ltr'><strong>ι</strong></span> <span class='ocrx_word' id='word_1_416' title='bbox 1094 1154 1135 1182; x_wconf 86' lang='lat' dir='ltr'><strong>Tu</strong></span> <span class='ocrx_word' id='word_1_417' title='bbox 1154 1163 1197 1182; x_wconf 87' lang='lat' dir='ltr'><strong>me</strong></span> <span class='ocrx_word' id='word_1_418' title='bbox 1213 1155 1324 1185; x_wconf 78' lang='lat' dir='ltr'><strong>misisti,</strong></span> <span class='ocrx_word' id='word_1_419' title='bbox 1343 1164 1353 1180; x_wconf 77' lang='grc' dir='ltr'><strong>ι</strong></span> <span class='ocrx_word' id='word_1_420' title='bbox 1368 1159 1479 1190; x_wconf 83' lang='lat' dir='ltr'><strong>propter</strong></span> <span class='ocrx_word' id='word_1_421' title='bbox 1497 1154 1652 1182; x_wconf 63' lang='lat' dir='ltr'><strong>Judarorum</strong></span> <span class='ocrx_word' id='word_1_422' title='bbox 1676 1162 1722 1182; x_wconf 93' lang='lat' dir='ltr'><strong>su-</strong></span> 
     </span>
    </p>
   </div>
   <div class='ocr_carea' id='block_1_56' title="bbox 935 1199 1720 1235">
    <p class='ocr_par' dir='ltr' id='par_1_56' title="bbox 935 1199 1720 1235">
     <span class='ocr_line' id='line_1_56' title="bbox 935 1199 1720 1235; baseline 0 -8"><span class='ocrx_word' id='word_1_423' title='bbox 935 1199 1073 1234; x_wconf 81' lang='lat' dir='ltr'><strong>spiciones</strong></span> <span class='ocrx_word' id='word_1_424' title='bbox 1103 1200 1167 1228; x_wconf 85' lang='lat' dir='ltr'><strong>ait:</strong></span> <span class='ocrx_word' id='word_1_425' title='bbox 1194 1199 1279 1227; x_wconf 84' lang='lat' dir='ltr'><strong>Venio</strong></span> <span class='ocrx_word' id='word_1_426' title='bbox 1308 1200 1379 1226; x_wconf 90' lang='lat' dir='ltr'><strong>enim</strong></span> <span class='ocrx_word' id='word_1_427' title='bbox 1403 1207 1457 1227; x_wconf 91' lang='lat' dir='ltr'><strong>non</strong></span> <span class='ocrx_word' id='word_1_428' title='bbox 1486 1207 1501 1227; x_wconf 88' lang='lat' dir='ltr'><strong>a</strong></span> <span class='ocrx_word' id='word_1_429' title='bbox 1546 1200 1661 1235; x_wconf 86' lang='lat' dir='ltr'><strong>meipso,</strong></span> <span class='ocrx_word' id='word_1_430' title='bbox 1690 1203 1720 1226; x_wconf 90' lang='lat' dir='ltr'><strong>ut</strong></span> 
     </span>
    </p>
   </div>
   <div class='ocr_carea' id='block_1_57' title="bbox 935 1245 1720 1281">
    <p class='ocr_par' dir='ltr' id='par_1_57' title="bbox 935 1245 1720 1281">
     <span class='ocr_line' id='line_1_57' title="bbox 935 1245 1720 1281; baseline -0.001 -9"><span class='ocrx_word' id='word_1_431' title='bbox 935 1245 1194 1281; x_wconf 67' lang='lat' dir='ltr'><strong>pseudoprophetm,</strong></span> <span class='ocrx_word' id='word_1_432' title='bbox 1220 1246 1266 1273; x_wconf 88' lang='lat' dir='ltr'><strong>sed</strong></span> <span class='ocrx_word' id='word_1_433' title='bbox 1294 1246 1415 1273; x_wconf 84' lang='lat' dir='ltr'><strong>lnhcntia</strong></span> <span class='ocrx_word' id='word_1_434' title='bbox 1447 1249 1493 1272; x_wconf 90' lang='lat' dir='ltr'><strong>tua</strong></span> <span class='ocrx_word' id='word_1_435' title='bbox 1520 1249 1548 1273; x_wconf 84' lang='lat' dir='ltr'><strong>et</strong></span> <span class='ocrx_word' id='word_1_436' title='bbox 1579 1246 1720 1272; x_wconf 83' lang='lat' dir='ltr'><strong>voluntate</strong></span> 
     </span>
    </p>
   </div>
   <div class='ocr_carea' id='block_1_58' title="bbox 931 1290 1719 1326">
    <p class='ocr_par' dir='ltr' id='par_1_58' title="bbox 931 1290 1719 1326">
     <span class='ocr_line' id='line_1_58' title="bbox 931 1290 1719 1326; baseline 0 -8"><span class='ocrx_word' id='word_1_437' title='bbox 931 1292 1066 1326; x_wconf 85' lang='lat' dir='ltr'><strong>meipsum</strong></span> <span class='ocrx_word' id='word_1_438' title='bbox 1089 1291 1250 1323; x_wconf 80' lang='lat' dir='ltr'><strong>exinanivi.</strong></span> <span class='ocrx_word' id='word_1_439' title='bbox 1276 1291 1389 1318; x_wconf 84' lang='lat' dir='ltr'><strong>fortnam</strong></span> <span class='ocrx_word' id='word_1_440' title='bbox 1418 1291 1489 1318; x_wconf 86' lang='lat' dir='ltr'><strong>servi</strong></span> <span class='ocrx_word' id='word_1_441' title='bbox 1517 1291 1656 1325; x_wconf 86' lang='lat' dir='ltr'><strong>accipiens</strong></span> <span class='ocrx_word' id='word_1_442' title='bbox 1679 1290 1719 1322; x_wconf 81' lang='lat'><strong>&quot;,</strong></span> 
     </span>
    </p>
   </div>
   <div class='ocr_carea' id='block_1_59' title="bbox 932 1336 1721 1373">
    <p class='ocr_par' dir='ltr' id='par_1_59' title="bbox 932 1336 1721 1373">
     <span class='ocr_line' id='line_1_59' title="bbox 932 1336 1721 1373; baseline -0.004 -8"><span class='ocrx_word' id='word_1_443' title='bbox 932 1343 962 1365; x_wconf 89' lang='lat' dir='ltr'><strong>ut</strong></span> <span class='ocrx_word' id='word_1_444' title='bbox 983 1338 1017 1366; x_wconf 91' lang='lat' dir='ltr'><strong>de</strong></span> <span class='ocrx_word' id='word_1_445' title='bbox 1044 1338 1149 1373; x_wconf 78' lang='lat' dir='ltr'><strong>integro</strong></span> <span class='ocrx_word' id='word_1_446' title='bbox 1173 1337 1276 1372; x_wconf 73' lang='lat' dir='ltr'><strong>erigant</strong></span> <span class='ocrx_word' id='word_1_447' title='bbox 1301 1341 1328 1365; x_wconf 88' lang='lat' dir='ltr'><strong>et</strong></span> <span class='ocrx_word' id='word_1_448' title='bbox 1351 1337 1502 1364; x_wconf 89' lang='lat' dir='ltr'><strong>instaurem</strong></span> <span class='ocrx_word' id='word_1_449' title='bbox 1529 1337 1622 1364; x_wconf 84' lang='lat' dir='ltr'><strong>vitam.</strong></span> <span class='ocrx_word' id='word_1_450' title='bbox 1638 1336 1721 1371; x_wconf 78' lang='lat' dir='ltr'><strong>Igitur</strong></span> 
     </span>
    </p>
   </div>
   <div class='ocr_carea' id='block_1_60' title="bbox 932 1382 1718 1418">
    <p class='ocr_par' dir='ltr' id='par_1_60' title="bbox 932 1382 1718 1418">
     <span class='ocr_line' id='line_1_60' title="bbox 932 1382 1718 1418; baseline -0.004 -7"><span class='ocrx_word' id='word_1_451' title='bbox 932 1388 1008 1411; x_wconf 83' lang='lat' dir='ltr'><strong>recte</strong></span> <span class='ocrx_word' id='word_1_452' title='bbox 1023 1387 1049 1410; x_wconf 89' lang='lat' dir='ltr'><strong>et</strong></span> <span class='ocrx_word' id='word_1_453' title='bbox 1060 1383 1156 1411; x_wconf 85' lang='lat' dir='ltr'><strong>ordine</strong></span> <span class='ocrx_word' id='word_1_454' title='bbox 1167 1383 1308 1410; x_wconf 83' lang='lat' dir='ltr'><strong>institutus</strong></span> <span class='ocrx_word' id='word_1_455' title='bbox 1326 1387 1367 1411; x_wconf 86' lang='lat' dir='ltr'><strong>est</strong></span> <span class='ocrx_word' id='word_1_456' title='bbox 1381 1383 1548 1418; x_wconf 81' lang='lat' dir='ltr'><strong>precationis</strong></span> <span class='ocrx_word' id='word_1_457' title='bbox 1564 1382 1674 1414; x_wconf 89' lang='lat' dir='ltr'><strong>modus,</strong></span> <span class='ocrx_word' id='word_1_458' title='bbox 1691 1386 1718 1409; x_wconf 92' lang='lat' dir='ltr'><strong>et</strong></span> 
     </span>
    </p>
   </div>
   <div class='ocr_carea' id='block_1_61' title="bbox 934 1429 1730 1461">
    <p class='ocr_par' dir='ltr' id='par_1_61' title="bbox 934 1429 1730 1461">
     <span class='ocr_line' id='line_1_61' title="bbox 934 1429 1730 1461; baseline -0.001 -3"><span class='ocrx_word' id='word_1_459' title='bbox 934 1431 1040 1458; x_wconf 89' lang='lat' dir='ltr'><strong>habitui</strong></span> <span class='ocrx_word' id='word_1_460' title='bbox 1064 1431 1090 1457; x_wconf 85' lang='lat' dir='ltr'><strong>in</strong></span> <span class='ocrx_word' id='word_1_461' title='bbox 1110 1438 1193 1458; x_wconf 88' lang='lat' dir='ltr'><strong>carne</strong></span> <span class='ocrx_word' id='word_1_462' title='bbox 1219 1430 1395 1461; x_wconf 79' lang='lat' dir='ltr'><strong>conveniens.</strong></span> <span class='ocrx_word' id='word_1_463' title='bbox 1416 1438 1470 1457; x_wconf 84' lang='lat' dir='ltr'><strong>non</strong></span> <span class='ocrx_word' id='word_1_464' title='bbox 1495 1429 1607 1457; x_wconf 85' lang='lat' dir='ltr'><strong>deitatis</strong></span> <span class='ocrx_word' id='word_1_465' title='bbox 1633 1429 1730 1457; x_wconf 55' lang='lat' dir='ltr'><strong>excel-.</strong></span> 
     </span>
    </p>
   </div>
   <div class='ocr_carea' id='block_1_62' title="bbox 934 1474 1720 1511">
    <p class='ocr_par' dir='ltr' id='par_1_62' title="bbox 934 1474 1720 1511">
     <span class='ocr_line' id='line_1_62' title="bbox 934 1474 1720 1511; baseline -0.005 -7"><span class='ocrx_word' id='word_1_466' title='bbox 934 1477 1028 1504; x_wconf 63' lang='lat' dir='ltr'><strong>lentiae</strong></span> <span class='ocrx_word' id='word_1_467' title='bbox 1050 1481 1077 1504; x_wconf 90' lang='lat' dir='ltr'><strong>et</strong></span> <span class='ocrx_word' id='word_1_468' title='bbox 1101 1477 1310 1511; x_wconf 87' lang='lat' dir='ltr'><strong>incomparabili</strong></span> <span class='ocrx_word' id='word_1_469' title='bbox 1339 1475 1489 1511; x_wconf 88' lang='lat' dir='ltr'><strong>splendori.</strong></span> <span class='ocrx_word' id='word_1_470' title='bbox 1507 1474 1626 1502; x_wconf 84' lang='lat' dir='ltr'><strong>Omnino</strong></span> <span class='ocrx_word' id='word_1_471' title='bbox 1648 1474 1720 1501; x_wconf 91' lang='lat' dir='ltr'><strong>enim</strong></span> 
     </span>
    </p>
   </div>
   <div class='ocr_carea' id='block_1_63' title="bbox 935 1519 1721 1555">
    <p class='ocr_par' dir='ltr' id='par_1_63' title="bbox 935 1519 1721 1555">
     <span class='ocr_line' id='line_1_63' title="bbox 935 1519 1721 1555; baseline -0.004 -8"><span class='ocrx_word' id='word_1_472' title='bbox 935 1524 1029 1555; x_wconf 85' lang='lat' dir='ltr'><strong>petere</strong></span> <span class='ocrx_word' id='word_1_473' title='bbox 1045 1524 1073 1547; x_wconf 92' lang='lat' dir='ltr'><strong>et</strong></span> <span class='ocrx_word' id='word_1_474' title='bbox 1091 1521 1214 1555; x_wconf 84' lang='lat' dir='ltr'><strong>accipere</strong></span> <span class='ocrx_word' id='word_1_475' title='bbox 1227 1520 1326 1548; x_wconf 82' lang='lat' dir='ltr'><strong>servile</strong></span> <span class='ocrx_word' id='word_1_476' title='bbox 1340 1520 1432 1551; x_wconf 86' lang='lat' dir='ltr'><strong>fuerit,</strong></span> <span class='ocrx_word' id='word_1_477' title='bbox 1452 1524 1479 1546; x_wconf 87' lang='lat' dir='ltr'><strong>et</strong></span> <span class='ocrx_word' id='word_1_478' title='bbox 1494 1519 1519 1546; x_wconf 88' lang='lat' dir='ltr'><strong>ei</strong></span> <span class='ocrx_word' id='word_1_479' title='bbox 1543 1520 1590 1554; x_wconf 86' lang='lat' dir='ltr'><strong>qui</strong></span> <span class='ocrx_word' id='word_1_480' title='bbox 1608 1519 1721 1554; x_wconf 89' lang='lat' dir='ltr'><strong>imperio</strong></span> 
     </span>
    </p>
   </div>
   <div class='ocr_carea' id='block_1_64' title="bbox 1365 1566 1724 1602">
    <p class='ocr_par' dir='ltr' id='par_1_64' title="bbox 1365 1566 1724 1602">
     <span class='ocr_line' id='line_1_64' title="bbox 1365 1566 1724 1602; baseline -0.003 -9"><span class='ocrx_word' id='word_1_481' title='bbox 1365 1575 1373 1593; x_wconf 90' lang='lat'><strong>:</strong></span> <span class='ocrx_word' id='word_1_482' title='bbox 1408 1574 1471 1594; x_wconf 88' lang='lat' dir='ltr'><strong>nam</strong></span> <span class='ocrx_word' id='word_1_483' title='bbox 1506 1567 1552 1602; x_wconf 85' lang='lat' dir='ltr'><strong>qui</strong></span> <span class='ocrx_word' id='word_1_484' title='bbox 1589 1566 1724 1594; x_wconf 84' lang='lat' dir='ltr'><strong>sustinuit</strong></span> 
     </span>
    </p>
   </div>
   <div class='ocr_carea' id='block_1_65' title="bbox 103 1610 966 1647">
    <p class='ocr_par' dir='ltr' id='par_1_65' title="bbox 103 1610 966 1647">
     <span class='ocr_line' id='line_1_65' title="bbox 103 1610 966 1647; baseline -0.002 -7"><span class='ocrx_word' id='word_1_485' title='bbox 103 1612 155 1640; x_wconf 77' lang='lat' dir='ltr'><strong>fieri</strong></span> <span class='ocrx_word' id='word_1_486' title='bbox 184 1613 283 1645; x_wconf 81' lang='lat' dir='ltr'><strong>homo,</strong></span> <span class='ocrx_word' id='word_1_487' title='bbox 302 1611 440 1647; x_wconf 89' lang='lat' dir='ltr'><strong>quomodo</strong></span> <span class='ocrx_word' id='word_1_488' title='bbox 465 1618 526 1646; x_wconf 70' lang='lat' dir='ltr'><strong>qua:</strong></span> <span class='ocrx_word' id='word_1_489' title='bbox 556 1610 771 1638; x_wconf 83' lang='lat' dir='ltr'><strong>humana&#39;sunt</strong></span> <span class='ocrx_word' id='word_1_490' title='bbox 805 1611 966 1638; x_wconf 85' lang='lat' dir='ltr'><strong>recusaret?</strong></span> 
     </span>
    </p>
   </div>
   <div class='ocr_carea' id='block_1_66' title="bbox 135 1655 892 1692">
    <p class='ocr_par' dir='ltr' id='par_1_66' title="bbox 135 1655 881 1691">
     <span class='ocr_line' id='line_1_66' title="bbox 135 1655 881 1691; baseline -0.003 -6"><span class='ocrx_word' id='word_1_491' title='bbox 135 1659 185 1686; x_wconf 81' lang='grc' dir='ltr'><strong>Καὶ</strong></span> <span class='ocrx_word' id='word_1_492' title='bbox 206 1658 302 1685; x_wconf 83' lang='grc' dir='ltr'>ταῦτα</span> <span class='ocrx_word' id='word_1_493' title='bbox 322 1657 428 1689; x_wconf 75' lang='grc' dir='ltr'><strong>εἰπὼν,</strong></span> <span class='ocrx_word' id='word_1_494' title='bbox 453 1655 537 1691; x_wconf 69' lang='grc' dir='ltr'><strong>φωνῇ</strong></span> <span class='ocrx_word' id='word_1_495' title='bbox 556 1656 673 1691; x_wconf 70' lang='grc' dir='ltr'><strong>μεγάλῃ</strong></span> <span class='ocrx_word' id='word_1_496' title='bbox 697 1656 881 1691; x_wconf 66' lang='grc' dir='ltr'>ἐκραύγασε-</span> 
     </span>
    </p>
   </div>
   <div class='ocr_carea' id='block_1_67' title="bbox 936 1655 1719 1692">
    <p class='ocr_par' dir='ltr' id='par_1_67' title="bbox 972 1656 1719 1692">
     <span class='ocr_line' id='line_1_67' title="bbox 972 1656 1719 1692; baseline 0 -8"><span class='ocrx_word' id='word_1_497' title='bbox 972 1657 1017 1690; x_wconf 66' lang='lat' dir='ltr'><strong>XI,</strong></span> <span class='ocrx_word' id='word_1_498' title='bbox 1034 1657 1079 1684; x_wconf 70' lang='grc'><strong>45.</strong></span> <span class='ocrx_word' id='word_1_499' title='bbox 1093 1656 1158 1684; x_wconf 77' lang='grc' dir='ltr'>Ηιιιε</span> <span class='ocrx_word' id='word_1_500' title='bbox 1175 1665 1233 1689; x_wconf 58' lang='lat' dir='ltr'><strong>cum</strong></span> <span class='ocrx_word' id='word_1_501' title='bbox 1248 1657 1370 1690; x_wconf 66' lang='lat' dir='ltr'><strong>dixisset,</strong></span> <span class='ocrx_word' id='word_1_502' title='bbox 1386 1665 1481 1692; x_wconf 83' lang='lat' dir='ltr'><strong>magna</strong></span> <span class='ocrx_word' id='word_1_503' title='bbox 1497 1665 1557 1684; x_wconf 81' lang='lat' dir='ltr'><strong>voce</strong></span> <span class='ocrx_word' id='word_1_504' title='bbox 1575 1657 1700 1684; x_wconf 71' lang='lat' dir='ltr'><strong>clamarit</strong></span> <span class='ocrx_word' id='word_1_505' title='bbox 1712 1677 1719 1685; x_wconf 92' lang='lat'><strong>.</strong></span> 
     </span>
    </p>
   </div>
   <div class='ocr_carea' id='block_1_68' title="bbox 103 1702 408 1738">
    <p class='ocr_par' dir='ltr' id='par_1_68' title="bbox 103 1702 408 1738">
     <span class='ocr_line' id='line_1_68' title="bbox 103 1702 408 1738; baseline -0.003 -7"><span class='ocrx_word' id='word_1_506' title='bbox 103 1704 214 1738; x_wconf 62' lang='grc' dir='ltr'><strong>Λάζαρε,</strong></span> <span class='ocrx_word' id='word_1_507' title='bbox 231 1703 322 1737; x_wconf 75' lang='grc' dir='ltr'>δεῦρο</span> <span class='ocrx_word' id='word_1_508' title='bbox 340 1702 408 1735; x_wconf 80' lang='grc' dir='ltr'><strong>ἔξω.</strong></span> 
     </span>
    </p>
   </div>
   <div class='ocr_carea' id='block_1_69' title="bbox 134 1748 885 1785">
    <p class='ocr_par' dir='ltr' id='par_1_69' title="bbox 134 1748 885 1785">
     <span class='ocr_line' id='line_1_69' title="bbox 134 1748 885 1785; baseline 0.001 -9"><span class='ocrx_word' id='word_1_509' title='bbox 134 1751 182 1776; x_wconf 77' lang='grc' dir='ltr'><strong>Τὸν</strong></span> <span class='ocrx_word' id='word_1_510' title='bbox 195 1749 301 1784; x_wconf 78' lang='grc' dir='ltr'><strong>δυσώδη</strong></span> <span class='ocrx_word' id='word_1_511' title='bbox 322 1748 427 1784; x_wconf 79' lang='grc' dir='ltr'><strong>νεκρὸν,</strong></span> <span class='ocrx_word' id='word_1_512' title='bbox 444 1748 512 1784; x_wconf 78' lang='grc' dir='ltr'><strong>μετᾶ</strong></span> <span class='ocrx_word' id='word_1_513' title='bbox 529 1748 663 1785; x_wconf 81' lang='grc' dir='ltr'><strong>τετάρτην</strong></span> <span class='ocrx_word' id='word_1_514' title='bbox 685 1750 735 1785; x_wconf 81' lang='grc' dir='ltr'>τῆς</span> <span class='ocrx_word' id='word_1_515' title='bbox 757 1749 885 1785; x_wconf 78' lang='grc' dir='ltr'><strong>τελευτῆς</strong></span> 
     </span>
    </p>
   </div>
   <div class='ocr_carea' id='block_1_70' title="bbox 99 1793 886 1830">
    <p class='ocr_par' dir='ltr' id='par_1_70' title="bbox 99 1793 886 1830">
     <span class='ocr_line' id='line_1_70' title="bbox 99 1793 886 1830; baseline 0.001 -9"><span class='ocrx_word' id='word_1_516' title='bbox 99 1795 220 1830; x_wconf 62' lang='grc' dir='ltr'>ἡμέραν,</span> <span class='ocrx_word' id='word_1_517' title='bbox 241 1795 275 1821; x_wconf 78' lang='grc' dir='ltr'>ἐκ</span> <span class='ocrx_word' id='word_1_518' title='bbox 290 1794 340 1829; x_wconf 84' lang='grc' dir='ltr'><strong>τῆς</strong></span> <span class='ocrx_word' id='word_1_519' title='bbox 360 1793 448 1829; x_wconf 82' lang='grc' dir='ltr'><strong>θήκης</strong></span> <span class='ocrx_word' id='word_1_520' title='bbox 462 1794 594 1829; x_wconf 80' lang='grc' dir='ltr'><strong>ἐξήγαγε,</strong></span> <span class='ocrx_word' id='word_1_521' title='bbox 609 1794 656 1822; x_wconf 64' lang='lat' dir='ltr'><strong>aut</strong></span> <span class='ocrx_word' id='word_1_522' title='bbox 673 1794 717 1821; x_wconf 72' lang='grc' dir='ltr'><strong>τὸν</strong></span> <span class='ocrx_word' id='word_1_523' title='bbox 731 1795 886 1830; x_wconf 79' lang='grc' dir='ltr'>πεπεδημέ-</span> 
     </span>
    </p>
   </div>
   <div class='ocr_carea' id='block_1_71' title="bbox 105 1838 887 1876">
    <p class='ocr_par' dir='ltr' id='par_1_71' title="bbox 105 1838 887 1876">
     <span class='ocr_line' id='line_1_71' title="bbox 105 1838 887 1876; baseline 0 -10"><span class='ocrx_word' id='word_1_524' title='bbox 105 1848 146 1866; x_wconf 85' lang='grc' dir='ltr'><strong>νον</strong></span> <span class='ocrx_word' id='word_1_525' title='bbox 157 1840 202 1866; x_wconf 71' lang='grc' dir='ltr'><strong>καὶ</strong></span> <span class='ocrx_word' id='word_1_526' title='bbox 213 1838 466 1876; x_wconf 76' lang='grc' dir='ltr'>συμπεποδισμένον</span> <span class='ocrx_word' id='word_1_527' title='bbox 482 1838 600 1872; x_wconf 77' lang='grc' dir='ltr'><strong>βαδίζειν</strong></span> <span class='ocrx_word' id='word_1_528' title='bbox 614 1839 740 1865; x_wconf 76' lang='grc' dir='ltr'><strong>ἐκέλευσε</strong></span> <span class='ocrx_word' id='word_1_529' title='bbox 749 1860 756 1871; x_wconf 90' lang='grc'><em>,</em></span> <span class='ocrx_word' id='word_1_530' title='bbox 773 1839 820 1866; x_wconf 69' lang='grc' dir='ltr'>καὶ</span> <span class='ocrx_word' id='word_1_531' title='bbox 835 1849 887 1866; x_wconf 87' lang='grc' dir='ltr'><strong>πα-</strong></span> 
     </span>
    </p>
   </div>
   <div class='ocr_carea' id='block_1_72' title="bbox 107 1884 887 1921">
    <p class='ocr_par' dir='ltr' id='par_1_72' title="bbox 107 1884 887 1921">
     <span class='ocr_line' id='line_1_72' title="bbox 107 1884 887 1921; baseline 0.001 -10"><span class='ocrx_word' id='word_1_532' title='bbox 107 1885 238 1920; x_wconf 75' lang='grc' dir='ltr'>ραχρῆμα,</span> <span class='ocrx_word' id='word_1_533' title='bbox 260 1885 275 1911; x_wconf 84' lang='grc' dir='ltr'><strong>ὃ</strong></span> <span class='ocrx_word' id='word_1_534' title='bbox 294 1893 325 1911; x_wconf 81' lang='grc' dir='ltr'>τε</span> <span class='ocrx_word' id='word_1_535' title='bbox 344 1884 458 1916; x_wconf 73' lang='grc' dir='ltr'>θάνατος</span> <span class='ocrx_word' id='word_1_536' title='bbox 476 1884 674 1919; x_wconf 82' lang='grc' dir='ltr'>ἑδραπέτευσε,</span> <span class='ocrx_word' id='word_1_537' title='bbox 696 1885 742 1911; x_wconf 77' lang='grc' dir='ltr'>καὶ</span> <span class='ocrx_word' id='word_1_538' title='bbox 764 1885 778 1911; x_wconf 86' lang='grc' dir='ltr'>ὁ</span> <span class='ocrx_word' id='word_1_539' title='bbox 791 1886 887 1921; x_wconf 75' lang='grc' dir='ltr'>νεκρὸς</span> 
     </span>
    </p>
   </div>
   <div class='ocr_carea' id='block_1_73' title="bbox 106 1929 887 1966">
    <p class='ocr_par' dir='ltr' id='par_1_73' title="bbox 106 1929 887 1966">
     <span class='ocr_line' id='line_1_73' title="bbox 106 1929 887 1966; baseline 0.001 -10"><span class='ocrx_word' id='word_1_540' title='bbox 106 1930 199 1966; x_wconf 73' lang='grc' dir='ltr'>έδραμε</span> <span class='ocrx_word' id='word_1_541' title='bbox 214 1931 263 1965; x_wconf 81' lang='grc' dir='ltr'><strong>τῆς</strong></span> <span class='ocrx_word' id='word_1_542' title='bbox 290 1929 434 1965; x_wconf 80' lang='grc' dir='ltr'>σηπεδόνος</span> <span class='ocrx_word' id='word_1_543' title='bbox 450 1930 632 1963; x_wconf 80' lang='grc' dir='ltr'>ἀπαλλαγεὶς,</span> <span class='ocrx_word' id='word_1_544' title='bbox 660 1930 706 1956; x_wconf 76' lang='grc' dir='ltr'>καὶ</span> <span class='ocrx_word' id='word_1_545' title='bbox 721 1930 769 1966; x_wconf 79' lang='grc' dir='ltr'>τὴν</span> <span class='ocrx_word' id='word_1_546' title='bbox 785 1931 887 1966; x_wconf 82' lang='grc' dir='ltr'><strong>ταύτης</strong></span> 
     </span>
    </p>
   </div>
   <div class='ocr_carea' id='block_1_74' title="bbox 107 1975 888 2011">
    <p class='ocr_par' dir='ltr' id='par_1_74' title="bbox 107 1975 888 2011">
     <span class='ocr_line' id='line_1_74' title="bbox 107 1975 888 2011; baseline 0.001 -9"><span class='ocrx_word' id='word_1_547' title='bbox 107 1976 267 2011; x_wconf 78' lang='grc' dir='ltr'>ἀποθέμενος</span> <span class='ocrx_word' id='word_1_548' title='bbox 290 1975 439 2006; x_wconf 76' lang='grc' dir='ltr'>δυσωδίαν,</span> <span class='ocrx_word' id='word_1_549' title='bbox 463 1975 511 2002; x_wconf 82' lang='grc' dir='ltr'>καὶ</span> <span class='ocrx_word' id='word_1_550' title='bbox 532 1975 582 2007; x_wconf 81' lang='grc' dir='ltr'>τὰς</span> <span class='ocrx_word' id='word_1_551' title='bbox 602 1975 650 2002; x_wconf 84' lang='grc' dir='ltr'><strong>τοῦ</strong></span> <span class='ocrx_word' id='word_1_552' title='bbox 671 1976 786 2002; x_wconf 85' lang='grc' dir='ltr'>θανάτου</span> <span class='ocrx_word' id='word_1_553' title='bbox 801 1977 888 2008; x_wconf 75' lang='grc' dir='ltr'>πύλας</span> 
     </span>
    </p>
   </div>
   <div class='ocr_carea' id='block_1_75' title="bbox 107 2021 888 2058">
    <p class='ocr_par' dir='ltr' id='par_1_75' title="bbox 107 2021 888 2058">
     <span class='ocr_line' id='line_1_75' title="bbox 107 2021 888 2058; baseline 0.001 -10"><span class='ocrx_word' id='word_1_554' title='bbox 107 2021 251 2056; x_wconf 65' lang='grc' dir='ltr'>διαφυγὼν,</span> <span class='ocrx_word' id='word_1_555' title='bbox 276 2022 324 2048; x_wconf 71' lang='grc' dir='ltr'>καὶ</span> <span class='ocrx_word' id='word_1_556' title='bbox 342 2021 394 2047; x_wconf 73' lang='grc' dir='ltr'>ὑπὸ</span> <span class='ocrx_word' id='word_1_557' title='bbox 407 2021 461 2048; x_wconf 84' lang='grc' dir='ltr'><strong>τῶν</strong></span> <span class='ocrx_word' id='word_1_558' title='bbox 474 2021 579 2056; x_wconf 81' lang='grc' dir='ltr'>δεσμῶν</span> <span class='ocrx_word' id='word_1_559' title='bbox 592 2022 622 2048; x_wconf 79' lang='grc' dir='ltr'>οὐ</span> <span class='ocrx_word' id='word_1_560' title='bbox 642 2021 812 2058; x_wconf 82' lang='grc' dir='ltr'>κωλυόμενος</span> <span class='ocrx_word' id='word_1_561' title='bbox 826 2022 888 2057; x_wconf 79' lang='grc' dir='ltr'><strong>τρέ-</strong></span> 
     </span>
    </p>
   </div>
   <div class='ocr_carea' id='block_1_76' title="bbox 107 2067 889 2103">
    <p class='ocr_par' dir='ltr' id='par_1_76' title="bbox 107 2067 889 2103">
     <span class='ocr_line' id='line_1_76' title="bbox 107 2067 889 2103; baseline 0 -9"><span class='ocrx_word' id='word_1_562' title='bbox 107 2076 169 2102; x_wconf 82' lang='grc' dir='ltr'>χειν,</span> <span class='ocrx_word' id='word_1_563' title='bbox 183 2069 228 2094; x_wconf 86' lang='grc' dir='ltr'>καὶ</span> <span class='ocrx_word' id='word_1_564' title='bbox 243 2068 282 2103; x_wconf 83' lang='grc' dir='ltr'>τῷ</span> <span class='ocrx_word' id='word_1_565' title='bbox 297 2069 346 2103; x_wconf 75' lang='grc' dir='ltr'>μὲν</span> <span class='ocrx_word' id='word_1_566' title='bbox 361 2067 518 2103; x_wconf 77' lang='grc' dir='ltr'>καλύμματι</span> <span class='ocrx_word' id='word_1_567' title='bbox 542 2067 588 2095; x_wconf 85' lang='grc' dir='ltr'><strong>τοῦ</strong></span> <span class='ocrx_word' id='word_1_568' title='bbox 606 2067 751 2102; x_wconf 73' lang='grc' dir='ltr'><strong>προσώπου</strong></span> <span class='ocrx_word' id='word_1_569' title='bbox 763 2088 770 2098; x_wconf 89' lang='grc'>,</span> <span class='ocrx_word' id='word_1_570' title='bbox 784 2069 815 2094; x_wconf 78' lang='grc' dir='ltr'>τὸ</span> <span class='ocrx_word' id='word_1_571' title='bbox 833 2068 889 2103; x_wconf 86' lang='grc' dir='ltr'><strong>βλέ-</strong></span> 
     </span>
    </p>
   </div>
   <div class='ocr_carea' id='block_1_77' title="bbox 107 2113 888 2149">
    <p class='ocr_par' dir='ltr' id='par_1_77' title="bbox 107 2113 888 2149">
     <span class='ocr_line' id='line_1_77' title="bbox 107 2113 888 2149; baseline 0 -9"><span class='ocrx_word' id='word_1_572' title='bbox 107 2121 164 2140; x_wconf 75' lang='grc' dir='ltr'>πειν</span> <span class='ocrx_word' id='word_1_573' title='bbox 174 2113 365 2149; x_wconf 73' lang='grc' dir='ltr'><strong>ἀφῃρημένος,</strong></span> <span class='ocrx_word' id='word_1_574' title='bbox 386 2113 532 2145; x_wconf 81' lang='grc' dir='ltr'><strong>ἀκωλύτως</strong></span> <span class='ocrx_word' id='word_1_575' title='bbox 547 2113 575 2139; x_wconf 85' lang='grc' dir='ltr'>δὲ</span> <span class='ocrx_word' id='word_1_576' title='bbox 591 2113 658 2149; x_wconf 80' lang='grc' dir='ltr'>πρὸς</span> <span class='ocrx_word' id='word_1_577' title='bbox 675 2113 720 2140; x_wconf 84' lang='grc' dir='ltr'>τὸν</span> <span class='ocrx_word' id='word_1_578' title='bbox 737 2114 888 2141; x_wconf 78' lang='grc' dir='ltr'>καλέσαντα</span> 
     </span>
    </p>
   </div>
   <div class='ocr_carea' id='block_1_78' title="bbox 108 2158 886 2196">
    <p class='ocr_par' dir='ltr' id='par_1_78' title="bbox 108 2158 886 2196">
     <span class='ocr_line' id='line_1_78' title="bbox 108 2158 886 2196; baseline 0.003 -11"><span class='ocrx_word' id='word_1_579' title='bbox 108 2159 214 2194; x_wconf 71' lang='grc' dir='ltr'>τρέχων,</span> <span class='ocrx_word' id='word_1_580' title='bbox 239 2159 289 2185; x_wconf 69' lang='grc' dir='ltr'><strong>καὶ</strong></span> <span class='ocrx_word' id='word_1_581' title='bbox 313 2159 361 2194; x_wconf 87' lang='grc' dir='ltr'><strong>τὴν</strong></span> <span class='ocrx_word' id='word_1_582' title='bbox 380 2159 547 2194; x_wconf 82' lang='grc' dir='ltr'><strong>Δεσποτικὴν</strong></span> <span class='ocrx_word' id='word_1_583' title='bbox 574 2158 761 2193; x_wconf 71' lang='grc' dir='ltr'>ἐπιγινώσκων</span> <span class='ocrx_word' id='word_1_584' title='bbox 785 2161 886 2196; x_wconf 89' lang='grc' dir='ltr'>φωνήν.</span> 
     </span>
    </p>
   </div>
   <div class='ocr_carea' id='block_1_79' title="bbox 108 2203 887 2240">
    <p class='ocr_par' dir='ltr' id='par_1_79' title="bbox 108 2203 887 2240">
     <span class='ocr_line' id='line_1_79' title="bbox 108 2203 887 2240; baseline 0.003 -10"><span class='ocrx_word' id='word_1_585' title='bbox 108 2203 261 2239; x_wconf 78' lang='grc' dir='ltr'>Θεοπρεπὴς</span> <span class='ocrx_word' id='word_1_586' title='bbox 272 2204 326 2238; x_wconf 80' lang='grc' dir='ltr'><strong>γὰρ</strong></span> <span class='ocrx_word' id='word_1_587' title='bbox 342 2205 356 2230; x_wconf 84' lang='grc' dir='ltr'>ὁ</span> <span class='ocrx_word' id='word_1_588' title='bbox 372 2204 460 2238; x_wconf 80' lang='grc' dir='ltr'>λόγος,</span> <span class='ocrx_word' id='word_1_589' title='bbox 473 2205 520 2230; x_wconf 79' lang='grc' dir='ltr'>καὶ</span> <span class='ocrx_word' id='word_1_590' title='bbox 540 2203 677 2239; x_wconf 71' lang='grc' dir='ltr'>βασιλικὸν</span> <span class='ocrx_word' id='word_1_591' title='bbox 695 2205 725 2231; x_wconf 83' lang='grc' dir='ltr'>τὸ</span> <span class='ocrx_word' id='word_1_592' title='bbox 739 2205 887 2240; x_wconf 78' lang='grc' dir='ltr'>κέλευσμα,</span> 
     </span>
    </p>
   </div>
   <div class='ocr_carea' id='block_1_80' title="bbox 107 2244 888 2286">
    <p class='ocr_par' dir='ltr' id='par_1_80' title="bbox 107 2244 888 2286">
     <span class='ocr_line' id='line_1_80' title="bbox 107 2244 888 2286; baseline 0.003 -11"><span class='ocrx_word' id='word_1_593' title='bbox 107 2248 179 2275; x_wconf 81' lang='grc' dir='ltr'>λύσιν</span> <span class='ocrx_word' id='word_1_594' title='bbox 192 2249 251 2284; x_wconf 72' lang='grc' dir='ltr'>ἕχον</span> <span class='ocrx_word' id='word_1_595' title='bbox 261 2249 387 2282; x_wconf 86' lang='grc' dir='ltr'><strong>θανάτου,</strong></span> <span class='ocrx_word' id='word_1_596' title='bbox 405 2250 452 2276; x_wconf 76' lang='grc' dir='ltr'>καὶ</span> <span class='ocrx_word' id='word_1_597' title='bbox 466 2250 569 2284; x_wconf 75' lang='grc' dir='ltr'>φθορᾶς</span> <span class='ocrx_word' id='word_1_598' title='bbox 584 2244 750 2285; x_wconf 79' lang='grc' dir='ltr'><strong>ἀνατροπὴν,</strong></span> <span class='ocrx_word' id='word_1_599' title='bbox 761 2251 806 2277; x_wconf 67' lang='grc' dir='ltr'><strong>καὶ</strong></span> <span class='ocrx_word' id='word_1_600' title='bbox 819 2251 888 2286; x_wconf 80' lang='grc' dir='ltr'>ὑπὲρ</span> 
     </span>
    </p>
   </div>
   <div class='ocr_carea' id='block_1_81' title="bbox 109 2295 889 2333">
    <p class='ocr_par' dir='ltr' id='par_1_81' title="bbox 109 2295 889 2333">
     <span class='ocr_line' id='line_1_81' title="bbox 109 2295 889 2333; baseline 0.004 -12"><span class='ocrx_word' id='word_1_601' title='bbox 109 2295 180 2329; x_wconf 80' lang='grc' dir='ltr'>λόγον</span> <span class='ocrx_word' id='word_1_602' title='bbox 204 2296 343 2332; x_wconf 77' lang='grc' dir='ltr'>ἐνεργείας</span> <span class='ocrx_word' id='word_1_603' title='bbox 367 2296 512 2329; x_wconf 79' lang='grc' dir='ltr'><strong>ἀπόδειξιν.</strong></span> <span class='ocrx_word' id='word_1_604' title='bbox 545 2296 581 2323; x_wconf 85' lang='grc' dir='ltr'><strong>Τό</strong></span> <span class='ocrx_word' id='word_1_605' title='bbox 602 2305 633 2330; x_wconf 85' lang='grc' dir='ltr'>γε</span> <span class='ocrx_word' id='word_1_606' title='bbox 659 2297 711 2332; x_wconf 85' lang='grc' dir='ltr'>μὴν</span> <span class='ocrx_word' id='word_1_607' title='bbox 737 2297 889 2333; x_wconf 82' lang='grc' dir='ltr'>διαπρυσίῳ</span> 
     </span>
    </p>
   </div>
   <div class='ocr_carea' id='block_1_82' title="bbox 110 2340 888 2378">
    <p class='ocr_par' dir='ltr' id='par_1_82' title="bbox 110 2340 888 2378">
     <span class='ocr_line' id='line_1_82' title="bbox 110 2340 888 2378; baseline 0.003 -11"><span class='ocrx_word' id='word_1_608' title='bbox 110 2342 220 2376; x_wconf 75' lang='grc' dir='ltr'>χρῆσθαι</span> <span class='ocrx_word' id='word_1_609' title='bbox 241 2343 363 2376; x_wconf 79' lang='grc' dir='ltr'>κραυγῇ,</span> <span class='ocrx_word' id='word_1_610' title='bbox 384 2340 457 2374; x_wconf 81' lang='grc' dir='ltr'>ξένον</span> <span class='ocrx_word' id='word_1_611' title='bbox 485 2342 624 2377; x_wconf 74' lang='grc' dir='ltr'>πανταχοῦ</span> <span class='ocrx_word' id='word_1_612' title='bbox 643 2343 689 2369; x_wconf 74' lang='grc' dir='ltr'>καὶ</span> <span class='ocrx_word' id='word_1_613' title='bbox 706 2343 838 2378; x_wconf 79' lang='grc' dir='ltr'><strong>ἀσύνηθες</strong></span> <span class='ocrx_word' id='word_1_614' title='bbox 849 2343 888 2378; x_wconf 80' lang='grc' dir='ltr'><strong>τῷ</strong></span> 
     </span>
    </p>
   </div>
   <div class='ocr_carea' id='block_1_83' title="bbox 110 2386 889 2426">
    <p class='ocr_par' dir='ltr' id='par_1_83' title="bbox 110 2386 889 2426">
     <span class='ocr_line' id='line_1_83' title="bbox 110 2386 889 2426; baseline 0 -11"><span class='ocrx_word' id='word_1_615' title='bbox 110 2386 210 2422; x_wconf 70' lang='grc' dir='ltr'>Σωτῆρι</span> <span class='ocrx_word' id='word_1_616' title='bbox 223 2386 342 2422; x_wconf 78' lang='grc' dir='ltr'><strong>Χριστῷ.</strong></span> <span class='ocrx_word' id='word_1_617' title='bbox 371 2387 426 2413; x_wconf 78' lang='grc' dir='ltr'><strong>Καὶ</strong></span> <span class='ocrx_word' id='word_1_618' title='bbox 441 2387 506 2421; x_wconf 79' lang='grc' dir='ltr'>γοῦν</span> <span class='ocrx_word' id='word_1_619' title='bbox 522 2389 536 2414; x_wconf 84' lang='grc' dir='ltr'>ὁ</span> <span class='ocrx_word' id='word_1_620' title='bbox 560 2388 624 2419; x_wconf 81' lang='grc' dir='ltr'>Θεὸς</span> <span class='ocrx_word' id='word_1_621' title='bbox 649 2389 696 2415; x_wconf 67' lang='grc' dir='ltr'>καὶ</span> <span class='ocrx_word' id='word_1_622' title='bbox 712 2389 807 2424; x_wconf 82' lang='grc' dir='ltr'>Πατὴρ</span> <span class='ocrx_word' id='word_1_623' title='bbox 825 2390 889 2426; x_wconf 71' lang='grc' dir='ltr'>περὶ</span> 
     </span>
    </p>
   </div>
   <div class='ocr_carea' id='block_1_84' title="bbox 111 2432 886 2469">
    <p class='ocr_par' dir='ltr' id='par_1_84' title="bbox 111 2432 886 2469">
     <span class='ocr_line' id='line_1_84' title="bbox 111 2432 886 2469; baseline 0.004 -11"><span class='ocrx_word' id='word_1_624' title='bbox 111 2432 186 2458; x_wconf 74' lang='grc' dir='ltr'>αὑτοῦ</span> <span class='ocrx_word' id='word_1_625' title='bbox 210 2433 260 2458; x_wconf 77' lang='grc' dir='ltr'>πού</span> <span class='ocrx_word' id='word_1_626' title='bbox 280 2441 362 2468; x_wconf 84' lang='grc' dir='ltr'>φησιν</span> <span class='ocrx_word' id='word_1_627' title='bbox 376 2441 382 2448; x_wconf 92' lang='grc'><strong>·</strong></span> <span class='ocrx_word' id='word_1_628' title='bbox 412 2441 420 2458; x_wconf 72' lang='grc' dir='ltr'><strong>ι</strong></span> <span class='ocrx_word' id='word_1_629' title='bbox 437 2433 493 2459; x_wconf 74' lang='grc' dir='ltr'><strong>Οὐκ</strong></span> <span class='ocrx_word' id='word_1_630' title='bbox 508 2433 608 2468; x_wconf 78' lang='grc' dir='ltr'><strong>ἐρίσει,</strong></span> <span class='ocrx_word' id='word_1_631' title='bbox 628 2434 688 2460; x_wconf 77' lang='grc' dir='ltr'>οὐδὲ</span> <span class='ocrx_word' id='word_1_632' title='bbox 700 2435 864 2469; x_wconf 76' lang='grc' dir='ltr'><strong>κραυγάσει,</strong></span> <span class='ocrx_word' id='word_1_633' title='bbox 877 2445 886 2460; x_wconf 73' lang='grc' dir='ltr'><strong>ι</strong></span> 
     </span>
    </p>
   </div>
   <div class='ocr_carea' id='block_1_85' title="bbox 111 2478 889 2514">
    <p class='ocr_par' dir='ltr' id='par_1_85' title="bbox 111 2478 889 2514">
     <span class='ocr_line' id='line_1_85' title="bbox 111 2478 889 2514; baseline 0.003 -10"><span class='ocrx_word' id='word_1_634' title='bbox 111 2478 156 2504; x_wconf 72' lang='grc' dir='ltr'><strong>καὶ</strong></span> <span class='ocrx_word' id='word_1_635' title='bbox 168 2478 199 2504; x_wconf 75' lang='grc' dir='ltr'><strong>τὰ</strong></span> <span class='ocrx_word' id='word_1_636' title='bbox 214 2478 286 2513; x_wconf 76' lang='grc' dir='ltr'>ἑξῆς.</span> <span class='ocrx_word' id='word_1_637' title='bbox 310 2478 442 2513; x_wconf 71' lang='grc' dir='ltr'>Ἀψοφητὶ</span> <span class='ocrx_word' id='word_1_638' title='bbox 455 2478 508 2512; x_wconf 82' lang='grc' dir='ltr'>γὰρ</span> <span class='ocrx_word' id='word_1_639' title='bbox 525 2478 571 2505; x_wconf 76' lang='grc' dir='ltr'><strong>καὶ</strong></span> <span class='ocrx_word' id='word_1_640' title='bbox 585 2478 699 2513; x_wconf 73' lang='grc' dir='ltr'>θορύϐου</span> <span class='ocrx_word' id='word_1_641' title='bbox 711 2479 772 2514; x_wconf 83' lang='grc' dir='ltr'>δίχα</span> <span class='ocrx_word' id='word_1_642' title='bbox 790 2480 889 2511; x_wconf 77' lang='grc' dir='ltr'>παντὸς</span> 
     </span>
    </p>
   </div>
   <div class='ocr_carea' id='block_1_86' title="bbox 113 2521 888 2560">
    <p class='ocr_par' dir='ltr' id='par_1_86' title="bbox 113 2521 888 2560">
     <span class='ocr_line' id='line_1_86' title="bbox 113 2521 888 2560; baseline 0.004 -12"><span class='ocrx_word' id='word_1_643' title='bbox 113 2521 143 2548; x_wconf 83' lang='grc' dir='ltr'>τὰ</span> <span class='ocrx_word' id='word_1_644' title='bbox 154 2522 202 2557; x_wconf 85' lang='grc' dir='ltr'><strong>τῆς</strong></span> <span class='ocrx_word' id='word_1_645' title='bbox 212 2522 328 2558; x_wconf 77' lang='grc' dir='ltr'><strong>ἀληθοῦς</strong></span> <span class='ocrx_word' id='word_1_646' title='bbox 339 2523 464 2558; x_wconf 83' lang='grc' dir='ltr'>Θεότητος</span> <span class='ocrx_word' id='word_1_647' title='bbox 475 2523 542 2558; x_wconf 73' lang='grc' dir='ltr'>ἔργα</span> <span class='ocrx_word' id='word_1_648' title='bbox 553 2531 559 2538; x_wconf 92' lang='grc'>·</span> <span class='ocrx_word' id='word_1_649' title='bbox 570 2523 653 2550; x_wconf 77' lang='grc' dir='ltr'>ταῦτα</span> <span class='ocrx_word' id='word_1_650' title='bbox 667 2523 694 2550; x_wconf 80' lang='grc' dir='ltr'><strong>δὲ</strong></span> <span class='ocrx_word' id='word_1_651' title='bbox 710 2523 744 2551; x_wconf 71' lang='grc' dir='ltr'>τὰ</span> <span class='ocrx_word' id='word_1_652' title='bbox 763 2525 812 2558; x_wconf 81' lang='grc' dir='ltr'><strong>τῆς</strong></span> <span class='ocrx_word' id='word_1_653' title='bbox 823 2525 888 2560; x_wconf 85' lang='grc' dir='ltr'><strong>ἀλη-</strong></span> 
     </span>
    </p>
   </div>
   <div class='ocr_carea' id='block_1_87' title="bbox 114 2566 889 2606">
    <p class='ocr_par' dir='ltr' id='par_1_87' title="bbox 114 2566 889 2606">
     <span class='ocr_line' id='line_1_87' title="bbox 114 2566 889 2606; baseline 0.003 -12"><span class='ocrx_word' id='word_1_654' title='bbox 114 2566 170 2599; x_wconf 79' lang='grc' dir='ltr'><strong>θοῦς</strong></span> <span class='ocrx_word' id='word_1_655' title='bbox 181 2566 214 2604; x_wconf 78' lang='grc' dir='ltr'>ἦν</span> <span class='ocrx_word' id='word_1_656' title='bbox 233 2569 262 2595; x_wconf 84' lang='grc' dir='ltr'>ὲν</span> <span class='ocrx_word' id='word_1_657' title='bbox 279 2568 389 2604; x_wconf 76' lang='grc' dir='ltr'>Χριστῷ</span> <span class='ocrx_word' id='word_1_658' title='bbox 402 2576 409 2585; x_wconf 88' lang='grc'>⁶</span> <span class='ocrx_word' id='word_1_659' title='bbox 434 2569 499 2600; x_wconf 76' lang='grc' dir='ltr'><strong>Θεὸς</strong></span> <span class='ocrx_word' id='word_1_660' title='bbox 524 2569 577 2603; x_wconf 80' lang='grc' dir='ltr'>γὰρ</span> <span class='ocrx_word' id='word_1_661' title='bbox 590 2571 620 2595; x_wconf 78' lang='grc' dir='ltr'>ἐκ</span> <span class='ocrx_word' id='word_1_662' title='bbox 633 2570 704 2598; x_wconf 47' lang='grc' dir='ltr'><strong>Θεοῦη</strong></span> <span class='ocrx_word' id='word_1_663' title='bbox 722 2570 791 2597; x_wconf 81' lang='grc' dir='ltr'>κατὰ</span> <span class='ocrx_word' id='word_1_664' title='bbox 808 2570 889 2606; x_wconf 79' lang='grc' dir='ltr'>φύσιν</span> 
     </span>
    </p>
   </div>
   <div class='ocr_carea' id='block_1_88' title="bbox 114 2611 889 2650">
    <p class='ocr_par' dir='ltr' id='par_1_88' title="bbox 114 2611 889 2650">
     <span class='ocr_line' id='line_1_88' title="bbox 114 2611 889 2650; baseline 0.004 -11"><span class='ocrx_word' id='word_1_665' title='bbox 114 2612 167 2639; x_wconf 68' lang='grc' dir='ltr'>ἐστὶ</span> <span class='ocrx_word' id='word_1_666' title='bbox 182 2614 227 2640; x_wconf 73' lang='grc' dir='ltr'>καὶ</span> <span class='ocrx_word' id='word_1_667' title='bbox 242 2614 378 2649; x_wconf 81' lang='grc' dir='ltr'>ἀληθινός.</span> <span class='ocrx_word' id='word_1_668' title='bbox 407 2613 438 2640; x_wconf 86' lang='grc' dir='ltr'><strong>Τί</strong></span> <span class='ocrx_word' id='word_1_669' title='bbox 453 2611 499 2640; x_wconf 74' lang='grc' dir='ltr'>οὖν</span> <span class='ocrx_word' id='word_1_670' title='bbox 521 2614 574 2648; x_wconf 80' lang='grc' dir='ltr'>ἄρα</span> <span class='ocrx_word' id='word_1_671' title='bbox 590 2614 680 2649; x_wconf 75' lang='grc' dir='ltr'>φαμὲν</span> <span class='ocrx_word' id='word_1_672' title='bbox 691 2634 698 2644; x_wconf 89' lang='lat'><strong>,</strong></span> <span class='ocrx_word' id='word_1_673' title='bbox 712 2615 774 2641; x_wconf 84' lang='grc' dir='ltr'>ὅταν</span> <span class='ocrx_word' id='word_1_674' title='bbox 791 2615 889 2650; x_wconf 84' lang='grc' dir='ltr'>ἴδωμεν</span> 
     </span>
    </p>
   </div>
   <div class='ocr_carea' id='block_1_89' title="bbox 115 2657 887 2695">
    <p class='ocr_par' dir='ltr' id='par_1_89' title="bbox 115 2657 887 2695">
     <span class='ocr_line' id='line_1_89' title="bbox 115 2657 887 2695; baseline 0.003 -11"><span class='ocrx_word' id='word_1_675' title='bbox 115 2657 250 2693; x_wconf 75' lang='grc' dir='ltr'><strong>ἀσυνήθως</strong></span> <span class='ocrx_word' id='word_1_676' title='bbox 268 2659 475 2694; x_wconf 79' lang='grc' dir='ltr'>ἅνακεκραγότα</span> <span class='ocrx_word' id='word_1_677' title='bbox 488 2667 495 2692; x_wconf 90' lang='grc'>;</span> <span class='ocrx_word' id='word_1_678' title='bbox 519 2659 556 2685; x_wconf 81' lang='grc' dir='ltr'><strong>Οὐ</strong></span> <span class='ocrx_word' id='word_1_679' title='bbox 571 2659 625 2694; x_wconf 68' lang='grc' dir='ltr'><strong>γὰρ</strong></span> <span class='ocrx_word' id='word_1_680' title='bbox 639 2658 724 2694; x_wconf 79' lang='grc' dir='ltr'>δήπου</span> <span class='ocrx_word' id='word_1_681' title='bbox 760 2660 887 2695; x_wconf 78' lang='grc' dir='ltr'>κατοική-</span> 
     </span>
    </p>
   </div>
   <div class='ocr_carea' id='block_1_90' title="bbox 116 2705 890 2741">
    <p class='ocr_par' dir='ltr' id='par_1_90' title="bbox 116 2705 890 2741">
     <span class='ocr_line' id='line_1_90' title="bbox 116 2705 890 2741; baseline 0.003 -11"><span class='ocrx_word' id='word_1_682' title='bbox 116 2707 186 2731; x_wconf 84' lang='grc' dir='ltr'>σεται</span> <span class='ocrx_word' id='word_1_683' title='bbox 202 2714 244 2737; x_wconf 83' lang='grc' dir='ltr'>τις</span> <span class='ocrx_word' id='word_1_684' title='bbox 259 2708 298 2737; x_wconf 87' lang='grc' dir='ltr'><strong>εἰς</strong></span> <span class='ocrx_word' id='word_1_685' title='bbox 317 2706 395 2732; x_wconf 75' lang='grc' dir='ltr'>τοῦτο</span> <span class='ocrx_word' id='word_1_686' title='bbox 414 2706 532 2741; x_wconf 81' lang='grc' dir='ltr'>μωρίας,</span> <span class='ocrx_word' id='word_1_687' title='bbox 555 2705 593 2736; x_wconf 81' lang='grc' dir='ltr'><strong>ὠς</strong></span> <span class='ocrx_word' id='word_1_688' title='bbox 607 2705 658 2738; x_wconf 77' lang='grc' dir='ltr'><strong>ἔξω</strong></span> <span class='ocrx_word' id='word_1_689' title='bbox 674 2705 721 2733; x_wconf 78' lang='grc' dir='ltr'><strong>τοῦ</strong></span> <span class='ocrx_word' id='word_1_690' title='bbox 740 2706 890 2740; x_wconf 74' lang='grc' dir='ltr'>πρέποντος</span> 
     </span>
    </p>
   </div>
   <div class='ocr_carea' id='block_1_91' title="bbox 148 2771 701 2808">
    <p class='ocr_par' dir='ltr' id='par_1_91' title="bbox 148 2771 701 2808">
     <span class='ocr_line' id='line_1_91' title="bbox 148 2771 701 2808; baseline -0.002 -9"><span class='ocrx_word' id='word_1_691' title='bbox 148 2771 169 2787; x_wconf 77' lang='grc'><strong>⁸⁸</strong></span> <span class='ocrx_word' id='word_1_692' title='bbox 183 2771 298 2808; x_wconf 83' lang='lat' dir='ltr'><strong>Philipp.</strong></span> <span class='ocrx_word' id='word_1_693' title='bbox 315 2781 352 2805; x_wconf 87' lang='lat' dir='ltr'><strong>II,</strong></span> <span class='ocrx_word' id='word_1_694' title='bbox 370 2773 431 2800; x_wconf 78' lang='lat'><strong>6—8.</strong></span> <span class='ocrx_word' id='word_1_695' title='bbox 470 2772 491 2788; x_wconf 77' lang='grc'>⁸⁷</span> <span class='ocrx_word' id='word_1_696' title='bbox 512 2773 564 2800; x_wconf 89' lang='lat' dir='ltr'><strong>lsa.</strong></span> <span class='ocrx_word' id='word_1_697' title='bbox 584 2780 638 2800; x_wconf 80' lang='lat' dir='ltr'><strong>xui</strong></span> <span class='ocrx_word' id='word_1_698' title='bbox 651 2793 658 2804; x_wconf 89' lang='lat'><strong>,</strong></span> <span class='ocrx_word' id='word_1_699' title='bbox 675 2773 701 2799; x_wconf 67' lang='grc' dir='ltr'>ε.</span> 
     </span>
    </p>
   </div>
   <div class='ocr_carea' id='block_1_92' title="bbox 937 1702 1225 1737">
    <p class='ocr_par' dir='ltr' id='par_1_92' title="bbox 937 1702 1225 1737">
     <span class='ocr_line' id='line_1_92' title="bbox 937 1702 1225 1737; baseline 0.003 -8"><span class='ocrx_word' id='word_1_700' title='bbox 937 1702 1050 1735; x_wconf 78' lang='lat' dir='ltr'><strong>Lazare,</strong></span> <span class='ocrx_word' id='word_1_701' title='bbox 1063 1703 1121 1730; x_wconf 73' lang='lat' dir='ltr'><strong>veni</strong></span> <span class='ocrx_word' id='word_1_702' title='bbox 1138 1703 1225 1737; x_wconf 68' lang='lat' dir='ltr'><strong>foras.</strong></span> 
     </span>
    </p>
   </div>
   <div class='ocr_carea' id='block_1_93' title="bbox 972 1748 1722 1783">
    <p class='ocr_par' dir='ltr' id='par_1_93' title="bbox 972 1748 1722 1783">
     <span class='ocr_line' id='line_1_93' title="bbox 972 1748 1722 1783; baseline 0 -7"><span class='ocrx_word' id='word_1_703' title='bbox 972 1748 1110 1776; x_wconf 84' lang='lat' dir='ltr'><strong>Fetentem</strong></span> <span class='ocrx_word' id='word_1_704' title='bbox 1123 1753 1262 1776; x_wconf 87' lang='lat' dir='ltr'><strong>mortuum</strong></span> <span class='ocrx_word' id='word_1_705' title='bbox 1275 1751 1337 1783; x_wconf 90' lang='lat' dir='ltr'><strong>post</strong></span> <span class='ocrx_word' id='word_1_706' title='bbox 1352 1753 1481 1783; x_wconf 84' lang='lat' dir='ltr'><strong>quartum</strong></span> <span class='ocrx_word' id='word_1_707' title='bbox 1496 1755 1511 1775; x_wconf 91' lang='lat' dir='ltr'><strong>a</strong></span> <span class='ocrx_word' id='word_1_708' title='bbox 1523 1753 1611 1776; x_wconf 89' lang='lat' dir='ltr'><strong>morte</strong></span> <span class='ocrx_word' id='word_1_709' title='bbox 1623 1748 1694 1776; x_wconf 81' lang='lat' dir='ltr'><strong>diem</strong></span> <span class='ocrx_word' id='word_1_710' title='bbox 1707 1757 1722 1776; x_wconf 90' lang='lat' dir='ltr'><strong>e</strong></span> 
     </span>
    </p>
   </div>
   <div class='ocr_carea' id='block_1_94' title="bbox 937 1794 1723 1829">
    <p class='ocr_par' dir='ltr' id='par_1_94' title="bbox 937 1794 1723 1829">
     <span class='ocr_line' id='line_1_94' title="bbox 937 1794 1723 1829; baseline -0.001 -7"><span class='ocrx_word' id='word_1_711' title='bbox 937 1794 1064 1829; x_wconf 84' lang='lat' dir='ltr'><strong>sepulcro</strong></span> <span class='ocrx_word' id='word_1_712' title='bbox 1097 1794 1208 1827; x_wconf 79' lang='lat' dir='ltr'><strong>eduxit,</strong></span> <span class='ocrx_word' id='word_1_713' title='bbox 1231 1795 1410 1829; x_wconf 85' lang='lat' dir='ltr'><strong>vinctumque</strong></span> <span class='ocrx_word' id='word_1_714' title='bbox 1428 1801 1460 1821; x_wconf 83' lang='lat' dir='ltr'><strong>ac</strong></span> <span class='ocrx_word' id='word_1_715' title='bbox 1485 1794 1643 1829; x_wconf 81' lang='lat' dir='ltr'><strong>impeditum</strong></span> <span class='ocrx_word' id='word_1_716' title='bbox 1663 1802 1723 1821; x_wconf 87' lang='lat' dir='ltr'><strong>am-</strong></span> 
     </span>
    </p>
   </div>
   <div class='ocr_carea' id='block_1_95' title="bbox 937 1839 1724 1874">
    <p class='ocr_par' dir='ltr' id='par_1_95' title="bbox 937 1839 1724 1874">
     <span class='ocr_line' id='line_1_95' title="bbox 937 1839 1724 1874; baseline 0 -8"><span class='ocrx_word' id='word_1_717' title='bbox 937 1839 1034 1866; x_wconf 83' lang='lat' dir='ltr'><strong>bulare</strong></span> <span class='ocrx_word' id='word_1_718' title='bbox 1054 1839 1151 1874; x_wconf 88' lang='lat' dir='ltr'><strong>jussit,</strong></span> <span class='ocrx_word' id='word_1_719' title='bbox 1167 1843 1290 1874; x_wconf 88' lang='lat' dir='ltr'><strong>tuncque</strong></span> <span class='ocrx_word' id='word_1_720' title='bbox 1305 1843 1419 1874; x_wconf 87' lang='lat' dir='ltr'><strong>repente</strong></span> <span class='ocrx_word' id='word_1_721' title='bbox 1435 1842 1462 1866; x_wconf 88' lang='lat' dir='ltr'><strong>et</strong></span> <span class='ocrx_word' id='word_1_722' title='bbox 1478 1847 1551 1866; x_wconf 85' lang='lat' dir='ltr'><strong>mors</strong></span> <span class='ocrx_word' id='word_1_723' title='bbox 1566 1839 1680 1874; x_wconf 79' lang='lat' dir='ltr'><strong>aufugit,</strong></span> <span class='ocrx_word' id='word_1_724' title='bbox 1697 1845 1724 1867; x_wconf 87' lang='lat' dir='ltr'><strong>et</strong></span> 
     </span>
    </p>
   </div>
   <div class='ocr_carea' id='block_1_96' title="bbox 937 1884 1725 1920">
    <p class='ocr_par' dir='ltr' id='par_1_96' title="bbox 937 1884 1725 1920">
     <span class='ocr_line' id='line_1_96' title="bbox 937 1884 1725 1920; baseline 0.001 -9"><span class='ocrx_word' id='word_1_725' title='bbox 937 1891 1063 1912; x_wconf 89' lang='lat' dir='ltr'><strong>mortuus</strong></span> <span class='ocrx_word' id='word_1_726' title='bbox 1089 1892 1103 1911; x_wconf 91' lang='lat' dir='ltr'><strong>a</strong></span> <span class='ocrx_word' id='word_1_727' title='bbox 1125 1885 1269 1920; x_wconf 76' lang='lat' dir='ltr'><strong>putredine</strong></span> <span class='ocrx_word' id='word_1_728' title='bbox 1295 1884 1430 1912; x_wconf 85' lang='lat' dir='ltr'><strong>liberatus</strong></span> <span class='ocrx_word' id='word_1_729' title='bbox 1455 1885 1591 1916; x_wconf 89' lang='lat' dir='ltr'><strong>cucurrit,</strong></span> <span class='ocrx_word' id='word_1_730' title='bbox 1616 1885 1725 1920; x_wconf 85' lang='lat' dir='ltr'><strong>abjecto</strong></span> 
     </span>
    </p>
   </div>
   <div class='ocr_carea' id='block_1_97' title="bbox 937 1929 1724 1965">
    <p class='ocr_par' dir='ltr' id='par_1_97' title="bbox 937 1929 1724 1965">
     <span class='ocr_line' id='line_1_97' title="bbox 937 1929 1724 1965; baseline 0.003 -9"><span class='ocrx_word' id='word_1_731' title='bbox 937 1931 1012 1957; x_wconf 87' lang='lat' dir='ltr'><strong>omni</strong></span> <span class='ocrx_word' id='word_1_732' title='bbox 1039 1930 1100 1964; x_wconf 78' lang='lat' dir='ltr'><strong>ejus</strong></span> <span class='ocrx_word' id='word_1_733' title='bbox 1124 1929 1222 1961; x_wconf 79' lang='lat' dir='ltr'><strong>fetore,</strong></span> <span class='ocrx_word' id='word_1_734' title='bbox 1239 1934 1266 1957; x_wconf 89' lang='lat' dir='ltr'><strong>et</strong></span> <span class='ocrx_word' id='word_1_735' title='bbox 1289 1930 1377 1965; x_wconf 80' lang='lat' dir='ltr'><strong>portis</strong></span> <span class='ocrx_word' id='word_1_736' title='bbox 1397 1930 1494 1958; x_wconf 90' lang='lat' dir='ltr'><strong>mortis</strong></span> <span class='ocrx_word' id='word_1_737' title='bbox 1517 1931 1640 1965; x_wconf 84' lang='lat' dir='ltr'><strong>elapsus,</strong></span> <span class='ocrx_word' id='word_1_738' title='bbox 1656 1931 1724 1958; x_wconf 91' lang='lat' dir='ltr'><strong>nihil</strong></span> 
     </span>
    </p>
   </div>
   <div class='ocr_carea' id='block_1_98' title="bbox 939 1976 1723 2011">
    <p class='ocr_par' dir='ltr' id='par_1_98' title="bbox 939 1976 1723 2011">
     <span class='ocr_line' id='line_1_98' title="bbox 939 1976 1723 2011; baseline 0.003 -9"><span class='ocrx_word' id='word_1_739' title='bbox 939 1976 1055 2003; x_wconf 59' lang='lat' dir='ltr'><strong>vinculis</strong></span> <span class='ocrx_word' id='word_1_740' title='bbox 1067 1977 1125 2003; x_wconf 84' lang='lat' dir='ltr'><strong>suis</strong></span> <span class='ocrx_word' id='word_1_741' title='bbox 1146 1984 1258 2004; x_wconf 88' lang='lat' dir='ltr'><strong>currere</strong></span> <span class='ocrx_word' id='word_1_742' title='bbox 1275 1976 1444 2011; x_wconf 84' lang='lat' dir='ltr'><strong>prohibitus.</strong></span> <span class='ocrx_word' id='word_1_743' title='bbox 1458 1976 1490 2003; x_wconf 88' lang='lat' dir='ltr'><strong>Et</strong></span> <span class='ocrx_word' id='word_1_744' title='bbox 1504 1977 1596 2003; x_wconf 89' lang='lat' dir='ltr'><strong>vultus</strong></span> <span class='ocrx_word' id='word_1_745' title='bbox 1611 1976 1723 2011; x_wconf 88' lang='lat' dir='ltr'><strong>quidem</strong></span> 
     </span>
    </p>
   </div>
   <div class='ocr_carea' id='block_1_99' title="bbox 937 2021 1724 2056">
    <p class='ocr_par' dir='ltr' id='par_1_99' title="bbox 937 2021 1724 2056">
     <span class='ocr_line' id='line_1_99' title="bbox 937 2021 1724 2056; baseline 0.001 -9"><span class='ocrx_word' id='word_1_746' title='bbox 937 2021 1092 2048; x_wconf 84' lang='lat' dir='ltr'><strong>velamento</strong></span> <span class='ocrx_word' id='word_1_747' title='bbox 1107 2021 1217 2049; x_wconf 88' lang='lat' dir='ltr'><strong>videndi</strong></span> <span class='ocrx_word' id='word_1_748' title='bbox 1242 2029 1294 2049; x_wconf 85' lang='lat' dir='ltr'><strong>usu</strong></span> <span class='ocrx_word' id='word_1_749' title='bbox 1313 2022 1446 2056; x_wconf 88' lang='lat' dir='ltr'><strong>privatus,</strong></span> <span class='ocrx_word' id='word_1_750' title='bbox 1465 2022 1543 2049; x_wconf 88' lang='lat' dir='ltr'><strong>nullo</strong></span> <span class='ocrx_word' id='word_1_751' title='bbox 1566 2027 1656 2049; x_wconf 92' lang='lat' dir='ltr'><strong>tamen</strong></span> <span class='ocrx_word' id='word_1_752' title='bbox 1673 2022 1724 2048; x_wconf 93' lang='lat' dir='ltr'><strong>im-</strong></span> 
     </span>
    </p>
   </div>
   <div class='ocr_carea' id='block_1_100' title="bbox 940 2067 1724 2102">
    <p class='ocr_par' dir='ltr' id='par_1_100' title="bbox 940 2067 1724 2102">
     <span class='ocr_line' id='line_1_100' title="bbox 940 2067 1724 2102; baseline 0.003 -10"><span class='ocrx_word' id='word_1_753' title='bbox 940 2067 1106 2099; x_wconf 81' lang='lat' dir='ltr'><strong>pedimento,</strong></span> <span class='ocrx_word' id='word_1_754' title='bbox 1138 2067 1289 2102; x_wconf 87' lang='lat' dir='ltr'><strong>quominus</strong></span> <span class='ocrx_word' id='word_1_755' title='bbox 1307 2068 1340 2094; x_wconf 89' lang='lat' dir='ltr'><strong>ad</strong></span> <span class='ocrx_word' id='word_1_756' title='bbox 1358 2075 1419 2095; x_wconf 93' lang='lat' dir='ltr'><strong>eum</strong></span> <span class='ocrx_word' id='word_1_757' title='bbox 1440 2068 1486 2102; x_wconf 88' lang='lat' dir='ltr'><strong>qui</strong></span> <span class='ocrx_word' id='word_1_758' title='bbox 1503 2072 1648 2094; x_wconf 85' lang='lat' dir='ltr'><strong>vocaverat</strong></span> <span class='ocrx_word' id='word_1_759' title='bbox 1662 2075 1724 2094; x_wconf 88' lang='lat' dir='ltr'><strong>cur-</strong></span> 
     </span>
    </p>
   </div>
   <div class='ocr_carea' id='block_1_101' title="bbox 938 2109 1725 2149">
    <p class='ocr_par' dir='ltr' id='par_1_101' title="bbox 938 2109 1725 2149">
     <span class='ocr_line' id='line_1_101' title="bbox 938 2109 1725 2149; baseline 0 -9"><span class='ocrx_word' id='word_1_760' title='bbox 938 2117 1022 2145; x_wconf 83' lang='lat' dir='ltr'><strong>reret,</strong></span> <span class='ocrx_word' id='word_1_761' title='bbox 1037 2113 1203 2147; x_wconf 86' lang='lat' dir='ltr'><strong>retardatus,</strong></span> <span class='ocrx_word' id='word_1_762' title='bbox 1217 2121 1370 2149; x_wconf 80' lang='lat' dir='ltr'><strong>agnoscens</strong></span> <span class='ocrx_word' id='word_1_763' title='bbox 1385 2109 1489 2140; x_wconf 72' lang='lat' dir='ltr'><strong>Dotitini</strong></span> <span class='ocrx_word' id='word_1_764' title='bbox 1503 2121 1612 2141; x_wconf 88' lang='lat' dir='ltr'><strong>vocem.</strong></span> <span class='ocrx_word' id='word_1_765' title='bbox 1628 2113 1725 2140; x_wconf 87' lang='lat' dir='ltr'><strong>Sermo</strong></span> 
     </span>
    </p>
   </div>
   <div class='ocr_carea' id='block_1_102' title="bbox 939 2157 1724 2194">
    <p class='ocr_par' dir='ltr' id='par_1_102' title="bbox 939 2157 1724 2194">
     <span class='ocr_line' id='line_1_102' title="bbox 939 2157 1724 2194; baseline 0 -9"><span class='ocrx_word' id='word_1_766' title='bbox 939 2159 1011 2186; x_wconf 89' lang='lat' dir='ltr'><strong>enim</strong></span> <span class='ocrx_word' id='word_1_767' title='bbox 1029 2157 1084 2186; x_wconf 86' lang='lat' dir='ltr'><strong>Deo</strong></span> <span class='ocrx_word' id='word_1_768' title='bbox 1100 2159 1210 2194; x_wconf 77' lang='lat' dir='ltr'><strong>dignus,</strong></span> <span class='ocrx_word' id='word_1_769' title='bbox 1221 2165 1248 2187; x_wconf 86' lang='lat' dir='ltr'><strong>et</strong></span> <span class='ocrx_word' id='word_1_770' title='bbox 1263 2160 1372 2194; x_wconf 89' lang='lat' dir='ltr'><strong>jussum</strong></span> <span class='ocrx_word' id='word_1_771' title='bbox 1389 2159 1492 2194; x_wconf 75' lang='lat' dir='ltr'><strong>regium</strong></span> <span class='ocrx_word' id='word_1_772' title='bbox 1506 2158 1608 2186; x_wconf 89' lang='lat' dir='ltr'><strong>habens</strong></span> <span class='ocrx_word' id='word_1_773' title='bbox 1621 2159 1724 2186; x_wconf 79' lang='lat' dir='ltr'><strong>exitum</strong></span> 
     </span>
    </p>
   </div>
   <div class='ocr_carea' id='block_1_103' title="bbox 939 2205 1725 2240">
    <p class='ocr_par' dir='ltr' id='par_1_103' title="bbox 939 2205 1725 2240">
     <span class='ocr_line' id='line_1_103' title="bbox 939 2205 1725 2240; baseline -0.003 -8"><span class='ocrx_word' id='word_1_774' title='bbox 939 2206 1038 2233; x_wconf 87' lang='lat' dir='ltr'><strong>mortis</strong></span> <span class='ocrx_word' id='word_1_775' title='bbox 1057 2210 1083 2233; x_wconf 93' lang='lat' dir='ltr'><strong>et</strong></span> <span class='ocrx_word' id='word_1_776' title='bbox 1099 2206 1288 2240; x_wconf 88' lang='lat' dir='ltr'><strong>corruptionis</strong></span> <span class='ocrx_word' id='word_1_777' title='bbox 1309 2205 1491 2236; x_wconf 85' lang='lat' dir='ltr'><strong>eversionem,</strong></span> <span class='ocrx_word' id='word_1_778' title='bbox 1508 2209 1538 2236; x_wconf 78' lang='lat' dir='ltr'><strong>et</strong></span> <span class='ocrx_word' id='word_1_779' title='bbox 1556 2205 1725 2240; x_wconf 87' lang='lat' dir='ltr'><strong>operationis</strong></span> 
     </span>
    </p>
   </div>
   <div class='ocr_carea' id='block_1_104' title="bbox 939 2250 1724 2286">
    <p class='ocr_par' dir='ltr' id='par_1_104' title="bbox 939 2250 1724 2286">
     <span class='ocr_line' id='line_1_104' title="bbox 939 2250 1724 2286; baseline -0.001 -9"><span class='ocrx_word' id='word_1_780' title='bbox 939 2252 1045 2278; x_wconf 90' lang='lat' dir='ltr'><strong>ratione</strong></span> <span class='ocrx_word' id='word_1_781' title='bbox 1063 2251 1176 2286; x_wconf 83' lang='lat' dir='ltr'><strong>majoris</strong></span> <span class='ocrx_word' id='word_1_782' title='bbox 1202 2251 1483 2278; x_wconf 87' lang='lat' dir='ltr'><strong>demonstrationem.</strong></span> <span class='ocrx_word' id='word_1_783' title='bbox 1502 2250 1570 2278; x_wconf 90' lang='lat' dir='ltr'><strong>Illud</strong></span> <span class='ocrx_word' id='word_1_784' title='bbox 1595 2256 1659 2277; x_wconf 88' lang='lat' dir='ltr'><strong>vero</strong></span> <span class='ocrx_word' id='word_1_785' title='bbox 1685 2250 1724 2277; x_wconf 93' lang='lat' dir='ltr'><strong>uti</strong></span> 
     </span>
    </p>
   </div>
   <div class='ocr_carea' id='block_1_105' title="bbox 940 2296 1724 2332">
    <p class='ocr_par' dir='ltr' id='par_1_105' title="bbox 940 2296 1724 2332">
     <span class='ocr_line' id='line_1_105' title="bbox 940 2296 1724 2332; baseline -0.003 -8"><span class='ocrx_word' id='word_1_786' title='bbox 940 2297 1060 2324; x_wconf 89' lang='lat' dir='ltr'><strong>clamore</strong></span> <span class='ocrx_word' id='word_1_787' title='bbox 1081 2302 1160 2324; x_wconf 89' lang='lat' dir='ltr'><strong>acuto</strong></span> <span class='ocrx_word' id='word_1_788' title='bbox 1178 2302 1203 2325; x_wconf 88' lang='lat' dir='ltr'><strong>et</strong></span> <span class='ocrx_word' id='word_1_789' title='bbox 1221 2296 1378 2332; x_wconf 82' lang='lat' dir='ltr'><strong>penetranti</strong></span> <span class='ocrx_word' id='word_1_790' title='bbox 1395 2304 1495 2323; x_wconf 92' lang='lat' dir='ltr'><strong>novum</strong></span> <span class='ocrx_word' id='word_1_791' title='bbox 1514 2296 1617 2331; x_wconf 87' lang='lat' dir='ltr'><strong>ubique</strong></span> <span class='ocrx_word' id='word_1_792' title='bbox 1639 2300 1666 2322; x_wconf 86' lang='lat' dir='ltr'><strong>et</strong></span> <span class='ocrx_word' id='word_1_793' title='bbox 1682 2296 1724 2322; x_wconf 94' lang='lat' dir='ltr'><strong>in-</strong></span> 
     </span>
    </p>
   </div>
   <div class='ocr_carea' id='block_1_106' title="bbox 941 2341 1727 2370">
    <p class='ocr_par' dir='ltr' id='par_1_106' title="bbox 941 2341 1727 2370">
     <span class='ocr_line' id='line_1_106' title="bbox 941 2341 1727 2370; baseline -0.003 0"><span class='ocrx_word' id='word_1_794' title='bbox 941 2343 1033 2370; x_wconf 83' lang='lat' dir='ltr'><strong>solens</strong></span> <span class='ocrx_word' id='word_1_795' title='bbox 1050 2342 1190 2370; x_wconf 84' lang='lat' dir='ltr'><strong>Servatori</strong></span> <span class='ocrx_word' id='word_1_796' title='bbox 1204 2342 1325 2370; x_wconf 86' lang='lat' dir='ltr'><strong>Christo.</strong></span> <span class='ocrx_word' id='word_1_797' title='bbox 1341 2341 1448 2370; x_wconf 86' lang='lat' dir='ltr'><strong>Etenim</strong></span> <span class='ocrx_word' id='word_1_798' title='bbox 1465 2341 1536 2369; x_wconf 88' lang='lat' dir='ltr'><strong>Deus</strong></span> <span class='ocrx_word' id='word_1_799' title='bbox 1553 2346 1581 2369; x_wconf 85' lang='lat' dir='ltr'><strong>et</strong></span> <span class='ocrx_word' id='word_1_800' title='bbox 1599 2341 1681 2368; x_wconf 89' lang='lat' dir='ltr'><strong>Pater</strong></span> <span class='ocrx_word' id='word_1_801' title='bbox 1694 2341 1727 2368; x_wconf 90' lang='lat' dir='ltr'><strong>de</strong></span> 
     </span>
    </p>
   </div>
   <div class='ocr_carea' id='block_1_107' title="bbox 941 2387 1725 2422">
    <p class='ocr_par' dir='ltr' id='par_1_107' title="bbox 941 2387 1725 2422">
     <span class='ocr_line' id='line_1_107' title="bbox 941 2387 1725 2422; baseline -0.003 -8"><span class='ocrx_word' id='word_1_802' title='bbox 941 2388 989 2415; x_wconf 91' lang='lat' dir='ltr'><strong>illo</strong></span> <span class='ocrx_word' id='word_1_803' title='bbox 1006 2389 1106 2416; x_wconf 85' lang='lat' dir='ltr'><strong>alicubi</strong></span> <span class='ocrx_word' id='word_1_804' title='bbox 1127 2389 1185 2415; x_wconf 87' lang='lat' dir='ltr'><strong>ait:</strong></span> <span class='ocrx_word' id='word_1_805' title='bbox 1202 2398 1212 2414; x_wconf 73' lang='grc' dir='ltr'><strong>ι</strong></span> <span class='ocrx_word' id='word_1_806' title='bbox 1229 2387 1288 2415; x_wconf 88' lang='lat' dir='ltr'><strong>Non</strong></span> <span class='ocrx_word' id='word_1_807' title='bbox 1307 2387 1467 2420; x_wconf 77' lang='lat' dir='ltr'><strong>contendet,</strong></span> <span class='ocrx_word' id='word_1_808' title='bbox 1490 2395 1580 2422; x_wconf 90' lang='lat' dir='ltr'><strong>neque</strong></span> <span class='ocrx_word' id='word_1_809' title='bbox 1593 2387 1725 2415; x_wconf 85' lang='lat' dir='ltr'><strong>vocifera-</strong></span> 
     </span>
    </p>
   </div>
   <div class='ocr_carea' id='block_1_108' title="bbox 941 2432 1726 2468">
    <p class='ocr_par' dir='ltr' id='par_1_108' title="bbox 941 2432 1726 2468">
     <span class='ocr_line' id='line_1_108' title="bbox 941 2432 1726 2468; baseline -0.001 -8"><span class='ocrx_word' id='word_1_810' title='bbox 941 2433 1016 2460; x_wconf 89' lang='lat' dir='ltr'><strong>bitur</strong></span> <span class='ocrx_word' id='word_1_811' title='bbox 1029 2433 1062 2465; x_wconf 81' lang='grc'><strong>⁸⁷,</strong></span> <span class='ocrx_word' id='word_1_812' title='bbox 1080 2443 1088 2459; x_wconf 79' lang='grc' dir='ltr'><strong>ι</strong></span> <span class='ocrx_word' id='word_1_813' title='bbox 1108 2437 1136 2460; x_wconf 90' lang='lat' dir='ltr'><strong>et</strong></span> <span class='ocrx_word' id='word_1_814' title='bbox 1164 2434 1281 2468; x_wconf 88' lang='lat' dir='ltr'><strong>reliqua.</strong></span> <span class='ocrx_word' id='word_1_815' title='bbox 1308 2433 1397 2467; x_wconf 88' lang='lat' dir='ltr'><strong>Opera</strong></span> <span class='ocrx_word' id='word_1_816' title='bbox 1421 2433 1494 2459; x_wconf 91' lang='lat' dir='ltr'><strong>enim</strong></span> <span class='ocrx_word' id='word_1_817' title='bbox 1524 2440 1594 2460; x_wconf 65' lang='lat' dir='ltr'><strong>verae</strong></span> <span class='ocrx_word' id='word_1_818' title='bbox 1615 2432 1726 2459; x_wconf 89' lang='lat' dir='ltr'><strong>deitatis</strong></span> 
     </span>
    </p>
   </div>
   <div class='ocr_carea' id='block_1_109' title="bbox 941 2477 1725 2513">
    <p class='ocr_par' dir='ltr' id='par_1_109' title="bbox 941 2477 1725 2513">
     <span class='ocr_line' id='line_1_109' title="bbox 941 2477 1725 2513; baseline -0.001 -8"><span class='ocrx_word' id='word_1_819' title='bbox 941 2479 1001 2506; x_wconf 89' lang='lat' dir='ltr'><strong>sine</strong></span> <span class='ocrx_word' id='word_1_820' title='bbox 1018 2479 1136 2513; x_wconf 83' lang='lat' dir='ltr'><strong>strepitu</strong></span> <span class='ocrx_word' id='word_1_821' title='bbox 1159 2482 1185 2506; x_wconf 89' lang='lat' dir='ltr'><strong>et</strong></span> <span class='ocrx_word' id='word_1_822' title='bbox 1205 2479 1330 2506; x_wconf 89' lang='lat' dir='ltr'><strong>tumultu</strong></span> <span class='ocrx_word' id='word_1_823' title='bbox 1350 2478 1424 2505; x_wconf 90' lang='lat' dir='ltr'><strong>omni</strong></span> <span class='ocrx_word' id='word_1_824' title='bbox 1449 2477 1516 2505; x_wconf 79' lang='lat' dir='ltr'><strong>fiunt</strong></span> <span class='ocrx_word' id='word_1_825' title='bbox 1532 2487 1538 2505; x_wconf 90' lang='lat'><strong>:</strong></span> <span class='ocrx_word' id='word_1_826' title='bbox 1557 2479 1614 2505; x_wconf 60' lang='lat' dir='ltr'><strong>haec</strong></span> <span class='ocrx_word' id='word_1_827' title='bbox 1634 2482 1725 2505; x_wconf 79' lang='lat' dir='ltr'><strong>autem</strong></span> 
     </span>
    </p>
   </div>
   <div class='ocr_carea' id='block_1_110' title="bbox 941 2523 1726 2560">
    <p class='ocr_par' dir='ltr' id='par_1_110' title="bbox 941 2523 1726 2560">
     <span class='ocr_line' id='line_1_110' title="bbox 941 2523 1726 2560; baseline -0.003 -8"><span class='ocrx_word' id='word_1_828' title='bbox 941 2532 1005 2552; x_wconf 90' lang='lat' dir='ltr'><strong>vera</strong></span> <span class='ocrx_word' id='word_1_829' title='bbox 1021 2525 1131 2552; x_wconf 87' lang='lat' dir='ltr'><strong>deitatis</strong></span> <span class='ocrx_word' id='word_1_830' title='bbox 1147 2529 1224 2552; x_wconf 85' lang='lat' dir='ltr'><strong>erant</strong></span> <span class='ocrx_word' id='word_1_831' title='bbox 1244 2525 1271 2552; x_wconf 92' lang='lat' dir='ltr'><strong>in</strong></span> <span class='ocrx_word' id='word_1_832' title='bbox 1287 2525 1398 2552; x_wconf 79' lang='lat' dir='ltr'><strong>Christo</strong></span> <span class='ocrx_word' id='word_1_833' title='bbox 1413 2525 1531 2560; x_wconf 88' lang='lat' dir='ltr'><strong>:quippe</strong></span> <span class='ocrx_word' id='word_1_834' title='bbox 1544 2524 1613 2551; x_wconf 84' lang='lat' dir='ltr'><strong>Deus</strong></span> <span class='ocrx_word' id='word_1_835' title='bbox 1626 2525 1659 2551; x_wconf 85' lang='lat' dir='ltr'><strong>de</strong></span> <span class='ocrx_word' id='word_1_836' title='bbox 1673 2523 1726 2550; x_wconf 86' lang='lat' dir='ltr'><strong>Deo</strong></span> 
     </span>
    </p>
   </div>
   <div class='ocr_carea' id='block_1_111' title="bbox 943 2569 1727 2604">
    <p class='ocr_par' dir='ltr' id='par_1_111' title="bbox 943 2569 1727 2604">
     <span class='ocr_line' id='line_1_111' title="bbox 943 2569 1727 2604; baseline -0.003 -6"><span class='ocrx_word' id='word_1_837' title='bbox 943 2571 1095 2598; x_wconf 87' lang='lat' dir='ltr'><strong>secundum</strong></span> <span class='ocrx_word' id='word_1_838' title='bbox 1117 2575 1243 2598; x_wconf 88' lang='lat' dir='ltr'><strong>naturam</strong></span> <span class='ocrx_word' id='word_1_839' title='bbox 1262 2575 1305 2598; x_wconf 89' lang='lat' dir='ltr'><strong>est</strong></span> <span class='ocrx_word' id='word_1_840' title='bbox 1331 2578 1363 2598; x_wconf 84' lang='lat' dir='ltr'><strong>ac</strong></span> <span class='ocrx_word' id='word_1_841' title='bbox 1379 2578 1471 2598; x_wconf 88' lang='lat' dir='ltr'><strong>verus.</strong></span> <span class='ocrx_word' id='word_1_842' title='bbox 1491 2569 1563 2602; x_wconf 80' lang='lat' dir='ltr'><strong>Quid</strong></span> <span class='ocrx_word' id='word_1_843' title='bbox 1586 2569 1670 2604; x_wconf 82' lang='lat' dir='ltr'><strong>igitur</strong></span> <span class='ocrx_word' id='word_1_844' title='bbox 1686 2569 1727 2596; x_wconf 89' lang='lat' dir='ltr'><strong>di-</strong></span> 
     </span>
    </p>
   </div>
   <div class='ocr_carea' id='block_1_112' title="bbox 943 2616 1726 2652">
    <p class='ocr_par' dir='ltr' id='par_1_112' title="bbox 943 2616 1726 2652">
     <span class='ocr_line' id='line_1_112' title="bbox 943 2616 1726 2652; baseline -0.003 -8"><span class='ocrx_word' id='word_1_845' title='bbox 943 2624 1050 2649; x_wconf 87' lang='lat' dir='ltr'><strong>cemus,</strong></span> <span class='ocrx_word' id='word_1_846' title='bbox 1071 2625 1133 2645; x_wconf 91' lang='lat' dir='ltr'><strong>cum</strong></span> <span class='ocrx_word' id='word_1_847' title='bbox 1150 2617 1296 2645; x_wconf 77' lang='lat' dir='ltr'><strong>videamus</strong></span> <span class='ocrx_word' id='word_1_848' title='bbox 1322 2624 1384 2644; x_wconf 88' lang='lat' dir='ltr'><strong>eum</strong></span> <span class='ocrx_word' id='word_1_849' title='bbox 1403 2616 1440 2643; x_wconf 89' lang='lat' dir='ltr'><strong>ita</strong></span> <span class='ocrx_word' id='word_1_850' title='bbox 1462 2620 1562 2652; x_wconf 84' lang='lat' dir='ltr'><strong>praeter</strong></span> <span class='ocrx_word' id='word_1_851' title='bbox 1577 2620 1726 2643; x_wconf 88' lang='lat' dir='ltr'><strong>consuetu-</strong></span> 
     </span>
    </p>
   </div>
   <div class='ocr_carea' id='block_1_113' title="bbox 944 2662 1727 2698">
    <p class='ocr_par' dir='ltr' id='par_1_113' title="bbox 944 2662 1727 2698">
     <span class='ocr_line' id='line_1_113' title="bbox 944 2662 1727 2698; baseline -0.001 -8"><span class='ocrx_word' id='word_1_852' title='bbox 944 2663 1037 2691; x_wconf 90' lang='lat' dir='ltr'><strong>dinem</strong></span> <span class='ocrx_word' id='word_1_853' title='bbox 1074 2663 1288 2692; x_wconf 82' lang='lat' dir='ltr'><strong>vociferantem?</strong></span> <span class='ocrx_word' id='word_1_854' title='bbox 1316 2663 1372 2691; x_wconf 81' lang='lat' dir='ltr'><strong>Nec</strong></span> <span class='ocrx_word' id='word_1_855' title='bbox 1404 2663 1478 2690; x_wconf 88' lang='lat' dir='ltr'><strong>enim</strong></span> <span class='ocrx_word' id='word_1_856' title='bbox 1513 2662 1660 2698; x_wconf 83' lang='lat' dir='ltr'><strong>quisquam</strong></span> <span class='ocrx_word' id='word_1_857' title='bbox 1694 2669 1727 2689; x_wconf 89' lang='lat' dir='ltr'><strong>eo</strong></span> 
     </span>
    </p>
   </div>
   <div class='ocr_carea' id='block_1_114' title="bbox 946 2706 1726 2745">
    <p class='ocr_par' dir='ltr' id='par_1_114' title="bbox 946 2706 1726 2745">
     <span class='ocr_line' id='line_1_114' title="bbox 946 2706 1726 2745; baseline -0.001 -9"><span class='ocrx_word' id='word_1_858' title='bbox 946 2710 1072 2737; x_wconf 71' lang='lat' dir='ltr'><strong>amentiae</strong></span> <span class='ocrx_word' id='word_1_859' title='bbox 1085 2710 1219 2742; x_wconf 87' lang='lat' dir='ltr'><strong>deveniet,</strong></span> <span class='ocrx_word' id='word_1_860' title='bbox 1235 2714 1264 2737; x_wconf 92' lang='lat' dir='ltr'><strong>ut</strong></span> <span class='ocrx_word' id='word_1_861' title='bbox 1282 2714 1380 2745; x_wconf 86' lang='lat' dir='ltr'><strong>praeter</strong></span> <span class='ocrx_word' id='word_1_862' title='bbox 1396 2709 1526 2737; x_wconf 89' lang='lat' dir='ltr'><strong>decorum</strong></span> <span class='ocrx_word' id='word_1_863' title='bbox 1542 2708 1642 2736; x_wconf 87' lang='lat' dir='ltr'><strong>fecisse</strong></span> <span class='ocrx_word' id='word_1_864' title='bbox 1654 2706 1726 2735; x_wconf 87' lang='lat' dir='ltr'><strong>dicat</strong></span> 
     </span>
    </p>
   </div>
   <div class='ocr_carea' id='block_1_115' title="bbox 151 2858 1723 2899">
    <p class='ocr_par' dir='ltr' id='par_1_115' title="bbox 151 2858 1723 2899">
     <span class='ocr_line' id='line_1_115' title="bbox 151 2858 1723 2899; baseline 0.001 -13"><span class='ocrx_word' id='word_1_865' title='bbox 151 2858 186 2893; x_wconf 88' lang='lat' dir='ltr'><strong>(l)</strong></span> <span class='ocrx_word' id='word_1_866' title='bbox 208 2858 299 2899; x_wconf 71' lang='lat' dir='ltr'><strong>_Loeus</strong></span> <span class='ocrx_word' id='word_1_867' title='bbox 321 2859 463 2899; x_wconf 69' lang='lat' dir='ltr'><strong>restitutus</strong></span> <span class='ocrx_word' id='word_1_868' title='bbox 482 2868 519 2888; x_wconf 66' lang='lat' dir='ltr'><strong>ex</strong></span> <span class='ocrx_word' id='word_1_869' title='bbox 546 2858 654 2887; x_wconf 79' lang='lat' dir='ltr'><strong>Macarii</strong></span> <span class='ocrx_word' id='word_1_870' title='bbox 675 2860 888 2895; x_wconf 66' lang='lat' dir='ltr'><strong>(Lbrysovepltali</strong></span> <span class='ocrx_word' id='word_1_871' title='bbox 908 2865 986 2888; x_wconf 74' lang='lat' dir='ltr'><strong>tract.</strong></span> <span class='ocrx_word' id='word_1_872' title='bbox 1008 2861 1055 2894; x_wconf 64' lang='grc' dir='ltr'><strong>ιδ,</strong></span> <span class='ocrx_word' id='word_1_873' title='bbox 1079 2869 1122 2896; x_wconf 85' lang='lat' dir='ltr'><strong>ap.</strong></span> <span class='ocrx_word' id='word_1_874' title='bbox 1143 2861 1193 2890; x_wconf 78' lang='lat' dir='ltr'><strong>Mai</strong></span> <span class='ocrx_word' id='word_1_875' title='bbox 1213 2862 1277 2890; x_wconf 87' lang='lat' dir='ltr'><strong>ibid.</strong></span> <span class='ocrx_word' id='word_1_876' title='bbox 1301 2861 1371 2889; x_wconf 84' lang='lat' dir='ltr'><strong>Editi</strong></span> <span class='ocrx_word' id='word_1_877' title='bbox 1388 2861 1517 2890; x_wconf 85' lang='lat' dir='ltr'><strong>omittunt</strong></span> <span class='ocrx_word' id='word_1_878' title='bbox 1553 2862 1632 2890; x_wconf 84' lang='lat' dir='ltr'><strong>verba</strong></span> <span class='ocrx_word' id='word_1_879' title='bbox 1665 2862 1723 2898; x_wconf 76' lang='grc' dir='ltr'>ἣκω</span> 
     </span>
    </p>
   </div>
   <div class='ocr_carea' id='block_1_116' title="bbox 121 2894 430 2930">
    <p class='ocr_par' dir='ltr' id='par_1_116' title="bbox 121 2894 430 2930">
     <span class='ocr_line' id='line_1_116' title="bbox 121 2894 430 2930; baseline 0 -10"><span class='ocrx_word' id='word_1_880' title='bbox 121 2911 129 2920; x_wconf 80' lang='lat'><strong>.</strong></span> <span class='ocrx_word' id='word_1_881' title='bbox 141 2912 147 2918; x_wconf 97' lang='lat'><strong>.</strong></span> <span class='ocrx_word' id='word_1_882' title='bbox 161 2913 167 2920; x_wconf 91' lang='lat'><strong>.</strong></span> <span class='ocrx_word' id='word_1_883' title='bbox 180 2913 185 2920; x_wconf 88' lang='lat'><strong>.</strong></span> <span class='ocrx_word' id='word_1_884' title='bbox 200 2894 430 2930; x_wconf 62' lang='grc' dir='ltr'>ψευδοπροφῆται.</span> 
     </span>
    </p>
   </div>
  </div>
