1906 3037
216 163 252 191 G3
723 159 752 187 S.
765 159 903 188 CYRILLI
929 139 1164 187 ALEXANDIHNI
1179 158 1336 186 ARCIHED.
1790 164 1824 191 ω

213 222 292 250 etab
315 221 404 249 oﬂicio
425 221 583 248 recessisse.
597 220 748 253 Quomon
763 221 847 255 igitur
872 222 924 248 hoc
946 221 983 248 tit‘

1045 220 1112 247 ξέναι
1124 220 1152 246 τὸ
1166 221 1254 254 λέγειν
1270 222 1361 251 αὐτὸν.
1375 220 1421 246 καὶ
1433 221 1564 256 ἁμαρτεῖν
1576 221 1621 248 τοῦ
1637 223 1750 256 δέοντος.
1765 225 1823 252 Πῶς

211 267 296 304 690
311 267 396 294 Habet
417 267 549 293 rationem
567 266 611 292 hic
630 266 745 298 clamor,
762 274 841 301 quem
859 274 990 294 necessa-

214 315 256 341 rio
272 320 439 348 exponemus
455 312 488 339 ad
507 312 652 338 utilitatem
668 312 849 339 audietttiunt.
864 312 991 347 Figuram

214 359 298 386 veluti
310 360 454 393 quamdam
465 358 601 393 generalis
612 359 767 384 mortalium
783 359 992 386 resurrectionis

212 404 241 431 in
259 404 311 430 hoc
336 404 408 430 circa
424 402 555 429 Lazarum
574 403 709 429 miraculo
728 404 812 433 novit.
824 408 850 430 ct
873 403 946 437 quod
964 404 990 429 in

213 457 267 476 ttno
280 449 457 483 adimpletum
472 453 522 479 est,
536 449 672 482 egregiam
691 449 893 476 universaliset
909 449 991 476 totius

212 494 309 521 statuit
335 502 396 520 esse
415 494 572 528 imaginem.
592 493 735 521 Credimus
753 494 826 520 cnim
844 498 990 521 venturum

211 548 272 567 esse
298 539 430 573 judicent,
457 543 484 566 ct
513 543 638 566 tenemus
664 539 783 566 futuram
812 539 891 574 signo
921 540 992 566 tuba)

211 584 442 615 iuclamationem,
470 583 547 618 juxta
576 584 650 610 illam
678 583 754 610 Pauli
769 592 861 611 vocem
875 583 908 615 ⁵⁸,
930 592 990 611 om-

212 630 291 656 nibus
309 629 408 663 ubique
423 634 560 656 terrarum
581 629 740 664 jacentibus
766 635 794 656 ut
811 635 924 665 surgant
941 631 991 657 im-

211 679 499 709 pcrauteut,operante
512 675 608 710 utique
629 683 686 702 rem
699 676 779 702 istaut
793 676 924 702 ineffabili
943 683 991 710 po-

211 724 309 746 testate
329 719 385 751 Dei,
404 720 448 746 cui
464 720 557 746 omnia
572 720 683 746 cedunt.
700 719 847 754 Propterea
872 720 945 747 ettitn
965 725 992 747 et

210 765 252 791 lett
280 772 295 791 :t
319 764 393 791 Mose
420 765 492 796 lata,
519 772 579 791 cutn
610 765 709 791 festum
736 764 990 792 Tabernaculorum

209 812 355 846 liguraret:
373 820 381 836 t
399 810 552 842 Celebrate,
569 811 667 845 inquit,
681 811 770 846 ipsutn
787 811 813 838 in
831 811 990 838 memoriam

209 858 346 884 tubarum.
363 867 372 883 ι
389 857 456 884 Cum
472 858 545 884 enitn
562 857 660 884 iterum
673 857 871 892 compingenda
883 857 990 884 venient

208 903 327 929 humana
348 911 474 937 corpora,
497 907 526 930 et
552 903 769 937 uniuscujusque
790 903 882 929 anima
909 909 990 928 suum

209 947 292 974 veluti
313 947 519 974 tabernaculum
537 947 627 973 denuo
647 950 834 980 assumptum,
849 945 990 972 insonabit

209 993 285 1027 prius
313 993 423 1027 jussum
448 993 573 1024 Dotttini,
604 996 631 1018 et
658 991 874 1019 resurrectionis
904 991 989 1018 veluti

209 1043 313 1066 tessera
331 1039 452 1070 dabitur,
478 1038 598 1072 tubaque
617 1037 663 1064 Dei
681 1041 771 1068 cauet,
792 1037 871 1071 juxta
891 1035 989 1070 pracdi-

208 1089 292 1111 ctum.
309 1084 393 1120 Igitur
415 1085 443 1110 itt
464 1085 574 1118 liguram
589 1083 649 1117 ejus
664 1090 793 1117 maguum
808 1082 946 1116 quoddam
962 1086 989 1108 ct

207 1130 372 1156 audiendum
399 1129 472 1155 circa
505 1127 638 1154 Lazarttm
668 1128 826 1154 inclamavit
850 1127 988 1158 Christus,

208 1182 263 1202 non
281 1182 444 1210 magnopere
458 1174 669 1201 consuetudinis
684 1181 798 1207 memor,
810 1173 874 1200 dum
893 1181 989 1201 eorum

207 1229 267 1256 qua
279 1221 306 1247 in
316 1221 522 1255 exspectatione
533 1225 638 1252 essent,
649 1219 760 1254 ﬁguram
771 1224 989 1254 repraesentaret.

241 1275 279 1303 lla
303 1276 439 1308 nonnulli,
459 1275 681 1310 quandoquidem
706 1276 774 1302 nihil
806 1284 860 1302 tton
893 1279 984 1311 potest

205 1321 327 1348 divinum
344 1321 474 1352 Verbum,
502 1320 638 1354 desperati
664 1328 799 1355 prorsus.
829 1325 856 1347 et
887 1321 985 1347 animae

205 1371 318 1393 mortua:
345 1366 457 1393 fetorem
472 1367 655 1400 exspirantes,
683 1370 710 1393 et
738 1370 909 1393 mortttorutn
935 1366 985 1392 ha-

205 1411 514 1443 bitacula,incolentes,
545 1412 781 1447 supervenientcm
814 1413 880 1447 ipsis
913 1413 985 1440 divi-

206 1465 271 1484 ttum
295 1465 447 1484 sermonem
478 1457 603 1488 audiunt,
620 1465 652 1484 ac
672 1458 793 1492 ipsorum
819 1459 924 1486 animas
940 1467 987 1493 pe—

206 1507 331 1530 netrante
347 1503 449 1530 virtute
464 1502 523 1537 ejus
537 1502 585 1536 qui
597 1503 674 1534 dicit,
692 1512 700 1528 t
712 1503 772 1530 veni
790 1503 874 1534 foras,
895 1513 903 1529 ι
920 1511 985 1538 pro-

1043 264 1089 292 οὖν
1100 266 1233 300 ἐνδέχεται
1247 266 1366 298 ;Οῦκοῦν
1381 266 1435 300 ἔχει
1449 266 1526 300 λόγον
1537 268 1554 301 ἡ
1570 268 1685 302 κραυγὴ,
1694 269 1727 303 ἢν
1741 269 1825 301 ἀναγ-

1043 310 1128 341 καὶως
1149 311 1274 346 ἐροῦμεν,
1293 311 1337 337 διὰ
1362 311 1392 338 τὸ
1405 313 1460 342 τοῖς
1482 312 1664 347 ἀκροωμένοις
1678 314 1823 349 χρήσιμον·

1043 356 1134 382 Τύπον
1155 356 1250 391 ὥσπερ
1272 357 1333 383 τινὰ
1353 357 1402 392 τῆς
1421 357 1534 383 καθόλου
1561 358 1613 384 τῶν
1637 359 1741 394 νεκρῶν
1762 360 1825 385 ἀνα-

1044 402 1173 432 στάσεως,
1186 401 1216 427 τὸ
1230 402 1275 427 ἐπὶ
1289 402 1406 437 Λαζάρῳ
1422 403 1537 428 ποιεῖται
1554 403 1659 437 θαῦμα·
1681 404 1728 430 καὶ
1737 404 1767 430 τὸ
1784 405 1826 437 ἐφ’

1042 446 1082 472 ἐνὶ
1099 447 1285 482 πληρούμενον
1296 467 1303 479 ,
1334 448 1423 473 εἰκόνα
1439 447 1484 473 τοῦ
1503 449 1679 483 γενικωτέρου
1696 448 1742 475 καὶ
1757 447 1825 475 κατὰ

1042 491 1141 523 παντὸς
1157 492 1253 527 ἔστησε
1268 491 1363 527 καλήν.
1389 492 1448 518 Ὅτι
1464 492 1516 527 γὰρ
1530 491 1588 527 ἥξει
1616 492 1712 528 κριτὴς
1745 501 1826 519 πεπι-

1043 536 1196 571 στεύκαμεν
1207 556 1216 569 ,
1241 537 1404 572 λογιζόμεθά
1416 545 1444 563 τε
1459 537 1499 563 ὃτι
1514 538 1619 572 κραυγή
1635 546 1676 568 τις
1693 537 1769 564 ἔσται
1784 537 1828 564 διὰ

1042 582 1202 616 σάλπιγγος,
1221 583 1290 608 κατὰ
1307 583 1356 617 τὴν
1371 582 1417 609 τοῦ
1431 582 1537 609 Παύλου
1556 583 1657 617 φωνὴν,
1674 583 1827 609 διακελευο-

1043 628 1112 662 μένη
1123 629 1179 659 τοῖς
1192 629 1220 654 ὲν
1242 629 1276 663 γῇ
1297 627 1432 662 κειμένοις
1446 628 1495 663 τὴν
1516 629 1664 655 ἀνάστασιν
1675 649 1682 659 ,
1698 628 1826 664 ἐνεργού-

1042 682 1092 708 σης
1106 673 1225 708 δηλονότι
1239 674 1269 700 τὸ
1290 675 1406 709 πρᾶγμα
1422 674 1469 709 τῆς
1484 675 1603 708 ἀρρήτου
1628 673 1766 709 δυνάμεως
1780 674 1826 701 τοῦ

1041 719 1129 745 πάντα
1144 719 1279 754 ἰσχύοντος
1292 718 1369 745 Θεοῦ.
1385 719 1434 745 Διὰ
1448 719 1500 754 γάρ
1516 727 1556 745 τοι
1568 718 1645 744 τοῦτο
1659 718 1706 745 καὶ
1717 720 1731 745 ὁ
1746 720 1827 754 νόμος

1040 764 1084 790 διὰ
1099 764 1235 796 Μωσέως,
1252 765 1293 790 ὅτε
1307 764 1357 798 τῆς
1378 764 1567 799 Σκηνοπηγίας
1587 764 1685 790 ὲτύττου
1701 764 1751 799 τὴν
1768 765 1827 799 ἐορο

1040 809 1099 845 τὴν,
1116 819 1125 835 ι
1145 809 1308 845 Ἐορτέισατε
1319 829 1326 841 ,
1351 810 1448 844 φησὶν,
1467 802 1560 844 αὐτὴν,
1577 808 1747 844 μνημόσυνον
1762 809 1825 836 σαλο

1041 854 1183 888 πίγγων.»
1213 853 1426 888 Συμπήγνυσθαι
1455 854 1509 888 γὰρ
1542 853 1691 888 μελλόντων
1715 853 1825 885 ἐσαῦθις

1006 887 1095 925 Β’τῶν
1121 899 1298 934 ἀνθρωπίνων
1322 899 1474 933 σωμάτων,
1503 899 1548 925 καὶ
1571 899 1619 934 τὴν
1642 899 1708 925 ἰδίαν
1732 899 1826 934 ὧσπερ

1040 945 1141 980 σκηνὴν
1167 944 1398 979 παραληψομένης
1428 945 1489 970 ὅσον
1509 945 1614 970 οὐδέπω
1633 945 1682 978 τῆς
1709 945 1825 971 ἑκάστου

1037 988 1136 1023 ψυχῆς,
1153 989 1380 1024 προαναφωνήσει
1396 989 1535 1024 κέλευσμα
1550 989 1580 1016 τὸ
1593 990 1768 1021 Δεσποτικὸν,
1780 990 1826 1016 καὶ

1039 1034 1189 1069 προηχήσει
1216 1034 1246 1060 τὸ
1276 1036 1324 1069 τῆς
1346 1035 1518 1066 ἀναστάσεως
1540 1034 1681 1070 σύνθημα,
1708 1035 1825 1068 σάλπιγξ

1038 1080 1105 1106 Θεοῦ
1115 1101 1121 1112 ,
1136 1080 1205 1106 κατὰ
1220 1080 1250 1106 τὸ
1263 1079 1419 1114 εἰρημένον.
1438 1081 1484 1112 Εἰς
1497 1080 1581 1107 τύπον
1591 1076 1638 1107 οὖν
1652 1080 1763 1115 ταύτης,
1779 1081 1825 1106 ἐπὶ

1040 1124 1157 1159 Λαζάρῳ
1174 1124 1244 1158 μέγα
1267 1132 1293 1149 τι
1314 1124 1360 1150 καὶ
1377 1124 1538 1156 ἐξάκουστον
1558 1125 1679 1160 ὲφώνησε
1695 1125 1822 1160 Χριστὸς,

1040 1170 1070 1195 οὐ
1088 1169 1191 1204 σφόδρα
1202 1169 1248 1196 τοῦ
1264 1169 1397 1204 συνήθους
1410 1170 1556 1205 φροντίσας
1566 1190 1573 1202 ,
1592 1171 1635 1197 ἴνα
1646 1171 1700 1198 τῶν
1715 1170 1825 1198 ἔσεσθαι

1042 1215 1275 1250 προσδοκωμένων
1290 1215 1410 1252 ἐπιδείξῃ
1426 1216 1471 1242 τὸν
1488 1216 1583 1243 τύπον,

1079 1273 1157 1299 Οὕτω
1167 1273 1198 1307 δή
1207 1281 1277 1304 τινες
1286 1273 1337 1308 (l),
1344 1273 1387 1300 διὰ
1396 1273 1440 1300 τὸν
1449 1274 1536 1301 πάντα
1544 1273 1690 1309 δυνάμενον
1697 1274 1744 1301 τοῦ
1755 1273 1823 1302 Θεοῦ

1037 1318 1124 1351 Λόγον
1145 1319 1232 1353 πάντη
1247 1318 1483 1352 ἀπογνωσθέντες,
1508 1320 1555 1346 καὶ
1578 1321 1628 1355 τῆς
1648 1321 1677 1346 ἐν
1687 1321 1762 1356 ψυχῇ
1779 1329 1824 1348 νε-

1038 1365 1170 1400 κρότητος
1180 1365 1229 1399 τὴν
1242 1365 1371 1391 δυσωδίαν
1384 1365 1500 1400 ἔχοντες,
1510 1366 1557 1393 καὶ
1572 1366 1707 1397 οἰκοῦντες
1718 1367 1822 1402 νεκρῶν

1038 1412 1203 1447 οἰκητήριον,
1215 1411 1335 1442 ἐλθόντος
1347 1411 1415 1445 πρὸς
1427 1412 1524 1444 αὐτοὺς
1535 1411 1580 1438 τοῦ
1591 1412 1668 1446 λόγου
1682 1413 1820 1444 ἀκούουσι,

1040 1457 1087 1482 καὶ
1109 1456 1324 1490 καθικνουμένης
1342 1456 1423 1482 αὑτοῦ
1447 1457 1496 1490 τῆς
1509 1457 1648 1492 δυνάμεως
1660 1457 1714 1483 τῶν
1724 1457 1820 1492 ψυχῶν

1039 1500 1127 1526 αὐτῶν
1141 1500 1276 1534 λέγοντος,
1282 1510 1290 1526 t
1297 1500 1381 1535 Δεῦρο
1388 1501 1452 1534 ἔξω,
1459 1502 1624 1536 »ἐξέρχονται
1636 1502 1676 1528 ἔτι
1684 1502 1819 1538 [κηρίαις]

205 1546 368 1582 grediuntur
387 1547 490 1574 institis
506 1547 595 1574 adltuc
615 1548 792 1574 mortualium
810 1549 983 1576 vineulomm

1037 1548 1091 1573 τῶν
1113 1547 1216 1582 νεκρῶν
1232 1547 1337 1581 δεσμῶν
1348 1547 1494 1581 δεδεμένοι.
1518 1547 1644 1582 Ἐξῆλθεν
1657 1548 1724 1583 γὰρ,
1742 1549 1819 1583 φησὶ.

204 1594 318 1629 alligati.
335 1594 407 1621 Exiit
421 1595 505 1626 enim,
521 1595 610 1628 inquit
627 1595 780 1629 Scriptura,
795 1596 841 1630 qui
857 1601 982 1624 mortuus

204 1639 303 1672 fuerat,
319 1640 409 1667 adhuc
433 1640 586 1668 devinctus.
610 1641 711 1668 Deinde
724 1646 859 1675 praesente
870 1640 935 1668 Jesu
956 1647 983 1669 et

202 1685 356 1724 discipulis,
373 1686 482 1719 illisque
491 1686 650 1718 mandante,
670 1686 811 1713 resolvunt
824 1686 982 1713 mortuariis

203 1731 318 1758 vinculis
346 1739 407 1758 eum
426 1731 474 1765 qui
503 1731 574 1758 Filio
597 1731 643 1758 Dei
674 1739 777 1759 morem
801 1737 933 1766 gesserat,
955 1735 982 1760 et

201 1777 328 1811 sepulcro
348 1776 495 1810 prodierat.
513 1775 537 1803 ls
558 1781 648 1803 autem
667 1777 805 1804 resolutus
827 1777 884 1804 abit
902 1777 981 1810 liber,

200 1826 228 1848 et
244 1828 306 1847 mox
323 1827 385 1847 cum
409 1820 519 1847 Clu-isto
539 1821 697 1847 discumbit.
715 1820 802 1855 llujus
827 1821 981 1848 attimarum

200 1866 305 1894 ordinis
322 1866 410 1901 imago
430 1866 495 1894 utibi
516 1865 626 1894 videtur
641 1865 770 1899 Lazarus,
786 1867 831 1902 qui
848 1873 907 1895 erat
930 1867 982 1895 Be-

200 1909 294 1935 thania
321 1910 477 1942 oriundus,
505 1910 532 1937 id
561 1914 603 1938 est
628 1911 789 1938 obedientia:
814 1911 906 1939 domo.
930 1912 980 1940 llic

199 1959 295 1988 postea
307 1956 459 1989 aegrotavit,
476 1955 523 1990 qui
542 1963 624 1983 sanus
642 1963 704 1982 cum
721 1961 807 1988 esset,
822 1964 836 1984 a
855 1956 921 1984 Iesu
939 1957 980 1984 di-

200 2000 344 2034 ligebatur.
359 1999 436 2027 Haud
451 2008 516 2034 ergo
530 2000 720 2035 desperattdus
741 2009 776 2029 tte
794 2002 840 2029 ille
867 2003 978 2037 quidem

198 2044 244 2078 qui
271 2043 298 2070 in
314 2050 436 2071 extrema
461 2044 636 2078 improbitate
653 2051 789 2072 versatur.
811 2046 977 2075 Praeclarum

197 2089 306 2122 quidem
318 2093 360 2117 est
373 2098 426 2117 non
442 2090 572 2116 intirmari
584 2099 591 2122 ;
605 2090 627 2116 si
647 2091 708 2125 quis
723 2095 814 2119 tamen
829 2099 979 2128 aegrotare-

197 2135 243 2166 rit,
257 2139 316 2162 oret
331 2143 364 2162 ne
383 2135 527 2162 inﬁrmitas
545 2135 602 2168 ejus
619 2136 656 2162 sit
670 2137 702 2163 ad
718 2141 844 2169 mortem,
863 2138 911 2165 sed
929 2146 977 2173 pro

197 2181 285 2213 gloria
303 2179 359 2207 Dei.
374 2181 450 2212 Quod
474 2186 599 2215 spectare
623 2181 684 2209 licet
705 2183 731 2209 in
748 2183 800 2210 isto
822 2185 868 2218 qui
884 2183 975 2212 Jesum

1036 1594 1050 1619 ὁ
1067 1592 1205 1627 τεθνηκὼς
1220 1593 1369 1627 δεδεμένος.
1383 1591 1449 1619 Εἶτα
1466 1593 1598 1628 παρόντος
1611 1593 1656 1620 τοῦ
1675 1594 1762 1629 Ἰησοῦ
1774 1593 1820 1621 καὶ

1034 1638 1088 1665 τῶν
1101 1638 1230 1673 μαθητῶν
1240 1658 1247 1670 ,
1274 1639 1320 1664 καὶ
1333 1638 1509 1670 κελεύσαντος
1529 1639 1619 1670 αὐτοῖς
1628 1659 1635 1670 ,
1660 1638 1752 1665 λύουσι
1766 1639 1821 1664 τῶν

1034 1684 1082 1711 τοῦ
1096 1683 1191 1719 νεκροῦ
1213 1683 1320 1718 δεσμῶν
1335 1684 1380 1710 τὸν
1396 1684 1539 1711 πεισθέντα
1561 1684 1599 1719 τῷ
1617 1685 1674 1719 Υἱῷ
1690 1684 1737 1711 τοῦ
1751 1684 1820 1711 Θεοῦ

1035 1730 1082 1756 καὶ
1096 1718 1238 1764 γενόμενον
1260 1718 1312 1760 εξξῶ
1326 1729 1372 1755 τοῦ
1399 1730 1541 1764 μνημείου.
1616 1730 1644 1756 δὲ
1658 1718 1748 1761 λυθεὶς
1765 1730 1820 1756 ἀπ-

1034 1783 1102 1801 εισιν
1125 1774 1279 1809 ἐλεύθερος,
1300 1774 1346 1800 καὶ
1369 1775 1432 1809 ἑξῆς
1448 1775 1636 1802 συνανάχειται
1660 1775 1698 1810 τῷ
1719 1776 1818 1811 Ἰησοῦ.

1034 1819 1159 1845 Τοιοῦτον
1186 1819 1255 1851 τινὸς
1291 1819 1430 1855 τάγματος
1451 1819 1582 1855 σύμῦολθν
1602 1818 1670 1847 εἶναί
1687 1830 1732 1856 μοι
1747 1821 1820 1847 δοκεῖ

1033 1865 1047 1891 ὁ
1060 1865 1192 1900 Λάζαρος,
1207 1865 1279 1896 ὅστις
1295 1865 1344 1900 μὲν
1359 1863 1392 1900 ἦν
1409 1866 1462 1892 ἀπὸ
1478 1865 1622 1900 Βηθανίας,
1642 1866 1688 1892 τοῦ
1705 1867 1753 1901 τῆς
1767 1867 1818 1892 ὑπ-

1033 1911 1117 1945 ακοῆς
1143 1911 1226 1937 οἴκου.
1261 1910 1422 1946 Ἦσθένησεν
1446 1911 1574 1946 ὕστερον,
1601 1911 1687 1938 καίτοι
1715 1920 1747 1945 γε
1773 1912 1818 1938 ὅτε

1034 1955 1152 1990 ὑγίαινεν
1167 1955 1242 1990 φίλος
1264 1956 1301 1982 ὣν
1327 1956 1373 1982 τοῦ
1394 1956 1490 1991 Ἰησοῦ.
1519 1957 1556 1983 Οὐ
1569 1957 1608 1983 δεῖ
1621 1955 1666 1984 οὖν
1680 1957 1817 1992 ἀπογινώο

1032 2009 1108 2026 σκειν
1119 2001 1164 2027 καὶ
1176 2001 1219 2027 τὺν
1231 2002 1259 2027 ὲν
1273 2002 1374 2037 ἐσχάτῃ
1386 2002 1468 2036 κακίᾳ
1479 2003 1630 2036 γινόμενον.
1644 2003 1698 2030 Καὶ
1712 2003 1753 2030 ὅτι
1765 2011 1816 2031 κα.-

1031 2046 1075 2073 λδν
1087 2046 1136 2081 μὲν
1144 2046 1173 2072 τδ
1186 2047 1223 2081 μὴ
1232 2046 1353 2073 ἀσθενεῖν
1364 2055 1370 2062 ·
1384 2047 1406 2072 εἰ
1415 2047 1444 2073 δέ
1456 2055 1497 2078 τις
1507 2048 1629 2080 ἀσθενεῖ,
1641 2048 1761 2083 εὐχέσθω
1773 2049 1816 2076 ἵνα

1033 2091 1070 2126 μὴ
1084 2091 1100 2125 ἡ
1117 2089 1242 2117 ἀσθένεια
1255 2090 1335 2116 αὑτοῦ
1345 2083 1411 2125 πρὸς
1425 2091 1537 2118 θάνατον
1549 2092 1734 2126 γένηται,ἀλλ’
1747 2093 1816 2128 ὑπὲρ

1030 2135 1079 2169 τῆς
1093 2135 1172 2170 δόξης
1195 2135 1241 2161 τοῦ
1257 2135 1335 2162 Θεοῦ.
1358 2136 1421 2162 Ὀτε
1452 2135 1525 2162 ἔστιν
1547 2136 1610 2163 ἰδεῖν
1631 2138 1677 2163 τὸν
1704 2138 1815 2164 ἀκολου-

1031 2180 1127 2207 θοῦντα
1141 2180 1180 2215 τῷ
1199 2181 1301 2216 Ἰησοῦ,
1323 2181 1384 2207 τίνα
1397 2181 1496 2217 τρόπον
1510 2183 1524 2208 ὀ
1537 2182 1656 2214 τοιοῦτος
1674 2184 1814 2219 ἐξέρχεται

196 2230 339 2252 vocantem
355 2226 490 2260 sequitur,
504 2227 640 2260 quomodo
653 2235 749 2261 nempe
760 2228 793 2255 ob
806 2227 869 2256 Iesu
882 2237 976 2256 vocem

1036 2226 1078 2252 ιὲν
1094 2226 1137 2253 διὰ
1150 2226 1200 2261 τὴν
1224 2226 1310 2260 Ἰησοῦ
1327 2226 1418 2262 φωνὴν
1433 2247 1440 2260 ,
1461 2227 1499 2254 ἔτι
1512 2227 1540 2254 δὲ
1553 2230 1656 2264 σειραῖς
1669 2230 1722 2255 τῶν
1741 2230 1813 2256 ἰδίων

196 2265 272 2303 exiit,
295 2271 384 2298 adhuc
408 2274 499 2297 tamen
525 2277 698 2305 peccatorum
726 2281 838 2300 suorutn
859 2274 976 2303 vinculis

196 2317 324 2351 alligatus
347 2321 373 2343 et
394 2318 562 2345 constrictus
579 2325 586 2343 :
602 2318 637 2345 ob
654 2319 840 2353 paenitentiam
864 2319 975 2354 quidem

195 2366 222 2389 et
239 2363 423 2390 obedientiam
451 2362 517 2390 Jesu
534 2365 605 2395 voci,
631 2365 743 2396 vivens;
758 2365 804 2392 sed
822 2366 886 2399 quia
906 2373 976 2392 non-

195 2408 260 2434 dum
282 2413 456 2442 peccatorum
475 2409 580 2443 laqueis
597 2410 715 2440 solutus,
736 2410 856 2437 nondum
881 2411 976 2438 liberis

195 2453 310 2488 pedibus
328 2454 452 2482 incedere
468 2456 578 2488 valens;
592 2455 640 2482 sed
655 2463 743 2490 neque
760 2456 849 2483 solute
866 2456 976 2490 operari

195 2500 353 2534 pneclarum
370 2500 471 2535 aliqttid
488 2501 589 2534 valens,
604 2505 715 2535 propter
729 2509 826 2528 manus
839 2502 975 2536 pedesque

195 2544 353 2571 mortuariis
367 2544 491 2579 ligaturis
507 2545 669 2580 impeditos;
683 2549 764 2580 atque
780 2545 814 2572 ob
832 2545 857 2572 id
873 2545 972 2572 faciem

194 2597 304 2624 quoque
327 2589 480 2624 ignorantia
504 2591 619 2618 velatam
646 2599 754 2626 gerens.
778 2590 971 2618 Verumtamen

193 2633 257 2660 Jcsu
274 2635 401 2661 mandato
414 2636 519 2662 solutus
540 2644 571 2662 ac
588 2636 656 2663 liber
673 2635 797 2666 eﬂ'ectus,
809 2635 863 2662 tale
880 2635 971 2669 ingre-

194 2678 266 2706 ditur
282 2679 343 2712 iter,
359 2688 445 2715 eoque
461 2681 594 2716 pervertit,
612 2685 640 2707 ut
660 2688 730 2707 untts
747 2680 779 2707 de
797 2679 972 2708 discumben—

230 2754 252 2770 “
272 2754 281 2781 l
300 2755 361 2782 Cor.
378 2763 421 2788 xv,
439 2755 484 2782 52.

1030 2271 1235 2306 ἁμαρτημάτων
1248 2271 1387 2306 δεδεμένος
1398 2272 1444 2298 καὶ
1453 2273 1615 2308 ἐσφιγμένος
1624 2295 1632 2306 ,
1645 2275 1689 2300 διὰ
1702 2275 1751 2309 μὲν
1764 2276 1813 2311 τὴν

1031 2319 1174 2352 μετάνοιαν
1188 2318 1235 2344 καὶ
1250 2317 1280 2343 τὸ
1296 2318 1446 2352 ἀκηκοέναι
1456 2319 1504 2353 τῆς
1523 2319 1608 2354 Ἰησοῦ
1625 2320 1725 2355 φωνῆς,
1737 2321 1792 2353 ζῶν
1802 2329 1810 2337 ·

1029 2361 1072 2388 διὰ
1088 2362 1115 2388 δὲ
1131 2362 1161 2388 τὸ
1177 2363 1213 2398 μὴ
1228 2362 1407 2389 ἀπολελύσθαι
1422 2363 1474 2390 τῶν
1482 2364 1530 2399 τῆς
1544 2365 1679 2399 ἁμαρτίας
1693 2366 1810 2402 δεσμῶν,

1031 2407 1097 2442 μηδὲ
1172 2407 1300 2433 δύνασθαι
1313 2407 1465 2443 ἐλευθέροις
1478 2409 1626 2436 ὲπιὸαίνειν
1641 2411 1729 2442 ποσὶν,
1744 2411 1810 2438 ἀλλὰ

1030 2454 1097 2488 μηδὲ
1113 2454 1235 2488 ἐνεργεῖν
1250 2453 1456 2489 ἀπολελυμὲνως
1470 2454 1503 2481 τὰ
1516 2455 1686 2490 διαφέροντα,
1704 2457 1810 2492 δεδεμέ-

1028 2507 1071 2530 νος
1094 2499 1142 2530 τὰς
1157 2499 1249 2534 χεῖρας
1271 2499 1318 2525 καὶ
1339 2500 1401 2531 τοὺς
1419 2501 1500 2532 πόδας
1520 2501 1627 2536 δεσμοῖς
1641 2504 1744 2538 νεκρῶν
1759 2513 1808 2540 κη-

1028 2543 1114 2578 ρίαις·
1132 2544 1178 2570 καὶ
1192 2544 1235 2571 διὰ
1253 2544 1353 2577 ταύτας
1373 2546 1421 2580 τὴν
1433 2546 1492 2580 ὄψιν
1509 2548 1540 2582 τῇ
1561 2548 1654 2583 ἀγνοίᾳ
1670 2549 1807 2585 κεκαλυμμ-

1027 2589 1116 2624 μένος.
1141 2589 1189 2615 Διᾶ
1212 2589 1241 2615 δὲ
1257 2589 1305 2625 τὴν
1329 2590 1474 2624 πρόσταξιν
1492 2591 1538 2618 τοῦ
1560 2592 1646 2626 Ἰησοῦ
1660 2593 1749 2625 λυθεὶς
1760 2595 1805 2621 καὶ

1026 2635 1147 2668 ἀφεθεὶς,
1164 2635 1307 2670 πορεύεται
1324 2636 1450 2670 τοιαύτην
1474 2637 1601 2671 πορείαν,
1624 2637 1694 2664 ὥστε
1706 2639 1805 2672 φθάσαι

1027 2679 1107 2707 αὑτὸν
1125 2681 1171 2706 ἐπὶ
1191 2680 1230 2716 τῷ
1253 2681 1301 2708 ἕνα
1317 2682 1364 2708 καὶ
1385 2681 1465 2708 αὑτὸν
1483 2683 1608 2716 γενέσθαι
1621 2683 1674 2710 τῶν
1691 2693 1804 2713 συνανα-

227 2842 267 2877 (li
284 2847 362 2874 Οὕτω
378 2847 414 2878 δή
431 2855 508 2879 τινες
529 2866 534 2872 .
551 2863 556 2871 .
574 2865 580 2872 .
598 2845 651 2872 ,ἐν
668 2845 727 2878 τοῖς
744 2846 907 2882 μνήμασιν.
934 2846 973 2875 Ex

1037 2855 1087 2876 cna
1098 2847 1227 2877 Vaticana
1243 2856 1287 2884 ap.
1299 2848 1348 2877 Mai
1366 2850 1430 2878 ibid.
