1906 3037
101 132 136 160 (ἰ5

533 128 565 155 IN
579 127 750 156 JOANNEM.
764 143 798 149 —
811 127 878 155 LIB.
897 126 941 153 νη
961 127 1008 154 ΕΤ
1030 127 1086 154 VIII
1103 126 1325 154 FRAGMENTA.

1693 127 1728 157 66

101 189 236 225 κειμένων
255 187 329 223 αὺτῷ
348 186 446 222 Ἰησοῦ.
473 186 534 213 Τίσι
549 187 576 213 δὲ
592 187 666 214 λύειν
686 188 766 214 αὑτὸν
781 187 885 220 ἐπέτρε-

945 185 1019 213 libus
1033 193 1094 212 cum
1110 185 1175 213 Jesu
1193 186 1250 213 ﬁeri
1268 186 1365 221 pOSsit.
1382 185 1442 213 iam
1463 187 1627 222 quibusnam
1641 188 1726 216 Laza-

100 237 162 271 ψεν,
175 234 206 260 οὗ
222 234 393 268 γέγραπται’
411 233 428 268 ἢ
441 234 498 264 τοῖς
515 233 662 268 μαθηταῖς,
677 233 693 269 ἢ
710 234 766 264 τοῖς
781 240 894 259 συνακο-

100 281 265 316 λουθήσασιν
281 279 417 310 Ἰουδαίοις
428 299 435 309 ,
452 278 468 314 ἢ
483 279 531 305 καὶ
542 278 670 313 ἀγγέλοις
687 279 752 308 ἴσως
765 279 820 309 τοῖς
835 277 894 303 δια-

101 327 275 361 κονουμένοις
289 325 364 360 αὑτῷ
374 325 442 360 πρὸς
453 325 502 359 τὴν
513 324 568 351 τῶν
578 324 729 360 ἀνθρώπων
743 323 891 359 σωτηρίαν.

101 373 153 400 Καὶ
170 371 228 397 ἔστι
254 379 286 404 γε
303 370 419 396 συνιδεῖν
433 369 660 404 ἀποθνησκόντων
673 368 806 405 διαφορὰν
816 387 823 400 ,
838 368 893 394 τῶν

103 418 149 453 μὲν
165 416 227 452 μηδ’
243 416 313 446 ὅλως
329 414 458 447 ἐξιόντων
470 414 517 440 τοῦ
532 413 618 446 οἴκου,
635 414 672 445 ὡς
687 414 732 440 ἐπὶ
747 414 796 448 τῆς
813 413 892 440 Ἰαεί-

102 472 145 500 ρου
170 462 308 497 θυγατρὸς
319 481 326 492 ,
343 461 398 488 τῶν
419 461 447 488 δὲ
460 461 510 496 ἥδη
527 461 662 488 ἀπιόντων
680 461 726 487 ἐπὶ
745 460 774 486 τὺ
788 460 891 495 μνῆμα,

100 509 135 541 ὡς
161 509 208 535 ἐπὶ
235 507 283 534 τοῦ
308 507 366 534 υἰοῦ
386 508 436 542 τῆς
450 508 556 542 χήρας·
590 507 645 533 τῶν
674 507 703 533 δὲ
729 506 775 533 καὶ
800 505 893 531 τεθέν-

100 563 151 582 των
174 555 203 580 ὲν
220 554 260 588 τῷ
282 553 409 589 μνημείῳ
429 553 476 579 καὶ
490 553 540 588 ’ήδη
553 552 720 586 σεσηπὸτων.
747 550 852 577 Ἀθλιοι
864 550 892 576 δὲ

101 600 174 637 παρὰ
197 600 306 632 τούτοις
327 600 351 625 οἰ
373 599 419 625 ἐπὶ
441 599 532 625 πλεῖον
555 598 769 634 ἐμϐραδύνοντες
794 597 822 623 ἐν
836 597 892 628 τοῖς

104 648 249 682 μνήμασιν.

138 694 166 720 Ἡ
174 693 250 726 ὄψις
265 693 359 720 αὑτοῦ
379 691 529 726 σουδαρίῳ
539 691 732 726 περιεδέδετο.

134 740 267 770 Πεσόντες
290 740 331 771 εἰς
351 738 500 774 ἁμαρτίαν,
515 738 640 773 καθάπερ
657 746 688 765 τι
700 737 831 772 κάλυμμα
842 737 891 773 τὴν

102 784 225 812 ἐντεῦθεν
247 785 380 820 αἰσχύνην
401 784 440 819 τῷ
463 784 511 817 τῆς
524 783 611 818 ψυχῆς
630 782 769 818 προσώπῳ
785 790 892 817 περιτε-

104 830 247 865 οείκαμεν,
284 830 400 861 καὶτοῖς
423 828 470 855 τοῦ
489 829 605 855 θανάτου
633 827 891 862 κατεδεσμεύθημεν

944 239 1004 258 rum
1027 233 1135 260 solvere
1158 233 1345 267 imperaverit,
1369 237 1480 259 nonest
1499 233 1642 267 Scriptum.
1663 243 1727 262 num

945 277 1073 304 videlicet
1089 278 1245 312 discipulis,
1264 286 1297 304 an
1323 278 1501 312 sequentibus
1516 285 1546 304 se
1564 277 1675 311 Judteis,
1694 287 1728 306 an

944 322 1025 349 etiam
1052 322 1170 350 fortasse
1195 323 1309 357 angelis,
1328 323 1376 357 qui
1399 323 1592 349 ministrabant
1622 323 1672 358 ipsi
1701 324 1727 351 in

944 370 1118 404 procuranda
1140 369 1283 396 hominum
1308 370 1407 396 salute;
1422 369 1544 404 Denique
1559 369 1727 396 observanda

943 419 987 442 est
1006 419 1179 442 mortuorum
1205 415 1374 448 diderentia;
1396 422 1514 449 namque
1539 415 1584 442 alii
1607 416 1728 442 nondum

942 461 1025 488 domo
1051 462 1117 488 elati
1151 461 1270 493 fuerant.
1300 466 1329 488 ut
1359 461 1427 488 Jairi
1457 461 1512 488 filia
1529 470 1535 488 :
1552 462 1597 488 alii
1623 462 1657 488 ad
1684 470 1729 490 se-

944 507 1069 542 pulcrum
1083 508 1140 542 jam
1156 508 1347 542 portabantur,
1362 511 1390 534 ut
1407 507 1480 535 filius
1496 508 1583 535 vidum
1599 517 1605 534 :
1621 508 1667 534 alii
1682 507 1730 535 de-

943 551 1026 586 nique
1045 553 1101 586 jam
1119 551 1145 578 in
1167 557 1347 580 monumento
1364 553 1502 587 jacebant.
1521 558 1547 580 et
1562 554 1670 588 quidem
1687 558 1729 581 ta-

943 595 1095 623 bescentes.
1108 595 1160 623 Sed
1176 596 1344 625 infeliciorcs
1368 599 1472 627 caeteris
1489 605 1565 631 sunt,
1577 601 1625 634 qui
1642 600 1687 628 diu
1700 601 1728 628 in

942 641 1078 675 sepulcris
1093 641 1273 668 demorentur
1287 642 1337 677 (‘2).

978 686 1024 719 Xl,
1046 687 1090 714 Η.
1110 686 1205 714 Facies
1220 688 1275 722 ejus
1288 689 1396 716 sudario
1411 695 1467 716 erat
1482 691 1573 726 ligata.

977 733 1006 760 In
1029 738 1171 768 peccatum
1196 734 1275 768 lapsi,
1293 734 1413 763 dedecus
1450 736 1514 764 inde
1539 741 1726 771 contractum,

942 779 1026 806 veluti
1043 780 1181 814 quoddam
1194 781 1329 812 velamen,
1348 782 1447 809 animae
1464 787 1564 810 nostra:
1582 784 1659 812 faciei
1673 785 1728 812 cir-

942 826 1163 861 cumposuimus,
1186 829 1213 852 et
1238 826 1334 853 mortis
1364 827 1471 861 laqueis
1497 828 1595 855 irretiti
1621 837 1726 858 sumus.

104 877 215 912 βρόχοις.
244 876 335 914 ’⁷Οταν.
345 874 390 902 οὖν
413 876 488 910 ἡμᾶς
517 874 587 901 κατά
600 874 645 900 τὸν
658 875 706 908 τῆς
722 873 885 900 ἀναστάσεως

945 871 1012 898 Cum
1032 871 1117 906 igitur
1134 879 1184 898 nos
1202 871 1276 898 circa
1294 876 1402 907 tempus
1419 870 1631 901 resurrectionis
1644 883 1727 902 emn-

104 923 192 957 χαιρὸν
212 922 267 948 τῶν
288 923 342 949 ἀπὸ
362 923 414 957 γῆς
438 921 588 957 μνημάτων
610 920 707 953 ἐξοίσει
732 921 746 946 ὁ
761 919 886 955 Χριστὺς,

102 967 157 994 τότε
169 967 211 1002 δὴ,
225 967 299 999 τότε,
314 966 368 993 τῶν
381 968 410 992 ὲν
426 967 496 1001 ἀρχῇ
511 965 651 996 ἀπολύσας
668 964 770 997 κακῶν,
786 965 833 990 καὶ
843 972 889 990 πε-

106 1012 212 1048 ριαιρῶν
220 1012 324 1047 τρόπον
333 1012 393 1038 τινὰ
402 1011 452 1046 τῆς
463 1011 593 1046 αἰσχύνης
603 1011 632 1037 τδ
646 1010 786 1045 κάλυμμα,
796 1009 888 1036 λοιπὸν

103 1057 245 1093 ἐλευθέρως
259 1057 383 1084 ἀνεῖσθαι
396 1056 502 1083 κελεύει
512 1076 519 1089 ,
540 1057 588 1091 οὐχ
604 1055 724 1091 ἁμαρτίᾳ
741 1063 889 1090 τυραννου-

105 1104 209 1138 μένους,
229 1103 280 1138 οὐχ
304 1103 501 1138 ὑποκειμένους
516 1104 549 1138 τῇ
567 1102 671 1137 φθορᾷ,
685 1101 701 1137 ἢ
717 1101 819 1136 ἑτέροις
833 1099 889 1126 τισὶ

103 1149 203 1176 εἰωθόσι
224 1148 345 1180 κακοῦν,
370 1148 408 1180 ὡς
422 1148 589 1184 πληροῦσθαι
610 1148 639 1174 ἐν
656 1148 723 1183 ἡμῖν
738 1147 767 1174 τὸ
780 1146 814 1172 δι’
829 1145 888 1178 ἑνὸς

103 1195 151 1221 τῶν
163 1195 247 1229 ἁγίων
259 1194 408 1230 προφητῶν
424 1194 569 1230 εἰρημένον
579 1203 585 1209 ·
597 1203 606 1220 ι
625 1192 824 1225 Ἐξελεύσεσθε,
841 1191 889 1218 καὶ

105 1242 257 1277 σκιρτήσετε
267 1242 306 1273 ὡς
320 1242 456 1277 μοσχάρια
470 1241 501 1266 ἐκ
514 1239 620 1275 δεσμῶν
631 1239 773 1274 ἀνειμένα.
786 1249 795 1265 ι

134 1287 250 1313 Λύσατε
268 1286 364 1313 αὑτὸν
378 1286 426 1313 καὶ
447 1286 538 1320 ἄφετε
555 1284 692 1320 ὑπάγειν.

133 1329 281 1365 Χρησίμως
295 1328 342 1356 οὖν
362 1330 406 1356 διὰ
421 1329 521 1365 χειρῶν
540 1329 647 1356 οἰκείων
671 1329 820 1365 ἐπέτρεψεν
839 1330 889 1357 αὺο

103 1376 154 1406 τοῖς
168 1375 245 1402 λῦσαι
261 1376 344 1402 αὑτὸν
355 1395 362 1408 ,
385 1377 428 1402 ἴνα
449 1377 584 1412 μηδεμίαν
601 1375 688 1411 έχοιεν
707 1376 889 1411 συκοφαντίας

104 1421 237 1456 ἀφορμὴν,
261 1422 331 1448 ἀλλά
359 1422 496 1457 μάρτυρες
516 1419 566 1448 ὦσι
587 1421 634 1448 τοῦ
658 1421 806 1457 θαύματος.
833 1422 888 1449 Καὶ

104 1467 174 1493 τοῦτο
187 1467 214 1493 δὲ
232 1467 293 1502 ἔχει
304 1468 403 1503 δεῖγμα
420 1469 469 1505 τῆς
484 1467 631 1502 καθολικῆς
647 1467 831 1500 ἀναστάσεως,
843 1469 887 1495 ὅτε

104 1512 226 1547 λυομένης
237 1513 290 1547 τῆς
309 1513 447 1548 ἁμαρτίας
460 1514 508 1539 καὶ
519 1513 568 1548 τῆς
582 1512 629 1538 τοῦ
644 1512 760 1538 θανάτου
774 1512 886 1548 φθορᾶς,

104 1557 235 1592 ἐλεύθερος
255 1558 368 1592 ἀφίεται
391 1558 517 1589 ἕκαστος.
557 1558 689 1589 Πεσόντες
710 1557 765 1592 γὰρ
791 1557 828 1593 (1)
848 1559 888 1589 εἰς

106 1604 241 1638 ἁμαρτίαν,
259 1604 389 1640 καθάπερ
403 1613 429 1631 τι
443 1605 576 1639 κάλυμμα
592 1604 644 1639 τὴν
655 1603 779 1630 ἐντεῦθεν
793 1604 889 1639 αἰσχύ-

106 1657 148 1683 νην
166 1649 203 1684 τῷ
224 1650 276 1684 τῆς
297 1650 386 1685 ψυχῆς
415 1649 553 1685 προσώπῳ
576 1649 820 1685 περιτεθείκαμεν,
841 1650 888 1676 καὶ

106 1696 154 1726 τοίς
169 1694 214 1721 τοῦ
234 1695 350 1722 θανάτου
374 1694 635 1730 καταδεσμεύθημεν
660 1695 777 1730 βρόχοις.
805 1696 888 1722 Ὅταν

106 1737 146 1765 οὖν
160 1740 230 1774 ἡμᾶς
250 1740 323 1766 κατὰ
337 1740 381 1766 τὸν
397 1740 447 1775 τῆς
462 1740 637 1771 ἀναστάσεως
653 1739 748 1774 καιρὸν
766 1739 820 1766 τῶν
834 1733 888 1767 ἀπὸ

107 1785 152 1821 γῆς
166 1787 313 1821 μνημάτων
323 1786 415 1822 ἐξοίσῃ
427 1786 556 1821 Χριστὸς,
565 1786 625 1812 τότε
640 1786 688 1812 καὶ
700 1786 754 1812 τῶν
766 1787 888 1822 ἀρχαίων

107 1828 233 1861 ἀπολύσας
260 1829 369 1861 κακῶν,
399 1830 447 1856 καὶ
472 1830 605 1865 περιελὼν
632 1830 732 1865 τρόπον
755 1831 816 1857 τινὰ
839 1831 889 1867 τῆς

107 1875 227 1910 αἰσχύνης
251 1877 283 1902 τὸ
303 1877 452 1911 κάλυμμα,
476 1876 569 1903 λοιπὸν
596 1877 747 1912 ἐλευθέρως
767 1877 887 1904 ἀνεῖσθαι

108 1921 230 1953 κελεύσει,
241 1922 292 1957 οὐχ
309 1922 504 1957 ὑποκειμένους
516 1924 549 1958 τῇ
561 1923 647 1958 φθορᾷ
656 1923 768 1954 καὶτοῖς
781 1923 888 1950 εἰωθόσι

107 1969 191 1998 κακοῖς
207 1976 213 1982 ·
233 1968 271 1999 ὼς
295 1968 463 2004 πληροῦσθαι
487 1969 515 1995 ἐν
540 1970 606 2004 ἡμῖν
633 1969 663 1996 τὸ
689 1969 722 1996 δι’
748 1969 807 2001 ἐνὸς
832 1969 887 1996 τῶν

108 2013 243 2048 προψητῶν
254 2013 401 2048 εἰρημένον
411 2022 419 2029 δ
436 2024 445 2039 ‹
457 2014 657 2048 Ἐξελεύσεσθε,
668 2016 716 2041 καὶ
726 2016 888 2050 σκιρτήσετε

109 2057 142 2088 ὡς
157 2060 286 2093 μοσχάρια
301 2060 332 2085 ἐκ
346 2059 452 2095 δεσμῶν
465 2059 604 2094 ἀνειμένα.
621 2069 631 2086 ι
647 2060 776 2094 Λάμὸανε
790 2061 818 2087 δέ
835 2069 879 2095 μοι

109 2102 136 2128 τὸ
147 2103 232 2137 θαῦμα
244 2105 293 2131 καὶ
305 2105 351 2131 ἐπὶ
363 2105 397 2131 τὰ
410 2106 496 2136 ἐντός.
509 2106 541 2132 Εἰ
555 2105 608 2140 γὰρ
621 2106 634 2132 ὁ
647 2106 709 2137 νοῦς
721 2107 798 2141 ἡμῶν
810 2107 879 2133 ἀπο-

110 2147 175 2175 οᾶνοι
187 2150 223 2181 ὡς
233 2150 368 2185 Λάζαρος,
381 2151 421 2177 δεῖ
434 2151 501 2185 μετά
511 2150 742 2185 ἐξομολογήσεως,
754 2150 791 2182 ὡς
803 2151 880 2186 Μάρ-

109 2192 151 2227 θαν
164 2193 206 2218 καὶ
220 2193 340 2228 Μαρίαν,
360 2194 410 2230 τὴν
426 2195 520 2230 ὑλικὴν
544 2196 633 2231 σάρκα
652 2197 698 2221 καὶ
718 2197 767 2232 τὴν
785 2205 883 2232 σεμνο-

108 2237 179 2272 τέραν
194 2239 280 2275 ψυχὴν
303 2233 460 2275 προσελθεῖν
478 2241 517 2276 τῷ
533 2242 643 2277 Χριστῷ
663 2242 709 2268 καὶ
724 2242 881 2277 παρακαλέ-

109 2291 162 2309 σαι·
184 2285 227 2311 καὶ
254 2286 285 2318 ὃς
308 2286 436 2319 ἐπιστὰς,
461 2287 510 2322 τὴν
535 2288 710 2323 ἐπικειμένην
732 2289 764 2324 τῇ
787 2289 880 2324 μνήμῃ

108 2328 211 2364 ἀρθῆναι
237 2331 359 2358 κελεύσει
379 2331 527 2367 πώρωσιν,
554 2333 600 2359 καὶ
623 2334 743 2368 φωνήσει
776 2334 881 2369 μεγάλῃ

109 2376 173 2409 φωνῇ
189 2376 237 2410 τῆς
257 2377 438 2413 εὐαγγελικῆς
457 2378 606 2412 σάλπιγγος
619 2387 625 2394 ·
644 2378 729 2413 Δεῦρο
750 2378 802 2411 ἔξω
827 2379 882 2406 τῶν

108 2420 148 2445 τοῦ
164 2421 261 2456 κόσμου
271 2423 471 2458 περισπασμῶν
482 2432 488 2438 ι
505 2423 551 2450 καὶ
564 2424 614 2455 τὰς
631 2424 724 2458 σειρὰς
737 2424 812 2450 λύσει
827 2425 882 2451 τῶν

109 2465 248 2500 ἁμαρτιῶν,
263 2468 333 2495 ὥστε
351 2468 480 2496 δύνασθαι
499 2468 633 2496 κινεῖσθαι
652 2469 794 2505 ἀραρότως
813 2469 881 2505 πρὸς

110 2510 198 2546 ἀρετήν
203 2533 208 2539 .

139 2559 242 2586 Πολλοὶ
260 2558 316 2588 οὖν
335 2561 370 2588 ἐκ
384 2561 443 2588 τῶν
463 2561 614 2590 Ἰουδαίων
623 2561 809 2589 ἐπίστευσαν
834 2563 878 2595 εἰς

109 2604 200 2631 αὐτόν.

139 2647 178 2680 Τίῖι
193 2651 333 2687 παραδόξῳ
353 2652 508 2687 νικηθέντες
534 2652 626 2679 πολλοί
650 2652 875 2679 πεπιστεύκασιν·

138 2704 158 2720 ⁸⁸
176 2705 285 2734 Malach.
307 2716 344 2741 tv,
359 2709 387 2736 2.

140 2762 176 2799 Ηλ
185 2763 230 2791 Ed.
249 2775 256 2792 :
275 2774 336 2793 πεσ.
351 2774 378 2799 γ,
391 2766 431 2796 εἰς
446 2765 495 2799 ἀμ.
511 2766 568 2796 τοῖς
580 2763 627 2791 τοῦ
643 2764 757 2791 θανάτου
772 2765 882 2799 δεσμοῖς

111 2798 357 2835 έαῑξεςμεὺὓημεν·
370 2798 491 2834 λάμϐανε
502 2799 529 2826 δέ
542 2809 586 2835 μοι
597 2800 626 2826 τὸ
640 2799 802 2834 θαῦμα,καί,
812 2798 872 2835 εἰς).

111 2828 253 2866 suppletum
265 2828 422 2862 ci'Macario
434 2835 478 2863 fol.
491 2828 607 2870 385,9p.
622 2834 672 2862 Μ.ιί
690 2828 706 2861 Ι“.
726 2828 744 2862 ιζ
766 2828 867 2870 μ’ίόὃ.

942 917 1082 944 numentis
1099 917 1225 944 extrahet
1239 910 1381 949 Christus,
1397 921 1462 945 tunc
1476 923 1550 945 certe
1566 924 1727 955 rcpnrgatos

942 970 993 990 nos
1011 963 1047 990 ab
1065 965 1181 998 antiqua
1208 964 1279 997 labe,
1297 964 1425 992 detracto
1445 966 1599 994 velamento
1626 967 1727 994 liberos

942 1008 982 1036 ire
1000 1009 1120 1043 jubebit,
1137 1018 1190 1037 non
1207 1010 1343 1037 obnoxios
1361 1012 1466 1045 peccati
1486 1012 1623 1046 tyrannidi
1640 1021 1727 1048 neque

942 1056 1124 1090 corruptioni,
1139 1056 1255 1091 aliisque
1272 1056 1351 1083 malis
1372 1056 1513 1084 interittnn
1537 1057 1725 1088 alicrentibus.

942 1101 978 1128 ita
997 1106 1026 1129 ut
1041 1102 1068 1128 in
1084 1101 1164 1129 nobis
1179 1101 1327 1137 impleatur
1351 1102 1424 1138 quod
1444 1103 1478 1129 ab
1494 1110 1548 1130 uno
1568 1108 1725 1131 sanctorum

942 1148 1136 1182 prophetarum
1164 1148 1267 1175 dictum
1298 1152 1338 1176 est
1359 1159 1365 1176 :
1387 1158 1395 1174 l
1417 1149 1610 1184 Egredicmini,
1628 1155 1655 1177 et
1680 1158 1726 1179 sa-

942 1193 1015 1221 lietis
1039 1194 1112 1222 sicut
1127 1195 1203 1230 parvi
1223 1195 1301 1222 vituli
1318 1195 1438 1223 vinculis
1455 1196 1571 1223 exsoluti
1585 1197 1615 1222 ’⁹.
1635 1206 1645 1222 ι

976 1280 1022 1313 XI,
1041 1281 1086 1308 44.
1102 1280 1200 1308 Solvite
1215 1289 1273 1308 eum
1285 1285 1309 1308 ει
1323 1281 1401 1308 sinite
1416 1281 1497 1308 abire.

979 1325 1087 1353 Utiliter
1111 1327 1197 1362 igitur
1224 1327 1283 1354 suis
1303 1334 1350 1353 eos
1372 1327 1500 1354 manibus
1521 1327 1627 1354 solvere
1650 1327 1726 1355 illum

943 1371 1082 1406 permisit,
1096 1379 1130 1398 ne
1150 1371 1233 1398 ullam
1250 1371 1383 1398 haberent
1399 1372 1542 1398 calumnia!
1560 1380 1665 1404 arisam,
1679 1373 1726 1400 sed

942 1417 1070 1444 miraculi
1089 1420 1174 1443 testes
1202 1416 1304 1443 forent.
1323 1416 1408 1450 quue
1430 1416 1658 1451 significationem
1677 1417 1727 1444 ha-

942 1462 988 1489 bet
1004 1462 1169 1489 universalis
1186 1461 1413 1493 resurrectionis,
1429 1461 1540 1496 quando
1557 1462 1649 1489 soluto
1664 1470 1726 1496 pec-

941 1512 1003 1534 cato
1034 1510 1062 1533 et
1095 1507 1192 1534 mortis
1220 1507 1413 1540 corruptione,
1437 1508 1626 1541 unusquiSque
1658 1508 1726 1536 liber

902 1543 1095 1579 cdimittitur.
1121 1552 1189 1578 Cum
1222 1552 1296 1579 enim
1330 1553 1357 1578 in
1388 1557 1532 1587 peccatum
1558 1553 1725 1585 incidimus.

939 1599 1116 1634 ignominiam
1137 1600 1202 1627 inde
1222 1604 1390 1633 manantem,
1406 1607 1455 1627 ceu
1482 1601 1619 1634 quoddam
1634 1601 1725 1627 velum

939 1646 1038 1673 anima:
1051 1651 1152 1673 nostrte
1168 1645 1249 1673 faciei
1263 1646 1438 1677 obducimus,
1450 1650 1477 1673 et
1493 1647 1590 1673 mortis
1607 1647 1725 1674 vinculis

939 1691 1093 1726 alligamur.
1110 1691 1178 1718 Cum
1196 1695 1288 1719 autem
1307 1699 1358 1719 nos
1374 1692 1588 1720 resurrectionis
1602 1697 1726 1728 tempore

939 1744 954 1764 e
969 1742 1049 1764 terrae
1066 1738 1252 1765 monumentis
1265 1737 1364 1765 educet
1374 1738 1512 1770 Christus,
1523 1743 1588 1765 tunc
1602 1739 1725 1774 antiquis

939 1783 1088 1818 expediens
1104 1783 1409 1818 malis,detrahensqne
1426 1784 1628 1818 quodammodo
1646 1785 1724 1819 igno-

939 1829 1030 1856 miniae
1045 1829 1147 1860 velum,
1157 1829 1286 1864 posthinc
1300 1829 1403 1857 liberos
1418 1831 1495 1857 abire
1508 1830 1624 1864 jubebit,
1635 1837 1723 1865 neque

938 1874 1042 1909 peccati
1062 1873 1179 1901 ulterius
1205 1873 1352 1908 tyrannide
1372 1881 1496 1908 pressos.
1515 1881 1603 1908 neque
1627 1881 1724 1900 corru-

939 1920 1025 1955 ptioni
1046 1919 1173 1947 subditos
1197 1924 1244 1946 aut
1261 1921 1402 1947 consuetis
1422 1920 1525 1947 malis:
1543 1923 1573 1946 ut
1599 1919 1724 1954 perficia-

938 1971 984 1994 tur
1002 1967 1030 1993 in
1054 1966 1133 1993 nobis
1157 1966 1262 1993 dictum
1282 1967 1347 1993 olim
1377 1967 1411 1993 ab
1433 1975 1488 1994 uno
1514 1973 1528 1993 e
1557 1966 1722 2001 prophetis:

941 2020 950 2036 ι
970 2011 1162 2046 Egrediemini,
1177 2015 1205 2038 et
1223 2016 1353 2045 tanquam
1369 2012 1447 2038 vituli
1470 2012 1577 2039 salietis
1605 2011 1723 2039 vinculis

938 2056 1065 2083 resoluti.
1093 2065 1103 2081 ι
1137 2056 1322 2084 Accommoda
1357 2058 1423 2084 mihi
1448 2058 1530 2084 etiam
1560 2058 1722 2084 miraculum

937 2102 971 2129 ad
985 2102 1064 2137 691
1088 2102 1232 2129 interiora.
1250 2102 1279 2129 Si
1295 2103 1368 2130 enim
1387 2111 1464 2130 mens
1479 2109 1571 2130 nostra
1592 2108 1721 2138 tanquam

938 2148 1059 2175 Lazarus
1089 2152 1196 2174 mortua
1230 2149 1280 2181 sit,
1313 2153 1424 2183 oportet
1455 2157 1518 2176 cum
1548 2149 1722 2177 confessione

938 2196 1036 2222 molem
1065 2196 1160 2222 carnis
1177 2195 1359 2227 matcrialem,
1375 2199 1403 2222 et
1420 2195 1646 2222 venerabiliorem
1662 2195 1722 2221 ani-

937 2248 1018 2270 mam.
1038 2244 1169 2274 tanquam
1191 2239 1324 2267 Martham
1344 2245 1370 2267 et
1388 2240 1516 2272 Mariam,
1539 2240 1669 2267 accedere
1686 2240 1720 2266 ad

935 2286 1074 2313 Christum
1096 2289 1122 2312 et
1147 2285 1291 2320 deprecari
1311 2297 1316 2312 :
1334 2291 1361 2312 et
1383 2285 1430 2312 ille
1445 2289 1540 2313 astans
1564 2285 1720 2320 impositam

935 2333 1076 2360 memoria:
1095 2331 1153 2358 tolli
1170 2332 1278 2365 jultebit
1291 2331 1421 2358 duritiem
1438 2338 1471 2357 ac
1487 2331 1600 2363 callum,
1615 2335 1642 2358 et
1662 2331 1720 2357 cla-

935 2377 1021 2405 mabit
1044 2384 1142 2411 magna
1162 2376 1326 2411 evangelicae
1345 2376 1416 2403 tuba:
1434 2383 1500 2403 voce
1521 2386 1527 2404 :
1550 2375 1608 2403 Huc
1628 2377 1720 2415 venite

935 2427 1012 2451 extra
1035 2422 1129 2449 mundi
1148 2422 1344 2449 dish-actiones
1361 2430 1368 2448 :
1386 2427 1413 2449 et
1427 2422 1516 2449 solvet
1543 2425 1717 2456 peccatorum

935 2474 1058 2501 catenas,
1079 2468 1116 2495 ita
1133 2472 1164 2495 ut
1184 2467 1321 2503 possimus
1344 2467 1447 2495 moveri
1471 2467 1665 2495 convenienter
1683 2466 1718 2493 ad

933 2516 1074 2543 virtutem.
1128 2513 1134 2519 ‘

969 2559 1018 2592 XI,
1048 2559 1092 2587 L5.
1123 2558 1204 2586 Multi
1225 2566 1286 2593 ergo
1309 2566 1341 2585 ex
1370 2557 1472 2586 Judwis
1497 2557 1664 2585 crediderunt
1689 2557 1716 2584 in

935 2614 993 2632 eum
999 2625 1005 2631 .
1339 2603 1341 2606 ⁴

969 2651 1042 2680 “ulti
1068 2651 1108 2678 rei
1136 2649 1258 2677 novitate
1282 2653 1309 2677 et
1337 2650 1471 2677 miraculo
1496 2649 1562 2676 victi
1586 2640 1712 2676 credide-

973 2763 1272 2799 (2)Contemporancus
1304 2764 1405 2799 Cyr-illo
1421 2763 1590 2797 Augustinus
1610 2763 1651 2797 pie
1666 2763 1714 2799 do-

928 2802 1026 2833 cteque
1042 2804 1230 2833 argumentum
1241 2800 1291 2826 hoc
1304 2798 1337 2826 de
1350 2800 1436 2826 tribus
1450 2798 1565 2825 mortuis
1575 2806 1588 2824 a
1600 2798 1714 2826 Domino

926 2833 1065 2861 suscitatis
1084 2838 1182 2862 tractat
1206 2842 1333 2862 serrnoue
1352 2841 1445 2868 xcvnt,
1465 2834 1507 2861 etl.
1525 2833 1612 2860 Mars.
