1906 3037
73 146 104 176 69
483 146 519 172 'lN
535 145 703 174 JOANNEM.
726 162 759 166 —
788 146 851 173 ΜΒ.

915 145 920 172 ι
939 145 981 172 ΕΤ
998 145 1052 172 Vill
1074 144 1298 172 FRAGMENTA.
1355 140 1363 145 ί
1653 147 1686 173 το

78 204 219 232 ’Δπιίιλειαν
239 205 266 232 δὲ
282 205 328 232 τοῦ
345 205 437 237 ἔθνους
463 206 549 238 καλεῖ,
570 207 600 233 τὸ
617 207 668 233 ὑπὸ
682 208 761 242 χεῖρα
777 207 851 241 γενέ-

915 215 968 234 'ero
987 206 1077 241 geritis
1094 206 1160 232 dicit
1178 206 1271 232 venire
1290 205 1341 232 sub
1367 207 1527 239 potestatein
1553 203 1688 232 Romano-

74 251 129 279 σθαι
142 251 190 286 τὴν
207 251 375 287 Ῥωμαῖκὴν,
399 252 446 278 καὶ
464 252 611 278 ἀπολέσθαι
635 253 683 287 τὴν
705 252 751 279 τοῦ
767 254 848 287 νόμου

75 297 145 323 σκιάν
160 305 165 310 ·
180 296 250 331 ὅπερ
278 297 426 332 ἀνατρέψαι
447 298 608 333 ζητοῦντες,
627 299 786 333 ὑπέμειναν,
807 298 851 331 Ἐξ

74 342 167 377 ἀνόμου
185 342 234 376 μὲν
257 340 302 369 οὖν
324 340 385 369 εἷπε
408 342 520 379 γνώμης
541 345 554 370 ὁ
575 343 703 378 Καϊάφας
728 344 742 370 ὃ
764 342 850 376 εἶπεν,

74 388 140 421 ego;
155 388 168 413 ὁ
186 387 263 421 λόγος
288 388 383 422 γέγονε
408 389 570 425 πράγματος
584 389 701 424 ἀληθοῦς
717 391 851 425 ἑρμηνευ-

74 397 140 421 ego);
155 397 168 413 ο
186 397 263 421 λογος
288 397 383 422 γεγονε
408 397 428 414 π
449 397 570 424 αγματος
584 397 701 424 αιιηυους
717 397 851 425 ερμηνευ-

74 433 157 463 τικὸς,
174 432 212 464 ὡς
226 434 255 459 ὲν
277 433 352 467 τάξει
371 397 588 470 προξσῇνεχθεὶς
605 436 782 471 προφητείας.
808 436 852 468 Ὠς

74 477 122 513 γὰρ
137 477 245 511 γέγονεν
267 479 353 510 αἴτιος
375 479 485 513 ἀγαθῶν
499 481 513 506 ὁ
526 480 572 506 τοῦ
587 480 706 515 Χριστοῦ
727 480 851 512 θάνατος,

75 525 256 558 προαναφωνεί
280 524 368 558 λέγων
384 524 398 551 ὂ
423 525 473 552 οὐκ
500 523 566 559 οἶδε,
594 526 641 552 καὶ
663 525 785 559 δοξάζων
807 526 852 553 τὸν

75 569 134 595 Θεὸν
146 569 181 600 ὡς
193 571 206 596 ὁ
221 569 338 604 Βαλαὰμ
356 570 427 597 κατὰ
450 571 582 606 ἀνάγκην,
605 571 719 606 ἐπείπερ
733 569 768 607 ἦν
784 571 853 606 ἔχων

75 615 101 640 τὸ
124 615 257 650 ἱερατικὸν
275 615 393 652 ἀξίωμα,
415 612 456 648 ’ὡς
481 616 530 642 οὐκ
558 617 632 652 αὐτῷ
656 617 779 652 δοθείσης
803 617 854 651 τῆς

76 662 246 697 προφητείας,
274 662 342 689 ἀλλὰ
358 662 396 698 τῷ
412 663 462 697 τῆς
485 663 636 699 ἱερωσύνης
656 664 789 700 χρίσματι
804 663 852 700 [aL

78 706 198 742 σχήματι]
216 714 223 722 ι
241 708 300 742 ἤτοι
317 707 346 741 ἐξ
360 705 397 734 ὧν
411 708 522 743 ὕστερον
538 708 572 735 τὰ
595 709 726 745 εἰρημένα
745 709 854 743 γέγονεν

78 752 123 778 ὑπὸ
148 752 192 778 τοῦ
219 753 332 787 Καῖὰφα
357 754 404 780 καὶ
424 754 524 789 ἀπέόη,
542 754 572 780 οὗ
597 755 705 787 πάντως
727 755 854 787 λαϐόντος

78 797 239 833 προφητικὴν
254 799 345 834 χάριν.
376 799 455 832 Είκὸς
476 801 530 836 γὰρ
549 801 589 828 ὅτι
615 801 630 827 ὃ
653 801 762 828 λαλοῦσι
783 810 856 834 τινες

77 845 180 878 γίνεται·
198 846 221 870 εἰ
242 846 291 871 καὶ
305 845 342 880 μὴ
357 846 456 879 ειδότες
474 847 514 874 ὅτι
530 848 640 879 πάντως
654 847 739 881 ἔσται,
758 848 854 875 λαλοῦ-

79 898 124 916 σιν.
141 890 169 916 Ὀ
198 890 247 924 μὲν
282 889 327 917 οὖν
356 891 485 926 Καϊάφας
516 893 586 928 ὑπὲρ
614 893 701 928 μόνων
722 893 855 920 Ἰουδαίων

904 260 963 279 rum
975 273 982 284 ,
1005 255 1031 278 et
1049 252 1140 286 perire
1156 251 1282 277 umbram
1301 250 1370 285 legis
1382 270 1389 280 .
1408 249 1480 284 quod
1500 251 1624 276 avertere
1639 258 1688 276 eu-

905 298 1010 332 picntes
1022 318 1029 329 ,
1049 298 1238 324 incurrerunt.
1258 295 1290 322 Et
1307 296 1417 331 quidem
1436 304 1469 322 ex
1487 296 1582 330 iniqua
1599 302 1689 323 mente

905 344 1013 370 loculus
1030 347 1073 371 est
1092 343 1213 377 Caiphas
1240 343 1311 376 quod
1341 342 1450 369 loculus
1476 346 1541 375 est;
1568 344 1689 368 attamen

905 396 996 415 sermo
1009 389 1068 423 ejus
1085 388 1124 414 rei
1140 395 1213 415 vene
1236 388 1371 422 interpres
1399 387 1522 417 exstitit.
1551 387 1631 413 veluti
1661 388 1687 414 in

904 435 1001 461 ordine
1027 434 1178 469 prophetia:
1204 434 1373 461 enuntiatus.
1406 433 1483 466 Quod
1512 432 1591 460 enim‘
1615 441 1689 459 mors

905 481 1010 508 Christi
1029 482 1163 508 bonorum
1185 488 1267 508 causa
1287 480 1357 512 fuit,
1380 479 1506 514 praedixit
1526 479 1643 514 loquens
1663 478 1688 505 id

906 521 980 562 q'uod
1001 527 1146 561 ignorabat
1168 530 1194 553 et
1217 526 1359 553 Dominum
1383 526 1556 560 glorificans,
1582 529 1609 551 ut
1639 525 1690 551 lia-

907 573 976 599 laam
992 573 1026 604 ",
1043 580 1076 599 ex
1093 572 1274 605 necessitate,
1294 572 1423 606 quoniam
1439 571 1586 598 sacerdotii
1603 571 1691 604 digni-

908 621 990 644 tatem
1008 617 1166 648 obtinebat,
1184 625 1237 643 non
1255 621 1387 651 tanquam
1405 617 1429 643 ei
1446 617 1508 643 data
1526 616 1667 651 prophetia
1681 636 1688 647 ,

907 664 955 691 sed
981 663 1127 691 sacerdotii
1147 662 1309 690 functioue:
1335 663 1392 689 sive
1415 664 1489 697 quod
1515 662 1689 696 postmodum

908 715 968 744 qua:
994 709 1066 735 dicta
1090 708 1200 736 fuerant
1212 716 1227 735 a
1239 708 1342 743 Caipha
1358 713 1520 739 evenerunt,
1539 709 1586 735 illo
1603 709 1690 734 nulla-

908 761 987 782 tenus
1005 754 1194 790 propheticam
1209 754 1326 788 gratiam
1341 753 1451 788 adepto.
1470 753 1689 781 Consentaneum

907 805 949 829 est
977 801 1048 828 enim
1076 805 1105 827 ut
1130 800 1202 834 quod
1227 800 1338 835 quidam
1365 799 1515 833 loquuntur
1541 799 1588 826 fiat
1604 819 1610 831 ,
1638 800 1691 827 etsi

909 847 984 874 nullo
993 846 1074 873 modo
1089 846 1179 873 sciant
1192 846 1265 881 quod
1279 845 1392 873 omnino
1408 844 1530 872 futurum
1541 846 1586 872 sit.
1596 844 1691 872 Enim-

908 899 974 919 vero
996 892 1116 927 Caiphas
1141 891 1251 919 dicebat
1277 899 1325 926 pro
1353 891 1420 918 solis
1442 888 1546 918 ludatis
1571 889 1692 917 futuram

79 934 161 969 ἔλεγεν
174 934 288 970 ,ἔσεσθαι
302 937 347 963 τὸν
360 937 479 973 Χριστοῦ
500 938 624 970 θάνατον,
642 940 656 965 ό
668 938 696 965 δὲ
713 939 784 975 ὑπὲρ
803 940 855 966 πά-

915 938 1009 976 Ihristi
1027 942 1144 965 mortem
1158 947 1163 964 :
1184 937 1231 964 hic
1246 940 1312 964 vero
1328 945 1390 964 eum
1410 937 1495 964 fuisse
1512 937 1547 963 ait
1564 944 1614 971 pro
1629 937 1694 963 uni-

80 990 124 1016 σης
138 982 216 1008 αὐτόν
239 991 306 1017 φησι
331 984 458 1017 γενέσθαι
471 983 521 1019 τῆς
541 985 759 1020 ἁνθρωπότητος.
776 985 855 1017 Γένος

81 1026 125 1061 μὲν
145 1026 197 1061 γὰρ
219 1028 269 1053 καὶ
294 1028 375 1054 τέκνα
401 1028 468 1055 Θεοῦ
493 1029 613 1061 ἅπαντες
637 1029 855 1065 χρηματίζομεν,

80 1072 139 1098 καθὸ
153 1073 259 1099 πάντων
284 1074 342 1100 ἐστὶ
366 1075 460 1109 Πατὴρ
479 1075 572 1110 τρόπῳ
591 1075 778 1111 δημιουργικῷ
796 1083 858 1110 γεν-

81 1119 166 1153 νήσας,
182 1119 229 1145 καὶ
256 1119 369 1154 ἀγαγὼν
392 1119 486 1156 ὥσπερ
503 1121 542 1152 εἰς
559 1120 677 1156 ὓπαρξιν
691 1120 725 1147 τὰ
737 1122 787 1148 οὐκ
814 1121 857 1148 6ν‹

80 1164 166 1198 τα(Ι)·
181 1164 220 1190 ἑτι
245 1164 275 1191 δὲ
294 1165 340 1191 καὶ
359 1165 400 1191 "mn
424 1166 484 1192 κατ’
507 1166 599 1192 εἰκόνα
622 1166 704 1193 αὐτοῦ
727 1166 858 1202 ἐτιμήθη-

82 1217 124 1243 μεν
143 1210 284 1243 γεγονῶες
301 1209 330 1242 ἐξ
352 1210 450 1246 ἀρχῆς.
475 1211 521 1238 καὶ
545 1212 639 1246 ἄρχειν
660 1212 787 1247 λαχόντες
803 1212 861 1239 τῶν

80 1255 121 1280 ἐπὶ
133 1255 192 1289 γῆς,
208 1256 256 1282 καὶ
272 1256 388 1288 εὐτόνως
403 1257 451 1292 τὴν
470 1258 572 1293 ἀρετὴν
589 1258 776 1294 ἐργαζόμενοι.
787 1258 857 1285 Ἀλλ’

81 1301 233 1336 ἐσκόρπεσεν
248 1302 264 1328 ὁ
278 1302 411 1335 Σατανᾶς,
430 1304 460 1329 ἐν
474 1303 565 1338 ταυτῷ
584 1305 672 1339 μεῖναι
691 1304 728 1340 μὴ
750 1313 857 1340 συγχω-

83 1347 169 1382 ρήσας,
185 1348 229 1373 καὶ
249 1348 474 1385 ἀποϐουκολήσας
486 1349 662 1385 πολυτρόπως
674 1351 723 1385 τῆς
739 1351 777 1382 είς
792 1351 859 1377 Θεὸν

82 1392 251 1426 προσεδρείας
277 1392 323 1420 τὸν
347 1393 499 1430 ἄνθρωπον·
526 1396 705 1430 συνεισήγαγε
728 1396 756 1422 δὲ
778 1396 859 1423 πάλιν

83 1438 124 1463 καὶ
139 1439 300 1473 συνεκόμισε
320 1440 423 1471 πάντας
440 1440 483 1466 διὰ
502 1440 554 1475 τῆς
570 1440 686 1472 πίστεως
699 1442 722 1467 ,ὁ
743 1441 860 1475 Χριστὸς

83 1483 117 1514 είς
132 1483 191 1518 μίαν
206 1483 293 1519 αὐλὴν
305 1486 350 1511 καὶ
359 1485 407 1520 τὴν
415 1485 588 1520 Ἐκκλησίαν,
597 1486 642 1512 καὶ
658 1486 710 1512 ὑπὸ
722 1486 802 1521 ζυγὸν
812 1487 860 1514 ἕνα

83 1529 278 1563 παρεσκεύασε,
296 1530 404 1557 πάντων
419 1530 448 1557 ἓν
458 1531 621 1565 γεγονότων,
641 1532 784 1564 Ἰουδαίων,
802 1532 860 1558 Ἐλ‹

83 1574 171 1610 λήνων,
188 1575 348 1611 βαρϐάρων,
373 1577 494 1610 Σκυθῶν,
511 1578 559 1604 καὶ
579 1578 619 1609 είς
644 1577 693 1604 ἕνα
707 1577 800 1604 καινὸν
813 1578 860 1605 ἄν-

83 1619 180 1655 θρωπον
207 1621 466 1656 ἁναπλαττομένων,
494 1622 540 1648 καὶ
566 1621 790 1657 προσκυνούντων
814 1622 861 1648 ἕνα

84 1666 151 1692 Θεὸν.

115 1714 165 1748 οὐχ
180 1713 215 1744 ὡς
232 1712 271 1748 (Ξ)
287 1713 358 1740 κατὰ
374 1713 482 1748 πνεῦμα
497 1713 665 1748 προφητείας
684 1713 736 1740 ὑπὸ
751 1713 863 1748 Καῖάφα
892 1707 899 1709 Α

85 1759 190 1794 ὲρῤέθη’
205 1759 236 1786 οὺ
249 1759 306 1795 γὰρ
322 1760 351 1786 τδ
367 1760 476 1794 πνεῦμα
489 1760 519 1785 τὸ
534 1759 703 1795 προφητικὸν
717 1760 863 1796 ἐπιϐουλὴν

86 1805 214 1839 συνίστησι
230 1804 302 1832 κατὰ
321 1805 453 1840 Χριστοῦ,
476 1805 545 1832 ἀλλὰ
561 1806 631 1832 κατά
644 1814 705 1832 τινα
720 1806 863 1841 συντυχίαν

85 1849 119 1884 τῷ
139 1850 231 1885 ἀληθεῖ
256 1851 304 1877 καὶ
327 1850 502 1886 γενησομένῳ
524 1851 667 1886 πράγματι
694 1851 862 1887 συνδραμόν·

87 1895 250 1930 συγχωρηθὲν
268 1895 344 1930 αὐτῷ
359 1895 408 1930 τῆς
431 1894 559 1929 τοιαύτης
576 1895 727 1929 ἐπιψαῦσαι
748 1895 808 1922 καθ’
823 1896 864 1922 ὄτι

86 1938 116 1976 ἧν
130 1941 284 1976 ἀρχιερεὺς,
313 1941 356 1967 ἵνα
369 1941 414 1967 διὰ
432 1940 481 1967 τοῦ
495 1941 633 1976 στόματος
650 1940 733 1967 αὑτοῦ
748 1940 864 1976 φανερὸν

87 1986 190 2021 γένηται
202 1986 233 2012 τὸ
241 1987 433 2022 κεκρυμμένον
445 1987 502 2018 τοῖς
514 1986 668 2022 ἀνθρώποις
684 1986 736 2018 "unc;
745 1987 808 2013 τότε
818 1987 864 2014 καὶ

87 2032 176 2067 ἀγνοού
180 2042 269 2068 μενον.

124 2078 178 2104 Ἀπ’
194 2079 317 2112 ἐκείνης
330 2076 386 2106 οὖν
405 2076 459 2112 τῆς
473 2077 550 2112 ὥρας
570 2078 865 2110 συνεϐουλεύσαντο,

88 2124 133 2151 ἵνα
147 2126 365 2152 ἀποκτείνωσιν
380 2126 483 2152 αὐτόν.

118 2169 193 2205 Εἶχον
209 2171 260 2205 μὲν
274 2170 330 2205 γὰρ
357 2171 406 2205 τὴν
427 2170 573 2204 ἐπιθυμίαν
594 2170 643 2205 τῆς
659 2170 730 2197 κατὰ
748 2169 866 2205 Χριστοῦ

90 2217 247 2251 μιαιφονίας·
268 2216 324 2243 ἀπὸ
337 2216 365 2242 δὲ
381 2215 428 2241 τοῦ
449 2215 543 2251 καιροῦ
559 2215 622 2242 καθ’
635 2215 665 2242 ὃν
685 2215 716 2242 τὸ
730 2215 868 2251 συνέδριον

88 2262 201 2296 γέγονεν,
218 2262 307 2298 ἀρχὴν
334 2261 427 2296 ὥσπερ
452 2261 550 2294 ἔλαϐε,
566 2260 791 2296 δημοσιευθείσης
816 2262 866 2295 τῆς

88 2308 207 2335 ἁπάντων
230 2309 271 2339 εἰς
303 2307 382 2334 τοῦτο
413 2307 602 2338 συναινέσεως.
630 2307 666 2333 Οὐ
690 2307 745 2342 γὰρ
759 2304 834 2332 εἶπεν
853 2306 867 2332 ὸ

89 2353 288 2388 εὑαγγελιστὴς,
314 2353 354 2379 ὃτι
378 2353 425 2379 ἀπ’
447 2353 553 2387 ἐκείνης
577 2353 626 2388 τῆς
645 2352 720 2388 ὧρας
744 2351 868 2379 ἐϐουλεύ-

91 2408 163 2426 σαντο
190 2400 303 2435 ποιῆσαι
326 2399 371 2426 τὸν
398 2399 488 2433 φόνον,
519 2398 588 2425 ἀλλὰ
612 2397 866 2431 συνεϐουλεύσαντο,

89 2445 154 2472 τοῦτ’
170 2446 252 2478 ἐστιν,
269 2446 339 2480 ὅπερ
354 2444 394 2480 τῷ
408 2445 470 2472 καθ’
482 2444 596 2471 ἕκαστον
612 2444 708 2477 ἐδόκει,
723 2446 799 2480 κοινῇ
813 2445 867 2471 πᾶ-

92 2500 127 2518 σιν
139 2492 245 2527 ήρεσεν.

127 2537 228 2571 Ἐγγὺς
245 2538 280 2563 δὲ
300 2536 357 2570 τῆς
371 2536 481 2570 ἐρήμου
496 2535 634 2570 διατρίϐει
647 2535 723 2570 μετὰ
739 2535 798 2562 τῶν
810 2544 868 2571 μα-

92 2582 190 2615 θητῶν.

123 2628 174 2654 Καὶ
186 2628 302 2654 ἐνταῦθα
309 2628 398 2654 τοίνυν
409 2627 448 2658 ὡς
466 2627 600 2653 Ἰουδαίων
612 2627 756 2662 ὑποχωρεῖ,
771 2628 801 2654 οὐ
813 2627 868 2653 δει-

908 991 990 1011 versa
1007 984 1126 1010 buntana
1145 987 1255 1010 natura.
1278 982 1383 1010 Etenim
1404 990 1492 1018 genus
1517 986 1543 1010 et
1571 983 1619 1009 filii
1645 981 1692 1008 Dei

910 1027 1007 1056 omnes
1021 1028 1172 1056 audimus“l
1188 1048 1194 1060 ,
1209 1032 1344 1063 quatenus
1359 1031 1401 1055 est
1416 1028 1538 1054 omnium
1553 1026 1634 1054 Pater
1647 1027 1694 1062 qui

910 1081 959 1110 per
975 1075 1086 1102 modum
1102 1073 1210 1109 opificis
1219 1075 1326 1109 genuit,
1338 1078 1364 1100 ct
1382 1074 1409 1100 in
1425 1073 1633 1100 subsistenuam
1651 1081 1695 1099 re-

910 1120 988 1147 duxit
1000 1127 1032 1148 ea
1048 1128 1108 1155 quae
1124 1128 1178 1147 ιιοιι
1193 1124 1282 1148 erant.
1301 1120 1416 1154 insuper
1429 1119 1494 1155 quia
1508 1120 1564 1154 jam
1582 1119 1696 1146 iudeab

911 1166 992 1193 initio
1008 1166 1042 1195 ad
1060 1166 1207 1200 imaginem
1221 1166 1284 1200 ejus
1300 1165 1364 1193 facti
1383 1165 1567 1199 honoratique
1581 1173 1695 1196 sumus,

911 1212 1000 1238 sortiti
1017 1217 1149 1246 praeterea
1161 1212 1284 1238 omnium
1302 1219 1364 1246 qua:
1377 1211 1405 1237 in
1422 1216 1493 1238 terra
1520 1215 1585 1238 sunt
1611 1211 1696 1244 impe-

910 1257 981 1283 rium
995 1277 1002 1289 ,
1021 1261 1152 1290 rectoque
1170 1260 1265 1283 tenore
1285 1256 1415 1283 virtutem
1441 1260 1613 1282 cvcrccntes.
1643 1255 1694 1281 Sed

911 1302 1057 1336 dissipavit
1074 1310 1122 1329 nos
1133 1302 1261 1334 Satanas,
1271 1301 1365 1329 eodem
1379 1305 1450 1328 statu
1467 1309 1628 1336 permanere
1641 1309 1695 1327 non

912 1356 1013 1383 passus
1024 1369 1031 1380 ,
1049 1349 1189 1383 variisque
1204 1348 1313 1375 technis
1327 1351 1353 1374 et
1371 1347 1517 1374 fraudibus
1531 1367 1538 1379 ,
1561 1355 1594 1374 ue
1615 1349 1697 1373 homo

913 1399 1045 1429 perpetuo
1068 1393 1122 1420 Deo
1140 1393 1309 1425 adhaereret,
1328 1393 1411 1420 evicit
1428 1402 1433 1420 :
1452 1401 1549 1420 rursus
1567 1402 1630 1420 vero
1646 1401 1697 1420 nos

912 1439 1088 1474 congregavit
1103 1443 1130 1466 et
1147 1439 1268 1474 collegit,
1283 1446 1379 1466 omnes
1397 1439 1423 1465 in
1437 1436 1517 1465 uuam
1540 1440 1645 1467 caulam
1669 1444 1696 1466 et

913 1481 1065 1509 Ecclesiant
1178 1491 1225 1516 per
1243 1482 1322 1509 fidem
1338 1481 1468 1509 Chrisms
1485 1483 1643 1516 collocavit,
1659 1483 1696 1510 ita

913 1531 944 1554 ut
958 1534 1054 1554 otnnes
1068 1527 1094 1554 in
1111 1535 1194 1554 unum
1210 1527 1275 1554 facti
1297 1527 1352 1554 sint
1371 1526 1474 1560 Juda‘i,
1504 1526 1589 1554 erci
1600 1548 1607 1558 .
1623 1528 1698 1555 bar-

915 1573 973 1600 bari
985 1593 992 1602 .
1010 1572 1117 1608 Scythae
1128 1593 1134 1605 ,
1150 1577 1176 1600 et
1191 1574 1218 1599 in
1233 1581 1316 1599 unum
1333 1580 1433 1600 novum
1451 1572 1590 1601 hominem
1609 1574 1698 1601 rcfor-

875 1612 896 1641 C
914 1619 980 1646 mati
993 1619 1033 1651 ιδ’,
1050 1623 1078 1646 et
1096 1626 1180 1646 unum
1197 1618 1281 1646 Deum
1300 1619 1424 1646 adorent.

948 1707 1007 1735 Non
1027 1707 1191 1742 prophetico
1208 1706 1308 1741 spiritu
1324 1706 1442 1742 Caiphas
1458 1706 1567 1734 loculus
1586 1711 1638 1738 est.
1651 1715 1698 1734 ue-

914 1761 966 1788 que
992 1753 1065 1780 enim
1098 1752 1247 1787 prophetia:
1286 1753 1401 1786 spiritus
1437 1753 1553 1780 insidias
1588 1753 1698 1793 Christo

914 1799 1014 1831 struit;
1031 1797 1081 1826 sed
1094 1804 1160 1825 casu
1174 1798 1295 1833 quodam
1309 1798 1336 1825 in
1355 1807 1411 1825 retu
1428 1806 1518 1825 veram
1535 1803 1561 1826 et
1579 1807 1639 1826 mox
1655 1800 1697 1825 fu-

914 1849 1004 1871 turam
1037 1833 1272 1878 incurritzcique
1301 1851 1467 1871 concessum
1496 1843 1547 1870 fuit
1576 1845 1604 1870 lu
1630 1844 1699 1871 hanc

914 1890 1108 1925 cogitationem
1135 1889 1240 1921 venire.
1265 1893 1402 1923 quatenus
1430 1889 1555 1924 pontifex
1579 1894 1649 1921 erat,
1668 1893 1699 1916 ut

914 1943 962 1964 ore
984 1936 1044 1970 ejus
1065 1943 1108 1963 res
1125 1935 1285 1963 hominibus
1302 1935 1437 1963 hactenus
1457 1935 1566 1962 occulta
1581 1939 1608 1962 et
1621 1936 1700 1970 igno-

915 1986 974 2010 rata
988 1981 1139 2017 pateﬁeret.

950 2078 987 2106 Xl
998 2099 1005 2111 ,
1026 2079 1070 2106 53.
1087 2078 1126 2106 Ab
1140 2079 1186 2106 illo
1200 2087 1261 2114 ergo
1278 2079 1321 2106 die
1337 2079 1532 2114 cogitaverunt,
1551 2085 1578 2106 ιιι
1598 2080 1700 2114 interﬁ-

916 2131 1003 2153 carent
1016 2134 1087 2154 eum.

952 2172 1104 2200 lncesserat
1132 2172 1242 2207 quidem
1272 2172 1326 2199 illis
1342 2172 1445 2200 Christi
1462 2171 1606 2200 ocuidendi
1622 2173 1700 2208 cupi-

920 2220 993 2248 ditas
1008 2229 1015 2254 ;
1031 2219 1079 2247 sed
1095 2227 1126 2247 ea
1143 2219 1217 2247 velut
1232 2219 1343 2246 initiutn
1360 2220 1457 2247 habuit
1472 2220 1506 2247 ab
1521 2227 1554 2247 eo
1578 2225 1702 2255 tempore

881 2273 973 2310 uno
996 2265 1142 2293 consilium
1167 2265 1265 2292 initutn
1288 2269 1348 2297 est,
1373 2265 1495 2293 omnittm
1520 2265 1621 2293 animis
1644 2272 1701 2293 tum

921 2312 1031 2339 demum
1054 2311 1080 2337 in
1109 2311 1160 2337 hoc
1184 2310 1418 2344 conspirantibus.
1449 2310 1507 2337 Non
1534 2311 1606 2337 enim
1633 2311 1704 2339 dixit

921 2357 1089 2392 evangelista
1101 2375 1108 2387 ,
1125 2356 1159 2382 ab
1176 2356 1222 2382 illa
1242 2356 1308 2382 liora
1323 2363 1371 2383 eos
1387 2356 1469 2383 caedis
1490 2355 1623 2384 facienda:
1637 2365 1704 2384 con-

921 2403 1011 2431 silium
1026 2402 1149 2437 cepisse,
1167 2400 1214 2428 sed
1231 2401 1312 2428 simul
1330 2405 1356 2428 et
1373 2402 1518 2429 universos
1539 2402 1572 2429 de
1593 2411 1624 2429 ea
1638 2410 1703 2430 con-

920 2449 1059 2476 sultasse:
1077 2448 1128 2474 hoc
1144 2453 1200 2480 est,
1218 2447 1290 2482 quod
1315 2447 1442 2482 privatim
1460 2447 1577 2482 singulis
1593 2449 1703 2476 videba-

921 2498 978 2524 tur.
994 2493 1022 2520 in
1038 2501 1184 2520 commune
1199 2493 1328 2519 omnibus
1343 2492 1491 2527 placuisse.

954 2539 989 2566 Xl
1001 2559 1008 2571 ,
1022 2539 1065 2566 54.
1083 2538 1168 2565 Juxta
1181 2538 1313 2565 desertum
1328 2547 1386 2566 vero
1397 2537 1466 2573 degit
1480 2546 1538 2564 cum
1554 2538 1702 2572 discipulis.

957 2627 987 2654 Et
1004 2628 1047 2654 hic
1062 2627 1172 2661 quidem
1188 2627 1290 2654 recedit
1311 2634 1324 2654 ιι
1338 2625 1440 2654 ludatis
1450 2646 1458 2659 ,
1472 2633 1526 2653 non
1540 2625 1596 2653 ullo
1611 2634 1680 2653 metu
1691 2644 1701 2659 ,

123 2686 144 2702 ³⁸
162 2686 240 2713 Num.
279 2694 354 2718 χχιιι,
372 2686 384 2713 1
404 2693 464 2720 sqq.
502 2685 524 2701 ‘”
545 2684 553 2712 l
571 2684 649 2712 Joan.
668 2694 715 2718 ιιι,
733 2686 773 2714 ’l.'
796 2687 818 2703 ⁵³
835 2687 860 2722 Ε]

915 2697 933 2716 ι.
951 2696 985 2721 ιι,
1001 2686 1093 2715 15-16.

126 2771 160 2805 (l)
176 2769 236 2801 Ed.,
249 2769 362 2805 ἀγαγὼν
377 2768 471 2804 ὥσπερ
481 2789 488 2796 .
503 2788 528 2805 ._.
545 2789 572 2796 ...
589 2789 595 2796 ,
611 2768 645 2795 τὰ
657 2768 706 2794 οὐκ
717 2767 870 2805 mimicum

96 2801 184 2832 lacuna
207 2801 317 2838 punctis
342 2801 481 2831 denotata.
503 2803 601 2832 Restit.
617 2811 648 2832 ex
669 2807 764 2830 catena
781 2801 868 2830 Vatic.

96 2847 135 2874 ap.
151 2841 200 2868 Mai
212 2840 291 2872 ibid.,
307 2847 332 2875 p.
352 2839 412 2866 155.

925 2770 1075 2832 Mazacam;
1097 2768 1132 2801 ὼς
1150 2788 1156 2794 .
1171 2786 1178 2794 .
1192 2787 1198 2793 .
1214 2787 1221 2794 .
1232 2767 1442 2802 ἀγνοούμενον.
1456 2767 1494 2794 Ex
1503 2764 1704 2801 catenaV’atic.,
