1906 3037
77 163 108 191 ⁵15
464 157 498 185 IN
517 152 686 185 «ΙΟΑΝΝΕΜ.
706 172 740 177 -
759 155 823 184 LIIl.
848 155 891 184 VII

912 155 955 183 ΕΤ
975 154 1029 184 VIII
1051 155 1271 184 FRAGMENTA.
1662 158 1693 187 74

77 221 133 252 λίας
145 218 286 252 ἀπόδειξιν
302 216 477 253 ἑμποιοῦνται
500 217 531 244 τδ
548 217 587 252 μὴ
607 215 762 244 ἀναϐαίνειν
778 216 859 243 αὑτὸν

913 215 996 243 salem
1011 215 1039 242 in
1052 213 1176 246 Pascha.
1189 219 1220 242 ut
1231 214 1260 242 in
1276 213 1347 242 festo
1357 213 1611 242 Tabernaculorum
1626 223 1633 242 :
1648 216 1696 244 sed

78 268 114 298 είς
137 265 324 301 Ἰεροσόλυμα,
344 265 381 296 ὡς
404 264 443 300 μὴ
459 264 610 298 δυναμένου
638 262 728 298 ἑαυτῷ
753 262 860 298 βοηθεῖν

78 313 104 340 ὲν
118 310 228 346 τοιαύτῃ
251 311 355 347 ἡμέρᾳ,
376 310 425 337 καὶ
441 309 485 337 διὰ
497 310 577 337 τοῦτο
590 310 858 345 άπολιμπανομένου.

81 359 111 386 Ἦ
126 357 172 384 καὶ
186 357 256 393 πρὸς
270 357 383 389 ιαυτοϋς
396 356 484 384 ταῦτά
501 365 583 392 φασιν
602 357 627 382 οί
641 355 861 392 προσταχθέντες

78 403 154 432 αὐτὸν
170 403 316 430 συλλαϐεῖν
341 403 389 430 καὶ
410 402 616 438 ὀλιγωροῦντες,
643 402 758 438 ἔπειπερ
784 401 861 429 οὔπω

78 450 153 477 αὑτὸν
165 448 260 485 ἑώρων
274 448 398 482 ἐλθόντα,
413 449 461 476 καὶ
478 448 609 476 ἔσπευδον
625 448 730 484 ταχέως
746 448 859 483 ποιῆσαι

78 497 105 524 τὸ
117 494 296 532 προσταχθέν.

117 625 142 653 Ὀ
160 624 216 655 οὖν
236 626 353 660 Ἰησοῦς
377 627 434 661 πρὸ
456 627 492 659 ἐξ
517 627 636 662 ἡμερῶν
662 627 715 655 τοῦ
739 627 859 662 Πάσχα,

79 670 165 707 ἦλθεν
181 672 226 704 είς
240 671 407 705 Βηθανίαν,
426 672 474 698 καὶ
488 671 524 698 τὰ
537 671 612 707 ἑξῆς.

111 717 328 752 Καταφρονήσας
353 717 403 752 τῆς
433 717 487 744 τῶν
516 717 650 744 Ἰουδαίων
671 717 818 754 ἐπιϐουλῆς
845 718 860 744 ὁ

81 761 183 797 Κύριος,
201 761 299 788 ἑαυτὸν
317 761 448 793 ἑκουσίως
463 761 531 798 πρὸς
547 761 577 788 τὸ
591 761 687 789 παθεῖν
708 762 858 795 ὲκδίδωσιν,

81 809 136 840 ἐπεὶ
149 808 241 844 παρῆν
264 809 279 835 ό
295 808 342 834 τοῦ
359 807 463 840 πάθους
476 807 580 844 καιρὸς,
606 809 646 840 εἰς
662 808 713 844 τὴν
725 808 860 844 Βηθανίαν

80 854 167 886 ἐλθὼν.
188 855 218 881 οὺ
239 853 295 890 μὴν
308 855 348 886 εἰς
364 854 415 889 τὴν
440 853 628 890 Ἰερουσαλὴμ,
653 854 698 882 ἵνα
717 855 755 891 μὴ
771 855 860 890 αἰφνι-

80 901 137 932 δίως
147 889 310 935 όφθεὶςντοῖς
328 899 477 932 Ἰουδαίοις,
497 899 620 937 ὲκκαύσῃ
636 889 735 932 αὐτοὺς
749 889 793 932 ἐὶς
808 889 860 936 γὸρ-
877 889 898 918 Β

81 947 136 982 τὴν,
154 946 220 973 ἀλλὰ
239 946 287 973 διὰ
313 945 363 981 τῆς
384 945 478 981 φήμης
501 945 548 972 τοῦ
570 943 639 973 εἶναι
661 946 743 974 αὐτὸν
765 947 860 981 ἐγγὺς,

81 992 235 1028 “massilia
251 991 283 1018 τὸ
297 991 357 1024 ζέον
371 991 418 1019 τοῦ
431 990 544 1021 ἐκείνων
559 991 656 1028 θυμοῦ.
680 992 818 1019 Συνεσθίει
832 993 860 1019 δὲ

81 1038 115 1073 τῷ
126 1038 251 1073 Λαζάρῳ,
262 1037 307 1064 διὰ
320 1036 416 1064 τούτου
429 1037 646 1073 ὑπομιμνήσκων
659 1036 721 1069 τοὺς
740 1037 861 1072 ὁρῶντας

81 1085 125 1120 τῆς
139 1083 308 1120 θεοπρεποῦς
331 1083 414 1120 αὐεοῦ
433 1082 568 1117 ἐξουσίας.
593 1083 720 1113 Δείκνυσι
735 1083 763 1110 δὲ
780 1084 794 1110 ὀ
812 1083 860 1109 εὑ-

80 1130 235 1166 αγγελιστὴς
260 1130 306 1157 διὰ
323 1129 370 1156 τοῦ
396 1129 576 1165 διηγήματος,
591 1129 633 1156 ὅτι
651 1129 682 1155 οὐ
698 1128 860 1164 κατεφρόνει

80 1177 94 1203 ό
107 1177 218 1212 Χριστὸς
241 1175 290 1204 τοῦ
310 1176 404 1211 νόμου·
429 1175 490 1202 ὃθεν
506 1175 554 1202 καὶ
568 1175 621 1210 πρὸ
640 1175 670 1209 ἒξ
687 1175 798 1212 ἡμερῶν
812 1174 859 1202 τοῦ

83 1223 180 1258 Πάσχα,
194 1223 238 1249 ὅτε
254 1222 308 1249 ἔδει
325 1221 510 1257 άγορασθῆναι
530 1221 577 1248 τὸν
599 1221 686 1257 ἀμνὸν
708 1220 756 1248 καὶ
771 1218 860 1256 τηρη-

82 1269 154 1303 θῆναι
172 1269 222 1300 ἕως
246 1269 298 1304 τῆς
320 1268 629 1303 τεσσαρεσκαιδεκάτης,
653 1267 787 1303 συνέφαγε
802 1268 861 1299 τοῖς

82 1315 140 1350 περὶ
153 1315 197 1342 τὸν
212 1313 348 1350 Λάζαρον·
377 1314 442 1346 ἴσως
467 1314 517 1350 τὴν
539 1313 648 1350 ἡμέραν
667 1313 717 1349 τὴν
734 1313 788 1349 πρὸ
811 1313 860 1340 τοῦ

82 1361 206 1397 ληφθῆναι
230 1360 261 1387 τὸ
289 1360 424 1396 πρόϐατον
443 1359 521 1391 ἔθους
537 1359 615 1391 ὄντος
637 1361 694 1392 τοῖς
721 1360 860 1392 Ἰουδαίοις

81 1407 160 1441 ὀλίγον
174 1415 200 1433 τι
216 1406 426 1442 πανηγυρίζειν,
439 1406 490 1432 οὐκ
504 1406 536 1432 ὲκ
548 1405 642 1440 νόμου,
653 1405 710 1432 ἀλλ’
727 1405 782 1432 ἀπὸ
796 1414 859 1433 συνι-

81 1453 177 1489 ηθείας,
198 1452 242 1479 ἵνα
267 1452 338 1487 μετὰ
365 1451 394 1478 τὸ
419 1451 631 1487 παραληφθῆναι
653 1451 684 1478 τὺ
711 1451 858 1487 πρόϐατον,

82 1499 223 1535 σχολὰσωσι
237 1498 333 1525 λοιπὸν
347 1498 400 1529 ἕως
412 1497 463 1532 τῆς
478 1497 585 1533 ἑορτῆς,
599 1498 722 1533 νηστείᾳ,
736 1499 796 1534 ἦτοι
808 1498 860 1525 ὀλι-

81 1545 179 1581 γοσιτίᾳ
191 1545 238 1571 καὶ
257 1544 412 1579 ἁγνισμοῖς.
429 1542 556 1570 Φαίνεται
570 1541 617 1570 οὖν
630 1545 644 1570 ό
661 1543 763 1579 Κύριος
778 1545 859 1580 τιμή-
873 1558 896 1589 c

83 1599 126 1622 σας
139 1591 184 1617 καὶ
199 1591 227 1617 ἐν
239 1590 329 1625 τούτῳ
342 1589 376 1616 τὰ
396 1588 445 1624 τῆς
467 1589 564 1624 ἑορτῆς
586 1589 645 1625 ἔθη.
665 1589 861 1626 Καταπληττόι-

84 1645 155 1672 μενος
168 1637 195 1663 δὲ
211 1637 225 1663 ὁ
241 1636 439 1672 εὐαγγελιστὴς
464 1644 558 1671 φησιν,
572 1635 613 1662 ὄτι
636 1636 650 1662 ὁ
671 1636 861 1672 τετραήμερος

82 1683 168 1718 νεκρὸς
185 1682 313 1719 συνήσθισ
329 1681 368 1718 τῷ
381 1682 502 1718 Χριστῷ,
517 1682 557 1714 εἰς
570 1682 725 1717 ὑπόμνησιν
737 1682 788 1717 τῆς
801 1681 861 1709 θεο-

83 1727 194 1763 πρεποῦς
209 1726 299 1754 αὐτοῦ’
314 1726 448 1760 ἐξουσίας.
468 1726 580 1760 Είσάγει
592 1726 621 1753 δὲ
640 1725 671 1758 ἐξ
684 1726 795 1762 ἀγάπης
810 1726 860 1761 τῆς

83 1774 118 1805 εἰς
129 1773 251 1809 Χριστὸν,
272 1773 322 1808 τὴν
338 1773 453 1810 Μάρθαν
467 1771 654 1803 διακονοῦσαν,
677 1772 725 1798 καὶ
739 1773 796 1803 τοῖς
810 1772 860 1806 τῆς

83 1821 211 1855 τραπέζης
225 1819 416 1856 ὑπηρετοῦσαν
432 1819 534 1850 πόνοις.

114 1867 165 1894 Kal
180 1867 199 1900 ἠ
219 1866 326 1901 Μάρθα
339 1866 483 1900 διηκόνει.

113 1913 166 1948 Τῆς
180 1913 297 1949 Μάρθας
312 1913 511 1949 ὑπηρετούσης,
523 1913 541 1949 ἡ
557 1912 653 1949 Μαρία
664 1912 799 1947 ἀλείψασα
815 1911 860 1938 τὸν

83 1958 176 1994 Κύριον
192 1959 281 1995 μύρῳ,
300 1959 440 1986 ἐτελείωσε
455 1959 505 1995 τὴν
517 1959 558 1991 εἰς
574 1959 656 1986 αὐτὸν
670 1959 792 1995 ἀγάπην,
811 1958 860 1985 καὶ

82 2004 122 2032 διὰ
135 2005 186 2032 τῶν
199 2005 256 2037 δύο,
278 2005 381 2037 τέλειος
402 2006 417 2032 ό
430 2004 481 2040 τῆς
502 2005 612 2040 ἀγάπης
626 2005 688 2040 ὄρος
703 2004 858 2040 ἐτελειώθη.

83 2052 191 2078 Δυνατδν
205 2051 234 2078 δὲ
258 2051 328 2087 πρὸς
353 2051 470 2087 θεωρίαν
485 2050 532 2078 τὸν
556 2051 646 2085 λόγον,
663 2051 708 2078 ἴνα
733 2051 784 2087 τὴν
810 2050 860 2086 μὲν

83 2097 188 2133 Μάρθαν
216 2098 349 2133 εῐπωμεν,
377 2097 427 2133 τὴν
452 2096 607 2133 πρακτικὴν
632 2097 743 2133 ἀρετὴν,
759 2097 809 2132 τὴν
832 2097 861 2123 δὲ

82 2144 192 2180 Μαρίαν,
214 2144 264 2179 τὴν
284 2144 473 2178 πνευματικὴν
500 2142 628 2178 θεωρίαν,
649 2142 711 2178 ἥτις
743 2141 859 2169 κατόπιν

85 2189 161 2224 βαίνει
185 2190 234 2224 τῆς
252 2189 421 2225 πρακτικῆςσ
438 2188 472 2215 δι’
488 2184 526 2215 ὧν
541 2187 573 2223 δὴ
595 2187 786 2224 πληρεστάτην
809 2187 857 2223 τὴν

83 2236 118 2267 εἰς
143 2235 255 2271 Χριστὸν
279 2235 389 2270 ἀγάπην
421 2233 643 2269 ἐπιδεικνύμεθα.
675 2233 779 2266 Ἀλλοι,
807 2234 858 2268 τὴν

83 2282 188 2318 Μάρθαν
199 2282 238 2314 εἰς
251 2282 338 2308 τύπον
359 2280 448 2308 νοοῦσι
462 2280 512 2316 τῆς
528 2280 644 2312 παλαιᾶς
668 2280 780 2316 Γραφῆς
805 2279 858 2306 ὑπ-

83 2328 258 2363 ηρετουμένην
273 2326 394 2363 Χριστῷ.
418 2326 668 2362 Μετιπλαττομένη
683 2326 737 2362 γὰρ
753 2327 770 2361 ἡ
787 2326 858 2352 ἱστο-

86 2373 126 2408 ρία
146 2374 211 2409 πρὸς
232 2373 349 2410 θεωρίαν
377 2373 574 2409 πνευματικὴν,
600 2373 650 2409 τὴν
666 2372 713 2399 τοῦ
736 2372 861 2407 Σωτῆρος

85 2420 212 2453 τράπεζαν
227 2421 382 2455 συγκροτεῖ.
391 2419 505 2450 Πολλαῑς
516 2418 571 2455 γὰρ
585 2418 749 2454 μαρτυρίαις
759 2419 859 2454 κεχρή-

87 2465 149 2499 μεθα
161 2466 216 2497 τοῖς
230 2466 307 2502 παρὰ
325 2465 443 2501 Χριστοῦ
460 2466 651 2500 συνιστάμενοι
666 2465 793 2500 δόγμασι·
810 2465 860 2500 τὴν

86 2510 109 2536 δὲ
128 2511 233 2547 Μαρίαν
255 2511 305 2546 τὴν
331 2511 512 2546 εὐαγγελικὴν
541 2510 694 2544 παίδευσιν,
709 2510 759 2546 τὴν
782 2510 861 2545 δίκην

87 2557 163 2592 μύρου
175 2557 321 2592 τρίϐουσαν
334 2556 381 2584 τοῦ
398 2556 500 2592 Κυρίου
512 2556 576 2587 τοὺς
595 2556 689 2595 πόδας,
701 2556 774 2582 τοῦτ’
791 2555 859 2589 ἔστι,

85 2600 129 2633 τὴν
142 2602 201 2636 περὶ
223 2601 272 2636 τὴν
287 2600 339 2635 γῆν
354 2600 504 2635 γενομένην
525 2599 599 2635 αὐτῷ
620 2600 786 2634 οἰκονομίαν,
813 2599 861 2626 καὶ

86 2646 142 2681 ὅλην
155 2646 202 2681 τὴν
223 2646 275 2680 γῆν
303 2646 354 2680 τῆς
375 2645 489 2677 εὐωδίας
514 2645 680 2681 πληροῦσαν,
695 2645 757 2680 ἥτις
786 2645 861 2672 ἐστὶν

86 2689 152 2723 οἶκος
165 2692 211 2726 τῆς
227 2692 335 2726 ἁπάσης
359 2691 577 2727 ἀνθρωπότητος.
598 2690 700 2723 Ἀλλοι,
717 2691 767 2726 τὴν
780 2691 859 2726 Μάρ-

87 2736 131 2763 θαν
146 2738 191 2772 μὲν
200 2737 321 2772 λέγουσι,
336 2737 386 2772 τὴν
396 2737 450 2764 τῶν
469 2736 602 2764 Ἰουδαίων
622 2736 796 2772 Συναγωγὴν,
811 2736 860 2772 τὴν

86 2782 126 2809 διὰ
137 2783 187 2810 τῶν
208 2783 345 2819 σαρκικῶν
370 2783 500 2810 θέλουσαν
522 2782 687 2818 θεραπεύειν
709 2782 755 2809 τὸν
782 2782 858 2809 Θεόν·

86 2828 130 2863 τὴν
141 2829 167 2855 δὲ
180 2829 298 2865 Μαρίαν,
314 2829 362 2864 τὴν
376 2829 405 2862 ἐξ
418 2829 503 2856 ὲθνῶν
523 2829 698 2865 Ἐκκλησίαν,
715 2829 765 2865 τὴν
776 2837 859 2856 πνευ-

91 2874 196 2909 μιτικὰς
210 2875 305 2908 θυσίας
330 2875 376 2902 καὶ
399 2874 485 2910 εὐώδη
501 2875 592 2902 πίστιν
614 2875 806 2910 προσάγουσαν
818 2873 857 2908 τῷ

255 2922 388 2953 Parnm.
408 2923 464 2954 Gn.
482 2922 610 2952 LXXIV.

876 2312 897 2340 D

910 261 953 289 vel
970 261 1021 288 hoc
1036 261 1065 288 in
1081 265 1271 296 argumentum
1284 260 1391 288 timoris
1408 260 1540 293 trahunt,
1553 261 1626 296 quod
1642 269 1697 289 non

912 306 1041 335 ascendat
1056 307 1082 334 in
1098 306 1270 339 Jerusalem,
1287 309 1417 342 tanquam
1434 307 1485 335 sibi
1507 307 1560 342 ipsi
1580 315 1698 335 succuro

911 359 972 379 rere
987 359 1041 379 non
1058 351 1146 387 possit
1159 351 1186 378 in
1200 351 1248 379 tali
1261 351 1322 383 die,
1337 351 1453 386 ideoque
1467 352 1596 385 consulto
1612 353 1696 380 absit.

911 397 960 426 Vel
977 398 1060 426 etiam
1076 398 1149 425 inter
1164 405 1194 426 se
1217 397 1276 425 haec
1296 397 1394 425 dicunt
1409 391 1434 424 ii
1457 398 1559 433 quibus
1580 398 1696 439 impera-

911 447 968 471 tum
984 448 1043 472 erat
1064 444 1141 471 illum
1161 443 1411 479 comprehendere,
1430 444 1487 482 jam
1507 444 1629 477 animum
1650 445 1698 472 de-

911 490 1095 525 spondentes,
1119 489 1343 526 quandoquidem
1365 490 1487 518 nondum
1505 497 1568 518 eum
1584 490 1700 518 venien-

910 539 965 564 tem
979 535 1119 567 videbant,
1132 539 1159 564 et
1169 535 1202 563 ad
1214 537 1347 571 imperata
1361 536 1538 571 exsequenda
1554 536 1699 566 celerrime

911 589 941 610 sc
963 582 1170 617 comparabant.

945 627 1011 660 XII,
1028 629 1054 655 I.
1078 627 1156 655 Iesus
1172 636 1232 663 ergo
1247 632 1308 655 ante
1322 636 1367 655 sex
1381 628 1436 656 dies
1453 628 1564 656 Pascha
1586 628 1655 656 venit
1671 628 1699 655 in

912 674 1067 702 Bel/mnium
1079 694 1086 706 ,
1102 677 1156 701 etc.

945 720 1117 755 Contemplis
1129 719 1285 747 Judmorum
1298 718 1407 747 insidiis
1417 719 1549 748 Dominus
1560 726 1589 747 se
1601 723 1699 756 sponte

910 773 942 793 ac
959 766 1031 794 ultro
1046 766 1080 794 ad
1099 765 1256 801 patiendum
1281 765 1382 797 tradit,
1403 765 1516 800 quando
1537 757 1632 793 aderat
1653 774 1700 801 pa-

910 811 995 840 tiendi
1011 816 1120 847 tempus
1131 832 1138 843 ,
1155 811 1294 846 profectus
1318 810 1346 837 in
1369 809 1529 838 Bethaniam
1544 814 1571 838 et
1585 818 1639 838 non
1655 811 1700 838 Je—

912 859 1049 891 rusalem,
1066 866 1100 885 ne
1118 862 1230 894 repente
1245 864 1259 884 a
1275 856 1377 885 Iudaeis
1398 861 1565 891 conspectus
1587 857 1650 884 illos
1671 857 1698 884 in

911 906 982 934 iram
1002 905 1181 938 accenderet,
1199 903 1248 932 sed
1266 912 1313 939 per
1334 903 1453 936 famam,
1470 911 1524 944 qua
1541 903 1568 931 in
1584 903 1699 942 propiu-

910 959 966 988 quo
990 958 1051 979 esse
1074 951 1225 982 diceretur,
1238 949 1363 977 furentes
1385 956 1480 976 eorum
1501 948 1610 982 animos
1633 956 1700 976 non-

911 999 980 1027 nihil
995 997 1199 1035 comprimeret.
1217 996 1351 1032 Epulatur
1368 1003 1434 1023 vero
1452 1003 1513 1023 cum
1530 995 1636 1022 Lazaro
1647 1015 1654 1028 ,
1668 1003 1700 1022 ea

911 1053 942 1073 re
965 1049 1136 1080 spectatores
1152 1042 1517 1077 admonens,certiorcsquc
1539 1040 1645 1068 faciens
1667 1039 1702 1068 de

911 1097 961 1118 sua
991 1089 1086 1117 divina
1113 1088 1244 1124 potentia.
1266 1086 1394 1115 Ostendit
1420 1094 1487 1115 vero
1515 1086 1700 1121 evangelistes

911 1135 963 1163 hac
977 1135 1138 1163 narratione
1146 1134 1288 1162 Christum
1301 1133 1374 1161 haud
1391 1133 1589 1169 contempsisse
1600 1132 1700 1168 legem.

912 1182 983 1209 unde
998 1185 1025 1209 et
1042 1185 1105 1209 ante
1120 1180 1192 1208 diem
1209 1183 1319 1208 sextum
1344 1179 1472 1212 Paschae,
1489 1186 1552 1211 cum
1565 1179 1699 1206 emendus

910 1231 971 1256 erat
986 1234 1074 1261 agnus
1091 1230 1118 1253 ct
1133 1226 1287 1253 servandus
1303 1232 1390 1260 usque
1412 1225 1446 1252 ad
1464 1225 1602 1252 decimum
1614 1232 1699 1260 quar-

910 1277 984 1306 tum,
1000 1273 1128 1308 epulatus
1143 1275 1186 1300 est
1201 1279 1265 1299 cum
1283 1270 1407 1298 Laxaro:
1435 1270 1505 1298 I'orte
1523 1270 1596 1310 quod
1614 1270 1700 1298 moris

910 1322 970 1346 erat
984 1317 1086 1345 Iudaeis
1104 1324 1160 1356 uno
1174 1317 1230 1349 die,
1256 1320 1404 1352 antequam
1433 1319 1564 1351 caperent
1582 1324 1695 1352 agnum,

910 1363 1039 1392 nonnihil
1054 1362 1149 1391 feriari
1161 1382 1169 1394 .
1182 1370 1236 1390 non
1252 1370 1285 1390 ex
1299 1362 1359 1397 lege
1373 1362 1420 1390 sed
1436 1370 1468 1390 ex
1481 1362 1682 1394 consuetudine
1692 1383 1699 1396 ,

910 1415 951 1444 ut,
967 1414 1030 1446 post
1046 1417 1106 1438 eam
1125 1413 1308 1444 assumptam,
1326 1408 1426 1437 darent
1441 1416 1552 1445 operam
1569 1409 1700 1444 deinceps

910 1464 998 1492 usque
1011 1455 1044 1483 ad
1062 1455 1162 1483 festum
1177 1454 1305 1490 jejunio,
1322 1454 1381 1482 sive
1404 1455 1537 1489 paucitati
1561 1456 1652 1483 victus
1673 1460 1701 1483 et

909 1502 1132 1538 purgationibus.
1148 1500 1264 1528 Videtur
1279 1507 1345 1536 ergo
1359 1500 1441 1538 695
1459 1500 1593 1529 Dominus
1616 1501 1699 1534 etiam

912 1548 942 1576 in
957 1548 1010 1576 hoc
1027 1555 1130 1575 morem
1151 1546 1214 1574 festi
1237 1546 1369 1574 coluisse.
1387 1546 1615 1579 Admirabundus
1635 1556 1701 1577 vero

911 1593 1094 1630 evangelistes
1118 1593 1174 1625 ait,
1203 1592 1418 1628 quatriduanum
1444 1597 1582 1620 mortuum
1606 1594 1703 1629 epula-

911 1645 969 1669 tum
993 1647 1056 1668 esse
1083 1646 1145 1666 cum
1163 1638 1294 1672 Christo,
1321 1639 1349 1668 in
1373 1638 1474 1666 divina:
1490 1639 1551 1674 ejus
1572 1640 1702 1677 potentia:

911 1685 1215 1714 commemorationem.
1237 1683 1345 1712 lndicat
1366 1692 1433 1712 vero
1451 1685 1535 1713 etiam
1552 1693 1586 1717 es
1601 1685 1701 1716 aﬂectu

911 1733 939 1761 in
957 1731 1096 1761 Christum
1108 1752 1116 1764 ,
1134 1731 1270 1758 Martham
1287 1730 1493 1762 ministrantem
1519 1739 1638 1765 mensa,
1662 1732 1703 1760 Ia.—

911 1780 1049 1814 boresquc
1064 1776 1201 1812 ejusmodi
1224 1777 1383 1805 obeuntem.

947 1868 1009 1901 XII,
1026 1868 1053 1895 2.
1076 1866 1110 1894 Et
1128 1865 1238 1894 Martha
1258 1865 1441 1894 ministrabat.

949 1915 1056 1943 Martha
1070 1913 1244 1941 ministrante
1256 1932 1264 1945 ,
1276 1911 1362 1940 Maria
1373 1912 1543 1948 perfundens
1556 1914 1701 1947 Dominum

913 1963 1055 1997 unguento
1066 1978 1074 1991 ,
1091 1965 1200 1986 omnem
1213 1957 1240 1984 in
1255 1965 1317 1986 eum
1335 1957 1510 1987 dilectionem
1527 1966 1703 1988 consumma-

911 2007 967 2039 vit,
982 2013 1014 2034 ac
1027 2013 1076 2041 per
1090 2004 1186 2032 ambas
1201 2004 1288 2032 totius
1301 2004 1458 2034 dilectionis
1475 2007 1610 2037 terminus
1625 2015 1702 2036 com-

909 2054 999 2088 pletus
1014 2056 1066 2080 est.
1086 2050 1179 2079 Potest
1198 2054 1226 2078 et
1242 2050 1276 2078 ad
1295 2051 1512 2086 speculationem
1530 2052 1624 2084 referri
1643 2062 1702 2082 ser-

911 2106 965 2130 mo,
982 2102 1012 2125 ut
1029 2096 1166 2124 Martham
1181 2095 1293 2132 quidem
1307 2096 1476 2131 accipiamus
1491 2096 1620 2126 virtutem
1635 2105 1702 2132 pra-

913 2145 1024 2175 cticam,
1038 2142 1152 2170 Mariam
1167 2141 1340 2180 spiritualem
1356 2142 1630 2181 contemplationem,
1642 2151 1702 2178 quae

913 2188 1063 2225 practicam
1079 2195 1094 2215 a
1112 2191 1192 2223 tergo
1215 2187 1353 2222 sequitur,
1375 2196 1423 2223 per
1439 2196 1509 2223 quas
1526 2188 1702 2217 absolutissi-

913 2242 985 2263 mam
1013 2241 1081 2269 erga
1109 2233 1194 2261 Deum
1226 2232 1403 2261 dilectionem
1429 2234 1617 2269 designamus.
1646 2234 1700 2261 Alii

913 2280 1049 2307 Martham
1079 2279 1106 2306 in
1137 2279 1252 2314 ﬁguram
1281 2283 1396 2306 sumunt
1421 2280 1524 2308 veteris
1549 2279 1700 2315 Scriptura:

912 2325 1113 2354 ministrantem
1131 2324 1252 2351 Christo.
1275 2323 1484 2354 Transformata
1502 2325 1640 2361 siquidem
1657 2326 1700 2354 lii-

911 2372 997 2400 storia
1018 2371 1045 2398 in
1062 2370 1322 2406 contemplationem
1337 2370 1508 2406 spiritualcm
1519 2391 1526 2404 ,
1543 2371 1699 2400 Servatoris

913 2425 1035 2446 mensam
1052 2416 1166 2444 instruit
1185 2420 1212 2444 et
1233 2416 1358 2445 adornat.
1378 2416 1470 2444 Multis
1485 2417 1558 2445 enim
1584 2418 1700 2446 nitimur

911 2462 1076 2491 testimoniis
1093 2461 1127 2489 de
1144 2461 1254 2489 Christo
1269 2481 1277 2493 ,
1294 2460 1432 2496 dogmatis
1449 2461 1509 2495 ejus
1524 2461 1699 2497 conﬁrmati;

914 2508 1028 2535 Mariam
1045 2514 1111 2535 vero
1131 2506 1319 2542 evangelicam
1341 2506 1557 2539 institutionem,
1573 2515 1634 2543 qua;
1657 2508 1701 2536 in-

911 2559 968 2582 star
985 2553 1117 2590 unguenti
1133 2553 1242 2581 Domini
1256 2553 1340 2588 pedes
1358 2553 1436 2580 unxit
1447 2575 1454 2585 ,
1471 2552 1524 2580 hoc
1539 2557 1581 2581 est
1596 2553 1656 2588 ejus
1672 2553 1699 2581 in

911 2606 984 2628 terra
1001 2600 1194 2632 oeconomiam,
1216 2603 1298 2635 atque
1315 2599 1474 2627 universum
1494 2602 1631 2631 terrarum
1653 2606 1700 2627 or-

911 2647 971 2674 bem
986 2645 1136 2682 fragrantia
1158 2645 1253 2673 odoris
1279 2645 1386 2679 implet,
1400 2652 1462 2680 qua
1477 2647 1521 2671 est
1543 2643 1628 2671 totius
1652 2643 1700 2670 hu-

910 2692 1052 2719 manitatis
1080 2691 1190 2719 domus.
1229 2691 1282 2718 Alii
1314 2690 1447 2721 Martham
1485 2689 1700 2725 interpretantur

910 2736 1067 2764 Iudaeorum
1095 2736 1288 2772 Synagogam,
1324 2743 1385 2771 quae
1414 2742 1462 2775 per
1491 2734 1612 2766 carnalia
1642 2734 1700 2760 vult

912 2783 996 2811 Deum
1013 2783 1125 2815 colere;
1144 2782 1257 2810 Mariam
1279 2789 1344 2810 vero
1357 2781 1503 2810 conflatam
1523 2789 1556 2816 es
1569 2779 1700 2816 gentibus

911 2828 1074 2860 Ecelcsiam,
1089 2836 1151 2864 quas
1165 2828 1320 2864 spiritualia
1346 2827 1483 2860 sacriﬁcia
1497 2832 1525 2856 et
1539 2826 1700 2855 suaveolen-

911 2878 965 2903 tcm
992 2874 1071 2903 tidem
1095 2874 1207 2903 Christo
1233 2875 1332 2907 oﬁ‘ert,
1359 2874 1543 2912 cxprimitque
1568 2881 1583 2903 e
1602 2877 1699 2902 sancti

1464 2921 1481 2954 3
