1906 3037
248 203 282 230 ’19

249 263 328 295 Inini,
347 270 400 290 non
414 267 513 290 natura
528 262 573 291 sed
586 262 674 298 gratia
693 262 762 290 hanc
778 262 881 290 habent
894 263 1033 299 dignatio-
1050 271 1071 298 Α

245 317 323 337 nem.
345 307 487 343 Siquidem
501 312 528 335 et
541 315 574 336 ex
591 307 757 340 abstinentia
777 307 913 334 mendacii
929 315 1031 335 voean-

245 361 293 384 tur
313 355 439 386 homines
459 361 582 386 veraces,
596 353 780 388 quodquidem
794 353 828 381 de
852 353 964 381 Christo
978 354 1032 382 dici

740 204 768 231 S.
793 202 930 232 CYRILU
953 204 1188 233 ALEXANDRINI
1210 206 1374 236 ARCHIEP.

1855 207 1883 235 80

1086 265 1159 292 ἐστιν
1172 267 1260 293 εἰπεῖν
1277 267 1323 294 ἐπὶ
1347 267 1477 303 Χριστοῦ.
1492 267 1529 294 Οὐ
1544 267 1598 302 γὰρ
1608 267 1652 294 διὰ
1665 267 1749 294 τοῦτο
1760 267 1884 294 καλεῖται

1087 311 1212 347 ἀλήθεια,
1235 313 1329 349 ἐπειδὴ
1355 314 1385 340 οὺ
1406 313 1544 348 ψεύδεται,
1567 313 1624 340 ἀλλ’
1641 314 1682 341 ὅτι
1703 314 1817 349 ἀμείνω
1834 314 1885 349 ἔχει

1087 358 1229 390 παντελῶς
1243 359 1290 386 τοῦ
1308 359 1423 394 ψεύδους
1440 359 1488 393 τὴν
1503 359 1596 394 φύσιν.

249 405 419 435 uouputest.
439 399 499 428 Non
516 400 588 428 enim
607 400 672 435 quia
685 407 739 426 ncn
755 400 900 432 mentitur,
914 399 977 428 ideo
994 407 1107 430 vocatur
1123 404 1238 437 veritas,
1271 405 1319 432 sed
1349 405 1414 440 quia
1434 410 1561 433 naturam
1594 404 1742 433 mendacio
1768 412 1884 440 prorsus

249 446 382 480 majorem
396 446 488 473 habet.

283 491 344 524 XII,
368 491 411 519 Η.
432 491 538 520 Inventa
564 495 652 518 autem
676 490 755 519 Iesus
782 491 884 525 asello,
902 492 969 520 sedit
990 501 1037 520 ut-

247 548 292 575 per
308 547 377 566 eum.

283 595 380 630 Magna
402 595 475 623 enim
498 594 677 622 multitudine
694 595 783 630 ipsum
800 595 921 630 stipante
939 602 971 622 ac
986 595 1034 623 de-

246 641 423 673 dooeitte.-ex
441 648 551 668 summa
577 641 766 668 moderatione
790 641 818 667 iu
845 641 923 669 asino
951 641 1034 674 sedit,

241 688 358 715 tradens
374 687 454 715 nobis
471 687 667 714 documentum
702 694 878 722 nequaquam
906 694 956 714 nos
978 687 1036 714 lau-

245 734 326 761 dibus
353 732 499 765 cﬂ‘erendi,
528 736 624 767 utpote
652 732 724 759 intra
748 733 924 760 necessitatis
954 740 1034 760 usum

245 778 413 805 consistens.
432 778 578 805 Mattbazus
598 777 710 812 quidem
729 777 821 805 fusius
835 778 869 805 de
880 778 959 806 asino
976 786 1035 805 Ver-

245 825 279 851 ba
295 823 375 850 fecit.
390 822 513 851 Joannes
532 831 597 850 vero
619 822 653 850 ad
674 822 700 850 id
724 823 797 858 quod
819 823 846 850 in
864 831 894 850 re
915 823 1035 850 maxime

245 870 435 897 necessarium
450 874 491 897 est
505 870 662 904 properavit
679 877 728 904 pro
744 877 819 896 more
836 877 897 897 suo.
918 868 1035 902 Quando

244 923 311 943 vero
336 919 435 950 praeter
461 915 694 943 consuetudinem
717 923 796 942 suam
820 923 896 943 nunc
923 919 1030 942 tantum

245 961 377 988 Dominus
398 961 424 988 in
437 962 522 988 asino
538 961 637 989 sedens
653 961 778 988 cernitur
789 982 796 994 ,
812 970 867 989 non
888 965 1033 996 propterea

243 1007 363 1035 dicimus
377 1015 439 1035 eum
457 1007 572 1039 sedisse.
586 1008 658 1042 quod
675 1009 771 1043 procul
790 1009 888 1035 abesse
905 1007 939 1035 ab
954 1006 1032 1038 urbe,

243 1062 299 1082 non
312 1055 385 1082 enim
405 1054 502 1082 aberat
525 1054 637 1089 longius
657 1054 815 1090 quindecim
838 1053 935 1082 stadiis
953 1063 959 1081 :
978 1061 1032 1081 non

243 1102 307 1135 quia
319 1101 444 1128 conferta
460 1101 607 1128 multitudo
620 1106 691 1133 erat.
714 1109 766 1129 nec
784 1101 858 1128 enim
878 1101 949 1128 alias
969 1108 1032 1127 cum

238 1147 278 1175 tab
291 1147 392 1182 ingenti
409 1147 489 1174 turba
506 1147 739 1178 circumdaretur,
758 1147 810 1174 hoc
826 1146 901 1179 fecit,
916 1146 964 1174 sed
981 1146 1032 1173 boc

244 1193 308 1220 fecit
325 1192 453 1220 indicans
473 1193 527 1220 sibi
553 1200 654 1220 novum
669 1193 806 1228 populum
831 1192 976 1228 egentibus
991 1193 1032 1219 in-

243 1237 417 1265 tractabilem
443 1237 585 1265 subditum
607 1237 677 1269 fore,
703 1236 943 1271 deductor-umque
968 1244 1031 1264 eum

243 1284 276 1310 ad
290 1283 406 1318 iustitiae
419 1282 591 1319 dignitatem,
603 1286 631 1310 et
643 1283 676 1310 ad
691 1283 863 1318 superiorem
872 1283 1033 1310 caelestem-

242 1338 296 1365 que
311 1329 473 1362 Jerusalem,
489 1329 570 1364 cujus
590 1334 700 1356 terrena
728 1329 814 1364 ﬁgura
840 1333 868 1356 et
884 1332 979 1363 typus.
1002 1328 1029 1355 in

242 1384 324 1411 quam
337 1376 490 1411 ingreditur
505 1375 623 1410 populus
644 1383 730 1409 purus
754 1375 846 1402 lactus
868 1383 930 1402 cum
949 1375 1032 1402 Libri-

244 1426 298 1455 sto,
313 1429 394 1456 quem
422 1421 487 1448 boni
512 1425 539 1448 et
564 1421 726 1448 innoeeutes
753 1421 844 1456 angeli
874 1421 1033 1454 celebrant,

244 1475 360 1502 quorum
386 1470 469 1502 typus
495 1471 560 1494 sunt
590 1466 720 1493 infantes.
746 1465 854 1493 Pullum
874 1475 940 1495 vero
957 1471 1036 1495 vocat

1049 949 1070 976 B

1127 494 1233 528 Εὖιρὼν
1259 493 1293 521 δὲ
1319 496 1336 523 ό
1365 495 1485 530 Ἰησοῦς
1505 495 1642 530 ὀνάριον,
1669 495 1819 523 ἐκάθισεν
1842 497 1883 524 ἐπ’

1089 539 1173 567 αὐτό.

1125 596 1227 623 Πολλοῦ
1251 597 1306 633 γὰρ
1339 596 1459 633 πλήθους
1490 597 1573 624 αὐτὸν
1597 597 1818 634 δορυφοροῦντας
1841 599 1883 626 καὶ

1088 643 1294 679 εὑφημοῦντος,
1313 643 1366 671 ὑπὸ
1396 644 1609 680 μετριοπαθείας
1637 645 1726 681 ἄκρας
1749 646 1800 672 ἐπὶ
1826 646 1882 672 ὄνου

1088 689 1235 725 ὲκαθέσθη,
1249 690 1384 719 διδάσκων
1400 692 1484 727 ἡμᾶς,
1503 692 1540 727 μὴ
1564 691 1696 726 ὑψοῦσῦαι
1714 693 1744 718 ὲν
1766 693 1828 723 τοῖς
1841 693 1883 718 ἐπ.

1088 735 1184 768 αἰνοις,
1213 737 1289 764 οὐδὲν
1308 736 1363 764 τῶν
1378 737 1429 772 τῆς
1443 737 1538 773 χρείας
1552 738 1756 773 παρεκδαίνων.
1785 739 1816 765 '0
1838 739 1882 773 μὲν

1087 779 1134 807 οὖν
1149 781 1303 813 Ματθαίος,
1320 782 1487 817 πλατύτερον
1499 781 1558 810 εἷπε
1574 783 1608 810 τὰ
1624 783 1752 819 περὶτῆς
1769 784 1846 810 (mou.
1859 785 1882 811 Ὁ

1086 826 1115 853 δὲ
1144 826 1268 862 Ἰωάννης
1295 827 1338 854 ἐπ’
1354 827 1419 854 αὐτὸ
1434 828 1480 855 τοῦ
1509 829 1669 864 πράγματος
1687 827 1755 865 ἦλθε
1776 830 1810 856 τὸ
1829 838 1882 856 ne

1089 871 1236 908 ριώτατον,
1253 872 1321 908 ὅπερ
1337 872 1397 904 ἔθος
1421 873 1495 909 αὐτῷ
1517 876 1614 902 ποιεῖν.
1635 875 1745 910 Ἐπειδὴ
1763 875 1795 902 δὲ
1812 877 1882 910 παρᾶ

1085 917 1115 944 τὸ
1129 917 1244 953 σύνηθες
1266 917 1341 954 αὐτῷ
1355 919 1418 954 ἄρτι
1437 920 1515 955 μόνον
1537 921 1662 954 φαίνεται
1678 923 1693 948 ὁ
1708 921 1817 957 Κύριος
1841 923 1882 948 ἐπὶ

1085 963 1146 990 ὄνου
1159 963 1326 999 καθήμενος,
1342 965 1372 992 οὺ
1389 966 1434 992 διά
1449 966 1529 992 τοῦτό
1547 976 1637 1003 φαμεν
1653 967 1734 994 αὑτὸν
1758 967 1881 998 καθίσαι,

1085 1009 1126 1035 ὅτι
1154 1009 1263 1044 μακρὰν
1278 1007 1312 1045 ἧν
1334 1011 1384 1046 τῆς
1408 1011 1526 1044 πόλεως·
1546 1013 1577 1039 οὐ
1594 1013 1648 1049 γὰρ
1672 1014 1772 1048 ἀπεῖχε
1801 1014 1882 1040 πλείω

1084 1054 1232 1082 δεκαπέντε
1249 1056 1362 1084 σταδίων
1374 1058 1461 1090 ’,οὐδὲ
1478 1058 1518 1085 ὅτι
1547 1059 1624 1094 δχλος
1645 1057 1678 1095 ἦν
1690 1068 1697 1076 ·
1717 1060 1766 1087 καὶ
1791 1059 1881 1087 ἄλλοτε

1085 1101 1139 1136 γὰρ
1165 1103 1337 1138 συνευρεθεὶς
1365 1103 1437 1140 ὖχλῳ
1452 1105 1502 1132 οὐκ
1519 1106 1631 1142 ἐποίησε
1656 1106 1736 1133 τοῦτο
1746 1115 1754 1122 υ
1768 1109 1843 1133 ποιεί
1856 1107 1882 1133 δὲ

1085 1146 1174 1179 τοῦτο,
1188 1147 1293 1180 δεικνὺς
1308 1149 1349 1175 ὄτι
1364 1150 1422 1176 νέον
1438 1151 1528 1186 ἑαυτῷ
1548 1152 1609 1179 ,αὸν
1626 1152 1672 1178 τὸν
1685 1152 1715 1185 ἐξ
1732 1152 1822 1180 ἐθνῶν
1838 1153 1880 1179 τὸν

1085 1193 1236 1221 ἀκάθεκτον
1253 1195 1345 1230 μέλλει
1369 1197 1532 1225 ὑποπάσσειν
1546 1198 1592 1224 ναὶ
1606 1198 1718 1232 ἀνάγειν
1731 1199 1774 1231 είς
1793 1200 1826 1226 τδ
1837 1200 1881 1234 τῆς

1084 1238 1257 1276 δικαιοσύνης
1274 1241 1382 1277 ἀξίωμα
1394 1263 1401 1274 ,
1418 1242 1458 1275 εἷς
1487 1252 1516 1270 τε
1546 1244 1596 1279 τὴν
1620 1245 1676 1272 ἄνω
1692 1244 1880 1280 Ἰερουσαλὴμ..

1085 1283 1119 1321 ἧς
1137 1285 1221 1318 τύπος
1238 1287 1254 1322 ἡ
1272 1287 1410 1322 ἐπίγειος·
1426 1289 1465 1320 εἰς
1480 1290 1514 1324 ἦν
1528 1290 1681 1326 εἰσέρχεται
1692 1291 1706 1317 ὁ
1719 1291 1785 1323 λαὸς
1802 1291 1881 1318 καθα-

1089 1332 1133 1367 ρὸς
1159 1332 1307 1368 γενόμενος
1339 1335 1387 1360 σὺν
1413 1335 1525 1371 Χριστῷ
1557 1336 1718 1372 ὑμνουμένῳ
1750 1338 1806 1364 ὑπὸ
1833 1337 1881 1363 τῶν

1087 1378 1199 1404 ἀκάκων
1229 1379 1364 1413 ἀγγέλων,
1391 1376 1428 1407 ὧν
1448 1381 1543 1413 τύπος,
1568 1382 1602 1409 τὰ
1624 1383 1720 1418 νήπια,
1749 1383 1881 1410 Πῶλονδὶ

1085 1423 1174 1458 λέγει,
1196 1424 1242 1451 τὸν
1269 1425 1348 1458 ὄνον,
1364 1427 1459 1462 ἐπειδὴ
1478 1428 1492 1454 ὁ
1510 1429 1539 1461 ἐξ
1558 1428 1642 1456 ἐθνῶν
1661 1430 1735 1462 λαδς,
1757 1431 1881 1465 ἀγύμναη

1089 1477 1151 1500 στος
1164 1467 1197 1504 ἦν
1211 1470 1261 1504 τῆς
1276 1471 1315 1502 εἰς
1337 1471 1478 1498 εὐσέϐειαν
1491 1472 1611 1508 ἀγούσης
1629 1474 1758 1507 πξστεως.

243 1513 369 1545 asinum,
396 1512 620 1547 quandoquidem
647 1510 791 1547 gentilium
819 1514 936 1548 populus
963 1513 1094 1542 ducentis
1124 1515 1157 1542 ad
1176 1512 1310 1551 pietatem
1342 1517 1404 1545 fidei
1428 1519 1505 1548 rudis
1531 1525 1558 1547 et
1581 1522 1780 1550 inexercitatus
1812 1527 1879 1551 erat.

280 1569 340 1601 XII,
365 1570 407 1596 16.
449 1569 510 1596 "ac
538 1577 597 1597 vero
626 1578 677 1596 non
708 1575 880 1605 cognmrunt
906 1571 1031 1605 discipuli

241 1617 298 1651 ejus
312 1617 436 1650 primum,
452 1621 504 1644 elc.

278 1673 359 1700 Initio
384 1673 497 1708 quidem
518 1673 682 1708 ignorabant
706 1682 767 1710 qum
793 1675 828 1702 de
856 1675 902 1702 illo
927 1671 1067 1711 sc‘riptaC

242 1723 323 1752 sunt;
337 1724 364 1746 at
382 1723 442 1754 post
459 1721 686 1747 resurrectionem
705 1728 760 1747 non
775 1721 802 1747 in
815 1720 931 1747 Judaica
951 1722 1032 1748 (ξωεὶ-

243 1771 297 1793 tate
311 1770 484 1799 manserunt,
506 1766 552 1794 sed
570 1774 618 1802 per
639 1766 771 1802 Spiiitum
788 1767 856 1801 ipsis
874 1767 1032 1794 divinorum

242 1812 389 1840 verborum
411 1812 529 1839 revelata
544 1817 586 1839 est
607 1813 739 1848 cognitio.
754 1811 832 1840 Tunc
850 1820 915 1840 vero
929 1813 1032 1848 gloriﬁ-

241 1861 321 1885 catus
335 1862 377 1885 est
393 1857 532 1890 Christus,
553 1866 616 1885 cum
632 1859 660 1885 in
676 1865 758 1886 cruce
775 1863 902 1885 mortuus
922 1858 1029 1886 revixit.

242 1903 297 1931 Nec.
315 1911 396 1939 porro
407 1904 517 1931 erubuit
526 1905 706 1939 eVaugelista,
715 1911 936 1931 commemorans
951 1904 1033 1931 disci-

243 1950 372 1984 pulorum
401 1950 606 1984 ignorantiam,
640 1955 667 1977 et
700 1957 799 1977 rursus
827 1950 1030 1984 cognitionem,

242 1994 353 2029 quando
382 1995 552 2030 propositum
572 1995 689 2022 habebat
703 2015 710 2026 ,
733 1995 802 2022 nihil
825 1995 901 2030 pensi
932 1995 1032 2022 habere

241 2041 325 2077 699
340 2043 413 2069 circa
430 2046 583 2078 respectum
600 2042 752 2073 bontinum,
770 2041 817 2069 sed
839 2042 959 2077 Spiritus
973 2042 1033 2077 glo-

245 2087 292 2114 ri:e
306 2087 460 2122 sull'ragari,
478 2094 510 2114 ac
530 2087 675 2114 ostendere
693 2086 805 2121 quinam
829 2091 925 2115 essent
948 2087 1032 2115 disci-

243 2133 300 2168 puli
320 2137 382 2160 ante
396 2133 637 2165 resurrectionem,
650 2137 677 2160 et
695 2132 806 2167 quinam
826 2137 890 2167 post
908 2140 1032 2160 resurre-

243 2179 371 2206 ctionem.
390 2178 417 2205 Si
441 2179 525 2213 igitur
542 2178 569 2205 bi
591 2178 764 2214 ignorabant,
788 2178 874 2205 multo
895 2178 981 2214 magis
1004 2183 1032 2205 ct

243 2225 289 2252 alii
305 2223 402 2251 Judaei.
426 2223 576 2258 Postquam
595 2232 661 2251 vero
680 2224 706 2250 in
728 2231 811 2251 cruce
835 2228 964 2252 mortuus
978 2228 1029 2256 est,

243 2268 358 2305 scissum
373 2272 414 2295 est
430 2269 530 2300 velum,
553 2272 582 2295 ut
597 2267 782 2304 intelligamus
814 2268 883 2295 nihil
899 2268 1030 2305 deinceps

243 2314 368 2341 ﬁdelibus
382 2319 408 2342 et
427 2314 474 2342 Dei
489 2315 649 2342 amantibus
661 2315 800 2342 occultum
811 2322 883 2342 esse.
900 2314 988 2350 Igitur
1000 2315 1031 2342 il-

242 2360 358 2387 lustrata
372 2365 415 2388 est
431 2369 525 2387 eorum
544 2361 666 2396 cognitio
677 2368 691 2388 a
706 2365 833 2397 tempore
850 2361 1031 2389 resurrectio-
1047 2349 1068 2377 D

242 2406 297 2438 nis,
311 2407 374 2440 quia
388 2406 534 2441 inspiravit
549 2406 677 2434 Christus
700 2407 727 2433 in
753 2406 851 2434 faciem
875 2414 982 2439 eorum,
1003 2411 1030 2434 et

243 2452 287 2478 alii
302 2459 335 2479 ex
356 2452 417 2479 aliis
434 2451 498 2479 l‘acti
525 2453 680 2488 mutatique
703 2457 778 2480 sunt.
803 2452 857 2480 Sed
873 2453 960 2480 multo
977 2461 1030 2479 am-

243 2498 316 2532 plius
331 2498 478 2525 illuminati
493 2499 603 2526 fuerunt
620 2499 647 2526 in
663 2500 707 2527 die
718 2499 908 2531 Pentecostes,
921 2498 1030 2534 quando

243 2543 271 2570 in
296 2548 459 2578 potestatem
490 2545 578 2572 sancti
607 2544 727 2580 Spiritus
758 2545 792 2572 ad
822 2552 870 2572 eos
897 2545 1030 2572 venientis

242 2589 432 2617 transformati
450 2595 525 2618 sunt.

279 2635 325 2663 Xll
337 2656 344 2668 ,
363 2635 404 2663 l7.
432 2637 623 2664 Testimonium
636 2633 703 2672 Ergo
712 2635 864 2671 perhibebat
879 2636 957 2663 turba
973 2645 1031 2672 quia

242 2687 300 2708 erat
326 2690 384 2709 cum
398 2691 437 2715 eo,
464 2682 570 2719 quando
595 2683 730 2710 Lazarum
755 2682 855 2709 vocavit
881 2683 913 2709 de
937 2691 1030 2710 nterm-

242 2733 339 2760 mento,
359 2733 413 2756 etc.

279 2774 440 2802 Necessario
460 2775 559 2801 ordine
583 2778 753 2810 postremum
768 2774 819 2801 hoc
843 2779 896 2805 est.
912 2774 986 2810 quod
1002 2775 1028 2802 in

243 2819 348 2847 Lazaro
369 2825 500 2855 operatus
515 2824 557 2846 est
573 2819 735 2846 miraculum
751 2819 893 2852 Dominus,
911 2826 939 2847 ut
953 2821 988 2847 ob
1005 2821 1031 2848 id

1124 1574 1219 1602 Ταῦτα
1235 1575 1269 1602 δὲ
1292 1577 1348 1603 οὐκ
1367 1577 1506 1612 ἔγνωσαν
1528 1580 1556 1606 οι
1582 1581 1711 1615 μαθηταὶ
1732 1582 1830 1609 αὐτοῦ
1852 1582 1880 1609 τὸ

1085 1621 1214 1655 πρῶτον,
1227 1624 1274 1650 καὶ
1287 1623 1322 1650 τὰ
1337 1623 1409 1659 ἑξῆς.

1125 1679 1254 1713 Ἦγνόουν
1269 1681 1319 1716 μὲν
1346 1679 1393 1708 οὖν
1417 1682 1448 1708 τὸ
1469 1682 1529 1709 κατ’
1551 1683 1655 1719 ἀρχὰς,
1671 1684 1707 1712 τὰ
1734 1686 1780 1712 ἐπ’
1808 1685 1880 1722 αὐτῷ

1082 1725 1263 1760 γεγραμμένα
1286 1735 1293 1743 ’
1311 1727 1382 1762 μετὰ
1402 1727 1430 1755 δὲ
1457 1728 1505 1764 τὴν
1527 1730 1675 1758 ἀνάστασιν
1689 1751 1696 1762 ,
1720 1732 1771 1758 οὐκ
1803 1733 1877 1768 ἔμει-

1083 1778 1131 1796 ναν
1157 1770 1263 1806 ἔχοντες
1283 1773 1332 1808 τὴν
1361 1773 1509 1810 Ὶουδαῖκὴν
1529 1776 1653 1811 πήρωσιν
1665 1798 1672 1808 ,
1688 1776 1757 1805 ἀλλὰ
1772 1778 1878 1805 ἀπεκα-

1082 1815 1170 1852 man
1187 1818 1277 1850 αὐτοῖς
1288 1819 1330 1845 διὰ
1347 1819 1394 1846 τοῦ
1409 1820 1569 1856 Πνεῦματος
1584 1823 1599 1857 ἡ
1616 1823 1715 1856 γνῶσις
1730 1824 1785 1851 τῶν
1799 1825 1878 1851 Gaium

1082 1860 1179 1894 λόγων.
1195 1863 1261 1890 Τότε
1286 1864 1314 1890 δὲ
1339 1865 1468 1902 ἐδοξάσθη
1485 1867 1499 1892 ό
1514 1867 1640 1902 Χριστὸς,
1653 1869 1696 1895 ὅτε
1712 1871 1879 1906 σταυρωθεὶς

1082 1906 1193 1934 άνεόἷω.
1211 1909 1268 1935 Οὐκ
1292 1909 1407 1945 ἐρυθριᾷ
1423 1910 1450 1937 δὲ
1471 1911 1484 1937 ὁ
1500 1912 1697 1950 εὐαγγελιστὴς
1718 1915 1879 1949 καταλέγων

1082 1952 1131 1987 τὴν
1153 1953 1206 1980 τῶν
1224 1954 1353 1990 μαθητῶν
1368 1956 1489 1991 ἄγνοιαν,
1509 1958 1556 1985 καὶ
1569 1959 1650 1985 πάλιν
1663 1960 1776 1994 γνῶσιν,
1797 1962 1876 1988 ἐπεί-

1083 2007 1135 2034 περ
1151 1997 1185 2035 ἦν
1203 2001 1278 2037 αὐτῷ
1294 2002 1393 2034 σκοπὸς
1404 2024 1410 2035 ,
1432 2003 1563 2038 άλογῆσαι
1580 2005 1628 2039 μὲν
1649 2007 1698 2041 τῆς
1714 2007 1756 2038 εις
1774 2006 1879 2042 ἀνθρώ-

1166 2045 1266 2078 αξδοῦς,
1284 2048 1468 2083 συηγορῆσαι
1479 2048 1507 2075 δὲ
1517 2050 1550 2085 τῇ
1565 2049 1612 2077 τοῦ
1630 2051 1790 2087 [Ii/stipato;
1804 2053 1877 2090 δόξῃ,

1083 2089 1129 2115 καὶ
1145 2089 1230 2122 δεῖξαι
1246 2091 1317 2124 τίνες
1336 2093 1385 2127 μὲν
1399 2091 1469 2129 ἦσαν
1484 2095 1508 2121 οἱ
1525 2095 1647 2131 μαθηταὶ
1667 2097 1721 2132 πρὸ
1741 2099 1793 2133 τῆς
1812 2089 1877 2127 ἁνα-

1084 2132 1225 2178 στάσεως,
1243 2135 1315 2167 τίνες
1337 2136 1382 2170 δὲ,
1400 2137 1470 2172 μετὰ
1491 2139 1541 2175 τὴν
1557 2140 1706 2169 ἀνάστασιν
1721 2132 1875 2178 γεγόνασιν.

1081 2180 1113 2206 Et
1128 2177 1174 2207 οὗν
1187 2177 1260 2208 οὗτοι
1285 2183 1399 2216 ἠγνόουν
1410 2204 1418 2216 ,
1442 2185 1532 2220 πολλῷ
1560 2187 1660 2221 μᾶλλον
1676 2189 1701 2214 οἱ
1715 2189 1792 2218 ἄλλοι
1812 2191 1876 2217 ’1ου-

1081 2225 1160 2253 ὂαϊοι,
1176 2227 1254 2254 Μετὰ
1279 2227 1308 2255 δὲ
1331 2228 1362 2254 τὸ
1384 2229 1572 2265 σταυρωθῆναι
1585 2253 1591 2263 ,
1607 2233 1719 2269 ἐσχίσθη
1743 2235 1776 2262 τὸ
1794 2245 1876 2263 κατα-

1082 2271 1219 2307 πέτασμα.
1237 2273 1279 2299 ἴνα
1295 2273 1404 2309 γνῶμεν
1426 2275 1468 2302 ὅτι
1487 2276 1562 2303 οὐδὲν
1577 2277 1616 2304 ἔτι
1631 2278 1686 2305 τῶν
1707 2280 1876 2317 ἀποχρύφων

1081 2317 1253 2364 διαλανθάνει
1264 2320 1327 2351 τοὺς
1343 2321 1456 2353 πιστοὺς
1473 2322 1520 2348 καὶ
1533 2323 1684 2357 φιλοθέους.
1707 2326 1876 2364 Ἑφωτίσθη-

1085 2371 1134 2389 σαν
1145 2361 1190 2390 οὖν
1201 2364 1251 2400 τὴν
1264 2365 1364 2398 γνῶσιν
1376 2366 1429 2393 ἀπὸ
1446 2367 1491 2394 to?)
1509 2369 1606 2406 καιροῦ
1622 2370 1672 2405 τῆς
1689 2361 1875 2406 άναστάσεωξ.

1083 2410 1124 2436 ὅτι
1145 2410 1312 2446 ἐνεφύσησεν
1329 2413 1343 2438 ὁ
1367 2413 1484 2449 Χριστὸς
1503 2416 1543 2447 εἰς
1563 2416 1593 2443 τὸ
1613 2418 1760 2452 πρόσωπον
1776 2421 1874 2454 αὐτῶν,

1084 2455 1288 2502 καὶγγεγόνασιν
1307 2458 1337 2491 ἐξ
1350 2459 1451 2495 ἑτέρων
1466 2460 1551 2489 ἄλλοι.
1575 2462 1636 2489 Ἐπὶ
1648 2464 1740 2491 πλεῖον
1758 2465 1788 2492 δὲ
1809 2467 1875 2502 ἐφω-

1084 2501 1216 2550 τίσθησαν
1228 2504 1257 2530 ἐν
1273 2505 1305 2540 τῇ
1322 2505 1414 2542 ήμέρᾳ
1427 2507 1476 2542 τῆς
1490 2507 1690 2546 Πεντηκοστῆς,
1708 2512 1754 2538 ὅτε
1771 2514 1812 2545 εἰς
1828 2514 1874 2550 τὴν

1083 2546 1131 2574 τοῦ
1153 2549 1379 2585 ἐπιφοιτήσαντος
1400 2552 1492 2585 αὐτοῖς
1518 2555 1598 2589 ἁγίου
1629 2556 1792 2592 Πνεὺματος
1813 2546 1875 2595 μετ-

1085 2593 1247 2622 επλάττοντο
1260 2595 1385 2632 δύναμιν.

1126 2641 1299 2676 Ἐμαρτύρει
1321 2641 1379 2670 οὖν
1392 2645 1408 2670 ὁ
1428 2644 1520 2680 ὄχλος
1541 2647 1558 2673 ό
1571 2646 1614 2674 ὢν
1627 2648 1691 2682 μετ’
1708 2650 1816 2682 αὑτοῦ,
1834 2652 1875 2677 ὅτι

1082 2686 1136 2713 τὸν
1159 2687 1292 2722 Λάζαρον
1305 2688 1462 2724 ἐφώνησεν
1484 2691 1519 2718 ἐκ
1539 2692 1593 2719 τοῦ
1608 2695 1769 2728 μνημείου,
1783 2701 1829 2723 καὶ
1847 2699 1876 2723 τά

1083 2731 1156 2766 ἔξῆς.

1126 2777 1296 2811 Ἀναγκαίως
1314 2778 1351 2815 (Ι)
1369 2779 1423 2816 ἄρα
1448 2782 1495 2808 καὶ
1513 2783 1545 2818 τῇ
1563 2783 1640 2816 τάξει
1667 2782 1829 2815 τελευταῖον
1853 2789 1876 2815 τ),

1084 2823 1154 2850 κατὰ
1167 2823 1212 2850 τὸν
1227 2824 1353 2861 Λάζαρον
1369 2827 1383 2853 ὀ
1400 2827 1501 2864 Κύριος
1516 2829 1809 2872 τεθαυματοῠργηθιενΙ
1838 2835 1875 2862 ha

277 2910 317 2945 (ι)
341 2910 516 2944 Ἁναγχιιίως
530 2929 536 2936 .
551 2928 557 2935 .
570 2929 576 2936 .
592 2929 599 2936 .
613 2909 782 2940 ἀκολουθεῖ.
796 2909 833 2938 Ex
850 2910 958 2938 laudata
971 2915 1030 2939 cate

1115 2912 1142 2939 Il.
1161 2912 1221 2940 132.
