1906 3037
221 139 257 168 87
713 146 742 174 S.
755 146 894 175 CYRILLI
908 147 1144 178 ALEXANDRINI
1162 151 1322 181 ARCHIEP.
1806 155 1835 183 88

217 195 321 229 minus,
330 203 385 225 non
397 202 527 234 tanquam
538 199 629 227 anima
643 201 688 228 hic
696 202 828 236 patiente,
843 203 891 231 sed
902 204 987 231 anima

1051 206 1144 234 Ταῦτα
1160 207 1188 235 δὲ
1212 208 1264 245 ἔφη
1279 210 1294 237 ό
1307 209 1420 245 Κύριος,
1434 210 1482 246 οὐχ
1498 211 1536 242 ὡς
1550 211 1600 246 τῆς
1617 211 1706 247 ψυχῆς
1722 211 1836 239 ἐνταῦθα

218 249 339 271 amorem
354 248 449 276 vocat,
467 245 555 273 videri
574 253 634 274 eam
652 247 787 282 retinere,
809 249 880 277 haud
899 254 1001 285 corpus

218 288 352 323 periculis
366 290 539 326 objicientes.

252 375 299 403 Xil
309 396 318 409 ,
332 376 376 405 26.
394 377 425 406 Si
440 379 498 412 quis
512 379 576 407 mihi
592 381 726 408 ministrat
736 402 743 415 ,
762 390 802 409 me
813 388 945 418 sequatur.

250 420 328 454 Quod
344 422 409 449 dicit
422 422 559 458 ejusmodi
575 429 636 452 est:
654 425 683 452 Si
700 433 761 462 ego,
779 427 885 462 inquit,
902 428 938 455 ob
953 436 999 455 ve-

215 469 302 493 stram
320 466 465 495 utilitatem
482 468 561 496 trado
579 470 714 505 meipsum
731 471 765 497 ad
780 475 912 504 mortem,
928 480 998 508 quo-

153 534 162 538 -
214 511 297 539 modo
313 520 369 539 non
383 520 499 541 summa).
512 515 628 550 ignaviae
643 516 726 544 fuerit
736 523 786 545 vos
801 517 837 544 ob
856 519 998 553 proprium

213 558 388 586 commodum
407 567 462 587 non
482 568 563 596 posse
583 564 777 597 temporariam
795 565 880 592 vitam
905 572 999 601 asper-

212 603 294 635 nari,
317 608 345 632 et
367 611 456 634 morte
479 607 592 639 carnis.
612 609 696 637 vitam
715 610 841 639 interitus
860 615 998 647 expertem

214 649 294 685 703
307 655 334 678 et
346 658 517 681 marcessere
529 655 650 682 nesciam
666 657 850 691 comparare?
867 657 999 685 Videntur

211 696 286 722 enim
303 703 380 723 suam
396 696 518 732 ipsorum
532 699 652 726 animam
667 701 772 734 odisse,
789 706 922 737 quantum
935 703 999 729 atti-

212 743 259 767 net
281 740 316 772 ad
335 742 512 776 passionem,
529 745 576 778 qui
598 744 713 772 tradunt
731 753 791 773 eam
812 747 845 774 ad
866 751 996 780 mortem,

211 786 323 814 u-teruis
338 793 513 816 reservantes
529 789 610 818 bonis
624 799 631 818 :
649 795 676 818 et
693 792 739 827 qui
755 792 782 819 in
797 793 997 821 exercitatione

211 831 341 866 religiosa
355 832 460 866 vivunt,
472 834 590 863 oderunt
601 843 667 865 suas
680 837 802 872 ipsorum
818 839 934 871 animas,
946 846 997 867 nec

209 884 241 905 se
262 877 336 905 vinci
357 878 452 906 sinunt
471 881 565 909 carnis
586 882 788 918 voluptatibus.
812 884 890 917 Quod
914 885 997 921 igitur

209 922 276 950 fecit
290 922 418 953 Christus
435 930 549 961 propter
561 928 684 956 omnium
697 930 814 958 salutem
829 938 946 965 passus,
967 932 994 959 in

209 967 326 1003 ﬁguram
346 974 374 997 et
396 975 488 1006 typum
505 971 676 1002 fortitudinis
700 974 781 1008 fecit,
800 977 920 1004 monitos
933 984 995 1005 esse

208 1014 305 1043 volens
319 1023 368 1044 eos
382 1018 429 1052 qui
445 1024 618 1053 speratorum
638 1020 771 1049 bonorum
789 1023 995 1057 exspectatione

207 1060 365 1095 ducuntur,
390 1067 420 1090 ut
442 1063 477 1090 ad
495 1065 677 1093 exercendam
694 1067 825 1095 virtutem
843 1075 873 1096 se
899 1069 994 1097 accin‘

207 1109 284 1140 gant.
302 1107 415 1142 Oportet
429 1109 503 1136 enim
520 1117 581 1144 eos,
597 1112 696 1146 inquit,
713 1113 761 1148 qui
779 1113 874 1141 volunt
889 1121 933 1141 me
949 1122 993 1142 se-

205 1151 273 1186 qui,
304 1159 397 1187 parent
430 1155 496 1182 tuihi
522 1155 713 1185 fortitudinem
741 1163 769 1186 et
799 1159 991 1187 conﬁdentiam

206 1198 375 1232 ostendere;
405 1200 446 1228 sic
480 1203 556 1229 enim
593 1203 716 1232 victoriae
742 1206 854 1241 prmmia
881 1207 990 1234 obtine-

205 1245 285 1273 bunt.

239 1291 306 1326 ΙΙΙ,
324 1294 368 1323 26.
394 1295 428 1322 Et
448 1295 493 1322 ubi
507 1304 566 1323 sum
588 1305 651 1332 ego,
675 1297 712 1325 ibi
734 1302 758 1326 et
782 1301 904 1328 minister
919 1310 990 1330 metu

203 1338 264 1366 erit.

240 1383 275 1411 Et
293 1385 423 1420 quoniam
447 1387 503 1415 dux
525 1389 638 1424 gloriae,
666 1398 719 1417 non
745 1398 794 1426 per
811 1393 926 1427 gloriam
944 1400 990 1423 aut

205 1429 318 1462 luxum,
340 1433 388 1460 sed
409 1440 459 1468 per
477 1433 621 1463 infamiam
648 1439 676 1464 et
695 1436 803 1465 labores
822 1441 988 1469 ambulavit:

203 1474 244 1502 sic
259 1479 287 1503 et
301 1483 353 1504 nos
366 1484 449 1513 agere
464 1479 547 1507 alacri
562 1480 655 1509 animo
672 1483 812 1517 convenit,
827 1490 857 1512 ut
872 1485 900 1513 in
916 1494 990 1514 eunt-

203 1519 265 1548 dem
280 1528 390 1558 quoque
402 1523 492 1551 locum
506 1526 714 1560 perveniamus,
724 1527 913 1566 'divinamque
928 1533 988 1567 glo-

1052 254 1219 290 πασχούσης,
1233 255 1301 282 ἀλλὰ
1317 252 1369 291 τῆς
1383 257 1472 292 ψυχῆς
1498 257 1589 292 φιλίαν
1602 258 1691 291 καλεῖ,
1709 257 1741 284 τὸ
1753 257 1836 284 δοκεῖν

1051 300 1137 335 αὐτὴν
1162 300 1302 337 κατέχειν,
1323 302 1354 329 οὺ
1383 303 1557 338 προδιδόντας
1579 304 1619 336 εἰς
1644 303 1787 336 κινδύνους
1810 303 1836 330 τὸ

1052 354 1090 372 σω
1094 354 1141 381 μα,

1093 392 1161 418 Ἐὰν
1173 392 1237 426 ἐμοὶ
1250 393 1377 428 διακονῇ
1392 402 1437 428 τις
1447 414 1454 427 ,
1467 394 1532 429 ἐμοὶ
1548 394 1759 423 ἀκολουθείτω.

1087 437 1120 463 ’0
1144 436 1218 471 λέγει
1244 438 1364 465 τοιοῦτόν
1385 439 1470 466 ἐστιν·
1497 440 1527 466 Ei
1555 440 1620 474 ἐγὼ,
1638 440 1722 475 φησὶ,
1740 435 1786 466 διὰ
1805 440 1836 466 ,τὸ

1049 483 1125 518 ὑμῶν
1141 484 1276 519 χρήσιμον
1296 485 1422 521 ἐκδίδωμι
1444 485 1562 520 ἐμαυτὸν
1578 487 1619 517 εἰς
1634 485 1761 518 θάνατον,
1779 486 1834 517 πῶς

1048 529 1099 556 οὐκ
1121 529 1260 565 ἄνανδρον,
1275 530 1306 557 τὸ
1321 531 1358 566 μὴ
1373 530 1427 557 τῶν
1449 531 1557 558 οίκείων
1572 528 1664 558 ἕνεκέν
1678 532 1831 568 χρησίμων,

1047 574 1098 610 τῆς
1124 576 1291 612 προσκαίρου
1314 577 1518 613 καταφρονῆσαι
1541 577 1613 613 ζωῆς
1630 577 1717 612 ὑμᾶς,
1732 577 1833 613 καὶτῷ

1047 622 1097 657 τῆς
1108 623 1208 658 σαρκὸς
1224 622 1330 658 Θανάτῳ
1343 623 1392 659 τὴν
1410 623 1567 659 ἀμάραντον
1579 624 1732 659 κτήσασθαι
1744 622 1832 659 corp;

1047 667 1160 695 Δοκοῢσι
1185 668 1240 704 γὰρ
1263 670 1352 704 μισεῖν
1370 669 1420 705 τὴν
1441 669 1545 696 ἑαυτῶν
1566 669 1670 705 ψυχὴν.
1691 670 1755 697 ὅσον
1770 667 1834 705 ἧκεν

1047 714 1087 745 εἰς
1103 714 1133 740 τὸ
1147 714 1253 747 παθεῖν,
1270 714 1295 740 οἱ
1315 714 1465 746 ἐκδιδόντες
1479 715 1561 750 αὐτὴν
1579 716 1618 747 εἰς
1635 714 1764 747 θάνατον,
1780 716 1834 746 τοῖς

1047 759 1167 792 αἰωνίοις
1180 760 1358 794 φυλάττοντες
1374 761 1503 795 ἀγαθοῖς·
1518 762 1566 788 καὶ
1585 762 1609 788 οἱ
1625 762 1654 788 ὲν
1673 761 1792 796 ἀόλκήσει
1808 760 1833 787 δὲ

1047 805 1158 839 ζῶντες,
1174 806 1284 841 μισοῦσι
1299 807 1350 838 τὰς
1370 807 1474 834 ἑαυτῶν
1494 806 1596 842 ψυχὰς,
1607 804 1664 849 ,οὐχ
1682 804 1832 842 ἡττώμενοι

1046 853 1106 884 ταῖς
1130 852 1181 886 τῆς
1210 852 1389 888 φιλοσαρκίας
1410 853 1524 889 ἡδοναῖς.
1547 853 1580 879 ‘0
1603 850 1650 879 οὖν
1676 849 1806 887 ἐποίησεν
1819 852 1832 878 ό

1047 897 1165 933 Χριστὸς
1177 897 1222 924 διὰ
1244 898 1293 934 τὴν
1313 898 1440 925 ἀπάντων
1456 898 1592 934 σωτηρίαν
1611 898 1715 929 παθὼν,
1731 899 1773 929 sig
1786 898 1831 924 τιὸ-

1046 951 1098 969 πον
1121 942 1249 978 ἐποίησεν
1266 943 1393 979 ἀνδρείας
1404 964 1411 976 ,
1429 943 1561 971 διδάσκων
1575 943 1638 975 τοὺς
1654 943 1710 969 τῶν
1724 942 1832 974 ἐλπιζο-

1047 988 1135 1023 μένων
1172 989 1281 1023 ἀγαθῶν
1310 989 1524 1025 ἐπιθυμοῦντας,
1547 989 1704 1023 ἐπείγεσθαι
1732 996 1831 1024 κατορ-

1045 1033 1107 1061 θοῦν
1123 1034 1172 1070 τὴν
1186 1032 1297 1071 ἀρετήν.
1322 1036 1368 1061 Δεῖ
1389 1034 1453 1071 γὰρ,
1474 1035 1550 1070 φησὶ,
1571 1035 1634 1067 τοὺς
1646 1034 1775 1065 θέλοντάς
1791 1042 1833 1068 μοι

1043 1079 1199 1106 ἀκολουθεῖν
1212 1099 1220 1111 ,
1233 1079 1283 1116 τὴν
1311 1079 1371 1115 ῖσην
1391 1078 1452 1115 ἐμοὶ
1470 1079 1595 1116 ἀνδρείαν
1624 1081 1670 1107 καὶ
1688 1079 1833 1114 εὐτολμίαν

1042 1122 1224 1153 ἐνδείκνυσθαι
1242 1135 1248 1141 ·
1264 1125 1336 1153 οὕτω
1349 1126 1404 1162 γὰρ
1421 1125 1551 1162 λήψονται
1561 1125 1596 1153 τά
1607 1126 1655 1161 τῆς
1669 1125 1750 1161 νίκης
1765 1125 1831 1160 βρα-

1041 1169 1112 1198 δεῖα.

1076 1302 1131 1329 Καὶ
1145 1302 1220 1330 ὅπου
1234 1302 1291 1337 ειμι
1306 1301 1374 1337 ἐγὼ,
1387 1300 1452 1328 ἐκεῖ
1464 1300 1513 1328 καί
1530 1301 1547 1328 ὁ
1555 1300 1695 1333 διάκονος
1714 1301 1731 1326 ὁ
1761 1298 1831 1334 ἐμὸς

1040 1349 1128 1422 ἐσιέῗιλ
1139 1395 1231 1430 ἐπειδὴ
1246 1395 1261 1422 ό
1275 1395 1326 1430 τῆς
1342 1394 1420 1429 δόξης
1432 1394 1562 1430 ἀρχηγὸς,
1576 1394 1607 1421 οὗ
1618 1392 1661 1421 διὰ
1677 1392 1759 1428 δόξης
1782 1391 1830 1419 καὶ

1039 1441 1144 1476 τρυφῆς
1159 1441 1287 1473 ὥδευσεν,
1306 1440 1374 1468 ἀλλὰ
1385 1440 1430 1468 διὰ
1451 1441 1563 1476 ἀτιμίας
1577 1440 1626 1468 καὶ
1647 1440 1737 1466 πόνων
1751 1448 1759 1455 '
1782 1438 1829 1466 οὖ-

1039 1497 1079 1515 τω
1089 1488 1130 1515 δεῖ
1144 1488 1192 1515 καὶ
1205 1489 1279 1523 ἡμᾶς
1293 1488 1406 1520 ἀλύπως
1429 1489 1526 1521 ποιεῖν,
1546 1488 1591 1514 ῖνα
1607 1488 1647 1518 είς
1672 1486 1719 1514 τὸν
1746 1486 1828 1512 αὐτὴν

1039 1534 1120 1561 τόπον
1133 1535 1357 1569 καταντήσωμεν,
1369 1534 1416 1560 καὶ
1430 1533 1479 1569 τῆς
1501 1533 1575 1565 θείας
1587 1533 1768 1568 μετάσχωμεν
1786 1531 1829 1558 δό-

203 1566 273 1593 riam
296 1568 504 1604 participemus.
525 1570 619 1607 Ecqua
633 1580 699 1601 vero
722 1574 827 1604 honore
839 1576 913 1612 digni
931 1566 986 1607 ﬁsu-

1040 1579 1098 1615 ξης,
1109 1580 1191 1608 Ποίας
1205 1579 1233 1605 δὲ
1248 1566 1317 1612 ista:
1329 1580 1412 1614 ἐσμεν
1424 1566 1516 1615 τιμῆς,
1530 1579 1555 1605 oi
1573 1566 1610 1614 μὴ
1633 1566 1771 1612 ἀξιοῦντες
1793 1577 1827 1604 τὰ

203 1621 282 1658 mus,
292 1613 338 1648 qui
353 1614 448 1643 eadem
465 1623 528 1644 cum
548 1616 665 1646 Domino
677 1624 772 1648 nostro
789 1624 892 1658 perpeti
909 1625 989 1653 nolu-

199 1663 259 1683 mus
276 1657 286 1684 .'
307 1658 436 1689 Fortasse
459 1669 526 1690 vero
546 1664 619 1698 quod
644 1664 717 1693 dixit
732 1686 740 1699 .
764 1666 831 1695 «Ubi
847 1676 897 1704 ego
907 1678 985 1704 sum,

201 1703 239 1731 ibi
259 1710 287 1732 et
305 1706 430 1735 minister
444 1716 523 1738 meus
538 1716 615 1744 esto,
637 1720 646 1738 ι
670 1720 723 1741 non
742 1714 846 1747 locum.
864 1703 911 1744 sed
927 1703 986 1746 mo;

161 1775 171 1782 ,
200 1747 266 1776 dum
281 1749 392 1780 virtutis
405 1751 548 1789 intelligit;
563 1755 591 1783 in
601 1756 704 1791 quibus
715 1758 789 1786 visus
804 1763 846 1787 est
859 1760 985 1792 Christus

201 1798 350 1829 praestare.
379 1798 406 1825 in
433 1798 530 1828 iisdem
550 1801 652 1830 debent
671 1804 776 1832 versari
794 1807 839 1840 qui
859 1813 920 1835 eum
941 1817 983 1837 se-

200 1845 324 1875 quuntur
335 1862 343 1875 ,
358 1851 412 1871 non
427 1845 454 1872 in
474 1849 664 1883 praerogativls
679 1850 780 1879 divinis
792 1871 799 1883 .
819 1852 984 1890 homineque

200 1887 471 1925 majoribusrﬂeque
485 1892 557 1920 enim
574 1893 602 1920 in
617 1900 752 1930 potestate
768 1898 887 1927 hominis
899 1887 980 1928 situm

199 1935 243 1959 est
257 1939 352 1960 verum
365 1937 392 1961 et
408 1940 507 1963 natura
523 1936 607 1965 Deum
623 1939 724 1969 imitari
742 1950 749 1970 :
772 1944 819 1971 sed
838 1944 865 1971 in
882 1945 982 1979 quibus

199 1979 334 2014 contingit
348 1980 467 2010 hominis
478 1988 605 2012 naturam
624 1994 707 2021 posse
721 1989 842 2018 eminere
853 2012 860 2024 ,
881 1999 934 2019 non
955 1992 982 2020 in

199 2023 329 2053 sedandis
347 2027 432 2054 maris
451 2031 659 2064 tempestatibus
673 2052 680 2064 ,
700 2037 727 2061 et
747 2035 810 2063 aliis
832 2023 858 2063 id
876 2045 961 2072 genus
973 2057 981 2070 ,

198 2071 246 2098 sed
271 2071 298 2099 in
321 2071 490 2102 demissione
508 2076 594 2103 animi
617 2082 644 2105 et
661 2081 872 2110 mansuetudine
885 2100 894 2116 ο
908 2088 935 2112 et
954 2083 981 2111 in

197 2116 320 2146 ferendis
335 2119 454 2154 injuriis.

233 2161 295 2196 XII,
310 2161 356 2192 ετ.
374 2163 453 2192 Nunc
469 2164 559 2193 anima
574 2172 631 2194 mea
649 2165 754 2197 turbata
770 2174 819 2199 est.

1040 1625 1086 1652 ίσα
1106 1624 1146 1660 τῷ
1170 1624 1291 1660 Δεσπότῃ
1305 1623 1418 1656 παθεῖν;
1442 1624 1518 1658 Τάχα
1533 1623 1562 1650 δὲ
1583 1622 1678 1656 εἰπὼν,
1707 1631 1717 1648 t
1738 1620 1826 1649 ’Ὅπου

1037 1670 1097 1705 εἰμὶ
1110 1669 1175 1704 ἑγὼ,
1188 1670 1246 1696 ἐκεῖ
1259 1670 1327 1696 καὶὸ
1342 1669 1465 1700 διάκονος
1478 1668 1566 1704 sapt;
1578 1669 1658 1699 ἔστω,
1672 1677 1682 1694 ι
1698 1668 1728 1695 οὐ
1742 1667 1827 1694 τόπον

1036 1715 1122 1749 λέγει,
1139 1714 1207 1741 ἀλλά
1220 1714 1319 1750 τρόπον
1333 1714 1450 1749 ἀρετῆςο
1466 1714 1494 1740 ἐν
1508 1711 1549 1745 οἷς
1565 1713 1620 1748 ἐγὼ
1643 1713 1738 1748 ὤφθην
1759 1713 1826 1748 Χρι-

1037 1760 1099 1792 στὸς
1110 1759 1277 1795 διαπρέπων,
1296 1761 1325 1787 ὲν
1340 1761 1396 1791 τοῖς
1413 1761 1503 1791 αὐτοῖς
1513 1759 1667 1794 ὀφείλουσιν
1691 1756 1761 1785 εἷναι
1778 1757 1826 1785 καὶ

1036 1806 1142 1841 οίαῦτῷ
1157 1806 1375 1839 ἀκολουθοῦντες,
1388 1807 1437 1833 οὐκ
1450 1807 1478 1833 ὲν
1486 1808 1541 1838 τοῖς
1553 1803 1733 1842 θεοπρεπὲσιν
1749 1805 1825 1839 ἀξιὼ-

1038 1858 1104 1887 μασι
1115 1852 1162 1879 καὶ
1175 1853 1232 1884 τοῖς
1247 1850 1318 1887 ὑπὲρ
1331 1852 1482 1887 ἄνθρωπον.
1507 1851 1544 1878 οὐ
1567 1852 1621 1887 γὰρ
1642 1851 1753 1878 δυνατὸν
1779 1851 1823 1878 ἀν-

1037 1897 1138 1933 θρώπῳ
1149 1898 1194 1924 τὸν
1207 1898 1294 1933 ἀληθῆ
1311 1898 1357 1925 καὶ
1370 1898 1449 1932 φύσει
1468 1897 1534 1924 Θεὸν
1549 1897 1719 1933 μιμήσασθαι
1736 1906 1743 1912 ·
1759 1895 1823 1924 ἀλλ’

1034 1944 1063 1970 ὲν
1080 1940 1122 1975 οἷς
1135 1942 1270 1979 ἐνδέχεται
1287 1945 1336 1979 τὴν
1348 1942 1491 1979 ἀνθρώπου
1516 1940 1676 1979 διαπρέπειν
1692 1943 1822 1970 δύνασθαι

1033 1989 1126 2024 φύσιν,
1151 1991 1201 2017 οὐκ
1225 1991 1254 2017 ὲν
1271 1990 1310 2025 τῷ
1333 1990 1458 2026 χαλινοῠν
1484 1989 1620 2017 θάλασσαν
1635 1991 1682 2016 καὶ
1695 1989 1730 2015 τὰ
1742 1990 1822 2025 ὃμοια

1034 2039 1131 2070 ποιεῖν,
1167 2037 1223 2063 ἀλλ’
1248 2037 1277 2063 ἐν
1297 2035 1336 2072 τῷ
1355 2033 1424 2063 εἶναι
1441 2035 1584 2067 ταπεινοὺς
1598 2036 1645 2062 καὶ
1657 2035 1761 2071 πράους
1775 2035 1821 2061 καὶ

1033 2083 1166 2119 φέροντας
1185 2081 1288 2118 ὕϐρεις.

1069 2172 1133 2200 Νῦν
1152 2172 1171 2206 ἠ
1190 2171 1275 2207 ψυχή
1289 2180 1348 2206 μου
1362 2171 1545 2206 τετάρακται.

232 2209 380 2238 Enimvero
396 2211 448 2239 etsi
465 2216 597 2248 tanquam
614 2213 698 2242 homo
709 2216 839 2247 Christus
856 2221 981 2248 turbatur

232 2255 294 2268 nhl:_
312 2253 477 2268 ‘__!n-n.'-_-
505 2261 583 2268 4..,,,,
597 2267 613 2268 η
639 2265 660 2268 .,
697 2266 700 2268 .
789 2262 808 2268 α.

1068 2217 1142 2252 Πλὴν
1157 2219 1181 2244 si
1194 2217 1241 2244 καὶ
1254 2217 1292 2249 ὡς
1305 2217 1447 2252 ἄνθρωπος
1462 2217 1476 2242 ὸ
1489 2215 1607 2251 Χριστὸς
1618 2213 1772 2268 θορυδεῖται
1786 2214 1818 2264 τῇ

197 2255 295 2283 mortis
311 2253 489 2291 cogitatione.
503 2261 624 2287 attamen
638 2265 767 2297 tanquam
789 2262 857 2293 Deus
872 2273 905 2293 ex
920 2275 981 2301 per-

197 2299 355 2327 turbatione
373 2301 418 2328 illa
436 2302 476 2329 ‘ad
495 2302 622 2331 ﬁduciam
639 2306 729 2333 statim
744 2309 836 2341 venit.
857 2313 884 2337 et
907 2299 980 2345 quod

196 2345 294 2373 timore
304 2350 472 2374 commotum
486 2352 539 2381 est,
556 2349 589 2377 ad
606 2352 777 2385 praesentiam
789 2355 871 2383 animi
889 2357 982 2384 tradu-

196 2391 245 2418 cit.
263 2391 482 2420 Existimandum
497 2397 539 2422 est
553 2397 625 2423 enim
640 2397 722 2425 etiam
748 2398 774 2426 in
793 2400 853 2435 ipso
868 2401 981 2430 Christo

195 2441 224 2465 et
243 2436 389 2465 Servatore
413 2438 610 2469 humanitatem
637 2450 699 2471 esse
721 2449 886 2474 commotam
917 2455 981 2482 pro-

197 2486 260 2518 pter
274 2483 343 2511 duos
363 2486 391 2511 et
411 2487 584 2515 necessarios
602 2489 709 2518 modos.
735 2491 843 2528 Quippe
867 2499 980 2528 oporte-

196 2528 244 2556 bat
257 2531 286 2556 et
307 2533 356 2564 per
375 2529 425 2558 hos
441 2530 530 2566 ipsum
549 2538 603 2561 non
616 2535 746 2571 opinione
767 2543 799 2564 ac
823 2538 981 2573 suspicione

195 2575 346 2608 duntaxat,
368 2577 414 2605 sed
431 2579 523 2613 potius
538 2581 703 2609 natllraliter
716 2587 744 2610 et
760 2591 825 2611 vero
841 2584 979 2614 hominem

195 2631 226 2650 ex
242 2622 355 2650 muliere
369 2627 460 2651 natum
476 2624 562 2653 videri
575 2647 581 2659 .
600 2627 692 2654 omnia
711 2627 830 2656 humana
847 2630 979 2659 ferentem

195 2668 255 2696 sine
271 2673 393 2704 peccato.
411 2669 504 2698 Timor
517 2672 590 2699 enim
607 2676 634 2699 et
652 2669 770 2702 formido
784 2679 849 2702 sunt
867 2680 980 2705 natura~

195 2714 234 2743 les
246 2715 325 2743 nobis
341 2717 578 2751 pertu‘rbntioues.
597 2725 658 2753 quae
676 2719 702 2746 in
720 2727 863 2748 numerum
880 2730 980 2756 pncca-

196 2766 283 2788 turum
309 2769 366 2789 non
387 2764 513 2790 veniunt.
530 2762 663 2791 Prmlerea
681 2765 762 2792 etiam
780 2767 884 2795 utiliter
903 2776 979 2796 com-

195 2806 375 2834 movebuntur
387 2806 506 2833 humana
525 2807 551 2834 in
571 2806 682 2836 Christo
702 2809 760 2837 sine
779 2816 908 2846 peccato.
923 2821 977 2842 nou

196 2855 224 2879 tit
251 2857 388 2880 commota
422 2853 618 2882 roborarcntur
644 2857 669 2883 ct
696 2855 768 2883 ultra
786 2859 965 2893 procederent

1032 2263 1078 2290 τοῦ
1093 2263 1208 2290 θανάτου
1223 2263 1328 2298 μνήμῃ,
1344 2261 1401 2288 ἀλλ’
1417 2261 1454 2293 ὼς
1475 2261 1551 2293 Θεὸς,
1573 2260 1751 2296 κεκινημένου
1770 2259 1819 2286 τοῦ

1032 2309 1145 2341 πάθους,
1162 2308 1230 2344 πρὸς
1251 2307 1350 2343 θάρσος
1365 2306 1445 2338 εὐθὺς
1463 2305 1654 2340 παραγίνεται,
1674 2305 1721 2333 καὶ
1751 2305 1819 2340 πρὸς

1032 2354 1177 2390 εὐτολμίαν
1195 2353 1365 2389 μεταμορφοϊ
1377 2353 1407 2379 τὸ
1422 2353 1455 2388 τῇ
1470 2352 1556 2387 δειλίᾳ.
1573 2351 1693 2386 νικηθέν.
1719 2351 1819 2386 οἰησό-

1034 2400 1104 2436 μεθα
1113 2399 1167 2436 γὰρ
1181 2400 1228 2426 καὶ
1240 2399 1269 2425 ὲν
1286 2397 1360 2432 αὐτῷ
1371 2398 1411 2432 τῷ
1423 2397 1533 2433 Χριστῷ
1547 2397 1594 2424 καὶ
1613 2396 1718 2431 Σονι-ῆρι
1743 2405 1819 2423 κεκι-

1031 2445 1174 2481 νῆσθαιτά
1189 2443 1344 2479 ἀνθρώπεια
1364 2441 1408 2469 διὰ
1432 2442 1478 2469 δύο
1506 2442 1553 2468 καὶ
1575 2441 1739 2476 ἀναγκαίους
1755 2441 1818 2476 τρό-

1031 2499 1108 2523 πους.
1126 2487 1201 2517 Ἔδει
1213 2490 1277 2525 γὰρ,
1287 2489 1340 2516 ἔδει
1354 2489 1402 2515 καὶ
1411 2488 1457 2516 διὰ
1472 2487 1574 2515 τούτων
1593 2487 1675 2515 αὐτὸν
1688 2487 1719 2513 οὐ
1735 2486 1817 2521 δοκή-

1032 2537 1130 2564 σεικαὶ
1146 2536 1268 2571 ὑπονοίᾳ,
1283 2534 1406 2570 φυσικῶς
1422 2534 1451 2560 δὲ
1469 2533 1567 2569 μᾶλλον
1581 2531 1629 2560 καὶ
1649 2532 1756 2567 ἀληθῶς
1770 2531 1818 2558 ἀνι

1031 2583 1139 2618 θρωπον
1153 2582 1186 2608 ἐκ
1200 2577 1328 2615 γυναικὸς
1343 2580 1472 2614 γεγονότα
1486 2578 1640 2614 φαίνεσθαι,
1663 2578 1752 2606 πάντα
1769 2577 1818 2611 φέ-

1033 2635 1112 2665 ροντα
1125 2628 1159 2655 τὰ
1172 2627 1338 2663 ἀνθρώπινα,
1360 2626 1420 2662 δίχα
1448 2625 1594 2661 ἁμαρτίας.
1619 2624 1702 2656 Φόϐος
1721 2624 1752 2651 δὲ
1772 2623 1818 2650 καὶ

1029 2674 1123 2708 δειλία,
1133 2673 1205 2708 πάθη
1217 2673 1265 2708 μὲν
1280 2673 1346 2708 ἡμῖν
1357 2671 1470 2707 φυσικὰ,
1482 2671 1512 2698 τό
1523 2679 1554 2705 γε
1570 2670 1624 2706 μὴν
1631 2671 1659 2696 ιν
1668 2669 1817 2704 ἁμαρτίαις

1029 2720 1157 2756 τετάχθαι
1173 2718 1382 2753 διαπεφευγότα.
1402 2718 1458 2744 Καὶ
1475 2717 1543 2752 πρὸς
1553 2717 1667 2748 τούτοις,
1692 2715 1732 2742 ιτι
1751 2723 1818 2750 χρη-

1030 2767 1116 2801 σίμως
1125 2766 1278 2792 ὑπεκινεῖτο
1295 2765 1342 2790 καὶ
1351 2764 1379 2790 ὲν
1391 2763 1501 2798 Χριστῷ
1513 2763 1546 2789 τὰ
1571 2760 1730 2797 ἀνθρώπινα
1755 2761 1818 2796 δίχα

1029 2812 1176 2847 ἁμαρτίας,
1191 2810 1239 2845 οὐχ
1253 2811 1297 2837 ἵνα
1310 2810 1344 2837 τὰ
1356 2809 1499 2844 κινηθέντα
1522 2808 1700 2844 κρατύνηται,
1716 2807 1764 2833 καὶ
1777 2807 1816 2838 εἰς

1029 2860 1058 2886 τὸ
1074 2858 1166 2893 πρόσω
1177 2859 1261 2894 χωρῇ.
1279 2855 1403 2888 καθάπερ
1420 2855 1467 2882 καὶ
1481 2855 1522 2890 ἐφ’
1538 2855 1626 2889 ἡμῶν,
1638 2853 1703 2880 ἀλλ’
1718 2852 1763 2879 ἵνα
1775 2860 1815 2879 κε·
