1906 3037
77 149 112 178 83

473 149 507 177 ΙΝ
525 148 695 179 ιοΑΝΝΕιι.
716 167 747 172 -
763 151 828 179 LlB.
850 151 893 180 VII
915 151 959 180 ET
979 151 1036 180 V’lll
1057 151 1277 182 FRAGMENTA.

1671 155 1706 183 90

78 208 224 244 κινημὲνα,
240 210 277 246 τῇ
291 208 338 236 τοῦ
355 209 433 244 λόγου
453 208 567 244 δυνάμει
589 209 779 246 διακόπτηται,
804 209 867 246 πρὸς

925 215 954 237 ιιι
970 207 1050 247 ’104
1065 210 1093 238 in
1110 209 1191 240 nobis
1203 210 1372 245 assolet,sed
1388 213 1417 238 ut
1432 219 1566 240 concussa
1580 211 1605 238 vi
1621 211 1707 238 ratio-

77 254 180 290 ἀμείνω
191 255 257 281 τινὰ
268 255 314 282 καὶ
329 254 467 290 θειοτέραν
481 255 644 290 μετάστασιν
656 261 873 292 μεταστοιχειου-

80 299 162 336 μένης
175 299 227 334 τῆς
243 300 352 334 φύσεως
368 300 397 326 ὲν
409 298 508 335 πρώτῳ
522 299 632 336 Χριστῷ
644 309 651 316 ·
665 298 700 336 ἦν
718 301 772 336 γὰρ
787 300 873 333 οὕτως

79 346 124 372 καὶ
138 345 189 380 οὐχ
203 342 312 380 ἑτέρως
323 346 370 372 καὶ
383 346 422 377 εις
433 345 505 381 ἡμᾶς
519 346 618 377 αὐτοὺς
629 345 751 381 διαὸῆναι
766 346 812 373 τὸν
824 346 873 381 τῆς

81 391 177 422 licet»;
190 391 306 427 τρόπον.
335 391 380 418 Ἐν
395 391 448 428 γὰρ
461 391 571 427 ἀπαρχῇ
587 391 697 427 Χριστῷ
717 392 757 424 εἰς
782 390 873 419 καινό-

80 442 146 472 τητα
160 436 248 471 ζωῆς,
260 437 278 472 ή
297 437 440 473 ἀνθρώπου
455 437 535 472 φύσις
547 437 724 473 ἀνεκομίζετο
739 445 746 453 ⁵
757 438 786 464 ὲν
799 437 873 473 αὺτῷ

81 479 107 509 δὲ
123 483 220 510 καὶτὰ
242 483 317 519 ὑπὲρ
336 483 416 518 φύσιν
440 483 634 519 ἐκερδάναμεν.
655 484 704 511 Διὰ
722 484 777 520 γὰρ
794 483 872 510 τοῦτο

82 529 126 556 καὶ
138 528 269 563 δεύτερος
289 529 375 565 Ἀδὰμ
386 530 595 565 κατωνόμασται
609 530 684 567 παρὰ
703 529 764 563 ταῖς
786 531 872 563 θείαις

83 575 212 610 Γραφαϊς.
231 575 341 612 Ὠσπερ
354 577 382 603 δὲ
397 577 434 609 ὡς
446 576 589 613 ἄνθρωπος
599 577 724 604 ὲπείνασε
744 577 791 604 καὶ
812 577 873 604 ἐκο-

82 622 186 654 πίασεν,
198 622 274 649 οὕτω
290 622 394 649 καὶτὸν
408 623 440 649 ὲκ
453 622 501 649 τοῦ
510 622 613 655 πάθους
629 622 735 659 δέχεται
747 622 870 659 θόρυϐον,

82 667 118 699 ὡς
139 666 326 703 ἀνθρώπινον.
345 668 513 704 Ταράττεται
538 668 566 695 δὲ
591 669 639 704 οὐχ
665 668 759 704 ὥσπερ
781 669 870 704 ἡμεῖς,

83 712 136 741 ἀλλ*
148 714 210 740 ὅσον
227 715 270 746 εἰς
286 713 414 750 αἴσθησιν
433 715 513 750 μόνον
529 715 711 751 ὑπενεχθῆναι
733 715 781 742 τοῦ
800 715 871 750 πρά-

82 766 193 795 γματος,
214 757 278 787 εἶτα
287 759 367 788 πάλιν
381 761 421 792 εἰς
432 761 482 797 τὴν
496 760 585 796 ἑαυτῷ
606 760 762 797 πρέπουσαν
781 761 872 788 εὐτολ-

85 806 144 842 μίαν
163 806 318 842 ἁναπηδᾷν.
338 806 386 833 Ἕκ
397 806 500 834 τούτων
514 807 634 842 δηλονότι
645 807 691 834 καὶ
705 807 792 843 ψυχὴν
814 805 871 843 εἷχε

82 852 200 887 λογικήν.
219 852 329 887 Ὥσπερ
338 852 392 888 γὰρ
405 851 443 888 τῷ
457 853 583 888 πεινῆσαι
596 853 677 889 τυχὸν
688 853 704 889 ἢ
718 853 803 890 ἑτέρῳ
817 853 870 880 τινὶ

923 256 966 284 nis
987 256 1213 290 retardarentur,
1238 262 1421 285 transmutata
1442 257 1469 285 in
1488 258 1578 294 primo
1594 256 1707 286 Christo

923 302 956 330 ad
973 303 1111 331 meliorem
1126 304 1283 339 quemdam,
1293 308 1320 332 et
1330 302 1492 333 diviniorem
1509 309 1610 332 statum
1623 306 1706 331 natu-

923 352 952 374 ra
967 357 974 375 :
990 347 1042 376 hoc
1058 350 1157 384 quippe
1172 349 1253 377 modo
1269 353 1296 378 et
1313 357 1368 377 non
1388 350 1444 377 alio
1456 370 1463 382 ,
1479 350 1592 377 remedii
1609 349 1707 376 modus

922 394 955 422 ad
973 402 1025 422 nos
1046 395 1122 430 ipsos
1144 395 1264 423 transire
1282 399 1399 431 poterat.
1420 395 1526 423 Etenim
1543 400 1638 423 natura
1655 395 1708 422 Ιιοδ

923 438 1005 468 minis
1018 438 1045 467 in
1065 436 1175 467 Christo
1190 433 1226 467 ad
1242 441 1416 468 novationem
1433 441 1496 468 vitae
1511 441 1593 468 veluti
1608 442 1707 476 primi-

922 485 966 513 tla‘.
985 483 1149 514 olferebatur
1165 496 1171 514 :
1188 486 1273 522 inque
1288 486 1349 522 ipso
1364 491 1391 515 et
1408 495 1468 523 quae
1480 491 1545 515 sunt
1564 496 1645 524 supra
1661 497 1708 516 na-

922 533 1012 558 turam
1034 531 1132 558 luctati
1149 539 1257 559 sumus.
1281 528 1348 559 Nam
1365 533 1478 568 propter
1498 532 1549 560 hac
1566 539 1592 560 et
1607 541 1708 561 secun-

922 577 974 605 dus
997 576 1083 604 Adam
1106 578 1260 613 appellatus
1284 580 1326 606 est
1354 577 1381 605 in
1411 578 1514 606 divinis
1542 577 1706 614 Scripturis.

921 621 1154 655 Quemadmodum
1166 627 1232 650 Vero
1245 627 1375 658 tanquam
1391 623 1474 652 homo
1490 625 1586 652 esuriit
1605 629 1630 652 et
1651 622 1707 653 las-

922 666 1042 694 situdine
1056 667 1169 699 deiecit,
1185 667 1226 695 sic
1239 671 1266 695 et
1281 671 1312 694 ex
1329 668 1457 702 passione
1471 667 1588 705 suscipit
1605 670 1708 697 tumlti-

921 716 995 744 tum.
1012 715 1041 740 ut
1056 712 1206 740 humanum
1222 712 1298 748 quid.
1314 712 1532 742 Perturbabatur
1546 716 1636 742 autem
1652 720 1706 742 non

921 758 993 785 sicut
1002 766 1063 791 nos,
1076 758 1121 786 sed
1131 764 1245 786 eatenus
1253 759 1395 790 duntaxat.
1403 764 1433 786 ut
1444 767 1527 788 sensu
1536 761 1574 788 rei
1584 758 1707 788 nonnihil

921 808 1090 840 tangeretur,
1103 803 1202 832 deinde
1219 804 1311 832 statim
1328 804 1360 832 ad
1377 805 1487 840 dignam
1504 805 1546 832 sui
1565 805 1707 833 conliden-

921 849 987 877 tiam
1001 850 1113 878 rediret.
1133 849 1172 877 Ex
1185 849 1227 877 his
1246 849 1340 884 utique
1360 853 1435 884 patet
1448 857 1511 877 eum
1530 849 1648 876 animam
1663 857 1708 876 ra-

83 898 274 926 τῶντοιούτων
296 899 465 934 περιπεσεῖν,
489 898 555 926 ῖδιον
579 899 630 934 τῆς
649 899 749 935 σαρκὸς
764 884 867 931 πάθος,

923 896 1052 924 tionalem
1065 896 1205 923 habuisse.
1217 895 1252 924 Ut
1268 895 1340 924 enim
1355 895 1382 922 in
1394 895 1572 923 esuritionem
1587 899 1651 930 puta
1665 895 1707 923 vel

83 943 206 970 οὕτωκαὶ
219 943 252 970 τὺ
265 943 446 980 ταράττεσθαι
462 944 506 970 διὰ
526 944 635 980 μνήμης
654 944 705 980 τῆς
730 945 785 972 τῶν
816 945 870 972 δει-

83 988 140 1020 νῶν,
155 987 247 1024 ψυχῆς
264 987 299 1015 ἄν
317 989 358 1024 εῐη
372 988 457 1020 πάθος
480 988 531 1024 τῆς
555 988 678 1024 λογικῆς,
702 986 777 1026 ᾗκαὶ
802 989 871 1026 μόνῃ

84 1032 144 1068 ἡμῖν
153 1034 196 1061 διὰ
207 1033 265 1060 τῶν
282 1034 457 1070 ῑνθυμήσεων
475 1034 676 1070 ἐπεισκρίνεται
695 1036 798 1071 μνήμῃ.
815 1035 868 1062 Οὓ-

84 1088 124 1106 m
133 1078 185 1115 γὰρ
200 1080 230 1106 ἐν
244 1079 323 1115 αὔτῷ
336 1080 374 1115 τῷ
387 1079 496 1116 σταυρῷ
507 1079 620 1115 γέγονεν
634 1081 649 1107 ό
660 1079 786 1117 Χριστός.
803 1081 871 1116 Πρό-

84 1134 149 1159 ωρον
160 1123 206 1152 οὖν
223 1125 356 1161 ὑπομένει
366 1126 412 1153 τὸν
426 1126 550 1162 θόρυϐον,
563 1127 812 1162 προαναθεωρήσας
823 1127 870 1164 δη-

84 1170 164 1197 λσνὰτι
179 1170 211 1197 τὺ
224 1171 334 1207 μέλλον,
346 1172 393 1198 καὶ
403 1171 442 1207 τῷ
455 1171 578 1208 λογισμῷ
597 1172 664 1208 πρὸς
678 1172 728 1208 τὴν
744 1172 799 1199 τῶν
809 1173 869 1199 ὲσο-

87 1216 168 1252 μένων
185 1217 300 1253 μνήμην
323 1217 491 1252 ὑπενεχθείς.
510 1217 547 1244 Τὸ
563 1217 618 1253 γὰρ
631 1218 680 1254 τῆς
697 1217 797 1250 δειλίας
818 1218 870 1245 πά-

86 1261 136 1292 θος,
152 1260 213 1287 οὔτε
225 1262 278 1297 τῆς
296 1261 419 1294 ἀπαθοῦς
429 1262 552 1298 εἴποιμεν
569 1262 705 1298 θεότητος,
732 1262 794 1289 οὔτε
816 1262 870 1299 μὴν

86 1306 131 1341 τῆς
140 1307 239 1342 σαρκός
256 1315 263 1323 ·
280 1307 417 1343 λογισμῶν
432 1308 487 1344 γάρ
503 1309 561 1335 ἐστι
572 1308 672 1344 ψυχῆς,
695 1309 743 1335 καὶ
758 1309 789 1336 οὐ
802 1317 868 1345 σαρ-

87 1352 129 1384 κὸς
140 1353 169 1379 τὺ
182 1354 280 1385 πάθος.
298 1353 329 1380 Εἰ
340 1354 369 1380 δὲ
384 1355 430 1381 καὶ
440 1355 470 1381 τὸ
482 1354 578 1389 ἄλογον
594 1354 654 1390 ἕχον
675 1355 766 1391 ψυχὴν
790 1355 870 1391 θορυ-

89 1399 168 1428 διῐται
188 1399 236 1427 καὶ
246 1402 420 1437 ταράττεται,
433 1402 489 1429 ἀλλ’
503 1402 534 1429 οὐ
550 1402 595 1429 διὰ
611 1403 731 1439 μνήμης,
745 1403 805 1430 οὐδὲ
823 1402 869 1430 λο-

88 1446 216 1481 γισμῷ,τὺ
230 1447 363 1483 ἐσόμενον
377 1448 603 1484 προανασκοποῦν
612 1449 699 1481 πάθος
711 1450 757 1476 ἐπὶ
769 1449 869 1477 δειλίαν

89 1492 197 1528 ἔρχεται,
210 1493 270 1520 ἀλλ’
286 1494 349 1520 ὅταν
361 1493 452 1526 αὐτοῖς
462 1492 564 1521 ἁλῶναι
572 1495 683 1530 γένηται
692 1496 749 1526 τοῖς
762 1497 867 1528 κακοῖς,

88 1537 141 1563 τότε
154 1537 199 1564 τοῦ
209 1538 344 1574 παρόντος
355 1538 478 1565 κινδύνου
489 1539 611 1573 συλλέγει
625 1539 701 1574 μόλις
711 1540 760 1576 τὴν
774 1539 869 1576 αἵσθη-
882 1552 903 1581 c

90 1591 135 1610 σιν.
152 1583 207 1610 Νῦν
221 1583 250 1610 δὲ
269 1585 284 1611 ὁ
300 1584 401 1620 Κύριος
415 1584 638 1621 θορυϐεῖται,οὒκ
656 1585 685 1619 ἐξ
706 1583 744 1613 ὧν
763 1586 867 1622 βλέπει,

89 1627 178 1663 ἀλλ’ὲξ
189 1627 226 1658 ὧν
243 1631 412 1666 ἐνθυμεῖται.
435 1631 482 1658 καὶ
501 1631 531 1664 ἐξ
555 1628 593 1658 ὧν
617 1631 765 1668 προσδοκᾷ.
793 1630 870 1658 Ἀλλ’

89 1678 142 1705 οὑδὲ
158 1676 231 1705 εἶπεν
241 1678 255 1704 ὁ
268 1677 396 1713 Χριστὸς,
418 1677 449 1704 Ἦ
460 1677 528 1711 σάρξ
545 1685 594 1712 μου
614 1678 789 1713 τετάρακται,
806 1676 869 1705 ἀλλ’

93 1724 139 1750 «Ἥ
152 1724 221 1759 ψυχή
235 1731 315 1759 μου.»
329 1722 379 1757 τὴν
391 1721 445 1749 τῶν
459 1721 650 1757 αῐρετιζόντων
659 1722 786 1750 ὑπόνοιαν
796 1731 868 1758 παρ-

91 1769 242 1805 ωθούμενος.
257 1770 289 1796 El
302 1769 330 1796 δὲ
347 1769 392 1796 καὶ
403 1769 431 1795 ὲν
448 1769 481 1804 τῇ
497 1768 602 1804 Παλαιᾷ
615 1769 711 1804 φήσεις
721 1768 789 1804 πρὸς
803 1769 868 1795 Ἰου-

90 1814 171 1846 δαίους
189 1814 240 1841 ὑπὸ
250 1812 319 1841 Θεοῦ
336 1814 470 1849 εἰρῆσθαι,
490 1823 499 1839 ι
517 1814 574 1846 Τὰς
586 1814 682 1850 ἑορτὰς
701 1814 778 1849 ὑμῶν
793 1815 868 1849 μισεῖ

91 1860 182 1902 ἡψυχή
200 1869 250 1896 μου
268 1868 277 1877 ’
295 1869 306 1886 ι
331 1859 447 1896 ἐροῦμεν
470 1859 509 1892 ὠς
526 1861 584 1892 τοῖς
609 1860 758 1896 ἡμετέροις
779 1860 868 1888 ἔθεσιν

90 1907 266 1942 ἀποκέχρηται
284 1906 384 1942 μᾶλλον
396 1906 440 1933 aut
451 1906 499 1942 τὴν
515 1906 584 1942 πρὸς
608 1907 681 1942 ἡμᾶς
695 1906 868 1941 συγκατάσαο

92 1957 138 1984 σιν,
148 1952 239 1988 ὥσπερ
255 1953 304 1979 καὶ
318 1951 458 1988 πρόσωπον
473 1951 519 1978 καὶ
531 1951 687 1986 ὀφθαλμοὺς
701 1952 748 1978 καὶ
764 1952 798 1979 τὰ
812 1951 867 1978 λοι-

92 1998 126 2025 πὰ
140 1998 224 2026 πάντα
238 1998 308 2034 μέλη
333 1998 483 2035 προσάπτει
508 1997 547 2033 τῷ
563 1998 701 2033 ἀσωμάτῳ
725 2004 866 2034 καταχρη-

93 2044 182 2076 στικῶς
197 2053 204 2060 ·
220 2043 290 2080 μετὰ
300 2043 328 2071 δὲ
340 2045 390 2078 τὴν
404 2042 621 2079 ὲνανθρώπησιν,
642 2044 666 2070 εἰ
690 2043 762 2070 οὕτω
789 2043 865 2080 ειρῆδ

93 2090 146 2116 σθαι
160 2091 291 2126 φήσομεν,
308 2087 389 2117 εἰκὼν
401 2087 434 2126 ἧν
450 2089 513 2125 ἄρα,
530 2090 578 2116 καὶ
587 2090 707 2125 δόκησις,
723 2090 770 2116 καὶ
790 2089 864 2122 σκιὰ,

93 2136 134 2162 ul.
153 2137 181 2163 οὐ
200 2136 270 2164 κατὰ
294 2135 422 2171 ἀλήθειαν
447 2135 599 2171 ἄνθρωπος,
624 2136 695 2163 κατὰ
720 2135 766 2162 τδν
787 2135 866 2163 ἄθεον

92 2183 178 2210 Μάνιν.
194 2184 278 2219 Ὅλην
291 2182 379 2210 τοίνυν
409 2182 463 2210 τῶν
482 2181 634 2218 ἀνθρώπων
657 2181 738 2217 φύσιν
760 2182 865 2217 ἥνωσεν

921 942 994 969 aliud
1007 942 1141 977 ejusmodi
1154 942 1287 974 incidere,
1303 941 1412 976 propria
1428 945 1470 969 est
1482 941 1574 969 carnis
1588 940 1706 974 alfectio,

920 988 961 1016 sic
975 992 1002 1015 et
1019 988 1153 1016 malorum
1169 987 1299 1016 memoria
1311 995 1343 1014 ac
1357 987 1522 1022 cogitatione
1540 987 1706 1023 perturbari,

920 1040 1035 1069 prorsus
1050 1033 1149 1061 animae
1162 1033 1308 1061 rationalis
1322 1032 1428 1060 adeetio
1441 1032 1533 1065 fuerit,
1545 1033 1617 1061 unde
1627 1032 1707 1060 nobis

920 1087 968 1116 per
979 1080 1065 1107 solam
1078 1080 1236 1107 memoriam
1248 1082 1276 1107 et
1286 1079 1479 1114 cogitationem
1493 1087 1554 1107 sese
1566 1080 1707 1107 insinuare

920 1126 1000 1154 solet.
1015 1125 1143 1154 Nondum
1159 1127 1231 1153 enim
1250 1126 1278 1154 in
1303 1126 1362 1161 ipsa
1383 1133 1466 1153 cruce
1488 1129 1547 1153 erat
1567 1125 1705 1153 Christus.

919 1170 1004 1210 Igitur
1013 1180 1185 1209 praepropere
1195 1178 1221 1201 et
1230 1170 1422 1208 intempestive
1433 1169 1639 1208 perturbatione
1650 1171 1708 1198 alii-

920 1220 1002 1252 citur.
1020 1219 1192 1256 prospiciens
1209 1218 1339 1247 videlicet
1357 1219 1428 1254 quod
1446 1219 1567 1246 futurum
1585 1223 1662 1249 erat,
1678 1221 1707 1245 et

919 1266 1026 1294 ratione
1045 1263 1078 1293 ad
1094 1264 1310 1300 impendentium
1328 1265 1488 1292 memoriam
1501 1265 1641 1299 abreptus.
1653 1260 1706 1290 Ne-

919 1320 973 1348 que
989 1312 1060 1339 enim
1075 1309 1182 1339 timoris
1201 1309 1435 1346 perturbationem
1458 1315 1505 1338 aut
1526 1311 1553 1337 in
1574 1310 1705 1338 deitatem

920 1358 974 1394 pati
998 1358 1135 1389 nesciam.
1162 1362 1209 1384 aut
1238 1354 1263 1384 in
1289 1365 1399 1385 carnem
1417 1354 1514 1384 cadere
1532 1356 1704 1388 dixerimus;

919 1403 1020 1438 quippe
1029 1407 1070 1430 est
1080 1402 1136 1429 hrec
1146 1399 1263 1430 rationis
1272 1403 1356 1429 animi
1369 1406 1396 1430 et
1410 1410 1463 1430 non
1478 1403 1572 1430 carnis
1583 1401 1704 1430 aﬂectio.

919 1448 997 1483 Quod
1017 1448 1039 1476 si
1053 1452 1078 1476 et
1095 1448 1122 1475 id
1135 1449 1208 1484 quod
1223 1446 1410 1476 irrationalem
1427 1445 1547 1475 animam
1564 1448 1647 1475 habet
1664 1452 1708 1474 tu-

919 1494 1071 1521 multuatur
1085 1494 1166 1521 etiam
1182 1498 1208 1521 et
1224 1493 1361 1526 turbatur,
1377 1500 1430 1520 non
1445 1495 1536 1520 tamen
1553 1500 1588 1520 ex
1603 1499 1707 1520 memo-

921 1539 961 1567 ria
974 1561 981 1572 ,
1004 1547 1093 1574 tneque
1118 1547 1152 1567 ex
1171 1539 1382 1567 ratiocinatione
1395 1538 1519 1565 futurum
1533 1538 1706 1573 prospiciens

921 1586 1020 1613 malum
1039 1586 1137 1612 timore
1151 1585 1319 1620 corripitur,
1339 1584 1386 1612 sed
1405 1592 1466 1611 cum
1488 1584 1515 1611 in
1536 1584 1603 1619 ipsis
1626 1585 1705 1612 malis

919 1631 1086 1667 deprehendi
1108 1631 1243 1666 contigit,
1272 1634 1338 1658 tunc
1360 1629 1504 1665 prresentis
1525 1629 1641 1664 periculi
1660 1629 1704 1656 vix

919 1685 1028 1706 sensum
1043 1677 1167 1712 percipit.
1181 1676 1260 1704 Nunc
1271 1684 1336 1704 vero
1351 1676 1481 1704 Dominus
1498 1676 1636 1708 turbatur,
1650 1684 1705 1703 non

918 1723 954 1752 ob
969 1731 1001 1752 ea
1010 1731 1070 1758 qua:
1083 1721 1153 1750 videt
1164 1744 1171 1756 ,
1185 1722 1232 1750 sed
1247 1723 1282 1750 ob
1295 1730 1325 1749 ea
1348 1730 1408 1757 quae
1430 1722 1532 1758 Cogitat
1553 1726 1580 1749 et
1596 1722 1706 1757 opperi-

919 1773 974 1797 tur.
1000 1766 1053 1797 Sed
1075 1777 1162 1804 neque
1181 1765 1249 1796 dixit
1266 1768 1410 1800 Christus,
1429 1768 1500 1796 Caro
1519 1776 1579 1796 mea
1597 1768 1705 1795 turbata

918 1821 972 1850 est,
982 1816 1040 1847 sed.
1051 1813 1148 1843 Anima
1158 1823 1226 1848 mea,
1241 1816 1421 1843 sectariorum
1432 1815 1617 1850 suspicionem
1632 1822 1706 1842 amo-

919 1862 997 1890 liens.
1007 1857 1085 1895 Quod
1100 1862 1121 1889 si
1138 1861 1253 1896 objicies
1267 1861 1294 1888 in
1306 1856 1402 1889 Vetere
1411 1856 1590 1889 Testamento
1603 1856 1705 1888 Judreis

918 1908 1022 1936 dictum
1047 1916 1108 1936 esse
1135 1915 1151 1935 a
1174 1907 1230 1935 Deo
1245 1928 1253 1940 ,
1282 1916 1291 1933 ι
1311 1906 1391 1935 Festa
1416 1911 1508 1935 vestra
1530 1907 1588 1935 odit
1615 1906 1705 1934 anima

918 1960 987 1986 mea,
1005 1962 1013 1978 ι
1027 1950 1151 1981 dicemus
1166 1960 1227 1980 eum
1244 1952 1282 1979 uti
1299 1951 1429 1980 libentius
1446 1951 1551 1980 nostris
1569 1951 1704 1984 moribus.

918 2002 1028 2034 propter
1040 1998 1186 2033 quamdam
1199 2018 1206 2030 ,
1223 2002 1252 2025 ιιι
1270 1997 1307 2024 ita
1323 1998 1430 2033 loquar,
1448 1998 1592 2026 nobiscum
1602 1998 1704 2025 conde-

917 2044 1089 2072 scensionem
1103 2063 1110 2076 ,
1129 2045 1200 2072 sicut
1227 2048 1254 2071 et
1276 2043 1372 2071 faciem
1393 2047 1420 2071 et
1439 2043 1533 2072 oculos
1552 2048 1578 2071 et
1598 2044 1704 2078 reliqua

917 2090 1009 2117 omnia
1027 2089 1148 2117 membra
1167 2089 1272 2124 allingit
1291 2088 1453 2124 incorporeo
1472 2088 1587 2116 abusive
1605 2097 1612 2116 :
1641 2093 1704 2124 post

917 2135 1134 2163 incarnationem
1150 2142 1216 2162 vero
1237 2139 1264 2163 et
1290 2134 1486 2162 humanitatem
1509 2139 1680 2170 assumptam
1693 2155 1701 2167 ,

917 2181 940 2209 sl
957 2181 993 2208 ita
1008 2180 1111 2208 dictum
1126 2188 1187 2209 esse
1198 2179 1333 2214 dicamus,
1349 2181 1400 2208 l'uit
1414 2182 1508 2216 utique
1523 2182 1612 2216 imago
1627 2190 1703 2217 qua:-

92 2228 168 2264 ἑαυτῷ
181 2230 195 2256 ὁ
207 2229 253 2257 τοῦ
275 2229 344 2256 Θεοῦ
357 2229 442 2264 Λόγος
458 2228 501 2255 ῖνα
517 2228 577 2255 ὅλον
588 2227 663 2265 σώσῃ
690 2227 736 2255 τὸν
761 2227 864 2263 ἄνθρω-

918 2227 979 2255 dam
989 2247 997 2260 ,
1009 2230 1037 2254 et
1050 2225 1136 2259 visio,
1157 2230 1184 2254 et
1200 2224 1295 2254 umbra
1306 2247 1314 2257 .
1331 2234 1385 2254 non
1401 2231 1490 2255 autem
1508 2235 1589 2254 verus
1601 2227 1702 2260 homo,

93 2282 145 2302 πον.
159 2275 190 2301 ’0
200 2275 253 2311 γὰρ
270 2274 307 2310 μὴ
319 2274 525 2310 προσείληπται,
540 2273 600 2300 οὐδὲ
613 2273 756 2300 σέσωσται.
773 2272 865 2299 Εἰπὼν

94 2320 173 2354 μέντοι
197 2321 236 2353 τὸ,
265 2331 275 2347 ι
299 2319 460 2356 Έταράχθη,
477 2329 486 2346 ι
512 2320 543 2347 οὐ
572 2320 671 2356 σιωπᾷ,
689 2319 745 2347 ἀλλ’
764 2319 804 2351 εἰς
820 2319 865 2345 εὐ-

93 2365 193 2401 τολμίαν
206 2366 387 2402 μεταπλάττει
403 2365 432 2392 τὸ
444 2365 539 2398 πάθος,
554 2365 601 2392 καὶ
617 2364 758 2400 μονονουχι
771 2372 864 2400 φησιν’

93 2409 165 2436 οὐδέν
178 2411 232 2437 ἔστι
249 2411 281 2437 τὸ
295 2410 440 2438 ἀποθανεῖν
455 2414 463 2426 ⁸
482 2409 549 2437 ἀλλὰ
562 2410 606 2437 διὰ
625 2410 705 2437 τοῦτο
728 2410 865 2447 ἐπέτρεψα

93 2455 122 2490 τῇ
138 2456 213 2491 σαρκὶ
223 2457 253 2483 τὺ
270 2455 412 2486 διιλιάσαι.
434 2455 479 2482 ἵνα
496 2455 730 2491 μεταστοιχειὼσω
755 2456 796 2488 εις
818 2456 865 2483 εὐ-

93 2500 202 2536 τολμίαν.
213 2499 315 2528 Ἦλθον
326 2502 382 2532 τοῖς
396 2500 443 2527 ἐπὶ
457 2500 510 2536 γῆς
520 2499 570 2535 τὴν
584 2499 658 2536 ζωὴν
671 2500 863 2537 κατορθώσων,

95 2545 129 2572 διδ
141 2547 184 2574 καὶ
199 2547 266 2583 πρὸς
280 2547 310 2574 τδ
326 2546 423 2574 παθεῖν
440 2547 638 2583 ηὒτρέπισμαι.
662 2547 738 2574 Ain?
767 2547 796 2573 δὲ
818 2546 865 2573 τὸν

96 2591 201 2629 Πατέρα,
216 2594 263 2621 καὶ
285 2594 316 2621 τὸ
330 2593 380 2629 τῆς
393 2593 474 2629 εὐχῆς
493 2593 586 2629 σχῆμα
596 2593 732 2624 διατυποῖ,
752 2592 801 2629 οὐχ
826 2593 864 2624 ὼς

95 2637 248 2671 ὰόυνατῶν,ό
256 2639 343 2667 πάντα
353 2639 451 2675 ἰσχύων
458 2660 466 2672 ,
476 2639 533 2666 ἀλλ’
540 2639 577 2672 ὡς
584 2639 631 2667 ἄνθ
635 2647 726 2675 ρωπος
736 2639 769 2666 τὰ
778 2638 864 2674 μείζω

95 2684 182 2719 ἢκατὰ
196 2686 335 2722 ἄνθρωπον
343 2686 432 2722 νέμων
446 2688 478 2723 τῇ
491 2686 551 2722 θείᾳ
568 2686 658 2722 φύσει,
685 2687 736 2713 οὐκ
757 2686 809 2720 ἔξω
826 2685 864 2712 ὢν

96 2729 183 2765 ταύτης
196 2731 258 2758 ὅταν
273 2731 342 2767 καλῇ
358 2731 403 2758 τδν
414 2731 523 2767 Πατέρα
542 2731 588 2758 τὸν
599 2731 674 2762 ἴδιον,
693 2730 756 2758 ἀλλ’
784 2729 864 2763 εἰδὼς

96 2772 178 2802 ὄτιδιὰ
190 2776 292 2811 Πατρδς
309 2776 355 2803 καὶ¹
374 2776 439 2803 Υἱοῦ
458 2777 516 2811 ἣξει
532 2777 549 2812 ἡ
568 2776 598 2803 ἐν
613 2776 695 2803 παντὶ
720 2776 862 2811 πράγματι

96 2816 194 2854 δύναμις
207 2821 251 2848 καὶ
259 2821 322 2855 δόξα
337 2828 345 2837 ’
359 2821 414 2848 εἴτε
431 2830 440 2847 ι
459 2821 574 2855 Min/At
584 2830 631 2848 σου
646 2821 692 2848 τὸν
707 2821 770 2848 Υἱὸν
783 2831 792 2847 ν
807 2821 862 2856 ἔχει

97 2864 236 2902 “Prorrh,
253 2867 305 2895 εἴτε
331 2857 348 2894 ‹ι
361 2867 476 2901 Δόξασὸν
504 2876 550 2896 σου
576 2867 605 2894 τὸ
623 2867 717 2904 ὄνομα,
738 2878 746 2894 ›
768 2868 862 2895 ταυτὸν

916 2273 1066 2300 secundum
1085 2272 1199 2307 impium
1215 2271 1330 2300 Manem.
1349 2272 1440 2305 Quare
1460 2277 1543 2300 totam
1560 2273 1701 2300 hominum

915 2321 1041 2345 naturam
1056 2315 1145 2344 univit
1162 2316 1215 2345 sibi
1231 2314 1276 2345 Dei
1294 2314 1411 2344 Verbum
1433 2338 1440 2348 ,
1463 2323 1492 2344 nt
1508 2321 1595 2346 totum
1613 2318 1702 2345 homi-

915 2371 978 2390 nem
1003 2366 1136 2391 servaret.
1162 2361 1239 2395 Quod
1258 2363 1331 2390 enim
1350 2370 1404 2390 non
1428 2360 1507 2399 705
1529 2368 1571 2391 est
1591 2371 1701 2391 assum-

916 2414 990 2445 ptum
1005 2429 1013 2443 ,
1035 2417 1123 2444 neque
1146 2412 1188 2436 est
1215 2413 1363 2436 serratum.
1390 2404 1537 2445 Propterea
1565 2411 1610 2438 ubi
1631 2411 1701 2438 dixit

915 2455 968 2483 hoc
979 2475 986 2487 ,
1006 2464 1015 2481 ι
1032 2451 1151 2482 Turbata
1167 2455 1230 2488 est,
1245 2464 1254 2480 ι
1275 2462 1329 2481 non
1348 2453 1428 2487 silet.
1449 2455 1496 2483 sed
1512 2457 1699 2491 perturbatio-

915 2508 976 2528 nem
994 2499 1068 2527 illam
1084 2499 1111 2527 in
1126 2496 1317 2527 conﬁdentiam
1330 2503 1433 2533 mutat,
1451 2508 1483 2527 ac
1500 2501 1698 2536 propemodum

915 2546 973 2574 ait:
990 2544 1056 2574 Mori
1076 2543 1143 2574 nihil
1158 2549 1210 2578 est.
1226 2553 1321 2573 verum
1336 2542 1398 2573 ideo
1413 2546 1525 2581 permisi
1541 2546 1618 2573 carni
1633 2554 1699 2574 meae

914 2593 1013 2621 timore
1031 2593 1119 2624 allici,
1141 2593 1170 2619 ut
1185 2599 1243 2619 eam
1261 2592 1294 2619 ad
1312 2589 1500 2620 fortitudinem
1516 2592 1697 2620 traducerem.

915 2637 982 2666 Veni
1002 2641 1032 2665 ut
1051 2637 1213 2665 mortalibus
1233 2638 1315 2665 vitam
1334 2638 1516 2665 instaurarem
1528 2657 1535 2670 ,
1553 2640 1697 2672 propterea

914 2693 957 2713 me
976 2684 1010 2713 ad
1024 2684 1180 2721 patiendum
1200 2684 1366 2720 comparavi.
1381 2683 1469 2719 Rogat
1481 2688 1571 2711 autem
1587 2683 1696 2711 Patrem

914 2738 992 2758 suum
1007 2750 1014 2762 ,
1031 2734 1058 2758 et
1077 2730 1213 2758 orationis
1234 2729 1344 2758 modum
1366 2729 1534 2765 ﬁguramque
1557 2729 1675 2757 delineat
1688 2749 1697 2761 ,

914 2785 968 2804 non
990 2782 1119 2811 tanquam
1139 2777 1275 2812 impotens
1293 2776 1339 2812 qui
1360 2776 1450 2803 omnia
1470 2780 1579 2811 potest,
1600 2772 1646 2804 Sed
1666 2780 1697 2803 ut

914 2823 995 2851 homo
1013 2831 1072 2858 quae
1089 2823 1192 2857 majora
1209 2827 1274 2850 sunt
1294 2822 1403 2850 homine
1419 2822 1518 2849 divina:
1537 2826 1641 2849 naturze
1653 2825 1691 2848 at-

914 2868 1056 2901 lribucns,
1079 2876 1131 2896 non
1148 2872 1224 2895 extra
1245 2866 1315 2896 hanc
1332 2867 1440 2904 quidem
1457 2868 1611 2900 cxsistcus,
1633 2875 1695 2895 cunt
