1906 3037
216 135 247 162 91
689 139 718 167 S.
737 140 878 168 CYRILLI
892 138 1126 168 ALEXANDRINI
1146 143 1305 172 ARClllEP.

1801 153 1833 180 9!

214 197 290 227 rogat
310 191 419 221 Patrem
438 202 537 228 suum,
558 196 605 224 sed
625 198 720 233 utique
734 200 807 234 quod
827 200 943 228 inomni
963 207 979 226 ri

1043 201 1101 228 ἐστι
1115 203 1148 238 τῇ
1159 203 1212 230 τῶν
1223 203 1408 241 θεωρημάτων
1420 206 1555 243 ἀκριϐείᾳ.
1573 209 1667 244 Ὅμως
1685 210 1700 235 ό
1716 197 1830 245 Χριστὸς

212 245 259 273 per
272 237 379 266 Patrem
397 243 424 266 et
436 239 533 270 Filium
554 243 687 277 procedat
709 246 799 273 onmis
822 249 946 281 potestas
967 250 995 274 et

211 284 298 310 honor
311 305 319 318 ,
333 285 416 319 probe
430 286 522 314 sciens
536 296 543 314 :
560 288 618 316 sive
635 299 644 314 ι
664 289 788 318 Clarilica
800 290 901 321 Filium
918 301 926 318 ι
946 292 994 319 ha-

210 326 255 353 bet
270 326 423 364 Scriptura,
437 331 495 359 sive
517 341 526 358 ι
542 332 667 362 Clarilica
682 342 780 363 nomen
794 340 869 364 tuum
883 357 890 368 ,
909 346 918 363 ι
941 337 993 367 hoc

209 373 384 402 exactissime
397 377 548 411 speculanti
561 379 630 407 idem
646 385 697 409 est.
709 381 854 410 Enimvero
865 382 992 411 Christus

209 422 301 452 spreta
315 425 403 449 morte
413 427 439 450 et
449 424 585 458 passionis
598 426 759 461 ignominia,
773 429 832 456 sola
851 436 914 456 vero
929 429 992 458 inde

208 470 348 492 einersnra
370 468 513 496 commoda
528 470 649 501 intuens,
660 471 829 507 jamjamque
844 472 990 510 aufugien-

208 510 260 532 tem
284 515 300 535 e
322 509 412 538 medio
436 517 522 540 morte
542 521 599 541 suae
615 515 711 542 carnis
730 517 852 544 omnium
874 521 989 546 mortem

207 552 361 588 aspiciens,
379 561 461 592 atque
481 559 644 590 abolendam
663 561 786 589 funditus
803 563 989 598 corruptionis

207 599 370 632 potentiam,
383 602 559 639 hominisque
575 610 701 633 naturam
721 607 850 644 deinceps
866 610 989 638 novitate

206 643 268 670 vitm
280 645 494 682 reformandam,
510 653 615 677 tantum
631 659 684 679 non
700 653 733 679 ad
747 652 830 680 Deum
843 659 869 682 et
880 654 988 682 Patrem

206 688 263 716 haec
279 691 358 717 verba
377 691 442 719 facit
459 704 466 721 :
493 695 549 724 Etsi
572 698 678 731 pigrum
700 698 733 725 ad
750 700 908 733 patiendum
924 709 987 728 cor-

206 741 275 767 pus.
302 744 318 762 o
334 736 414 765 Pater
426 759 433 771 ,
459 745 485 767 et
503 741 663 769 reformidat
683 750 798 772 mortem
814 754 873 781 quae
889 751 988 782 praeter

205 784 333 809 naturam
345 788 396 816 est,
415 793 469 812 nou
481 791 571 814 tamen
588 795 800 818 consentaneum
815 792 922 821 videtur
932 801 985 826 me,

206 829 281 853 tuum
294 835 459 858 assessorem
468 836 494 859 et
511 832 538 860 in
553 841 649 863 omnes
666 836 809 871 imperium
827 839 984 875 habentem,

206 871 336 900 insolenti
357 873 512 903 Judzeorum
539 879 661 907 audacia:
678 881 788 909 dedere.
807 882 906 911 Verum
921 885 985 920 quia
1001 878 1024 906 Β

204 923 236 943 eo
253 917 358 952 deveni,
376 929 385 946 ι
402 920 527 950 Claritira
539 922 649 958 Filium,
667 936 675 952 ι
694 926 720 953 id
734 931 777 955 est
790 947 797 960 ,
814 937 849 956 ne
865 930 898 957 ad
917 938 987 959 mor-

203 965 256 989 tem
274 968 383 992 euntem
401 967 559 1002 impedieris
577 980 584 998 :
600 979 690 1000 annue
704 977 757 1001 tua)
772 974 905 1009 genitura:
919 985 985 1013 pro-

203 1012 264 1042 pter
278 1017 422 1040 commune
436 1015 557 1042 omnium
571 1017 681 1045 bonum.
698 1018 776 1052 Quod
791 1029 856 1049 vero
870 1029 985 1059 evange-

203 1051 266 1080 lista
274 1054 388 1088 gloriam
402 1058 467 1085 alibi
484 1067 592 1088 crucem
608 1051 764 1097 appellavit,
775 1073 808 1092 ex
821 1067 880 1100 ejus
894 1051 984 1099 verbis

200 1098 296 1127 dicens
309 1110 316 1128 :
337 1111 346 1127 ι
360 1101 484 1131 Nondum
497 1106 569 1133 enim
581 1112 639 1135 erat
652 1106 773 1142 Spiritus
786 1116 907 1146 sanctus,
918 1115 983 1148 quia

201 1145 323 1172 nondum
335 1145 414 1175 Jesus
426 1149 592 1179 clariﬁcatus
609 1157 668 1179 erat
680 1153 714 1179 ".
731 1163 739 1180 ι
764 1153 793 1181 lu
809 1156 909 1190 quibus
924 1145 983 1184 ina-

200 1190 300 1218 nifeste
321 1194 482 1221 cruciﬁxum
510 1204 571 1224 esse
600 1198 779 1227 clariﬁcatum
799 1201 876 1229 dicit.
889 1202 982 1230 Gloria

199 1242 264 1262 vero
278 1244 357 1264 crux.
371 1237 427 1265 Etsi
437 1239 508 1266 enim
523 1244 644 1276 tempore
656 1245 793 1278 passionis
809 1246 907 1274 multas
920 1255 982 1276 con-

199 1282 325 1310 tumelias
341 1285 450 1318 pcrtulit
466 1294 574 1314 summa
590 1288 736 1317 tolerantia
749 1295 775 1318 et
789 1297 894 1326 sponte,
910 1298 981 1321 tam-

198 1327 248 1354 etsi
263 1329 337 1362 quia,
356 1337 418 1357 cum
435 1336 527 1366 posset
548 1340 603 1360 non
621 1335 687 1369 pati,
706 1341 817 1371 propter
832 1346 882 1367 nos
905 1340 977 1367 ultro

197 1374 266 1400 mori
282 1375 423 1408 sustinuit,
436 1382 546 1412 propter
559 1379 675 1407 aliorum
689 1383 863 1410 commodum
877 1384 902 1412 id
915 1385 980 1413 sub-

197 1417 254 1450 ire,
279 1428 391 1449 summa:
406 1423 490 1450 animi
507 1426 673 1459 przestantize
694 1433 720 1455 et
736 1436 871 1463 supremae
885 1431 980 1466 gloria:

196 1465 371 1494 tribuendum
387 1473 438 1496 est.
454 1469 514 1497 Alio
529 1471 611 1499 etiam
626 1473 705 1500 modo
720 1474 836 1509 gloriam
850 1465 980 1505 consecu-

197 1515 241 1538 tus
258 1516 299 1539 est
312 1512 416 1541 Filius:
430 1515 503 1549 quod
519 1517 592 1544 enim
607 1522 722 1546 mortem
739 1522 897 1556 superavit,
916 1531 976 1550 eum

195 1556 278 1582 vitam
296 1564 357 1585 esse
376 1564 401 1585 ct
418 1558 516 1588 Filium
536 1561 583 1589 Dei
600 1563 717 1591 viventis
734 1566 924 1599 cognovimus.
945 1568 978 1597 Et

195 1601 364 1636 gloriﬁcatur
381 1604 461 1633 Pater
481 1614 543 1633 cum
568 1608 648 1636 talem
672 1609 771 1638 habere
786 1610 883 1639 Filium
899 1621 933 1641 ex
947 1622 977 1642 se

196 1647 313 1680 genitum
323 1669 330 1680 ,
343 1649 431 1684 qualis
443 1651 486 1678 hic
499 1656 550 1685 est,
564 1654 743 1688 conspicitur.
761 1656 794 1683 At
811 1665 875 1685 vero
888 1658 977 1687 bonus

195 1692 275 1728 706
283 1699 333 1727 est;
347 1700 373 1723 et
386 1696 486 1729 lumen,
496 1702 522 1724 et
535 1699 587 1725 vita
597 1703 623 1726 et
636 1705 720 1728 morte
727 1703 970 1736 potentior.omnia

194 1747 364 1775 quaecunque
379 1742 442 1768 velit
457 1742 569 1771 faciens.
585 1744 651 1773 Cum
669 1755 732 1773 vero
746 1748 832 1775 dicit:
851 1749 975 1779 Clariiica

194 1782 292 1812 Filium
304 1791 390 1820 tuum,
408 1797 416 1812 ι
435 1787 486 1815 hoc
499 1790 555 1816 ait:
571 1789 696 1819 Concede
714 1793 777 1820 mihi
794 1795 849 1828 pati
862 1796 974 1825 volenti.

193 1828 252 1856 Non
275 1832 347 1858 enim
369 1833 428 1860 sine
446 1834 585 1863 voluntate
600 1840 626 1863 et
646 1838 764 1865 consilio
781 1838 861 1867 Pater
876 1840 975 1870 Filium

194 1876 267 1903 dedit
282 1877 314 1904 ad
330 1885 459 1918 mortem,
479 1881 524 1908 sed
542 1887 638 1916 sponte
653 1891 701 1917 pro
717 1885 773 1911 vita
787 1887 880 1914 mundi
896 1895 903 1913 2
924 1888 976 1924 igi-

195 1925 238 1948 lur
261 1925 416 1953 consentire
436 1932 462 1954 et
484 1936 605 1956 annuere
624 1929 747 1963 Patrem,
769 1933 842 1960 velut
861 1934 974 1963 donatio

193 1967 328 1996 bonorum
351 1972 431 2000 nobis
455 1975 588 2009 appellata
611 1981 665 2003 est.
690 1976 756 2004 Nam
781 1986 830 2013 pro
853 1981 976 2014 passione

193 2012 261 2041 dixit
278 2016 401 2052 gloriam,
416 2019 479 2054 quia
494 2025 520 2047 et
537 2021 587 2048 hoc
601 2021 764 2050 imitandum
782 2012 860 2053 nobis
874 2034 975 2063 propo-

192 2059 251 2092 nit;
276 2062 378 2097 quippe
401 2066 506 2099 precari
527 2071 635 2102 oportet
655 2072 684 2094 ut
703 2076 757 2096 non
776 2059 934 2100 incidamus
947 2074 974 2101 in

191 2106 385 2141 tcntationem,
403 2110 448 2138 ubi
464 2119 527 2139 vero
544 2112 721 2141 incidet-imus
732 2134 739 2146 ,
753 2123 886 2150 generose
903 2119 975 2148 ferre

190 2158 241 2178 nec
257 2154 378 2187 resilire,
398 2160 423 2183 et
446 2164 525 2184 orare
544 2163 573 2184 ut
593 2158 620 2185 in
645 2158 728 2186 Deum
749 2169 902 2192 servemnr.
922 2165 974 2196 Sed

192 2205 201 2221 ι
221 2196 345 2227 Clariﬁca
367 2209 465 2230 nomen
489 2208 574 2231 tuum.
591 2214 599 2230 ι
630 2205 658 2233 Si
679 2208 752 2235 enirn
778 2216 826 2243 per
848 2213 970 2246 pericula

189 2243 416 2276 posthabeantur.

236 2289 399 2324 Enimvero,
429 2294 658 2328 quemadmodum
686 2306 741 2327 non
770 2301 850 2329 aliter
878 2312 971 2341 mors,
991 2313 1012 2340 n

189 2335 241 2363 nisi
267 2336 413 2365 Scrvatorc
438 2345 557 2374 mortuo,
580 2341 721 2372 destructa
745 2345 853 2381 fuisset,
876 2351 917 2378 sic
937 2335 971 2381 de

188 2388 353 2417 unaquaque
367 2384 458 2411 carnis
469 2384 612 2413 alTectione
622 2391 790 2419 censendum
803 2398 853 2420 est.
866 2395 970 2434 Quippe

187 2426 240 2454 nisi
253 2429 399 2459 timuisset,
411 2430 540 2459 immunis
556 2432 667 2461 timendi
685 2441 783 2464 natura
796 2439 868 2468 haud
883 2426 967 2470 exsti-

187 2473 264 2500 tisset
289 2483 296 2501 :

186 2518 297 2545 tristitia
323 2525 350 2547 et
375 2521 467 2548 dolore
493 2525 714 2555 caruissctznisi
740 2531 917 2563 perturbatus
942 2538 970 2562 et

187 2564 330 2599 perculsus
361 2565 474 2600 fuisset,
500 2577 634 2605 nusquam
671 2573 768 2601 horum
802 2579 968 2606 vacuitatem

186 2616 264 2638 nacta
287 2611 365 2638 foret.
383 2611 416 2638 Et
434 2613 460 2640 in
486 2622 650 2652 unoquoque
673 2627 769 2647 eorum
794 2629 854 2656 qua:
871 2623 970 2652 buma-

186 2656 261 2683 nitus
271 2656 348 2689 fiunt,
357 2659 564 2688 convenientem
581 2663 714 2692 rationem
727 2665 754 2692 in
766 2665 878 2696 Christo
891 2677 971 2704 repe-

188 2702 251 2733 ries,
269 2707 475 2740 commotasque
488 2707 579 2735 carnis
595 2710 752 2744 passiones,
771 2720 826 2740 non
839 2717 867 2741 ut
885 2715 970 2743 victo-

187 2748 255 2774 riam
273 2749 438 2783 obtinerent.
450 2752 523 2779 velut
534 2753 561 2780 in
574 2754 665 2786 nobis,
680 2756 726 2783 sed
741 2761 769 2783 ut
782 2763 926 2787 commota:
943 2761 969 2788 vi

188 2792 268 2821 Verbi
282 2794 308 2822 in
327 2804 410 2824 carne
423 2798 571 2828 habitantis
588 2801 752 2830 sedarentur
768 2809 794 2830 et
811 2805 971 2840 comprime-

187 2845 289 2871 rcntur,
303 2843 498 2871 transformata
514 2844 541 2872 in
555 2845 696 2874 meliorem
713 2851 814 2876 statum
836 2855 946 2879 natura.

222 2887 243 2901 ⁵³
255 2886 334 2914 Jun".
351 2897 387 2912 γυ
421 2889 455 2911 3")

323 2474 375 2501 nisi
402 2476 584 2504 contristatus
612 2485 695 2514 esset,
718 2490 854 2519 nusquam
874 2488 968 2516 eadem
999 2489 1002 2491 “

1046 250 1254 285 καταφρονήσας
1270 251 1316 277 τοῦ
1334 251 1447 279 θανάτου
1471 254 1517 280 καὶ
1530 254 1578 289 τῆς
1601 256 1633 282 ὲκ
1659 255 1708 282 τοῦ
1737 255 1830 282 παθεῖν

1046 293 1186 330 αἰσχύνης.
1205 296 1272 330 μόνα
1286 297 1313 324 δὲ
1328 296 1361 324 τὰ
1382 299 1415 326 ἐκ
1429 299 1475 325 τοῦ
1498 299 1592 326 παθεῖν
1610 301 1720 327 σκοπῶν
1733 310 1829 336 κατορ-

1047 338 1169 374 θώματα,
1201 343 1247 368 καὶ
1265 343 1327 370 ὅσον
1344 343 1452 371 οὐδέπω
1463 346 1496 372 ἐκ
1516 346 1598 381 μέσου
1620 346 1765 381 βαδίζοντα
1787 348 1828 375 διὰ

1045 386 1090 412 τοῦ
1104 386 1220 414 θανάτου
1237 389 1285 423 τῆς
1301 389 1369 421 ἰδίας
1386 390 1486 426 σαρκὸς
1499 391 1545 418 τὸν
1558 392 1686 419 ἁπάντων
1715 393 1827 421 θάνατον

1045 431 1163 466 βλέπων,
1185 434 1428 471 ἀναιρεθησὸμενόν
1442 445 1471 463 τε
1492 438 1629 470 παντελῶς
1642 438 1672 465 τὸ
1688 439 1738 474 τῆς
1764 439 1826 473 φθο-

1044 477 1094 511 ρᾶς
1113 478 1211 513 κράτος
1222 480 1268 507 καὶ
1279 480 1328 516 τὴν
1347 481 1490 517 ἀνθρώπου
1511 483 1590 518 φύσιν
1615 484 1826 519 άναμορφουμέ-

1043 530 1092 557 νην
1119 523 1169 559 ἥδη
1190 525 1283 553 λοιπόν
1308 527 1376 562 πρὸς
1400 529 1547 564 καινότητα
1574 529 1657 565 ζωῆς,
1683 530 1755 566 πρὸς
1783 530 1823 556 τὺι

1043 567 1108 596 Θεὸν
1125 571 1171 598 καὶ
1184 571 1293 607 Πατέρα
1308 573 1374 608 φησὶ
1389 575 1530 610 μονονουχι
1544 582 1551 589 ⁵
1562 575 1594 602 Et
1610 576 1657 603 καὶ
1668 576 1787 611 ὀκνηρὸν
1798 577 1824 603 τὸ

1043 614 1122 649 σῶμα
1147 616 1214 652 πρὸς
1243 617 1273 644 τὸ
1300 618 1406 651 παθεῖν,
1425 617 1448 647 ὧ
1472 621 1575 657 Πάτερ,
1595 621 1662 648 δέδιε
1674 621 1705 649 δὲ
1722 622 1770 649 καὶ
1782 622 1823 649 τὸν

1041 661 1117 696 παρά
1129 661 1209 695 φύσιν
1223 663 1345 696 θάνατον,
1362 665 1431 693 ἀλλὰ
1450 667 1497 694 καὶ
1521 667 1569 702 οὐχ
1595 664 1650 694 οἶόν
1674 676 1734 699 πως
1756 665 1823 695 εἶναι

1014 726 1017 729 .
1040 706 1182 739 δοκεῖτοῖς
1196 708 1250 735 τῶν
1270 709 1404 738 Ἰουδαίων
1423 711 1649 747 ὲμπαροινείσθαί
1664 721 1698 748 με
1728 712 1825 747 τολμή-

1041 761 1108 787 μασι
1120 753 1164 780 τδν
1180 754 1225 781 σὺν
1240 755 1366 791 σύνεδρον
1388 757 1435 784 καὶ
1453 757 1484 784 τὸ
1504 758 1575 785 κατὰ
1597 759 1705 787 πάντων
1728 758 1822 793 ἔχοντα

1040 799 1149 833 κράτος.
1165 800 1237 836 Πλὴν
1247 802 1361 838 ἐπείπερ
1373 803 1491 838 ἀφῖγμαι
1504 804 1573 840 πρὸς
1595 804 1685 836 τοῦτο.
1713 813 1722 830 ι
1740 804 1822 838 Δόξα-

1040 844 1086 872 σόν
1105 853 1151 872 σου
1165 846 1210 873 τὸν
1223 847 1298 879 Υίὸν,
1317 857 1326 874 ι
1342 848 1420 875 τοῦτ’
1442 849 1499 876 ἔστι
1514 849 1552 885 μὴ
1565 849 1734 886 διακωλύσῃς
1751 850 1822 877 ἰόντα

1036 891 1104 926 πρὸς
1119 892 1233 920 θάνατον
1247 903 1254 909 ·
1267 894 1483 928 συγκατάνευσον
1498 895 1537 932 τῷ
1551 895 1590 931 σῷ
1612 897 1762 932 γεννήματι
1780 897 1822 924 διὰ

1035 937 1065 964 τὸ
1075 939 1141 965 πᾶσι
1160 938 1306 972 λυσιτελές.
1325 941 1386 968 Ὀτι
1397 942 1425 969 δὲ
1442 942 1521 975 δόξαν
1535 942 1548 968 ό
1567 942 1764 977 εὐαγγελιστὴς
1777 943 1821 969 καὶ

1035 983 1148 1019 ἑτέρωθι
1171 993 1221 1012 που
1238 986 1283 1013 τὸν
1299 987 1414 1022 σταυρὸν
1430 988 1570 1022 ἀπεκάλει,
1595 988 1705 1024 μαθήσῃ
1727 988 1820 1023 λέγον-

1034 1037 1079 1061 τος
1093 1030 1175 1057 αὑτοῦ
1193 1037 1200 1046 ³
1220 1040 1230 1056 ι
1245 1031 1327 1059 υῦπω
1337 1033 1390 1068 γὰρ
1404 1031 1437 1069 ἦν
1457 1034 1570 1069 Πνεῦμα
1585 1034 1671 1069 ἅγιον,
1699 1035 1742 1061 ὅτι
1768 1035 1820 1069 Ἰη-

1034 1076 1098 1110 σοῦς
1125 1077 1202 1105 οὔπω
1229 1080 1371 1116 ἐδοξάσθη.
1391 1090 1401 1106 ι
1419 1081 1516 1116 Σαφῶς
1537 1082 1592 1117 γὰρ
1607 1082 1637 1108 ὲν
1662 1081 1770 1113 τούτοις
1788 1080 1818 1108 ab

1034 1123 1231 1159 ἐσταυρῶσθαι,
1251 1126 1281 1152 τὸ
1292 1127 1422 1162 ἐδοξάσθη
1446 1127 1522 1163 φησι.
1535 1127 1605 1161 Δόξα
1620 1127 1648 1154 δὲ
1658 1129 1672 1155 ὸ
1691 1127 1817 1163 σταυρός.

1032 1169 1064 1196 Εἰ
1075 1169 1128 1205 γὰρ
1143 1170 1243 1207 καίπερ
1256 1173 1326 1199 κατὰ
1343 1172 1387 1200 τὸν
1401 1173 1450 1200 τοῦ
1477 1173 1581 1208 πάθους
1611 1173 1706 1208 καιρὸν
1735 1171 1819 1199 πολλὰ

1032 1215 1183 1251 ἑφύόριστα
1197 1217 1342 1252 ὑπέμεινεν
1353 1219 1519 1252 άνεξικακών
1533 1218 1614 1251 ικὼν,
1633 1219 1698 1247 ἀλλ’
1726 1219 1757 1252 ἐξ
1782 1215 1819 1246 ὧν

1031 1260 1178 1295 δυνάμενος
1193 1261 1230 1298 μὴ
1246 1262 1352 1295 παθεῖν,
1368 1263 1472 1299 ὑπέστη
1499 1264 1538 1292 δι’
1562 1265 1634 1300 ἡμᾶς
1657 1264 1819 1297 ἐθελουσίως

1030 1305 1061 1332 τὸ
1073 1307 1168 1340 πάθος,
1183 1307 1234 1342 τῆς
1248 1308 1389 1344 ὑπεράγαν
1401 1310 1474 1336 ἐστὶν
1484 1310 1685 1345 εὐσπλαγχνίας
1700 1311 1747 1337 καὶ
1769 1311 1819 1345 τῆς

1031 1352 1161 1379 ἀνωτάτω
1179 1353 1268 1388 δόξης,
1284 1354 1314 1380 τὸ
1340 1354 1374 1381 δι’
1393 1355 1481 1382 ἄλλων
1502 1355 1638 1390 ὠφέλειαν
1668 1356 1818 1390 ὑποστῆναι

1029 1397 1118 1425 τοῦτο.
1132 1399 1229 1434 Γέγονε
1242 1399 1272 1426 δὲ
1286 1400 1332 1427 καὶ
1346 1401 1432 1437 ἑτέρῳ
1444 1402 1537 1438 τρόπῳ
1549 1403 1577 1429 ὲν
1590 1401 1697 1437 εὐδοξία
1709 1403 1723 1429 ό
1735 1402 1816 1433 rw;-

1028 1442 1062 1470 δι’
1076 1441 1114 1471 ὦν
1131 1445 1184 1479 γὰρ
1197 1446 1386 1482 κατεκράτησε
1406 1448 1452 1474 τοῦ
1469 1448 1595 1480 θανάτου,
1627 1449 1752 1484 ἔγνωμεν
1772 1448 1818 1476 αὺ-

1028 1489 1073 1515 τὸν
1088 1489 1151 1516 ὄντα
1163 1489 1234 1526 ζωὴν
1249 1492 1295 1519 καὶ
1313 1492 1375 1519 Υιὸν
1388 1493 1456 1520 Θεοῦ
1466 1494 1514 1520 τοῦ
1541 1494 1651 1526 ζῶντος.
1671 1494 1817 1527 Δοξάζεται

1028 1534 1057 1561 δὲ
1071 1535 1086 1561 ὁ
1099 1535 1203 1571 Πατὴρ.
1222 1537 1286 1564 ὃταν
1308 1538 1437 1573 φαίνηται
1459 1539 1579 1567 τοιοῦτον
1603 1540 1671 1575 ἔχων
1698 1540 1764 1567 Υίὸν
1787 1540 1818 1572 bi

1028 1581 1124 1608 ἑαυτοῦ
1139 1583 1311 1619 γεννηθέντα,
1333 1585 1423 1617 ὁποῖός
1442 1586 1502 1612 ἔστι
1516 1586 1562 1613 καὶ
1579 1586 1670 1618 αὐτός.
1692 1586 1770 1613 Ἐστι
1788 1587 1816 1613 δ’

1027 1626 1138 1661 ἀγαθὸς,
1153 1629 1221 1663 φῶς,
1239 1629 1305 1665 ζωὴ,
1325 1632 1372 1658 καὶ
1394 1631 1511 1659 θανάτου
1533 1632 1674 1668 κρείττων,
1695 1633 1743 1659 καὶ
1766 1633 1816 1659 ὅσα

1027 1671 1108 1704 θέλει,
1124 1674 1218 1702 ποιῶν.
1242 1675 1325 1703 Ὅταν
1345 1677 1374 1704 δὲ
1403 1678 1488 1714 λέγει’
1529 1688 1539 1705 ι
1563 1679 1680 1713 Δόξασόν
1702 1688 1751 1706 σου
1769 1679 1816 1705 τὸν

1027 1717 1100 1751 Υίὸν,
1119 1729 1128 1745 ι
1145 1720 1224 1747 τοῦτό
1237 1730 1303 1757 φησι
1318 1731 1324 1739 ·
1335 1723 1554 1757 Συγκατάνευσόν
1574 1734 1618 1761 μοι
1641 1725 1739 1752 παθεῖν
1760 1725 1815 1752 ἑθέ-

1026 1763 1108 1791 λοντι.
1123 1766 1160 1792 Οὐ
1175 1766 1230 1802 γὰρ
1242 1767 1398 1804 ἀϐουλήτως
1412 1769 1458 1797 τὸν
1480 1770 1544 1798 Υίδν
1569 1772 1584 1799 6
1604 1771 1698 1807 Πατὴρ
1713 1771 1814 1798 ἔδωκεν

1026 1811 1066 1842 εἰς
1083 1811 1205 1843 θάνατον.
1222 1813 1279 1841 ἀλλ’
1292 1814 1363 1841 ἑκὼν
1377 1815 1448 1852 ὑπὲρ
1461 1817 1511 1852 τῆς
1525 1816 1573 1844 τοῦ
1600 1818 1704 1853 κόσμου
1729 1817 1812 1853 ζωῆς.

1026 1854 1063 1883 Τὸ
1077 1853 1123 1883 οὖν
1131 1857 1294 1893 συνθελῆσαι
1311 1860 1356 1886 τὸν
1370 1861 1490 1896 Πατέρα,
1504 1861 1541 1893 ὡς
1562 1862 1635 1894 δόσις
1656 1863 1814 1898 ὠνόμασται

1025 1900 1090 1935 ἡμῖν
1107 1901 1225 1935 ἀγαθῶν.
1241 1904 1313 1930 Ἀντὶ
1324 1904 1378 1940 γὰρ
1392 1905 1438 1932 τοῦ
1450 1906 1558 1934 παθεῖν
1572 1907 1622 1943 τὴν
1631 1907 1728 1940 δόξαν
1739 1905 1811 1940 εἷπε,

1025 1945 1098 1980 λέγει
1110 1947 1138 1974 δὲ
1152 1948 1229 1975 τοῦτο
1243 1950 1289 1976 χαὶ
1308 1951 1376 1985 πρὸς
1397 1951 1578 1988 ὑπογραμμὸν
1603 1953 1692 1988 ἡμῶν,
1710 1953 1751 1981 ὅτι
1773 1954 1812 1980 δεῖ

1027 1991 1076 2026 μὲν
1090 1992 1214 2028 εὔχεσθαι
1230 1995 1267 2030 μὴ
1283 1995 1414 2030 ἐμπεσεῖν
1429 1998 1469 2028 είς
1490 1998 1653 2034 πειρασμὸν,
1674 2000 1811 2034 ἐμπεσόν-

1025 2046 1071 2069 τας
1079 2038 1108 2065 δὲ
1122 2040 1252 2073 γενναίως
1263 2041 1365 2077 φέρειν,
1374 2042 1421 2070 καὶ
1432 2043 1470 2078 μὴ
1484 2045 1636 2080 ἀποπηδᾷν,
1650 2044 1776 2080 εὔχεσθαί
1783 2054 1811 2072 τε

1025 2084 1065 2115 εἰς
1077 2084 1142 2110 Θεὸν
1157 2085 1286 2121 σωθῆναι.
1306 2087 1384 2114 Ἀλλὰ
1407 2098 1416 2114 ι
1439 2089 1555 2122 Δόξασόν
1570 2099 1616 2117 σου
1637 2091 1667 2117 τὸ
1684 2091 1781 2126 ὄνομα.
1799 2101 1809 2118 ν

1025 2129 1057 2157 Et
1072 2129 1175 2165 γὰρδιὰ
1186 2131 1239 2159 τῶν
1249 2133 1376 2160 κινδύνων
1389 2134 1468 2170 ήμῶν
1486 2136 1630 2171 συμϐαίνει
1647 2137 1812 2171 δοξασθῆναι

1025 2176 1070 2202 τὸν
1087 2176 1164 2209 Θεὸν,
1178 2177 1266 2205 πάντα
1278 2178 1374 2206 τούτου
1385 2180 1507 2216 τετάχθω
1518 2182 1640 2217 δεύτερα.

989 2227 1084 2251 nostra
1099 2226 1237 2261 contingit
1252 2226 1337 2254 Deum
1352 2227 1498 2262 gloriﬁcari
1510 2249 1519 2261 ,
1539 2231 1632 2256 omnia
1669 2229 1734 2262 huic
1772 2230 1811 2258 rei

1061 2314 1165 2350 ’Ὠσπερ
1178 2316 1270 2351 μέντοι
1290 2317 1339 2344 οὐκ
1355 2318 1442 2351 ἄλλως
1463 2319 1478 2346 δ
1497 2318 1611 2352 θάνατος
1634 2322 1809 2358 κατηργήθην

1025 2359 1062 2395 μὴ
1079 2360 1259 2393 ἀποθανόντος
1267 2362 1313 2390 τοῦ
1330 2363 1456 2400 Σωτῆρος
1471 2373 1479 2380 ·
1492 2365 1563 2392 οὕτω
1577 2366 1623 2393 καὶ
1635 2367 1678 2401 ἐφ’
1693 2368 1810 2395 ἑκάστου

1023 2405 1076 2432 τῶν
1099 2406 1148 2441 τῆς
1171 2408 1272 2442 σαρκὸς
1291 2409 1393 2437 παθῶν.
1409 2411 1440 2437 Et
1467 2412 1504 2446 μὴ
1520 2412 1574 2447 γὰρ
1587 2413 1746 2446 tantum,
1761 2415 1810 2442 οὐκ

1023 2450 1056 2478 ἂν
1073 2452 1102 2477 ὲν
1115 2452 1255 2489 ἐλευθερίᾳ
1265 2454 1312 2481 τοῦ
1324 2455 1423 2492 δειλιᾷν
1436 2457 1452 2492 ἡ
1470 2457 1549 2492 φύσις
1561 2459 1672 2492 γέγονεν
1684 2467 1692 2474 ⁸
1719 2462 1744 2487 εί
1772 2461 1810 2496 μὴ

1022 2495 1154 2532 ἐλυπήθη,
1167 2499 1216 2525 οὐκ
1230 2499 1263 2526 ἂν
1276 2501 1419 2538 ἀπηλλάγη
1432 2502 1480 2529 τοῦ
1490 2503 1751 2533 λυπεῖσθαίποτε·,εί

1021 2541 1157 2579 ἐταράχθη
1168 2545 1214 2571 καὶ
1224 2545 1353 2583 ἐπτοήθη,
1365 2548 1415 2575 οὐκ
1425 2549 1458 2576 ἂν
1478 2549 1530 2582 ἔξω
1543 2552 1608 2579 ποτὶ
1621 2552 1723 2580 τούτων
1746 2541 1809 2588 sit;

1021 2596 1092 2615 νετο.
1111 2589 1165 2616 Καὶ
1182 2590 1224 2625 ἐφ’
1243 2592 1350 2629 ἑκάστῳ
1373 2594 1427 2621 τῶν
1449 2595 1625 2631 ἀνθρωπίνως
1646 2600 1807 2632 γεγονότων,

1022 2633 1068 2660 τὸν
1081 2634 1162 2661 αὐτὸν
1181 2636 1369 2672 ἐφαρμόζοντα
1392 2639 1470 2674 λόγον
1487 2641 1613 2677 εὑρήσεις
1627 2643 1656 2669 ἐν
1676 2643 1806 2678 Χριστῷ’

1023 2678 1058 2705 τὰ
1068 2679 1117 2715 τῆς
1127 2680 1227 2715 σαρκὸς
1247 2682 1321 2718 πάθη
1345 2684 1520 2719 κεκινημένα,
1547 2687 1596 2721 οὐχ
1618 2687 1660 2714 ῖνα
1683 2689 1807 2724 κρατήσῃ

1024 2723 1118 2761 ὥσπερ
1134 2726 1181 2753 καὶ
1190 2727 1219 2753 ὲν
1230 2727 1306 2762 ἡμῖν,
1317 2728 1374 2755 ἀλλ’
1389 2729 1433 2756 ἵνα
1444 2731 1586 2766 κινηθέντα
1600 2734 1759 2769 καταργηθῇ
1775 2735 1805 2768 τῇ

1024 2770 1137 2806 δυνάμει
1151 2771 1198 2798 τοῦ
1210 2772 1400 2808 ἑνοικήσαντος
1416 2777 1449 2811 τῇ
1467 2777 1549 2813 σαρκὶ
1564 2779 1660 2814 Λόγου,
1686 2780 1754 2815 πρὺς
1777 2780 1806 2806 τὸ

1024 2817 1132 2851 ἄμεινον
1145 2819 1375 2856 μεταποιουμὲνης
1391 2822 1438 2858 τῆς
1452 2822 1568 2857 φύσεως.
