1906 3037
94 159 130 188 95
487 159 523 188 IN
540 158 710 188 JOANNEH.
728 174 764 181 —
784 158 847 185 LIB.
868 157 879 184 l

935 157 977 185 ET
999 158 1054 186 Vlll
1071 157 1292 186 FRAGMENTA.
1677 163 1712 192 94

126 220 167 247 οὐ
199 219 237 246 δι’
260 219 313 255 ἐμὲ
337 221 356 255 ἡ
378 220 462 255 φωνὴ
478 211 569 255 αὕτη
583 221 717 255 γέγονεν,
732 219 811 247 ἀλλὰ
833 218 876 245 δι’

965 218 1023 251 XII,
1038 219 1083 246 50.
1097 219 1157 246 Non
1170 223 1276 253 propter
1287 226 1328 246 me
1337 218 1392 246 Ita'c
1402 227 1450 246 vos
1463 221 1540 252 venit,
1550 221 1595 248 sed
1607 228 1714 257 propter

91 265 179 302 ὑμᾶς.

132 311 344 346 Ἀντεφθέγγετο
358 313 487 349 όΠατὴρ,
503 313 566 340 καθ’
585 312 614 339 δν
634 310 687 339 οἶδε
705 312 814 348 τρόπον,
842 310 881 346 τῷ

91 357 150 391 ιδίῳ
170 358 234 393 rid),
249 360 289 390 εἰς
303 359 456 394 φιλοτιμίαν
474 358 528 385 τῶν
543 359 724 395 ἀκροωμένων
741 359 790 394 τὴν
814 359 879 385 ἑαυ-

88 403 136 430 ’ωὖ
149 403 278 439 βούλησιν
300 405 434 440 φανερῶν,
455 405 498 431 ἵνα
524 404 704 431 πιστεύσωσιν
731 404 882 439 ἀναμφιϐό-

89 448 155 479 λως,
169 449 211 475 ὅτι
224 449 287 480 Υἱός
301 450 358 475 ἐστι
374 448 443 476 κατὰ
454 448 535 484 φύσιν
550 448 598 475 τοῦ
612 449 678 476 Θεοῦ
693 448 738 475 καὶ
764 448 878 483 Πατρός.

90 494 225 529 Διηπόρει
241 494 268 521 δὲ
279 495 294 521 ὁ
305 494 383 529 ὄχλος
395 495 435 526 εἰς
443 494 588 530 διαφόρους
605 495 732 525 ὑπονοίας
755 494 880 529 σχιζόμε-

89 548 135 571 νος
150 540 296 571 ἀσυνέτως.
317 540 391 566 Ἔδει
400 540 453 575 γὰρ
464 540 562 571 αὐτοὺς
583 539 708 574 ἐννοῆσαι
734 540 774 566 ὄτι
790 540 804 565 ό
825 540 881 565 Πα-

88 585 142 620 τὴρ
157 584 192 621 ἦν
204 587 218 612 ό
234 586 489 621 ἀντιφθεγξάμενος,
505 585 574 621 πρὸς
593 586 622 612 ὖν
645 586 792 619 ἐποιήσατο
817 586 881 617 τοὺς

89 630 188 665 λόγους
202 632 216 658 ὁ
229 631 301 663 Υἱός.
315 632 352 658 Οὐ
363 631 416 667 γὰρ
429 631 542 666 βροντὴν
551 631 636 667 ᾔτησε
665 631 802 666 γενέσθαι,
816 631 878 658 οὔτε

88 677 207 711 ἄγγελον
219 678 341 713 φωνῆσαι
355 686 362 693 ·
379 678 454 713 ὅμως
471 677 509 710 ὠς
522 677 597 710 Υἱὸς,
615 679 697 714 φησὶν
713 678 753 704 ὄτι
768 687 778 703 ι
793 678 830 703 Οὐ
846 677 881 703 δι’

88 723 141 757 ἐμὲ
158 723 268 757 γέγονεν
284 724 301 757 ἡ
316 723 390 758 φωνὴ
401 743 408 754 ,
425 722 493 749 ἀλλὰ
508 723 540 749 δι’
556 722 644 758 ὑμᾶς’
662 732 671 748 ι
693 722 751 758 ᾔδει
762 722 817 756 γὰρ
832 721 880 748 τοῦ

88 767 217 798 τεκόντος
229 768 277 802 τὴν
291 767 417 802 βούλησιν
430 767 482 794 κᾶν
493 767 580 802 μηδὲν
595 767 725 803 ἐλαλήθη,
738 767 830 802 ἐπειδὴ
847 765 881 802 ἦν

88 812 138 838 καὶ
151 812 208 839 ἔστι
219 812 266 840 τοῦ
278 813 385 849 Πατρδς
402 813 482 846 σοφία
503 813 549 840 καὶ
566 813 661 847 Λόγος.
685 814 723 839 Δι’
741 813 812 848 ὑμᾶς
823 810 879 844 οὗν,

89 857 170 891 φησὶ,
183 857 294 890 γέγονεν
312 858 327 892 ή
343 858 416 892 φωνή
430 865 437 874 ·
457 857 500 883 ἵνα
515 857 703 893 παραδέχησθέ
714 866 748 892 με
760 857 801 889 ὡς
815 857 881 884 Υίὸν

931 273 984 292 ιιοι.

968 310 1158 346 Respondebat
1183 310 1265 338 Pater
1280 311 1393 347 proprio
1407 310 1488 343 Filio,
1509 319 1542 339 eo
1569 319 1625 347 quo
1640 313 1716 340 novit

931 356 1023 388 modo,
1038 364 1115 384 suam
1133 357 1302 384 voluntatem
1322 358 1431 392 planam
1446 357 1561 390 faciens,
1578 358 1611 385 ad
1623 360 1717 386 conci-

931 401 1050 428 liandam
1060 401 1228 429 audientium
1239 402 1330 434 ﬁdem,
1340 407 1369 430 ut
1378 403 1523 431 crederent
1536 404 1597 432 sine
1611 404 1718 432 dubita-

923 447 1002 475 tione
1018 455 1079 475 esse
1094 446 1194 475 Filium
1210 448 1255 475 Dei
1268 453 1295 476 et
1306 448 1396 477 Patris
1410 450 1561 477 secundum
1579 455 1715 479 naturam.

930 493 1093 529 Ambigebat
1119 498 1208 520 autem
1228 495 1374 522 multitudo
1397 495 1425 523 in
1454 496 1545 524 varias
1572 498 1716 532 opiniones

931 539 1017 567 scissa
1035 539 1139 574 absque
1155 540 1282 567 ratione:
1301 541 1447 575 oportebat
1466 542 1539 569 enim
1560 542 1600 569 eis
1624 543 1717 570 venire

932 586 960 613 in
989 590 1119 617 mentem,
1146 585 1254 613 Patrem
1287 594 1348 615 esse
1377 587 1424 622 qui
1457 587 1655 622 responderat,
1683 588 1716 614 ad

931 639 1012 666 quem
1037 630 1122 658 Filius
1146 631 1228 658 verba
1253 630 1374 658 fecisset.
1400 630 1468 658 Nam
1485 638 1536 659 nec
1561 634 1590 658 ut
1613 631 1716 658 tonitru

933 676 1021 708 ﬁeret,
1035 684 1085 704 nec
1109 679 1138 703 ut
1163 677 1278 711 angelus
1300 676 1467 710 loqueretur,
1481 677 1657 711 petiit;dieit
1673 681 1716 703 ta-

932 729 993 749 men
1018 728 1049 749 ut
1072 721 1181 749 Filius:
1197 731 1206 747 (
1228 721 1297 748 Νοη·
1316 725 1428 756 propter
1454 729 1497 749 me
1513 722 1570 749 haec
1585 730 1648 752 vox.
1668 722 1716 749 sed

931 771 1044 802 propter
1059 775 1108 794 vos
1127 766 1198 794 facta
1218 772 1268 794 est.
1291 776 1301 793 ι
1323 767 1429 802 Quippe
1441 769 1555 795 noverat
1573 767 1716 795 Genitoris

932 813 1111 845 voluntatem,
1124 813 1176 840 etsi
1200 813 1270 840 nihil
1296 813 1407 840 locutus
1428 816 1502 841 esset
1520 822 1527 839 :
1543 813 1717 848 quandoqui-

932 859 993 886 dem
1007 863 1066 886 erat
1078 863 1105 886 et
1124 863 1167 886 est
1181 858 1270 887 Patris
1290 860 1426 893 sapientia
1447 867 1479 889 ac
1494 859 1628 888 Verbum.
1649 859 1716 886 Pro-

88 902 170 933 Θεοῦ,
182 902 212 928 ὃν
225 900 293 928 οἶδεν
305 902 368 929 ὂντα
387 902 466 936 φύσει
479 902 569 937 ἑαυτῷ
584 902 647 929 Υἱὸν
658 903 673 929 ὁ
684 903 789 938 Πατήρ.
799 903 879 936 Λέγει

935 909 990 939 pter
1005 912 1054 932 vos
1068 912 1145 939 ergo,
1160 905 1208 938 ait,
1227 905 1297 933 facta
1313 910 1356 933 est
1371 913 1435 937 vox,
1460 910 1490 933 ut
1511 906 1654 940 accipiatis
1674 913 1718 933 me

90 947 141 982 μὲν
157 945 205 974 οὖν
216 948 230 974 ό
242 948 344 983 Κύριος
355 948 395 974 ὅτι
407 948 521 982 γέγονεν
537 949 554 984 ἡ
569 948 655 983 φωνὴ,
670 949 700 974 οὐ
717 948 770 984 μὴν
795 956 880 984 προσ-

87 993 197 1028 τίθησιν
217 994 258 1020 ὅτι
279 993 326 1020 τοῦ
342 993 448 1029 Harpe;
458 991 503 1029 ἦν,
514 994 530 1030 ἢ
542 994 601 1026 πῶς
610 993 721 1028 γέγονεν
735 1003 741 1010 ·
757 994 880 1029 ἔστιγὰρ

88 1039 219 1074 περιττὸν
243 1039 331 1066 τοῦτο.
346 1039 418 1075 Πλὴν
437 1039 652 1075 ὲπιμαρτύρεται
668 1040 709 1066 ὅτι
727 1039 775 1066 καὶ
789 1039 880 1075 φωνὴν

88 1084 258 1116 ἀκούσαντες
271 1085 300 1118 ἐξ
318 1084 444 1121 οὐρανοῦ,
470 1085 547 1112 οὐδὲν
571 1083 652 1121 ἦττον
677 1086 823 1121 ἐπέμειναν
845 1086 879 1122 τῇ

89 1129 197 1156 ἑαυτῶν
215 1130 369 1166 δυσσεὸειᾳ.

127 1218 197 1246 Νῦν
217 1219 318 1254 κρίσις
342 1219 409 1248 ἐστι
432 1218 485 1246 τοῦ
505 1219 622 1254 κόσμου
644 1220 762 1252 τούτου,
785 1220 880 1248 καὶτὰ

89 1264 166 1300 ἑξῆς.

126 1295 185 1347 ’ἰῆς
200 1311 247 1337 τοῦ
264 1311 390 1347 Σωτῆρος
415 1311 563 1347 ἐπιδημίας
577 1311 591 1337 ὸ
611 1295 773 1346 τριπόθητος
789 1311 880 1338 οὑτοσὶ

91 1358 201 1393 καιρὸς,
223 1358 365 1393 παροῦσαν
384 1358 434 1394 ἠδη
450 1359 499 1394 τὴν
513 1359 559 1385 ἐπὶ
577 1360 633 1390 τοῖς
643 1358 730 1385 ἔθνεσι
745 1359 834 1394 κρίσιν
850 1367 879 1386 τε

91 1404 141 1430 καὶ
166 1404 245 1439 δίκην
267 1404 417 1430 ἐδείκνυεν·
446 1404 558 1439 ἔμελλον
585 1404 638 1439 γὰρ
663 1405 880 1432 ἀπαλλάττεσθαι

90 1451 141 1486 τῆς
170 1449 217 1477 τοῦ
249 1450 372 1476 διαϐόλου
402 1450 574 1484 πλεονεξίας,
597 1451 764 1486 δικαιότητος
789 1451 880 1482 αὐτοῖς

91 1497 279 1532 ἀπονέμοντος
300 1496 373 1529 ἕλεος
387 1497 433 1523 τοῦ
450 1497 524 1524 ὁσίου
540 1506 569 1524 τε
586 1498 632 1524 καὶ
649 1497 755 1524 δικαίου
773 1497 877 1533 κριτοῦ.

91 1543 131 1571 Οὐ
145 1543 202 1579 γὰρ
217 1544 309 1579 οἴομαι
331 1544 386 1570 δεῖν
400 1543 504 1570 οἴεσθαι
526 1543 586 1571 νυνὶ
601 1544 811 1579 κατακρίνεσθαι
831 1544 878 1570 κόκ
893 1563 917 1594 c

92 1598 172 1624 σμον,
184 1590 229 1616 ὅτε
251 1589 299 1616 τοῦ
322 1590 426 1616 δικαίου
450 1590 541 1626 παρῆν
564 1591 578 1617 ό
603 1590 712 1626 καιρός·
735 1590 793 1617 ἀλλ’
808 1590 879 1617 οὕτω

93 1636 153 1671 μὲν,
169 1635 266 1671 κόσμῳ
285 1636 374 1671 κρίσις
390 1636 476 1668 ἔσται,
496 1636 567 1663 τοῦτ’
588 1636 662 1664 ἔστιν
679 1636 829 1673 ἐκδίκησις.
850 1637 879 1663 '0

91 1681 119 1708 δὲ
144 1681 238 1717 ἄρχων
263 1682 311 1708 ’τοῦ
342 1682 446 1717 κόσμου
469 1682 564 1710 τούτου
593 1683 793 1718 ὲκὸληθήσεται
815 1683 884 1717 Ego);

94 1725 203 1756 Ἔσται,
220 1727 298 1762 φησὶ,
312 1726 383 1753 κατὰ
397 1727 445 1753 τοῦ
463 1727 510 1754 τὸν
530 1727 631 1762 κόσμον
644 1728 804 1762 ἠδικηκότος
821 1728 881 1764 κρί-

93 1780 146 1804 σις,
165 1772 214 1798 καὶ
234 1771 295 1806 οὐχὶ
323 1772 394 1798 κατὰ
419 1771 466 1798 τοῦ
486 1772 537 1807 τὴν
561 1771 669 1799 ἀδικίαν
686 1773 882 1807 ὑπομείναντος

91 1818 208 1853 κόσμου.
223 1818 279 1844 Καὶ
294 1818 359 1854 γὰρ,
373 1818 411 1850 ὡς
431 1818 512 1850 αὐτὸς
526 1820 540 1845 ὁ
553 1818 670 1854 Χριστός
686 1827 778 1853 φησιν,
797 1828 806 1846 ι
823 1819 882 1846 Οὐκ

91 1863 255 1891 ἀπέστειλεν
277 1865 292 1891 δ
315 1864 380 1896 Θεὸς
406 1865 452 1891 τὺν
474 1865 538 1891 Υἱὸν
557 1864 639 1893 αὑτοῦ
670 1865 714 1892 ἵνα
731 1865 811 1902 κρίνῃ
837 1865 882 1892 τὸν

91 1909 208 1944 κόσμον,
231 1909 289 1936 ἀλλ’
315 1909 360 1936 ἵνα
382 1909 456 1945 σώσῃ
473 1909 520 1936 τὸν
532 1910 647 1944 κόσμον.
665 1920 675 1936 ι
697 1911 779 1946 Ὄρος
793 1911 882 1939 τοίνυν

91 1955 144 1990 τῆς
155 1954 312 1989 ἐνεστώσης
322 1954 398 1981 ἔσται
411 1955 538 1990 κρίσεως,
550 1954 580 1982 τὸ
593 1955 757 1990 ἐκϐληθῆναι
771 1956 823 1988 ἔξω
836 1956 882 1983 τὸν

92 2000 212 2035 ἄρχοντα
232 1999 279 2026 τοῦ
295 1999 397 2034 κόσμου
420 1999 527 2027 τούτου.
547 2001 726 2036 Ἐκόληθῆναι
739 2001 768 2028 δὲ
782 2002 880 2035 πόθινς

91 2043 110 2080 ἧ
125 2045 250 2080 δηλονότι
271 2045 320 2080 τῆς
341 2046 374 2072 ἐκ
396 2045 456 2080 βίας
476 2045 550 2082 αὐτῷ
573 2048 777 2083 πεπυρωμένης
795 2049 882 2085 ἀρχῆς

93 2091 204 2126 καὶτῆς
220 2092 369 2126 οὐδαμόθεν
384 2092 577 2128 προσηκούσης
593 2092 741 2127 βασιλείας.

128 2137 217 2172 Κάγὼ
232 2138 288 2164 ἐὰν
300 2137 409 2172 ὑψωθῶ
419 2138 454 2165 ἐκ
473 2139 529 2173 τῆς
547 2138 615 2175 γῆς,
626 2140 746 2167 ἑλκύσω
767 2139 884 2174 πάντας

93 2181 173 2215 πρὸς
185 2182 327 2216 ἐμαυτόν.

931 955 1061 986 tanquam
1083 951 1180 979 Filium
1200 951 1257 983 Dei,
1275 959 1358 986 quem
1381 951 1435 978 seit
1449 951 1531 979 Pater
1549 951 1601 979 sibi
1619 956 1717 978 natura

931 1001 992 1022 esse
1014 993 1123 1022 Filium.
1146 994 1217 1022 Dicit
1234 995 1345 1030 quidem
1375 995 1509 1023 Dominus
1533 995 1632 1023 factum
1654 1003 1718 1023 esse

930 1049 1036 1074 vocem,
1053 1041 1099 1069 sed
1119 1049 1174 1069 non
1191 1042 1286 1076 adjicit
1311 1041 1401 1069 Patris
1422 1050 1496 1074 esse,
1514 1049 1563 1070 nec
1580 1042 1718 1077 quomodo

931 1086 1002 1114 facta
1028 1087 1074 1120 sit,
1097 1088 1226 1122 quoniam
1249 1087 1275 1114 id
1296 1095 1543 1122 supervacaneum.
1562 1088 1642 1123 701
1661 1087 1715 1115 Sed

930 1137 958 1160 et
972 1136 1141 1168 protestatur
1151 1133 1224 1168 quod
1237 1133 1331 1161 audita
1344 1133 1426 1161 etiam
1435 1141 1451 1161 ο
1462 1133 1533 1161 creto
1543 1141 1610 1161 voce
1619 1132 1718 1161 nihilo-

931 1179 1022 1206 secius
1039 1179 1066 1206 in
1081 1187 1130 1207 sua
1149 1180 1289 1215 impietate
1308 1179 1523 1215 permanserint.

965 1223 1024 1257 XII,
1042 1225 1086 1252 3t.
1105 1224 1186 1252 Nam:
1202 1225 1335 1260 judicium
1349 1230 1388 1252 ut
1402 1225 1505 1258 mundi,
1518 1228 1573 1252 etc.

967 1314 1237 1343 Desideratissimnm
1267 1315 1319 1342 hoc
1336 1315 1472 1343 adventus
1485 1314 1641 1343 Servatoris
1666 1322 1718 1342 no-

932 1361 983 1389 stri
1004 1364 1121 1395 tempus,
1143 1361 1198 1395 jam
1215 1361 1311 1389 adesse
1337 1360 1472 1395 judicium
1487 1366 1513 1388 et
1529 1361 1663 1395 justitiam
1689 1360 1717 1388 in

931 1407 1060 1441 gentibus
1074 1407 1248 1440 ostendebat,
1264 1407 1366 1442 quippe
1392 1414 1455 1434 cum
1473 1414 1488 1434 a
1511 1406 1615 1434 diaboli
1636 1414 1718 1442 rapa—

931 1452 1015 1480 citate
1027 1452 1196 1479 vindirandae
1215 1452 1314 1485 forent,
1331 1452 1470 1480 tribuente
1487 1452 1543 1480 illis
1561 1451 1719 1480 misericor-

931 1498 1004 1525 diam
1022 1498 1111 1524 sancti
1127 1504 1153 1525 et
1165 1498 1233 1532 justi
1255 1497 1359 1532 judicis
1376 1499 1514 1533 mquitate.
1527 1497 1620 1533 Neque
1632 1499 1717 1532 enim,

932 1543 1040 1578 opinor,
1056 1543 1268 1570 existimandum
1296 1547 1339 1571 est
1358 1551 1430 1570 nunc
1446 1543 1623 1571 condemnari
1640 1551 1719 1571 mum

933 1590 1009 1621 dum,
1025 1597 1087 1616 cum
1115 1589 1228 1623 justitire
1245 1593 1353 1624 tempus
1373 1589 1462 1621 adest,
1481 1589 1528 1616 sed
1546 1589 1586 1616 sic
1606 1588 1717 1623 quidem

932 1635 1036 1664 mundo
1055 1635 1107 1662 erit
1126 1634 1273 1670 judicium,
1295 1642 1393 1670 nempe
1411 1634 1574 1662 vindicatio.
1587 1634 1718 1669 Princeps

932 1689 997 1708 vero
1012 1681 1094 1715 hujus
1112 1680 1206 1708 mundi
1219 1680 1345 1715 ejicietur
1361 1684 1450 1708 extra.
1474 1680 1542 1714 Erit,
1559 1680 1658 1716 inquit,
1672 1680 1719 1715 ju-

932 1727 1034 1754 dicium
1047 1726 1180 1754 adversus
1192 1734 1253 1754 eum
1270 1726 1316 1761 qui
1335 1726 1467 1753 mundum
1481 1726 1603 1757 violavit,
1619 1731 1645 1753 et
1662 1733 1717 1754 non

932 1773 1065 1800 adversus
1079 1772 1222 1804 mundum,
1236 1771 1282 1806 qui
1300 1771 1428 1806 injuriam
1441 1775 1468 1798 et
1480 1771 1640 1806 injustitiam
1657 1779 1719 1806 per-

932 1818 1005 1846 tulit.
1029 1817 1149 1852 Etenim,
1175 1823 1206 1846 ut
1228 1818 1288 1854 ipse
1314 1818 1441 1846 Christus
1466 1819 1514 1850 ait,
1533 1828 1543 1844 ‹
1559 1817 1618 1846 Non
1643 1818 1718 1846 misit

933 1863 1005 1892 Deus
1017 1863 1116 1891 Filium
1141 1871 1234 1897 suum,
1247 1868 1278 1891 ut
1292 1864 1426 1891 mundum
1447 1864 1597 1899 iudicaret,
1620 1864 1668 1892 sed
1689 1869 1719 1892 ut

933 1909 1063 1937 mundum
1096 1914 1220 1937 servaret
1235 1909 1269 1937 “.
1289 1919 1299 1936 ι
1321 1909 1469 1938 Terminus
1498 1918 1564 1946 ergo
1590 1910 1719 1938 instantis

931 1956 1027 1992 judicii
1056 1956 1121 1988 erit,
1149 1960 1178 1983 ut
1207 1956 1338 1991 ejiciatur
1374 1957 1448 1984 foras
1481 1957 1609 1992 princeps
1637 1957 1719 1992 hujus

935 2002 1039 2030 mundi.
1053 2002 1131 2030 Unde
1153 2010 1219 2030 vero
1242 2003 1388 2037 ejiciatur?
1408 2011 1507 2039 nempe
1523 2011 1539 2031 e
1563 2004 1718 2039 principatu

934 2057 982 2084 per
997 2049 1052 2076 vim
1070 2055 1158 2084 parto,
1178 2053 1206 2078 et
1229 2057 1245 2078 ο
1269 2058 1352 2086 regno
1369 2050 1444 2077 nullo
1462 2049 1544 2078 modo
1566 2050 1602 2077 ad
1628 2051 1719 2086 ipsum

933 2096 1096 2130 pertinente.

968 2140 1024 2174 XI],
1041 2142 1086 2169 52.
1102 2141 1134 2168 Et
1146 2150 1193 2177 ego
1209 2144 1232 2169 si
1245 2142 1381 2169 uallatur
1398 2142 1474 2177 fuero
1486 2151 1499 2170 ε
1513 2147 1594 2176 terra,
1613 2142 1719 2171 traham

933 2194 1021 2215 omnes
1035 2187 1068 2213 ad
1085 2195 1136 2214 ne.

131 2227 264 2254 Τουτέστι
276 2227 329 2264 (1),
347 2228 384 2264 μὴ
400 2228 432 2265 δὴ
448 2229 574 2265 κωλύσῃς
588 2230 660 2257 ἰόντα
673 2230 742 2265 πρὸς
755 2229 879 2263 θάνατον,

969 2232 1041 2260 Cave
1053 2240 1088 2260 ne
1103 2240 1146 2260 me
1165 2233 1312 2268 prohibeas
1331 2233 1365 2260 ad
1379 2237 1494 2261 mortem
1514 2233 1644 2267 tendere;
1663 2232 1716 2259 imc

93 2272 164 2299 ἀλλὰ
186 2273 404 2307 συγκατάνευσον
430 2274 475 2302 διὰ
495 2275 526 2301 τὸ
546 2276 612 2302 πᾶσι
638 2276 786 2308 λυσιτελές.
813 2276 884 2309 Δόξα

93 2318 149 2352 γὰρ
165 2318 284 2353 Χριστοῦ
307 2320 321 2345 ό
344 2319 469 2355 σταυρός.
493 2320 638 2353 Δοξάςεται
662 2321 690 2348 δὲ
711 2323 758 2349 καὶ
776 2323 881 2358 Πατὴρ,

94 2364 161 2390 ὅταν
182 2363 310 2399 φαίνηται
331 2364 452 2392 τοιοῦτον
470 2365 539 2400 ἔχων
562 2367 607 2393 τὺν
621 2367 650 2401 ἐξ
663 2368 761 2395 ἑαυτοῦ
774 2369 882 2396 ὀποϊόσ-

94 2417 150 2445 περ
160 2409 294 2446 ὑπάρχειν
307 2410 389 2442 αὐτὸς
401 2411 564 2439 ὑπονοεῖται.
579 2413 657 2440 Ἐστι
672 2414 701 2440 δὲ
717 2414 819 2449 ἀγαθὸς
835 2416 883 2442 καὶ

95 2456 298 2493 φιλάνθρωπος,
313 2456 380 2492 φῶς,
398 2457 445 2484 καὶ
461 2457 528 2493 ζωὴ,
541 2459 588 2486 καὶ
601 2459 704 2496 φθορᾶς
717 2461 845 2497 ἀμείνων.

130 2543 251 2579 Χριστοῦ
272 2543 364 2579 μέντοι
383 2543 527 2576 δεδωκότος
543 2544 638 2571 ἑαυτὸν
651 2545 691 2581 τῷ
707 2547 794 2583 Πατρὶ
812 2547 882 2584 ὑπὲρ

95 2588 146 2624 τῆς
171 2589 249 2624 ἡμῶν
276 2590 413 2625 σωτηρίας
438 2590 476 2622 ὡς
497 2590 611 2626 ἄμωμον
629 2592 740 2628 ἱερεῖον,
763 2594 809 2621 καὶ¹
835 2594 884 2627 τὰς

96 2634 167 2671 ὑπὲρ
183 2634 264 2670 ἡμῶν
281 2636 421 2671 μονονουχὶ
435 2636 513 2668 δίκας
529 2636 675 2669 τιννύντος,
691 2638 884 2676 ἱλυτρώθημεν

95 2681 150 2707 τῶν
164 2682 214 2716 τῆς
229 2682 367 2718 ἁμαρτίας
384 2683 575 2718 ἐγκλημάτων.
591 2684 646 2711 Καὶ
658 2684 690 2720 δὴ
704 2685 748 2712 ὅτε
762 2687 776 2712 ὑ
788 2686 839 2723 θὴρ
851 2688 884 2716 ἐκ

97 2726 181 2762 μέσου
194 2727 301 2761 γέγονε,
323 2729 370 2755 καὶ
388 2728 526 2764 καθῃρέθη
549 2730 563 2756 ό
584 2729 724 2766 τύραννος,
748 2732 807 2759 τότε
823 2734 882 2768 ἄγει

132 2795 156 2812 δ’
176 2795 256 2824 Joan.
275 2805 313 2824 Ill
327 2817 333 2828 ,
352 2797 398 2824 Π.

935 2279 1027 2314 potius
1051 2279 1196 2312 assentire,
1217 2284 1330 2314 propter
1354 2279 1536 2306 universalem
1560 2278 1717 2306 utilitatem.

935 2325 1040 2353 Etenim
1060 2325 1146 2360 gloria
1161 2324 1263 2354 Christi
1285 2332 1353 2351 crux
1371 2328 1427 2351 est.
1447 2324 1624 2351 Gloriﬂcatur
1641 2331 1720 2359 aque

936 2371 1033 2402 Pater,
1056 2378 1120 2397 cum
1151 2370 1232 2397 talem
1267 2369 1367 2396 habere
1397 2369 1495 2396 Filium
1526 2369 1718 2404 cognoscitur,

935 2416 1024 2452 qualis
1045 2416 1161 2451 ipsethet
1174 2422 1236 2442 esse
1250 2414 1383 2441 creditur.
1398 2413 1446 2441 Est
1466 2418 1557 2441 autem
1576 2414 1674 2446 bonus,
1692 2419 1720 2441 et

935 2462 1076 2490 hominum
1096 2465 1212 2493 amator,
1229 2461 1364 2493 lux,vita,
1376 2464 1403 2488 et
1419 2459 1542 2496 cujusvis
1559 2460 1721 2495 corruptela:

937 2507 1077 2535 immunis.

971 2553 1039 2580 Cum
1066 2553 1148 2588 igitur
1169 2552 1296 2580 Christus
1323 2551 1442 2587 seipsum
1459 2549 1533 2578 Patri
1552 2557 1601 2586 pro
1623 2553 1720 2577 nostra

934 2600 1056 2627 omnium
1081 2599 1169 2627 salute
1194 2599 1301 2627 dederit
1313 2598 1388 2626 velut
1416 2597 1620 2625 immaculatam
1642 2596 1720 2623 victi-

935 2653 1019 2679 mam,
1032 2653 1063 2673 ac
1079 2653 1129 2681 pro
1146 2645 1225 2674 nobis
1239 2653 1334 2680 pcenas
1347 2643 1544 2680 propemodum
1559 2640 1720 2674 cxsolverit,

935 2699 949 2718 a
966 2691 1070 2726 peccati
1093 2691 1209 2718 crimine
1227 2690 1335 2718 liberati
1353 2697 1460 2718 sumus.
1479 2688 1511 2715 Et
1531 2687 1639 2723 quidem
1655 2693 1719 2713 cum

934 2738 990 2765 l'cra
1011 2737 1045 2765 de
1064 2737 1153 2765 medio
1168 2737 1277 2766 sublata
1294 2741 1346 2770 est,
1362 2743 1393 2764 ac
1416 2735 1556 2766 confectus
1572 2738 1719 2770 tyrannus,

132 2862 170 2897 (1)
188 2864 329 2891 Τουτέστι
344 2887 348 2891 .
362 2885 368 2893 .
383 2884 390 2893 .
404 2885 410 2892 .
423 2866 559 2899 ἀμείνων.
576 2865 612 2893 Ex
623 2870 718 2894 catena
731 2867 869 2902 Vaticana,

957 2871 1014 2902 156.
1029 2879 1072 2902 at).
1085 2871 1136 2899 Mai
1153 2872 1170 2899 l.
1187 2873 1203 2900 ι.
