1906 3037
205 146 240 174 95
698 149 728 178 S.
745 147 887 178 CYBILLI
899 147 1134 177 ALEXANDRINI
1153 147 1314 176 ARCIIIEP.
1793 146 1828 174 96

205 208 270 232 tunc
284 205 316 233 ad
332 207 453 242 seipsum
471 207 581 235 adducit
594 207 721 236 Christus
742 208 883 236 hominum
900 217 969 244 genu

1037 208 1105 243 πρὸς
1121 207 1217 234 ἑαυτὸν
1233 208 1247 234 ὁ
1274 205 1391 242 Χριστὸς
1406 204 1437 232 τὸ
1461 205 1653 240 ἀποπλανηυὲν
1672 205 1750 239 γένος
1761 225 1768 236 ,
1795 205 1827 232 οὐ

204 250 277 283 quod
298 251 482 285 deerraverat,
498 261 552 280 non
569 254 656 280 solum
674 253 795 287 Judseos.
806 255 853 282 sed
873 259 901 282 et
924 256 986 283 uui-

206 302 299 324 versos
319 299 446 326 mortales
466 298 498 326 ad
514 299 630 326 salutem
653 307 700 334 per
714 299 794 327 ﬁdem
810 301 838 328 in
863 309 925 328 eum
938 307 987 328 vo-

205 349 283 369 cans.
299 341 428 372 Partialis
448 344 520 371 enim
537 352 585 379 per
602 345 686 379 legem
705 346 822 379 vocatio,
837 351 864 373 at
880 347 987 374 univer-

204 387 271 414 salis
292 396 340 423 per
355 389 495 417 Christum
510 398 516 415 :
530 390 632 425 quippe
657 391 733 419 solus
745 393 873 421 Christus
896 398 986 428 potest

205 437 333 467 tanquam
355 433 426 461 Deus
446 435 528 463 nobis
545 436 616 463 bona
636 437 728 464 omnia
753 438 912 466 conciliare.
930 439 985 465 Eu-

204 478 317 512 phemiaa
333 487 395 506 vero
414 487 499 507 causa
517 488 566 515 pro
581 482 735 516 cruciﬁxum
750 491 822 516 esse,
836 485 985 512 exaltatum

203 531 263 550 esse
279 523 357 551 dixit.
370 524 436 552 Nam
452 525 552 553 caedem
569 528 737 562 spirantibus
751 536 783 556 ac
799 530 984 565 sanguinariis

201 569 338 596 occultum
360 578 422 599 esse
436 572 546 599 volebat
563 574 733 609 mysterium,
746 575 819 610 quod
837 577 911 604 scire
929 584 984 604 non

201 615 376 643 merebantur
388 625 395 642 :
408 618 528 646 cordatis
546 626 610 646 vero
626 623 654 647 et
670 620 816 655 sagacibus
829 622 983 657 intelligen-

199 659 263 688 dum
277 662 459 698 relinquebat,
469 672 498 691 se
513 670 623 700 propter
635 673 741 700 omnes,
754 672 778 695 et
791 675 842 702 pro
855 669 983 697 omnibus

199 713 356 741 passurum.
375 709 487 745 Alioqui
506 711 589 738 etiam
604 711 740 746 quispiam
768 713 865 741 merito
880 714 982 742 dixerit

198 753 388 782 celsitudinem
404 763 467 783 esse
483 756 516 784 de
540 757 627 792 gloria
650 762 677 785 et
705 758 810 786 honore
830 763 980 794 acceptam.

198 802 314 826 mortem
330 800 432 828 crucis.
447 800 562 836 Propter
574 801 624 829 hoc
638 802 710 829 enim
725 803 895 838 gloriﬁcatur
905 804 982 831 Chri-

197 847 269 875 stus.
286 844 380 872 multis
394 845 476 880 708
498 845 660 873 humanitati
683 855 729 881 per
755 848 781 875 id
802 849 883 877 bonis
904 857 981 877 com-

1039 255 1118 289 μόνον
1136 253 1290 284 Ἰουδαίους,
1307 251 1375 279 ἀλλὰ
1389 251 1436 278 καὶ
1450 251 1555 282 πάντας
1573 251 1734 287 ἀνθρώπους
1757 251 1827 286 πρὸς

1038 298 1174 334 σωτηρίαν
1190 298 1280 324 καλῶν
1295 296 1339 323 διὰ
1351 296 1400 331 τῆς
1418 297 1458 327 εἰς
1471 296 1553 323 αὐτὸν
1569 296 1696 327 πίστεως.
1715 295 1825 330 Μερικὴ

1036 343 1090 378 γὰρ
1103 344 1120 378 ὴ
1134 343 1177 369 διὰ
1194 342 1241 369 τοῦ
1265 342 1348 377 νόμου
1372 341 1477 376 κλῆσις,
1496 341 1591 376 γενικὴ
1613 341 1641 368 δὲ
1657 342 1673 376 ή
1692 340 1737 367 διὰ
1758 341 1827 375 Χρι-

1036 390 1116 416 στοῦ·
1141 389 1222 424 μόνος
1247 388 1300 424 γὰρ
1315 389 1330 415 ό
1357 387 1473 423 Χριστὸς
1498 387 1610 419 δυνατὸς
1633 385 1666 423 ἧν
1695 387 1734 419 ὡς
1757 387 1825 418 Θεδς

1035 434 1124 461 πάντα
1149 435 1215 470 ἡμῖν
1242 433 1409 469 προξενῆσαι
1435 433 1470 460 τὰ
1504 433 1606 468 ἀγαθά.
1631 434 1772 469 Εὑφήμως
1796 433 1824 459 δὲ

1034 479 1103 511 λίαν,
1126 479 1187 506 ἀντὶ
1203 478 1250 505 τοῦ
1278 478 1487 513 σταυρωθῆναι
1506 479 1536 505 τδ
1557 478 1716 513 ὑψωθῆναι
1744 486 1823 513 φησι.

1034 525 1096 556 Τοῖς
1113 524 1164 560 μὲν
1175 524 1229 560 γὰρ
1247 523 1365 558 φονῶσιν
1387 523 1548 559 ἁσυμφανὲς
1567 524 1660 559 ἐτήρει
1672 523 1702 550 τὸ
1718 523 1822 558 μυστή-

1036 579 1091 605 ριον
1102 578 1108 585 '
1119 571 1149 597 οὐ
1164 570 1217 605 γὰρ
1229 568 1300 605 ἦσαν
1315 569 1383 602 ἀειοι
1399 570 1510 606 μαθεῖν·
1525 571 1582 601 τοῖς
1592 578 1622 604 γε
1635 569 1689 605 μὴν
1699 577 1824 604 νουνεχε-

1035 616 1140 651 στέροις
1153 616 1238 651 ἐφῆκε
1253 616 1324 642 νοεῖν
1335 616 1376 643 ὅτι
1391 615 1435 642 διὰ
1451 615 1556 647 πάντας
1569 615 1616 642 καὶ
1630 615 1699 651 ὑπὲρ
1711 615 1824 642 πάντων

1034 659 1167 687 πείσεται.
1183 660 1253 686 Ἀλλ’
1272 659 1343 687 ὥστε
1357 660 1424 696 φαίη
1439 669 1480 692 τις
1496 660 1540 692 ἃν,
1555 658 1642 696 οἶμαι,
1653 660 1699 686 καὶ
1715 660 1823 695 σφόδρα

1032 705 1131 738 καλῶς,
1148 706 1214 741 ὕψος
1230 704 1341 733 εἶναιτὸ
1353 707 1401 734 hct
1415 706 1526 742 εὐκλείᾳ
1545 707 1592 733 καὶ
1612 706 1675 742 δόξῃ
1700 706 1818 741 νοούμε-

1031 760 1087 786 νον,
1099 752 1144 779 τὸν
1163 752 1210 778 επὶ
1228 751 1266 787 τῷ
1279 752 1390 788 σταυρῷ
1406 752 1532 780 θάνατον.
1543 751 1687 784 Δοξάζεται
1702 752 1757 786 γὰρ
1775 753 1823 778 καὶ

1031 797 1074 824 διὰ
1088 797 1165 824 τοῦτο
1176 798 1306 833 Χριστὸς,
1323 798 1409 825 πολλὰ
1420 799 1453 834 τῇ
1471 797 1659 833 ἁνθρωπότητι
1669 797 1712 824 διὰ
1724 797 1821 824 τούτου

1032 843 1200 880 προξενήσας
1215 843 1250 871 τὰ
1274 844 1375 879 ἀγαθὰ,
1399 844 1433 871 δι’
1455 841 1492 871 ὧν
1518 843 1591 870 ἕλκει
1614 843 1682 879 πρὸς
1707 843 1819 869 ἑαυτόνο

196 888 310 922 paratis,
320 896 368 923 per
376 897 437 924 quae
450 889 483 916 ad
498 890 619 925 seipsum
632 892 726 923 trahit.
738 897 764 920 et
781 901 836 921 non
849 896 973 929 quemad-

1031 888 1119 915 καὶού
1146 888 1273 924 καθάπερ
1294 889 1319 916 οἱ
1341 889 1479 925 μαθηταὶ,
1500 889 1584 925 ἑτέρῳ
1604 888 1748 924 προσάγει.
1761 889 1821 914 Δεί-

196 933 306 961 modum
329 934 469 971 discipuli,
490 936 524 963 ad
549 937 634 964 alium
657 938 744 967 ducit.
763 939 834 975 Ergo
857 942 978 976 seipsum

195 986 269 1007 nunc
293 987 355 1008 vere
381 985 478 1009 natura
504 990 565 1010 esse
581 983 665 1011 Deum
683 986 814 1018 ostendit,
830 995 864 1014 ne
888 992 977 1016 tamen

196 1022 303 1052 Patrem
318 1027 452 1054 excludit.
465 1027 531 1054 Nam
545 1036 593 1063 per
611 1028 709 1058 Filium
727 1031 761 1058 ad
775 1031 866 1060 Patris
881 1034 977 1069 cogni-

194 1070 295 1098 tionem
311 1072 373 1106 quis
391 1073 520 1101 trahitur.

228 1115 284 1148 XII,
301 1117 344 1144 55.
363 1117 420 1146 Hoc
446 1128 505 1148 vero
524 1121 638 1156 dicebat,
655 1122 807 1158 signiﬁcans
822 1133 875 1160 qua
893 1133 979 1154 morte

192 1166 259 1188 esset
273 1163 430 1192 moriturus.

229 1205 349 1235 Pcrhmc
372 1210 494 1238 ostendit
513 1213 680 1248 evangelista
703 1214 846 1242 Dominum
864 1224 975 1250 passum

190 1258 255 1279 esse
276 1261 330 1280 non
351 1262 383 1281 ex
405 1255 556 1290 improviso
578 1262 605 1285 et
630 1258 828 1295 inexspectato.
847 1262 892 1289 sed
913 1270 977 1296 pru-

191 1297 301 1325 dentem
330 1304 359 1326 et
390 1301 535 1334 scientem,
562 1304 764 1340 volentemque,
793 1314 844 1334 nec
869 1312 975 1335 tantum

191 1352 307 1376 gnarum
327 1353 358 1374 se
386 1349 563 1383 meriturum,
594 1351 640 1379 sed
671 1360 726 1386 quo
753 1353 836 1380 etiam
865 1355 972 1383 modo:

191 1396 306 1417 mortem
330 1400 396 1419 vero
411 1395 559 1428 appellavit
574 1404 635 1431 qua
647 1401 688 1424 est
703 1402 876 1425 sanctorum.

227 1435 283 1468 XII,
298 1437 343 1465 35.
361 1439 452 1466 Adhuc
471 1441 565 1476 exiguo
594 1447 707 1476 tempore
730 1443 817 1471 lumen
842 1445 974 1472 uobiscum

188 1486 238 1509 εει.

1032 942 1110 961 κνυσι
1133 934 1180 961 νῦν
1197 934 1293 961 ἑαυτὸν
1307 935 1371 962 ὄντα
1391 935 1470 970 φύσει
1488 935 1569 968 Θεὸν,
1587 935 1637 962 οὐκ
1653 933 1706 967 ἔξω
1733 933 1820 966 τιθεὶς

1030 979 1075 1006 τὸν
1089 979 1208 1015 Πατέρα.
1229 980 1279 1007 Διὰ
1301 981 1355 1017 γὰρ
1369 980 1416 1007 τοῦ
1435 979 1501 1007 Υἱοῦ
1522 979 1630 1007 ῐλκεταί
1650 988 1692 1011 τις
1709 979 1751 1011 είς
1768 979 1819 1014 τὴν

1029 1024 1077 1052 τοῦ
1091 1025 1197 1061 Πατρὸς
1215 1025 1328 1060 γνῶσιν.

1066 1135 1156 1162 Τοῦτο
1165 1134 1199 1162 δὲ
1217 1135 1315 1170 ἔλεγε,
1332 1136 1490 1170 σημαίνων
1508 1136 1585 1169 ποίῳ
1599 1135 1714 1168 θανάτῳ
1727 1134 1815 1170 ἐμελ-

1026 1182 1084 1208 λεν
1096 1181 1312 1215 ἀποθνήσκειν.

1063 1226 1112 1254 Διὰ
1127 1227 1205 1254 τοῦτο
1219 1227 1319 1260 ἔδειξεν
1331 1229 1345 1254 ὁ
1363 1227 1568 1264 εὐαγγελιστὴς.
1583 1228 1623 1254 ὅτι
1638 1228 1687 1254 οὐκ
1705 1227 1814 1262 ἀγνοῶν

1026 1274 1126 1300 ἔπαθεν
1139 1275 1152 1300 ὁ
1171 1274 1282 1309 Κύριος,
1298 1274 1355 1301 ἀλλ’
1377 1274 1446 1300 ἑκὼν
1468 1274 1515 1301 καὶ
1530 1274 1610 1306 εἰδὼς
1628 1275 1659 1301 οὺ
1676 1275 1755 1309 μόνον
1771 1275 1812 1300 im

1026 1320 1207 1355 ἀπέθνησκεν,
1235 1321 1302 1347 ἀλλὰ
1322 1322 1369 1348 καὶ
1388 1321 1456 1356 ποίῳ
1480 1321 1589 1356 τρόπῳ*
1611 1321 1657 1347 τὸν
1679 1321 1765 1355 ἁγίων
1783 1321 1812 1347 δὲ

1026 1366 1150 1401 ὠνόμασε
1167 1365 1293 1393 θάνατον.

1061 1454 1121 1482 Ἔτι
1138 1455 1245 1490 μικρὸν
1257 1455 1370 1491 χρόνον
1383 1455 1417 1482 τὸ
1431 1455 1494 1489 φῶς
1505 1454 1571 1490 μεθ’
1584 1455 1666 1490 ὑμῶν
1678 1456 1754 1483 ἐστι.

227 1526 354 1556 Christus
369 1537 423 1557 non
439 1532 551 1566 exponit
566 1533 686 1562 dilucide
700 1534 802 1563 Iudicis
818 1537 901 1564 altum
918 1545 973 1564 ser-

1066 1534 1109 1566 Ὧς
1122 1534 1262 1566 ἀσυνέτοις
1275 1534 1321 1561 καὶ
1338 1535 1463 1566 ἀπίστοις
1475 1535 1531 1566 τοῖς
1551 1534 1697 1566 Ἰουδαίοις,
1714 1535 1745 1561 οὐ
1760 1544 1809 1560 κα-

189 1574 279 1601 monis
302 1576 472 1610 mysterium.
487 1582 581 1612 utpote
604 1580 723 1614 stupidis
751 1582 971 1618 iuﬁdelibusque,

189 1619 237 1646 sed
256 1619 288 1646 ad
304 1620 376 1647 aliud
400 1623 499 1649 transit
512 1624 605 1651 statim
622 1626 695 1659 quod
711 1634 726 1653 e
738 1635 766 1654 re
779 1628 901 1662 ipsorqu
919 1633 971 1662 est,

188 1665 332 1693 declarans
346 1670 374 1694 et
391 1667 517 1702 aperiens
531 1677 642 1697 causam
661 1674 838 1706 quamobrem
855 1682 886 1701 ea
911 1683 973 1709 quae

189 1709 341 1745 Scripturis
363 1713 544 1741 continentur
567 1715 639 1742 haud
665 1719 827 1752 percipiant,
842 1720 910 1747 adeo
930 1727 970 1753 ul,

187 1756 240 1783 nisi
252 1756 277 1784 ei
293 1757 472 1789 crediderint.
486 1760 533 1794 qui
555 1762 668 1789 omnino
686 1763 730 1790 lux
749 1768 802 1795 est,
816 1769 875 1791 atra
894 1766 970 1800 igno-

187 1802 285 1830 rantiae
315 1803 388 1831 nube
416 1805 646 1842 tenebrarumque
669 1810 788 1844 caligine
815 1811 971 1839 involvendi

187 1847 253 1879 sint,
276 1856 383 1876 necnon
407 1850 477 1877 lucis
497 1851 576 1880 bonis
607 1861 639 1880 ac
667 1856 820 1884 commodis
839 1859 969 1886 exuendi.

187 1893 263 1925 Quod
277 1893 350 1920 enim
362 1894 462 1922 attinet
477 1896 510 1923 ad
524 1896 705 1931 Scripturam.
718 1903 849 1935 tanquam
866 1902 969 1935 lumen.

185 1937 314 1965 Messiam
342 1941 554 1975 exspectabant.
577 1941 724 1978 Postquam
752 1950 844 1973 autem
878 1948 968 1980 venit.

187 1992 250 2019 spes
261 1984 302 2011 eis
318 1985 345 2012 in
362 1987 534 2014 contrarium
552 1989 651 2016 cecidit
666 1996 882 2025 :oppresserant
896 1994 969 2022 enim

184 2038 234 2057 eos
245 2031 364 2059 tenebrae
377 2031 412 2059 ob
430 2033 633 2062 inﬁdelitatem.
651 2035 817 2071 Resipiscite
833 2047 907 2074 ergo,
921 2041 968 2074 ait,

185 2077 400 2112 quamprimum,
413 2079 501 2107 donec
513 2081 603 2108 adhuc
614 2088 740 2116 superest
749 2084 826 2112 vobis
841 2087 969 2121 exiguum

187 2122 250 2156 quid
277 2125 408 2158 temporis
434 2125 468 2152 ad
487 2126 611 2154 divinum
640 2127 732 2156 lumen
762 2129 918 2164 fruendum,
935 2140 969 2161 ne

185 2174 232 2195 vos
247 2169 352 2202 peccati
378 2169 489 2205 obtegat
507 2171 607 2207 caligo.
628 2173 711 2201 necte
727 2182 791 2202 vero
814 2176 883 2204 dicit
905 2183 969 2212 post

1023 1579 1130 1613 ταλέγει
1141 1579 1234 1614 σαφῶς
1249 1580 1263 1606 ό
1279 1581 1395 1616 Χριστὸς
1413 1581 1442 1608 τὸ
1459 1581 1525 1616 βαθὺ
1540 1581 1587 1608 τοῦ
1603 1580 1683 1614 λόγου
1705 1582 1808 1615 μυστή-

1024 1633 1091 1661 ριον,
1107 1625 1176 1652 ἀλλὰ
1191 1625 1258 1661 πρὸς
1272 1626 1364 1661 ἕτερον
1382 1627 1464 1662 πηδᾷ,
1478 1626 1545 1661 όμοῦ
1559 1627 1607 1653 καὶ
1621 1627 1652 1653 τὸ
1667 1627 1806 1661 ὲπωφελὲς

1022 1671 1112 1703 αὐτοῖς
1130 1671 1314 1706 ἐξηγούμενος
1331 1673 1377 1699 καὶ
1391 1673 1497 1704 δεικνὺς
1515 1672 1567 1708 τὴν
1578 1672 1666 1700 αἰτίαν
1679 1673 1712 1699 δι’
1727 1673 1761 1708 ἢν
1775 1673 1806 1699 οὐ

1022 1715 1112 1742 νοοῦσι
1126 1717 1160 1743 τὰ
1172 1717 1201 1742 ὲν
1212 1718 1271 1749 ταῖς
1282 1717 1414 1752 Γραφαῖς,
1426 1719 1472 1744 καὶ
1486 1719 1526 1745 ὅτι
1540 1720 1564 1745 εί
1580 1719 1617 1753 μὴ
1632 1718 1806 1745 πιστεύσειαν

1022 1761 1096 1796 αὐτῷ
1109 1762 1178 1795 φωτὶ
1192 1762 1260 1794 όντι,
1283 1762 1413 1795 όλοτελῶς
1426 1763 1524 1795 αὐτοὺς
1547 1764 1578 1790 τὸ
1599 1764 1648 1799 τῆς
1668 1764 1805 1798 ἀγνωσίας

1021 1806 1204 1842 καταλήψεται
1220 1808 1325 1841 σκότος,
1340 1809 1387 1835 καὶ
1402 1809 1456 1836 τῶν
1472 1809 1505 1836 ὲκ
1519 1809 1566 1836 τοῦ
1590 1810 1679 1844 φωτὸς
1694 1809 1804 1844 ἀγαθῶν

1021 1852 1242 1888 στερηθήσονται.
1256 1854 1337 1880 Ὅσον
1353 1854 1408 1890 γὰρ
1426 1854 1481 1881 ἀπὸ
1495 1856 1544 1890 τῆς
1559 1855 1679 1890 Γραφῆς,
1695 1855 1734 1886 ὠς
1746 1855 1804 1890 φῶς

1021 1898 1192 1932 προσεδόκων
1201 1899 1247 1926 τὸν
1258 1900 1391 1927 Μεσσίαν.
1405 1900 1514 1936 Ἐπειδὴ
1525 1901 1554 1927 δὲ
1566 1898 1656 1936 ἦλθεν,
1672 1902 1711 1932 εἰς
1724 1901 1801 1927 τούν-

1020 1944 1109 1972 αντίον
1130 1945 1222 1977 αὐτοῖς
1231 1946 1320 1982 ἀπέϐη
1330 1947 1365 1974 τὰ
1375 1947 1426 1981 τῆς
1434 1947 1541 1978 ἐλπίδος
1551 1956 1557 1962 ·
1573 1947 1667 1978 σκότος
1684 1947 1739 1982 γὰρ
1754 1947 1802 1974 αύ-

1019 1990 1082 2022 τοὺς
1090 1991 1224 2018 κατέλαϐε
1231 1992 1274 2020 διὰ
1281 1992 1330 2028 τὴν
1338 1993 1476 2020 ἀπιστίαν.
1485 1993 1650 2029 ’Δνανήψατε
1659 1991 1716 2025 οὖν,
1723 1993 1801 2029 φησὶ,

1019 2035 1135 2071 ταχέως,
1161 2037 1214 2069 ἕως
1230 2037 1293 2072 ὑμῖν
1315 2038 1403 2070 ἔξεστι
1427 2039 1525 2074 μικρόν
1547 2047 1573 2065 τι
1589 2039 1641 2073 τῆς
1657 2038 1704 2065 τοῦ
1728 2038 1801 2065 θείου

1020 2081 1107 2115 φωτὸς
1122 2082 1208 2117 αὐγῆς
1228 2084 1384 2118 μετασχεῖν,
1402 2084 1446 2110 ἵνα
1462 2084 1499 2119 μὴ
1514 2084 1586 2119 ὑμᾶς
1599 2083 1649 2119 τῆς
1665 2083 1803 2119 ἁμαρτίας

1019 2127 1159 2164 καταλάϐῃ
1184 2128 1288 2161 σκότος.
1303 2129 1401 2161 Καλῶς
1421 2130 1450 2157 δὲ
1466 2128 1526 2156 εἷπε
1542 2130 1611 2165 μετὰ
1624 2129 1655 2156 τὸ
1675 2130 1732 2164 φῶς
1752 2131 1802 2165 τὴν

1020 2175 1143 2202 σκοτίαν·
1164 2176 1225 2202 κατ’
1249 2176 1320 2211 ἴχνος
1336 2176 1389 2212 γὰρ
1412 2176 1462 2211 τῆς
1481 2176 1528 2202 τοῦ
1550 2176 1638 2210 φωτὸς
1657 2176 1801 2211 ἀναχωρή-

186 2214 272 2240 lucem
291 2214 418 2242 tenebras
435 2224 442 2243 :
458 2217 592 2252 evestigio
611 2218 683 2246 enim
718 2228 827 2249 recessu
852 2223 964 2253 luminis

1027 2229 1087 2253 ῐεως
1100 2220 1200 2256 βαδίζει
1218 2221 1249 2248 τὸ
1268 2222 1373 2254 σκότος.
1391 2221 1483 2248 Εἰπὼν
1494 2221 1522 2248 δὲ
1543 2222 1590 2248 σὺν
1602 2222 1641 2257 τῷ
1661 2221 1755 2257 ᾶρθρῳ
1768 2222 1802 2249 τὸ

183 2260 338 2288 succedunt
373 2262 504 2290 tenebrae.
536 2262 636 2292 Dicens
663 2273 729 2293 vero
759 2275 820 2294 cum
849 2270 966 2299 articulo

184 2306 281 2336 tanien,
297 2305 420 2341 seipsum
434 2307 575 2342 indicavit,
590 2310 721 2344 quoniam
738 2311 798 2347 ipse
815 2314 892 2343 solus
903 2324 966 2344 vere

182 2354 226 2377 cst
242 2350 298 2377 lux.

219 2394 276 2429 ΧΠ,
290 2395 336 2424 ιο.
357 2396 509 2425 Excanduit
524 2399 605 2433 enim,
620 2401 672 2435 ait.
685 2410 776 2431 eorum
793 2405 894 2433 oculos.

219 2473 363 2503 Enimvero
378 2484 431 2504 non
446 2481 476 2505 ut
492 2477 675 2514 implerentttr
695 2482 825 2510 vaticinia
845 2485 965 2520 proiihe-

182 2522 272 2547 tarum
284 2519 370 2548 Judaei
385 2521 530 2550 Dominum
544 2525 706 2553 occiderunt
719 2526 781 2563 (hoc
795 2528 868 2555 enim
884 2519 965 2556 modo

181 2563 258 2600 impii
274 2574 329 2594 non
350 2566 492 2604 fuissent),
505 2568 552 2597 sed
573 2578 605 2598 ex
622 2573 733 2608 proprio
745 2574 848 2601 scelere
860 2582 892 2602 ac
906 2582 964 2602 ma-

182 2610 250 2638 litia.
262 2610 320 2639 Etsi
336 2613 409 2640 enim
425 2615 608 2650 praedixerant
622 2618 761 2653 propheta;
776 2627 837 2654 quae
852 2620 964 2647 omnino

181 2661 313 2685 eventura
328 2663 417 2694 erant,
429 2665 456 2688 et
474 2661 608 2689 nefarium
625 2671 658 2690 ac
672 2668 853 2699 spontaneum
870 2672 964 2692 eorutn

182 2702 329 2732 consilium
355 2711 495 2740 secutura,
517 2708 580 2736 ideo
614 2709 813 2744 praedixerunt,
833 2714 862 2737 ut
896 2711 964 2739 resi-

183 2747 321 2783 piscentes
335 2750 438 2780 diaboli
459 2752 549 2781 fossas
572 2754 754 2785 trausilireut.
770 2763 832 2781 cum
850 2763 963 2790 prorsus

183 2794 209 2820 iu
240 2798 373 2829 potestate
400 2803 473 2826 esset
500 2799 668 2827 audientium
691 2808 855 2835 prarcavcre.
872 2801 963 2833 Quare

183 2842 337 2870 necessaria
365 2844 516 2880 prmdictio.
538 2844 645 2874 Rursus
673 2845 787 2874 alterius
805 2846 962 2882 qumstiouis

1015 2266 1088 2302 φῶς,
1107 2268 1203 2295 ἑαυτὸν
1216 2267 1360 2303 ἐδήλωσεν,
1385 2269 1425 2295 ὅτι
1449 2269 1531 2302 αὑτός
1552 2270 1611 2296 ἐστι
1628 2269 1707 2304 μόνος
1729 2270 1801 2296 κατὰ

1016 2311 1145 2348 ἀλήθειαν
1158 2313 1189 2340 τὸ
1203 2312 1270 2347 φῶς.

1051 2389 1225 2424 rerume
1248 2390 1318 2425 γὰρ,
1348 2390 1445 2426 φησὶν,
1467 2390 1566 2418 αὐτῶν
1593 2390 1663 2424 τοὺς
1685 2391 1799 2425 ὀφθαλ-

1012 2445 1089 2470 μους

1050 2479 1106 2516 Οΰχ
1119 2480 1163 2509 ἵνα
1175 2481 1265 2508 τοίνυν
1278 2480 1442 2516 πληρώσωσι
1455 2480 1504 2513 τὰς
1519 2481 1686 2517 προφητείας
1697 2481 1723 2508 οἱ
1738 2482 1799 2509 ’ἰου-

1013 2526 1082 2553 δαῖοι
1095 2527 1242 2562 ἐφόνευσαν
1256 2527 1302 2554 τὸν
1314 2527 1416 2564 Κύριον
1425 2536 1432 2543 ·
1446 2528 1462 2564 ἢ
1476 2527 1530 2562 γὰρ
1540 2528 1573 2555 ἃν
1587 2528 1648 2555 οὔτε
1658 2529 1799 2562 δυσσεϐεῖς

1014 2570 1094 2608 ἦσαν·
1105 2573 1172 2601 ἀλλὰ
1184 2573 1327 2600 διὀῑκείαν
1339 2574 1492 2601 κακόνοιαν.
1501 2574 1532 2601 Εἰ
1540 2574 1594 2610 γὰρ
1609 2575 1655 2601 καὶ
1669 2576 1799 2610 προειπον

1013 2619 1038 2645 οἱ
1051 2619 1187 2654 προφῆται
1210 2619 1244 2646 τὰ
1264 2619 1308 2646 διὰ
1328 2619 1375 2654 τὴν
1393 2619 1516 2646 ἑκούσιον
1530 2620 1620 2647 αὐτῶν
1638 2620 1798 2647 δυσϐουλίαν

1014 2664 1119 2696 πάντως
1135 2665 1261 2699 ἐσόμενα,
1275 2665 1320 2691 διὰ
1340 2664 1419 2692 τοῦτο
1439 2666 1579 2701 προεῖπον,
1597 2666 1641 2692 ἴνα
1657 2666 1682 2692 οἱ
1698 2667 1797 2702 νήφον-

1013 2720 1058 2743 τες
1076 2711 1264 2747 διαπηδήσωσι
1285 2713 1348 2744 τοὺς
1369 2712 1416 2739 τοῦ
1439 2713 1564 2740 διαὸόλου
1584 2713 1715 2749 βόθρους’
1738 2713 1798 2746 ἐξὸν

1013 2756 1067 2791 γὰρ
1081 2759 1190 2788 πάντως
1206 2758 1262 2788 τοῖς
1285 2757 1413 2784 ἀκούουσι
1432 2758 1478 2784 καὶ
1497 2759 1677 2793 φυλάξασθαι.
1692 2759 1738 2786 Διὸ
1751 2760 1797 2785 καὶ

1012 2802 1147 2836 ἀναγκαία
1170 2803 1186 2836 ἡ
1214 2803 1375 2838 πρόρρησις.
1407 2803 1491 2830 Πάλιν
1519 2804 1612 2839 ἑτέρου
1641 2805 1795 2839 ζητήματος

1013 2847 1102 2879 λύσις·
1118 2847 1158 2874 ὅτι
1177 2848 1225 2883 οὐχ
1246 2848 1259 2874 ὁ
1279 2849 1344 2880 Θεὸς
1364 2849 1501 2884 ἐτύφλωσε
1517 2850 1579 2882 τοὺς
1600 2850 1760 2882 Ἰουδαίους·
1779 2848 1795 2885 ἦ
