1906 3037
677 123 698 132 ,-

107 193 139 220 97
503 191 535 219 ΙΝ
555 192 724 220 «ΙΟΛΝΝΕΜ.
741 206 775 212 -
794 189 859 219 LIB.
882 188 924 215 νιι
946 188 988 216 ΕΤ
1010 188 1066 216 VIII
1085 187 1306 217 FRAGMENTA.
1695 190 1733 219 93

107 249 162 284 γὰρ
176 248 209 275 ἂν
223 247 286 275 οὕτε
306 248 405 284 ἀπῄτει
416 249 513 280 αὖτοὺς
530 249 655 281 εὐθύνας,
672 249 740 276 ὅπου
754 256 786 282 γε
799 247 846 274 καὶ
859 245 895 272 τὰ

949 245 1046 273 solutio
1062 253 1068 271 :
1084 245 1157 281 quod
1183 246 1255 274 Deus
1279 253 1334 273 non
1359 246 1508 274 excecavit
1530 246 1652 282 Judmos,
1682 256 1733 277 nee

107 294 224 322 ἑκούσια
251 297 390 330 συγχωρεῖ
418 295 586 330 πταίσματα.
610 294 640 322 Ὁ
668 295 696 322 δὲ
718 294 779 326 νοῦς
803 292 898 323 οὕτως.

115 342 161 374 Ὦς
178 341 234 377 γὰρ
244 342 298 369 ἀπὸ
317 342 386 369 Θεοῦ
401 341 549 377 λαληθέντα
561 341 596 368 τὰ
617 342 727 377 ῥήματα
745 340 759 366 6
788 338 900 369 Ἡσαΐας

107 388 255 424 προφέρει.
276 388 338 415 Ἐὰν
355 388 477 423 γένωμαι
494 387 637 423 ἄνθρωπος
652 387 699 414 καὶ
720 385 807 420 οἰκείᾳ
824 384 899 418 φωνῇ

108 434 293 470 ἐξηγήσωμαι
310 434 374 469 ὑμῖν
391 433 426 461 τὰ
451 433 596 468 λυσιτελῆ,
617 432 678 459 οὐδέ
707 431 794 462 οὕτως
818 429 900 456 ἀκού-

109 481 175 508 σετε
210 488 272 516 μου,
296 479 390 515 ὥσπερ
416 479 476 507 ούδέ
493 478 547 506 τῶν
571 477 729 514 προφητῶν·
752 476 812 503 οὺδέ
837 476 900 502 ὅταν

110 525 187 561 “qu
209 525 244 554 τὰ
265 525 336 561 ὑπὲρ
352 524 432 559 λόγον
457 525 577 560 σημεῖα,
602 523 678 550 οὐδὲν
708 523 741 549 ἐκ
761 521 808 548 τοῦ
835 521 900 548 ἰδεῖν

109 571 335 607 ὠφεληθήσεσθε.
359 571 414 598 Καὶ
430 570 510 596 τοῦτο
532 569 609 605 δηλοί
625 569 667 599 τὸ,
695 577 704 594 ι
729 568 765 594 Οὐ
790 567 828 603 μὴ
844 566 900 602 ῐδη-

109 625 153 644 τι.
173 627 182 643 ι
212 617 250 644 οὐ
275 617 328 652 γὰρ
348 613 424 643 εἶπεν
441 615 481 643 ὅτι
501 615 629 651 Πωρώσω
649 614 738 641 αὐτῶν
764 613 813 645 τὰς
834 622 901 648 καρτ

109 663 182 695 δίας.
208 663 256 690 καὶ
281 661 414 697 τυφλώσω
436 662 499 693 τοὺς
522 660 694 696 ὀφθαλμοὺς,
711 659 768 689 ἀλλ’
782 660 822 687 ὅτι
840 659 900 686 Κᾶν

111 708 261 743 ἀκούσητε,
272 707 302 733 ού
320 707 357 743 μὴ
374 706 525 742 ἀκούσητε·
541 706 592 733 κᾶν
613 705 698 740 ἴδητε,
715 705 744 732 οὐ
760 706 796 741 μὴ
814 705 899 740 ἴδητε,

111 756 157 782 ἵνα
175 754 213 789 μὴ
242 752 459 788 ἐπιστραφέντας
486 752 615 787 ἰάσωμαι.
640 752 672 778 Εἰ
697 751 751 786 γὰρ
781 751 900 786 ἥκουσαν

110 801 161 828 καὶ
181 799 250 826 εἶδον
270 800 354 834 ὅνπερ
379 798 464 833 ἐχρῆν
484 797 601 833 τρόπον,
630 797 724 832 ἔτυχον
741 796 774 824 ἂν
792 797 901 828 πάντως

110 846 257 882 ὠφελείας.
274 844 377 874 Οὐκοῦν
390 845 422 870 οὺ
443 844 577 879 τιμωρίας
601 843 752 877 ἀναγκαίας
776 843 832 878 ἔχει
850 842 899 878 δή·

110 892 195 919 λωσιν
211 893 225 918 ὁ
243 890 332 925 λόγος,
343 889 404 916 οὐδὲ
420 889 482 924 ὅρον
497 888 723 920 καταδικάζοντος
747 887 795 914 καὶ
814 896 899 914 κατα-

950 291 1023 319 enim
1039 299 1134 326 poenas
1151 292 1186 319 ab
1207 292 1250 320 eis
1270 292 1454 327 repetivissct,
1471 293 1582 328 quando
1596 298 1622 321 et
1639 294 1734 322 volun-

951 338 1037 365 tarios
1073 339 1212 366 condonat
1238 338 1375 366 interdum
1398 338 1502 374 lapsus.
1524 339 1606 374 ποθ
1631 339 1734 367 Sensus

950 390 1016 411 vero
1038 383 1197 418 bujusmodi
1227 387 1280 411 est.
1303 383 1370 411 Nam
1396 384 1471 411 velut
1495 392 1510 412 a
1544 384 1599 412 Deo
1627 385 1734 420 prolata

950 430 1034 457 verba
1049 429 1134 457 Isaias
1147 430 1268 465 profert:
1284 430 1312 458 Si
1327 431 1410 458 homo
1426 430 1515 458 factus
1530 430 1618 462 fuero,
1632 435 1658 458 et
1672 438 1736 465 pro-

950 475 1010 510 pria
1026 483 1093 504 voce
1114 476 1192 503 utilia
1213 477 1291 504 vobis
1313 483 1478 511 exposuero,
1499 484 1534 504 ne
1557 476 1597 504 sic
1622 476 1733 511 quidem

951 529 994 549 me
1023 521 1151 556 audietis,
1178 523 1412 557 quemadmodum
1439 531 1528 557 neque
1556 522 1732 558 prophetas:

950 574 1041 602 neque
1054 574 1116 596 cum
1139 568 1266 596 videritis
1283 568 1361 603 signa
1377 576 1460 604 supra
1483 569 1632 596 humanam
1648 569 1735 596 ratio-

950 619 1026 644 nem,
1038 613 1187 648 quidquam
1204 614 1282 642 vobis
1294 614 1398 642 vidisse
1416 614 1558 649 profuerit.
1577 613 1610 642 Et
1624 614 1676 642 hoc
1691 614 1735 641 in-

949 657 1022 684 dicat
1045 657 1123 690 illud,
1144 667 1154 683 ι
1176 666 1231 686 non
1251 658 1388 686 videritis.
1411 668 1420 684 ι
1443 658 1536 694 Neque
1557 659 1629 686 enim
1653 658 1733 690 dixit,

949 700 1088 729 lndurabo
1106 710 1203 730 eorum
1227 703 1323 733 corda,
1343 707 1371 729 et
1397 703 1541 730 exemcabo
1564 703 1672 734 oculos.
1687 702 1734 730 sed

950 747 1167 782 quia,Quamvis
1191 748 1347 780 audieritis,
1366 749 1553 783 nequidquam
1578 749 1734 781 audieritis,

949 800 977 822 et
999 795 1127 829 quamvis
1153 795 1291 825 videritis.
1313 802 1367 821 non
1385 794 1521 826 videritis,
1545 802 1579 822 ne
1607 795 1734 822 conversi

949 840 1101 868 remedium
1128 848 1142 867 a
1167 849 1209 868 me
1237 841 1390 875 accipiatis.
1416 840 1446 868 Si
1461 841 1534 868 enim
1553 841 1735 870 audissentet

951 886 1124 922 aspexissent
1149 894 1204 922 quo
1230 887 1322 914 decuit
1342 886 1435 920 modo,
1455 887 1570 915 omnino
1587 888 1735 916 utilitatem

109 937 302 974 ψηφιζομένην
327 935 382 962 τῶν
410 935 555 966 Ἰουδαίων,
580 933 648 961 ἀλλὰ
673 934 727 960 τῶν
753 933 895 969 χρησίμων

950 933 1151 968 percepissent.
1170 932 1255 967 Igitur
1282 939 1336 959 non
1357 932 1584 967 signiﬁcationem
1606 939 1735 960 necessa-

111 984 174 1011 ἐστὶ
192 981 419 1018 προαγγελτικός.
435 980 512 1016 ᾜδει
532 980 585 1014 γὰρ
602 980 674 1006 ποῖοι
695 978 805 1014 ἔμελλον
824 979 897 1013 γίνε-

110 1028 187 1060 σθαι,
211 1028 258 1054 καὶ
274 1027 433 1061 ἀπεφήνατο
447 1025 511 1061 περὶ
532 1024 621 1051 αὐτῶν
632 1033 638 1039 ·
661 1024 731 1060 πλὴν
746 1024 806 1053 οὺδέ
827 1024 898 1052 κατὰ

111 1074 224 1102 πάντων
241 1074 326 1108 χωρεῖ
345 1074 358 1099 6
375 1072 466 1106 λόγος,
490 1071 559 1100 ἀλλὰ
577 1071 648 1098 κατὰ
668 1071 757 1106 μόνων
771 1070 824 1098 τῶν
834 1071 898 1098 ἀπί-

111 1129 195 1153 στων,
212 1120 306 1146 πολλοὶ
327 1119 382 1155 γὰρ
407 1118 624 1145 πεπιστεύκασιν
649 1117 678 1149 ἐξ
700 1117 807 1144 αὐτῶν
827 1116 898 1144 οὕτω

111 1165 163 1201 μὲν
177 1162 224 1191 οὖν
236 1163 420 1190 ἐκδεδώκασιν
435 1164 459 1189 οἱ
474 1163 687 1198 Ἐὸδομήκοντα.
705 1162 787 1194 Εἰκὸς
802 1162 841 1194 δέ,
856 1162 897 1188 δτι

110 1213 125 1238 6
143 1209 341 1246 εύαγγελιστὴς
367 1211 400 1245 τῇ
422 1208 556 1244 Ἐϐραίων
575 1208 679 1236 ἐκδόσει
711 1207 898 1242 ἀκολουθήσας

110 1258 213 1292 ἑτέρως
239 1257 339 1292 ἐχούσῃ
355 1255 430 1291 παρὰ
451 1255 502 1291 τὴν
525 1254 580 1282 τῶν
599 1255 815 1290 Ἐἦόομήκοντα,
838 1252 897 1281 εῐπε

110 1303 152 1335 τὺ,
169 1303 219 1330 Διὰ
235 1303 314 1329 τοῦτο
336 1303 386 1328 οὐκ
400 1301 532 1336 ἠδύναντο
550 1301 699 1334 πιστεύειν,
718 1300 812 1335 ἐπειδὴ
835 1300 897 1327 ἐτύ-

111 1349 218 1382 φλωσεν
246 1348 357 1379 αὐτούς·
377 1348 424 1374 καὶ
451 1347 512 1374 ὅσον
538 1347 587 1382 μὲν
609 1347 642 1373 ἐκ
666 1346 717 1381 τῆς
742 1346 898 1380 προφανοῦς

110 1395 222 1427 λέξεως.
240 1395 290 1421 οὐκ
306 1395 415 1430 εἴρηκεν
431 1395 473 1421 ὅτι
492 1394 506 1420 ό
526 1393 595 1425 Θεὸς.
608 1392 762 1427 ἐτύφλωσεν
780 1392 895 1425 αὐτούς’

110 1440 186 1471 εἰκὸς
200 1439 240 1472 δὲ,
256 1441 296 1467 ὅτι
317 1441 397 1472 ἄλλος
418 1440 498 1467 τοῦτο
513 1440 624 1476 ἐποίησε
642 1440 710 1476 πρὸς
724 1440 754 1467 τὸ
768 1440 895 1476 ἐπιστρέ-

109 1486 160 1520 ψαι
186 1486 252 1516 τοὺς
276 1485 418 1518 Ἰουδαίους
435 1486 480 1512 καὶ
504 1488 596 1521 τυχεῖν
619 1486 727 1518 ἰάσεως.
751 1487 783 1512 Ei
805 1486 832 1513 δὲ
848 1486 896 1513 καὶ

110 1531 244 1567 δεξόμεθα
259 1532 301 1558 ὅτι
316 1532 330 1558 6
354 1532 419 1563 Θεὸς
434 1532 599 1567 ἐτύφλωσεν,
623 1533 695 1559 οὕτω
710 1534 835 1568 νοητέον,
855 1534 895 1560 ὅτι

110 1577 311 1613 παρεχώρησεν
327 1579 425 1609 αὐτοὺς
444 1578 541 1604 παθεῖν
558 1578 606 1614 τὴν
622 1578 758 1613 τύφλωσιν
782 1579 834 1605 ὑπὸ
847 1580 894 1606 τοῦ

109 1622 248 1655 διαϐόλου,
271 1623 322 1650 οὐκ
343 1623 462 1658 ἀγαθοὺς
483 1623 563 1656 ὄντας
588 1624 637 1660 τὴν
654 1624 719 1657 ἕξιν.
744 1625 822 1651 Οῦτω
843 1625 897 1660 γὰρ

110 1669 297 1705 παραδίδωσιν
314 1670 353 1700 εἰς
372 1669 502 1704 ἀδόκιμον
519 1669 582 1696 νοῦν
606 1671 653 1696 καὶ
673 1671 713 1702 εὶς
727 1671 812 1702 πάθος
835 1671 898 1703 τοὺς

108 1714 318 1750 ὁμοιοτρόπους.
336 1715 381 1741 Ἐν
406 1711 428 1749 ᾧ
448 1715 477 1742 δέ
500 1716 616 1742 τοιοῦτοι
639 1713 717 1751 ἦσαν,
743 1716 773 1743 οὺ
795 1716 898 1744 δίκαιον

108 1758 143 1795 ἦν
164 1760 264 1792 αὐτοὺς
279 1760 381 1794 γνῶναι
397 1759 444 1787 τοῦ
469 1760 618 1796 μυστηρίου
639 1761 670 1787 τὸ
691 1760 773 1796 βάθος
793 1762 841 1788 καὶ
864 1761 898 1788 τὰ

108 1806 234 1842 κρύφια,
256 1806 319 1838 τοὺς
342 1806 409 1842 μηδέ
424 1805 473 1838 τὰς
492 1806 608 1841 νομικὰς
634 1807 744 1836 ἐντολὰς
765 1807 892 1843 διατηρή-

109 1860 223 1883 σαντας.
243 1851 319 1878 Ἐπεὶ
339 1849 386 1878 οὖν
407 1850 469 1878 οὔτε
483 1851 528 1878 τὸν
549 1851 641 1886 νόμον,
657 1851 718 1878 οὔτε
732 1852 766 1878 τὰ
781 1852 898 1886 εὐαγγε-

107 1897 173 1924 λικὰ
185 1897 313 1930 ἐδέξαντο
324 1897 506 1932 διατάγματα,
520 1898 565 1924 τὸν
583 1897 632 1933 τῆς
649 1898 769 1930 διανοίας
784 1898 896 1934 μύοντες

107 1942 259 1978 ὀφθαλμὸν,
283 1943 327 1972 διὰ
339 1943 417 1972 τοῦτο
433 1943 463 1971 οὐ
479 1943 600 1979 δέχονται
620 1944 669 1980 τὴν
682 1944 798 1979 φωτίσαι
818 1945 897 1972 δυνα-

109 1989 196 2024 μένην
211 1989 309 2021 αὐτοὺς
324 1989 473 2018 παίδευσιν.

146 2077 243 2103 Ταῦτα
265 2076 299 2103 δὲ
315 2074 398 2105 εἶπεν
420 2075 549 2109 Ἡσαΐας,
573 2076 622 2102 ὅτε
644 2073 704 2103 εἶδε
728 2075 785 2110 τὴν
803 2076 895 2109 δόξαν

106 2123 213 2153 αἰτοῦ.
226 2123 274 2150 καὶ
288 2123 423 2150 ἑλάλησε
434 2122 499 2156 περὶ
513 2121 617 2149 αὐτοῦ.
677 2115 688 2121 ’

143 2170 206 2196 Ὀτι
239 2169 288 2204 μὲν
308 2167 354 2194 οὖν
377 2168 423 2196 τὸν
442 2167 505 2194 Υίὺν
521 2169 535 2194 ὁ
555 2170 697 2203 προφήτης
719 2167 844 2196 τεθέαται
867 2169 895 2195 ὲν

105 2217 140 2251 τῇ
156 2215 221 2250 δόξῃ
241 2213 288 2240 τοῦ
315 2213 382 2240 Θεοῦ
408 2213 456 2239 καὶ
479 2205 603 2248 Πατρὸς,
621 2214 670 2240 οὐκ
692 2213 725 2240 ἃν
749 2213 894 2240 ἐνδοιάσειέ

104 2269 160 2293 τις,
191 2260 316 2287 Ἰωάννου
332 2259 484 2294 γράφοντος
501 2259 623 2294 ἐναργῶς
647 2260 712 2296 περὶ
738 2259 832 2293 αὐτοῦ,
852 2260 891 2287 ὅτι
910 2278 931 2306 D

103 2307 193 2334 ταῦτα
220 2304 295 2333 εἶπεν
325 2306 457 2337 Ἡσαΐας,
481 2305 522 2331 ὅτι
547 2302 600 2332 εἶδε
626 2305 675 2341 τὴν
700 2304 777 2338 δόξαν
797 2305 890 2333 αὑτοῦ.

107 2353 205 2388 ’Δθρει
218 2352 246 2379 δέ
267 2360 312 2387 μοι
327 2351 378 2386 τῆς
393 2351 562 2386 θεοπρεποῦς
576 2351 712 2387 ὑπεροχῆς
728 2351 760 2378 τὸ
772 2350 891 2387 ἀξίωμα,

105 2400 154 2427 καὶ
176 2399 208 2425 τὺ
232 2398 304 2425 κατὰ
328 2398 420 2433 πάσης
434 2397 571 2434 ὑπεροχῆς
584 2398 694 2433 κράτος,
713 2398 741 2424 '0
768 2398 817 2433 μὲν
838 2400 893 2434 γάρ

104 2447 180 2473 ἐστιν
200 2445 243 2479 ἐφ’
258 2443 362 2479 ὑψηλοῦ
375 2452 406 2470 τε
420 2443 468 2469 καὶ
489 2443 645 2478 ἐπηρμένου
663 2443 758 2478 θρόνου
771 2445 828 2476 τοῖς
843 2446 892 2480 τῆς

104 2491 245 2527 βασιλείας
260 2488 492 2525 εὐπρεπεστάτοις
510 2489 664 2524 αὐχήμασιν
681 2487 711 2516 εὖ
734 2489 806 2524 μάλα
826 2498 893 2517 κατ-

103 2536 289 2572 ἐστεμμένος·
304 2537 332 2562 αἱ
352 2535 381 2562 δὲ
403 2534 538 2562 ἁνώταται
552 2535 681 2571 δυνάμεις
695 2536 755 2571 μεθ’
767 2536 800 2568 ἃς
815 2536 891 2563 οῦδὲν

104 2582 236 2608 ἐπέκεινα
254 2580 308 2607 τῶν
332 2579 454 2615 γενητῶν
472 2577 543 2607 εῖναι
557 2580 677 2614 λέγεται,
702 2580 794 2617 κύκλῳ
811 2589 890 2618 περι-

103 2626 215 2658 εστῶσι,
230 2625 306 2658 τάξιν
323 2626 434 2661 ἔχουσαι
447 2625 497 2661 τὴν
515 2625 653 2661 οἰκετικὴν
666 2627 712 2653 καὶ¹
727 2627 788 2658 ταῖς
804 2627 892 2662 εὐφη-

104 2674 182 2708 μίαις
201 2673 460 2708 καταγεραίρουσαι.
489 2672 549 2708 Χρὴ
574 2672 604 2699 δὲ
632 2672 835 2709 ὑπολαμϐάνειν
862 2675 892 2701 ἐν

101 2720 226 2751 τοπικοῖς
248 2718 378 2754 ὑψώμασι
397 2719 441 2745 τὸν
467 2719 538 2745 θεῖον
556 2718 679 2745 τίθεσθαι
693 2719 787 2754 θρόνον
810 2720 891 2746 οὐδα-

103 2765 162 2800 μῶς
174 2773 181 2781 ·
200 2764 300 2800 εὔηθες
317 2765 373 2800 γὰρ
391 2764 421 2791 τὸ
445 2764 516 2792 οὕτω
535 2765 613 2792 νοεῖν.
636 2765 720 2800 ’Υψοῦ
741 2766 770 2793 δὲ
793 2767 807 2792 ὁ
820 2766 890 2799 θεῖος

101 2811 220 2839 τέθειται
238 2811 345 2847 θρόνος,
366 2811 434 2837 καθὸ
456 2811 505 2838 καὶ
528 2812 627 2838 νοεῖται
648 2811 739 2848 πάσης
762 2812 889 2840 ἐπέκεινα

135 2899 159 2916 "
178 2899 259 2928 Joan.
278 2907 312 2933 ι,
331 2899 375 2927 43.

951 979 999 1005 ria:
1021 978 1136 1006 ultionis
1151 986 1242 1005 sermo
1257 986 1314 1014 pne
1335 986 1365 1006 se
1382 978 1446 1012 fert,
1463 986 1552 1013 neque
1569 978 1737 1007 determina-

950 1028 1005 1051 tam
1021 1024 1258 1052 condemnationis
1279 1025 1306 1052 in
1324 1024 1434 1052 Judazos
1449 1025 1595 1057 rationem,
1611 1025 1658 1051 sed
1682 1024 1735 1052 vim

950 1078 983 1098 ac
1005 1070 1154 1098 efficaciam
1184 1071 1262 1098 utilia
1289 1070 1474 1106 praemonendi
1504 1071 1597 1098 habet.
1616 1070 1736 1098 Noverat

950 1117 1024 1144 enim
1043 1116 1139 1151 quales
1153 1115 1237 1144 futuri
1252 1120 1342 1148 erant,
1357 1121 1384 1144 et
1407 1116 1441 1144 de
1462 1111 1516 1143 illis
1533 1117 1734 1152 pronuntiavit,

951 1169 1109 1196 quanquam
1127 1169 1183 1188 non
1205 1161 1239 1188 ad
1262 1168 1358 1189 omnes
1377 1162 1496 1196 pertinet
1514 1168 1616 1195 sermo,
1633 1161 1681 1189 sed
1702 1162 1735 1189 ad

950 1206 1026 1233 solos
1049 1206 1184 1238 inﬁdeles,
1203 1206 1280 1234 mulli
1296 1206 1368 1233 enim
1384 1213 1417 1234 ex
1439 1206 1473 1234 iis
1492 1207 1672 1235 crediderunt
1685 1207 1709 1223 "
1727 1216 1734 1234 :

951 1251 992 1278 sic
1009 1250 1094 1285 igitur
1119 1251 1266 1278 ediderunt
1295 1250 1484 1286 Septuaginta.
1509 1250 1666 1279 Verisimile
1692 1255 1735 1279 est

950 1303 1016 1323 vero
1042 1296 1243 1331 evangelistam
1271 1295 1447 1324 Hebraeorum
1477 1297 1626 1324 editionem
1654 1305 1733 1325 secu-

950 1348 1007 1370 tum
1033 1349 1048 1368 a
1072 1340 1252 1377 Septuaginta
1268 1342 1421 1374 diversam.
1434 1342 1540 1370 dixisse
1567 1343 1651 1375 lioc,u
1667 1342 1735 1370 Pro-

952 1391 1045 1422 pterea
1063 1394 1118 1414 non
1133 1390 1261 1421 poterant
1276 1387 1399 1420 credere,
1411 1388 1476 1422 quia
1490 1389 1637 1416 excaecavit
1645 1396 1692 1416 eos
1708 1399 1731 1416 :o

948 1436 976 1459 et
994 1431 1085 1467 quoad
1101 1436 1225 1467 apertam
1242 1431 1391 1460 dictionem
1413 1440 1467 1460 non
1492 1433 1560 1460 dixit
1579 1441 1735 1462 exeat-asse

950 1477 1043 1513 ipsos;
1057 1485 1106 1512 par
1118 1481 1160 1506 est
1173 1482 1265 1506 autem
1281 1478 1366 1505 alium
1382 1478 1435 1505 hoc
1450 1477 1561 1512 fecisse,
1575 1484 1604 1506 ut
1620 1487 1735 1507 conver-

951 1528 1075 1552 terentur
1105 1523 1213 1557 Judasi,
1236 1529 1263 1552 ct
1294 1524 1461 1552 medicinam
1487 1532 1734 1561 consequeremur.

951 1571 1028 1604 Quod
1049 1571 1072 1599 si
1096 1571 1268 1606 accipiamus
1293 1570 1378 1598 Deum
1395 1579 1557 1604 excaecasse,
1570 1572 1610 1600 sic
1632 1573 1735 1601 intelli-

948 1617 1077 1653 gendum,
1095 1617 1256 1652 permisisse
1269 1624 1318 1644 eos
1340 1617 1395 1652 pati
1413 1618 1564 1645 caecitatem
1581 1627 1596 1645 a
1611 1619 1733 1653 diabolo,

947 1664 1012 1699 quia
1038 1663 1104 1691 boni
1122 1671 1177 1690 non
1193 1667 1287 1691 essent
1310 1663 1414 1691 habitu.
1433 1663 1479 1690 Sic
1505 1664 1578 1691 enim
1604 1666 1688 1692 tradit
1706 1666 1733 1694 in

948 1710 1094 1745 rcprobam
1122 1714 1254 1742 mentem,
1274 1714 1301 1736 et
1323 1709 1350 1736 in
1376 1710 1562 1738 cnlmnitatem
1587 1711 1611 1738 ei
1627 1712 1734 1740 similes

947 1757 1083 1784 moribus.
1099 1755 1226 1789 Quandiu
1252 1764 1318 1783 vero
1337 1756 1404 1783 tales
1423 1761 1521 1789 erant,
1542 1765 1597 1784 non
1624 1765 1733 1794 aquum

946 1807 1006 1830 erat
1021 1802 1061 1831 eis
1083 1802 1291 1830 communicare
1310 1802 1480 1829 altitudinem
1503 1806 1529 1830 et
1554 1803 1645 1831 abdita
1674 1812 1734 1840 my-

946 1849 1036 1882 sterii,
1053 1849 1098 1884 qui
1127 1856 1161 1875 ne
1184 1847 1294 1883 quidem
1322 1848 1411 1882 legum
1437 1853 1573 1884 prmecpta
1590 1849 1733 1878 observas-

946 1899 1017 1923 scnl.
1033 1895 1149 1928 Quando
1163 1902 1229 1922 vero
1244 1902 1333 1928 neque
1357 1894 1454 1930 legem,
1471 1902 1560 1930 neque
1573 1896 1732 1932 evangelica

946 1945 1081 1978 praecepta
1095 1944 1272 1976 exceperunt,
1287 1947 1414 1976 soporem
1431 1945 1459 1968 et
1470 1945 1614 1969 veternum
1631 1943 1732 1970 mentis

945 1988 1118 2016 nictantibus
1135 1988 1223 2015 oculis
1237 1988 1325 2023 passi,
1343 1991 1486 2022 propterea
1511 1995 1562 2015 nec
1579 1988 1732 2016 institutio-

946 2041 1019 2065 nem.
1032 2041 1092 2069 qua:
1106 2034 1168 2061 illos
1180 2033 1338 2060 illuminare
1354 2033 1425 2068 potis
1439 2033 1486 2066 sit,
1502 2033 1662 2062 admittunt.

983 2079 1039 2113 XII,
1053 2080 1096 2107 41.
1113 2080 1176 2107 Ha'c
1191 2087 1250 2106 vero
1263 2079 1331 2106 dixit
1352 2078 1451 2112 Isaias,
1467 2078 1573 2114 quando
1597 2079 1660 2106 vidit
1674 2080 1732 2115 θιὼ

945 2126 1014 2153 riam
1028 2125 1096 2160 ejus,
1111 2129 1135 2151 et
1150 2124 1182 2151 de
1196 2133 1225 2151 eo
1235 2120 1343 2151 iacula:
1358 2129 1407 2151 est.

981 2171 1059 2205 Quod
1079 2169 1178 2197 Filium
1206 2171 1338 2205 propheta
1355 2169 1532 2205 conspicatus
1547 2171 1583 2198 sit
1598 2170 1625 2197 in
1644 2171 1729 2206 gloria

945 2216 993 2244 Dei
1023 2220 1051 2244 et
1078 2216 1188 2247 Patris,
1212 2223 1292 2243 nemo
1322 2216 1454 2251 ambigit,
1482 2216 1634 2250 prmsertim
1667 2224 1729 2243 cum

944 2263 1065 2291 Joannes
1080 2263 1181 2290 diserte
1200 2262 1302 2289 scribat
1324 2261 1358 2289 de
1382 2269 1425 2294 eo,
1442 2262 1517 2297 quod
1545 2262 1602 2289 lucc
1628 2262 1730 2290 dixerit

946 2309 1044 2340 Isaias,
1062 2309 1128 2343 quia
1149 2308 1218 2335 vidit
1231 2307 1347 2343 gloriam
1360 2307 1432 2342 ejus.
1445 2307 1563 2335 Attende
1578 2315 1643 2335 vero
1662 2308 1729 2336 mihi

946 2356 1047 2383 divina:
1058 2354 1218 2383 eminentia:
1238 2354 1422 2389 majestatem,
1435 2358 1462 2381 et
1477 2354 1559 2389 710
1575 2353 1602 2381 in
1619 2361 1729 2382 Omnem

944 2402 1120 2430 eminentiam
1149 2399 1304 2435 imperium.
1330 2399 1377 2427 ille
1404 2400 1478 2427 enim
1506 2400 1533 2428 in
1556 2401 1665 2429 excelso
1697 2409 1730 2429 ac

945 2448 1055 2477 sublimi
1081 2447 1150 2475 solio
1174 2446 1250 2474 sedet
1269 2445 1427 2480 insignibus
1449 2447 1526 2482 regni
1544 2452 1626 2482 alque
1645 2455 1729 2475 orna-

945 2494 1046 2522 mentis
1075 2491 1218 2528 magniﬁce
1251 2491 1450 2523 circumdatus,
1475 2499 1556 2527 quem
1591 2499 1730 2527 supremae

945 2540 1083 2575 potentiae,
1100 2540 1172 2566 ultra
1189 2545 1258 2573 quas
1279 2541 1468 2565 creaturarum
1491 2538 1560 2565 nihil
1580 2544 1642 2566 esse
1661 2538 1729 2566 dici—

945 2591 1002 2618 tur,
1019 2586 1045 2612 in
1066 2585 1163 2612 ordine
1185 2583 1366 2612 famulantum
1388 2584 1609 2616 circumsistunt,
1623 2589 1650 2612 et
1669 2585 1729 2612 fau-

943 2632 994 2660 stis
1010 2631 1261 2658 acclamationibus
1280 2630 1462 2666 laudibusque
1477 2635 1656 2658 venerantur.
1669 2630 1728 2658 Cae-

944 2683 1031 2706 terum
1044 2685 1219 2712 nequaquam
1232 2677 1397 2704 censendum
1409 2681 1452 2705 cst
1470 2677 1551 2705 Iocali
1563 2677 1727 2704 celsitudine

943 2725 1066 2753 divinum
1084 2724 1184 2751 solium
1211 2724 1355 2755 constitui,
1371 2723 1397 2750 id
1422 2723 1495 2751 enim
1514 2723 1639 2758 cogitare
1666 2723 1725 2750 ine-

942 2776 1018 2807 plum
1037 2770 1129 2797 fuerit.
1147 2769 1176 2796 in
1192 2769 1303 2797 sublimi
1327 2776 1394 2797 vero
1408 2769 1530 2796 divinum
1546 2769 1645 2796 solium
1661 2775 1726 2796 con-

945 2816 1081 2848 stituitur,
1104 2814 1130 2842 in
1149 2819 1282 2850 quantum
1307 2815 1380 2842 ultra
1400 2822 1509 2843 omnem
1531 2819 1658 2843 naturam
1685 2815 1727 2842 in-
