1906 3037
238 151 287 177 107

751 151 777 176 S.
800 149 938 177 CYRlLIJ
957 151 1188 178 ALEXANDRINI
1209 152 1368 179 ARCHIEP.

1824 153 1872 179 108

236 209 329 238 utique
347 209 505 243 prophetam
526 209 571 244 qui
591 217 636 244 per
652 209 736 243 legem
753 209 920 242 pra-dieitur,
941 217 973 236 ex
991 218 1020 236 eo

1076 212 1273 246 εσχήκασιτοῖς
1289 211 1376 243 λόγοις
1395 209 1441 236 τοῦ
1470 210 1594 244 Σωτῆρος
1628 209 1706 244 ἡμῶν
1737 210 1871 244 Χριστοῦ,

236 256 308 288 quod
321 255 358 281 ait
376 255 427 282 sibi
442 262 455 281 a
468 255 522 281 Ileo
533 263 562 282 ac
575 255 654 281 Patro
669 255 732 288 quid
752 256 824 281 dieat
840 256 1021 290 suppeditari.

236 299 328 333 Neque
343 307 409 326 vero
436 299 581 334 quisquam
602 299 738 326 existimet
764 308 796 326 ex
820 309 852 327 eo
876 301 947 335 quod
971 301 1024 327 Do-

237 345 326 371 minus
341 344 378 370 ait
397 344 464 370 nihil
477 351 490 369 a
507 344 598 377 seipse
613 343 715 375 dicere,
731 345 777 370 sed
800 345 873 380 loqui
895 354 909 372 a
925 346 1022 379 Patre,

236 391 391 416 detrimenti
415 389 565 424 quidquam
593 390 717 424 accipere
740 399 830 425 posse,
858 393 916 420 sive
933 394 1023 428 quoad

237 440 369 462 rationem
386 436 572 465 ‘suhstanliie.
600 436 657 462 sive
685 437 756 470 quod
786 438 883 465 attinet
910 439 942 465 ad
971 438 1024 466 Deo

236 483 344 516 dignam
363 481 531 514 majestate!“
548 490 553 507 :
574 482 620 508 sed
640 481 704 508 illud
725 491 822 510 rursus
846 484 963 518 primum
979 493 1024 511 ('0-

235 528 311 561 gitet,
327 534 358 552 ac
374 525 534 559 rogantibus
550 526 628 552 nobis
649 527 824 561 respondeat,
846 532 937 555 utrum
961 537 1025 557 vero

235 579 257 598 ct
275 572 391 598 naturali
417 571 471 598 Deo
500 572 652 606 prophetia:
682 581 780 599 nomen
808 577 835 600 et
861 583 916 600 rem
937 575 1024 609 ipsum

235 617 383 644 convenire
404 621 500 652 putet;
519 618 593 652 atqui
612 626 691 644 nemo
710 627 763 645 non
783 619 893 652 dixerit,
915 621 1023 655 opinor,

235 664 395 690 incredibile
415 672 475 691 esse
496 663 580 691 lleum
605 665 764 700 prophetam
783 668 876 693 vocari
899 676 960 694 etilli
979 669 1024 703 qui

235 711 262 736 in
281 710 420 744 prophetis
437 710 577 744 loquatur.
600 720 608 735 ι
630 710 690 745 Ipse
707 713 778 738 enim
798 713 918 740 visiones
935 714 1027 740 multi-

237 756 358 790 plicarit,
376 761 404 782 ut
426 756 568 787 scribitur,
586 757 652 783 etin
679 758 806 785 inanibus
831 760 1026 793 prophetarum

234 802 405 828 assnnilatus
425 805 465 827 est
480 801 514 828 ⁵³.
535 810 543 826 ι
563 800 633 833 Quia
647 809 710 837 ergo
722 803 864 831 servitutis
880 805 990 831 nomine
1001 809 1026 831 et

236 848 323 874 lnrma
337 852 437 874 nostrae
449 847 636 874 similitmlinis
652 853 792 882 assumpta
802 850 834 875 ad
848 854 969 876 nostram
985 851 1024 877 si-

1076 257 1164 283 καίτοι
1187 256 1301 291 βοῶντος
1324 255 1486 290 ἀναφανδὸν,
1511 255 1548 286 ὡς
1578 255 1658 287 αὐτος
1679 255 1723 290 εἴη
1744 255 1870 289 σαφῶςᾼ

1075 303 1216 337 προφήτης
1249 302 1263 328 ὁ
1289 301 1333 328 διὰ
1361 302 1442 336 νόμου
1481 301 1738 336 χρησμῳδούμενος,
1761 301 1798 328 δι’
1837 298 1871 327 ὢν

1076 348 1179 381 ἔφασκε
1192 349 1246 379 τοῖς
1263 348 1338 383 παρὰ
1354 347 1399 374 τοῦ
1414 347 1481 374 Θεοῦ
1496 348 1543 373 καὶ
1560 347 1665 382 Harpe;
1683 347 1871 373 διακονεῖσθαι

1075 393 1174 428 λόγοις.
1190 393 1244 419 Καὶ
1267 394 1347 428 μήτις
1366 393 1464 419 οἰέσθω
1483 393 1512 419 τὸ
1535 393 1616 426 φάναι
1632 392 1677 419 τὸν
1699 392 1818 427 Κύριον,

1076 440 1120 473 ἀφ’
1152 439 1249 466 ἑαυτοῦ
1279 439 1328 473 μὲν
1342 439 1428 469 οὐδὲν,
1458 439 1583 465 λαλεῖται
1595 439 1622 465 δὲ
1645 438 1721 474 παρὰ
1749 439 1869 472 Πατρὸς,

1076 485 1176 511 ἀδικεῖν
1190 485 1271 511 αὑτὸν
1296 485 1425 511 δύνασθαι
1445 485 1515 511 κατά
1528 493 1554 511 τι
1576 484 1640 519 γοῦν
1666 485 1747 515 ὅλως,
1767 484 1785 519 ἢ
1803 485 1871 511 κατὰ

1075 531 1121 557 τὸν
1135 531 1181 564 τῆς
1202 530 1295 562 οὐσίας
1319 531 1415 565 αὐτῆς,
1446 531 1529 565 ἤγουν
1551 531 1591 561 εἰς
1618 530 1806 563 ἁξίας⁶λόγον
1827 531 1870 564 τῆς

1076 577 1244 612 θεοπρεποῦς
1257 585 1263 591 ·
1280 576 1348 602 ἀλλὰ
1371 576 1478 612 πρῶτον
1499 576 1548 611 μὲν
1567 577 1654 602 ἐκεῖνο
1672 576 1870 610 διενθυμείσθω

1076 631 1103 648 τε
1124 622 1215 654 πάλιν,
1232 621 1278 647 καὶ
1289 621 1391 655 λεγέτω
1403 621 1542 656 ἐρομένοις
1555 621 1620 656 ἡμῖν
1629 629 1635 635 ·
1647 619 1722 655 Ἆρα
1737 621 1795 656 γὰρ
1807 620 1870 655 πρέ-

1078 677 1138 694 πειν
1155 667 1277 702 οἱήσεταί
1297 677 1338 698 τις
1353 667 1393 702 τῷ
1405 676 1435 701 γε
1453 667 1520 698 ὅλως
1549 667 1605 693 ὄντι
1626 675 1655 693 τε
1670 667 1718 693 καὶ
1731 667 1869 702 νοουμένῳ

1077 714 1146 740 κατὰ
1174 714 1254 748 φύσιν
1279 713 1348 748 Θεῷ,
1371 713 1400 739 τὸ
1421 714 1470 748 τῆς
1490 713 1659 748 προφητείας
1671 713 1760 748 ὄνομά
1776 721 1805 739 τε
1825 714 1868 739 καὶ

1078 761 1214 795 πρᾶγμα;
1242 760 1330 786 καίτοι
1357 760 1409 790 πᾶς
1431 767 1472 790 τις
1488 756 1544 789 οὖν,
1564 757 1650 794 οἶμαι,
1672 758 1721 785 καὶ
1740 758 1798 784 τῶν
1813 758 1868 784 λίαν

1078 806 1197 842 εὺιερῶν
1215 807 1379 840 ἁποφήσειεν
1393 806 1436 836 ἂν,
1459 806 1590 832 ἀπίθανον
1607 803 1677 831 εἶναι
1696 804 1787 838 λέγων
1803 805 1867 830 ἁπο-

1079 852 1217 878 κα).εἶσοαι
1233 854 1375 887 προφήτην
1384 851 1430 877 τὸν
1441 852 1469 876 ὲν
1481 853 1632 885 προφήταις
1640 850 1778 876 λαλοῦντα
1792 849 1866 876 Θεόν.

235 892 415 919 militudinem
431 892 561 927 propheta
572 897 685 920 vocatus
696 898 748 925 est,
758 896 913 922 necessario
922 895 945 922 ei
955 904 1020 930 quo-

1078 909 1086 924 ι
1112 899 1197 930 Αὐτὸς
1224 900 1278 933 γὰρ
1296 898 1405 933 ὁράσεις
1429 896 1578 931 ἐπλήθυνε,
1599 896 1670 922 κατὰ
1692 896 1724 922 τὸ
1744 903 1868 930 γεγραμ-

234 947 287 973 que
303 939 343 965 lex
361 946 421 973 qua:
435 939 571 972 prophetae
587 940 752 966 conveniunt
769 941 902 972 attribuit,
915 943 965 968 hoe
983 949 1023 969 est

234 985 346 1011 audisse
373 984 474 1018 aliquid
497 993 510 1011 a
534 984 624 1016 Patre,
650 991 677 1012 et
700 987 858 1013 mandatum
883 989 1024 1022 accepisse

235 1031 315 1065 717
334 1031 398 1064 quid
412 1031 486 1057 dicat
514 1036 541 1057 et
557 1031 623 1065 quid
642 1031 779 1066 loquatur.
797 1034 846 1060 Cui
869 1035 1022 1062 addendum

235 1076 363 1107 arbitror,
386 1075 492 1103 Judicos
519 1077 587 1112 legis
608 1077 739 1112 opinione
764 1080 939 1107 vehementer
958 1089 1024 1115 pra:-

235 1124 397 1153 occupatus,
416 1119 437 1146 si
455 1128 514 1146 eam
531 1128 545 1146 a
568 1120 622 1147 Deo
639 1122 771 1156 prolatam
787 1115 856 1150 esse/
867 1125 1022 1158 crederent,

235 1165 386 1191 Salvatoris
409 1173 549 1193 sermones
571 1174 709 1201 nunquam
732 1174 911 1204 suscepturos
938 1171 1023 1199 fuisse

235 1211 261 1236 iu
273 1210 422 1244 spiritalem
433 1212 535 1238 cultum
547 1217 636 1239 vetera
649 1214 775 1241 mandata
787 1216 1021 1245 lmnsformantis.

235 1255 286 1283 Sed
305 1256 369 1291 quid
399 1265 488 1284 (ιουδῖὲ
512 1263 571 1284 erat
593 1267 643 1285 cur
661 1259 712 1293 ipsi
737 1260 842 1287 nollent
873 1262 1021 1296 ﬁgurarum

234 1301 266 1327 ad
286 1302 425 1328 veritatem
444 1303 716 1330 transforinationem
735 1306 896 1340 suseipere‘!
911 1307 1021 1336 Nescie-

235 1348 298 1375 bant
321 1347 402 1374 Deum
429 1356 490 1376 esse
517 1349 593 1376 illum
619 1351 770 1377 secundum
803 1356 940 1385 naturam,
972 1361 1022 1381 nec

233 1394 325 1421 animo
348 1394 493 1428 capiebant
517 1395 688 1430 unigenitum
717 1396 805 1424 Patris
830 1397 947 1425 Verbum
971 1408 1021 1427 no-

234 1445 319 1465 stram
341 1443 452 1473 propter
468 1447 518 1467 nos
533 1445 656 1475 gestasse
671 1449 794 1469 carnem.
817 1444 925 1478 Alioqui
948 1445 1020 1472 enim

234 1485 324 1510 statim
341 1483 394 1510 Deo
410 1485 623 1518 procumbentes
645 1490 671 1512 et
687 1494 852 1522 quocunque
875 1489 955 1516 vellet
971 1491 1021 1516 im-

234 1531 308 1562 pigre
326 1528 419 1562 delati,
435 1531 644 1558 convenientem
667 1532 693 1558 ei
711 1535 825 1567 gloriam
850 1540 1018 1564 servassent.

1076 945 1166 980 μένον,
1183 944 1229 971 καὶ
1254 945 1282 970 ἐν
1307 943 1385 979 χερσὶ
1401 942 1547 978 προφητῶν
1558 941 1699 976 ὡμοιώθη.
1720 951 1729 967 ι
1758 942 1866 976 Ἐπειξη

1074 992 1163 1017 τοίνυν
1183 991 1211 1017 τί)
1233 991 1283 1025 τῆς
1303 991 1426 1021 δουλείας
1448 990 1532 1024 ὄνομα
1555 989 1601 1014 καὶ
1619 987 1714 1023 σχῆμα
1731 988 1785 1022 τῆς
1801 987 1866 1022 πρὸς

1074 1038 1148 1072 ἡμᾶς
1161 1037 1318 1072 ὁμοιότητος
1335 1035 1490 1067 ἀναλαϐὼν,
1505 1035 1565 1061 καθ’
1581 1034 1722 1069 ἡμετέραν
1736 1034 1866 1068 ὁμοίωσιν

1074 1084 1174 1119 ἐκλήθη
1190 1085 1343 1119 προφήτης,
1362 1082 1519 1116 ἀναγκαίως
1543 1081 1617 1115 αὐτῷ
1632 1081 1679 1107 καὶ
1695 1080 1730 1106 τὰ
1744 1079 1785 1114 τῷ
1803 1088 1865 1114 προ-

1075 1131 1145 1166 φήτῃ
1161 1130 1303 1165 πρέποντα
1325 1129 1511 1164 περιτέθεικεν
1526 1128 1540 1154 ὁ
1558 1126 1649 1160 νόμος,
1661 1125 1735 1152 τοῦτ’
1753 1125 1823 1155 ἐστι,
1837 1125 1865 1150 τὸ

1074 1176 1206 1204 πυθέσθαι
1222 1185 1246 1202 τι
1262 1175 1337 1210 παρὰ
1349 1175 1396 1202 τοῦ
1408 1174 1525 1209 Πατρὸς,
1548 1172 1658 1207 ἐντολήν
1673 1180 1704 1198 τε
1725 1170 1865 1205 εἰληφέναι

1072 1222 1098 1248 τί
1113 1223 1188 1256 εἴπῃ,
1215 1221 1261 1247 καὶ
1280 1220 1307 1246 τί
1339 1220 1453 1255 λαλήσῃ.
1472 1219 1542 1254 Πρὸς
1556 1217 1587 1247 δέ
1598 1226 1630 1251 γε
1645 1217 1733 1251 τούτῳ
1757 1217 1865 1242 κάκεῖνο

1073 1269 1159 1294 εἰπεῖν
1174 1268 1301 1302 οἰήσομαι
1327 1267 1382 1293 δεῖν
1393 1274 1399 1280 ·
1414 1267 1443 1292 ὲν
1463 1265 1545 1300 πολλῇ
1575 1263 1709 1299 προλήψει
1723 1262 1863 1296 γεγονότες

1080 1314 1200 1341 Ἰουδαῖοι
1215 1314 1279 1348 περὶ
1294 1313 1339 1339 τὸν
1354 1313 1445 1347 νόμον,
1465 1310 1629 1345 λελαλῆσθαι
1649 1309 1725 1344 παρὰ
1739 1309 1787 1335 τοῦ
1799 1307 1862 1334 Θεοῦ

1073 1360 1245 1391 πιστεύοντες
1259 1360 1349 1389 αὑτὸν,
1364 1359 1413 1385 οὑκ
1429 1358 1461 1385 ἂν
1477 1356 1657 1393 παρεδέξαντο
1672 1355 1718 1382 τοῦ
1739 1355 1863 1389 Σωτῆρος

1071 1408 1134 1437 τοὶς
1146 1405 1251 1439 λόγους,
1274 1406 1313 1436 εἰς
1338 1403 1529 1438 πνευματικὴν
1559 1401 1686 1437 λατρείαν
1713 1399 1863 1435 μεταπλατ-

1072 1460 1164 1482 τον-τος
1183 1452 1216 1478 τὰ
1243 1451 1328 1478 πάλαι
1353 1448 1531 1484 διωρισμένα.
1559 1448 1614 1474 Καὶ
1637 1447 1677 1478 τίς
1695 1447 1711 1480 ὴ
1727 1446 1862 1480 πρόφασις

1072 1497 1118 1524 τοῦ
1134 1497 1171 1532 μὴ
1189 1497 1276 1523 θέλειν
1288 1496 1387 1526 αὐτοὺς
1404 1493 1612 1529 παραδέξασθαι
1623 1492 1669 1519 τὸν
1679 1493 1719 1524 εἰς
1735 1491 1862 1526 ἀλήθειαν

1072 1543 1126 1569 τῶν
1143 1542 1236 1569 τύπων
1256 1541 1470 1576 μεταπλασμόνς
1501 1540 1558 1577 orm
1581 1539 1679 1574 ᾔδεσαν
1692 1537 1764 1564 κατὰ
1781 1537 1861 1571 φύσιν

235 1573 287 1599 Sed
303 1573 495 1600 existimabant
518 1575 610 1601 miseri
634 1584 716 1603 unum
744 1586 759 1605 e
778 1579 858 1606 nobis
875 1582 1019 1613 exsistere,

1073 1590 1137 1616 ὄντα
1165 1589 1241 1618 Θεὸν,
1264 1588 1320 1614 ἀλλ’
1336 1587 1395 1614 οὐδὲ
1410 1585 1482 1621 εἶχον
1505 1587 1545 1615 εἰς
1569 1584 1643 1616 νοῦν,
1663 1585 1704 1610 ὅτι
1720 1583 1806 1617 Λόγος
1825 1582 1862 1608 ὦν

233 1626 350 1653 eumque
371 1619 451 1646 homo
467 1620 556 1647 nudus
576 1628 608 1648 ac
626 1630 718 1649 merus
739 1629 820 1656 esset,
841 1630 948 1653 tantum
969 1627 1021 1654 sibi

234 1669 323 1691 tamen
341 1673 491 1697 assumere,
507 1671 536 1692 ut.
553 1672 578 1694 et
594 1667 666 1702 ipsas
684 1669 728 1695 Dei
749 1669 835 1698 Patris
851 1672 924 1706 leges
944 1681 1022 1700 ever-

234 1715 290 1738 tere
309 1712 433 1738 auderet.
452 1712 511 1744 Quo
528 1712 628 1740 factum
652 1719 693 1741 est
717 1721 745 1742 nt
771 1717 944 1752 impudenter
960 1729 1020 1747 eum

231 1757 400 1784 clamoribus
416 1758 605 1786 incesserent:
625 1769 633 1785 ι
661 1760 697 1787 De
718 1761 791 1789 bono
809 1770 892 1798 opere
908 1773 962 1792 non
987 1767 1023 1793 Ia-

234 1802 359 1836 pidamus
376 1808 412 1834 te,
427 1804 473 1830 sed
489 1804 522 1832 de
544 1805 712 1840 blasphemia
735 1816 740 1834 :
767 1814 793 1834 et
812 1810 874 1843 quia
891 1814 918 1837 tu
942 1811 1022 1840 homo

233 1854 294 1873 cum
308 1848 357 1879 sis,
374 1849 490 1882 teipsum
507 1849 574 1877 facis
593 1850 676 1878 Deum
692 1852 726 1879 ⁸⁵.
744 1862 752 1878 ι
777 1853 914 1889 Singulari
929 1857 1022 1892 itaque

233 1899 258 1921 et
273 1895 404 1930 praeclaro
424 1896 540 1922 consilio
559 1897 691 1924 Dominus
706 1904 801 1926 noster
821 1900 901 1928 Jesus
925 1903 958 1930 ab
975 1904 1021 1931 illa

233 1941 390 1974 Suspicione
406 1941 546 1969 auditores
562 1943 736 1976 abstraheus,
754 1949 884 1980 tanquam
909 1955 923 1973 a
948 1949 1020 1975 nuda

232 1991 259 2011 et
278 1986 334 2012 sola
360 1986 478 2013 humana
498 1995 615 2022 persona
644 1991 796 2017 orationem
828 1993 960 2020 transfert
986 1996 1020 2022 ad

231 2040 294 2059 eum
317 2032 364 2066 qui
392 2033 480 2066 palam
496 2039 522 2060 et
546 2035 606 2061 sine
629 2035 851 2064 contradictione
876 2038 1018 2074 adoretur,

235 2079 329 2110 Deum,
352 2078 475 2112 inquam,
492 2084 519 2106 et
544 2079 666 2113 Patrem,
681 2080 838 2109 Iudaeorum
864 2085 1018 2113 vecordiam

232 2125 306 2150 omni
325 2124 431 2151 ratione
449 2125 631 2158 confundens,
654 2131 680 2154 et
696 2128 779 2154 variis
801 2129 889 2158 modis
911 2131 1018 2166 ignaras

233 2175 336 2196 utentes
359 2174 493 2202 tractans,
511 2175 593 2205 atque
609 2171 644 2198 ad
666 2181 729 2199 vera
749 2178 777 2200 et
794 2177 1017 2205 convcnientiora

232 2215 361 2243 discenda
380 2216 533 2250 pelliciens.
555 2216 602 2245 His
618 2218 727 2251 quidem
743 2222 917 2250 sermonibus
930 2227 956 2250 ct
970 2224 1018 2251 ob-

1073 1634 1119 1661 τοῦ
1151 1634 1257 1669 Πατρὸς
1282 1634 1295 1659 ό
1322 1632 1477 1666 Μονογενὴς
1506 1631 1555 1666 τὴν
1575 1629 1713 1664 ἡμετέραν
1738 1629 1772 1655 δι’
1789 1629 1861 1662 ἡμᾶς

1075 1680 1217 1715 πεφόρηκε
1233 1679 1372 1714 σάρκα.Ἣ
1390 1678 1444 1713 γὰρ
1461 1677 1494 1704 ἂν
1511 1677 1592 1707 εὐθὺς
1607 1675 1790 1706 ὑποπεσόντες
1804 1673 1861 1708 Θεῷ

1073 1726 1141 1762 πρὸς
1165 1727 1218 1752 πᾶν
1236 1726 1324 1752 ὁτιοῦν
1347 1724 1480 1760 ἀμελλητὶ
1502 1722 1705 1758 μεθιστάμενοι,
1727 1720 1776 1755 τὴν
1789 1719 1861 1754 αὑτῷ

1073 1772 1231 1806 πρέπουσαν
1249 1770 1411 1804 διετήρησαν
1432 1768 1520 1801 δόξαν,
1545 1768 1639 1802 ᾬοντο
1653 1766 1681 1792 δὲ
1694 1764 1796 1799 μᾶλλον
1808 1763 1860 1789 τῶν

1073 1816 1132 1842 καθ’
1157 1817 1230 1850 ἡμᾶς
1256 1815 1280 1841 οἱ
1295 1815 1406 1841 δείλαιοι
1419 1814 1552 1848 ὑπάρχειν
1578 1812 1636 1843 ἕνα,
1652 1811 1698 1837 καὶ
1719 1810 1860 1844 ἄνθρωπον

1072 1861 1136 1888 ὂντα
1152 1861 1228 1895 ψιλδν
1248 1861 1381 1896 φρονῆσαι
1410 1859 1547 1890 τοσοῦτον,
1562 1858 1600 1889 ὡς
1622 1857 1668 1883 καὶ
1688 1855 1787 1885 αὑτοὺς
1801 1856 1859 1881 ἐπι-

1072 1909 1173 1942 χειρεῖν
1186 1907 1248 1938 τοὺς
1261 1907 1336 1942 παρὰ
1359 1906 1407 1932 τοῦ
1431 1905 1498 1932 Θεοῦ
1526 1904 1571 1930 καὶ
1590 1903 1696 1937 Πατρὸς
1710 1900 1858 1936 παραλύειν

1072 1954 1181 1988 νόμους.
1209 1953 1263 1979 Kal.
1293 1953 1358 1987 γοῦν
1385 1951 1498 1986 ἀναίδην
1521 1950 1640 1984 ἔφασκον
1664 1947 1734 1983 πρὸς
1764 1945 1857 1972 αὐτόν·

1075 2008 1084 2024 ι
1103 1999 1170 2034 Περὶ
1194 1997 1276 2025 καλοῦ
1301 1997 1382 2033 ἔργου
1407 1996 1437 2022 οὑ
1460 1994 1606 2029 λιθάζομέν
1640 2001 1681 2025 σε,
1706 1991 1777 2018 ἀλλὰ
1798 1990 1858 2025 περὶ

1072 2043 1255 2079 βλασφημίας,
1284 2044 1324 2070 ὃτι
1346 2043 1377 2069 σὺ
1398 2041 1540 2077 ἄνθρωπος
1567 2039 1615 2071 ὢν,
1635 2039 1720 2069 ποιεῖς
1747 2037 1857 2063 σεαυτὸν

1069 2089 1145 2116 Θεὸν.
1162 2099 1172 2115 ι
1187 2090 1236 2116 Διὰ
1264 2089 1364 2123 πολλῆς
1380 2088 1469 2114 τοίνυν
1485 2087 1532 2113 καὶ
1552 2084 1680 2120 ἀκριϐοῦς
1703 2083 1856 2118 οἰκονομίας

1069 2138 1083 2164 ὁ
1097 2136 1198 2172 Κύριος
1214 2135 1294 2170 ἡμῶν
1313 2134 1416 2169 Ἰησοῦς
1427 2133 1476 2168 τῆς
1490 2132 1603 2166 ἐνούσης
1623 2131 1715 2161 αὐτοῖς
1732 2129 1855 2160 ὑπονοίας

1071 2182 1199 2218 μεθιστὰς
1210 2181 1270 2212 τοὺς
1281 2179 1486 2216 ἀκροωμένους,
1498 2179 1535 2210 ὡς
1545 2178 1599 2205 ἀπὺ
1618 2177 1697 2212 ψιλοῦ
1715 2177 1764 2203 καὶ
1779 2177 1854 2211 μόνου

1069 2228 1116 2255 τοῦ
1144 2226 1315 2262 ἀνθρωπίνου
1345 2225 1492 2260 προσώπου
1520 2222 1698 2259 μετακομίζει
1719 2222 1767 2248 τὸν
1781 2221 1854 2255 λόγον

233 2262 434 2288 servationibus
451 2266 598 2289 contentus
615 2271 677 2290 esse
697 2265 760 2299 quis
772 2270 866 2300 posset
881 2267 913 2295 ad
927 2273 1018 2296 retun-

1071 2273 1117 2298 ἐπὶ
1128 2272 1174 2298 τὸν
1193 2271 1397 2306 ἀναντιρρήτως
1407 2278 1438 2296 τε
1463 2269 1510 2296 καὶ¹
1529 2268 1755 2304 ὁμολογουμένως
1773 2275 1853 2302 προσ-

232 2307 322 2334 denda
351 2307 496 2342 impiorum
522 2307 714 2336 ltrereticorum
742 2312 877 2345 convicia,
904 2315 951 2348 qui
977 2315 1018 2342 vel

232 2354 284 2380 hac
305 2358 380 2388 parte
396 2353 529 2380 minorem
543 2353 623 2381 Patre
638 2353 737 2382 Filium
758 2358 929 2391 existimant,
946 2361 1016 2397 quod

233 2399 301 2425 dixit
319 2398 387 2424 nihil
415 2406 430 2424 a
456 2398 548 2432 seipso
569 2399 656 2434 loqui,
685 2401 732 2429 sed
760 2403 853 2431 datum
884 2406 936 2432 sibi
957 2415 1018 2434 esse

233 2444 407 2475 mandatum,
435 2447 462 2471 et
486 2444 558 2471 sicut
582 2446 687 2474 audivit
710 2448 794 2483 loqui.
814 2450 844 2477 Et
869 2451 1018 2480 sull'ectura

233 2489 343 2523 quidem
361 2488 414 2516 ista
438 2489 495 2523 ipse
511 2497 621 2525 quoque
635 2493 778 2526 existimo,
796 2496 894 2523 addam
914 2498 1016 2525 nihilo-

232 2535 323 2561 minus
340 2534 443 2569 aliquid
463 2535 535 2562 aliud
561 2544 616 2571 quo
634 2537 743 2566 illorum
767 2542 936 2569 blateronum
952 2551 1016 2578 pro-

232 2580 335 2607 cacitas
357 2579 478 2614 pateﬁat.
494 2580 551 2616 Age
564 2582 648 2616 enim,
669 2585 692 2612 si
710 2585 809 2620 placet,
828 2590 1015 2622 prseterinisso

233 2633 305 2652 nunc
330 2625 545 2660 dispensationis
569 2635 630 2655 cum
655 2637 739 2658 carne
767 2639 903 2666 sermone,
921 2639 1016 2663 osten-

232 2672 329 2698 damus
351 2675 424 2699 recte
439 2672 473 2700 de
493 2672 552 2707 ipso
568 2673 716 2710 Unigenito
729 2676 832 2704 dictum
850 2687 911 2706 esse
925 2681 990 2708 illud
1004 2691 1010 2709 :

234 2725 243 2741 ι
265 2716 333 2748 Quia
348 2725 398 2751 ego
417 2725 449 2744 ex
469 2718 573 2752 meipso
590 2727 645 2746 non
669 2720 778 2756 loquor,
798 2723 845 2750 sed
872 2725 919 2760 qui
938 2727 1013 2754 misit

232 2769 275 2788 me
287 2761 377 2795 Pater,
393 2762 452 2797 ipse
472 2761 537 2788 mihi
556 2764 714 2792 mandatum
737 2766 811 2795 dedit
824 2769 890 2804 quid
912 2771 1011 2807 dicant,

268 2851 289 2866 “
305 2851 373 2880 Osee
390 2862 440 2888 xu,
456 2855 499 2883 lO.
537 2855 559 2870 “
575 2854 651 2882 Joan.
672 2862 703 2887 χ,
720 2855 765 2883 53.

1068 2318 1244 2352 κυνούμενον,
1261 2317 1332 2352 φημί
1345 2316 1374 2342 δὲ
1393 2316 1438 2343 τὸν
1451 2315 1518 2342 Θεὸν
1534 2315 1579 2341 καὶ
1597 2313 1718 2348 Πατέρα,
1732 2313 1777 2339 διὰ
1789 2321 1853 2339 παν-

1066 2364 1112 2395 τὸς
1135 2364 1232 2399 χρῆναι
1259 2364 1360 2397 τρόπου
1389 2362 1438 2396 τὴν
1453 2361 1615 2388 ἀπαίδευτον
1641 2359 1696 2385 τῶν
1721 2359 1852 2385 Ἰουδαίων

1067 2410 1182 2445 καρδίαν
1197 2409 1363 2435 ὲκδυσωπεῖν
1380 2408 1512 2443 οἰόμενος,
1541 2407 1588 2433 καὶ
1617 2404 1850 2441 μεταχειρίζεσθαι

1067 2455 1196 2486 ποικίλως
1212 2455 1274 2485 τοὺς
1291 2454 1437 2484 ἀσυνέτους
1452 2452 1600 2488 ἐπιχειρῶν
1614 2453 1653 2483 εἰς
1666 2451 1698 2477 τὸ
1713 2450 1850 2485 βούλεσθαι

1068 2499 1164 2534 μαθεῖν
1177 2499 1212 2525 τὰ
1223 2498 1310 2534 ἀληθῆ
1327 2498 1372 2525 καὶ
1395 2498 1616 2534 πρεταυδέστερα.
1639 2495 1779 2528 Τοιούτοις
1805 2495 1849 2530 μὲν

1064 2543 1111 2571 οὖν
1141 2545 1322 2579 ἀποχρήσαιτ1
1355 2545 1387 2571 ἄν
1409 2553 1452 2576 τις
1468 2544 1557 2578 λόγοις
1580 2552 1609 2570 τε
1624 2543 1671 2570 καὶ
1683 2542 1847 2577 Θεωρήμασι,

1063 2590 1113 2621 τὰς
1127 2590 1181 2617 τῶν
1197 2590 1311 2617 ἀνοσίων
1336 2590 1482 2625 αἱρετικῶν
1503 2589 1662 2625 φιλοψογίας
1676 2588 1847 2623 διακρουόμε-

1064 2644 1118 2667 νος,
1136 2635 1276 2669 οἰομένων,
1287 2636 1328 2662 ὅτι
1344 2637 1419 2671 μεῖον
1431 2635 1487 2669 ἕξει
1506 2635 1577 2662 κατά
1588 2644 1614 2661 τι
1627 2633 1691 2668 γοῦν
1701 2635 1715 2660 ὁ
1728 2634 1801 2665 Υἱὸς,
1813 2633 1846 2664 ὡς

1067 2680 1133 2716 πρὸς
1147 2681 1192 2707 τὸν
1209 2680 1306 2707 ἑαυτοῦ
1322 2681 1484 2718 Γεννήτορα,
1498 2681 1542 2708 διὰ
1563 2681 1594 2707 τὺ
1606 2680 1688 2715 φάναι
1699 2679 1789 2706 λαλεῖν
1803 2679 1845 2713 μὲν

1065 2726 1112 2760 ἀφ’
1129 2726 1225 2752 ἑαυτοῦ
1238 2727 1330 2761 μηδὲν,
1352 2727 1475 2754 δεδόσθαι
1492 2735 1524 2762 γε
1547 2727 1600 2762 μὴν
1617 2725 1737 2760 ἐντολὴν,
1762 2725 1845 2752 λαλεῖν

1065 2779 1094 2798 τε
1109 2770 1179 2797 οὓτω
1201 2772 1327 2807 καθάπερ
1351 2773 1480 2808 ἠκροᾶτο.
1500 2773 1555 2800 Καὶ
1571 2773 1698 2808 ἀρκέσειν
1715 2771 1763 2807 μὲν
1774 2768 1844 2805 οἶμαι
