1906 3037
72 146 124 177 109

596 146 627 174 ΙΝ
641 146 782 174 JUANNIS
801 146 1026 175 EVANCELIUM
1043 148 1106 176 LIB.
1129 148 1172 176 IX.

1649 152 1698 178 llﬂ

71 207 118 234 καὶ
143 205 243 238 ταῦτα,
274 205 346 241 πλὴν
376 205 431 241 ἐρῶ
459 214 485 232 τι
515 207 561 232 καὶ
578 206 669 241 ἕτερον
683 206 732 241 τῆς
754 207 865 232 ἐκείνων

920 211 942 234 et
967 208 1033 242 quid
1060 208 1166 242 loquar.
1187 218 1195 234 ι
1221 207 1280 244 Ipse
1306 209 1378 236 enim
1399 217 1460 236 cum
1487 210 1523 237 sit
1552 211 1646 240 vivens
1672 218 1699 239 cf.

72 251 298 287 ἀθυρογλωττίας
319 252 369 285 τὴν
386 251 464 286 ὕϐριν
479 252 659 285 ἀπογυμνοῦν.
682 252 748 286 Φέρε
765 252 828 287 γὰρ,
841 253 866 278 εἰ

71 299 156 330 δοκεῖ,
179 299 266 334 βραχὺ
292 297 512 334 περιστείλαντες
531 298 579 332 τῆς
603 297 670 333 μετᾶ
683 298 783 332 σαρκδς
798 299 866 324 οἰκο-

72 345 171 379 νομίας
182 344 210 370 ἐν
223 353 255 378 γε
266 344 304 378 τῷ
312 344 476 380 παρόντιτδν
487 345 574 377 λόγον,
589 345 630 369 ἐπ’
641 343 721 370 αὐτοῦ
737 344 865 370 δεικνύω-

75 399 127 425 μεν
141 391 190 416 τοῦ
206 390 376 423 Μονογενοῦς
388 390 476 425 ὀρθῶς
495 399 522 416 τε
551 391 597 416 καλ.
611 390 700 421 καλῶς
721 391 865 425 εἰρημένον

72 437 119 462 τό”
139 445 148 461 ι
167 437 229 462 Ὀτι
255 436 309 469 ἐγὼ
332 437 360 469 ἐξ
377 435 495 471 ἐμαυτοῦ
510 436 540 462 οὐ
551 435 634 466 λαλῶ,
651 436 708 462 ἀλλ’
727 438 740 462 ὁ
757 435 866 470 πέμψας

75 491 111 517 με
122 482 229 517 Πατὴρ,
241 482 321 513 αὐτός
338 491 382 516 μοι
393 482 502 516 ἐντολὴν
521 482 630 512 δέδωκε,
649 482 674 507 τί
689 482 768 511 εἴπω,
781 482 828 507 καὶ
840 481 866 507 τί

72 528 196 563 λαλήσω.
214 537 223 552 ι
246 527 332 559 Αὐτὸς
352 528 406 562 γὰρ
430 527 466 553 ὢν
485 528 498 553 ὁ
511 527 564 559 ζῶν
583 535 611 553 τε
625 528 671 553 καὶ
686 527 866 558 hominum;

73 574 164 607 Λόγος
192 573 240 599 τοῦ
276 573 343 599 θεοῦ
364 573 410 599 καὶ
439 573 555 608 Πατρδς,
584 573 739 606 ἀναγκαίως
755 573 862 607 διερμη-

73 619 150 646 νεύει
178 619 214 645 τὰ
235 620 264 645 ὲν
289 618 373 652 αὐτῷ,
391 619 438 644 καὶ
455 618 485 644 τὸ
501 619 537 650 ὡς
556 619 584 644 ἐν
601 619 707 654 θελήσει
722 619 816 645 δοκοῦν
828 619 867 654 τῷ

77 665 138 700 ἰδίῳ
159 666 305 700 Γεννήτορι
316 664 420 698 ἐξάγων
439 665 478 696 εἰς
498 665 567 698 φῶς,
579 665 616 696 ὡς
631 665 740 698 ἐντολῆς
753 665 867 700 δύναμιν

74 711 222 745 εἰληφέναι
242 710 334 746 φησιν.
351 711 413 736 ἰδοι
431 711 452 736 δ’
464 710 547 741 ἄντις
562 711 608 737 καὶ
621 711 661 744 ἐφ’
680 710 758 746 ἡμῶν
778 711 867 736 αὐτῶν

77 757 181 791 ἀληθὲς
194 757 224 783 τὸ
239 758 367 793 πρᾶγμα,
385 757 430 784 καὶ
447 757 495 792 οὐχ
508 757 607 792 ἑτέρως
622 757 692 792 ἕχον.
715 757 800 790 Λόγος
813 757 867 793 γὰρ

75 802 280 836 όπροφορικὸς,
305 803 319 828 ὁ
343 803 371 828 ἐν
390 801 512 828 συνθέσει
533 801 630 833 λέξεων
655 802 701 829 καὶ
726 802 866 837 ῥημάτων,

75 847 122 874 διὰ
135 855 162 874 τε
184 847 275 882 φωνῆς
288 848 336 882 τῆς
351 847 482 883 ἐνάρθρου
505 848 572 883 πρὸς
590 848 620 873 τὸ
639 847 691 879 ἔξω
702 848 866 874 διακτυπού-

916 254 1070 281 subsistens
1088 254 1132 281 Dei
1152 262 1182 281 ac.
1206 255 1295 282 Patris
1314 256 1450 288 Verbum,
1469 258 1626 284 necessario
1641 267 1700 292 quze

916 299 943 326 in
961 306 994 325 eo
1011 304 1074 326 sunt
1098 301 1234 331 enuntiat,
1262 301 1488 335 voluntatemque
1515 303 1647 337 genitoris
1672 305 1699 331 in

918 345 1005 371 lucem
1027 345 1122 377 cdcns,
1147 346 1227 380 quasi
1258 347 1416 374 mandatum
1445 348 1527 384 718
1544 349 1654 384 aliquod
1672 358 1701 378 se

917 389 1056 423 accepisse
1073 389 1120 416 ait.
1140 390 1216 422 Quod
1234 392 1360 425 exemplo
1374 399 1389 418 a
1406 393 1488 420 nobis
1506 393 1573 428 ipsis
1588 394 1700 421 desunt-

917 439 963 468 plo
982 442 1076 461 verum
1093 443 1156 462 esse
1176 437 1371 470 comperit-tur.
1390 437 1485 464 Sermo
1501 439 1700 471 ennutiativus,

917 480 1067 506 dictionum
1095 488 1126 506 ac
1155 481 1299 508 verborum
1327 483 1528 516 composiﬁone
1554 489 1700 516 constans,

917 525 1017 559 quique
1031 526 1174 553 articulata
1191 534 1257 553 voce
1274 527 1349 555 foras
1373 529 1503 563 erumpit,
1529 532 1631 558 utentis
1654 539 1702 557 uo-

918 575 981 596 strae
995 571 1078 597 veluti
1099 571 1178 605 jussu
1202 572 1261 605 ejus
1280 580 1380 600 arcana
1400 576 1526 607 recludit,
1551 577 1632 612 idque
1655 586 1702 605 ce-

918 613 1039 640 lerrime.
1056 614 1140 641 Simul
1156 617 1227 642 enim
1244 624 1275 644 ac
1291 626 1368 646 mens
1381 620 1484 654 aliqttid
1497 623 1630 656 concepit,
1643 627 1701 650 tum

917 658 944 685 id
964 659 1023 686 voci
1048 661 1216 691 committit:
1237 662 1293 690 ha-c
1321 669 1409 691 autem
1438 665 1516 693 foras
1542 675 1700 702 ertunpens.

918 711 979 738 qua:
995 704 1068 732 intus
1085 709 1111 732 et
1127 706 1153 732 in
1169 711 1258 733 mente
1270 712 1334 734 sunt
1350 709 1441 736 abdita
1454 711 1588 743 enuntiat,
1604 721 1653 739 nec
1667 713 1702 740 de

918 750 969 776 sibi
985 751 1120 778 mandatis
1132 753 1279 787 quidquam
1296 759 1391 781 mutat.
1406 755 1476 787 Quid
1493 757 1591 784 mirum
1607 759 1700 793 igitur.

918 800 965 821 aut
984 796 1152 828 incredibile,
1176 798 1281 832 inquiet
1299 800 1408 834 aliquis,
1424 803 1445 828 si
1467 801 1584 829 Verbum
1608 804 1654 830 Dei
1670 811 1702 831 ac

918 840 1008 868 Patris
1033 849 1094 868 cutn
1115 843 1150 870 sit
1177 843 1272 876 Filius,
1299 853 1353 872 non
1383 847 1466 874 sicuti
1493 853 1586 875 noster
1613 858 1702 877 sermo

78 902 172 928 μενος,
195 894 389 928 ἐντελλομένης
409 894 504 929 ὥσπερ
519 893 647 928 αὑτῷτῆς
664 894 800 929 ἡμετέρας
808 895 865 920 δια-

920 886 1034 920 (majora
1049 889 1121 914 enim
1147 895 1210 916 sunt
1224 891 1297 917 omni
1313 893 1439 927 exemplo
1456 893 1490 920 de
1507 893 1561 921 Deo
1582 903 1644 930 quae
1659 895 1703 922 di—

76 941 164 972 νοίας,
192 941 359 967 ἐκκαλύπτει
373 940 406 966 τὰ
432 941 459 965 ἐν
485 940 565 974 αὐτῇ,
588 939 635 966 καὶ
647 940 670 965 εἰ
684 939 720 974 μὴ
737 940 764 965 ἐν
778 940 866 974 χρόνῳ

78 987 180 1022 μακρῷ
195 986 225 1012 τὸ
254 987 370 1021 πρᾶγμα
396 986 510 1020 γίνεται.
529 986 604 1019 ’Ἅμα
623 985 675 1020 γάρ
687 993 712 1011 τι
725 985 839 1019 συνῆκεν
853 986 867 1011 ὀ

77 1032 152 1063 νοῦς,
168 1032 215 1058 καὶ
225 1031 359 1067 παρέθετο
372 1032 406 1066 τῇ
422 1032 497 1066 φωνῇ
514 1039 520 1046 ·
564 1030 591 1057 δὲ
606 1031 672 1065 πρὸς
686 1030 716 1056 τὸ
730 1030 781 1062 ἔξω
793 1030 866 1064 βαδί-

77 1077 166 1108 ζουσα
197 1077 231 1103 τὰ
253 1077 282 1103 ἐν
308 1076 348 1111 τῷ
373 1075 458 1110 βάθει,
475 1076 509 1101 τὰ
531 1076 560 1102 ἐν
574 1075 612 1111 τῷ
626 1074 666 1101 νοῒ
680 1075 866 1110 διερμηνεύειν

77 1123 309 1158 παραλλάττουσα
340 1122 421 1158 μηδὲν
448 1121 501 1148 τῶν
529 1121 703 1156 ἐνταλμάτων
733 1122 812 1156 αὐτῇ.
835 1121 867 1147 Τί

77 1170 169 1195 τοίνυν
189 1170 220 1196 τὸ
245 1170 332 1202 ξένον,
362 1166 384 1195 ὦ
410 1165 494 1199 οὗτοι,
518 1168 629 1202 φήσειεν
645 1168 677 1194 ἄν
692 1176 733 1199 τις
748 1166 776 1194 εὖ
793 1167 865 1202 μάλα

79 1216 148 1250 πρὸς
160 1215 293 1247 ἐκείνους,
322 1215 346 1241 εἰ
370 1214 455 1248 Λόγος
482 1213 519 1239 ὢν
530 1213 576 1239 τοῦ
591 1213 658 1239 Θεοῦ
678 1214 723 1239 καὶ
739 1214 842 1248 Πατρὶς
853 1215 867 1240 ὁ

80 1260 153 1292 Υἱὸς,
174 1261 224 1295 οὺχ
252 1260 347 1296 ὥσπερ
376 1262 390 1287 ὁ
419 1261 552 1296 ἡμέτερος
579 1261 675 1295 (μείζω
698 1261 752 1296 γὰρ
767 1262 867 1293 παντὸς

79 1306 293 1341 παραδείγματα
306 1306 339 1332 τέι
349 1307 412 1341 περὶ
429 1306 508 1340 Θεοῦ)
518 1306 567 1342 τὴν
589 1307 636 1332 τοῦ
648 1307 772 1338 τεκόντος
787 1307 867 1333 αὐτον

79 1349 255 1386 διερμηνεύει
287 1350 385 1385 βουλήν
398 1359 405 1383 ;
420 1350 454 1376 Ἣ
478 1351 532 1385 γὰρ
550 1351 609 1386 οὐχὶ
628 1351 675 1377 καὶ
688 1351 772 1386 ὄνομα
787 1359 868 1386 φησιν

79 1397 94 1421 ὀ
108 1397 253 1431 προφήτης
269 1396 344 1430 αὐτῷ
361 1397 598 1431 πρεπωδέστατον,
625 1397 766 1423 καλεῖσθαι
786 1399 869 1432 μεγά-

79 1439 130 1473 λης
145 1439 244 1474 βουλῆς
263 1440 414 1474 Ἀγγελον;
436 1441 506 1467 Ἀλλ’
526 1439 602 1475 οἶμαι
620 1441 666 1467 καὶ
686 1441 763 1467 τοῦτο
782 1442 869 1477 ὑπάρ-

80 1494 139 1520 χειν
155 1485 251 1519 σαφὲς.
285 1486 367 1512 οὐδὲν
390 1486 534 1522 τοιγαροῦν
547 1488 586 1517 είς
602 1487 647 1513 τὸν
661 1487 709 1522 τῆς
722 1487 815 1519 οὐσίας
826 1488 864 1513 λό-

81 1540 140 1565 γον,
157 1532 218 1566 ἤτοι
244 1531 293 1565 τῆς
306 1531 384 1563 ἀξίας
402 1532 532 1567 ὑπομενεῖ
556 1532 585 1558 τὸ
601 1532 697 1567 βλάϐος
718 1533 731 1559 ὁ
747 1533 868 1566 Μονογε-

918 933 1029 967 cuntur)
1048 934 1188 962 Genitoris
1206 937 1247 963 sui
1266 938 1434 965 voluntatem
1450 941 1594 967 enuntiet?
1609 940 1703 969 Nonne

917 979 991 1004 enim
1006 983 1033 1006 et
1047 980 1178 1014 propheta
1202 990 1300 1009 nomen
1320 983 1359 1010 ait
1380 992 1442 1012 esse
1461 986 1485 1012 ei
1500 987 1703 1016 convenientis-

918 1024 1029 1057 simum,
1052 1030 1081 1051 ut
1102 1027 1190 1061 magni
1207 1028 1316 1054 consilii
1331 1030 1451 1064 Angelus
1470 1031 1577 1058 dicatur
1589 1032 1628 1060 “‘3
1646 1032 1703 1061 Hoc

918 1070 1044 1103 equidem
1063 1071 1166 1099 clarum
1185 1081 1246 1101 esse
1270 1079 1345 1109 pulo.
1364 1075 1438 1103 Nihil
1464 1078 1556 1113 igitur,
1577 1080 1650 1114 quod
1668 1079 1701 1107 ad

919 1116 1082 1144 substantia:
1105 1118 1238 1146 rationem
1255 1124 1301 1146 aut
1319 1120 1461 1156 dignitatis
1485 1124 1592 1158 attinet,
1609 1125 1702 1153 damni

918 1161 1038 1194 patietur
1062 1162 1233 1199 Unigenitus,
1262 1166 1326 1194 licet
1350 1169 1508 1196 mandatum
1533 1171 1673 1206 accepisse
1688 1180 1702 1199 a

919 1205 974 1233 Deo
987 1212 1014 1234 et
1029 1206 1109 1235 Patre
1129 1209 1236 1236 dicatur
1251 1219 1257 1237 :
1277 1219 1340 1238 nam
1364 1216 1391 1239 et
1413 1221 1464 1240 nos
1481 1215 1532 1249 ipsi
1557 1205 1628 1250 sa‘pe
1642 1217 1703 1244 aliis

919 1255 949 1278 ut
961 1253 1065 1287 aliquid
1087 1253 1191 1282 faciant
1205 1255 1345 1290 iubemus.
1365 1266 1454 1293 neque
1471 1264 1560 1288 tamen
1576 1261 1648 1289 hanc
1667 1263 1703 1290 ob

919 1304 1031 1324 causam
1045 1303 1142 1326 natura
1159 1301 1239 1329 nobis
1254 1303 1359 1330 similes
1375 1311 1437 1332 esse
1451 1305 1587 1338 desinent,
1603 1308 1703 1343 quippe

920 1342 966 1375 qui
991 1350 1046 1369 non
1070 1344 1162 1371 minus
1187 1345 1241 1372 sint
1263 1347 1344 1375 nobis
1367 1349 1616 1379 coasubstautiales
1639 1360 1702 1380 cum

919 1393 992 1419 ante.
1011 1394 1066 1416 tum
1081 1395 1141 1425 post
1164 1393 1332 1420 mandatum.
1354 1394 1472 1430 Atenim,
1493 1396 1612 1432 inquies,
1636 1406 1704 1426 con~

920 1435 1117 1463 substantiales
1133 1438 1241 1471 quidem
1258 1445 1379 1472 manent,
1396 1442 1443 1469 sed
1464 1442 1596 1477 dignitate
1616 1445 1704 1472 mino-

920 1487 965 1507 res
977 1481 1023 1515 qui
1039 1481 1137 1509 alienis
1152 1484 1309 1511 ministrant
1325 1486 1458 1521 imperiis.
1475 1488 1548 1516 Idem
1565 1497 1616 1524 ego
1637 1498 1705 1525 quo-

921 1534 973 1561 que
990 1527 1039 1554 tibi
1057 1529 1211 1563 respondeo
1224 1530 1257 1557 de
1273 1531 1426 1566 Unigenito.
1443 1532 1472 1560 Si
1488 1534 1559 1561 enim
1572 1535 1704 1570 scriptum

82 1577 143 1611 γὴς,
157 1576 210 1603 κᾶν
238 1576 348 1611 ἐντολὴν
374 1577 511 1611 εἰληφέναι
523 1577 634 1612 λέγηται
655 1577 730 1612 παρὰ
744 1577 788 1604 τοῦ
802 1578 868 1604 Θεοῦ

922 1581 975 1599 non
993 1578 1066 1601 esset
1081 1575 1114 1602 de
1128 1582 1160 1602 eo
1179 1585 1186 1602 :
1202 1585 1211 1601 ι
1236 1576 1305 1609 Quia
1326 1584 1388 1604 cum
1406 1578 1433 1605 in
1448 1579 1534 1606 forma
1551 1579 1597 1607 Dei
1619 1586 1706 1612 esset,

83 1622 130 1648 καὶ
146 1621 254 1657 Πατρός
266 1630 272 1636 ·
300 1622 361 1647 ἐπεὶ
374 1622 419 1648 καὶ
439 1624 520 1657 ἡμεῖς
539 1623 616 1649 αὐτοὶ
627 1623 754 1654 πολλάκις
767 1623 872 1659 ἑτέροις

83 1666 268 1701 ἐντελλόμεῧά
281 1675 318 1698 τι,
343 1667 389 1693 καὶ
403 1668 468 1702 δρᾷν
485 1668 675 1703 ἐπιτάττομεν,
692 1668 748 1694 ἀλλ’
763 1669 792 1694 οὐ
806 1669 872 1695 ταύ-

81 1721 130 1746 της
144 1712 227 1738 ’ἑνεκα
243 1712 294 1746 τῆς
309 1713 397 1744 αἰτίας
412 1714 459 1747 τὴν
475 1713 541 1748 πρὸς
552 1715 624 1748 ἡμᾶς
639 1714 782 1749 ὁμοιότητα
794 1723 871 1748 φυσι-

82 1758 132 1792 κὴν
149 1758 327 1793 ἀρνήσονται,
342 1759 400 1784 οὐδὲ
411 1759 443 1784 το
458 1757 526 1785 εἶναι
538 1759 598 1785 καῦ⁵
614 1760 688 1794 ἡμᾶς
704 1760 871 1786 ἁποεὶαλοῦν-

82 1801 233 1838 ται,ἦττον
257 1803 333 1834 ὅντες
358 1804 505 1838 ὁμοούσιοι,
533 1805 579 1830 καὶ
603 1804 655 1838 πρὸ
681 1805 728 1839 τῆς
748 1805 866 1839 ἐντολῆς,

81 1848 129 1874 καὶ
143 1848 215 1883 μετὰ
225 1847 276 1883 τὴν
290 1848 410 1882 ἐντολήν.
433 1849 502 1874 Ἀλλ’
532 1849 603 1884 ἐρεῖς
633 1849 672 1875 ὅτι.
687 1849 795 1883 μένουσι
819 1850 868 1884 μὲν

81 1893 233 1927 ὁμοούσιοι,
261 1893 412 1928 ἡττώμενοι
439 1894 467 1920 δὲ
488 1895 537 1929 τῆς
553 1893 631 1926 ἀξίας
645 1895 809 1930 ὑπηρετοῦσι
821 1896 871 1931 τῆς

83 1940 149 1974 παρ’
159 1940 236 1974 ἡμῖν.
257 1939 343 1973 Κάγὼ
366 1940 394 1966 δέ
418 1949 459 1966 σοι
486 1941 554 1974 πρὸς
568 1940 646 1966 τοῦτό
658 1949 729 1975 φημι
751 1941 814 1976 περὶ
824 1941 870 1967 τοῦ

83 1984 263 2019 Μονογενοῦς.
288 1986 320 2012 Εἰ
350 1985 399 2020 μὲν
418 1986 472 2021 γὰρ
494 1986 544 2012 οὐκ
573 1986 680 2021 ἐγράφη
700 1987 765 2022 περὶ
777 1986 870 2019 αὑτοῦ,

87 2039 96 2056 t
118 2031 179 2057 Ὀτι
192 2032 221 2056 ἐν
240 2032 330 2066 μορφῇ
344 2031 410 2057 Θεοῦ
428 2032 567 2066 ὑπάρχων,
583 2032 631 2066 οὺχ
646 2032 790 2067 ἁρπαγμὸν
805 2033 873 2068 ἡγή-

87 2084 152 2102 σατο
162 2077 193 2103 τὺ
209 2074 278 2103 εἶναι
296 2078 340 2103 ῐσα
354 2077 422 2111 Θεῷ,
441 2077 497 2104 ἀλλ’
513 2077 608 2103 ἐαυτὸν
623 2078 748 2110 ἐκένωσε,
766 2078 872 2113 μορφὴν

83 2122 178 2149 δούλου
191 2123 292 2155 λαϐὼν,
324 2123 371 2149 καὶ
382 2124 501 2158 σχήματι
530 2123 652 2158 εὑρεθεὶς
677 2123 714 2154 ὡς
737 2123 889 2158 ἄνθρωπος,

921 1626 976 1645 non
995 1620 1116 1654 rapinam
1134 1621 1286 1649 arbitratus
1307 1627 1348 1649 est
1369 1631 1430 1650 esse
1446 1631 1476 1651 se
1490 1620 1622 1659 aequalem
1640 1627 1705 1659 Dco,

921 1664 967 1691 sed
984 1666 1160 1700 semetipsum
1171 1667 1332 1701 exinanivit,
1346 1668 1460 1696 formam
1470 1672 1542 1697 servi
1557 1672 1706 1705 accipiens,

922 1713 949 1736 et
969 1710 1065 1737 habitu
1084 1711 1212 1739 inretitus
1236 1717 1265 1739 ut
1285 1713 1379 1747 homo,
1407 1714 1558 1742 ltumiliavit
1576 1717 1706 1751 semetip-

923 1765 982 1784 sum
1000 1757 1033 1790 ⁸⁷,
1056 1767 1065 1782 ι
1093 1758 1219 1785 nonnihil
1247 1759 1377 1787 fortassis
1403 1761 1460 1788 haec
1489 1766 1533 1788 tua
1554 1762 1623 1790 ratio
1649 1771 1706 1790 mo-

922 1804 1008 1830 menti
1025 1804 1126 1831 habere
1148 1805 1287 1832 videretur
1305 1815 1312 1833 :
1332 1815 1426 1833 verum
1445 1815 1506 1834 cum
1523 1809 1706 1843 subjectionis

921 1856 953 1875 ac
968 1849 1144 1877 demissionis
1161 1851 1259 1878 modus
1273 1852 1412 1880 universis
1433 1858 1534 1888 pateat,
1553 1862 1603 1881 cur
1622 1860 1706 1882 teme-

919 1902 949 1920 re
967 1902 1080 1922 accusas
1096 1903 1158 1922 eum
1171 1897 1217 1931 qui
1230 1901 1341 1932 propter
1351 1906 1400 1925 nos
1414 1899 1493 1925 etiam
1507 1901 1558 1926 hoc
1570 1901 1625 1934 pati
1642 1909 1706 1928 sus-

921 1940 1023 1966 tinuit?
1047 1939 1172 1976 Undique
1194 1942 1276 1977 igitur
1291 1944 1323 1970 ad
1335 1943 1494 1979 dogmatum
1511 1946 1705 1974 rcctitudinem

922 1993 1049 2013 sermone
1086 1994 1242 2020 converso,
1274 1988 1418 2017 Dominum
1453 1998 1578 2019 nostrum
1614 1991 1706 2020 Jesum

922 2032 1060 2060 Christum
1079 2034 1186 2061 ratione
1201 2034 1416 2069 dispensationis
1434 2044 1495 2071 quae
1515 2037 1541 2063 in
1565 2039 1707 2073 proposito

923 2078 995 2105 dicto
1011 2080 1188 2106 continentur
1201 2080 1338 2107 elocutum
1356 2082 1518 2109 asset-imus.

927 2123 1109 2150 ἐταπείνωσεν
1119 2125 1224 2157 ἑαυτὸν,
1248 2135 1257 2151 ι
1276 2124 1348 2160 εἶχεν
1360 2126 1393 2153 ἄν
1405 2135 1445 2153 σοι
1458 2127 1503 2153 καὶ
1517 2127 1566 2154 οὐκ
1577 2127 1708 2156 ἀπίθανον

83 2168 164 2202 λόγον
173 2169 224 2203 τῆς
240 2168 394 2202 ἀντιλογίας
414 2168 445 2194 τὸ
459 2169 562 2203 σχῆμα.
583 2168 689 2203 Ἐπειδὴ
712 2168 740 2195 δὲ
757 2169 805 2203 τῆς
816 2169 953 2204 ὑποταγῆς
968 2170 1016 2196 καὶ
1046 2171 1235 2202 ταπεινώσεως
1267 2173 1384 2208 ἐναργὴς
1399 2174 1412 2200 ὁ
1428 2174 1537 2209 τρόπος,
1568 2175 1594 2200 τί
1631 2175 1708 2210 ῥιψο-

85 2215 217 2246 κινδύνως
241 2215 368 2249 ἐπιτιμᾷς
393 2214 432 2249 τῷ
458 2215 491 2241 δι’
513 2216 586 2249 ἡμᾶς
616 2215 662 2241 καὶ
684 2215 762 2240 τοῦτο
796 2215 890 2242 παθεῖν
926 2216 1118 2251 ὑπομείναντι;
1147 2218 1317 2253 Πανταχόθεν
1344 2219 1486 2254 τοιγαροῦν
1515 2221 1553 2251 είς
1575 2221 1708 2255 ὀρθότητα

84 2261 230 2296 δογμάτων
257 2262 444 2296 περιιστάντες
471 2262 515 2287 τὸν
529 2261 617 2295 λόγον,
641 2261 817 2296 οἰκονομικῶς
834 2262 972 2297 εἰρηκέναι
996 2263 1084 2299 φαμὲν
1112 2263 1157 2290 τὸν
1180 2265 1280 2300 Κύριον
1313 2265 1389 2301 ἡμῶν
1416 2265 1516 2300 Ἰησοῦν
1539 2267 1656 2302 Χριστὸν
1673 2267 1708 2293 τὰ

84 2306 113 2332 ἐν
122 2305 162 2341 τῷ
177 2307 350 2341 προκειμένῳ
364 2305 446 2340 ρητῷ.
554 2321 568 2332 δ

120 2352 182 2386 Πρὸ
201 2351 236 2377 δὲ
253 2351 309 2385 τῆς
337 2351 442 2385 ἑορτῆς
461 2351 514 2378 τοῦ
547 2350 664 2386 Πάσχα.
687 2351 767 2384 ειδὼς
783 2352 799 2378 ὁ
824 2352 869 2384 Ἰη-

960 2350 1019 2377 Xlll
1032 2371 1039 2384 ,
1067 2351 1093 2378 1.
1115 2352 1181 2378 Ante
1192 2352 1261 2378 diem
1278 2357 1364 2378 autem
1381 2352 1475 2385 festum
1490 2353 1610 2388 Pasclta',
1623 2356 1707 2383 sciens

83 2397 161 2430 σοῦς
173 2398 219 2424 ὅτι
237 2395 330 2432 ἦλθεν
343 2397 436 2423 αὑτοῦ
455 2397 474 2429 ἠ
493 2396 562 2430 ὥρα,
577 2397 627 2423 ἵνα
643 2397 754 2431 μεταϐῇ
767 2398 801 2424 ἑκ
819 2397 872 2424 τοῦ

84 2444 202 2478 κόσμου
216 2443 326 2469 τούτου
344 2443 418 2476 πρὸς
432 2442 485 2468 τὸν
495 2442 619 2476 Πατέρα,
630 2442 790 2476 ἀγαπήσας
802 2443 871 2475 τοὺς

87 2491 181 2523 ιὸἱοιις
200 2489 272 2522 τοὺς
296 2489 332 2516 ἐν
355 2488 396 2521 τῷ
415 2489 528 2523 κόσμῳ,
552 2490 595 2521 εἰς
615 2489 702 2522 τέλος
715 2489 873 2523 ἠγάπησεν

85 2536 206 2568 αὐτούς.

113 2581 177 2607 Ἀσυ
182 2581 368 2616 μφανὲστερόν
377 2581 434 2607 ἐστι
443 2582 498 2612 τοῖς
508 2581 614 2612 πολλοῖς
625 2581 654 2607 τὸ
663 2581 691 2607 ἐν
701 2581 757 2612 τοῖς
764 2589 873 2615 προκει-

88 2627 177 2662 μένοις
193 2627 335 2661 θεώρημσι,
350 2628 396 2652 καὶ
405 2627 434 2652 οὐ
450 2627 553 2662 σφόδρα
569 2627 664 2662 τρανές
681 2628 718 2658 είς
731 2627 871 2661 ἐξήγησιν,

86 2671 143 2698 ἀλλ’
157 2671 217 2698 οὐδὲ
236 2671 340 2698 ἁπλοῦν
360 2672 431 2706 ἔχον,
452 2673 545 2708 ὥσπερ
571 2673 602 2699 ἄν
626 2681 668 2704 τις
685 2673 800 2707 οἰηθείη,
828 2673 872 2698 τὸν

85 2717 156 2744 νοῦν,
169 2717 223 2744 Τοῦ
239 2718 293 2753 γὰρ
309 2717 341 2753 δὴ
358 2718 437 2753 χάριν
454 2718 661 2752 ἐπισημαίνεται
677 2718 724 2744 νῦν
743 2719 757 2744 ὁ
780 2719 874 2744 Θεσπέ-

87 2772 140 2796 σιος
153 2763 364 2798 εὐαγγελιστὴς,
380 2763 427 2790 καὶ
439 2763 534 2799 ὥσπερ
549 2773 574 2789 τι
585 2764 638 2790 τῶν
649 2764 802 2797 ἀναγκαίων
818 2766 874 2790 ἐπι-

118 2853 140 2868 ⁶⁶
156 2853 208 2881 lsa.
228 2861 272 2886 ιι,
291 2852 384 2884 6,sec.
402 2852 481 2881 LXX.
525 2853 546 2869 "
567 2852 683 2889 Philipp.
700 2860 718 2880 tt
731 2872 738 2886 ,
754 2851 814 2881 6-8.

921 2396 999 2424 Iesus
1013 2398 1075 2431 quia
1086 2397 1153 2424 venit
1172 2397 1238 2424 hara
1257 2397 1313 2431 ejus
1329 2402 1357 2424 ut
1375 2403 1491 2426 transeat
1504 2408 1537 2426 ex
1548 2400 1596 2427 hoc
1612 2403 1708 2428 mundo

923 2443 956 2470 ad
972 2444 1090 2475 Patrem,
1109 2451 1166 2469 cum
1180 2443 1316 2470 dilexisset
1333 2452 1395 2470 suos
1409 2445 1540 2479 quierant
1552 2446 1578 2473 in
1593 2447 1689 2474 mundo
1699 2467 1706 2479 ,

922 2490 950 2515 in
968 2489 1046 2523 ﬁnem
1063 2489 1155 2516 dilexit
1169 2498 1222 2517 eos.

959 2578 1237 2614 Obscuriorestapud
1245 2579 1344 2606 multos
1357 2579 1437 2614 hujus
1450 2579 1500 2606 loci
1512 2579 1594 2615 719
1606 2579 1709 2606 intelle-

924 2627 995 2652 ctus.
1005 2633 1060 2658 nec
1068 2625 1203 2659 explicatu
1214 2625 1358 2652 admodum
1371 2625 1469 2657 facilis,
1477 2627 1524 2652 sed
1535 2632 1623 2659 neque
1632 2632 1706 2659 aper-

923 2671 1072 2704 tum,quod
1085 2671 1146 2705 quis
1156 2671 1207 2698 sibi
1227 2671 1319 2698 forsan
1333 2672 1509 2706 persuaserit,
1522 2679 1631 2699 sensum
1643 2678 1707 2697 con-

924 2718 1001 2745 tinet.
1015 2717 1099 2751 Cujus
1114 2718 1184 2744 enim
1196 2718 1234 2744 rei
1251 2718 1338 2752 gratia
1350 2718 1488 2752 signautcr
1499 2717 1580 2744 modo
1595 2716 1707 2744 divinus

924 2764 1091 2799 evangelista
1114 2763 1204 2792 dicere
1229 2764 1347 2797 videtur,
1363 2772 1393 2791 ac
1410 2765 1482 2792 velut
1493 2762 1605 2799 aliquod
1618 2770 1707 2798 operae
