1906 3037
215 124 266 152 -1Η

218 182 333 218 pretium
360 183 487 211 observat
501 202 509 215 ,
535 182 630 210 dicens
650 191 655 208 :

218 229 317 255 l‘estutn
335 228 463 260 Paschae,
490 229 581 256 sciens
601 228 664 262 quia
686 228 759 254 venit
784 227 850 253 hora
868 227 948 261 ejus,
971 231 1000 253 ut

218 278 340 300 transeat
355 281 388 300 ex
405 273 457 300 hoc
476 274 576 300 mundo
597 274 629 299 ad
646 272 775 299 Patrem?
791 282 801 298 ι
819 271 888 304 Quid
908 276 998 299 autem

216 323 258 343 est
271 325 351 351 porro
362 318 433 352 quod
450 319 488 344 ait
504 326 510 344 τ
534 327 542 343 ι
555 318 621 345 Cum
636 317 778 344 dilexisset
791 325 857 345 suos
872 318 898 344 in
917 325 998 344 mun-

216 363 249 388 ιιι)
261 383 268 394 ,
285 363 309 389 in
327 363 404 390 liuent
420 363 515 390 dilexit
526 364 592 389 eos?
607 373 614 388 ι
636 364 663 389 In
677 371 774 397 magna
790 364 882 398 itaque
897 364 998 391 obscu-

216 409 306 439 ritate,
317 409 369 435 tale
376 409 504 442 quiddam
518 409 605 443 ipsum
617 408 710 435 dicere
718 409 845 441 arbitror,
857 410 997 442 nimirum,

214 458 276 479 ante
302 454 451 480 salutarem
483 454 637 487 passionem
665 454 792 488 quamvis
816 460 997 489 cognosceret

214 498 340 524 Salvator
358 498 414 532 jam
441 498 551 525 tandem
577 499 657 536 veluti
686 507 735 534 pro
763 499 868 528 foribus
895 500 998 527 instare

214 547 319 577 tmnpus
340 551 393 577 qtto
407 543 440 570 ad
454 544 539 572 emlos
558 545 729 572 transiturus
745 551 819 573 esset
830 566 837 578 ,
853 547 997 581 perfectis-

213 589 308 614 3imam
335 593 425 616 tamen
449 597 514 625 erga
539 598 604 618 suos
627 593 674 625 qui
698 592 724 618 in
738 592 788 619 hoc
802 593 904 620 mundo
917 598 997 620 erant

212 635 383 661 dilectionem
400 636 569 664 exhibuisse.
581 637 658 669 Quod
676 638 698 665 si
715 646 804 672 opera:
821 639 936 672 pretium
954 639 996 666 vi-

211 679 307 707 deatttr
325 684 411 708 totam
433 689 487 708 rem
510 682 593 710 latius
608 684 760 718 explicare,
787 692 840 710 non
861 686 996 719 gravabor

211 725 282 759 quod
305 726 385 753 modo
401 727 458 753 dixi
478 727 568 754 denuo
585 733 720 762 repetere.
738 728 892 756 Servatoris
909 730 994 757 nostri

209 771 311 798 Christi
330 772 446 806 propria:
457 776 523 799 sunt
543 780 575 799 ac
590 773 743 807 peculiares
759 782 930 808 quaecunque
947 782 995 809 per

210 825 269 843 eum
286 817 364 844 factm
379 823 442 845 sunt
458 818 608 846 rationales
628 822 654 845 et
675 819 875 847 intellectuales
888 825 995 846 creatu-

711 123 738 150 S.
756 122 894 150 CYllll.”
920 121 1009 148 ALEX
1021 122 1153 148 \NDRINI
1185 122 1343 150 Alitlllll-lP.

683 191 691 207 ι
709 182 779 208 Ante
804 181 875 208 diem
906 185 987 208 auten

1050 182 1136 215 τηρεῖ,
1147 181 1245 215 λέγων·
1257 190 1266 206 α
1276 182 1333 216 Πρὸ
1343 181 1370 208 δὲ
1377 182 1426 217 τῆς
1434 182 1529 218 ἑορτῆς
1539 181 1584 208 τοῦ
1594 183 1697 217 Πάσχα,
1710 183 1792 216 εἰδὼς
1807 186 1847 212 ὅτι

1054 227 1182 261 ἐλήλυθεν
1201 228 1282 254 αὐτοῦ
1312 228 1327 263 ἠ
1346 228 1414 263 ὥρα,
1441 228 1484 255 ἵνα
1503 228 1606 264 μεταῦῇ
1627 230 1659 256 ὲκ
1674 230 1721 256 τοῦ
1738 231 1846 265 κόσμου

1053 271 1147 298 τούτου
1175 272 1242 307 πρὸς
1264 272 1308 298 τὸν
1335 272 1443 308 Πατέρα
1457 281 1464 305 ;
1485 282 1493 298 ι
1509 273 1541 299 Τί
1554 273 1581 299 δὲ
1591 271 1624 299 αὖ
1636 273 1716 300 πάλιν
1727 274 1790 302 ἐστὶ
1804 275 1846 308 τὸ,

1055 326 1064 341 ι
1087 317 1244 353 ’Δγαπήπας
1257 318 1319 350 τοὺς
1335 318 1417 349 ἰδίους
1432 318 1493 348 τοὺς
1508 319 1537 344 ἐν
1551 319 1588 354 τῷ
1600 319 1704 354 κόσμῳ,
1717 321 1759 351 είς
1770 321 1844 353 τέλος

1054 363 1193 397 ἠγάπησεν
1206 364 1314 398 αὐτούς
1333 373 1342 389 ι
1359 365 1485 398 Ἔχοντος
1507 364 1597 391 τοίνυν
1624 365 1653 391 οὑ
1679 366 1803 401 μετρίως
1817 367 1846 393 τὺ

1051 408 1166 442 ἀσαφὲς,
1191 408 1334 443 βούλεσθαί
1360 418 1386 435 τι
1414 409 1534 436 τοιοῦτον
1552 408 1627 445 οἶμαι
1645 411 1735 445 λέγειν
1751 412 1843 444 αὑτὸν,

1051 455 1090 481 ὅτι
1115 455 1169 490 πρὸ
1191 456 1237 482 τοῦ
1266 455 1400 491 σωτηρίου
1428 457 1542 489 πάθους,
1573 457 1661 484 καίτοι
1684 458 1842 492 γινώσκων,

1052 501 1143 534 φησιν,
1174 501 1188 527 ὁ
1216 501 1322 536 Σωτὴρ,
1336 501 1377 527 ὃτι
1392 501 1484 528 λοιπὸν
1510 503 1556 528 ἐπὶ
1577 502 1672 538 θύραις
1693 503 1811 537 γέγονεν
1830 505 1843 530 6

1051 546 1145 580 καιρὸς
1172 546 1215 580 τῆς
1239 547 1278 577 εἰς
1298 547 1428 582 οὐρανοὺς
1448 549 1650 582 μεταστάσεως,
1666 550 1843 586 τελειοτάτην

1050 591 1205 623 ἐπεδείξατο
1221 592 1269 627 τὴν
1289 593 1426 628 ἀγάπησιν
1438 594 1487 628 τὴν
1498 594 1562 630 περὶ
1576 595 1637 626 τοὺς
1650 595 1732 626 ἰδίους
1762 596 1842 628 ὄντας

1050 639 1079 664 ἐν
1094 638 1160 673 τῷδε
1174 637 1211 673 τῷ
1225 638 1328 674 κόσμῳ.
1346 639 1399 666 Καὶ
1415 640 1438 666 εἰ
1452 641 1503 675 χρή
1526 649 1584 673 πως
1600 641 1773 676 πλατυτέραν
1787 644 1841 674 τοῖς

1050 684 1236 718 προκειμένοις
1252 685 1392 719 ἐπινοῆσαι
1412 685 1540 720 θεωρίαν,
1551 687 1619 722 ὅπερ
1641 687 1710 723 ἔφην
1725 688 1839 722 ἀρτίως,

1049 727 1225 760 καὶείσαῦθις
1246 729 1310 764 ἐρῶ.
1323 730 1403 756 Ἴδιον
1421 731 1470 765 μὲν
1482 731 1535 765 γὰρ
1550 732 1595 758 τοῦ
1613 732 1740 767 Σωτῆρος
1762 733 1840 767 ἡμῶν

1048 773 1164 808 Χριστοῦ
1173 774 1207 801 τὰ
1218 775 1306 802 πάντα
1313 775 1346 801 δι’
1356 776 1437 802 αὐτοῦ
1445 778 1585 810 γεγονότα.
1592 777 1687 811 λογικὰ
1699 779 1747 804 καὶ
1758 779 1840 814 νοερὰ

1049 818 1196 853 κτίσματα,
1214 820 1347 855 Δυνάμεις
1373 822 1401 848 αἱ
1416 822 1480 853 ἄνω,
1504 823 1550 848 καὶ
1563 823 1668 858 Θρόνοι,
1679 826 1725 851 καὶ
1742 825 1840 860 Κυριό-

211 870 260 893 ηε,
274 862 427 890 Potestates
442 871 582 896 supernae,
597 863 700 891 Throni
711 884 718 895 ,
731 868 758 891 et
771 864 976 892 Dominationes

1046 873 1136 898 τητες,
1160 866 1206 892 καὶ
1231 867 1282 892 εῐτι
1311 866 1414 898 τούτοις
1436 869 1576 902 ὁμογενὲς,
1591 869 1652 896 ὅσον
1667 871 1707 901 είς
1723 870 1771 897 τὸν
1790 872 1836 898 τοῦ

209 911 234 934 el
251 909 302 934 alia
321 908 346 934 id
364 915 460 943 genus,
479 910 505 936 in
521 913 652 944 quantum
665 914 759 937 creata
772 910 816 936 illa
833 915 906 937 sunt.
921 910 991 937 Sunt

210 953 272 979 item
286 953 345 987 ejus
365 954 482 988 propriae
498 962 668 989 quaecunque
691 961 754 982 sunt
776 956 803 982 in
820 959 893 982 terra
915 963 993 982 crea—

209 1003 277 1026 turae
292 999 407 1026 rationis
421 1004 572 1035 compotes,
591 1005 726 1035 quatenus
746 1002 866 1028 omnium
883 1006 924 1028 est
939 1001 990 1028 D0-

208 1052 311 1076 nuuus,
327 1045 434 1072 etiamsi
451 1046 574 1072 nonnulli
593 1054 654 1073 eum
665 1054 719 1073 non
735 1047 850 1074 adorent
866 1052 895 1073 ut
911 1048 992 1082 opili-

207 1097 275 1116 cem.
293 1089 393 1116 Dilexit
413 1091 498 1125 igitur
514 1099 579 1119 suos
594 1092 640 1126 qui
658 1097 735 1119 erant
757 1093 783 1119 in
799 1093 920 1125 tnumlo;
942 1100 992 1120 nec

206 1134 277 1160 enim
294 1135 405 1168 angelos
422 1136 604 1170 apprehendit
616 1156 624 1167 ,
642 1136 720 1171 juxta
741 1137 818 1164 Pauli
839 1145 933 1164 vocem
950 1138 990 1170 η,

205 1186 292 1214 neque
309 1183 419 1214 propter
433 1181 591 1216 angelorum
605 1186 732 1209 naturam
747 1182 773 1209 in
795 1182 881 1209 forma
899 1182 944 1210 Dei
958 1190 990 1210 ac

205 1223 294 1251 Patris
314 1233 376 1252 cum
391 1231 480 1258 esset,
498 1234 552 1254 non
571 1227 694 1262 rapinam
707 1228 859 1256 arbitratus
870 1233 912 1256 est
929 1237 990 1257 esse

205 1278 233 1296 se
246 1271 377 1305 aequalem
394 1270 448 1298 Deo
461 1272 482 1292 θ’
493 1291 500 1303 ,
517 1273 563 1300 sed
580 1278 691 1309 propter
702 1282 753 1302 nos
767 1275 858 1310 potius
875 1276 921 1310 qui
940 1284 990 1303 su-

205 1323 264 1342 mus
280 1316 306 1342 in
320 1316 371 1342 hoc
387 1317 500 1348 tnuudo,
517 1318 668 1345 exittanivit
681 1319 813 1353 seipsum,
831 1325 857 1347 et
872 1321 988 1348 formam

203 1360 328 1387 servilem
345 1361 461 1395 sumpsit
474 1361 519 1389 ille
534 1363 657 1389 omnium
675 1362 824 1396 Dominus,
845 1365 931 1391 nostri
947 1364 989 1391 di-

204 1406 323 1433 lectione
341 1410 368 1433 et
382 1415 474 1433 amore
488 1415 520 1434 eo
534 1413 648 1436 vocatus
661 1409 693 1435 7°.
710 1409 776 1436 Cum
793 1417 858 1444 ergo
877 1410 988 1438 dilexis-

203 1454 243 1477 set
259 1459 306 1478 eos
323 1451 368 1485 qui
385 1457 462 1478 erant
482 1452 509 1478 in
530 1453 580 1479 hoc
604 1453 724 1485 muttdo,
747 1455 774 1481 itt
793 1454 873 1482 linem
893 1455 988 1482 dilexit

203 1502 250 1521 eos
263 1515 269 1526 ,
290 1495 353 1521 licet
369 1500 430 1522 ante
448 1496 546 1523 festum
561 1518 568 1529 ,
592 1501 619 1524 et
640 1503 703 1525 ante
725 1498 846 1531 Pascha,
865 1509 873 1525 ι
891 1499 987 1528 Sciens

1046 911 1209 945 πεποιῆσθαι
1237 911 1325 946 λόγον.
1342 912 1419 938 Ἰδιον
1441 913 1468 940 δὲ
1500 911 1534 940 αὖ
1550 915 1630 941 πάλιν
1642 916 1724 944 αὑτοῦ
1738 921 1787 943 και
1804 917 1837 944 τὰ

1044 956 1090 982 ἐπὶ
1104 957 1153 991 τῆς
1173 957 1223 992 γῆς
1255 957 1361 991 λογικὰ,
1392 959 1460 985 καοὺ
1479 961 1587 986 πάντων
1605 961 1661 987 ἐστὶ
1683 963 1834 997 Δεσπότης,

1045 1001 1090 1026 καὶ
1107 1003 1129 1027 εί
1149 1003 1184 1037 μή
1201 1011 1271 1034 τινες
1284 1004 1491 1038 προσκυνοῦσιν,
1502 1005 1540 1037 ὡς
1554 1006 1735 1042 Δημιουργόν.
1754 1009 1835 1042 Ἠγά-

1044 1051 1114 1082 unde
1131 1049 1220 1075 τοίνυν
1253 1049 1315 1080 τοὺς
1329 1050 1410 1082 ἰδίους
1425 1051 1487 1081 τοὺς
1502 1052 1530 1077 ὲν
1545 1052 1584 1087 τῷ
1600 1053 1695 1088 κόσμῳ
1705 1062 1712 1069 ι
1728 1054 1760 1080 οὐ
1781 1055 1834 1090 γὰρ

1043 1094 1167 1127 ἀγγέλων
1180 1095 1405 1130 ἐπιλαμϐάνεται,
1431 1097 1501 1124 κατὰ
1523 1098 1572 1133 τὴν
1585 1098 1633 1125 τοῦ
1651 1099 1760 1126 Παύλου
1778 1109 1834 1134 φω-

1043 1138 1100 1172 νὴν.
1117 1139 1177 1165 οὐδὲ
1203 1139 1245 1166 διὰ
1263 1141 1311 1176 τὴν
1332 1141 1384 1167 τῶν
1414 1142 1537 1176 ἀγγέλων
1569 1144 1659 1178 φύσιν,
1678 1147 1707 1171 ὲν
1740 1148 1831 1182 μορφῇ

1042 1183 1108 1210 Θεοῦ
1123 1185 1170 1211 καὶ
1183 1186 1289 1221 Πατρὺς
1301 1187 1441 1222 ὑπάρχων,
1452 1188 1500 1223 οὐχ
1508 1189 1654 1224 ἁρπαγμὸν
1670 1193 1794 1227 ἡγήσατο
1803 1193 1832 1219 τὸ

1042 1227 1109 1256 εἶναι
1125 1231 1169 1257 ἴσα
1182 1230 1250 1265 Θεῷ-
1264 1231 1297 1258 δι’
1314 1233 1385 1268 ἡμᾶς
1395 1233 1422 1260 δὲ
1436 1234 1535 1268 μᾶλλον
1545 1236 1606 1267 τοὺς
1620 1236 1699 1268 ὄντας
1713 1238 1742 1264 ὲν
1764 1238 1830 1272 τῷδε

1040 1275 1078 1309 τῷ
1088 1275 1193 1310 κόσμῳ,
1209 1277 1361 1304 κεκένωκεν
1371 1279 1477 1309 ἑαυτὸν,
1492 1281 1537 1306 καὶ
1554 1282 1662 1316 μορφὴν
1687 1282 1831 1315 ἀνεδέξατο

1040 1320 1088 1354 τὴν
1102 1321 1239 1356 οἰκετικὴν
1250 1323 1263 1348 ὁ
1276 1323 1385 1350 πάντων
1395 1324 1507 1360 Κύριος,
1518 1326 1614 1363 ἀγάπῃ
1625 1329 1658 1363 τῇ
1675 1329 1748 1363 περὶ,
1757 1330 1830 1364 ἡμᾶς

1041 1366 1210 1401 κεκλημένος
1235 1368 1273 1400 είς
1297 1369 1385 1396 τοῦτο.
1415 1371 1573 1406 Ἀγαπήσας
1597 1373 1686 1400 τοίνυν
1714 1377 1776 1406 τοὺς
1800 1377 1827 1402 ἐν

1039 1410 1105 1445 τῷδε
1128 1411 1166 1446 τῷ
1180 1413 1284 1448 κόσμῳ,
1303 1414 1448 1450 ἠγάπησεν
1462 1417 1561 1448 αὐτοὺς
1582 1418 1622 1449 είς
1633 1419 1720 1451 τέλος,
1739 1421 1826 1448 καίτοι

1040 1456 1086 1481 καὶ
1098 1457 1150 1491 πρὸ
1167 1458 1215 1492 τῆς
1230 1459 1338 1494 ἑορτῆς,
1353 1461 1400 1487 καὶ
1411 1461 1463 1496 πρὸ
1480 1462 1526 1489 τοῦ
1541 1463 1646 1499 Πάσχα,
1661 1475 1669 1490 ι
1689 1466 1774 1498 Εἰδὼς
1787 1467 1825 1494 ὃτι

1038 1501 1117 1538 ἦλθεν
1131 1505 1212 1543 αὑτοῦ
1231 1506 1328 1542 ἡῶρα,
1345 1508 1388 1535 ἵνα
1407 1510 1510 1546 μεταϐῇ
1530 1512 1561 1537 ἐκ
1579 1512 1626 1538 τοῦ
1647 1514 1750 1549 κόσμου
1766 1515 1824 1542 τού-

204 1541 269 1574 quia
286 1541 359 1567 venit
377 1542 443 1568 hora
460 1543 518 1577 ejus
535 1547 564 1569 ut
583 1547 704 1569 transeat
718 1551 749 1570 ex
765 1545 815 1571 hoc
830 1546 932 1572 mundo
953 1546 986 1572 ad

204 1583 221 1594 Ιι
243 1590 247 1594 .
262 1593 265 1594 ν
369 1586 387 1594 π
425 1592 429 1594 λ
534 1589 537 1592 -
655 1589 660 1594 ι
721 1589 727 1594 .
831 1590 838 1594 .
899 1591 904 1594 .

1038 1557 1084 1574 του
1101 1541 1164 1585 προς
1180 1551 1225 1578 τὸν
1253 1541 1373 1589 Πατέρα.
1393 1541 1468 1582 ’.Τοῦ
1498 1541 1552 1591 ’μὲν
1572 1558 1627 1593 γὰρ
1645 1559 1682 1594 μὴ
1697 1541 1737 1591 εἰς
1751 1541 1824 1592 τέλος

202 1583 322 1613 Patrem.
340 1596 348 1612 ι
368 1586 480 1614 Factum
496 1589 568 1615 enim
580 1596 641 1615 esse
655 1589 791 1616 hutninetn
803 1610 810 1621 ,
831 1590 904 1617 haud
926 1599 986 1625 pcr-

203 1631 273 1656 l‘ecte
292 1630 432 1665 diligentis
456 1637 544 1663 esset,
566 1633 617 1660 nisi
645 1642 692 1668 pro
708 1634 830 1661 ontnium
847 1635 900 1662 vita
915 1636 985 1670 peri-

201 1676 288 1702 clitari
305 1677 400 1710 vellet,
425 1678 471 1705 sed
489 1679 515 1705 in
532 1678 611 1706 liuent
633 1680 728 1707 dilexit
751 1688 808 1711 eos,
827 1689 914 1716 neque
931 1681 985 1716 pati

201 1720 373 1754 detrectavit,
390 1723 515 1757 quamvis
539 1732 683 1758 passurum
702 1733 731 1752 se
754 1727 912 1760 pnnseiret:
935 1734 985 1754 nec

201 1766 273 1791 enim
291 1766 381 1801 ignota
404 1772 449 1794 aut
473 1768 620 1803 improvisa
639 1774 698 1796 erat.
720 1770 860 1798 Servatori
882 1771 983 1805 passio.

203 1810 271 1836 Cum
290 1819 369 1846 ergo,
387 1811 493 1846 inquit,
509 1812 663 1840 Judzeorum
688 1815 864 1848 petulantiam
882 1819 907 1842 et
926 1823 985 1841 eru—

200 1857 366 1890 eiligeutium
382 1859 551 1893 impietatem
569 1861 654 1887 vitare
670 1861 774 1893 liceret,
794 1868 929 1888 summam
945 1861 986 1887 di-

200 1904 343 1931 lectionem
363 1905 485 1932 exhibuit
508 1907 533 1933 in
553 1915 619 1934 suos
638 1907 683 1942 qui
707 1912 785 1934 erant
811 1909 838 1935 in
864 1909 982 1936 mundo:

201 1958 253 1976 non
271 1951 408 1978 recusavit
424 1953 496 1979 enim
523 1962 571 1988 pro
592 1954 646 1981 vita
669 1955 788 1981 omnitun
810 1955 891 1981 tnori.
908 1955 984 1988 Quod

199 1996 270 2022 enim
287 1995 328 2022 hic
345 1996 749 2034 perfectissimumdilectionis
766 2000 875 2027 tnodutn
894 2001 984 2028 videre

200 2041 295 2072 liceat,
323 2041 412 2076 ipsntn
429 2046 526 2070 teSIetn
546 2043 680 2070 adducam
701 2043 841 2071 Dominum
859 2050 982 2073 nostrum

197 2086 290 2114 lusum
301 2088 438 2115 Christum
451 2089 555 2117 sanctis
571 2090 653 2125 720
664 2091 807 2126 discipulis
823 2094 858 2119 ita
875 2093 984 2127 loquen-

198 2137 270 2160 tem:
294 2143 302 2159 ι
324 2133 379 2160 Hoc
393 2140 434 2161 est
452 2141 616 2171 prmceptum
635 2145 742 2170 nteutn,
761 2143 788 2164 ut
806 2138 926 2174 diligatis
940 2141 983 2167 in-

199 2179 294 2207 vicem.
309 2179 380 2206 sicut
398 2180 480 2206 dilexi
493 2188 551 2208 vos.
567 2180 695 2216 Majorem
709 2183 781 2209 enim
794 2184 844 2210 hac
857 2185 982 2212 dilectio-

199 2231 258 2249 nem
273 2231 353 2250 nemo
368 2224 467 2256 habet,
486 2229 514 2251 ιιι
531 2226 649 2252 animam
662 2234 739 2254 suam
754 2233 835 2261 ponat
853 2229 914 2263 quis
933 2238 981 2264 pro
997 2243 1019 2270 ι)

198 2269 294 2295 amicis
306 2270 363 2297 suis
377 2270 410 2297 ⁷⁸.
429 2279 437 2295 ι
457 2270 528 2302 Quin
544 2275 571 2298 et
587 2272 638 2298 alia
655 2273 760 2301 ratione
775 2275 880 2301 ostendi
894 2281 981 2309 potest

198 2318 307 2342 sanctos
324 2317 504 2350 evangelistas
525 2317 661 2351 imprimis
676 2326 789 2347 curasse
807 2326 834 2347 ut
855 2323 981 2350 ostende-

197 2366 258 2387 rent
285 2360 428 2388 ltominum
453 2366 577 2389 nostrum
600 2363 692 2390 Jesum
715 2365 853 2393 Christum
875 2371 982 2402 tempus

197 2406 333 2440 passionis
353 2408 496 2441 pra:seisse
512 2429 518 2440 ,
543 2417 576 2435 tte
600 2410 662 2444 quis
683 2410 827 2439 haereticus
850 2413 982 2442 adversus

196 2452 254 2484 ejus
280 2452 393 2486 gloriam
419 2453 592 2488 insurgeret,
621 2455 716 2484 dicens
741 2465 796 2491 pra:
821 2458 979 2487 inlirmitate

195 2501 303 2530 Cupiunt
316 2496 413 2529 fuisse,
426 2502 525 2525 etcum
542 2500 643 2528 invitus
655 2501 682 2528 in
698 2502 809 2536 laqueos
819 2503 976 2532 Judeeorum

196 2542 346 2574 incidisset,
365 2544 583 2572 crudelissimam
598 2551 712 2575 mortem
727 2550 881 2583 pertulisse.
897 2549 978 2578 Utilis

196 2595 260 2621 ergo
288 2593 314 2614 et
341 2589 375 2617 ad
388 2589 620 2625 dispensationem
647 2594 788 2628 pertinens
817 2601 976 2624 sanctorum

195 2641 296 2662 sermo.

230 2719 301 2754 ιιιιι,
316 2719 377 2750 2-5.
400 2722 433 2749 Et
450 2731 523 2750 caena
536 2723 624 2758 facta,
643 2734 701 2753 cum
716 2726 837 2754 diabolus
850 2727 906 2762 ium
926 2729 970 2754 im-

227 2811 252 2826 "
270 2811 353 2844 Hebr.
370 2823 401 2849 tt,
421 2815 463 2843 ιθ.
503 2815 524 2832 ⁸⁵
544 2815 662 2852 Philipp.
680 2825 709 2851 tt,
726 2817 751 2845 6.
789 2818 812 2835 ⁷⁸
834 2819 900 2847 ibid.
918 2819 942 2847 7.

1037 1593 1230 1629 ἀγαπήσαντος
1259 1595 1303 1632 ἦν,
1331 1598 1361 1624 τὸ
1392 1600 1516 1632 γενέσθαι
1535 1602 1583 1636 μὲν
1613 1603 1766 1639 ἄνθρωπον,
1788 1605 1824 1641 μὴ

1039 1639 1090 1674 μὴν
1104 1640 1229 1675 ἐθελῆσαι
1241 1643 1287 1670 καὶ
1296 1644 1344 1678 τῆς
1359 1645 1486 1672 ἁπάντων
1504 1648 1728 1682 προκινδυνεῦσαι
1742 1639 1822 1686 ζωῆς,

1039 1684 1096 1711 ἀλλ’
1113 1686 1254 1722 ἠγάπησεν
1265 1689 1304 1721 είς
1317 1689 1401 1723 τέλος,
1419 1693 1464 1717 καὶ
1478 1692 1556 1718 τοῦτο
1572 1694 1667 1721 παθεῖν
1677 1696 1708 1722 οὐ
1725 1684 1824 1731 παραι-

1036 1731 1197 1766 τησάμενος,
1218 1734 1307 1761 καίτοι
1333 1736 1464 1771 προειδὼς
1490 1737 1531 1764 ὅτι
1553 1739 1690 1766 πείσεται·
1721 1741 1752 1767 οὐ
1771 1742 1824 1778 γὰρ

1036 1776 1156 1803 ἄποπτον
1173 1776 1207 1813 ἦν
1222 1779 1260 1814 τῷ
1286 1781 1392 1816 Σωτῆρι
1416 1783 1446 1810 τὸ
1466 1784 1563 1815 πάθος.
1584 1785 1658 1817 Ἐξὸν
1671 1784 1728 1817 οὖν.
1746 1776 1822 1822 φησι,

1034 1821 1173 1857 διαδρᾶναι
1191 1825 1246 1851 τῶν
1266 1826 1398 1854 Ἰουδαίων
1408 1828 1456 1860 τὰς
1477 1831 1629 1865 παροινίας,
1648 1833 1695 1858 καὶ
1709 1821 1823 1867 τὴντῶν

1036 1869 1224 1904 σταυρούντων
1241 1871 1589 1911 ἀνοσιόττ,τα,τελεωτάτην
1603 1877 1759 1910 ἐπεδείξατο
1775 1879 1822 1914 τὴν

1034 1913 1172 1950 ἀγάπησιν
1189 1915 1238 1951 τὴν
1260 1918 1300 1948 εἰς
1322 1919 1386 1950 τοὺς
1403 1919 1484 1951 ἰδίους
1507 1922 1570 1953 τοὺς
1585 1922 1665 1954 ὄντας
1678 1923 1708 1950 ὲν
1723 1924 1763 1959 τῷ
1776 1925 1823 1951 xo-

1035 1966 1105 1993 σμῳ’
1123 1962 1300 1996 παρῃτήσατο
1323 1963 1377 1999 γὰρ
1399 1964 1525 2000 οὐδαμῶς
1545 1967 1575 1992 τὸ
1601 1968 1646 1994 καὶ
1661 1968 1710 2004 τῆς
1735 1970 1823 1996 ἁπάν-

1033 2011 1086 2029 των
1100 2005 1280 2041 ὑπερτεθῆναι
1296 2008 1350 2045 [ἵσ.
1368 2010 1576 2048 ὑπερτεϐνᾶναι]
1595 2013 1677 2048 ζωῆς.
1695 2015 1758 2041 ’Ὁτι
1768 2016 1823 2051 γὰρ

1033 2049 1157 2086 ἐντούτῳ
1186 2053 1303 2085 μάλιστα
1329 2055 1492 2083 τελεώτατον
1524 2057 1582 2084 ἔστι
1604 2059 1653 2093 τῆς
1667 2060 1779 2095 ἀγάπης
1793 2061 1822 2087 τὸ

1035 2095 1132 2130 μέτρον
1163 2097 1237 2130 ἰδεῖν,
1257 2099 1337 2126 αὑτὸν
1362 2102 1485 2136 παροίσω
1510 2103 1636 2139 μάρτυρα
1657 2105 1701 2130 τὸν
1719 2106 1820 2142 Κύριον

1034 2141 1110 2175 ἡμῶν
1131 2143 1232 2176 Ἰησοῦν
1247 2145 1363 2180 Χριστὸν
1376 2148 1431 2178 τοῖς
1449 2147 1534 2180 ἁγίοις
1550 2149 1663 2182 λέγοντα
1674 2150 1819 2186 μαοηταϊςν

1036 2195 1045 2212 ι
1064 2187 1136 2222 Αὕτη
1146 2189 1218 2214 ἐστὶν
1234 2191 1249 2223 ἡ
1268 2191 1360 2226 ἐντολὴ
1375 2193 1465 2228 ἠέμὴ,
1479 2194 1521 2219 ἵνα
1535 2195 1659 2226 ἀγαπᾶτε
1679 2196 1818 2232 ἀλλήλους,

1033 2233 1124 2265 καθὼς
1137 2234 1266 2269 ἠγάπησα
1278 2236 1358 2270 ὑμᾶς.
1378 2238 1496 2270 Μείζονα
1520 2240 1573 2274 γὰρ
1597 2241 1696 2275 ταύτης
1710 2243 1819 2279 ἀγάπην
1833 2263 1835 2266 ι

1031 2279 1117 2310 οὐδεὶς
1152 2279 1218 2314 ἔχει,
1236 2281 1279 2307 ἵνα
1298 2291 1338 2312 τις
1354 2283 1402 2317 τὴν
1415 2284 1503 2319 ψυχὴν
1524 2286 1609 2312 αὑτοῦ
1630 2286 1661 2321 θῇ
1682 2288 1753 2323 ὑπὲρ
1767 2290 1818 2315 τῶν

1031 2323 1217 2356 φίλωναὺτοῦ.
1233 2334 1242 2350 ι
1261 2326 1315 2352 Καὶ
1339 2327 1400 2353 καθ’
1421 2329 1513 2364 ἕτερον
1535 2330 1562 2356 δὲ
1578 2331 1677 2365 τρόπον
1696 2332 1740 2358 ἀεί
1762 2334 1817 2365 πώς

1030 2368 1087 2394 ἐστι
1100 2369 1144 2395 διὰ
1160 2370 1278 2405 σπουδῆς
1295 2373 1406 2405 γεγονὸς
1420 2376 1476 2405 τοῖς
1490 2375 1576 2409 ἁγίοις
1600 2377 1815 2410 εὐαγγελισταῖς,

1032 2414 1173 2448 προειδότα
1201 2415 1333 2443 δεικνύειν
1348 2419 1394 2444 τὸν
1412 2420 1458 2446 τοῦ
1475 2421 1577 2452 πάθους
1592 2422 1686 2457 καιρὸν
1704 2423 1750 2449 τὸν
1764 2424 1814 2450 Κύ-

1034 2467 1090 2494 ριον
1105 2460 1182 2495 ἡμῶν
1200 2461 1303 2496 Ἰησοῦν
1314 2463 1359 2490 τὸν
1374 2465 1491 2500 Χριστόν
1501 2475 1507 2481 ·
1524 2466 1567 2493 ἴνα
1583 2468 1619 2501 μή
1636 2476 1676 2499 τις
1689 2468 1744 2495 τῶν
1759 2470 1813 2495 ἑτε-

1034 2503 1149 2537 ροδοξεῖν
1179 2506 1313 2534 εῑωοότων
1338 2509 1387 2544 τῆς
1403 2509 1478 2542 θείας
1498 2511 1580 2537 αὑτοῦ
1596 2512 1673 2547 δόξης
1685 2515 1813 2540 κατεπαί-

1033 2557 1124 2584 ρηται,
1141 2550 1238 2585 λέγων,
1259 2553 1296 2585 ὠς
1311 2554 1368 2588 ἥλω
1384 2555 1433 2590 μὲν
1448 2556 1482 2582 δι’
1497 2557 1649 2590 ἀσθένειαν,
1667 2559 1775 2594 βρόχοις
1788 2560 1813 2586 δὲ

1030 2595 1086 2626 τοῖς
1112 2596 1245 2624 Ἰουδαίων
1273 2599 1440 2634 ἀνεοελήτιος
1461 2603 1627 2637 περιπεσὼν,
1661 2604 1706 2630 τὴν
1745 2605 1813 2632 οὕτω

1031 2640 1171 2668 πάνδεινον
1188 2643 1291 2680 ὑπέστη
1321 2645 1442 2673 θάνατον.
1469 2649 1644 2684 Οἰκονομικὸς
1672 2652 1811 2688 τοιγαροῦν

1031 2688 1078 2712 καὶ
1093 2687 1229 2723 ὠφέλιμος
1242 2690 1296 2717 τῶν
1311 2692 1396 2725 ἁγίων
1407 2694 1420 2719 ὁ
1437 2693 1525 2728 λόγος.

1065 2731 1120 2757 Καὶ
1138 2731 1262 2761 δείπνου
1273 2736 1435 2771 γενομένου
1447 2757 1455 2770 ,
1472 2738 1524 2766 τοῦ
1540 2739 1681 2768 διαϐόλου
1697 2740 1808 2776 ἦδηβε-

982 2820 1004 2835 τι
1023 2819 1104 2848 Joan.
1121 2829 1166 2856 xv,
1187 2824 1228 2855 15,
1247 2826 1288 2854 Η.
