1906 3037
82 142 130 170 H7

614 146 648 174 IN
667 146 811 176 JOANNIS
831 148 1057 178 EVANGELIUM
1079 150 1142 177 LIB.
1164 149 1208 178 IX.

1663 150 1713 178 H8

77 202 156 237 τέραν
175 202 235 238 ἔχοι
258 203 308 239 τὴν
329 205 428 237 αἰτίαν,
446 206 476 233 τὺ
492 208 557 241 παρ’
577 207 659 234 αὑτοῦ
674 207 785 242 γεγονὸς
810 217 872 234 συν-

930 214 1103 244 Qercepturos
1125 211 1172 236 ait.
1198 208 1265 236 Vide
1283 209 1355 236 enim
1370 216 1424 243 quo
1438 212 1518 242 pacto
1539 213 1659 242 tempore
1679 209 1711 233 ad

78 248 150 281 ήσειν
165 248 234 282 φησὶ
263 249 333 284 μετὰ
353 250 449 281 ταῦτα,
473 253 538 279 ὅταν
559 252 679 288 δηλονότι
700 253 872 289 πλατυτέραν

79 293 139 328 περὶ
154 293 240 320 αὐτοῦ
258 297 375 323 ποιεῖται
397 297 446 333 τὴν
465 297 603 334 ἐξήγησιν.
625 299 731 334 Ὀνήσει
757 299 785 326 δὲ
812 299 871 327 λίαν

79 338 123 364 καὶ
138 338 221 366 τοῦτο
246 341 330 368 πάλιν
347 343 421 377 ἡμᾶς
435 344 504 377 μετὰ
526 344 579 370 τῶν
601 344 688 371 ἄλλων
704 345 735 371 οὗ
753 345 869 381 μικρῶς.

78 382 129 409 Θέα
146 384 201 418 γὰρ
215 385 293 418 ὅπως
321 388 416 423 καιροῦ
443 389 585 421 καλοῦντος
611 391 651 421 εἰς
676 389 766 426 ἔργον,
784 391 870 426 ὑπερ-

77 429 174 457 τίθεται
191 431 238 457 τὺν
252 432 342 466 λόγον.
360 435 456 470 καιροῦ
477 435 499 461 δ’
513 433 546 462 αὗ
563 437 644 463 πάλιν
661 436 815 470 ἐπείγοντος
830 437 870 468 είς

77 475 151 510 λόγον
175 478 324 506 ἀναδύεται
340 481 370 506 τὸ
393 480 467 516 δρᾷν.
483 481 574 508 Πάντα
598 482 651 517 γὰρ
672 483 779 517 καιροῖς
802 482 870 508 ἀπο-

920 263 990 290 opus
1003 262 1121 284 vocante
1136 263 1291 284 sermonem
1306 255 1425 287 differat,
1440 259 1468 282 et
1482 263 1579 281 rursus
1593 259 1713 288 tempore

921 301 952 328 ail
970 309 1124 329 sermonem
1144 303 1288 329 incilaute.
1301 303 1333 328 ab
1349 301 1456 336 agendo
1469 300 1594 327 desistat.
1608 299 1711 326 Cum-ta

920 347 992 374 enim
1017 348 1190 382 temporibus
1205 347 1335 382 congruis
1352 347 1501 373 tribuebat.
1527 345 1607 371 [‘ctro
1631 344 1714 378 igitur

919 398 1052 420 renuente
1064 398 1091 420 et
1106 399 1200 428 aperte
1216 399 1330 428 negante
1346 393 1427 428 pedes
1438 392 1490 419 sibi
1503 391 1536 418 ab
1546 399 1579 418 eo
1590 390 1712 417 ablutum

921 439 954 465 iri
979 439 1006 465 in
1030 443 1180 471 aeternum,
1202 439 1331 467 damnum
1356 440 1419 466 hinc
1444 440 1566 465 l'uturuui
1584 436 1709 463 Senator

923 485 1056 518 explicat.
1078 485 1193 512 dicens:

76 523 162 558 νέμων
195 526 255 557 τοῖς
279 527 380 554 ἐοικόσι
401 529 448 555 καὶ
471 529 618 564 πρέπουσιν
639 527 682 564 ἦν.
703 529 889 561 ’Δνανεύοντος
907 531 1054 557 τοίνυντοῦ
1080 532 1192 566 Πέτρου,
1226 531 1271 558 καὶ
1293 531 1497 566 ἀποφάσκοντος
1518 528 1712 565 ὲναργῶςτοῦκ

78 571 109 597 ἆν
123 571 205 598 αὐτοῦ
221 572 298 607 νίψαι
316 574 379 606 τοὺς
395 575 477 607 πόδας
496 576 536 607 εἰς
553 576 599 603 τὸν
630 575 726 608 αἰῶνα,
751 575 800 611 τὴν
819 576 953 611 ἐσομένην
978 578 1079 608 ζηαίαν
1105 577 1228 604 ἐντεῦθεν
1252 578 1370 613 φανερὰν
1397 578 1412 604 ὁ
1438 577 1530 612 Σωτὴρ
1566 576 1710 608 καθίστησι

77 617 159 651 λέγων
167 626 174 633 ·

115 663 182 690 Ἐὰν
197 665 244 699 μὴ
264 666 345 700 νίψω
361 675 407 700 σε,
423 668 478 695 οὐκ
502 668 582 703 ἔχεις
598 667 690 703 μέρος
705 668 769 703 μετ’
787 667 872 702 ἐμοῦ.

110 752 190 779 Ὅσον
211 754 265 788 μὲν
281 752 328 783 οὖν
349 753 416 792 ἧκεν
438 757 477 788 είς
496 757 541 783 τὸν
558 757 666 793 ἐμφανῆ
687 757 734 784 καὶ
761 759 872 794 πρόχει-

79 807 121 833 ρον
148 799 195 826 τοῦ
229 802 415 836 προκειμένου
443 803 553 834 σκοπὸν,
570 804 601 830 Εἰ
629 804 666 839 μὴ
695 804 867 837 καταδέξαιο,

79 845 152 880 φησὶ,
164 845 195 872 τὸ
208 845 286 877 ξένον
302 846 380 874 τοῦτο
395 851 442 874 καὶ
460 848 543 884 ἄηθες
557 849 607 883 τῆς
620 850 870 886 ταπεινοφροσύνης

80 891 201 926 μάθημα,
215 892 314 927 μερίδα
327 893 373 919 καὶ
390 894 490 929 κλῆρον
507 895 556 921 οὐκ
568 894 600 921 ἂν
616 894 706 930 εὕροις
721 896 778 930 μετ’
789 897 868 930 ἐμοῦ.

85 937 189 972 Ἐπειδὴ
205 937 234 964 δὲ
251 939 383 971 πολλάκις
402 941 416 966 ὀ
430 941 531 976 Κύριος
547 942 625 976 ἡμῶν
644 942 747 976 Ἰησοῦς
767 943 781 969 ὁ
803 943 869 978 Χρι-

80 983 146 1015 στὸς,
165 984 212 1010 καὶ
228 984 333 1019 μικρὰς
353 984 407 1011 τῶν
426 985 512 1020 λόγων
531 986 622 1013 λαϐὼν
641 988 778 1023 ἀφορμὰς,
796 997 869 1022 γενιι

81 1029 128 1063 κὴν
146 1031 264 1057 ποιεῖται
280 1030 330 1061 τὴν
350 1031 489 1066 ἐξήγησιν,
513 1033 560 1058 καὶ
581 1034 621 1064 εἰς
639 1033 738 1065 πλάτος
751 1034 868 1066 ἐξέλκων

80 1078 110 1105 τὰ
127 1078 168 1112 ἐφ’
185 1079 247 1110 ἑνὸς
272 1079 444 1115 πράγματος,
469 1080 552 1116 ἤγουν
575 1081 614 1112 εἷς
636 1090 663 1108 τι
688 1082 770 1118 μέρος
797 1082 868 1114 ἰδίως

81 1124 226 1160 εὶρημένα,
252 1125 384 1152 πλουσίαν
412 1127 467 1157 τοῖς
493 1126 640 1162 ὁρωμένοις
671 1128 792 1162 εἰσφέρει
820 1127 869 1162 τὴν

81 1171 178 1206 δνησιν,
194 1171 346 1207 οἰησόμεθά
362 1181 420 1203 πως
447 1173 498 1200 κάν
510 1173 599 1208 τούτῳ
620 1173 708 1208 λέγειν
727 1173 817 1205 αὐτὸν,
833 1174 870 1205 ὡς

83 1218 104 1243 εί
117 1217 151 1252 μή
167 1226 209 1248 τις
231 1217 395 1251 ἀπονίψαι.το
415 1217 459 1244 διὰ
482 1218 528 1253 τῆς
547 1218 628 1244 αὐτοῦ
641 1220 750 1253 χάριτος
768 1218 812 1245 τὸν
838 1219 870 1244 ἐκ

82 1262 127 1296 τῆς
142 1262 281 1297 ἁμαρτίας
299 1262 409 1289 καὶτοῦ
427 1263 596 1297 πλημμελεῖν
618 1263 765 1298 μολυσμὸν,
788 1264 870 1299 ἀμέτ-

84 1317 139 1343 οχος
154 1308 230 1335 ἔσται
247 1308 298 1343 τῆς
318 1310 381 1344 παρ’
400 1308 480 1335 αὐτοῦ
495 1309 576 1344 ζωῆς,
589 1310 698 1345 καὶτῆς
717 1310 770 1335 τῶν
790 1311 871 1345 οὺρα-

85 1355 132 1381 νῶν
151 1354 290 1389 βασιλείας
305 1354 436 1389 ἄγευστος
452 1355 593 1390 ἀπομενεῖ.
616 1355 652 1382 Οὐ
666 1356 720 1392 γὰρ
732 1357 787 1387 τοῖς
805 1357 872 1382 ἀκα-

85 1401 185 1438 θάρτοις
197 1402 238 1432 εις
253 1401 304 1433 τὰς
324 1401 381 1428 ἄνω
404 1401 487 1436 μονὰς
503 1402 614 1428 εἰσιέναι
630 1402 719 1437 θέμις,
736 1403 803 1429 ἀλλὰ
817 1404 873 1434 τοῖς

85 1447 126 1474 διὰ
134 1448 181 1483 τῆς
195 1449 235 1479 είς
252 1448 372 1484 Χριστὸν
387 1448 497 1483 ἀγάπης
513 1448 633 1482 καθαρὸν
655 1448 744 1483 ἔχουσι
765 1449 795 1475 τὸ
812 1457 873 1475 συν-

86 1495 158 1528 ειδὸς,
177 1496 225 1522 καὶ
239 1495 418 1531 ἡγιασμένοις
442 1496 470 1522 ἐν
496 1495 634 1531 Πνεύματι
659 1495 703 1522 διὰ
724 1495 769 1521 τοῦ
795 1495 872 1529 ἁγίου

87 1541 280 1576 βαπτίσματος.

120 1588 200 1622 Λέγει
222 1587 306 1620 αὐτῷ
327 1587 425 1620 Σίμων
451 1587 576 1621 Πέτρος·
599 1587 702 1621 Κύριε,
732 1587 775 1622 μὴ
803 1587 874 1619 τοὺς

958 667 1037 702 723
1054 666 1124 700 XI",
1139 667 1166 694 8.
1183 666 1274 693 Sinon
1290 669 1376 693 lavero
1395 671 1429 696 te,
1459 674 1510 691 non
1531 665 1635 692 habebis
1647 675 1709 701 par-

924 719 973 739 ιεηι
987 722 1087 740 meum:
1093 732 1100 739 ι

958 759 1035 791 Quod
1054 759 1086 785 ad
1106 759 1159 785 loci
1179 758 1263 793 hujus
1276 757 1453 784 manifestum
1472 761 1498 784 et
1509 757 1619 784 obvium
1647 765 1709 784 seo-

922 812 986 839 pum
1003 806 1112 837 attinet,
1132 805 1189 832 Nisi
1204 804 1362 831 inusitatam
1378 803 1450 830 lianc
1462 807 1489 830 et
1504 803 1641 829 insolitam
1658 803 1709 829 bu-

920 850 1062 876 mililatem
1082 850 1225 881 didiceris,
1240 849 1339 884 inquit,
1359 852 1464 883 partem
1483 852 1510 875 et
1528 853 1629 874 sortem
1655 855 1708 874 non

921 894 1049 922 invenies
1065 903 1182 922 mecum.
1202 895 1255 921 Sed
1274 903 1336 921 cum
1355 901 1426 928 smpe
1457 893 1588 920 Dominus
1618 898 1709 918 noster

919 939 1001 968 Jesus
1022 940 1151 968 Christus
1170 941 1292 975 sumptis
1308 940 1415 967 levibus
1447 939 1530 965 etiam
1564 938 1709 964 verborum

920 987 1118 1014 occasionibus
1144 988 1300 1022 generalem
1334 986 1533 1021 expositionem
1559 984 1653 1015 faciat,
1683 978 1730 1010 ct.

920 1041 981 1068 quae
998 1033 1032 1060 de
1050 1041 1103 1060 una
1130 1042 1159 1061 re
1189 1038 1236 1060 aut
1272 1038 1347 1068 parte
1372 1040 1424 1059 una
1445 1031 1621 1066 peculiariter
1636 1030 1709 1056 dirta

920 1083 985 1106 sunt
1002 1080 1084 1106 latius
1100 1080 1262 1109 extendens.
1281 1079 1450 1105 abundantia
1474 1077 1533 1103 utili
1551 1077 1709 1110 locupletet,

920 1125 1008 1159 ipsum
1028 1126 1109 1151 etiam
1127 1126 1170 1151 liie
1187 1126 1279 1152 dicere
1294 1124 1452 1159 putabimus
1469 1123 1553 1157 quod,
1570 1122 1624 1149 nisi
1647 1121 1710 1156 quis

921 1179 969 1205 per
980 1172 1039 1206 ejus
1058 1172 1173 1205 gratiam
1189 1171 1284 1198 sordes
1305 1178 1335 1197 ex
1356 1174 1469 1204 peccato
1483 1172 1640 1196 contractas
1663 1167 1711 1193 ab-

921 1217 1013 1249 luerit,
1035 1218 1175 1252 particeps
1205 1216 1315 1244 futurus
1337 1224 1390 1242 non
1412 1218 1448 1243 sit
1467 1215 1527 1241 vita:
1545 1222 1605 1248 qua:
1624 1213 1658 1240 ab
1678 1220 1711 1239 eo

923 1266 1025 1294 nianal,
1047 1267 1074 1289 et
1091 1263 1166 1297 regni
1184 1263 1317 1289 caelorum
1344 1269 1441 1296 expers
1470 1267 1627 1287 mansurus.
1655 1257 1711 1285 Nec

922 1310 995 1337 enim
1011 1309 1052 1337 fus
1073 1315 1116 1336 est
1137 1309 1252 1344 impuris
1276 1310 1304 1335 in
1323 1315 1460 1342 supernas
1487 1306 1644 1333 mansiones
1669 1305 1711 1332 in-

922 1355 1010 1390 gredi.
1024 1355 1073 1382 sed
1089 1355 1135 1390 qui
1153 1363 1201 1389 per
1215 1355 1394 1381 dilectionem
1410 1353 1436 1380 in
1455 1353 1593 1380 Christum
1615 1358 1710 1386 puram

924 1401 1027 1428 habent
1043 1400 1256 1432 conscientiam,
1271 1403 1298 1426 et
1314 1398 1480 1426 sanctilicati
1495 1404 1558 1425 sunt
1570 1397 1595 1423 iu
1607 1395 1710 1431 Spiritu

923 1455 972 1482 per
985 1451 1115 1474 sanctum
1137 1446 1284 1481 baptisma.

966 1580 1035 1613 Xill,
1052 1580 1078 1607 9.
1091 1579 1159 1607 Dicit
1173 1580 1196 1606 ei
1210 1578 1301 1606 Simon
1320 1566 1415 1605 Petrus
1428 1585 1436 1603 :
1453 1576 1572 1604 Domine.
1587 1583 1638 1602 non
1652 1579 1713 1600 lan-

88 1634 175 1667 πόδας
188 1643 248 1668 μου
262 1634 367 1669 μόνον,
384 1633 464 1661 ἀλλὰ
485 1633 534 1660 καὶ
548 1633 601 1666 τὰς
620 1633 732 1668 χεῖρας,
746 1633 794 1660 καὶ
818 1633 875 1667 τὴν

930 1633 980 1654 tum
995 1628 1071 1662 pedes
1087 1635 1167 1659 meos,
1183 1625 1228 1652 sed
1243 1630 1267 1652 et
1284 1633 1376 1651 "unius
1392 1629 1415 1650 et
1434 1626 1523 1656 caput.

88 1680 228 1714 κεφαλήν.

126 1725 153 1752 Ὁ
168 1725 304 1760 τοσαύτην
322 1727 388 1761 ἡμῖν
405 1725 505 1760 ἀρτίως
523 1725 657 1758 ἐπιδείξας
670 1725 719 1760 τὴν
739 1725 873 1757 ἔνστασιν,

91 1771 132 1797 καὶ
157 1771 317 1806 ἀπαυδήσας
337 1770 458 1806 ἐναργῶς
477 1772 533 1797 τοῖν
556 1771 646 1797 ποδοῖν
666 1771 716 1807 τὴν
737 1771 874 1806 ἀπόνιψιν,

91 1817 134 1852 οὐχ
160 1818 232 1848 ὅπως
259 1817 360 1847 αὐτοὺς
387 1816 554 1852 παρατίθησι
596 1816 703 1850 μόνους,
731 1817 798 1844 ἀλλὰ
828 1817 876 1843 καὶ

91 1863 176 1897 χεῖρας
197 1862 244 1889 καὶ
267 1863 400 1897 κεξαλήν.
421 1863 452 1888 Εί
474 1861 528 1897 γὰρ
554 1862 688 1897 μέλλοιμι,
708 1863 784 1898 φησὶ,
806 1863 875 1890 ἀπο-

92 1908 225 1935 πσεῖσϐαι
249 1909 296 1935 διὰ
321 1908 415 1934 τούτου
440 1908 490 1942 τῆς
510 1908 577 1943 πρὸς
600 1908 629 1934 σὲ
656 1909 807 1942 κοινωνίας,
831 1909 877 1935 κα)⁴

94 1955 194 1989 μακράν
209 1963 259 1981 που
280 1954 388 1980 κεῖσθαι
410 1954 463 1981 τῶν
481 1955 510 1981 ὲν
531 1954 637 1980 ὲλπίσιν
659 1955 778 1987 ἀγαθῶν,
796 1955 820 1981 εί
839 1956 875 1990 μή

94 2008 130 2026 σοι
150 2001 196 2026 καὶ
215 1999 297 2027 τοῦτο
313 2001 379 2036 δρᾷν
401 2000 518 2026 ἐθέλοντι
537 2000 583 2026 καὶ
606 2001 778 2036 προελομένῳ
792 2009 877 2027 κατα-

93 2045 220 2080 νεύσαιμι,
234 2047 283 2072 καὶ
301 2045 464 2080 ἀπονίψαιμι
475 2045 538 2076 τοὺς
555 2046 647 2078 πόδας,
667 2045 817 2081 παραθήσω
831 2046 877 2072 καὶ

94 2091 124 2117 τὰ
136 2091 224 2123 λοιπὰ,
251 2091 300 2126 τὴν
323 2091 394 2117 οὕτω
417 2091 636 2126 φρικωδεστάτην
653 2091 755 2126 ζημίαν
778 2100 877 2126 παραι-

94 2137 224 2172 τούμενος.
244 2137 394 2169 Εὐλαϐείας
406 2136 452 2164 οὖν
464 2135 498 2173 ἦν
516 2137 569 2172 ἄρα
586 2137 690 2172 καρπὸς
707 2138 723 2172 ἡ
739 2138 767 2163 ἐν
782 2138 878 2172 ἀρχαῖς

97 2184 267 2218 παραίτησις,
291 2184 338 2210 καὶ
357 2183 386 2210 τὸ
409 2183 539 2218 δυσαχθὲς
556 2183 670 2214 δεδιότος
683 2183 730 2209 τοῦ
752 2183 879 2218 πράγμα-

96 2237 145 2260 τος,
159 2231 217 2264 οὐχὶ
230 2230 263 2264 δὴ
277 2230 384 2261 πάντως
405 2229 629 2263 ἀντιπράττοντος
641 2230 695 2260 τοῖς
705 2229 879 2260 Δεσποτικοῖς

72 2281 77 2287 ·
96 2274 281 2309 ἐπιτάγμασιν.
306 2275 418 2301 Ἐννοῶν
439 2284 468 2301 τε
483 2274 547 2310 γὰρ,
569 2275 606 2306 ὡς
626 2274 703 2310 ἔφην,
720 2275 769 2309 τήν
788 2283 817 2300 τε
832 2274 878 2300 τοῦ

961 1719 1013 1752 Qui
1035 1719 1116 1745 modo
1133 1721 1277 1751 tantopere
1293 1715 1403 1746 restitit,
1420 1718 1447 1742 et
1466 1714 1548 1749 pedes
1561 1713 1611 1740 sibi
1629 1711 1714 1738 lavari

927 1770 1021 1800 aperte
1042 1764 1150 1797 renuit,
1169 1771 1224 1790 non
1245 1767 1350 1789 tantum
1368 1768 1415 1788 eos
1433 1761 1505 1786 ultro
1534 1759 1647 1794 profert,
1666 1757 1714 1784 sed

927 1815 953 1837 et
969 1817 1068 1837 manus
1084 1813 1112 1837 et
1129 1812 1223 1843 caput.
1239 1808 1304 1834 Nam
1321 1807 1343 1834 si
1362 1815 1377 1833 a
1391 1811 1439 1833 tuo
1454 1805 1596 1832 consortio
1613 1803 1715 1830 idcirco

929 1858 1116 1884 removendus
1137 1863 1209 1888 sum,
1232 1854 1332 1889 inquit,
1352 1858 1378 1881 et
1407 1861 1422 1880 a
1439 1853 1518 1880 bonis
1535 1860 1595 1886 qua:
1626 1852 1714 1885 posita

928 1908 994 1932 sunt
1014 1904 1042 1930 in
1061 1910 1110 1937 spe
1129 1901 1331 1931 excludendus,
1351 1901 1404 1926 nisi
1421 1900 1469 1926 tibi
1490 1899 1542 1925 lioc
1572 1906 1653 1933 agere
1669 1905 1716 1924 vo-

929 1950 994 1980 lenti
1012 1949 1201 1982 statuentique
1217 1954 1352 1980 annuero,
1365 1950 1391 1973 et
1406 1946 1488 1980 pedes
1499 1945 1621 1976 abluero,
1636 1943 1715 1971 exiti-

928 1997 999 2024 bebo
1017 1997 1099 2024 etiam
1116 1995 1233 2029 reliqua.
1253 1994 1350 2021 nolens
1375 1992 1499 2019 terribile
1519 1991 1571 2018 hoc
1585 1991 1716 2017 damnum

929 2043 1081 2069 incurrere.
1111 2039 1276 2067 Reverentia
1308 2038 1391 2073 igitur
1414 2044 1446 2064 ac
1479 2039 1554 2062 metu
1580 2035 1717 2070 principio

929 2088 1087 2118 recusabat,
1105 2086 1268 2122 gravitatem
1296 2084 1335 2111 rei
1354 2084 1562 2118 pertimescens,
1591 2089 1644 2108 non
1663 2081 1718 2108 uti-

929 2141 983 2168 que
997 2132 1068 2167 Quod
1087 2132 1194 2159 Domini
1218 2130 1356 2157 mandatis
1375 2130 1527 2156 resisteret.
1547 2127 1616 2153 Cum
1645 2127 1717 2154 enim

931 2179 1002 2214 apud
1025 2187 1054 2206 se
1069 2181 1219 2213 reputaret,
1245 2176 1346 2211 inquit.
1371 2174 1524 2202 Servatoris
1545 2173 1718 2208 dignitatem,

929 2227 956 2250 et
976 2227 1082 2250 natura;
1095 2229 1152 2248 sua
1166 2221 1328 2252 utilitatem,
1345 2219 1481 2254 principio
1498 2218 1606 2252 quidem
1636 2225 1719 2251 nega~

931 2269 996 2296 bat:
1022 2268 1070 2296 sed
1088 2275 1150 2294 cum
1171 2266 1301 2293 damnum
1319 2265 1464 2292 imminere
1478 2263 1619 2290 didicisset
1634 2264 1660 2290 ni
1680 2262 1719 2289 fa-

228 2320 319 2353 ὰξίαν,
335 2320 382 2346 καὶ
400 2320 450 2354 τῆς
471 2307 566 2346 ἑαυτοῦ
587 2307 693 2352 φύσεως
717 2307 751 2343 τὺ.
769 2326 875 2353 σμικρο-

932 2318 1017 2344 ccret,
1031 2313 1138 2340 Domini
1154 2312 1301 2339 confestim
1317 2311 1487 2344 obtemperat
1503 2309 1637 2335 voluntati
1666 2307 1716 2334 iiic

98 2366 204 2400 πρεπὲς,
219 2367 330 2402 ἠρνεῖτο
346 2365 394 2400 μὲν
406 2366 435 2392 ὲν
450 2366 561 2400 ἀρχαῖς·
578 2363 670 2399 μαθὼν
685 2364 712 2390 δὲ
725 2363 754 2389 τὸ
772 2363 879 2398 βλάϐος,

99 2412 172 2444 εὐθὺς
193 2412 354 2447 μετατρέχει
375 2411 443 2446 πρὸς
469 2411 500 2437 τὺ
532 2410 672 2445 βούλεσθαι
699 2409 728 2435 τὺ
751 2409 789 2443 τῷ
815 2417 882 2444 κρα-

100 2458 182 2484 τοῦντι
207 2458 313 2485 δοκοῦν.
344 2457 484 2492 Ἐπιτήρει
513 2456 541 2483 δὲ
565 2456 655 2487 πάλιν,
674 2455 720 2481 καὶ
744 2455 820 2489 δέχου
852 2454 882 2479 τὸ

104 2505 285 2539 πεπραγμένον
301 2504 340 2534 εἰς
354 2502 486 2538 ὡφελείας
503 2500 693 2537 ὑπογραμμὸν.
716 2500 809 2526 Καίτοι
829 2499 882 2533 γὰρ

103 2549 223 2585 ῑίρηκώς·
246 2559 255 2575 ι
275 2549 313 2576 Οὐ
340 2549 377 2584 μὴ
402 2548 482 2585 νίψῃς
506 2557 556 2583 μου
578 2547 641 2577 τοὺς
666 2546 748 2576 πόδας
775 2546 814 2576 είς
838 2545 884 2571 τὸν

108 2595 198 2628 litim,
227 2606 236 2621 ι
260 2595 420 2631 μεθίσταται
446 2593 615 2629 παραχρῆμα
642 2592 688 2618 τοῦ
714 2591 781 2627 πρὸς
806 2590 885 2617 τοῦτο

105 2641 236 2674 Ἆλέποντος
262 2642 320 2673 νοῦ,
345 2642 395 2668 οὐκ
417 2642 504 2667 ἐκεῖνο
534 2639 649 2675 μάλιστα
679 2639 817 2673 ἐννοήσας,
844 2636 885 2663 ’ὁτι

103 2689 226 2724 προσήκοι
237 2689 294 2720 τοῖς
312 2687 386 2718 ἰδίοις
405 2686 486 2713 αὑτὸν
508 2685 661 2720 ἐμμένοντα
684 2683 771 2717 λόγοις
798 2682 884 2717 ἀληθῆ

103 2733 236 2766 φαίνεσθαι
255 2734 320 2769 παρ’
333 2734 409 2768 ἡμῖν,
432 2732 489 2759 ἀλλ’
508 2732 548 2758 ὅτι
572 2730 681 2765 μείζονα
697 2729 743 2756 καὶ
760 2728 885 2764 χαλεπω-

103 2781 178 2814 τέραν
191 2780 301 2815 εὑρήσει
316 2778 428 2814 ζημίαν,
450 2778 499 2814 τὴν
519 2778 551 2804 ἐκ
563 2776 609 2803 τοῦ
627 2776 744 2811 τηρῆσαι
759 2774 788 2801 τὸ
807 2775 883 2809 εἰρη-

107 2824 188 2858 μένον.
202 2824 433 2861 Παραφυλακτέον
447 2823 589 2858 τοιγαροῦν
602 2822 632 2848 τὸ
649 2820 773 2856 προαλῶς
788 2829 813 2845 τι
837 2821 884 2846 καὶ

106 2871 247 2906 προχείρως
273 2872 372 2903 εἰπεῖν,
395 2871 461 2906 μήτε
477 2871 525 2905 μὲν
549 2869 654 2904 ἀγρίοις
676 2866 826 2901 ἐπειγέσθω
843 2875 884 2898 τις

932 2359 1120 2386 animadverte
1137 2365 1245 2387 rursus.
1260 2362 1284 2384 et
1305 2355 1408 2383 factum
1428 2355 1517 2389 ipsum
1546 2355 1572 2380 in
1594 2354 1721 2389 pnescri<

932 2411 1006 2441 pttnn
1016 2409 1042 2432 et
1054 2404 1174 2439 regulam
1188 2403 1280 2430 utilem
1296 2401 1512 2436 eape.Quamvis
1526 2401 1596 2427 enim
1608 2400 1719 2432 dixerit,

935 2461 944 2477 ι
969 2451 1027 2478 Non
1046 2450 1150 2477 lavabis
1165 2449 1230 2476 mihi
1246 2448 1330 2483 pedes
1343 2448 1368 2474 in
1383 2451 1527 2477 :Pternum,
1545 2455 1554 2471 ι
1574 2447 1719 2473 consiliarii

933 2501 1024 2524 tamen
1044 2504 1076 2523 ac
1095 2501 1210 2522 mentem
1225 2495 1317 2521 statim
1337 2496 1441 2524 mutat,
1459 2500 1512 2519 non
1524 2492 1580 2525 jam
1597 2492 1720 2526 cogitans

934 2543 1041 2570 ﬁrmum
1058 2547 1085 2569 et
1099 2544 1271 2568 constantem
1293 2540 1321 2566 in
1344 2539 1426 2566 dictis
1442 2537 1577 2565 manendo
1597 2544 1720 2564 veraeem

934 2588 1019 2616 videri
1037 2592 1172 2623 oportere,
1189 2587 1236 2613 sed
1256 2586 1388 2619 maiorem
1408 2585 1619 2619 gravioremqne
1631 2583 1722 2618 jactu-

934 2642 991 2661 ram
1010 2634 1064 2661 sibi
1084 2633 1228 2660 imminere
1244 2631 1326 2667 724
1343 2631 1364 2658 si
1386 2630 1468 2657 dictis
1486 2630 1601 2657 steterit.
1614 2628 1722 2656 Caven—

934 2680 998 2707 dum
1020 2680 1112 2714 itaque
1136 2687 1169 2706 ne
1187 2679 1251 2713 quid
1277 2684 1448 2712 praepropere
1469 2684 1500 2702 ac
1521 2680 1622 2703 temere
1648 2675 1722 2701 dica-

938 2734 999 2754 mus
1013 2735 1019 2753 :
1035 2733 1124 2760 neque
1139 2733 1203 2752 vero
1220 2725 1283 2760 quis
1297 2723 1404 2751 acerbis
1421 2723 1534 2750 vocibus
1552 2722 1682 2750 incessat.
1699 2721 1721 2747 si

937 2772 1002 2807 quid
1019 2780 1051 2799 ex
1069 2772 1180 2798 levitate
1196 2777 1222 2798 et
1253 2769 1486 2798 inconsiderantia
1514 2768 1644 2802 reiectum
1673 2767 1723 2793 sit-

938 2820 984 2846 srd
1003 2819 1024 2846 si
1043 2818 1108 2853 quid
1129 2818 1211 2845 alicui
1232 2817 1377 2847 exciderit,
1394 2824 1426 2842 ac
1458 2823 1518 2842 mox
1551 2821 1597 2849 per
1616 2813 1723 2839 inﬁcia-

939 2865 1040 2891 tionem
1070 2865 1171 2890 bonum
1188 2863 1298 2898 aliquod
1327 2870 1358 2889 ac
1387 2862 1453 2889 utile
1481 2865 1508 2888 et
1538 2858 1721 2886 necessarium
