1897 3032
208 149 260 177 1‘23

714 149 742 175 S.
757 147 894 175 (ZYRIILI
913 147 1145 176 ALEXANDBINI
1159 147 1317 175 ARCIIIEP.

1778 149 1827 176 ιει

207 208 414 237 documentum,
430 213 483 232 non
497 206 659 241 simpliciter
675 206 712 233 ait
728 216 733 233 :
758 206 994 238 Quemadmodum

1051 204 1145 231 ἑαυτοῦ
1173 204 1317 240 μαθηταῖς,
1342 203 1440 238 μᾶλλον
1463 203 1490 230 δὲ
1511 204 1544 230 δι’
1562 204 1672 231 ἐκείνων
1699 206 1754 235 τοῖς
1787 207 1833 233 ἀνὰ

208 260 258 288 ego
274 252 326 279 lavi
343 252 427 287 pedes
446 257 570 285 vestros,
595 253 636 279 sic
649 256 677 279 et
692 259 741 279 vos
759 252 849 279 facere
867 252 991 279 debetis:

209 297 256 324 sed
283 297 375 331 potius
397 297 556 331 dignitatem
581 304 658 324 suam
675 298 750 332 prius
767 298 894 331 explicat,
924 301 951 325 et
979 306 993 324 a

209 348 307 370 natura
332 344 383 370 sibi
411 344 519 370 insitam
540 343 710 370 nobilitatem
733 351 903 378 proponens,
935 345 993 378 ipsa

209 397 241 416 re
267 390 358 417 inanis
384 390 476 424 gloria:
496 389 612 424 cupidos
629 389 785 417 confundit.
806 400 814 415 ι
835 390 888 416 Vos
907 391 991 423 enim,

210 437 310 470 inquit,
327 436 432 463 vocatis
452 444 494 463 me
531 436 663 463 Dominus
687 440 714 463 et
730 436 867 471 Magister,
882 441 909 463 et
926 436 994 463 bene

209 482 312 511 dicitis.
331 490 391 509 sum
420 482 531 509 etenim.
552 491 562 507 ι
579 481 701 509 Observa
726 486 815 509 autem
832 490 887 517 quo
916 487 995 516 pacto

209 527 313 553 interea
331 527 395 553 dum
411 526 543 560 loquitur,
558 526 732 553 mdilieationi
749 534 858 561 quoque
877 526 994 553 creden-

209 572 275 598 tium
291 572 442 606 provideat,
458 578 484 599 et
501 572 646 606 impiorum
665 572 855 599 htPreticorum
871 573 993 607 linguam

208 617 365 651 petulantia:
383 617 489 650 plenam
506 625 561 644 non
576 617 696 652 ignoret.
716 617 784 644 Cum
802 618 874 645 enim
894 618 927 645 ad
953 618 995 645 di-

208 661 332 696 scipulos
351 670 416 690 suos
436 662 557 690 dixerit:
579 673 588 688 (
608 662 663 690 Vos
680 664 783 691 vocatis
804 672 847 691 me
863 663 994 692 Dominus

207 712 234 735 et
248 707 410 743 Magister,i
432 716 466 735 ne
487 709 549 743 quis
564 709 736 737 existimaret
758 715 855 737 natura
883 711 992 745 quidem

209 753 298 788 ipsum
322 762 376 780 non
398 761 460 781 esse
479 754 623 781 Dotttimnu
649 763 738 790 neque
754 756 927 791 Magistrum,
946 759 992 784 sed

208 802 338 833 tanquam
358 799 471 826 honoris
493 799 553 826 loco
572 800 672 827 habere
704 801 776 828 hanc
804 809 818 828 a
849 802 994 837 discipulis

209 845 433 878 appellationem,
451 847 608 873 necessario
634 847 751 878 addidit,
775 847 884 874 illorum
905 849 994 884 suspi-

209 890 303 917 ciones
317 895 453 924 evertens,
469 900 478 917 ‹
499 891 529 918 Et
551 892 619 919 bene
634 893 747 920 dicitis:
767 901 827 921 Sum
848 894 960 921 etenim.
981 905 990 920 ι
1012 879 1031 907 Β

209 934 265 962 Nec
285 936 355 962 enim
373 937 474 963 uudutu
489 937 604 965 honoris
618 946 717 965 nomen
731 939 848 974 adeptus
860 945 901 967 est
915 941 992 973 illud,

211 980 351 1014 Dominus,
363 983 443 1010 sicuti
456 991 518 1015 nos,
530 985 576 1019 qui
590 985 683 1012 famuli
702 993 874 1014 remanemus
886 993 993 1020 natura,

209 1029 336 1062 quamvis
353 1037 400 1063 pcr
427 1030 508 1065 727
534 1031 650 1065 gratiam
677 1032 770 1066 dignis
797 1033 955 1061 nominibus
969 1039 995 1061 et

209 1078 336 1100 naturam
364 1075 560 1103 excedentibus
585 1077 732 1104 illustrati:
756 1077 802 1105 sed
829 1083 871 1106 est
896 1084 994 1106 natura

210 1117 352 1152 Dominus,
369 1120 505 1149 ttuiversis
522 1121 606 1149 rebus
628 1122 783 1157 imperans,
803 1128 831 1151 ut
853 1124 933 1156 Deus.
961 1126 994 1153 ad

209 1171 291 1198 quem
306 1165 407 1192 dictum
424 1171 466 1192 est
489 1166 591 1194 alicubi
620 1175 687 1195 voce
706 1168 877 1198 Psalmistae:
899 1181 907 1196 ε
926 1171 994 1204 Quia

208 1209 300 1236 omnia
315 1211 441 1237 serviunt
459 1211 508 1238 tibi
520 1212 552 1239 ⁷⁸.
573 1222 582 1238 ι
603 1212 650 1240 Est
666 1218 758 1241 autem
774 1220 801 1242 et
823 1220 921 1243 natura
938 1225 994 1244 ma—

208 1255 312 1290 gister:
339 1258 429 1285 omnis
446 1258 519 1285 enim
538 1259 677 1296 sapientia
708 1266 750 1288 est
783 1270 797 1288 a
826 1262 951 1296 Domino,
969 1269 996 1291 et

208 1302 297 1329 omnis
324 1302 502 1338 intelligentia
522 1313 569 1339 per
599 1307 698 1340 ipsum.
729 1307 898 1342 Sapientiam
922 1310 994 1336 enirn

207 1346 277 1374 indit
302 1349 458 1382 spiritibus.
485 1354 515 1376 ut
542 1351 690 1386 sapientia,
711 1358 739 1380 et
766 1356 839 1381 muni
864 1360 996 1382 creatura:

208 1394 346 1426 rationali,
365 1395 471 1423 caelesti
485 1403 517 1422 ac
536 1400 654 1424 terrenae
667 1400 871 1426 convenientem
889 1400 996 1428 intelle-

208 1444 283 1466 ctum
303 1440 409 1468 inserit.
434 1441 672 1473 Quemadmodum
694 1445 766 1472 enim
786 1446 844 1480 ipse
873 1453 934 1473 cum
959 1447 996 1474 sit

210 1485 361 1512 secundum
375 1491 502 1513 naturam
517 1488 585 1519 vita.
600 1490 691 1516 omnia
708 1491 771 1518 vitae
789 1493 901 1526 capacia
924 1493 994 1520 vivi-

1045 251 1133 276 πᾶσαν
1157 250 1206 284 τὴν
1229 249 1281 284 γῆν
1310 249 1339 274 τὸ
1367 249 1415 283 τῆς
1447 250 1694 285 ταπεινοφροσύνης
1724 251 1833 287 μάθημα

1043 295 1140 327 διδοὺς,
1166 295 1214 329 οὐχ
1238 294 1331 326 ἁπλῶς
1360 303 1451 330 φησιν,
1480 295 1519 321 ὅτι
1545 295 1650 331 Ὥσπερ
1676 295 1732 329 ἐγὼ
1759 296 1833 330 ἐνιςει

1044 341 1120 376 ὑμῶν
1134 341 1196 368 τοὺς
1220 340 1313 373 πόδας,
1331 339 1401 366 οὕτω
1425 340 1471 366 καὶ
1493 341 1571 375 ὑμεῖς
1590 341 1712 374 ὀφείλετε
1734 343 1830 368 mista-

1045 386 1235 422 προεξηγεῖται
1255 386 1283 412 δὲ
1305 386 1404 420 μᾶλλον
1426 386 1457 412 τὸ
1483 386 1546 412 ἴδιον
1571 386 1688 421 ἀξίωμα,
1716 388 1765 414 καὶ
1787 389 1834 422 τὴν

1044 432 1248 467 ἐνυπάρχουσαν
1277 431 1351 466 αὐτῷ
1383 432 1502 467 φυσικὴν
1525 432 1650 459 εὔκλειαν
1678 433 1834 468 παρατιθεὶς

1044 478 1164 504 δυσωπεῖ
1176 477 1215 513 τῷ
1230 478 1372 512 πράγματι
1398 479 1443 504 τὸν
1463 478 1608 512 φιλόδοξον.
1626 488 1634 504 ‹
1658 479 1754 513 Ὑμεῖς
1773 479 1833 514 γὰρ,

1044 523 1136 558 φησὶν,
1152 523 1229 550 αὐτοὶ
1244 523 1350 549 καλεῖτέ
1367 532 1411 558 με,
1433 524 1447 550 ό
1461 523 1562 558 Κύριος
1575 524 1622 551 καὶ
1633 526 1647 551 ὁ
1660 525 1834 555 Διδάσκαλος,

1044 569 1092 595 καὶ
1114 570 1205 601 καλῶς
1225 569 1329 603 λέγετε,
1354 570 1411 604 είμί
1435 570 1499 605 γάρ.
1520 580 1528 595 ι
1549 570 1689 605 Ἐπιτήρει
1713 570 1742 597 δὲ
1766 571 1834 601 ὅπως

1045 615 1092 642 καὶ
1116 616 1215 650 μεταξὺ
1237 615 1285 642 τοῦ
1310 615 1391 649 λόγου
1417 615 1466 650 τῆς
1489 615 1542 642 τῶν
1569 616 1753 643 πιστευόντων
1773 625 1834 652 προ-

1045 662 1154 696 ενόησεν
1172 662 1327 697 οἰκοδομῆς,
1345 663 1392 688 καὶ
1417 661 1465 693 τὰς
1488 662 1542 688 τῶν
1558 662 1673 689 ἀνοσίων
1691 664 1834 698 αἱρετικῶν

1044 709 1094 734 οὐκ
1113 708 1232 743 ἠγνόησε
1257 708 1457 743 γλωσσαλγίας,
1478 709 1586 744 Ἐπειδὴ
1616 709 1670 744 γὰρ
1693 709 1746 744 ἔφη
1772 711 1835 744 πρέ

1043 756 1105 787 τοὺς
1124 755 1219 782 ἑαυτοῦ
1239 754 1376 790 μαθητάς·
1401 764 1409 780 ε
1433 754 1526 789 Ὑμεῖς
1555 755 1662 781 καλεῖτέ
1680 763 1724 790 με,
1747 756 1761 781 ὁ
1784 756 1835 781 Κύ-

1047 810 1102 836 ριος
1116 802 1163 827 καὶ
1177 803 1191 827 ὁ
1201 801 1375 832 Διδάσκαλος,
1389 811 1398 826 ι
1415 801 1457 827 ἵνα
1476 801 1513 835 μή
1525 809 1567 832 τις
1582 801 1671 835 οἴηται
1689 801 1769 835 φύσει
1789 803 1835 836 μὲν

1045 847 1125 873 αὐτὸν
1137 848 1187 873 οὐκ
1204 845 1273 873 εἶναι
1287 847 1389 881 Κύριον
1402 847 1462 873 οὐδὲ
1476 846 1643 879 διδάσκαλον,
1656 847 1730 881 ἔχειν
1740 856 1772 880 γε
1787 848 1835 881 μὴν

1045 893 1081 924 ὡς
1105 894 1133 920 ὲν
1153 893 1229 926 τάξει
1253 892 1335 927 τιμῆς
1363 892 1438 928 παρὰ
1461 892 1515 918 τῶν
1540 892 1677 927 ἐσομένων
1702 892 1776 927 αὐτῷ
1791 894 1836 926 τὴν

1045 939 1222 972 ἐπωνυμίαν,
1257 937 1412 972 ἀναγκαίως
1442 937 1618 973 προστέθεικε
1647 938 1696 969 τὰς
1726 939 1837 964 ἐκείνων

1046 985 1162 1020 ἀναιρῶν
1174 984 1309 1016 ὑπονοίας,
1329 993 1338 1009 ‹
1351 985 1405 1010 Καὶ
1429 983 1520 1015 καλῶς
1543 983 1647 1017 λέγετε’
1669 984 1726 1018 εἰμὶ
1743 984 1805 1019 γάρ.
1825 993 1833 1008 ι

1046 1031 1082 1057 Οὐ
1105 1030 1158 1065 γὰρ
1175 1029 1252 1064 ψιλὸν
1279 1030 1363 1064 ὄνομα
1392 1030 1522 1063 κέκτηται
1547 1029 1630 1064 τιμῆς
1656 1029 1696 1060 τὸ,
1720 1030 1834 1063 Κύριος,

1045 1077 1170 1111 καθάπερ
1187 1077 1267 1110 ἡμεῖς
1292 1075 1396 1101 οἰκέται
1422 1075 1547 1110 μένοντες
1566 1074 1615 1109 τὴν
1632 1074 1724 1108 φύσιν,
1740 1074 1838 1110 λελαμσ

1046 1122 1197 1157 προσμένοι
1214 1130 1244 1154 γε
1261 1121 1314 1156 μὴν
1328 1120 1398 1147 κατὰ
1409 1121 1488 1156 χάριν
1500 1122 1555 1152 τοῖς
1571 1120 1641 1155 ὑπὲρ
1657 1120 1739 1155 φύσιν
1750 1129 1777 1147 τε
1792 1121 1836 1147 καὶ

1044 1169 1129 1200 ἀξίοις
1147 1168 1289 1202 ὀνόμασιν·
1314 1166 1372 1193 ἀλλ’
1393 1166 1450 1193 ἐστι
1471 1167 1503 1202 τῇ
1528 1166 1608 1201 φύσει
1633 1166 1746 1202 Κύριος,
1771 1175 1836 1193 κατ-

1045 1214 1206 1246 εξουσιάζων
1221 1214 1275 1239 τῶν
1301 1212 1378 1244 ὅλων,
1392 1213 1430 1244 ὼς
1447 1212 1523 1245 Θεὸς,
1536 1212 1604 1247 πρὸς
1620 1212 1649 1239 ὃν
1664 1213 1773 1247 εἴρηταί
1788 1221 1837 1238 που

1044 1261 1088 1286 διὰ
1109 1260 1159 1294 τῆς
1173 1259 1220 1285 τοῦ
1238 1259 1386 1293 ψάλλοντος
1403 1258 1510 1293 φωνῆς·
1529 1267 1538 1283 ε
1555 1258 1617 1284 Ὅτι
1638 1258 1672 1284 τὰ
1692 1257 1837 1293 σύμπαντα

1044 1306 1125 1332 δοῦλά
1140 1314 1196 1331 σου.
1215 1314 1224 1330 ι
1243 1305 1317 1330 Ἔστι
1333 1304 1361 1330 δὲ
1373 1305 1405 1339 τῇ
1421 1303 1500 1338 φύσει
1515 1303 1562 1330 καὶ
1575 1303 1753 1335 διδάσκαλος·
1766 1305 1838 1330 πᾶσα

1045 1352 1099 1387 γὰρ
1115 1351 1194 1385 σοφία
1209 1350 1285 1386 παρὰ
1299 1350 1412 1385 Κυρίου,
1425 1350 1471 1375 καὶ
1483 1350 1557 1376 πᾶσα
1574 1349 1682 1380 σύνεσις
1696 1350 1730 1375 δι’
1742 1350 1836 1376 αὑτοῦ.

1046 1398 1125 1431 Σοφοῖ
1147 1396 1201 1432 γὰρ
1215 1396 1252 1427 ὡς
1275 1395 1354 1429 σοφία
1371 1396 1405 1421 τὰ
1429 1395 1522 1430 νοητὰ,
1539 1395 1585 1421 καὶ
1609 1395 1684 1431 πάσῃ
1701 1395 1788 1421 κτίσει
1805 1397 1836 1429 τῇ

1045 1443 1151 1477 λογικῇ,
1167 1441 1321 1477 ἐπουρανίῳ
1334 1449 1364 1467 τε
1383 1442 1431 1467 καὶ
1445 1440 1557 1474 ὲπιγείῳ
1570 1440 1618 1476 τὴν
1634 1441 1702 1476 αὐτῇ
1716 1441 1836 1476 πρέπου-

1046 1498 1095 1516 σαν
1121 1488 1258 1524 ἐνσπείρει
1284 1487 1403 1521 σύνεσιν.
1420 1487 1523 1522 Ὅνπερ
1549 1486 1603 1522 γὰρ
1631 1488 1732 1521 τρόπον
1759 1487 1838 1517 αὐτὸς

210 1529 282 1563 ﬁcat,
300 1531 337 1558 ita
355 1539 416 1559 cum
436 1532 472 1559 sit
489 1533 547 1568 ipse
567 1534 701 1569 sapientia
731 1535 837 1569 Patris,
867 1538 995 1566 omnibus

1051 1535 1175 1570 ὓπάρχων
1190 1535 1206 1569 ἡ
1225 1533 1296 1559 κατὰ
1310 1532 1389 1566 φύσιν
1413 1532 1480 1567 ζωὴ,
1506 1531 1635 1565 ζωογονεῖ
1655 1532 1689 1558 τὰ
1703 1531 1792 1558 πάντα
1807 1532 1838 1558 τὰ

210 1576 280 1603 indit
297 1577 436 1612 sapientia:
449 1579 531 1612 doua,
549 1587 659 1607 sensum
673 1581 801 1610 videlicet
829 1587 856 1610 et
883 1591 991 1611 onmem

209 1623 392 1658 cognitionem
412 1625 558 1653 bonorum.
575 1627 678 1654 Natura
693 1628 785 1663 itaque
801 1630 992 1657 universorum

209 1668 341 1698 Dominus
357 1675 398 1698 est
414 1679 447 1699 ac
475 1673 606 1708 magister
620 1673 718 1702 Filius.
737 1674 804 1702 Cum
836 1683 885 1710 ego
900 1676 993 1711 igitur,

210 1715 308 1751 inquit,
334 1720 426 1744 tantus
444 1717 471 1743 in
491 1718 588 1752 gloria,
606 1718 640 1745 ad
669 1723 772 1746 tantam
793 1728 836 1747 me
852 1721 995 1749 demittere

209 1761 391 1790 humilitatem
406 1770 459 1789 non
475 1763 525 1790 sim
557 1763 730 1799 dedignatus,
752 1769 781 1792 ut
798 1765 881 1792 etiam
911 1767 995 1801 pedes

209 1811 317 1834 vestros
331 1807 456 1840 laverim,
469 1809 606 1843 quomodo
622 1817 672 1837 vos
683 1811 819 1838 recusatis
832 1812 901 1839 alter
916 1813 993 1839 alteri

210 1851 237 1878 id
252 1851 362 1878 facere?
377 1851 414 1878 Ex
437 1852 480 1880 his
498 1858 588 1881 autem
607 1854 687 1882 (locet
715 1863 768 1882 non
785 1856 884 1884 debere
900 1865 996 1892 quem-

211 1905 293 1931 quam
313 1902 407 1924 contra
425 1899 541 1926 aliorum
568 1900 701 1928 honorem
727 1902 877 1930 insolenter
893 1905 994 1935 ell'erri,

211 1943 259 1969 sed
294 1943 455 1971 existimare
475 1953 637 1973 conservum
659 1948 827 1982 superiorem
859 1957 937 1982 esse,
969 1955 996 1977 et

211 1988 309 2022 quavis
339 1988 365 2015 in
397 1997 424 2016 re
451 1991 675 2025 prmpoucndunl.
707 1991 870 2019 Prmclarum
902 1995 996 2029 utique

212 2033 405 2061 documentum
421 2044 427 2062 :
447 2037 574 2064 modestm
589 2038 660 2066 enim
677 2039 758 2066 menti
776 2045 802 2065 et.
818 2047 879 2074 quae
897 2040 995 2068 fastum

212 2084 370 2107 contemnat
391 2081 459 2108 nihil
479 2087 521 2110 est
540 2085 768 2118 comparandum,
792 2089 819 2113 et
839 2086 905 2113 nihil
921 2095 997 2120 teque

214 2125 312 2154 fratres
331 2132 356 2154 et
373 2128 478 2156 amicos
491 2129 562 2156 inter
577 2137 606 2156 se
624 2131 730 2162 dividit,
757 2139 789 2157 ac
815 2132 922 2159 miserm
940 2135 997 2168 glo—

213 2171 292 2198 riola:
309 2172 446 2206 impotens
473 2173 566 2200 libido.
593 2173 706 2208 Semper
720 2175 792 2202 enim
820 2177 891 2210 quod
909 2177 997 2209 majus

214 2221 255 2244 est
271 2217 435 2251 appetimus,
452 2223 478 2244 et
494 2219 556 2244 vani
583 2219 644 2245 vita:
660 2219 742 2254 hujus
764 2220 881 2248 honores
908 2222 996 2249 lubri-

214 2271 276 2290 cum
294 2267 419 2291 nostrum
440 2264 563 2291 animum
580 2265 693 2299 adigunt
712 2270 740 2292 ut
754 2266 918 2294 clarioribus
940 2276 999 2294 ma-

214 2310 256 2344 gis
269 2317 301 2336 ac
316 2310 401 2344 magis
414 2309 510 2337 iuhiet.
529 2310 564 2338 Ut
582 2310 664 2345 igitur
681 2315 757 2338 tanto
776 2313 871 2340 morbo
900 2315 998 2342 libere-

216 2362 288 2386 mur,
319 2363 350 2381 ac
369 2359 423 2381 tam
446 2355 632 2383 detestandam
658 2357 796 2384 libidinem
831 2360 1001 2388 excutiamus

216 2397 306 2434 (nihil
321 2399 393 2425 enim
408 2400 482 2427 aliud
497 2405 538 2427 est
553 2400 598 2427 ille
613 2401 774 2429 ambitionis
789 2404 901 2430 morbus
918 2412 999 2439 quam

217 2445 392 2479 pratstigitc).
418 2445 506 2480 ipsum
533 2447 725 2474 universorum
756 2456 844 2483 regem
861 2449 1000 2476 Christum

217 2495 274 2518 toto
292 2491 383 2518 animo
399 2493 626 2527 complectamur,
642 2495 688 2529 qui
715 2495 912 2529 discipulorum
935 2503 1002 2523 suo-

219 2543 277 2562 rum
294 2536 376 2570 pcch
398 2537 500 2564 idcirco
520 2539 595 2570 lavit,
615 2544 644 2565 ut
665 2549 714 2567 nos
731 2541 846 2568 invicem
865 2542 890 2567 id
917 2541 1002 2568 facia-

219 2589 288 2608 mus.
309 2581 366 2608 Hoc
379 2583 449 2609 cnim
463 2588 541 2617 pacto
555 2586 644 2612 omnis
658 2586 794 2620 superbiae
803 2586 900 2614 modus
918 2586 1002 2614 inter-

218 2627 353 2658 cludelur,
370 2632 397 2655 et
412 2637 493 2656 omne
514 2638 601 2664 genus
627 2631 773 2659 mundanae
785 2633 942 2660 ambitionis
959 2640 1003 2660 re-

219 2675 346 2709 pelletur.
372 2674 441 2701 Nam
468 2675 490 2702 si
518 2675 563 2703 ille
593 2680 689 2703 natura
715 2677 847 2705 Dominus
873 2682 1002 2713 tauquam

218 2728 314 2747 soi-vus
327 2721 416 2748 factus
429 2725 481 2753 est,
497 2721 634 2756 quomodo
646 2731 696 2750 nos
709 2724 779 2750 servi
795 2724 898 2759 aliquid
915 2725 1004 2753 istius-

220 2766 293 2792 modi
308 2766 380 2794 l'erre
394 2767 461 2793 citra
478 2767 650 2802 gravissimae
666 2776 752 2803 paenae
778 2769 929 2802 periculum
959 2777 1002 2797 re-

219 2820 337 2840 nuamus
347 2813 358 2828 "

269 2901 280 2916 '
299 2901 372 2929 Psal.
392 2910 493 2938 εει-ιιι,
513 2903 556 2931 9|.

1045 1580 1117 1614 ζωῆς
1129 1579 1251 1607 δεκτικὰ.
1267 1578 1353 1610 οὕτως
1377 1578 1492 1613 ἐπείπερ
1514 1578 1594 1609 αὑτός
1620 1578 1693 1603 ἔστιν
1715 1579 1732 1612 ἠ
1758 1579 1838 1612 σοφία

1043 1627 1090 1654 τοῦ
1107 1627 1222 1661 Πατρδς,
1237 1627 1319 1652 πᾶσιν
1336 1625 1455 1661 ἐντίθησι
1472 1626 1507 1653 τὰ
1525 1625 1622 1660 σοφίας
1633 1625 1718 1661 δῶρα,
1737 1626 1838 1661 φρόνη-

1046 1681 1086 1699 σιν
1101 1672 1219 1708 δηλονότι
1245 1672 1292 1698 καὶ
1306 1672 1395 1699 πᾶσαν
1411 1671 1513 1706 εἴδησιν
1535 1670 1655 1704 ἀγαθῶν.
1678 1670 1761 1697 Φύσει
1784 1679 1839 1697 τοι-

1044 1719 1146 1753 γαροῦν
1158 1718 1213 1745 τῶν
1225 1718 1293 1744 ὅλων
1312 1717 1413 1752 Κύριός
1428 1718 1486 1744 ἐστι
1498 1716 1545 1744 καὶ
1560 1716 1718 1747 διδάσκαλος
1731 1717 1746 1742 ὁ
1761 1717 1836 1747 Υἱός.

1046 1766 1111 1792 Ὅτε
1139 1765 1229 1791 τοίνυν
1252 1765 1266 1790 ὁ
1300 1764 1385 1799 μέγας
1418 1764 1446 1790 ὲν
1466 1763 1540 1798 δόξῃ,
1559 1763 1605 1789 καὶ
1632 1762 1758 1794 τοσοῦτος
1783 1762 1839 1796 ἐγὼ

1045 1811 1113 1846 πρὸς
1123 1811 1171 1846 τὴν
1181 1810 1252 1837 οὕτω
1276 1809 1450 1844 μικροπρεπῆ
1467 1808 1653 1836 καθικνεῖσθαι
1674 1808 1839 1835 ταπείνωσιν

1045 1858 1074 1884 οὐ
1097 1857 1266 1891 κατοκνήσας
1289 1855 1430 1890 φαίνομαι,
1453 1855 1491 1886 ὡς
1516 1854 1564 1881 καὶ
1586 1855 1648 1886 τοὺς
1666 1854 1743 1888 ὑμῶν
1767 1854 1837 1882 ἀπο-

1045 1901 1119 1936 νίψαι
1145 1901 1237 1933 πόδας,
1265 1900 1324 1931 πῶς
1352 1900 1384 1926 ἂν
1413 1900 1453 1926 ἔτι
1475 1900 1522 1926 καὶ
1542 1901 1630 1935 ὑμεῖς,
1647 1900 1724 1934 φησὶ,
1740 1909 1839 1934 παραε-

1045 1947 1134 1974 τεῐσθε
1151 1947 1275 1981 ἀλλήλοις
1297 1947 1402 1979 ποιείν;
1419 1946 1544 1973 Διδάσκει
1567 1946 1594 1972 δὲ
1613 1945 1658 1972 διὰ
1676 1946 1792 1975 τούτων,
1811 1946 1839 1971 τὸ

1049 1992 1085 2026 μὴ
1102 1992 1149 2027 τῆς
1171 1992 1271 2027 ἐτέρων
1290 1992 1372 2027 τιμῆς
1390 1990 1653 2022 καταλαζονεύεσθαι
1670 1991 1766 2024 φιλεῖν,
1781 1991 1838 2016 ἀλλ’

1047 2036 1213 2071 ὑπερφέρειν
1228 2036 1309 2062 αὐτοῦ
1324 2037 1369 2062 καὶ
1380 2036 1560 2071 προτετάχθαι
1581 2036 1652 2062 κατὰ
1679 2037 1733 2063 πᾶν
1750 2036 1839 2062 ὁτιοῦν

1047 2082 1148 2108 οἴεσθαι
1161 2082 1205 2108 τὸν
1219 2082 1370 2117 ὁμόδουλον.
1393 2082 1481 2108 Καλόν
1493 2090 1525 2116 γε
1543 2081 1644 2116 σφόδρα
1659 2081 1689 2107 τὸ
1705 2081 1837 2116 μάθημα³

1049 2129 1219 2164 φρονήματος
1247 2128 1299 2162 γὰρ
1325 2127 1522 2162 ἁφιλοκομπεῐν
1555 2127 1682 2158 εἰωθότος
1720 2127 1770 2153 οὐκ
1796 2127 1838 2156 ἂν.

1048 2173 1134 2209 οἶμαι,
1150 2174 1192 2205 τὶς
1207 2173 1338 2205 ἐπιδείξαι
1362 2173 1391 2199 τὸ
1414 2173 1481 2203 ἴσον,
1500 2172 1576 2199 οὐδέν
1593 2181 1622 2198 τε
1636 2172 1708 2198 οὕτω
1724 2172 1838 2207 διίστησι

1014 2229 1034 2255 ι)
1050 2222 1095 2247 καὶ
1107 2220 1236 2254 ἀδελφοὺς
1256 2219 1302 2246 καὶ⁴
1323 2219 1427 2253 φίλους,
1443 2219 1508 2253 ὡςὴ
1523 2218 1576 2245 τῶν
1596 2218 1697 2244 ἀθλίων
1710 2218 1838 2253 δοξαρίων

1048 2266 1168 2301 ἀκρατὴς
1190 2265 1332 2300 ἐπιθυμία.
1351 2265 1406 2291 Ἀεὶ
1430 2265 1484 2300 γάρ
1503 2273 1561 2296 πως
1585 2264 1616 2290 τὺ
1635 2265 1726 2299 μεῖζον
1747 2265 1838 2299 αἰρού-

1051 2312 1128 2347 μεθα,
1151 2313 1197 2339 καὶ
1217 2313 1272 2343 τοῖς
1293 2312 1494 2347 λαμπροτέροις
1517 2311 1653 2346 ὲπιπηδᾷν
1672 2313 1700 2337 αἰ
1723 2311 1838 2338 διάκενοι

1049 2358 1095 2384 τοῦ
1110 2358 1166 2392 βίον
1180 2359 1258 2392 τιμαὶ
1272 2357 1316 2384 τὸν
1331 2357 1468 2383 εὐόλισθον
1484 2355 1562 2391 ἡμῶν
1576 2357 1752 2383 ἀναπείθουσι
1767 2357 1836 2383 νοῦν.

1051 2405 1109 2430 Ἵνα
1130 2404 1218 2431 τοίνυν
1241 2404 1289 2439 τῆς
1309 2403 1436 2437 τοιαύτης
1461 2402 1657 2438 καταλήξωμεν
1677 2403 1765 2433 νόσου,
1793 2403 1837 2428 καὶ

1050 2452 1098 2486 τῆς
1111 2450 1182 2476 οὕτω
1197 2450 1325 2485 βδελυρᾶς
1339 2449 1563 2484 ἀποπαυσώμεθα
1579 2448 1727 2482 ἐπιθυμίας
1738 2449 1836 2482 (ατ-,ἀτη

1050 2497 1114 2530 γὰρ,
1127 2496 1174 2522 καὶ
1192 2495 1285 2531 ἕτερον
1299 2495 1420 2521 οὐδὲνιτὺ
1435 2494 1570 2529 φιλόδοξον
1585 2493 1693 2528 πάθος),
1707 2494 1788 2520 αὑτὸν
1800 2495 1837 2524 εἰς

1053 2543 1148 2568 οἰκεῖον
1171 2541 1312 2577 δεχώμεθα
1332 2541 1393 2568 νοῦν
1419 2542 1464 2568 τὸν
1489 2542 1616 2568 ἁπάντων
1645 2540 1756 2575 βασιλέα
1775 2540 1837 2575 Χρι-

1051 2587 1122 2618 στὸν,
1139 2587 1183 2612 διὰ
1203 2586 1281 2612 τοῦτο
1302 2586 1417 2620 νίψαντα
1441 2587 1494 2613 τῶν
1515 2586 1642 2622 μαθητῶν
1663 2586 1724 2617 τοὺς
1747 2585 1835 2614 πόδας.

1051 2633 1093 2660 ἵνα
1109 2633 1154 2659 καὶ
1168 2634 1246 2667 ἡμεῖς
1265 2633 1327 2664 τοὺς
1343 2633 1475 2668 ἀλλήλων.
1495 2633 1544 2659 Διὰ
1566 2632 1620 2667 γὰρ
1644 2632 1737 2658 τούτου
1759 2630 1835 2656 κολα-

1053 2679 1181 2713 σθήσεται
1198 2678 1246 2713 μὲν
1259 2678 1332 2710 ἄπας
1347 2678 1502 2710 ἀλαζονείας
1524 2678 1632 2712 τρόπος,
1644 2677 1716 2704 ἂπαν
1730 2676 1758 2702 ὢ
1772 2673 1835 2704 εἶδος

1052 2724 1186 2759 κοσμικῆς
1210 2723 1360 2758 φιλοδοξίας
1381 2723 1501 2749 ἐκποδὼν
1525 2723 1674 2757 οἰχήσεται.
1698 2722 1728 2748 Εἰ
1751 2721 1803 2754 γὰρ
1824 2720 1835 2744 ό

1053 2771 1131 2804 φύσει
1154 2770 1255 2806 Κύριος
1289 2771 1326 2801 ὡς
1347 2769 1465 2803 οἰκέτης,
1488 2768 1545 2799 πῶς
1571 2768 1601 2794 τὸ
1620 2767 1712 2794 δοῦλον
1736 2766 1784 2792 οὐκ
1805 2765 1835 2791 ἂν

1053 2817 1139 2843 ἓλοιτό
1153 2826 1179 2843 τι
1195 2817 1291 2844 παθεῖν
1304 2817 1357 2843 τῶν
1370 2815 1442 2850 αὺτῷ
1460 2815 1700 2850 πρεπωδεστὰτων,
1713 2813 1759 2839 καὶ
1778 2811 1834 2845 οὐχὶ

1057 2862 1148 2890 λοιπὸν
1161 2863 1208 2898 τὴν
1223 2863 1334 2890 ἁπασῶν
1349 2862 1464 2896 ἐσχάτην
1478 2861 1592 2896 ἀποτίσῃ
1604 2860 1680 2894 δίκην
1693 2868 1699 2891 ;
