1897 3032
61 161 124 189 125

619 163 653 191 ΙΝ
672 163 815 191 ΙΟΛΝΝΙδ
834 162 1061 190 EVANGELIL‘M
1081 162 1145 189 LIB.
1167 161 1212 188 IX.

1644 160 1695 187 126

107 219 217 254 Ἀμὴν·²
232 220 314 255 ἀμὴν
330 221 407 256 λέγω
420 221 501 256 ὑμῖν,
516 222 571 248 οὐκ
587 222 652 249 ἔστι
667 222 775 255 δοῦλος
792 221 856 256 μεί-

942 219 1013 251 XIII,
1030 220 1074 251 16,
1095 220 1134 246 l7.
1156 220 1240 245 Amen
1257 227 1331 245 amen
1346 218 1405 244 dico
1419 218 1502 248 vobis,
1518 226 1569 245 non
1584 222 1621 244 est
1642 227 1696 245 ser-

57 266 123 296 ζων
144 266 199 293 τοῦ
222 267 327 300 xvplov
343 267 446 300 αὐτοῦ,
467 268 539 294 οὐδὲ
562 269 733 301 ἀπόστολος
754 267 858 303 μείζων

56 311 121 338 τοῦ
134 311 313 346 ,πέμψαντος
328 312 430 339 αὐτόν.
445 314 477 339 Εἰ
491 313 583 340 ταῦτα
599 312 859 347 οἷδατε,μακάριοι

57 357 148 388 ἐστε.
167 358 223 385 ἐὰν
239 357 342 391 ποιῆτε
354 357 440 385 αὑτά.

98 403 208 438 Νόμοις
226 403 287 438 lla.
307 403 418 439 ὅρκοις]
440 403 534 438 ὥσπερ
557 403 716 436 ἀναγκαίοις
743 402 858 438 ὀχυροῦν

58 447 166 474 ἕπεται
181 448 299 482 Χριστὸς
320 448 367 474 τοῦ
387 448 584 482 πεπραγμένου
601 448 649 484 τὴν
664 447 790 482 δύναμιν,
811 448 858 473 καὶ

57 494 283 529 σφαλερωτάτην
301 495 441 526 παντελῶς
462 495 608 529 ἀποφαίνει
626 494 674 530 τὴν
702 494 858 530 παράϐασιν

55 540 112 573 τῆς
129 540 321 575 σωτηριώδους
340 540 458 574 ἐντολῆς.
480 541 516 566 Τὸ
535 540 588 574 γὰρ
617 541 690 574 ὅρκῳ
711 539 858 575 βεϐαιωθὲν

57 585 115 610 οὐκ
127 584 297 619 ἀνέγκλητον
317 584 373 619 ἔχει
386 585 434 619 τὴν
456 585 646 620 παραδρομὴν.
668 584 858 619 Κατηγόρημα

56 631 156 657 τοίνυν
168 651 174 660 ,
191 631 291 666 φησὶν,
315 631 520 665 ἀπροφάσιστον
542 631 598 661 τοῖς
617 630 737 661 οἰκέταις
750 651 756 662 ,
776 631 800 656 εί
820 629 857 665 μὴ

57 677 95 703 τὰ
111 677 160 703 ἴσα
175 678 284 712 φρονεῖν
299 676 416 703 ἐθέλοιεν
432 677 488 708 τοῖς
505 675 580 706 ἰδίοις
592 675 743 706 δεσπόταις,
761 675 858 701 Πλεον-

58 723 126 755 εξία
149 723 206 758 γὰρ
229 723 279 758 ἤδη
296 723 343 749 καὶ
357 723 451 758 ἓτερον
470 722 556 754 οὐδὲν,
573 722 603 748 τὸ
622 722 668 748 τοῦ
687 721 808 756 μείζονός
828 729 856 748 τε

60 770 111 796 καὶ
137 770 211 806 ὑπὲρ
233 769 312 801 ἀξίαν
337 770 419 805 ὲρᾷν·
446 769 605 800 ἀποστόλοις
630 777 659 794 τε
684 768 785 802 ὁμοίως
809 767 858 803 τὴν

58 815 152 849 αὐτὴν
172 814 204 840 ἂν
220 814 332 845 εἰκότως
354 814 461 840 ἐποίσαι
477 813 585 849 γραφὴν
597 835 604 845 ,
623 815 653 840 τὸ
671 815 700 842 ἐν
720 813 858 847 ἀμείνοσιν

59 858 136 887 εἷναι
153 860 248 895 ζητεῖν
261 881 268 893 ,
285 860 301 896 ἦ
321 862 348 886 ἐν
373 858 413 890 οἷς
433 861 506 886 ἐστιν
525 861 539 887 ὁ
561 860 723 890 ἀποστείλας
748 858 856 890 αὐτούς.

908 274 954 293 vus
967 266 1054 300 major
1070 266 1176 292 domino
1189 273 1248 296 suo,
1263 272 1343 298 neque
1358 263 1494 297 apostolus
1511 263 1598 296 major
1611 270 1649 290 est
1667 272 1696 290 eo

907 313 952 347 qui
964 313 1036 339 misit
1054 312 1140 338 illum.
1161 310 1190 338 Si
1207 311 1261 338 [nec
1275 310 1361 342 scitis,
1380 310 1450 337 beati
1477 310 1562 342 erilis,
1587 310 1609 335 si
1627 309 1696 343 fece-

908 359 967 384 ritis
979 367 1020 385 ea.

943 404 1112 431 iuramentis
1134 404 1216 430 veluti
1238 402 1406 430 necessariis
1440 401 1505 428 facti
1533 401 1587 428 vim
1607 401 1696 427 lit-mat

908 450 1045 482 Christus,
1073 454 1099 476 et
1128 449 1382 484 przct'aricaliouem
1416 448 1546 474 salutaris
1567 447 1695 482 praecepti

908 496 1070 530 periculosa:
1098 496 1207 530 plenam
1248 495 1313 521 aleae
1347 493 1478 521 ostendit.
1512 493 1590 526 Quod
1622 494 1696 519 enim

904 542 1087 577 jurejurando
1111 542 1249 567 tirmatttm
1280 540 1363 575 728
1390 544 1443 572 est,
1461 548 1514 566 non
1531 540 1592 566 sine
1615 539 1696 573 culpa

909 588 1137 623 praetertttittitur.
1153 587 1264 614 Crimen
1286 587 1371 620 igitur
1387 586 1578 612 inexcusabile
1606 585 1697 611 fatuit-

909 636 996 662 lortttn
1015 638 1067 665 est,
1095 633 1195 668 inquit,
1212 632 1387 658 dominorum
1418 631 1553 658 voluntati
1581 630 1696 664 obsequii

909 681 991 708 nolle.
1013 680 1193 714 Prtesumptio
1212 680 1315 713 quippe
1337 684 1389 709 est,
1418 677 1522 710 majora
1541 684 1622 711 quam
1649 684 1698 710 par

910 728 945 755 sit
961 731 1090 761 appetere
1105 736 1111 753 :
1131 731 1158 752 et
1174 725 1292 760 apostoli
1307 725 1433 751 similiter
1447 722 1576 757 culpandi
1593 722 1658 752 sint.
1675 722 1697 749 si

910 773 970 806 plus
998 771 1049 798 sibi
1076 774 1221 797 assumant
1245 777 1327 804 qualn
1355 769 1380 796 is
1408 775 1422 794 ει
1449 775 1504 802 quo
1522 767 1598 794 missi
1621 771 1696 793 sunt.

911 817 1031 844 Sutiiciet
1045 817 1118 844 enini
1145 816 1185 843 eis
1202 816 1235 842 ad
1256 815 1346 841 omnis
1374 813 1508 840 claritatis
1529 819 1698 844 mensuram,

910 872 971 891 cum
988 872 1019 891 eo
1042 871 1055 890 a
1071 871 1126 898 quo
1141 862 1217 889 missi
1248 865 1321 891 sunt,
1339 860 1461 894 ejusdem
1479 867 1540 885 esse
1572 858 1698 892 spiritus.

66 907 200 943 ’Λρκέσει
223 907 278 942 γὰρ
302 907 403 938 αὐτοῖς,
426 907 465 938 εἰς
482 906 605 937 εὐκλείας
622 906 729 940 ἁπάσης
747 905 856 940 μέτρον,

917 910 967 937 Hoc
985 914 1076 937 autem
1096 908 1164 935 nihil
1186 907 1260 934 aliud
1283 910 1343 933 erat
1371 913 1453 940 quam
1482 904 1584 936 dicere,
1600 903 1698 929 Coram

59 953 111 979 τοῦ
140 953 319 987 πεπομφότος
342 953 372 978 τὸ
391 953 528 987 φρόνημα.
560 952 645 978 Τοῦτο
671 952 699 978 δὲ
726 950 759 986 ἦν
781 952 858 978 οὐδὲν

61 1000 162 1033 ἕτερον
185 999 201 1032 ἢ
223 999 311 1024 ἐκεῖνο
329 998 437 1030 πάντως
454 999 563 1030 εἰπεῖν,
588 998 628 1024 ὅτι
652 998 858 1033 Γελασοήσεσοε

60 1045 179 1076 δικαίως
195 1045 243 1070 ἐπὶ
263 1044 310 1070 τοῦ
331 1044 402 1070 θείου
419 1043 560 1079 βήματος,
585 1045 608 1070 εἰ
630 1044 717 1071 ταῦτα
731 1044 797 1082 δρᾷν
818 1045 858 1076 εἰς

122 1091 143 1100 ,ς
247 1090 253 1098 .
441 1091 450 1098 .

61 1099 199 1126 αλληλους
223 1090 301 1116 αυτοὶ
321 1090 498 1124 παραιτεισθε
523 1090 556 1116 δι’
579 1091 746 1126 ὑπεροψίαν,
769 1091 858 1117 καίτοι

60 1136 93 1163 τδ
119 1137 172 1171 τῆς
194 1136 317 1168 δουλείας
343 1136 428 1170 ὄνομα
452 1136 579 1171 λαχόντες
599 1136 704 1167 κοινὸν,
731 1136 802 1172 ειπερ
819 1138 859 1167 είς

62 1184 139 1217 ὑμᾶς
155 1181 229 1216 ἐγὼ,
253 1182 340 1208 καίτοι
367 1182 436 1208 κατὰ
464 1182 544 1216 φύσιν
564 1182 695 1217 ὑπάρχων
721 1182 786 1213 Θεὸς
813 1183 859 1208 καὶ

63 1229 180 1263 Κύριος.
205 1227 323 1252 ’Ἄτοπον
342 1226 396 1261 γὰρ
413 1226 538 1260 ἀληθῶς,
566 1226 665 1261 μᾶλλον
687 1226 715 1251 δὲ
737 1226 787 1260 ἤδη
811 1227 859 1260 τῆς

63 1273 200 1300 ἀνωτάτω
224 1272 321 1307 μανίας
340 1273 390 1298 οὐκ
412 1271 563 1307 ἁμοιροῦν,
591 1272 698 1302 οἰκέτας
721 1271 800 1302 ὄντας
830 1272 858 1297 ἐν

64 1319 193 1346 ἐλάττοσι
215 1318 261 1345 τοῦ
277 1318 322 1344 καὶ
339 1318 472 1345 Δεσπότου
491 1318 536 1344 καὶ
560 1318 771 1349 ἀποστείλαντος
784 1338 790 1350 ,
812 1318 859 1344 ἐπ-

63 1365 200 1400 ερυθριᾷν
226 1364 333 1395 ἀτόπως
363 1365 397 1399 τῇ
426 1364 493 1398 πρὸς
520 1363 650 1398 ἀλλήλους
683 1363 799 1398 δουλείᾳ.
828 1364 858 1389 El

63 1411 155 1438 ταῦτα
173 1411 264 1437 τοίνυν
282 1410 338 1436 ἴστε
349 1431 356 1441 ,
377 1409 446 1445 φησὶ
459 1430 465 1441 ,
483 1409 556 1436 τοῦτ’
572 1409 645 1435 ἔστιν
657 1430 663 1441 ,
680 1411 704 1436 εί
720 1412 789 1436 νοεῖν
812 1410 858 1436 δό-

63 1457 149 1484 ναπθε
167 1456 276 1490 σαφῶς,
299 1457 313 1482 ὅ
333 1465 421 1491 φημι,
441 1465 450 1480 ‹
469 1456 607 1491 Μακάριοί
624 1457 684 1482 ἐστε
701 1456 748 1483 ἐὰν
764 1458 858 1491 ποιῆτε

64 1502 149 1528 αὐτὰ.
170 1511 180 1527 β
198 1502 236 1528 0'3
252 1501 305 1536 γὰρ
330 1501 360 1527 τὸ
378 1501 478 1527 εἰδέναι
504 1500 554 1535 τὴν
583 1501 702 1536 ἀρετὴν,
731 1502 800 1527 ἀλλὰ
827 1502 856 1527 τὸ

65 1548 235 1584 ἐργάζεσθαι
251 1547 351 1583 μᾶλλον
368 1547 529 1582 ἀξιέραστόν
553 1556 582 1573 τε
605 1548 652 1573 καὶ
677 1547 857 1583 ἀξιοζήλωτον

911 957 1004 984 divino
1019 955 1149 983 tribunali
1164 954 1263 981 merito
1281 951 1450 982 ridebimini,
1466 950 1488 977 si
1509 950 1566 976 haec
1588 949 1657 975 alter
1671 948 1697 974 in

911 1003 1026 1028 alterum
1039 1001 1133 1028 facere
1149 1007 1204 1034 pra!
1219 999 1348 1033 superbia
1363 997 1467 1028 nolitis,
1479 996 1543 1023 licet
1554 1001 1700 1022 commune

911 1047 1052 1074 servitutis
1078 1054 1175 1072 nomen
1207 1044 1309 1075 sortiti,
1334 1051 1396 1077 qum
1420 1042 1446 1068 in
1467 1049 1515 1068 vos
1536 1048 1608 1074 ego,
1635 1039 1700 1065 licet

912 1092 1063 1119 secundum
1093 1095 1220 1117 naturam
1238 1089 1377 1116 exsistens
1395 1087 1469 1116 Deus
1490 1094 1521 1113 ac
1555 1084 1698 1111 Dominus.

911 1138 1068 1166 Absurtlum
1092 1137 1164 1163 enitn
1188 1140 1230 1162 est
1246 1135 1381 1170 proferto,
1407 1138 1434 1159 et
1458 1133 1571 1160 extremi
1598 1130 1700 1157 furoris

912 1185 1031 1219 plenum,
1058 1190 1118 1214 vos,
1137 1189 1198 1208 cum
1230 1181 1303 1208 servi
1336 1179 1408 1210 sitis,
1430 1178 1545 1204 Domino
1563 1180 1638 1203 eteo
1653 1176 1699 1210 qui

913 1230 988 1256 misit
1008 1229 1086 1262 longe
1114 1227 1248 1257 minores,
1267 1230 1390 1252 mutuam
1422 1229 1511 1250 tamen
1540 1223 1699 1250 servitutem

912 1276 1086 1303 erubescere.
1104 1269 1132 1300 Si
1150 1273 1207 1300 haec
1221 1272 1299 1300 scitis
1317 1271 1411 1305 igitur,
1430 1268 1529 1303 inquit,
1563 1267 1616 1294 hoc
1645 1270 1699 1296 est,

912 1323 934 1349 si
947 1322 1019 1348 clare
1035 1327 1117 1348 nosse
1131 1319 1248 1354 potestis
1262 1317 1336 1352 quod
1353 1316 1431 1346 dico,
1454 1325 1463 1340 ε
1484 1313 1559 1340 Beati
1584 1312 1653 1340 estis
1677 1313 1701 1338 si

914 1367 1035 1395 feceritis
1049 1374 1091 1394 ea.
1110 1376 1118 1391 ι
1134 1365 1193 1391 Non
1219 1363 1292 1390 enim
1318 1362 1391 1389 scire
1406 1361 1549 1390 virtutem.
1579 1358 1625 1386 sed
1641 1365 1700 1385 eam

913 1421 1042 1442 exercere
1056 1412 1204 1447 optandum
1221 1413 1262 1437 est
1284 1412 1367 1443 atque
1394 1405 1543 1433 laudabile.
1569 1404 1702 1431 Existimo

911 1469 976 1489 vero
991 1463 1123 1496 prmstare
1140 1456 1346 1492 quodammodo
1364 1462 1424 1482 eam
1445 1462 1478 1481 ne
1498 1452 1629 1479 didicisse
1645 1451 1703 1485 qui-

912 1507 984 1537 dem,
1001 1513 1083 1540 quam
1097 1511 1158 1530 eum
1173 1501 1313 1532 didiceris,
1332 1500 1442 1535 pigritia
1455 1503 1570 1525 tuentem
1586 1497 1701 1531 illigare,

913 1558 938 1580 et
957 1559 1017 1586 qua:
1043 1555 1117 1577 recta
1135 1554 1162 1575 et
1176 1549 1247 1575 bona
1262 1554 1322 1574 esse
1349 1546 1437 1574 noris,
1457 1544 1530 1570 nolle
1559 1542 1705 1576 perlicere,

66 1594 134 1629 φαίη
155 1602 199 1626 τις
213 1594 256 1620 ἄν.
274 1591 356 1628 Οἶμαι
370 1594 398 1619 δὲ
421 1594 462 1620 ὃτι
475 1594 545 1628 τάχα
562 1602 620 1624 πως
640 1594 688 1620 καὶ
704 1594 815 1628 ἄμεινον
829 1594 859 1620 τὸ

917 1600 989 1633 iuxta
1004 1596 1158 1624 Servatoris
1174 1602 1290 1621 vocem:
1314 1603 1323 1618 ‹
1347 1592 1400 1625 Qui
1424 1599 1478 1617 non
1500 1589 1629 1624 cognovit
1654 1595 1704 1614 v0-

69 1641 130 1676 μηδ¹
144 1640 215 1671 ὅλως
236 1639 332 1674 μαθεῖν
347 1659 354 1670 ,
375 1640 391 1675 ἢ
417 1639 553 1674 μαθόντας
580 1640 651 1675 ὅκνῳ
674 1639 790 1674 πεδῆσαι
815 1640 859 1666 τὸν

67 1686 130 1713 νοῦν
143 1707 152 1719 ,
173 1685 218 1712 καὶ
235 1685 306 1720 ἆπερ
321 1685 354 1713 ἄν
368 1694 410 1716 τις
429 1686 530 1720 ἄριστά
552 1694 582 1712 τε
607 1686 655 1713 καὶ
678 1686 766 1722 ὀρθῶς
789 1686 861 1721 ἔχειν

67 1732 166 1766 εἰδείη,
189 1731 227 1766 μὴ
244 1731 386 1766 βούλεσθαι
406 1731 566 1766 κατορθοῦν,
585 1731 657 1758 κατὰ
668 1733 718 1767 τὴν
737 1733 783 1759 τοῦ
803 1734 860 1760 Σω-

67 1778 154 1812 τῆρος
167 1778 276 1811 φωνήν·
297 1787 306 1803 ι
326 1777 354 1804 Ὀ
371 1778 408 1813 μὴ
426 1776 505 1809 εἰδὼς
516 1777 546 1803 τὸ
564 1777 669 1812 θέλημα
689 1778 737 1805 τοῦ
757 1779 860 1815 Κυρίου

69 1822 175 1855 αὑτοῦ,
199 1823 246 1849 καὶ
270 1822 306 1858 μὴ
329 1824 464 1858 ποιήσας,
490 1823 639 1858 δαρήσεται
664 1824 770 1858 ὸλίγας“
800 1827 813 1851 ὁ
833 1825 860 1851 δὲ

69 1868 162 1900 εἰδὼς,
176 1868 224 1895 καὶ
240 1867 279 1903 μὴ
294 1868 420 1903 ποιήσας,
435 1868 581 1904 δαρήσεται
599 1869 708 1901 πολλάς.
728 1880 737 1895 i
755 1869 799 1904 Τῷ
812 1871 861 1905 μὲν

69 1916 124 1950 γὰρ
140 1913 290 1949 ἠγνοηκότι
310 1913 460 1946 παντελῶς,
478 1915 503 1940 εἰ
518 1915 565 1941 καὶ
587 1915 725 1942 εὐθύνοιτό
742 1925 800 1947 πως
816 1916 862 1942 ἐπὶ

69 1963 102 1996 τῇ
119 1960 250 1996 ῥᾳστώνῃ
262 1960 352 1994 τυχὸν,
365 1960 395 1986 τὺ
406 1960 471 1994 γοῦν
485 1961 598 1996 μετρίαν
612 1962 723 1996 αἰτῆσαι
737 1962 861 1996 συγγνώ-

73 2015 125 2041 μην
136 2007 169 2033 οὐ
186 2006 246 2032 λίαν
257 2005 429 2041 ἀνάρμοστον
442 2013 447 2019 ·
463 2005 502 2041 τῷ
515 2015 546 2041 γε
562 2006 614 2042 μὴν
630 2007 711 2034 εἰδότι
721 2009 751 2034 τὸ
766 2009 862 2043 χρῆμα

70 2053 172 2086 γένοιτ’
190 2052 222 2079 ειν
238 2051 368 2086 δυσαχθὲς
379 2053 419 2083 είς
434 2053 606 2088 κατάκρισιν,
623 2054 638 2088 ἡ
659 2054 770 2088 γνῶσις.
791 2055 862 2081 Κατ-

71 2100 208 2134 ενςρόνησε
228 2097 284 2132 γὰρ
294 2118 301 2129 ,
323 2097 429 2129 οὐδενὸς
445 2098 518 2133 αὐτῷ
533 2098 671 2130 λείποντος
689 2101 728 2130 εἰς
742 2100 771 2126 τὸ
784 2100 863 2126 δύνα-

73 2144 136 2170 σθαι
151 2144 219 2179 δρᾷν
230 2143 266 2169 τὰ
287 2142 360 2178 αὐτῷ
376 2143 598 2179 πρεπωδέστερα.
617 2145 677 2180 Χρὴ
694 2145 783 2171 τοίνυν
795 2145 863 2171 εἰδὸ⁴

72 2199 120 2222 τας
134 2188 321 2225 ἐργάζεσθαι’
344 2189 446 2215 τέλειον
470 2189 524 2224 γὰρ
543 2190 603 2216 τότε
622 2191 672 2226 τῆς
701 2192 730 2217 ὲν
751 2191 862 2226 Χριστῷ

73 2236 211 2267 πολιτείας
234 2235 266 2261 τὺ
284 2235 413 2270 καύχημα
442 2237 643 2271 περικείμενοι,
671 2237 862 2272 πληρεστάτην

911 1646 1045 1672 luutatctn
1061 1641 1166 1669 domini
1184 1639 1237 1672 sui,
1253 1643 1280 1667 et
1294 1646 1350 1666 non
1363 1637 1441 1668 fecit,
1462 1635 1605 1670 vapulabit
1632 1641 1703 1669 pau-

911 1691 951 1718 cis
966 1699 972 1717 :
990 1689 1037 1724 qui
1056 1691 1146 1714 autem
1163 1685 1293 1720 cognovit
1321 1687 1348 1711 et
1377 1689 1433 1710 non
1459 1681 1534 1712 fecit,
1561 1679 1704 1714 vapulabit

911 1737 1006 1763 mttltis
1017 1735 1049 1761 7°.
1071 1744 1080 1760 ι
1097 1733 1153 1760 Nec
1166 1732 1238 1759 enim
1253 1731 1369 1758 multum
1385 1729 1499 1756 dedecet
1514 1735 1577 1754 eum
1594 1725 1703 1753 veniam

911 1780 1077 1808 mediocrem
1091 1782 1183 1812 petere
1200 1776 1247 1810 qtti
1266 1782 1381 1810 prorsus
1404 1772 1548 1808 ignorarit,
1576 1771 1641 1797 licet
1669 1769 1705 1797 ob

913 1825 1048 1860 pigritiam
1068 1823 1138 1850 forte
1155 1830 1219 1849 rcus
1237 1821 1293 1848 sit:
1311 1823 1338 1847 at
1363 1819 1387 1846 ei
1419 1819 1466 1854 qui
1486 1818 1578 1845 sciens
1597 1816 1703 1852 fecerit,

912 1872 1032 1906 cognitio
1046 1868 1269 1897 eoudetnnalioni
1282 1868 1344 1894 erit.
1354 1865 1527 1900 Contempsit
1541 1864 1625 1895 enim,
1641 1871 1703 1890 cum

912 1918 944 1945 ad
971 1917 1089 1944 oliicitun
1116 1914 1284 1949 implendum
1313 1913 1382 1940 nihil
1402 1912 1426 1939 ei
1452 1912 1569 1938 deesset.
1591 1909 1704 1943 Oportet

912 1964 995 1998 igitur
1009 1966 1037 1989 ut
1050 1961 1096 1996 qui
1116 1961 1208 1987 scittut
1225 1963 1376 1994 operentur
1391 1967 1396 1984 :
1415 1961 1482 1984 tunc
1496 1957 1569 1983 enim
1582 1954 1704 1990 perfecta

914 2011 973 2037 vittc
986 2009 1012 2036 in
1030 2008 1141 2035 Christo
1157 2009 1306 2033 transacta:
1323 2005 1410 2040 gloria
1427 2002 1560 2033 reditniti,
1577 2000 1706 2036 plenissi—

913 2064 984 2083 mam
1009 2054 1156 2090 aliqttaudo
1180 2048 1391 2079 retributioue'nt
1419 2049 1598 2083 recipiemus.
1629 2046 1706 2074 Unde

914 2101 1041 2128 Servatur
1060 2107 1122 2127 eum
1146 2098 1192 2134 qui
1221 2097 1319 2124 fecerit
1348 2100 1375 2123 et
1400 2094 1541 2124 docuerit,
1576 2099 1705 2127 magnum

914 2148 1003 2174 aiebat
1031 2146 1094 2180 jure
1119 2145 1219 2171 utcrito
1249 2147 1378 2170 vocatum
1402 2142 1436 2167 iri
1463 2141 1489 2167 in
1516 2146 1601 2173 regno
1619 2137 1706 2164 catla-

915 2201 973 2220 rum
987 2193 1020 2220 ⁸ο.
1039 2191 1109 2224 Quid
1128 2191 1201 2218 enim
1221 2190 1253 2216 ad
1271 2189 1400 2222 pietatem
1418 2187 1442 2214 ei
1463 2186 1621 2214 decst?attt
1638 2192 1706 2219 quo-

915 2238 995 2266 modo
1013 2246 1068 2264 non
1087 2237 1219 2263 divinitus
1237 2235 1361 2270 acceptis
1379 2232 1592 2268 perfectissimis
1626 2231 1706 2258 donis

73 2282 143 2308 κατὰ
163 2282 277 2317 καιροὺς
290 2281 484 2316 ἁποληψόμεθα
497 2282 545 2316 τὴν
561 2282 706 2309 ἀντίδοσιν.
726 2283 780 2309 Καὶ
795 2283 860 2317 γοῦν

917 2285 1057 2319 glorietur,
1072 2284 1118 2318 qui
1138 2291 1250 2317 operum
1277 2283 1411 2308 bonorum
1444 2278 1590 2314 splendore
1608 2285 1706 2304 cumu-

73 2327 199 2362 ὁΣωτῆρ
227 2327 275 2352 τον
301 2327 450 2360 ποιήσαντα
479 2327 526 2353 καὶ
544 2326 684 2359 διδάξαντα
708 2328 794 2362 μέγαν
810 2328 860 2364 ἔφη

74 2372 279 2407 κληθήσεσθαι,
308 2373 354 2399 καὶ
374 2372 445 2407 μάλα
465 2373 577 2404 δικαίως
593 2393 599 2403 ,
629 2375 658 2399 ἐν
682 2375 715 2409 τῇ
739 2373 863 2410 βασιλεία

73 2419 126 2444 τῶν
140 2418 276 2453 οὐρανῶν.
295 2418 327 2444 Τί
338 2418 392 2453 γὰρ
409 2418 483 2453 αὑτῷ
497 2419 527 2445 τὺ
543 2419 633 2445 λεῖπον
647 2420 686 2450 εἰς
700 2420 841 2446 sim-555mm
854 2430 861 2454 ;

74 2461 95 2497 ᾧ
114 2465 136 2491 δ’
153 2464 187 2491 ἂν
211 2464 333 2498 φαίνοιτο
356 2465 456 2500 προσὸν
478 2465 508 2491 τὸ
533 2465 562 2498 ἐξ
583 2465 671 2500 ἔργων
697 2466 807 2499 ἀγαθῶν
834 2468 862 2493 ἐν

74 2511 215 2546 ὁλοκλήρῳ
231 2510 384 2544 καυχᾶσθαι
396 2510 435 2545 τῷ
448 2511 550 2546 μέτρῳ,
567 2511 625 2543 πῶς
642 2513 692 2538 οὐκ
713 2511 745 2538 ἂν
760 2513 863 2546 γένοιτο

76 2557 151 2591 παρὰ
167 2556 237 2582 Θεοῦ
254 2555 285 2582 τὸ
302 2556 483 2587 τελειοτάταις
500 2556 629 2591 ἐπαυχεῖν
643 2557 777 2592 δωρεαῖς;
795 2558 863 2584 Σύν-

77 2600 174 2636 δρομος
189 2598 236 2628 οὖν
255 2601 310 2636 ἄρα
334 2603 388 2632 τοῖς
404 2601 494 2636 ἔργοις
511 2601 574 2628 ὅταν
589 2603 605 2637 ἡ
626 2603 725 2636 γνῶσις
741 2603 863 2638 γένηται,

77 2647 135 2674 τότε
151 2648 184 2682 δὴ
206 2647 315 2678 πάντως
339 2648 457 2681 ὀνίνησιν
480 2648 511 2674 οὑ
536 2648 659 2683 μικρῶς-
682 2648 865 2680 ὲλλελοιπότος

79 2692 104 2718 δὲ
118 2693 262 2728 ὁποτέρου,
279 2693 364 2728 χωλὸν
379 2693 410 2728 δὴ
433 2694 541 2725 πάντως
554 2694 585 2720 τὸ
601 2694 694 2729 ἕτερον
711 2694 798 2721 ἔσται.
817 2694 862 2721 Γὲ-

81 2747 198 2774 γραπται
223 2739 270 2771 δὲ,
297 2739 337 2765 ὅτι
361 2740 416 2766 Καὶ
441 2741 457 2774 ἡ
475 2740 566 2771 πίστις
589 2741 672 2775 χωρὶς
696 2740 750 2767 τῶν
776 2741 864 2776 ἔργων

80 2785 161 2820 νεκρά
184 2786 256 2811 ἐστι.
283 2785 378 2812 Καίτοι
397 2786 426 2812 τὺ
451 2785 551 2812 ειδέναι
575 2786 641 2813 Θεὸν
669 2786 714 2813 τὸν
741 2787 788 2814 ἕνα
816 2788 861 2815 καὶ

114 2874 134 2891 ⁷⁹
153 2874 224 2902 Luc.
245 2882 298 2904 xu,
317 2874 360 2900 47.
401 2874 422 2890 ³⁰
445 2874 538 2902 Matth.
560 2883 589 2906 ν.
609 2876 652 2904 19.

911 2332 964 2358 late
989 2330 1111 2365 fulgeat?
1136 2330 1252 2362 Quando
1269 2328 1353 2362 igitur
1373 2326 1524 2361 cognitioni
1556 2324 1704 2359 conjuncta

911 2381 976 2404 Stult
991 2384 1087 2411 opera.
1103 2381 1168 2402 tunc
1185 2383 1238 2401 uou
1253 2382 1350 2408 parum
1373 2373 1436 2400 inde
1451 2371 1578 2398 utilitatis
1598 2371 1705 2402 oritur;

911 2425 1046 2450 alterutro
1065 2430 1130 2449 vero
1143 2421 1299 2453 deliciente,
1313 2427 1441 2446 mancum
1458 2425 1574 2453 prorsus
1587 2417 1704 2443 alterum

911 2470 974 2496 erit.
987 2469 1175 2502 Scriptutuest
1188 2471 1291 2497 autem,
1314 2465 1392 2492 tidem
1411 2463 1611 2497 siueoperibus
1630 2469 1705 2487 tuor-

912 2518 987 2541 tuam
997 2512 1280 2546 esse.Quamvisenim
1292 2511 1362 2537 scire
1370 2510 1453 2537 Deum
1465 2516 1547 2535 unttm
1557 2511 1584 2534 et
1594 2512 1703 2536 natura,

913 2560 995 2595 729
1022 2566 1138 2593 eumque
1159 2559 1264 2585 sincere
1293 2564 1325 2583 ac
1342 2563 1407 2583 vere
1430 2554 1554 2582 confiteri
1573 2553 1640 2580 ﬁdes
1656 2552 1705 2584 sit,

914 2611 1004 2633 tamen
1024 2606 1097 2633 istud
1128 2613 1238 2640 quoque
1262 2607 1403 2631 mortnttm
1434 2605 1486 2634 est,
1519 2599 1572 2626 nisi
1591 2605 1704 2633 operum

915 2652 1047 2687 splendor
1075 2656 1269 2686 consequatur.
1299 2649 1393 2676 Nonne
1423 2656 1489 2681 ergo
1523 2646 1622 2674 inutile
1662 2648 1705 2671 est

917 2706 1032 2734 prorsus
1056 2698 1127 2725 scire
1147 2697 1213 2732 quid
1243 2698 1279 2724 sit
1304 2696 1419 2727 bonum,
1443 2693 1496 2721 nisi
1519 2692 1584 2720 illud
1613 2692 1705 2718 colere

921 2744 1009 2771 velis?
1023 2743 1097 2771 lianc
1113 2744 1205 2779 itaque
1219 2743 1253 2770 ob
1266 2751 1377 2770 cattsatn
1394 2742 1488 2768 beatos
1507 2739 1565 2766 fore
1581 2739 1619 2765 ait
1639 2745 1704 2764 suos

918 2790 1083 2826 discipulos,
1103 2790 1159 2818 sive
1175 2790 1323 2817 credentes
1338 2788 1364 2815 itt
1389 2796 1462 2821 eum,
1483 2786 1506 2814 si
1537 2792 1591 2812 non
1621 2783 1704 2810 modo
