1897 3032
29 150 97 178 ηε

28 208 205 244 γεγονότων
226 208 302 243 παρὰ
323 207 390 234 Θεοῦ
407 209 463 239 τοῖς
481 208 613 240 τοιούτοις
634 208 839 245 ᾁποκεχρῆσθαι

28 257 158 290 λόγοις,
196 254 383 290 καταλέξομεν
424 255 551 289 οὐδαμῶς
589 255 768 290 ἐπιτιμῶντες
802 254 841 290 τῷ

29 303 170 337 ποιητῇ.
193 301 438 337 διαλοιδορούμενοί
453 310 482 328 τε
501 301 539 336 τῷ
561 302 629 336 πρὸς
654 302 684 328 τὸ
708 299 777 328 εἶναι
806 301 841 328 τὰ

28 350 92 375 οὐχ
112 349 182 375 ὂντα
207 348 334 375 καλοῦντι
358 348 433 383 Θεῷ,
464 350 510 375 καὶ
535 349 583 384 τὴν
610 350 729 384 ἄμετρον
757 348 838 376 αὑτοῦ

29 395 259 431 φιλανθρωπίαν
275 395 450 430 διασύροντες
475 395 598 430 ἀμαθῶς.
625 395 657 421 Τί
682 395 735 431 γὰρ
749 415 756 427 ,
779 395 839 422 εἰπε

31 450 102 476 μοι,
130 442 181 468 καὶ
197 442 311 476 ἐτέρους
326 440 470 467 διακωλύει
487 441 568 476 τυχὸν
583 441 730 475 ἐγκαλέσαι
745 441 839 475 λέγον-

28 497 90 519 τας
104 497 111 502 ·
135 488 171 514 Τί
192 488 237 514 τὸν
253 487 339 514 Σαοὺλ
354 487 486 521 ἐπελέξω,
503 488 550 515 καὶ
566 488 605 519 εἰς
620 487 732 522 βασιλέα
747 487 839 522 κέχρι-

29 543 94 566 xz;
111 534 165 560 ἐπὶ
192 533 237 560 τὶν
268 533 394 568 Ἰσραὴλ,
419 533 495 564 εἰδὼς
516 534 556 560 ὅτι
582 533 690 565 πάντως
712 533 838 568 ἀθετήσει

28 580 91 612 τὴν
111 579 214 614 χάρινς
230 578 285 605 Καὶ
297 579 323 604 τί
338 578 416 605 τοῦτο
424 578 512 612 λέγω;
531 579 708 614 Ἀναϐἠσεται
720 579 774 614 γὰρ
788 579 838 614 τῆς

28 625 137 655 αἰτίας
152 626 169 659 ὴ
183 625 319 660 πρόφασις
340 625 386 651 ἐπὶ
410 625 454 651 τὸν
479 624 524 651 τοῦ
543 625 639 658 γένους
667 625 836 660 καθηγητὴν,

30 671 117 698 τοῦτ’
139 671 215 698 ἔστιν
238 671 333 707 Ἀδάμ,
363 672 436 706 Ἐρεῖ
459 672 486 698 δέ
509 680 550 702 τις
576 671 658 706 τυχὸν
672 671 725 698 τῶν
746 673 838 698 ἐκεῖνα

29 717 272 751 διεσκεμμένων·
297 717 328 742 'I‘l
354 717 398 742 τὸν
424 716 531 751 πρῶτον
556 715 698 751 ἄνθρωπον
717 716 837 747 ἔπλασας

29 762 97 788 ἀπὸ
118 764 174 796 γῆς
201 764 216 789 ό
234 762 267 788 τὰ
290 763 378 789 πάντα
399 761 494 794 ειὸώς;
519 762 555 788 Οὑ
583 762 637 797 γὰρ
661 762 768 796 ἠγνόεις
796 762 837 787 ὅτι

29 809 172 833 πεσεῖται
206 807 255 842 τὴν
282 807 406 834 δοθεῖσαν
430 807 506 842 αὑτῴ
533 808 690 843 παρελάσας
716 807 834 843 ἐντολήν.

30 853 123 879 Rati
138 852 187 878 τὸν
202 853 283 879 αὺτὸν
301 853 396 880 τοῦτον
412 853 491 887 λόγον
504 854 550 880 καὶ
569 853 616 880 ἐπὶ
633 855 688 885 τοῖς
707 854 836 889 ἀνωτέρω

28 900 84 925 καί
99 899 229 933 μείζοσιν
247 899 286 925 ἔτι
300 901 450 935 κατηγορεῖ
464 900 533 934 βοῶν
545 908 551 914 ⁸
565 900 641 927 Διατί
652 901 700 936 τὴν
711 901 836 935 ἀγγέλων

29 945 286 980 δεδημιούργηκας
301 946 392 979 φύσιν⁷
410 946 460 972 οὐκ
476 947 624 982 ἀγνοήσας,
639 947 676 979 ὡς
691 947 766 979 Θεὸς,
787 947 836 982 τὴν

29 991 182 1025 ἐσομένην
197 990 278 1017 τινῶν
304 991 432 1018 ἀπόνοιαν
456 992 496 1024 εἱς
526 993 697 1025 ἀπύστασιη
719 993 837 1028 Τετηρή-

29 1045 106 1063 κασι
127 1037 186 1072 γὰρ
210 1038 240 1064 οὑ
272 1038 372 1070 πάντες
401 1038 450 1073 τὴν
474 1038 576 1065 οἰκείαν
599 1039 695 1075 ἀρχήν.
724 1037 790 1066 Εἶτα
811 1039 837 1065 τί

29 1083 65 1109 τὸ
97 1083 249 1116 ὲντεῦθεν;
285 1084 316 1110 Ἡ
352 1084 399 1111 τοῦ
430 1084 500 1111 Θεοῦ
533 1085 689 1120 πρόγνωσις
718 1086 769 1112 οὐκ
803 1086 836 1112 ἂν

29 1128 126 1154 αὑτὸν
172 1128 385 1164 συγκεχώρηκεν
416 1130 532 1166 ὀφθῆναι
570 1130 754 1166 δημιουργὸν.
778 1131 836 1158 ἀλλ’

28 1174 91 1200 οὐδ’
107 1174 144 1200 ἂν
160 1174 177 1209 ή
192 1174 289 1210 λογικὴ
310 1176 400 1208 κτίσις
416 1176 558 1212 παρῆλθεν
577 1176 644 1208 ὅλως
657 1177 697 1208 εἰς
717 1177 834 1210 γένεσιν,

30 1220 80 1245 ἵνα
96 1219 188 1254 μόνης
209 1220 261 1255 τῆς
281 1220 379 1255 ἀλόγου
408 1222 457 1248 καὶ
476 1221 640 1257 ἀναισθήτου
664 1221 771 1257 φύσεως
789 1221 832 1256 βα-

30 1264 135 1299 σιλεύῃ
155 1264 241 1296 Θεὸς,
263 1265 331 1301 μηδὲ
355 1266 396 1292 ὅτι
415 1265 482 1297 Θεὸς
497 1266 567 1293 κατὰ
585 1266 666 1300 φύσιν
683 1267 837 1300 ἑστὶγινω·

30 1311 189 1346 σχόμενος.
219 1312 325 1347 Χρῆναι
351 1311 381 1338 δὲ
413 1309 491 1347 οἶμαι
518 1311 636 1347 μάλιστα
662 1312 693 1347 δὴ
728 1313 836 1339 πάντων

30 1359 130 1384 ἐκεῖνο
157 1357 405 1393 διασκεπτομένους
421 1358 503 1393 ὁρᾷν,
525 1358 565 1384 ὅτι
581 1358 638 1389 τοῖς
650 1357 768 1392 λογικοῖς
780 1357 834 1383 τῶν

30 1404 205 1438 κτισμάτων
235 1404 303 1435 ιδίας
334 1404 521 1438 προαιρέσεως
540 1403 670 1438 ἀπένειμε
690 1403 739 1436 τὰς
756 1404 835 1439 ἡνίας

29 1451 44 1476 ὁ
61 1450 183 1476 πάντων
199 1450 386 1485 Δημιουργὺς,
412 1449 458 1476 καὶ
481 1449 701 1481 αὑτοκελεύστοις
730 1450 834 1486 ἀφῆκεν

31 1494 109 1522 εἶναι
131 1496 250 1531 ῥοπαῖς,
273 1496 315 1530 ἐφ’
331 1496 400 1531 ὅπερ
424 1495 457 1522 ἂν
484 1496 600 1528 ἕκαστος
616 1495 736 1530 βούλοιτο
753 1496 834 1531 τυχὸν

31 1542 111 1577 ἔχειν
126 1542 230 1577 ἄριστα
242 1541 392 1576 δοκιμάσας
404 1541 450 1567 τὸν
465 1541 576 1577 τρόπον.
593 1542 625 1568 Οἱ
642 1542 691 1576 μὲν
708 1539 754 1568 οὖν
777 1543 833 1573 τοῖς

581 149 613 177 IN
634 150 775 181 JOANNIS
794 150 1019 179 EVANGEIJUM
1041 151 1106 178 LIB.
1123 151 1167 178 IX.
1203 169 1209 176 ν

1630 156 1679 184 I50

856 213 876 240 Α
893 209 1052 242 increpandi
1080 209 1267 244 carpendique
1293 210 1412 244 opiﬁcis,
1438 210 1599 239 immensam
1619 213 1680 249 eius

894 255 1090 290 benignitatem
1127 256 1212 284 stulte
1249 257 1445 284 convellentes.
1481 258 1551 291 Quid
1586 260 1679 292 enim,

894 307 997 334 qua-so,
1021 300 1179 335 prohibebit
1198 301 1282 327 etiam
1307 301 1377 329 alios
1398 301 1526 329 incusare
1548 303 1631 330 Deum
1648 311 1680 332 ac

893 346 1006 373 dicere:
1024 346 1080 373 Cur
1096 346 1204 374 Saulern
1222 347 1338 382 elcgisti,
1360 353 1387 375 et
1414 348 1440 375 in
1459 355 1547 384 regem
1577 350 1679 377 tinxisti

894 400 976 426 super
1002 391 1101 426 Israel,
1124 401 1205 427 quem
1239 393 1354 427 gratiam
1383 394 1498 421 omnino
1524 399 1679 429 spreturum

893 439 1019 465 Sciebas?
1032 439 1064 464 Ει
1077 439 1142 474 quid
1159 440 1211 466 hoc
1224 440 1285 466 aio?
1297 439 1363 466 Nam
1382 441 1464 475 hujus
1477 441 1680 470 criminationis

892 493 974 512 causa
990 486 1023 512 ad
1040 485 1129 520 ipsum
1146 485 1256 521 generis
1275 490 1416 513 auctorem
1434 488 1574 520 ascendet,
1588 488 1614 515 id
1638 494 1679 516 est

891 531 989 558 Adam.
1009 532 1087 564 Quod
1113 531 1186 559 dicet
1205 532 1299 559 forsan
1328 532 1428 567 aliquis
1451 541 1545 560 eorum
1566 534 1612 568 qui
1642 534 1678 561 ita

892 578 1014 604 serrtirmt
1026 587 1031 604 :
1042 577 1099 604 Cur
1112 577 1232 612 primum
1248 577 1386 605 hominem
1403 578 1527 606 formasti
1545 578 1577 606 de
1594 583 1677 613 terra,

891 624 937 658 qui
964 623 1056 650 omnia
1078 623 1173 650 nosti?
1194 622 1249 650 Nec
1274 623 1345 650 enim
1380 624 1527 658 ignorabas
1548 631 1677 651 casurum

892 670 980 700 illum,
1006 673 1098 704 spreto
1127 669 1200 704 quod
1231 673 1377 703 acceperat
1409 669 1550 698 mandato.
1576 670 1677 697 Eodem

891 716 971 742 modo
992 719 1019 742 et
1037 723 1069 742 ex
1082 715 1196 750 superis
1219 723 1251 742 ac
1268 715 1428 743 cmlcstibus
1447 723 1542 743 ansam
1569 723 1678 751 quoque

891 761 1023 796 carpendi
1048 761 1173 796 arripiet,
1192 761 1314 788 clamans
1329 770 1335 787 :
1351 760 1407 787 Cur
1433 761 1592 796 angelorum
1612 769 1676 789 con-

891 807 985 835 didisti
1010 812 1149 839 naturam,
1165 815 1227 833 cum
1247 814 1300 833 non
1318 808 1470 842 ignorares.
1486 811 1515 834 ut
1532 807 1612 838 Deus,
1633 809 1677 834 fu-

890 858 980 880 turatn
1009 854 1164 888 aliquorum
1190 852 1454 879 (lefertionerrﬂNcC
1480 853 1552 879 enim
1581 861 1677 880 serva-

853 896 872 922 Β
888 903 987 925 verunt
1001 907 1100 926 omnes
1117 907 1199 926 suuur
1219 899 1415 933 principatum.
1427 899 1498 931 Quid
1518 907 1600 932 porro
1613 899 1677 927 hinc

890 946 1036 980 srquitur?
1050 946 1118 972 Illud
1135 945 1277 978 videlicet,
1292 950 1320 972 ut
1348 945 1572 980 prmcognitionis
1593 953 1676 973 causa

890 994 936 1016 aut
953 990 1019 1018 nihil
1041 991 1154 1017 omnino
1175 998 1270 1017 creare
1293 990 1431 1020 debuerit.
1448 994 1495 1016 aut
1514 994 1587 1018 certe
1601 998 1676 1017 crea-

889 1042 978 1065 turam
999 1039 1102 1065 nullarn
1130 1038 1247 1065 rationis
1269 1042 1423 1073 compotem
1443 1039 1556 1064 omnino
1575 1037 1677 1072 produ-

888 1092 962 1116 cere,
987 1088 1016 1111 ut
1043 1085 1199 1111 irrationali
1215 1088 1321 1111 tantum
1340 1088 1366 1111 et
1390 1092 1489 1112 sensus
1505 1084 1609 1118 experti
1625 1091 1676 1111 na-

888 1134 956 1158 tura:
973 1130 1045 1158 Deus
1070 1131 1198 1166 imperet,
1218 1138 1268 1158 nec
1292 1131 1351 1165 ipse
1370 1131 1483 1158 omnino
1507 1135 1605 1158 natura
1625 1138 1675 1157 sua

890 1176 960 1203 Deus
976 1181 1170 1211 cognoscatur.
1184 1176 1251 1204 Illud
1267 1181 1357 1203 autem
1372 1177 1490 1204 maxime
1502 1177 1676 1204 consideran-

887 1222 951 1248 dum
964 1222 999 1249 iis
1015 1222 1151 1254 arbitror,
1167 1222 1287 1248 universi
1304 1221 1428 1256 opiﬁcem
1443 1221 1675 1249 intellectualibus

887 1266 1026 1293 creaturis
1041 1266 1194 1294 voluntatis
1216 1273 1273 1293 sua:
1299 1265 1422 1293 habenas
1449 1267 1632 1297 commisisse,
1647 1270 1676 1293 et

887 1316 1043 1347 spontaneo
1062 1316 1138 1340 motu
1155 1319 1188 1340 eo
1205 1312 1269 1339 ferri
1288 1311 1462 1347 permisisse,
1479 1319 1533 1346 quo
1557 1312 1677 1347 quisque

887 1357 961 1382 velit.
984 1357 1036 1389 Qui
1057 1363 1124 1392 ergo
1147 1356 1308 1384 melioribus
1332 1361 1408 1383 recte
1423 1363 1454 1383 se
1472 1357 1676 1391 applicuerunt,

886 1402 1000 1437 gloriam
1021 1410 1098 1429 suaru
1125 1406 1248 1433 servant,
1277 1405 1304 1429 et
1327 1402 1464 1429 bonorum
1489 1402 1540 1428 sibi
1558 1409 1675 1430 conces-

886 1455 979 1474 sorum
996 1448 1143 1483 participes
1157 1451 1317 1481 rnanent,et
1335 1447 1466 1475 felicitate
1482 1456 1535 1482 qua
1549 1448 1676 1476 excidere

886 1499 1036 1529 nequeant,
1049 1494 1246 1530 perfruuntur;
1258 1494 1303 1529 qui
1316 1502 1381 1521 vero
1398 1494 1517 1529 propriis
1531 1494 1675 1523 affectibus

886 1544 1114 1574 corrumpuntur,
1132 1540 1316 1575 cupiditatum
1341 1545 1410 1567 aestu
1427 1548 1482 1574 quo
1512 1539 1590 1568 nefas
1616 1546 1676 1568 erat

31 1575 169 1620 ἀμείνοσι
180 1587 408 1622 προσ-νενευκότες
419 1575 517 1622 ὀρθῶς,
530 1586 579 1622 τὴν
591 1575 658 1612 ἰδίαν
670 1585 780 1617 διασώζι

924 1585 1011 1615 ducti.
1028 1585 1106 1620 731
1122 1586 1221 1620 dignas
1248 1586 1398 1613 sceleribus
1421 1586 1480 1614 suis
1507 1594 1603 1620 pmnas
1623 1587 1673 1614 da-

31 1632 138 1666 δόξαν,
161 1632 209 1658 καὶ
235 1632 264 1658 ὲν
292 1632 398 1667 μεθέξει
427 1632 538 1667 μένουσι
559 1632 613 1658 τῶν
644 1632 831 1667 ἀπονεμηθέν-

33 1687 92 1704 των
107 1678 206 1709 αὐτοῖς
223 1677 350 1711 ἀγαθῶν,
369 1678 566 1713 ἀμετάπτωτον
585 1686 615 1704 τε
634 1678 684 1713 τὴν
700 1678 832 1713 εὐθυμίαν

33 1722 239 1758 εὑρίσκουσιν·
270 1723 296 1749 οἱ
329 1723 357 1749 δὲ
389 1724 442 1754 τοῖς
479 1723 554 1754 ἰδίοις
590 1723 834 1758 καταφθειρόμενοι

33 1768 204 1804 λογισμοῖς,
229 1769 277 1795 καὶ
300 1769 342 1803 ἐφ’
357 1769 375 1796 ἃ
401 1769 439 1804 μὴ
466 1768 544 1803 θέμις
564 1769 725 1800 ἀκαοέκτοις
740 1768 834 1804 ὥσπερ

35 1813 180 1848 ῥεύμασιν
191 1813 344 1847 ἐπιθυμιῶν
356 1813 583 1849 κατασυρόμενοι,
597 1815 646 1848 τὴν
661 1814 753 1845 αὐτοῖς
768 1814 829 1848 πρέ-

36 1868 148 1886 πουσαν
166 1859 332 1894 ὑπομένουσι
351 1860 438 1894 δίκην,
455 1859 502 1885 καὶ
525 1860 574 1894 τὴν
594 1860 639 1886 ἐπὶ
662 1860 721 1891 ταῖς
739 1860 835 1895 ἀχαρι-

35 1907 132 1938 στίαις
150 1905 262 1937 εἰκότως
278 1906 459 1940 ὑπομένοντες
473 1906 592 1940 γραφὴν,
613 1906 662 1940 τὴν
677 1906 769 1941 ἀπηνῆ
789 1906 836 1932 καὶ

33 1952 200 1987 ἀπέραντον
213 1951 411 1985 ὑποστήσονται
432 1950 552 1977 κόλασιν.
573 1951 633 1976 Ἐπὶ
654 1950 758 1982 τούτοις
781 1952 834 1981 τοῖς

34 1998 169 2032 ὁρισμοῖς
184 1996 334 2031 γενομένην
347 1997 472 2031 εὑρήσεις
485 1996 533 2031 τὴν
547 1996 600 2022 τῶν
611 1996 734 2030 ἀγγέλων
744 1996 834 2030 φύσιν.

34 2044 68 2069 0t
84 2043 138 2078 μὲν
153 2042 209 2077 γὰρ
222 2041 435 2077 διατηρήσαντες
448 2041 497 2077 τὴν
509 2042 612 2069 οἰκείαν
623 2042 720 2077 ἀρχὴν,
733 2042 835 2068 ἀναπό-

34 2089 141 2123 ε).ητον
159 2087 251 2122 ἔχουσι
264 2088 312 2121 τὴν
332 2087 375 2122 ἐφ’
386 2088 472 2114 ἅπασι
489 2090 544 2120 τοῖς
561 2089 673 2122 ἀγαθοῖς
692 2089 794 2124 ἲδρυσίν
807 2098 836 2115 τε

34 2135 86 2161 καὶ
103 2134 212 2160 στάσινο
236 2134 260 2159 οἱ
283 2133 311 2160 δὲ
336 2135 392 2165 τοῖς
422 2135 467 2160 ἐπὶ
492 2134 527 2161 τὰ
551 2135 634 2170 χείρω
651 2135 766 2169 νεύμασι
788 2135 836 2169 τῆς

34 2180 162 2215 ἀρχαίας
192 2179 301 2215 ἐκείνης
327 2181 452 2212 εὐκλείας
477 2180 703 2215 διολισθήσαντες,
733 2181 837 2215 σειραῖς

35 2226 125 2258 ζόφου
150 2224 400 2259 τεταρταρωμένοι,
418 2224 489 2250 κατὰ
512 2225 543 2250 τὸ
570 2225 770 2260 γεγραμμένον.
797 2226 836 2256 εἰς

34 2270 134 2304 κρίσιν
150 2269 272 2303 μεγάλης
287 2270 393 2304 ἡμέρας
411 2269 587 2304 τετήρηνται.
605 2269 698 2300 Οὕτως
724 2269 837 2303 πεποίηο

36 2323 83 2340 ται
100 2315 177 2340 κατὰ
190 2313 241 2349 τὴν
255 2314 343 2349 ἀρχὴν
356 2315 370 2340 ὁ
384 2313 492 2349 πρῶτος
510 2313 664 2349 ἄνθρωπος,
680 2312 752 2340 τοῦτ’
765 2313 838 2340 ἔστιν

36 2362 50 2386 ὀ
65 2360 168 2394 Ἀδάμ.
183 2357 239 2386 Ἦν
268 2360 317 2395 μὲν
344 2360 398 2395 γὰρ
423 2360 452 2386 ὲν
482 2361 649 2396 παραδείσῳ,
667 2361 714 2387 καὶ
735 2361 763 2386 ἐν
780 2362 838 2392 ταῖς

37 2405 175 2432 ἀνωτάτω
192 2407 322 2440 τρυφαῖς,
350 2407 548 2440 πνευματικαῖς
565 2405 694 2440 δηλονότι,
712 2407 758 2432 καὶ
774 2407 836 2441 δόξῃ

37 2453 70 2485 τῇ
89 2451 170 2486 παρά
187 2451 257 2485 Θεῷ.
276 2451 331 2477 Καὶ
344 2450 477 2485 διέμεινεν
495 2450 527 2476 ἂν
538 2452 567 2477 ὲν
580 2452 636 2482 τοῖς
651 2450 774 2486 ἀρχαίοις
787 2450 837 2485 τῆς

39 2498 152 2529 φύσεως
166 2497 291 2530 ἀγαθοῖς,
306 2497 331 2522 εἰ
343 2496 379 2532 μὴ
394 2496 530 2532 τέτραπτο
543 2496 611 2531 πρὸς
624 2497 775 2523 ἀπόστασιν
789 2497 837 2522 καὶ

39 2541 197 2577 παρακοήν,
222 2541 389 2568 ἀϐουλότατα
416 2541 558 2576 παρελθὼν
586 2542 634 2576 τὴν
655 2541 837 2577 διορισθεῖσαν

40 2587 155 2621 ἐντολὴν
172 2586 286 2614 ἀνωθεν.
307 2587 384 2613 Οὖτω
401 2587 513 2622 κέχρικε
533 2587 579 2613 τὸν
594 2587 680 2614 Σαοὺλ
702 2588 741 2619 εἰς
759 2588 835 2622 βασι-

40 2633 100 2659 λέα.
115 2631 171 2659 Ἦν
185 2632 235 2666 μὲν
247 2634 301 2668 γὰρ
315 2634 343 2659 ὲν
358 2633 454 2668 ἀρχαῖς
467 2634 497 2659 οὺ
509 2633 608 2668 φαῦλος
624 2634 702 2669 ἀνὴρ,
719 2633 835 2668 ὀφθέντα

40 2687 72 2711 γε
90 2678 146 2714 μὴν
161 2679 253 2706 οὐκέτι
279 2679 398 2706 τοιοῦτον
418 2679 528 2715 μεθίστη
553 2680 601 2714 τῆς
615 2680 694 2715 δόξης
715 2680 763 2706 καὶ
784 2680 833 2716 τῆς

43 2725 180 2759 βασιλίδος
192 2726 284 2761 τιμῆς.
305 2725 397 2756 (ὶῦτως
423 2725 567 2758 ἐπελέξατο
592 2726 637 2752 τὸν
654 2726 765 2759 Ἰούδαν,
786 2726 833 2752 καὶ

41 2773 98 2801 τοῖς
127 2771 218 2804 ἁγίοις
242 2771 321 2797 αὐτὸν
345 2770 455 2806 ἀνέμιξε
487 2771 632 2806 μαθηταῖς,
666 2772 830 2807 ἐπιτηδείως

78 2860 102 2875 ³¹
122 2859 202 2887 ludat
220 2859 245 2886 6.

884 1630 964 1664 bunt,
984 1635 1011 1657 et
1037 1631 1072 1657 ob
1101 1631 1201 1664 ingrati
1228 1631 1312 1656 animi
1336 1639 1434 1657 noxam
1462 1631 1526 1666 jure
1553 1631 1675 1659 damnati

884 1683 966 1710 grave
987 1679 1013 1703 et
1031 1679 1164 1702 internum
1193 1676 1360 1710 supplicium
1384 1677 1470 1702 luent.
1485 1675 1532 1703 Ilis
1549 1677 1675 1705 terminis

885 1722 1048 1756 angelorum
1067 1727 1193 1748 naturam
1211 1721 1336 1749 invenies
1355 1722 1502 1749 contineri.
1523 1721 1574 1755 Qui
1599 1723 1673 1750 enim

885 1771 1032 1795 servarunt
1051 1776 1131 1795 surint
1148 1767 1346 1803 principatum,
1360 1768 1554 1795 inconcussam
1575 1769 1675 1796 habent

886 1812 912 1838 in
929 1812 1058 1839 omnibus
1078 1812 1158 1839 hortis
1188 1812 1344 1840 ﬁrmitatem
1365 1816 1447 1847 atque
1471 1814 1674 1846 constantiam;

885 1858 933 1893 qui
949 1866 1014 1885 vero
1033 1858 1059 1884 in
1076 1858 1213 1885 deteriora
1234 1859 1361 1886 conversi
1381 1858 1426 1885 illa
1446 1859 1556 1894 antiqua
1575 1860 1676 1887 nobili-

887 1908 941 1931 tate
961 1904 1133 1937 exciderunt,
1156 1905 1318 1931 rudentibus
1344 1905 1445 1932 inferni
1466 1905 1592 1935 detracti.
1605 1906 1676 1933 sicut

886 1951 1019 1984 scriptum
1043 1955 1096 1983 est,
1116 1951 1142 1977 in
1169 1951 1304 1985 judicium
1333 1959 1438 1986 magna:
1462 1952 1515 1979 diei
1544 1953 1675 1980 reservati

886 2001 951 2023 sunt
967 1995 1000 2023 ⁸³.
1020 1995 1066 2023 Sic
1087 1996 1178 2024 factus
1194 2002 1235 2024 est
1252 1997 1331 2023 initio
1356 1998 1460 2031 primus
1477 1998 1521 2024 ille
1538 1998 1629 2030 homo,
1648 1998 1675 2026 id

886 2047 929 2069 est
943 2042 1043 2068 Adam.
1057 2043 1122 2069 Erat
1134 2043 1207 2069 enim
1223 2044 1248 2069 in
1267 2043 1403 2078 paradiso,
1414 2047 1440 2070 et
1454 2044 1480 2070 in
1497 2044 1612 2071 summis
1628 2044 1675 2071 dc-

888 2087 969 2119 Iiciis,
988 2088 1160 2122 spiritalibus
1183 2089 1326 2119 nimirum,
1347 2093 1374 2115 et
1390 2089 1474 2124 gloria
1489 2091 1558 2124 apud
1577 2089 1672 2119 Deum.

888 2134 921 2160 Et
946 2135 1144 2168 permansisset
1169 2135 1279 2169 quidem
1301 2136 1327 2161 in
1350 2136 1474 2169 pristinis
1495 2137 1550 2164 illis
1571 2142 1675 2165 naturm

888 2179 977 2211 bonis,
993 2179 1045 2206 nisi
1058 2187 1209 2206 conversus
1222 2184 1294 2206 esset
1308 2181 1333 2206 in
1345 2180 1526 2208 defectionem
1540 2185 1567 2208 et
1580 2182 1674 2210 iuobe—

889 2224 1032 2257 dientiarn,
1052 2225 1145 2251 datum
1176 2225 1226 2251 sibi
1247 2224 1366 2259 desuper
1382 2227 1539 2253 mandatum
1565 2229 1673 2256 stultis-

853 2273 876 2300 D
890 2271 957 2297 sime
975 2275 1198 2305 praetergressus.
1226 2271 1271 2297 Sic.
1295 2272 1373 2298 unxit
1391 2272 1501 2299 Saulem
1523 2274 1549 2300 in
1570 2282 1672 2309 regem.

888 2315 952 2342 Erat
972 2317 1044 2342 enim
1065 2317 1104 2342 vir
1127 2316 1198 2342 haud
1228 2317 1316 2343 malus
1344 2318 1431 2350 initio,
1450 2319 1495 2345 sed
1511 2327 1572 2346 curn
1592 2322 1673 2348 talem

889 2369 917 2388 se
933 2369 985 2388 non
1004 2362 1124 2395 amplius
1141 2362 1316 2395 praebuisset.
1331 2363 1417 2396 gloria
1432 2369 1458 2389 et
1473 2365 1547 2399 regni
1571 2365 1675 2394 honore

887 2407 1001 2434 excidit.
1018 2407 1063 2433 Sic
1078 2406 1175 2433 .Itldatn
1194 2407 1287 2442 elegit,
1300 2413 1324 2434 ct
1338 2410 1441 2436 sanctis
1453 2410 1599 2444 discipulis
1613 2421 1673 2440 eum

888 2453 1044 2487 adseripsn,
1065 2461 1126 2479 curn
1150 2453 1276 2479 idoneum
1302 2462 1330 2480 se
1358 2455 1493 2490 principio
1509 2462 1672 2486 sectatorem

887 2506 918 2524 ac
941 2498 1106 2532 discipulum
1123 2502 1278 2532 prteslarct.
1302 2498 1355 2525 Sed
1379 2505 1522 2534 postquam
1542 2503 1673 2536 paulatim

886 2552 900 2571 a
918 2543 1020 2570 Satana
1047 2548 1170 2571 tentatus
1194 2548 1222 2571 et
1250 2545 1319 2571 lucri
1336 2546 1430 2573 studio
1455 2547 1578 2575 irretitus
1611 2549 1674 2576 huic

884 2591 953 2617 vitio
970 2590 1127 2621 succubuit,
1145 2590 1246 2616 facturn
1266 2591 1301 2617 ob
1325 2590 1350 2617 id
1372 2591 1539 2625 proditorem
1564 2593 1672 2620 demum

885 2635 996 2670 repulit.
1011 2636 1085 2663 Nihil
1100 2644 1166 2672 ergo
1183 2636 1215 2663 ad
1229 2644 1289 2663 eum
1307 2637 1464 2673 qui'olegit.
1483 2637 1568 2665 Penes
1596 2639 1672 2665 iilum

887 2681 989 2715 quippe
1000 2685 1059 2707 erat
1076 2689 1131 2707 non
1148 2681 1258 2713 cadere,
1274 2681 1295 2708 si
1313 2681 1425 2708 meliora
1443 2681 1572 2708 nimirum
1595 2691 1672 2709 com-

889 2726 967 2761 plecti
993 2726 1135 2757 voluisset,
1157 2731 1296 2761 totarnqrrc
1325 2735 1402 2753 suam
1429 2732 1546 2754 mentem
1568 2728 1601 2754 ad
1628 2736 1672 2755 se-

888 2771 1027 2806 quendum
1045 2771 1153 2798 sincere
1174 2771 1314 2798 Christum
1333 2772 1534 2800 transtulisset.
1549 2772 1589 2799 Ad
1607 2772 1674 2800 alte-
