1897 3032
54 119 109 146 133

591 123 622 150 IN
642 124 783 152 JUAIVSIS
798 125 1018 155 EVANGEIJUM
1039 129 1101 156 LIB.
1116 130 1159 158 IX.

1638 135 1688 164 I54

98 177 207 211 Ἀμὴν,
229 177 310 211 ἀμὴν
334 177 410 212 λέγω
426 178 507 212 ὑμῖν,
525 181 540 205 ὁ
557 181 716 214 λαμϐάνων
728 182 766 208 ἄν
785 191 834 208 τινι

938 183 1005 214 XIII.
1024 185 1068 212 20.
1087 187 1180 219 Amen,
1198 195 1273 215 ante»
1297 188 1356 216 dico
1382 189 1463 221 voltis,
1479 188 1524 225 qui
1544 192 1639 228 accipit
1664 195 1688 220 si

52 224 176 255 πέμψω,
191 222 244 256 ἐμὲ
255 223 414 256 λαμϐάνει·
440 225 455 250 ό
470 224 504 250 δὲ
518 225 569 260 ἐμὲ
581 228 752 261 λαμϐάνων,
775 230 848 262 λιιιιο

49 267 144 300 ,ἐπάγει
164 268 219 294 τὸν
230 268 454 296 ἀποστείλαντά
462 279 510 304 με.

91 313 300 346 Προαποδείξας
319 315 461 350 χρησίμως
477 316 572 343 ἑαυτὸν
587 317 649 344 ὄντα
663 318 789 354 Χριστὸν,
803 322 849 346 καὶ

51 358 86 384 δι’
98 355 137 384 ὧν
156 358 271 394 ἔμελλεν
297 360 310 385 ὁ
334 360 467 396 προδότης
483 363 697 398 ὲμπαροινὴσειν
720 366 748 392 ὲν
763 366 847 401 αὐτῷ,

51 405 195 440 χρήσιμόν
207 414 232 431 τι
247 405 326 432 πάλιν
340 407 443 432 ἐπινοεῖ
457 407 525 442 πρὸς
543 408 700 445 ἀνατροπὴν
711 411 760 445 τῆς
777 412 848 438 ἐκεί-

52 459 102 475 νου
119 451 312 485 κακοϐουλίας⁷
325 452 371 478 καὶ
382 453 566 489 ἀμυδρότερός
582 464 640 487 πως
654 456 728 492 αὑτῷ
742 458 848 493 πρόεισι

51 496 102 521 καὶ
119 496 169 522 νῦν
190 497 204 523 ό
223 497 310 530 λόγος.
331 498 519 533 Συγκρύπτειν
540 500 594 536 γὰρ
611 500 650 528 ἔτι
671 504 798 538 πειρᾶται
819 504 847 530 τὸ

50 540 196 575 τόλμημα,
216 541 264 567 καὶ
275 542 426 576 ἀναφανδὸν
442 543 518 569 οὔπω
531 546 597 580 φησι
610 546 652 577 τίς
668 547 682 573 ὁ
701 548 847 583 προδώσων

50 587 148 613 αὐτόν.
171 587 330 622 Ἀπελέγχει
357 589 512 625 τοιγαροῦν,
537 591 583 617 καὶ
612 592 683 626 μάλα
706 594 847 628 χρησίμως

52 633 126 667 μετὰ
143 633 246 667 σαφοῦς
267 634 497 669 παραδείγματος,
518 635 556 667 ὡς
577 637 682 673 ἀνάγκη
699 639 781 671 πᾶσα,
802 641 848 667 καὶ

50 679 94 710 εἰς
110 679 142 705 τὸ
156 679 203 706 τοῦ
228 679 294 706 Θεοῦ
318 680 367 706 καὶ
384 680 491 716 Πατρὸς
506 681 614 708 ἀναθεῖν
627 684 785 718 πρόσωπον,
798 686 847 721 τῆς

51 727 94 756 εἰς
108 725 191 751 αὐτὸν
209 725 357 760 γινομένης
375 726 487 761 ἀγάπης
498 735 528 752 τε
543 728 588 754 καὶ
601 729 682 763 τιμῆς
703 730 734 756 τὸ
751 731 845 765 πέρας.

51 771 110 798 Καὶ
132 771 193 806 οὐχὶ
212 770 299 806 δήπου
330 771 409 798 τοῦτο
424 772 526 808 κυρίως
548 774 621 809 αὐτῷ
634 775 766 802 δεικνύειν
785 786 847 803 σκο-

50 817 117 848 πὸς,
132 818 202 852 τάχα
218 818 247 843 δὲ
266 817 366 852 μᾶλλον
382 818 413 844 τὸ
429 819 558 851 ἐναντίως
575 820 636 855 ἕχον
649 822 719 848 κατὰ
741 822 789 857 τὴν
802 822 845 849 δό-

50 863 112 894 ξαν.
141 863 234 897 Ἀφεὶς
256 864 320 898 γὰρ,
345 863 382 895 ὠς
406 863 489 896 ἔοικε,
503 865 534 891 τὸ
557 866 639 900 φάναι
667 868 841 904 γυμνότερον,
861 868 879 894 Β

47 909 120 943 ὅπερ
132 910 244 944 εἴρηκεν
261 910 290 935 ἐν
302 910 417 945 ἑτέροις,
436 910 510 937 τοῦτ’
529 911 612 943 ἐστιν,
632 922 642 938 ε
666 913 693 940 Ὁ
706 913 742 949 μὴ
757 915 843 948 τιμῶν

46 954 96 981 τὸν
108 954 184 986 Υίὺν,
201 955 262 981 οὐδὲ
283 955 327 982 τὸν
344 956 453 992 Πατέρα
471 958 549 992 τιμᾷ“
562 968 570 983 ι
583 958 725 994 κεχώρηκε
744 955 843 994 μᾶλλον

47 1001 99 1027 ἐπὶ
113 1001 146 1028 τὺ
156 1001 354 1037 εὐφημότερον,
373 1003 530 1038 ἐπιτρέπων
546 1005 601 1035 τοῖς
615 1005 801 1040 ἀκροωμένοις
813 1007 842 1034 τὸ

46 1049 122 1074 νοεῖν
137 1049 169 1074 ἐκ
185 1047 280 1074 τούτου
309 1049 340 1074 τὸ
355 1049 488 1081 ἐναντίον,
515 1051 576 1078 ἐπεί
604 1060 642 1078 τοι
665 1052 712 1078 καὶ
729 1053 842 1088 ἀπειλῆς

48 1093 192 1128 μᾶλλον,ἢ
207 1094 362 1129 προτροπῆς
387 1092 422 1129 ἦν
433 1096 448 1122 ὁ
463 1096 568 1131 καιρὸς,
593 1097 640 1123 ἐπὶ
653 1097 749 1134 Θύραις
767 1099 842 1131 δντος

44 1138 98 1164 τοῦ
111 1138 299 1174 τολμήματος,
313 1140 359 1166 καὶ
375 1141 425 1176 ήδη
441 1142 632 1177 μελετωμένης
646 1144 696 1179 τῆς
711 1145 754 1170 ἐπ’
769 1145 842 1180 αὐτῷ

45 1183 205 1217 παροινίας·
223 1183 349 1218 βεϐλήκει
371 1185 425 1219 γὰρ
441 1185 492 1220 ἤδη
508 1186 558 1222 τὴν
574 1187 669 1222 σκέψιν
692 1189 706 1215 ό
721 1189 842 1221 Σατανᾶς

44 1230 89 1259 εἰς
104 1227 155 1264 τὴν
169 1228 216 1254 τοῦ
230 1229 359 1265 προδότου
372 1231 496 1266 καρδίαν.
511 1232 616 1268 Ὥσπερ
631 1233 731 1264 τοίνυν,
748 1235 839 1269 φησιν,

45 1273 100 1307 ἐμὲ
117 1273 152 1307 δὴ
165 1274 276 1306 πάντως
289 1275 371 1302 αὑτὸν
386 1277 431 1302 καὶ
443 1277 492 1312 οὐχ
505 1277 598 1313 ἕτερον
614 1279 772 1312 ὑποδέξαιτό
787 1290 839 1313 τις,

43 1321 94 1346 τὸν
113 1322 179 1356 παρ’
198 1321 266 1356 ἐμοῦ
290 1322 496 1358 ἀπεσταλμένον
521 1326 544 1351 εἰ
563 1325 648 1351 λάὸοι·
664 1326 749 1358 οὕτως
768 1327 782 1353 ὁ
795 1328 840 1354 τὸν

43 1366 124 1401 παρά
140 1366 207 1392 Θεοῦ
224 1367 271 1394 καὶ
289 1368 396 1403 Πατρός
413 1369 600 1398 ἀποσταλέντα
616 1371 770 1407 δεξάμενος,
793 1374 840 1400 αὺ-

41 1412 92 1438 τὸν
107 1412 141 1439 ἂν
158 1413 271 1445 εἰκότως
289 1413 394 1448 δέχοιτο
411 1415 456 1442 τὸν
469 1417 591 1452 Πατέρα·
610 1418 667 1444 ἀλλ’
688 1419 717 1444 ὲν
736 1419 840 1452 τούτοις

43 1457 98 1492 μὲν
117 1457 202 1484 αὐτοῦ
220 1459 276 1490 τοῖς
294 1460 397 1494 ῥήμασι
413 1461 443 1487 τὺ
458 1461 501 1488 διὰ
516 1463 568 1497 τῆς
589 1463 725 1499 εὐφημίας
743 1465 839 1500 δηλού-

43 1512 128 1538 μενον
144 1504 246 1531 κατίδοι
259 1513 300 1536 τις
312 1505 355 1532 ἄν.
370 1506 532 1539 Μετατιθεὶς
550 1508 578 1534 δὲ
589 1509 619 1535 τὸ
632 1509 752 1536 ἐναντίον
770 1511 837 1546 πρὸς

41 1549 95 1584 τὴν
107 1549 237 1584 θεωρίαν,
263 1551 311 1586 τὴν
328 1550 375 1577 τοῦ
392 1552 523 1587 προδότου
539 1553 697 1581 δυσσέϐειαν
720 1556 770 1582 οὐκ
797 1558 837 1588 et;

42 1595 127 1629 μόνον
149 1595 246 1630 δψεται
270 1596 460 1625 διαϐαίνουσαν
475 1599 520 1625 τὸν
543 1599 617 1632 Υίὺν,
641 1601 708 1628 ἀλλὰ
733 1602 780 1629 καὶ
797 1603 837 1634 εἰς

41 1640 128 1667 αὑτὸν
142 1641 188 1667 τὸν
203 1642 321 1677 Πατέρα.
337 1643 444 1678 Τρόπος
462 1646 606 1680 τοιγαροῦν
623 1647 738 1683 ἀπειλῆς
757 1648 787 1675 τὺ
800 1649 837 1675 εί-

42 1685 164 1720 ρημένον
184 1687 268 1719 ἐστὶν,
286 1688 483 1724 εὐφημοτέροις
505 1690 532 1716 δὲ
549 1691 652 1726 ῥήμασι
675 1701 837 1729 προκεκομι-

41 1731 153 1764 σμένος,
172 1732 309 1766 παριστὰς
334 1741 363 1758 τε
391 1733 487 1769 ὥσπερ
511 1734 554 1762 διὰ
570 1735 625 1762 τῶν
642 1737 792 1772 ἀριστερῶν
806 1738 837 1764 τὸ

39 1775 220 1810 δηλούμενον.
237 1775 342 1811 Ὅνπερ
367 1777 422 1813 γὰρ
439 1778 541 1813 τρόπον
568 1779 614 1806 τὸν
633 1780 837 1817 ἀπεσταλμένον

40 1821 119 1855 παρά
136 1820 205 1846 Θεοῦ
223 1820 332 1856 δέξηταί
349 1831 391 1854 τις
411 1823 471 1849 καθ’
493 1825 575 1858 ἡμᾶς,
592 1826 648 1857 τοῖς
671 1828 736 1862 παρ’
753 1828 835 1854 αὐτοῦ

40 1866 208 1898 συναινέσεις
240 1866 340 1899 λόγοις,
357 1869 404 1894 καὶ
425 1868 469 1895 διὰ
492 1869 539 1896 τοῦ
563 1871 682 1906 τηρῆσαι
697 1873 727 1899 τὸ
745 1873 837 1900 Θεσπι-

41 1911 118 1942 σϐὲν,
132 1913 252 1947 τιμήσας
265 1913 310 1939 τὸν
326 1914 539 1949 κηρυττόμενον·
557 1917 617 1942 κατ’
634 1917 726 1950 αὑτὸν,
746 1917 833 1952 οἶμαι,

39 1959 86 1984 τὸν
102 1959 183 1992 λόγον
205 1959 363 1992 ὑποδέξαιτό
380 1969 422 1992 τις
437 1961 470 1988 ἂν
486 1963 532 1989 τὸν
546 1963 660 1998 Κύριον,
676 1966 723 1992 καὶ
741 1966 775 1992 δι’
788 1967 835 1993 αὑ-

39 2003 90 2030 τοῦ
112 2005 158 2030 τὸν
175 2005 296 2041 Πατέρα,
324 2007 460 2034 πιστεύων
483 2009 524 2040 είς
545 2008 619 2036 Υίόν.
646 2011 834 2047 Συνειστρέχει

40 2050 97 2084 γὰρ
120 2049 160 2084 τῷ
175 2050 327 2085 γεννήματι
341 2051 388 2077 τοῦ
412 2052 536 2084 τέκοντος
559 2054 574 2088 ἡ
596 2054 722 2089 δήλωσις.
741 2056 768 2082 '0
780 2057 834 2093 γὰρ

39 2095 112 2126 ὅλως
139 2093 302 2122 Υἱδν“εῐναι
327 2098 476 2129 πιστεύσας
498 2099 590 2132 αὐτὸν,
615 2100 776 2136 ὁμολογήσει
801 2102 832 2137 δὴ

40 2141 152 2172 πάντως
171 2141 219 2168 τὸν
233 2141 366 2176 φύσαντα.
380 2144 495 2178 Φρικτὺν
508 2142 555 2171 οὖν
567 2146 621 2180 ἄρα
639 2145 686 2182 τοῦ
703 2147 831 2182 προδότου

900 238 975 264 quem
1006 232 1113 264 misero,
1130 241 1170 259 me
1196 234 1290 265 arcipit
1310 241 1318 259 :
1337 234 1380 268 qui
1407 239 1495 262 autem
1523 244 1563 263 me
1579 238 1686 271 accipit,

898 283 957 302 eum
973 277 1067 311 accipit
1085 278 1129 312 qui
1148 287 1188 305 me
1203 280 1285 307 misit.

935 321 1085 356 Postquam
1108 324 1211 351 utiliter
1231 327 1452 359 prtemonstravit
1480 328 1600 362 seipsum
1625 337 1688 358 esse

899 367 1053 401 Christum,
1076 370 1157 396 etiam
1186 378 1218 397 ex
1236 372 1270 398 iis
1288 380 1336 406 per
1357 381 1417 407 qua:
1444 374 1568 408 proditor
1584 375 1687 403 debac-

898 413 1030 441 chaturus
1046 420 1120 442 esset
1136 416 1161 442 in
1176 424 1249 449 eum,
1261 418 1363 452 aliquid
1379 419 1444 446 utile
1461 427 1559 447 rursus
1574 421 1685 457 excogi-

898 463 938 486 tat
953 461 986 488 ad
1001 463 1176 489 evertendam
1197 463 1256 497 ejus
1279 465 1489 499 malignitatem,
1513 466 1594 501 idque
1611 475 1685 494 nunc

898 514 995 534 rursus
1011 508 1158 536 occultius.
1175 508 1279 544 Tcgere
1296 510 1368 536 enim
1387 510 1477 537 adhuc
1487 516 1605 538 conatur
1617 512 1684 540 illud

899 552 1018 584 facinus,
1036 554 1154 580 necdum
1171 560 1265 589 aperte
1280 556 1347 582 dicit
1361 557 1424 591 quis
1439 558 1517 592 733
1535 567 1595 585 eum
1611 564 1685 587 esset

897 599 1062 627 traditurus.
1081 600 1209 628 Ostendit
1234 601 1327 635 igitur,
1358 601 1440 636 idque
1465 603 1543 630 valde
1578 604 1685 642 utiliter

899 653 960 673 cum
978 645 1052 673 clara
1080 646 1251 678 inductione,
1278 648 1465 674 necessarium
1487 656 1549 676 esse
1569 657 1684 684 prorsus

897 691 1055 719 dilectionis
1083 698 1109 719 et
1139 692 1253 720 ItOnoris
1278 693 1304 720 in
1325 701 1386 720 eum
1413 694 1528 721 exhibiti
1545 695 1626 722 linem
1649 695 1683 722 ad

898 737 945 764 Dei
965 745 997 766 ac
1012 738 1103 766 Patris
1128 746 1272 773 perennare
1294 739 1400 767 referri.
1415 739 1508 775 Neque
1524 748 1589 768 vero
1613 742 1638 768 id
1657 742 1682 769 ei

897 784 1007 818 proprie
1034 793 1135 820 scopus
1160 789 1202 812 est
1228 786 1385 818 ostendere,
1407 787 1454 813 sed
1474 787 1564 821 potius
1589 787 1682 815 forsan

896 831 1078 858 contrarium.
1093 830 1194 857 Nolens
1211 831 1295 863 enim,
1306 837 1333 858 ut
1351 832 1469 864 videtur,
1483 837 1576 868 aperto
1591 833 1683 861 dicere

895 876 967 910 quod
996 876 1059 903 alibi
1084 875 1164 908 dixit,
1189 885 1310 912 nempe:
1330 887 1338 903 ι
1356 877 1408 910 Qui
1439 886 1491 905 non
1517 879 1682 906 ltonoriﬁcat

895 921 1004 954 Filium,
1018 929 1106 956 neque
1122 921 1230 949 Patrem
1250 923 1415 951 Itonorilicat
1428 924 1466 957 ⁸³,
1482 934 1492 950 ι
1515 925 1547 952 ad
1564 925 1589 952 id
1608 926 1681 960 quod

894 966 988 994 mitius
1012 970 1072 993 erat
1102 975 1132 994 se
1160 969 1286 1000 contulit,
1304 969 1367 996 hinc
1392 970 1569 1004 cogitandum
1595 971 1681 998 relin-

893 1020 981 1046 quens
1003 1013 1176 1041 auditoribus
1191 1016 1375 1046 contrarium.
1389 1017 1613 1051 quandoquidem
1630 1017 1681 1043 mi-

892 1058 976 1084 nandi
999 1059 1090 1093 potius
1105 1067 1187 1093 quam
1209 1060 1376 1088 adhortandi
1395 1065 1503 1097 tempus
1524 1067 1595 1094 erat,
1612 1063 1681 1098 ipsis

892 1111 976 1138 prope
990 1103 1046 1137 jam
1063 1103 1169 1132 foribus
1195 1105 1315 1133 instante
1333 1107 1447 1140 scelere,
1465 1112 1491 1135 et
1510 1108 1602 1135 animo
1622 1109 1681 1144 agi-

892 1154 947 1177 tata
975 1151 1031 1185 jam
1058 1151 1084 1178 in
1103 1159 1165 1178 eum
1192 1152 1303 1179 immani
1329 1152 1514 1181 crudelitate:
1535 1154 1679 1182 consilium

891 1196 1027 1229 enimjam
1041 1194 1159 1224 Satanas
1171 1196 1198 1223 in
1213 1196 1362 1231 proditoris
1372 1197 1679 1231 corinjecerat.Quem~

890 1240 1039 1267 admodum
1061 1241 1153 1276 igitur,
1174 1242 1273 1276 inquit,
1291 1249 1334 1268 me
1361 1242 1451 1276 ipsum
1470 1243 1566 1277 utique
1585 1251 1679 1271 susce-

890 1287 960 1321 perit
978 1291 1005 1314 et
1026 1295 1080 1314 non
1108 1288 1204 1320 alium,
1222 1288 1269 1323 qui
1289 1295 1304 1314 a
1324 1295 1367 1315 me
1385 1288 1499 1316 missum
1528 1290 1676 1324 exceperit.

890 1332 930 1360 sic
955 1333 1002 1368 qui
1027 1342 1040 1360 a
1060 1334 1142 1361 Patre
1170 1334 1284 1361 missum
1315 1334 1479 1369 susceperit,
1498 1335 1586 1369 ipsum
1615 1335 1678 1370 jure

889 1377 997 1405 Patrem
1017 1379 1192 1414 susceperit:
1208 1385 1235 1406 at
1251 1380 1276 1406 in
1295 1380 1338 1407 Iris
1354 1380 1415 1414 ejus
1430 1381 1523 1408 verbis
1538 1381 1607 1408 nihil
1623 1381 1677 1408 nisi

890 1424 1031 1452 dexterum
1057 1425 1208 1459 significari
1226 1425 1345 1453 videbis.
1367 1425 1414 1452 Sin
1439 1431 1531 1453 autem
1558 1426 1585 1452 in
1610 1434 1678 1453 con-

890 1470 1003 1497 trarium
1024 1471 1084 1504 ejus
1098 1470 1165 1498 dicti
1180 1471 1401 1498 observationem
1415 1472 1598 1504 transtuleris,
1611 1480 1676 1507 pro-

890 1515 988 1541 ditoris
1009 1514 1179 1549 impietatem
1204 1523 1258 1542 non
1279 1516 1368 1542 solum
1392 1516 1501 1543 extendi
1524 1516 1632 1544 videbis
1648 1517 1676 1544 in

890 1557 1001 1588 Filium,
1026 1557 1073 1585 sed
1097 1562 1124 1585 et
1148 1559 1176 1585 in
1204 1559 1291 1593 ipsum
1317 1559 1436 1586 Patroni.
1460 1560 1580 1587 Minandi
1609 1569 1676 1596 ergo

888 1612 976 1639 genus
986 1608 1028 1631 est
1044 1604 1147 1631 dictum
1163 1605 1242 1637 illud,
1266 1605 1312 1632 sed
1330 1605 1487 1634 mitioribus
1503 1606 1593 1633 verbis
1610 1615 1676 1642 pro-

888 1649 993 1680 latum,
1025 1654 1052 1677 et
1079 1651 1190 1684 oblique
1225 1651 1457 1685 signiﬁcationem
1493 1652 1672 1688 detorquens.

887 1695 1122 1728 Quemadmodum
1146 1696 1218 1723 enim
1237 1697 1352 1724 missum
1370 1704 1384 1723 a
1404 1696 1461 1724 Deo
1475 1701 1601 1725 nostrmn
1622 1698 1674 1726 ali-

886 1741 948 1776 quis
969 1741 1096 1776 suseipit,
1121 1744 1167 1777 qui
1193 1742 1367 1770 sermonibus
1391 1743 1451 1778 ejus
1474 1744 1625 1778 consentit,
1645 1749 1674 1772 et

887 1791 1022 1822 praecepta
1037 1787 1097 1822 ejus
1120 1788 1257 1815 servando
1286 1788 1403 1827 honor'at
1420 1796 1481 1816 eum
1503 1798 1584 1823 quem
1601 1789 1674 1817 Deus

886 1833 1083 1860 commendat:
1097 1833 1206 1864 eodem.
1222 1833 1333 1868 opinor.
1350 1833 1432 1861 modo
1449 1836 1604 1870 susceperit
1619 1834 1673 1861 Do-

886 1879 990 1906 minum
1014 1883 1040 1906 et
1066 1886 1116 1913 per
1143 1879 1231 1913 ipsum
1253 1879 1374 1911 Patrem,
1406 1879 1564 1915 quicunque
1584 1880 1673 1909 credit

885 1925 912 1952 in
933 1923 1044 1951 Filium.
1059 1924 1126 1951 Nam
1145 1925 1193 1959 qui
1208 1925 1307 1952 Filium
1319 1924 1398 1956 dicit,
1410 1926 1504 1960 utique
1524 1931 1551 1953 et
1562 1926 1672 1954 Patrem

885 1971 1033 2005 signiﬁcat.
1051 1970 1103 2003 Qui
1123 1972 1196 1998 enim
1214 1970 1312 1998 Filium
1326 1979 1388 1999 esse
1403 1972 1492 2006 ipsum
1508 1973 1670 2004 crediderit,

884 2017 998 2044 omnino
1027 2021 1054 2044 et
1081 2016 1190 2044 Patrem
1219 2017 1407 2044 conﬁtebitur.
1431 2017 1603 2044 Horrendum
1629 2022 1672 2046 est

883 2064 970 2098 igitur
987 2063 1137 2099 proditoris
1157 2063 1302 2098 judicium,
1320 2064 1365 2098 qui
1386 2070 1434 2098 per
1450 2063 1617 2098 impietatem
1641 2064 1670 2092 in

883 2109 982 2136 Filium
1005 2110 1033 2137 in
1049 2109 1139 2144 ipsum
1159 2117 1268 2144 quoque
1283 2109 1368 2136 Deum
1388 2116 1420 2136 ac
1436 2109 1544 2136 Patrem
1560 2113 1602 2137 est
1620 2110 1671 2136 im—

882 2156 955 2191 pius.
969 2155 1036 2182 Nam
1055 2156 1078 2184 si
1095 2156 1264 2190 suscepisset
1288 2159 1316 2182 et
1339 2155 1517 2186 honorassct,
1532 2155 1669 2182 sinceram

40 2185 71 2211 τὸ
88 2187 188 2221 κρῖμα,
203 2187 250 2213 καὶ
275 2188 315 2219 εἰς
334 2188 415 2215 αὑτὸν
430 2189 620 2225 έξυϐρίσαντος
635 2192 681 2218 τὸν
694 2192 759 2218 Θεὸν
784 2193 831 2220 καὶ

895 2202 907 2229 :i
924 2206 1055 2237 tanquam
1075 2201 1192 2228 Domino
1217 2207 1339 2228 mentem
1365 2201 1529 2234 subiiciens,
1546 2201 1568 2227 si
1588 2201 1669 2228 indu-

41 2232 154 2267 Πατέρα
169 2232 214 2259 διὰ
233 2233 280 2268 τῆς
297 2235 337 2265 είς
355 2235 400 2260 τὸν
415 2234 478 2261 Υίὸν
491 2235 658 2268 δυσσεϐείας.
678 2237 713 2264 Ἦ
728 2237 783 2273 [ῖσ.
794 2237 830 2274 εἰ]

40 2277 96 2311 γὰρ
122 2277 156 2304 ἂν
175 2279 342 2313 παρεδέξατο
366 2280 413 2306 καὶ
437 2281 576 2316 τετίμηκε,
598 2283 708 2317 γνήσιον
723 2284 832 2316 ὑποθεὶς

39 2322 78 2348 (1-:
91 2323 190 2358 Κυρίῳ
203 2323 233 2350 τὸ
246 2325 413 2360 φρόνημα,εῑ
427 2326 605 2364 ἀνενδοιάστῳ
622 2330 655 2364 τῇ
665 2329 753 2356 πίστει
766 2330 832 2357 Θεὸν

40 2369 178 2404 ὑπαρχειν
194 2370 228 2396 ὲκ
242 2370 309 2397 Θεοῦ
323 2370 537 2407 καθωμολόγησε
556 2374 600 2400 τὸν
619 2375 682 2401 Υίὸν
692 2395 700 2407 ,
712 2376 832 2412 αἰσχρῶν

39 2422 69 2440 τε
87 2414 243 2449 λημμάτων
259 2416 401 2451 κρείττονα
411 2417 460 2453 τὴν
473 2419 513 2450 είς
532 2419 612 2446 αὑτὸν
627 2421 736 2456 ἀγάπην
749 2422 763 2448 ὁ
777 2422 830 2448 δεί-

40 2458 116 2490 λαιος
127 2460 288 2493 ἐποιήσατο,
303 2460 359 2488 ἀλλ’
371 2462 425 2488 οὐδ’
441 2463 483 2495 ἂν,
496 2461 582 2499 οἶμαι,
595 2465 725 2501 προδότης
738 2466 829 2499 ἁλοὺς,

41 2505 156 2540 ἄμεινον
171 2506 262 2541 ἐαυτῷ
277 2507 308 2533 τὸ
323 2508 447 2542 μηδόλως
462 2510 591 2544 γενέσθαι
607 2513 826 2547 παρεσκεύασεν.

80 2551 178 2577 Ταῦτα
196 2552 288 2578 εἰπὼν
305 2554 321 2579 ὁ
345 2554 462 2588 Ἰησοῦς
481 2555 627 2591 ἐταράχίῃι
643 2558 684 2591 τῷ
702 2559 833 2593 πνεύμα-

41 2604 76 2629 τι,
98 2595 150 2622 καὶ
166 2596 364 2631 ἐμαρτύρησε,
381 2600 430 2626 καὶ
451 2600 545 2627 εἶπεν·
566 2602 663 2636 Ἀμὴν,
686 2603 767 2638 ἀμὴν
783 2604 832 2631 λέ.

42 2652 82 2676 πω
95 2641 176 2676 ὑμῖν,
191 2641 236 2668 ὅτι
246 2640 289 2675 εἷς
301 2643 336 2676 ἐξ
349 2644 432 2678 ὑμῶν
444 2646 614 2680 παραδώσει
627 2657 672 2682 με.

76 2689 131 2714 Καὶ
145 2688 200 2714 τίνι
219 2688 272 2715 τῶν
282 2689 367 2716 ὄντων
382 2690 431 2717 οὐκ
451 2691 483 2718 ἂν
501 2693 605 2726 γένοιτο
621 2694 705 2728 σαφὲς
718 2695 756 2727 ὡς
769 2695 830 2722 οὔτε

41 2734 171 2766 διανοίας,
187 2733 250 2760 οὔτε
271 2735 323 2770 μὴν
341 2736 420 2771 λόγου
439 2738 454 2773 ὴ
475 2738 595 2775 ἡμετέρα
613 2740 693 2774 φύσις
708 2741 828 2777 εὐπορεῖ,

74 2822 96 2837 ⁸³
115 2822 200 2850 Joan.
220 2830 246 2855 ν,
263 2822 309 2851 23.

882 2248 968 2275 bitata
998 2247 1049 2274 ﬁde
1068 2246 1153 2273 Deum
1176 2246 1209 2273 de
1235 2246 1288 2273 Deo
1311 2245 1454 2273 confessus
1469 2250 1541 2273 esset
1557 2245 1668 2276 Filium,

880 2300 931 2321 nec
949 2293 1020 2327 turpi
1045 2293 1161 2327 quaestui
1179 2299 1299 2318 amorem
1319 2299 1383 2326 erga
1406 2299 1469 2318 eum
1494 2291 1578 2318 miser
1591 2295 1669 2326 post-

882 2339 1032 2374 posuissel,
1043 2345 1227 2373 nequaquam,
1237 2337 1345 2372 opinor,
1354 2337 1517 2372 proditionis
1526 2338 1668 2364 convictus

881 2384 1086 2416 commisisset,
1107 2389 1137 2410 ut
1164 2390 1198 2410 ne
1223 2386 1318 2409 natum
1345 2382 1455 2417 quidem
1481 2389 1543 2409 esse
1570 2381 1668 2408 melius

880 2429 962 2457 foret.

915 2559 984 2590 XIII,
998 2559 1043 2587 21.
1066 2559 1132 2587 Cum
1155 2559 1210 2585 Iure
1235 2558 1346 2585 dixisset
1371 2558 1461 2590 Jesus,
1486 2558 1605 2584 turbatus
1627 2562 1667 2585 est

881 2607 986 2640 spiritu,
998 2610 1023 2632 et
1033 2610 1195 2640 protestatus
1209 2609 1258 2635 est,
1270 2609 1293 2631 et
1305 2604 1373 2630 dixit
1386 2611 1395 2630 :
1411 2604 1504 2636 Amen,
1517 2611 1592 2630 nmen
1605 2603 1664 2630 diu:

880 2649 1027 2683 vobis,quia
1046 2658 1113 2676 unus
1130 2657 1162 2675 ea:
1177 2649 1248 2675 tabis
1266 2649 1351 2675 tradet
1367 2656 1417 2674 me.

915 2695 996 2731 734
1016 2695 1065 2722 Cui
1094 2695 1270 2730 perspicuum
1294 2702 1348 2721 non
1372 2697 1425 2725 est,
1447 2701 1537 2728 neque
1559 2693 1664 2728 cogita-

879 2742 980 2774 tiones,
995 2748 1084 2776 neque
1096 2741 1179 2768 verba
1195 2744 1300 2768 natura:
1316 2744 1416 2767 nostrae
1433 2743 1590 2775 suppetere,
1603 2740 1665 2774 qui-
