1897 3032
183 165 251 194 ³139

682 164 712 193 S.
733 165 871 194 CYRILLI
891 165 1130 196 ALEXANDRINI
1150 167 1310 196 ΑιιοιιιΕΡ.

1787 166 1844 194 N0

195 231 263 253 eam
280 230 418 252 consensu
432 224 465 251 ⁸⁸.
484 233 493 251 ι
514 224 662 253 Unanimis
677 225 770 258 enim,
792 233 824 253 ac
840 230 942 259 notus,
961 231 989 253 et

1099 227 1128 254 τὸ
1141 228 1207 255 αὐτὸ
1225 227 1378 262 ὲγλύκανάς
1390 236 1434 263 μοι
1449 227 1595 262 ἐδέσματαε
1611 227 1640 254 ἐν
1655 226 1709 262 τῷ·
1719 227 1777 262 [xeo
1793 227 1844 253 τοῦ

193 277 302 298 mensae
316 277 435 298 consors
446 290 454 303 ,
479 275 507 298 et
524 278 697 306 quaecunque
711 271 862 306 genuinum
879 271 988 300 edicere

199 319 334 351 possent,
354 315 406 343 fuit
419 316 485 343 olim
507 315 647 343 Servatori
667 315 750 343 etiam
767 316 827 351 ipse
842 316 986 351 proditor,

200 354 374 397 utpote-una
396 369 460 389 cum
483 362 549 389 aliis
566 362 672 389 sanctis
695 362 842 398 discipulis
868 363 986 395 electus.

199 409 247 441 qui
261 408 389 435 eumdem
406 415 469 434 cum
493 407 642 435 Servatore
658 416 774 443 scopum
795 409 946 441 habentes,
962 413 990 437 et

200 457 285 481 totam
296 460 348 480 una
361 460 423 480 cum
440 453 501 488 ipso
510 452 634 480 Judmam
645 453 865 486 circumeuntes,
883 455 989 481 strenui

200 499 398 527 miraculorum
414 498 538 526 ministri
556 503 636 526 erant
649 519 656 532 ,
670 498 819 534 o'mniaque
837 500 928 527 facere
945 508 990 526 ar-

198 545 301 572 debant
320 552 382 580 quae
405 543 440 570 ad
463 543 597 572 honorem
620 548 647 571 et
667 544 785 579 gloriam
806 544 867 579 ejus
883 549 991 579 specta-

199 592 280 624 bant;
297 590 344 617 sed
359 594 440 617 notus
454 590 501 616 ille
513 594 540 617 et
553 590 693 617 unanimis
705 590 778 624 turpi
791 594 897 625 quaestu
907 591 992 618 hono-

199 635 286 662 rantis
300 636 418 671 gratiam
435 635 563 661 mulavit.
584 633 706 662 Observa
721 642 804 669 porro
821 634 913 662 denuo
933 642 989 670 quo

199 687 280 716 pacto
294 689 344 708 nos
362 686 439 708 recte
452 680 554 708 excitet
570 680 796 715 sapientissimus
809 681 990 716 evangelista,

201 733 229 754 ut
246 727 275 754 in
290 728 345 755 vita
361 734 445 762 quam
461 727 581 754 maxime
597 734 648 754 nos
663 727 857 758 observemus.
873 718 992 762 etinge—

199 774 239 801 nii
255 774 343 801 aciem
356 781 537 801 exerceamus
555 773 588 800 ad
605 773 857 808 contemplationes
878 773 992 801 divinas

202 820 282 848 facile
299 819 505 855 assequendas,
528 823 555 847 et
570 819 728 846 divinarum
745 827 837 847 rerum
855 820 992 855 cognitio-

202 873 264 893 nem
288 865 379 900 quoad
400 865 465 892 licet
488 864 706 900 exprimendam.
732 864 855 892 Summis
879 865 991 900 quidem

202 911 354 942 hoitoribus
373 915 501 938 ornatum
523 918 553 938 se
571 918 635 938 esse
655 915 682 937 et
698 918 712 936 a
731 909 880 938 Servatore
896 916 993 938 nostro

201 957 313 984 Christo
327 956 459 984 dilectum
480 957 538 989 ait,
562 960 591 983 ut
614 960 641 983 et
666 956 692 982 in
717 956 776 991 ipso
798 955 905 983 Domini
930 958 993 985 sinu

203 1003 396 1034 recumberet,
420 1002 494 1036 quod
516 1002 543 1028 in
567 1002 668 1029 summi
688 1001 790 1029 altioris
811 1002 897 1029 trahit
913 1010 994 1038 argu-

204 1052 336 1075 mentum.
359 1047 480 1074 Proximi
501 1046 595 1081 itaque
612 1045 678 1078 Deo,
694 1050 720 1074 et
741 1046 840 1081 primis
858 1047 994 1082 quodam-

203 1093 285 1121 modo
293 1093 364 1128 apud
374 1100 436 1120 eum
449 1093 518 1120 locis
532 1092 649 1119 maxime
661 1092 785 1119 omnium
801 1092 936 1120 sedcbunt
947 1093 995 1129 qui

203 1146 301 1175 purum
317 1146 364 1165 cor
377 1137 487 1170 habent,
500 1138 603 1172 quibus
614 1141 642 1164 et
651 1137 782 1165 eximium
793 1137 924 1165 Servator
933 1139 992 1174 ipse

203 1187 345 1222 praemium
353 1186 462 1219 tribuit,
470 1195 478 1211 ι
488 1185 596 1213 beatos»
609 1184 669 1212 fore
677 1184 771 1213 dicens
780 1185 886 1220 737,1
893 1185 996 1213 mundo

203 1232 428 1267 cordc.quoniam
437 1231 489 1267 ipsi
498 1231 582 1258 Deum
590 1231 724 1258 videbunt
733 1231 766 1258 ⁸⁷.
778 1241 786 1257 ι
799 1232 876 1265 Quod
884 1232 996 1267 quidem

203 1289 298 1309 verum
317 1287 381 1308 esse
391 1299 398 1312 ,
413 1280 500 1315 ipsius
514 1277 712 1313 sapientissimi
725 1278 900 1314 evangelista:
915 1278 995 1306 testi-

203 1326 297 1353 monio
307 1324 542 1353 conﬁrmabimus.
558 1322 635 1350 Vidit
649 1323 722 1350 enim
740 1323 856 1358 gloriam
872 1323 995 1355 Christi,

202 1373 282 1407 juxta
310 1371 399 1406 ipsius
423 1377 530 1397 vocem.
559 1377 567 1394 ι
601 1367 663 1394 Vidi
684 1368 759 1395 enim
784 1368 898 1403 gloriam
924 1368 995 1410 ejus,

204 1419 311 1454 inquit.
340 1417 472 1453 gloriann
488 1416 566 1451 quasi
585 1414 723 1449 Unigeniti
741 1421 755 1440 a
768 1413 850 1441 Patre
862 1434 869 1446 ,
886 1415 996 1449 plenum

205 1464 301 1500 gratia:
314 1467 342 1492 et
357 1463 482 1490 veritatis
493 1462 526 1488 ⁸⁵³.
544 1471 553 1487 ι
570 1461 677 1496 Quippe
690 1461 834 1495 corporeis
847 1461 936 1488 oculis
949 1469 997 1488 ne-

206 1517 250 1537 mo
261 1512 389 1543 spectare
406 1511 495 1542 potest
510 1510 637 1533 naturam
655 1505 791 1533 universae
802 1506 937 1534 creatura:
955 1507 997 1533 in-

205 1554 432 1589 eonspicabilem.
447 1552 501 1580 Nec
511 1552 584 1579 enim
598 1552 744 1587 quisquam
759 1551 868 1579 Patrem
879 1552 957 1585 vidit,
969 1558 998 1581 ut

207 1602 335 1629 Servator
344 1601 382 1628 ait
392 1600 425 1632 3',
439 1600 490 1626 nisi
503 1599 524 1625 is
533 1599 631 1634 quiest
641 1606 656 1625 a
665 1599 729 1629 Deo,
743 1598 769 1625 id
781 1603 824 1626 est
835 1598 921 1626 Filius
932 1609 939 1631 ;
953 1601 997 1630 hic

205 1648 273 1675 vidit
288 1647 407 1674 Patrem.
419 1645 613 1672 Verumtamen
631 1645 665 1671 iis
677 1644 724 1679 qui
742 1644 880 1671 mundana
901 1646 962 1673 labe
975 1651 1002 1675 et

206 1696 338 1723 inanibus
351 1694 415 1721 vita:
427 1693 510 1727 hujus
527 1692 601 1719 curis
614 1699 710 1726 puram
722 1696 748 1718 el
758 1699 871 1718 vacuam
883 1697 1001 1720 mentem

206 1741 325 1771 habent,
345 1746 392 1774 per
409 1737 539 1765 subtilem
559 1737 654 1771 utique
668 1741 778 1771 captum
797 1744 906 1763 onmem
921 1746 1002 1765 exce-

205 1786 313 1812 dentem
326 1781 586 1817 contemplationem
599 1789 675 1808 suam
693 1782 809 1816 gloriam
820 1781 948 1810 Christus
959 1791 1002 1810 re-

206 1828 444 1860 velat.ostendcns
452 1831 479 1853 et
491 1826 581 1854 Patris
593 1826 619 1853 in
632 1834 662 1854 ea
675 1827 800 1861 gloriam.
811 1826 915 1854 Idcirco
926 1829 997 1855 enim

207 1876 295 1903 aiebat
311 1884 317 1901 :
343 1883 353 1900 ‹
369 1873 421 1906 Qui
436 1871 506 1900 vidit
525 1879 584 1903 me,
604 1871 672 1898 vid.t
692 1876 719 1898 et
735 1871 840 1899 Patrem
852 1872 886 1899 ".
903 1881 912 1897 ›

1041 273 1109 299 Θεοῦ
1129 273 1318 309 ἐπορεύθημεν
1340 273 1368 300 ἐν
1393 273 1514 308 ὁμονοίᾳ.
1535 283 1545 299 ι
1563 273 1701 308 Ίσὸψυχος
1718 273 1772 308 μὲν
1787 273 1846 308 γὰρ

1040 319 1159 352 γνωστός
1178 327 1207 344 τε
1229 319 1276 345 καὶ
1290 318 1490 355 ὁμοτράπεζος,
1511 319 1558 346 καὶ
1576 319 1604 346 τί
1621 319 1676 355 γὰρ
1700 320 1766 354 οὐχὶ
1785 319 1846 345 τῶν

1039 364 1188 392 τελούντων
1207 365 1249 396 εἰς
1266 365 1440 401 γνησιότητα,
1469 365 1565 399 γέγονέ
1593 373 1660 392 ποτε
1676 365 1717 400 τῷ
1728 365 1846 400 Σωτῆρι

1040 410 1085 436 καὶ
1105 410 1186 442 αὐτὸς
1199 411 1223 436 ’ὁ
1246 410 1387 446 προδότης,
1407 410 1454 438 ἅτε
1469 410 1501 445 δὴ
1518 411 1573 441 τοῖς
1590 409 1696 445 ἑτέροις
1708 411 1844 444 ἐγκατει-

1040 456 1172 491 λεγμένος
1188 456 1277 491 ἁγίοις
1296 457 1441 492 μαθηταῖς.
1463 457 1488 483 οἳ
1503 456 1551 483 τὸν
1568 456 1650 483 αὐτὸν
1667 456 1783 491 ἔχοντες
1802 456 1846 491 τῷ

1042 503 1149 538 Σωτῆρι
1166 503 1276 535 σκοπὸν,
1291 503 1338 530 καὶ
1350 503 1399 539 τὴν
1410 503 1466 530 τῶν
1484 502 1619 530 Ἰουδαίων
1634 502 1844 537 συμπεριθέον-

1042 559 1087 582 τες
1103 549 1204 586 χώραν.
1221 550 1357 586 ὑπηρέται
1367 550 1461 585 γοργοὶ
1475 549 1529 576 τῶν
1540 548 1688 583 θαυμάτων
1703 548 1844 582 ἐγίνοντο.

1042 596 1089 622 καὶ
1103 596 1192 622 πάντα
1210 596 1341 631 πράττειν
1356 588 1504 630 ⁴Ιγττείγοντο
1518 594 1552 622 τὰ
1566 595 1605 626 είς
1619 593 1703 630 τιμὴν
1736 593 1789 620 καὶ
1802 594 1846 620 δό-

1043 640 1092 673 ξαν
1109 641 1202 668 αὐτοῦ·
1220 641 1278 668 ἀλλ’
1289 642 1304 668 ὸ
1328 641 1458 675 γνωστὸς,
1485 640 1532 667 καὶ
1557 640 1697 675 ίσόψυχος,
1715 641 1846 676 αἰσχρῶν

1042 687 1193 722 λημμάτων
1204 686 1337 722 ἠλλάξατο
1350 686 1399 722 τὴν
1411 686 1459 713 τοῦ
1469 687 1634 722 τιμήσαντος
1651 686 1745 722 χάριν.
1768 685 1846 713 Ἐπι-

1042 734 1120 768 τήρει
1146 733 1174 759 δὲ
1202 733 1294 765 πάλιν,
1319 734 1393 765 ὅπως
1417 734 1491 768 ἡμᾶς
1518 732 1673 768 παραθήγει
1705 732 1803 764 καλῶς
1832 733 1848 760 ό

1045 779 1198 813 σοφώτατος
1210 779 1405 814 εὐαγγελιστὴς
1422 780 1462 810 εἰς
1476 779 1506 806 τὸ
1523 779 1597 814 βιοῦν
1610 778 1714 805 ἐθέλειν
1729 779 1777 805 ὅτι
1792 787 1847 814 μα-

1044 825 1122 852 λιστα
1140 825 1321 859 λογικώτατα,
1346 824 1392 851 καὶ
1414 825 1463 859 τῆς
1491 825 1609 856 διανοίας
1636 825 1773 851 ἐπασκεῖν
1794 825 1847 859 τὴν

1043 869 1160 904 ὀξύτητα
1187 870 1254 906 πρὸς
1278 870 1308 896 τὸ
1333 870 1463 896 δύνασθαι
1488 869 1535 896 καὶ
1560 870 1620 896 λίαν
1636 869 1764 902 εὐπετῶς
1791 870 1847 896 τῶν

1009 903 1030 930 Β
1045 914 1125 941 θείων
1140 914 1327 941 καθικνεῖσθαι
1344 914 1542 950 θεωρημάτων,
1563 915 1611 943 καὶ
1638 915 1687 951 τῆς
1709 914 1848 945 Osos-asta;

1045 959 1207 996 ἐξακριϐοῦν
1236 961 1298 987 ὅσον
1328 959 1368 987 ἔνι
1395 960 1459 992 τοὺς
1478 960 1576 995 λόγους
1600 960 1774 996 ἐπείγεσθαι.
1805 961 1849 987 τὰ

1045 1005 1183 1041 διαπρεπῆ
1198 1005 1372 1041 τετιμῆσθαι,
1392 1006 1438 1032 καὶ
1456 1006 1614 1042 ὴγαπῆσθαί
1636 1015 1720 1042 φησιν
1741 1007 1848 1035 ἑαυτὸν

1046 1051 1122 1086 παρὰ
1147 1051 1196 1078 τοῦ
1225 1051 1350 1086 Σωτῆρος
1378 1051 1455 1086 ἡμῶν
1483 1051 1611 1086 Χριστοῦ,
1636 1052 1675 1083 ὡς
1701 1052 1751 1078 καὶ
1779 1052 1849 1078 ἁνα-

1046 1097 1152 1123 κεῖσθαι
1168 1096 1291 1132 πλησίον,
1306 1097 1353 1123 καὶ
1369 1096 1444 1132 αὐτῷ
1459 1095 1498 1132 τῷ
1512 1096 1605 1132 κόλπῳ
1617 1097 1656 1132 τῷ
1668 1097 1847 1132 deam-rm},

1046 1143 1146 1177 δεῖγμα
1173 1143 1222 1177 τῆς
1248 1143 1288 1174 εἰς
1313 1142 1394 1170 αὐτὸν
1424 1142 1580 1178 ὑπερφυοῦς
1611 1143 1784 1179 ἀγαπήσεως
1814 1144 1848 1170 τὸ

1047 1190 1163 1225 πρᾶγμα
1176 1188 1348 1223 ποιούμενος.
1370 1188 1487 1224 Πλησίον
1506 1187 1553 1216 οὖν
1576 1189 1630 1224 ἄρα
1646 1189 1726 1221 Θεοῦ,
1751 1190 1803 1219 καὶ
1817 1191 1848 1217 ὲν

1048 1233 1166 1270 πρώτοις
1196 1234 1289 1270 ὥσπερ
1319 1234 1426 1261 ἔσονται
1460 1235 1555 1267 τόποις
1589 1236 1646 1267 τοῖς
1674 1236 1742 1271 παρ’
1769 1236 1850 1271 αὐτῷ

1050 1283 1167 1318 μάλιστα
1179 1281 1210 1317 δὴ
1224 1281 1331 1309 πάντων
1348 1281 1372 1307 οἱ
1386 1282 1436 1316 τὴν
1453 1281 1568 1317 καρδίαν
1581 1280 1688 1316 ἔχοντες
1705 1280 1850 1316 καθαρὰν,

1047 1326 1088 1360 οἷς
1102 1330 1148 1356 καὶ
1163 1328 1301 1362 ἐξαίρετον
1311 1327 1444 1362 ἀπονέμει
1455 1327 1539 1362 γέρας
1553 1327 1600 1354 καὶ
1612 1327 1692 1359 αὐτὸς
1707 1327 1722 1353 ὀ
1733 1327 1849 1363 Σωτὴρ,

1050 1374 1203 1409 μακαρίους
1217 1372 1327 1400 ἔσεσθαι
1349 1373 1436 1407 λέγων
1451 1373 1513 1404 τοὺς
1529 1372 1666 1408 καθαροὺς
1679 1373 1713 1407 τῇ
1729 1373 1850 1408 καρδίᾳ,

1048 1420 1089 1446 ὅτι
1101 1419 1181 1446 αὐτοὶ
1196 1418 1241 1445 τὸν
1254 1418 1320 1445 Θεὸν
1335 1418 1461 1453 ὄψονται.
1478 1418 1533 1446 Καὶ
1545 1418 1713 1454 παροίσομεν
1728 1419 1771 1450 εἰς
1784 1420 1853 1446 ἀπὸ·

1048 1464 1130 1497 δειξιν
1144 1465 1190 1491 τοῦ
1205 1464 1313 1499 ἀληθῶς
1330 1465 1456 1500 εἰρῆσθαι
1471 1465 1517 1491 τὸν
1530 1465 1620 1498 λόγον,
1635 1464 1717 1492 αὑτὸν
1733 1464 1769 1500 δὴ
1787 1474 1851 1492 του-

1049 1511 1108 1537 τονὶ
1128 1510 1175 1536 τὸν
1192 1509 1347 1544 σοφώτατον
1363 1511 1569 1546 εὐαγγελιστήν.
1583 1510 1715 1538 Τεθέαται
1730 1511 1789 1546 γὰρ
1801 1511 1853 1547 τὴν

1012 1569 1033 1598 c
1049 1557 1127 1590 δόξαν
1137 1556 1265 1591 Χριστοῦ,
1275 1555 1400 1591 κατὰτὴν
1414 1556 1496 1583 αὑτοῦ
1508 1557 1609 1592 φωνήν.
1623 1556 1783 1592 (Τεθέαμαι
1795 1559 1853 1592 γὰρ

1051 1603 1100 1638 τὴν
1114 1602 1192 1636 δόξαν
1206 1602 1300 1632 αὑτοῦ.
1325 1602 1403 1636 φησι,
1426 1602 1505 1635 δόξαν
1522 1603 1560 1634 ὡς
1580 1603 1752 1637 Μονογενοῦς
1771 1605 1854 1639 παρὰ

1052 1648 1169 1684 Πατρὸς,
1193 1647 1299 1683 πλήρης
1313 1647 1424 1683 χάριτος
1440 1649 1488 1675 καὶ
1502 1648 1640 1683 ἀληθείας.
1661 1659 1670 1675 ι
1685 1649 1723 1675 οὐ
1734 1649 1796 1685 γὰρ
1816 1649 1852 1685 δὴ

1051 1694 1106 1724 τοῖς
1123 1691 1173 1719 τοῦ
1194 1692 1319 1728 σώματος
1333 1692 1482 1727 ὀφθαλμοῖς
1509 1694 1662 1729 ὲπαθρήσαι
1686 1703 1731 1726 τις
1747 1694 1785 1721 ἂν
1800 1694 1852 1729 τὴν

1051 1738 1098 1774 ὅλῃ
1121 1738 1207 1765 κτίσει
1222 1738 1363 1770 παντελῶς
1376 1738 1489 1765 ἀθέατον
1504 1739 1595 1772 φύσιν.
1612 1739 1650 1766 οὐ
1666 1740 1721 1775 γὰρ
1738 1740 1854 1776 ἑώρακέ

1051 1793 1092 1815 τις
1106 1785 1151 1810 τὸν
1163 1785 1282 1819 Πατέρα,
1297 1784 1370 1810 κατὰ
1382 1785 1431 1820 τὴν
1444 1784 1489 1811 τοῦ
1507 1785 1632 1820 Σωτῆρος
1646 1786 1750 1820 φωνὴν,
1769 1787 1795 1812 εἰ
1812 1787 1853 1822 μὴ

1051 1829 1064 1854 ὁ
1077 1828 1114 1855 ὢν
1129 1829 1203 1864 παρὰ
1218 1829 1264 1856 τοῦ
1277 1829 1355 1862 Θεοῦ,
1367 1829 1438 1856 τοῦτ’
1452 1830 1525 1856 ἔστιν
1536 1831 1550 1856 ὁ
1561 1830 1635 1863 Υἱὸς,
1649 1827 1727 1862 οὗτος
1738 1831 1853 1866 ἑώρακε

1051 1874 1096 1900 τὸν
1112 1874 1232 1909 Πατέρα,
1251 1874 1313 1906 Τοῖς
1335 1883 1367 1909 γε
1389 1875 1443 1910 μὴν
1455 1875 1561 1910 κηλῖδος
1575 1876 1625 1910 τῆς
1642 1876 1782 1911 κοσμικῆς
1803 1878 1854 1904 καὶ

207 1921 348 1958 φροντίδος
365 1919 472 1951 εἰκαίας
485 1919 534 1954 τῆς
547 1919 577 1944 ἐν
590 1918 658 1953 τῷδε
674 1917 713 1953 τῷ
728 1917 777 1953 βίῳ
795 1920 877 1954 φημὶ,
891 1919 936 1945 τὸν
959 1919 1020 1946 νοῦν
1039 1920 1146 1955 ἔχουσιν
1169 1920 1388 1956 ἀπηλλαγμένον,
1402 1922 1445 1948 διὸ.
1463 1921 1563 1957 λεπτῆς
1577 1922 1631 1959 ἄρα
1646 1923 1694 1950 καὶ
1712 1923 1786 1958 τάχα
1801 1925 1854 1959 τῆς

208 1971 278 2005 ὑπὲρ
310 1969 372 1995 νοῦν
404 1966 594 2003 θεωρίαςτὴν
615 1966 719 1993 οἰκείαν
743 1966 822 1998 δόξαν
848 1968 1034 1994 ἀποκαλύπτει
1056 1968 1183 2003 Χριστὸς,
1210 1969 1315 2000 δεικνὺς
1330 1969 1359 1995 ὲν
1375 1970 1442 2004 αὐτῇ
1455 1969 1502 1997 καὶ
1518 1969 1567 2004 τὴν
1581 1969 1628 1997 τοῦ
1649 1969 1770 2005 Πατρός.
1799 1972 1852 1999 Διὰ

208 2018 261 2053 γὰρ
275 2015 354 2042 τοῦτο
372 2015 500 2048 ἔφασκεν,
530 2022 538 2038 ι
558 2013 587 2039 '0
602 2012 732 2048 ἑωρακὼς
746 2014 806 2048 ἐμὲ,
830 2013 936 2049 ἑώρακε
953 2015 997 2041 τὸν
1017 2015 1134 2050 Πατέρα,
1151 2025 1160 2041 ι

201 2066 203 2068 ’
245 2063 319 2095 ΧΙΙΙ,
341 2062 393 2094 26,
414 2061 459 2087 27.
483 2059 516 2086 Et
539 2067 599 2086 cum
625 2059 776 2086 intinxisset
797 2068 908 2094 pauent,
929 2060 1000 2087 dedit

208 2110 288 2137 ludat
307 2107 424 2136 Simonis
444 2105 596 2136 Iscariotw,
615 2110 639 2132 ct
652 2109 710 2139 post
726 2105 870 2132 buccellam
885 2106 1001 2132 introivit

210 2158 236 2183 in
250 2162 308 2182 cum
322 2153 452 2181 Satanas.

246 2198 504 2228 Manifestissimum
519 2197 578 2224 suis
590 2196 740 2232 discipulis
760 2196 892 2223 Senator
909 2197 1000 2231 prodi-

211 2249 280 2276 toris
296 2247 405 2281 signum
422 2243 508 2271 dedit.
531 2242 676 2270 Intinctam
692 2243 767 2270 enim
785 2242 895 2270 offulam
916 2242 1000 2270 tradi—

210 2296 273 2326 dit,
294 2300 343 2328 per
372 2283 423 2318 hoc
446 2289 598 2317 ostendens
628 2296 691 2315 eum
714 2287 760 2323 qui
784 2289 882 2316 edebat
902 2297 999 2324 panem

210 2347 301 2370 suum,
317 2341 344 2365 et
360 2337 406 2372 qui
419 2336 561 2364 levaturus
575 2339 634 2362 crat
648 2335 808 2362 calcaneum
824 2343 917 2362 suum.
930 2334 1001 2362 Prm-

212 2390 284 2412 terea
303 2382 455 2418 impietatis
471 2381 498 2408 in
513 2381 654 2408 Christum
669 2385 696 2407 et
711 2380 884 2408 crudelitatis
901 2380 1013 2408 ducem'

165 2428 173 2436 '
210 2429 389 2462 omniumque
401 2426 534 2453 malorum
546 2426 679 2453 artilieetu
693 2425 830 2460 irrupisse
843 2425 881 2453 ait
892 2425 1002 2460 sapien-

210 2476 337 2503 tissimus
357 2472 524 2508 evangelista
546 2471 574 2498 in
600 2479 648 2499 cor
669 2471 837 2507 proditoris,
856 2475 999 2505 totumque

211 2522 239 2549 in
252 2527 314 2548 eum
331 2520 486 2554 ingressum
501 2517 642 2550 Satanam,
657 2525 802 2553 postquam
817 2517 927 2544 od‘ulam
943 2521 1000 2544 tra-

210 2563 335 2592 didisset.
361 2563 454 2598 Neque
479 2570 546 2590 vero
570 2563 716 2597 quisquam
742 2570 840 2590 rursus
861 2562 1001 2589 existimet

211 2608 322 2636 oﬂdlam
349 2608 429 2635 istam
450 2606 580 2634 diabolici
600 2607 745 2642 ingressus
768 2606 854 2634 fuisse
874 2614 998 2634 causata.

211 2654 266 2682 Nec
278 2654 352 2681 enim
369 2661 402 2680 eo
419 2653 543 2687 stuporis
555 2652 697 2680 veniemus
714 2660 846 2688 unquam,
863 2657 909 2680 aut
924 2661 1000 2680 men—

212 2705 237 2727 te
264 2700 301 2726 ita
327 2698 453 2726 destituti
477 2699 605 2730 erimus,
639 2703 668 2725 ut
693 2699 829 2733 eulogiam
858 2699 1000 2734 ingressus

210 2753 321 2773 causam
345 2745 436 2772 datam
462 2744 550 2772 fuisse
579 2743 649 2771 Malo
669 2745 863 2780 suspicemur,
888 2745 953 2779 quin
973 2745 998 2772 id

210 2795 303 2827 potius
322 2798 386 2818 vere
404 2790 529 2817 dicemus
561 2789 646 2825 quod,
668 2798 730 2816 cum
746 2798 842 2818 omnes
857 2791 959 2818 amoris
973 2797 1000 2818 et

246 2880 270 2898 ⁸⁸
293 2879 366 2908 Psal.
383 2889 438 2913 Ltv,
457 2880 498 2920 ιβ.

1086 2061 1191 2096 Βὰψας
1204 2060 1261 2090 οὖν
1274 2061 1306 2089 τὸ
1320 2060 1449 2096 νωμιον,
1463 2060 1587 2088 δίδωσιν
1603 2061 1702 2094 Ἰούδᾳ
1714 2060 1854 2097 Σίμιυγος

1057 2108 1231 2142 ἰσκαριώτῃ
1244 2128 1251 2139 ,
1271 2107 1321 2134 καὶ
1335 2108 1412 2142 μετὰ
1434 2107 1466 2134 τὸ
1489 2107 1607 2142 ψωμίον
1628 2106 1778 2141 similecf
1806 2110 1854 2142 εἰς

1049 2152 1165 2179 ἐκεῖνον
1180 2154 1196 2179 ὁ
1212 2151 1358 2185 Σατανᾶς.
1453 2187 1456 2189 _
1720 2186 1726 2188 Ἴ

1091 2198 1303 2233 Ἐναργὲστατον
1327 2197 1376 2232 μὲν
1398 2199 1454 2229 τοῖς
1476 2197 1575 2224 ἑαυτοῦ
1598 2197 1736 2234 μαθηταῖς
1752 2199 1785 2226 ea
1801 2200 1851 2226 τοῦ

1053 2243 1224 2278 προδιδόντος
1253 2244 1365 2278 σημεῖον
1389 2242 1489 2276 ἔδειξεν
1513 2243 1527 2269 ὸ
1547 2243 1654 2278 Σωτήρ.
1681 2243 1777 2278 Βάψας
1794 2245 1852 2280 γὰρ

1052 2289 1200 2316 ἐπιδέδωκε
1214 2289 1244 2316 τὸ
1260 2289 1379 2324 ψωμίον,
1404 2289 1450 2315 τὸν
1464 2288 1590 2315 ἐσθίοντα
1604 2288 1649 2315 τὸν
1663 2289 1746 2324 ἄρτον
1764 2291 1852 2318 αὐτοῦ

1051 2333 1094 2360 διὰ
1112 2335 1209 2361 τούτου
1223 2334 1355 2366 καθιστὰς
1370 2334 1488 2369 ἐμφανῆ,
1510 2334 1556 2361 καὶ
1572 2334 1618 2361 τὸν
1635 2335 1761 2370 ἐπαίρειν
1780 2336 1851 2371 μέλ-

1050 2379 1131 2406 λοντα
1143 2381 1192 2415 τὴν
1208 2380 1324 2415 πτέρναν
1335 2380 1428 2407 αὑτοῦ.
1444 2380 1495 2407 Τόν
1506 2388 1537 2414 γε
1550 2380 1603 2415 μὴν
1613 2380 1662 2415 τῆς
1675 2382 1716 2415 είς
1728 2381 1851 2416 Χριστὸν

1050 2424 1208 2457 δυσσεϐείας
1218 2426 1264 2452 καὶ
1274 2425 1428 2460 μιαιφονίας
1440 2425 1574 2461 ἡγεμόνα,
1583 2426 1631 2453 καὶ
1645 2425 1848 2461 πρύτανιν,καὶ

1049 2471 1104 2497 τῶν
1110 2470 1176 2497 ὅλων
1185 2470 1277 2497 κακῶν
1283 2471 1506 2506 κατασκευαστὴν
1514 2470 1744 2506 εἰσπεπηδηκέναι
1761 2472 1848 2507 φησὶν

1049 2517 1063 2543 ὁ
1076 2516 1230 2551 σοφώτατος
1244 2517 1440 2553 εὐαγγελιστὴς
1453 2518 1494 2549 εἰς
1507 2517 1556 2553 τὴν
1570 2516 1618 2544 τοῦ
1630 2517 1762 2553 προδότου
1777 2526 1849 2553 καρ-

1051 2563 1121 2594 δίαν,
1146 2564 1194 2590 καὶ
1209 2563 1269 2589 ὅλον
1292 2564 1321 2590 ὲν
1344 2563 1418 2598 αὐτῷ
1432 2563 1559 2597 γενέσθαι
1575 2562 1619 2590 τδν
1634 2563 1759 2590 Σατανᾶν
1775 2564 1848 2599 μετὰ

1051 2610 1099 2644 τὴν
1115 2609 1235 2635 ἐπίδοσιν
1250 2609 1296 2635 τοῦ
1315 2609 1433 2644 ψωμίου.
1450 2610 1505 2636 Καὶ
1529 2610 1565 2645 μή
1580 2617 1621 2641 τις
1635 2609 1733 2636 οίέσθω
1748 2609 1845 2642 πάλιν,

1051 2654 1098 2681 τοῦ
1112 2654 1233 2690 δεδέχθαι
1247 2655 1292 2681 τὸν
1306 2656 1427 2681 Σατανᾶν
1442 2654 1472 2681 τὸ
1483 2655 1588 2690 ψωμίον
1603 2654 1730 2688 γενέσθαι
1744 2655 1845 2690 παραί-

1050 2709 1108 2727 τιον
1123 2701 1161 2736 τῷ
1186 2701 1311 2736 προδότῃ.
1339 2701 1376 2726 Οὐ
1392 2701 1447 2735 γὰρ
1467 2702 1506 2732 είς
1522 2699 1649 2726 τοσοῦτον
1671 2700 1846 2736 ἀποπληξίας

1051 2747 1152 2781 ἥξομεν
1177 2747 1285 2781 μέτρον,
1313 2746 1370 2772 ἀλλ’
1387 2747 1449 2772 οὐδὲ
1470 2747 1520 2780 τῆς
1543 2745 1720 2781 καθηκούσης
1744 2746 1846 2781 ἔρημοι

1051 2792 1193 2825 γεγονότες
1220 2793 1338 2826 φρενὸς,
1362 2791 1464 2817 εἰσόδου
1491 2791 1629 2824 πρόφασιν
1655 2790 1780 2818 δεδόσθαι
1804 2792 1845 2826 τῷ

537 2880 560 2896 ⁸⁷
583 2879 676 2907 Matth.
698 2887 726 2910 ν,
751 2878 782 2905 8.
806 2879 828 2894 ⁸⁸
848 2879 927 2906 Ιειιιιι.
948 2887 974 2911 ι,

1091 2881 1100 2895 -‘
1119 2878 1198 2906 Joan.
1218 2887 1242 2906 vI
1255 2899 1261 2912 ,
1276 2879 1320 2905 46.
1360 2879 1382 2895 ⁵ο
1402 2879 1480 2906 Joan.
1503 2888 1557 2912 τιν,
1575 2879 1601 2907 9.
