1897 3032
56 155 107 183 H5

579 160 611 187 IN
632 159 774 188 JOANNIS
788 159 1013 188 EVANGELIUM
1034 160 1099 188 LIB.
1123 159 1167 188 lxi

1642 165 1691 193 H‘i

56 216 160 248 ὀιδοὺς,
179 217 236 248 τοῖς
251 217 280 244 ὲν
296 218 386 245 σκότει
402 219 545 254 κατορθῶν
553 220 583 246 τὺ
597 221 624 246 ἐν
638 221 708 253 φωτὶ
725 219 804 253 γενέσ

944 219 1026 254 prime
1042 221 1105 248 novi
1123 221 1266 248 elleratum
1279 223 1518 250 «tuumanimum.
1536 223 1613 256 Quod
1629 233 1693 260 ergo

55 262 97 297 τῷ
111 261 189 297 θείῳ,
205 263 261 294 τοῖς
277 263 317 295 εἰς
328 263 377 299 τὴν
392 263 442 300 σὴν
455 265 558 299 παγίδα
577 265 788 300 κατολισθήσασι
808 265 855 292 καὶ

56 306 174 342 θήραμα
187 306 238 342 τῆς
251 308 301 342 σῆς
312 309 467 343 γενομένοις
477 309 628 345 ὠμότητος,
643 310 672 336 τὸ
685 310 738 343 ἔξω
751 310 855 347 βρόχων

56 352 189 385 γενέσθαι
205 352 387 388 δωρούμενος,
405 355 484 381 Ἥκω
502 355 551 390 τῆς
566 355 611 382 διὰ
625 356 655 381 σὲ
671 355 854 391 τυραννούσης

57 399 202 434 ἁμαρτίας
217 400 377 427 καταλύσων
388 400 418 427 τὸ
428 401 536 437 κράτος,
555 402 602 428 καὶ
617 402 657 434 τίς
670 403 684 428 ὁ
700 402 779 436 φύσει
789 402 855 434 Θεὸς

56 444 204 478 ἐπιδείξων
224 445 360 482 ἀνθρώπῳ
374 447 465 474 παντί.
485 448 553 474 Ἀλλ’
569 446 628 475 οἴδα
641 448 732 475 λοιπὸν
753 449 783 475 οὐ
805 457 854 483 με·

55 489 145 525 τρίως
162 491 213 525 τὴν
229 491 278 526 σὴν
295 491 440 518 ἀτίθασσον
461 492 556 527 φρένα.
572 493 661 528 Ὅπερ
676 491 723 520 οὖν
738 493 796 525 ἔθος
814 502 855 520 σοι

56 535 176 571 τολμᾷν,
206 537 252 563 ἐπὶ
282 539 338 569 τοῖς
360 537 395 564 τὰ
412 538 525 564 τοιαῦτα
550 538 699 573 κατορθοῦν
719 538 854 571 ἐθέλουσι,

58 581 166 616 πράττε
183 583 232 608 καὶ
253 583 309 617 νῦν.
342 583 475 616 ’Δνιάσεις
489 584 543 620 γὰρ
557 584 684 619 οὐδαμῶς
698 585 854 612 ἐπιπίπτων

56 627 133 660 ὀξὺς,
151 629 199 655 καὶ
218 629 321 664 σφόδρα
334 629 433 665 δριμὺς
454 630 623 665 ἐγκείμενος,
642 632 704 658 ὅσον
727 632 760 658 ἂν
777 631 854 658 ἔσται

56 674 89 700 τὸ
105 673 194 706 πάθος
216 675 249 700 δι’
264 675 329 709 ἐμοῦ
344 675 455 714 εαὸίσαν
474 678 503 703 ὲν
522 677 605 712 ἀρχῇ,
630 677 684 704 Καὶ
704 678 784 704 ταυτὶ
805 678 855 713 μὲν

57 721 150 754 ἔγωγε
165 720 214 746 τοῦ
230 720 353 756 Σωτῆρος
367 721 401 751 τὰ
413 722 533 757 ῥήματα,
545 723 595 757 τὴν
610 722 657 749 τοῦ
673 725 854 759 προκειμένου

57 765 178 799 δύναμιν
198 766 403 793 ὑπαινίττεσθαί
420 776 479 799 πως
498 768 682 804 ὑπολαμϐάνω
695 778 701 784 ·
723 769 854 804 ἐπιταχύ-

57 812 155 838 νεσθαι
170 811 200 838 δὲ
212 812 257 838 διὰ
275 812 354 839 τοῦτο
373 814 536 848 προστάττει
550 814 585 841 τὰ
599 815 773 850 τολμήματα,
789 816 854 851 φέρε

56 858 90 891 δὴ
108 857 192 884 πάλιν
210 857 447 893 διασκεπτώμεθα.
472 860 570 887 Καίτοι
592 861 732 888 πάνδεινον
757 862 807 897 μὲν
825 863 855 888 τὺ

56 904 114 930 τῶν
130 904 250 930 ἀνοσίων
266 904 422 940 εὑρίσκεται
438 905 548 941 θράσος,
563 908 740 942 ὲμπαροινεῐν
770 908 856 935 ἁκαθ-
873 893 894 920 Β

59 950 151 981 ἐκτως
168 950 305 984 ἑλομένων
317 949 401 984 αὐτῷ.
412 951 568 986 Προσδοκᾷν
584 953 638 987 γὰρ
650 950 683 987 ἦν
694 953 854 988 αἰκίσματα,

59 996 109 1021 καὶ
124 995 277 1031 δυσφήμων
300 996 377 1031 ὄχλον
401 998 431 1023 οὐ
455 998 582 1033 φορητὸν,
603 999 709 1033 πληγὰς
744 1002 791 1027 καὶ
806 1002 855 1036 ἐμ-

58 1040 223 1076 πτύσματα,
239 1042 285 1068 καὶ
300 1042 330 1068 τὸ
352 1043 503 1070 τελευταῖον
526 1044 640 1071 ἐλεεινὸν
655 1045 700 1071 τὸν
720 1046 766 1072 ἐπὶ
786 1046 857 1082 ξύλῳ

58 1087 189 1119 θάνατον,
208 1088 299 1122 ἥλους,
324 1089 371 1115 καὶ
395 1089 520 1125 σταυρὸν,
541 1089 610 1122 ὅξος,
638 1091 685 1117 καὶ
701 1092 793 1127 χολὴν,
810 1092 856 1118 καὶ

56 1134 94 1159 τὰ
117 1134 151 1160 ὲκ
178 1133 279 1168 λόγχης
299 1134 454 1169 τραύματα.
483 1135 515 1161 Τί
530 1137 673 1171 τοιγαροῦν
687 1137 855 1169 ὲπισπεύόει,

58 1179 140 1213 φησὶ,
157 1179 206 1206 καὶ
219 1179 353 1214 ἀμελλητὶ
366 1180 481 1215 δρᾶσθαι
507 1181 630 1216 βούλεται
648 1182 721 1218 παρὰ
737 1183 784 1209 τοῦ
799 1183 857 1210 δια-

58 1225 141 1251 ϐόλου
158 1225 192 1252 τὰ
205 1226 252 1252 ἐπὶ
269 1226 307 1261 τῷ
322 1226 403 1253 πάθει
418 1227 580 1262 τολμήματα
595 1237 601 1261 ;
620 1229 674 1255 Kal.
688 1229 742 1264 γὰρ
756 1230 857 1266 ὑπηρέ-

58 1279 106 1296 ται
129 1271 276 1304 γεγόνασιν
306 1271 427 1298 Ἰουδαῖοι
452 1273 499 1298 καὶ
518 1273 650 1308 ὑπουργοὶ
676 1275 729 1301 τῶν
751 1276 854 1302 κακῶν.

65 1315 140 1341 Ἀλλ’
156 1315 254 1350 ἐκείνῳ
278 1315 308 1342 τὸ
325 1318 378 1343 πᾶν
396 1317 562 1353 ἐπιθήσομεν
578 1321 772 1355 στρατηγοῦντι
789 1321 857 1356 πρὸς

60 1361 233 1396 μιαιφονίαν,
246 1362 291 1388 καὶ
302 1362 434 1397 ἀπαρχῶν
446 1363 588 1398 ἐξάρχοντι
598 1364 651 1390 τῶν
664 1365 766 1392 κακῶν.
787 1364 856 1391 Ἀλλ’

59 1407 85 1432 εἰ
111 1406 160 1432 καὶ
184 1406 287 1441 σφόδρα
311 1407 386 1434 δεινὰ
405 1407 440 1434 τὰ
465 1409 505 1440 εἰς
528 1410 645 1445 Χριστὸν
671 1410 725 1436 τῶν
742 1410 857 1437 ἀνοσίων

65 1452 208 1479 Ἰουδαίων
230 1453 401 1489 τολμήματα,
426 1455 473 1481 καὶ
495 1454 629 1490 ἁψόρητος
654 1455 708 1482 τῶν
733 1465 856 1492 σταυρω-

61 1499 170 1526 σὰντων
186 1500 203 1534 ἡ
218 1499 307 1534 ὕϐρις,
328 1500 386 1526 ἀλλ’
400 1501 458 1535 ᾔδει
475 1500 522 1527 τοῦ
541 1501 641 1533 πάθους
656 1502 685 1528 τὸ
700 1502 797 1536 πέρας,
810 1502 857 1529 καὶ

59 1544 87 1570 τί
102 1544 133 1570 τὸ
154 1545 278 1571 ἐντεῦθεν
302 1545 517 1581 ἀποϐησόμενον.
535 1547 651 1582 Ἔμελλε
676 1547 731 1583 γὰρ
745 1547 789 1574 διὰ
809 1548 856 1574 τοῦ

60 1591 156 1626 τιμίου
173 1591 292 1627 σταυροῦ
306 1593 448 1619 πεσεῖσθαι
469 1593 518 1628 μὲν
531 1593 572 1625 είς
583 1593 613 1620 τὸ
633 1594 764 1625 παντελὲς
780 1595 796 1629 ἡ
811 1595 858 1621 τοῦ

61 1636 189 1663 διαὸόλου
211 1638 350 1671 τυραννὶς,
371 1637 565 1673 καταργεῖσθαι
583 1638 612 1665 δὲ
625 1638 750 1670 θάνατος,
767 1639 814 1665 καὶ
830 1639 860 1665 τὸ

61 1684 114 1719 τῆς
129 1683 237 1718 φθορᾶς
256 1683 435 1717 ἀφανίζεσθαι
459 1684 569 1719 κράτος,
586 1684 752 1711 ἀπολύεσθαί
765 1693 795 1711 τε
811 1685 861 1720 τῆς

62 1730 183 1766 ἀρχαίας
199 1729 307 1764 ἐκείνης
319 1731 388 1765 ἀρᾶς
400 1730 430 1756 τὸ
447 1730 616 1766 ἀνθρώπινον
628 1731 716 1764 γένος,
730 1731 860 1766 ἀργήσειν

63 1777 254 1814 προσεδοκᾶτο
281 1776 373 1803 λοιπὸν
393 1777 424 1803 ὲκ
447 1776 653 1812 φιλανθρωπίας
679 1777 726 1803 καὶ
751 1777 862 1812 χάριτος

63 1824 113 1851 τοῦ
131 1823 262 1859 Σωτῆρος
277 1822 356 1858 ήμῶν
366 1822 486 1858 Χριστοῦ
500 1824 530 1849 τό
541 1831 547 1838 ·
565 1832 574 1848 α
589 1823 627 1858 Γῆ
642 1821 677 1854 εἴ,
690 1824 737 1858 κα),
753 1825 792 1855 εἰς
810 1823 861 1858 γῆν

64 1869 218 1904 ἁπελεύσῃ.
234 1878 243 1894 ι
263 1868 395 1904 Ἐμελλεν
411 1868 512 1903 ἀνομία
535 1869 626 1899 πᾶσα.
655 1870 726 1896 κατὰ
742 1869 790 1905 τὴν
813 1870 861 1897 τοῦ

66 1915 213 1950 Ιιροφήτου
231 1913 331 1949 φωνὴν,
346 1913 496 1948 ἐμφράξειν
510 1913 597 1949 στόμα
612 1913 706 1949 αὐτῆς.
727 1915 774 1942 καὶ
795 1923 862 1941 κατ-

64 1962 180 1996 ηγορεῖν
190 1960 240 1995 μὲν
255 1959 346 1986 οὐκέτι
359 1959 413 1986 τῶν
426 1960 472 1986 ὑπ’
487 1960 572 1995 αὐτὴν
586 1961 745 1994 γεγονότων,
762 1961 861 1994 ἀφανί-

65 2006 165 2039 ζεσθαι
181 2005 211 2032 δὲ
228 2003 368 2036 παντελῶς
382 2004 493 2039 ἔμελλον
512 2005 538 2031 οἱ
552 2005 624 2032 κατὰ
644 2005 734 2032 πᾶσαν
755 2005 804 2041 τὴν
823 2007 862 2032 οἰ-

65 2051 208 2087 κουμένην
222 2051 269 2078 τὸν
289 2051 396 2086 ἀληθῶς
411 2051 491 2085 φύσει
514 2051 562 2078 καὶ
586 2051 667 2085 μόνον
687 2051 737 2077 οὐκ
761 2051 862 2084 εἰδότες

64 2099 147 2131 Θεὸν,
174 2098 200 2124 οἳ
217 2099 250 2132 τῇ
265 2099 305 2129 είς
320 2097 437 2132 Χριστὸν
460 2096 646 2123 δεδικαίωνται
671 2097 772 2129 πίστει,
790 2098 862 2124 ἀνοι-

66 2144 220 2181 χθήσεσθαι
251 2143 343 2170 λοιπὸν
368 2145 385 2179 ὴ
414 2143 461 2169 τοῦ
490 2143 654 2179 παραδείσου
680 2143 863 2178 προσεδοκᾶτο

66 2192 153 2227 πύλη.
174 2191 291 2226 Ἔμελλε
313 2192 370 2222 τοῖς
385 2190 514 2217 ἀνωτάτω
527 2190 562 2216 τὰ
577 2190 653 2217 κάτω
667 2190 859 2223 συνάπτεσθαι,

906 264 1008 292 audere
1026 265 1109 296 soles,
1129 265 1173 292 {ac
1189 265 1353 293 etiamnum.
1368 266 1546 302 Nequaquam
1563 269 1635 295 enim
1652 277 1694 296 me

905 308 998 340 Ιωάοε,
1017 311 1127 338 tametsi
1161 310 1281 339 infestus
1315 319 1394 344 ruas,
1427 313 1515 340 donec
1552 313 1693 341 advenerit

898 356 1007 390 passio.
1027 357 1118 392 Atque
1136 357 1178 385 his
1200 365 1251 393 ego
1269 358 1362 386 verbis
1386 359 1543 390 servatoris
1559 359 1612 386 loci
1632 367 1693 394 pro-

906 402 987 436 positi
1004 410 1115 430 sensum
1135 403 1340 437 quodammodo
1351 405 1484 432 subiunui
1504 406 1602 440 opinor
1622 415 1627 432 :
1647 406 1696 432 sed

905 455 955 474 cur
970 448 1076 475 facinus
1092 449 1245 476 accelerari
1269 450 1377 484 jubeat,
1398 458 1446 485 age
1463 452 1552 477 denuo
1568 451 1695 478 conside-

905 500 1005 520 remus.
1017 493 1188 521 Gravissima
1203 495 1305 530 quippe
1316 501 1358 522 est
1370 495 1531 523 Judaeornm
1550 497 1694 531 impiorum

905 539 1031 571 audacia,
1055 540 1215 568 incredibili
1242 541 1336 569 furore
1360 543 1387 568 in
1406 550 1469 569 eum
1488 543 1585 570 saevire
1609 542 1696 569 medi-

905 586 1031 612 tantium.
1045 586 1143 621 Flagra
1155 587 1242 619 enim,
1255 594 1283 614 et
1297 588 1508 616 maledictorum
1527 588 1606 614 turba
1626 589 1695 614 into-
1714 613 1717 616 .

906 631 1039 661 lerabilis.
1061 633 1158 666 plagae.
1174 637 1267 668 sputa,
1289 634 1322 661 ad
1344 638 1500 662 extremum
1529 634 1696 662 miserabilis

906 685 982 704 mors
998 677 1026 705 in
1043 678 1129 713 ligno,
1153 679 1235 712 clavi,
1252 687 1332 713 crux,
1358 685 1477 713 acetum,
1496 685 1521 708 et
1548 682 1593 712 rel,
1609 685 1636 707 et
1663 688 1694 707 ex

905 722 983 748 hasta
1003 723 1106 750 vulnus
1122 731 1184 751 eum
1212 725 1369 752 manebant.
1386 725 1456 758 Quid
1481 733 1545 760 ergo
1572 725 1695 756 festinat,

905 768 1006 803 inquit,
1016 775 1048 795 ac
1060 769 1120 796 sine
1135 777 1212 796 mora
1227 770 1288 796 vult
1303 778 1318 796 a
1329 770 1440 797 diabolo
1456 771 1546 805 peragi
1558 770 1696 805 passionis

907 814 1039 841 nefarium
1069 813 1197 842 facinus?
1225 814 1344 842 Ministri
1363 815 1436 841 enim
1467 818 1493 841 et
1521 818 1697 840 exsecutores

907 860 1040 887 malorum
1055 860 1152 887 horum
1167 861 1244 888 fuere
1257 860 1354 888 Judaei.
1365 861 1417 896 Ipsi
1431 865 1521 887 tamen
1535 865 1563 886 ιιι
1575 861 1696 886 onmium

908 905 970 932 duci
984 909 1011 932 et
1033 905 1060 932 in
1076 905 1176 932 credent
1198 905 1300 933 Christi
1316 905 1524 940 c'onjnratorum
1540 909 1622 939 atque
1642 905 1697 939 pri—

908 951 1046 978 mitiarum
1078 952 1213 978 malorum
1242 952 1359 987 principi
1393 956 1481 979 totum
1512 951 1695 978 ascrihemns.

907 997 1000 1039 atqui,
1016 997 1080 1024 licet
1095 997 1276 1024 acerbissima
1292 1005 1405 1032 qtneqne
1417 996 1502 1022 Judaei
1520 996 1547 1022 in
1557 995 1697 1021 Christum

907 1043 1142 1076 machinarentur,
1154 1049 1180 1071 et
1190 1043 1372 1071 intolerabilis
1390 1046 1464 1070 esset
1475 1041 1696 1076 cruciﬁgentium

908 1087 995 1120 furor,
1011 1089 1150 1123 passionis
1167 1093 1258 1115 tamen
1274 1088 1391 1121 exitum,
1402 1091 1429 1114 et
1451 1087 1516 1122 quid
1536 1087 1601 1113 hinc
1615 1075 1700 1113 even:

907 1138 999 1161 turum
1015 1138 1088 1161 esset
1104 1137 1231 1161 noverat.
1251 1134 1384 1161 Eversum
1405 1134 1438 1160 iri
1454 1140 1552 1167 nempe
1574 1131 1698 1158 l‘nmlitus

907 1187 956 1214 per
971 1179 1155 1207 venerandam
1169 1187 1281 1207 crucem
1303 1179 1406 1206 diaboli
1429 1178 1613 1215 tyrannidem.
1626 1185 1699 1204 mor-

909 1229 963 1252 tem
985 1225 1158 1252 destructum
1179 1225 1224 1258 iri,
1237 1229 1265 1253 et
1281 1225 1469 1259 corruptionis
1487 1223 1633 1251 delendum
1649 1222 1700 1248 im-

907 1270 1026 1306 perium,
1041 1275 1068 1298 et
1083 1275 1174 1298 vetere
1190 1272 1236 1298 illo
1251 1271 1400 1298 maledicto
1421 1269 1595 1298 liberandum
1612 1276 1700 1304 genus

908 1316 1079 1348 humanum,
1109 1316 1233 1351 adeoque
1262 1316 1433 1352 benignitate
1459 1321 1485 1342 et
1515 1315 1601 1349 gratia
1636 1313 1697 1340 Ser-

907 1363 1012 1390 vatoris
1039 1363 1127 1390 nostri
1154 1362 1256 1389 Christi
1271 1366 1446 1390 cessaturum
1465 1362 1559 1388 illnd.:
1586 1370 1594 1386 ι
1612 1360 1699 1387 Terra

908 1416 947 1441 es,
976 1414 1002 1436 et
1032 1409 1060 1436 in
1084 1413 1185 1436 terram
1222 1409 1369 1437 reverteris
1385 1409 1425 1441 9';
1448 1418 1456 1434 ι
1486 1407 1565 1443 74],
1590 1413 1699 1432 onmem

909 1455 1085 1490 iniquitatem
1104 1455 1288 1490 oppilaturam
1303 1463 1335 1482 os
1352 1462 1443 1487 suum,
1459 1454 1538 1488 juxta
1558 1453 1701 1487 Propheta:

909 1508 1003 1528 vocem
1028 1501 1067 1532 ’³,
1099 1509 1149 1529 nec
1182 1502 1300 1537 amplius
1329 1501 1381 1529 sibi
1415 1500 1552 1528 obnoxios
1585 1505 1700 1526 accusa-

911 1551 1016 1578 turam.
1033 1552 1060 1574 et
1080 1547 1212 1575 delendos
1234 1549 1315 1582 plane
1332 1551 1468 1582 quotquot
1498 1546 1524 1573 in
1553 1546 1619 1572 orbe
1647 1549 1702 1571 ter-

912 1600 1004 1620 rarum
1035 1593 1119 1621 Deum
1146 1601 1254 1626 verum,
1269 1592 1433 1624 naturalem,
1453 1598 1479 1618 et
1506 1591 1619 1618 unicum
1646 1598 1700 1617 non

912 1643 1022 1671 norant.
1039 1642 1177 1674 quotquot
1195 1646 1260 1666 vero
1279 1639 1332 1665 [ide
1348 1638 1374 1665 in
1392 1638 1532 1664 Christum
1556 1636 1701 1670 justilicati

911 1688 987 1717 sunt,
1004 1684 1037 1711 iis
1063 1685 1183 1719 paradisi
1211 1685 1325 1719 januam
1353 1683 1540 1717 operiendam.
1559 1681 1702 1717 Suprcmis

911 1730 1042 1758 inferiora
1055 1731 1112 1758 haec
1128 1731 1335 1766 coniungenda.
1352 1734 1379 1758 et
1394 1734 1519 1765 apertum
1540 1729 1650 1764 quidem
1668 1729 1702 1755 iri

911 1777 1025 1810 coelum,
1040 1777 1119 1811 juxta
1137 1777 1293 1805 Servatoris
1311 1785 1418 1808 vocem,
1435 1781 1593 1804 sanctorum
1610 1781 1701 1802 autem

912 1823 1072 1858 angelorum
1090 1823 1204 1851 ordines
1225 1830 1392 1850 ascensuros
1406 1831 1438 1850 ac
1452 1823 1639 1850 descensuros
1659 1829 1704 1848 sn-

912 1878 960 1905 pra
972 1869 1070 1897 Filium
1085 1869 1205 1897 hominis
1221 1871 1256 1898 ³⁵.
1271 1870 1340 1897 Cum
1358 1874 1397 1897 tot
1413 1870 1500 1905 igitur
1516 1869 1587 1896 bona
1604 1876 1702 1903 exspe-

912 1921 1066 1949 ctarentur.
1084 1924 1117 1944 ac
1138 1921 1192 1944 tam
1209 1917 1284 1944 clara
1311 1924 1374 1951 spes
1394 1916 1474 1944 nobis
1493 1924 1539 1950 per
1554 1915 1703 1942 salutarem

913 1969 1024 1990 crucem
1052 1970 1151 1990 rursus
1167 1962 1344 1994 excitaretur,
1362 1962 1502 1996 quomodo
1520 1969 1633 1988 necesse
1649 1969 1703 1988 non

912 2012 972 2036 erat
987 2013 1016 2035 ut
1030 2009 1076 2044 qui
1094 2013 1218 2036 nostram
1235 2009 1352 2035 salutem
1369 2012 1512 2042 tantopere
1529 2007 1705 2042 optabat,at-

913 2064 966 2091 que
977 2063 1037 2082 eam
1047 2056 1082 2082 ob
1094 2063 1150 2082 rem
1167 2055 1256 2082 factus
1269 2059 1329 2082 erat
1341 2054 1426 2081 homo
1437 2053 1517 2080 sienti
1531 2061 1589 2085 nos,
1601 2053 1705 2088 absque

913 2105 1037 2136 peccato.
1054 2101 1259 2136 optatissimum
1285 2101 1338 2127 hoc
1355 2105 1462 2135 tempus
1484 2098 1578 2126 videre
1607 2106 1704 2133 ρει-(ιιι

914 2149 1008 2184 peret?
1028 2147 1082 2181 Qui
1103 2155 1170 2175 vero
1198 2155 1314 2175 necesse
1340 2155 1394 2174 non
1421 2150 1482 2174 erat
1509 2150 1538 2173 ut
1565 2145 1612 2180 qui
1640 2145 1704 2171 mali

916 2193 984 2220 nihil
1001 2197 1128 2224 noverat,
1149 2192 1294 2219 diabolica:
1318 2192 1449 2226 nequitia:
1465 2191 1622 2218 molitiones
1639 2197 1704 2216 con-

67 2240 116 2266 καὶ
128 2237 289 2272 ἀνοίγεσθαι
310 2238 358 2273 μὲν
376 2236 518 2272 οὐρανοὺς,
532 2236 601 2263 κατὰ
615 2236 664 2271 τὴν
676 2235 723 2262 τοῦ
739 2236 814 2270 Σωτῆ

953 2244 1062 2270 nneret,
1073 2243 1100 2265 et
1112 2239 1144 2265 ad
1160 2243 1214 2265 tam
1232 2239 1314 2265 clara:
1326 2237 1486 2265 festivitatis
1501 2236 1702 2273 optatissimum

68 2287 165 2321 φωνήν
176 2295 183 2301 ·
205 2284 242 2311 τὰ
256 2284 283 2311 δὲ
296 2284 350 2310 τῶν
368 2283 454 2317 ἁγίων
469 2283 593 2317 ἀγγέλων
605 2283 734 2317 τάγματα
751 2283 864 2309 ἀναϐαί-

69 2341 134 2364 νειν,
161 2332 210 2358 καὶ
231 2331 406 2358 καταϐαίνειν
425 2332 471 2358 ἐπὶ
486 2332 532 2359 τὸν
553 2332 617 2359 Τίον
639 2332 685 2358 τοῦ
707 2331 862 2369 ἀνθρώπου.

70 2375 137 2404 Εἶτα
161 2375 309 2408 τοσούτων,
335 2376 397 2403 εἰπέ
421 2385 475 2411 μοι,
493 2377 727 2412 προσδοκωμένων
742 2378 863 2412 ἀγαθῶν,

69 2424 117 2450 καὶ
132 2423 268 2458 λαμπρᾶς
283 2422 368 2454 οὕτως
385 2422 492 2454 ἐλπίδος
513 2423 728 2459 ἀνατικτομένης
743 2425 810 2459 ἡμῖν
822 2424 866 2450 διὰ

69 2469 117 2496 τοῦ
130 2468 269 2505 σωτηρίου
284 2468 401 2505 σταυροῦ
414 2477 419 2483 ·
437 2468 495 2501 πῶς
511 2469 561 2495 οὐκ
574 2469 626 2495 ἔδει
640 2469 687 2495 τὸν
702 2469 752 2505 τὴν
767 2469 866 2504 ἡμετέ-

73 2525 122 2551 ραν
142 2516 300 2551 διψήσαντα
327 2516 473 2551 σωτηρίαν,
499 2516 543 2542 διὰ
566 2524 595 2542 τε
612 2516 692 2542 τοῦτο
713 2517 775 2543 καθ’
793 2518 866 2552 ἡμᾶς

71 2563 202 2597 γεγονότα
216 2561 302 2596 χωρὶς
315 2561 462 2597 ἁμαρτίας,
478 2561 523 2587 τὸν
533 2560 604 2586 οὕτω
618 2560 780 2595 τριπόθητον
793 2561 868 2587 ἐπεί-

72 2611 167 2643 γεσθαι
192 2609 305 2643 βλέπειν
329 2608 379 2642 ἤδη
407 2607 526 2642 παρόντα
550 2607 661 2641 καιρόν;
689 2607 751 2638 Πῶς
769 2607 797 2633 δὲ
818 2608 868 2634 οὐκ

72 2654 156 2690 ἐχρῆν
181 2654 231 2680 τὸν
257 2652 332 2679 οὐδὲν
363 2652 452 2679 εἰδότα
481 2652 566 2679 κακὸν
590 2653 795 2687 καταφρονῆσαι
819 2654 868 2688 μὲν

71 2701 124 2727 τῶν
142 2702 175 2726 ἐκ
193 2698 351 2733 διαϐολικῆς
369 2698 536 2733 κακουργίας
556 2697 774 2732 ἐσκευασμένων,
793 2698 868 2724 ὲπεί-

71 2747 170 2781 γεσθαι
198 2745 228 2771 δὲ
248 2745 347 2779 μᾶλλον
370 2744 455 2770 ἐλθεῖν
477 2745 517 2775 εἰς
537 2744 583 2770 ’τὸν
597 2743 759 2778 τριπόθητον
774 2744 869 2779 καιρὸν

72 2795 118 2829 τῇς
133 2793 210 2820 οὕτω
225 2792 356 2827 λαμπρᾶς
370 2791 483 2827 ὲορτῆς;
505 2791 562 2817 Οὐκ
581 2790 661 2816 εἱῶτι
676 2791 819 2826 τοιγαροῦν
831 2791 870 2825 τῷ

107 2887 129 2902 ”
151 2886 224 2912 Gctt.
248 2891 296 2911 ιιι,
317 2883 357 2910 l9.
397 2882 420 2898 "
441 2882 514 2910 I'sal.
532 2891 590 2914 ut,
608 2883 650 2910 4:2.

917 2292 1026 2321 tempus
1052 2286 1230 2321 properaret?
1254 2284 1393 2319 lgnoranti
1422 2291 1489 2318 ergo
1517 2283 1626 2309 Satanae
1653 2281 1705 2308 sibi

917 2333 1019 2360 bellum
1055 2332 1156 2367 parari,
1185 2331 1374 2364 neseientiqne
1410 2337 1526 2364 prorsus
1552 2329 1706 2364 patibulum

917 2379 1008 2406 crucis
1020 2378 1151 2405 struendo
1166 2377 1231 2404 dare
1244 2377 1365 2411 seipsum
1385 2375 1563 2410 prmcipitem,
1577 2374 1707 2403 Servator

916 2425 1006 2452 aiebat
1027 2437 1032 2451 ι
1054 2433 1063 2448 (
1081 2423 1160 2456 Quod
1186 2423 1266 2454 facis,
1286 2421 1328 2448 fac
1353 2421 1447 2448 cititts.
1468 2430 1476 2446 ι
1502 2420 1708 2449 lnlcrminantis

917 2470 989 2498 enim
1018 2469 1110 2503 potius
1129 2476 1210 2503 quam
1238 2466 1411 2494 adhortantis
1433 2470 1475 2494 est
1498 2467 1594 2493 oratio.
1609 2467 1708 2499 Quem-

918 2514 1066 2542 admodum
1099 2514 1183 2547 enim,
1200 2513 1221 2541 si
1257 2513 1318 2547 quis
1346 2512 1454 2547 juvenis
1478 2513 1577 2548 insigni
1611 2513 1708 2539 robore

919 2561 1050 2596 praeditus
1074 2561 1226 2587 irruentem
1249 2566 1348 2594 magno
1374 2559 1478 2594 impetu
1504 2559 1651 2594 quemdam
1669 2559 1713 2597 vi-_

919 2608 1002 2638 derit.
1023 2612 1050 2635 et
1074 2612 1154 2634 acuta
1177 2606 1266 2633 securi
1288 2605 1391 2632 dextrze
1407 2609 1510 2639 aptata,
1528 2612 1632 2639 gnarus
1649 2611 1664 2630 ιι
1680 2611 1710 2632 se

921 2654 1093 2681 interfectum
1103 2653 1135 2679 iri
1145 2651 1346 2683 adversarium,
1356 2650 1501 2684 exclamet,
1516 2659 1525 2675 ε
1541 2649 1619 2682 Quod
1629 2649 1708 2680 facis.

920 2698 963 2725 fac
989 2699 1080 2730 citius,
1101 2707 1110 2723 ι
1130 2697 1272 2732 experiere
1290 2697 1363 2724 enim
1384 2696 1487 2724 dextra:
1513 2703 1580 2723 mem
1605 2696 1708 2726 robur.

922 2753 1002 2772 nemo
1020 2749 1093 2772 certe
1108 2744 1209 2771 dixerit
1224 2751 1318 2771 vocem
1334 2743 1404 2770 hanc
1419 2750 1481 2770 esse
1496 2742 1565 2769 mori
1578 2741 1708 2772 volentis,

923 2791 969 2818 sed
988 2791 1157 2824 pra-scientis
1185 2791 1274 2826 potius
1294 2790 1328 2817 de
1344 2787 1503 2817 adversario
1516 2787 1660 2815 victoriam
1680 2794 1711 2814 μ

690 2883 711 2898 9‘
732 2881 809 2909 Joan.
831 2889 855 2913 ι,
874 2878 919 2907 ιιι.
