1897 3032
65 122 126 152 153

561 116 595 154 ni
617 126 760 156 JOANNIS
787 127 1011 157 “nomen
1035 129 1099 156 LIB.
1121 129 1164 158 ix.

1662 131 1715 159 ιδι

61 179 119 210 οὖν
143 183 200 220 ἆρα
233 184 324 213 λοιπὸν
339 188 353 213 ὁ
367 187 413 213 καὶ
441 186 526 213 πάλαι
555 186 761 223 δεδοξασμένος,
777 188 841 214 ὲαυτ

899 191 910 217 t
926 189 1049 215 omnium
1070 188 1180 215 modum
1197 187 1350 215 innovavit.
1369 187 1436 214 Nam
1461 188 1482 216 si
1507 188 1640 216 rationem
1656 197 1715 224 my~

62 231 133 256 νυνὶ
149 230 309 263 δεδοξάσθαι
325 232 392 267 φησι
406 241 413 265 ;
430 232 593 265 Δεδόξασται
609 233 663 268 γὰρ
691 234 739 260 καὶ
763 233 797 260 δι’
815 234 874 260 ὲτέο

65 282 140 308 ρων,
168 275 218 302 καὶ
233 275 404 312 θεοπρεποῦς
419 277 543 310 ἐξουσίας
565 278 698 313 ὑπόληψιν
711 279 782 313 ἔχων
794 279 872 313 ἐφαί-

62 328 142 346 νετο.
151 320 189 347 Τό
203 329 236 355 γε
252 322 306 357 μὴν
321 322 377 358 ,τῆς
392 323 472 358 δόξης
489 324 602 356 τέλειον,
616 325 662 351 καὶ
676 325 726 359 τῆς
744 324 870 357 εὐκλείας

60 364 98 390 τὸ
115 366 224 401 πλῆρες
234 367 264 393 ὲν
278 367 375 403 ἐκείνῳ
392 369 500 402 πάντως
519 367 554 405 ἦν
572 371 601 396 ὲν
617 370 656 406 τῷ
675 370 771 397 παθεῖν
787 370 870 397 αὑτὸν

61 409 143 446 ὑπὲρ
160 412 212 446 τῆς
222 413 270 439 τοῦ
281 413 382 449 κόσμου
398 414 481 450 ζωῆς,
495 415 542 441 καὶ
560 415 593 442 δι’
605 416 702 442 ἑαυτοῦ
719 417 768 451 τῆς
781 416 869 443 ἀπάν-

58 464 124 482 των
150 457 328 490 ἀναστάσεως
354 462 550 496 καινοτομῆσαι
562 461 608 488 τὸν
628 461 737 496 τρόπον.
752 461 868 488 Βασανὶ-

59 502 164 534 ζοντες
178 503 233 539 γάρ
244 525 251 536 ,
266 504 304 536 ὠς
319 504 370 537 ἔνι,
384 505 474 538 καλῶς
485 506 531 533 τοῦ
549 507 610 534 κατ’
623 506 703 534 αὐτὸν
719 507 868 542 μυστηρίου

57 547 112 573 ’τὸν
129 547 220 582 λόγον,
239 549 288 584 οὐχ
303 550 392 586 ἑαυτῷ
415 551 506 586 τυχὸν,
525 551 585 578 οὐδὲ
603 552 706 588 κυρίως
721 553 754 580 δι’
773 553 868 579 ἑαυτὸν

55 593 207 621 τεθνεῶτα
218 596 405 631 κατοψόμεθα,
418 597 475 624 ἀλλ’
487 599 558 634 ὑπὲρ
573 599 681 634 ἁπάσης
701 599 751 633 τῆς
765 599 868 634 ἀνθρω-

56 638 196 673 πότητος,
216 641 311 668 παθεῖν
324 651 354 669 τε
367 644 413 670 καὶ⁷
425 644 534 679 δρᾶσαι,
547 645 577 671 τό
587 653 616 671 τε
631 644 716 676 πάθος
729 645 804 677 αὐτὸ,
820 646 867 672 καὶ

57 685 126 717 μετ’
148 685 238 712 ἐκεῖνο
252 687 302 722 τὴν
327 688 486 716 ἀνάστασιν.
513 689 635 725 Τέθνηκε
659 690 708 725 μὲν
724 690 777 726 γὰρ
794 691 867 717 κατὰ

54 731 112 765 τῆν
131 731 224 768 σάρκα
237 734 287 769 τῆς
304 735 432 762 ἁπάντων
455 736 528 772 ζωῆς
547 736 712 772 ἀντίρροπον
727 737 775 772 τὴν
795 737 864 763 ἰδίαν

54 777 249 811 ἀποδεικνὺς,
266 780 313 807 καὶ
341 781 391 817 τῆς
418 782 534 817 ἀρχαίας
562 783 670 818 ἐκείνης
695 783 863 818 ἀποπληρῶν

53 821 136 856 ἀρᾶς
164 823 194 849 ἐν
217 824 307 858 ἑαυτῷ
338 825 388 861 τὴν
419 826 534 862 δύναμιν
552 828 566 853 ὁ
592 827 701 854 πάντων
727 827 862 860 ἀντάξιος.

61 867 238 903 Ἐγήγερται
261 869 288 895 δὲ
310 870 390 897 πάλιν
409 871 442 897 ἐκ.
456 870 560 906 νεκρῶν
585 872 625 903 εἰς
649 871 786 907 ἀκήρατόν
803 880 863 898 τινα
880 863 899 889 Β

52 913 109 939 ναὶ
127 914 321 950 ἀκατάληκτον
342 917 498 952 ζωὴν,ὅ>.ην
515 918 543 944 ὲν
559 917 646 952 ἑαυτῷ
662 917 798 949 διανιστὰς
814 918 862 952 τὴν

54 956 157 988 (ξὺσιν.
175 967 185 983 ι
201 959 292 992 Ἀπαξ
306 961 360 996 γὰρ
370 961 524 994 ἀποθανὼν,
534 963 603 989 κατὰ
616 963 646 990 τὸ
659 963 861 998 γεγραμμένον,

53 1003 156 1032 οἱκέτι
175 1004 343 1041 ἀποθνήσκει
363 1015 370 1022 ·
384 1007 496 1039 θάνατος
515 1009 598 1035 αὐτοῦ
618 1009 710 1036 οὐκέτι
728 1009 860 1044 κυριεύει.

55 1051 93 1076 ὐ
111 1050 170 1086 γὰρ
185 1051 317 1084 ἀπέθανε,
332 1054 366 1088 τῇ
383 1054 506 1090 ἁμαρτίᾳ
522 1054 659 1082 ἀπέθανεν
673 1055 793 1089 ἐφάπαξ,
809 1055 822 1081 ὃ
834 1055 861 1081 δὲ

54 1095 104 1131 ζῇ.
119 1096 155 1132 ζῇ
173 1097 214 1132 τῷ
225 1097 294 1133 Θεῷ.
311 1109 321 1125 ι
337 1099 422 1126 Τοῦτο
444 1100 491 1127 καὶ
508 1101 550 1135 ἐφ’
566 1102 631 1136 ἡμῖν
650 1101 741 1133 αὐτοῖς
758 1101 861 1135 ἀληθὲς

53 1143 138 1170 ἔσται
154 1143 200 1170 διὰ
216 1145 343 1179 Χριστόν.
366 1146 588 1182 Ἐγερθησόμεθα
600 1148 655 1182 γὰρ
667 1147 706 1174 ἔτι
723 1149 762 1179 εἰς
776 1148 859 1175 Θάνα-

52 1196 104 1214 τον
116 1188 196 1222 οὐχὶ,
215 1189 274 1216 ἀλλ’
286 1190 325 1222 εἰς
342 1190 415 1226 ζωὴν
436 1192 485 1226 τὴν
505 1193 669 1228 ἀπέραντον,
693 1195 718 1220 εἰ
732 1193 859 1227 καὶ,πολὺ

54 1234 133 1268 μετὰ
148 1234 230 1261 τοῦτο
244 1235 299 1262 τῶν
313 1237 501 1272 ἀνισταμένων
518 1240 534 1274 ἡ
551 1239 678 1274 διαφορὰ,
699 1240 770 1266 κατά
782 1249 812 1273 γε
829 1240 860 1268 τὸ

53 1281 86 1306 ὲν
110 1280 189 1316 δόξῃ,
203 1283 290 1318 φημὶ,
304 1284 351 1310 καὶ
374 1284 424 1319 τὴν
447 1286 500 1316 τοῖς
516 1285 632 1312 ἑκάστου
646 1285 757 1321 τρόποις
772 1295 857 1321 χρεωη

54 1326 218 1362 στουμένην
242 1328 384 1356 ἀντίδοσιν.
411 1329 560 1365 Γενόμενος
579 1331 669 1357 τοίνυν
685 1331 804 1367 ὑπήκοος
818 1333 858 1368 τῷ

53 1371 120 1406 θεῷ
137 1373 187 1398 καὶ
200 1373 290 1408 Πατρὶ
306 1374 387 1409 μέχρι
402 1374 529 1407 θανάτου,
543 1375 660 1403 Θανάτου
673 1377 701 1404 δὲ
726 1378 855 1414 σταυροῦ,

52 1418 132 1444 κατὰ
152 1418 202 1454 τὴν
215 1419 263 1446 τοῦ
279 1419 385 1447 Παύλου
401 1421 504 1456 φωνὴν,
522 1423 688 1458 ὑπερυψώθη
709 1424 790 1451 πάλιν
807 1425 856 1451 λα-

127 1464 160 1491 τδ
173 1466 258 1512 ὗνομία
277 1465 308 1492 τὸ
332 1467 402 1501 ὑπὲρ
417 1468 471 1494 πᾶν
484 1467 579 1504 ὄνομα.
598 1469 633 1498 ,Ὁ
647 1470 702 1512 γὰρ
717 1471 855 1505 νομισθεὶς

52 1510 205 1544 ἄνθρωπος
221 1510 292 1539 εἶναι
304 1512 390 1547 ψιλὸς,
406 1514 607 1550 ὑπερεδοξάσθη
616 1510 759 1548 λίανξΘεὸς
771 1517 854 1548 ὖντως
869 1536 890 1564 c

51 1557 104 1582 καὶ
121 1556 186 1588 Υἱὸς
197 1557 245 1583 τοῦ
256 1557 323 1584 Θεοῦ
333 1559 402 1585 κατὰ
418 1559 548 1594 ἀλήθειαν
561 1561 794 1596 ἀναδεδειγμὲνος,
805 1563 855 1589 οὐκ

52 1603 96 1633 εἰς
112 1602 208 1628 καινὸν
231 1602 340 1638 ἀξίωμα
367 1605 534 1640 κεκλημένος
553 1606 583 1632 τὸ
598 1604 667 1633 εἶναι
681 1607 760 1641 φύσει
777 1607 853 1640 Θεὸς,

51 1647 114 1674 ἀλλ’
127 1648 169 1679 εις
184 1647 254 1684 ὅπερ
278 1647 312 1683 ἧν
335 1649 384 1676 καὶ
403 1650 456 1684 πρὸ
472 1650 572 1685 σαρκὸς
589 1652 628 1682 εἰς
644 1652 724 1678 τοῦτο
736 1652 768 1688 δὴ
786 1652 855 1679 πάν-

51 1702 110 1724 τως
126 1693 174 1720 καὶ
204 1694 264 1728 μετ’
287 1694 372 1730 αὐτῆς
397 1695 562 1731 ἀναδραμὼν
583 1697 632 1732 τῆς
655 1698 765 1733 σαρκὸς,
783 1698 855 1725 κατὰ

50 1738 135 1765 τοῦτο
161 1739 321 1772 δεδοξάσθαι
335 1741 484 1776 νομιοῦμεν
500 1742 593 1774 αὐτὸν,
603 1744 693 1770 καίτοι
708 1744 758 1779 τῆς
774 1743 853 1780 δόξης

50 1786 120 1812 ὂντα
131 1786 175 1812 διὰ
188 1786 289 1818 παντὸς
304 1779 415 1822 Κύριον.
426 1789 524 1815 Καινὸν
538 1788 592 1824 γὰρ
606 1789 682 1816 οὐδὲν
698 1791 728 1816 ὲν
742 1791 854 1826 Χριστῷ

51 1830 109 1856 τῶν
124 1830 286 1866 θεοπρεπῶν
294 1831 457 1866 ἀξιωμάτων
467 1833 632 1869 εὑρίσκεται,
643 1834 712 1869 ἔχων
721 1834 749 1861 δὲ
765 1835 853 1862 πάντα

51 1876 237 1909 φυσικῶςιὼς
251 1877 329 1910 Θεὸς,
343 1878 390 1904 καὶ
407 1879 459 1914 πρὸ
470 1879 519 1914 τῆς
534 1879 684 1915 λεγομένης
700 1881 851 1913 κενώσεως.

57 1922 142 1948 Ἀλλὰ
164 1923 212 1949 καὶ
238 1923 287 1958 τῆς
311 1923 461 1959 ληφθείσης
475 1924 521 1951 τοῦ
532 1924 626 1951 δούλου
643 1926 760 1961 μορφῆς,
775 1927 852 1952 ἐπει-

49 1968 141 2004 δήπερ
167 1969 264 1995 ἑαυτὸν
278 1969 440 1996 άνε6ἱ6ασεν
463 1970 503 2001 εἰς
519 1971 612 1998 ἐκεῖνα
626 1971 708 1998 πάλιν
719 1992 725 2004 ,
745 1972 792 1998 καὶ
807 1972 850 1998 ὅτε

50 2015 167 2048 γέγονεν
177 2015 332 2050 ἄνθρωπος,
349 2016 508 2050 δεδοξάσθαι
523 2019 636 2050 νοεῖται,
651 2019 698 2045 καὶ
710 2019 851 2054 εἰληφέναι

51 2061 174 2095 λέγεται.
205 2061 398 2097 Δεδοξασμὲνῳ
423 2063 567 2098 τοιγαροῦν
591 2064 630 2100 τῷ
655 2065 766 2100 Χριστῷ
785 2074 846 2092 σνν-

51 2107 213 2140 ξεδόξασται
229 2108 339 2139 πάντως
359 2109 406 2134 καὶ
421 2110 435 2135 ό
447 2108 514 2140 Θεὸς
530 2111 576 2137 καὶ
592 2111 700 2145 Πατήρ·
719 2110 848 2146 ἐδοξάσθη

50 2154 79 2180 δὲ
102 2154 133 2179 ἐν
151 2153 219 2188 Υἱῷ,
235 2154 266 2180 οὐ
287 2153 367 2187 δόξης
386 2155 446 2182 τινὰ
468 2155 629 2191 προσθήκην
657 2156 753 2189 λαβὼν
773 2157 849 2193 παρὰ

925 234 1003 261 sterii
1021 233 1113 266 istius,
1130 233 1220 268 quoad
1238 233 1312 265 licet,
1334 238 1408 260 recte
1439 234 1637 268 expendamus,
1659 242 1714 261 non

924 279 976 306 sibi
996 279 1047 313 ipsi
1062 286 1151 313 neque
1165 278 1277 313 proprie
1295 282 1407 313 propter
1429 278 1551 313 seipsuin
1573 283 1713 306 mortuum

922 322 1089 353 videbimus,
1105 322 1152 349 sed
1168 329 1217 357 pro
1233 322 1363 349 universa
1379 322 1560 354 humanitate,
1583 328 1611 350 et
1628 324 1712 351 susti-

923 368 1017 395 nuisse
1035 375 1067 395 ac
1083 367 1182 396 fecisse
1200 368 1358 402 passionem
1376 368 1474 402 ipsam,
1490 372 1517 396 et
1538 373 1600 403 post
1626 370 1711 401 illam,

922 414 1163 442 resurrectionem.
1180 413 1304 442 Mortuus
1322 414 1394 440 enim
1413 418 1455 440 est
1480 414 1632 441 secundum
1648 422 1711 442 car-

922 467 994 491 nem,
1011 459 1095 486 vitam
1124 467 1202 487 suam
1228 467 1277 494 pro
1308 460 1363 486 vita
1382 460 1506 486 omnium
1539 460 1661 492 tradens,
1684 467 1711 489 et

920 505 1022 532 veteris
1036 504 1174 533 maledicti
1191 505 1218 531 in
1234 505 1328 540 seipso
1344 505 1397 532 vim
1416 504 1569 540 adimplens
1597 506 1642 533 ille
1659 514 1710 541 pro

919 550 1047 578 omnibus
1061 550 1240 578 mstimandus
1254 551 1274 578 θ.
1291 551 1433 578 Excitatus
1449 555 1540 578 autem
1554 556 1595 579 est
1612 550 1709 580 rursu’s

917 602 950 622 ex
967 595 1084 622 mortuis
1100 595 1126 621 in
1145 595 1228 621 vitam
1254 595 1491 628 incorruptibilem
1507 600 1534 622 et
1557 601 1688 624 aeternam
1699 618 1707 630 ,

918 645 1002 667 totam
1019 640 1046 667 in
1061 640 1154 675 seipso
1166 640 1305 668 suscitans
1333 645 1470 667 naturam.
1488 650 1497 666 ι
1517 640 1608 668 Semel
1633 643 1706 669 enim

917 691 1054 718 mortuus,
1067 691 1096 714 ut
1111 687 1245 721 scriptum
1266 692 1319 719 est,
1334 686 1390 722 jam
1404 694 1458 714 non
1475 688 1593 714 moritur
1606 697 1614 716 :
1633 697 1707 716 mors

917 734 954 760 illi
969 741 1023 760 non
1043 734 1115 760 ultra
1143 733 1342 759 dominabitur.
1370 732 1449 766 Quod
1477 734 1551 760 enim
1580 739 1706 762 mortuus

915 783 958 807 est
972 782 1096 814 peccato,
1119 781 1244 806 mortuus
1259 783 1300 805 est
1315 778 1399 805 semel
1414 786 1421 810 ;
1439 778 1511 812 quod
1524 784 1614 805 autem
1627 779 1703 811 vivit,

916 826 982 851 vivit
999 825 1052 852 Deo
1062 825 1083 851 ⁷.
1105 835 1115 849 ι
1137 824 1256 858 ldipsuni
1276 829 1302 850 et
1328 823 1361 851 de
1389 824 1471 851 nobis
1499 832 1609 859 quoque
1637 825 1705 860 ipsis

917 879 1010 898 verum
1025 871 1078 898 erit
1093 874 1203 906 propter
1217 869 1371 898 Christum.
1391 868 1446 896 Nec
1471 872 1544 896 enim
1573 870 1643 897 ultra
1662 878 1704 898 re-

916 924 1061 952 surgeinus
1074 915 1101 942 in
1119 919 1246 948 mortem,
1262 915 1310 942 sed
1338 915 1365 941 in
1382 915 1464 941 vitam
1481 919 1623 947 aeternam,
1641 916 1704 944 licet

915 970 1012 997 magna
1030 962 1121 988 futura
1139 962 1175 988 sit
1187 961 1295 988 delnuni
1314 960 1478 993 diﬂcrentia,
1501 961 1575 997 quod
1592 961 1625 988 ad
1643 962 1703 997 glo-

914 1009 981 1035 riam
998 1009 1139 1040 nilllil‘lllll,
1154 1013 1180 1035 et
1196 1007 1315 1035 debitam
1332 1007 1468 1042 cujusque
1483 1009 1608 1035 moribus
1622 1009 1702 1035 retri-A

914 1054 1065 1082 butionem.
1090 1053 1192 1080 Factus
1222 1053 1305 1088 igitur
1331 1053 1464 1079 obediens
1491 1052 1545 1080 Deo
1570 1061 1602 1080 ac
1627 1053 1702 1080 Patri

913 1107 1000 1134 usque
1026 1099 1060 1125 ad
1078 1104 1212 1129 mortem,
1230 1102 1346 1124 mortem
1373 1101 1464 1124 autem
1494 1098 1598 1130 crucis,
1622 1098 1700 1132 juxta

911 1143 989 1170 Pauli
1002 1142 1128 1174 vocem“.
1143 1142 1366 1176 superexaltatus
1381 1146 1425 1170 est
1441 1150 1549 1176 rursus,
1563 1144 1702 1178 accipiens

911 1198 1011 1218 nomen
1033 1188 1106 1224 quod
1131 1192 1174 1216 est
1192 1196 1274 1224 super
1298 1195 1380 1214 omne
1408 1196 1509 1215 nomen
1520 1189 1544 1216 '.
1560 1189 1611 1221 Qui
1627 1190 1700 1217 enim

911 1237 1002 1264 nudus
1020 1238 1103 1263 homo
1131 1242 1193 1261 esse
1209 1234 1369 1269 putabatur,
1387 1241 1469 1268 supra
1489 1235 1600 1261 modum
1617 1235 1701 1268 glori-

910 1281 1009 1308 ﬂcatus
1026 1280 1087 1312 fuit,
1104 1286 1169 1307 vere
1188 1278 1260 1306 Deus
1273 1282 1301 1305 et
1331 1277 1419 1305 Filius
1436 1286 1530 1305 revera
1565 1279 1610 1306 Dei
1637 1287 1701 1314 pro-

908 1328 995 1359 ditus.
1012 1335 1063 1354 nec
1075 1326 1107 1353 ad
1121 1333 1218 1353 novam
1234 1324 1380 1360 quamdam
1398 1324 1559 1360 dignitatem
1574 1330 1699 1358 vocatus,

908 1374 954 1410 qui
972 1378 1071 1401 natura
1088 1373 1159 1400 Deus
1175 1375 1244 1404 erat,
1273 1371 1321 1398 sed
1348 1370 1381 1397 ad
1410 1371 1435 1397 id
1460 1372 1531 1405 quod
1551 1375 1611 1398 erat
1636 1376 1700 1399 ante

907 1428 1032 1451 carnem,
1048 1420 1129 1447 etiam
1161 1426 1224 1446 cum
1251 1418 1310 1453 ipsa
1337 1426 1420 1445 carne
1449 1418 1570 1451 rediens,
1596 1418 1701 1445 idcirco

907 1466 1094 1493 clarissimum
1108 1472 1170 1492 esse
1182 1464 1273 1498 ipsum
1288 1463 1458 1498 putabimus,
1472 1464 1580 1491 tametsi
1591 1472 1700 1498 semper

907 1511 1000 1547 gloria).
1024 1510 1156 1538 Dominus
1179 1509 1323 1536 exstiterit.
1343 1509 1422 1536 Nulla
1442 1509 1514 1545 enim
1545 1517 1615 1536 nova
1639 1517 1701 1544 qua!

908 1558 955 1585 Dei
975 1558 1010 1584 sit
1026 1557 1146 1592 dignitas
1172 1555 1200 1582 in
1232 1555 1344 1582 Christo
1372 1555 1524 1588 reperitur,
1542 1554 1624 1590 746
1651 1555 1699 1582 sed

908 1604 1012 1631 habens
1044 1602 1137 1629 omnia
1168 1601 1348 1631 naturaliter,
1366 1604 1396 1626 ut
1415 1599 1499 1632 Deus,
1529 1601 1611 1628 etiam
1635 1605 1713 1638 ante

905 1657 966 1677 eain
985 1656 1068 1683 quam
1083 1647 1202 1674 dicimus
1221 1646 1413 1673 inanitiunem.
1439 1645 1491 1672 Sed
1517 1649 1544 1672 et
1558 1651 1697 1679 assumpta

905 1696 977 1722 servi
1006 1694 1095 1721 forma
1108 1693 1141 1725 ‘°,
1171 1691 1396 1727 quandoquidem
1431 1692 1552 1726 seipsum
1583 1692 1617 1718 ad
1652 1691 1698 1719 illa

906 1748 1004 1769 rursus
1018 1740 1128 1770 extulit.
1146 1740 1228 1767 etiam
1245 1746 1308 1766 cum
1327 1738 1410 1765 homo
1430 1738 1522 1766 faeius
1547 1743 1600 1771 est,
1616 1739 1698 1765 clari-

905 1787 1003 1814 ﬁcatus
1019 1786 1195 1820 intelligitur,
1210 1789 1238 1812 et
1263 1785 1416 1819 sumpsisse
1432 1784 1542 1812 dicitur.
1565 1784 1625 1812 Una
1645 1785 1698 1811 ita-

903 1841 958 1868 que
973 1840 1036 1860 cum
1053 1832 1164 1860 Christo
1177 1831 1332 1858 clariﬁcato
1349 1830 1518 1858 clariliratus
1531 1835 1573 1858 est
1585 1831 1697 1858 omnino

904 1879 977 1906 Deus
990 1885 1022 1905 ac
1039 1877 1118 1904 l'ater
1132 1886 1138 1904 :
1155 1876 1327 1904 clarilicatus
1343 1883 1410 1903 vero
1437 1880 1480 1904 est
1497 1876 1524 1903 in
1540 1875 1621 1910 Filiol
1640 1884 1696 1903 non

902 1929 1014 1957 accepta
1039 1923 1094 1951 ulla
1120 1922 1216 1958 gloriae
1245 1922 1405 1950 accessione
1422 1931 1438 1949 a
1455 1930 1507 1950 suo
1523 1922 1663 1957 genimine
1680 1931 1687 1950 :

902 1970 993 1998 divina
1014 1970 1115 2005 quippe
1131 1972 1158 1996 et
1172 1967 1321 1995 ineli'abilis
1340 1972 1440 1995 natura
1458 1976 1489 1995 ea
1509 1976 1623 2003 prorsus
1641 1975 1695 1995 non

903 2017 1030 2052 indiget;
1051 2015 1099 2043 sed
1117 2015 1182 2051 quia
1207 2015 1326 2041 innotuit
1344 2014 1424 2049 cujus
1453 2014 1516 2041 Filii
1538 2014 1574 2041 sit
1602 2013 1695 2042 Pater.

901 2061 1142 2096 Quemadmodum
1155 2061 1229 2088 enim
1243 2061 1386 2100 gloriavest
1399 2060 1480 2093 Filio,
1496 2061 1577 2087 talem
1594 2059 1696 2087 habere

902 2110 1056 2137 secundum
1073 2112 1202 2135 naturam
1213 2107 1377 2142 genitorem,
1391 2106 1487 2134 eodem
1501 2108 1582 2133 modo
1594 2113 1696 2133 censeo

900 2156 983 2183 etiam
1011 2155 1038 2182 in
1069 2154 1162 2181 Patris
1183 2153 1298 2188 gloriam
1318 2152 1427 2184 cedere,
1452 2151 1526 2187 quod
1550 2151 1632 2178 talem
1660 2159 1694 2178 ex

50 2199 98 2226 τοῦ
114 2199 182 2226 ἐδέου
195 2201 375 2235 γεννήματος·
396 2201 522 2237 ἀνενδεὴς
537 2202 590 2237 γὰρ
610 2202 732 2229 τοιούτου
747 2204 841 2235 παντὸς

901 2202 993 2236 seipso
1006 2200 1107 2227 habeat
1126 2198 1237 2228 Filium.
1263 2198 1410 2233 Propterea
1426 2197 1515 2224 dicit:
1537 2207 1546 2222 ι
1567 2196 1595 2224 Si
1622 2196 1694 2224 Deus

53 2247 65 2280 ἡ
77 2245 138 2272 θεία
151 2254 181 2272 τε
208 2246 255 2272 καὶ
271 2246 389 2282 samo;
403 2247 481 2282 φύσις
498 2256 505 2264 ·
519 2247 576 2274 ἀλλ’
588 2248 703 2283 ἐπείπερ
722 2248 845 2284 ἑγιὼσθη

50 2292 123 2322 τίνος
135 2292 195 2318 ἐστὶ
212 2293 317 2328 Πατήρ.
333 2293 436 2328 Ὂνπερ
453 2293 506 2329 γὰρ
521 2293 622 2327 τρόπον
638 2293 702 2327 δόξα
719 2294 767 2320 καὶ
783 2294 847 2322 καύ-

50 2346 127 2372 χημα
152 2338 183 2364 τὸ
204 2338 324 2364 τοιοῦτον
346 2337 417 2373 ἔχειν
438 2339 508 2365 κατὰ
531 2339 611 2374 φύσιν
629 2340 788 2375 γεννήτορα,
800 2340 846 2367 τὸν

50 2383 132 2409 αὐτὸν
148 2381 230 2418 οἶμαι
263 2384 363 2419 τρόπον
379 2385 426 2411 καὶ
443 2384 517 2419 αὐτῷ
536 2384 575 2420 τῷ
605 2386 692 2421 Πατρὶ
708 2385 772 2418 δόξα
799 2386 847 2413 καὶ

51 2428 184 2464 καύχημα
203 2429 234 2455 τὸ
250 2429 369 2456 τοιοῦτον
384 2430 456 2465 ἔχειν
471 2430 501 2463 ἐξ
520 2430 616 2457 ἑαυτοῦ
631 2431 677 2458 τὸν
689 2432 754 2459 ἴδιον
771 2432 846 2461 Υἱόν.

51 2473 99 2499 Διὰ
113 2473 194 2499 τοῦτό
212 2482 312 2508 φησιν’
328 2484 337 2499 ι
350 2475 379 2500 El
395 2476 409 2502 ὁ
423 2475 489 2507 Θεὸς
509 2475 639 2511 ἐδοξάσθη
660 2476 689 2502 ὲν
702 2476 786 2512 αὐτῷ,
799 2477 847 2504 καὶ

51 2520 63 2544 ὁ
77 2519 145 2550 Θεὸς
162 2519 271 2552 δοξάσει
297 2520 387 2548 αὐτόν.
401 2531 410 2547 ι
432 2521 509 2556 ’Δμα
528 2521 582 2557 γὰρ
605 2522 735 2558 ἐδοξάσθη
752 2523 847 2559 Πατὴρ

52 2565 94 2590 διὰ
115 2565 161 2590 τὸν
183 2565 258 2596 Υὶὺν,
282 2567 329 2593 καὶ
351 2566 526 2599 ἀντεδόξασεν
551 2567 631 2599 εὐθὺς
648 2568 692 2594 τὸν
705 2569 780 2594 Υἱόν·
801 2570 845 2595 ἐπ’

52 2611 133 2644 ἄμφω
154 2611 210 2646 γὰρ
233 2611 267 2637 δι’
282 2612 382 2646 ἀμφοῖν
400 2613 431 2639 τὸ
449 2614 499 2649 τῆς
526 2614 606 2648 δόξης
629 2614 715 2650 ὄνομα
741 2615 842 2650 τρέχει.

53 2657 121 2694 Πλὴν
137 2658 181 2684 ἵνα
196 2659 245 2684 καὶ
265 2659 294 2685 ὲν
311 2661 366 2691 τοῖς
383 2661 443 2687 καθ’
456 2661 530 2696 ἡμᾶς
543 2661 591 2695 τὴν
605 2663 651 2688 τοῦ
669 2661 748 2695 λόγου
761 2671 845 2688 κατα-

53 2704 210 2740 διδασωμεν
226 2705 350 2741 δύναμιν,
366 2707 498 2741 ὡφελείας
519 2709 576 2739 τοῖς
593 2707 780 2743 ἀκροωμένοις
805 2707 843 2734 τί·

55 2757 159 2782 κτῡντες
174 2750 315 2785 ἀφορμὴν,
331 2753 418 2778 ἐκεῖνο
433 2753 538 2784 τούτοις
552 2753 706 2788 ἐποίσομεν.
720 2754 750 2780 Εἰ
764 2753 841 2786 δοξά-

87 2839 96 2853 ⁶
115 2839 207 2868 Galat.
225 2848 271 2868 nt.
290 2840 331 2869 i5.
369 2841 378 2855 ⁷
391 2840 472 2869 item.
491 2849 527 2874 ri,
543 2843 574 2874 [δ.
595 2842 636 2869 il).

705 2842 823 2878 Philipp.
843 2851 880 2876 ιι,
900 2843 926 2871 8.
965 2844 975 2859 °
997 2843 1059 2871 ibid.
1082 2844 1108 2871 υ.

895 2247 1063 2275 clarificatus
1081 2249 1123 2272 est
1138 2245 1166 2272 in
1181 2253 1224 2277 co,
1248 2250 1276 2272 et
1293 2245 1365 2273 Deus
1390 2243 1556 2271 clariﬁcabit
1574 2251 1638 2270 eum
1664 2243 1693 2270 in

895 2294 1055 2327 semetipso.
1075 2302 1084 2318 ι
1110 2292 1198 2319 Simul
1227 2292 1302 2319 enim
1339 2291 1507 2319 clariﬁcatus
1537 2294 1581 2318 est
1612 2289 1693 2318 Pater

896 2344 1010 2375 propter
1025 2339 1141 2368 Filium.
1160 2342 1188 2366 et
1206 2338 1299 2365 statim
1316 2336 1419 2369 Filium,
1438 2336 1562 2364 vicissim
1588 2336 1692 2363 clariﬁ-

896 2385 1042 2414 cavitzad
1069 2389 1220 2419 utrumque
1244 2383 1338 2419 gloria:
1363 2391 1465 2410 nomen
1492 2383 1623 2418 pertinet.
1642 2381 1679 2410 Ve

897 2435 1053 2459 rumtamen
1068 2434 1098 2457 ut
1113 2435 1140 2457 et
1157 2429 1189 2457 ad
1204 2437 1255 2457 nos
1274 2437 1362 2464 usque
1374 2430 1511 2457 sermonis
1530 2429 1584 2456 vim
1600 2428 1688 2463 depri-

897 2485 1016 2509 mamus,
1032 2476 1161 2504 utilitatis
1187 2475 1362 2502 occasionem
1394 2474 1572 2502 auditoribus
1593 2478 1689 2510 partu-

895 2523 1009 2554 rientes,
1024 2521 1090 2549 illud
1104 2521 1148 2548 his
1159 2520 1304 2548 addemus.
1321 2519 1349 2546 Si
1365 2520 1551 2547 clarilicamus
1566 2519 1593 2546 in
1609 2519 1690 2546 nobis

895 2568 963 2603 ipsis
981 2568 1076 2600 Deum,
1088 2567 1254 2602 sperandum
1270 2569 1312 2594 est
1337 2573 1387 2593 nos
1404 2566 1586 2593 clarillcatum
1604 2565 1637 2591 iri
1654 2564 1689 2592 ab

896 2622 939 2642 eo.
958 2623 966 2640 I
988 2613 1056 2641 Vivo
1072 2614 1145 2641 enim
1161 2621 1222 2648 ego,
1238 2613 1308 2640 dixit
1330 2612 1474 2644 Dominus,
1501 2609 1566 2646 quia
1583 2610 1687 2645 gloriﬁ-

898 2664 994 2688 cantes
1010 2668 1052 2687 nie
1062 2659 1233 2694 gloriﬁcaho,
1247 2663 1274 2686 et
1301 2667 1355 2686 non
1373 2661 1540 2694 spernentur
1554 2657 1586 2683 “.
1601 2666 1611 2683 ν
1630 2655 1689 2683 Cla-

897 2707 1019 2734 rilicatur
1043 2711 1132 2733 autem
1154 2713 1203 2740 per
1223 2712 1273 2733 nos
1303 2710 1330 2732 et
1350 2705 1378 2732 in
1408 2704 1488 2732 nobis
1522 2702 1603 2734 Deus,
1624 2710 1687 2729 cum

898 2754 1019 2791 depulsis
1034 2752 1163 2781 sordibus
1192 2752 1294 2787 peccati
1311 2760 1359 2787 per
1388 2758 1470 2778 omne
1485 2757 1556 2784 opus
1581 2749 1685 2777 bonum

1149 2842 1170 2858 ¹⁶
1191 2841 1258 2870 ibid.
1277 2840 1302 2868 6.
1323 2841 1342 2855 “
1364 2839 1373 2867 Ι
1392 2839 1457 2875 Reg.
1478 2847 1515 2872 ιι,
1531 2838 1559 2866 2.
