1897 3032
199 135 255 164 155
681 135 710 163 S.
729 136 869 164 CYRILLI
889 133 1128 162 ALEXANDRINI
1147 131 1309 161 AllCHIEP.
1787 130 1841 158 156

194 195 320 219 nostram
336 190 419 219 vitam
439 191 622 219 illustranius.
637 190 762 220 Vivimus
776 192 850 220 enim
868 192 921 220 hoc
936 199 984 227 pa-

1063 200 1120 226 )μεν
1133 191 1161 217 ἐν
1172 191 1279 220 ἑαυτοῖς
1298 188 1344 215 τὴν
1360 188 1436 222 Θεὸν,
1455 188 1688 231 προσδοκήσαιμεν
1702 188 1745 216 ὅτι
1756 188 1838 222 δοξι

194 241 241 265 cto
257 238 283 264 in
301 237 416 272 gloriam
432 237 503 271 ejus.

1063 236 1199 272 θησόμεθα
1213 235 1278 270 παρ’
1291 233 1385 261 αὐτοῦ.
1405 243 1415 260 ι
1435 234 1477 260 Ζῶ
1489 234 1544 270 γὰρ
1560 234 1709 269 ὲγὼ,λέγει
1721 233 1841 269 Κύριος,

194 283 236 310 ὅτι
257 284 319 315 τοὺς
344 283 506 316 δοξάζοντας
528 292 560 319 με
597 283 717 316 δοξάσω.
735 285 783 311 καὶ
815 285 866 312 οὐκ
902 283 1173 319 ὲξουδενωθήσονται.
1196 291 1205 308 ι
1233 281 1381 314 Δοξάζεται
1410 281 1439 308 δὲ
1464 280 1498 307 δι’
1527 280 1607 316 ἡμῶν
1636 281 1686 307 καὶ
1714 281 1746 307 ὲν
1773 281 1843 315 ἡμῖν

195 331 210 357 6
225 329 310 361 Θεὸς,
347 330 411 356 ὅταν
439 330 484 356 τὸν
509 331 540 356 ὲκ
567 330 618 365 τῆς
643 331 781 366 ἁμαρτίας
808 332 1005 367 παρωσάμενοι
1043 330 1139 366 ῥύπον,
1161 329 1206 356 διὰ
1229 329 1320 365 πάσης
1345 328 1528 364 ἁγαθοεργίας
1553 327 1599 357 τὸν
1627 329 1729 355 οἰκεῖον
1753 336 1843 355 κατα-

196 375 385 411 φαιδρύνωμεν
412 375 478 411 βίον.
493 375 588 411 Ζῶμεν
609 376 663 413 γὰρ
684 376 771 409 οὕτως
791 378 832 409 είς
845 377 923 411 δόξαν
938 375 1031 404 αὑτοῦ.

232 419 303 452 XIII,
317 420 362 447 53.
378 419 484 452 Filiolt',
501 420 588 448 adhuc
607 422 739 449 modicum
762 422 895 449 vobiscum
912 430 982 451 sum.

233 465 380 493 Infantium
395 469 422 493 et
438 474 534 494 recens
545 466 683 494 editorum
699 468 759 496 loco
772 472 800 495 et
814 468 911 496 ordine
929 468 981 496 col-

197 511 442 546 locatdiscipulos,
456 511 522 539 licet
533 511 567 539 ad
582 516 688 540 tantam
700 513 812 542 virtutis
826 521 984 542 mensuram

196 548 318 589 evectos,
337 560 468 592 tantaque
495 557 800 593 prudentimpratditos
835 564 938 594 quanta
957 559 984 586 in

197 602 292 637 paucis
311 602 478 634 inveniatur.
511 603 574 631 hinc
604 605 777 638 apertissime
803 604 907 633 docens
923 613 985 633 eum

197 649 245 684 qui
259 648 339 675 valde
353 648 435 676 etiam
452 648 593 683 perfectus
605 649 677 677 inter
689 649 816 678 homines
832 655 988 684 censeatur,

197 693 331 722 infamem
344 702 407 722 esse
424 699 450 722 et
466 695 561 723 rudem
575 696 647 730 apud
661 695 758 724 Deum.
773 696 844 730 Quid
861 698 934 725 enim
947 701 989 725 est

197 741 344 775 prudentia
358 741 488 773 hominis.
505 741 529 769 si
547 749 610 769 cum
627 743 750 770 universi
765 743 864 778 opilioe
879 743 990 779 sapien-

197 787 236 813 tia
256 787 454 821 comparetur?
469 786 575 816 Idcirco
592 788 738 816 Psalmista
757 789 791 816 ad
808 789 892 817 Deum
914 790 989 818 dice-

197 830 261 858 bat:
281 841 289 856 ι
308 831 344 858 Ut
367 831 522 866 iumentum
551 832 640 863 factus
654 841 715 860 sum
732 834 806 868 apud
820 838 846 862 te
859 835 890 860 ¹¹.
910 844 919 860 ι
938 834 988 862 Ne-

197 883 252 910 que
274 884 339 903 vero
369 884 444 904 sana:
460 879 559 906 ruentis
591 879 664 907 ullus
682 880 784 907 dixerit
810 881 985 908 Psalmistam
1003 872 1023 898 Π

195 922 349 956 jumentum
363 923 424 951 ideo
443 925 534 951 vocari
549 925 622 960 quod
641 925 696 954 Deo
711 926 858 954 adhaeserit
886 937 892 954 :
911 931 986 955 esset

196 967 269 994 enim
287 969 380 1004 gravis
397 969 449 997 ista
466 970 493 997 in
511 975 639 998 naturam
664 972 784 999 divinam
808 973 985 1006 contumelia,

197 1021 379 1049 magnamque
395 1015 421 1041 in
440 1024 470 1043 se
487 1017 630 1044 continere
652 1017 855 1046 absurditatem
876 1019 985 1046 videre-

198 1064 254 1086 tur.
269 1059 337 1086 Nam
356 1062 402 1095 qui
431 1062 534 1089 homini
563 1063 681 1098 sapienti
710 1064 842 1096 adhaeret,
860 1069 888 1092 et
913 1065 986 1099 apud

198 1113 260 1132 eum
279 1105 368 1133 Iactus
383 1107 578 1142 est(aptanda
594 1109 665 1136 enim
681 1115 732 1140 est.
750 1115 778 1137 ut
797 1117 870 1142 reor.
888 1111 986 1145 psalmi

197 1151 294 1183 dictio.
311 1157 424 1187 propter
448 1161 526 1180 usum
541 1156 561 1187 ).
578 1163 751 1190 nequaquam
779 1161 808 1183 ut
833 1156 985 1191 jumentum

201 1197 297 1228 fuerit,
313 1199 362 1225 sed
387 1206 470 1233 sagax
484 1199 587 1234 potius,
603 1204 630 1227 et
651 1201 786 1235 prudens,
805 1209 836 1229 ac
855 1203 986 1237 singulari

199 1243 313 1271 solertia
332 1244 474 1279 praeditus.
489 1245 567 1278 Quod
583 1246 606 1273 si
622 1246 685 1281 qu‘is
700 1255 753 1275 non
772 1247 875 1282 injuria
892 1255 986 1275 verum

198 1289 278 1325 747
298 1289 326 1317 id
342 1298 402 1318 esse
423 1291 543 1323 dixerit,
575 1293 714 1325 quomodo
743 1301 798 1320 non
830 1293 918 1320 futilis
936 1294 987 1320 erit

198 1335 326 1370 quisquis
341 1336 482 1363 existimet
502 1336 640 1364 hominem
664 1339 816 1374 sapientem
837 1339 987 1366 belluinum

197 1385 226 1407 et
241 1381 367 1408 insanum
384 1381 452 1414 fore,
466 1382 531 1409 licet
548 1383 599 1417 ipsi
612 1383 659 1410 Dei
673 1385 816 1419 sapientiae
831 1384 988 1412 adhaereat?

199 1425 270 1458 Quid
291 1434 357 1461 ergo
369 1430 424 1459 est,
440 1427 540 1462 inquit,
558 1429 631 1463 quod
657 1430 738 1456 etiam
768 1430 838 1458 inter
863 1430 988 1458 homines

199 1471 433 1506 sapientissimus,
457 1472 480 1499 si
496 1481 557 1499 cum
580 1472 627 1501 Dei
642 1474 777 1509 sapientia
802 1481 987 1510 cmnparetur,

199 1521 230 1543 ut
251 1516 406 1551 jumentum
431 1516 586 1546 censendus
608 1520 656 1551 sit,
684 1524 711 1547 et
728 1520 800 1548 inter
815 1521 928 1548 insanos
946 1529 989 1549 re-
1003 1538 1024 1565 ε

200 1564 363 1598 putandus?
393 1565 633 1598 Quemadmodum
660 1567 734 1593 enim
770 1567 913 1594 minimum
944 1568 988 1594 ia-

200 1614 241 1637 ler
264 1614 339 1637 astra
364 1619 539 1646 nequaquam
569 1619 632 1639 eum
659 1612 728 1639 solis
756 1612 841 1640 radiis
857 1613 986 1643 certabit.

201 1663 290 1691 neque
305 1663 388 1692 grave
406 1664 505 1684 saxum
522 1648 592 1684 cuin
612 1662 706 1684 monte
733 1657 857 1685 amnium
889 1657 991 1685 altissi-

201 1710 258 1735 mo,
276 1703 317 1730 sic
339 1702 483 1730 hominum
509 1703 657 1738 prudentia
684 1711 826 1739 nunquam
856 1711 920 1731 cum
943 1703 990 1731 Dei

201 1748 337 1783 sapientia
362 1748 466 1783 poterit
484 1749 650 1783 comparari,
669 1749 726 1776 imo
744 1756 812 1776 vero
837 1749 906 1776 nihil
939 1749 992 1777 erit

203 1789 317 1829 prorsus
342 1793 376 1820 ad
405 1794 481 1822 illam
509 1799 680 1830 comparata.
711 1794 808 1822 Infans
832 1795 917 1830 igitur
950 1800 992 1824 est

202 1840 286 1867 etiam
302 1840 450 1876 perlectus.
466 1840 573 1868 Modico
589 1848 655 1868 vero
669 1845 793 1877 tempore
818 1849 881 1868 cum
909 1841 992 1869 disci-

160 1890 162 1894 '
203 1885 277 1920 pulis
294 1885 352 1914 suis
368 1886 427 1914 fore
440 1893 470 1914 se
484 1886 613 1915 Christus
629 1887 730 1920 aiebat,
743 1895 797 1914 non
814 1888 895 1922 quasi
912 1888 992 1922 plane

204 1938 376 1966 recessurus,
393 1940 483 1967 neque
500 1933 612 1960 omnino
640 1933 803 1961 alienandus
823 1943 829 1960 :
847 1934 992 1962 nobiscum

203 1977 277 2004 enim
294 1982 335 2006 est
354 1979 483 2006 onmibus
499 1978 607 2012 diebus,
616 1980 698 2007 etiam
713 1987 799 2014 usque
815 1979 848 2006 ad
864 1987 993 2007 consum-

203 2023 349 2051 mationem
365 2025 469 2057 saeculi,
483 2025 564 2060 juxta
587 2033 682 2053 vocem
702 2025 791 2060 ipsius
801 2025 822 2041 ”
838 2035 845 2052 :
866 2025 913 2053 sed
928 2026 992 2060 quia

202 2069 230 2097 in
247 2078 330 2098 carne
357 2079 412 2098 non
432 2072 545 2099 sitcum
574 2072 608 2099 iis
638 2072 760 2104 futurus,
792 2073 865 2099 sicut
890 2073 948 2100 heri
966 2078 993 2100 et

202 2117 418 2151 nudiustertius,
445 2118 565 2146 instabat
594 2126 659 2145 vero
694 2118 811 2151 foribus,
842 2120 896 2146 imo
921 2120 993 2146 intra

203 2168 297 2198 portas
316 2168 375 2190 erat
392 2168 500 2198 tempus
528 2164 698 2192 reversionis
713 2164 746 2191 ad
763 2164 870 2192 Patrem
889 2173 922 2193 ex
941 2166 993 2193 hoc

1073 422 1186 455 Τεκνία,
1201 420 1246 448 ἔτι
1256 421 1364 456 μικρὸν
1376 422 1489 456 χρόνον
1503 421 1567 456 μεθ’
1583 420 1666 456 ὑμῶν
1679 421 1753 456 ειμι.

1076 468 1120 495 ‘Ev
1138 469 1171 504 τῇ
1187 467 1242 495 τῶν
1263 468 1378 495 τεκνίων
1398 467 1485 501 τάξει,
1498 468 1545 494 καὶ
1557 468 1585 494 ὲν
1601 468 1659 499 τοῖς
1680 468 1843 504 ἀρτιτόκοις

1036 514 1148 550 βρέφεσι
1159 514 1323 541 κατατάττει
1338 515 1402 546 τοὺς
1415 513 1644 550 μαθητὰς,καίτοι
1655 514 1726 550 πρὸς
1742 515 1843 541 τοσοῦ-

1035 568 1081 588 τον
1110 561 1212 596 ἀρετῆς
1247 559 1477 596 ἀναπηδήσαντας
1508 560 1629 595 μέτρον,
1647 560 1697 586 καὶ
1727 559 1842 585 σύνεσιν

1035 606 1148 642 ἔχοντας
1162 607 1212 642 τὴν
1228 606 1329 641 ὀλίγοις
1342 605 1575 641 κατωρθωμένην,
1589 606 1697 638 δεικνὺς
1711 605 1759 632 διὰ
1778 605 1842 632 τού-

1035 660 1081 679 του
1092 673 1099 684 ,
1114 652 1163 679 καὶ
1189 653 1262 687 μάλα
1283 652 1388 687 σαφῶς,
1410 652 1451 678 ὅτι
1466 651 1514 679 καὶ
1530 653 1544 678 6
1569 651 1671 687 σφόδρα
1687 651 1801 682 τέλειος
1815 651 1842 676 ὲν

1035 697 1191 733 ἀνθρώποις
1209 698 1401 729 ὑποπτευθεὶς,
1421 697 1517 733 νήπιός
1532 697 1591 724 ἐστι
1616 697 1692 733 παρὰ
1711 697 1755 732 τῷ
1768 696 1840 731 Θεῷ,

1037 744 1084 770 ⁸ταὶ
1109 743 1212 779 βραχὺς
1235 743 1284 775 τὰς
1304 742 1416 779 φρένας.
1440 741 1473 769 Τί
1490 743 1577 778 γὰρὴ
1602 742 1752 778 ἀνθρώπου
1777 742 1842 769 ’,τύν-

1036 798 1095 820 εσις
1108 809 1115 821 ,
1130 789 1168 820 ὼς
1190 789 1260 823 πρὸς
1285 788 1333 823 τὴν
1347 788 1400 814 τῶν
1428 789 1497 815 ὅλων
1519 789 1637 823 τεχνῖτιν
1657 787 1779 822 σοφίαν;
1795 787 1843 813 Διά

1037 834 1116 861 τοῦτό
1139 843 1181 866 τις
1205 834 1314 869 ψάλλων
1338 833 1415 868 ἔλεγε
1446 834 1515 869 πρὸς
1542 833 1608 860 Θεόν
1629 842 1636 849 ·
1657 843 1667 859 ‹
1688 832 1844 868 Κτηνώῦῃ

1037 880 1187 916 ἐγεννήθην
1204 880 1280 915 παρὰ
1293 880 1344 908 σοί.
1364 889 1373 906 ι
1394 880 1448 906 Καὶ
1462 880 1522 915 οὐχὶ
1539 880 1649 911 πάντως
1663 880 1725 915 ὲρεῖ
1739 886 1799 911 τις,
1818 880 1843 905 εί

1037 934 1068 960 γε
1086 925 1147 952 νοῦν
1161 925 1228 960 ἔχοι,
1250 926 1293 952 διὰ
1311 925 1358 952 τοῦ
1383 925 1561 960 κεκολλῆσθαι
1576 924 1614 960 τῷ
1628 924 1699 959 Θεῷ,
1711 924 1841 959 κτηνώδη

1037 971 1163 1005 λέγεσθαι
1184 972 1230 998 τὸν
1250 971 1386 1006 ψάλλοντα
1408 979 1414 985 ·
1432 970 1475 1005 εἴη
1500 970 1555 1005 γὰρ
1578 969 1611 997 ἂν
1635 969 1717 997 τούτο
1740 970 1843 1005 πικρὸν

1037 1018 1086 1052 τῆς
1101 1017 1177 1049 θείας
1195 1017 1302 1052 φύσεως
1326 1016 1508 1052 κατηγόρημα
1520 1036 1527 1046 ,
1541 1016 1588 1042 καὶ
1605 1015 1708 1051 πολλὴν
1723 1016 1760 1042 ἂν
1782 1016 1843 1051 ἔχον

1037 1061 1125 1097 ὁρῷτο
1142 1062 1192 1098 τὴν
1209 1057 1336 1088 ἀτοπίαν.
1356 1061 1383 1087 '0
1404 1061 1452 1096 μὲν
1468 1060 1522 1096 γὰρ
1541 1059 1678 1095 ἀνθρώπῳ
1699 1059 1842 1095 κολλώμε-

1037 1116 1082 1139 νος
1096 1107 1181 1143 σοφῷ,
1195 1108 1243 1134 καὶ
1262 1107 1326 1143 παρ’
1345 1106 1419 1141 αὐτῷ
1442 1106 1585 1141 γινόμενος
1602 1106 1654 1139 (δεῖ
1671 1106 1738 1140 γὰρ,
1751 1104 1839 1141 οἶμαι,
1855 1131 1858 1135 ,

1037 1155 1087 1188 τὴν
1096 1154 1170 1187 λέξιν
1184 1154 1231 1180 τοῦ
1242 1153 1350 1188 ψαλμοῦ
1370 1152 1594 1188 συναρμόσασθαι
1604 1152 1650 1179 διὰ
1660 1150 1711 1188 τὴν
1719 1151 1840 1187 χρείαν),

1039 1200 1181 1236 κτηνώδης
1201 1200 1251 1227 οὐκ
1271 1199 1304 1226 ἂν
1329 1199 1434 1233 γένοιτό
1453 1206 1530 1232 ποτε,
1548 1197 1676 1233 ἀγχίνους
1687 1198 1719 1224 δὲ
1739 1197 1841 1232 μῶλον

1039 1246 1087 1273 καὶ
1112 1245 1234 1277 συνετὸς,
1259 1245 1306 1271 καὶ
1323 1244 1422 1280 δριμὺς
1441 1244 1481 1275 είς
1503 1243 1645 1278 φρόνησιν.
1661 1242 1693 1269 El
1707 1242 1740 1278 δὴ
1763 1241 1841 1268 τοῦτο

1039 1292 1105 1327 φαίη
1119 1300 1161 1323 τις
1176 1291 1220 1323 ἂν,
1233 1291 1280 1317 καὶ
1292 1291 1366 1326 μάλα
1380 1290 1493 1322 δικαίως
1509 1289 1644 1324 ὑπάρχειν
1655 1288 1770 1323 ἀληθὲς,
1783 1288 1841 1319 πῶς

1038 1337 1088 1363 οὐκ
1106 1336 1139 1363 ἂν
1154 1336 1238 1363 οἴοιτο
1250 1335 1341 1371 Ληρῶν
1355 1356 1361 1366 ,
1377 1335 1422 1361 τὸν
1448 1331 1503 1368 ᾦγε
1520 1334 1635 1369 πάρεστι
1655 1332 1781 1368 φρονεῖν,
1801 1333 1841 1358 ὅτι

1039 1382 1178 1418 κτηνώδης
1191 1382 1276 1414 ἔσται,
1286 1382 1331 1408 καὶ
1340 1381 1432 1412 ἄνους,
1446 1382 1460 1407 6
1474 1381 1540 1416 παρ’
1554 1380 1622 1415 αὐτῇ
1638 1379 1790 1414 γενόμενος
1808 1379 1839 1411 τῇ

1041 1429 1121 1464 σοφία
1138 1428 1186 1454 τοῦ
1210 1427 1296 1461 Θεοῦς
1314 1427 1346 1454 Τί
1369 1422 1416 1453 οὖν
1429 1427 1498 1462 ἄρα,
1513 1425 1605 1462 φησὶν,
1621 1425 1664 1452 ὅτι
1685 1426 1733 1452 καὶ
1748 1425 1765 1451 6
1781 1425 1839 1450 λίαν

1041 1475 1123 1510 σοφὸς
1144 1476 1172 1501 ὲν
1198 1473 1362 1509 ἀνθρώποις,
1380 1474 1404 1499 εἰ
1420 1473 1453 1508 τῇ
1470 1471 1518 1498 τοῦ
1540 1469 1608 1498 Θεοῦ
1629 1470 1710 1506 σοφία
1726 1470 1840 1504 συγκρί-

1041 1529 1123 1552 νοιτο,
1143 1519 1284 1554 κτηνώδης
1308 1527 1338 1545 τε
1363 1518 1400 1545 ὢν
1428 1517 1577 1553 ὀφθήσεται
1589 1536 1596 1548 ,
1611 1516 1659 1543 καὶ
1673 1517 1704 1543 ἐν
1718 1517 1780 1547 τοῖς
1794 1516 1840 1542 οὐκ

1041 1567 1132 1601 ἔχουσι
1162 1565 1224 1593 νοῦν
1248 1565 1465 1600 λογισθήσεται;
1487 1564 1592 1598 Ὂνπερ
1620 1563 1675 1598 γὰρ
1705 1562 1811 1598 τρόπον
1826 1561 1840 1587 6

1043 1611 1206 1647 μικρότατος
1224 1611 1278 1638 τῶν
1294 1611 1415 1645 ἀστέρων
1432 1609 1482 1636 οὐκ
1503 1609 1536 1636 ἂν
1553 1609 1612 1640 ταῖς
1627 1608 1704 1642 ἡλίου
1722 1607 1839 1642 φιλονει-

1042 1658 1103 1692 κοίη
1115 1657 1216 1692 βολαῖς,
1233 1657 1291 1683 ἀλλ’
1306 1656 1367 1683 οὐδὲ
1386 1656 1458 1687 λίθος
1474 1657 1488 1682 6
1502 1654 1586 1690 βαρὺς
1602 1654 1661 1690 ὄρει
1672 1654 1714 1689 τῷ
1729 1655 1839 1681 πάντων

1042 1704 1201 1739 ὑπερφερεῖ,
1217 1703 1303 1734 οὕτως
1319 1701 1472 1737 ἀνθρώπων
1490 1701 1598 1733 σύνεσις
1623 1701 1674 1726 οὐκ
1683 1699 1717 1726 ἂν
1731 1699 1839 1726 δύναιτό

1043 1759 1108 1777 ποτε
1131 1751 1165 1786 τῇ
1191 1749 1238 1776 τοῦ
1262 1748 1330 1776 Θεοῦ
1362 1749 1442 1783 σοφίᾳ
1471 1747 1678 1783 συγκρίνεσθαι,
1696 1747 1839 1782 μᾶλλονδὲ

1042 1797 1118 1824 οὐδὲν
1138 1796 1206 1828 ὅλως
1232 1795 1308 1821 ἔσται
1329 1795 1399 1830 πρὸς
1427 1794 1536 1829 ἐκείνην
1560 1792 1712 1825 παντελῶς.
1727 1793 1839 1820 Τεκνεον

1042 1842 1096 1878 ἄρα
1119 1842 1165 1868 καὶ
1183 1843 1198 1868 6
1218 1841 1330 1872 τέλειος.
1352 1840 1459 1875 Μικρὸν
1480 1848 1511 1873 γε
1533 1839 1588 1874 μὴν
1606 1838 1646 1866 ἔτι
1661 1839 1761 1874 χρόνον
1781 1848 1839 1866 συν-

1043 1887 1152 1914 έσεσθαι
1168 1888 1224 1918 τοῖς
1244 1885 1341 1912 ἑαυτοῦ
1357 1884 1493 1920 μαθηταῖς
1516 1883 1569 1920 ἔφη
1585 1884 1717 1921 Χριστὸς,
1734 1885 1789 1919 οὐχ
1807 1884 1840 1915 ὡς

1043 1933 1203 1969 ἁφεστήξων
1222 1931 1373 1963 παντελῶς,
1389 1931 1451 1957 οὐδὲ
1471 1932 1511 1962 εἰς
1526 1932 1600 1958 ἅπαν
1620 1930 1668 1957 καὶ
1684 1930 1840 1966 ὁλοκλήροις

1043 1980 1281 2015 ἀλλοτριούμενος·
1299 1978 1357 2014 μεθ’
1367 1978 1446 2014 ἡμῶν
1461 1979 1515 2014 γάρ
1529 1978 1587 2005 ἐστι
1602 1978 1695 2009 πάσας
1705 1977 1757 2009 τὰς
1774 1978 1837 2013 ἡμέ-

1044 2035 1104 2062 ρας,
1120 2026 1166 2052 καὶ
1178 2026 1230 2057 ἕως
1259 2025 1308 2060 τῆς
1325 2025 1481 2056 συντελείας
1494 2024 1541 2050 τοῦ
1567 2023 1666 2055 αἰῶνος
1679 2043 1687 2054 ,
1703 2023 1778 2050 κατὰ
1795 2024 1840 2057 τὴν

1043 2072 1126 2099 αὺτοῦ
1157 2072 1267 2107 φωνήν·
1285 2071 1342 2098 ἀλλ’
1360 2071 1400 2097 ὅτι
1429 2072 1497 2106 μετὰ
1527 2070 1628 2106 σαρκὸς
1653 2070 1685 2096 οὐ
1704 2070 1838 2099 συνέσται,

1044 2118 1170 2153 καθάπερ
1196 2118 1291 2153 ἐχθὲς,
1321 2117 1370 2144 καὶ
1396 2117 1510 2153 τρίτην·
1534 2114 1568 2151 ἦν
1595 2116 1624 2142 δὲ
1650 2115 1698 2142 ἐπὶ
1725 2115 1838 2151 θύραις,

1034 2166 1144 2200 ,μᾶλλον
1160 2165 1188 2192 δὲ
1203 2164 1268 2191 εἴσω
1286 2164 1376 2199 θυρῶν
1391 2165 1404 2190 ό
1424 2163 1520 2199 καιρὸς
1541 2162 1591 2198 τῆς
1622 2161 1749 2189 ἐντεῦθεν
1775 2163 1840 2188 ἁπο-

203 2208 317 2239 mundo.
336 2213 362 2236 et
377 2209 481 2236 reditus
493 2209 519 2236 in
532 2209 644 2237 cmlum.
659 2209 798 2244 Quotquot
813 2213 902 2236 autem
919 2213 987 2237 recte

1063 2211 1144 2247 ημίας
1169 2211 1232 2246 πρὸς
1256 2211 1301 2237 τδν
1328 2210 1447 2246 Πατέρα,
1467 2209 1514 2236 καὶ
1534 2209 1584 2243 τῆς
1610 2208 1707 2235 ἀνόδου
1731 2208 1786 2244 τῆς
1806 2207 1839 2238 εις

203 2255 337 2287 sentiunt,
356 2263 387 2282 ac
406 2256 510 2282 lirmam
530 2255 610 2282 (idem
630 2255 742 2287 habent,
757 2256 785 2282 in
805 2256 926 2283 animum
942 2257 993 2284 sibi

204 2300 336 2328 inducere
350 2301 452 2329 debent
470 2301 556 2337 quod,
584 2302 648 2329 licet
672 2301 745 2329 absit
763 2309 778 2329 a
803 2303 882 2329 nobis
898 2310 994 2334 carne,

204 2344 239 2371 ad
255 2343 339 2372 Deum
358 2354 455 2381 nempe
470 2355 502 2374 ac
517 2346 626 2374 Patrem
650 2355 787 2381 reversus,
805 2353 994 2376 verumtamen

204 2390 298 2417 divina
322 2392 347 2418 vi
373 2399 405 2419 ac
435 2397 572 2428 potestate
590 2393 681 2420 omnia
699 2393 845 2429 gubernat,
869 2399 895 2422 et
916 2394 995 2422 adest

204 2436 383 2472 diligentibus
412 2445 451 2465 se.
482 2438 588 2466 Idcirco
613 2440 688 2467 enim
715 2440 826 2468 aiebat:
847 2450 857 2466 ι
888 2441 991 2472 Amen.

204 2490 283 2510 amen
297 2482 361 2511 dico
375 2484 462 2517 vobis,
483 2485 528 2512 ubi
544 2485 598 2513 duo
615 2487 655 2514 vel
675 2491 729 2514 tres
741 2491 806 2514 sunt
824 2488 992 2523 congregati

205 2529 233 2557 in
261 2530 374 2557 nomine
399 2538 480 2559 meo.
507 2531 545 2558 ibi
570 2539 630 2559 sum
662 2533 688 2559 in
710 2532 801 2560 medio
819 2539 914 2560 eorum
927 2533 959 2559 ιδ.
982 2543 991 2559 ›

206 2575 441 2607 Quemadmodum
461 2577 533 2604 enim
563 2585 625 2604 cum
657 2578 729 2606 inter
750 2577 878 2606 homines
903 2578 994 2606 adhuc

206 2626 431 2655 conversaretur,
447 2628 475 2650 et
500 2623 528 2650 in
545 2627 617 2651 terra
643 2632 707 2652 cum
734 2632 818 2652 carne
835 2625 994 2658 exsisteret,

207 2666 339 2702 implebat
366 2668 477 2703 quidem
494 2670 589 2704 caelos,
607 2675 633 2698 ct
658 2678 721 2698 cum
750 2670 854 2698 sanctis
889 2671 996 2705 angelis

209 2712 383 2745 versabatur,
399 2721 450 2742 nec
467 2722 584 2750 superna
604 2716 662 2743 loca
689 2716 882 2750 relinquebat:
903 2716 940 2742 ita
968 2720 995 2743 et

208 2765 282 2785 nunc
308 2758 334 2785 in
355 2760 433 2788 malis
452 2769 515 2788 cum
545 2769 593 2789 sua
610 2770 694 2789 carne
724 2762 862 2790 exsistens
878 2767 993 2789 .tcrram

1042 2257 1166 2293 οὐρανόν.
1186 2258 1343 2284 Διακεῖσθαι
1369 2257 1397 2283 δὲ
1420 2257 1477 2282 δεῖν
1497 2256 1646 2289 ἀναγκαῖον
1663 2252 1735 2282 εἷναί
1759 2262 1838 2290 φημι,

1044 2305 1108 2335 τοὺς
1127 2303 1154 2330 οἵ
1168 2312 1200 2338 γε
1221 2305 1365 2338 φρονοῦσιν
1389 2302 1494 2338 ὀρθῶς.
1511 2301 1559 2328 καὶ
1585 2301 1734 2337 ἱδρυμένην
1750 2301 1840 2337 ἔχουσι

1043 2350 1093 2386 τὴν
1117 2350 1219 2381 πίστιν,
1235 2349 1272 2380 ὡς
1287 2350 1310 2375 εἰ
1334 2348 1382 2375 καὶ
1399 2348 1511 2375 ἄπεστιν
1524 2346 1603 2382 ἡμῶν
1617 2348 1650 2382 τῇ
1671 2347 1755 2382 σαρκὶ
1769 2367 1777 2378 ,
1797 2346 1840 2380 τὴν

1046 2396 1113 2431 πρὸς
1143 2395 1210 2422 Θεὸν
1242 2396 1290 2421 καὶ
1320 2394 1430 2430 Πατέρα
1462 2393 1637 2428 στειλάμενος
1666 2392 1838 2427 ἀποδημίαν,

1045 2440 1102 2467 ἀλλ’
1119 2437 1166 2466 οὖν
1190 2440 1223 2475 τῇ
1244 2439 1303 2474 θείᾳ
1324 2439 1438 2473 δυνάμει
1463 2437 1589 2472 περιέπει
1617 2437 1652 2463 τὰ
1676 2436 1837 2471 σύμπαντα.

1048 2486 1094 2514 καὶ
1113 2486 1286 2521 συμπάρεστι
1300 2487 1357 2517 τοῖς
1377 2484 1522 2519 ἀγαπῶσιν
1546 2483 1640 2510 αὐτόν.
1663 2484 1714 2510 Διὰ
1730 2483 1787 2518 γὰρ
1804 2491 1838 2510 τοι

1045 2531 1123 2558 τοῦτο
1146 2531 1193 2558 καὶ
1215 2530 1334 2565 ἔφασκεν
1348 2538 1355 2546 ο
1377 2540 1386 2556 ι
1420 2529 1522 2564 Ἀμὴν,
1551 2528 1645 2564 ἀμὴν,
1660 2527 1734 2562 λέγω
1759 2528 1837 2562 ὑμῖν,

1047 2578 1113 2604 ὅπου
1130 2578 1177 2604 ἐὰν
1192 2576 1368 2612 συναχθέντες
1384 2574 1434 2603 ὦσι
1455 2575 1501 2602 δύο
1518 2576 1534 2610 ἢ
1556 2576 1631 2610 τρεῖς
1656 2575 1698 2606 εἰς
1720 2574 1751 2601 τδ
1778 2574 1838 2609 ἐμὴν

1047 2624 1147 2659 ὄνομα,
1165 2624 1223 2650 ἐκεῖ
1243 2624 1300 2657 εἰμι
1326 2623 1355 2648 ἑν
1373 2623 1448 2658 μέσῳ
1463 2621 1562 2648 αὐτῶν.
1579 2630 1588 2646 ι
1604 2621 1713 2656 ’Ὥσπερ
1724 2620 1780 2655 γὰρ
1797 2621 1837 2646 ἁν-

1047 2669 1166 2705 θρώποις
1192 2669 1232 2696 ἔτι
1251 2668 1489 2703 συνδιαιτώμενος,
1506 2667 1552 2694 καὶ
1569 2667 1617 2694 ὲπὶ
1641 2667 1694 2702 γῆς
1711 2667 1837 2702 ὑπάρχων

1050 2715 1118 2750 μετὰ
1136 2716 1237 2750 σαρκὸς
1247 2736 1253 2747 ,
1271 2715 1390 2750 ἐπλήρου
1408 2716 1457 2749 μὲν
1471 2714 1620 2749 οὐρανοὺς,
1637 2714 1723 2748 συνῆν
1737 2712 1767 2739 δὲ
1783 2712 1836 2738 τότε

1049 2764 1106 2794 τοῖς
1128 2762 1215 2796 ἁγίοις
1241 2761 1375 2796 ἀγγέλοις,
1391 2761 1441 2788 οὐκ
1470 2759 1632 2787 ὰπελείπετό
1653 2768 1682 2786 τε
1707 2759 1764 2786 τῶν
1789 2758 1836 2785 ἂνω

247 2845 268 2861 ¹¹
287 2843 359 2873 Psal.
377 2855 448 2876 Lxxu
463 2869 469 2882 ,
486 2849 530 2876 23.
572 2851 591 2866 ’θ
612 2850 706 2877 Μςιιιιι⁴
728 2858 830 2882 xxvul,
849 2850 894 2877 20.
929 2850 949 2865 "'
970 2849 987 2877 li!

1063 2870 1065 2875 .
1084 2857 1166 2881 xvlu,
1183 2849 1226 2877 20.
