1897 3032
47 143 102 171 15⁵1

573 145 605 175 IN
632 145 773 175 IOANNIS
791 145 1016 174 EVANGELIUM
1038 147 1101 175 LIB.
1120 147 1154 176 IX

1635 148 1686 176 I58

43 200 165 236 χώρων·
179 199 254 227 οὓτω
265 201 312 228 καὶ
323 200 371 228 νῦν
381 201 512 237 ὑπάρχων
525 202 555 229 ὲν
566 202 691 238 οὐρανοῖς
712 204 781 239 μετά
793 203 844 239 τῆς

902 203 1005 239 ιυίιίειιι
1022 204 1128 240 Implet,
1148 208 1176 232 et
1194 212 1257 232 cum
1273 205 1332 233 suis
1350 207 1544 232 conversatur.
1561 203 1685 233 Observa

46 246 121 277 ιδίας
133 246 249 282 σαρκὸς,
257 246 358 282 πληροῖ
368 247 418 282 μὲν
429 247 480 283 τὴν
487 247 550 283 γῆν,
559 247 665 275 σύνεστι
674 249 702 276 δὲ
712 251 767 281 τοῖς
783 250 847 276 ἑαυ-

44 291 98 319 τοῦ
111 292 276 328 γνωρίμοις.
286 293 424 329 Ἐπιτὴρει
442 293 470 320 δὲ
480 294 564 328 ὅπως,
573 294 662 322 καίτοι
677 296 749 322 κατὰ
767 296 850 332 μόνην

45 337 101 373 τὴν
121 337 215 373 σάρκα
233 337 397 373 χωρίζεσθαι
416 339 574 374 προσδοκῶν
585 340 704 375 (σύνεστι
715 341 770 377 γὰρ
783 342 849 377 ἡμῖν

45 384 82 418 τῇ
93 383 210 418 δυνάμει
225 385 276 419 τῆς
291 383 417 420 θεότητος
431 384 476 412 διὰ
489 385 610 421 παντὸς),
619 386 661 414 ἔτι
677 388 774 423 μικρὸν
784 388 848 424 χρό-

45 436 96 454 νον
114 428 178 462 μεθ’
191 428 271 463 ἡμῶν
287 428 397 457 ἔσεσθαί
414 438 490 465 φησι,
504 431 614 465 τελείως
631 441 662 459 τε
674 434 720 460 καὶ
738 433 850 469 ὁλοκλή-

47 481 107 508 ρως
122 473 220 500 ἑαυτὸν
230 473 285 500 ἀπὺ
296 474 343 501 τοῦ
356 474 456 510 μέρους
471 477 622 511 σημαίνων,
636 478 680 505 ῖνα
697 479 734 514 μή
749 488 792 511 τις
807 480 848 511 εἰς

45 518 118 544 υἱῶν
131 519 216 546 δυάδα
228 519 383 555 διατέμνειν
391 522 517 558 ἐπιχειρῇ
532 522 577 550 τὸν
591 523 640 550 ἕνα
652 523 779 559 Χριστὸν,
789 521 847 552 ἀλλ’

43 563 87 594 ὡς
104 563 136 590 ἓν
156 573 183 590 τι
202 565 262 600 νοῇ,
281 565 327 592 καὶ
338 565 459 601 δέχοιτο,
471 567 519 594 καὶ
531 568 577 595 τὸν
601 569 634 596 ὲκ
647 569 716 596 Θεοῦ
741 570 848 605 Πατρὺς

45 610 218 645 γεννηθέντα
234 611 318 645 Λόγον
330 632 338 645 ,
356 613 403 639 καὶ
425 613 471 640 τὸν
493 614 526 642 ὲκ
543 616 593 651 τῆς
606 615 687 650 ἁγίας
708 616 847 652 Παρθένου

46 654 193 688 ληφθέντα
210 655 284 688 ναὸν,
301 657 349 692 οὐχ
365 658 406 684 ὅτι
425 658 476 693 τῆς
491 659 576 694 αὐτῆς
585 659 679 692 οὐσίας
692 661 772 692 είσὶν,
788 661 846 688 ἀλλ’

45 699 91 725 δτι
105 700 178 734 μετά
193 701 242 736 τὴν
253 702 372 738 ἄρρητον
387 703 496 736 ἕνωσιν,
510 705 524 730 ὁ
534 705 581 731 τοῦ
600 705 756 734 διακόπτειν
767 707 846 742 λόγος

45 746 100 772 οὐκ
113 746 230 782 etiam};
247 755 253 762 ·
272 745 312 779 εἷς
324 748 378 784 γὰρ
393 749 422 782 ἐξ
433 750 535 785 ἀμφοῖν
550 752 564 777 ὸ
579 751 600 777 Χ
606 753 705 787 ριστός.

83 791 241 825 Ζητήσετέ
253 802 302 827 με,
315 794 365 820 καί
379 795 476 828 καθὼς
488 794 576 823 εἶπον
593 797 656 830 τοῖς
676 798 843 832 Ἰουδαίοις,

46 836 129 864 ὅπου
154 837 212 872 ἐγὼ
228 839 347 874 ὑπάγω,
361 841 447 875 ὑμεῖς
465 843 502 869 οὺ
516 838 652 871 δύνασθέ
667 844 779 878 ἐλθεῖν,
795 845 845 872 καί

46 882 123 917 ὑμῖν
136 883 202 917 ἄρτι
220 885 308 918 λέγω.

83 929 145 956 Οὐκ
162 929 281 965 ἀζήμιον
295 932 435 964 παντελῶς
448 933 557 962 ἔσεσθαι
570 936 625 968 τοῖς
645 936 742 963 ἑαυτοῦ
758 936 846 972 μαθησ

45 977 108 1007 ταῖς
120 975 171 1008 τὴν
183 976 337 1012 ἀποδημίαν
348 979 425 1014 φησὶ,
433 979 482 1015 τὴν
491 980 586 1008 ἑαυτοῦ
601 981 845 1019 δηλονότιᾘριῖηω

47 1021 155 1055 μὲν,ὄτι
169 1022 240 1058 λύπῃ
255 1024 288 1058 τῇ
303 1024 349 1050 ἐπὶ
360 1024 448 1060 τούτῳ
461 1028 709 1062 κατατακήσονται,
720 1029 768 1056 καὶ
781 1029 846 1056 δύσο

46 1075 138 1094 οιστον
163 1068 252 1100 ἕξουσι
269 1070 318 1104 τῆς
330 1070 453 1097 ἐντεῦθεν
467 1072 578 1107 πικρίας
588 1073 618 1099 τὸ
629 1073 845 1109 βάρος.Συνεῖναι

48 1112 104 1148 γὰρ
120 1113 154 1149 δὴ
179 1114 228 1140 καὶ
254 1115 335 1142 πάλιν
354 1115 429 1150 αὐτῷ
450 1115 575 1153 διψήσειν
588 1137 596 1149 ,
614 1118 665 1145 οὐκ
682 1119 844 1155 ἀμφίὸολον,

48 1160 96 1185 καὶ
107 1159 313 1187 συνδιαιτᾶσθαι
323 1161 369 1188 διὰ
381 1162 470 1189 πάντα
486 1162 589 1190 ἐθέλειν
600 1164 709 1196 αὐτοὺς,
718 1164 844 1200 καθάπερ

46 1204 147 1239 ἀμέλει
162 1205 209 1232 καὶ
221 1206 236 1231 ό
248 1205 390 1239 θεσπέσιος
408 1207 524 1241 Παῦλος,
544 1209 590 1236 καὶ
604 1210 690 1245 αὐτῆς
704 1209 843 1248 προτιθεὶς

48 1250 99 1285 τῆς
117 1251 213 1279 ἐνθάδε
225 1251 299 1288 ζωῆς
311 1253 342 1279 τὸ
356 1255 476 1281 συνεῖναι
495 1255 615 1291 Χριστῷ,
635 1258 759 1291 κρεῖττον
775 1256 842 1291 ξφα-

49 1305 114 1323 τκεν
129 1294 201 1325 εἶναι
217 1298 248 1324 τὺ
257 1298 401 1332 ἀναλῦσαι,
413 1300 460 1327 καλ¹
470 1300 519 1327 σὺν
533 1301 643 1337 Χριστῷ
658 1300 737 1329 εἶναι.
752 1303 844 1330 Ταῦτα

49 1344 233 1378 συνεωρακὼς
246 1345 261 1371 ό
273 1345 399 1380 Χριστὸς,
419 1345 466 1372 καὶ
480 1346 530 1378 τὰς
543 1346 597 1373 τῶν
610 1347 779 1381 ἀγαπώντων
795 1349 845 1375 αὑ-

48 1389 94 1416 τὸν
107 1390 158 1416 οὐκ
169 1390 307 1425 ἀγνοήσας
320 1391 443 1426 καρδίας,
459 1392 489 1418 οὐ
501 1392 563 1428 δίχα
572 1393 660 1429 λύπης
671 1394 843 1426 ἔσεσθαιτοϊς

49 1434 187 1470 μαθηταῖς
210 1435 263 1471 ἔφη
287 1436 336 1471 τὴν
357 1436 455 1463 ἑαυτοῦ
471 1437 563 1464 ἄνοδον
582 1446 589 1454 ⁸
605 1439 663 1465 ἀλλ’
684 1437 719 1475 ἦν
735 1449 776 1471 τις
797 1441 843 1467 ἐπὶ

47 1480 137 1516 τούτῳ
151 1480 199 1507 καὶ
221 1481 302 1516 ἑτέρα
321 1481 457 1517 πρόφασις
475 1483 587 1519 ἀληθὴς,
611 1484 702 1520 ζητεῖν
720 1485 843 1519 ἀναγκά-

48 1525 135 1557 ζουσα
164 1525 196 1552 τὸ
223 1527 341 1554 συνεῖναι
367 1527 478 1563 Χριστῷ
501 1528 565 1560 τοὺς
587 1529 681 1563 ἁγίους
706 1530 840 1565 μαθητάς.
855 1542 877 1572 c

53 1573 215 1608 Ὀμιλήσειν
236 1573 288 1608 μὲν
304 1573 358 1609 γὰρ
375 1574 436 1600 ὅσον
452 1574 558 1601 οὐδέπω
577 1575 709 1607 κινδύνοις
731 1576 844 1611 ἔμελλον

48 1620 79 1646 οὐ
94 1621 213 1655 μικροῖς,
225 1619 274 1646 καὶ
292 1621 350 1651 ταῖς
377 1620 512 1647 Ἰουδαίων
526 1621 688 1653 ἀκαθέκτοις
703 1622 844 1654 ἁπονοὶαις

50 1665 320 1699 κατασφενδονᾶσθαι
336 1665 452 1701 συχνῶς,
467 1665 535 1693 ἀλλὰ
549 1667 596 1693 καὶ
619 1668 678 1698 ταῖς
697 1667 727 1699 ἐξ
743 1667 844 1703 ἑτέρων

48 1711 132 1738 τινῶν
143 1710 356 1751 περιπεσεῖσθαι
380 1712 500 1746 μανίαις,
516 1711 581 1746 ὅλην
604 1711 777 1747 περιθέοντες
794 1712 844 1747 τὴν

47 1757 222 1792 οἰκουμένην,
239 1756 353 1788 καὶτοῖς
368 1756 408 1784 ἔτι
423 1757 610 1793 πλανωμένοις
626 1758 671 1784 τὸν
686 1758 733 1784 τοῦ
751 1759 843 1794 Σωτῆ-

51 1812 98 1839 ρος
121 1802 351 1838 διακηρὺττοντες
366 1802 446 1837 λόγον
457 1824 464 1835 ,
477 1803 515 1835 ὼς
534 1803 731 1840 δεσμωτηρίων
750 1805 845 1839 πειρᾶ-

48 1848 122 1881 σθαι,
139 1847 246 1884 ὕϐρεώς
259 1857 288 1874 τε
299 1848 447 1880 καὶαίκίας
461 1848 511 1876 οὐκ
528 1849 663 1885 ἀμοιρεῖν,
680 1850 726 1876 καὶ
741 1850 844 1885 ἑτέρων

47 1895 126 1922 οὐδὲν
141 1893 223 1931 ἦττον
239 1894 432 1929 στρεϐλώσεων
457 1895 497 1926 εις
512 1896 612 1930 πεῖραν
638 1895 741 1922 ἐλθεῖν
754 1896 843 1923 καίτοι

47 1940 104 1966 τῶν
119 1939 249 1966 τοιούτων
266 1939 372 1971 οὐδενὸς
387 1940 586 1976 πεπειραμένοι
605 1941 739 1976 πρότερον
753 1941 782 1967 ὲν
803 1941 842 1977 τῷ

48 1985 172 2011 συνεῖναι
197 1983 318 2020 Χριστῷ.
335 1984 484 2019 Ζητήσςτε,
507 1984 586 2020 φησὶ,
603 1985 694 2012 τοίνυν
717 1986 777 2013 τότε
793 1987 842 2022 τὴν

46 2030 118 2066 ἐμὴν
135 2030 255 2065 μάλιστα
279 2029 422 2056 συνουσίαν
435 2050 442 2062 ,
455 2030 520 2057 ὃταν
535 2031 607 2066 ὑμᾶς
627 2030 663 2057 τὰ
684 2031 844 2067 πολύτροπα

46 2078 102 2103 τῶν
119 2076 283 2112 πειρασμῶν
303 2076 456 2112 ἐκταράττῃ
472 2076 592 2112 κύματα.
607 2077 692 2104 Τοῦτο
708 2076 797 2114 δὲῆν,
810 2078 842 2105 οὐ

47 2122 118 2157 πρὸς
140 2121 242 2148 δειλίαν
259 2121 370 2155 ἄγοντος
380 2141 388 2152 ,
403 2121 420 2156 ἢ
435 2121 697 2157 προσκατακλῶντος
709 2122 748 2158 τῷ
765 2123 842 2158 φόϐῳ

47 2171 112 2200 τοὺς
137 2167 263 2204 μαθητάς
273 2175 279 2181 ·
300 2167 491 2202 ἰπαλείφοντος
504 2168 532 2194 δὲ
551 2168 651 2203 μᾶλλον
663 2169 703 2200 εἰς
719 2169 842 2202 εὐτονίας

900 256 995 284 porro,
1024 254 1054 277 ut
1079 250 1232 278 secundum
1259 257 1372 278 carnem
1400 250 1536 277 duntaxat
1561 250 1687 278 abiturus

901 294 999 330 (adest
1025 295 1099 323 enim
1126 295 1207 323 nobis
1231 302 1341 331 semper
1373 295 1475 323 virtute
1496 295 1652 322 divinitatis
1664 301 1685 330 ι,

899 340 990 368 adhuc
1003 340 1143 368 modicum
1156 345 1265 376 tempus
1279 341 1426 369 nobiscum
1452 341 1512 369 fore
1542 349 1573 369 se
1599 341 1685 374 dicat,

899 386 1020 421 perfecte
1035 387 1210 424 semetipsum
1224 394 1257 414 ac
1273 387 1392 415 totaliter
1408 395 1423 414 a
1434 392 1512 422 parte
1527 387 1684 420 nominans,

898 440 933 461 ne
948 432 1010 468 quls
1039 432 1066 460 in
1082 432 1152 460 duos
1181 433 1251 461 lllios
1277 433 1416 461 Christum
1443 433 1557 464 dividat,
1589 432 1637 460 sed
1657 437 1686 459 ut

898 485 983 505 unum
1000 480 1112 505 omnino
1126 485 1188 506 esse
1203 478 1298 506 credat
1315 482 1342 507 et
1361 478 1480 506 fateatur
1507 478 1575 506 illud
1610 478 1684 513 quod

897 531 930 551 ex
944 523 1025 551 Patre
1040 527 1134 551 natum
1149 527 1193 552 est
1214 523 1354 557 Verbum,
1375 528 1402 552 et
1422 525 1495 559 quod
1512 532 1545 551 ex
1572 523 1686 559 Virgine

897 573 1067 604 assumptum
1081 573 1124 597 est
1148 570 1280 604 templum
1294 578 1300 596 :
1321 578 1376 598 non
1391 570 1455 605 quia
1472 570 1595 605 ejusdem
1619 571 1686 597 sub-

897 615 1006 643 stantire
1036 615 1081 648 sit,
1100 615 1148 643 sed
1166 615 1231 650 quia
1253 620 1315 650 post
1345 615 1512 644 ineﬂ'abilem
1541 615 1683 646 unionem,

897 660 987 696 ipsum
999 661 1119 689 dividere
1132 661 1270 696 piaculum
1284 661 1320 690 sit
1333 671 1340 690 ς
1355 670 1428 690 unus
1442 662 1517 690 enim
1537 669 1571 689 ex
1588 662 1684 689 ambo-

896 707 948 735 bus
966 707 1096 735 Christus
1114 712 1168 735 est.

930 796 999 829 XIII,
1013 797 1058 824 35.
1073 796 1205 829 Quantis
1218 805 1270 829 me,
1288 801 1323 828 et,
1342 797 1411 824 sicut
1425 796 1484 824 dixi
1496 796 1613 826 Iudaeis.
1631 804 1683 830 quo

895 842 978 878 748
997 850 1043 876 ego
1063 843 1139 875 vado,
1157 851 1202 870 vos
1225 851 1277 869 non
1303 843 1413 878 potestis
1436 843 1523 870 venire
1537 862 1545 874 ,
1565 846 1590 869 et
1610 842 1683 869 vobis

895 888 954 915 dico
971 888 1060 914 modo.
1309 882 1311 884 ’

931 933 1088 961 Discessqu
1104 933 1176 961 haud
1195 934 1310 969 jactura:
1332 940 1446 970 prorsus
1462 937 1601 969 expertem
1626 933 1685 960 fore

895 979 1040 1015 discipulis
1063 980 1122 1008 suis
1148 980 1186 1006 ait
1209 989 1216 1006 :
1237 980 1355 1015 primum
1385 979 1508 1014 quidem,
1533 979 1598 1014 quia
1622 977 1684 1013 ejus

895 1025 992 1053 dolore
1020 1025 1232 1058 contabescenl,
1249 1029 1277 1053 et
1299 1025 1510 1053 acerbissimum
1529 1024 1593 1051 inde
1616 1031 1684 1051 litte—

895 1078 985 1098 rorem
1010 1071 1177 1106 concipiant.
1196 1070 1251 1098 Nec
1271 1070 1347 1098 enim
1380 1069 1495 1098 dubium
1513 1074 1556 1098 est
1574 1070 1684 1105 gravis-

894 1117 965 1144 simo
990 1116 1051 1152 ejus
1075 1114 1213 1145 desiderio
1242 1116 1384 1144 detentum
1405 1117 1456 1148 iri,
1482 1121 1509 1143 et
1534 1123 1684 1142 conversa-

894 1163 996 1190 tionem
1016 1162 1077 1197 ejus
1101 1163 1296 1197 requisiturus,
1324 1161 1559 1197 quemadmodum
1587 1168 1684 1195 nempe

893 1208 1004 1236 divinus
1018 1207 1063 1234 ille
1080 1207 1182 1236 Paulus
1194 1207 1247 1242 ipsi
1262 1207 1345 1235 etiam
1358 1208 1485 1243 corporis
1500 1207 1564 1234 vitae
1577 1205 1683 1233 versari

894 1261 956 1281 cum
980 1252 1092 1281 Christo
1116 1261 1289 1288 prrponeus,
1307 1253 1407 1280 melius
1431 1253 1486 1280 sibi
1503 1252 1595 1279 aiebat
1621 1259 1684 1279 esse

893 1298 1017 1332 dissolvi,
1032 1303 1060 1326 ct
1070 1306 1132 1327 esse
1150 1307 1213 1326 cum
1226 1299 1338 1326 Christo
1349 1298 1382 1326 ".
1400 1297 1463 1326 Haec
1475 1297 1604 1325 Christus
1619 1304 1682 1323 cum

893 1345 1063 1381 praevideret,
1075 1352 1125 1372 nec
1136 1345 1221 1372 corda
1229 1345 1403 1380 diligentium
1415 1352 1446 1372 se
1462 1344 1613 1378 ignoraret,
1626 1351 1683 1370 non

892 1394 1033 1426 expertem
1051 1390 1180 1419 mteroris
1199 1390 1344 1426 discipulis
1361 1390 1421 1418 lbre
1435 1390 1507 1417 dixit
1521 1397 1603 1417 suum
1621 1389 1690 1416 dis!

892 1444 1012 1464 cessum.
1036 1435 1091 1464 Sed
1105 1440 1133 1464 et
1150 1436 1204 1463 alia
1219 1441 1349 1471 praterea
1368 1444 1433 1464 vera
1447 1443 1531 1464 causa
1546 1439 1605 1463 erat
1622 1443 1683 1470 quas

893 1486 1006 1510 sanctos
1021 1481 1173 1517 discipulos
1186 1482 1314 1518 adigebat
1328 1486 1358 1509 ut
1369 1490 1431 1510 cum
1448 1482 1559 1510 Christo
1574 1482 1679 1509 versari

894 1531 1034 1563 cuperent.
1051 1527 1157 1563 Quippe
1171 1535 1235 1555 mox
1254 1528 1348 1563 gravia
1374 1529 1496 1563 pericula
1523 1528 1682 1563 perpessuri

893 1579 983 1607 erant,
1000 1581 1065 1602 cum
1083 1577 1110 1601 ct
1123 1572 1264 1602 eﬂrenatis
1275 1573 1434 1601 Iudaeorum
1449 1581 1521 1609 saepe
1537 1573 1620 1608 objici
1640 1573 1684 1600 fu-

893 1620 1017 1652 roribus,
1035 1624 1092 1647 tum
1108 1619 1226 1647 aliorum
1241 1619 1424 1654 quorumdam
1449 1619 1619 1654 intemperiei
1637 1627 1685 1655 pa-

893 1669 952 1693 tere
963 1664 1107 1696 debebant,
1125 1668 1212 1691 totum
1230 1664 1325 1691 orbem
1338 1668 1474 1692 terrarum
1495 1664 1640 1696 obeuntes,
1655 1667 1683 1691 et

893 1711 1052 1740 errantibus
1068 1710 1159 1739 adhuc
1184 1711 1340 1739 Servatoris
1354 1710 1509 1738 doctrinam
1533 1710 1684 1745 praedican-

893 1760 946 1790 tes,
965 1756 1033 1784 adeo
1061 1760 1090 1784 ut
1118 1763 1169 1784 nec
1187 1763 1314 1784 carceres
1340 1755 1479 1787 deessent.
1511 1763 1563 1783 nec
1587 1755 1699 1792 ωειλ,-

894 1811 946 1831 nec.
960 1803 1123 1839 iniuriarum
1139 1810 1172 1830 ac
1199 1806 1403 1830 tormentorum
1417 1809 1504 1837 genus
1522 1802 1608 1828 ullum
1638 1801 1682 1828 in-

893 1854 1037 1885 expertum
1065 1848 1208 1881 haberent,
1239 1855 1358 1883 quorum
1378 1847 1483 1875 nullum
1509 1847 1588 1882 prius
1617 1847 1682 1874 dum

893 1897 1071 1922 versarentur
1104 1901 1168 1921 cum
1195 1893 1309 1921 Christo
1327 1894 1512 1928 pertulerunt.
1536 1893 1682 1926 Quaeretis,

893 1941 992 1976 inquit,
1008 1943 1074 1967 tunc
1091 1947 1179 1967 meam
1204 1939 1324 1967 maxime
1351 1939 1535 1974 prasentiam,
1556 1946 1619 1966 cum
1634 1946 1683 1967 vos

894 1984 1078 2014 tentationum
1092 1985 1161 2013 varii
1188 1984 1289 2012 ﬂuctus
1308 1984 1492 2013 turbaverint.
1508 1983 1565 2012 Hoc
1590 1989 1682 2012 autem

892 2037 936 2062 est
955 2040 1010 2060 non
1026 2029 1183 2059 inducentis
1195 2031 1229 2058 ad
1246 2030 1437 2063 formidinem,
1468 2035 1517 2058 aut
1531 2030 1684 2065 discipulos

895 2078 992 2106 timore
1007 2077 1171 2112 frangentia,
1191 2077 1240 2104 sed
1272 2076 1306 2104 ad
1324 2076 1410 2104 robur
1437 2080 1466 2104 et
1494 2075 1682 2104 constantiam

893 2123 986 2159 potius
1004 2121 1145 2157 ungentis,
1162 2125 1190 2149 et
1201 2121 1234 2148 ad
1251 2128 1347 2148 eorum
1362 2128 1424 2156 qua:
1436 2124 1568 2148 eventura
1586 2119 1683 2148 crede-

893 2170 993 2198 bantur
1007 2168 1180 2196 tolerantiam
1195 2168 1376 2195 instituentis.
1404 2167 1461 2195 Nec
1474 2166 1547 2195 enim
1569 2173 1682 2201 compe-

47 2214 193 2249 ἀνάληψιν,
219 2213 267 2240 καὶ
281 2214 362 2240 οἱονεὶ
383 2213 452 2249 πρὸς
479 2213 529 2250 τὴν
552 2214 607 2240 τῶν
623 2214 732 2242 ἔσεσθαι
759 2223 843 2250 προσ-

902 2216 999 2243 riemus
1011 2214 1108 2242 inutile
1122 2221 1196 2248 esse,
1210 2213 1266 2241 imo
1280 2221 1346 2242 vero
1360 2220 1489 2248 magnam
1501 2213 1528 2239 in
1556 2219 1585 2239 se
1605 2211 1682 2238 utili-

47 2260 213 2294 ὄοκωμὲνων
223 2259 363 2295 ὑπομονὴν
380 2268 480 2294 προευτ
485 2259 647 2295 ρεπισθῆναι
659 2260 841 2292 διδάσκοντος.

47 2306 86 2333 Οὐ
102 2305 157 2340 γὰρ
176 2305 331 2341 εὑρήσομεν
343 2305 457 2341 ἀκερδὲς
467 2325 474 2337 ,
487 2306 626 2340 μᾶλλονδὲ
641 2306 742 2342 πολλὴν
756 2306 789 2333 ἄν
802 2315 843 2339 τις

48 2351 98 2377 Eoi
114 2351 165 2386 τὴν
179 2351 271 2386 ὕνησιν
282 2350 343 2386 ἕχον
355 2351 385 2377 τὸ
400 2352 428 2377 ὲν
440 2351 564 2386 Ψαλμοῖς
574 2352 714 2387 ᾀδόμενον,
727 2361 737 2377 ι
755 2352 844 2379 Ὴτοι-

49 2396 170 2431 μάσθην,
184 2397 232 2422 καὶ
249 2395 299 2422 οὐκ
315 2395 479 2431 ἐταράχθην.
496 2406 505 2422 ι
525 2397 561 2423 Τὸ
578 2397 628 2432 μὲν
641 2397 696 2432 γὰρ
711 2397 781 2428 ὅλως
792 2397 843 2424 οὐκ

48 2442 177 2470 ἐλπισθὲν
191 2442 246 2468 τῶν
263 2442 365 2469 ἀδικεῖν
380 2442 516 2469 εἰωθότων
543 2443 629 2470 δεινὸν
645 2445 684 2475 εἰς
699 2443 841 2479 θορύϐους,

48 2489 96 2515 καὶ
112 2488 245 2524 eum,ch
265 2497 323 2520 πως
336 2488 393 2523 ἔχει
406 2488 456 2524 τὴν
467 2488 561 2524 ἔφοδον
573 2497 580 2504 ν
594 2489 625 2515 τὸ
635 2489 664 2516 δὲ
675 2491 735 2521 ταῖς
755 2498 841 2525 προσ-

47 2535 163 2567 δοκίαις,
177 2535 226 2561 καὶ
245 2534 276 2561 τὸ
295 2535 334 2570 τῷ
350 2534 539 2570 προεγνῶσθαί
552 2542 606 2562 τισι
628 2535 841 2571 προδαπανῆσαν

48 2581 99 2616 ἤδη
119 2581 168 2608 τοῦ
183 2580 268 2615 φόϐου
285 2581 316 2608 τὸ
339 2581 431 2613 πλέον,
444 2581 495 2608 οὐκ
514 2581 633 2616 ἄκρατον
648 2581 705 2617 ἔχει
715 2582 765 2618 τὴν
780 2582 841 2610 καθ’

47 2623 86 2652 ὧν
96 2626 131 2653 ἂν
144 2627 217 2652 ἐπίοι
243 2625 367 2661 δύναμιν,
379 2625 621 2662 προμελετησάσης
637 2626 702 2653 αὐτὸ
719 2626 766 2662 τῆς
781 2627 839 2654 διοι-

47 2673 134 2704 νοίας,
151 2672 199 2699 καὶ
222 2671 260 2704 ὡς
279 2672 330 2707 ήδη
351 2672 437 2707 παρῦν
460 2671 609 2707 δεξαμένης
624 2671 763 2704 πολλάκις,
778 2672 839 2700 ὅσον

48 2719 88 2750 εἰς
113 2718 221 2750 ἑννοίας
240 2717 363 2752 δύναμιν.
380 2718 485 2753 Ὠσπερ
507 2717 562 2752 γὰρ
587 2717 614 2743 εἴ
635 2726 676 2750 τις
694 2718 841 2754 αίμοϐόρος

50 2763 98 2791 καὶ
122 2764 219 2799 ἄγριος
240 2763 306 2799 θὴρ,
320 2764 353 2789 ἐκ
369 2763 452 2799 μέσου
476 2763 575 2794 ἀναδὺς
590 2762 730 2798 εὐδένδρου
745 2773 774 2790 τε
794 2767 840 2792 καὶ

83 2855 104 2888 ‘_’
121 2854 241 2892 Philipp.
259 2864 277 2888 ι,
296 2855 340 2883 25.
373 2855 405 2870 ¹⁵¹
426 2854 498 2882 Paul.
519 2855 671 2889 cxvtn,60.

892 2264 974 2288 tatem
986 2259 1087 2287 habere
1098 2259 1174 2294 quod
1196 2259 1223 2285 in
1237 2258 1357 2286 Psalmis
1385 2257 1515 2285 canitur:
1533 2266 1542 2282 ι
1563 2255 1682 2283 Paratus

891 2314 963 2337 sum,
981 2309 1008 2333 et
1021 2312 1077 2333 non
1092 2313 1152 2333 sum
1167 2305 1295 2332 turbatus
1305 2304 1351 2330 ¹⁵·.
1366 2313 1375 2330 ι
1394 2302 1494 2330 Malum
1506 2302 1681 2336 enimiuspe-

889 2355 980 2378 ratum
997 2349 1091 2377 turbat
1115 2356 1166 2376 nos
1185 2348 1384 2380 vehementius,
1405 2352 1433 2375 et
1456 2347 1552 2382 pungit
1568 2346 1679 2378 acrius;

891 2396 964 2432 quod
982 2399 1072 2422 autem
1098 2394 1245 2430 praevisum
1262 2397 1290 2421 et
1310 2396 1501 2427 exspectatqu
1527 2396 1580 2423 est,
1600 2391 1680 2426 quasi

892 2448 990 2477 magna
1003 2441 1059 2475 jam
1072 2444 1148 2475 parte
1162 2445 1251 2468 metus
1265 2443 1443 2473 consumpta,
1456 2438 1586 2466 lentiores
1599 2437 1681 2465 habet

892 2488 1020 2523 impetus,
1051 2486 1200 2521 anticipata
1218 2484 1349 2512 nimirum
1367 2484 1442 2511 illius
1455 2483 1636 2520 cogitatione,
1651 2487 1680 2510 et

891 2533 976 2561 animi
989 2532 1092 2560 virtute
1104 2536 1168 2559 ante
1181 2537 1318 2566 suscepta.
1331 2530 1367 2558 Ut
1381 2530 1455 2558 enim
1467 2534 1546 2557 atrox
1561 2529 1651 2557 bellua
1663 2536 1680 2556 ο

890 2579 985 2607 densis
999 2578 1120 2605 latibulis
1136 2585 1168 2605 ac
1182 2578 1277 2605 lustris
1288 2577 1433 2612 inopinato
1446 2583 1606 2610 erumpens,
1623 2581 1678 2601 non

892 2625 974 2653 modo
989 2624 1068 2652 valde
1081 2631 1145 2652 cum
1159 2623 1251 2650 turbat
1272 2625 1299 2650 in
1315 2631 1396 2659 quem
1424 2622 1564 2654 insilicrit,
1583 2621 1631 2649 aed
1651 2625 1679 2647 et

892 2671 1055 2706 imparatum
1088 2669 1221 2697 dilaniat:
1263 2669 1373 2697 etninus
1417 2675 1486 2696 vero
1528 2670 1678 2702 conspecta

895 2717 977 2753 749
991 2720 1072 2751 atque
1099 2715 1207 2751 cognita
1237 2719 1372 2741 armatum
1393 2718 1443 2741 aut
1465 2714 1558 2741 minus
1583 2711 1677 2739 forsan

894 2763 983 2796 ltedet,
996 2766 1041 2790 aut
1058 2761 1137 2789 irrito
1149 2765 1248 2788 conatu
1260 2761 1369 2789 recedet
1384 2770 1390 2788 :
1404 2760 1444 2788 sic
1459 2759 1553 2791 etiam,
1566 2757 1674 2794 opinor.
