  <div class='ocr_page' id='page_1' title='image "/cluster/home/n/w/nwhite01/storage/ocr_20150623/74/njp.32101077772778/098.png"; bbox 0 0 1897 3032; ppageno 0'>
   <div class='ocr_carea' id='block_1_1' title="bbox 26 149 82 176">
    <p class='ocr_par' dir='ltr' id='par_1_1' title="bbox 26 149 82 176">
     <span class='ocr_line' id='line_1_1' title="bbox 26 149 82 176; baseline -0.018 0"><span class='ocrx_word' id='word_1_1' title='bbox 26 149 82 176; x_wconf 71' lang='lat' dir='ltr'><strong>“if</strong></span> 
     </span>
    </p>
   </div>
   <div class='ocr_carea' id='block_1_2' title="bbox 562 146 1140 177">
    <p class='ocr_par' dir='ltr' id='par_1_2' title="bbox 562 146 1140 177">
     <span class='ocr_line' id='line_1_2' title="bbox 562 146 1140 177; baseline 0.002 -1"><span class='ocrx_word' id='word_1_2' title='bbox 562 148 595 176; x_wconf 78' lang='lat' dir='ltr'><strong>IN</strong></span> <span class='ocrx_word' id='word_1_3' title='bbox 612 147 756 176; x_wconf 76' lang='lat' dir='ltr'><strong>JOANNIS</strong></span> <span class='ocrx_word' id='word_1_4' title='bbox 772 146 996 177; x_wconf 69' lang='lat' dir='ltr'><strong>EVANGELlUM</strong></span> <span class='ocrx_word' id='word_1_5' title='bbox 1017 149 1079 177; x_wconf 85' lang='lat' dir='ltr'><strong>LIB.</strong></span> <span class='ocrx_word' id='word_1_6' title='bbox 1097 148 1140 177; x_wconf 71' lang='lat' dir='ltr'><strong>IX.</strong></span> 
     </span>
    </p>
   </div>
   <div class='ocr_carea' id='block_1_3' title="bbox 1615 153 1666 180">
    <p class='ocr_par' dir='ltr' id='par_1_3' title="bbox 1615 153 1666 180">
     <span class='ocr_line' id='line_1_3' title="bbox 1615 153 1666 180; baseline 0 0"><span class='ocrx_word' id='word_1_7' title='bbox 1615 153 1666 180; x_wconf 69' lang='lat' dir='ltr'><strong>H23</strong></span> 
     </span>
    </p>
   </div>
   <div class='ocr_carea' id='block_1_4' title="bbox 26 204 827 242">
    <p class='ocr_par' dir='ltr' id='par_1_4' title="bbox 26 204 823 242">
     <span class='ocr_line' id='line_1_4' title="bbox 26 204 823 242; baseline 0.003 -11"><span class='ocrx_word' id='word_1_8' title='bbox 26 206 149 240; x_wconf 71' lang='grc' dir='ltr'>ἑφασκεν</span> <span class='ocrx_word' id='word_1_9' title='bbox 164 204 246 237; x_wconf 75' lang='grc' dir='ltr'>αὑτός</span> <span class='ocrx_word' id='word_1_10' title='bbox 259 213 264 220; x_wconf 93' lang='grc'><strong>·</strong></span> <span class='ocrx_word' id='word_1_11' title='bbox 286 214 295 231; x_wconf 79' lang='grc' dir='ltr'><strong>ι</strong></span> <span class='ocrx_word' id='word_1_12' title='bbox 311 205 390 240; x_wconf 71' lang='grc' dir='ltr'>Λέγω</span> <span class='ocrx_word' id='word_1_13' title='bbox 403 205 456 241; x_wconf 82' lang='grc' dir='ltr'><strong>γὰρ</strong></span> <span class='ocrx_word' id='word_1_14' title='bbox 474 206 548 241; x_wconf 80' lang='grc' dir='ltr'>ὑμῖν,</span> <span class='ocrx_word' id='word_1_15' title='bbox 565 207 607 233; x_wconf 53' lang='lat' dir='ltr'><strong>ﬁt</strong></span> <span class='ocrx_word' id='word_1_16' title='bbox 621 207 676 238; x_wconf 83' lang='grc' dir='ltr'><strong>πᾶς</strong></span> <span class='ocrx_word' id='word_1_17' title='bbox 690 206 823 242; x_wconf 87' lang='grc' dir='ltr'>Γραμμα-</span> 
     </span>
    </p>
   </div>
   <div class='ocr_carea' id='block_1_5' title="bbox 887 204 1668 242">
    <p class='ocr_par' dir='ltr' id='par_1_5' title="bbox 887 206 1668 242">
     <span class='ocr_line' id='line_1_5' title="bbox 887 206 1668 242; baseline 0.006 -10"><span class='ocrx_word' id='word_1_18' title='bbox 887 206 981 233; x_wconf 84' lang='lat' dir='ltr'><strong>tomini</strong></span> <span class='ocrx_word' id='word_1_19' title='bbox 998 207 1086 239; x_wconf 92' lang='lat' dir='ltr'><strong>diviti,</strong></span> <span class='ocrx_word' id='word_1_20' title='bbox 1098 208 1146 242; x_wconf 91' lang='lat' dir='ltr'><strong>qui</strong></span> <span class='ocrx_word' id='word_1_21' title='bbox 1162 208 1268 242; x_wconf 86' lang='lat' dir='ltr'><strong>profert</strong></span> <span class='ocrx_word' id='word_1_22' title='bbox 1291 207 1325 235; x_wconf 84' lang='lat' dir='ltr'><strong>de</strong></span> <span class='ocrx_word' id='word_1_23' title='bbox 1337 208 1469 236; x_wconf 87' lang='lat' dir='ltr'><strong>thesauro</strong></span> <span class='ocrx_word' id='word_1_24' title='bbox 1485 216 1535 236; x_wconf 92' lang='lat' dir='ltr'><strong>suo</strong></span> <span class='ocrx_word' id='word_1_25' title='bbox 1552 217 1619 237; x_wconf 89' lang='lat' dir='ltr'><strong>nova</strong></span> <span class='ocrx_word' id='word_1_26' title='bbox 1640 216 1668 238; x_wconf 84' lang='lat' dir='ltr'><strong>et</strong></span> 
     </span>
    </p>
   </div>
   <div class='ocr_carea' id='block_1_6' title="bbox 26 253 826 290">
    <p class='ocr_par' dir='ltr' id='par_1_6' title="bbox 26 253 826 290">
     <span class='ocr_line' id='line_1_6' title="bbox 26 253 826 290; baseline 0.004 -12"><span class='ocrx_word' id='word_1_27' title='bbox 26 254 89 284; x_wconf 82' lang='grc' dir='ltr'>τεὺς</span> <span class='ocrx_word' id='word_1_28' title='bbox 116 253 303 289; x_wconf 73' lang='grc' dir='ltr'><strong>μαθητευθεὶς</strong></span> <span class='ocrx_word' id='word_1_29' title='bbox 320 255 353 289; x_wconf 83' lang='grc' dir='ltr'><strong>τῇ</strong></span> <span class='ocrx_word' id='word_1_30' title='bbox 373 254 498 290; x_wconf 75' lang='grc' dir='ltr'><strong>βασιλείᾳ</strong></span> <span class='ocrx_word' id='word_1_31' title='bbox 520 254 574 281; x_wconf 82' lang='grc' dir='ltr'>τῶν</span> <span class='ocrx_word' id='word_1_32' title='bbox 587 254 721 290; x_wconf 77' lang='grc' dir='ltr'>οὐρανῶν,</span> <span class='ocrx_word' id='word_1_33' title='bbox 734 253 826 289; x_wconf 77' lang='grc' dir='ltr'>ὅμοιός</span> 
     </span>
    </p>
   </div>
   <div class='ocr_carea' id='block_1_7' title="bbox 27 298 827 334">
    <p class='ocr_par' dir='ltr' id='par_1_7' title="bbox 27 298 827 334">
     <span class='ocr_line' id='line_1_7' title="bbox 27 298 827 334; baseline 0.003 -10"><span class='ocrx_word' id='word_1_34' title='bbox 27 300 100 325; x_wconf 76' lang='grc' dir='ltr'>ἐστιν</span> <span class='ocrx_word' id='word_1_35' title='bbox 118 298 263 334; x_wconf 79' lang='grc' dir='ltr'>ἀνθρώπῳ</span> <span class='ocrx_word' id='word_1_36' title='bbox 279 298 410 334; x_wconf 81' lang='grc' dir='ltr'><strong>πλουσίῳ,</strong></span> <span class='ocrx_word' id='word_1_37' title='bbox 429 299 505 331; x_wconf 81' lang='grc' dir='ltr'>ὅστις</span> <span class='ocrx_word' id='word_1_38' title='bbox 527 300 654 326; x_wconf 69' lang='grc' dir='ltr'>ἐκϐάλλει</span> <span class='ocrx_word' id='word_1_39' title='bbox 673 300 706 326; x_wconf 77' lang='grc' dir='ltr'><strong>ἐκ</strong></span> <span class='ocrx_word' id='word_1_40' title='bbox 718 299 765 326; x_wconf 85' lang='grc' dir='ltr'>τοῦ</span> <span class='ocrx_word' id='word_1_41' title='bbox 778 299 827 334; x_wconf 76' lang='grc' dir='ltr'><strong>θη-</strong></span> 
     </span>
    </p>
   </div>
   <div class='ocr_carea' id='block_1_8' title="bbox 28 344 827 382">
    <p class='ocr_par' dir='ltr' id='par_1_8' title="bbox 28 344 827 382">
     <span class='ocr_line' id='line_1_8' title="bbox 28 344 827 382; baseline 0.005 -12"><span class='ocrx_word' id='word_1_42' title='bbox 28 344 129 379; x_wconf 80' lang='grc' dir='ltr'>σαυροῦ</span> <span class='ocrx_word' id='word_1_43' title='bbox 145 345 233 371; x_wconf 81' lang='grc' dir='ltr'>αὑτοῦ</span> <span class='ocrx_word' id='word_1_44' title='bbox 253 345 334 372; x_wconf 80' lang='grc' dir='ltr'>καινὰ</span> <span class='ocrx_word' id='word_1_45' title='bbox 348 346 395 372; x_wconf 79' lang='grc' dir='ltr'><strong>καὶ</strong></span> <span class='ocrx_word' id='word_1_46' title='bbox 415 345 527 374; x_wconf 83' lang='grc' dir='ltr'>παλαιά.</span> <span class='ocrx_word' id='word_1_47' title='bbox 550 357 559 372; x_wconf 77' lang='grc' dir='ltr'><strong>ι</strong></span> <span class='ocrx_word' id='word_1_48' title='bbox 576 347 694 379; x_wconf 83' lang='grc' dir='ltr'><strong>Πλοῦτος</strong></span> <span class='ocrx_word' id='word_1_49' title='bbox 710 347 758 382; x_wconf 83' lang='grc' dir='ltr'>μὲν</span> <span class='ocrx_word' id='word_1_50' title='bbox 772 347 827 382; x_wconf 86' lang='grc' dir='ltr'><strong>γὰρ</strong></span> 
     </span>
    </p>
   </div>
   <div class='ocr_carea' id='block_1_9' title="bbox 27 390 827 426">
    <p class='ocr_par' dir='ltr' id='par_1_9' title="bbox 27 390 827 426">
     <span class='ocr_line' id='line_1_9' title="bbox 27 390 827 426; baseline 0.005 -10"><span class='ocrx_word' id='word_1_51' title='bbox 27 390 113 421; x_wconf 79' lang='grc' dir='ltr'>ὅντως</span> <span class='ocrx_word' id='word_1_52' title='bbox 137 391 328 426; x_wconf 78' lang='grc' dir='ltr'>πνευματικός</span> <span class='ocrx_word' id='word_1_53' title='bbox 347 400 377 417; x_wconf 86' lang='grc' dir='ltr'><strong>τε</strong></span> <span class='ocrx_word' id='word_1_54' title='bbox 393 392 517 420; x_wconf 81' lang='grc' dir='ltr'>καὶιλίαν</span> <span class='ocrx_word' id='word_1_55' title='bbox 535 393 564 418; x_wconf 84' lang='grc' dir='ltr'>ὲν</span> <span class='ocrx_word' id='word_1_56' title='bbox 579 394 636 424; x_wconf 86' lang='grc' dir='ltr'>τοῖς</span> <span class='ocrx_word' id='word_1_57' title='bbox 651 393 695 420; x_wconf 87' lang='grc' dir='ltr'><strong>διὰ</strong></span> <span class='ocrx_word' id='word_1_58' title='bbox 705 394 827 426; x_wconf 72' lang='grc' dir='ltr'>Μωσέως</span> 
     </span>
    </p>
   </div>
   <div class='ocr_carea' id='block_1_10' title="bbox 27 435 826 474">
    <p class='ocr_par' dir='ltr' id='par_1_10' title="bbox 27 435 826 474">
     <span class='ocr_line' id='line_1_10' title="bbox 27 435 826 474; baseline 0.008 -13"><span class='ocrx_word' id='word_1_59' title='bbox 27 435 175 470; x_wconf 81' lang='grc' dir='ltr'>τετρίφθαι</span> <span class='ocrx_word' id='word_1_60' title='bbox 191 437 293 471; x_wconf 82' lang='grc' dir='ltr'>λόγοις,</span> <span class='ocrx_word' id='word_1_61' title='bbox 309 438 358 464; x_wconf 74' lang='grc' dir='ltr'><strong>καὶ</strong></span> <span class='ocrx_word' id='word_1_62' title='bbox 373 437 421 474; x_wconf 82' lang='grc' dir='ltr'>τὴν</span> <span class='ocrx_word' id='word_1_63' title='bbox 435 438 466 470; x_wconf 80' lang='grc' dir='ltr'><strong>ἐξ</strong></span> <span class='ocrx_word' id='word_1_64' title='bbox 489 439 579 466; x_wconf 81' lang='grc' dir='ltr'>αὐτῶν</span> <span class='ocrx_word' id='word_1_65' title='bbox 598 439 732 474; x_wconf 78' lang='grc' dir='ltr'>ὠφέλειαν</span> <span class='ocrx_word' id='word_1_66' title='bbox 745 439 826 474; x_wconf 82' lang='grc' dir='ltr'>τεθη-</span> 
     </span>
    </p>
   </div>
   <div class='ocr_carea' id='block_1_11' title="bbox 29 481 827 522">
    <p class='ocr_par' dir='ltr' id='par_1_11' title="bbox 29 481 827 522">
     <span class='ocr_line' id='line_1_11' title="bbox 29 481 827 522; baseline 0.008 -15"><span class='ocrx_word' id='word_1_67' title='bbox 29 481 221 518; x_wconf 66' lang='grc' dir='ltr'>παυρισμένην</span> <span class='ocrx_word' id='word_1_68' title='bbox 241 482 312 518; x_wconf 82' lang='grc' dir='ltr'>ἔχειν</span> <span class='ocrx_word' id='word_1_69' title='bbox 339 483 444 520; x_wconf 79' lang='grc' dir='ltr'>διανοίᾳ</span> <span class='ocrx_word' id='word_1_70' title='bbox 456 485 501 511; x_wconf 79' lang='grc' dir='ltr'>τὸν</span> <span class='ocrx_word' id='word_1_71' title='bbox 514 484 668 521; x_wconf 80' lang='grc' dir='ltr'>ἄνθρωπον,</span> <span class='ocrx_word' id='word_1_72' title='bbox 681 486 827 522; x_wconf 82' lang='grc' dir='ltr'>προσειλη-</span> 
     </span>
    </p>
   </div>
   <div class='ocr_carea' id='block_1_12' title="bbox 28 528 826 567">
    <p class='ocr_par' dir='ltr' id='par_1_12' title="bbox 28 528 826 567">
     <span class='ocr_line' id='line_1_12' title="bbox 28 528 826 567; baseline 0.006 -13"><span class='ocrx_word' id='word_1_73' title='bbox 28 528 96 561; x_wconf 69' lang='grc' dir='ltr'>φότα</span> <span class='ocrx_word' id='word_1_74' title='bbox 112 537 147 562; x_wconf 85' lang='grc' dir='ltr'><strong>γε</strong></span> <span class='ocrx_word' id='word_1_75' title='bbox 167 529 225 565; x_wconf 80' lang='grc' dir='ltr'>μὴν</span> <span class='ocrx_word' id='word_1_76' title='bbox 253 529 300 556; x_wconf 70' lang='grc' dir='ltr'><strong>καὶ</strong></span> <span class='ocrx_word' id='word_1_77' title='bbox 320 529 351 556; x_wconf 79' lang='grc' dir='ltr'><strong>τὸ</strong></span> <span class='ocrx_word' id='word_1_78' title='bbox 377 530 428 565; x_wconf 85' lang='grc' dir='ltr'>τῆς</span> <span class='ocrx_word' id='word_1_79' title='bbox 458 531 638 567; x_wconf 71' lang='grc' dir='ltr'>εὑαΠελικῆς</span> <span class='ocrx_word' id='word_1_80' title='bbox 659 532 826 564; x_wconf 70' lang='grc' dir='ltr'><strong>παιδεύσεως</strong></span> 
     </span>
    </p>
   </div>
   <div class='ocr_carea' id='block_1_13' title="bbox 29 573 826 613">
    <p class='ocr_par' dir='ltr' id='par_1_13' title="bbox 29 573 826 613">
     <span class='ocr_line' id='line_1_13' title="bbox 29 573 826 613; baseline 0.008 -14"><span class='ocrx_word' id='word_1_81' title='bbox 29 573 125 606; x_wconf 78' lang='grc' dir='ltr'>καλλος</span> <span class='ocrx_word' id='word_1_82' title='bbox 140 594 148 605; x_wconf 83' lang='grc'><em>,</em></span> <span class='ocrx_word' id='word_1_83' title='bbox 167 574 365 611; x_wconf 80' lang='grc' dir='ltr'>ὲναὸρὺνεσθαι</span> <span class='ocrx_word' id='word_1_84' title='bbox 390 575 507 610; x_wconf 83' lang='grc' dir='ltr'>διπλῶς,</span> <span class='ocrx_word' id='word_1_85' title='bbox 522 578 555 612; x_wconf 82' lang='grc' dir='ltr'><strong>τῇ</strong></span> <span class='ocrx_word' id='word_1_86' title='bbox 577 586 606 604; x_wconf 82' lang='grc' dir='ltr'><strong>τε</strong></span> <span class='ocrx_word' id='word_1_87' title='bbox 625 577 680 604; x_wconf 83' lang='grc' dir='ltr'>τῶν</span> <span class='ocrx_word' id='word_1_88' title='bbox 704 578 826 613; x_wconf 84' lang='grc' dir='ltr'>ἀρχαίων</span> 
     </span>
    </p>
   </div>
   <div class='ocr_carea' id='block_1_14' title="bbox 29 619 826 660">
    <p class='ocr_par' dir='ltr' id='par_1_14' title="bbox 29 619 826 660">
     <span class='ocr_line' id='line_1_14' title="bbox 29 619 826 660; baseline 0.009 -16"><span class='ocrx_word' id='word_1_89' title='bbox 29 619 74 644; x_wconf 79' lang='grc' dir='ltr'><strong>καὶ</strong></span> <span class='ocrx_word' id='word_1_90' title='bbox 91 619 150 646; x_wconf 84' lang='grc' dir='ltr'>τῶν</span> <span class='ocrx_word' id='word_1_91' title='bbox 172 619 243 646; x_wconf 82' lang='grc' dir='ltr'>νέων</span> <span class='ocrx_word' id='word_1_92' title='bbox 267 620 399 656; x_wconf 80' lang='grc' dir='ltr'>ὲνειδήσει</span> <span class='ocrx_word' id='word_1_93' title='bbox 413 622 513 657; x_wconf 84' lang='grc' dir='ltr'>νόμων.</span> <span class='ocrx_word' id='word_1_94' title='bbox 531 624 644 655; x_wconf 84' lang='grc' dir='ltr'>Δεικνὺς</span> <span class='ocrx_word' id='word_1_95' title='bbox 655 624 798 660; x_wconf 81' lang='grc' dir='ltr'><strong>τοιγαροῦν</strong></span> <span class='ocrx_word' id='word_1_96' title='bbox 811 625 826 650; x_wconf 89' lang='grc' dir='ltr'><strong>ὀ</strong></span> 
     </span>
    </p>
   </div>
   <div class='ocr_carea' id='block_1_15' title="bbox 30 663 826 704">
    <p class='ocr_par' dir='ltr' id='par_1_15' title="bbox 30 663 826 704">
     <span class='ocr_line' id='line_1_15' title="bbox 30 663 826 704; baseline 0.008 -14"><span class='ocrx_word' id='word_1_97' title='bbox 30 663 135 699; x_wconf 78' lang='grc' dir='ltr'>Κύριος</span> <span class='ocrx_word' id='word_1_98' title='bbox 153 665 237 701; x_wconf 77' lang='grc' dir='ltr'>ἡμῶν</span> <span class='ocrx_word' id='word_1_99' title='bbox 267 665 370 703; x_wconf 76' lang='grc' dir='ltr'>Ἰησοῦς</span> <span class='ocrx_word' id='word_1_100' title='bbox 391 668 405 694; x_wconf 82' lang='grc' dir='ltr'><strong>ὁ</strong></span> <span class='ocrx_word' id='word_1_101' title='bbox 427 668 563 703; x_wconf 77' lang='grc' dir='ltr'>Χριστὸς,</span> <span class='ocrx_word' id='word_1_102' title='bbox 577 669 619 694; x_wconf 76' lang='grc' dir='ltr'>ὅτι</span> <span class='ocrx_word' id='word_1_103' title='bbox 639 669 689 704; x_wconf 86' lang='grc' dir='ltr'>τῆς</span> <span class='ocrx_word' id='word_1_104' title='bbox 709 669 826 704; x_wconf 79' lang='grc' dir='ltr'><strong>ἀρχαίας</strong></span> 
     </span>
    </p>
   </div>
   <div class='ocr_carea' id='block_1_16' title="bbox 30 712 826 752">
    <p class='ocr_par' dir='ltr' id='par_1_16' title="bbox 30 712 826 752">
     <span class='ocr_line' id='line_1_16' title="bbox 30 712 826 752; baseline 0.005 -14"><span class='ocrx_word' id='word_1_105' title='bbox 30 712 150 747; x_wconf 84' lang='grc' dir='ltr'>ἀμείνων</span> <span class='ocrx_word' id='word_1_106' title='bbox 164 713 278 748; x_wconf 80' lang='grc' dir='ltr'><strong>ἐντολῆς</strong></span> <span class='ocrx_word' id='word_1_107' title='bbox 290 715 307 749; x_wconf 83' lang='grc' dir='ltr'><strong>ή</strong></span> <span class='ocrx_word' id='word_1_108' title='bbox 323 714 387 748; x_wconf 77' lang='grc' dir='ltr'>παρ’</span> <span class='ocrx_word' id='word_1_109' title='bbox 399 714 495 746; x_wconf 78' lang='grc' dir='ltr'>αὑτοῦ,</span> <span class='ocrx_word' id='word_1_110' title='bbox 514 715 562 741; x_wconf 69' lang='grc' dir='ltr'><strong>καὶ.</strong></span> <span class='ocrx_word' id='word_1_111' title='bbox 575 715 616 742; x_wconf 83' lang='grc' dir='ltr'>ὃτι</span> <span class='ocrx_word' id='word_1_112' title='bbox 627 717 684 747; x_wconf 82' lang='grc' dir='ltr'>τοϊς</span> <span class='ocrx_word' id='word_1_113' title='bbox 702 717 731 742; x_wconf 81' lang='grc' dir='ltr'>ἐν</span> <span class='ocrx_word' id='word_1_114' title='bbox 751 716 826 752; x_wconf 86' lang='grc' dir='ltr'>νόμῳ</span> 
     </span>
    </p>
   </div>
   <div class='ocr_carea' id='block_1_17' title="bbox 31 758 827 798">
    <p class='ocr_par' dir='ltr' id='par_1_17' title="bbox 31 758 827 798">
     <span class='ocr_line' id='line_1_17' title="bbox 31 758 827 798; baseline 0.006 -14"><span class='ocrx_word' id='word_1_115' title='bbox 31 759 254 793; x_wconf 77' lang='grc' dir='ltr'><strong>πολιτευομένοις</strong></span> <span class='ocrx_word' id='word_1_116' title='bbox 267 759 378 795; x_wconf 77' lang='grc' dir='ltr'>ἀτριϐἑς</span> <span class='ocrx_word' id='word_1_117' title='bbox 399 769 456 792; x_wconf 87' lang='grc' dir='ltr'><strong>πως</strong></span> <span class='ocrx_word' id='word_1_118' title='bbox 477 758 511 795; x_wconf 77' lang='grc' dir='ltr'>ἦν</span> <span class='ocrx_word' id='word_1_119' title='bbox 526 760 563 787; x_wconf 76' lang='grc' dir='ltr'>ἔτι</span> <span class='ocrx_word' id='word_1_120' title='bbox 579 761 610 787; x_wconf 77' lang='grc' dir='ltr'>τὸ</span> <span class='ocrx_word' id='word_1_121' title='bbox 630 762 763 798; x_wconf 79' lang='grc' dir='ltr'>σωτήριον</span> <span class='ocrx_word' id='word_1_122' title='bbox 777 764 827 797; x_wconf 81' lang='grc' dir='ltr'><strong>κή-</strong></span> 
     </span>
    </p>
   </div>
   <div class='ocr_carea' id='block_1_18' title="bbox 32 805 826 844">
    <p class='ocr_par' dir='ltr' id='par_1_18' title="bbox 32 805 826 844">
     <span class='ocr_line' id='line_1_18' title="bbox 32 805 826 844; baseline 0.006 -14"><span class='ocrx_word' id='word_1_123' title='bbox 32 813 124 840; x_wconf 79' lang='grc' dir='ltr'>ρυγμα</span> <span class='ocrx_word' id='word_1_124' title='bbox 136 826 144 837; x_wconf 92' lang='lat'><strong>,</strong></span> <span class='ocrx_word' id='word_1_125' title='bbox 160 805 268 840; x_wconf 81' lang='grc' dir='ltr'>μέλλων</span> <span class='ocrx_word' id='word_1_126' title='bbox 289 805 445 833; x_wconf 76' lang='grc' dir='ltr'>ἀναϐαίνειν</span> <span class='ocrx_word' id='word_1_127' title='bbox 472 808 513 839; x_wconf 80' lang='grc' dir='ltr'><strong>είς</strong></span> <span class='ocrx_word' id='word_1_128' title='bbox 537 808 686 843; x_wconf 77' lang='grc' dir='ltr'>οὐρανοὺς,</span> <span class='ocrx_word' id='word_1_129' title='bbox 702 809 826 844; x_wconf 73' lang='grc' dir='ltr'>θεμέλιον</span> 
     </span>
    </p>
   </div>
   <div class='ocr_carea' id='block_1_19' title="bbox 32 850 825 889">
    <p class='ocr_par' dir='ltr' id='par_1_19' title="bbox 32 850 825 889">
     <span class='ocr_line' id='line_1_19' title="bbox 32 850 825 889; baseline 0.008 -13"><span class='ocrx_word' id='word_1_130' title='bbox 32 853 89 877; x_wconf 75' lang='grc' dir='ltr'>τινα</span> <span class='ocrx_word' id='word_1_131' title='bbox 102 850 201 887; x_wconf 82' lang='grc' dir='ltr'>ὥσπερ</span> <span class='ocrx_word' id='word_1_132' title='bbox 216 851 262 878; x_wconf 73' lang='grc' dir='ltr'><strong>καὶ</strong></span> <span class='ocrx_word' id='word_1_133' title='bbox 273 852 392 887; x_wconf 82' lang='grc' dir='ltr'><strong>κρηπῖδα</strong></span> <span class='ocrx_word' id='word_1_134' title='bbox 402 853 503 885; x_wconf 84' lang='grc' dir='ltr'>παντὸς</span> <span class='ocrx_word' id='word_1_135' title='bbox 516 854 618 888; x_wconf 79' lang='grc' dir='ltr'><strong>ἀγαθοῦ</strong></span> <span class='ocrx_word' id='word_1_136' title='bbox 632 854 678 881; x_wconf 83' lang='grc' dir='ltr'>τὸν</span> <span class='ocrx_word' id='word_1_137' title='bbox 691 855 740 889; x_wconf 82' lang='grc' dir='ltr'>τῆς</span> <span class='ocrx_word' id='word_1_138' title='bbox 756 855 825 889; x_wconf 80' lang='grc' dir='ltr'><strong>ἀγά-</strong></span> 
     </span>
    </p>
   </div>
   <div class='ocr_carea' id='block_1_20' title="bbox 33 897 825 936">
    <p class='ocr_par' dir='ltr' id='par_1_20' title="bbox 33 897 825 936">
     <span class='ocr_line' id='line_1_20' title="bbox 33 897 825 936; baseline 0.006 -14"><span class='ocrx_word' id='word_1_139' title='bbox 33 904 83 930; x_wconf 71' lang='grc' dir='ltr'><strong>πης</strong></span> <span class='ocrx_word' id='word_1_140' title='bbox 97 897 357 932; x_wconf 80' lang='grc' dir='ltr'>προκαταὸάλλεται</span> <span class='ocrx_word' id='word_1_141' title='bbox 372 898 463 933; x_wconf 81' lang='grc' dir='ltr'>νόμον,</span> <span class='ocrx_word' id='word_1_142' title='bbox 475 899 585 934; x_wconf 81' lang='grc' dir='ltr'><strong>ἀγάπης</strong></span> <span class='ocrx_word' id='word_1_143' title='bbox 595 900 634 932; x_wconf 78' lang='grc' dir='ltr'><strong>δὲ,</strong></span> <span class='ocrx_word' id='word_1_144' title='bbox 647 901 676 927; x_wconf 82' lang='grc' dir='ltr'>οὐ</span> <span class='ocrx_word' id='word_1_145' title='bbox 689 901 737 936; x_wconf 83' lang='grc' dir='ltr'>τῆς</span> <span class='ocrx_word' id='word_1_146' title='bbox 754 901 825 928; x_wconf 78' lang='grc' dir='ltr'><strong>κατὰ</strong></span> 
     </span>
    </p>
   </div>
   <div class='ocr_carea' id='block_1_21' title="bbox 32 942 826 980">
    <p class='ocr_par' dir='ltr' id='par_1_21' title="bbox 32 942 826 980">
     <span class='ocr_line' id='line_1_21' title="bbox 32 942 826 980; baseline 0.009 -13"><span class='ocrx_word' id='word_1_147' title='bbox 32 942 118 977; x_wconf 78' lang='grc' dir='ltr'>νόμον,</span> <span class='ocrx_word' id='word_1_148' title='bbox 129 943 200 970; x_wconf 80' lang='grc' dir='ltr'>ἀλλὰ</span> <span class='ocrx_word' id='word_1_149' title='bbox 214 944 264 979; x_wconf 82' lang='grc' dir='ltr'>τῆς</span> <span class='ocrx_word' id='word_1_150' title='bbox 281 944 350 978; x_wconf 83' lang='grc' dir='ltr'>ὑπὲρ</span> <span class='ocrx_word' id='word_1_151' title='bbox 363 945 454 980; x_wconf 78' lang='grc' dir='ltr'>νόμον.</span> <span class='ocrx_word' id='word_1_152' title='bbox 469 945 519 972; x_wconf 81' lang='grc' dir='ltr'>Διὰ</span> <span class='ocrx_word' id='word_1_153' title='bbox 531 945 610 972; x_wconf 83' lang='grc' dir='ltr'>τοῦτό</span> <span class='ocrx_word' id='word_1_154' title='bbox 621 955 704 980; x_wconf 84' lang='grc' dir='ltr'>φησιν</span> <span class='ocrx_word' id='word_1_155' title='bbox 717 956 723 962; x_wconf 90' lang='grc'>·</span> <span class='ocrx_word' id='word_1_156' title='bbox 736 956 745 972; x_wconf 80' lang='grc' dir='ltr'><strong>ι</strong></span> <span class='ocrx_word' id='word_1_157' title='bbox 768 948 826 974; x_wconf 80' lang='grc' dir='ltr'><strong>Ἐν-</strong></span> 
     </span>
    </p>
   </div>
   <div class='ocr_carea' id='block_1_22' title="bbox 32 988 823 1029">
    <p class='ocr_par' dir='ltr' id='par_1_22' title="bbox 32 988 823 1029">
     <span class='ocr_line' id='line_1_22' title="bbox 32 988 823 1029; baseline 0.009 -16"><span class='ocrx_word' id='word_1_158' title='bbox 32 988 107 1024; x_wconf 78' lang='grc' dir='ltr'>τολὴν</span> <span class='ocrx_word' id='word_1_159' title='bbox 122 990 225 1024; x_wconf 78' lang='grc' dir='ltr'>καινὴν</span> <span class='ocrx_word' id='word_1_160' title='bbox 245 990 340 1025; x_wconf 84' lang='grc' dir='ltr'>δίδωμι</span> <span class='ocrx_word' id='word_1_161' title='bbox 356 991 431 1026; x_wconf 81' lang='grc' dir='ltr'>ὑμῖν,</span> <span class='ocrx_word' id='word_1_162' title='bbox 448 992 490 1018; x_wconf 76' lang='grc' dir='ltr'>ἵνα</span> <span class='ocrx_word' id='word_1_163' title='bbox 506 993 631 1026; x_wconf 78' lang='grc' dir='ltr'>ἀγαπᾶτε</span> <span class='ocrx_word' id='word_1_164' title='bbox 655 993 796 1029; x_wconf 83' lang='grc' dir='ltr'>ἀλλήλους.</span> <span class='ocrx_word' id='word_1_165' title='bbox 813 1004 823 1020; x_wconf 76' lang='grc' dir='ltr'><strong>ι</strong></span> 
     </span>
    </p>
   </div>
   <div class='ocr_carea' id='block_1_23' title="bbox 35 1032 826 1074">
    <p class='ocr_par' dir='ltr' id='par_1_23' title="bbox 35 1032 826 1074">
     <span class='ocr_line' id='line_1_23' title="bbox 35 1032 826 1074; baseline 0.009 -14"><span class='ocrx_word' id='word_1_166' title='bbox 35 1032 96 1061; x_wconf 70' lang='grc' dir='ltr'>Εἶτα</span> <span class='ocrx_word' id='word_1_167' title='bbox 112 1035 184 1067; x_wconf 80' lang='grc' dir='ltr'>πῶς,</span> <span class='ocrx_word' id='word_1_168' title='bbox 201 1036 264 1062; x_wconf 84' lang='grc' dir='ltr'>εἰπέ</span> <span class='ocrx_word' id='word_1_169' title='bbox 278 1045 333 1072; x_wconf 83' lang='grc' dir='ltr'>μοι,</span> <span class='ocrx_word' id='word_1_170' title='bbox 348 1039 458 1073; x_wconf 78' lang='grc' dir='ltr'>φήσειεν</span> <span class='ocrx_word' id='word_1_171' title='bbox 472 1039 504 1066; x_wconf 80' lang='grc' dir='ltr'>ἄν</span> <span class='ocrx_word' id='word_1_172' title='bbox 517 1048 558 1070; x_wconf 87' lang='grc' dir='ltr'><strong>τις</strong></span> <span class='ocrx_word' id='word_1_173' title='bbox 570 1039 661 1074; x_wconf 73' lang='grc' dir='ltr'>τυχδν,</span> <span class='ocrx_word' id='word_1_174' title='bbox 675 1037 744 1066; x_wconf 77' lang='grc' dir='ltr'>εἶναι</span> <span class='ocrx_word' id='word_1_175' title='bbox 759 1040 826 1067; x_wconf 86' lang='grc' dir='ltr'>ταύ-</span> 
     </span>
    </p>
   </div>
   <div class='ocr_carea' id='block_1_24' title="bbox 33 1078 826 1117">
    <p class='ocr_par' dir='ltr' id='par_1_24' title="bbox 33 1078 826 1117">
     <span class='ocr_line' id='line_1_24' title="bbox 33 1078 826 1117; baseline 0.01 -13"><span class='ocrx_word' id='word_1_176' title='bbox 33 1086 78 1112; x_wconf 80' lang='grc' dir='ltr'><strong>την</strong></span> <span class='ocrx_word' id='word_1_177' title='bbox 102 1078 152 1113; x_wconf 77' lang='grc' dir='ltr'>τὴν</span> <span class='ocrx_word' id='word_1_178' title='bbox 172 1080 285 1116; x_wconf 75' lang='grc' dir='ltr'>ἐντολὴν</span> <span class='ocrx_word' id='word_1_179' title='bbox 302 1081 398 1116; x_wconf 80' lang='grc' dir='ltr'>καινὴν</span> <span class='ocrx_word' id='word_1_180' title='bbox 415 1083 523 1117; x_wconf 69' lang='grc' dir='ltr'>εἴρηκεν</span> <span class='ocrx_word' id='word_1_181' title='bbox 544 1083 558 1109; x_wconf 81' lang='grc' dir='ltr'><strong>ό</strong></span> <span class='ocrx_word' id='word_1_182' title='bbox 577 1084 620 1110; x_wconf 83' lang='grc' dir='ltr'>διὰ</span> <span class='ocrx_word' id='word_1_183' title='bbox 636 1085 757 1116; x_wconf 72' lang='grc' dir='ltr'>Μωσέως</span> <span class='ocrx_word' id='word_1_184' title='bbox 769 1087 826 1117; x_wconf 80' lang='grc' dir='ltr'>τοῖς</span> 
     </span>
    </p>
   </div>
   <div class='ocr_carea' id='block_1_25' title="bbox 34 1124 826 1164">
    <p class='ocr_par' dir='ltr' id='par_1_25' title="bbox 34 1124 826 1164">
     <span class='ocr_line' id='line_1_25' title="bbox 34 1124 826 1164; baseline 0.009 -14"><span class='ocrx_word' id='word_1_185' title='bbox 34 1124 221 1160; x_wconf 70' lang='grc' dir='ltr'>ἀρχαιοτέροις</span> <span class='ocrx_word' id='word_1_186' title='bbox 240 1126 343 1153; x_wconf 77' lang='grc' dir='ltr'>εἰπών·</span> <span class='ocrx_word' id='word_1_187' title='bbox 367 1137 376 1153; x_wconf 79' lang='grc' dir='ltr'><strong>ι</strong></span> <span class='ocrx_word' id='word_1_188' title='bbox 399 1128 563 1164; x_wconf 71' lang='grc' dir='ltr'>Ἀγαπήσεις</span> <span class='ocrx_word' id='word_1_189' title='bbox 576 1129 679 1164; x_wconf 78' lang='grc' dir='ltr'>Κύριον</span> <span class='ocrx_word' id='word_1_190' title='bbox 699 1131 743 1156; x_wconf 81' lang='grc' dir='ltr'><strong>τὸν</strong></span> <span class='ocrx_word' id='word_1_191' title='bbox 760 1130 826 1157; x_wconf 88' lang='grc' dir='ltr'>Θεόν</span> 
     </span>
    </p>
   </div>
   <div class='ocr_carea' id='block_1_26' title="bbox 35 1170 825 1212">
    <p class='ocr_par' dir='ltr' id='par_1_26' title="bbox 35 1170 825 1212">
     <span class='ocr_line' id='line_1_26' title="bbox 35 1170 825 1212; baseline 0.009 -16"><span class='ocrx_word' id='word_1_192' title='bbox 35 1178 86 1202; x_wconf 76' lang='grc' dir='ltr'>σου,</span> <span class='ocrx_word' id='word_1_193' title='bbox 110 1170 141 1203; x_wconf 78' lang='grc' dir='ltr'><strong>ἐξ</strong></span> <span class='ocrx_word' id='word_1_194' title='bbox 155 1171 223 1206; x_wconf 81' lang='grc' dir='ltr'>ὅλης</span> <span class='ocrx_word' id='word_1_195' title='bbox 243 1172 292 1207; x_wconf 85' lang='grc' dir='ltr'>τῆς</span> <span class='ocrx_word' id='word_1_196' title='bbox 308 1173 420 1208; x_wconf 75' lang='grc' dir='ltr'>καρδίας</span> <span class='ocrx_word' id='word_1_197' title='bbox 438 1183 496 1206; x_wconf 80' lang='grc' dir='ltr'>σου,</span> <span class='ocrx_word' id='word_1_198' title='bbox 519 1175 565 1201; x_wconf 82' lang='grc' dir='ltr'><strong>χαὶ</strong></span> <span class='ocrx_word' id='word_1_199' title='bbox 577 1175 607 1207; x_wconf 80' lang='grc' dir='ltr'>ἐξ</span> <span class='ocrx_word' id='word_1_200' title='bbox 632 1176 695 1212; x_wconf 84' lang='grc' dir='ltr'>ὂλης</span> <span class='ocrx_word' id='word_1_201' title='bbox 712 1176 825 1211; x_wconf 79' lang='grc' dir='ltr'>τῆςδια-</span> 
     </span>
    </p>
   </div>
   <div class='ocr_carea' id='block_1_27' title="bbox 34 1216 825 1255">
    <p class='ocr_par' dir='ltr' id='par_1_27' title="bbox 34 1216 825 1255">
     <span class='ocr_line' id='line_1_27' title="bbox 34 1216 825 1255; baseline 0.008 -13"><span class='ocrx_word' id='word_1_202' title='bbox 34 1216 103 1248; x_wconf 76' lang='grc' dir='ltr'>νοίας</span> <span class='ocrx_word' id='word_1_203' title='bbox 127 1226 174 1244; x_wconf 79' lang='grc' dir='ltr'>σου</span> <span class='ocrx_word' id='word_1_204' title='bbox 190 1238 198 1249; x_wconf 89' lang='lat'><strong>,</strong></span> <span class='ocrx_word' id='word_1_205' title='bbox 215 1218 262 1245; x_wconf 80' lang='grc' dir='ltr'><strong>χαὶ</strong></span> <span class='ocrx_word' id='word_1_206' title='bbox 278 1220 322 1245; x_wconf 79' lang='grc' dir='ltr'>τὸν</span> <span class='ocrx_word' id='word_1_207' title='bbox 336 1220 449 1255; x_wconf 72' lang='grc' dir='ltr'>πλησίον</span> <span class='ocrx_word' id='word_1_208' title='bbox 469 1229 526 1250; x_wconf 83' lang='grc' dir='ltr'>σου.</span> <span class='ocrx_word' id='word_1_209' title='bbox 550 1221 588 1253; x_wconf 86' lang='grc' dir='ltr'>ὡς</span> <span class='ocrx_word' id='word_1_210' title='bbox 604 1222 720 1253; x_wconf 76' lang='grc' dir='ltr'>ἑαυτόν;</span> <span class='ocrx_word' id='word_1_211' title='bbox 741 1232 749 1247; x_wconf 74' lang='grc' dir='ltr'><strong>ι</strong></span> <span class='ocrx_word' id='word_1_212' title='bbox 761 1222 825 1249; x_wconf 81' lang='grc' dir='ltr'>Ἰδοὺ</span> 
     </span>
    </p>
   </div>
   <div class='ocr_carea' id='block_1_28' title="bbox 35 1261 826 1304">
    <p class='ocr_par' dir='ltr' id='par_1_28' title="bbox 35 1261 826 1304">
     <span class='ocr_line' id='line_1_28' title="bbox 35 1261 826 1304; baseline 0.008 -17"><span class='ocrx_word' id='word_1_213' title='bbox 35 1261 94 1304; x_wconf 43' lang='grc' dir='ltr'>γὰρ]</span> <span class='ocrx_word' id='word_1_214' title='bbox 110 1262 165 1289; x_wconf 80' lang='grc' dir='ltr'>ἰδοὺ</span> <span class='ocrx_word' id='word_1_215' title='bbox 183 1264 320 1298; x_wconf 77' lang='grc' dir='ltr'>προτάξας</span> <span class='ocrx_word' id='word_1_216' title='bbox 334 1264 389 1291; x_wconf 84' lang='grc' dir='ltr'>τῶν</span> <span class='ocrx_word' id='word_1_217' title='bbox 405 1265 494 1292; x_wconf 71' lang='grc' dir='ltr'>ἄλλων</span> <span class='ocrx_word' id='word_1_218' title='bbox 511 1267 558 1292; x_wconf 76' lang='grc' dir='ltr'><strong>καὶ</strong></span> <span class='ocrx_word' id='word_1_219' title='bbox 575 1266 771 1301; x_wconf 81' lang='grc' dir='ltr'>προτεθεικὼς,</span> <span class='ocrx_word' id='word_1_220' title='bbox 788 1267 826 1298; x_wconf 85' lang='grc' dir='ltr'>ὼς</span> 
     </span>
    </p>
   </div>
   <div class='ocr_carea' id='block_1_29' title="bbox 35 1307 825 1346">
    <p class='ocr_par' dir='ltr' id='par_1_29' title="bbox 35 1307 825 1346">
     <span class='ocr_line' id='line_1_29' title="bbox 35 1307 825 1346; baseline 0.009 -15"><span class='ocrx_word' id='word_1_221' title='bbox 35 1307 111 1338; x_wconf 70' lang='grc' dir='ltr'>εἰκὸς,</span> <span class='ocrx_word' id='word_1_222' title='bbox 121 1307 171 1342; x_wconf 84' lang='grc' dir='ltr'>τὴν</span> <span class='ocrx_word' id='word_1_223' title='bbox 186 1310 226 1339; x_wconf 80' lang='grc' dir='ltr'>εὶς</span> <span class='ocrx_word' id='word_1_224' title='bbox 235 1308 301 1335; x_wconf 74' lang='grc' dir='ltr'>Θεὸν</span> <span class='ocrx_word' id='word_1_225' title='bbox 309 1309 403 1344; x_wconf 78' lang='grc' dir='ltr'>ἀγάπη</span> <span class='ocrx_word' id='word_1_226' title='bbox 408 1319 449 1336; x_wconf 85' lang='grc' dir='ltr'>σιν</span> <span class='ocrx_word' id='word_1_227' title='bbox 457 1331 464 1342; x_wconf 91' lang='grc'><strong><em>,</em></strong></span> <span class='ocrx_word' id='word_1_228' title='bbox 474 1312 705 1346; x_wconf 85' lang='grc' dir='ltr'>παρεισκεκόμικε</span> <span class='ocrx_word' id='word_1_229' title='bbox 718 1313 825 1346; x_wconf 84' lang='grc' dir='ltr'>γείτονα</span> 
     </span>
    </p>
   </div>
   <div class='ocr_carea' id='block_1_30' title="bbox 35 1351 825 1392">
    <p class='ocr_par' dir='ltr' id='par_1_30' title="bbox 35 1351 825 1392">
     <span class='ocr_line' id='line_1_30' title="bbox 35 1351 825 1392; baseline 0.009 -16"><span class='ocrx_word' id='word_1_230' title='bbox 35 1351 79 1385; x_wconf 72' lang='grc' dir='ltr'>τὴν</span> <span class='ocrx_word' id='word_1_231' title='bbox 92 1352 132 1383; x_wconf 88' lang='grc' dir='ltr'>εἰς</span> <span class='ocrx_word' id='word_1_232' title='bbox 146 1352 294 1387; x_wconf 76' lang='grc' dir='ltr'>ἀλλήλους.</span> <span class='ocrx_word' id='word_1_233' title='bbox 308 1354 354 1379; x_wconf 76' lang='grc' dir='ltr'><strong>καὶ</strong></span> <span class='ocrx_word' id='word_1_234' title='bbox 364 1353 517 1389; x_wconf 77' lang='grc' dir='ltr'>παρέζευξέ</span> <span class='ocrx_word' id='word_1_235' title='bbox 530 1362 586 1386; x_wconf 84' lang='grc' dir='ltr'><strong>πως</strong></span> <span class='ocrx_word' id='word_1_236' title='bbox 597 1356 630 1390; x_wconf 84' lang='grc' dir='ltr'>τῇ</span> <span class='ocrx_word' id='word_1_237' title='bbox 644 1357 684 1387; x_wconf 77' lang='grc' dir='ltr'>εἰς</span> <span class='ocrx_word' id='word_1_238' title='bbox 695 1356 761 1382; x_wconf 81' lang='grc' dir='ltr'>Θεὸν</span> <span class='ocrx_word' id='word_1_239' title='bbox 775 1356 825 1392; x_wconf 79' lang='grc' dir='ltr'><strong>τὴν</strong></span> 
     </span>
    </p>
   </div>
   <div class='ocr_carea' id='block_1_31' title="bbox 37 1398 824 1438">
    <p class='ocr_par' dir='ltr' id='par_1_31' title="bbox 37 1398 824 1438">
     <span class='ocr_line' id='line_1_31' title="bbox 37 1398 824 1438; baseline 0.008 -15"><span class='ocrx_word' id='word_1_240' title='bbox 37 1398 71 1428; x_wconf 77' lang='grc' dir='ltr'><strong>εἰς</strong></span> <span class='ocrx_word' id='word_1_241' title='bbox 85 1398 157 1433; x_wconf 74' lang='grc' dir='ltr'>ἡμᾶς</span> <span class='ocrx_word' id='word_1_242' title='bbox 173 1399 285 1430; x_wconf 73' lang='grc' dir='ltr'>αὐτοὺς,</span> <span class='ocrx_word' id='word_1_243' title='bbox 303 1400 341 1432; x_wconf 80' lang='grc' dir='ltr'>ὡς</span> <span class='ocrx_word' id='word_1_244' title='bbox 361 1400 411 1427; x_wconf 79' lang='grc' dir='ltr'>οὐκ</span> <span class='ocrx_word' id='word_1_245' title='bbox 427 1401 460 1428; x_wconf 84' lang='grc' dir='ltr'>ἂν</span> <span class='ocrx_word' id='word_1_246' title='bbox 483 1401 585 1436; x_wconf 78' lang='grc' dir='ltr'>ἑτέρως</span> <span class='ocrx_word' id='word_1_247' title='bbox 598 1402 714 1438; x_wconf 79' lang='grc' dir='ltr'>ἐχούσης</span> <span class='ocrx_word' id='word_1_248' title='bbox 726 1403 824 1438; x_wconf 78' lang='grc' dir='ltr'>ὀρθῶς,</span> 
     </span>
    </p>
   </div>
   <div class='ocr_carea' id='block_1_32' title="bbox 36 1441 824 1484">
    <p class='ocr_par' dir='ltr' id='par_1_32' title="bbox 36 1441 824 1484">
     <span class='ocr_line' id='line_1_32' title="bbox 36 1441 824 1484; baseline 0.01 -18"><span class='ocrx_word' id='word_1_249' title='bbox 36 1441 91 1468; x_wconf 69' lang='grc' dir='ltr'>οὐδὲ</span> <span class='ocrx_word' id='word_1_250' title='bbox 102 1443 152 1478; x_wconf 78' lang='grc' dir='ltr'>τῆς</span> <span class='ocrx_word' id='word_1_251' title='bbox 175 1444 217 1475; x_wconf 84' lang='grc' dir='ltr'><strong>είς</strong></span> <span class='ocrx_word' id='word_1_252' title='bbox 234 1443 301 1470; x_wconf 77' lang='grc' dir='ltr'>θεὸν</span> <span class='ocrx_word' id='word_1_253' title='bbox 321 1445 432 1480; x_wconf 77' lang='grc' dir='ltr'>ἀγάπης</span> <span class='ocrx_word' id='word_1_254' title='bbox 445 1465 452 1478; x_wconf 88' lang='grc'><em>,</em></span> <span class='ocrx_word' id='word_1_255' title='bbox 468 1446 492 1472; x_wconf 78' lang='grc' dir='ltr'><strong>εί</strong></span> <span class='ocrx_word' id='word_1_256' title='bbox 521 1447 557 1482; x_wconf 78' lang='grc' dir='ltr'>μὴ</span> <span class='ocrx_word' id='word_1_257' title='bbox 575 1447 725 1482; x_wconf 80' lang='grc' dir='ltr'>παρέποιτο</span> <span class='ocrx_word' id='word_1_258' title='bbox 738 1448 824 1484; x_wconf 78' lang='grc' dir='ltr'>ταύτῃ</span> 
     </span>
    </p>
   </div>
   <div class='ocr_carea' id='block_1_33' title="bbox 38 1487 825 1529">
    <p class='ocr_par' dir='ltr' id='par_1_33' title="bbox 38 1487 825 1529">
     <span class='ocr_line' id='line_1_33' title="bbox 38 1487 825 1529; baseline 0.009 -16"><span class='ocrx_word' id='word_1_259' title='bbox 38 1487 78 1514; x_wconf 75' lang='grc' dir='ltr'><strong>καὶ</strong></span> <span class='ocrx_word' id='word_1_260' title='bbox 93 1489 108 1524; x_wconf 84' lang='grc' dir='ltr'>ἡ</span> <span class='ocrx_word' id='word_1_261' title='bbox 134 1488 174 1525; x_wconf 82' lang='grc' dir='ltr'>τῷ</span> <span class='ocrx_word' id='word_1_262' title='bbox 202 1489 287 1521; x_wconf 87' lang='grc' dir='ltr'>πέλας</span> <span class='ocrx_word' id='word_1_263' title='bbox 305 1491 526 1527; x_wconf 78' lang='grc' dir='ltr'>χρεωστουμένη.</span> <span class='ocrx_word' id='word_1_264' title='bbox 544 1493 647 1525; x_wconf 80' lang='grc' dir='ltr'>Πάντες</span> <span class='ocrx_word' id='word_1_265' title='bbox 662 1493 716 1529; x_wconf 84' lang='grc' dir='ltr'>γάρ</span> <span class='ocrx_word' id='word_1_266' title='bbox 740 1495 825 1529; x_wconf 77' lang='grc' dir='ltr'>ἐσμεν</span> 
     </span>
    </p>
   </div>
   <div class='ocr_carea' id='block_1_34' title="bbox 38 1533 860 1584">
    <p class='ocr_par' dir='ltr' id='par_1_34' title="bbox 38 1533 860 1584">
     <span class='ocr_line' id='line_1_34' title="bbox 38 1533 860 1584; baseline 0.007 -25"><span class='ocrx_word' id='word_1_267' title='bbox 38 1533 152 1568; x_wconf 72' lang='grc' dir='ltr'>ἀλλήλων</span> <span class='ocrx_word' id='word_1_268' title='bbox 182 1535 303 1569; x_wconf 71' lang='grc' dir='ltr'>ἀδελφοί.</span> <span class='ocrx_word' id='word_1_269' title='bbox 322 1537 376 1563; x_wconf 63' lang='grc' dir='ltr'><strong>Καὶ</strong></span> <span class='ocrx_word' id='word_1_270' title='bbox 394 1536 458 1570; x_wconf 81' lang='grc' dir='ltr'>γοῦν</span> <span class='ocrx_word' id='word_1_271' title='bbox 484 1538 498 1563; x_wconf 81' lang='grc' dir='ltr'>ὁ</span> <span class='ocrx_word' id='word_1_272' title='bbox 514 1537 670 1572; x_wconf 78' lang='grc' dir='ltr'>σοφώτατος</span> <span class='ocrx_word' id='word_1_273' title='bbox 687 1538 823 1573; x_wconf 78' lang='grc' dir='ltr'><strong>Ἰωάννης,</strong></span> <span class='ocrx_word' id='word_1_274' title='bbox 839 1557 860 1584; x_wconf 76' lang='lat' dir='ltr'>c</span> 
     </span>
    </p>
   </div>
   <div class='ocr_carea' id='block_1_35' title="bbox 39 1579 824 1617">
    <p class='ocr_par' dir='ltr' id='par_1_35' title="bbox 39 1579 824 1617">
     <span class='ocr_line' id='line_1_35' title="bbox 39 1579 824 1617; baseline 0.006 -13"><span class='ocrx_word' id='word_1_275' title='bbox 39 1579 162 1607; x_wconf 60' lang='grc' dir='ltr'>κάλλιστὰ</span> <span class='ocrx_word' id='word_1_276' title='bbox 174 1589 205 1606; x_wconf 89' lang='grc' dir='ltr'><strong>τε</strong></span> <span class='ocrx_word' id='word_1_277' title='bbox 221 1580 362 1613; x_wconf 78' lang='grc' dir='ltr'>εἰδὼς,καὶ</span> <span class='ocrx_word' id='word_1_278' title='bbox 371 1581 504 1608; x_wconf 75' lang='grc' dir='ltr'>διδάσκων</span> <span class='ocrx_word' id='word_1_279' title='bbox 514 1582 649 1617; x_wconf 74' lang='grc' dir='ltr'>ἐτέρους,ι</span> <span class='ocrx_word' id='word_1_280' title='bbox 661 1583 690 1609; x_wconf 89' lang='grc'><strong>’0</strong></span> <span class='ocrx_word' id='word_1_281' title='bbox 699 1583 824 1616; x_wconf 70' lang='grc' dir='ltr'>ἀγαπῶν,</span> 
     </span>
    </p>
   </div>
   <div class='ocr_carea' id='block_1_36' title="bbox 40 1626 826 1663">
    <p class='ocr_par' dir='ltr' id='par_1_36' title="bbox 40 1626 826 1663">
     <span class='ocr_line' id='line_1_36' title="bbox 40 1626 826 1663; baseline 0.004 -11"><span class='ocrx_word' id='word_1_282' title='bbox 40 1626 115 1659; x_wconf 63' lang='grc' dir='ltr'>φηςι,</span> <span class='ocrx_word' id='word_1_283' title='bbox 129 1626 176 1653; x_wconf 83' lang='grc' dir='ltr'>τὸν</span> <span class='ocrx_word' id='word_1_284' title='bbox 196 1626 310 1660; x_wconf 78' lang='grc' dir='ltr'>ἀδελφὸν</span> <span class='ocrx_word' id='word_1_285' title='bbox 326 1627 421 1658; x_wconf 75' lang='grc' dir='ltr'>αὑτοῦ,</span> <span class='ocrx_word' id='word_1_286' title='bbox 437 1629 482 1654; x_wconf 81' lang='grc' dir='ltr'>τὸν</span> <span class='ocrx_word' id='word_1_287' title='bbox 493 1627 558 1654; x_wconf 76' lang='grc' dir='ltr'>θεὸν</span> <span class='ocrx_word' id='word_1_288' title='bbox 570 1629 691 1663; x_wconf 66' lang='grc' dir='ltr'>ἀγαπᾷ.»</span> <span class='ocrx_word' id='word_1_289' title='bbox 702 1629 763 1660; x_wconf 78' lang='grc' dir='ltr'><strong>Πῶς</strong></span> <span class='ocrx_word' id='word_1_290' title='bbox 779 1627 826 1655; x_wconf 69' lang='grc' dir='ltr'>οὖν</span> 
     </span>
    </p>
   </div>
   <div class='ocr_carea' id='block_1_37' title="bbox 40 1672 826 1711">
    <p class='ocr_par' dir='ltr' id='par_1_37' title="bbox 40 1672 826 1711">
     <span class='ocr_line' id='line_1_37' title="bbox 40 1672 826 1711; baseline 0.006 -14"><span class='ocrx_word' id='word_1_291' title='bbox 40 1672 124 1708; x_wconf 77' lang='grc' dir='ltr'>ἐντολὴ</span> <span class='ocrx_word' id='word_1_292' title='bbox 135 1673 220 1708; x_wconf 83' lang='grc' dir='ltr'>καινὴ</span> <span class='ocrx_word' id='word_1_293' title='bbox 233 1674 276 1700; x_wconf 79' lang='grc' dir='ltr'>διὰ</span> <span class='ocrx_word' id='word_1_294' title='bbox 294 1674 421 1708; x_wconf 75' lang='grc' dir='ltr'>Χριστοῦ,</span> <span class='ocrx_word' id='word_1_295' title='bbox 430 1673 520 1700; x_wconf 80' lang='grc' dir='ltr'>καίτοι</span> <span class='ocrx_word' id='word_1_296' title='bbox 530 1675 585 1706; x_wconf 79' lang='grc' dir='ltr'>τοῖς</span> <span class='ocrx_word' id='word_1_297' title='bbox 599 1674 721 1706; x_wconf 80' lang='grc' dir='ltr'>παλαιοῖς</span> <span class='ocrx_word' id='word_1_298' title='bbox 734 1675 826 1711; x_wconf 82' lang='grc' dir='ltr'>νόμοις</span> 
     </span>
    </p>
   </div>
   <div class='ocr_carea' id='block_1_38' title="bbox 41 1717 825 1755">
    <p class='ocr_par' dir='ltr' id='par_1_38' title="bbox 41 1717 825 1755">
     <span class='ocr_line' id='line_1_38' title="bbox 41 1717 825 1755; baseline 0.004 -12"><span class='ocrx_word' id='word_1_299' title='bbox 41 1717 250 1753; x_wconf 75' lang='grc' dir='ltr'>διηγορευμένη;</span> <span class='ocrx_word' id='word_1_300' title='bbox 266 1719 334 1744; x_wconf 84' lang='grc' dir='ltr'>Ἀλλ’</span> <span class='ocrx_word' id='word_1_301' title='bbox 345 1719 396 1754; x_wconf 77' lang='grc' dir='ltr'><strong>ὅρα</strong></span> <span class='ocrx_word' id='word_1_302' title='bbox 411 1727 456 1754; x_wconf 86' lang='grc' dir='ltr'><strong>μοι</strong></span> <span class='ocrx_word' id='word_1_303' title='bbox 483 1719 532 1754; x_wconf 82' lang='grc' dir='ltr'>τὴν</span> <span class='ocrx_word' id='word_1_304' title='bbox 547 1719 696 1753; x_wconf 67' lang='grc' dir='ltr'>ἀσφάλειαν</span> <span class='ocrx_word' id='word_1_305' title='bbox 708 1740 715 1751; x_wconf 89' lang='lat'><strong>,</strong></span> <span class='ocrx_word' id='word_1_306' title='bbox 744 1720 825 1755; x_wconf 79' lang='grc' dir='ltr'>βλέπε</span> 
     </span>
    </p>
   </div>
   <div class='ocr_carea' id='block_1_39' title="bbox 41 1763 826 1802">
    <p class='ocr_par' dir='ltr' id='par_1_39' title="bbox 41 1763 826 1802">
     <span class='ocr_line' id='line_1_39' title="bbox 41 1763 826 1802; baseline 0.004 -12"><span class='ocrx_word' id='word_1_307' title='bbox 41 1763 83 1798; x_wconf 76' lang='grc' dir='ltr'>τὴν</span> <span class='ocrx_word' id='word_1_308' title='bbox 94 1764 254 1800; x_wconf 72' lang='grc' dir='ltr'>ἐπαγωγὴν.</span> <span class='ocrx_word' id='word_1_309' title='bbox 268 1765 303 1791; x_wconf 75' lang='grc' dir='ltr'><strong>Οὐ</strong></span> <span class='ocrx_word' id='word_1_310' title='bbox 319 1766 373 1800; x_wconf 76' lang='grc' dir='ltr'><strong>γὰρ</strong></span> <span class='ocrx_word' id='word_1_311' title='bbox 383 1765 503 1801; x_wconf 71' lang='grc' dir='ltr'><strong>ἠρκέσθη</strong></span> <span class='ocrx_word' id='word_1_312' title='bbox 519 1765 557 1801; x_wconf 83' lang='grc' dir='ltr'>τῷ</span> <span class='ocrx_word' id='word_1_313' title='bbox 570 1767 670 1793; x_wconf 79' lang='grc' dir='ltr'>εἰπεῖν’</span> <span class='ocrx_word' id='word_1_314' title='bbox 681 1775 690 1792; x_wconf 79' lang='grc' dir='ltr'><strong>ι</strong></span> <span class='ocrx_word' id='word_1_315' title='bbox 703 1767 826 1802; x_wconf 83' lang='grc' dir='ltr'>Ἐντολὴν</span> 
     </span>
    </p>
   </div>
   <div class='ocr_carea' id='block_1_40' title="bbox 42 1812 826 1848">
    <p class='ocr_par' dir='ltr' id='par_1_40' title="bbox 42 1812 826 1848">
     <span class='ocr_line' id='line_1_40' title="bbox 42 1812 826 1848; baseline 0.004 -11"><span class='ocrx_word' id='word_1_316' title='bbox 42 1812 129 1847; x_wconf 77' lang='grc' dir='ltr'>καινὴν</span> <span class='ocrx_word' id='word_1_317' title='bbox 155 1813 256 1847; x_wconf 80' lang='grc' dir='ltr'>δίδωμι</span> <span class='ocrx_word' id='word_1_318' title='bbox 272 1813 346 1847; x_wconf 72' lang='grc' dir='ltr'>ὑμῖν,</span> <span class='ocrx_word' id='word_1_319' title='bbox 370 1814 413 1839; x_wconf 80' lang='grc' dir='ltr'>ἵνα</span> <span class='ocrx_word' id='word_1_320' title='bbox 436 1813 561 1846; x_wconf 81' lang='grc' dir='ltr'>ἀγαπᾶτε</span> <span class='ocrx_word' id='word_1_321' title='bbox 575 1813 716 1848; x_wconf 74' lang='grc' dir='ltr'>ἀλλήλους,</span> <span class='ocrx_word' id='word_1_322' title='bbox 730 1824 738 1838; x_wconf 79' lang='grc' dir='ltr'><strong>ι</strong></span> <span class='ocrx_word' id='word_1_323' title='bbox 758 1813 826 1840; x_wconf 80' lang='grc' dir='ltr'>ἀλλὰ</span> 
     </span>
    </p>
   </div>
   <div class='ocr_carea' id='block_1_41' title="bbox 43 1857 826 1894">
    <p class='ocr_par' dir='ltr' id='par_1_41' title="bbox 43 1857 826 1894">
     <span class='ocr_line' id='line_1_41' title="bbox 43 1857 826 1894; baseline 0.001 -10"><span class='ocrx_word' id='word_1_324' title='bbox 43 1857 82 1884; x_wconf 70' lang='grc' dir='ltr'>τοῦ</span> <span class='ocrx_word' id='word_1_325' title='bbox 95 1858 173 1892; x_wconf 77' lang='grc' dir='ltr'>λόγου</span> <span class='ocrx_word' id='word_1_326' title='bbox 191 1859 242 1894; x_wconf 81' lang='grc' dir='ltr'>τὴν</span> <span class='ocrx_word' id='word_1_327' title='bbox 265 1859 413 1893; x_wconf 75' lang='grc' dir='ltr'>καινότητα</span> <span class='ocrx_word' id='word_1_328' title='bbox 436 1859 543 1889; x_wconf 77' lang='grc' dir='ltr'>δεικνὺς</span> <span class='ocrx_word' id='word_1_329' title='bbox 554 1878 560 1889; x_wconf 86' lang='grc'>,</span> <span class='ocrx_word' id='word_1_330' title='bbox 583 1859 629 1885; x_wconf 74' lang='grc' dir='ltr'><strong>καὶ</strong></span> <span class='ocrx_word' id='word_1_331' title='bbox 644 1859 693 1893; x_wconf 84' lang='grc' dir='ltr'>τῆς</span> <span class='ocrx_word' id='word_1_332' title='bbox 711 1859 826 1893; x_wconf 79' lang='grc' dir='ltr'>ἀρχαίας</span> 
     </span>
    </p>
   </div>
   <div class='ocr_carea' id='block_1_42' title="bbox 42 1904 826 1940">
    <p class='ocr_par' dir='ltr' id='par_1_42' title="bbox 42 1904 826 1940">
     <span class='ocr_line' id='line_1_42' title="bbox 42 1904 826 1940; baseline 0.005 -11"><span class='ocrx_word' id='word_1_333' title='bbox 42 1904 141 1940; x_wconf 77' lang='grc' dir='ltr'>ἐκείνης</span> <span class='ocrx_word' id='word_1_334' title='bbox 153 1906 332 1940; x_wconf 79' lang='grc' dir='ltr'>ἀγαπήσεως,</span> <span class='ocrx_word' id='word_1_335' title='bbox 349 1906 399 1940; x_wconf 80' lang='grc' dir='ltr'>τῆς</span> <span class='ocrx_word' id='word_1_336' title='bbox 415 1906 454 1937; x_wconf 84' lang='grc' dir='ltr'><strong>είς</strong></span> <span class='ocrx_word' id='word_1_337' title='bbox 472 1905 602 1940; x_wconf 70' lang='grc' dir='ltr'>ἀλλήλους</span> <span class='ocrx_word' id='word_1_338' title='bbox 617 1906 702 1940; x_wconf 73' lang='grc' dir='ltr'>φημὶ,</span> <span class='ocrx_word' id='word_1_339' title='bbox 718 1905 785 1932; x_wconf 80' lang='grc' dir='ltr'>πολύ</span> <span class='ocrx_word' id='word_1_340' title='bbox 798 1914 826 1933; x_wconf 80' lang='grc' dir='ltr'><strong>τι</strong></span> 
     </span>
    </p>
   </div>
   <div class='ocr_carea' id='block_1_43' title="bbox 43 1950 825 1987">
    <p class='ocr_par' dir='ltr' id='par_1_43' title="bbox 43 1950 825 1987">
     <span class='ocr_line' id='line_1_43' title="bbox 43 1950 825 1987; baseline 0.004 -12"><span class='ocrx_word' id='word_1_341' title='bbox 43 1950 68 1976; x_wconf 65' lang='grc' dir='ltr'>τὸ</span> <span class='ocrx_word' id='word_1_342' title='bbox 82 1951 169 1986; x_wconf 75' lang='grc' dir='ltr'>μεῖζον</span> <span class='ocrx_word' id='word_1_343' title='bbox 188 1951 304 1986; x_wconf 77' lang='grc' dir='ltr'>ἔχουσαν</span> <span class='ocrx_word' id='word_1_344' title='bbox 318 1951 368 1987; x_wconf 77' lang='grc' dir='ltr'>τὴν</span> <span class='ocrx_word' id='word_1_345' title='bbox 386 1951 495 1983; x_wconf 75' lang='grc' dir='ltr'>ἑαυτοῦ,</span> <span class='ocrx_word' id='word_1_346' title='bbox 511 1952 705 1987; x_wconf 73' lang='grc' dir='ltr'>προστέθεικεν</span> <span class='ocrx_word' id='word_1_347' title='bbox 726 1952 806 1984; x_wconf 72' lang='grc' dir='ltr'>εὐθύς</span> <span class='ocrx_word' id='word_1_348' title='bbox 818 1961 825 1969; x_wconf 67' lang='grc' dir='ltr'><strong>υ</strong></span> 
     </span>
    </p>
   </div>
   <div class='ocr_carea' id='block_1_44' title="bbox 46 1997 826 2033">
    <p class='ocr_par' dir='ltr' id='par_1_44' title="bbox 46 1997 826 2033">
     <span class='ocr_line' id='line_1_44' title="bbox 46 1997 826 2033; baseline 0.004 -11"><span class='ocrx_word' id='word_1_349' title='bbox 46 2009 54 2021; x_wconf 64' lang='grc' dir='ltr'><strong>ς</strong></span> <span class='ocrx_word' id='word_1_350' title='bbox 67 1997 160 2029; x_wconf 77' lang='grc' dir='ltr'>Καθὼς</span> <span class='ocrx_word' id='word_1_351' title='bbox 177 1997 234 2032; x_wconf 82' lang='grc' dir='ltr'><strong>ἑγὼ</strong></span> <span class='ocrx_word' id='word_1_352' title='bbox 247 1998 380 2033; x_wconf 76' lang='grc' dir='ltr'>ἠγάπησα</span> <span class='ocrx_word' id='word_1_353' title='bbox 396 1998 477 2032; x_wconf 75' lang='grc' dir='ltr'>ὑμᾶς,</span> <span class='ocrx_word' id='word_1_354' title='bbox 492 1998 535 2024; x_wconf 83' lang='grc' dir='ltr'><strong>ἵνα</strong></span> <span class='ocrx_word' id='word_1_355' title='bbox 549 1998 594 2024; x_wconf 71' lang='grc' dir='ltr'><strong>καὶ</strong></span> <span class='ocrx_word' id='word_1_356' title='bbox 609 1998 688 2033; x_wconf 80' lang='grc' dir='ltr'>ὑμεῖς</span> <span class='ocrx_word' id='word_1_357' title='bbox 700 1999 826 2032; x_wconf 83' lang='grc' dir='ltr'>ἀγαπᾶτε</span> 
     </span>
    </p>
   </div>
   <div class='ocr_carea' id='block_1_45' title="bbox 44 2043 827 2079">
    <p class='ocr_par' dir='ltr' id='par_1_45' title="bbox 44 2043 827 2079">
     <span class='ocr_line' id='line_1_45' title="bbox 44 2043 827 2079; baseline 0.004 -11"><span class='ocrx_word' id='word_1_358' title='bbox 44 2043 177 2079; x_wconf 75' lang='grc' dir='ltr'>ἀλλήλους.</span> <span class='ocrx_word' id='word_1_359' title='bbox 197 2054 205 2069; x_wconf 72' lang='grc' dir='ltr'><strong>ι</strong></span> <span class='ocrx_word' id='word_1_360' title='bbox 236 2043 410 2079; x_wconf 80' lang='grc' dir='ltr'>Ἐρευνητέον</span> <span class='ocrx_word' id='word_1_361' title='bbox 425 2043 570 2079; x_wconf 74' lang='grc' dir='ltr'>τοιγαροῦν</span> <span class='ocrx_word' id='word_1_362' title='bbox 589 2044 659 2079; x_wconf 76' lang='grc' dir='ltr'>ὑπὲρ</span> <span class='ocrx_word' id='word_1_363' title='bbox 675 2045 722 2071; x_wconf 74' lang='grc' dir='ltr'><strong>τοῦ</strong></span> <span class='ocrx_word' id='word_1_364' title='bbox 740 2045 827 2071; x_wconf 80' lang='grc' dir='ltr'>συνιέ-</span> 
     </span>
    </p>
   </div>
   <div class='ocr_carea' id='block_1_46' title="bbox 45 2090 825 2125">
    <p class='ocr_par' dir='ltr' id='par_1_46' title="bbox 45 2090 825 2125">
     <span class='ocr_line' id='line_1_46' title="bbox 45 2090 825 2125; baseline 0.003 -11"><span class='ocrx_word' id='word_1_365' title='bbox 45 2098 81 2115; x_wconf 78' lang='grc' dir='ltr'><strong>ναι</strong></span> <span class='ocrx_word' id='word_1_366' title='bbox 97 2090 191 2124; x_wconf 76' lang='grc' dir='ltr'>σαφῶς</span> <span class='ocrx_word' id='word_1_367' title='bbox 209 2090 264 2116; x_wconf 76' lang='grc' dir='ltr'>τῶν</span> <span class='ocrx_word' id='word_1_368' title='bbox 286 2090 441 2125; x_wconf 80' lang='grc' dir='ltr'>εἰρημένων</span> <span class='ocrx_word' id='word_1_369' title='bbox 459 2091 507 2125; x_wconf 81' lang='grc' dir='ltr'>τὴν</span> <span class='ocrx_word' id='word_1_370' title='bbox 532 2090 658 2125; x_wconf 74' lang='grc' dir='ltr'>δύναμιν,</span> <span class='ocrx_word' id='word_1_371' title='bbox 682 2090 741 2121; x_wconf 85' lang='grc' dir='ltr'>πῶς</span> <span class='ocrx_word' id='word_1_372' title='bbox 755 2091 825 2125; x_wconf 71' lang='grc' dir='ltr'><strong>ἠγά-</strong></span> 
     </span>
    </p>
   </div>
   <div class='ocr_carea' id='block_1_47' title="bbox 46 2136 827 2172">
    <p class='ocr_par' dir='ltr' id='par_1_47' title="bbox 46 2136 827 2172">
     <span class='ocr_line' id='line_1_47' title="bbox 46 2136 827 2172; baseline 0.001 -10"><span class='ocrx_word' id='word_1_373' title='bbox 46 2145 122 2170; x_wconf 69' lang='grc' dir='ltr'>πησεν</span> <span class='ocrx_word' id='word_1_374' title='bbox 147 2138 224 2172; x_wconf 74' lang='grc' dir='ltr'>ἡμᾶς</span> <span class='ocrx_word' id='word_1_375' title='bbox 245 2137 259 2162; x_wconf 86' lang='grc' dir='ltr'><strong>ό</strong></span> <span class='ocrx_word' id='word_1_376' title='bbox 281 2136 410 2172; x_wconf 84' lang='grc' dir='ltr'>Χριστός.</span> <span class='ocrx_word' id='word_1_377' title='bbox 439 2137 506 2163; x_wconf 75' lang='grc' dir='ltr'>Τότε</span> <span class='ocrx_word' id='word_1_378' title='bbox 523 2136 588 2172; x_wconf 78' lang='grc' dir='ltr'>γὰρ,</span> <span class='ocrx_word' id='word_1_379' title='bbox 610 2137 680 2168; x_wconf 80' lang='grc' dir='ltr'>τότε,</span> <span class='ocrx_word' id='word_1_380' title='bbox 699 2137 745 2163; x_wconf 76' lang='grc' dir='ltr'>καὶ</span> <span class='ocrx_word' id='word_1_381' title='bbox 767 2137 827 2163; x_wconf 84' lang='grc' dir='ltr'>λίαν</span> 
     </span>
    </p>
   </div>
   <div class='ocr_carea' id='block_1_48' title="bbox 47 2183 827 2218">
    <p class='ocr_par' dir='ltr' id='par_1_48' title="bbox 47 2183 827 2218">
     <span class='ocr_line' id='line_1_48' title="bbox 47 2183 827 2218; baseline 0.001 -11"><span class='ocrx_word' id='word_1_382' title='bbox 47 2183 154 2215; x_wconf 63' lang='grc' dir='ltr'>εὐκόλως</span> <span class='ocrx_word' id='word_1_383' title='bbox 167 2183 412 2218; x_wconf 72' lang='grc' dir='ltr'>ἐπαριθμήσαιμεν</span> <span class='ocrx_word' id='word_1_384' title='bbox 436 2183 468 2209; x_wconf 80' lang='grc' dir='ltr'>ἂν</span> <span class='ocrx_word' id='word_1_385' title='bbox 490 2183 520 2209; x_wconf 76' lang='grc' dir='ltr'><strong>τὺ</strong></span> <span class='ocrx_word' id='word_1_386' title='bbox 542 2183 636 2210; x_wconf 81' lang='grc' dir='ltr'>καινὸν</span> <span class='ocrx_word' id='word_1_387' title='bbox 652 2183 699 2210; x_wconf 76' lang='grc' dir='ltr'>καὶ</span> <span class='ocrx_word' id='word_1_388' title='bbox 725 2183 827 2218; x_wconf 69' lang='grc' dir='ltr'>παρηλ-</span> 
     </span>
    </p>
   </div>
   <div class='ocr_carea' id='block_1_49' title="bbox 47 2227 865 2264">
    <p class='ocr_par' dir='ltr' id='par_1_49' title="bbox 47 2227 865 2264">
     <span class='ocr_line' id='line_1_49' title="bbox 47 2227 865 2264; baseline 0.004 -11"><span class='ocrx_word' id='word_1_389' title='bbox 47 2227 171 2263; x_wconf 65' lang='grc' dir='ltr'>λαγμένην</span> <span class='ocrx_word' id='word_1_390' title='bbox 202 2230 252 2264; x_wconf 78' lang='grc' dir='ltr'>τῆς</span> <span class='ocrx_word' id='word_1_391' title='bbox 269 2229 327 2256; x_wconf 81' lang='grc' dir='ltr'>νυνὶ</span> <span class='ocrx_word' id='word_1_392' title='bbox 353 2229 478 2263; x_wconf 74' lang='grc' dir='ltr'>δοθείσης</span> <span class='ocrx_word' id='word_1_393' title='bbox 495 2228 613 2264; x_wconf 76' lang='grc' dir='ltr'>ἐντολῆς.</span> <span class='ocrx_word' id='word_1_394' title='bbox 632 2228 736 2255; x_wconf 80' lang='grc' dir='ltr'>Οὐκοῦν</span> <span class='ocrx_word' id='word_1_395' title='bbox 765 2238 774 2255; x_wconf 82' lang='grc' dir='ltr'><strong>ι</strong></span> <span class='ocrx_word' id='word_1_396' title='bbox 796 2230 824 2255; x_wconf 78' lang='grc' dir='ltr'>ἐν</span> <span class='ocrx_word' id='word_1_397' title='bbox 842 2229 865 2256; x_wconf 91' lang='grc' dir='ltr'><strong>Ι)</strong></span> 
     </span>
    </p>
   </div>
   <div class='ocr_carea' id='block_1_50' title="bbox 50 2275 828 2310">
    <p class='ocr_par' dir='ltr' id='par_1_50' title="bbox 50 2275 828 2310">
     <span class='ocr_line' id='line_1_50' title="bbox 50 2275 828 2310; baseline 0.001 -10"><span class='ocrx_word' id='word_1_398' title='bbox 50 2277 128 2310; x_wconf 72' lang='grc' dir='ltr'>μορφῇ</span> <span class='ocrx_word' id='word_1_399' title='bbox 145 2275 214 2302; x_wconf 75' lang='grc' dir='ltr'>Θεοῦ</span> <span class='ocrx_word' id='word_1_400' title='bbox 234 2276 382 2310; x_wconf 69' lang='grc' dir='ltr'>ὑπάρχων,</span> <span class='ocrx_word' id='word_1_401' title='bbox 412 2276 461 2310; x_wconf 79' lang='grc' dir='ltr'><strong>οὐχ</strong></span> <span class='ocrx_word' id='word_1_402' title='bbox 485 2275 634 2310; x_wconf 73' lang='grc' dir='ltr'>ἁρπαγμὸν</span> <span class='ocrx_word' id='word_1_403' title='bbox 654 2275 777 2310; x_wconf 82' lang='grc' dir='ltr'>ἡγήσατο</span> <span class='ocrx_word' id='word_1_404' title='bbox 797 2275 828 2302; x_wconf 77' lang='grc' dir='ltr'>τὸ</span> 
     </span>
    </p>
   </div>
   <div class='ocr_carea' id='block_1_51' title="bbox 49 2316 828 2355">
    <p class='ocr_par' dir='ltr' id='par_1_51' title="bbox 49 2316 828 2355">
     <span class='ocr_line' id='line_1_51' title="bbox 49 2316 828 2355; baseline 0.008 -13"><span class='ocrx_word' id='word_1_405' title='bbox 49 2316 108 2344; x_wconf 71' lang='grc' dir='ltr'>εἶναι</span> <span class='ocrx_word' id='word_1_406' title='bbox 130 2321 175 2346; x_wconf 72' lang='grc' dir='ltr'><strong>ἶσα</strong></span> <span class='ocrx_word' id='word_1_407' title='bbox 192 2319 253 2355; x_wconf 81' lang='grc' dir='ltr'><strong>Θεῴ</strong></span> <span class='ocrx_word' id='word_1_408' title='bbox 265 2339 272 2351; x_wconf 84' lang='grc'><em>,</em></span> <span class='ocrx_word' id='word_1_409' title='bbox 290 2320 346 2346; x_wconf 82' lang='grc' dir='ltr'>ἀλλ’</span> <span class='ocrx_word' id='word_1_410' title='bbox 364 2319 460 2346; x_wconf 71' lang='grc' dir='ltr'>ἑαυτὸν</span> <span class='ocrx_word' id='word_1_411' title='bbox 476 2319 592 2345; x_wconf 77' lang='grc' dir='ltr'>ὲκένωσε</span> <span class='ocrx_word' id='word_1_412' title='bbox 609 2319 702 2346; x_wconf 80' lang='grc' dir='ltr'>δούλου</span> <span class='ocrx_word' id='word_1_413' title='bbox 720 2320 828 2355; x_wconf 74' lang='grc' dir='ltr'>μορφὴν</span> 
     </span>
    </p>
   </div>
   <div class='ocr_carea' id='block_1_52' title="bbox 49 2363 828 2400">
    <p class='ocr_par' dir='ltr' id='par_1_52' title="bbox 49 2363 828 2400">
     <span class='ocr_line' id='line_1_52' title="bbox 49 2363 828 2400; baseline 0.004 -12"><span class='ocrx_word' id='word_1_414' title='bbox 49 2363 138 2398; x_wconf 75' lang='grc' dir='ltr'>λαϐὼν,</span> <span class='ocrx_word' id='word_1_415' title='bbox 154 2366 184 2391; x_wconf 77' lang='grc' dir='ltr'>ὲν</span> <span class='ocrx_word' id='word_1_416' title='bbox 194 2365 348 2400; x_wconf 81' lang='grc' dir='ltr'>ὁμοιώματι</span> <span class='ocrx_word' id='word_1_417' title='bbox 362 2365 516 2400; x_wconf 80' lang='grc' dir='ltr'>ἀνθρώπων</span> <span class='ocrx_word' id='word_1_418' title='bbox 531 2364 688 2399; x_wconf 78' lang='grc' dir='ltr'>γενόμενος,</span> <span class='ocrx_word' id='word_1_419' title='bbox 706 2369 752 2391; x_wconf 72' lang='grc' dir='ltr'>καὶ</span> <span class='ocrx_word' id='word_1_420' title='bbox 763 2366 828 2400; x_wconf 74' lang='grc' dir='ltr'><strong>σχή-</strong></span> 
     </span>
    </p>
   </div>
   <div class='ocr_carea' id='block_1_53' title="bbox 52 2411 828 2448">
    <p class='ocr_par' dir='ltr' id='par_1_53' title="bbox 52 2411 828 2448">
     <span class='ocr_line' id='line_1_53' title="bbox 52 2411 828 2448; baseline 0.001 -11"><span class='ocrx_word' id='word_1_421' title='bbox 52 2418 107 2443; x_wconf 75' lang='grc' dir='ltr'>ματι</span> <span class='ocrx_word' id='word_1_422' title='bbox 127 2412 251 2448; x_wconf 79' lang='grc' dir='ltr'>εὑρεθεὶς</span> <span class='ocrx_word' id='word_1_423' title='bbox 275 2412 313 2443; x_wconf 85' lang='grc' dir='ltr'>ὡς</span> <span class='ocrx_word' id='word_1_424' title='bbox 340 2411 502 2446; x_wconf 78' lang='grc' dir='ltr'>ἄνθρωπος,</span> <span class='ocrx_word' id='word_1_425' title='bbox 528 2411 710 2437; x_wconf 70' lang='grc' dir='ltr'>ὲταπείνωτεν</span> <span class='ocrx_word' id='word_1_426' title='bbox 733 2411 828 2438; x_wconf 75' lang='grc' dir='ltr'>ἑαυτὸν</span> 
     </span>
    </p>
   </div>
   <div class='ocr_carea' id='block_1_54' title="bbox 51 2457 830 2493">
    <p class='ocr_par' dir='ltr' id='par_1_54' title="bbox 51 2457 830 2493">
     <span class='ocr_line' id='line_1_54' title="bbox 51 2457 830 2493; baseline 0.003 -11"><span class='ocrx_word' id='word_1_427' title='bbox 51 2457 183 2492; x_wconf 76' lang='grc' dir='ltr'>γενόμενος</span> <span class='ocrx_word' id='word_1_428' title='bbox 196 2459 317 2493; x_wconf 78' lang='grc' dir='ltr'>ὑπήκοος</span> <span class='ocrx_word' id='word_1_429' title='bbox 333 2458 413 2493; x_wconf 78' lang='grc' dir='ltr'>μέχρι</span> <span class='ocrx_word' id='word_1_430' title='bbox 427 2457 555 2487; x_wconf 77' lang='grc' dir='ltr'>θανάτου,</span> <span class='ocrx_word' id='word_1_431' title='bbox 572 2457 689 2484; x_wconf 77' lang='grc' dir='ltr'>θανάτου</span> <span class='ocrx_word' id='word_1_432' title='bbox 705 2457 732 2483; x_wconf 74' lang='grc' dir='ltr'>δὲ</span> <span class='ocrx_word' id='word_1_433' title='bbox 748 2467 830 2484; x_wconf 75' lang='grc' dir='ltr'>σταυ-</span> 
     </span>
    </p>
   </div>
   <div class='ocr_carea' id='block_1_55' title="bbox 54 2501 830 2538">
    <p class='ocr_par' dir='ltr' id='par_1_55' title="bbox 54 2501 830 2538">
     <span class='ocr_line' id='line_1_55' title="bbox 54 2501 830 2538; baseline 0.003 -10"><span class='ocrx_word' id='word_1_434' title='bbox 54 2501 100 2536; x_wconf 56' lang='grc' dir='ltr'>ροῦ.</span> <span class='ocrx_word' id='word_1_435' title='bbox 117 2513 126 2528; x_wconf 72' lang='grc' dir='ltr'><strong>ι</strong></span> <span class='ocrx_word' id='word_1_436' title='bbox 158 2504 238 2530; x_wconf 75' lang='grc' dir='ltr'><strong>Ἀλλὰ</strong></span> <span class='ocrx_word' id='word_1_437' title='bbox 263 2505 310 2531; x_wconf 73' lang='grc' dir='ltr'><strong>καὶ</strong></span> <span class='ocrx_word' id='word_1_438' title='bbox 335 2503 463 2534; x_wconf 80' lang='grc' dir='ltr'>πλούσιος</span> <span class='ocrx_word' id='word_1_439' title='bbox 489 2503 526 2529; x_wconf 81' lang='grc' dir='ltr'><strong>ὢν</strong></span> <span class='ocrx_word' id='word_1_440' title='bbox 554 2503 744 2538; x_wconf 76' lang='grc' dir='ltr'>ὲπτὼχευαε,,</span> <span class='ocrx_word' id='word_1_441' title='bbox 760 2504 830 2530; x_wconf 78' lang='grc' dir='ltr'>καθὰ</span> 
     </span>
    </p>
   </div>
   <div class='ocr_carea' id='block_1_56' title="bbox 55 2548 830 2585">
    <p class='ocr_par' dir='ltr' id='par_1_56' title="bbox 55 2548 830 2585">
     <span class='ocr_line' id='line_1_56' title="bbox 55 2548 830 2585; baseline 0.005 -12"><span class='ocrx_word' id='word_1_442' title='bbox 55 2549 125 2576; x_wconf 67' lang='grc' dir='ltr'>πάλιν</span> <span class='ocrx_word' id='word_1_443' title='bbox 135 2552 148 2577; x_wconf 83' lang='grc' dir='ltr'>ὸ</span> <span class='ocrx_word' id='word_1_444' title='bbox 164 2550 268 2581; x_wconf 82' lang='grc' dir='ltr'>Παῦλος</span> <span class='ocrx_word' id='word_1_445' title='bbox 280 2551 344 2585; x_wconf 79' lang='grc' dir='ltr'>ἡμῖν</span> <span class='ocrx_word' id='word_1_446' title='bbox 358 2549 571 2585; x_wconf 77' lang='grc' dir='ltr'>διεμαρτύρατο.</span> <span class='ocrx_word' id='word_1_447' title='bbox 597 2548 678 2584; x_wconf 76' lang='grc' dir='ltr'><strong>Ὀρᾷς</strong></span> <span class='ocrx_word' id='word_1_448' title='bbox 693 2550 722 2576; x_wconf 74' lang='grc' dir='ltr'>τὸ</span> <span class='ocrx_word' id='word_1_449' title='bbox 738 2551 830 2577; x_wconf 74' lang='grc' dir='ltr'>καινὸν</span> 
     </span>
    </p>
   </div>
   <div class='ocr_carea' id='block_1_57' title="bbox 58 2595 830 2632">
    <p class='ocr_par' dir='ltr' id='par_1_57' title="bbox 58 2595 830 2632">
     <span class='ocr_line' id='line_1_57' title="bbox 58 2595 830 2632; baseline 0 -10"><span class='ocrx_word' id='word_1_450' title='bbox 58 2595 95 2629; x_wconf 71' lang='grc' dir='ltr'><strong>τῆς</strong></span> <span class='ocrx_word' id='word_1_451' title='bbox 111 2598 149 2627; x_wconf 75' lang='grc' dir='ltr'>εἰς</span> <span class='ocrx_word' id='word_1_452' title='bbox 170 2597 243 2631; x_wconf 78' lang='grc' dir='ltr'>ἡμᾶς</span> <span class='ocrx_word' id='word_1_453' title='bbox 259 2597 444 2632; x_wconf 78' lang='grc' dir='ltr'>ἁγαπήσεως;</span> <span class='ocrx_word' id='word_1_454' title='bbox 470 2596 499 2622; x_wconf 88' lang='grc' dir='ltr'>ὐ</span> <span class='ocrx_word' id='word_1_455' title='bbox 517 2596 566 2630; x_wconf 77' lang='grc' dir='ltr'>μὲν</span> <span class='ocrx_word' id='word_1_456' title='bbox 585 2595 638 2631; x_wconf 83' lang='grc' dir='ltr'><strong>γὰρ</strong></span> <span class='ocrx_word' id='word_1_457' title='bbox 659 2596 740 2631; x_wconf 78' lang='grc' dir='ltr'>νόμος</span> <span class='ocrx_word' id='word_1_458' title='bbox 762 2597 830 2630; x_wconf 77' lang='grc' dir='ltr'>ἀγα-</span> 
     </span>
    </p>
   </div>
   <div class='ocr_carea' id='block_1_58' title="bbox 54 2641 828 2676">
    <p class='ocr_par' dir='ltr' id='par_1_58' title="bbox 54 2641 828 2676">
     <span class='ocr_line' id='line_1_58' title="bbox 54 2641 828 2676; baseline 0.003 -9"><span class='ocrx_word' id='word_1_459' title='bbox 54 2643 128 2675; x_wconf 70' lang='grc' dir='ltr'>πὴται</span> <span class='ocrx_word' id='word_1_460' title='bbox 146 2643 200 2669; x_wconf 82' lang='grc' dir='ltr'>δεῖν</span> <span class='ocrx_word' id='word_1_461' title='bbox 224 2644 270 2669; x_wconf 73' lang='grc' dir='ltr'><strong>τὸν</strong></span> <span class='ocrx_word' id='word_1_462' title='bbox 288 2643 403 2676; x_wconf 69' lang='grc' dir='ltr'>ἀδελφὸν</span> <span class='ocrx_word' id='word_1_463' title='bbox 418 2642 561 2669; x_wconf 78' lang='grc' dir='ltr'>ἐκέλευσεν</span> <span class='ocrx_word' id='word_1_464' title='bbox 580 2641 617 2673; x_wconf 84' lang='grc' dir='ltr'>ὡς</span> <span class='ocrx_word' id='word_1_465' title='bbox 640 2643 735 2668; x_wconf 77' lang='grc' dir='ltr'>ἑαυτόν</span> <span class='ocrx_word' id='word_1_466' title='bbox 748 2651 754 2656; x_wconf 92' lang='grc'><strong>·</strong></span> <span class='ocrx_word' id='word_1_467' title='bbox 771 2645 785 2669; x_wconf 85' lang='grc' dir='ltr'>ὁ</span> <span class='ocrx_word' id='word_1_468' title='bbox 800 2643 828 2669; x_wconf 80' lang='grc' dir='ltr'>δὲ</span> 
     </span>
    </p>
   </div>
   <div class='ocr_carea' id='block_1_59' title="bbox 56 2687 828 2725">
    <p class='ocr_par' dir='ltr' id='par_1_59' title="bbox 56 2687 828 2725">
     <span class='ocr_line' id='line_1_59' title="bbox 56 2687 828 2725; baseline 0.005 -13"><span class='ocrx_word' id='word_1_469' title='bbox 56 2687 142 2722; x_wconf 71' lang='grc' dir='ltr'>Κύριος</span> <span class='ocrx_word' id='word_1_470' title='bbox 158 2689 236 2724; x_wconf 80' lang='grc' dir='ltr'>ἡμῶν</span> <span class='ocrx_word' id='word_1_471' title='bbox 258 2688 359 2723; x_wconf 72' lang='grc' dir='ltr'>Ἰησοῦς</span> <span class='ocrx_word' id='word_1_472' title='bbox 375 2688 491 2723; x_wconf 75' lang='grc' dir='ltr'>Χριστὸς</span> <span class='ocrx_word' id='word_1_473' title='bbox 501 2687 646 2722; x_wconf 74' lang='grc' dir='ltr'>ἠγάπησεν</span> <span class='ocrx_word' id='word_1_474' title='bbox 663 2689 736 2723; x_wconf 70' lang='grc' dir='ltr'>ἡμᾶς</span> <span class='ocrx_word' id='word_1_475' title='bbox 759 2690 828 2725; x_wconf 80' lang='grc' dir='ltr'>ὑπὲρ</span> 
     </span>
    </p>
   </div>
   <div class='ocr_carea' id='block_1_60' title="bbox 56 2732 827 2770">
    <p class='ocr_par' dir='ltr' id='par_1_60' title="bbox 56 2732 827 2770">
     <span class='ocr_line' id='line_1_60' title="bbox 56 2732 827 2770; baseline 0.005 -12"><span class='ocrx_word' id='word_1_476' title='bbox 56 2732 154 2760; x_wconf 71' lang='grc' dir='ltr'>ἑιυτόν·</span> <span class='ocrx_word' id='word_1_477' title='bbox 175 2737 205 2762; x_wconf 87' lang='grc' dir='ltr'>οὑ</span> <span class='ocrx_word' id='word_1_478' title='bbox 221 2735 275 2770; x_wconf 70' lang='grc' dir='ltr'>γὰρ</span> <span class='ocrx_word' id='word_1_479' title='bbox 297 2734 329 2762; x_wconf 82' lang='grc' dir='ltr'>ἂν</span> <span class='ocrx_word' id='word_1_480' title='bbox 351 2735 380 2761; x_wconf 86' lang='grc' dir='ltr'>ἐν</span> <span class='ocrx_word' id='word_1_481' title='bbox 402 2735 493 2769; x_wconf 75' lang='grc' dir='ltr'>μορφῇ</span> <span class='ocrx_word' id='word_1_482' title='bbox 514 2734 561 2760; x_wconf 77' lang='grc' dir='ltr'><strong>καὶ</strong></span> <span class='ocrx_word' id='word_1_483' title='bbox 578 2734 681 2768; x_wconf 79' lang='grc' dir='ltr'>ἰσότητι</span> <span class='ocrx_word' id='word_1_484' title='bbox 697 2734 744 2761; x_wconf 78' lang='grc' dir='ltr'><strong>τοῦ</strong></span> <span class='ocrx_word' id='word_1_485' title='bbox 759 2735 827 2762; x_wconf 73' lang='grc' dir='ltr'>Θεοῦ</span> 
     </span>
    </p>
   </div>
   <div class='ocr_carea' id='block_1_61' title="bbox 58 2779 826 2818">
    <p class='ocr_par' dir='ltr' id='par_1_61' title="bbox 58 2779 826 2818">
     <span class='ocr_line' id='line_1_61' title="bbox 58 2779 826 2818; baseline 0.007 -14"><span class='ocrx_word' id='word_1_486' title='bbox 58 2780 96 2804; x_wconf 70' lang='grc' dir='ltr'><strong>καὶ</strong></span> <span class='ocrx_word' id='word_1_487' title='bbox 116 2781 218 2815; x_wconf 72' lang='grc' dir='ltr'>Πατρὶις</span> <span class='ocrx_word' id='word_1_488' title='bbox 235 2781 364 2815; x_wconf 79' lang='grc' dir='ltr'>ὑπάρχων</span> <span class='ocrx_word' id='word_1_489' title='bbox 392 2779 460 2815; x_wconf 74' lang='grc' dir='ltr'>πρὸς</span> <span class='ocrx_word' id='word_1_490' title='bbox 490 2781 538 2813; x_wconf 78' lang='grc' dir='ltr'>τὴν</span> <span class='ocrx_word' id='word_1_491' title='bbox 562 2780 699 2815; x_wconf 72' lang='grc' dir='ltr'>ἡμετέραν</span> <span class='ocrx_word' id='word_1_492' title='bbox 724 2782 826 2818; x_wconf 77' lang='grc' dir='ltr'>κατέϐη</span> 
     </span>
    </p>
   </div>
   <div class='ocr_carea' id='block_1_62' title="bbox 87 2836 344 2870">
    <p class='ocr_par' dir='ltr' id='par_1_62' title="bbox 87 2836 344 2870">
     <span class='ocr_line' id='line_1_62' title="bbox 87 2836 344 2870; baseline 0.004 -7"><span class='ocrx_word' id='word_1_493' title='bbox 87 2836 106 2851; x_wconf 56' lang='grc' dir='ltr'><strong>τ’</strong></span> <span class='ocrx_word' id='word_1_494' title='bbox 117 2837 206 2865; x_wconf 76' lang='lat' dir='ltr'><strong>Matth.</strong></span> <span class='ocrx_word' id='word_1_495' title='bbox 228 2845 286 2870; x_wconf 78' lang='lat' dir='ltr'><strong>xm,</strong></span> <span class='ocrx_word' id='word_1_496' title='bbox 301 2837 344 2865; x_wconf 70' lang='lat'><strong>52.</strong></span> 
     </span>
    </p>
   </div>
   <div class='ocr_carea' id='block_1_63' title="bbox 62 2873 153 2905">
    <p class='ocr_par' dir='ltr' id='par_1_63' title="bbox 62 2873 153 2905">
     <span class='ocr_line' id='line_1_63' title="bbox 62 2873 153 2905; baseline 0.044 -9"><span class='ocrx_word' id='word_1_497' title='bbox 62 2878 114 2905; x_wconf 85' lang='lat' dir='ltr'><strong>vm,</strong></span> <span class='ocrx_word' id='word_1_498' title='bbox 128 2873 153 2900; x_wconf 84' lang='lat'><strong>9.</strong></span> 
     </span>
    </p>
   </div>
   <div class='ocr_carea' id='block_1_64' title="bbox 389 2838 878 2876">
    <p class='ocr_par' dir='ltr' id='par_1_64' title="bbox 389 2838 878 2876">
     <span class='ocr_line' id='line_1_64' title="bbox 389 2838 878 2876; baseline 0.012 -12"><span class='ocrx_word' id='word_1_499' title='bbox 389 2839 411 2854; x_wconf 84' lang='lat'><strong>&quot;</strong></span> <span class='ocrx_word' id='word_1_500' title='bbox 432 2838 510 2865; x_wconf 80' lang='lat' dir='ltr'><strong>Deut.</strong></span> <span class='ocrx_word' id='word_1_501' title='bbox 529 2847 563 2868; x_wconf 69' lang='grc' dir='ltr'><strong>γι,</strong></span> <span class='ocrx_word' id='word_1_502' title='bbox 585 2839 614 2869; x_wconf 82' lang='lat'><strong>5;</strong></span> <span class='ocrx_word' id='word_1_503' title='bbox 636 2838 729 2867; x_wconf 67' lang='lat' dir='ltr'><strong>Matth.</strong></span> <span class='ocrx_word' id='word_1_504' title='bbox 748 2849 816 2876; x_wconf 79' lang='lat' dir='ltr'><strong>xxii,</strong></span> <span class='ocrx_word' id='word_1_505' title='bbox 835 2843 878 2870; x_wconf 71' lang='grc'><strong>57.</strong></span> 
     </span>
    </p>
   </div>
   <div class='ocr_carea' id='block_1_65' title="bbox 878 252 1668 290">
    <p class='ocr_par' dir='ltr' id='par_1_65' title="bbox 878 252 1668 290">
     <span class='ocr_line' id='line_1_65' title="bbox 878 252 1668 290; baseline 0.006 -12"><span class='ocrx_word' id='word_1_506' title='bbox 878 256 971 279; x_wconf 88' lang='lat' dir='ltr'><strong>vetera</strong></span> <span class='ocrx_word' id='word_1_507' title='bbox 980 253 1012 278; x_wconf 87' lang='lat'><strong>&quot;.</strong></span> <span class='ocrx_word' id='word_1_508' title='bbox 1021 252 1166 287; x_wconf 73' lang='lat' dir='ltr'><strong>tingentes</strong></span> <span class='ocrx_word' id='word_1_509' title='bbox 1181 254 1281 288; x_wconf 84' lang='lat' dir='ltr'><strong>quippe</strong></span> <span class='ocrx_word' id='word_1_510' title='bbox 1297 254 1399 281; x_wconf 67' lang='lat' dir='ltr'><strong>divitia:</strong></span> <span class='ocrx_word' id='word_1_511' title='bbox 1411 259 1476 282; x_wconf 87' lang='lat' dir='ltr'><strong>sunt</strong></span> <span class='ocrx_word' id='word_1_512' title='bbox 1486 263 1517 282; x_wconf 84' lang='lat' dir='ltr'><strong>ac</strong></span> <span class='ocrx_word' id='word_1_513' title='bbox 1529 257 1668 290; x_wconf 76' lang='lat' dir='ltr'><strong>spiritales</strong></span> 
     </span>
    </p>
   </div>
   <div class='ocr_carea' id='block_1_66' title="bbox 877 298 1667 335">
    <p class='ocr_par' dir='ltr' id='par_1_66' title="bbox 877 298 1667 335">
     <span class='ocr_line' id='line_1_66' title="bbox 877 298 1667 335; baseline 0.006 -11"><span class='ocrx_word' id='word_1_514' title='bbox 877 305 939 325; x_wconf 90' lang='lat' dir='ltr'><strong>cum</strong></span> <span class='ocrx_word' id='word_1_515' title='bbox 956 298 983 325; x_wconf 92' lang='lat' dir='ltr'><strong>in</strong></span> <span class='ocrx_word' id='word_1_516' title='bbox 999 306 1038 326; x_wconf 75' lang='lat' dir='ltr'><strong>seu</strong></span> <span class='ocrx_word' id='word_1_517' title='bbox 1047 299 1110 334; x_wconf 90' lang='lat' dir='ltr'><strong>iptis</strong></span> <span class='ocrx_word' id='word_1_518' title='bbox 1127 299 1256 327; x_wconf 84' lang='lat' dir='ltr'><strong>Mosaicis</strong></span> <span class='ocrx_word' id='word_1_519' title='bbox 1269 300 1392 335; x_wconf 86' lang='lat' dir='ltr'><strong>apprime</strong></span> <span class='ocrx_word' id='word_1_520' title='bbox 1403 306 1542 328; x_wconf 89' lang='lat' dir='ltr'><strong>versatum</strong></span> <span class='ocrx_word' id='word_1_521' title='bbox 1554 309 1627 334; x_wconf 70' lang='lat' dir='ltr'><strong>esse,</strong></span> <span class='ocrx_word' id='word_1_522' title='bbox 1640 307 1667 329; x_wconf 82' lang='lat' dir='ltr'><strong>et</strong></span> 
     </span>
    </p>
   </div>
   <div class='ocr_carea' id='block_1_67' title="bbox 877 344 1666 382">
    <p class='ocr_par' dir='ltr' id='par_1_67' title="bbox 877 344 1666 382">
     <span class='ocr_line' id='line_1_67' title="bbox 877 344 1666 382; baseline 0.004 -11"><span class='ocrx_word' id='word_1_523' title='bbox 877 344 1059 380; x_wconf 75' lang='lat' dir='ltr'><strong>quodcunque</strong></span> <span class='ocrx_word' id='word_1_524' title='bbox 1068 346 1194 374; x_wconf 89' lang='lat' dir='ltr'><strong>utilitatis</strong></span> <span class='ocrx_word' id='word_1_525' title='bbox 1203 346 1279 374; x_wconf 77' lang='lat' dir='ltr'><strong>exiis</strong></span> <span class='ocrx_word' id='word_1_526' title='bbox 1294 347 1403 382; x_wconf 82' lang='lat' dir='ltr'><strong>capitur</strong></span> <span class='ocrx_word' id='word_1_527' title='bbox 1417 347 1496 382; x_wconf 85' lang='lat' dir='ltr'><strong>quasi</strong></span> <span class='ocrx_word' id='word_1_528' title='bbox 1507 348 1666 375; x_wconf 82' lang='lat' dir='ltr'><strong>thesaurum</strong></span> 
     </span>
    </p>
   </div>
   <div class='ocr_carea' id='block_1_68' title="bbox 876 390 1659 427">
    <p class='ocr_par' dir='ltr' id='par_1_68' title="bbox 876 390 1659 427">
     <span class='ocr_line' id='line_1_68' title="bbox 876 390 1659 427; baseline 0.003 -10"><span class='ocrx_word' id='word_1_529' title='bbox 876 390 904 425; x_wconf 87' lang='lat' dir='ltr'><strong>in</strong></span> <span class='ocrx_word' id='word_1_530' title='bbox 917 390 1009 417; x_wconf 88' lang='lat' dir='ltr'><strong>animo</strong></span> <span class='ocrx_word' id='word_1_531' title='bbox 1026 391 1198 418; x_wconf 88' lang='lat' dir='ltr'><strong>reconditum</strong></span> <span class='ocrx_word' id='word_1_532' title='bbox 1215 391 1324 423; x_wconf 69' lang='lat' dir='ltr'><strong>habere,</strong></span> <span class='ocrx_word' id='word_1_533' title='bbox 1343 398 1400 418; x_wconf 90' lang='lat' dir='ltr'><strong>tum</strong></span> <span class='ocrx_word' id='word_1_534' title='bbox 1416 392 1582 427; x_wconf 65' lang='lat' dir='ltr'><strong>evangelicae</strong></span> <span class='ocrx_word' id='word_1_535' title='bbox 1608 392 1659 419; x_wconf 94' lang='lat' dir='ltr'><strong>do-</strong></span> 
     </span>
    </p>
   </div>
   <div class='ocr_carea' id='block_1_69' title="bbox 877 437 1666 472">
    <p class='ocr_par' dir='ltr' id='par_1_69' title="bbox 877 437 1666 472">
     <span class='ocr_line' id='line_1_69' title="bbox 877 437 1666 472; baseline 0.001 -9"><span class='ocrx_word' id='word_1_536' title='bbox 877 437 972 464; x_wconf 64' lang='lat' dir='ltr'><strong>ctrinm</strong></span> <span class='ocrx_word' id='word_1_537' title='bbox 1002 437 1210 471; x_wconf 88' lang='lat' dir='ltr'><strong>pulchritudine</strong></span> <span class='ocrx_word' id='word_1_538' title='bbox 1238 437 1331 464; x_wconf 91' lang='lat' dir='ltr'><strong>animo</strong></span> <span class='ocrx_word' id='word_1_539' title='bbox 1352 441 1494 472; x_wconf 74' lang='lat' dir='ltr'><strong>suscapta,</strong></span> <span class='ocrx_word' id='word_1_540' title='bbox 1521 437 1666 472; x_wconf 89' lang='lat' dir='ltr'><strong>dupliciter</strong></span> 
     </span>
    </p>
   </div>
   <div class='ocr_carea' id='block_1_70' title="bbox 877 483 1666 518">
    <p class='ocr_par' dir='ltr' id='par_1_70' title="bbox 877 483 1666 518">
     <span class='ocr_line' id='line_1_70' title="bbox 877 483 1666 518; baseline 0 -8"><span class='ocrx_word' id='word_1_541' title='bbox 877 483 1073 515; x_wconf 85' lang='lat' dir='ltr'><strong>inclarescere,</strong></span> <span class='ocrx_word' id='word_1_542' title='bbox 1094 486 1216 510; x_wconf 86' lang='lat' dir='ltr'><strong>veterum</strong></span> <span class='ocrx_word' id='word_1_543' title='bbox 1235 491 1333 518; x_wconf 84' lang='lat' dir='ltr'><strong>nempe</strong></span> <span class='ocrx_word' id='word_1_544' title='bbox 1348 490 1379 509; x_wconf 87' lang='lat' dir='ltr'><strong>ac</strong></span> <span class='ocrx_word' id='word_1_545' title='bbox 1411 490 1545 510; x_wconf 87' lang='lat' dir='ltr'><strong>novarum</strong></span> <span class='ocrx_word' id='word_1_546' title='bbox 1576 483 1666 518; x_wconf 77' lang='lat' dir='ltr'><strong>legum</strong></span> 
     </span>
    </p>
   </div>
   <div class='ocr_carea' id='block_1_71' title="bbox 878 527 1668 564">
    <p class='ocr_par' dir='ltr' id='par_1_71' title="bbox 878 527 1668 564">
     <span class='ocr_line' id='line_1_71' title="bbox 878 527 1668 564; baseline 0 -8"><span class='ocrx_word' id='word_1_547' title='bbox 878 528 1048 564; x_wconf 77' lang='lat' dir='ltr'><strong>cognitione.</strong></span> <span class='ocrx_word' id='word_1_548' title='bbox 1063 528 1220 556; x_wconf 77' lang='lat' dir='ltr'><strong>Ostendcns</strong></span> <span class='ocrx_word' id='word_1_549' title='bbox 1234 529 1328 564; x_wconf 84' lang='lat' dir='ltr'><strong>itaque</strong></span> <span class='ocrx_word' id='word_1_550' title='bbox 1341 527 1473 556; x_wconf 87' lang='lat' dir='ltr'><strong>Dominus</strong></span> <span class='ocrx_word' id='word_1_551' title='bbox 1484 532 1578 555; x_wconf 85' lang='lat' dir='ltr'><strong>noster</strong></span> <span class='ocrx_word' id='word_1_552' title='bbox 1588 527 1668 556; x_wconf 82' lang='lat' dir='ltr'><strong>Jesus</strong></span> 
     </span>
    </p>
   </div>
   <div class='ocr_carea' id='block_1_72' title="bbox 877 574 1667 608">
    <p class='ocr_par' dir='ltr' id='par_1_72' title="bbox 877 574 1667 608">
     <span class='ocr_line' id='line_1_72' title="bbox 877 574 1667 608; baseline 0.001 -7"><span class='ocrx_word' id='word_1_553' title='bbox 877 574 1005 602; x_wconf 84' lang='lat' dir='ltr'><strong>Christus</strong></span> <span class='ocrx_word' id='word_1_554' title='bbox 1022 575 1182 601; x_wconf 88' lang='lat' dir='ltr'><strong>mandatum</strong></span> <span class='ocrx_word' id='word_1_555' title='bbox 1206 582 1288 602; x_wconf 87' lang='lat' dir='ltr'><strong>suum</strong></span> <span class='ocrx_word' id='word_1_556' title='bbox 1314 574 1399 602; x_wconf 77' lang='lat' dir='ltr'><strong>veteri</strong></span> <span class='ocrx_word' id='word_1_557' title='bbox 1418 578 1559 608; x_wconf 69' lang='lat' dir='ltr'><strong>prteslare,</strong></span> <span class='ocrx_word' id='word_1_558' title='bbox 1587 579 1613 602; x_wconf 87' lang='lat' dir='ltr'><strong>et</strong></span> <span class='ocrx_word' id='word_1_559' title='bbox 1639 575 1667 602; x_wconf 91' lang='lat' dir='ltr'><strong>in</strong></span> 
     </span>
    </p>
   </div>
   <div class='ocr_carea' id='block_1_73' title="bbox 877 621 1667 656">
    <p class='ocr_par' dir='ltr' id='par_1_73' title="bbox 877 621 1667 656">
     <span class='ocr_line' id='line_1_73' title="bbox 877 621 1667 656; baseline 0 -9"><span class='ocrx_word' id='word_1_560' title='bbox 877 621 937 656; x_wconf 77' lang='lat' dir='ltr'><strong>lege</strong></span> <span class='ocrx_word' id='word_1_561' title='bbox 962 621 1119 649; x_wconf 80' lang='lat' dir='ltr'><strong>viventibus</strong></span> <span class='ocrx_word' id='word_1_562' title='bbox 1147 624 1296 648; x_wconf 75' lang='lat' dir='ltr'><strong>salutarent</strong></span> <span class='ocrx_word' id='word_1_563' title='bbox 1327 621 1550 655; x_wconf 63' lang='lat' dir='ltr'><strong>praedicationem</strong></span> <span class='ocrx_word' id='word_1_564' title='bbox 1577 621 1667 648; x_wconf 86' lang='lat' dir='ltr'><strong>adhuc</strong></span> 
     </span>
    </p>
   </div>
   <div class='ocr_carea' id='block_1_74' title="bbox 878 668 1666 700">
    <p class='ocr_par' dir='ltr' id='par_1_74' title="bbox 878 668 1666 700">
     <span class='ocr_line' id='line_1_74' title="bbox 878 668 1666 700; baseline -0.001 -6"><span class='ocrx_word' id='word_1_565' title='bbox 878 668 1051 695; x_wconf 76' lang='lat' dir='ltr'><strong>inaccessam</strong></span> <span class='ocrx_word' id='word_1_566' title='bbox 1070 673 1096 695; x_wconf 89' lang='lat' dir='ltr'><strong>et</strong></span> <span class='ocrx_word' id='word_1_567' title='bbox 1113 668 1214 695; x_wconf 86' lang='lat' dir='ltr'><strong>inviam</strong></span> <span class='ocrx_word' id='word_1_568' title='bbox 1239 676 1310 700; x_wconf 85' lang='lat' dir='ltr'><strong>esse,</strong></span> <span class='ocrx_word' id='word_1_569' title='bbox 1329 675 1498 699; x_wconf 71' lang='lat' dir='ltr'><strong>ascensurus</strong></span> <span class='ocrx_word' id='word_1_570' title='bbox 1515 668 1541 694; x_wconf 94' lang='lat' dir='ltr'><strong>in</strong></span> <span class='ocrx_word' id='word_1_571' title='bbox 1556 668 1666 699; x_wconf 72' lang='lat' dir='ltr'><strong>coelum,</strong></span> 
     </span>
    </p>
   </div>
   <div class='ocr_carea' id='block_1_75' title="bbox 878 713 1666 747">
    <p class='ocr_par' dir='ltr' id='par_1_75' title="bbox 878 713 1666 747">
     <span class='ocr_line' id='line_1_75' title="bbox 878 713 1666 747; baseline -0.003 -7"><span class='ocrx_word' id='word_1_572' title='bbox 878 713 1087 740; x_wconf 80' lang='lat' dir='ltr'><strong>fundamentum</strong></span> <span class='ocrx_word' id='word_1_573' title='bbox 1109 713 1192 740; x_wconf 82' lang='lat' dir='ltr'><strong>veluti</strong></span> <span class='ocrx_word' id='word_1_574' title='bbox 1214 713 1352 747; x_wconf 90' lang='lat' dir='ltr'><strong>quoddam</strong></span> <span class='ocrx_word' id='word_1_575' title='bbox 1369 714 1460 740; x_wconf 89' lang='lat' dir='ltr'><strong>omnis</strong></span> <span class='ocrx_word' id='word_1_576' title='bbox 1477 713 1553 743; x_wconf 84' lang='lat' dir='ltr'><strong>boni,</strong></span> <span class='ocrx_word' id='word_1_577' title='bbox 1575 713 1666 739; x_wconf 86' lang='lat' dir='ltr'><strong>chari-</strong></span> 
     </span>
    </p>
   </div>
   <div class='ocr_carea' id='block_1_76' title="bbox 878 759 1666 794">
    <p class='ocr_par' dir='ltr' id='par_1_76' title="bbox 878 759 1666 794">
     <span class='ocr_line' id='line_1_76' title="bbox 878 759 1666 794; baseline -0.001 -8"><span class='ocrx_word' id='word_1_578' title='bbox 878 759 941 786; x_wconf 86' lang='lat' dir='ltr'><strong>tatis</strong></span> <span class='ocrx_word' id='word_1_579' title='bbox 956 759 1044 794; x_wconf 80' lang='lat' dir='ltr'><strong>legem</strong></span> <span class='ocrx_word' id='word_1_580' title='bbox 1057 760 1209 794; x_wconf 73' lang='lat' dir='ltr'><strong>prtemittit,</strong></span> <span class='ocrx_word' id='word_1_581' title='bbox 1219 759 1373 791; x_wconf 86' lang='lat' dir='ltr'><strong>charitatis,</strong></span> <span class='ocrx_word' id='word_1_582' title='bbox 1385 759 1509 794; x_wconf 85' lang='lat' dir='ltr'><strong>inquam,</strong></span> <span class='ocrx_word' id='word_1_583' title='bbox 1523 767 1576 786; x_wconf 90' lang='lat' dir='ltr'><strong>non</strong></span> <span class='ocrx_word' id='word_1_584' title='bbox 1593 759 1666 794; x_wconf 78' lang='lat' dir='ltr'><strong>lcga-</strong></span> 
     </span>
    </p>
   </div>
   <div class='ocr_carea' id='block_1_77' title="bbox 878 804 1667 840">
    <p class='ocr_par' dir='ltr' id='par_1_77' title="bbox 878 804 1667 840">
     <span class='ocr_line' id='line_1_77' title="bbox 878 804 1667 840; baseline -0.001 -8"><span class='ocrx_word' id='word_1_585' title='bbox 878 804 922 837; x_wconf 81' lang='lat' dir='ltr'><strong>lis,</strong></span> <span class='ocrx_word' id='word_1_586' title='bbox 939 805 988 832; x_wconf 86' lang='lat' dir='ltr'><strong>sed</strong></span> <span class='ocrx_word' id='word_1_587' title='bbox 1000 812 1060 840; x_wconf 65' lang='lat' dir='ltr'><strong>quae</strong></span> <span class='ocrx_word' id='word_1_588' title='bbox 1073 812 1158 840; x_wconf 91' lang='lat' dir='ltr'><strong>supra</strong></span> <span class='ocrx_word' id='word_1_589' title='bbox 1174 806 1259 840; x_wconf 78' lang='lat' dir='ltr'><strong>legem</strong></span> <span class='ocrx_word' id='word_1_590' title='bbox 1283 805 1329 832; x_wconf 79' lang='lat' dir='ltr'><strong>sit.</strong></span> <span class='ocrx_word' id='word_1_591' title='bbox 1349 805 1456 832; x_wconf 88' lang='lat' dir='ltr'><strong>Idcirco</strong></span> <span class='ocrx_word' id='word_1_592' title='bbox 1472 805 1529 832; x_wconf 85' lang='lat' dir='ltr'><strong>ait:</strong></span> <span class='ocrx_word' id='word_1_593' title='bbox 1548 815 1557 831; x_wconf 75' lang='grc' dir='ltr'><strong>ι</strong></span> <span class='ocrx_word' id='word_1_594' title='bbox 1589 805 1667 831; x_wconf 68' lang='lat' dir='ltr'><strong>blan-</strong></span> 
     </span>
    </p>
   </div>
   <div class='ocr_carea' id='block_1_78' title="bbox 879 851 1668 886">
    <p class='ocr_par' dir='ltr' id='par_1_78' title="bbox 879 851 1668 886">
     <span class='ocr_line' id='line_1_78' title="bbox 879 851 1668 886; baseline -0.001 -8"><span class='ocrx_word' id='word_1_595' title='bbox 879 851 972 878; x_wconf 85' lang='lat' dir='ltr'><strong>datum</strong></span> <span class='ocrx_word' id='word_1_596' title='bbox 996 859 1098 878; x_wconf 88' lang='lat' dir='ltr'><strong>novum</strong></span> <span class='ocrx_word' id='word_1_597' title='bbox 1117 851 1153 878; x_wconf 93' lang='lat' dir='ltr'><strong>do</strong></span> <span class='ocrx_word' id='word_1_598' title='bbox 1165 851 1254 882; x_wconf 79' lang='lat' dir='ltr'><strong>vobis,</strong></span> <span class='ocrx_word' id='word_1_599' title='bbox 1274 855 1303 877; x_wconf 90' lang='lat' dir='ltr'><strong>ut</strong></span> <span class='ocrx_word' id='word_1_600' title='bbox 1319 851 1440 886; x_wconf 75' lang='lat' dir='ltr'><strong>diligatis</strong></span> <span class='ocrx_word' id='word_1_601' title='bbox 1459 851 1586 878; x_wconf 82' lang='lat' dir='ltr'><strong>invicem.</strong></span> <span class='ocrx_word' id='word_1_602' title='bbox 1605 861 1614 877; x_wconf 82' lang='grc' dir='ltr'><strong>ι</strong></span> <span class='ocrx_word' id='word_1_603' title='bbox 1633 852 1668 877; x_wconf 82' lang='lat' dir='ltr'><strong>At</strong></span> 
     </span>
    </p>
   </div>
   <div class='ocr_carea' id='block_1_79' title="bbox 877 896 1666 933">
    <p class='ocr_par' dir='ltr' id='par_1_79' title="bbox 877 896 1666 933">
     <span class='ocr_line' id='line_1_79' title="bbox 877 896 1666 933; baseline -0.003 -9"><span class='ocrx_word' id='word_1_604' title='bbox 877 897 1026 933; x_wconf 77' lang='lat' dir='ltr'><strong>quomodo,</strong></span> <span class='ocrx_word' id='word_1_605' title='bbox 1043 905 1146 933; x_wconf 63' lang='lat' dir='ltr'><strong>qumso,</strong></span> <span class='ocrx_word' id='word_1_606' title='bbox 1161 897 1233 924; x_wconf 75' lang='lat' dir='ltr'><strong>dicet</strong></span> <span class='ocrx_word' id='word_1_607' title='bbox 1252 896 1345 924; x_wconf 82' lang='lat' dir='ltr'><strong>forsan</strong></span> <span class='ocrx_word' id='word_1_608' title='bbox 1368 897 1480 931; x_wconf 83' lang='lat' dir='ltr'><strong>aliquis,</strong></span> <span class='ocrx_word' id='word_1_609' title='bbox 1497 897 1547 923; x_wconf 88' lang='lat' dir='ltr'><strong>hoc</strong></span> <span class='ocrx_word' id='word_1_610' title='bbox 1565 904 1666 924; x_wconf 89' lang='lat' dir='ltr'><strong>novum</strong></span> 
     </span>
    </p>
   </div>
   <div class='ocr_carea' id='block_1_80' title="bbox 878 941 1667 976">
    <p class='ocr_par' dir='ltr' id='par_1_80' title="bbox 878 941 1667 976">
     <span class='ocr_line' id='line_1_80' title="bbox 878 941 1667 976; baseline -0.003 -6"><span class='ocrx_word' id='word_1_611' title='bbox 878 943 1041 970; x_wconf 79' lang='lat' dir='ltr'><strong>mandatum</strong></span> <span class='ocrx_word' id='word_1_612' title='bbox 1063 950 1125 970; x_wconf 82' lang='lat' dir='ltr'><strong>esse</strong></span> <span class='ocrx_word' id='word_1_613' title='bbox 1152 942 1232 974; x_wconf 78' lang='lat' dir='ltr'><strong>dixit,</strong></span> <span class='ocrx_word' id='word_1_614' title='bbox 1258 941 1305 976; x_wconf 93' lang='lat' dir='ltr'><strong>qui</strong></span> <span class='ocrx_word' id='word_1_615' title='bbox 1329 949 1378 976; x_wconf 84' lang='lat' dir='ltr'><strong>per</strong></span> <span class='ocrx_word' id='word_1_616' title='bbox 1405 941 1498 969; x_wconf 85' lang='lat' dir='ltr'><strong>Mosen</strong></span> <span class='ocrx_word' id='word_1_617' title='bbox 1530 942 1667 969; x_wconf 74' lang='lat' dir='ltr'><strong>veteribus</strong></span> 
     </span>
    </p>
   </div>
   <div class='ocr_carea' id='block_1_81' title="bbox 876 987 1668 1024">
    <p class='ocr_par' dir='ltr' id='par_1_81' title="bbox 876 987 1668 1024">
     <span class='ocr_line' id='line_1_81' title="bbox 876 987 1668 1024; baseline -0.003 -9"><span class='ocrx_word' id='word_1_618' title='bbox 876 989 1027 1024; x_wconf 75' lang='lat' dir='ltr'><strong>praecepit:</strong></span> <span class='ocrx_word' id='word_1_619' title='bbox 1049 997 1058 1014; x_wconf 78' lang='grc' dir='ltr'><strong>ι</strong></span> <span class='ocrx_word' id='word_1_620' title='bbox 1077 987 1180 1024; x_wconf 77' lang='lat' dir='ltr'><strong>Diliges</strong></span> <span class='ocrx_word' id='word_1_621' title='bbox 1196 987 1343 1015; x_wconf 89' lang='lat' dir='ltr'><strong>Dominum</strong></span> <span class='ocrx_word' id='word_1_622' title='bbox 1361 987 1445 1014; x_wconf 85' lang='lat' dir='ltr'><strong>Deum</strong></span> <span class='ocrx_word' id='word_1_623' title='bbox 1465 992 1542 1014; x_wconf 93' lang='lat' dir='ltr'><strong>tuum</strong></span> <span class='ocrx_word' id='word_1_624' title='bbox 1561 997 1592 1015; x_wconf 77' lang='lat' dir='ltr'><strong>ex</strong></span> <span class='ocrx_word' id='word_1_625' title='bbox 1611 993 1668 1014; x_wconf 83' lang='lat' dir='ltr'><strong>toto</strong></span> 
     </span>
    </p>
   </div>
   <div class='ocr_carea' id='block_1_82' title="bbox 876 1034 1666 1068">
    <p class='ocr_par' dir='ltr' id='par_1_82' title="bbox 876 1034 1666 1068">
     <span class='ocr_line' id='line_1_82' title="bbox 876 1034 1666 1068; baseline -0.001 -7"><span class='ocrx_word' id='word_1_626' title='bbox 876 1035 960 1062; x_wconf 87' lang='lat' dir='ltr'><strong>corde</strong></span> <span class='ocrx_word' id='word_1_627' title='bbox 986 1039 1044 1065; x_wconf 84' lang='lat' dir='ltr'><strong>tuo.</strong></span> <span class='ocrx_word' id='word_1_628' title='bbox 1061 1039 1090 1062; x_wconf 82' lang='lat' dir='ltr'><strong>et</strong></span> <span class='ocrx_word' id='word_1_629' title='bbox 1113 1042 1146 1062; x_wconf 78' lang='lat' dir='ltr'><strong>ex</strong></span> <span class='ocrx_word' id='word_1_630' title='bbox 1166 1038 1223 1061; x_wconf 87' lang='lat' dir='ltr'><strong>tota</strong></span> <span class='ocrx_word' id='word_1_631' title='bbox 1251 1038 1343 1061; x_wconf 86' lang='lat' dir='ltr'><strong>mente</strong></span> <span class='ocrx_word' id='word_1_632' title='bbox 1370 1038 1434 1065; x_wconf 89' lang='lat' dir='ltr'><strong>tua,</strong></span> <span class='ocrx_word' id='word_1_633' title='bbox 1453 1037 1481 1061; x_wconf 87' lang='lat' dir='ltr'><strong>et</strong></span> <span class='ocrx_word' id='word_1_634' title='bbox 1509 1034 1666 1068; x_wconf 78' lang='lat' dir='ltr'><strong>proximum</strong></span> 
     </span>
    </p>
   </div>
   <div class='ocr_carea' id='block_1_83' title="bbox 877 1079 1667 1116">
    <p class='ocr_par' dir='ltr' id='par_1_83' title="bbox 877 1079 1667 1116">
     <span class='ocr_line' id='line_1_83' title="bbox 877 1079 1667 1116; baseline -0.003 -9"><span class='ocrx_word' id='word_1_635' title='bbox 877 1085 965 1113; x_wconf 81' lang='lat' dir='ltr'><strong>tuum,</strong></span> <span class='ocrx_word' id='word_1_636' title='bbox 983 1081 1055 1108; x_wconf 72' lang='lat' dir='ltr'><strong>sicut</strong></span> <span class='ocrx_word' id='word_1_637' title='bbox 1069 1081 1187 1116; x_wconf 91' lang='lat' dir='ltr'><strong>teipsum</strong></span> <span class='ocrx_word' id='word_1_638' title='bbox 1198 1080 1221 1095; x_wconf 77' lang='lat'><strong>&#39;°</strong></span> <span class='ocrx_word' id='word_1_639' title='bbox 1233 1079 1244 1106; x_wconf 72' lang='grc'><strong>3</strong></span> <span class='ocrx_word' id='word_1_640' title='bbox 1259 1089 1269 1105; x_wconf 74' lang='grc' dir='ltr'><strong>ι</strong></span> <span class='ocrx_word' id='word_1_641' title='bbox 1283 1079 1352 1106; x_wconf 85' lang='lat' dir='ltr'><strong>Ecce</strong></span> <span class='ocrx_word' id='word_1_642' title='bbox 1366 1079 1439 1106; x_wconf 90' lang='lat' dir='ltr'><strong>enim</strong></span> <span class='ocrx_word' id='word_1_643' title='bbox 1455 1080 1591 1106; x_wconf 80' lang='lat' dir='ltr'><strong>charitate</strong></span> <span class='ocrx_word' id='word_1_644' title='bbox 1603 1087 1667 1114; x_wconf 73' lang='lat' dir='ltr'><strong>erga</strong></span> 
     </span>
    </p>
   </div>
   <div class='ocr_carea' id='block_1_84' title="bbox 877 1126 1666 1162">
    <p class='ocr_par' dir='ltr' id='par_1_84' title="bbox 877 1126 1666 1162">
     <span class='ocr_line' id='line_1_84' title="bbox 877 1126 1666 1162; baseline -0.001 -8"><span class='ocrx_word' id='word_1_645' title='bbox 877 1127 961 1154; x_wconf 85' lang='lat' dir='ltr'><strong>Deum</strong></span> <span class='ocrx_word' id='word_1_646' title='bbox 972 1129 1062 1162; x_wconf 89' lang='lat' dir='ltr'><strong>primo</strong></span> <span class='ocrx_word' id='word_1_647' title='bbox 1071 1128 1131 1154; x_wconf 84' lang='lat' dir='ltr'><strong>loco</strong></span> <span class='ocrx_word' id='word_1_648' title='bbox 1143 1128 1243 1162; x_wconf 83' lang='lat' dir='ltr'><strong>posita,</strong></span> <span class='ocrx_word' id='word_1_649' title='bbox 1259 1130 1380 1153; x_wconf 89' lang='lat' dir='ltr'><strong>mutuam</strong></span> <span class='ocrx_word' id='word_1_650' title='bbox 1393 1126 1509 1152; x_wconf 91' lang='lat' dir='ltr'><strong>aliorum</strong></span> <span class='ocrx_word' id='word_1_651' title='bbox 1520 1133 1583 1160; x_wconf 78' lang='lat' dir='ltr'><strong>erga</strong></span> <span class='ocrx_word' id='word_1_652' title='bbox 1598 1126 1666 1153; x_wconf 83' lang='lat' dir='ltr'><strong>alios</strong></span> 
     </span>
    </p>
   </div>
   <div class='ocr_carea' id='block_1_85' title="bbox 876 1171 1666 1207">
    <p class='ocr_par' dir='ltr' id='par_1_85' title="bbox 876 1171 1666 1207">
     <span class='ocr_line' id='line_1_85' title="bbox 876 1171 1666 1207; baseline -0.004 -7"><span class='ocrx_word' id='word_1_653' title='bbox 876 1174 1052 1201; x_wconf 86' lang='lat' dir='ltr'><strong>dilectionem</strong></span> <span class='ocrx_word' id='word_1_654' title='bbox 1065 1173 1224 1203; x_wconf 83' lang='lat' dir='ltr'><strong>subintulit,</strong></span> <span class='ocrx_word' id='word_1_655' title='bbox 1236 1173 1407 1207; x_wconf 81' lang='lat' dir='ltr'><strong>alteramque</strong></span> <span class='ocrx_word' id='word_1_656' title='bbox 1417 1172 1494 1199; x_wconf 79' lang='lat' dir='ltr'><strong>alteri</strong></span> <span class='ocrx_word' id='word_1_657' title='bbox 1511 1171 1666 1205; x_wconf 82' lang='lat' dir='ltr'><strong>conjunxit,</strong></span> 
     </span>
    </p>
   </div>
   <div class='ocr_carea' id='block_1_86' title="bbox 875 1217 1667 1253">
    <p class='ocr_par' dir='ltr' id='par_1_86' title="bbox 875 1217 1667 1253">
     <span class='ocr_line' id='line_1_86' title="bbox 875 1217 1667 1253; baseline -0.005 -7"><span class='ocrx_word' id='word_1_658' title='bbox 875 1219 954 1253; x_wconf 89' lang='lat' dir='ltr'><strong>quasi</strong></span> <span class='ocrx_word' id='word_1_659' title='bbox 972 1219 1040 1246; x_wconf 90' lang='lat' dir='ltr'><strong>alias</strong></span> <span class='ocrx_word' id='word_1_660' title='bbox 1053 1224 1127 1246; x_wconf 88' lang='lat' dir='ltr'><strong>recte</strong></span> <span class='ocrx_word' id='word_1_661' title='bbox 1143 1226 1172 1245; x_wconf 91' lang='lat' dir='ltr'><strong>se</strong></span> <span class='ocrx_word' id='word_1_662' title='bbox 1201 1217 1302 1245; x_wconf 86' lang='lat' dir='ltr'><strong>habere</strong></span> <span class='ocrx_word' id='word_1_663' title='bbox 1327 1221 1446 1252; x_wconf 80' lang='lat' dir='ltr'><strong>nequeat</strong></span> <span class='ocrx_word' id='word_1_664' title='bbox 1460 1218 1572 1244; x_wconf 76' lang='lat' dir='ltr'><strong>dilectio</strong></span> <span class='ocrx_word' id='word_1_665' title='bbox 1602 1226 1667 1251; x_wconf 70' lang='lat' dir='ltr'><strong>erga</strong></span> 
     </span>
    </p>
   </div>
   <div class='ocr_carea' id='block_1_87' title="bbox 878 1263 1668 1298">
    <p class='ocr_par' dir='ltr' id='par_1_87' title="bbox 878 1263 1668 1298">
     <span class='ocr_line' id='line_1_87' title="bbox 878 1263 1668 1298; baseline -0.003 -7"><span class='ocrx_word' id='word_1_666' title='bbox 878 1264 972 1297; x_wconf 86' lang='lat' dir='ltr'><strong>Deum,</strong></span> <span class='ocrx_word' id='word_1_667' title='bbox 995 1265 1047 1291; x_wconf 76' lang='lat' dir='ltr'><strong>nisi</strong></span> <span class='ocrx_word' id='word_1_668' title='bbox 1064 1265 1133 1291; x_wconf 88' lang='lat' dir='ltr'><strong>hanc</strong></span> <span class='ocrx_word' id='word_1_669' title='bbox 1158 1264 1377 1298; x_wconf 83' lang='lat' dir='ltr'><strong>subsequeretur</strong></span> <span class='ocrx_word' id='word_1_670' title='bbox 1400 1271 1431 1290; x_wconf 88' lang='lat' dir='ltr'><strong>ea</strong></span> <span class='ocrx_word' id='word_1_671' title='bbox 1453 1271 1514 1297; x_wconf 73' lang='lat' dir='ltr'><strong>qua:</strong></span> <span class='ocrx_word' id='word_1_672' title='bbox 1542 1263 1668 1297; x_wconf 84' lang='lat' dir='ltr'><strong>proximo</strong></span> 
     </span>
    </p>
   </div>
   <div class='ocr_carea' id='block_1_88' title="bbox 876 1308 1668 1338">
    <p class='ocr_par' dir='ltr' id='par_1_88' title="bbox 876 1308 1668 1338">
     <span class='ocr_line' id='line_1_88' title="bbox 876 1308 1668 1338; baseline -0.003 -1"><span class='ocrx_word' id='word_1_673' title='bbox 876 1310 1001 1338; x_wconf 78' lang='lat' dir='ltr'><strong>debetur.</strong></span> <span class='ocrx_word' id='word_1_674' title='bbox 1018 1310 1120 1337; x_wconf 83' lang='lat' dir='ltr'><strong>Omnes</strong></span> <span class='ocrx_word' id='word_1_675' title='bbox 1138 1311 1210 1337; x_wconf 90' lang='lat' dir='ltr'><strong>enim</strong></span> <span class='ocrx_word' id='word_1_676' title='bbox 1224 1310 1340 1336; x_wconf 79' lang='lat' dir='ltr'><strong>invicem</strong></span> <span class='ocrx_word' id='word_1_677' title='bbox 1358 1309 1459 1336; x_wconf 82' lang='lat' dir='ltr'><strong>fratres</strong></span> <span class='ocrx_word' id='word_1_678' title='bbox 1471 1317 1576 1336; x_wconf 71' lang='lat' dir='ltr'><strong>sturnus.</strong></span> <span class='ocrx_word' id='word_1_679' title='bbox 1592 1308 1668 1335; x_wconf 83' lang='lat' dir='ltr'><strong>Unde</strong></span> 
     </span>
    </p>
   </div>
   <div class='ocr_carea' id='block_1_89' title="bbox 876 1355 1668 1390">
    <p class='ocr_par' dir='ltr' id='par_1_89' title="bbox 876 1355 1668 1390">
     <span class='ocr_line' id='line_1_89' title="bbox 876 1355 1668 1390; baseline -0.004 -7"><span class='ocrx_word' id='word_1_680' title='bbox 876 1356 1095 1390; x_wconf 80' lang='lat' dir='ltr'><strong>sapientissimus</strong></span> <span class='ocrx_word' id='word_1_681' title='bbox 1108 1355 1241 1386; x_wconf 83' lang='lat' dir='ltr'><strong>Joannes.</strong></span> <span class='ocrx_word' id='word_1_682' title='bbox 1259 1355 1305 1390; x_wconf 85' lang='lat' dir='ltr'><strong>qui</strong></span> <span class='ocrx_word' id='word_1_683' title='bbox 1325 1359 1351 1381; x_wconf 88' lang='lat' dir='ltr'><strong>et</strong></span> <span class='ocrx_word' id='word_1_684' title='bbox 1369 1355 1395 1381; x_wconf 92' lang='lat' dir='ltr'><strong>id</strong></span> <span class='ocrx_word' id='word_1_685' title='bbox 1413 1355 1517 1389; x_wconf 87' lang='lat' dir='ltr'><strong>optime</strong></span> <span class='ocrx_word' id='word_1_686' title='bbox 1530 1358 1621 1384; x_wconf 86' lang='lat' dir='ltr'><strong>uorat.</strong></span> <span class='ocrx_word' id='word_1_687' title='bbox 1641 1359 1668 1380; x_wconf 75' lang='lat' dir='ltr'><strong>et.</strong></span> 
     </span>
    </p>
   </div>
   <div class='ocr_carea' id='block_1_90' title="bbox 875 1400 1667 1435">
    <p class='ocr_par' dir='ltr' id='par_1_90' title="bbox 875 1400 1667 1435">
     <span class='ocr_line' id='line_1_90' title="bbox 875 1400 1667 1435; baseline -0.005 -6"><span class='ocrx_word' id='word_1_688' title='bbox 875 1406 992 1429; x_wconf 73' lang='lat' dir='ltr'><strong>caeteros</strong></span> <span class='ocrx_word' id='word_1_689' title='bbox 1017 1402 1171 1434; x_wconf 85' lang='lat' dir='ltr'><strong>edocebat,</strong></span> <span class='ocrx_word' id='word_1_690' title='bbox 1201 1410 1210 1426; x_wconf 82' lang='grc' dir='ltr'><strong>ι</strong></span> <span class='ocrx_word' id='word_1_691' title='bbox 1235 1401 1286 1433; x_wconf 78' lang='lat' dir='ltr'><strong>Qui</strong></span> <span class='ocrx_word' id='word_1_692' title='bbox 1308 1400 1407 1435; x_wconf 75' lang='lat' dir='ltr'><strong>diligit.</strong></span> <span class='ocrx_word' id='word_1_693' title='bbox 1436 1400 1535 1434; x_wconf 72' lang='lat' dir='ltr'><strong>inquit.</strong></span> <span class='ocrx_word' id='word_1_694' title='bbox 1556 1401 1667 1427; x_wconf 83' lang='lat' dir='ltr'><strong>fratrem</strong></span> 
     </span>
    </p>
   </div>
   <div class='ocr_carea' id='block_1_91' title="bbox 876 1445 1667 1482">
    <p class='ocr_par' dir='ltr' id='par_1_91' title="bbox 876 1445 1667 1482">
     <span class='ocr_line' id='line_1_91' title="bbox 876 1445 1667 1482; baseline -0.006 -7"><span class='ocrx_word' id='word_1_695' title='bbox 876 1455 969 1478; x_wconf 88' lang='lat' dir='ltr'><strong>suum,</strong></span> <span class='ocrx_word' id='word_1_696' title='bbox 984 1450 1011 1474; x_wconf 88' lang='lat' dir='ltr'><strong>et</strong></span> <span class='ocrx_word' id='word_1_697' title='bbox 1028 1447 1112 1474; x_wconf 88' lang='lat' dir='ltr'><strong>Deum</strong></span> <span class='ocrx_word' id='word_1_698' title='bbox 1130 1447 1219 1482; x_wconf 78' lang='lat' dir='ltr'><strong>diligit</strong></span> <span class='ocrx_word' id='word_1_699' title='bbox 1230 1447 1265 1472; x_wconf 75' lang='grc'><strong>¹¹,</strong></span> <span class='ocrx_word' id='word_1_700' title='bbox 1285 1456 1293 1471; x_wconf 79' lang='grc' dir='ltr'><strong>ι</strong></span> <span class='ocrx_word' id='word_1_701' title='bbox 1310 1445 1454 1478; x_wconf 82' lang='lat' dir='ltr'><strong>Quomodo</strong></span> <span class='ocrx_word' id='word_1_702' title='bbox 1466 1446 1550 1479; x_wconf 68' lang='lat' dir='ltr'><strong>igitur</strong></span> <span class='ocrx_word' id='word_1_703' title='bbox 1568 1453 1667 1472; x_wconf 87' lang='lat' dir='ltr'><strong>novum</strong></span> 
     </span>
    </p>
   </div>
   <div class='ocr_carea' id='block_1_92' title="bbox 876 1491 1668 1526">
    <p class='ocr_par' dir='ltr' id='par_1_92' title="bbox 876 1491 1668 1526">
     <span class='ocr_line' id='line_1_92' title="bbox 876 1491 1668 1526; baseline -0.005 -6"><span class='ocrx_word' id='word_1_704' title='bbox 876 1497 917 1520; x_wconf 87' lang='lat' dir='ltr'><strong>est</strong></span> <span class='ocrx_word' id='word_1_705' title='bbox 928 1493 994 1520; x_wconf 87' lang='lat' dir='ltr'><strong>illud</strong></span> <span class='ocrx_word' id='word_1_706' title='bbox 1005 1492 1164 1520; x_wconf 85' lang='lat' dir='ltr'><strong>mandatum</strong></span> <span class='ocrx_word' id='word_1_707' title='bbox 1176 1499 1222 1526; x_wconf 85' lang='lat' dir='ltr'><strong>per</strong></span> <span class='ocrx_word' id='word_1_708' title='bbox 1230 1491 1382 1522; x_wconf 84' lang='lat' dir='ltr'><strong>Christum,</strong></span> <span class='ocrx_word' id='word_1_709' title='bbox 1390 1491 1462 1526; x_wconf 86' lang='lat' dir='ltr'><strong>quod</strong></span> <span class='ocrx_word' id='word_1_710' title='bbox 1475 1496 1517 1517; x_wconf 87' lang='lat' dir='ltr'><strong>est</strong></span> <span class='ocrx_word' id='word_1_711' title='bbox 1529 1491 1668 1517; x_wconf 82' lang='lat' dir='ltr'><strong>veteribus</strong></span> 
     </span>
    </p>
   </div>
   <div class='ocr_carea' id='block_1_93' title="bbox 878 1537 1669 1573">
    <p class='ocr_par' dir='ltr' id='par_1_93' title="bbox 878 1537 1669 1573">
     <span class='ocr_line' id='line_1_93' title="bbox 878 1537 1669 1573; baseline -0.003 -9"><span class='ocrx_word' id='word_1_712' title='bbox 878 1539 984 1573; x_wconf 76' lang='lat' dir='ltr'><strong>legibus</strong></span> <span class='ocrx_word' id='word_1_713' title='bbox 996 1538 1198 1566; x_wconf 84' lang='lat' dir='ltr'><strong>constitutum?</strong></span> <span class='ocrx_word' id='word_1_714' title='bbox 1208 1537 1260 1564; x_wconf 80' lang='lat' dir='ltr'><strong>Sed</strong></span> <span class='ocrx_word' id='word_1_715' title='bbox 1274 1537 1346 1568; x_wconf 83' lang='lat' dir='ltr'><strong>vide,</strong></span> <span class='ocrx_word' id='word_1_716' title='bbox 1357 1545 1460 1571; x_wconf 62' lang='lat' dir='ltr'><strong>quaeso,</strong></span> <span class='ocrx_word' id='word_1_717' title='bbox 1469 1544 1521 1570; x_wconf 91' lang='lat' dir='ltr'><strong>qua</strong></span> <span class='ocrx_word' id='word_1_718' title='bbox 1542 1537 1669 1563; x_wconf 77' lang='lat' dir='ltr'><strong>cautione</strong></span> 
     </span>
    </p>
   </div>
   <div class='ocr_carea' id='block_1_94' title="bbox 879 1582 1665 1619">
    <p class='ocr_par' dir='ltr' id='par_1_94' title="bbox 879 1582 1665 1619">
     <span class='ocr_line' id='line_1_94' title="bbox 879 1582 1665 1619; baseline -0.005 -7"><span class='ocrx_word' id='word_1_719' title='bbox 879 1593 946 1612; x_wconf 86' lang='lat' dir='ltr'><strong>usus</strong></span> <span class='ocrx_word' id='word_1_720' title='bbox 954 1585 1064 1616; x_wconf 88' lang='lat' dir='ltr'><strong>sit,vidc</strong></span> <span class='ocrx_word' id='word_1_721' title='bbox 1072 1584 1136 1619; x_wconf 93' lang='lat' dir='ltr'><strong>quid</strong></span> <span class='ocrx_word' id='word_1_722' title='bbox 1144 1584 1284 1617; x_wconf 83' lang='lat' dir='ltr'><strong>subjiciat.</strong></span> <span class='ocrx_word' id='word_1_723' title='bbox 1294 1582 1353 1609; x_wconf 87' lang='lat' dir='ltr'><strong>Non</strong></span> <span class='ocrx_word' id='word_1_724' title='bbox 1360 1588 1508 1609; x_wconf 74' lang='lat' dir='ltr'><strong>COIIlt’ltlus</strong></span> <span class='ocrx_word' id='word_1_725' title='bbox 1516 1582 1665 1609; x_wconf 89' lang='lat' dir='ltr'><strong>estdicere:</strong></span> 
     </span>
    </p>
   </div>
   <div class='ocr_carea' id='block_1_95' title="bbox 880 1627 1666 1662">
    <p class='ocr_par' dir='ltr' id='par_1_95' title="bbox 880 1627 1666 1662">
     <span class='ocr_line' id='line_1_95' title="bbox 880 1627 1666 1662; baseline -0.004 -7"><span class='ocrx_word' id='word_1_726' title='bbox 880 1638 889 1655; x_wconf 80' lang='grc' dir='ltr'><strong>ι</strong></span> <span class='ocrx_word' id='word_1_727' title='bbox 903 1629 1058 1657; x_wconf 76' lang='lat' dir='ltr'><strong>Mandatum</strong></span> <span class='ocrx_word' id='word_1_728' title='bbox 1070 1636 1169 1656; x_wconf 88' lang='lat' dir='ltr'><strong>novmn</strong></span> <span class='ocrx_word' id='word_1_729' title='bbox 1179 1629 1213 1654; x_wconf 86' lang='lat' dir='ltr'><strong>du</strong></span> <span class='ocrx_word' id='word_1_730' title='bbox 1223 1627 1312 1658; x_wconf 80' lang='lat' dir='ltr'><strong>vobis,</strong></span> <span class='ocrx_word' id='word_1_731' title='bbox 1331 1631 1360 1654; x_wconf 88' lang='lat' dir='ltr'><strong>ttt</strong></span> <span class='ocrx_word' id='word_1_732' title='bbox 1371 1627 1492 1662; x_wconf 71' lang='lat' dir='ltr'><strong>diligatis</strong></span> <span class='ocrx_word' id='word_1_733' title='bbox 1505 1627 1640 1659; x_wconf 80' lang='lat' dir='ltr'><strong>invicem;</strong></span> <span class='ocrx_word' id='word_1_734' title='bbox 1656 1635 1666 1652; x_wconf 72' lang='grc' dir='ltr'><strong>ι</strong></span> 
     </span>
    </p>
   </div>
   <div class='ocr_carea' id='block_1_96' title="bbox 879 1670 1669 1710">
    <p class='ocr_par' dir='ltr' id='par_1_96' title="bbox 879 1670 1669 1710">
     <span class='ocr_line' id='line_1_96' title="bbox 879 1670 1669 1710; baseline -0.004 -7"><span class='ocrx_word' id='word_1_735' title='bbox 879 1675 925 1703; x_wconf 85' lang='lat' dir='ltr'><strong>sed</strong></span> <span class='ocrx_word' id='word_1_736' title='bbox 945 1676 1093 1703; x_wconf 78' lang='lat' dir='ltr'><strong>novitatem</strong></span> <span class='ocrx_word' id='word_1_737' title='bbox 1110 1675 1188 1710; x_wconf 76' lang='lat'><strong>751</strong></span> <span class='ocrx_word' id='word_1_738' title='bbox 1202 1673 1339 1701; x_wconf 84' lang='lat' dir='ltr'><strong>sermonis</strong></span> <span class='ocrx_word' id='word_1_739' title='bbox 1354 1672 1520 1704; x_wconf 87' lang='lat' dir='ltr'><strong>ostendens,</strong></span> <span class='ocrx_word' id='word_1_740' title='bbox 1536 1670 1669 1706; x_wconf 86' lang='lat' dir='ltr'><strong>suamque</strong></span> 
     </span>
    </p>
   </div>
   <div class='ocr_carea' id='block_1_97' title="bbox 877 1719 1669 1755">
    <p class='ocr_par' dir='ltr' id='par_1_97' title="bbox 877 1719 1669 1755">
     <span class='ocr_line' id='line_1_97' title="bbox 877 1719 1669 1755; baseline -0.006 -6"><span class='ocrx_word' id='word_1_741' title='bbox 877 1721 1051 1749; x_wconf 72' lang='lat' dir='ltr'><strong>dilectionem</strong></span> <span class='ocrx_word' id='word_1_742' title='bbox 1083 1721 1186 1755; x_wconf 84' lang='lat' dir='ltr'><strong>aliquid</strong></span> <span class='ocrx_word' id='word_1_743' title='bbox 1205 1721 1294 1755; x_wconf 80' lang='lat' dir='ltr'><strong>majus</strong></span> <span class='ocrx_word' id='word_1_744' title='bbox 1324 1727 1356 1746; x_wconf 82' lang='lat' dir='ltr'><strong>ac</strong></span> <span class='ocrx_word' id='word_1_745' title='bbox 1378 1719 1538 1754; x_wconf 60' lang='lat' dir='ltr'><strong>praeclarius</strong></span> <span class='ocrx_word' id='word_1_746' title='bbox 1566 1719 1669 1745; x_wconf 88' lang='lat' dir='ltr'><strong>habere</strong></span> 
     </span>
    </p>
   </div>
   <div class='ocr_carea' id='block_1_98' title="bbox 878 1765 1669 1804">
    <p class='ocr_par' dir='ltr' id='par_1_98' title="bbox 878 1765 1669 1804">
     <span class='ocr_line' id='line_1_98' title="bbox 878 1765 1669 1804; baseline -0.004 -10"><span class='ocrx_word' id='word_1_747' title='bbox 878 1776 959 1804; x_wconf 83' lang='lat' dir='ltr'><strong>quam</strong></span> <span class='ocrx_word' id='word_1_748' title='bbox 976 1772 1055 1795; x_wconf 84' lang='lat' dir='ltr'><strong>vetus</strong></span> <span class='ocrx_word' id='word_1_749' title='bbox 1079 1768 1125 1794; x_wconf 88' lang='lat' dir='ltr'><strong>illa</strong></span> <span class='ocrx_word' id='word_1_750' title='bbox 1154 1767 1180 1794; x_wconf 91' lang='lat' dir='ltr'><strong>in</strong></span> <span class='ocrx_word' id='word_1_751' title='bbox 1209 1767 1349 1802; x_wconf 79' lang='lat' dir='ltr'><strong>provitnos</strong></span> <span class='ocrx_word' id='word_1_752' title='bbox 1372 1766 1500 1796; x_wconf 78' lang='lat' dir='ltr'><strong>dilectio,</strong></span> <span class='ocrx_word' id='word_1_753' title='bbox 1526 1765 1669 1799; x_wconf 71' lang='lat' dir='ltr'><strong>sulijunxit</strong></span> 
     </span>
    </p>
   </div>
   <div class='ocr_carea' id='block_1_99' title="bbox 877 1811 1669 1847">
    <p class='ocr_par' dir='ltr' id='par_1_99' title="bbox 877 1811 1669 1847">
     <span class='ocr_line' id='line_1_99' title="bbox 877 1811 1669 1847; baseline -0.006 -6"><span class='ocrx_word' id='word_1_754' title='bbox 877 1815 984 1842; x_wconf 87' lang='lat' dir='ltr'><strong>statim:</strong></span> <span class='ocrx_word' id='word_1_755' title='bbox 1000 1823 1008 1839; x_wconf 78' lang='grc' dir='ltr'><strong>ι</strong></span> <span class='ocrx_word' id='word_1_756' title='bbox 1024 1813 1099 1840; x_wconf 85' lang='lat' dir='ltr'><strong>Sicut</strong></span> <span class='ocrx_word' id='word_1_757' title='bbox 1111 1821 1161 1847; x_wconf 81' lang='lat' dir='ltr'><strong>ego</strong></span> <span class='ocrx_word' id='word_1_758' title='bbox 1170 1812 1253 1839; x_wconf 81' lang='lat' dir='ltr'><strong>dilexi</strong></span> <span class='ocrx_word' id='word_1_759' title='bbox 1264 1820 1321 1843; x_wconf 78' lang='lat' dir='ltr'><strong>res,</strong></span> <span class='ocrx_word' id='word_1_760' title='bbox 1333 1816 1396 1838; x_wconf 88' lang='lat' dir='ltr'><strong>utct</strong></span> <span class='ocrx_word' id='word_1_761' title='bbox 1411 1819 1458 1838; x_wconf 78' lang='lat' dir='ltr'><strong>vos</strong></span> <span class='ocrx_word' id='word_1_762' title='bbox 1470 1811 1589 1846; x_wconf 76' lang='lat' dir='ltr'><strong>diligatis</strong></span> <span class='ocrx_word' id='word_1_763' title='bbox 1600 1811 1669 1837; x_wconf 83' lang='lat' dir='ltr'><strong>invi-</strong></span> 
     </span>
    </p>
   </div>
   <div class='ocr_carea' id='block_1_100' title="bbox 877 1857 1669 1894">
    <p class='ocr_par' dir='ltr' id='par_1_100' title="bbox 877 1857 1669 1894">
     <span class='ocr_line' id='line_1_100' title="bbox 877 1857 1669 1894; baseline -0.008 -6"><span class='ocrx_word' id='word_1_764' title='bbox 877 1868 949 1888; x_wconf 88' lang='lat' dir='ltr'><strong>cem.</strong></span> <span class='ocrx_word' id='word_1_765' title='bbox 970 1870 979 1885; x_wconf 71' lang='grc' dir='ltr'><strong>ι</strong></span> <span class='ocrx_word' id='word_1_766' title='bbox 998 1859 1207 1894; x_wconf 81' lang='lat' dir='ltr'><strong>lnvestigandus</strong></span> <span class='ocrx_word' id='word_1_767' title='bbox 1226 1858 1318 1892; x_wconf 80' lang='lat' dir='ltr'><strong>itaque</strong></span> <span class='ocrx_word' id='word_1_768' title='bbox 1335 1858 1432 1884; x_wconf 86' lang='lat' dir='ltr'><strong>horum</strong></span> <span class='ocrx_word' id='word_1_769' title='bbox 1446 1857 1592 1884; x_wconf 74' lang='lat' dir='ltr'><strong>verborum</strong></span> <span class='ocrx_word' id='word_1_770' title='bbox 1606 1864 1669 1882; x_wconf 76' lang='lat' dir='ltr'><strong>sen-</strong></span> 
     </span>
    </p>
   </div>
   <div class='ocr_carea' id='block_1_101' title="bbox 877 1903 1669 1941">
    <p class='ocr_par' dir='ltr' id='par_1_101' title="bbox 877 1903 1669 1941">
     <span class='ocr_line' id='line_1_101' title="bbox 877 1903 1669 1941; baseline -0.008 -7"><span class='ocrx_word' id='word_1_771' title='bbox 877 1915 936 1939; x_wconf 86' lang='lat' dir='ltr'><strong>sus,</strong></span> <span class='ocrx_word' id='word_1_772' title='bbox 957 1905 1191 1941; x_wconf 68' lang='lat' dir='ltr'><strong>quaerendumque</strong></span> <span class='ocrx_word' id='word_1_773' title='bbox 1203 1904 1342 1939; x_wconf 89' lang='lat' dir='ltr'><strong>quomodo</strong></span> <span class='ocrx_word' id='word_1_774' title='bbox 1356 1911 1407 1930; x_wconf 88' lang='lat' dir='ltr'><strong>nos</strong></span> <span class='ocrx_word' id='word_1_775' title='bbox 1422 1903 1550 1930; x_wconf 78' lang='lat' dir='ltr'><strong>Christus</strong></span> <span class='ocrx_word' id='word_1_776' title='bbox 1564 1903 1669 1929; x_wconf 69' lang='lat' dir='ltr'><strong>dilexe-</strong></span> 
     </span>
    </p>
   </div>
   <div class='ocr_carea' id='block_1_102' title="bbox 877 1948 1669 1984">
    <p class='ocr_par' dir='ltr' id='par_1_102' title="bbox 877 1948 1669 1984">
     <span class='ocr_line' id='line_1_102' title="bbox 877 1948 1669 1984; baseline -0.006 -4"><span class='ocrx_word' id='word_1_777' title='bbox 877 1953 923 1980; x_wconf 85' lang='lat' dir='ltr'><strong>rit.</strong></span> <span class='ocrx_word' id='word_1_778' title='bbox 940 1951 1018 1979; x_wconf 84' lang='lat' dir='ltr'><strong>Tuuc</strong></span> <span class='ocrx_word' id='word_1_779' title='bbox 1033 1952 1118 1982; x_wconf 82' lang='lat' dir='ltr'><strong>enim,</strong></span> <span class='ocrx_word' id='word_1_780' title='bbox 1138 1955 1203 1977; x_wconf 88' lang='lat' dir='ltr'><strong>tunc</strong></span> <span class='ocrx_word' id='word_1_781' title='bbox 1217 1950 1284 1984; x_wconf 88' lang='lat' dir='ltr'><strong>quid</strong></span> <span class='ocrx_word' id='word_1_782' title='bbox 1303 1949 1436 1976; x_wconf 85' lang='lat' dir='ltr'><strong>novitatis</strong></span> <span class='ocrx_word' id='word_1_783' title='bbox 1450 1956 1482 1975; x_wconf 87' lang='lat' dir='ltr'><strong>ac</strong></span> <span class='ocrx_word' id='word_1_784' title='bbox 1499 1948 1669 1975; x_wconf 67' lang='lat' dir='ltr'><strong>discriminis</strong></span> 
     </span>
    </p>
   </div>
   <div class='ocr_carea' id='block_1_103' title="bbox 877 1995 1668 2032">
    <p class='ocr_par' dir='ltr' id='par_1_103' title="bbox 877 1995 1668 2032">
     <span class='ocr_line' id='line_1_103' title="bbox 877 1995 1668 2032; baseline -0.008 -6"><span class='ocrx_word' id='word_1_785' title='bbox 877 1999 914 2027; x_wconf 84' lang='lat' dir='ltr'><strong>sit</strong></span> <span class='ocrx_word' id='word_1_786' title='bbox 929 1999 957 2025; x_wconf 95' lang='lat' dir='ltr'><strong>in</strong></span> <span class='ocrx_word' id='word_1_787' title='bbox 971 2006 1004 2025; x_wconf 85' lang='lat' dir='ltr'><strong>eo</strong></span> <span class='ocrx_word' id='word_1_788' title='bbox 1015 1997 1091 2032; x_wconf 90' lang='lat' dir='ltr'><strong>quod</strong></span> <span class='ocrx_word' id='word_1_789' title='bbox 1107 2004 1180 2024; x_wconf 89' lang='lat' dir='ltr'><strong>nunc</strong></span> <span class='ocrx_word' id='word_1_790' title='bbox 1193 1998 1275 2022; x_wconf 89' lang='lat' dir='ltr'><strong>datur</strong></span> <span class='ocrx_word' id='word_1_791' title='bbox 1296 1997 1425 2022; x_wconf 82' lang='lat' dir='ltr'><strong>mamlato</strong></span> <span class='ocrx_word' id='word_1_792' title='bbox 1441 1995 1520 2021; x_wconf 81' lang='lat' dir='ltr'><strong>facile</strong></span> <span class='ocrx_word' id='word_1_793' title='bbox 1541 2001 1668 2021; x_wconf 84' lang='lat' dir='ltr'><strong>recense-</strong></span> 
     </span>
    </p>
   </div>
   <div class='ocr_carea' id='block_1_104' title="bbox 877 2041 1669 2078">
    <p class='ocr_par' dir='ltr' id='par_1_104' title="bbox 877 2041 1669 2078">
     <span class='ocr_line' id='line_1_104' title="bbox 877 2041 1669 2078; baseline -0.009 -6"><span class='ocrx_word' id='word_1_794' title='bbox 877 2045 980 2073; x_wconf 86' lang='lat' dir='ltr'><strong>bimus.</strong></span> <span class='ocrx_word' id='word_1_795' title='bbox 1006 2043 1092 2078; x_wconf 72' lang='lat' dir='ltr'><strong>Igitur</strong></span> <span class='ocrx_word' id='word_1_796' title='bbox 1121 2052 1129 2068; x_wconf 83' lang='grc' dir='ltr'><strong>ι</strong></span> <span class='ocrx_word' id='word_1_797' title='bbox 1148 2043 1176 2070; x_wconf 90' lang='lat' dir='ltr'><strong>in</strong></span> <span class='ocrx_word' id='word_1_798' title='bbox 1194 2043 1281 2068; x_wconf 88' lang='lat' dir='ltr'><strong>forma</strong></span> <span class='ocrx_word' id='word_1_799' title='bbox 1303 2041 1349 2068; x_wconf 88' lang='lat' dir='ltr'><strong>Dei</strong></span> <span class='ocrx_word' id='word_1_800' title='bbox 1367 2048 1429 2067; x_wconf 86' lang='lat' dir='ltr'><strong>eum</strong></span> <span class='ocrx_word' id='word_1_801' title='bbox 1448 2044 1532 2072; x_wconf 82' lang='lat' dir='ltr'><strong>esset,</strong></span> <span class='ocrx_word' id='word_1_802' title='bbox 1551 2047 1605 2066; x_wconf 91' lang='lat' dir='ltr'><strong>non</strong></span> <span class='ocrx_word' id='word_1_803' title='bbox 1625 2047 1669 2065; x_wconf 90' lang='lat' dir='ltr'><strong>ra-</strong></span> 
     </span>
    </p>
   </div>
   <div class='ocr_carea' id='block_1_105' title="bbox 878 2083 1667 2125">
    <p class='ocr_par' dir='ltr' id='par_1_105' title="bbox 878 2083 1667 2125">
     <span class='ocr_line' id='line_1_105' title="bbox 878 2083 1667 2125; baseline -0.01 -8"><span class='ocrx_word' id='word_1_804' title='bbox 878 2090 969 2125; x_wconf 85' lang='lat' dir='ltr'><strong>pinam</strong></span> <span class='ocrx_word' id='word_1_805' title='bbox 994 2088 1146 2116; x_wconf 84' lang='lat' dir='ltr'><strong>arbitratus</strong></span> <span class='ocrx_word' id='word_1_806' title='bbox 1166 2093 1208 2115; x_wconf 88' lang='lat' dir='ltr'><strong>esl</strong></span> <span class='ocrx_word' id='word_1_807' title='bbox 1229 2094 1291 2113; x_wconf 78' lang='lat' dir='ltr'><strong>esse</strong></span> <span class='ocrx_word' id='word_1_808' title='bbox 1323 2093 1354 2113; x_wconf 88' lang='lat' dir='ltr'><strong>se</strong></span> <span class='ocrx_word' id='word_1_809' title='bbox 1377 2085 1508 2119; x_wconf 64' lang='lat' dir='ltr'><strong>aequalem</strong></span> <span class='ocrx_word' id='word_1_810' title='bbox 1529 2083 1597 2115; x_wconf 72' lang='lat' dir='ltr'><strong>Deo,</strong></span> <span class='ocrx_word' id='word_1_811' title='bbox 1620 2085 1667 2111; x_wconf 88' lang='lat' dir='ltr'><strong>sed</strong></span> 
     </span>
    </p>
   </div>
   <div class='ocr_carea' id='block_1_106' title="bbox 878 2129 1667 2170">
    <p class='ocr_par' dir='ltr' id='par_1_106' title="bbox 878 2129 1667 2170">
     <span class='ocr_line' id='line_1_106' title="bbox 878 2129 1667 2170; baseline -0.013 -6"><span class='ocrx_word' id='word_1_812' title='bbox 878 2136 1055 2170; x_wconf 84' lang='lat' dir='ltr'><strong>semetipsum</strong></span> <span class='ocrx_word' id='word_1_813' title='bbox 1068 2133 1230 2162; x_wconf 73' lang='lat' dir='ltr'><strong>exinanivit,</strong></span> <span class='ocrx_word' id='word_1_814' title='bbox 1246 2132 1361 2159; x_wconf 83' lang='lat' dir='ltr'><strong>formam</strong></span> <span class='ocrx_word' id='word_1_815' title='bbox 1377 2131 1449 2158; x_wconf 83' lang='lat' dir='ltr'><strong>servi</strong></span> <span class='ocrx_word' id='word_1_816' title='bbox 1466 2129 1618 2164; x_wconf 81' lang='lat' dir='ltr'><strong>accipiens.</strong></span> <span class='ocrx_word' id='word_1_817' title='bbox 1640 2129 1667 2155; x_wconf 94' lang='lat' dir='ltr'><strong>in</strong></span> 
     </span>
    </p>
   </div>
   <div class='ocr_carea' id='block_1_107' title="bbox 879 2176 1668 2211">
    <p class='ocr_par' dir='ltr' id='par_1_107' title="bbox 879 2176 1668 2211">
     <span class='ocr_line' id='line_1_107' title="bbox 879 2176 1668 2211; baseline -0.01 -1"><span class='ocrx_word' id='word_1_818' title='bbox 879 2182 1087 2211; x_wconf 82' lang='lat' dir='ltr'><strong>similitudinem</strong></span> <span class='ocrx_word' id='word_1_819' title='bbox 1104 2181 1245 2208; x_wconf 85' lang='lat' dir='ltr'><strong>hominum</strong></span> <span class='ocrx_word' id='word_1_820' title='bbox 1263 2179 1363 2210; x_wconf 79' lang='lat' dir='ltr'><strong>lactus,</strong></span> <span class='ocrx_word' id='word_1_821' title='bbox 1379 2181 1406 2204; x_wconf 85' lang='lat' dir='ltr'><strong>et</strong></span> <span class='ocrx_word' id='word_1_822' title='bbox 1427 2176 1520 2203; x_wconf 85' lang='lat' dir='ltr'><strong>habitu</strong></span> <span class='ocrx_word' id='word_1_823' title='bbox 1542 2177 1668 2202; x_wconf 73' lang='lat' dir='ltr'><strong>inventus</strong></span> 
     </span>
    </p>
   </div>
   <div class='ocr_carea' id='block_1_108' title="bbox 883 2221 1668 2258">
    <p class='ocr_par' dir='ltr' id='par_1_108' title="bbox 883 2221 1668 2258">
     <span class='ocr_line' id='line_1_108' title="bbox 883 2221 1668 2258; baseline -0.013 -2"><span class='ocrx_word' id='word_1_824' title='bbox 883 2235 912 2257; x_wconf 90' lang='lat' dir='ltr'><strong>ut</strong></span> <span class='ocrx_word' id='word_1_825' title='bbox 935 2229 1030 2256; x_wconf 79' lang='lat' dir='ltr'><strong>homo.</strong></span> <span class='ocrx_word' id='word_1_826' title='bbox 1047 2226 1206 2253; x_wconf 81' lang='lat' dir='ltr'><strong>Htititiliavit</strong></span> <span class='ocrx_word' id='word_1_827' title='bbox 1225 2224 1404 2258; x_wconf 83' lang='lat' dir='ltr'><strong>semetipsum</strong></span> <span class='ocrx_word' id='word_1_828' title='bbox 1423 2223 1511 2249; x_wconf 71' lang='lat' dir='ltr'><strong>fat-tus</strong></span> <span class='ocrx_word' id='word_1_829' title='bbox 1536 2221 1668 2248; x_wconf 81' lang='lat' dir='ltr'><strong>obedicns</strong></span> 
     </span>
    </p>
   </div>
   <div class='ocr_carea' id='block_1_109' title="bbox 879 2266 1668 2310">
    <p class='ocr_par' dir='ltr' id='par_1_109' title="bbox 879 2266 1668 2310">
     <span class='ocr_line' id='line_1_109' title="bbox 879 2266 1668 2310; baseline -0.011 -8"><span class='ocrx_word' id='word_1_830' title='bbox 879 2283 966 2310; x_wconf 89' lang='lat' dir='ltr'><strong>usque</strong></span> <span class='ocrx_word' id='word_1_831' title='bbox 980 2273 1013 2301; x_wconf 84' lang='lat' dir='ltr'><strong>ad</strong></span> <span class='ocrx_word' id='word_1_832' title='bbox 1030 2277 1158 2304; x_wconf 88' lang='lat' dir='ltr'><strong>mortem,</strong></span> <span class='ocrx_word' id='word_1_833' title='bbox 1174 2275 1289 2297; x_wconf 86' lang='lat' dir='ltr'><strong>mortem</strong></span> <span class='ocrx_word' id='word_1_834' title='bbox 1303 2275 1394 2296; x_wconf 87' lang='lat' dir='ltr'><strong>autem</strong></span> <span class='ocrx_word' id='word_1_835' title='bbox 1410 2268 1506 2295; x_wconf 84' lang='lat' dir='ltr'><strong>crucis</strong></span> <span class='ocrx_word' id='word_1_836' title='bbox 1524 2268 1556 2293; x_wconf 87' lang='lat'><strong>&quot;.</strong></span> <span class='ocrx_word' id='word_1_837' title='bbox 1575 2277 1584 2292; x_wconf 75' lang='grc' dir='ltr'><strong>ι</strong></span> <span class='ocrx_word' id='word_1_838' title='bbox 1597 2266 1668 2299; x_wconf 86' lang='lat' dir='ltr'><strong>Quin</strong></span> 
     </span>
    </p>
   </div>
   <div class='ocr_carea' id='block_1_110' title="bbox 877 2314 1668 2352">
    <p class='ocr_par' dir='ltr' id='par_1_110' title="bbox 877 2314 1668 2352">
     <span class='ocr_line' id='line_1_110' title="bbox 877 2314 1668 2352; baseline -0.011 -4"><span class='ocrx_word' id='word_1_839' title='bbox 877 2322 956 2349; x_wconf 83' lang='lat' dir='ltr'><strong>dives</strong></span> <span class='ocrx_word' id='word_1_840' title='bbox 981 2328 1042 2346; x_wconf 87' lang='lat' dir='ltr'><strong>cum</strong></span> <span class='ocrx_word' id='word_1_841' title='bbox 1064 2322 1148 2349; x_wconf 79' lang='lat' dir='ltr'><strong>esset,</strong></span> <span class='ocrx_word' id='word_1_842' title='bbox 1167 2325 1270 2352; x_wconf 84' lang='lat' dir='ltr'><strong>pauper</strong></span> <span class='ocrx_word' id='word_1_843' title='bbox 1286 2317 1376 2342; x_wconf 75' lang='lat' dir='ltr'><strong>fat-tus</strong></span> <span class='ocrx_word' id='word_1_844' title='bbox 1397 2318 1449 2344; x_wconf 84' lang='lat' dir='ltr'><strong>est,</strong></span> <span class='ocrx_word' id='word_1_845' title='bbox 1473 2314 1553 2339; x_wconf 78' lang='lat' dir='ltr'><strong>sicuti</strong></span> <span class='ocrx_word' id='word_1_846' title='bbox 1571 2321 1668 2339; x_wconf 86' lang='lat' dir='ltr'><strong>rursus</strong></span> 
     </span>
    </p>
   </div>
   <div class='ocr_carea' id='block_1_111' title="bbox 878 2358 1669 2395">
    <p class='ocr_par' dir='ltr' id='par_1_111' title="bbox 878 2358 1669 2395">
     <span class='ocr_line' id='line_1_111' title="bbox 878 2358 1669 2395; baseline -0.015 -1"><span class='ocrx_word' id='word_1_847' title='bbox 878 2367 959 2395; x_wconf 86' lang='lat' dir='ltr'><strong>nobis</strong></span> <span class='ocrx_word' id='word_1_848' title='bbox 989 2365 1090 2392; x_wconf 87' lang='lat' dir='ltr'><strong>Paulus</strong></span> <span class='ocrx_word' id='word_1_849' title='bbox 1121 2368 1237 2391; x_wconf 86' lang='lat' dir='ltr'><strong>testatus</strong></span> <span class='ocrx_word' id='word_1_850' title='bbox 1274 2367 1315 2389; x_wconf 89' lang='lat' dir='ltr'><strong>est</strong></span> <span class='ocrx_word' id='word_1_851' title='bbox 1341 2361 1373 2386; x_wconf 73' lang='grc'><strong>’³.</strong></span> <span class='ocrx_word' id='word_1_852' title='bbox 1402 2359 1486 2386; x_wconf 70' lang='lat' dir='ltr'><strong>Vides</strong></span> <span class='ocrx_word' id='word_1_853' title='bbox 1511 2358 1669 2386; x_wconf 73' lang='lat' dir='ltr'><strong>dilettiouis</strong></span> 
     </span>
    </p>
   </div>
   <div class='ocr_carea' id='block_1_112' title="bbox 878 2403 1668 2447">
    <p class='ocr_par' dir='ltr' id='par_1_112' title="bbox 878 2403 1668 2447">
     <span class='ocr_line' id='line_1_112' title="bbox 878 2403 1668 2447; baseline -0.011 -8"><span class='ocrx_word' id='word_1_854' title='bbox 878 2420 942 2447; x_wconf 77' lang='lat' dir='ltr'><strong>erga</strong></span> <span class='ocrx_word' id='word_1_855' title='bbox 957 2418 1008 2437; x_wconf 87' lang='lat' dir='ltr'><strong>nos</strong></span> <span class='ocrx_word' id='word_1_856' title='bbox 1025 2409 1197 2436; x_wconf 82' lang='lat' dir='ltr'><strong>novitatem?</strong></span> <span class='ocrx_word' id='word_1_857' title='bbox 1216 2407 1269 2434; x_wconf 79' lang='lat' dir='ltr'><strong>Lex</strong></span> <span class='ocrx_word' id='word_1_858' title='bbox 1296 2406 1369 2433; x_wconf 88' lang='lat' dir='ltr'><strong>enim</strong></span> <span class='ocrx_word' id='word_1_859' title='bbox 1399 2404 1537 2440; x_wconf 64' lang='lat' dir='ltr'><strong>praecepit</strong></span> <span class='ocrx_word' id='word_1_860' title='bbox 1552 2403 1668 2437; x_wconf 78' lang='lat' dir='ltr'><strong>diligere</strong></span> 
     </span>
    </p>
   </div>
   <div class='ocr_carea' id='block_1_113' title="bbox 879 2451 1669 2488">
    <p class='ocr_par' dir='ltr' id='par_1_113' title="bbox 879 2451 1669 2488">
     <span class='ocr_line' id='line_1_113' title="bbox 879 2451 1669 2488; baseline -0.014 -3"><span class='ocrx_word' id='word_1_861' title='bbox 879 2459 1004 2488; x_wconf 80' lang='lat' dir='ltr'><strong>fratrem,</strong></span> <span class='ocrx_word' id='word_1_862' title='bbox 1030 2456 1102 2483; x_wconf 87' lang='lat' dir='ltr'><strong>sicut</strong></span> <span class='ocrx_word' id='word_1_863' title='bbox 1127 2454 1246 2488; x_wconf 87' lang='lat' dir='ltr'><strong>seipsutu</strong></span> <span class='ocrx_word' id='word_1_864' title='bbox 1268 2461 1276 2484; x_wconf 86' lang='lat'><strong>;</strong></span> <span class='ocrx_word' id='word_1_865' title='bbox 1301 2451 1434 2478; x_wconf 87' lang='lat' dir='ltr'><strong>Dominus</strong></span> <span class='ocrx_word' id='word_1_866' title='bbox 1458 2454 1549 2476; x_wconf 76' lang='lat' dir='ltr'><strong>autem</strong></span> <span class='ocrx_word' id='word_1_867' title='bbox 1576 2452 1669 2475; x_wconf 78' lang='lat' dir='ltr'><strong>noster</strong></span> 
     </span>
    </p>
   </div>
   <div class='ocr_carea' id='block_1_114' title="bbox 878 2495 1667 2532">
    <p class='ocr_par' dir='ltr' id='par_1_114' title="bbox 878 2495 1667 2532">
     <span class='ocr_line' id='line_1_114' title="bbox 878 2495 1667 2532; baseline -0.015 -1"><span class='ocrx_word' id='word_1_868' title='bbox 878 2504 960 2532; x_wconf 74' lang='lat' dir='ltr'><strong>.lesus</strong></span> <span class='ocrx_word' id='word_1_869' title='bbox 986 2502 1115 2530; x_wconf 82' lang='lat' dir='ltr'><strong>Christus</strong></span> <span class='ocrx_word' id='word_1_870' title='bbox 1139 2499 1235 2530; x_wconf 78' lang='lat' dir='ltr'><strong>dilexit</strong></span> <span class='ocrx_word' id='word_1_871' title='bbox 1264 2506 1314 2525; x_wconf 91' lang='lat' dir='ltr'><strong>nos</strong></span> <span class='ocrx_word' id='word_1_872' title='bbox 1339 2497 1399 2531; x_wconf 88' lang='lat' dir='ltr'><strong>plus</strong></span> <span class='ocrx_word' id='word_1_873' title='bbox 1420 2503 1500 2530; x_wconf 87' lang='lat' dir='ltr'><strong>quam</strong></span> <span class='ocrx_word' id='word_1_874' title='bbox 1525 2495 1667 2528; x_wconf 80' lang='lat' dir='ltr'><strong>seipsum:</strong></span> 
     </span>
    </p>
   </div>
   <div class='ocr_carea' id='block_1_115' title="bbox 880 2540 1670 2579">
    <p class='ocr_par' dir='ltr' id='par_1_115' title="bbox 880 2540 1670 2579">
     <span class='ocr_line' id='line_1_115' title="bbox 880 2540 1670 2579; baseline -0.013 -2"><span class='ocrx_word' id='word_1_875' title='bbox 880 2558 931 2577; x_wconf 84' lang='lat' dir='ltr'><strong>nec</strong></span> <span class='ocrx_word' id='word_1_876' title='bbox 947 2549 1019 2576; x_wconf 85' lang='lat' dir='ltr'><strong>enim</strong></span> <span class='ocrx_word' id='word_1_877' title='bbox 1037 2548 1063 2574; x_wconf 89' lang='lat' dir='ltr'><strong>in</strong></span> <span class='ocrx_word' id='word_1_878' title='bbox 1083 2546 1170 2573; x_wconf 82' lang='lat' dir='ltr'><strong>forma</strong></span> <span class='ocrx_word' id='word_1_879' title='bbox 1188 2550 1214 2572; x_wconf 90' lang='lat' dir='ltr'><strong>et</strong></span> <span class='ocrx_word' id='word_1_880' title='bbox 1230 2543 1386 2579; x_wconf 66' lang='lat' dir='ltr'><strong>aequalitate</strong></span> <span class='ocrx_word' id='word_1_881' title='bbox 1403 2542 1449 2569; x_wconf 86' lang='lat' dir='ltr'><strong>Dei</strong></span> <span class='ocrx_word' id='word_1_882' title='bbox 1467 2549 1499 2568; x_wconf 85' lang='lat' dir='ltr'><strong>ac</strong></span> <span class='ocrx_word' id='word_1_883' title='bbox 1516 2540 1605 2568; x_wconf 77' lang='lat' dir='ltr'><strong>Patris</strong></span> <span class='ocrx_word' id='word_1_884' title='bbox 1619 2548 1670 2567; x_wconf 76' lang='lat' dir='ltr'><strong>ex-</strong></span> 
     </span>
    </p>
   </div>
   <div class='ocr_carea' id='block_1_116' title="bbox 880 2586 1670 2627">
    <p class='ocr_par' dir='ltr' id='par_1_116' title="bbox 880 2586 1670 2627">
     <span class='ocr_line' id='line_1_116' title="bbox 880 2586 1670 2627; baseline -0.014 -5"><span class='ocrx_word' id='word_1_885' title='bbox 880 2596 992 2627; x_wconf 85' lang='lat' dir='ltr'><strong>sisteus,</strong></span> <span class='ocrx_word' id='word_1_886' title='bbox 1008 2594 1041 2621; x_wconf 91' lang='lat' dir='ltr'><strong>ad</strong></span> <span class='ocrx_word' id='word_1_887' title='bbox 1064 2596 1188 2619; x_wconf 85' lang='lat' dir='ltr'><strong>nostram</strong></span> <span class='ocrx_word' id='word_1_888' title='bbox 1204 2590 1387 2618; x_wconf 85' lang='lat' dir='ltr'><strong>humilitatem</strong></span> <span class='ocrx_word' id='word_1_889' title='bbox 1403 2586 1603 2617; x_wconf 80' lang='lat' dir='ltr'><strong>descendisset,</strong></span> <span class='ocrx_word' id='word_1_890' title='bbox 1622 2593 1670 2612; x_wconf 89' lang='lat' dir='ltr'><strong>ne-</strong></span> 
     </span>
    </p>
   </div>
   <div class='ocr_carea' id='block_1_117' title="bbox 883 2634 1670 2680">
    <p class='ocr_par' dir='ltr' id='par_1_117' title="bbox 883 2634 1670 2680">
     <span class='ocr_line' id='line_1_117' title="bbox 883 2634 1670 2680; baseline -0.018 -8"><span class='ocrx_word' id='word_1_891' title='bbox 883 2653 937 2680; x_wconf 83' lang='lat' dir='ltr'><strong>que</strong></span> <span class='ocrx_word' id='word_1_892' title='bbox 949 2648 1003 2670; x_wconf 88' lang='lat' dir='ltr'><strong>tam</strong></span> <span class='ocrx_word' id='word_1_893' title='bbox 1026 2641 1151 2668; x_wconf 84' lang='lat' dir='ltr'><strong>acerbam</strong></span> <span class='ocrx_word' id='word_1_894' title='bbox 1171 2639 1296 2673; x_wconf 84' lang='lat' dir='ltr'><strong>corporis</strong></span> <span class='ocrx_word' id='word_1_895' title='bbox 1312 2640 1429 2664; x_wconf 85' lang='lat' dir='ltr'><strong>mortem</strong></span> <span class='ocrx_word' id='word_1_896' title='bbox 1447 2641 1495 2668; x_wconf 88' lang='lat' dir='ltr'><strong>pro</strong></span> <span class='ocrx_word' id='word_1_897' title='bbox 1510 2634 1590 2660; x_wconf 83' lang='lat' dir='ltr'><strong>nobis</strong></span> <span class='ocrx_word' id='word_1_898' title='bbox 1607 2640 1670 2667; x_wconf 90' lang='lat' dir='ltr'><strong>pcr—</strong></span> 
     </span>
    </p>
   </div>
   <div class='ocr_carea' id='block_1_118' title="bbox 884 2682 1669 2720">
    <p class='ocr_par' dir='ltr' id='par_1_118' title="bbox 884 2682 1669 2720">
     <span class='ocr_line' id='line_1_118' title="bbox 884 2682 1669 2720; baseline -0.019 -2"><span class='ocrx_word' id='word_1_899' title='bbox 884 2691 1005 2718; x_wconf 84' lang='lat' dir='ltr'><strong>tnlisset.</strong></span> <span class='ocrx_word' id='word_1_900' title='bbox 1022 2695 1075 2715; x_wconf 91' lang='lat' dir='ltr'><strong>non</strong></span> <span class='ocrx_word' id='word_1_901' title='bbox 1101 2686 1233 2720; x_wconf 81' lang='lat' dir='ltr'><strong>colaphos</strong></span> <span class='ocrx_word' id='word_1_902' title='bbox 1255 2683 1397 2712; x_wconf 78' lang='lat' dir='ltr'><strong>Judaicos.</strong></span> <span class='ocrx_word' id='word_1_903' title='bbox 1425 2689 1478 2708; x_wconf 90' lang='lat' dir='ltr'><strong>non</strong></span> <span class='ocrx_word' id='word_1_904' title='bbox 1502 2686 1606 2706; x_wconf 82' lang='lat' dir='ltr'><strong>sannas</strong></span> <span class='ocrx_word' id='word_1_905' title='bbox 1642 2682 1669 2704; x_wconf 90' lang='lat' dir='ltr'><strong>ct</strong></span> 
     </span>
    </p>
   </div>
   <div class='ocr_carea' id='block_1_119' title="bbox 883 2724 1670 2765">
    <p class='ocr_par' dir='ltr' id='par_1_119' title="bbox 883 2724 1670 2765">
     <span class='ocr_line' id='line_1_119' title="bbox 883 2724 1670 2765; baseline -0.018 -2"><span class='ocrx_word' id='word_1_906' title='bbox 883 2735 1074 2765; x_wconf 75' lang='lat' dir='ltr'><strong>contumelias,</strong></span> <span class='ocrx_word' id='word_1_907' title='bbox 1091 2740 1145 2759; x_wconf 85' lang='lat' dir='ltr'><strong>uno</strong></span> <span class='ocrx_word' id='word_1_908' title='bbox 1163 2732 1246 2758; x_wconf 77' lang='lat' dir='ltr'><strong>verbo</strong></span> <span class='ocrx_word' id='word_1_909' title='bbox 1269 2734 1368 2758; x_wconf 66' lang='lat' dir='ltr'><strong>caetera</strong></span> <span class='ocrx_word' id='word_1_910' title='bbox 1387 2728 1488 2756; x_wconf 77' lang='lat' dir='ltr'><strong>omnia.</strong></span> <span class='ocrx_word' id='word_1_911' title='bbox 1506 2729 1535 2752; x_wconf 90' lang='lat' dir='ltr'><strong>ut</strong></span> <span class='ocrx_word' id='word_1_912' title='bbox 1556 2733 1590 2752; x_wconf 91' lang='lat' dir='ltr'><strong>ne</strong></span> <span class='ocrx_word' id='word_1_913' title='bbox 1611 2724 1670 2751; x_wconf 81' lang='lat' dir='ltr'><strong>sin-</strong></span> 
     </span>
    </p>
   </div>
   <div class='ocr_carea' id='block_1_120' title="bbox 884 2771 1670 2819">
    <p class='ocr_par' dir='ltr' id='par_1_120' title="bbox 884 2771 1670 2819">
     <span class='ocr_line' id='line_1_120' title="bbox 884 2771 1670 2819; baseline -0.019 -9"><span class='ocrx_word' id='word_1_914' title='bbox 884 2783 946 2819; x_wconf 76' lang='lat' dir='ltr'><strong>gula</strong></span> <span class='ocrx_word' id='word_1_915' title='bbox 963 2788 1023 2816; x_wconf 75' lang='lat' dir='ltr'><strong>qua:</strong></span> <span class='ocrx_word' id='word_1_916' title='bbox 1040 2786 1137 2815; x_wconf 80' lang='lat' dir='ltr'><strong>passus</strong></span> <span class='ocrx_word' id='word_1_917' title='bbox 1153 2781 1196 2805; x_wconf 85' lang='lat' dir='ltr'><strong>est</strong></span> <span class='ocrx_word' id='word_1_918' title='bbox 1211 2775 1381 2804; x_wconf 82' lang='lat' dir='ltr'><strong>numerando</strong></span> <span class='ocrx_word' id='word_1_919' title='bbox 1404 2774 1431 2800; x_wconf 92' lang='lat' dir='ltr'><strong>in</strong></span> <span class='ocrx_word' id='word_1_920' title='bbox 1453 2771 1590 2799; x_wconf 86' lang='lat' dir='ltr'><strong>iniinitum</strong></span> <span class='ocrx_word' id='word_1_921' title='bbox 1612 2777 1670 2797; x_wconf 70' lang='lat' dir='ltr'><strong>svr-</strong></span> 
     </span>
    </p>
   </div>
   <div class='ocr_carea' id='block_1_121' title="bbox 926 2828 1669 2869">
    <p class='ocr_par' dir='ltr' id='par_1_121' title="bbox 926 2828 1669 2869">
     <span class='ocr_line' id='line_1_121' title="bbox 926 2828 1669 2869; baseline -0.016 -3"><span class='ocrx_word' id='word_1_922' title='bbox 926 2842 943 2856; x_wconf 86' lang='lat'>&quot;</span> <span class='ocrx_word' id='word_1_923' title='bbox 968 2839 1046 2867; x_wconf 73' lang='lat' dir='ltr'><strong>.lnan.</strong></span> <span class='ocrx_word' id='word_1_924' title='bbox 1064 2846 1102 2867; x_wconf 88' lang='lat' dir='ltr'><strong>Iv,</strong></span> <span class='ocrx_word' id='word_1_925' title='bbox 1121 2836 1166 2862; x_wconf 71' lang='lat'><strong>9|.</strong></span> <span class='ocrx_word' id='word_1_926' title='bbox 1207 2836 1228 2851; x_wconf 66' lang='grc' dir='ltr'><strong>τ’</strong></span> <span class='ocrx_word' id='word_1_927' title='bbox 1251 2834 1369 2869; x_wconf 82' lang='lat' dir='ltr'><strong>Philipp.</strong></span> <span class='ocrx_word' id='word_1_928' title='bbox 1386 2841 1416 2864; x_wconf 82' lang='grc' dir='ltr'>ιι,</span> <span class='ocrx_word' id='word_1_929' title='bbox 1432 2831 1493 2858; x_wconf 73' lang='grc'><strong>6-8.</strong></span> <span class='ocrx_word' id='word_1_930' title='bbox 1535 2828 1669 2857; x_wconf 66' lang='grc' dir='ltr'><strong>’³1112οι-⁵</strong></span> 
     </span>
    </p>
   </div>
  </div>
