1897 3032
38 133 100 162 165

565 139 598 167 ΙΝ
617 138 761 167 ,ιοΑΝΝιε
787 129 1011 167 ΕΫἈΝΟΕΗΠΜ
1039 139 1102 167 LIB.
1123 140 1169 168 IX.

1628 146 1678 174 1‘56

34 189 86 236 τον
114 188 233 227 πλησίον
248 190 343 228 ἀγάπη
361 192 472 228 σύμπαν
501 194 601 231 ἔχουσα
626 195 674 224 τοῦ
700 196 782 231 νόμου

930 196 961 223 od
977 196 1050 224 aliud
1062 202 1104 225 est
1116 197 1286 232 mandatum,
1302 199 1330 226 in
1348 199 1402 227 hoc
1415 201 1658 236 comprehenditur
1673 213 1679 232 :

33 235 194 272 πλήρωμα..
223 238 279 264 Καὶ
301 239 367 273 γοῦν
382 240 396 266 ὁ
417 240 561 273 θεσπέσιος
579 242 697 274 Παῦλος,
713 243 753 274 είς
768 242 834 269 ταύ-

33 289 91 315 την
107 283 398 320 συγκεφαλαιούμενος
418 286 529 314 ἃπασαν
543 287 653 324 ἐντολὴν
671 288 832 315 ἐπιστέλλει·

39 337 49 352 ι
68 327 110 353 To
127 327 202 363 γὰρ,
219 329 258 356 Οὐ
273 330 428 365 μοιχεύσεις
440 351 448 364 ,
465 333 502 359 Οὺ
524 333 665 366 φονεύσεις
676 354 683 366 ,
701 334 759 361 Οὔκ
773 335 834 362 ἐπι-

32 373 174 409 ορκήσεις
184 394 192 402 .
217 375 266 403 καὶ
282 376 308 404 εί
320 385 362 410 τις
378 377 459 413 ἑτέρα
477 379 551 406 ἐστὶν
571 380 682 416 ἐντολὴ,
704 381 733 409 ὲν
748 381 835 416 τούτῳ

32 416 78 463 τῷ
101 416 178 453 λόγῳ
196 419 461 455 ἀνακεφαλαιοῦται,
483 424 512 450 ἑν
530 424 580 460 τῷ,
601 425 767 463 Ἀγαπήσεις
789 426 835 454 τὸν

33 462 162 498 πλησίον
187 472 254 498 σου,
277 465 315 498 ὡς
339 467 447 497 ἑαυτόν.
477 469 618 505 Πλήρωμα
641 468 689 497 οὖν
718 471 800 507 νόμου
817 473 835 507 ἡ

34 507 151 544 ἀγάπη.
169 518 180 535 ›
201 509 262 536 Ὀτι
277 510 305 537 δὲ
321 511 367 538 καὶ
380 512 488 548 ἀπάσης
499 514 601 550 ἀρετῆς
617 515 690 544 ίδέαν
702 516 767 543 εἴσω
779 517 835 544 τῶν

34 554 154 598 οἰκείων
179 555 252 591 ὅρων
281 557 440 593 ἐποιήσατο,
460 560 569 595 συνέχει
587 561 616 588 δὲ
631 561 727 598 ὥσπερ
750 564 835 597 ἀγκά-

34 597 101 629 λαις
116 598 216 626 ἑλοῦσα
230 600 265 627 τὰ
278 601 379 635 ἀγαθὰ,
398 602 501 635 Παῦλος
521 604 603 631 πάλιν
618 597 727 638 αὐτὸςο
747 606 835 641 σοφώ-

34 651 127 694 τατος
151 645 372 694 ἐπιμαρτυρήσει
402 647 472 684 βοῶν
486 658 492 663 ·
514 659 524 676 ‹
548 650 579 676 'H
594 651 690 687 ἀγάπη
715 652 744 678 οὐ
768 661 836 688 περ-

36 690 203 723 περεύεται,
221 690 253 716 οὐ
270 691 431 725 φυσιοῦται.
450 694 500 720 οὐκ
522 694 689 731 ἀσχημονεῖ,
711 697 740 725 οὺ
758 696 835 732 ζητεῖ

36 735 74 761 τὰ
100 735 220 771 ἑαυτῆς,
239 745 248 762 ι
272 738 320 764 καὶ
346 738 381 765 τὰ
410 739 514 772 τούτοις
530 743 710 778 συνημμένα·
729 744 835 780 μακρὸν

35 780 97 815 γὰρ
117 781 206 808 εἰπεῖν
221 783 272 818 τῆς
285 783 397 820 ἀγάπης
411 786 442 813 τὸ
460 787 570 823 μέτρον,
590 789 695 821 Ἀλλως
713 790 744 817 τέ
763 799 834 826 φημι

87 826 210 873 μάλιστα
224 830 342 865 πρέπειν
352 840 381 858 τε
399 833 447 860 καὶ
461 834 627 870 ἐνυπάρχειν
646 837 704 868 τοῖς
722 837 834 873 ἀγαπᾷν

881 251 898 268 ·ι
919 242 1020 278 Diliges
1054 244 1211 278 proximum
1241 249 1318 273 tuum
1349 246 1421 274 sicut
1441 247 1570 282 teipsum.
1595 248 1676 275 Com—

885 289 1054 324 plementum
1083 290 1177 326 itaque
1194 291 1263 327 legis
1284 295 1327 319 est
1354 292 1477 321 charilas
1504 294 1536 320 ".
1561 304 1570 319 ι
1599 293 1677 327 Quod

884 339 977 363 autem
993 344 1075 364 omne
1093 337 1204 364 virtutis
1217 345 1305 373 genus
1321 338 1392 366 intra
1408 347 1437 366 se
1450 340 1679 374 comprehendat,

885 381 1033 415 omniaque
1063 381 1137 409 bona
1172 382 1231 411 suis
1260 383 1465 418 quodammodo
1495 385 1679 420 amplectatur

891 426 1085 458 ulnis.Paulus
1101 428 1159 462 ipse
1174 429 1396 463 sapientissimus
1412 437 1509 458 rursus
1522 432 1678 465 testabitur,

885 473 1032 501 clamans:
1055 482 1064 499 ι
1084 473 1211 502 Charitas
1226 482 1283 502 non
1305 475 1361 510 agit
1378 483 1533 510 perperam,
1557 484 1613 503 non
1636 477 1678 504 in-

885 517 978 551 ﬂatur,
999 527 1053 546 non
1074 524 1119 548 est
1143 520 1306 554 ambitiosa,
1331 529 1386 548 non
1409 523 1509 556 quaerit
1539 530 1601 557 quae
1630 530 1680 550 sua

885 567 962 596 sunt,
985 573 994 589 ι
1011 568 1039 591 et
1055 572 1117 599 qua:
1133 571 1289 600 sequuntur
1313 566 1335 581 ¹⁷
1351 575 1357 593 z
1381 566 1489 601 longum
1516 569 1588 594 enim
1606 572 1680 594 esset

885 613 990 643 quanta
1011 610 1047 637 sit
1070 611 1214 638 charitatis
1241 619 1369 639 mensura
1396 614 1522 639 oratione
1539 612 1678 648 persequi.

885 654 1020 682 Ceterum
1036 657 1186 683 convenire
1199 657 1322 685 maxime
1346 658 1379 684 iis
1402 657 1464 684 dico
1486 658 1532 692 qui
1550 658 1680 684 omnibus

885 698 988 733 ubique
1011 704 1104 734 patere
1121 701 1218 727 volunt
1241 708 1270 728 se
1290 700 1392 727 Christi
1421 708 1483 728 esse
1510 701 1675 733 discipulos.

885 744 1029 772 charitatis
1051 745 1132 780 753
1150 753 1252 773 corona
1283 746 1407 780 gloriari.
1437 753 1470 773 ac
1493 747 1569 773 velut
1598 746 1679 774 istius

885 790 924 818 rei
939 791 1111 826 signaculum
1136 792 1273 827 quoddam
1303 792 1431 827 prreferre
1459 797 1582 819 mutuam
1610 791 1679 819 dile-

885 836 1023 864 ctionem:
1040 844 1122 871 quam
1140 837 1175 865 ob
1190 845 1317 869 causam,
1339 838 1437 873 paucis
1452 838 1556 872 aperio.
1579 837 1678 864 Nonne

36 871 193 907 ἑλομένοις,
207 875 250 902 ὅτι
264 876 381 912 Χριστοῦ
398 879 526 913 γεγόνασι
543 881 664 917 μαθηταὶ
678 884 734 915 τοῖς
745 885 785 911 ἀπ

929 882 988 917 quis
1002 887 1126 910 nostrum
1142 887 1228 910 artem
1246 884 1373 910 aerariam
1392 883 1593 911 auttextoriam
1613 891 1678 918 pro-

35 918 143 966 ταχὸσε
166 921 368 966 γνωρίζεσθαι,
395 925 426 951 τὸ
452 926 491 961 τῷ
517 928 642 964 στεφάνῳ
660 929 710 964 τῆς
724 930 835 966 ἀγάπης

38 964 286 1013 ὲπισεμνύν-εσθαι,
309 970 356 995 καὶ
372 970 499 1008 καθάπερ
514 982 539 1000 τι
561 975 718 1012 σήμαντρον
738 964 836 1013 ἐπιφέ-

37 1009 141 1059 ρεσθαι
157 1010 204 1059 τοῦ
223 1013 387 1048 πράγματος
404 1016 454 1053 τὴν
481 1009 676 1054 φιλαλληλίανί
692 1021 739 1048 τοῦ
753 1022 782 1049 δὲ
794 1009 835 1059 ’δὴ

38 1055 136 1104 Ξάριν,
154 1058 296 1104 καὶτοῦτο
313 1061 386 1096 μημὶ
400 1061 461 1098 [γρ.
482 1064 616 1102 μηνύσω]
636 1066 679 1095 διὰ
698 1055 833 1104 βραχέωνξ

38 1099 117 1148 ’ᾉρα
131 1102 188 1138 γὰρ
201 1103 228 1130 εἴ
241 1113 283 1136 τις
296 1105 349 1133 τῶν
361 1108 422 1134 καθ’
434 1109 509 1145 ἡμᾶς
521 1099 738 1148 χαλκουργικην,
750 1099 835 1148 ἤγουν

38 1147 92 1200 τὴν
107 1148 228 1200 buthroti
249 1151 330 1200 μετίῃ
343 1153 441 1189 τέχνην
451 1173 458 1187 ,
478 1156 528 1182 οὐκ
547 1156 581 1186 ἂν
594 1147 708 1194 ὀρῷτοί
719 1160 766 1188 καὶ
776 1147 836 1196 ἀμά-

41 1194 124 1240 λιστα
148 1194 260 1229 σαφῶς,
287 1197 325 1228 ὡς
350 1198 523 1234 χαλκοτύπου
551 1203 644 1236 τινος,
671 1205 687 1240 ἢ
716 1194 835 1240 ὑφάντου

43 1239 149 1288 γέγονεῗ
159 1241 305 1288 μαθητής)
320 1244 352 1271 Τι
373 1245 402 1272 δὲ
420 1247 435 1274 ὁ
455 1249 615 1284 τεκτονικῆς
629 1239 775 1288 ἐμπειρίας
787 1253 836 1281 οὐκ

43 1286 186 1322 ἀμοιρῶν;
205 1289 264 1316 Οὐκ
280 1287 334 1325 ἆρα
352 1291 475 1327 βοήσειεν
496 1294 530 1321 ἂν
548 1295 592 1322 διὰ
609 1297 687 1324 τοῦτο
705 1286 836 1327 δύνασθαι

43 1333 198 1380 κατορθοῦν
212 1335 246 1362 τὰ
261 1335 290 1361 ἐν
313 1338 345 1372 τῇ
367 1337 449 1374 τέχνῃ
472 1339 563 1372 καλῶς
574 1361 582 1373 ,
598 1342 639 1368 ὃτι
654 1342 768 1370 τέκτονα
787 1345 836 1380 τῆς

44 1378 195 1424 ἐμπειρίας
219 1379 282 1416 ἔσχε
304 1382 350 1409 τὸν
372 1383 542 1419 ήγούμενον;
569 1387 649 1414 Κατά
670 1388 716 1415 τὸν
744 1378 836 1424 αὐτὸν,

44 1422 133 1472 οἶμαι.
153 1425 233 1460 λόγον
253 1428 278 1454 οἱ
292 1429 342 1464 τῆς
359 1428 500 1464 θεοφιλοῦς
515 1432 625 1468 ἀγάπης
643 1422 836 1472 πληρουμένην

44 1470 75 1517 εν
91 1471 200 1503 ἑαυτοῖς
218 1472 267 1508 τὴν
280 1473 395 1510 δύναμιν
409 1476 527 1512 ἔχοντες,
545 1479 649 1506 ἀκονιτὶ
662 1470 835 1517 γνωριοῦσιν,

886 927 1008 960 ﬁtentur,
1027 929 1067 957 vel
1085 929 1149 957 hinc
1162 930 1280 957 maxime
1296 930 1428 965 prodatur
1443 930 1512 957 fabri
1533 930 1676 963 cujusdam

885 975 975 1002 aerarii
999 979 1048 1002 aut
1066 976 1183 1003 textoris
1209 976 1296 1003 fuisse
1320 976 1495 1011 discipulus?
1515 976 1587 1008 Quid
1612 983 1680 1003 vero

887 1019 994 1049 fabrilis
1019 1022 1086 1049 artis
1111 1022 1239 1056 peritus?
1258 1021 1354 1049 Nonne
1374 1021 1434 1049 ideo
1460 1030 1489 1050 se
1517 1027 1602 1049 artem
1630 1029 1678 1057 ap-

886 1068 974 1102 prime
986 1068 1088 1095 callere
1098 1068 1210 1100 dixerit,
1224 1068 1290 1103 quia
1307 1068 1385 1095 fabro
1399 1076 1465 1095 usus
1481 1068 1517 1095 sit
1530 1068 1680 1101 magistro?

886 1113 1001 1146 Eodem,
1023 1115 1134 1149 opinor,
1154 1115 1236 1142 modo
1264 1116 1309 1149 qui
1337 1115 1484 1142 charitatis
1502 1123 1565 1150 erga
1594 1115 1678 1142 Deum

886 1160 994 1195 plenam
1021 1162 1049 1188 in
1074 1161 1174 1195 selpsis
1190 1161 1244 1188 vim
1270 1161 1385 1191 habent.
1411 1161 1488 1187 nullo
1505 1161 1614 1196 negotio
1628 1168 1679 1187 cn-

887 1208 1074 1242 gnoscendum
1086 1207 1246 1242 praebebunt
1258 1215 1286 1234 se
1294 1207 1439 1234 cbaritatis
1447 1207 1585 1234 exstitisse
1596 1207 1680 1234 dissi-

887 1254 978 1288 pulos,
995 1253 1053 1282 sive
1071 1253 1187 1284 Christi,
1204 1253 1249 1288 qui
1267 1253 1496 1288 perfectissimam
1521 1253 1547 1279 in
1568 1260 1597 1279 se
1611 1253 1679 1279 cha-

888 1300 996 1326 ritatem
1016 1299 1149 1326 continet.
1171 1299 1216 1326 Sic
1233 1299 1305 1326 enim
1323 1299 1417 1326 dilexit
1435 1298 1579 1326 mundum.
1602 1304 1630 1325 ut
1652 1303 1679 1326 et

888 1345 975 1380 ipsam
998 1353 1048 1380 pro
1066 1352 1100 1373 eo
1123 1346 1242 1372 animam
1272 1345 1395 1380 posuerit
1413 1345 1452 1377 ’⁸,
1468 1349 1494 1372 ct
1512 1344 1619 1372 Judaici
1637 1345 1678 1371 fu-

888 1391 960 1418 roris
982 1391 1182 1419 immanitatem
1207 1391 1359 1426 pertulerit.
1386 1391 1464 1424 Quod
1485 1392 1543 1427 ipse
1566 1391 1678 1426 quidem

889 1437 1036 1465 testabitur
1051 1437 1084 1464 ad
1103 1438 1254 1472 discipulos
1270 1445 1347 1469 suos,
1370 1437 1486 1465 dicens:
1509 1447 1517 1462 ι
1536 1438 1604 1470 Quia
1620 1444 1679 1464 ma-

886 1484 975 1519 jorem
994 1484 1046 1512 hac
1057 1484 1193 1511 charitate
1214 1492 1294 1511 nemo
1310 1484 1402 1515 habet.
1418 1487 1447 1510 ut
1465 1483 1586 1510 animam
1602 1491 1679 1510 suam

44 1516 86 1574 in
99 1516 153 1551 τῆς
168 1517 281 1574 ἀγάπης
294 1521 423 1555 γεγόνασι
443 1522 574 1558 μαθηταὶ,
590 1525 649 1560 ἦτοι
668 1516 778 1563 τοῦντὴν

931 1533 974 1556 nat
989 1529 1052 1564 quis
1072 1537 1123 1564 pro
1136 1529 1234 1557 amicis
1257 1530 1316 1557 suis
1340 1530 1373 1556 ".
1396 1539 1405 1556 ι
1429 1529 1498 1556 Cum
1519 1529 1592 1555 enim
1609 1527 1680 1555 Deus

44 1561 136 1610 ἄκραν
157 1564 277 1610 ’ἀγάπην
308 1566 415 1601 ἔχοντος
450 1569 580 1604 Χριστοῦ.
611 1561 761 1607 Ἡγάπησε
782 1574 837 1610 γὰρ

45 1605 118 1633 οὕτω
139 1607 185 1633 τὸν
205 1608 316 1643 κόσμον,
331 1610 369 1643 ὡς
392 1613 438 1639 καὶ
461 1613 545 1647 αὐτὴν
563 1615 632 1650 ὑπὲρ
648 1605 729 1643 αὐτοῦ
752 1605 838 1645 καταί-

46 1652 135 1679 θείναι
151 1653 201 1689 τὴν
215 1654 320 1690 ψυχὴν,
338 1657 386 1684 καὶ
407 1657 462 1684 τῶν
480 1659 634 1688 Ἰουδαϊκῶν
653 1662 837 1699 τολμημάτων

46 1699 194 1734 ὑπομεῖναι
214 1701 272 1734 ’τὴν
295 1702 456 1739 ἀγριότητα.
474 1705 528 1732 Καὶ
554 1709 725 1744 μαρτυρήσει
750 1710 837 1745 λέγων

46 1745 128 1778 αὐτὸς
152 1746 221 1781 πρὸς
243 1748 306 1780 τοὺς
327 1749 425 1776 ἑαυτοῦ
451 1751 597 1788 μαθητὰς,
623 1754 663 1780 ὃτι
688 1765 697 1781 ι
717 1756 838 1788 Μείζονα

46 1792 150 1827 ταύτης
163 1793 214 1828 τῆς
226 1794 338 1830 ἀγάπης
353 1795 440 1828 οῦδεὶς
461 1797 518 1832 ἔχει
529 1818 536 1830 ,
559 1799 603 1826 ἴνα
622 1808 665 1831 τις
678 1800 728 1836 τὴν
749 1801 837 1837 ψυχὴν

46 1838 132 1885 αὑτοῦ
150 1840 184 1875 θῇ
203 1839 276 1874 ὑπὲρ
296 1841 349 1868 τῶν
370 1842 455 1876 φίλων
480 1844 574 1874 αὑτοῦ,
592 1855 602 1871 ι
628 1846 737 1884 Ἐπειδὴ
753 1848 808 1885 γὰρ
823 1849 837 1876 ό

45 1884 119 1931 etab;
128 1885 223 1931 ἀγάπη
238 1886 306 1931 ἐστὶ,
320 1886 390 1914 κατά
403 1888 453 1924 τὴν
473 1889 597 1917 Ἰωάννου
610 1892 711 1927 φωνὴν,
727 1884 838 1931 ἀγάπης

45 1930 87 1956 ὢν
114 1930 196 1963 Υἱὸς,
222 1930 295 1958 τοῦτ’
325 1932 383 1960 ἔστι
412 1933 460 1961 τοῦ
481 1936 552 1962 κατὰ
575 1937 656 1971 φύσιν
680 1939 764 1972 Θεοῦ,
791 1941 838 1969 καὶ

47 1975 142 2009 μόνον,
155 1977 203 2003 καὶ
213 1976 353 2012 ἀληθινοῦ,
370 1979 466 2016 ἀγάπη
482 1981 529 2008 καὶ
539 1983 620 2016 αὐτὸς
636 1985 836 2020 ἀναπέφανται,

44 2021 85 2068 οὑξ
103 2021 194 2056 λόγοις
219 2021 407 2059 ἐξησκημένον
431 2027 478 2054 καὶ
503 2027 547 2054 διὰ
572 2029 703 2065 ῥημάτων
730 2032 837 2068 κόμπου

45 2066 298 2102 λελαμπρυσμένον
311 2069 380 2104 ἔχων
393 2070 423 2097 τὸ
432 2070 550 2107 ἀξίωμα,
565 2073 622 2100 ἀλλ’
633 2073 724 2110 ἔργοις
735 2066 836 2110 αυτοῖς,

45 2112 94 2138 καὶ
110 2113 277 2148 πράγματι,
300 2116 407 2150 καρπὸν
431 2116 496 2145 ὄντα
519 2118 568 2154 τῆς
582 2120 629 2146 τοῦ
648 2121 773 2154 τεκόντος
796 2123 838 2149 οὐ·

46 2159 109 2189 σίας
137 2159 232 2185 ἑαυτὸν
268 2161 414 2195 ἐπιδείξας.
445 2163 602 2198 Οἰησόμεθα
629 2165 684 2201 γὰρ
711 2167 838 2203 οὐδαμῶς

44 2203 176 2240 δεκτικὴν
201 2203 271 2232 εἷναι.
294 2206 348 2232 τῶν
373 2207 484 2241 ἀγαθῶν
509 2209 560 2245 τὴν
583 2211 715 2239 ἀνωτάτω
742 2214 838 2241 πασῶν

43 2249 160 2284 οὐσίαν,
182 2251 240 2277 ἀλλ’
258 2251 317 2278 οὐδὲ
339 2253 488 2288 ἐπίκτητον
509 2254 625 2291 ἐροῦμεν
648 2257 677 2283 ὲν
701 2258 770 2294 αὐτῇ
788 2259 838 2294 τὴν

45 2294 179 2322 ἁπάντων
194 2296 250 2323 τῶν
273 2297 383 2331 ἀγαθῶν
403 2298 486 2332 ἰδέαν,
503 2300 630 2336 καθάπερ
643 2303 672 2329 ἐν
689 2303 764 2338 ἡμῖν,
780 2304 837 2332 ἀλλ’

44 2340 106 2385 οῦδὲ
119 2340 158 2372 ὣς
174 2349 200 2367 τι
216 2341 296 2376 τυχὸν
315 2341 409 2378 ἓτερον
424 2343 452 2369 ὲν
465 2343 551 2380 ἑτέρῳ
567 2346 722 2382 νοούμενον,
742 2347 837 2385 ὥσπερ

44 2384 92 2413 οὖν
110 2387 141 2413 ὲν
155 2386 293 2423 ἀνθρώπῳ
313 2388 379 2423 φαίη
397 2398 439 2421 τις
454 2389 488 2416 ἂν
509 2391 557 2426 τήν
573 2400 645 2424 τινος
669 2394 835 2430 ἐπιστήμην.

47 2433 83 2460 οὐ
98 2432 153 2467 γὰρ
167 2433 310 2469 ἐπιστήμη
327 2434 389 2461 καθ’
403 2436 500 2463 ἑαυτὸν
516 2438 530 2464 ό
549 2437 706 2474 ἅνθρωπος,
723 2441 837 2477 ἐπιστή-

47 2486 103 2512 μης
115 2477 144 2504 δὲ
160 2478 263 2513 μᾶλλον
277 2479 416 2512 δεκτικός·
440 2482 499 2509 ἀλλ’
523 2484 589 2510 αὐτὸ
610 2485 641 2511 τὸ
658 2487 711 2512 πᾶν
725 2487 837 2521 ἀγαθὸν,

45 2522 116 2554 ὅπερ
134 2523 168 2550 ἂν
190 2521 260 2551 εἶναι
274 2525 448 2561 πιστεύηται,
460 2527 539 2554 τοῦτο
553 2529 655 2564 κυρίως
668 2526 753 2566 αὐτὴν
769 2530 838 2559 εἶναί

46 2576 139 2614 φαμεν
155 2567 205 2604 τήν
221 2569 297 2614 θείαν
315 2571 363 2597 καὶ
380 2571 499 2606 ἄρῤητον
523 2573 614 2608 φύσιν,
634 2576 726 2612 πηγὴν
741 2577 836 2614 ὥσπερ

44 2612 107 2640 τινὰ
129 2614 183 2640 πᾶν
207 2612 278 2646 εἶδος
300 2615 402 2651 ἀρετῆς
423 2616 539 2652 ἔχουσαν
558 2619 588 2645 ὲν
607 2619 708 2657 ἑαυτῇ.
737 2623 784 2657 κα).
806 2612 836 2656 ἐξ

46 2660 148 2694 ἑαυτῆς
161 2660 377 2693 ἀναδλὺξουσαν.
395 2663 576 2697 Εὑλογώτατα
589 2653 836 2706 τοίνυνναύτόςᾟερ

46 2704 125 2732 ἔσται
138 2705 195 2753 τῆς
202 2706 314 2753 ἀγάπης
325 2708 568 2753 ὀ-καρπὸςῄγάπη
588 2712 634 2739 καὶ
651 2714 732 2746 αὐτὸς
748 2704 836 2753 ὑπάρ-

45 2759 112 2784 χων,
131 2751 202 2778 κατὰ
217 2752 263 2778 τὸν
277 2752 307 2784 ἐξ
320 2749 405 2790 οὗπέρ
418 2756 476 2782 ἐστι
495 2757 601 2793 Πατρδς
612 2759 626 2784 ὁ
642 2759 713 2793 Υἱὸς,
728 2761 771 2789 διὰ
786 2749 836 2799 της

890 1576 927 1602 sit
943 1575 1075 1606 charitas.
1097 1575 1176 1610 juxta
1197 1575 1313 1603 Joannis
1329 1582 1423 1602 vocem
1448 1575 1487 1606 ³ο,
1510 1574 1611 1609 quippe
1633 1573 1679 1608 qui

889 1621 926 1648 sit
940 1620 1093 1652 charitatis,
1108 1621 1160 1647 hoc
1173 1624 1226 1653 est,
1244 1621 1379 1648 naturalis
1392 1625 1418 1648 et
1433 1620 1506 1647 unici
1523 1628 1554 1647 ac
1565 1620 1622 1646 veri
1632 1619 1679 1647 Dei

889 1666 986 1698 Filius,
997 1666 1119 1694 charilas
1130 1666 1212 1693 etiam
1230 1666 1289 1701 ipse
1307 1665 1455 1693 manifesto
1468 1669 1519 1697 est,
1535 1673 1589 1693 non
1603 1673 1681 1700 pom-

888 1719 923 1747 pa
941 1712 1087 1739 verborum
1107 1712 1287 1746 conspicuam
1308 1712 1411 1739 habens
1441 1712 1611 1746 dignitatem,
1632 1712 1679 1739 sed

888 1758 1018 1793 operibus
1026 1758 1093 1793 ipsis
1099 1765 1131 1785 ac
1139 1758 1220 1786 rebus
1227 1758 1266 1785 sei
1270 1765 1348 1792 psum
1357 1757 1446 1786 fructu
1451 1765 1476 1784 ιιι
1486 1765 1548 1785 esse
1555 1757 1681 1784 substan-

889 1805 934 1831 tiae
948 1804 1038 1832 Patris
1054 1803 1216 1832 ostendens.
1226 1803 1405 1839 Nequaquam
1419 1804 1491 1831 enim
1505 1803 1680 1831 censebimus

890 1857 1047 1885 supremam
1073 1849 1148 1877 illam
1181 1849 1303 1877 omnium
1330 1849 1514 1877 substantiam
1543 1849 1678 1876 bonorum

889 1903 950 1923 esse
963 1901 1104 1930 capacem.
1119 1894 1165 1922 sed
1184 1902 1235 1922 nec
1248 1894 1428 1921 adventitium
1440 1894 1464 1922 ei
1478 1901 1539 1922 esse
1555 1894 1680 1921 dicemus

889 1940 1014 1966 omnium
1033 1938 1167 1965 bonorum
1180 1946 1278 1974 genus.
1296 1939 1369 1965 sicut
1383 1938 1409 1965 in
1423 1939 1514 1970 nobis,
1531 1945 1582 1966 nec
1598 1943 1628 1965 ut
1637 1938 1680 1966 di-

888 1993 1000 2014 versqu
1022 1984 1163 2020 quidpiam
1189 1985 1216 2011 in
1239 1985 1292 2012 alio
1307 1984 1426 2016 censeri,
1445 1984 1678 2019 quemadmodum

889 2031 917 2058 in
930 2030 1042 2057 homine
1069 2030 1212 2057 scientiam
1229 2029 1343 2056 dixeris.
1368 2028 1424 2056 Nec
1440 2030 1514 2056 enim
1531 2029 1612 2057 homo
1631 2037 1680 2064 per

890 2084 920 2104 se
946 2080 988 2104 est
1014 2075 1138 2107 scientia,
1164 2075 1212 2103 sed
1237 2075 1359 2103 scientiae
1380 2075 1472 2109 potius
1493 2082 1600 2109 capax:
1630 2075 1678 2102 sed

889 2122 1076 2157 quodcunque
1091 2122 1194 2148 bonum
1211 2124 1337 2148 censetur
1362 2120 1451 2155 ipsum
1476 2121 1586 2155 proprie
1607 2120 1679 2148 divi-

889 2175 952 2194 nam
969 2170 995 2194 et
1011 2166 1173 2194 inell‘abilem
1198 2163 1323 2192 naturam
1344 2173 1406 2192 esse
1428 2165 1556 2196 dicimus,
1574 2165 1677 2193 fontem

857 2217 876 2243 D
893 2213 974 2241 veluti
990 2214 1135 2248 quemdam
1146 2209 1235 2239 ‘omne
1250 2219 1336 2246 genus
1356 2211 1464 2238 virtutis
1481 2211 1508 2237 in
1523 2211 1612 2245 seipsa
1628 2211 1677 2238 ha-

891 2259 1010 2291 bentem,
1031 2262 1058 2286 et
1074 2267 1107 2286 ex
1125 2259 1215 2293 seipsa
1231 2256 1428 2284 eﬂ'undentem.
1448 2255 1514 2283 Jure
1530 2256 1622 2291 itaque
1637 2256 1679 2291 ip-

889 2309 976 2333 semet
990 2305 1044 2333 erit
1058 2304 1201 2332 charitatis
1217 2303 1334 2334 fructus.
1355 2307 1382 2331 et
1397 2311 1459 2330 cum
1474 2303 1510 2330 sit
1526 2302 1608 2330 etiam
1619 2302 1680 2337 ipse

890 2349 1024 2381 charitas,
1040 2349 1121 2378 sicuti
1138 2348 1219 2376 Pater
1232 2356 1264 2377 ex
1276 2356 1331 2383 quo
1341 2352 1384 2376 est
1398 2347 1497 2379 Filius,
1513 2348 1616 2376 nostris
1629 2355 1678 2383 per

890 2397 1053 2424 charitatem
1074 2395 1173 2423 animis
1197 2395 1372 2430 insignietur,
1395 2399 1423 2422 et
1445 2399 1565 2421 mutuam
1586 2393 1678 2421 chari-

890 2447 972 2470 tatem
991 2441 1132 2469 mordicus
1145 2441 1285 2476 amplecti,
1301 2440 1507 2475 coniunctionis
1521 2443 1549 2467 et
1561 2439 1678 2467 familia-

887 2489 978 2516 ritatis
992 2496 1054 2515 cum
1070 2488 1131 2523 ipso
1146 2492 1227 2515 notas
1242 2487 1320 2514 bouis
1338 2485 1481 2521 imprimit.
1504 2485 1625 2520 Alioqui,
1641 2486 1677 2517 si,

885 2535 964 2570 juxta
977 2533 1054 2562 Pauli
1069 2541 1165 2562 vocem
1183 2534 1204 2549 "
1218 2553 1226 2566 ,
1244 2541 1297 2568 pax
1318 2536 1414 2560 nostra
1431 2532 1557 2560 Christus
1573 2537 1616 2560 est
1636 2532 1675 2566 (in

890 2581 950 2616 ipso
961 2581 1033 2609 enim
1051 2580 1181 2608 inferiora
1195 2579 1385 2614 superioribus
1398 2578 1543 2613 conjuncta
1558 2580 1634 2608 sunt,
1649 2581 1677 2605 et

890 2635 939 2662 per
955 2626 1044 2661 ipsum
1057 2625 1228 2653 reconciliati
1246 2632 1341 2652 sumus
1361 2623 1416 2651 Deo
1431 2631 1463 2650 ac
1476 2622 1562 2653 Patri.
1579 2630 1676 2658 quam-

890 2673 932 2700 vis
949 2672 1029 2700 initio
1043 2672 1158 2699 multum
1171 2671 1274 2704 dissiti,
1286 2670 1466 2698 conversione
1483 2669 1516 2696 ad
1534 2669 1636 2695 malum
1648 2672 1676 2695 et

890 2718 917 2746 in
934 2717 1016 2753 7ξῖιᾶΙ
1028 2718 1097 2746 duos
1110 2717 1225 2753 populos
1237 2717 1301 2744 olim
1315 2708 1407 2745 divisi.
1426 2721 1519 2750 gentes
1535 2714 1676 2744 nimirum.

889 2769 916 2791 et
939 2765 1091 2797 lsraelitas,
1116 2764 1143 2790 in
1162 2771 1247 2790 unum
1272 2770 1372 2790 novum
1395 2761 1530 2788 hominem
1548 2759 1676 2787 aediﬁcati

80 2808 109 2852 ’ξ
124 2807 206 2852 [ἰοιιι.
225 2802 392 2852 11111⁸9210.
432 2812 454 2827 ¹⁷
475 2812 560 2840 lCor.
579 2823 627 2841 xm
641 2835 647 2847 ,
666 2817 697 2847 4,
781 2820 804 2835 ’⁸
823 2819 829 2845 l

921 2840 927 2846 .
950 2827 994 2852 IV,-
1012 2819 1054 2846 16.
1093 2820 1114 2835 ’⁸
1142 2818 1222 2846 Joan.
1252 2826 1297 2851 xv,
1320 2818 1363 2844 l3.
1402 2817 1424 2833 ³ο
1450 2817 1458 2842 l
1482 2815 1562 2843 Joan.
1575 2824 1611 2848 ιν,
1633 2816 1670 2843 ιο.

46 2842 67 2859 ³⁴
87 2842 190 2881 Ephes.
219 2852 255 2876 ιι,
274 2845 365 2873 14-18.
