1926 3041
81 160 132 188 169

609 163 642 191 lN
662 162 806 192 JOANNIS
822 162 1046 192 EVANGELIUM
1062 164 1125 192 LlB.
1141 163 1187 192 lX.

1667 168 1716 196 HC

80 217 152 246 εἷναί
175 228 202 246 τι
218 220 364 255 δοκοῦσιν,
389 223 540 251 ἀκίνδυνον.
561 224 723 259 Θαυμαστὸς
748 224 776 250 δὲ
802 224 878 250 οὐδὲν

937 224 1058 259 nagistri
1075 224 1161 260 loqui,
1179 231 1214 252 ne
1230 224 1264 252 iis
1280 223 1391 260 quidem
1416 225 1463 259 qui
1486 232 1516 252 se
1537 224 1645 260 aliquos
1669 234 1719 261 pu-

79 263 164 303 ἦττον
176 267 190 293 ὁ
203 267 319 304 Πέτρος,
337 269 388 296 οὐκ
402 269 472 297 αἰδοῖ
487 270 534 297 τοῦ
551 270 589 306 μὴ
601 271 689 297 δοκεῖν
703 268 772 297 εἶναι
789 270 878 307 νωθὴς

80 308 133 349 τὴν
148 313 252 348 εἴδησιν
268 313 326 340 τῶν
340 315 528 350 ἀγνοηθέντων
550 315 726 352 ζητούμενος,
741 316 799 343 ἀλλ’
813 316 877 350 ὀξὺς

81 359 129 386 ἐπὶ
143 360 175 386 τὸ
191 361 292 395 χρῆναι
310 360 457 395 ωφοῦσθαι
469 361 584 397 τρέχων,
596 362 644 389 καὶ
654 363 785 399 αἰσχύνης
799 363 877 390 ἀκαί-

83 414 132 440 ρου
152 405 298 441 κρείττονα
315 406 365 442 τὴν
382 408 414 433 ἐκ
427 408 477 443 τῆς
495 407 675 443 φιλομαθείας
688 409 781 444 ὄνησιν
800 417 878 444 ποιη-

83 452 222 487 σάμενος,
249 453 294 479 ῖνα
314 453 400 485 τύπος
423 455 480 485 τοῖς
505 454 565 489 μεθ’
586 454 683 482 ἑαυτὸν
714 456 765 483 κάν
792 454 878 490 τούτῳ

82 499 209 534 γένηται.
224 501 286 526 Δεῖν
307 501 362 536 γὰρ
378 498 457 535 οἶμαι
485 500 523 536 μὴ
540 501 724 537 παρατρέχειν
749 502 796 537 ἑᾷν
815 502 878 534 τοὺς

82 545 142 572 τῶν
158 545 340 573 διδασκόντων
356 545 467 581 λόγους,
493 547 573 581 εἴπερ
597 547 630 574 ἂν
654 545 709 574 εἷεν
729 548 760 574 οὺ
774 548 878 584 σφόδρα

84 592 182 625 σαφεῖς
193 611 202 623 ,
226 591 270 618 ἵνα
286 591 359 622 τινες
374 589 444 617 εἶναι
467 590 607 626 δοκῶμεν.
631 593 739 628 ἀγχίνοι
760 601 789 619 τε
806 593 876 626 λίαν,

83 636 132 663 καὶ
148 636 257 672 δριμεῖς
274 637 314 667 εἰς
329 635 437 664 σύνεσιν
450 645 457 652 ·
475 637 705 665 διαπυνθάνεσθαι
719 639 747 665 δὲ
766 639 877 674 μᾶλλον,

83 683 133 709 καὶ
148 681 346 709 ἀνασκαλεύειν
369 683 562 718 ἐπιστημόνως
582 683 613 710 τὸ
637 684 667 710 ἐν
695 685 767 720 ἀρχῇ
791 693 880 720 ἰιαροι⁸

83 728 182 764 δεχθὲν
204 729 244 761 εἰς
270 728 375 763 ὄνησιν.
398 728 470 755 Πολὺ
485 729 541 764 γὰρ
562 729 682 764 ἀμείνων
700 731 716 766 η
736 730 783 757 τοῦ
809 738 879 766 συμ-

86 775 218 811 φέροντος
231 775 334 810 γνῶσις
352 775 546 810 δοκησισοφίας
558 775 650 811 κενῆς,
668 777 715 803 καὶ
730 776 777 803 τοῦ
792 776 879 803 δοκεῖν

84 821 282 855 ἐξεπίστασθαί
293 831 330 855 τι,
343 823 466 858 κρεῖττον
482 821 515 848 ἂν
530 821 573 856 εῐη
586 821 634 849 τοῦ
654 824 710 858 [γρ.
724 822 766 858 τὸ]
783 823 879 858 μαθεῖν

84 869 204 904 ἀληθῶς.

930 274 989 297 tant
1009 274 1100 298 tutum
1118 271 1155 299 sit
1170 278 1202 298 ac
1217 277 1359 298 securum.
1375 269 1467 297 Nihilo
1483 277 1550 298 vero
1565 271 1658 299 minus
1671 272 1720 299 ad-

928 315 1062 344 mirabilis
1077 320 1120 344 est
1136 316 1245 347 Petrus,
1264 317 1312 351 qui
1336 316 1406 344 nihil
1427 316 1534 344 veritus
1558 316 1719 351 opinionem

928 363 1090 397 tarditatis,
1117 371 1179 398 quae
1199 363 1348 398 ignorabat
1380 363 1478 398 quierit
1512 362 1644 396 edoceri,
1670 364 1719 391 sed

929 417 1037 438 summo
1054 409 1148 437 studio
1164 417 1194 437 se
1210 417 1244 437 eo
1259 409 1380 442 confert,
1401 409 1596 444 intempestivo
1619 409 1719 444 pudori

928 457 1077 484 utilitatem
1095 456 1262 484 eruditionis
1279 455 1441 491 praeferens,
1459 459 1490 482 ut
1513 455 1540 482 in
1562 455 1614 483 hoc
1635 456 1719 482 etiam

928 503 990 531 suis
1012 503 1131 538 posteris
1157 502 1285 538 exemplo
1310 510 1343 529 ac
1367 502 1533 529 documento
1558 506 1643 529 esset.
1663 501 1721 529 Nec

928 549 1001 576 enim
1034 548 1157 576 arbitror
1185 548 1376 584 prmtereunda
1395 547 1480 575 verba
1509 547 1670 575 docentium
1695 547 1720 574 si

929 595 1012 630 paulo
1030 594 1086 622 sint
1108 593 1281 626 obscuriora,
1299 597 1329 620 ut
1346 593 1489 621 videamur
1503 600 1565 620 esse
1581 591 1678 627 aliqui,
1694 595 1721 619 et

929 641 1021 676 sagaci
1041 644 1123 675 atque
1140 643 1222 667 acuto
1241 639 1376 674 imprimis
1402 638 1514 673 ingenio
1527 637 1634 673 praditi
1647 657 1655 670 ,
1673 638 1721 666 sed

930 687 1130 715 sciscitandum
1148 687 1252 722 potius,
1274 692 1301 714 et
1314 687 1396 714 docte
1413 686 1574 722 agitandum
1598 685 1672 721 quod
1687 685 1722 712 ad

930 733 1076 760 utilitatem
1094 732 1176 759 initio
1189 732 1363 767 propositum
1380 732 1427 760 sit.
1444 732 1529 759 Multo
1544 731 1616 759 enim
1631 731 1723 766 potior

930 782 971 806 est
987 779 1025 806 rei
1039 778 1116 805 utilis
1134 777 1256 813 cognitio
1269 785 1351 812 quam
1366 785 1436 804 vana
1452 777 1595 812 sapientiae
1609 784 1723 811 persua-

931 825 985 856 sio,
1013 828 1041 852 et
1060 831 1125 852 vere
1149 823 1256 859 aliquid
1283 823 1418 852 didicisse
1444 823 1543 851 melius
1571 829 1613 851 est
1640 831 1722 859 quam

933 871 1004 900 scire
1020 870 1121 898 videri.

128 915 285 949 Ἀπεκρίθη
295 915 375 948 αὐτῷ
394 917 411 943 ό
427 916 549 951 Ἰησοῦς
560 925 568 932 ·
584 916 676 944 Ὅπου
694 916 751 950 ἐγὼ
763 916 878 950 ὑπάγω,

969 916 1044 948 Xlll,
1063 916 1110 944 56.
1131 915 1278 950 Respondit
1296 915 1399 943 Jews:
1422 915 1481 948 Quo
1499 923 1545 951 ego
1571 916 1650 949 vado,
1671 923 1724 943 non

85 961 121 987 οὐ
130 960 265 989 δύνασαί
273 970 326 996 μοι
338 961 396 989 νῦν
408 961 598 995 ἀκολουθεῖν,
613 961 835 994 ἀκολουθήσεις
846 960 880 987 δὲ

85 1007 229 1041 ὕστερον.

121 1053 209 1085 Εἰδὼς
223 1054 266 1081 ὅτι
279 1053 392 1091 βαρεῖαν
405 1063 435 1082 τε
450 1054 498 1082 καὶ
509 1054 629 1090 δυσαχθῆ
644 1055 700 1086 τοῖς
716 1054 814 1082 ἑαυτοῦ
829 1063 882 1090 μα-

86 1100 183 1136 θηταῖς
195 1100 304 1136 ὲνθήσει
314 1101 365 1136 τὴν
377 1100 476 1136 λύπην,
494 1101 645 1136 ἀναφανδὸν
660 1101 747 1128 εἰπὼν
763 1101 801 1133 ὡς
815 1102 881 1128 ἀνα-

85 1146 202 1182 ϐήσεται
229 1147 280 1182 μὲν
297 1148 338 1179 εἰς
356 1148 489 1184 οὐρανοὺς
501 1167 509 1179 ,
532 1148 653 1183 ἐρήμους
667 1148 696 1174 δὲ
710 1147 762 1183 τῆς
783 1147 880 1174 ἑαυτοῦ

86 1193 242 1228 παρουσίας
256 1193 332 1220 ὲάσει
345 1194 416 1220 κατὰ
428 1193 478 1229 τὴν
491 1194 555 1229 γῆν,
564 1194 590 1220 εἰ
603 1194 651 1221 καὶ
661 1194 788 1221 συνέσται
801 1195 882 1221 πάλιν

85 1238 123 1270 ὡς
140 1238 220 1272 Θεὸς,
239 1239 441 1274 εὖπεριστόλως
449 1240 519 1275 πρὸς
533 1240 564 1267 τὸ
579 1240 666 1275 παρὸν
679 1240 833 1276 ἀποχρῆται
843 1239 882 1275 τῷ

85 1284 171 1319 λόγῳ,
189 1285 362 1312 διακλέπτων
374 1285 466 1321 ἡρέμα
476 1286 524 1312 τοῦ
538 1286 584 1312 νοῦ
598 1285 648 1322 τὴν
660 1286 813 1322 ἀκρίϐειαν.
826 1285 884 1313 Καὶ

85 1330 153 1365 γοῦν
168 1331 220 1357 οὐκ
232 1331 336 1363 εἰδότας
350 1331 432 1366 ὁρῶν,
443 1332 472 1358 ὲν
487 1331 562 1367 αὐτῷ
577 1332 668 1367 μένειν
681 1333 724 1368 ἐᾷ.
733 1332 774 1359 Τὰ
786 1331 884 1368 γάρτοι

86 1376 184 1404 λυπεῖν
203 1377 337 1410 εἰωθότα,
352 1370 525 1413 ⁴βαρυτέροις
546 1378 602 1405 ἔσθ’
620 1379 664 1406 ὅτε
687 1378 884 1411 κατασκιάζειν

87 1423 180 1458 λόγοις
203 1423 254 1450 οὐκ
280 1423 447 1460 ἀμελέτητον
466 1425 523 1456 τοῖς
539 1425 641 1459 σοφοῖς.
664 1425 696 1451 Εἰ
710 1424 765 1460 γὰρ
781 1424 830 1452 καί⁵
843 1425 884 1452 ὅτι

89 1470 212 1506 μάλιστα
222 1470 272 1506 τῆς
283 1470 495 1506 ἀνθρωπότητος
506 1471 635 1507 ἀπαρχὴν
647 1471 742 1498 ἑαυτὸν
751 1471 884 1506 ἀνακομί-

89 1517 144 1549 ζων
159 1516 199 1553 τῷ
211 1516 272 1552 Θεῷ
281 1518 328 1545 καὶ
342 1518 441 1554 Πατρὶ,
450 1517 500 1553 τὴν
511 1518 551 1549 εἰς
564 1517 595 1544 τὸ
606 1518 672 1550 ἄνω,
689 1517 737 1544 καὶ
751 1518 791 1549 εἰς
803 1517 885 1552 οὐρα-

89 1563 155 1595 νοὺς
171 1563 328 1599 ἀποδημίαν
345 1563 501 1596 ἐστέλλετο,
526 1563 574 1590 καὶ
596 1563 668 1598 ὑπὲρ
685 1563 734 1599 τῆς
758 1563 886 1590 ἁπάντων

90 1609 262 1641 λυσιτελείας
288 1609 320 1636 τὸ
335 1609 474 1645 δρώμενον
498 1607 533 1645 ἦν
549 1609 714 1644 (ὲνεκαίνισε
740 1609 796 1644 γὰρ
819 1610 885 1644 ἡμῖν

91 1656 163 1689 ὁδὸν,
180 1657 215 1692 ἢν
229 1656 280 1683 οὐκ
289 1655 348 1692 ᾔδει
364 1656 497 1692 πρότερον
513 1657 529 1692 ἡ
544 1655 690 1691 ἀνθρώπου
706 1656 808 1691 φύσις),
818 1655 887 1682 ἀλλά

91 1711 123 1736 γε
139 1703 199 1734 τοῖς
215 1702 304 1736 ἀγίοις
323 1703 459 1738 μαθηταῖς
481 1702 525 1728 ἀεὶ
542 1703 662 1729 συνεῖναι
679 1702 886 1735 σπουδάζουσιν,

90 1749 122 1776 σὺ
137 1749 257 1784 φορητὸν
268 1746 339 1775 εἷναι
353 1748 505 1783 διεφαίνετο
526 1749 557 1776 τὸ
574 1748 740 1784 χωρίζεσθαι
754 1748 886 1784 Χριστοῦ,

92 1795 185 1823 καίτοι
203 1795 331 1827 συνόντος
349 1795 442 1827 αὐτοῖς
455 1795 500 1822 διὰ
512 1795 611 1827 παντὸς
622 1796 655 1830 τῇ
670 1794 717 1821 τοῦ
728 1793 799 1821 Πνεύ
804 1803 888 1830 ματος

91 1843 208 1878 δυνάμει
219 1851 249 1869 τε
260 1843 308 1869 καὶ
319 1842 476 1878 συνεργείᾳ.
499 1841 662 1877 ’Δγνοοῦντα
671 1841 760 1868 τοίνυν
773 1841 820 1868 τὸν
834 1850 888 1877 μα-

93 1889 192 1924 κάριον
213 1889 317 1924 Πέτρον
343 1888 398 1915 τῶν
418 1888 573 1924 εἰρημένων
588 1888 638 1924 τὴν
664 1887 792 1923 δύναμιν,
819 1887 888 1922 ὁμοῦ

93 1937 151 1967 τοῖς
163 1935 253 1967 ἄλλοις
271 1934 420 1970 μαθηταῖς,
444 1935 472 1961 ὲν
496 1934 587 1970 ταυτῷ
604 1934 695 1970 μένειν
711 1935 753 1970 ἑᾷ,
779 1934 826 1961 καὶ
840 1934 890 1961 οὐκ

94 1982 177 2014 εὐθὺς
198 1982 326 2017 ἐφίστησι
346 1982 380 2016 τῇ
402 1981 458 2008 τῶν
469 1980 624 2016 εἰρημένων
640 1980 778 2016 ἀκριϐείᾳ,
791 1980 889 2016 χρησί-

97 2033 169 2061 μως,
188 2025 268 2060 ἄχρις
296 2025 330 2052 ἂν
355 2025 447 2056 αὐτοῖς
472 2025 517 2052 τὸν
542 2025 714 2052 ἀνακτᾶσθαι
740 2025 890 2060 δυνάμενον

94 2069 258 2105 διαπερανεῖ
270 2069 359 2104 λόγον.
375 2069 460 2096 Τοῦτο
478 2071 526 2097 καὶ
537 2071 566 2096 ὲν
580 2071 636 2102 τοῖς
651 2070 749 2106 ἑφεξῆς
762 2070 890 2098 ποιοῦντα

96 2115 286 2152 θεωρήσομεν.
296 2116 377 2151 Λέγει
387 2116 442 2152 γὰρ
451 2116 519 2152 πρὸς
530 2116 639 2148 αὐτούς’
649 2126 658 2142 ι
670 2116 888 2152 Συμφέρειὺμῖν,

98 2162 144 2189 ἶνα
157 2161 215 2196 ἐγὼ
231 2162 353 2189 ἀπέλθω.
376 2161 440 2189 Ἐὰν
460 2162 513 2198 γὰρ
533 2162 588 2196 ἐγὼ
614 2162 651 2198 μὴ
666 2162 789 2194 ἀπέλθω,
805 2163 819 2189 ὁ
835 2163 892 2189 Πα-

100 2207 236 2244 ράκλητος
246 2207 278 2234 οὐ
300 2207 338 2243 μὴ
355 2207 420 2244 ἔλθῃ
442 2207 511 2243 ’πρὸς
533 2208 615 2242 ὑμᾶς.
631 2217 640 2234 ι
654 2207 751 2235 Φθάνει
773 2215 805 2242 γε
826 2207 890 2243 μὴν,

98 2255 137 2286 ὡς
151 2254 240 2286 Θεὸς,
262 2253 479 2288 ἐπαγγείλασθαι
503 2253 615 2280 θέλοντα
634 2253 679 2280 τὸν
702 2253 836 2288 μαθητὴν,
849 2254 890 2280 ὅτι

931 968 1003 997 potes
1017 971 1057 990 me
1072 962 1149 989 modo
1164 963 1237 997 sequi
1247 982 1255 995 ,
1271 962 1388 997 sequeris
1409 967 1496 989 autent
1516 966 1615 996 postea.

967 1054 1036 1082 Cum
1051 1053 1137 1082 sciret
1151 1053 1227 1089 gravi
1241 1057 1268 1081 et
1279 1052 1446 1081 intolerabili
1461 1059 1581 1080 maerore
1597 1052 1724 1080 affectum

932 1102 966 1130 iri
978 1109 1044 1130 suos
1054 1101 1220 1137 discipulos,
1237 1101 1260 1128 si
1271 1105 1365 1136 aperte
1377 1101 1481 1128 diceret
1497 1108 1526 1128 se
1543 1108 1723 1128 escensurum

937 1148 966 1175 in
983 1147 1073 1175 coalos
1095 1151 1124 1174 et
1141 1155 1191 1174 sua
1215 1147 1363 1181 praesentia
1382 1154 1430 1174 eos
1447 1147 1633 1181 privatorum,
1659 1147 1725 1174 licet

933 1203 1032 1223 rursus
1049 1198 1079 1221 ut
1091 1193 1163 1222 Deus
1175 1193 1323 1222 adfuturus
1337 1198 1422 1226 esset,
1440 1193 1598 1221 obscuriori
1616 1195 1724 1229 imprae-

935 1241 1087 1270 sentiarum
1104 1241 1193 1268 utitur
1217 1248 1356 1273 sermone,
1384 1246 1510 1268 exactam
1537 1240 1597 1276 ejus
1621 1240 1725 1268 intelli-

934 1289 1053 1324 gentiam
1070 1287 1174 1316 sensim
1192 1288 1359 1323 subripiens.
1373 1287 1405 1314 Et
1419 1287 1530 1322 quidem
1544 1287 1725 1315 neseiosillos

934 1335 1042 1368 videns,
1057 1335 1086 1362 in
1100 1334 1196 1362 eodem
1220 1337 1294 1361 statu
1320 1333 1383 1360 illos
1408 1333 1549 1368 relinquit.
1578 1333 1725 1368 Sapientes

934 1382 1037 1417 quippe
1054 1379 1229 1416 gravioribus
1254 1379 1392 1406 interdum
1414 1379 1509 1406 verbis
1527 1378 1680 1406 obscurant
1693 1385 1726 1405 ea

938 1436 999 1464 quas
1020 1434 1167 1455 mmrorem
1183 1425 1283 1454 aﬂerre
1306 1426 1406 1452 solent.
1426 1424 1483 1452 Etsi
1502 1425 1573 1452 enim
1592 1424 1726 1460 primitias

937 1474 1118 1503 humanitatis
1131 1473 1253 1508 seipsum
1271 1471 1327 1499 Deo
1339 1479 1372 1499 ac
1388 1471 1462 1498 Patri
1476 1470 1603 1502 offerens,
1624 1470 1651 1497 in
1668 1477 1726 1498 cte-

937 1524 978 1550 los
995 1521 1130 1552 ascendit,
1162 1520 1246 1555 idque
1273 1526 1325 1554 pro
1350 1518 1474 1545 omnium
1499 1517 1621 1544 utilitate
1645 1516 1728 1544 ﬁebat

939 1567 1022 1603 (viam
1039 1566 1121 1594 nobis
1136 1565 1310 1598 instauravit,
1329 1568 1436 1591 naturae
1458 1563 1580 1591 hominis
1593 1563 1670 1597 prius
1688 1562 1730 1590 in-

899 1624 922 1654 c
938 1611 1101 1648 cognitam),
1116 1615 1306 1638 verumtamen
1320 1608 1428 1636 sanctis
1441 1607 1589 1643 discipulis
1603 1607 1651 1642 qui
1665 1614 1730 1641 per-

938 1663 1022 1694 petuo
1035 1665 1097 1685 cum
1115 1664 1148 1684 eo
1163 1655 1270 1683 versari
1293 1654 1429 1687 volebant,
1454 1653 1632 1680 intolerabile
1650 1653 1729 1680 vidc-

937 1705 1020 1733 batur
1034 1712 1049 1731 a
1067 1703 1181 1731 Christo
1197 1701 1316 1736 sejungi.
1339 1701 1403 1728 licet
1419 1699 1462 1727 eis
1485 1698 1608 1734 Spiritus
1627 1698 1730 1726 virtute

937 1756 965 1780 et
981 1750 1103 1779 eilicacia
1119 1755 1227 1783 semper
1243 1747 1364 1774 adesset.
1381 1746 1495 1773 Beatum
1511 1745 1603 1780 itaque
1617 1744 1728 1772 Petrum

937 1797 994 1824 vim
1015 1800 1042 1824 et
1053 1802 1164 1823 sensum
1178 1801 1275 1822 eorum
1288 1799 1350 1828 quae
1370 1791 1533 1820 dicebantur
1549 1798 1605 1818 non
1623 1791 1729 1818 intelli-

939 1847 1047 1879 gentem
1062 1848 1117 1869 una
1137 1847 1200 1868 cum
1222 1839 1285 1866 aliis
1308 1836 1458 1873 discipulis
1482 1836 1511 1863 in
1533 1835 1630 1863 eodem
1655 1839 1730 1863 statu

939 1888 1083 1924 relinquit,
1100 1894 1153 1914 nec
1177 1885 1271 1913 statim
1291 1888 1379 1912 totam
1405 1890 1463 1911 rem
1479 1883 1504 1910 ei
1527 1881 1609 1918 756
1630 1881 1729 1916 aperit,
1776 1891 1779 1894 ί

938 1935 1045 1963 utiliter
1060 1934 1088 1961 id
1104 1932 1228 1968 quidem,
1240 1931 1330 1958 donec
1345 1935 1500 1958 sermonem
1521 1929 1562 1956 eis
1585 1935 1640 1963 quo
1656 1927 1732 1955 refo-

939 1978 1029 2006 cillari
1044 1978 1154 2013 possint
1171 1974 1318 2011 peregerit.
1340 1973 1419 2007 Quod
1436 1973 1547 2008 quidem
1571 1972 1598 1999 in
1614 1979 1732 2007 sequen-

940 2022 1015 2050 tibus
1029 2021 1120 2049 facere
1135 2020 1226 2056 ipsum
1241 2019 1406 2047 videbimus.
1419 2017 1466 2045 Ait
1482 2017 1585 2053 quippe
1600 2017 1634 2045 ad
1647 2017 1729 2045 illos:

942 2078 953 2095 ‹
970 2067 1087 2104 Expedit
1101 2067 1182 2095 vobis
1195 2070 1226 2094 ut
1240 2073 1292 2102 ego
1306 2065 1416 2092 vadam.
1440 2063 1469 2090 Si
1484 2064 1559 2090 enim
1581 2070 1636 2090 non
1654 2062 1730 2090 abie-

940 2123 984 2149 ro,
1002 2114 1162 2142 Paracletus
1181 2120 1238 2140 non
1255 2111 1347 2140 veniet
1374 2110 1408 2138 ad
1430 2117 1479 2137 vos
1502 2109 1535 2136 ³⁸.
1561 2117 1571 2134 ι
1594 2108 1731 2136 Praevenit

940 2166 1044 2193 tamen,
1060 2165 1090 2188 ut
1107 2159 1190 2192 Deus,
1217 2157 1385 2192 discipulum
1410 2155 1577 2184 denuntiare
1591 2155 1730 2182 volentem

940 2215 971 2236 se
982 2207 1099 2243 impigre
1110 2209 1286 2236 secuturum,
1303 2207 1330 2230 et
1345 2202 1421 2230 illico
1436 2200 1609 2234 adfuturum,
1621 2199 1731 2227 nomine

940 2253 1109 2286 retardante,
1133 2256 1162 2280 et
1179 2252 1237 2278 ait:
1257 2259 1267 2276 ‹
1282 2249 1343 2283 Quo
1361 2255 1413 2284 ego
1428 2247 1510 2281 vado,
1526 2254 1580 2274 non
1596 2250 1672 2281 potes
1687 2253 1731 2272 me

99 2301 146 2327 καὶ
156 2299 336 2335 ἀκολουθήσει
362 2299 523 2335 προθύμως,
544 2300 591 2326 καὶ
614 2300 742 2326 συνέσται
763 2299 885 2335 γοργῶς,

944 2299 1026 2327 modo
1045 2299 1133 2333 sequi,
1151 2296 1278 2331 sequeris
1294 2298 1385 2322 autem
1403 2297 1510 2329 postea.
1532 2301 1541 2318 ι
1565 2291 1633 2324 Quae
1646 2289 1730 2317 verba

98 2346 206 2377 οὐδενὸς
227 2345 302 2381 αὐτῷ
326 2345 376 2380 τὴν
401 2345 555 2381 προθυμίαν
582 2345 826 2381 ἁνασειράζοντος,
844 2345 891 2372 καί

100 2401 199 2428 φησιν·
220 2402 229 2418 ι
247 2393 335 2419 ὀπου
353 2392 450 2426 ὑπάγω
461 2391 525 2426 ἐγὼ,
540 2391 571 2418 οὐ
582 2391 695 2419 δύνασαί
711 2401 756 2427 μοι
766 2391 815 2419 νῦν
825 2393 891 2419 ἀκο-

99 2439 240 2476 λουθῆσαι.
256 2439 449 2474 ἀκολουθήσεις
472 2440 501 2466 δὲ
524 2439 646 2474 ὕστερον.
665 2448 675 2465 ι
694 2440 750 2466 Καὶ
768 2439 860 2474 διττὴν
878 2440 893 2466 ό

100 2486 178 2520 λόγος
200 2485 290 2512 ὠδίνει
306 2485 356 2521 τὴν
372 2485 492 2512 ἔννοιανο
515 2482 554 2512 ὧν
579 2486 596 2520 ἡ
614 2485 663 2520 μὲν
679 2485 727 2520 μία
749 2494 893 2521 προχειροι-

99 2532 167 2568 τάτη
182 2532 230 2558 καὶ
243 2531 305 2558 λίαν
319 2531 458 2567 εὐτριθὴς,
477 2531 650 2566 ἀφανεστέρα
665 2531 693 2557 δέ
710 2532 795 2567 πωςή
810 2531 893 2566 ἑτέρα

101 2577 148 2604 καὶ
163 2577 193 2604 ὲν
208 2577 364 2611 αἰνίγμασι.
376 2577 477 2603 Φάσκει
491 2576 541 2610 μὲν
551 2576 616 2610 γὰρ,
624 2575 661 2607 ὡς
671 2575 721 2601 οὐκ
733 2575 766 2602 ἃν
783 2575 893 2602 δύναιτο

101 2623 148 2650 νῦν
164 2623 325 2650 ἀκολουθεῖν
342 2622 411 2658 πρὸς
428 2623 459 2649 τὸ
485 2622 541 2649 ἄνω
559 2622 703 2657 βαδίζοντι,
721 2622 769 2648 καὶ
797 2621 893 2648 παλιν-

100 2669 249 2706 δρομοῦντι
262 2668 332 2704 πρὸς
346 2668 461 2704 οὐρανόν
472 2675 479 2682 ·
498 2667 677 2703 ἀκολουθήσει
694 2675 727 2701 γε
743 2667 796 2703 μὴν
824 2667 894 2703 μετὰ

101 2716 199 2749 ταῦτα,
215 2714 475 2750 ἀποκαθισταμένης
491 2715 613 2749 δηλονότι
633 2715 689 2745 τοῖς
712 2715 800 2748 ἁγίοις
818 2713 894 2750 παρά

102 2762 225 2798 Χριστοῦ
241 2762 293 2797 τῆς
318 2763 347 2788 ὲν
363 2761 453 2788 ἐλπίσι
478 2761 561 2797 τιμῆς
574 2769 605 2787 τε
621 2761 668 2787 καὶ
681 2760 771 2795 δόξης,
797 2762 841 2787 ὅτε
856 2761 895 2792 εἰς

102 2808 151 2843 τὴν
176 2808 234 2835 ἀνω
257 2808 421 2843 γενήσονται
449 2806 537 2840 πόλιν,
563 2805 611 2833 καὶ
632 2805 895 2841 συμϐασιλεύσουσιν

155 2897 180 2914 ⁸⁵
197 2895 280 2926 Joan.
302 2903 360 2929 va,
375 2895 402 2922 7.
440 2894 462 2911 ³⁶
480 2893 545 2922 Luc.
559 2902 635 2926 μιν,
652 2894 695 2923 49.

268 2943 405 2973 ΡΔἸἮΟῙι.
429 2941 485 2972 Gtt.
511 2941 638 2972 LXXIV.

943 2344 1080 2380 duplicem
1107 2348 1222 2369 sensum
1239 2339 1364 2375 pariunt,
1390 2344 1509 2372 quorum
1534 2343 1608 2363 unus
1632 2335 1731 2363 obvius

942 2395 984 2419 est
1001 2397 1034 2417 ac
1053 2387 1211 2419 familiaris,
1230 2385 1300 2413 alter
1314 2383 1462 2412 obscurior
1475 2385 1503 2410 et
1518 2381 1673 2417 enigmatis
1689 2381 1732 2408 in-

943 2437 1067 2465 volutus.
1084 2433 1158 2461 Dicit
1173 2432 1246 2460 enim
1265 2430 1338 2466 quod
1361 2436 1416 2456 non
1434 2428 1525 2463 possit
1542 2427 1620 2462 sequi
1635 2433 1732 2454 ascen-

944 2483 1053 2511 dentem
1069 2487 1103 2507 ac
1114 2480 1296 2506 revertentem
1310 2475 1339 2502 in
1350 2474 1464 2505 coelum,
1476 2477 1623 2500 secuturus
1639 2476 1733 2499 tamen

945 2529 981 2557 sit
1011 2531 1119 2564 postea,
1147 2523 1272 2559 reposito
1294 2520 1426 2549 nimirum
1451 2518 1557 2547 sanctis
1580 2525 1596 2544 a
1621 2517 1733 2544 Christo

947 2576 1051 2602 honore
1075 2574 1104 2600 in
1125 2578 1174 2606 spe
1198 2573 1227 2598 et
1255 2567 1361 2604 gloria,
1390 2564 1503 2601 quando
1531 2564 1559 2591 in
1583 2569 1732 2598 supernam

948 2619 1121 2647 asciscentur
1142 2616 1292 2646 civitatem,
1316 2617 1344 2640 et
1361 2619 1417 2639 una
1434 2617 1497 2639 cum
1512 2616 1546 2636 eo
1566 2608 1732 2643 regnabant.

948 2665 1000 2692 Sed
1016 2667 1044 2691 et
1065 2661 1139 2690 aliud
1162 2667 1244 2696 porro
1268 2658 1416 2694 significat,
1437 2655 1511 2692 quod
1525 2654 1608 2690 quale
1625 2653 1672 2687 sit,
1690 2653 1734 2680 di-

946 2717 1018 2739 cam.
1037 2708 1165 2736 Nondum
1183 2705 1270 2734 induti
1281 2705 1383 2732 virtute
1396 2710 1429 2731 ex
1444 2702 1502 2729 alto
1518 2701 1557 2734 ",
1571 2707 1658 2735 neque
1669 2698 1732 2725 dum

948 2761 1077 2791 suscepto
1095 2758 1192 2782 sancto
1216 2752 1322 2787 Spiritu
1347 2750 1395 2785 qui
1423 2749 1600 2776 confirmaret
1625 2753 1683 2776 eos,
1707 2748 1735 2772 et

949 2803 1070 2832 hominis
1088 2805 1214 2829 naturam
1230 2799 1263 2827 ad
1279 2795 1468 2826 fortitudinem
1487 2793 1663 2824 reformaret,
1678 2798 1734 2818 non

1495 2933 1512 2961 5
