1896 3034
197 163 245 193 ΠΙ

695 160 723 187 5.
745 157 884 186 CYRILLI
906 155 1142 185 ALEXANDRINI
1160 154 1320 183 ARCIIIEP.

1783 152 1833 180 Πί

197 223 325 255 poterant
339 223 454 247 mortem
470 225 641 254 expugnare,
658 224 691 245 ac
707 217 843 245 adversus
856 221 912 244 tam
926 216 991 243 hor-

1062 215 1127 250 ὺτῷ.
1144 214 1278 250 Σημαίνει
1302 213 1330 240 δέ
1345 221 1371 239 τι
1393 212 1463 248 πρὸς
1483 211 1571 247 τούτῳ
1591 211 1639 238 καὶ
1657 211 1765 243 ἕτερον,
1789 211 1834 236 καὶ

198 263 281 292 ribile
299 264 491 300 spectaculum
517 271 548 291 se
572 263 732 298 accingere.
759 261 827 289 Nam
847 269 911 289 cum
937 261 989 289 soli

197 310 311 338 Christo
338 314 519 346 competeret,
546 309 630 344 eique
656 309 704 336 uni
721 312 893 336 reservatum
917 311 992 336 esset

199 357 301 385 mortis
317 357 467 391 potentiam
486 355 674 390 confringere,
694 355 838 390 probabile
860 362 916 382 non
932 358 992 382 erat

201 405 272 433 alios
290 409 354 432 ante
372 406 463 439 ipsum
485 403 513 431 id
537 411 620 439 agere
644 410 737 438 posse.
760 403 874 431 Mortem
890 403 993 438 quippe

201 460 258 480 non
280 455 412 483 metuere,
428 450 493 485 quid
507 449 593 484 aliud,
607 457 711 484 quaeso,
733 457 796 478 esse
813 453 915 483 potest,
937 449 993 477 nisi

201 502 330 529 mortem,
345 497 424 532 quasi
450 496 518 524 nihil
539 504 640 523 nocere
655 496 737 524 nobis
749 496 851 531 possit,
866 500 993 523 contem-

202 544 287 572 nere?
303 542 410 570 Idcirco
427 551 487 570 meo
509 542 616 577 judicio
641 542 693 578 ipsi
716 550 827 577 quoque
851 543 994 578 propheta:

202 594 318 617 mortem
336 589 509 624 ingruentem
526 588 776 621 exhorrescebant,
788 588 869 623 quasi
887 596 935 623 per
948 595 994 615 re-

202 637 403 664 surrectionem
424 635 526 663 Christi
552 635 676 662 nondum
704 635 887 662 destructam.
914 634 994 667 Quod

202 689 265 710 cum
287 687 365 710 recte
389 685 485 709 nosset
508 680 624 714 Paulus,
642 681 751 708 dicebat
768 680 890 708 Verbum
919 680 994 715 quod

201 735 236 755 ex
247 728 302 755 Deo
319 727 401 754 Patre
415 731 443 754 et
462 727 490 753 in
508 726 564 754 Deo
579 730 633 755 est.
651 725 769 754 Abrahae
784 733 879 753 semen
895 732 995 760 appre-

203 773 343 806 hendisse,
366 777 398 800 ut
423 780 473 808 per
498 775 615 799 mortem
642 775 747 800 sanctae
765 772 859 800 carnis
878 776 995 799 mortem

203 820 380 856 proﬂigaret,
407 826 512 855 eosque
540 819 671 846 liberaret
704 819 865 854 quicunque
897 819 996 846 timore

204 867 302 894 mortis
337 866 377 894 rei
407 873 517 901 semper
544 869 624 893 erant
649 865 760 893 vivendi
790 865 932 893 servitutis
961 865 994 892 ".

1044 263 1130 294 ποῖον,
1144 262 1208 297 ἐρῶ.
1220 260 1304 287 Οὔπω
1313 259 1363 295 τὴν
1374 258 1404 292 ἐξ
1419 259 1502 293 ὕψους
1517 258 1696 292 ἐνδυσάμενοι
1710 256 1832 291 δύναμιν,

1042 308 1104 335 οὐδὲ
1122 308 1152 334 τὺ
1166 307 1290 342 ὲνισχύον
1307 306 1416 337 αὐτοὺς,
1435 305 1481 332 καὶ
1495 305 1535 337 εἰς
1554 304 1683 339 ἀνδρείαν
1698 303 1833 330 ἀναπλάτ-

1042 363 1088 380 τον
1100 354 1149 390 τὴν
1166 352 1312 389 ἀνθρώπου
1329 352 1412 386 φύσιν
1431 351 1624 387 κομισάμενοι,
1639 349 1756 384 Πνεῦμά
1768 357 1834 383 φημι

1043 399 1116 435 δήτὸ
1128 399 1216 434 ἀγιον,
1232 399 1281 434 οὐχ
1299 395 1350 425 οἷοί
1369 406 1399 424 τε
1418 395 1490 433 ἦσαν
1512 397 1629 424 θανάτου
1651 396 1834 430 καταγωνίζε-

1044 446 1117 479 σθαι,
1141 446 1190 473 καὶ
1213 447 1270 477 τοῖς
1293 445 1365 472 οὓτω
1398 444 1575 480 δυσαντήτοις
1597 443 1834 470 ἀνταποδύσασθαι

1044 492 1180 527 δείμασιν.
1192 489 1246 518 'Hv
1258 490 1313 527 γὰρ
1326 491 1374 518 καὶ
1387 490 1475 522 άλλως
1485 489 1618 517 ἀπίθανον
1632 489 1708 525 μόνῳ
1719 489 1834 525 πρέπον.

1043 546 1090 569 τος
1107 537 1156 564 καὶ
1172 536 1360 572 τετηρημένον
1383 535 1422 571 τῷ
1444 535 1551 571 Σωτῆρι
1572 535 1684 570 Χριστῷ
1711 535 1763 562 τοῦ
1780 543 1834 561 σνν-

1045 583 1156 618 θραύειν
1178 582 1309 609 δύνασθαι
1332 582 1380 609 τοῦ
1402 582 1519 609 θανάτου
1545 582 1576 608 τὸ
1599 581 1714 617 κράτος,
1730 581 1835 617 ἑτέρους

1045 629 1099 665 πρὸ
1113 628 1196 656 αὑτοῦ
1209 629 1289 656 τοῦτο
1301 628 1426 664 δρῶντας
1438 628 1565 664 δρᾶσθαι.
1579 628 1617 654 Τὸ
1633 628 1688 663 γὰρ
1711 628 1750 663 μὴ
1763 636 1836 654 κατα-

1045 675 1233 711 δειμαίνεσθαι
1246 675 1370 708 θάνατον,
1386 675 1412 701 τί
1432 675 1465 701 ἂν
1485 675 1580 710 ἕτερον
1594 675 1637 709 εἴη
1654 675 1751 710 τυχὸν,
1769 675 1786 710 ἢ
1798 674 1836 701 0s-

1046 722 1127 749 νάτου
1143 722 1334 756 καταφρονεῖν,
1346 721 1384 753 ὡς
1399 720 1476 747 οὐδὲν
1490 721 1593 747 ἀδικεῖν
1616 720 1778 755 ίσχύοντος;
1796 722 1836 747 Διά

1045 776 1087 794 τοι
1101 767 1190 799 τοῦτο,
1205 767 1276 794 κατά
1301 776 1334 802 γε
1361 767 1408 794 τὸν
1434 767 1570 802 ἡμέτερον
1591 766 1665 798 νοῦν,
1690 767 1742 794 καὶ
1767 767 1836 794 αὑτοὶ

1047 815 1229 850 κατέφριττον
1256 815 1281 840 οἱ
1304 814 1436 850 μακάριοι
1458 815 1599 849 προφῆται
1619 813 1775 849 προσιόντα
1799 814 1837 840 τὸν

1048 860 1175 893 θάνατον,
1189 859 1227 892 ὡς
1236 859 1313 886 οῦπω
1324 860 1534 895 κατηργημένον
1548 859 1592 886 διά
1603 859 1654 894 τῆς
1664 860 1837 892 ἀναστάσεως

204 911 297 939 Prima
313 912 414 946 quippe
431 912 530 939 mortis
545 911 692 939 dissolutio
709 911 761 938 fuit
774 911 868 946 passio
890 911 995 938 saluta-

1061 905 1095 932 οὗ
1112 905 1243 942 Χριστοῦ.
1265 905 1368 941 Ὀρθῶς
1380 905 1409 932 δὲ
1425 905 1504 932 τοῦτο
1519 906 1608 937 συνεὶς
1637 907 1684 933 καὶ
1695 907 1711 933 ὁ
1726 907 1836 938 Παῦλος.

204 958 256 992 ris,
273 962 300 986 et
316 957 425 985 initium
449 959 554 986 sanctis
573 961 694 985 strenuae
711 957 844 986 adversus
859 965 920 985 eam
937 958 993 984 vir-

205 1003 274 1031 tutis
290 1003 459 1031 resurrectio
477 1003 583 1031 Christi
601 1003 663 1031 fuit.
679 1003 749 1031 Cum
769 1003 854 1039 igitur
868 1011 929 1039 quae
945 1010 995 1031 sua

204 1053 306 1077 natura
319 1049 376 1077 vita
391 1053 434 1078 est
446 1053 563 1077 mortem
574 1049 697 1077 nondum
713 1053 884 1081 evacuasset,
904 1056 996 1083 neque

205 1103 288 1132 porro
307 1095 382 1123 illius
403 1094 575 1122 formidinem
597 1095 700 1122 nostris
717 1094 818 1132 animis
831 1094 994 1122 incumbent-

205 1143 262 1167 tem
289 1139 463 1174 infregisset,
492 1139 660 1167 inﬁrmiores
687 1138 891 1174 quodammodo
917 1143 998 1167 erant

207 1185 342 1213 adversus
354 1185 477 1220 pericula
493 1185 632 1220 discipuli.
645 1185 765 1220 Ideoque
784 1185 853 1213 scite
864 1185 998 1214 Dominus

207 1231 356 1267 aliquando
374 1231 486 1259 Petrum
506 1231 533 1259 in
549 1239 660 1259 crucem
675 1236 767 1258 actum
789 1231 843 1262 iri,
858 1235 885 1258 et
900 1231 928 1258 in
945 1231 998 1258 hoc

206 1280 368 1305 secuturum
391 1284 431 1309 se,
447 1277 538 1304 innuit
558 1276 641 1304 simul
655 1283 688 1303 ac
707 1275 790 1309 dicit;
812 1275 886 1310 quod
907 1280 998 1303 autem

207 1329 282 1350 nunc
296 1322 329 1350 ad
344 1325 450 1349 tantum
464 1325 605 1349 certamen
618 1320 761 1348 infractam
779 1319 860 1356 757
878 1324 997 1348 mentem

207 1377 264 1397 non
287 1368 399 1401 habeat,
429 1367 555 1395 ostendit
573 1367 693 1395 dicens:
718 1376 727 1393 ι
752 1367 813 1400 Quo
833 1374 884 1402 ego
909 1367 997 1400 vado.

208 1422 265 1443 non
279 1419 358 1450 potes
381 1413 464 1441 modo
482 1414 573 1449 sequi,
595 1413 720 1449 sequeris
743 1418 835 1442 autem
858 1417 964 1449 postea.
985 1423 995 1440 ι

207 1459 267 1489 Nisi
289 1460 363 1487 enim
384 1458 459 1486 Petri
483 1461 601 1486 mortem
630 1459 658 1486 in
686 1459 730 1487 his
755 1459 848 1487 verbis
872 1459 999 1487 Christus

211 1505 291 1534 nobis
310 1504 505 1538 Subinnueret,
519 1511 601 1539 quam
619 1504 654 1532 ob
668 1512 779 1533 causam
799 1505 832 1532 ad
850 1505 933 1533 unius
949 1504 998 1533 Pe-

1051 951 1103 986 ἔφη
1119 952 1166 978 τὸν
1185 952 1217 977 ἐκ
1238 950 1306 978 Θεοῦ
1328 951 1436 987 Πατρὸς
1463 951 1510 978 καὶ
1524 951 1553 978 ἐν
1565 951 1626 988 Θεῷ
1650 952 1719 979 ὄντα
1745 953 1836 986 Λόγον.

1049 998 1208 1034 σπέρματος
1224 998 1349 1034 Ἀϐραὰμ
1364 998 1570 1033 ἐπιδράξασθαι,
1580 998 1624 1025 ἴνα
1634 998 1677 1026 διὰ
1691 998 1742 1025 τοῦ
1761 998 1838 1026 θανά-

1047 1053 1095 1071 του
1110 1044 1161 1079 τῆς
1175 1043 1257 1078 ἁγίας
1271 1043 1373 1079 σαρκὸς
1398 1044 1560 1080 καταργήσῃ
1578 1044 1625 1072 τὸν
1641 1044 1762 1072 θάνατον
1773 1066 1782 1077 ,
1799 1045 1838 1071 καὶ

1047 1091 1190 1127 ἀπαλλάξῃ
1213 1091 1327 1123 τούτους
1340 1110 1347 1122 ,
1364 1091 1424 1117 ὅσοι
1447 1090 1522 1126 φόϐῳ
1542 1091 1659 1118 θανάτου
1673 1091 1722 1118 διὰ
1741 1092 1837 1123 παντὸς

1047 1135 1094 1162 τοῦ
1109 1135 1158 1172 ζῇν
1176 1135 1265 1171 ἔνοχοι
1282 1133 1353 1172 ἦσαν
1373 1135 1505 1167 δουλείας.
1527 1135 1625 1172 Πρώτη
1648 1136 1706 1172 γὰρ
1726 1137 1836 1164 θανάτου

1047 1180 1133 1214 λύσις,
1144 1181 1176 1208 τὸ
1186 1182 1322 1218 σωτήριον
1332 1181 1429 1213 πάθος,
1446 1181 1495 1209 καὶ
1517 1182 1589 1218 ἀρχὴ
1612 1183 1670 1214 τοῖς
1687 1183 1839 1218 ἀγίοις,τῆς

1047 1228 1108 1254 κατ’
1124 1227 1208 1254 αὐτοῦ
1220 1227 1333 1262 γέγονεν
1345 1229 1502 1264 εὐτολμίας,
1518 1230 1535 1265 ὴ
1550 1230 1701 1262 ἀνάστασις
1714 1231 1764 1257 τοῦ
1777 1232 1838 1267 Χρι-

1048 1273 1123 1301 στοῦ.
1145 1273 1229 1301 Οὔπω
1248 1274 1339 1302 τοίνυν
1362 1275 1580 1312 καταργησάσης
1597 1276 1643 1303 τὸν
1659 1276 1779 1305 θάνατον
1794 1277 1838 1312 τῆς

1048 1319 1120 1349 κατά
1133 1319 1214 1355 φύσιν
1227 1319 1311 1356 ζωῆς,
1324 1322 1392 1357 μήτε
1408 1322 1463 1358 μὴν
1475 1322 1684 1360 συνθραυσάσης
1695 1323 1743 1350 τὸν
1753 1323 1783 1356 ἐξ
1795 1325 1838 1351 αὺ‹

1048 1366 1097 1394 τοῦ
1109 1368 1170 1399 ταῖς
1180 1367 1332 1403 ἡμετέραις
1346 1368 1449 1404 ψυχαῖς
1468 1368 1641 1404 ἐμπίπτοντα
1652 1369 1749 1403 φόὃον,
1763 1370 1838 1396 ἀσθε-

1049 1413 1174 1449 νέστεροί
1188 1422 1248 1447 πως
1266 1414 1307 1442 ἔτι
1329 1414 1399 1451 πρὸς
1420 1414 1559 1447 κινδύνους
1580 1413 1650 1451 ἦσαν
1667 1417 1692 1443 οί
1711 1416 1838 1452 μαθηταῖ.

1050 1458 1101 1485 Διά
1115 1459 1193 1486 τοῦτο
1212 1460 1362 1496 χαριέντως
1379 1461 1395 1487 ὁ
1418 1459 1531 1496 Κύριος,
1552 1461 1594 1488 ὅτι
1619 1462 1839 1498 παυρωθὴσεται

1051 1505 1122 1532 κατὰ
1136 1506 1250 1541 καιροὺς
1263 1506 1277 1532 ὁ
1292 1507 1395 1542 Πέτρος
1406 1526 1413 1539 ,
1430 1506 1526 1541 ἕψεταί
1536 1515 1566 1533 τε
1581 1507 1652 1535 κατά
1674 1507 1757 1535 τοῦτο
1772 1508 1839 1542 αὐτῷ

212 1552 246 1580 tri
263 1558 409 1587 personam
423 1558 579 1579 sermonem
597 1552 744 1584 convertit,
760 1559 824 1579 cum
849 1552 910 1580 aliis
933 1559 998 1580 san-

1061 1551 1237 1584 τυνεπινεύει,
1243 1552 1291 1579 καί
1305 1560 1399 1588 φησιν·
1414 1562 1422 1578 ι
1429 1552 1491 1581 Ὅτι
1499 1552 1528 1579 δὲ
1533 1552 1592 1580 νυνὶ
1600 1552 1668 1589 πρὸς
1674 1553 1770 1588 ἀγῶνα
1778 1554 1840 1586 τέως

208 1599 262 1626 etis
285 1598 430 1633 discipulis
457 1598 608 1633 promissio
628 1597 700 1625 facta
719 1598 755 1626 sit
782 1602 999 1626 conversaturos

207 1647 236 1671 et
249 1646 393 1671 secuturos
406 1651 481 1675 eum,
500 1643 715 1671 resurrectionis
730 1644 860 1671 nimirum
876 1647 1000 1679 tempore

208 1690 331 1725 reposita
346 1690 387 1717 eis
403 1693 507 1717 aeterna
524 1690 592 1722 vita,
608 1695 634 1717 et
650 1690 731 1717 bonis
746 1698 808 1725 quae
830 1690 1001 1725 sperantur?

208 1736 293 1771 Atqui
308 1735 484 1763 manifestum
501 1739 545 1763 est
559 1743 621 1763 eum
641 1741 670 1762 ut
690 1735 773 1763 Petro
790 1736 955 1770 praenuntiet
973 1735 1001 1763 id

211 1782 283 1818 quod
300 1782 325 1810 ei
354 1781 460 1809 ultimis
488 1782 662 1817 temporibus
685 1785 849 1809 eventurum
872 1784 956 1815 esset,
973 1781 1002 1808 id

212 1828 383 1863 aenigmatice
396 1827 585 1856 subindicare.
605 1827 638 1854 Et
657 1827 767 1862 quidem
786 1827 858 1855 alias
882 1828 1001 1862 idipsum

212 1874 314 1902 clarius
340 1873 486 1907 indicavit,
515 1873 634 1900 dicens:
659 1882 669 1899 ι
697 1872 766 1900 Cum
791 1880 869 1901 esses
895 1873 1001 1908 junior,

211 1918 342 1953 cingebas
361 1923 397 1950 te,
421 1921 447 1945 et
470 1917 636 1945 ambulabas
652 1917 700 1944 ubi
716 1917 828 1945 volebas
844 1926 851 1945 :
871 1925 934 1945 cum
949 1925 1002 1945 au—

211 1967 267 1991 tem
283 1963 421 1996 senueris,
449 1963 582 1991 extendes
601 1970 702 1991 manus
728 1967 803 1996 tuas,
826 1967 854 1992 et
879 1964 926 1991 alii
943 1964 1003 1992 cin-

211 2013 278 2044 gent
289 2013 328 2041 te,
345 2013 374 2037 et
388 2009 490 2037 ducent
511 2014 537 2037 te
558 2016 616 2045 quo
641 2014 671 2037 tu
697 2017 752 2037 non
767 2010 819 2038 vis.
838 2010 894 2039 Hoc
909 2014 1001 2039 autem

211 2054 293 2087 dixit,
310 2054 411 2089 inquit.
432 2054 592 2090 significans
609 2062 665 2090 qua
688 2059 776 2083 morte
796 2056 1002 2084 clariﬁcaturus

211 2105 286 2128 esset
300 2100 384 2127 Deum
400 2100 432 2127 ³⁸.
458 2110 468 2126 ι
493 2100 550 2128 Etsi
571 2101 644 2128 enim
661 2099 813 2135 jucundum
833 2106 877 2130 est
897 2102 1002 2130 sanctis

213 2146 270 2181 pati
287 2154 338 2181 pro
356 2146 481 2179 Christo,
498 2147 654 2181 periculum
672 2151 764 2176 tamen
785 2155 841 2175 non
860 2149 935 2177 ultro
955 2156 1002 2176 ar-

212 2192 389 2224 cessendum,
408 2191 458 2220 sed
477 2191 622 2220 ferendum
636 2192 815 2222 nihilominus
830 2201 894 2222 cum
908 2194 943 2222 ab
956 2194 1003 2222 ali-

1053 1596 1098 1624 τὺν
1111 1596 1238 1624 τοσοῦτον
1251 1598 1302 1624 οὐκ
1315 1597 1469 1634 ἄθραυστον
1482 1597 1539 1634 ἔχει
1553 1598 1600 1625 τὸν
1614 1598 1679 1626 νοῦν
1689 1619 1697 1632 ,
1718 1599 1841 1634 ὑποδηλοῖ

1051 1642 1158 1677 λέγων·
1175 1651 1184 1668 ι
1205 1643 1294 1670 ’Ὅπου
1322 1643 1378 1678 ἐγὼ
1405 1644 1524 1678 ὑπάγω,
1547 1644 1577 1670 οὺ
1599 1643 1718 1671 δύνασαί
1737 1653 1782 1679 μοι
1798 1644 1840 1670 νῦν

1051 1687 1246 1723 ἀκολουθῆσαι,
1264 1688 1461 1724 ἀκολουθήσεις
1477 1689 1506 1715 δὲ
1518 1689 1642 1724 ὕστερον.
1662 1698 1671 1715 ι
1687 1688 1720 1715 El
1735 1689 1790 1724 γὰρ
1808 1688 1840 1723 μὴ

1051 1734 1098 1761 τὸν
1111 1734 1158 1760 τοῦ
1171 1734 1274 1770 Πέτρου
1286 1735 1401 1762 θανάτου
1413 1734 1470 1771 [πρ.
1481 1733 1606 1770 θάνατον]
1621 1735 1652 1761 ὲν
1661 1734 1771 1766 τούτοις
1781 1735 1840 1770 ἡμῖν

1052 1780 1067 1806 ὁ
1082 1779 1200 1815 Χριστὸς
1218 1779 1392 1815 ὑπῃνίττετο,
1406 1779 1454 1806 τοῦ
1468 1780 1501 1816 δὴ
1513 1779 1604 1816 χάριν,
1618 1779 1710 1806 καίτοι
1726 1779 1782 1806 τῶν
1797 1779 1840 1806 ἄλ-

1052 1823 1105 1851 λων
1121 1824 1208 1858 ἁγίων
1218 1823 1376 1851 ἀποστόλων
1395 1825 1512 1859 ὲχόντων
1534 1826 1562 1851 ὲν
1578 1824 1727 1859 ὑποσχέσει
1739 1825 1772 1851 τδ
1783 1833 1840 1851 συν-

1052 1869 1163 1897 έσεσθαί
1174 1879 1205 1897 τε
1219 1870 1268 1897 καὶ
1289 1870 1444 1898 ἀκολουθεῖν
1458 1870 1533 1906 αὐτῷ
1552 1870 1624 1898 κατὰ
1639 1871 1686 1897 τὸν
1706 1871 1759 1906 τῆς
1780 1872 1841 1898 ἁνα-

1053 1916 1175 1948 στάσεως
1188 1916 1309 1952 δηλονότι
1323 1917 1418 1952 καιρὸν
1430 1936 1438 1949 ,
1466 1916 1730 1952 ἀποκαθισταμένης
1754 1918 1840 1948 αὐτοῖς

1052 1963 1102 1998 τῆς
1113 1962 1252 1998 ἀκηράτου
1268 1963 1350 1999 ζωῆς,
1359 1963 1406 1990 καὶ
1425 1963 1478 1990 τῶν
1501 1964 1530 1990 ὲν
1550 1963 1655 1990 ἐλπίσιν
1668 1963 1794 1998 ἀγαθῶν,
1806 1963 1840 1994 εἰς

1054 2009 1135 2044 μόνον
1147 2009 1178 2036 τὸ
1190 2009 1237 2036 τοῦ
1250 2010 1353 2045 Πέτρου
1371 2009 1527 2045 πρόσωπον,
1542 2009 1593 2045 τὴν
1606 2009 1654 2036 τοῦ
1667 2009 1750 2043 λόγου
1766 2017 1839 2045 περι-

1054 2054 1144 2090 ίστησι
1162 2054 1291 2090 δύναμιν;
1310 2055 1380 2082 Ἀλλ’
1400 2055 1457 2081 ἔστι
1473 2055 1605 2090 πρόδηλον
1620 2056 1674 2087 ὅτι,
1692 2055 1734 2090 τῷ
1749 2056 1840 2090 Πέτρῳ

1053 2101 1246 2137 προαγγέλλων
1256 2101 1287 2128 τὸ
1300 2102 1328 2128 ὲν
1339 2101 1463 2136 ὑστέροις
1473 2101 1549 2137 αὐτῷ
1559 2101 1772 2137 συμϐησόμενον
1782 2101 1839 2136 χρό-

1056 2155 1125 2179 νοις,
1140 2146 1348 2182 αίνιγματωδῶς
1360 2147 1538 2182 ὑπεμφαίνει.
1548 2147 1604 2174 Καὶ
1614 2146 1681 2181 γοῦν
1693 2147 1729 2173 δι’
1745 2148 1840 2182 ἑτέρων

1055 2192 1222 2228 σαφέστερον
1242 2192 1308 2219 αὺτδ
1323 2193 1474 2228 δεδήλωκεν
1486 2192 1572 2220 εἰπών
1584 2201 1591 2207 ·
1618 2202 1628 2219 ι
1649 2192 1717 2219 Ὅτε
1734 2190 1768 2228 ἧς
1781 2192 1840 2219 νεώ-

213 2237 314 2273 quibus
329 2238 356 2265 vi
368 2245 400 2266 ac
420 2238 586 2266 necessitate
602 2238 729 2267 infertur.
748 2239 857 2268 Idcirco
875 2245 903 2268 ct
921 2247 1002 2268 orare

1061 2246 1141 2273 ιερος.
1158 2237 1291 2269 ἐζώννυες
1302 2239 1426 2272 σεαυτὸν,
1438 2240 1485 2266 καὶ
1497 2238 1674 2275 περιεπάτεις
1694 2239 1765 2265 ὅπου
1781 2237 1839 2274 ﬁes-

210 2284 300 2319 jubet,
314 2292 350 2312 ne
361 2284 390 2312 in
408 2284 590 2312 tentationem
608 2284 772 2314 incidamus.

1055 2284 1110 2316 λες”
1128 2284 1193 2311 ὅταν
1210 2283 1239 2310 δὲ
1253 2284 1389 2321 γηράσῃς,
1403 2285 1523 2316 ἐκτενεῖς
1544 2285 1594 2317 τὰς
1609 2285 1704 2320 χεῖράς
1721 2293 1780 2316 σου,
1798 2284 1840 2310 καὶ

213 2329 289 2357 άλλοι
308 2329 426 2362 ζώσουσί
446 2338 487 2362 σε,
508 2330 557 2357 καὶ
569 2331 712 2358 ἀποίσουσι
722 2340 752 2358 σε
767 2332 834 2359 ὅπου
854 2332 885 2359 οὺ
902 2332 1000 2364 θέλεις.
1019 2329 1105 2358 Τοῦτο
1119 2330 1147 2357 δὲ
1161 2328 1233 2364 εἷπε,
1246 2331 1322 2365 φησὶ,
1339 2331 1479 2366 σημαίνων
1508 2331 1578 2367 ποίῳ
1599 2331 1706 2367 θανάτῳ
1738 2331 1840 2363 δοξάσει

214 2374 260 2402 τὸν
273 2374 349 2401 Θεόν.
374 2383 384 2400 ι
405 2374 437 2401 ΕΞ
452 2374 507 2409 γὰρ
523 2375 570 2401 καὶ
582 2375 656 2403 ἔστιν
669 2376 718 2412 ἡδὺ
734 2378 790 2409 τοῖς
805 2377 893 2411 ἁγίοις
906 2378 938 2404 τδ
952 2377 1068 2412 πάσχειν
1078 2375 1149 2412 ὑπὲρ
1160 2374 1292 2411 Χριστοῦ,
1320 2375 1377 2402 ἀλλ’
1391 2377 1405 2402 ὁ
1421 2376 1544 2409 κίνδυνος
1573 2377 1604 2403 οὺ
1636 2377 1750 2412 θελητδς
1783 2378 1838 2412 μὲν,

215 2420 333 2455 φορητὸς
347 2420 369 2447 δ’
380 2418 427 2447 οὖν
443 2420 518 2455 ὅμως
529 2421 592 2449 ὅταν
614 2422 645 2455 ἐξ
665 2423 787 2459 ἀνάγκης
806 2423 888 2452 τινῶν
905 2423 1080 2459 ἐπιφέρηται.
1093 2422 1143 2450 Διά
1167 2422 1246 2449 τοῦτο
1262 2422 1310 2449 καὶ
1342 2423 1506 2459 προστάττει
1546 2423 1767 2459 προσεύχεσθαι,
1801 2425 1840 2451 ἵνα

216 2465 255 2501 μὴ
266 2465 430 2501 ἐμπέσωμεν
446 2466 486 2498 είς
502 2467 665 2502 πειρασμόν.

253 2509 324 2537 Dicit
343 2511 367 2537 ei
393 2509 508 2539 Petrus:
523 2511 644 2545 Domine,
671 2521 754 2549 quare
767 2522 820 2542 non
845 2523 954 2550 possum
978 2518 1001 2542 te

214 2557 288 2592 sequi
299 2556 378 2584 modo
388 2557 402 2584 ?
412 2558 530 2585 animam
545 2567 631 2586 meum
644 2567 692 2594 pro
707 2564 733 2587 te
746 2567 853 2595 ponam.

249 2643 322 2678 Quid
335 2644 471 2679 prohibet,
485 2645 589 2682 inquit,
603 2646 754 2682 quominus
769 2650 901 2682 sequatur
924 2647 948 2675 is
959 2647 1004 2676 cui

216 2697 267 2725 pro
281 2690 412 2725 magistro
436 2693 506 2720 mori
526 2693 697 2728 propositum
712 2698 764 2726 est,
790 2693 894 2728 quique
918 2700 951 2721 ea
975 2701 1005 2721 re

216 2736 335 2764 maxime
347 2737 502 2773 gloriatur?
525 2739 612 2768 Omne
631 2740 705 2768 enim
721 2740 885 2775 periculum,
900 2743 928 2767 et
953 2740 1006 2767 im-

216 2782 306 2810 manis
329 2785 554 2820 persequentium
578 2785 715 2822 tyrannis,
729 2792 841 2813 carnem
868 2785 1001 2814 duntaxat

253 2870 274 2887 "’
291 2870 374 2901 Hebr.
391 2882 418 2909 t,
443 2874 536 2903 15-18.
575 2874 597 2890 ⁸⁸
611 2872 692 2900 Joan.
716 2881 780 2906 ut,
802 2873 845 2903 18.
865 2874 906 2902 19.

1087 2511 1173 2546 Λέτει
1191 2512 1272 2545 αὐτῷ
1285 2513 1302 2539 ὁ
1316 2511 1426 2547 Πέτρος
1437 2520 1444 2528 ·
1459 2512 1559 2547 Κύριε,
1573 2512 1652 2540 διατι
1665 2514 1703 2541 οὐ
1715 2513 1840 2550 δύναμαι

1051 2564 1103 2584 σοι
1119 2558 1178 2586 νῦν
1192 2558 1421 2594 ἀκολουθῆσαι;
1433 2559 1492 2594 τὴν
1500 2558 1606 2594 ψυχήν
1617 2567 1679 2594 μου
1691 2561 1773 2595 ὑπὲρ
1785 2559 1839 2587 σοί

1052 2603 1147 2637 θήσω.

1088 2649 1120 2676 Τί
1134 2649 1166 2676 τὸ
1180 2649 1295 2683 κωλύον,
1307 2651 1401 2686 φησὶν,
1415 2651 1431 2685 ἢ
1448 2651 1474 2677 τί
1488 2651 1519 2678 τδ
1533 2651 1657 2687 ἐξεῖργον
1672 2651 1836 2682 ἀκολουθεῖν,

1051 2693 1098 2721 τὸν
1111 2691 1133 2729 ᾧ
1152 2695 1332 2730 προτεονάναι
1347 2696 1394 2722 τοῦ
1417 2696 1577 2724 διδασκάλου
1603 2697 1720 2731 σκοπὸς,
1748 2698 1793 2725 καὶ
1811 2697 1837 2723 ὲν

1052 2741 1229 2777 καυχήματος
1245 2741 1321 2774 τάξει
1330 2742 1483 2777 λελόγισται
1499 2751 1506 2775 ;
1535 2742 1619 2774 Τέλος
1639 2743 1690 2778 μὲν
1712 2744 1768 2779 γάρ
1783 2750 1835 2769 xw-

1052 2785 1131 2814 δύνου
1142 2788 1252 2821 παντὸς,
1270 2789 1358 2817 καὶτὸ
1370 2789 1520 2826 ἀκρότατον
1535 2788 1630 2826 ὥσπερ
1646 2790 1698 2825 τῆς
1711 2788 1766 2818 τῶν
1779 2789 1836 2817 διω-
