1926 3041
91 165 140 193 Ιῖδ

563 191 570 199 ι
604 161 636 189 ΙΝ
654 162 796 191 JOANNIS
816 162 1041 192 EVANGELIUM
1061 162 1125 191 LIB.
1143 163 1189 191 ῘΧ.

1673 170 1722 200 174

88 222 191 250 κόντων
207 220 358 248 ἀτιθάσσου
374 220 541 253 πλεονεξίας,
557 221 637 257 μέχρι
655 221 738 257 μόνης
751 222 877 257 στήσεται

933 220 1056 256 respicit,
1070 229 1145 250 mors
1165 222 1238 250 enim
1253 221 1386 251 adversus
1399 231 1459 251 eam
1473 233 1480 258 ;
1511 226 1558 261 qui
1575 234 1639 255 vero
1654 228 1724 256 mori

87 268 139 302 τῆς
155 266 272 302 σαρκός·
286 268 348 294 κατ’
364 267 450 302 αὐτῆς
466 267 520 304 γὰρ
536 269 550 295 ὁ
569 268 697 300 θάνατος·
724 269 739 295 ὁ
762 268 790 295 δὲ
814 268 883 303 πρὸς

90 314 169 341 τοῦτο
191 314 308 348 ἑτοίμως
328 313 397 349 ἔχων
411 313 461 350 ήδη
492 314 539 340 καὶ
566 313 804 349 διεσκευασμένος,
829 314 882 341 ὑπὸ

90 361 161 392 τίνος
174 360 207 387 ἃν
221 359 410 392 διακωλύοιτο,
426 356 518 394 φησὶν.
530 360 653 397 ἀπολέσῃ
669 360 697 387 δέ
710 360 768 392 πῶς
777 360 807 387 τὸ
821 360 883 387 σύν-

88 414 167 433 τονον
181 405 311 442 φρόνημα
333 406 397 442 περὶ
409 406 439 432 τὸ
455 406 554 442 χρῆναι
573 406 683 438 πάντως
706 406 862 434 ἀκολουθεῖν
875 414 881 437 ς

87 452 252 488 Θερμοτάτη
270 452 319 488 μὲν
333 451 386 487 γὰρ
403 453 419 487 ή
436 452 576 487 προθυμία
595 451 642 479 τοῦ
657 451 774 488 Πέτρου,
790 452 838 478 καὶ
852 451 883 478 τὺ

88 498 138 534 τῆς
153 498 328 533 ὑποσχέσεως
339 498 438 533 μέτρον
458 497 636 525 πλεονεκτοῦν
646 506 654 513 ·
669 498 700 524 οὐ
721 497 823 534 μικρὰν
832 498 882 533 τὴν

87 544 204 571 ἐνοῦσαν
217 543 292 580 αὑτῷ
308 545 422 579 δύναμιν
446 543 584 579 θεωρῆσαι
605 553 647 576 τις
665 544 708 576 ἃν,
739 544 839 579 μᾶλλον
853 544 882 570 δὲ

87 591 135 618 καὶ
149 591 240 618 αὐτῶν
254 591 428 627 πραγμάτων
443 590 540 626 ήλεγξε
554 591 583 617 τὸ
595 591 681 623 τέλος.
700 590 774 625 Πλὴν
794 591 882 618 ἐκεῖνο

87 637 287 664 διασκεπτέον·
305 636 353 663 τοῦ
372 636 428 672 γὰρ
453 637 578 672 Σωτῆρος
602 636 682 671 ήμῶν
698 636 817 672 Χριστοῦ
832 635 881 671 τὴν

87 684 128 714 εἰς
142 683 278 718 οὐρανοὺς
295 682 474 718 ἀναφοίτησιν
488 682 544 709 άνω
559 682 822 718 κατασημαίνοντος,
833 682 881 709 καὶ

85 728 127 755 ὅτι
146 727 197 762 μὲν
214 727 262 754 νῦν
278 728 328 763 οὐχ
341 727 436 762 ἕψεται
458 727 584 761 λέγοντος
597 746 605 759 ,
634 727 828 762 ἀκολουθήσειν
850 735 882 761 γε

87 772 141 809 μὴν
156 773 227 808 μετὰ
245 772 351 805 ταῦτα,
374 771 567 808 πληρωθείσης
589 771 671 799 αὑτοῦ
691 772 811 808 δηλονότι
831 772 880 808 τῆς

934 266 990 301 jam
1008 273 1120 302 paratus
1143 271 1195 302 est,
1212 275 1227 295 a
1245 276 1365 304 quonam
1391 270 1596 306 prohibebitur,
1625 274 1724 309 inquit.

936 312 1074 347 quomodo
1095 312 1228 348 sequendi
1260 313 1410 342 vehemens
1437 315 1559 343 studium
1593 317 1726 353 abjiciet?

937 357 975 385 Ex
998 358 1202 387 ferventissimo
1229 359 1365 394 siquidem
1395 359 1471 390 Petri
1498 361 1604 397 studio,
1635 368 1663 391 et
1691 371 1725 392 ex

937 403 1107 433 abundantia
1125 405 1217 434 cordis
1239 411 1401 442 erumpente
1415 409 1609 443 promissione,
1635 412 1724 438 maxi-

936 457 1009 477 mam
1042 451 1067 479 ei
1086 451 1141 478 vim
1175 451 1287 480 insitam
1316 453 1545 488 deprehenderis,
1574 458 1602 483 et
1632 463 1723 484 rerum

937 497 1058 532 ipsarum
1077 497 1158 525 ﬁnem
1182 499 1348 533 conjeccris.
1374 499 1571 529 Verumtamen
1595 502 1725 530 conside-

935 544 1051 571 randum
1072 547 1115 571 est
1137 545 1210 579 quod
1233 552 1296 572 cum
1326 544 1458 574 Servator
1486 551 1581 575 noster
1603 548 1723 576 reditum

936 596 1017 617 suum
1047 589 1082 617 ad
1097 590 1183 619 crelos
1217 598 1300 625 supra
1319 592 1465 627 signiﬁcet,
1495 597 1522 621 et
1549 601 1723 630 nequaquam

935 638 1093 662 secuturum
1109 643 1140 663 se
1156 635 1233 662 illum
1260 635 1343 668 dicat,
1365 641 1525 665 secuturum
1540 642 1632 667 tamen
1647 644 1724 675 post-

934 688 975 712 ea,
997 681 1110 715 impleta
1129 681 1235 709 scilicet
1260 689 1310 710 sua
1338 683 1481 716 missione,
1505 687 1630 720 tempore
1655 693 1722 714 con-

934 733 1004 761 gruo
1019 731 1130 754 sanctos
1148 726 1175 753 in
1195 734 1343 761 supernam
1361 728 1499 756 civitatem
1516 735 1641 763 vocante,
1664 731 1724 766 ipse

936 770 968 797 ad
985 771 1106 805 pericula
1125 770 1271 799 subeunda
1296 775 1424 806 paratum
1444 780 1473 801 se
1487 781 1550 801 esse
1565 774 1721 808 denuntiat,

86 818 254 854 ἀποστολῆς,
265 817 362 854 καιροῦ
375 819 422 845 τοῦ
439 818 591 854 πρέποντος
605 819 651 845 ἐπὶ
669 819 720 854 τὴν
734 818 790 846 ἄνω
804 818 877 845 πόλιν

934 815 989 843 alio
1002 816 1078 843 velut
1090 816 1233 851 abreptus,
1251 824 1302 844 nec
1316 821 1420 845 rectam
1448 818 1532 854 758
1554 827 1648 847 eorum
1662 829 1723 857 quae

84 864 135 896 τὰς
158 863 215 892 τῶν
243 864 329 899 ἁγίων
346 864 494 896 καλοῦντος
517 863 650 899 κεφαλὰς,
675 864 793 899 ἑτοίμως
808 864 880 900 ἔχειν

86 910 179 942 αὐτὸς,
195 910 245 937 καὶ
263 910 484 945 προκινδυνεύειν
498 909 770 946 ἐπαγγέλλεται,τὴν
784 910 881 946 ἑτέραν

85 955 182 991 ὥσπερ
195 953 274 991 οἷμον
288 955 346 989 ἰὼν,
363 956 410 983 καὶ
429 956 467 991 μὴ
490 956 550 983 κατ’
572 955 638 983 εὐθῦ
656 956 709 982 τῶν
727 955 881 991 λεγομένων

85 1002 236 1038 ἐρχόμενος
254 1001 304 1038 τὴν
321 1002 450 1030 διάνοιαν.
470 999 554 1037 Οἶμαι
569 1002 597 1028 δὲ
611 1002 665 1029 δεῖν
686 1003 715 1028 ἐν
737 1002 826 1037 λόγοις
842 1003 881 1029 εἱ-

85 1049 158 1079 πεῖν,
177 1047 256 1075 οὔπω
270 1049 327 1080 τοῖς
348 1047 504 1084 εἰρημένοις
519 1047 641 1084 ἀκριϐῶς
663 1049 814 1084 ἐπιστήσας
835 1049 881 1076 τὸν

83 1092 158 1124 νοῦν,
180 1092 269 1119 οἴεται
288 1092 359 1128 τάχα
372 1101 423 1119 που
440 1093 487 1119 τὸν
501 1092 614 1129 Κύριον,
631 1093 647 1128 ἢ
662 1093 731 1128 πρός
741 1102 817 1126 τινας
825 1093 881 1121 τῶν

82 1138 155 1165 κατὰ
170 1138 222 1174 τὴν
243 1138 374 1166 Ἰουδαίαν
392 1139 565 1174 ἀγριωτέρας
579 1138 757 1175 διαϐήσεσθαι
771 1139 878 1175 κώμας,

82 1183 99 1218 ἢ
112 1184 161 1210 καὶ
175 1184 216 1216 εις
228 1184 338 1220 ἐτέρους
345 1184 469 1220 οἴχεσθαι
482 1184 574 1217 λαοὺς,
586 1185 612 1212 οἳ
626 1185 755 1212 τοσοῦτον
765 1185 794 1218 ἐξ
802 1187 880 1222 ἀκρι-

83 1229 147 1262 ϐοῦς
161 1230 252 1266 ἀκοῆς
270 1230 508 1258 ἀποδιακείσονται
526 1231 595 1268 πρὸς
607 1231 643 1258 τὰ
653 1232 720 1267 παρ’
735 1232 818 1259 αὑτοῦ
830 1234 881 1268 ρη-

83 1275 219 1310 θήσεσθαι
229 1275 372 1312 μέλλοντα,
384 1276 421 1309 ὡς
433 1277 521 1312 μικρὰ
535 1277 584 1313 μὲν
596 1277 693 1313 κομιδῇ
705 1277 773 1313 πρὸς
782 1277 816 1305 τὰ
827 1278 881 1306 τῶν

83 1321 172 1349 ἄλλων
195 1322 332 1349 Ἰουδαίων
344 1322 509 1358 τολμήματα
517 1330 525 1338 ⁸
537 1323 606 1350 πολὺ
618 1323 647 1350 δὲ
661 1323 723 1350 λίαν
736 1323 882 1360 ἡμερωτά-

82 1376 133 1402 την
143 1367 196 1402 τήν
219 1367 335 1394 ἐνοῦσαν
353 1369 410 1399 τοῖς
425 1367 583 1404 Φαρισαίοις
605 1368 746 1400 ἀποδεῖξαι
769 1367 878 1403 μανίαν.

83 1413 177 1440 Atti-tot
194 1415 276 1440 τοῦτο
293 1413 542 1450 κατακολουθήσειν
552 1414 781 1451 ἀπαραποδίστως
793 1416 880 1448 ἐπαγ-

83 1459 225 1493 γέλλεται,
239 1459 300 1495 οὐχὶ
312 1457 359 1486 οὖν
373 1459 500 1487 τεθνάναι
515 1460 606 1495 μόνον,
621 1459 678 1487 ἀλλ’
691 1460 715 1486 el
729 1460 776 1486 καὶ
787 1459 880 1487 τεθνά-

932 860 1098 889 dicebantur
1114 869 1226 890 sensum
1242 866 1399 891 assecutus.
1412 863 1492 897 Quod
1509 865 1620 899 quidem
1647 867 1723 894 arbi-

932 910 991 935 tror
1014 915 1077 935 eum
1109 908 1213 940 dicere,
1249 908 1322 944 quod
1350 916 1412 936 cum
1439 910 1562 938 nondum
1594 916 1724 940 accurate

931 951 1041 979 Domini
1068 953 1244 980 sermonibus
1273 953 1395 980 animum
1425 954 1617 990 applicuisset,
1659 964 1721 984 eum

932 997 1026 1026 forsan
1052 999 1166 1034 putabat
1190 999 1232 1027 vel
1256 999 1290 1027 ad
1314 999 1484 1029 efferatiores
1513 1001 1616 1030 Iudaeae
1635 1010 1722 1039 pagos

932 1043 1125 1077 transiturum,
1145 1045 1188 1073 vel
1215 1044 1249 1072 ad
1276 1045 1347 1074 alios
1375 1046 1493 1082 populos
1525 1047 1720 1084 migraturum,

931 1090 978 1125 qui
1004 1091 1064 1126 ejus
1081 1091 1259 1120 sermonibus
1289 1092 1331 1120 sic
1356 1093 1540 1128 exasperandi
1569 1098 1674 1127 essent,
1691 1099 1722 1122 ut

931 1144 1028 1164 eorum
1065 1137 1195 1171 audacia,
1218 1141 1383 1166 caeterorum
1416 1138 1573 1168 Judaeorum
1598 1140 1721 1169 audaciae

931 1186 1090 1218 comparata
1106 1191 1191 1218 parva
1211 1191 1273 1212 esse
1297 1185 1447 1218 videretur,
1466 1189 1493 1214 et
1519 1186 1719 1215 Pharisaeorum

931 1228 1010 1256 furor
1028 1229 1108 1264 longe
1123 1229 1288 1258 mitissimus
1303 1235 1456 1266 appareret.
1474 1232 1621 1268 Propterea
1642 1240 1721 1262 secu-

931 1278 1023 1303 turum
1041 1283 1071 1304 se
1086 1276 1202 1304 omnino
1217 1277 1375 1312 pollicetur,
1399 1285 1454 1305 non
1477 1278 1558 1306 modo
1575 1280 1644 1307 mori
1664 1287 1720 1307 non

931 1321 1100 1353 detrectans.
1116 1322 1163 1350 sed
1179 1323 1201 1350 si
1219 1323 1391 1351 moriendum
1409 1324 1455 1356 sit,
1471 1329 1583 1353 strenue
1605 1325 1632 1353 id
1649 1326 1721 1353 arri-

932 1367 1017 1402 piens.
1038 1367 1133 1395 Simile
1146 1367 1287 1404 quidpiam
1303 1372 1331 1397 et
1353 1369 1381 1397 in
1413 1370 1604 1405 superioribus
1629 1372 1722 1400 videre

931 1413 1004 1440 licet.
1030 1413 1159 1442 Christus
1186 1414 1252 1442 olim
1270 1413 1428 1443 Iudaeorum
1448 1417 1588 1444 vesaniam
1618 1421 1645 1445 et
1673 1418 1721 1446 ira:

931 1459 1122 1496 impotentiam
1149 1467 1181 1488 ac
1198 1460 1299 1497 linguae
1328 1461 1507 1497 petulantiam
1534 1461 1672 1495 devitans,
1692 1463 1718 1490 in

84 1514 129 1532 νειι
147 1505 243 1541 δεήσει
256 1506 293 1541 μὴ
310 1505 462 1534 κατοκνῶν.
482 1506 559 1542 Ἔχει
574 1506 603 1532 δὲ
622 1506 710 1542 τούτῳ
731 1505 877 1542 παραπλη-

932 1506 1041 1534 Galilzea
1069 1507 1205 1543 degebat,
1230 1508 1324 1543 ibique
1352 1509 1441 1536 multa
1472 1509 1607 1537 miracula
1634 1511 1720 1538 edens

84 1553 162 1584 σίως,
178 1552 226 1580 καὶ
240 1553 270 1579 ὲν
286 1553 344 1584 τοῖς
359 1552 497 1588 ἀνωτέρω,
506 1553 553 1580 καὶ
561 1553 623 1580 ὅποι
631 1552 713 1580 πάλιν
727 1552 792 1588 ἐρῶ.
804 1553 879 1588 Παρ-

83 1599 247 1636 αιτούμενος
269 1599 325 1635 γάρ
349 1607 414 1626 ποτε
430 1599 481 1632 τὰς
503 1599 558 1626 τῶν
585 1599 720 1626 Ἰουδαίων
752 1599 879 1635 ἀποπλη-

85 1645 156 1679 ξίας,
171 1645 219 1672 καὶ
228 1645 260 1672 τὸ
276 1645 396 1681 ἀκρατὲς
408 1644 457 1671 τοῦ
471 1644 569 1680 θυμοῦ,
585 1645 631 1672 καὶ
647 1645 677 1671 τὸ
688 1644 738 1680 τῆς
753 1643 878 1679 γλώττης

84 1691 213 1726 ἐξήνιον,
235 1691 292 1722 τοῖς
316 1689 389 1717 κατὰ
415 1690 465 1726 τὴν
492 1690 637 1717 Γαλιλαίαν
662 1688 877 1725 ἐπεχωρίαζενό

85 1736 216 1772 Χριστὸς,
232 1735 318 1763 πολλά
333 1745 364 1762 τε
378 1736 443 1772 παρ’
461 1735 577 1767 ἐκείνοις
591 1735 782 1772 τερατουργῶν
794 1734 875 1762 ἐθαυ-

86 1782 200 1816 μάζετο.
221 1781 331 1817 Ἐπειδὴ
338 1781 366 1808 δὲ
378 1781 392 1808 ὁ
409 1781 458 1816 τῆς
472 1781 590 1817 Μαριὰμ
602 1781 649 1808 καὶ
667 1781 681 1808 ό
697 1781 746 1816 τῆς
761 1780 877 1816 Μάρθας

83 1828 218 1864 τέθνηκεν
232 1827 357 1862 ἀδελφὸς,
371 1828 443 1864 φημὶ
456 1827 488 1864 δὴ
499 1827 543 1854 τὸν
554 1827 690 1862 Λάζαρον,
711 1826 781 1860 ἔγνω
795 1825 877 1853 πάλιν

82 1873 120 1905 ὡς
134 1874 213 1906 θεὸς,
224 1872 284 1900 εἶτα
294 1874 368 1906 λέγει
383 1875 438 1906 τοῖς
451 1874 584 1909 μαθηταῖς
595 1882 601 1887 ·
615 1882 624 1898 ι
636 1872 762 1909 Λάζαρος
774 1873 788 1899 ὸ
801 1872 877 1907 φίλος

86 1920 165 1956 ἡμῶν
179 1921 355 1956 κεκοίμηται,
372 1921 440 1947 ἀλλὰ
453 1920 605 1955 πορεύομαι
620 1919 666 1946 ἵνα
681 1918 818 1951 ἐξυπνίσω
827 1918 877 1946 αὺ-

82 1967 141 1994 τόν.
164 1975 174 1992 ι
191 1967 263 2002 Πρὸς
274 1967 304 1993 δὲ
322 1966 402 1993 τοῦτό
419 1975 501 2000 φασιν
516 1966 546 1999 ἐξ
561 1966 672 2001 ἀγάπης
687 1965 712 1992 οἱ
738 1964 874 2001 μαθηταί⁸

87 2023 96 2039 ι
113 2011 172 2040 Νῦν
190 2013 304 2049 ἐζήτουν
321 2022 351 2040 σε
380 2013 502 2040 Ἰουδαῖοι
523 2012 651 2044 λιθάσαι,
665 2012 713 2039 καὶ
729 2011 810 2039 πάλιν
824 2011 877 2038 ὑπ-

85 2059 163 2093 άγεις
174 2059 252 2092 ἐκείς
273 2068 283 2085 ι
313 2059 509 2094 Ἀνισταμένου
526 2058 554 2085 δὲ
565 2059 611 2085 τοῦ
626 2057 745 2093 Χριστοῦ
756 2078 763 2090 ,
784 2057 832 2085 καὶ
846 2056 876 2084 τδ

83 2105 182 2141 χρῆναι
199 2105 308 2137 πάντως
328 2105 375 2132 ἐπὶ
397 2105 447 2140 τὴν
466 2105 520 2132 τῶν
541 2105 677 2132 Ἰουδαίων
694 2104 876 2139 ὑπονοστῆσαι

83 2151 177 2186 χώραν
191 2150 417 2186 διακελευομένου
433 2159 463 2177 τε
477 2151 524 2177 καὶ
537 2150 674 2185 λέγοντος,
691 2150 792 2185 Θωμᾶς
806 2150 820 2176 ὸ
832 2149 876 2176 λε-

929 1552 1105 1581 admirationi
1130 1554 1239 1583 cunctis
1267 1558 1336 1582 erat.
1359 1554 1468 1582 Mortuo
1496 1562 1561 1583 vero
1585 1555 1677 1583 Maria:
1693 1561 1721 1584 et

929 1598 1043 1626 Martha:
1058 1598 1145 1627 fratre
1165 1599 1282 1631 Lazaro,
1300 1599 1327 1628 id
1341 1608 1439 1629 rursus
1451 1601 1564 1636 agnovit
1581 1605 1612 1629 ut
1636 1601 1717 1634 Deus,

929 1644 1045 1679 suisque
1062 1643 1208 1680 discipulis
1222 1645 1293 1672 dixit
1308 1654 1314 1673 :
1334 1655 1344 1672 ι
1363 1645 1486 1674 Lazarus
1501 1646 1608 1674 amicus
1626 1652 1719 1675 noster

928 1691 1049 1725 dormit,
1066 1691 1113 1720 sed
1139 1691 1211 1719 vado
1238 1696 1296 1720 uta
1313 1700 1412 1720 somno
1439 1694 1556 1721 excitem
1575 1701 1639 1721 eum
1652 1694 1686 1722 ³⁹.
1706 1704 1716 1721 ι

927 1738 968 1765 Ad
984 1738 1058 1773 quod
1073 1738 1202 1774 discipuli
1221 1746 1278 1774 pra:
1293 1738 1428 1773 singulari
1443 1745 1508 1774 erga
1524 1747 1586 1767 eum
1603 1740 1696 1768 studio
1710 1749 1717 1767 :

930 1794 939 1811 ι
959 1785 1040 1813 modo
1056 1785 1216 1821 quaerebant
1237 1790 1265 1813 te
1288 1784 1375 1813 Judaei
1403 1785 1538 1821 lapidare,
1566 1789 1593 1814 et
1618 1786 1717 1814 iterum

927 1831 1005 1859 vadis
1019 1831 1084 1859 illuc
1095 1831 1140 1858 W?
1158 1841 1168 1857 ι
1193 1831 1316 1859 instante
1336 1838 1402 1859 vero
1419 1831 1542 1864 Christo,
1558 1835 1586 1860 et
1601 1831 1718 1860 redeun-

927 1876 991 1904 dum
1012 1883 1075 1904 esse
1086 1876 1114 1903 in
1128 1875 1249 1903 Iudaeam
1266 1875 1379 1903 omnino
1394 1874 1504 1904 dicente
1534 1883 1566 1903 ac
1590 1876 1716 1912 jubente,

927 1922 1048 1950 Thomas
1067 1923 1115 1958 qui
1128 1922 1270 1950 dicebatur
1287 1922 1430 1958 Didymus,
1447 1922 1510 1950 aliis
1520 1922 1718 1958 condiscipulis

928 1968 1016 1995 dixit:
1036 1977 1046 1994 ι
1066 1967 1169 1995 Eamus
1182 1971 1209 1994 et
1224 1975 1285 2000 nos,
1310 1972 1342 1995 ut
1356 1967 1510 1995 moriamur
1527 1975 1590 1995 cum
1606 1975 1640 1995 eo
1652 1968 1685 1995 δ’.
1705 1978 1715 1994 ι

927 2014 1028 2042 Eodem
1046 2018 1174 2050 spectare
1196 2013 1270 2042 Petri
1288 2021 1443 2042 sermonem
1467 2013 1598 2041 arbitror.
1615 2013 1718 2041 Existi-

927 2065 984 2088 mat
999 2061 1072 2089 enim
1085 2059 1191 2093 forsan,
1205 2059 1301 2095 etiam
1319 2059 1375 2087 dixi
1391 2062 1485 2092 antea,
1506 2058 1611 2091 Jesum,
1626 2059 1718 2086 abitu-

928 2115 988 2134 rum
1001 2114 1074 2140 esse,
1094 2111 1125 2134 ut
1138 2106 1211 2142 apud
1237 2106 1307 2133 alios
1324 2105 1466 2141 praedicet,
1483 2105 1554 2140 apud
1571 2112 1642 2140 quos
1665 2105 1717 2132 im-

928 2154 1031 2181 mineat
1042 2153 1066 2180 ei
1082 2152 1256 2188 periculum:
1271 2151 1388 2186 ideoque
1412 2151 1470 2186 ipse
1485 2154 1560 2178 totus
1576 2150 1603 2177 in
1625 2149 1718 2177 chari-

81 2197 201 2232 γόμενος
231 2197 347 2233 Δίδυμος
375 2199 432 2229 τοῖς
457 2197 563 2233 ἑτέροις
586 2197 638 2232 ἔφη
662 2196 872 2232 συμμαθηταῖς·

932 2203 1010 2227 tatem
1024 2198 1140 2232 eﬂ‘usus,
1158 2203 1292 2226 constans
1309 2201 1336 2225 et
1361 2197 1510 2225 infractum
1530 2196 1565 2224 ad
1580 2196 1632 2224 hoc
1657 2200 1717 2224 stu-

87 2252 96 2268 ι
107 2243 239 2279 Ἄγωμεν
254 2244 302 2270 καὶ
317 2244 409 2280 ἡμεῖς,
431 2244 474 2271 ἵνα
490 2244 671 2279 ἀποθάνωμεν
687 2243 745 2279 μετ’
756 2242 850 2270 αὐτοῦ.
862 2253 872 2269 ι

88 2288 211 2315 Τοιοῦτον
229 2287 308 2325 οἶμαι
318 2298 344 2316 τι
358 2291 406 2317 καὶ
422 2289 468 2316 τὸν
481 2290 535 2317 τῶν
550 2289 655 2325 Πέτρου
673 2289 804 2325 ῥημάτων
814 2289 876 2316 ὠδί-

82 2344 136 2362 νειν
147 2336 261 2363 σκοπόν.
276 2337 369 2363 Οἵεται
390 2336 444 2372 γὰρ
463 2336 545 2369 ἴσως,
562 2336 688 2371 καθάπερ
707 2336 757 2372 ἤδη
782 2336 875 2372 προεῖ-

929 2245 1005 2272 dium
1020 2244 1168 2272 allaturum
1187 2251 1217 2272 se
1229 2243 1387 2278 pollicetur,
1403 2242 1474 2270 nihil
1485 2242 1542 2277 jam
1569 2249 1717 2277 superesse

929 2290 1024 2318 dicens
1039 2297 1055 2317 a
1071 2296 1126 2325 quo
1140 2289 1280 2324 prohiberi
1296 2288 1385 2324 possit
1396 2287 1546 2324 quominus
1571 2290 1714 2323 sequatur,

929 2343 992 2364 cum
1007 2335 1033 2363 ei
1047 2342 1098 2371 pro
1113 2335 1245 2370 magistro
1256 2334 1326 2361 mori
1340 2333 1508 2369 propositum
1526 2333 1573 2361 sit.

83 2390 143 2415 πον,
165 2379 386 2418 ἀποδραμεῖσθαί
403 2390 449 2408 ποι
472 2381 671 2418 διακηρὺξοντα
687 2382 734 2409 τὸν
757 2381 870 2417 Ἰησοῦν,
891 2381 939 2408 καὶ
950 2380 1115 2408 κινδυνεύειν
1134 2379 1215 2406 αὐτὸν
1251 2379 1316 2414 παρ’
1338 2378 1469 2410 ἐκεινοις·
1489 2378 1533 2405 διὰ
1553 2378 1632 2406 τοῦτο
1666 2379 1714 2407 καὶ

81 2428 175 2460 αὐτὸς,
189 2427 307 2463 ἐπείπερ
324 2427 398 2454 ἐστὶν
412 2427 442 2460 ἐξ
454 2428 564 2463 ἀγάπης
583 2427 750 2460 ἀκάθεκτος,
768 2427 874 2463 ἄμαχόν
892 2435 954 2455 τινα
986 2427 1035 2454 καὶ
1065 2424 1315 2460 δυσανταγώνιστον
1330 2425 1379 2461 τήν
1402 2425 1442 2457 εἰς
1462 2423 1542 2452 τοῦτο
1561 2425 1717 2461 προθυμίαν

80 2477 165 2503 οίσειν
185 2474 401 2509 ἐπαγγέλλεται,
424 2474 500 2502 οὐδὲν
516 2475 556 2502 ἐτι
577 2475 717 2507 παντελῶς
731 2474 923 2510 ὑπολελεῖφθαι
937 2474 1023 2510 λέγων
1034 2474 1065 2501 τὺ
1093 2472 1253 2501 διακωλύειν
1270 2473 1372 2509 ἰσχύον,
1403 2472 1491 2500 καίτοι
1519 2472 1632 2501 ἕπεσθαι
1661 2473 1715 2500 δεῖν

80 2522 231 2559 ᾑρημένον,
246 2521 361 2556 ἐπείπερ
375 2521 450 2557 αὐτῷ
463 2521 511 2549 καὶ
530 2522 709 2557 προτεθνάναι
726 2522 772 2549 τοῦ
787 2521 947 2549 διδασκάλου
959 2522 1070 2553 σκοπός.

121 2567 279 2601 Ἀπεκρίθη
299 2566 379 2600 αὺτῷ
399 2568 421 2594 ὀ.
440 2567 573 2600 Ἰησοῦς·
604 2567 666 2602 Τὴν
685 2566 792 2602 ψυχήν
817 2575 875 2594 σου

79 2613 158 2648 ὑπὲρ
177 2613 252 2648 ἐμοῦ
268 2613 372 2648 θήσεις
381 2621 391 2646 ;
414 2612 514 2648 Ἀμὴν,
528 2612 610 2648 ἀμὴν
622 2613 700 2649 λέγω
714 2621 774 2647 σοι,
788 2613 875 2648 οὺμὴ

79 2660 217 2695 ἀλέκτωρ
237 2659 373 2694 φωνήσει
385 2680 391 2691 ,
407 2659 462 2693 ἕως
478 2657 514 2688 οὗ
531 2659 695 2694 ἀπαρνήσῃ
706 2668 745 2694 με
765 2660 839 2694 τρίς.

116 2706 241 2738 Μείζονα
258 2706 320 2741 μὲν,
338 2705 354 2741 ἢ
374 2705 435 2732 καθ’
451 2705 547 2732 ἐαυτὸν
565 2707 580 2732 ὁ
592 2705 694 2741 Πέτρος
710 2704 876 2740 ἐπαγγέλλε-

80 2761 137 2784 ται,
151 2752 204 2779 κᾶν
216 2752 382 2786 άξιάγαστον
395 2750 444 2788 ἔχῃ
461 2751 564 2787 τὴνέπὶ
578 2751 667 2786 τούτῳ
683 2752 816 2787 σπουδήν*
826 2750 873 2777 τοῦ

81 2807 113 2833 γε
127 2799 182 2834 μὴν
197 2798 331 2834 ἐσομένου
347 2797 478 2833 χειμῶνος
490 2798 520 2825 τὸ
531 2798 659 2834 ἀμειδές,
675 2797 721 2824 καὶ
736 2797 875 2824 δύσοιστον

120 2892 142 2907 ³θ
161 2889 244 2918 Joan.
270 2897 318 2923 ιι,
346 2890 388 2917 Η.
427 2891 448 2908 ⁵⁰
464 2891 532 2919 ibid.
551 2894 578 2919 8.
616 2892 638 2908 δ’
652 2892 718 2920 ibid.
735 2892 776 2919 l6.

961 2567 1031 2600 Xlll,
1049 2567 1092 2595 58.
1106 2566 1250 2602 Respondit
1265 2567 1288 2593 ei
1303 2565 1383 2593 Iesus
1394 2574 1404 2594 ε
1427 2565 1552 2592 Animam
1573 2569 1646 2592 tuam
1666 2573 1714 2600 pro

925 2623 965 2641 nte
975 2614 1076 2648 pones?
1086 2614 1182 2646 Amen,
1198 2621 1275 2640 amen
1289 2613 1347 2639 dico
1362 2612 1418 2647 tibi,
1432 2620 1484 2640 non
1494 2610 1612 2639 cantabit
1623 2611 1713 2647 gallus

925 2660 1006 2687 donec
1025 2665 1064 2687 ter
1079 2669 1118 2688 me
1133 2668 1220 2695 neges.

961 2706 1064 2742 Majora
1079 2707 1190 2742 quidem
1208 2713 1291 2742 quam
1317 2705 1407 2741 p055it
1431 2703 1530 2732 Petrus
1554 2703 1712 2740 pollicetur,

925 2753 1054 2788 quamvis
1069 2753 1188 2780 mirifico
1202 2753 1287 2780 animi
1309 2751 1402 2780 studio
1431 2751 1583 2786 praeditus:
1610 2754 1713 2784 tempe-

926 2799 1007 2828 statis
1025 2799 1206 2828 nihilominus
1220 2799 1408 2832 acerbitatem,
1424 2802 1451 2826 ct
1468 2798 1522 2826 vim
1552 2795 1711 2825 tentationis
