1926 3041
209 151 263 180 175

719 149 748 177 S.
758 147 897 178 CYRILLI
909 147 1144 178 ALEXANDRINI
1163 149 1324 179 ARCHIEP.

1792 147 1845 176 176

210 208 412 239 intolerabilem
432 215 464 236 ac
481 205 681 244 persecutionis
693 202 908 241 magnitudinem
917 205 984 234 Chri
993 221 1001 226 -

1058 207 1100 234 τοῦ
1113 209 1277 244 πειρασμοῦ,
1292 207 1340 236 καί¹
1351 208 1399 235 τοῦ
1407 207 1528 244 διωγμοῦ
1539 207 1569 234 τδ
1588 206 1705 243 μέγεθος
1715 206 1850 242 ἐννοήσας

211 261 273 285 stus
289 255 363 291 apud
387 262 417 283 se
443 258 585 290 reputans,
614 257 698 288 caput
729 256 835 280 tantum
852 251 934 287 759
948 259 1002 279 non

213 306 318 335 movet,
334 305 497 337 tantumque
512 299 641 327 all‘ectum
667 298 760 325 oculis
786 298 940 333 explicans,
955 297 1004 326 Ju-

213 349 300 377 daicze
315 348 462 376 dementia:
475 345 673 374 immanitatem
697 345 880 379 perspiciens,
894 348 921 373 et
944 352 1004 379 quae

214 400 281 422 tunc
303 394 436 430 temporis
460 396 592 420 eventura
619 397 699 419 erant
732 391 917 427 prospiciens,
951 391 1005 418 tale

214 441 395 477 quidl‘orsan
411 439 559 467 inclamat:
581 437 709 465 Animam
735 445 784 472 pro
811 445 856 465 me
872 437 961 472 ponis,
987 445 1004 465 o

214 488 304 518 Petre,
323 491 350 514 et
372 485 487 521 periculi
506 489 608 513 metum
633 493 685 521 pro
707 484 795 512 nihilo
818 484 915 516 habes,
932 492 964 512 ac
979 488 1005 512 te

214 535 409 569 superaturum
424 530 491 558 illud
503 531 667 558 existimas?
681 531 716 557 At
731 530 825 558 nescis
838 530 1003 565 gravitatem

214 576 390 608 tentationis,
406 583 458 604 nec
473 576 548 604 enim
564 575 710 610 potestatis
726 575 753 602 in
769 574 891 610 patiendi
906 581 1006 609 propo-

215 624 280 656 sito,
297 622 345 650 sed
361 622 410 649 tibi
425 621 470 649 vel
485 621 589 648 nolenti
605 621 698 648 animo
723 620 840 648 deiicere
853 620 1004 654 continget.

215 673 244 697 et
260 667 373 704 negabis
388 674 432 694 me
455 671 506 699 ter,
524 665 608 701 idque
623 670 705 693 nocte
734 673 800 692 una.
828 663 886 692 Hoc
911 663 1005 692 Jesum

215 715 309 742 dicere
321 713 392 742 velle
407 711 576 740 credendum
591 715 643 739 est.
660 710 713 738 Sed
730 718 820 746 opera:
834 710 952 745 pretium
964 714 1007 737 est

217 762 262 788 hic
275 767 385 795 quoque
400 766 498 786 rursus
512 757 573 793 ejus
586 765 651 793 erga
666 765 717 785 nos
733 756 826 784 mirari
840 756 1004 784 bonitatem:

217 814 281 834 nam
295 813 357 834 cum
369 805 448 840 prius
459 804 576 832 dixisset
588 802 833 830 vehementissimo
843 802 903 837 ejus
914 802 1007 830 studio

218 852 304 881 animi
319 852 375 879 vim
391 858 447 878 non
460 856 669 885 responsuram,
689 848 737 876 sed
763 848 945 880 deiecturum,
975 854 1007 875 ac

1053 254 1068 281 ό
1082 254 1210 290 Χριστὸς,
1225 255 1367 289 μονονουχὶ
1382 255 1521 281 κατασείει
1533 254 1583 290 τὴν
1595 253 1718 289 κεφαλὴν
1728 273 1736 285 ,
1748 253 1810 280 ὅλον
1821 254 1849 280 δὲ

1054 297 1149 333 ὥσπερ
1166 299 1195 324 ἐν
1211 297 1360 333 ὀφθαλμοῖς
1371 299 1502 330 ἀπλώσας
1512 298 1544 325 τὸ
1558 298 1655 331 πάθος,
1667 299 1716 325 καὶ
1728 297 1850 333 τῆςἾου-

1053 343 1137 370 δαίων
1155 343 1248 375 ἀνοίας
1263 343 1404 379 θεωρήσας
1420 345 1470 379 τὴν
1482 344 1645 380 ὑπερϐολὴν,
1658 343 1849 379 διασκοπήσας

1054 389 1083 416 δὲ
1094 388 1129 416 τὰ
1149 389 1266 425 ἐσόμενα
1281 390 1341 417 κατ’
1356 390 1444 417 ἐκεῖνο
1466 390 1578 425 καιροῦ,
1596 389 1668 426 τάχα
1684 399 1711 416 τι
1727 389 1849 416 τοιοῦτον

1055 435 1192 470 ἀναφωνΞί
1203 443 1210 450 θ
1228 435 1283 471 Τὴν
1297 436 1397 472 ψυχὴν,
1408 433 1431 462 ὦ
1451 436 1555 472 Πέτρε,
1571 436 1641 471 ὑπὲρ
1659 434 1728 471 ἐμοῦ
1751 435 1847 468 τίθεις,

1056 481 1104 507 καὶ
1119 480 1149 507 τὸ
1165 481 1247 516 μηδὲν
1261 479 1332 508 εἶναι
1347 481 1400 517 φὴς
1413 481 1458 508 τὸν
1471 481 1518 508 ἐπὶ
1532 481 1635 508 τούτων
1654 480 1754 515 φόϐον·
1766 480 1808 507 ὅτι
1820 489 1849 506 τε

1057 526 1190 562 κρείττων
1213 526 1263 563 ἔσῃ
1284 527 1339 554 τῶν
1356 527 1494 563 ἐσομένων
1520 526 1741 562 ὑπολαμϐάνειςς
1770 526 1849 553 Ἀλλὰ

1055 572 1104 598 τοῦ
1117 572 1272 608 πειρασμοῦ
1287 572 1317 600 τὸ
1330 573 1412 610 βάρος
1427 573 1478 600 οὑκ
1493 573 1648 600 ἐπίστασαι·
1666 573 1697 599 οὐ
1715 572 1772 608 γὰρ
1787 573 1850 607 ἀρα-

1057 619 1144 655 ρότως
1161 619 1338 655 προκείσεται
1352 620 1382 647 τὸ
1394 620 1500 653 παθεῖν,
1517 621 1560 648 σοὶ
1585 620 1614 647 δὲ
1630 619 1661 647 τὸ
1682 620 1850 655 μικροψυχῆ-

1058 674 1103 691 σαι
1113 665 1186 698 λίαν,
1203 666 1251 693 καὶ
1269 666 1319 701 οὐχ
1330 666 1420 693 ἑκοντὶ
1435 666 1616 702 συμῦήσεται,
1628 666 1675 693 καὶ
1692 667 1802 702 ἀρνήσῃ
1818 675 1849 701 με

1056 712 1126 746 τρὶς.
1143 712 1190 739 καὶ
1205 713 1234 739 ὲν
1247 713 1324 739 νυκτὶ
1336 712 1415 739 τοῦτο
1429 713 1496 739 αὑτὸ
1519 713 1579 748 μιᾷ.
1605 712 1690 739 Ταυτί
1710 721 1770 744 πως
1797 712 1849 738 οἴε-

1059 758 1120 784 σθαι
1133 758 1221 793 λέγειν
1245 758 1431 794 ὑποτοπητέον
1453 758 1499 785 τὸν
1521 758 1636 794 Ἰησοῦν.
1656 758 1807 794 Θαυμάσαι
1820 767 1849 793 γε

1060 804 1113 840 μὴν
1128 805 1180 831 κάν
1191 804 1279 840 τούτῳ
1297 804 1329 840 δὴ
1355 804 1438 831 πάλιν
1456 804 1505 840 τὴν
1528 804 1640 831 ἐνοῦσαν
1655 804 1732 840 αὑτῷ
1757 804 1850 839 φιλαν-

1058 849 1182 884 θρωπίαν
1198 849 1292 883 ἄξιον·
1310 849 1484 886 προειρηκὼς
1497 849 1562 886 γὰρ,
1583 850 1623 877 ὅτι
1648 850 1688 886 τῷ
1710 851 1783 886 τόνῳ
1803 851 1850 886 τῆς

218 903 294 933 terga
307 897 448 929 daturum,
464 895 532 923 adeo
551 900 582 922 ut
597 894 630 922 ad
645 894 734 922 solum
762 894 880 929 periculi
901 898 1005 921 metum

1058 896 1172 931 ἐνούσης
1198 896 1274 931 αὑτῷ
1296 896 1463 932 προθυμίας,
1486 897 1502 931 ἡ
1519 896 1568 932 τῆς
1585 896 1674 932 ψυχῆς
1690 897 1742 932 οὐχ
1757 897 1850 930 ἕψεται

218 952 249 972 se
265 947 417 979 negaturus
440 941 487 973 sit.
513 941 585 968 nihil
609 941 803 968 interminatus
826 945 879 967 est.
901 939 1008 967 Idcirco

217 997 269 1018 nec
284 990 311 1017 in
326 988 448 1016 divinam
462 987 530 1014 iram
545 987 723 1014 incursurum
733 986 783 1018 ait,
799 993 886 1021 neque
898 992 1007 1021 pmnam

217 1034 291 1070 quod
316 1033 477 1061 humanitus
494 1037 654 1060 eventurum
669 1032 696 1059 id
712 1032 737 1060 ei
767 1035 851 1064 esset,
879 1032 1006 1060 intentat.

220 1080 330 1108 Sciebat
344 1079 417 1107 enim
433 1078 570 1106 inﬁrmam
586 1077 677 1105 adhuc
702 1085 764 1105 esse
789 1082 927 1110 naturam,
956 1084 1008 1105 nec

218 1124 421 1163 mortis_minas
433 1123 508 1152 ferre
524 1131 615 1158 posse.
636 1122 763 1150 Nondum
780 1123 853 1151 enim
869 1130 918 1158 per
947 1123 1008 1158 ejus

219 1171 453 1200 resurrectionem
469 1170 612 1206 abrogata,
630 1174 797 1197 cunctorum
813 1173 932 1197 mentem
946 1177 1009 1204 pre-

218 1218 320 1251 luebat,
335 1217 450 1252 soloque
462 1220 539 1244 metu
556 1216 600 1244 vel
618 1215 799 1244 fortissimum
828 1222 966 1250 quemque
981 1219 1009 1242 et

218 1264 434 1292 audacissimum
448 1261 578 1297 frangere
596 1261 669 1297 potis
686 1265 758 1289 erat.
781 1260 886 1288 Natura
908 1260 1009 1296 quippe

219 1315 320 1346 praeter
335 1313 464 1336 naturam
494 1311 611 1335 mortem
635 1307 754 1343 patiens,
779 1308 806 1334 ei
833 1306 906 1334 cedit
923 1310 952 1333 ut
971 1306 1009 1333 vi-

219 1355 312 1386 ctrici,
328 1354 381 1381 imo
395 1360 461 1381 vero
475 1358 541 1380 tunc
561 1351 689 1380 cedebat.
704 1351 757 1379 Sed
773 1359 788 1378 a
799 1356 893 1379 nostro
911 1349 1010 1378 Serva-

220 1405 279 1427 tore
289 1399 428 1434 perruptis
443 1398 518 1426 illius
540 1397 659 1425 vinculis
677 1397 771 1424 suavis
786 1395 858 1423 facta
879 1399 921 1423 est
945 1395 1010 1422 dili-

220 1445 349 1481 gentibus
364 1443 516 1476 Christum,
528 1443 595 1471 iicet
608 1442 705 1470 acerbe
722 1441 832 1469 invadat
847 1451 852 1468 :
867 1441 927 1476 ejus
937 1441 1008 1468 enim

220 1492 282 1519 loco
297 1494 399 1518 :eterna
418 1490 474 1517 vita
493 1489 640 1523 successit,
652 1488 839 1524 corruptionis
856 1487 1010 1515 dissolvens

221 1537 380 1573 imperium.
399 1535 485 1564 Nemo
503 1539 596 1562 autem
618 1535 663 1562 hic
681 1543 779 1563 rursus
795 1534 935 1562 existimet
960 1533 1010 1561 Pe-

1058 939 1183 974 δύναμις,
1207 939 1318 967 meum
1332 948 1365 974 γε
1386 939 1438 975 μὴν
1451 960 1458 972 ,
1474 939 1523 966 καὶ
1536 939 1688 966 ὑπενδώσει
1711 939 1848 970 τοσοῦτον,

1059 985 1129 1012 ὥστε
1146 987 1194 1012 καὶ
1211 985 1279 1022 πρὸς
1298 985 1377 1022 μόνον
1391 987 1519 1013 ἀπειπεῖν
1533 986 1579 1013 τὸν
1592 986 1640 1013 τοῦ
1660 986 1787 1014 κινδύνου
1805 986 1851 1021 96-

1059 1030 1116 1063 60v,
1133 1031 1209 1058 οὐδὲν
1224 1031 1404 1066 ἐπηπείλησε,
1421 1031 1465 1058 διὰ
1479 1031 1560 1058 τοῦτο
1572 1031 1663 1067 τυχὸν,
1680 1031 1718 1063 ὡς
1729 1031 1785 1058 οὐδ’
1801 1031 1850 1058 ὑπὸ

1060 1075 1133 1102 θείαν
1148 1075 1224 1102 ἔσται
1242 1075 1349 1112 κίνησιν
1367 1075 1453 1110 λέγει.
1469 1076 1525 1103 Καὶ
1542 1075 1586 1103 διὰ
1597 1076 1676 1103 ποίαν
1694 1076 1795 1103 αἰτίαν.
1813 1097 1821 1104 .
1843 1097 1849 1104 .

1060 1166 1172 1193 παθόντι
1186 1166 1215 1193 δέ
1226 1175 1253 1193 τι
1266 1167 1321 1193 τῶν
1333 1167 1526 1202 ἀνθρωπίνων,
1546 1168 1597 1195 οὐκ
1615 1167 1788 1195 ἐπανατείνει
1804 1169 1850 1204 τὴν

1060 1212 1180 1240 κόλασιν.
1203 1212 1281 1248 ’ᾘδει
1303 1212 1357 1248 γὰρ
1375 1212 1543 1240 ἀσθενοῦσαν
1560 1213 1601 1240 ἐτι
1619 1213 1669 1249 τὴν
1691 1212 1773 1248 φύσιν
1785 1234 1793 1246 ,
1806 1214 1851 1241 καὶ

1059 1259 1090 1285 οὺ
1107 1259 1260 1294 δυναμένην
1285 1259 1407 1293 ἐνεγκεῖν
1432 1258 1480 1285 τοῦ
1508 1259 1626 1286 θανάτου
1649 1260 1699 1296 τὴν
1724 1260 1849 1295 ἀπειλήν.

1060 1304 1143 1331 Οὔπω
1155 1304 1220 1339 γὰρ,
1232 1303 1308 1330 οὔπω
1326 1305 1535 1340 κατηργημένος
1555 1305 1599 1332 διὰ
1613 1307 1662 1342 τῆς
1678 1307 1852 1338 ἀναστάσεως

1060 1349 1162 1383 αὑτοῦ,
1187 1351 1237 1386 τῆς
1263 1350 1392 1378 ἁπάντων
1415 1351 1535 1383 διανοίας
1560 1352 1792 1388 κατεθρασύνετο,
1809 1354 1853 1380 καὶ

1061 1396 1152 1428 ἱκανὸς
1167 1394 1201 1431 ἦν
1218 1395 1269 1429 ἔτι,
1284 1397 1332 1424 καὶ
1350 1397 1423 1433 μόνῳ
1439 1397 1607 1433 συνθραῦσαι
1622 1398 1661 1434 τῷ
1674 1398 1797 1435 δείματι,
1808 1400 1853 1426 καὶ

1059 1440 1105 1468 τὸν
1121 1441 1224 1478 σφόδρα
1236 1443 1370 1474 νεανικὸν,
1385 1443 1433 1470 καὶ
1447 1443 1534 1470 δεινὸν
1556 1445 1597 1476 εἰς
1615 1444 1775 1480 εὐτολμίαν.
1797 1446 1852 1472 [Ια-

1061 1486 1144 1514 θοῦσα
1158 1487 1212 1522 γὰρ
1224 1488 1299 1524 παρά
1318 1488 1399 1523 φύσιν
1413 1490 1430 1525 ὴ
1444 1489 1525 1524 φύσις
1538 1490 1583 1517 τὸν
1597 1490 1723 1525 θάνατον,
1734 1491 1774 1522 ὡς
1784 1500 1853 1518 νενι-

1060 1534 1157 1569 κηκότι
1177 1536 1348 1571 παραχωρεῖ,
1361 1535 1461 1570 μᾶλλον
1471 1536 1500 1563 δὲ
1514 1537 1669 1573 παρεχώρει
1684 1537 1757 1564 τότε.
1773 1538 1853 1573 Διαρ-

221 1587 294 1610 trum
307 1582 342 1610 ob
357 1581 462 1609 Christi
475 1581 581 1608 dictum
599 1588 725 1616 negasse,
753 1585 836 1617 atque
851 1581 943 1608 animo
960 1580 1007 1608 de-

1062 1581 1191 1616 ῥήξαντος
1206 1582 1234 1608 δὲ
1261 1581 1308 1608 τοῦ
1328 1583 1455 1618 Σωτῆρος
1475 1583 1555 1618 ἡμῶν
1577 1583 1611 1610 τὰ
1635 1583 1742 1611 ἐκείνου
1755 1583 1852 1620 δεσμὰ,

221 1629 336 1661 fecisse;
350 1635 401 1655 nec
420 1627 493 1654 enim
507 1626 701 1654 necessitatem
717 1627 801 1654 ullam
817 1627 943 1661 imponit,
961 1630 1010 1654 aut

221 1675 256 1702 ad
272 1675 330 1702 haec
344 1673 522 1709 suscipienda
537 1673 562 1700 vi
577 1673 703 1708 impellit,
721 1673 769 1700 sed
793 1673 865 1708 quod
892 1678 921 1701 ut
937 1673 1010 1701 Deus

221 1721 317 1756 procul
331 1720 414 1748 dubio
430 1718 554 1747 futurum
578 1719 666 1751 novit,
696 1718 761 1746 illud
786 1719 923 1754 discipulo
940 1727 1010 1754 prm-

220 1768 297 1795 dicit.
312 1766 448 1800 Quoniam
464 1771 555 1793 autem
575 1773 636 1800 quae
658 1765 801 1793 veteribus
820 1767 1008 1798 contigerunt,

218 1815 252 1842 ad
268 1817 444 1850 posterorum
463 1811 677 1839 admonitionem
704 1811 810 1846 scripta
837 1811 943 1844 sunt“,
961 1819 1010 1847 age

221 1861 346 1889 nonnihil
362 1860 488 1887 utilitatis
503 1867 535 1886 ex
552 1859 604 1886 hoc
620 1859 710 1893 rapite
729 1858 936 1893 depromamus.
949 1858 1009 1886 Non

218 1908 349 1936 existimo
364 1911 468 1934 temere
494 1905 625 1941 quiddam
640 1905 740 1932 debcre
756 1912 807 1932 nos
823 1903 879 1932 Deo
894 1905 1010 1940 promit-

217 1957 296 1985 tere,
325 1960 375 1980 nec
398 1951 471 1987 quod
497 1952 571 1978 vires
597 1949 735 1977 interdum
762 1953 874 1977 nostras
902 1950 1010 1977 excedit

221 1997 381 2026 faciendum
397 1997 531 2032 recipere,
558 1995 638 2031 quasi
668 2002 758 2022 rerutn
786 1999 908 2030 potestas
925 2003 1009 2030 penes

221 2053 272 2072 nos
290 2044 337 2078 sit,
361 2051 423 2071 cum
453 2050 502 2077 spe
526 2045 620 2069 nostra
645 2041 807 2075 plerumque
833 2041 1008 2068 lrustremur.

219 2089 328 2124 Alioqui
342 2087 472 2124 superbia
489 2094 585 2114 carere
609 2092 665 2113 non
695 2085 815 2112 arbitror
840 2085 877 2112 ita
905 2085 1008 2119 dicere,

221 2136 279 2164 Hoc
287 2135 440 2172 perﬁciam,
458 2137 505 2160 aut
517 2131 596 2159 illud.
608 2131 637 2158 In
646 2131 775 2158 omnibus
789 2131 861 2159 enim
873 2139 934 2166 qua:
947 2132 1010 2167 quis

220 2182 325 2218 agenda
339 2180 421 2217 760
442 2178 494 2207 sibi
510 2177 694 2213 proposuerit,
714 2176 780 2204 illud
804 2178 922 2205 maxime
941 2187 1009 2214 pra:-

220 2225 385 2253 mittendum
406 2222 480 2259 quod
498 2221 568 2251 dixit
589 2221 811 2256 sapientissimus
835 2222 1005 2258 discipulus:

220 2271 249 2299 Si
265 2271 399 2298 Dominus
409 2268 526 2296 voluerit
536 2288 544 2300 ,
559 2271 586 2295 et
599 2287 606 2300 ,
619 2268 641 2295 si
666 2267 829 2295 vixerimus.
848 2268 1007 2304 Promptum

218 2319 320 2353 quippe
333 2316 402 2344 bene
416 2314 513 2350 agendi
529 2313 649 2341 studium
668 2313 775 2348 piorum
798 2314 898 2342 animis
914 2315 1005 2348 inesse

219 2363 320 2391 debere
334 2362 389 2393 aio,
405 2360 572 2395 virtutisque
590 2363 649 2386 toto
666 2358 760 2386 animo
773 2359 895 2388 colenda:
909 2361 1007 2388 volun-

219 2413 312 2440 tatem,
326 2407 399 2434 viam
426 2409 518 2433 autem
548 2413 642 2433 eorum
668 2405 837 2440 agendorum
868 2413 883 2433 a
912 2406 1005 2434 divina

218 2455 345 2483 bonitate
356 2452 513 2488 petendam,
531 2459 587 2479 non
611 2455 713 2479 temere
730 2451 810 2487 quasi
837 2452 911 2479 illam
938 2453 965 2480 in
981 2458 1007 2480 te

219 2500 322 2527 habeas
334 2497 469 2534 polliceri.
489 2497 536 2524 Sic
551 2497 623 2524 enim
635 2504 726 2525 veram
742 2497 769 2524 in
784 2497 913 2525 omnibus
926 2497 1007 2526 bonis

216 2545 429 2582 promissionem
456 2542 511 2571 Deo
540 2543 724 2576 servabimus,
745 2547 773 2570 et
787 2548 866 2570 extra
896 2544 1005 2579 culpam

216 2592 314 2627 pedem
329 2590 501 2622 habebimus,
520 2593 550 2616 ut
573 2588 732 2616 Graecorum
760 2588 856 2616 tritum
875 2593 917 2617 est
940 2597 1006 2625 pro-

215 2638 320 2666 verbio.
350 2635 459 2671 Alioqui
491 2636 578 2664 satius
610 2639 654 2663 est
687 2642 743 2662 non
780 2642 880 2663 vovere
906 2636 1005 2671 alicui,

215 2691 297 2720 quam
313 2690 425 2715 vovere,
439 2686 466 2709 et
483 2689 539 2709 non
554 2681 671 2709 reddere
683 2680 718 2707 ⁸³.

218 2731 317 2763 τούτοις
332 2729 390 2756 ὁδὸν
402 2728 445 2755 διὰ
455 2729 505 2764 τὴν
525 2728 627 2756 ἄνωθεν
647 2729 764 2762 ἐξαιτεῖν
785 2731 941 2767 εὐμένειαν,
968 2733 1017 2769 οὐχ

1060 1627 1162 1661 γλυκὺς
1187 1628 1379 1662 ἀναπέφανται
1397 1630 1453 1660 τοῖς
1471 1629 1598 1663 ἀγαπῶσι
1618 1630 1750 1666 Χριστὸν,
1768 1631 1794 1657 εί
1809 1631 1854 1657 καὶ

1061 1674 1169 1710 προσίοι
1184 1674 1307 1710 πικρῶς·
1332 1675 1527 1711 ἀντεισόέϐηκε
1550 1676 1604 1712 γὰρ
1617 1677 1634 1712 ἡ
1654 1676 1766 1709 αἰώνιος
1786 1677 1854 1713 ζωὴ,

1060 1721 1091 1747 τὸ
1103 1720 1154 1755 τῆς
1170 1721 1272 1758 φθορᾶς
1289 1721 1466 1758 παραλύουσα
1483 1722 1595 1758 κράτος.
1611 1723 1718 1750 υἱέσθω
1728 1724 1757 1751 δὲ
1774 1724 1854 1751 πάλιν

1060 1767 1180 1794 ἐνταῦθα
1205 1768 1300 1804 μηδεὶς
1322 1769 1458 1804 ὴρνῆσθαί
1473 1777 1504 1795 τε
1523 1769 1572 1796 καὶ
1592 1770 1725 1806 ἀτονῆσαι
1741 1771 1789 1797 τὸν
1805 1771 1855 1797 Πέ-

1060 1820 1134 1847 τρον,
1147 1812 1190 1840 διὰ
1207 1814 1236 1840 τὺ
1252 1814 1328 1849 ῥῆμα
1340 1814 1476 1850 Χριστοῢ⁶
1505 1815 1536 1842 οὑ
1556 1814 1609 1851 γὰρ
1629 1815 1755 1852 ἀνάγκην
1768 1817 1855 1843 ἐπιτι-

1061 1856 1128 1889 θεὶς,
1142 1857 1267 1885 saxosas
1281 1860 1312 1885 ἐκ
1324 1859 1384 1894 βίας
1395 1860 1481 1887 ἕλκων
1491 1862 1532 1893 είς
1544 1861 1574 1888 τὸ
1585 1861 1681 1888 παθεῖν
1691 1861 1726 1888 τὰ
1740 1861 1854 1889 τοιαῦτα

1061 1911 1160 1939 φησιν·
1180 1904 1238 1931 ἀλλ’
1252 1905 1320 1941 ὅπερ
1334 1904 1414 1939 οἶδεν,
1426 1907 1464 1939 ὠς
1478 1907 1555 1940 Θεὸς,
1571 1908 1681 1939 πάντως
1702 1908 1751 1934 καὶ
1764 1908 1853 1944 ἀναμ-

1060 1949 1180 1983 φιλόγως
1199 1951 1328 1986 ἐσόμενον
1343 1953 1472 1988 προλέγει
1491 1953 1535 1988 τῷ,
1551 1953 1672 1990 μαθητῇ.
1697 1954 1812 1990 Ἐπειδὴ
1827 1955 1854 1982 δὲ

1059 1995 1093 2021 τὰ
1105 1996 1159 2027 τοῖς
1183 1996 1372 2033 ἀρχαιοτέροις
1393 1999 1597 2035 συμὸεόηκότα,
1626 2000 1694 2035 πρὸς
1709 2000 1854 2028 νουθεσίαν

1059 2039 1113 2066 τῶν
1127 2042 1188 2076 μετ’
1205 2042 1303 2074 αὑτοὺς
1317 2044 1536 2079 ἀναγέγραπται,
1561 2045 1626 2081 φέρε
1641 2046 1672 2080 δή
1689 2054 1717 2072 τι
1729 2045 1854 2081 λέγωμεν

1059 2086 1114 2113 τῶν
1130 2087 1288 2122 ἀναγκαίων
1302 2090 1341 2120 εἱς
1356 2089 1449 2124 ὄνησιν
1469 2091 1502 2117 ἐκ
1514 2089 1561 2118 τοῦ
1578 2090 1727 2125 κεφαλαίου
1743 2099 1854 2125 κεκινη-

1062 2132 1147 2167 μένοι.
1163 2134 1200 2160 Οὐ
1216 2134 1270 2170 γὰρ
1295 2133 1371 2170 οἶμαι
1389 2135 1444 2162 δεῖν
1457 2135 1674 2170 ἐπαγγέλλεσθαι
1694 2145 1721 2163 τι
1743 2136 1853 2172 προχεί-

1062 2187 1115 2214 ρως
1131 2179 1169 2215 τῷ
1189 2179 1257 2216 Θεῷ,
1274 2181 1335 2208 οὑδὲ
1352 2182 1504 2216 κατορθοῦν
1524 2183 1712 2218 ὑπισχνεῖσθαι
1732 2183 1764 2210 τὸ
1785 2184 1854 2218 ὑπὲρ

1059 2224 1174 2259 δύναμιν
1184 2225 1239 2252 ἐσθ’
1256 2227 1300 2253 ὅτε
1311 2248 1318 2260 ,
1331 2227 1370 2259 ὡς
1383 2228 1642 2260 κατεξουσιάζοντας
1653 2229 1706 2256 τῶν
1721 2229 1854 2265 πραγμά-

1026 2270 1047 2297 D
1059 2278 1124 2303 των,
1135 2271 1182 2297 καὶ
1189 2271 1269 2298 τοῦτό
1280 2281 1350 2308 φημι
1363 2274 1432 2308 πρὸς
1443 2274 1477 2300 τὰ
1489 2274 1521 2300 ἐκ
1531 2274 1581 2310 τῆς
1593 2274 1745 2309 ἀποτυχίας
1754 2275 1853 2311 ἐγκλή-

1061 2324 1135 2351 ματα
1149 2316 1266 2351 βλέπων.
1295 2318 1399 2350 ’Ἄλλως
1414 2328 1445 2346 τε
1459 2320 1505 2346 καὶ
1521 2320 1671 2356 ὑπεροψίας
1689 2321 1741 2347 οὑκ
1762 2322 1851 2357 ἀπηλ-

1060 2361 1156 2397 λάχθαι
1166 2362 1266 2397 νομίζω
1275 2363 1306 2390 τὸ
1317 2365 1516 2400 προαλέστερον
1525 2367 1622 2398 εἰπεῖν,
1631 2366 1671 2393 ὅτι
1683 2367 1851 2403 κατορθώσω

1058 2408 1119 2435 τόδε
1133 2417 1159 2435 τι
1174 2409 1266 2444 τυχὸν,
1283 2409 1299 2445 ἢ
1324 2410 1383 2438 τόδε
1402 2420 1438 2439 τι.
1462 2412 1517 2439 Καὶ
1536 2412 1589 2448 γὰρ
1606 2413 1650 2448 ἐφ’
1669 2413 1794 2447 ἅπασιν,
1812 2412 1852 2446 οἷς

1058 2453 1090 2481 ἄν
1117 2463 1159 2486 τις
1176 2454 1274 2490 δρᾶσαι
1301 2456 1441 2492 προέλοιτο
1466 2459 1512 2485 καὶ
1537 2457 1666 2494 βούληται
1685 2459 1849 2494 κατορθοῦν,

1054 2499 1143 2526 ἐκεῖνο
1158 2499 1274 2535 μάλιστα
1287 2501 1328 2528 δεῖ
1341 2503 1450 2536 φωνεῖν,
1461 2504 1529 2539 ὅπερ
1545 2504 1655 2540 εἴρηκεν
1665 2504 1679 2530 ὸ
1693 2504 1851 2539 σοφώτατος

1055 2543 1197 2581 μαθητήςο
1220 2546 1283 2573 Ἐὰν
1297 2547 1310 2573 ὁ
1324 2546 1426 2582 Κύριος
1437 2547 1513 2585 θέλῃ,
1526 2549 1573 2575 καὶ
1584 2548 1723 2585 ζήσωμεν.
1741 2550 1850 2587 Προθυ-

1055 2591 1120 2627 μίαν
1136 2591 1187 2628 μὲν
1211 2592 1265 2628 γὰρ
1283 2593 1333 2629 τὴν
1358 2594 1531 2630 ἀγαθουργόν
1547 2604 1619 2631 φημι
1639 2596 1694 2623 δεῖν
1720 2597 1783 2628 ταῖς
1793 2596 1849 2623 τῶν

1054 2637 1186 2672 φιλοθέων
1203 2639 1302 2666 ἐνεῖναι
1319 2639 1429 2679 ψυχαῖς,
1447 2640 1494 2667 καὶ¹
1516 2641 1546 2667 τὸ
1566 2641 1717 2678 κατορθοῦν
1740 2642 1847 2669 ἐθέλειν

1053 2683 1103 2718 τὴν
1118 2683 1218 2720 ἀρετὴν
1236 2685 1265 2718 ἐξ
1287 2685 1351 2721 ὅλης
1379 2685 1470 2721 ἰσχύος
1491 2687 1659 2721 ἐπείγεσθαι,
1688 2688 1738 2723 τὴν
1753 2688 1782 2714 δὲ
1800 2689 1848 2715 ἐπὶ

1055 2733 1093 2765 ὠς
1114 2733 1210 2769 ἔχοντα
1235 2734 1363 2769 προαλῶς
1390 2735 1617 2770 ἐπαγγέλλεσθαι.
1651 2736 1768 2773 Ἀψευδῆ
1792 2737 1849 2774 γὰρ

212 2779 283 2806 οὕτω
300 2777 339 2813 τῷ
355 2776 415 2811 Θεῷ
433 2776 481 2811 τὴν
499 2776 541 2810 ἐφ’
555 2776 640 2804 ἅπασι
660 2778 715 2809 τοῖς
736 2778 857 2814 ἀρίστοις
879 2782 1046 2816 ἐπαγγελίαν
1059 2782 1225 2817 τηρήσομεν,
1257 2781 1309 2814 ἔξω
1319 2791 1350 2809 τε
1364 2784 1431 2815 πόδα
1444 2784 1533 2816 αἰτίας
1559 2784 1666 2820 ἕξομεν,
1699 2785 1772 2813 κατὰ
1801 2785 1847 2814 τὸν

216 2825 277 2860 παρ’
295 2825 408 2859 Ἕλλησι
416 2823 505 2857 λόγον.
524 2824 602 2850 Ἔστι
623 2824 652 2851 δὲ
669 2825 715 2852 καὶ
732 2826 833 2863 ἑτέρως
851 2828 954 2863 ἀγαθὸν
970 2829 1000 2855 τὸ
1019 2829 1055 2865 μὴ
1069 2828 1200 2863 εὔξασθαί
1211 2837 1293 2863 τισιν,
1308 2829 1324 2865 ἢ
1337 2829 1479 2864 εὔξασθαι,
1497 2831 1544 2858 καὶ
1562 2831 1600 2867 μὴ
1613 2830 1772 2859 ἀποδοῦναι.

245 2884 291 2911 ⁸¹Ι
308 2883 371 2911 Cor.
388 2891 415 2916 κ,
437 2882 480 2910 ll.
520 2883 542 2899 ⁸³
563 2884 652 2912 Eccle.
675 2893 700 2918 v,
718 2886 744 2919 5,
761 2886 788 2913 4.
