1926 3041
63 173 112 202 177

95 228 142 263 Μὴ
156 230 358 264 ταρασσέσθω
376 230 460 266 ὑμῶν
477 231 496 266 ἠ
513 231 629 266 καρδία.

96 274 141 305 Ei;
155 273 236 301 τοῦτο
255 275 440 311 μικροψυχίας
461 277 675 312 κατοιχήσεσθαι
689 278 734 305 τὸν
749 278 853 314 Πέτρον

62 319 154 351 εἰπὼν,
172 319 211 352 ὡς
223 321 397 357 ἀρνήσασθαι
409 322 480 358 τρὶς,
502 323 549 349 καὶ
564 324 594 349 ὲν
609 324 659 360 μιᾷ
671 324 750 352 τοῦτο
763 325 855 352 πείσε-

63 365 122 392 σθαι
141 367 230 398 νυκτὶ,
248 369 282 403 τῇ
303 367 351 395 τοῦ
371 368 536 404 πράγματος
555 369 693 406 ὑπερϐολῇ
712 371 854 406 μονονουχὶ

61 411 104 438 τὸν
121 411 307 447 ἀκμαιότατον
324 413 379 441 τῶν
390 414 521 442 κινδύνων
538 414 662 448 ὑπέδειξε
678 416 778 450 φόϐον·
792 415 854 443 ὅθεν

61 455 94 492 ἦν
103 458 135 493 δή
152 467 221 491 που,
242 459 291 486 καὶ
306 460 380 495 μάλα
397 461 509 493 εἰκότως
523 482 531 493 ,
550 462 614 493 τοὺς
629 461 741 498 ἐτέρους
765 471 855 498 παρα-

63 503 156 538 χρῆμα
169 504 371 539 διαλογίζεσθαι
390 506 526 542 μαθητὰς,
541 506 584 538 τίς
599 507 653 542 ἄρα
666 507 715 534 καὶ
729 507 823 540 πόσος,
836 507 852 543 ἦ

63 550 138 577 ποῖον
150 550 206 583 ἕξει
219 551 250 578 τὸ
263 551 379 586 μέγεθος
388 553 442 579 τῶν
454 552 591 588 ἐσομένων
608 554 622 580 ὁ
638 553 720 588 φόϐος
731 573 739 585 ,
752 553 850 581 δυσκα-

62 594 221 631 ταμάχητος
236 596 265 623 δὲ
275 596 363 629 οὕτως
375 597 389 623 ὁ
404 598 557 634 πειρασμὸς
568 618 575 630 ,
597 598 634 630 ὡς
646 597 718 625 ἑλεῖν
738 598 788 634 μὲν
808 599 854 626 τὸν

62 641 226 677 προῦχοντα,
240 643 404 670 καταὸαλεῖν
415 643 444 670 δὲ
462 644 511 679 οὐχ
527 644 609 677 ἅπαξ,
625 644 682 670 ἀλλ’
697 645 725 671 ἐν
741 644 781 672 ἐνὶ
804 645 854 680 μὲν

62 688 204 720 πολλάκις,
225 689 273 716 καὶ
288 690 317 716 ἐν
332 689 412 725 ὀλίγῳ
430 690 530 726 καιρῷ.
543 691 592 722 Τίς
612 688 660 717 οὖν
674 689 728 726 ἄρα
744 691 774 717 ἐν
788 691 855 726 ἡμῖν

60 734 90 761 τὸ
104 735 132 762 ἐν
148 736 207 767 τοῖς
222 735 262 762 ἔτι
283 736 387 772 χείροσι
411 737 538 771 γενέσθαι
554 736 743 771 διαφεύξεται,
761 736 777 772 ἢ
796 736 854 769 πῶς

61 779 222 812 ἁνθέξειτις
242 780 353 816 ἕτερος,
372 780 420 808 τοῦ
439 781 544 816 Πέτρου
561 781 731 816 κινουμένου,
749 782 795 808 καὶ
813 781 854 816 τῷ

62 827 140 862 βάρει
149 826 206 853 τῶν
214 827 440 864 συμδεῦηκότων,
451 828 488 859 ὡς
496 827 527 860 ἐξ
535 827 667 863 ἀνάγκης,
678 827 852 861 ὑπείκοντος

61 873 157 908 Μάτην
174 870 222 900 οὖν
241 872 306 908 ἄρα,
327 873 390 905 τοὺς
411 872 459 899 ἐπὶ
476 872 516 908 τῷ
534 873 634 908 χρῆναι
644 873 854 900 κατακολουθεῖν

595 177 629 204 ΙΝ
642 177 786 205 JOANNIS
804 176 1031 206 EVANGELIUM
1052 177 1117 206 LiB.
1138 179 1183 207 IX.

1647 182 1697 210 £73

866 235 895 264 Α
942 233 1012 268 XIV,
1025 234 1050 262 Ι.
1068 234 1130 262 Νοη
1145 235 1265 263 turbetur
1277 244 1324 263 cor
1335 240 1460 264 vestrum.

941 280 1091 317 Postquam
1104 282 1175 310 dixit
1188 290 1221 310 eo
1235 283 1403 312 inﬁrmitatis
1422 292 1552 313 casurum
1573 284 1696 319 Petrum,

907 330 938 354 ut
949 331 993 355 ter
1005 332 1158 364 negaturus
1173 329 1218 361 sit,
1236 329 1320 365 idque
1336 338 1390 358 una
1405 331 1432 358 in
1447 335 1529 360 nocte
1543 332 1569 359 ei
1583 337 1697 360 eventu-

907 381 983 407 rum,
1000 375 1274 404 vehementissimum
1301 377 1490 412 periculorum
1516 383 1617 405 metum
1635 385 1698 412 prn-

908 421 1054 456 pemodum
1068 421 1249 450 indicavitrei
1260 422 1420 459 hyperbole,
1432 424 1505 452 unde
1518 423 1581 459 jure
1598 424 1698 452 merito

908 465 955 493 alii
969 467 1062 494 statim
1078 467 1208 503 discipuli
1219 468 1291 503 apud
1307 477 1337 497 se
1353 470 1475 505 cogitare
1492 474 1621 506 poterant
1637 471 1698 506 qui-

908 519 971 538 nam
985 516 1013 540 et
1028 517 1150 548 quantus
1163 517 1238 541 esset
1261 522 1354 542 rerum
1373 515 1530 543 futurarum
1550 520 1652 548 metus,
1672 520 1699 544 et

908 565 990 593 quam
1006 559 1097 594 gravis
1114 563 1142 587 et
1169 564 1328 596 expugnatu
1352 561 1470 590 diﬂlcilis
1491 563 1618 595 tentatio,
1637 570 1698 598 qua:

908 605 1078 640 praecipuum
1093 608 1121 633 et
1148 605 1281 633 eximium
1302 606 1380 634 illum
1410 607 1542 636 invasura
1568 613 1652 642 esset,
1671 613 1698 636 et

907 650 1048 685 dejectura
1077 658 1134 679 non
1167 652 1273 684 semel,
1299 652 1348 680 sed
1367 653 1395 681 in
1422 662 1478 681 uno
1504 661 1586 689 smpe,
1610 662 1699 689 eoque

907 696 984 724 brevi
997 700 1132 731 tempore.
1147 697 1216 730 Quis
1227 703 1351 726 nostrum
1366 699 1450 734 igitur
1461 700 1597 728 deteriore
1608 700 1698 727 adhuc

908 743 970 770 loco
983 750 1039 770 non
1054 743 1117 775 erit,
1138 748 1186 770 aut
1202 745 1344 778 quomodo
1370 746 1479 773 resistet
1494 745 1565 774 alius
1582 746 1656 774 ullus
1674 746 1698 774 si

907 788 1006 817 Petrus
1021 789 1193 821 concutitur,
1209 794 1237 817 et
1265 797 1381 818 casuum
1412 791 1541 826 gravitati
1564 792 1639 820 velut
1664 800 1699 820 ex

907 835 1075 863 necessitate
1099 836 1279 864 succumbit?
1307 836 1421 864 Frustra
1440 837 1523 873 igitur
1556 838 1584 865 in
1605 845 1638 866 eo
1656 846 1699 865 se-

908 881 1018 916 quendo
1033 881 1140 908 labores
1157 882 1339 916 pertulimus,
1358 886 1386 911 et
1412 883 1441 910 in
1469 890 1555 911 vanos
1584 884 1698 912 sudores

60 918 132 953 αὐτῷ
159 918 365 954 διηντλήκαμεν
382 918 492 950 πόνους,
507 918 554 945 καὶ
565 920 605 950 εἰς
618 918 721 954 ζημίαν
735 918 854 955 ἱδρώτων

910 926 1010 954 abeunt
1022 926 1109 954 nostri
1123 931 1253 959 conatus,
1270 928 1397 962 quamvis
1415 928 1487 963 apud
1511 928 1597 956 Deum
1614 930 1698 956 vitam

59 964 210 1000 ἐκτελευτᾷ
224 965 256 992 τὸ
271 964 450 1001 ἐπιχείρημα,
461 964 550 992 καίτοι
563 964 635 1000 ζωῆς
646 965 695 1000 τῆς
710 964 786 1001 παρά
797 964 855 1000 Θεῷ

59 1011 193 1047 πρόξενον
207 1008 278 1038 εἶναι
291 1010 398 1038 δοκοῦν.
411 1011 506 1039 Ταῦτά
518 1020 560 1038 τοι
583 1010 643 1038 καθ’
659 1011 772 1044 ἑαυτοὺς
787 1012 857 1038 διεν-

59 1057 207 1092 ουμείσθαι
221 1058 285 1089 τοὺς
301 1057 427 1093 μαθητὰς
440 1057 470 1085 τὸ
483 1058 598 1090 ἀπεικὸς
611 1059 689 1085 οὐδέν
698 1067 705 1073 ·
719 1058 813 1094 ἐπειδὴ
829 1058 858 1085 δὲ

58 1104 229 1140 κεκλιμένην
241 1104 335 1136 αὐτοῖς
350 1104 399 1139 τὴν
415 1103 535 1131 διάνοιαν
546 1103 715 1139 ἐπανορθοῦν
736 1103 788 1130 ἔδει
803 1103 857 1131 πά-

58 1150 109 1184 λιν,
120 1151 277 1186 ἀναγκαῖον
292 1150 387 1186 ὥσπερ
404 1152 460 1182 τοῖς
480 1150 606 1177 ἐντεῦθεν
623 1150 809 1185 διαλογισμοῖς
828 1158 858 1176 τε

59 1197 105 1223 καὶ
124 1197 266 1232 δείμασιν,
287 1197 453 1231 ἀντεπάγειν
475 1196 506 1223 τὸ
539 1196 697 1232 φάρμακον,
721 1196 803 1222 ὅπλον
827 1204 858 1222 τε

59 1243 199 1270 ποιεῖσθαι
213 1243 262 1279 τὴν
279 1243 432 1279 ἀταραξίαν
447 1242 600 1275 ἐπιτάττει,
614 1242 718 1276 λέγωντ
734 1251 743 1266 ι
753 1241 800 1277 Μὴ
811 1250 858 1268 τα-

60 1290 208 1326 ρασσέσθω
224 1289 302 1326 ὑμῶν
317 1290 335 1326 ἡ
346 1290 454 1326 καρδία.
473 1299 482 1316 ι
502 1289 576 1325 Ὅρα
589 1297 621 1323 γε
638 1289 703 1324 μὴν,
721 1288 796 1320 ὅπως
813 1289 860 1314 ἐπ-

59 1337 253 1373 εσκιασμένως
280 1337 372 1369 αὺτοῖς
397 1337 447 1372 τῆς
466 1336 600 1372 ἐσομένης
615 1336 708 1367 αὐτοῖς
726 1334 860 1370 μικροψυ-

59 1383 121 1418 χίας
142 1383 319 1418 ὐπισχνεῖται
335 1382 385 1418 τὴν
399 1383 508 1417 ἄφεσιν.
539 1381 791 1413 ’Δκατακαλύπτως
809 1381 860 1416 μὲν

59 1429 115 1465 γὰρ
134 1428 166 1455 οὖ
184 1437 279 1464 φησιν,
298 1429 340 1456 ὅτι
352 1428 551 1463 Συγγνώσομαι
566 1428 614 1455 καὶ
629 1427 823 1463 ὴσθενηκόσιν,
842 1427 861 1462 ἢ

58 1476 100 1502 ὅτι
115 1475 272 1511 Συνέσομαι
282 1474 364 1502 πάλιν
381 1475 457 1502 οὐδὲν
472 1471 554 1510 ἦττον
565 1473 767 1510 ἀρνησαμένοις
780 1472 797 1508 ἢ
811 1481 860 1499 πε-

60 1520 206 1556 φευγόσιν,
217 1520 262 1547 ἵνα
275 1520 313 1555 μὴ
324 1520 369 1547 τὸν
379 1521 411 1546 ὲκ
420 1519 467 1546 τοῦ
479 1519 611 1554 γελᾶσθαι
621 1522 629 1530 ⁹
639 1518 722 1554 φόὸον
729 1518 860 1550 όλοτελῶς

59 1567 233 1602 ἀποστήσας,
261 1566 310 1593 καὶ
324 1566 374 1602 τὴν
399 1567 431 1593 ἐκ
454 1566 502 1592 τοῦ
529 1565 713 1601 προσκρούειν
731 1564 860 1591 ὑπόνοιαν

907 971 1059 999 conciliare
1074 971 1232 999 videantur.
1249 974 1312 1000 Haec
1327 972 1400 1008 apud
1411 980 1441 1001 se
1455 973 1609 1008 discipulos
1624 974 1700 1009 cogi-

907 1021 968 1045 tare
983 1025 1040 1045 non
1054 1018 1104 1046 abs
1116 1026 1147 1047 re
1164 1019 1282 1047 dixerim
1297 1029 1304 1046 :
1327 1019 1377 1046 sed
1402 1026 1466 1046 cum
1490 1019 1629 1047 labantem
1644 1020 1700 1047 ani-

907 1071 982 1091 mum
997 1071 1099 1092 rursus
1115 1065 1221 1100 erigere
1242 1069 1316 1093 esset
1332 1066 1372 1093 eis
1388 1072 1478 1100 operae
1496 1066 1625 1101 pretium,
1651 1073 1700 1093 ne-

908 1110 1058 1138 cessarium
1074 1111 1280 1146 quodammodo
1294 1111 1339 1140 his
1359 1111 1575 1146 cogitationibus
1592 1119 1625 1139 ac
1642 1115 1699 1140 ter-

907 1156 1018 1184 roribus
1035 1156 1115 1184 ollert
1129 1158 1295 1190 remedium,
1308 1165 1412 1193 eosque
1437 1157 1588 1186 securitate
1615 1157 1702 1186 animi

908 1201 1010 1228 armari
1026 1201 1104 1237 jubet
1115 1202 1226 1230 dicens:
1241 1211 1252 1228 ι
1266 1201 1326 1230 Νοη
1340 1203 1467 1230 turbetur
1479 1210 1527 1230 cor
1538 1207 1671 1230 vestrum.
1688 1212 1704 1228 ι.

908 1247 977 1274 Vide
993 1255 1078 1282 porro
1098 1251 1128 1275 ut
1141 1248 1182 1276 eis
1196 1248 1359 1276 adumbrate
1374 1248 1544 1276 inﬁrmitatis
1559 1248 1701 1276 remissio-

908 1301 971 1321 nem
987 1294 1162 1328 polliceatur.
1183 1293 1239 1322 Nec
1253 1295 1325 1322 enim
1352 1298 1447 1330 aperte
1478 1295 1516 1321 ait
1537 1302 1567 1322 se
1590 1294 1702 1322 veniam

909 1338 1039 1366 daturum
1063 1339 1147 1366 etiam
1174 1339 1311 1372 inﬁrmis,
1336 1343 1384 1366 aut
1402 1339 1496 1367 denuo
1528 1342 1700 1367 versaturum

910 1391 973 1411 cum
991 1384 1027 1412 iis
1043 1391 1059 1411 a
1074 1385 1176 1420 quibus
1193 1389 1310 1420 negatus
1325 1384 1419 1417 fuerit,
1433 1389 1480 1411 aut
1494 1383 1543 1419 qui
1567 1383 1699 1420 fugerint,

910 1438 946 1458 ne
960 1434 1035 1458 metu
1054 1431 1181 1466 supplicii
1193 1431 1202 1441 ‘
1217 1431 1339 1464 sublato,
1351 1435 1380 1459 et
1390 1429 1553 1459 oﬂ‘ensionis
1567 1429 1699 1465 opinione

910 1485 1027 1512 prorsus
1046 1477 1192 1505 amandata
1205 1477 1335 1512 perfacile
1346 1477 1388 1505 eis
1404 1480 1548 1513 peccatum
1559 1476 1700 1508 redderet,

912 1527 940 1550 et
953 1522 1108 1557 negationis
1127 1522 1236 1557 culpam
1250 1529 1301 1558 pro
1317 1522 1404 1550 nihilo
1421 1521 1561 1550 aestimare
1581 1522 1700 1549 doceret.

914 1567 983 1595 Cum
1008 1571 1100 1595 autem
1132 1567 1242 1595 dicebat
1267 1567 1375 1595 turbari
1391 1575 1446 1595 non
1469 1570 1607 1602 oportere,
1630 1567 1702 1594 inter

60 1612 195 1644 ὁλοτελῶς
223 1611 353 1647 ἀφελὼν,
385 1610 456 1639 λεῖον
481 1611 575 1642 αὐτοῖς
606 1610 802 1646 ἀπεργάσηται
829 1609 854 1636 τί

913 1613 993 1648 761
1015 1620 1091 1647 spem
1110 1619 1142 1639 ac
1155 1615 1258 1640 metum
1275 1619 1324 1640 eos
1341 1612 1470 1647 ponebat,
1486 1616 1517 1639 ut
1532 1611 1650 1638 inﬁrmis
1668 1611 1702 1638 iis

60 1659 259 1694 πλημμέλημα
270 1679 277 1691 ,
297 1659 346 1684 καὶ
361 1657 427 1693 παρ’
447 1657 523 1684 οὐδὲν
538 1656 676 1684 ποιεῖσθαι
698 1655 792 1692 διδάξῃ
809 1655 859 1691 τὴν

61 1706 94 1731 ἐκ
104 1705 154 1740 τῆς
163 1705 307 1740 ἀρνήσεως
322 1703 438 1740 μέμψιν.
450 1703 487 1730 Τὸ
503 1703 532 1730 δὲ
548 1703 580 1738 δὴ
591 1702 629 1738 μὴ
641 1703 742 1738 χρῆναι
758 1701 861 1737 ταράτ-

61 1751 159 1778 τεσθαι
174 1751 274 1785 λέγων,
291 1751 390 1786 μέσους
400 1750 499 1782 αὐτοὺς
515 1749 624 1781 ἐλπίδος
636 1749 720 1776 ὲτιϐει
747 1749 795 1775 καὶ
806 1748 861 1775 δει-

64 1806 163 1833 ματος,
179 1797 214 1824 ἵν’
234 1797 400 1832 ἡσθενηκόσι
428 1797 477 1831 μὲν
499 1796 545 1822 καὶ
567 1795 701 1822 παθοῦσιν
723 1795 814 1826 αὐτοῖς
831 1794 862 1821 τὺ

62 1843 240 1879 ἀνθρώπινον
255 1844 272 1878 ή
288 1844 338 1878 τῆς
354 1842 523 1878 ἡμερότητος
547 1841 624 1873 ὲλπὶς
648 1840 717 1876 πρὸς
747 1839 778 1867 τὺ
795 1840 861 1867 ἀνα-

64 1889 169 1925 σφῆλαι
178 1889 322 1924 συμμαχῇ,
332 1888 455 1922 ὀλιγάκις
463 1887 490 1913 δὲ
498 1886 603 1913 πταίειν
609 1885 674 1913 ὁτοῦ
682 1885 863 1921 προσκρούειν

64 1937 165 1967 αὐτοὺς
181 1934 319 1971 ἐπιτρέπῃ
336 1934 428 1969 φόϐος,
440 1933 555 1968 ἐπείπερ
572 1932 665 1964 αὐτοῖς
680 1931 760 1958 οῠπω
776 1931 863 1966 μετῆν

63 1984 94 2010 τὸ
106 1983 146 2019 μὴ
161 1980 456 2009 δύνασθαιδιαπίπτειν
472 1980 550 2011 ὅλως,
565 1978 641 2006 οῠπω
655 1979 864 2014 κατημφιεσμὲ-

64 2039 121 2061 νοις
138 2029 191 2064 τὴν
213 2027 317 2056 ἄνωθεν
343 2027 391 2054 κα)⁴
413 2027 462 2063 τὴν
488 2026 518 2059 ea
534 2025 618 2061 ὕψους
643 2025 770 2059 δύναμιν,
789 2024 863 2051 τοῦτ’

64 2076 135 2108 ἐστι,
152 2075 203 2111 τὴν
219 2074 264 2101 διὰ
280 2074 327 2101 τοῦ
345 2073 505 2109 Πνεύματος
515 2073 606 2108 χάριν.
633 2071 788 2099 Ἐπιτάττει
806 2080 864 2098 τοι-

65 2121 171 2157 γαροῦν
187 2120 226 2156 μὴ
241 2119 435 2156 ταράττεσθαι,
458 2118 525 2154 ὁμοῦ
540 2118 590 2153 μὲν
605 2117 750 2149 διδάσκων,
768 2117 866 2153 ὅτιπερ

66 2169 206 2204 προσήκοι
232 2166 266 2202 δὴ
283 2166 393 2197 πάντως
422 2165 550 2200 ἀμείνους
572 2161 643 2190 εἶναι
659 2163 760 2196 δειλίας
774 2183 782 2197 ,
801 2163 866 2195 τοὺς

66 2213 256 2248 ἀγωνίζεσθαι
273 2212 421 2248 μέλλοντας
446 2212 494 2238 καὶ
505 2211 569 2242 τοὺς
582 2210 652 2245 ὑπὲρ
669 2210 719 2245 τῆς
731 2210 771 2241 είς
782 2209 867 2245 ἄκρον

66 2260 197 2291 εὐκλείας
207 2258 383 2294 είσϐήσεσθαι
393 2257 501 2289 πόνους.
514 2256 595 2291 Μέγα
606 2256 661 2291 γὰρ
671 2257 711 2288 είς
721 2255 866 2291 εὐτολμίαν

912 1663 940 1687 et
954 1659 1068 1686 humani
1098 1657 1227 1694 quiddam
1245 1658 1414 1693 patientibus
1429 1657 1563 1685 bonitatis
1587 1664 1650 1693 spes
1669 1656 1704 1684 ad

913 1704 1105 1740 respirandum
1130 1704 1324 1739 opitularetur,
1350 1707 1379 1731 et
1405 1711 1470 1731 raro
1490 1702 1590 1731 cadere
1618 1701 1705 1730 olTen-

913 1749 996 1778 dendi
1011 1755 1100 1778 metus
1113 1757 1162 1778 eos
1185 1750 1357 1783 admoneret,
1381 1748 1604 1785 quandoquidem
1619 1755 1704 1784 penes

913 1804 962 1824 eos
987 1796 1111 1824 nondum
1137 1800 1198 1824 erat
1222 1799 1253 1823 ut
1283 1796 1384 1824 cadere
1414 1803 1469 1823 non
1484 1797 1613 1830 possent,
1642 1801 1705 1821 cum

914 1842 1036 1870 nondum
1050 1842 1152 1870 virtute
1166 1849 1288 1877 superna
1303 1845 1331 1870 et
1343 1849 1376 1870 ex
1392 1842 1449 1869 alto
1463 1840 1552 1868 induti
1569 1839 1713 1875 essent“,

915 1890 968 1917 hoc
987 1893 1029 1917 est
1042 1889 1163 1924 Spiritus
1178 1889 1278 1923 gratia.
1295 1888 1377 1916 Iubet
1392 1888 1487 1923 itaque
1502 1891 1534 1915 ut
1561 1895 1619 1915 non
1647 1890 1706 1914 tur-

914 1935 1024 1968 bentur,
1044 1942 1100 1962 non
1126 1934 1209 1962 modo
1227 1933 1337 1970 quidem
1365 1933 1467 1961 docens
1492 1936 1568 1960 metu
1593 1932 1709 1960 omnino

915 1981 1072 2017 superiores
1088 1989 1150 2009 esse
1165 1981 1267 2008 debere
1281 1980 1327 2015 qui
1344 1979 1479 2008 certaturi
1494 1984 1581 2011 sunt,
1602 1982 1630 2006 et
1656 1977 1706 2013 qui

915 2035 967 2063 pro
993 2034 1100 2055 summa
1117 2027 1203 2063 gloria
1231 2026 1340 2054 labores
1363 2029 1429 2056 sunt
1457 2024 1563 2052 inituri.
1579 2024 1707 2059 Magnum

916 2074 1008 2109 itaque
1033 2073 1068 2100 ad
1094 2072 1180 2100 animi
1207 2072 1339 2099 virtutem
1364 2070 1520 2099 subsidium
1552 2072 1594 2097 est
1628 2076 1729 2102 mens.

917 2120 1121 2156 imperterrita:
1141 2127 1237 2148 verum
1257 2119 1345 2147 etiam
1365 2117 1514 2146 obscurius
1543 2123 1594 2144 nec
1608 2115 1706 2143 admo-
1725 2110 1732 2130 ί

917 2168 982 2195 dum
999 2171 1102 2202 aperte,
1117 2166 1290 2194 remissionis
1312 2170 1403 2192 tamen
1421 2171 1500 2199 spem
1517 2162 1714 2193 subinserens,

917 2211 984 2239 licet
1005 2219 1039 2238 ex
1066 2210 1227 2238 inﬁrmitate
1252 2210 1375 2237 humana
1396 2209 1424 2236 in
1452 2208 1627 2236 timiditatem
1651 2206 1708 2233 labi

919 2255 1077 2291 contigerit.
1095 2255 1212 2282 Animus
1243 2255 1318 2282 enim
1346 2260 1464 2288 superna
1482 2252 1572 2288 gratia
1585 2251 1719 2279 nondum.

68 2307 177 2341 ἐφόδιον
192 2307 207 2332 ὁ
222 2306 360 2340 ὰτάραχος
372 2303 433 2336 νοῦς
448 2312 455 2318 ’
469 2302 537 2339 ὁμοῦ
552 2302 582 2329 δὲ
600 2299 634 2329 αὖ
651 2301 731 2329 πάλιν
744 2301 851 2337 ἀμυδρά

921 2302 1058 2334 ﬁrmatus,
1075 2300 1188 2328 timidus
1205 2304 1258 2334 est,
1274 2307 1307 2327 ac
1321 2299 1403 2327 facile
1418 2298 1542 2330 concuti,
1561 2298 1718 2332 statimque

67 2361 160 2388 τερον,
180 2352 230 2378 καὶ
247 2351 276 2377 οὐ
292 2350 396 2385 σφόδρα
409 2348 549 2383 διαφανῶς
560 2368 568 2381 ,
589 2347 764 2382 ὑποσπείρων
778 2347 801 2374 δ’
820 2344 854 2374 οὗ·

921 2347 1030 2376 turbari
1064 2347 1143 2375 solet.
1162 2346 1336 2381 Proindeque
1355 2345 1460 2372 Paulus
1487 2343 1711 2379 sapientissimus

69 2399 144 2434 ὅμως
172 2398 224 2433 τῆς
245 2396 372 2431 ἀφέσεως
388 2395 437 2431 τὴν
454 2394 560 2428 ἐλπίδα,
573 2393 621 2420 καὶ
644 2394 669 2420 εἰ
688 2393 792 2428 γένοιτό
809 2402 854 2420 πωη

924 2394 994 2423 bene
1007 2401 1123 2429 precans
1138 2393 1281 2420 nonnullis
1293 2392 1411 2420 scribit:
1438 2401 1447 2417 ι
1468 2391 1501 2418 Et
1518 2397 1571 2426 pax
1594 2389 1713 2422 Christi,

70 2446 165 2477 αὐτοῖς
186 2445 218 2472 τὺ
240 2444 270 2476 ἐξ
290 2443 466 2479 ἀνθρωπίνης
493 2439 677 2476 μικροψυχίας
698 2439 853 2466 κατολισθεῖ

919 2447 982 2475 quae
1006 2444 1155 2476 exsuperat
1179 2447 1290 2467 omnem
1314 2445 1440 2470 sensum,
1469 2436 1610 2466 custodiat
1626 2436 1711 2464 corda

70 2494 112 2524 εἰς
129 2491 246 2518 δειλίαν.
264 2489 338 2522 Νοῦς
360 2489 415 2525 γὰρ
438 2488 516 2515 οὔπω
541 2488 575 2522 τῇ
594 2486 699 2514 ἄνωθεν
725 2485 854 2521 ζδρυμένο

919 2489 1013 2514 vestra
1023 2486 1059 2514 “.
1083 2495 1094 2513 ι
1119 2485 1148 2513 ld
1162 2486 1236 2513 enim
1259 2489 1311 2518 est,
1336 2488 1366 2511 ut
1382 2491 1436 2511 non
1453 2482 1583 2511 turbetur
1602 2489 1652 2510 cor
1664 2489 1712 2509 vc-

70 2539 177 2574 χὰριτι,
196 2536 285 2568 δειλός
299 2545 331 2562 τε
356 2536 403 2563 καὶ
414 2534 628 2569 εὐανάτρεπτος,
648 2531 695 2558 καὶ
710 2531 751 2563 εἰς
761 2532 792 2558 τὸ
807 2531 870 2558 κλο-
922 2537 1021 2561 atrum.

69 2572 177 2610 νεέσθαι
192 2582 288 2618 ταχύς.
300 2580 350 2608 Διά
361 2589 402 2607 τοι
415 2579 494 2606 τοῦτο
505 2599 512 2611 ,
529 2576 578 2604 καὶ
594 2577 609 2603 ὸ
641 2576 799 2612 σοφώτατος
828 2576 935 2609 Παῦλος
966 2579 1150 2615 ἐπευχόμενος
1171 2587 1244 2606 τισιν
1268 2576 1439 2604 ἐπιστέλλει·
1471 2585 1481 2602 ι
1496 2575 1553 2603 Καὶ
1577 2574 1594 2610 ὴ
1617 2572 1720 2609 είρήνη,

69 2630 119 2656 τοῦ
136 2629 259 2665 Χριστοῦ
273 2648 280 2659 ,
301 2628 319 2661 ἡ
336 2625 508 2662 ὑπερέχουσα
527 2624 618 2665 πάντα
631 2622 694 2650 νοῦν
718 2624 868 2659 φρουρήσει
886 2623 937 2656 τὰς
950 2626 1064 2661 καρδίας
1075 2625 1163 2661 ὑμῶν.
1182 2635 1191 2651 ι
1210 2625 1296 2652 Τοῦτο
1308 2626 1362 2661 γάρ
1373 2625 1431 2650 ἔστι
1447 2622 1478 2649 τὺ
1508 2621 1546 2657 μὴ
1579 2619 1713 2655 ταράττε-

71 2677 136 2705 σθαι
152 2664 203 2712 τὴν
217 2674 346 2710 καρδίαν.
570 2664 578 2673 ’

108 2711 272 2751 Πιστεύετε
293 2721 337 2753 εις
351 2720 405 2746 τὸν
420 2718 503 2750 Θεὸν,
515 2716 564 2744 καί
578 2716 623 2749 είς
637 2715 689 2750 ἐμὲ
701 2718 854 2745 πιστεύετε

961 2715 1021 2743 XIV
1032 2736 1040 2749 ,
1062 2716 1089 2744 i.
1106 2715 1210 2743 Credite
1222 2715 1250 2742 in
1263 2713 1345 2741 Deum
1355 2735 1362 2746 ,
1377 2713 1440 2741 etin
1455 2721 1495 2739 me
1508 2711 1611 2739 credite.

114 2769 248 2803 Ὁπλίτην
259 2766 410 2802 ἐργάζεται
429 2764 475 2791 τὸν
488 2763 551 2799 ἀρτι
566 2760 663 2793 δειλὸν,
677 2763 724 2789 καὶ
736 2763 780 2790 διὰ
799 2773 854 2800 πρα

961 2762 1013 2796 Qui
1027 2762 1108 2790 modo
1122 2762 1235 2789 timidus
1248 2766 1308 2788 erat
1321 2767 1395 2787 nunc
1409 2759 1539 2786 audacem
1556 2757 1716 2785 bellatorem

77 2815 189 2852 τμάτων
201 2815 234 2841 ὲκ
245 2813 332 2848 φόϐου
345 2811 509 2848 τραυμάτων
527 2806 666 2835 ποιεῖσθαι
679 2808 784 2836 κελεύει
796 2810 826 2836 τὸ
843 2811 854 2837 ὲ

927 2808 1013 2841 facit,
1039 2812 1066 2836 et
1089 2815 1137 2843 per
1156 2814 1255 2842 opera,
1279 2814 1312 2834 ex
1335 2805 1447 2833 timoris
1471 2803 1632 2832 vulneribus
1656 2810 1717 2830 ere-

117 2906 138 2920 “
153 2904 219 2932 Luc.
241 2909 306 2930 xxiv
336 2900 382 2928 49,
423 2900 443 2915 ³⁵
463 2900 581 2936 Philipp.
601 2909 636 2935 ιν,
661 2902 686 2928 7,
