1896 3034
198 177 249 205 179

720 180 748 208 S.
768 180 906 209 CYRILLI
923 181 1162 212 ALEXANDRINI
1178 185 1338 214 ARCHIEP.

1795 186 1846 213 150

201 240 275 264 ctum
289 239 317 264 et
332 237 431 265 fortem
446 239 568 266 animum
580 239 608 266 in
622 238 674 267 ﬁde
689 239 745 267 fieri
760 239 848 274 jubet.
861 239 907 268 Sic
918 248 949 268 en

1106 251 1135 269 rat
1155 245 1264 280 γοργόν.
1289 244 1437 280 Σωζόμεθα
1459 244 1515 281 γὰρ
1528 245 1625 276 οὓτως,
1649 244 1698 271 καὶ
1724 244 1778 278 οὐχ
1795 244 1854 269 ἐτέ-

202 284 355 317 salvamur,
373 292 406 312 ac
424 292 477 313 non
497 285 588 319 aliter,
600 286 679 321 juxta
696 286 763 314 illud
782 287 855 322 quod
873 288 900 315 in
916 286 994 315 Psal-

204 332 255 360 mis
270 331 380 360 canitur
402 339 409 359 :
437 341 447 358 ‹
467 331 602 360 Dominus
628 332 795 360 illuminatio
810 340 872 361 mea
887 337 917 362 et
933 332 994 361 Sal-

204 382 283 405 vator
302 385 381 406 meus
404 387 411 406 :
436 385 517 414 quem
547 378 673 407 timebo?
695 378 831 408 Dominus
853 383 995 415 protector

201 424 265 451 vitae
277 431 354 456 meae.
372 431 387 451 a
403 432 459 460 quo
472 425 616 460 trepidabo
631 425 672 453 “1’
692 425 905 461 Cunctipotente
920 426 994 454 enim

201 469 256 497 Deo
269 478 319 505 pro
332 470 412 498 nobis
424 475 565 506 pugnante
577 474 662 507 atque
674 479 724 499 nos
733 476 912 507 protegente,
930 472 993 508 quis

201 516 280 544 nobis
301 523 401 544 nocere
421 516 534 552 possit?
552 516 621 550 Quis
636 521 742 545 tantum
756 518 865 546 roboris
879 518 995 547 habitu-

200 569 249 589 rus
260 565 303 590 est
314 569 436 598 unquam
449 583 457 596 ,
478 566 509 591 ut
530 563 636 592 electos
659 563 714 592 sibi
730 564 861 599 subjiciat
875 585 881 597 .
896 569 924 593 et
938 573 997 594 suae

201 607 391 641 perversitatis
419 608 556 637 obnoxios
580 607 691 636 faciat?
714 609 771 638 Aut
792 610 856 645 quis
871 611 998 647 captivos

202 653 286 681 faciat
302 661 350 683 eos
371 654 418 689 qui
436 653 531 683 divina
547 654 672 690 undique
690 656 792 683 muniti
814 661 880 685 sunt
904 664 997 685 arma-

203 699 284 726 tura?
306 698 389 728 Fides
407 700 501 736 itaque
524 705 666 728 armatura
687 704 732 729 cst
748 702 868 730 infracta
883 707 911 731 et
923 703 998 737 lata,

202 753 264 782 qua:
286 746 423 782 ignaviam
447 753 481 774 ac
507 750 643 775 terrorem
665 749 790 781 avertit,
814 753 841 777 et
867 750 1000 786 nequitia:

202 791 258 820 tela
268 791 348 819 irrita
362 795 389 819 et
404 791 515 819 inutilia
530 799 647 827 prorsus
660 793 753 822 elIicit.
767 793 837 822 Cum
854 802 920 831 ergo
936 795 999 824 ﬁdei

204 838 277 865 ratio
289 838 327 865 ita
343 844 374 865 se
390 837 491 866 habeat
501 857 509 871 ,
525 837 728 867 observandum
740 844 785 868 est
795 841 999 877 rursusjussos

1047 297 1113 324 ρως,
1131 290 1191 316 κατ’
1206 290 1295 316 ἐκεῖνο
1305 290 1337 325 δή
1361 298 1412 316 που
1427 289 1457 316 τὸ
1472 290 1501 316 ἐν
1523 289 1651 324 Ψαλμοῖς
1669 287 1854 323 μελῳδούμε-

1046 342 1105 362 νον·
1128 345 1138 361 ε
1159 335 1262 372 Κύριος
1289 335 1429 370 φωτισμός
1446 343 1497 370 μου
1521 334 1569 360 καὶ
1593 333 1688 368 σωτήρ
1705 341 1772 367 μου,
1792 331 1854 357 τίνι

1047 381 1255 418 φοϐηθήσομαι;
1275 381 1379 417 Κύριος
1401 379 1610 417 ὑπερασπιστὴς
1624 379 1675 414 τῆς
1690 378 1769 413 ζωῆς
1788 387 1853 413 μω,

1047 428 1101 454 ἀπὸ
1114 428 1186 460 τίνος
1195 427 1321 455 δειλιάσω
1332 435 1339 460 ;
1351 437 1361 453 ›
1371 426 1616 462 ’Υπερμαχομένου
1628 424 1696 460 γὰρ,
1707 424 1756 451 καὶ
1770 424 1855 457 ὑπερ-

1047 473 1212 506 ασπίζοντας
1232 471 1311 508 ἡμῶν
1330 472 1378 500 τοῦ
1394 473 1484 500 πάντα
1505 471 1645 507 ἰσχύοντος
1661 469 1746 502 Θεοῦ,
1758 470 1803 500 τίς
1822 469 1854 496 ἂν

1047 520 1121 555 ἡμᾶς
1133 519 1242 547 δύναιτο
1256 517 1377 551 κακοῦν;
1399 517 1448 550 Τίς
1464 517 1492 544 δὲ
1510 517 1603 553 ἰσχύος
1623 517 1664 548 είς
1684 515 1768 542 τοῦτο
1788 515 1855 550 δρα-

1050 566 1141 601 μεῖται
1163 565 1255 601 τυχὸν,
1288 565 1326 597 ὡς
1353 564 1406 592 ὑπὸ
1429 565 1508 600 χεῖρα
1537 563 1650 599 ποιῆσαι
1682 562 1855 595 τοὺς“ὲιιλε-

1049 612 1142 643 κτοὺς,
1154 611 1202 638 καὶ
1216 613 1272 643 τοῖς
1284 611 1335 645 τῆς
1345 610 1443 638 ἑαυτοῦ
1451 609 1617 646 δύστροπίας
1631 609 1781 636 ὑποθεῖναι
1805 617 1854 635 κα-

1049 659 1126 691 κοῖς;
1149 658 1186 684 ’Ἡ
1203 658 1246 690 τίς
1262 658 1295 685 ἂν
1312 658 1410 691 ἕλοιτο,
1428 658 1475 685 καὶ
1493 657 1679 693 δορυκτήτους
1703 657 1855 691 ποιήσαιτο

1050 706 1114 737 τοὺς
1134 704 1184 740 τὴν
1201 703 1278 731 θείαν
1302 704 1413 740 ἔχοντας
1438 703 1620 739 παντευχίαν;
1641 702 1747 730 Ὄπ).ον
1769 700 1819 729 οὖν
1840 704 1854 736 ἡ

1051 750 1155 782 πίστις,
1170 749 1294 786 ὰρῥαγές
1305 758 1335 777 τε
1346 749 1394 776 καὶ
1409 748 1507 781 πλατὺ,
1521 749 1568 786 καὶ
1582 748 1632 783 τὴν
1648 748 1681 776 ὲκ
1691 747 1741 774 τοῦ
1755 746 1854 773 παθεῖν

1050 796 1154 825 οἴεσθαί
1181 783 1215 824 τι.
1232 783 1312 831 τυχὸν
1338 795 1494 831 ἀποτρέπον
1516 783 1628 827 δειλίαν,
1660 794 1801 829 ἀπρακτᾶ
1826 801 1855 820 τε

1052 842 1193 874 παντελῶς
1212 843 1259 869 καὶ
1275 842 1392 878 ἀνόνητα
1403 840 1543 873 παντελῶς
1553 842 1610 872 τοῖς
1624 840 1808 876 πειράζουσι,
1823 839 1856 865 τΞι

204 890 268 911 esse
282 882 436 918 discipulos
451 891 507 911 non
524 884 553 912 in
573 884 660 912 Deum
674 889 780 914 tantum
801 887 915 916 credere
926 908 934 921 ,
951 900 952 915 ι

1116 889 1250 924 πονηρίας
1263 888 1353 915 αὐτῶν
1367 886 1515 915 ἀποτελοῦν
1530 887 1606 922 βέλη.
1625 886 1761 921 Ἕχοντος
1773 885 1803 911 δὲ
1816 884 1854 910 οὗ·

205 935 234 958 et
249 930 275 957 in
291 930 381 964 ipsum
396 929 537 958 Christum
551 951 558 963 ,
579 939 633 959 non
652 933 725 967 quod
744 933 804 968 ipse
820 934 896 962 aliud
915 936 998 971 quid-

206 976 268 1003 dam
295 976 336 1004 sic
357 983 389 1004 ac
408 976 549 1005 diversum
569 985 584 1004 a
602 977 657 1006 Deo
676 980 831 1008 secundum
849 986 976 1010 naturam
989 1003 997 1015 .

206 1021 349 1050 identitate
364 1022 497 1051 nimirum
515 1023 678 1053 substantia
692 1035 699 1060 ;
716 1026 765 1055 sed
780 1028 857 1063 quia,
872 1029 915 1057 his
929 1029 997 1058 dun.

206 1072 283 1095 taxat
296 1068 409 1097 credere
424 1069 452 1097 in
467 1069 564 1102 Deum,
582 1070 645 1099 ﬁdei
657 1073 824 1108 completam
836 1082 899 1103 esse
913 1076 999 1103 ratio-

207 1123 271 1143 nem
300 1115 463 1144 existimare
477 1137 486 1150 ,
509 1116 633 1145 Judaicae
655 1119 861 1153 quodammodo
881 1121 1000 1150 levitatis

208 1161 349 1197 proprium
365 1162 446 1199 762
463 1167 521 1197 est,
535 1163 588 1191 ﬁde
602 1171 669 1192 vero
681 1165 708 1193 in
721 1165 807 1194 Deum
821 1166 883 1195 Filii
899 1175 999 1196 nomen

208 1206 370 1240 includere,
400 1207 606 1243 praedicationis
636 1210 804 1246 evangelica:
832 1217 999 1248 pmceptum

206 1261 269 1281 esse
284 1253 404 1282 videtur.
417 1253 561 1290 Quotquot
574 1255 648 1283 enim
661 1259 738 1284 recte
754 1257 898 1290 sentiunt,
915 1258 1000 1286 Deum

207 1307 240 1328 ac
254 1299 363 1327 Patrem
384 1300 498 1329 credere
516 1305 643 1336 oportet,
669 1310 758 1338 neque
784 1304 948 1340 simpliciter
973 1305 1001 1333 in

207 1344 309 1374 Filium
321 1365 330 1379 ,
346 1345 395 1374 sed
416 1350 445 1374 et
470 1346 549 1374 illum
567 1347 742 1376 incarnatum
756 1369 764 1382 ,
787 1353 814 1377 et
829 1350 857 1377 in
874 1355 1002 1379 sanetum

209 1391 356 1426 Spiritum.
379 1391 480 1419 Sancta
505 1393 578 1420 enim
601 1397 629 1421 et
650 1394 897 1423 consubstantialis
909 1395 1004 1424 Trini-

209 1440 254 1464 tas
266 1457 274 1469 ,
292 1440 320 1464 et
333 1436 478 1465 nominum
492 1436 673 1471 differentiis,
696 1443 724 1466 et
737 1446 919 1474 personarum
935 1448 1004 1476 qna-

209 1482 338 1510 litatibus
364 1489 396 1509 ac
427 1482 645 1518 proprietatibus
673 1483 857 1520 distinguitur
880 1493 887 1512 :
922 1485 1005 1514 Pater

209 1527 283 1554 enim
303 1531 346 1555 est
367 1526 467 1559 Pater,
490 1534 524 1554 ac
550 1534 606 1554 non
626 1525 716 1555 Filius
730 1547 738 1561 ,
760 1533 788 1556 et
804 1528 890 1557 Filius
905 1537 1004 1557 rursus

1049 944 1089 962 τω
1100 935 1147 962 τοῦ
1159 936 1209 970 τῆς
1224 934 1342 966 πίστεως
1352 934 1445 968 λόγου,
1459 933 1540 960 πάλιν
1554 934 1644 960 ἐκεῖνο
1657 931 1854 959 διασκεπτέον·

1048 982 1239 1010 διεκελεύσατο
1248 981 1304 1017 γὰρ
1316 980 1454 1008 πιστεύειν
1467 980 1577 1012 αὐτοὺς,
1592 979 1642 1006 οὒκ
1659 979 1700 1010 εἰς
1710 977 1797 1013 μόνον
1812 977 1855 1002 τὸν

1049 1029 1128 1060 Θεὸν,
1149 1028 1218 1056 ἀλλὰ
1243 1028 1290 1055 καὶ
1308 1029 1349 1060 είς
1370 1027 1461 1061 αὑτὸν,
1488 1027 1538 1062 οὐχ
1557 1027 1595 1058 ὼς
1610 1025 1707 1061 ἔτερόν
1728 1033 1758 1051 τι
1780 1024 1856 1058 παρά

1049 1076 1095 1103 τὸν
1118 1076 1183 1103 ὅντα
1199 1074 1279 1110 φύσει
1300 1073 1367 1101 Θεὸν
1390 1074 1521 1109 ὑπάρχων
1546 1073 1638 1104 αὐτὸς,
1664 1072 1729 1098 ὅσον
1756 1071 1799 1102 είς
1816 1070 1856 1096 ού-

1051 1122 1112 1154 σίας
1133 1121 1286 1157 ταυτότητα
1304 1121 1392 1155 λέγω,
1409 1119 1466 1146 ἀλλ’
1481 1120 1521 1146 ὅτι
1535 1119 1566 1146 τὺ
1581 1119 1622 1151 είς
1643 1117 1714 1144 Θεὸν
1741 1115 1856 1144 πιστεῦ-

1051 1177 1108 1199 σαι,
1128 1167 1157 1194 ἐν
1173 1175 1202 1194 τε
1220 1165 1307 1202 τούτῳ
1325 1166 1398 1201 μόνῳ
1415 1165 1454 1201 τῷ
1472 1166 1584 1201 ῥήματι,
1599 1163 1647 1190 τὸν
1663 1164 1715 1198 τῆς
1735 1162 1856 1191 πίστεως

1050 1213 1153 1242 οἴεσθαι
1170 1213 1226 1241 δεῖν
1252 1212 1482 1248 συμπεπερᾶσθαι
1505 1211 1596 1246 λόγον,
1623 1209 1782 1243 Ἰουδαϊκῆς
1799 1207 1856 1239 πώς

1051 1260 1126 1286 ἐστιν
1142 1258 1269 1290 ὑπονοίας
1285 1259 1361 1290 ἴδιον,
1374 1258 1405 1284 τὸ
1417 1258 1446 1284 δὲ
1455 1259 1488 1293 τῇ
1502 1259 1543 1289 εἰς
1557 1257 1624 1298 Θεόν
1634 1256 1729 1282 πίστει
1747 1263 1856 1282 συνεισ-

1052 1305 1167 1340 άγεσθαι
1184 1305 1214 1332 τὸ
1230 1305 1316 1340 ὀνομα
1331 1305 1379 1332 τοῦ
1398 1305 1477 1337 Υἰοῦ,
1499 1303 1689 1340 κηρυγμάτων
1708 1301 1856 1336 εὐαγγελι-

1051 1353 1108 1380 κῶν
1120 1353 1261 1389 ἐπίταγμα
1274 1353 1410 1387 φαίνεται.
1427 1353 1473 1378 Δεῖ
1482 1350 1537 1386 γὰρ
1548 1349 1692 1377 πιστεύειν
1711 1349 1780 1380 τοὺς
1791 1348 1819 1374 οἴ
1827 1355 1857 1380 γε

1053 1398 1197 1435 φρονοῦσιν
1229 1398 1334 1434 ὀρθῶς,
1363 1397 1401 1430 είς
1423 1405 1456 1432 γε
1480 1397 1548 1424 Θεὸν
1576 1395 1703 1430 Πατέρα,
1731 1394 1786 1421 καὶ
1811 1393 1857 1427 οὐχ

1054 1444 1147 1476 ἁπλῶς
1158 1444 1198 1477 είς
1215 1444 1290 1476 Υίὸν,
1306 1443 1374 1471 ἀλλὰ
1392 1442 1440 1470 καὶ
1457 1442 1726 1478 ὲνανθρωτιήσαντα,
1747 1441 1801 1467 καὶ
1821 1440 1858 1470 εἰς

1053 1491 1083 1517 τὺ
1096 1490 1207 1526 Πνεῦμα
1221 1489 1252 1516 τὺ
1265 1489 1354 1524 ἅγιον.
1371 1489 1404 1516 Ἦ
1429 1489 1479 1524 μὲν
1492 1489 1547 1524 γὰρ
1564 1487 1632 1522 ἁγία
1650 1495 1682 1514 τε
1698 1486 1748 1513 καὶ
1758 1484 1857 1521 ὀμοού-

1056 1545 1113 1568 σιος
1129 1536 1224 1572 Τριὰς,
1241 1536 1288 1563 καὶ
1312 1536 1372 1567 ταῖς
1392 1535 1447 1562 τῶν
1463 1535 1606 1570 ὀνομάτων
1629 1533 1794 1568 διαφοραῖς,
1815 1530 1858 1557 καὶ

209 1577 251 1600 est
266 1572 366 1605 Filius,
384 1580 417 1600 ac
432 1579 490 1600 non
514 1571 614 1605 Pater,
632 1575 661 1600 et
676 1572 798 1608 Spiritus
822 1578 865 1602 est
882 1574 955 1610 Spiri

1108 1592 1110 1603 ν
1124 1571 1279 1618 προσώπων
1288 1582 1414 1617 ποιότησι
1425 1590 1455 1608 τε
1467 1581 1515 1608 καὶ
1527 1580 1642 1615 ἰδιότησι
1656 1578 1856 1606 διαστέλλεται.

209 1622 324 1645 sanctus
344 1617 498 1646 divinitatis
521 1618 674 1653 proprius:
695 1624 722 1647 et
742 1620 772 1647 in
790 1621 916 1649 eamdem
936 1622 1002 1651 sub-

209 1663 319 1692 stantiae
342 1663 481 1691 rationem
501 1664 649 1696 coalescit,
672 1671 729 1692 non
755 1669 812 1693 tres
834 1666 932 1699 nobis,
955 1666 1004 1694 scd

209 1715 295 1735 unum
320 1706 408 1735 Deum
437 1708 609 1743 exprimens.
639 1708 776 1738 Distincte
803 1711 898 1745 itaque
923 1712 1004 1740 nobis

209 1753 346 1780 edendam
365 1760 428 1781 esse
443 1753 524 1781 ﬁdem
541 1754 595 1788 aio,
615 1762 671 1782 non
686 1755 851 1790 simpliciter
865 1756 982 1785 dicendo
995 1768 1002 1785 :

209 1797 355 1826 Credimus
371 1797 400 1826 in
416 1797 514 1833 Deum,
533 1799 580 1828 sed
595 1800 797 1830 confessionem
812 1803 1002 1838 extendendo,

209 1847 238 1870 et
260 1843 362 1878 cuique
387 1851 512 1879 personae
530 1845 656 1873 eamdem
678 1846 773 1881 gloriae
793 1848 927 1877 rationem
954 1851 1005 1878 tri-

210 1888 333 1917 buendo.
346 1888 504 1917 Diﬁ‘erentia
518 1891 621 1926 quippe
637 1891 698 1920 ﬁdei
713 1893 789 1920 nulla
801 1898 845 1922 est
857 1895 885 1922 in
901 1896 983 1923 nobis
995 1905 1002 1923 :

212 1942 262 1962 nec
276 1935 351 1962 enim
365 1935 454 1971 major
465 1940 509 1964 est
527 1937 554 1964 in
570 1937 652 1966 nobis
668 1938 736 1967 ﬁdes
752 1947 814 1977 quae
829 1940 857 1968 in
876 1940 985 1969 Patrem
995 1962 1004 1974 ,

211 1981 304 2008 minor
321 1985 412 2009 autem
425 1989 488 2017 quae
503 1982 532 2010 in
543 1982 655 2018 Filium,
670 1989 699 2012 et
711 1991 836 2014 sanctum
852 1986 1002 2022 Spiritum:

211 2025 260 2054 sed
295 2033 350 2054 una
383 2027 537 2064 eademque
558 2029 744 2058 confessionis
761 2032 834 2058 ratio
853 2039 886 2059 ac
905 2032 1006 2061 modus

211 2079 259 2107 per
275 2071 329 2099 tria
345 2072 404 2100 haec
423 2073 535 2100 nomina
556 2075 701 2110 aequaliter
714 2076 874 2104 extenditur
885 2096 894 2109 ,
919 2081 949 2104 ut
972 2078 1005 2105 ad

212 2118 347 2145 unitatem
364 2122 471 2145 natura:
487 2119 569 2146 etiam
585 2127 634 2155 per
648 2120 705 2148 haec
720 2121 780 2156 ipsa
794 2122 953 2150 coalescere
966 2123 1006 2151 vi-

211 2163 311 2191 deatur
328 2168 424 2191 sancta
448 2163 590 2197 Trinitas,
607 2170 635 2193 et
647 2165 787 2200 inculpata
800 2174 916 2202 prorsus
930 2168 1006 2197 circa

212 2210 301 2245 ipsam
317 2209 450 2245 effulgens
463 2209 563 2244 gloria,
575 2214 660 2245 atque
675 2211 703 2238 in
715 2211 816 2241 animis
828 2213 932 2242 nostris
946 2221 1004 2243 cer-

1054 1629 1149 1664 Πατὴρ
1175 1629 1229 1665 γάρ
1246 1629 1321 1656 ἐστιν
1346 1629 1360 1654 ὀ
1375 1627 1471 1663 Πατὴρ
1491 1627 1540 1655 καὶ
1563 1627 1613 1662 οὐχ
1628 1626 1707 1658 Υἱὸς,
1730 1624 1784 1652 καὶ
1799 1624 1859 1655 Υῑδς

1053 1675 1134 1702 πάλιν
1144 1677 1159 1702 ὀ
1172 1675 1234 1707 Υἱὸς
1253 1674 1301 1702 καὶ
1317 1674 1347 1701 ού
1373 1674 1480 1710 Πατὴρ,
1497 1674 1545 1700 καὶ
1561 1672 1678 1708 Πνεῦμα
1692 1671 1725 1698 τὸ
1744 1670 1859 1704 Πνεῦμα

1052 1721 1084 1747 τδ
1101 1719 1178 1754 ἅγιον
1195 1719 1261 1746 ῐδιον
1280 1718 1331 1754 τῆς
1353 1718 1492 1754 θεότητος·
1513 1717 1562 1745 καὶ
1580 1718 1621 1749 εἰς
1642 1717 1691 1744 τὸν
1709 1715 1801 1743 αὐτὸν
1816 1715 1859 1749 τῆς

1054 1765 1148 1797 οὐσίας
1171 1764 1418 1800 ἀνακεφαλαιοῦται
1442 1763 1576 1798 λόγον,οὐ
1593 1764 1670 1799 τρεῖς
1692 1763 1778 1797 ἡμῖν,
1807 1760 1859 1788 ἀλλ’

1053 1811 1101 1838 ἕνα
1110 1810 1177 1837 Θεὸν
1201 1809 1404 1846 ὲπιγράφουσα.
1423 1808 1499 1844 Πλὴν
1514 1808 1696 1839 εὐδιαστόλως
1721 1808 1801 1842 φημὶ
1810 1806 1859 1833 δεῖν

1053 1857 1127 1892 ἡμᾶς
1149 1855 1284 1883 ποιεῖσθαι
1306 1855 1356 1890 τὴν
1384 1855 1488 1887 πίστιν,
1511 1854 1562 1889 οὐχ
1594 1853 1691 1885 ἁπλῶς
1715 1853 1858 1887 λέγοντας·

1054 1900 1222 1936 Πιστεύομεν
1241 1901 1281 1932 εἰς
1299 1900 1377 1932 Θεὸν,
1403 1899 1461 1927 ἀλλ’
1484 1899 1673 1933 ἐξαπλοῦντας
1689 1899 1743 1935 τὴν
1766 1898 1860 1934 ὁμολο-

1054 1947 1127 1981 γίαν,
1142 1947 1190 1974 καὶ
1201 1947 1309 1982 ἑκάστῳ
1322 1946 1461 1982 προσώπῳ
1475 1946 1522 1972 τὸν
1534 1945 1616 1973 αὑτὸν
1631 1945 1684 1981 τῆς
1693 1945 1783 1981 δόξης
1799 1947 1860 1974 ἀνα-

1054 1993 1177 2025 τιθέντας
1196 1993 1286 2026 λόγον.
1309 1991 1433 2027 Διαφορὰ
1451 1992 1507 2027 γὰρ
1525 1992 1646 2023 πίστεως
1670 1991 1794 2026 οὐδεμία
1815 1991 1860 2025 μὲν

1054 2038 1084 2064 ὲν
1098 2039 1174 2073 ἡμῖν,
1185 2037 1215 2064 οὐ
1231 2037 1286 2072 γὰρ
1308 2036 1410 2072 μείζων
1425 2037 1474 2071 μὲν
1489 2037 1518 2063 ὲν
1531 2037 1599 2071 ἡμῖν
1614 2037 1632 2070 ἠ
1646 2036 1745 2068 πίστις
1762 2036 1794 2062 ὲν
1811 2036 1860 2062 Πα-

1054 2083 1109 2118 τρὶ,
1125 2083 1244 2110 ἐλάττων
1255 2082 1284 2108 δὲ
1299 2084 1329 2109 ὲν
1342 2081 1410 2117 Υἰῷ,
1426 2082 1443 2117 ἢ
1460 2082 1509 2108 καὶ
1523 2083 1553 2108 ὲν
1568 2081 1608 2116 τῷ
1619 2081 1693 2117 ἁγίῳ
1706 2081 1858 2117 Πνεύματι·

1055 2127 1114 2155 ἀλλ’
1125 2126 1166 2159 εἷς
1184 2136 1214 2154 τε
1226 2128 1274 2154 καὶ
1295 2126 1377 2158 αὐτὸς
1389 2126 1440 2161 τῆς
1453 2125 1602 2162 ὁμολογίας
1616 2126 1682 2162 ὄρος
1689 2135 1723 2152 τε
1736 2127 1788 2153 καὶ
1805 2125 1861 2161 τρό-

1055 2181 1106 2205 πος
1117 2172 1162 2200 διὰ
1175 2172 1259 2208 τριῶν
1271 2171 1418 2207 ἐρχόμενος
1430 2171 1573 2206 ὀνομάτων
1584 2171 1615 2198 ὲν
1630 2169 1683 2206 ἴσῳ
1698 2170 1743 2206 τῷ
1760 2171 1860 2206 μέτρῳ,

1057 2219 1101 2246 ἵνα
1114 2219 1182 2254 πρὸς
1198 2218 1313 2254 ἑνότητα
1332 2218 1442 2252 φύσεως
1456 2219 1506 2245 καὶ
1519 2217 1565 2244 διὰ
1578 2217 1686 2244 τούτων
1704 2217 1790 2247 ἰοῦσα
1802 2217 1860 2252 φαί-

211 2259 295 2283 natnr
314 2255 341 2282 in
359 2255 468 2283 Patrem
489 2260 517 2283 et
531 2254 632 2283 Filium
649 2256 735 2291 ﬁdes,
755 2258 838 2286 etiam
858 2264 958 2295 postqu

1113 2274 1137 2292 ιι
1155 2265 1236 2292 πάλιν
1252 2265 1269 2299 ἠ
1299 2265 1365 2299 ἁγία
1383 2264 1481 2300 Τριὰς,
1503 2263 1721 2299 ἁκατηγόρητός
1743 2273 1776 2290 τε
1801 2272 1861 2290 παν-

213 2301 305 2328 factus
318 2304 362 2328 est
380 2300 463 2328 homo
476 2320 485 2333 ,
510 2304 539 2328 et
562 2301 592 2328 in
608 2305 736 2330 sanctum
755 2303 899 2339 Spiritum.
911 2305 1007 2342 Neque

213 2353 309 2378 sanus,
330 2346 440 2381 opinor,
459 2345 597 2382 quispiam
615 2354 632 2374 a
651 2347 698 2375 Dei
717 2349 809 2377 Verbo
825 2351 958 2386 templum
972 2360 1004 2380 ex

214 2391 327 2426 Virgine
342 2395 515 2427 assumptum
529 2393 701 2426 separaverit
712 2394 786 2429 quod
798 2395 833 2423 ad
845 2396 1005 2426 ﬁliationem

214 2436 346 2463 nimirum
369 2435 489 2463 attinet:
519 2445 528 2463 I
550 2436 630 2465 Unus
651 2439 725 2466 enim
749 2439 884 2470 Dominus
913 2448 1008 2472 noster

213 2481 294 2509 Jesus
307 2480 452 2516 Christus,
467 2491 478 2508 ι
493 2482 573 2518 juxta
585 2483 663 2511 Pauli
675 2492 770 2514 vocem
782 2487 820 2514 ".
843 2487 1008 2525 Quicunque

214 2534 280 2554 vero
303 2526 331 2553 in
348 2526 418 2554 duos
434 2527 505 2556 ﬁlios
519 2536 605 2556 unum
622 2530 701 2557 illum
720 2538 753 2558 ac
777 2533 867 2561 solum
889 2534 1006 2570 dividit,

218 2571 297 2601 ﬁdem
309 2571 405 2606 utique
415 2579 514 2608 negare
524 2581 554 2601 se
564 2582 682 2609 prorsus
693 2576 838 2613 intelligat.
850 2577 884 2605 Et
893 2579 1004 2614 quidem

217 2617 317 2646 Paulus
336 2618 447 2647 divinus
465 2619 596 2655 praeclare
611 2620 646 2649 de
658 2621 702 2650 his
718 2630 873 2652 sermonem
890 2628 1005 2658 texens.

215 2671 271 2691 non
290 2664 394 2692 nudum
415 2665 450 2692 ad
469 2665 549 2694 ﬁdem
565 2666 673 2694 induxit
693 2667 869 2704 Unigenitum
883 2691 891 2702 .
911 2671 957 2699 sed
979 2677 1007 2699 ct

216 2710 305 2737 nostri
320 2710 455 2745 similem,
476 2712 505 2739 id
523 2716 568 2739 est
583 2713 722 2741 hominem
737 2734 744 2747 ,
767 2715 814 2749 qui
837 2720 864 2743 et
880 2721 1005 2745 mortuus

217 2760 244 2783 ct
254 2756 390 2784 excitatus
402 2762 444 2784 est
460 2765 475 2784 a
491 2759 631 2787 mortuis:
657 2768 666 2785 ι
680 2759 753 2792 Quid
780 2761 871 2793 enim,
895 2762 1005 2797 inquit,

218 2802 285 2829 dicit
312 2801 481 2838 Scriptura?
501 2804 588 2840 Prope
610 2809 636 2833 te
654 2809 696 2832 est
710 2806 823 2834 verbum
838 2807 866 2834 in
884 2815 932 2836 ore
948 2813 1006 2843 tuo,

253 2892 276 2909 ⁵⁸
296 2892 365 2922 Psul.
387 2903 461 2929 xm,
481 2895 523 2925 10.
563 2895 607 2923 ⁵⁷1
628 2896 690 2925 Cor.
712 2904 773 2931 vm,
793 2897 820 2924 6.

1057 2311 1143 2343 τελῶς
1172 2311 1189 2346 ἠ
1217 2311 1283 2346 περὶ
1309 2310 1394 2346 αὐτὴν
1421 2310 1619 2345 διαλάμπουσα
1649 2309 1731 2343 δόξα,
1766 2310 1817 2337 καὶ
1839 2310 1863 2336 ὲν

1057 2358 1118 2388 ταῖς
1145 2356 1295 2391 ἡμετέραις
1321 2355 1408 2391 ὀρῷτο
1433 2355 1535 2390 ψυχαῖς
1557 2355 1599 2386 είς
1622 2353 1744 2389 Πατέρα
1766 2354 1817 2381 καὶ
1830 2354 1864 2383 εἰς

1059 2402 1123 2429 Υἱὺν
1142 2403 1159 2437 ὴ
1178 2401 1282 2434 πίστις,
1307 2401 1352 2428 καὶ
1373 2401 1418 2428 ὅτε
1440 2401 1554 2435 γέγονεν
1576 2400 1740 2435 ἄνθρωπος.
1758 2400 1812 2427 καὶ
1831 2400 1863 2429 εἰς

1058 2448 1089 2475 τὺ
1105 2447 1218 2483 Πνεῦμα
1228 2447 1259 2475 τὸ
1270 2447 1357 2482 ἅγιον.
1374 2447 1429 2474 Καὶ
1440 2447 1492 2473 οὐκ
1511 2446 1555 2479 ἂν,
1567 2444 1657 2481 οἶμαι,
1676 2446 1803 2473 διέλοιτό
1817 2453 1862 2476 τις.

1058 2494 1086 2520 εῐ
1105 2502 1137 2528 γε
1155 2493 1317 2529 σωφρονοίη,
1334 2493 1381 2520 τοῦ
1396 2492 1465 2520 Θεοῦ
1485 2493 1575 2527 Λόγου
1592 2493 1640 2520 τὸν
1661 2493 1697 2519 ὲκ
1721 2492 1863 2528 Παρθένου

1057 2539 1130 2571 ναὸν,
1156 2539 1218 2565 ὅσον
1244 2537 1312 2577 ἧκεν
1338 2539 1377 2570 εἰς
1391 2538 1420 2564 τὸ
1443 2538 1495 2574 τῆς
1512 2539 1640 2574 υἱότητος
1665 2538 1771 2574 χρῆμά
1787 2543 1862 2573 φημι·

1061 2594 1070 2611 ι
1088 2581 1136 2616 Εἷς
1148 2585 1203 2620 γὰρ
1228 2584 1331 2620 Κύριος
1354 2584 1459 2618 Ἰησοῦς
1480 2584 1612 2620 Χριστὸς,
1632 2593 1642 2610 ι
1667 2584 1748 2611 κατὰ
1759 2585 1812 2620 τὴν
1823 2581 1862 2609 τοῦ

1056 2630 1164 2658 Παύλου
1180 2630 1283 2665 φωνήν.
1311 2630 1340 2657 'O
1353 2630 1382 2657 δὲ
1396 2630 1551 2666 διατέμνων
1568 2631 1610 2662 εἰς
1625 2631 1696 2657 υἱῶν
1721 2631 1811 2658 δυάδα
1824 2630 1863 2656 τὸν

1057 2676 1107 2703 ἕνα
1120 2676 1167 2702 καὶ
1185 2676 1275 2711 μόνον,
1292 2676 1357 2702 ἵστω
1377 2675 1409 2711 δὴ
1422 2676 1534 2707 πάντως
1548 2676 1600 2712 τὴν
1614 2676 1713 2703 πίστιν
1730 2676 1862 2712 ἀρνούμε-

1059 2730 1114 2753 νος.
1134 2722 1190 2747 Καὶ
1204 2721 1269 2756 γοῦν
1286 2722 1301 2747 ὁ
1323 2722 1468 2754 θεσπέσιος
1480 2723 1590 2755 Παῦλος
1613 2723 1662 2750 τὸν
1681 2724 1754 2759 περὶ
1767 2723 1862 2750 τούτων

1059 2766 1159 2802 ἄριοτά
1170 2775 1199 2793 τε
1213 2767 1261 2794 καὶ
1273 2767 1333 2794 λίαν
1348 2767 1436 2803 ὀρθῶς
1448 2767 1604 2802 ὲξυῳαίνων
1617 2768 1711 2803 λόγον,
1723 2770 1757 2796 οὐ
1766 2768 1861 2804 γυμνὸν

1060 2813 1099 2844 είς
1115 2812 1206 2839 πίστιν
1230 2813 1405 2849 εῑσχεκόμικε
1426 2813 1471 2841 τὸν
1494 2815 1653 2851 Μονογενῆ,
1674 2814 1750 2843 ἀλλὰ
1773 2815 1819 2843 καὶ
1838 2815 1862 2840 ἐν
