1896 3034
71 169 123 197 181

613 178 647 206 IN
663 179 809 209 JOANNIS
826 178 1053 209 EVANGELIUM
1076 181 1142 210 LIB.
1164 181 1209 210 IX.

1656 187 1709 215 182

63 227 200 279 τοῖςκαίν
217 231 292 265 ἡμᾶς
302 233 442 266 γεγονότα,
457 233 528 261 τοῦτ’
543 235 626 269 ἐστιν,
638 237 781 273 ἄνθρωπον
796 239 863 266 ἀπο-

954 239 980 268 in
995 240 1078 268 corde
1091 243 1157 268 tuo:
1174 241 1227 269 hoc
1243 245 1286 270 est
1302 241 1417 269 verbum
1429 241 1491 270 ﬁdei
1502 263 1509 275 ,
1523 242 1596 278 quod
1611 245 1710 279 praedi-

63 273 184 302 θανόντα
203 284 234 302 τε
255 277 304 304 καὶ
331 279 520 316 ἐγηγερμένον
534 282 566 309 ἐκ
593 283 708 319 νεκρῶν.
730 293 740 310 ι
760 285 792 311 Τί
811 284 866 321 γάρ

63 328 150 356 φησιν
159 330 167 354 ;
177 321 278 356 Ἐγγύς
291 332 339 350 σου
352 324 382 351 τὸ
394 325 471 361 ῥῆμά
485 327 570 361 ἐστιν,
584 329 613 355 ὲν
627 329 665 364 τῷ
676 329 791 365 στόματί
806 339 864 363 σου,

62 367 111 394 καὶ
119 368 149 395 ἐν
161 370 196 404 τῇ
207 370 305 406 καρδίᾳ
316 379 374 404 σου,
396 372 545 406 τοῦτ’ἐστι,
553 375 583 400 τὸ
595 375 670 411 ῥῆμα
678 376 726 412 τῆς
737 376 865 411 πίστεως,

61 414 77 440 ὃ
93 414 282 451 κηρύσσομεν.
298 417 371 444 Διὰτι
396 418 444 446 ἐὰν
466 420 547 456 εἴπῃς
573 421 603 448 ἐν
617 421 657 458 τῷ
673 423 788 458 στόματί
805 433 864 457 σου,

60 461 104 487 ὃτι
117 461 221 497 Κύριος
243 463 356 498 Ἰησοῦς,
372 464 421 492 καὶ
438 466 588 504 πιστεύσῃς
604 468 633 495 ἐν
644 469 677 505 τῇ
691 469 791 505 καρδίᾳ.
806 479 865 503 σου,

61 507 105 533 ὅτι
121 508 136 534 ό
150 507 218 540 Θεὸς
239 508 333 546 ήγειρε
350 511 431 538 αὐτὸν
443 512 475 538 ἐκ
488 513 604 548 νεκρῶν,
622 514 742 552 σωθήσῃ.
759 515 866 552 Καρδίᾳ

61 553 120 587 γὰρ
137 552 296 581 πιστεύεται
313 555 353 587 είς
367 555 552 592 δικαιοσύνην,
573 558 687 594 στόματι
720 559 748 586 δὲ
768 561 865 596 ὁμολο-

62 600 156 632 γεῖται
169 599 209 631 εἰς
228 601 378 636 σωτηρίαν.
400 611 410 629 ›
435 603 466 630 Εἰ
491 603 520 630 δέ
545 605 709 640 πιστεύομεν
729 607 769 638 είς
788 607 864 639 Υιὸν.

61 644 104 676 ὡς
131 645 330 681 ἐγηγερμένον,
353 648 395 679 τίς
412 649 426 675 ό
446 649 574 682 τεθνεὼς,
603 651 646 677 ἵνα
670 652 717 679 καὶ
742 652 864 689 ἀναστῇς

70 690 143 716 Ἀλλ’
159 691 218 718 ἐστι
236 692 326 728 δῆλον,
342 694 384 720 ὄτι
398 694 526 722 τεθνάναι
536 697 635 724 νοεῖται
648 697 720 725 κατὰ
735 698 785 734 τὴν
799 699 865 734 σάρ-

62 744 113 763 κα.
126 736 314 774 Κατεκλείσθη
329 739 384 775 γὰρ
404 740 444 772 εις
460 740 574 769 θάνατον
591 742 621 769 τὸ
634 743 699 770 ἴδιον
714 743 796 771 αὑτοῦ
812 744 866 771 σῶ-

63 790 115 816 μα,
138 782 185 809 καὶ
194 783 295 810 ἀνεϐίω
307 785 399 813 πάλιν
417 785 499 822 σῶμα
511 787 566 824 γὰρ
579 786 613 823 ἦν
630 789 678 824 τῆς
695 790 767 817 κατὰ
783 790 865 826 φύσιν

62 828 150 864 ζωῆς,
170 829 237 864 ὃλην
254 830 302 857 τοῦ
318 832 347 857 ἐν
368 832 442 868 αύτῷ
459 835 684 870 κατοικήσαντος,
707 837 754 863 καὶ
775 837 866 873 ἀρρἠ-

62 882 120 905 τως
143 875 285 910 ἡνωμένον
308 876 358 912 τὴν
390 877 509 914 ἰδιότητα
539 881 656 916 φοροῦν,
681 881 755 908 τοῦτ’
779 882 863 915 ἔστιν,

917 295 1025 316 camus.
1038 288 1108 321 Quia
1125 289 1148 316 si
1164 289 1322 318 conﬁtearis
1339 289 1366 316 in
1381 297 1429 317 ore
1444 294 1491 318 tuo
1504 289 1650 319 Dominum
1664 292 1711 320 Je-

917 342 994 368 sum,
1015 338 1044 362 et
1065 335 1093 362 in
1108 335 1194 363 corde
1214 339 1263 363 tuo
1277 335 1430 364 credideris
1456 337 1521 372 quia
1539 337 1613 366 Deus
1633 338 1710 366 illum

917 380 1062 408 suscitavit
1079 388 1094 408 a
1111 382 1229 410 mortuis
1241 403 1248 416 ,
1266 382 1360 410 salvus
1371 383 1440 411 eris.
1453 383 1544 412 Corde
1558 385 1632 412 enim
1650 393 1711 413 cre-

916 426 993 454 ditur
1007 427 1042 455 ad
1054 426 1189 463 justitiam
1202 438 1210 456 :
1225 435 1274 456 ore
1285 433 1376 456 autem
1392 429 1532 458 confessio
1546 430 1576 457 lit
1588 430 1623 458 ad
1634 431 1711 459 salu-

917 478 972 501 tem
986 473 1019 500 “.
1039 482 1049 500 ι
1070 473 1148 507 Quod
1164 475 1187 503 si
1205 475 1346 504 credimus
1361 475 1389 502 in
1407 475 1524 509 Filium,
1542 480 1572 504 ut
1585 476 1632 512 qui
1649 484 1710 504 sur-
1731 503 1733 505 .

916 520 1000 553 rexit,
1015 521 1078 555 quis
1095 525 1138 549 est
1152 521 1200 549 ille
1222 526 1362 554 mortuus,
1377 526 1406 549 ut
1426 527 1454 549 et
1469 522 1642 558 resurgeret?
1659 523 1709 550 At-

917 566 965 602 qui
989 567 1170 596 mauit‘estum
1190 572 1232 595 est
1258 567 1413 596 secundum
1431 574 1545 595 carnem
1572 571 1711 596 mortuum

917 612 1036 641 censeri.
1051 613 1223 641 Conelusum
1235 614 1308 642 enim
1326 619 1369 643 est
1388 613 1416 640 in
1433 618 1551 641 mortem
1566 614 1711 650 proprium

916 660 978 694 ejus
992 667 1095 695 corpus
1106 680 1115 693 ,
1136 664 1220 696 atque
1236 660 1337 688 iterum
1351 660 1452 688 revixit
1468 668 1475 687 :
1491 667 1596 696 corpus
1608 660 1712 696 quippe

916 710 977 733 erat
995 707 1058 734 vita:
1076 707 1228 734 secundum
1243 712 1383 738 naturam,
1397 710 1481 733 totam
1497 706 1558 741 ejus
1572 706 1620 741 qui
1633 706 1662 733 in
1676 713 1711 734 eo

917 751 1063 786 habitavit,
1079 757 1108 781 et
1123 752 1302 780 inelfabiliter
1322 752 1402 788 763
1417 755 1461 780 est
1477 751 1572 779 unitus
1588 751 1711 787 proprie—

917 801 1001 826 tatem
1024 799 1170 827 continens
1182 817 1190 830 ,
1215 798 1269 825 hoc
1284 803 1327 826 est
1341 797 1395 825 vim
1408 801 1436 825 et
1451 797 1603 825 ellicaciam
1619 796 1711 825 viviti-

916 851 988 872 cam.
1004 843 1033 872 Si
1049 845 1113 880 quis
1127 851 1195 879 ergo
1211 843 1333 878 dividat,
1351 848 1378 871 et
1392 843 1510 872 seorsim
1526 850 1632 879 ponens
1647 850 1710 871 car-

917 897 980 918 nem
994 910 1002 923 ,
1028 894 1056 918 et
1073 890 1122 926 qui
1145 890 1281 918 habitavit
1305 890 1334 917 in
1356 897 1389 917 ea
1418 889 1600 925 corporaliter
1614 908 1622 922 ,
1641 888 1712 916 duos

62 919 210 976 iv‘épy:tav
234 921 284 957 τὴν
308 921 450 954 ζωοποιόν.
465 924 550 952 Ὅταν
573 923 621 953 οὖν
642 935 685 959 τις
705 927 790 964 διέλῃ,
816 929 864 956 καί¹

954 943 1011 964 :ere
1026 919 1097 964 ﬁlios
1110 934 1227 967 audeat,
1242 935 1314 963 sciat
1328 942 1358 962 se
1375 935 1403 962 in
1417 934 1505 962 solam
1520 941 1633 962 carnem
1648 941 1710 962 cre-

64 965 126 997 Οεὶς
150 965 202 993 ἀνὰ
219 967 303 1003 μέρος
325 969 374 1003 τήν
391 977 421 996 τε
449 970 539 1005 σάρκα
556 972 603 998 καὶ
621 972 667 1000 τὸν
687 974 865 1009 ἐνοικήσαντα

63 1014 233 1048 σωματικῶς
248 1015 276 1041 ἐν
289 1015 370 1051 αὐτῇ.
383 1015 430 1044 δύο
445 1017 568 1053 τολμήσῃ
581 1018 670 1053 λέγειν
683 1020 767 1053 υἱοὺς,
782 1029 865 1055 γινω-

63 1060 157 1086 σκέτω
168 1061 308 1088 πιστεύειν
316 1062 356 1094 είς
375 1062 459 1098 μόνην
475 1063 524 1099 τὴν
536 1064 636 1099 σάρκα.
653 1065 797 1093 Πιστεύειν
811 1067 866 1103 γὰρ

61 1107 141 1141 ἡμᾶς
156 1107 185 1133 αἱ
205 1106 276 1134 Θείαι
293 1108 447 1136 διδάσκουσι
465 1109 572 1145 Γραφαὶ
585 1111 624 1143 εἰς
636 1111 681 1139 τὸν
696 1113 867 1149 σταυρωθέν-

62 1162 100 1179 τα
117 1162 148 1180 τε
159 1154 207 1180 καὶ
224 1154 404 1188 ἀποθανόντα,
428 1157 475 1184 καὶ
495 1157 681 1193 ἐγηγερμένον
700 1159 731 1185 ἐκ
750 1159 865 1195 νεκρῶν,

62 1199 114 1234 οὐχ
127 1199 166 1230 ὡς
180 1199 274 1235 ἕτερον
285 1200 350 1227 ὄντα
365 1201 440 1236 παρὰ
453 1201 499 1229 τὸν
516 1203 544 1229 ἐν
555 1202 624 1238 αὐτῇ
636 1203 702 1230 Θεὸν
709 1204 806 1238 Λόγον,
817 1205 867 1241 οὐχ

62 1244 129 1270 ὅσον
146 1245 186 1277 εῑς
198 1244 293 1277 οὐσίας
302 1246 455 1282 ταυτότητά
470 1255 553 1283 φημι’
568 1248 647 1283 σῶμα
662 1249 718 1284 γὰρ
730 1249 761 1276 τὸ
774 1249 865 1286 σῶμα,

63 1291 114 1317 καὶ
128 1290 159 1317 οὐ
176 1291 274 1325 Λόγος,
299 1293 322 1318 εἰ
336 1293 384 1319 καὶ
398 1293 480 1328 σῶμα
493 1293 541 1320 τοῦ
564 1294 662 1329 Λόγον,
678 1295 737 1322 ἀλλ’
751 1296 813 1323 ὅσον
825 1297 866 1329 είς

62 1336 96 1362 τὸ
109 1335 159 1370 τῆς
176 1336 295 1371 ἀληθοῦς
311 1337 434 1373 υἱότητος
450 1338 556 1374 χρῆμα.
571 1340 603 1366 Εἰ
618 1340 647 1367 δέ
666 1349 704 1376 τῳ
720 1340 866 1377 δοκοίημεν

63 1383 117 1409 οὐκ
128 1382 228 1418 ἄριστα
239 1383 341 1418 λέγειν,
350 1384 531 1413 ἐπιδεικνύτω
546 1386 691 1422 παρελθὼν
702 1388 749 1415 τὸν
759 1390 791 1417 ἐκ
797 1389 866 1417 Θεοῦ

63 1429 205 1456 τεθνεῶτα
225 1430 312 1465 Λόγον
327 1431 395 1459 καθὸ
409 1434 510 1460 νοεῖται
524 1433 602 1466 Θεὸς⁹
619 1435 688 1471 ὅπερ
711 1436 787 1463 ἐστὶν
801 1436 866 1465 ἀδύ-

64 1483 159 1508 νατον,
175 1476 277 1512 μᾶλλον
291 1477 320 1504 δὲ
329 1477 376 1504 καὶ
392 1478 472 1513 μόνον
485 1479 611 1514 ἐννοῆσαι
627 1480 767 1514 δυσσεϐές.

108 1521 162 1548 Ἐν
175 1520 214 1556 τῇ
229 1523 311 1557 οἰκίᾳ
339 1523 392 1551 τοῦ
410 1525 524 1559 Πατρός
544 1535 603 1561 μου
641 1528 733 1562 μοναὶ
753 1529 867 1557 πολλαί

64 1568 157 1595 εἰσιν·
177 1570 202 1596 ει
222 1569 258 1596 δὲ
275 1569 330 1605 μὴ,
351 1568 438 1598 εἶπον
468 1571 507 1599 ἂν
528 1572 611 1607 ὑμῖν·
636 1573 682 1600 ὅτι
703 1576 867 1610 πορεύομαι

64 1613 224 1649 ἑτοιμάσαι
238 1615 333 1643 τόπον
345 1616 428 1652 ὑμῖν.
439 1617 496 1644 Kal
506 1617 561 1645 ἐὰν
575 1619 720 1654 πορευθῶ,
732 1621 864 1648 καὶέτοι-

62 1658 155 1694 μάσω
173 1661 268 1688 τόπον
284 1662 364 1697 ὑμῖν,
384 1662 478 1690 πάλιν
500 1664 634 1699 ἔρχομαι,
664 1666 714 1693 καὶ
731 1667 867 1702 παραλή-

66 1708 164 1741 ψομαι
178 1707 256 1742 ὑμᾶς
263 1708 328 1744 μετ’
342 1708 484 1744 ἐμαυτοῦ,
504 1710 554 1738 ἵνα
570 1710 647 1739 ὅπου
661 1713 719 1747 ειμι
732 1712 801 1748 ἐγὼ,
817 1714 867 1741 καὶ

66 1752 156 1784 ὑμεῖς
172 1752 237 1784 ἦτε.

85 1752 284 1821 “ﬂagitii-im;
293 1789 383 1822 αὐτοῖς
397 1790 427 1817 τὸ
439 1789 476 1827 μὴ
493 1791 592 1827 χρῆναι
606 1792 788 1828 ταράττεσθαι
800 1793 867 1821 διει-

67 1831 143 1864 πὼν,
161 1833 301 1861 πιστεύειν
315 1844 345 1861 τε
368 1836 479 1871 μᾶλλον,
507 1837 554 1865 καὶ
570 1838 611 1870 εἷς
637 1847 667 1865 τε
692 1839 802 1875 Πατέρα
821 1840 867 1867 τὸν

66 1878 138 1905 Θεὸν
163 1880 211 1906 καὶ
228 1881 326 1908 ἑαυτὸν
341 1882 484 1915 ἐπιτάξας,
500 1884 546 1910 καὶ
565 1884 718 1919 ἀναφανδὸν
733 1886 783 1922 ήδη
800 1887 868 1922 φησὶ

69 1925 311 1962 μικροψυχοῦντας
329 1929 585 1965 παραμυθούμενος,
604 1931 643 1963 ὡς
667 1931 718 1958 οὐκ
734 1931 786 1964 ἔξω
820 1941 868 1967 με-

67 1969 148 1997 νοῦσι
169 1971 220 2006 τῆς
246 1972 324 2004 ὁσίας
352 1974 449 2010 αὐλῆς,
476 1974 534 2001 ἀλλ’
560 1976 792 2011 ἐνοικισθήσονται
817 1978 868 2013 μὲν

66 2018 132 2048 ταῖς
148 2017 205 2044 ἄνω
225 2020 330 2053 μοναῖς,
346 2020 374 2047 ἐν
391 2020 420 2047 δὲ
432 2021 466 2056 τῇ
481 2021 536 2050 τῶν
551 2022 732 2057 πρωτοτόκων
756 2023 869 2060 Ἐκκλη-

68 2062 117 2098 σία
144 2063 191 2089 τὸν
219 2065 380 2100 μακραίωνα
405 2066 530 2102 τρίψουσι
546 2067 612 2103 βίον,
635 2069 682 2096 καὶ
702 2070 732 2096 ἐν
759 2070 870 2097 ἀτελευ-

67 2109 164 2144 τήτοις
192 2109 300 2137 ἔσονται
320 2113 377 2143 τοῖς
400 2111 523 2147 ἀγαθοῖς.
544 2114 648 2147 Πολλὰς
666 2124 698 2150 γε
719 2115 772 2151 μὴν
799 2113 870 2143 εἷναί

67 2164 138 2190 φησι
155 2155 205 2187 τὰς
222 2157 307 2192 μονὰς
326 2158 355 2185 ὲν
371 2159 403 2194 τῇ
420 2159 466 2186 τοῦ
483 2160 588 2196 [ἰατρὸς
612 2161 693 2197 οἰκίᾳ,
713 2161 871 2198 πολυχώρη-

67 2200 115 2228 τόν
129 2209 192 2228 τινα
208 2201 342 2230 διδάσκων
357 2202 426 2232 εἶναι
441 2205 487 2232 τὸν
507 2205 632 2241 οὐρανὸν,
651 2207 696 2234 καὶ
710 2207 871 2244 προσθήκης

67 2247 204 2283 οὐδεμιᾶς
217 2249 322 2276 δεῖσθαι
333 2251 470 2283 παντελῶς
480 2252 530 2286 τὴν
541 2252 609 2288 παρ’
620 2253 703 2280 αὑτοῦ
718 2254 869 2290 γενομένην

68 2294 161 2321 κτίσιν
177 2295 218 2327 είς
231 2296 261 2322 τὸ
275 2295 404 2324 δύνασθαι
420 2297 512 2324 λαϐεῖν
522 2299 585 2330 τοὺς
597 2299 763 2334 ἀγαπῶντας
777 2301 868 2328 αὐτόν.

68 2342 154 2374 Εἰκὸς
168 2342 209 2375 δὲ,
221 2343 264 2370 ὅτι
281 2343 328 2370 καὶ
341 2343 372 2371 τὸ
393 2345 521 2382 διάφορον
542 2346 593 2381 τῆς
606 2347 699 2382 τιμῆς,
713 2347 752 2383 τῷ
768 2347 869 2380 πολλὰς

68 2388 143 2417 εἶναι
183 2389 276 2425 λέγειν
314 2390 362 2423 τὰς
393 2391 488 2427 μονὰς,
523 2393 699 2428 ὑποσημῆναι
734 2393 870 2429 βούλεται,

69 2437 188 2464 ἑκάστου
214 2437 263 2464 τοῦ
285 2436 379 2472 διαξῇν
414 2437 578 2473 βουλομένου
608 2439 637 2466 ἐν
667 2439 763 2476 ἀρετῇ,
789 2441 872 2468 τόπον

69 2482 167 2518 ὥσπερ
190 2481 253 2509 τινὰ
276 2481 322 2508 τὸν
348 2482 413 2510 ῐδιον
432 2483 651 2520 ἀποληψομένου,
677 2485 723 2512 καὶ
741 2485 791 2522 τὴν
815 2487 872 2520 τοῖς

70 2529 155 2556 αὑτοῦ
172 2528 334 2564 πρέπουσαν
358 2529 552 2565 κατορθώμασι
566 2530 654 2564 δόξαν.
673 2531 705 2558 Et
720 2531 758 2567 μὴ
773 2532 871 2559 πολλαὶ

69 2574 219 2611 τοιγαροῦν
243 2572 314 2610 ἦσαν
334 2575 362 2602 αἱ
378 2575 455 2611 παρὰ
472 2575 511 2612 τῷ
534 2576 595 2613 Θεῷ
608 2578 655 2604 καὶ
676 2577 764 2614 Πατρὶ
778 2577 869 2614 μοναὶ,

70 2621 174 2657 ταύτης
193 2621 227 2648 ἂν
255 2621 347 2649 ἕνεκεν
360 2621 410 2658 τῆς
429 2622 520 2655 αἰτίας
536 2623 779 2660 προαποδημήσειν
804 2623 867 2659 ἔφη,

70 2668 108 2699 ὡς
126 2667 253 2703 δηλονότι
280 2668 476 2704 προετοιμάσαι
491 2669 525 2696 τὰ
549 2669 603 2696 τῶν
629 2669 715 2704 ἁγίων
737 2670 872 2705 ἐνδιαιτή-

73 2721 156 2748 ματα·
195 2713 299 2745 πολλὰς
330 2714 359 2741 δὲ
382 2714 466 2747 οὔσας
500 2715 579 2749 εἰδὼς
610 2716 872 2752 προητοιμασμένας

71 2759 132 2795 ἤδη,
151 2759 202 2787 καὶ
217 2759 452 2794 τῶνάγαπώντων
465 2761 532 2789 Θεὸν
547 2763 747 2798 περιμενούσας
759 2763 808 2798 τὴν
825 2762 875 2797 ἄφ-

72 2806 135 2839 ιξιν,
157 2805 231 2842 Οὐχὶ
261 2805 364 2842 ταύτης
392 2807 476 2835 ἕνεκα
499 2808 549 2843 τῆς
566 2809 656 2841 αἰτίας
672 2809 871 2845 ἁποδημήσων,

72 2852 164 2886 φησιν,
192 2850 267 2878 ἀλλὰ
294 2851 343 2887 τῆς
372 2852 466 2880 ἀνόδου
490 2855 540 2890 τῆς
556 2854 621 2891 πρὸς
643 2855 673 2881 τὸ
699 2854 765 2889 ἄνω,
789 2853 871 2891 μονὴν

106 2910 128 2925 ⁵³
147 2908 234 2937 Rom.
253 2916 280 2941 x,
297 2908 375 2937 8-l0.

918 981 994 1010 dere.
1016 982 1121 1010 Divinas
1133 982 1235 1018 quippe
1250 981 1403 1016 Scriptum
1416 980 1531 1009 credere
1544 988 1596 1009 nos
1611 980 1713 1008 docent

917 1028 946 1055 in
976 1027 1152 1059 cruciﬁxum,
1166 1031 1193 1056 et
1207 1031 1348 1055 mortuum
1358 1047 1367 1059 ,
1382 1031 1410 1054 et
1421 1026 1573 1054 excitatum
1587 1033 1621 1054 ex
1636 1033 1712 1054 mor-

919 1074 988 1105 tuis.
1002 1081 1058 1102 non
1073 1073 1155 1109 quasi
1175 1074 1247 1102 alius
1265 1074 1302 1102 sit
1319 1081 1335 1101 a
1353 1073 1409 1101 Deo
1424 1073 1515 1101 Verbo
1525 1073 1599 1108 quod
1619 1076 1662 1101 est
1684 1073 1712 1100 in

918 1121 996 1156 ipsa,
1021 1121 1093 1156 quod
1120 1121 1154 1148 ad
1184 1120 1350 1149 substantiae
1380 1119 1513 1147 nimirum
1540 1119 1712 1147 identitatem

918 1171 1026 1203 spectat
1042 1177 1050 1195 :
1072 1174 1176 1202 corpus
1200 1168 1275 1195 enim
1296 1174 1400 1201 corpus
1414 1170 1474 1200 est,
1495 1173 1553 1194 non
1570 1165 1711 1199 Verbum,

918 1214 983 1241 licet
999 1221 1101 1249 corpus
1116 1213 1152 1240 sit
1164 1213 1269 1245 Verbi,
1285 1212 1333 1240 sed
1346 1216 1481 1247 quantum
1499 1212 1535 1239 ad
1551 1212 1712 1239 ﬂliationem

918 1264 1035 1295 spectat.
1059 1259 1139 1293 Quod
1160 1260 1234 1287 sicut
1255 1259 1347 1286 minus
1367 1262 1443 1286 recte
1460 1258 1534 1293 loqui
1549 1257 1711 1290 videamur,

918 1305 967 1333 Dei
983 1305 1105 1334 Verbum
1125 1309 1266 1333 mortuum
1283 1312 1346 1332 esse
1364 1304 1557 1337 demonstret,
1575 1307 1712 1339 quatenus

917 1352 1083 1387 intelligitur
1100 1351 1192 1380 Deus:
1208 1351 1282 1387 quod
1296 1355 1339 1379 est
1354 1350 1542 1386 impossibile,
1555 1350 1612 1378 imo
1628 1349 1712 1379 etiam

918 1397 1041 1433 cogitatu
1057 1397 1184 1433 impium.

953 1526 1024 1558 XIV.
1043 1527 1078 1560 2,
1098 1526 1125 1553 3.
1145 1525 1179 1553 In
1191 1526 1271 1554 domo
1284 1525 1375 1554 Patris
1389 1527 1440 1554 mei
1457 1527 1607 1554 mansiones
1621 1526 1712 1554 multa

919 1578 1005 1605 sunt;
1020 1573 1043 1600 si
1060 1573 1217 1608 quominus.
1235 1573 1363 1600 dixissem
1387 1573 1460 1600 vobis
1476 1581 1485 1599 :
1501 1573 1564 1606 quia
1580 1572 1648 1600 vado
1664 1580 1713 1607 pa-

919 1628 979 1646 rare
994 1619 1065 1646 vobis
1078 1618 1177 1646 locum.
1192 1618 1225 1645 Et
1245 1619 1269 1645 si
1283 1618 1383 1649 abiero.
1397 1623 1422 1645 et
1441 1625 1624 1652 prwpamvero
1641 1617 1713 1645 vobis

919 1666 1006 1693 locum
1018 1685 1025 1698 ,
1037 1666 1135 1692 iterum
1148 1665 1222 1692 uenio
1233 1684 1241 1697 ,
1258 1669 1283 1692 et
1299 1665 1430 1699 accipiam
1447 1673 1491 1692 vos
1511 1664 1546 1691 ad
1566 1664 1714 1698 meipsum,

918 1716 947 1739 ut
960 1712 1005 1739 ubi
1020 1720 1078 1739 sum
1089 1720 1153 1747 ego,
1170 1716 1196 1739 et
1212 1719 1256 1738 vos
1272 1711 1343 1738 sitis.

955 1790 1106 1825 Postquam
1118 1790 1159 1818 eis
1173 1789 1305 1825 praecepit
1320 1796 1355 1816 ne
1368 1789 1564 1820 turbarentur,
1584 1788 1633 1816 sed
1654 1796 1714 1817 cre—

918 1836 1016 1863 derent
1029 1836 1121 1871 potius
1138 1836 1165 1863 in
1180 1835 1290 1863 Patrem
1304 1835 1389 1863 Deum
1399 1855 1406 1867 ,
1425 1838 1453 1862 et
1467 1835 1600 1870 seipsum,
1618 1838 1716 1870 aperte

920 1882 1003 1910 modo
1017 1889 1065 1910 eos
1082 1882 1176 1909 animo
1191 1881 1351 1909 deﬁcientes
1368 1881 1541 1915 consolatur,
1554 1881 1652 1909 dicens
1667 1888 1715 1909 eos

919 1928 1083 1964 neutiquam
1097 1931 1176 1955 extra
1190 1930 1316 1955 sanctam
1335 1927 1428 1954 aulam
1445 1934 1627 1955 remansuros
1638 1948 1646 1962 ,
1667 1927 1716 1954 sed

920 1975 949 2002 in
966 1982 1102 2010 supernas
1121 1973 1282 2001 mansiones
1301 1973 1535 2007 introducendos,
1562 1977 1590 2002 et
1612 1973 1641 2001 in
1657 1973 1716 2008 pri-

919 2019 1124 2056 mogenitorum
1139 2018 1264 2046 Ecclesia
1282 2025 1432 2053 perennem
1448 2018 1532 2046 vitam
1545 2022 1670 2051 acturos,
1683 2024 1732 2055 ac,

920 2067 950 2094 in
964 2065 1075 2094 internis
1089 2065 1169 2093 bonis
1187 2072 1347 2092 mansuros.
1369 2063 1456 2092 Porro
1474 2064 1577 2092 multas
1590 2063 1736 2091 mansio-'-

921 2120 971 2140 nes
985 2111 1014 2139 in
1029 2111 1113 2139 domo
1128 2110 1221 2138 Patris
1233 2118 1294 2139 esse
1307 2110 1388 2143 dicit,
1403 2110 1485 2146 longe
1499 2109 1717 2146 capacissimum

922 2159 1022 2187 ccelum
1043 2166 1105 2186 esse
1123 2157 1227 2186 docens
1239 2178 1246 2191 ,
1272 2164 1323 2185 nec
1340 2157 1502 2185 accessione
1516 2164 1633 2192 prorsus
1661 2156 1717 2184 ulla

922 2213 992 2240 opus
1010 2212 1073 2233 esse
1089 2207 1225 2232 creaturae
1242 2203 1276 2231 ab
1292 2203 1355 2238 ipso
1373 2202 1494 2230 cendilaa
1512 2201 1545 2229 ad
1560 2201 1717 2237 suscipien-

923 2251 973 2279 dos
997 2251 1045 2286 qui
1066 2250 1186 2286 diligunt
1204 2249 1308 2284 ipsum.
1331 2248 1401 2276 Cum
1426 2251 1518 2275 autem
1546 2248 1586 2274 ait
1611 2247 1718 2275 multas

924 2305 984 2326 esse
999 2296 1169 2329 mansiones,
1185 2295 1317 2323 credibile
1330 2298 1372 2323 est
1385 2295 1503 2322 innuerc
1517 2293 1587 2322 velle
1602 2293 1718 2322 honoris

922 2342 1115 2371 excellentiam
1136 2349 1193 2377 quo
1211 2340 1354 2369 ornandus
1373 2343 1415 2367 est
1426 2339 1555 2374 quisquis
1569 2339 1597 2366 in
1614 2339 1717 2366 virtute

924 2390 1023 2425 degere
1046 2388 1164 2421 statuit,
1186 2386 1330 2423 proprium
1348 2385 1495 2421 quemdam
1520 2384 1606 2413 veluti
1624 2384 1719 2412 locum

924 2438 1179 2471 congruentemque
1199 2432 1258 2461 suis
1283 2431 1364 2459 factis
1394 2431 1512 2467 gloriam
1539 2435 1715 2466 recepturus.

924 2481 982 2510 Nisi
997 2481 1090 2508 multae
1101 2480 1186 2516 igitur
1199 2482 1294 2507 essent
1309 2478 1363 2505 illa:
1377 2477 1450 2513 apud
1465 2477 1551 2505 Deum
1567 2482 1594 2505 et
1606 2476 1717 2505 Patrem

925 2527 1094 2559 mansiones,
1110 2526 1182 2553 hanc
1197 2525 1233 2553 ob
1247 2531 1373 2557 causam,
1390 2523 1551 2560 inquiebat,
1578 2523 1656 2558 prior
1669 2523 1717 2550 ab-

924 2574 994 2602 irem
1007 2573 1041 2600 ad
1057 2572 1181 2609 paranda
1197 2571 1328 2599 nimirum
1347 2570 1453 2598 sanctis
1467 2568 1625 2597 habitacula
1643 2577 1650 2595 :
1669 2567 1717 2596 sed

926 2628 988 2648 cum
1000 2620 1125 2647 noverim
1144 2618 1247 2645 multas
1260 2617 1317 2653 jam
1333 2624 1395 2645 esse
1407 2620 1586 2652 praeparatas,
1601 2622 1663 2650 quae
1675 2613 1718 2642 di-

928 2664 1074 2701 ligentium
1091 2664 1177 2692 Deum
1201 2663 1348 2690 adventum
1373 2662 1577 2698 praestolamur,
1602 2659 1661 2688 Non
1681 2659 1717 2687 ob

928 2712 1000 2739 hanc
1010 2718 1125 2738 causam
1141 2709 1282 2737 discedam
1294 2729 1302 2742 ,
1317 2708 1425 2744 inquit,
1442 2707 1490 2736 sed
1509 2710 1538 2735 ut
1559 2705 1663 2734 reditus
1688 2705 1717 2732 in

927 2765 1076 2794 supernam
1100 2756 1173 2784 viam
1193 2755 1278 2784 veluti
1295 2754 1444 2790 quamdam
1468 2757 1496 2782 et
1519 2753 1609 2781 locum
1637 2752 1717 2781 vobis

927 2807 1140 2840 praeparaturus,
1156 2806 1184 2830 ct
1200 2801 1273 2838 quod
1293 2801 1467 2829 inaccessum
1481 2800 1548 2827 olim
1563 2803 1624 2827 erat
1639 2806 1717 2826 com-

928 2851 1101 2887 planaturus.
1130 2848 1237 2877 invium
1260 2847 1363 2884 quippe
1387 2854 1504 2884 prorsus
1524 2850 1585 2875 crat
1616 2845 1717 2874 corium
