1896 3034
210 164 260 190 183

702 161 731 188 S.
752 160 890 189 CYRILLI
906 161 1146 190 ALEXANUltINi
1163 163 1324 192 AltClllEP.

1804 163 1852 190 186

206 221 378 255 hominibus,
391 220 473 257 764
487 227 575 256 neque
591 220 669 256 prius
687 228 807 257 unquam
818 229 883 250 caro
897 230 954 258 puri

1106 232 1142 259 περ
1161 224 1233 255 τινὰ.
1260 224 1307 251 καὶ
1323 223 1406 250 τόπον
1423 224 1646 260 προευτρεπίσων
1664 224 1745 259 ύμῖν,
1767 223 1854 250 καὶτὸ

205 268 284 296 illum
300 271 328 296 et
346 268 553 296 sanctissimum
576 268 737 303 angelorum
760 268 851 296 locum
865 269 995 303 triverat,

205 315 257 344 sed
276 315 384 350 primus
395 321 545 343 ascensum
564 314 599 342 ad
618 313 687 342 illud
705 314 835 342 Christus
853 315 933 342 nobis
955 316 998 343 in-

206 362 352 394 stauravit,
367 361 534 396 modumque
545 367 579 389 eo
595 360 763 389 ascendendi
779 361 857 388 carni
871 361 995 395 tradidit,

206 408 345 443 primitias
362 407 445 435 veluti
458 407 593 442 quasdam
608 411 781 435 mortuorum
793 427 800 441 ,
822 411 851 435 et
874 408 902 435 in
923 412 997 435 terra

202 454 356 488 jacentium
367 454 489 490 seipsum
503 453 620 482 oﬂ‘erens
635 453 691 482 Deo
705 461 736 481 ac
750 453 837 486 Patri,
851 458 878 482 et
890 454 997 489 primus

203 501 287 528 homo
309 500 502 528 manifestatus
527 500 562 528 iis
581 502 630 535 qui
651 500 680 527 in
703 500 775 528 caalo
792 504 868 528 sunt.
891 500 997 528 Idcirco

205 550 356 581 augustum
378 551 407 574 et
427 553 556 581 magnum
579 547 646 575 illud
671 547 806 576 adventus
825 555 888 575 eum
911 554 996 575 carne

204 592 369 628 mysterium
392 592 554 628 ignorantes
571 593 700 621 caelestes
720 593 827 629 angeli,
843 592 997 621 ascenden-

204 643 260 666 tem
277 639 453 667 mirabantur
466 639 597 673 attoniti,
623 644 651 668 et
671 648 744 668 novo
764 645 847 675 atque
863 640 995 668 inusitato

187 686 365 720 -spectaculo
389 686 493 714 turbati
516 690 622 713 tantum
641 694 695 714 non
715 687 793 714 aiunt
811 696 818 714 :
837 696 846 712 ι
864 686 933 719 Quis
953 690 996 714 est

204 732 258 760 iste
270 733 317 768 qui
332 733 409 760 venit
424 733 459 761 de
476 733 562 761 Edom
575 733 621 760 “1'
638 743 648 760 ι
671 733 724 761 hoc
736 737 778 761 est
795 733 829 761 de
843 738 927 761 terra.
941 732 995 760 Sed

204 778 330 813 ignaram
352 778 526 807 admirabilis
552 780 599 807 Dei
622 787 656 807 ac
676 779 768 807 Patris
786 779 927 814 sapientiae
947 787 995 806 su-

204 831 319 859 pernam
338 824 413 852 illam
429 825 636 853 multitudinem
653 825 776 861 Spiritus
795 833 850 853 non
870 825 993 857 dimisit,

204 869 332 904 quinimo
344 870 428 906 jussit
442 875 471 898 ut
485 871 511 899 ei
527 877 657 907 tanquam
674 872 731 908 regi
751 879 784 900 ac
799 871 923 900 universi
942 871 994 899 Do-

1048 271 1133 298 πάλαι
1159 271 1292 298 δύσϐατον
1314 271 1475 306 ὲΕομαλιῶν.
1508 271 1627 303 Ἀϐατος
1650 270 1710 306 γὰρ
1739 267 1776 305 ἦν
1807 270 1854 296 ἁν-

1048 317 1167 354 θρὼποις
1195 318 1337 350 παντελῶς
1364 319 1378 345 ὁ
1401 317 1527 354 οὐρανὸς,
1558 318 1606 344 xui.
1635 318 1668 343 οὐ
1703 317 1853 351 mstiti-‘1:

1048 365 1180 400 πρότερον
1204 364 1314 391 πώποτε
1338 364 1407 400 σὰρξ
1421 365 1452 391 τδ
1466 364 1586 400 καθαρὸν
1607 364 1700 390 ἐκεῖνο
1713 363 1764 389 xui.
1789 363 1854 388 πάν-

1047 418 1130 444 αγνον
1157 410 1212 437 τῶν
1240 410 1365 444 ἀγγέλων
1387 410 1497 446 χωρίον,
1521 409 1673 436 ὲνεκαίνισε
1691 409 1722 435 δὲ
1745 407 1854 444 πρῶτος

1047 456 1113 492 ἡμῖν
1127 455 1176 491 τὴν
1193 457 1232 488 εἰς
1243 455 1324 482 αὑτὸν
1333 456 1427 484 ἄνοδον
1438 457 1452 483 δ
1464 455 1591 492 Χριστὸς,
1600 455 1648 482 xui.
1663 455 1774 490 τρόπον
1790 453 1853 480 ἔδω-

1047 510 1094 528 κεν
1107 502 1201 529 ἀνόδου
1213 502 1263 537 τῆς
1273 502 1314 533 εἰς
1328 501 1443 538 οὐρανὸν
1457 503 1490 537 τῇ
1506 500 1745 538 σαρκὶ,ἀπαρχὴν
1757 499 1852 534 ὥσπερ

1046 547 1107 574 τινὰ
1119 548 1173 574 τῶν
1187 548 1406 583 κεκοιμημένων,
1414 548 1461 574 καὶ
1472 548 1501 574 ὲν
1511 547 1562 583 γῆς
1575 547 1683 583 χώματι
1702 546 1852 581 κειμένων,

1047 593 1144 620 ἑαυτὸν
1166 593 1338 629 ἀνακομίσας
1365 593 1404 629 τῷ
1423 593 1483 629 Θεῷ
1507 593 1555 620 καὶ
1573 593 1673 629 Πατρὶ,
1705 593 1758 618 καὶ
1777 592 1851 627 πρῶ-

1046 648 1092 672 τος
1102 639 1244 675 ἄνθρωπος
1261 640 1355 675 ὀφθεὶς
1372 641 1428 673 τοῖς
1451 642 1479 668 ὲν
1494 639 1612 676 οὐρανῷ.
1629 638 1786 674 Τοιγάρτοι
1810 638 1853 664 καὶ

1046 687 1077 713 τὸ
1093 687 1192 713 σεπτὸν
1203 687 1251 714 xui
1267 687 1337 722 μέγα
1352 687 1401 723 τῆς
1423 686 1572 722 ἐπιδημίας
1584 686 1637 721 τῆς
1656 685 1732 721 μετὰ
1751 684 1851 719 supra;

1049 733 1197 769 μυστήριον
1214 734 1264 760 οὐκ
1273 733 1372 766 εἰδότες
1387 734 1411 760 οἱ
1427 734 1487 761 κατ’
1501 733 1616 769 οὐρανὸν
1625 733 1706 764 ὄντες
1727 731 1850 765 ἄγγελοι,

1046 779 1155 805 ἀνιόντα
1179 778 1412 814 κατετεθήπεσαν,
1436 779 1482 805 ἐπὶ
1501 778 1530 805 δὲ
1551 777 1590 814 τῷ
1608 777 1677 812 ξένῳ
1702 777 1755 803 xui.
1776 775 1851 811 ἀήθει

1047 826 1190 861 πράγματι
1219 824 1361 861 μονονουχὶ
1382 823 1607 860 τεθορυϐημένοι,
1643 822 1728 857 φασί-
1765 831 1775 848 ε
1807 821 1852 852 Τίς

1047 868 1125 904 οὗτος
1137 872 1152 898 ὁ
1171 871 1390 907 παραγενόμενος
1413 870 1443 904 ἐξ
1468 870 1572 905 Ἐδώμ;
1592 879 1601 895 ι
1619 868 1696 896 τοῦτ’
1717 868 1806 899 ἔστιν,
1824 868 1852 893 ἑκ

204 916 281 944 mino
296 916 424 945 cmlestes
439 921 532 953 portas
543 918 693 953 aperirent,
709 919 888 946 exclamans:
907 928 916 944 ι
932 917 952 945 Τ

1104 938 1109 945 .
1130 918 1200 944 Ἀλλ’
1213 918 1263 944 οὐκ
1285 918 1428 945 ἀδίδακτον
1449 915 1499 952 τῆς
1513 915 1561 943 τοῦ
1582 915 1650 942 Θεοῦ
1676 914 1730 941 καὶ
1747 914 1852 947 Πατρὶς

204 961 254 989 lite
270 967 375 997 portas,
390 963 543 998 principes,
556 970 674 996 vestras,
690 968 718 992 et
732 964 889 997 elevaminl,
908 968 995 999 portat

203 1008 358 1041 aeternales,
382 1012 410 1036 et
427 1009 553 1037 introibit
569 1009 627 1038 Rex
644 1010 738 1046 gloriae
756 1010 791 1037 ⁵¹.
812 1019 821 1036 ι
848 1009 995 1037 lnnovavit

203 1054 291 1086 igitur
310 1054 390 1082 nobis
407 1054 542 1084 Dominus
564 1060 659 1084 noster
673 1055 755 1084 Iesus
773 1055 903 1084 Christus
921 1056 994 1084 viam

204 1103 344 1127 recentem
359 1107 391 1128 ac
405 1101 507 1134 vivam,
529 1105 559 1128 ut
572 1100 676 1129 Paulus
690 1101 728 1128 ait
740 1101 774 1134 "',
790 1108 846 1129 non
859 1101 886 1128 in
899 1106 995 1129 sancta

203 1145 375 1178 manufacta,
389 1146 438 1174 sed
450 1146 477 1174 in
489 1146 590 1174 celum
602 1147 692 1182 ipsum
709 1147 862 1182 ingressus,
878 1153 908 1175 ut
921 1155 996 1174 nunc

203 1198 297 1218 coram
319 1192 395 1218 vultu
420 1191 469 1219 Dei
494 1200 544 1228 pro
569 1193 649 1220 nobis
673 1198 816 1228 appareat.
840 1193 898 1221 Nec
920 1193 995 1221 enim

202 1237 329 1264 ascendit
347 1237 495 1271 Christus,
514 1243 544 1265 ut
567 1239 689 1273 seipsum
710 1238 873 1274 conspectui
891 1237 940 1265 Dei
963 1245 996 1266 ac

203 1282 293 1311 Patris
308 1283 500 1312 manifestaret
519 1296 525 1312 :
547 1289 606 1312 erat
623 1284 743 1319 quippe,
759 1288 786 1313 et
810 1289 869 1317 est,
887 1284 995 1319 eritque

202 1337 312 1365 semper
329 1330 358 1357 in
373 1329 473 1362 Patre,
491 1335 520 1358 et
539 1330 567 1358 in
585 1331 676 1359 oculis
696 1331 740 1359 sui
756 1330 892 1366 genitoris
907 1339 914 1358 :
935 1330 995 1365 ipse

203 1375 277 1403 enim
298 1379 342 1403 est
366 1383 420 1410 quo
442 1383 550 1411 semper
567 1377 687 1412 gaudet;
708 1377 757 1404 sed
776 1376 901 1404 ascendit
922 1383 998 1403 nunc

203 1422 282 1457 quasi
299 1421 383 1449 homo
407 1422 520 1450 insolita
543 1423 663 1457 quadam
687 1426 714 1450 et
737 1423 872 1451 inusitata
889 1423 997 1450 ratione

203 1467 431 1502 conspiciendum
443 1475 474 1496 se
489 1468 613 1503 praebens
633 1468 752 1496 Verbum
769 1468 844 1504 quod
858 1468 924 1496 olim
944 1469 996 1496 hu-

202 1514 336 1542 manitate
349 1521 467 1542 vacuum
485 1518 556 1542 erat.
572 1515 659 1550 ldque
678 1521 791 1550 propter
805 1523 876 1548 nos,
901 1520 928 1542 et
946 1523 996 1550 pro

1049 963 1214 998 ἀξιαγάστου
1235 964 1341 1000 σοφίας,
1355 963 1404 999 τὴν
1418 963 1474 990 ἄνω
1487 962 1592 998 πληθὺν
1605 962 1699 996 ἀφῆκε
1717 960 1750 987 τὸ
1772 959 1853 987 Ilva-Tr

1051 1020 1100 1046 μα,
1121 1011 1290 1038 διεκελεύετο
1300 1010 1329 1037 δὲ
1353 1010 1454 1045 μᾶλλον
1473 1009 1511 1042 ὡς
1527 1008 1634 1044 βασιλεῖ
1646 1007 1697 1035 καὶ
1710 1007 1771 1034 τῶν
1788 1006 1852 1033 ὅλων

1048 1057 1170 1094 Δεσπότῃ
1184 1056 1233 1089 τὰς
1245 1056 1389 1092 οὐρανίους
1399 1055 1556 1090 ἀνοιγνύναι
1574 1054 1662 1085 πύλας
1677 1052 1851 1088 ὰναφωνοῦν·

1051 1112 1062 1130 ι
1096 1104 1197 1138 ”Αρατε
1224 1102 1321 1135 πύλας,
1347 1103 1372 1129 οί
1406 1102 1545 1137 ἄρχοντες,
1569 1100 1660 1136 ὑμῶν,
1683 1101 1737 1126 xui.
1769 1099 1851 1133 ὲπάρα

1047 1148 1125 1183 θητε,
1135 1147 1218 1175 πύλαι
1231 1147 1347 1178 αἰώνιοι,
1364 1147 1410 1174 καὶ
1422 1146 1609 1173 εἰσελεύσεται
1622 1146 1637 1172 ὸ
1649 1144 1792 1176 Βασιλεὺς
1806 1144 1850 1178 τῆς

1047 1194 1136 1230 δόξης.
1158 1203 1168 1220 ι
1202 1193 1368 1221 Ἐνεκαίνισε
1400 1193 1489 1220 τοίνυν
1516 1193 1582 1228 ἡμῖν
1605 1192 1619 1218 ὁ
1641 1191 1755 1223 Κύριος
1776 1190 1850 1227 ἡμῶν

1054 1239 1157 1274 Ἰησοῦς
1183 1238 1301 1274 Χριστὸς
1323 1238 1381 1265 ὁδὸν
1406 1238 1563 1273 πρόσφατον
1584 1237 1631 1264 καὶ
1655 1236 1767 1269 ζῶσαν,
1789 1235 1850 1266 ὡςό

1047 1284 1154 1316 Παῦλός
1181 1293 1274 1320 φησιν,
1290 1284 1341 1310 οὐκ
1359 1284 1399 1315 εἰς
1415 1283 1593 1319 χειροποίητα
1613 1282 1681 1316 ἂγια
1710 1281 1849 1313 εἰσελθὼν,

1047 1330 1105 1358 ἀλλ’
1129 1331 1170 1362 εἰς
1195 1330 1276 1357 αὐτὸν
1296 1330 1341 1357 τὸν
1362 1330 1487 1366 οὐρανὸν,
1512 1329 1560 1356 νῦν
1585 1328 1797 1364 ἐμφανισθῆναι
1815 1328 1850 1363 τῷ

1045 1377 1186 1414 προσώπῳ
1196 1376 1242 1404 τοῦ
1270 1377 1338 1404 Θεοῦ
1356 1377 1427 1413 ὑπὲρ
1444 1376 1535 1412 ἡμῶν.
1552 1376 1590 1403 Οὐ
1607 1376 1665 1411 γὰρ
1678 1375 1782 1402 ἑαυτὸν
1805 1375 1850 1410 ἒμ-

1047 1424 1166 1459 φανίσων
1190 1423 1229 1459 τῷ
1251 1423 1389 1460 προσώπῳ
1410 1423 1457 1450 τοῦ
1471 1422 1539 1449 Θεοῦ
1566 1421 1615 1448 καὶ
1630 1421 1745 1456 [ἰατρὸς
1757 1421 1850 1448 ἀναδέ-

1047 1469 1158 1505 δηκενό
1172 1468 1299 1504 Χριστός·
1327 1465 1361 1503 ἦν
1386 1467 1451 1503 γὰρ,
1479 1467 1527 1494 xui
1549 1466 1619 1499 ἐστι,
1640 1466 1690 1493 καὶ
1714 1466 1796 1492 ἔσται
1810 1466 1848 1492 διὰ

1046 1514 1157 1547 παντὸς,
1173 1515 1202 1541 ὲν
1217 1514 1316 1549 Πατρὶ,
1332 1513 1380 1540 xui.
1393 1513 1424 1539 ἐν
1437 1512 1587 1548 ὀφθαλμοῖς
1602 1511 1649 1539 τοῦ
1667 1512 1739 1539 ἰδίου
1754 1512 1848 1547 γεννή-

203 1559 297 1591 nobis,
313 1564 343 1587 ut
355 1563 382 1587 et
398 1560 528 1587 inventus
543 1564 573 1587 ut
593 1560 675 1588 homo
688 1560 740 1593 "',
759 1565 889 1596 tanquam
905 1560 948 1588 Fil

1099 1568 1133 1591 ος·
1150 1559 1231 1592 uino;
1243 1559 1296 1593 γάρ
1311 1560 1395 1590 ἐστιν,
1407 1554 1602 1594 ᾢπροσχαίρει
1617 1557 1664 1584 διὰ
1675 1557 1794 1589 παντός·
1806 1558 1847 1583 ἁν-

202 1605 230 1633 in
246 1605 347 1633 virtute
360 1626 367 1636 .
391 1611 418 1634 et
436 1607 483 1642 qui
501 1614 563 1634 cum
584 1614 670 1635 carne
690 1607 777 1634 audiit
797 1607 825 1634 in
850 1607 970 1636 solidum
986 1616 992 1634 :

204 1660 214 1678 ι
235 1651 306 1679 Sede
320 1658 335 1678 a
352 1652 458 1681 dextris
476 1653 544 1681 meis
559 1653 582 1669 ⁵¹
593 1673 601 1686 ,
619 1663 629 1679 1
653 1653 795 1681 ﬁliationis
810 1653 927 1688 gloriam
944 1653 994 1680 toti

201 1697 324 1724 humano
336 1698 428 1732 generi
450 1705 498 1733 per
518 1698 641 1734 seipsum
658 1698 807 1733 adoptione
819 1699 996 1727 transmitte-

201 1747 253 1772 ret.
273 1742 352 1770 Unus
375 1743 449 1770 enim
475 1748 518 1771 est
539 1751 571 1771 ex
596 1743 677 1772 nobis
691 1764 698 1776 ,
718 1745 747 1771 in
763 1750 896 1780 quantum
912 1744 994 1772 homo

200 1788 340 1824 apparuit,
356 1795 372 1815 a
382 1787 486 1816 dextris
500 1788 546 1815 Dei
563 1794 590 1816 et
603 1789 704 1822 Patris,
717 1789 780 1817 licet
791 1797 874 1824 supra
886 1796 994 1816 omnem

200 1839 358 1863 creaturam
384 1835 441 1866 sit,
466 1839 494 1862 et
512 1835 761 1863 consubstantialis
781 1843 833 1864 suo
855 1836 993 1871 genitori,

199 1885 338 1916 quatenus
359 1880 462 1908 eﬂ‘ulsit
476 1889 509 1909 ex
528 1881 607 1916 ipso,
626 1881 697 1909 Deus
713 1882 748 1910 de
764 1881 820 1910 Deo
832 1902 839 1915 ,
858 1886 885 1910 et
899 1883 993 1910 lumen

199 1926 234 1954 de
247 1933 312 1954 vero
322 1926 436 1954 lumine.
448 1926 583 1961 Apparuit
594 1926 688 1961 itaque
701 1930 832 1961 tanquam
848 1927 931 1955 homo
943 1935 993 1962 pro

200 1973 280 2000 nobis
295 1971 391 2005 Patri,
405 1976 435 2000 ut
449 1980 500 2000 nos
516 1971 562 2008 qui
577 1973 611 2000 ab
624 1973 683 2007 ejus
695 1973 773 2001 vultu
789 1977 903 2008 propter
916 1977 993 2000 vete-

198 2025 258 2046 rem
274 2018 530 2053 praavaricationem
547 2018 652 2053 repulsi
663 2017 816 2051 fueramus,
830 2025 931 2046 rursus
948 2026 994 2046 co—

199 2071 259 2091 ram
283 2063 363 2091 Patre
382 2064 512 2097 sisteret;
531 2063 602 2092 sedit
617 2083 625 2096 ,
653 2067 682 2090 ut
700 2062 805 2096 Filius,
828 2068 858 2091 ut
879 2067 907 2091 et
923 2071 991 2097 nos,

198 2110 332 2142 tanquam
344 2107 403 2139 lilii,
424 2115 474 2143 per
491 2115 554 2135 eum
572 2115 798 2143 nuncuparemur
824 2115 856 2136 ac
869 2108 915 2136 Dei
932 2109 990 2137 ﬁlii.

196 2153 317 2188 Ideoque
332 2151 434 2181 Paulus
461 2153 508 2188 qui
523 2153 666 2181 contendit
679 2153 780 2182 habere
796 2161 826 2182 se
849 2153 991 2182 Christum

197 2200 357 2234 loquentem
373 2199 401 2226 in
417 2199 508 2234 seipso
519 2198 552 2231 “,
568 2200 725 2227 communia
743 2207 806 2228 esse
817 2204 924 2228 natura:
939 2201 991 2228 hu-

1049 1606 1099 1642 έση
1113 1606 1142 1633 δὲ
1163 1604 1223 1637 νῦν,
1244 1605 1282 1637 ὡς
1299 1604 1443 1640 ἄνθρωπος
1470 1603 1614 1639 ἀσυνήθως
1638 1611 1670 1629 τε
1694 1603 1747 1630 καὶ
1772 1602 1849 1635 ξένως

1046 1649 1258 1686 ἐμφανισθῆναι,
1284 1650 1298 1677 ὁ
1324 1649 1409 1676 πάλαι
1427 1648 1532 1684 γυμνὸς
1555 1648 1778 1684 ἀνθρωπότητος
1801 1648 1849 1676 Δό-

1046 1707 1104 1733 γος.
1119 1698 1158 1724 Δι’
1169 1697 1243 1732 ἡμᾶς
1264 1696 1292 1723 δὲ
1306 1695 1395 1727 τοῦτο,
1411 1696 1459 1722 xui.
1474 1695 1546 1731 ὑπὲρ
1560 1694 1654 1730 ἡμῶν,
1677 1695 1725 1722 ἵνα
1755 1695 1804 1722 καὶ
1815 1694 1849 1726 ὡς

1046 1742 1188 1778 ἅνθρωπος
1202 1741 1335 1777 εὑρεθεὶς,
1356 1741 1394 1772 ὠς
1413 1740 1478 1771 Υἱὸς
1495 1741 1524 1767 ὲν
1548 1739 1677 1775 δυνάμει,
1707 1740 1758 1766 xui.
1785 1739 1848 1775 μετὰ

1047 1788 1148 1824 σαρκὸς
1165 1787 1285 1819 ἀκούσας
1304 1786 1432 1819 καθόλου,
1450 1795 1459 1811 ι
1488 1785 1582 1812 Κάθου
1597 1786 1629 1812 ὲκ
1639 1784 1740 1818 δεξιῶν
1761 1794 1823 1821 μου,
1838 1794 1845 1811 ι

1045 1833 1094 1868 τῆς
1111 1832 1247 1863 υἱοθεσίας
1264 1832 1312 1866 τὴν
1324 1830 1412 1863 δόξαν,
1427 1831 1481 1866 ὅλῳ
1503 1831 1537 1857 δι’
1553 1830 1652 1858 ἑαυτοῦ
1670 1831 1848 1867 παραπέμψει

1044 1878 1084 1914 τῷ
1094 1878 1177 1912 γένει.
1196 1875 1243 1909 Εἷς
1262 1877 1315 1912 γάρ
1330 1878 1404 1903 ἐστιν
1421 1876 1510 1912 ἡμῶν,
1530 1876 1600 1903 καθὸ
1611 1876 1739 1912 πέφηνεν
1750 1877 1848 1912 ἄνθρω-

1045 1934 1106 1957 πος,
1118 1927 1149 1952 ὲκ
1161 1925 1256 1957 δεξιῶν
1268 1925 1315 1953 τοῦ
1329 1924 1397 1952 Θεοῦ
1409 1925 1456 1952 καὶ
1473 1924 1591 1960 Πατρός,
1606 1925 1631 1952 εί
1642 1925 1692 1952 xui.
1707 1925 1783 1961 ὑπὲρ
1798 1926 1846 1952 πᾶ-

1045 1972 1095 1999 σάν
1116 1972 1189 1998 ἐστιν
1212 1971 1261 2007 τὴν
1286 1971 1386 2005 κτίσιν,
1403 1971 1451 1998 καὶ
1472 1970 1619 2006 ὁμοούσιος
1644 1971 1686 2006 τῷ
1710 1972 1772 2007 ἰδίῳ
1791 1980 1846 2006 γεν-

1044 2018 1148 2054 νήτορι,
1178 2017 1246 2044 καθὸ
1276 2017 1399 2053 πέφηνεν
1431 2017 1462 2050 ἐξ
1490 2017 1574 2044 αὑτοῦ
1607 2017 1676 2050 Θεδς
1704 2019 1740 2045 ὲκ
1770 2018 1845 2048 Θεοῦ.

1043 2064 1091 2091 xui.
1103 2063 1162 2099 φῶς
1170 2064 1201 2090 ὲκ
1213 2063 1301 2098 φωτὸς
1311 2064 1382 2091 κατὰ
1393 2063 1535 2099 ἀλήθειαν.
1550 2064 1735 2100 Ἐνεφανίσθη
1747 2065 1845 2097 τοίνυν,

1043 2111 1081 2143 ὡς
1096 2111 1238 2146 ἄνθρωπος
1263 2110 1333 2146 ὑπὲρ
1345 2110 1424 2146 ἡμῶν
1437 2111 1478 2146 τῷ
1499 2110 1599 2146 Πατρῖ,
1625 2111 1670 2138 ῐνα
1686 2112 1765 2147 ἡμᾶς
1787 2112 1844 2143 τοὺς

1042 2158 1075 2184 ὲκ
1096 2156 1243 2193 προσώπου
1286 2156 1427 2191 γεγονότας
1451 2157 1496 2184 διὰ
1525 2157 1576 2192 τὴν
1603 2157 1725 2192 ἀρχαίαν
1760 2159 1844 2193 παράε

1043 2203 1140 2236 δασιν,
1177 2204 1264 2238 στήσῃ
1292 2203 1374 2230 πάλιν
1400 2203 1439 2235 ὠς
1469 2203 1498 2230 ὲν
1526 2202 1670 2239 προσώπῳ
1707 2204 1758 2230 τοῦ
1791 2205 1843 2230 Ilu-

197 2253 287 2272 manze
302 2244 405 2272 d0cens
421 2252 453 2272 ea
468 2252 529 2279 qua:
545 2245 711 2280 ergaipsum
728 2245 904 2280 peculiariter
916 2246 945 2273 ἴση

1093 2259 1113 2282 ς·
1129 2250 1285 2283 κεκάθικεν,
1298 2249 1336 2282 ὠς
1347 2249 1421 2282 Υἱὸς,
1448 2249 1492 2276 ἵνα
1504 2250 1552 2276 καὶ
1562 2251 1656 2285 ἡμεῖς,
1682 2250 1723 2282 ὡς
1738 2250 1794 2277 υἱοὶ
1812 2248 1841 2276 δι’

197 2294 263 2318 sunt
282 2291 339 2324 ait,
357 2291 422 2325 quia
438 2294 465 2318 et
491 2299 500 2315 ι
517 2291 750 2319 conresuscitavit
770 2299 836 2324 nos,
851 2295 878 2320 et
895 2300 992 2320 conse-

197 2336 264 2363 dere
291 2336 356 2364 lecit
379 2337 408 2363 in
433 2336 596 2364 cmlestibus
617 2336 644 2364 in
667 2337 780 2366 Christo
794 2339 827 2365 ".
845 2349 854 2365 ι
872 2338 992 2375 Propria

197 2387 318 2416 namque
332 2385 374 2408 est
394 2381 475 2417 765
489 2381 602 2410 Christo
616 2402 624 2416 ,
648 2387 678 2410 ut
694 2384 847 2412 secundum
864 2389 991 2413 naturam

198 2425 269 2452 Filio
282 2446 289 2458 ,
305 2432 455 2453 consessus
479 2425 598 2462 dignitas
622 2431 651 2454 et
671 2428 776 2462 gloria,
800 2437 882 2465 quam
900 2430 925 2458 ei
944 2430 992 2458 uni

197 2475 382 2506 congruenter
396 2478 428 2498 ac
441 2478 504 2499 vere
520 2471 693 2499 tribuendam
707 2481 768 2502 esse
783 2474 903 2503 dicimus
917 2485 924 2503 :
940 2475 989 2503 sed

197 2519 262 2552 quia
277 2517 428 2545 considens
443 2518 533 2546 nostri
549 2518 650 2547 similis
669 2524 731 2554 est,
749 2526 887 2556 quatenus
906 2530 990 2558 appa-

197 2564 254 2590 ruit
268 2564 368 2597 homo,
383 2563 511 2599 Deusque
531 2565 613 2592 simul
633 2565 666 2593 de
687 2565 742 2594 Deo
757 2566 934 2602 intelligitur,
954 2569 989 2596 ad

196 2618 249 2638 nos
269 2610 352 2637 etiam
375 2611 578 2645 quodammodo
605 2611 748 2647 dignitatis
773 2614 848 2641 illius
872 2615 987 2649 gratiam

197 2656 371 2684 transmittit.
396 2655 455 2684 Etsi
487 2657 561 2684 enim
587 2665 647 2685 eum
677 2667 710 2687 eo
733 2659 807 2687 Patri
827 2662 988 2690 consessuri

198 2709 252 2728 non
277 2701 364 2729 simus
397 2702 556 2737 (quomodo
585 2704 658 2731 enim
682 2713 780 2734 servus
806 2715 927 2742 unquam
953 2708 987 2735 ad

197 2747 329 2781 a-qualem
344 2756 406 2775 cum
421 2749 532 2775 domino
547 2749 677 2778 honorem
691 2752 987 2788 ascendet?),verum-

1041 2296 1123 2324 αὑτοῦ
1150 2295 1380 2331 χρηματίσωμεν,
1409 2296 1455 2321 καὶ
1490 2295 1575 2322 τέκνα
1612 2295 1694 2323 Θεοῦ.
1730 2297 1782 2324 Διά
1805 2304 1842 2322 τοι

1041 2343 1130 2375 τοῦτο,
1144 2342 1191 2369 καὶ
1207 2343 1221 2369 ὁ
1244 2340 1360 2374 Παῦλος,
1386 2338 1463 2368 δ’τὺν
1476 2341 1596 2377 Χριστὸν
1611 2341 1688 2377 ἔχειν
1712 2343 1742 2369 ὲν
1757 2341 1841 2376 ἐαυτῷ

1041 2389 1174 2417 λαλοῦντα
1193 2388 1404 2423 διατεινόμενος,
1426 2388 1504 2414 κοινὰ
1520 2389 1554 2424 τῇ
1578 2388 1662 2423 φύσει
1685 2390 1720 2424 τῇ
1739 2388 1837 2424 ἀνθρω-

1042 2435 1105 2471 πεία
1122 2435 1156 2461 τὰ
1175 2435 1214 2466 εἰς
1230 2434 1311 2460 αὑτὸν
1330 2433 1422 2465 ἰδικῶς
1440 2434 1575 2468 γεγονότα
1590 2434 1731 2462 διδάσκων
1748 2434 1839 2471 φησὶν,

1041 2481 1083 2508 δτι
1101 2481 1147 2507 xui
1163 2490 1172 2506 ι
1195 2481 1358 2515 Συνὴγειρεν
1383 2480 1464 2515 ἡμᾶς,
1483 2480 1530 2506 xui.
1551 2480 1736 2508 συνεκάθισεν
1747 2481 1776 2507 ἐν
1787 2481 1838 2510 τοῖς

1042 2526 1214 2561 ἐπουρανίοις
1239 2526 1267 2551 ὲν
1300 2524 1421 2560 Χριστῷ.
1443 2534 1452 2551 ι
1475 2525 1556 2552 Ἴδιον
1576 2526 1627 2561 μὲν
1647 2527 1705 2562 γὰρ
1726 2528 1764 2560 ὡς
1785 2525 1838 2560 Tit;

1041 2571 1113 2598 κατὰ
1125 2571 1205 2605 φύσιν
1223 2570 1340 2606 ὑπάρχει
1351 2570 1463 2606 Χριστῷ
1476 2570 1507 2598 τὸ
1520 2570 1571 2606 τῆς
1581 2573 1745 2608 συνεδρείας
1760 2573 1838 2606 ἀξίω-

1043 2626 1092 2652 μα,
1105 2617 1152 2644 καὶ
1161 2617 1209 2652 τὴν
1227 2616 1274 2643 τοῦ
1290 2616 1479 2652 συγκαθῆσθαι
1499 2617 1591 2650 δόξαν,
1617 2619 1695 2655 αὐτῷ
1720 2629 1750 2646 τε
1775 2628 1837 2655 πρε-

1042 2662 1147 2693 πόντως
1164 2661 1211 2688 καὶ
1228 2661 1300 2696 μόνῳ
1318 2661 1426 2696 ἀληθῶς
1453 2662 1616 2690 ἀνακεῖσθαι
1643 2665 1770 2700 φήσομεν
1781 2673 1787 2679 ’
1810 2663 1836 2690 τὸ

1041 2707 1068 2733 δὲ
1079 2707 1146 2738 ὅλως
1161 2706 1221 2732 καθ’
1235 2706 1308 2741 ἡμᾶς
1326 2705 1460 2741 ὑπάρχειν
1477 2706 1524 2733 τὸν
1543 2707 1755 2759 συνεδρεύοντα,
1773 2708 1835 2735 καθὸ

1039 2753 1158 2788 πέφηνεν
1179 2752 1321 2786 ἄνθρωπος
1334 2752 1403 2786 μετὰ
1424 2752 1470 2779 τοῦ
1498 2753 1620 2781 νοεῖσθαι
1638 2752 1688 2782 ἰαὶ
1712 2755 1777 2782 Θεὸν
1806 2755 1835 2780 ὲκ

197 2797 288 2820 tamen
315 2794 419 2821 sanctis
445 2794 590 2829 discipulis
619 2804 747 2825 sessuros
772 2806 855 2833 super
877 2799 945 2827 thrOI

1084 2800 1115 2832 ιῠ,
1140 2798 1320 2833 παραπέμπει
1352 2806 1412 2830 πως
1437 2798 1486 2825 xui.
1511 2800 1552 2831 εἰς
1571 2800 1647 2835 ἡμᾶς
1679 2802 1731 2836 τὴν
1749 2802 1780 2828 ἐκ
1792 2799 1832 2827 τοῦ

232 2849 254 2893 li“
277 2848 327 2890 l_sa.
342 2851 458 2893 l..\ll'l_,!.
499 2850 519 2865 θ’
542 2850 612 2893 ΙξειιΙ.
633 2861 699 2882 xxm
715 2874 720 2885 ,
737 2854 760 2881 7.
801 2855 823 2871 "
840 2854 922 2883 llcbr.
942 2864 978 2888 Ix,

1082 2857 1104 2873 ιδ
1122 2856 1239 2892 Philipp.
1255 2866 1291 2890 ιι,
1313 2857 1337 2884 7.
1378 2856 1409 2872 ιι·
1432 2856 1502 2886 i‘sal.
1521 2865 1575 2893 cu,
1595 2857 1621 2886 ι.
1662 2859 1686 2875 ιι
1705 2859 1728 2886 ιι
1743 2859 1801 2887 Cor.

197 2890 245 2911 xm
259 2903 265 2916 ,
279 2885 306 2911 5.
341 2885 363 2902 ⁵⁵
394 2885 491 2920 i'lplics.
509 2893 538 2917 ιι,
555 2887 580 2913 ti.
