1896 3034
65 142 119 170 185

657 139 689 167 ΙΝ
703 138 847 168 JOANNIS
864 140 1091 170 EVANGELIUM
1107 141 1172 170 LIB.
1188 142 1234 170 IX.

1657 149 1704 176 lSG

65 198 224 234 ἀξιώματος
237 199 329 235 χάριν.
343 199 374 226 Et
387 198 441 234 γὰρ
452 197 500 226 καὶ
517 197 553 234 μὴ
567 196 642 234 αὐτῷ
654 199 861 235 συνεδρεύσομει

956 201 1058 228 oittisit.
1077 209 1087 226 ι
1105 200 1223 234 Quando
1251 200 1345 235 cnim,
1376 200 1479 237 inquit,
1506 202 1594 231 Filius
1621 204 1709 233 homi-

64 245 106 281 τῷ
122 245 210 281 [Ιατρν⁸
227 245 299 280 (πῶς
310 245 365 281 γὰρ
376 244 408 271 τὺ
419 244 523 277 δοῦλον,
539 245 580 276 είς
597 244 647 280 τὴν
670 245 735 281 ἴσην
758 245 797 281 τῷ
821 246 863 272 δε-

67 292 156 327 σπότῃ
185 292 269 327 τιμὴν
300 292 368 318 ἀνίοι
403 291 469 318 ποτέ
483 300 490 324 ;
505 291 526 327 ),
551 291 616 318 ἀλλ’
627 289 675 318 οὖν
688 300 731 326 γε,
751 292 802 328 τὴν
817 292 863 319 ἐπὶ

66 338 171 373 Θρόνων
188 337 298 365 κάθισιν
319 339 373 369 τοῖς
398 337 487 372 ἁγίοις
507 338 689 373 ἐπηγγείλατο
718 337 861 374 μαθηταῖς.

69 393 78 409 ι
91 384 179 411 ὀταν
207 384 274 419 γὰρ,
308 384 403 420 φησὶν,
426 384 441 410 ὁ
466 383 530 415 Υἱὸς
544 383 590 410 τοῦ
602 383 748 420 ἀνθρώπου
763 385 864 421 καθίσῃ

65 429 115 456 ἐπὶ
132 428 230 465 θρόνου
246 429 328 465 δόξης
343 429 438 462 αὐτοῦ,
448 430 495 457 καὶ
509 429 589 465 ὑμεῖς
604 431 750 458 καθίσεσθε
763 431 810 458 ἐπὶ
817 430 865 458 δώ-

65 475 135 502 δεκα
146 475 269 510 θρόνους,
285 475 424 510 κρίνοντες
443 475 492 507 τὰς
509 474 613 502 δώδεκα
637 475 724 510 φυλὰς
745 475 793 502 τοῦ
816 476 865 503 Ἰσ-

68 521 152 556 ραήλ.
173 530 183 546 ι
199 520 306 548 Οὐκοῦν
320 521 511 556 ἀνοιχήσομαι,
535 521 629 556 φησιν,
648 522 680 548 οὐ
699 521 782 557 μονὰς
801 521 864 556 ὑμῖν

66 567 224 602 ἑτοιμάσων
241 567 307 602 (εἰσὶ
323 567 377 604 γὰρ
388 567 439 603 ήδη
454 567 574 603 πολλαὶ),
592 568 639 595 καὶ
653 568 684 595 τὸ
699 569 865 596 ὲπικαινοτο-

67 614 181 649 μεῖσθαι
195 613 229 649 τῇ
247 614 335 640 κτίσει
349 614 486 650 περιττὸν,
504 615 728 650 προευτρεπίσων
740 615 769 641 δὲ
781 615 864 641 τόπον

65 661 135 695 ὑμῖν
161 660 208 687 τοῦ
235 657 305 687 εἶναι
319 659 448 687 δύνασθαι
467 661 559 687 λοιπὸν
582 660 683 696 ἀναμὶξ
708 662 765 693 τοῖς
777 661 865 696 ἁγίοις

64 707 196 742 ἀγγέλοις
212 707 276 738 τοὺς
291 707 370 738 ὕντας
395 707 441 733 ἐπὶ
453 707 503 742 τῆς
515 707 576 742 γῆς.
594 707 638 734 διὰ
652 707 701 741 τὴν
714 707 865 743 μεσολαϐή-

65 761 155 780 σασαν
169 753 309 789 ἁμαρτίαν
321 761 329 769 ο
341 753 371 780 οὐ
383 753 439 788 γὰρ
458 753 492 780 ἂν
505 753 606 789 ἐμίχθη
624 754 681 785 τοῖς
692 753 764 780 οὕτω
782 753 865 790 βεὸή-

63 800 123 832 λοις
136 801 153 836 ἡ
166 799 232 834 ἁγία
246 799 301 826 τῶν
317 799 373 826 ἀνω
389 799 503 834 πληθύς.
522 799 708 835 Κατορθώσας
725 799 753 826 δὲ
773 799 862 833 τοῦτο,

62 845 113 872 καὶ
132 845 255 880 συνάψας
274 846 330 877 τοῖς
352 845 409 872 ἄνω
422 844 458 872 τά
477 845 562 876 κάτω,
587 845 670 872 τόπον
689 845 718 872 δὲ
740 845 801 877 δοὺς
822 846 865 873 ἀν·

915 248 958 275 nis
977 247 1080 275 sederit
1096 247 1123 274 in
1138 247 1204 275 sede
1217 247 1371 283 maiestatis
1387 257 1454 281 sum,
1471 249 1602 278 scdebitis
1617 255 1643 278 et
1660 260 1708 280 vos

916 301 998 328 super
1027 293 1143 322 thronos
1175 294 1343 328 duodecim,
1370 295 1531 330 iudicantes
1560 297 1708 325 duodecim

917 340 1006 368 tribus
1027 339 1155 368 lsraei".
1171 350 1181 366 ι
1201 340 1285 376 Igitur
1305 340 1467 373 discedam,
1487 341 1587 378 inquit,
1601 351 1710 378 nequa-

915 395 997 422 quam
1023 386 1103 414 vobis
1130 387 1291 415 mansiones
1315 392 1488 422 paraturus:
1515 389 1608 416 multae
1635 390 1708 417 enim

916 438 998 466 sunt,
1021 436 1051 460 et
1073 432 1176 468 aliquid
1193 433 1256 460 novi
1273 433 1355 460 rebus
1373 434 1474 461 creatis
1489 434 1589 462 addere
1604 439 1647 463 est
1660 443 1709 462 su-
1725 431 1730 436 ’

914 478 1066 514 perﬂuutn,
1090 479 1138 507 sed
1159 483 1365 514 pra‘paraturtts
1383 479 1461 507 vobis
1479 480 1569 507 locum
1581 501 1588 513 ,
1611 484 1640 507 ut
1655 488 1708 508 una

915 531 978 552 cum
993 524 1098 552 sanctis
1116 525 1223 560 angelis
1237 524 1350 552 demum
1365 533 1427 553 esse
1440 526 1564 561 possitis,
1581 527 1630 561 qui
1646 534 1710 562 pro-

915 575 974 606 pter
992 575 1134 606 peccatum
1148 570 1221 606 quod
1239 578 1287 598 vos
1302 571 1337 599 ab
1355 571 1396 599 eis
1411 571 1533 608 sejungit
1545 593 1552 606 ,
1569 572 1660 600 adhuc
1681 573 1710 600 in

915 620 988 644 terra
1010 616 1108 650 degitis
1135 624 1142 642 :
1170 624 1220 645 nec
1240 617 1313 644 enim
1334 625 1396 644 cum
1415 622 1470 644 tam
1486 618 1602 654 impuris
1614 623 1710 647 sancta

916 663 1039 690 coalitum
1059 662 1159 690 cohors
1172 662 1334 690 misceatur.
1349 662 1427 696 Quod
1443 671 1505 691 cum
1525 672 1668 700 peregero,
1684 668 1711 692 et

916 708 1024 744 superis
1037 708 1169 736 inferiora
1185 709 1369 744 conjunxero,
1387 710 1557 746 modumque
1575 719 1711 741 ascensus

915 756 942 783 in
957 763 1106 790 supernam
1122 756 1263 783 civitatem
1280 755 1357 784 vobis
1370 756 1512 784 tradidero
1522 777 1530 790 ,
1542 758 1616 785 circa
1631 766 1711 793 rege-

915 802 1070 830 nerationis
1086 807 1194 838 tempus
1207 802 1299 830 denuo
1314 808 1447 836 revertar,
1461 807 1489 830 et
1507 811 1647 831 assumam
1661 812 1711 832 vos

915 855 1041 879 mecum,
1065 857 1074 874 ι
1094 853 1124 875 ιιι
1148 848 1194 876 ubi
1215 855 1276 876 sum
1295 855 1365 884 ego,
1388 853 1415 876 et
1431 856 1481 877 vos
1501 848 1574 877 sitis.
1600 859 1610 876 ι
1630 849 1711 882 Quod

62 893 128 919 ὁδου
154 892 204 928 τῆς
217 893 258 924 εις
274 892 324 927 τὴν
349 892 406 920 ἀνω
428 891 507 918 πόλιν
523 892 598 927 ὑμῖν,
622 891 703 919 πάλιν
724 891 861 927 ἐπανήξω,

956 901 976 921 m
1002 898 1097 922 nosset
1117 893 1220 922 Paulus
1233 914 1240 926 ,
1259 894 1287 921 in
1303 894 1363 922 suis
1378 893 1508 929 Epistolis
1524 894 1567 922 sic
1589 894 1686 922 scribit
1703 903 1710 922 :

61 939 137 966 κατά
152 939 197 966 τὸν
210 939 262 974 τῆς
273 938 485 972 παλιγγενεσίας
501 937 607 973 καιρὸν,
630 938 678 964 καὶ
702 937 865 973 παραλήψο-

63 994 115 1021 μαι
134 986 207 1021 ὑμᾶς
220 985 280 1020 μεθ’
291 984 401 1018 ἑαυτοῦ,
420 993 429 1010 ι
445 984 489 1010 ἴνα
505 984 571 1010 ὅπου
586 984 643 1019 εἰμὶ
655 983 720 1018 ἐγὼ,
733 984 864 1019 καὶύμεῖς

59 1029 124 1067 ἦτε.
147 1041 156 1057 ›
176 1032 210 1057 ⁸0
228 1031 277 1058 καὶ
294 1031 385 1062 συνεὶς
403 1031 417 1056 ὁ
432 1029 539 1062 Παῦλος
561 1031 591 1057 ἐν
602 1030 717 1062 οίκείαις
737 1031 862 1058 Ἐπιστο-

59 1078 133 1110 λαῖς,
152 1077 224 1104 οὕτω
237 1076 306 1113 φησί
319 1085 326 1093 ·
344 1086 353 1102 ι
368 1076 454 1103 Τοῦτο
466 1076 521 1112 γάρ
533 1077 598 1112 ὑμῖν
616 1076 732 1112 λέγομεν
743 1078 772 1103 ἐν
789 1077 860 1113 λόγῳ

59 1124 177 1158 Κυρίου,
191 1124 233 1149 ὁτι
247 1124 327 1158 ἡμεῖς
339 1123 363 1149 ot
374 1121 485 1155 ζῶντες,
515 1123 540 1149 οἰ
570 1122 793 1158 περιλειπόμενοι
818 1124 860 1155 εις

59 1169 111 1204 τὴν
125 1169 278 1205 παρουσίαν
288 1169 335 1195 τοῦ
347 1168 460 1204 Κυρίου,
475 1169 505 1195 οὐ
525 1169 562 1204 μὴ
576 1169 715 1204 φθάσομεν
732 1169 795 1200 τοὺς
802 1178 860 1196 κοι-

62 1216 212 1251 μηθέντας.
227 1217 290 1242 ’Ὁτι
302 1215 381 1247 αὐτὸς
393 1216 407 1242 ὁ
422 1215 525 1251 Κύριος
538 1217 567 1243 ἐν
578 1215 755 1250 κελεύσματι,
767 1215 795 1242 ὲν
806 1224 862 1250 φω-

60 1263 94 1298 νῇ
107 1262 294 1297 ἀρχαγγέλου,
317 1262 363 1288 καὶ
379 1263 408 1288 ὲν
429 1261 561 1296 σάλπιγγι
583 1261 650 1288 Θεοῦ
674 1261 862 1297 καταϐήσεται

60 1308 117 1334 άπὸ
129 1308 258 1343 οὐρανοῦ,
269 1308 317 1335 καὶ
329 1308 354 1334 οι
367 1307 459 1342 νεκροὶ
475 1308 504 1335 ὲν
525 1307 635 1343 Χριστῷ
661 1308 861 1342 ἀναστήσονται

918 950 927 967 ι
944 940 1000 968 Hoc
1019 941 1093 968 enim
1111 941 1190 968 vobis
1205 941 1325 969 dicimus
1345 940 1372 968 in
1392 940 1476 968 verbo
1492 939 1624 974 Domini,
1646 940 1712 975 quia

913 995 964 1015 nos
977 1007 984 1019 ,
1003 987 1051 1022 qui
1064 987 1183 1015 vivimus
1196 1007 1203 1019 ,
1221 987 1268 1022 qui
1280 987 1387 1014 residui
1404 994 1501 1014 sumus
1516 987 1544 1014 in
1560 986 1712 1014 adventum

912 1033 1041 1065 Domini,
1067 1041 1123 1060 non
1151 1033 1353 1069 praeveniemus
1379 1041 1427 1061 eos
1454 1033 1502 1068 qui
1524 1032 1710 1060 dormierunt.

910 1078 1045 1113 Quoniam
1059 1079 1263 1114 ipse_Doutinus
1279 1080 1307 1106 in
1321 1080 1402 1115 jussu
1416 1084 1443 1107 et
1459 1079 1488 1107 in
1505 1086 1574 1106 voce
1593 1078 1713 1106 archan-

913 1126 983 1162 geli,
997 1129 1024 1153 et
1042 1126 1069 1153 in
1088 1126 1153 1152 tuba
1171 1126 1218 1153 Dei
1234 1125 1381 1153 descendet
1403 1125 1438 1153 de
1454 1126 1546 1153 ctelo:
1565 1129 1592 1152 et
1610 1124 1711 1152 mortui

914 1172 961 1206 qui
978 1171 1004 1198 in
1018 1171 1132 1199 Christo
1150 1175 1214 1199 sunt
1234 1175 1382 1206 resurgent
1399 1170 1492 1205 primi.
1517 1169 1623 1198 Deinde
1643 1178 1712 1203 nos,

915 1217 961 1252 qui
988 1215 1130 1249 vivimus,
1156 1217 1203 1251 qui
1227 1216 1433 1250 relinquimur,
1461 1216 1546 1244 simul
1570 1215 1714 1251 rapientur

915 1270 977 1290 cum
998 1263 1053 1290 illis
1071 1263 1098 1290 in
1115 1263 1238 1291 nubibus
1251 1263 1362 1290 obviam
1375 1263 1488 1290 Christo
1499 1262 1528 1289 in
1543 1269 1618 1295 aera,
1631 1265 1658 1289 et
1672 1261 1714 1289 sic

915 1316 1026 1344 semper
1041 1316 1104 1336 cum
1120 1308 1238 1337 Domino
1252 1309 1357 1337 erimus
1369 1308 1405 1335 ⁸⁷.
1424 1318 1433 1335 ι

62 1355 184 1390 πρῶτον.
203 1356 321 1382 Ἔπειτα
339 1355 419 1390 ἡμεῖς
439 1355 462 1381 ot
484 1354 595 1387 ζῶντες,
617 1355 641 1380 oi
660 1354 892 1390 περιλειπόμενοι,
910 1355 968 1391 ἅμα
999 1356 1047 1383 σὺν
1078 1357 1170 1388 αὐτοῖς
1207 1355 1428 1392 ἁρπαγησόμεθα
1448 1356 1477 1384 ὲν
1501 1355 1639 1391 νεφέλαις,
1673 1355 1713 1388 είς

61 1402 218 1437 ἀπάντησιν
233 1402 281 1428 τοῦ
297 1401 401 1437 Κυρίου
420 1402 460 1433 είς
478 1401 558 1437 ἀέρα,
578 1401 626 1428 καὶ
650 1401 723 1428 οὕτω
747 1401 862 1428 πάντοτε
884 1402 932 1428 σὺν
948 1402 1042 1438 Κυρίῳ
1059 1403 1187 1439 ἐσόμεθα.
1209 1412 1219 1429 ι

100 1450 156 1478 Καὶ
171 1450 247 1477 ὅπου
267 1449 325 1485 ἐγὼ
338 1448 443 1484 ὑπάτω
460 1448 570 1482 οίδατε,
583 1448 634 1475 καὶ
652 1448 711 1484 τὴν
728 1448 801 1476 ὁδὸν
816 1449 861 1475 ol-

63 1498 150 1526 δαῖε.

101 1543 332 1580 Προαποδημήσω
358 1543 408 1579 μὲν
441 1543 549 1578 ἔγωγε,
577 1542 678 1578 φησὶν,
715 1541 903 1578 ἐτοιμάσωνϐ

63 1592 132 1626 ὑμῖν
152 1591 203 1626 τῆς
229 1591 324 1617 ἀνόδου
345 1590 428 1617 τόπον
451 1590 501 1625 τῆς
532 1591 572 1622 είς
599 1589 741 1626 οὐρανούς’
763 1589 820 1616 ἀλλ’
843 1589 867 1616 ει

65 1637 207 1673 βούλεσθε,
230 1637 276 1664 καὶ
299 1636 375 1671 φίλον
399 1637 464 1671 ὑμῖν
478 1636 508 1663 τδ
523 1637 552 1663 ὲν
573 1636 693 1668 ἐκείναις
716 1635 867 1662 καταλῦσαι

64 1685 129 1716 ταῖς
145 1684 250 1718 μοναῖς,
267 1683 315 1708 καὶ
338 1683 401 1717 περὶ
427 1682 525 1709 πολλοῦ
543 1681 693 1718 πεποίησθε
714 1681 739 1708 τὸ
757 1682 800 1713 εις
817 1681 867 1716 τὴν

64 1731 125 1758 ἄνω
144 1729 270 1764 γενέσθαι
290 1729 384 1760 πόλιν,
406 1729 453 1756 καὶ
471 1730 529 1760 τοῖς
548 1729 636 1763 ἁγίοις
658 1727 867 1763 συναυλισοῆναι

65 1777 234 1812 πνεύμασιν,
263 1777 355 1804 οἴδατε
384 1776 433 1812 τὴν
455 1776 524 1808 ὁδὸν,
549 1775 623 1802 τοῦτ’
646 1775 731 1806 ἔστιν,
746 1774 806 1809 ἐμέ.
827 1775 867 1800 Δι’

66 1824 137 1860 ἐμοῦ
149 1825 203 1860 γάρ
222 1823 343 1855 πάντως,
355 1823 402 1850 καὶ
418 1823 449 1849 οὐ
464 1822 497 1849 δι’
515 1822 609 1854 ἐτέρου
618 1821 700 1853 τινος,
716 1821 766 1856 τὴν
782 1819 868 1852 οὕτως

65 1870 234 1904 ἁξιάγαστον
252 1868 464 1904 ἀποκερδανεῖτε
477 1868 566 1903 χάριν·
582 1867 612 1894 οὗ
627 1867 681 1902 γὰρ
697 1867 791 1903 ἔτερος
802 1867 868 1901 ὑμῖν

66 1915 170 1948 ἀνοίξει
190 1915 254 1946 τοὺς
275 1913 418 1949 οὐρανοὺς,
442 1914 503 1940 οὐδὲ
526 1913 607 1948 βατὸν
637 1912 774 1946 ἀποδείξει
799 1912 866 1939 ποτὲ

66 1962 97 1989 τὺ
115 1961 256 1992 παντελῶς
272 1959 382 1992 ἁστιϐἐς
398 1968 428 1986 τε
445 1959 494 1986 καὶ
514 1958 597 1994 ἄηθες
611 1959 668 1989 τοῖς
682 1958 736 1985 ἀπὺ
754 1959 805 1993 τῆς
815 1958 868 1992 γῆς

67 2008 180 2044 χωρίον,
196 2008 221 2033 εί
243 2006 281 2042 μὴ
298 2006 377 2041 μόνος
399 2005 466 2040 ἐγὼ,
483 2005 531 2032 καὶ
543 2004 646 2040 ἀληθὴς
657 2005 671 2030 ὁ
696 2004 793 2038 Λόγος.
817 2003 868 2030 Διά

67 2055 124 2090 γάρ
142 2062 184 2081 τοι
203 2054 296 2085 τοῦτο,
312 2052 358 2079 καὶ
374 2052 388 2077 ὁ
411 2052 554 2088 προφήτης
581 2050 718 2086 Ἱερεμίας
738 2051 766 2077 ὲν
781 2049 868 2077 IIsz-

70 2109 147 2136 ματι,
161 2099 264 2134 ταύτην
279 2098 353 2134 ἡμᾶς
364 2097 413 2133 τὴν
427 2097 485 2124 ὁδὸν
493 2097 534 2123 ὅτι
559 2096 677 2132 μάλιστα
690 2094 780 2132 ζητεῖν
794 2103 868 2130 παρ-

70 2145 224 2177 εκελεύετο,
239 2144 338 2177 λέγων·
361 2152 370 2169 ι
385 2143 471 2177 Στῆτε
485 2142 531 2168 ἐπὶ
541 2142 600 2173 ταῖς
613 2141 691 2174 ὁδοῖς,
705 2140 752 2167 καὶ
764 2139 868 2175 ἐρωτή-

70 2201 134 2219 σατε
152 2191 264 2227 τρίϐους
284 2189 388 2225 Κυρίου
409 2188 545 2220 αἰωνίους,
557 2187 604 2214 καὶ
623 2187 692 2214 ἴδετε
707 2186 771 2212 ποία
794 2185 867 2212 ἐστὶν

951 1449 1010 1477 XIV
1043 1451 1070 1478 4.
1087 1450 1122 1478 Et
1136 1458 1186 1486 quo
1199 1459 1246 1487 ego
1259 1450 1326 1478 vado
1340 1471 1347 1484 ,
1366 1451 1453 1484 scitir,
1467 1455 1491 1478 et
1506 1450 1577 1478 viam
1590 1451 1676 1478 scitis.

962 1541 1107 1570 Discedam
1122 1550 1173 1577 ego
1187 1541 1298 1577 quidem
1316 1540 1440 1577 primus,
1464 1542 1553 1579 nquit,
1568 1546 1597 1569 ut
1609 1548 1715 1577 praepa-

917 1596 974 1617 rem
990 1588 1068 1615 vobis
1085 1588 1176 1615 locum
1192 1595 1328 1615 ascensus
1343 1589 1371 1614 in
1389 1588 1474 1615 caelos
1489 1597 1495 1615 :
1513 1588 1561 1615 sed
1578 1588 1601 1615 si
1621 1588 1648 1615 in
1660 1587 1715 1616 illis

918 1634 1112 1663 mansionibus
1131 1633 1234 1661 morari
1250 1641 1300 1662 vos
1314 1633 1406 1668 juvat,
1419 1638 1447 1661 et
1466 1633 1494 1661 in
1512 1641 1659 1669 supernam
1676 1634 1716 1661 ci-

918 1682 1029 1709 vitatem
1051 1680 1159 1716 ingredi
1175 1681 1287 1716 plurimi
1303 1680 1425 1715 ducitis,
1445 1688 1477 1708 ac
1491 1688 1545 1707 una
1565 1687 1629 1707 cum
1651 1688 1716 1708 san-

918 1727 973 1755 ctis
991 1727 1136 1762 spiritibus
1149 1726 1285 1754 diversari
1297 1747 1304 1760 ,
1320 1725 1392 1753 viam
1406 1747 1413 1758 ,
1434 1727 1460 1754 id
1476 1723 1523 1754 ‘est
1536 1734 1596 1760 me,
1612 1727 1713 1754 nostis.

917 1772 969 1800 Per
990 1781 1032 1800 me
1047 1772 1120 1799 enim
1136 1772 1250 1807 utique,
1267 1779 1299 1800 ac
1314 1779 1369 1799 non
1385 1780 1433 1807 per
1451 1772 1536 1799 alium
1554 1772 1642 1799 ullum
1659 1776 1714 1798 tam

918 1818 1111 1846 admirabilem
1141 1819 1259 1854 gratiam
1288 1818 1529 1852 consequemini:
1561 1826 1612 1846 nec
1641 1819 1714 1845 enim

918 1865 989 1893 alius
1000 1865 1080 1892 vobis
1093 1865 1180 1892 caelos
1193 1865 1309 1900 aperiet,
1322 1869 1369 1892 aut
1383 1865 1555 1892 inaccessum
1568 1868 1596 1892 et
1611 1864 1715 1892 invium

918 1911 999 1946 plane
1017 1911 1137 1939 terrenis
1151 1911 1255 1944 locum,
1272 1919 1387 1939 accessu
1402 1906 1510 1938 facilem
1525 1910 1621 1938 reddet
1634 1931 1641 1943 ,
1662 1911 1716 1939 nisi

919 1958 1002 1993 766
1021 1965 1071 1993 ego
1091 1957 1182 1986 solum
1199 1965 1231 1984 ac
1247 1965 1343 1984 verum
1361 1956 1483 1984 Verbum
1495 1978 1501 1990 ,
1516 1956 1634 1992 ideoque
1650 1964 1716 1992 pro-

917 2005 1001 2040 pheta
1019 2004 1155 2032 Jeremias
1173 2003 1200 2031 in
1222 2003 1327 2038 Spirilu
1346 2004 1416 2031 hanc
1434 2011 1485 2032 nos
1503 2004 1624 2031 maxime
1643 2004 1716 2030 viam

917 2057 1040 2085 quaerere
1052 2049 1166 2084 iubebat
1179 2069 1186 2081 .
1207 2048 1303 2076 dicens
1319 2058 1326 2076 :
1357 2058 1367 2074 ι
1387 2049 1463 2076 State
1483 2057 1567 2084 super
1585 2049 1645 2076 vias
1657 2069 1664 2082 ,
1684 2053 1712 2076 ct

917 2097 1018 2128 videte,
1033 2099 1060 2123 et
1073 2095 1244 2131 interrogate
1262 2094 1378 2122 semitas
1394 2094 1502 2121 Domini
1519 2102 1581 2129 quae
1598 2101 1613 2121 a
1628 2101 1717 2121 δινευ-

919 2143 945 2171 lo
959 2151 966 2170 :
979 2146 1006 2170 et
1021 2141 1109 2170 videte
1124 2141 1216 2176 qualis
1229 2145 1272 2168 est
1284 2141 1328 2168 via
1343 2141 1426 2174 bona,
1439 2145 1466 2168 et
1477 2140 1616 2168 ambulate
1632 2140 1659 2167 in
1671 2147 1716 2172 ca,

919 2192 946 2216 et
964 2188 1112 2215 invenietis
1138 2187 1358 2222 purificationem
1377 2186 1524 2214 animabus
1546 2187 1647 2213 vestris
1658 2185 1691 2212 ⁸⁸.
1705 2195 1714 2211 ι

69 2239 86 2274 ἡ
99 2238 158 2270 ὁδὸς
175 2239 192 2273 ἡ
206 2236 306 2272 ἀγαθὴ,
328 2236 375 2262 καὶ
391 2235 513 2270 βαδίζετε
533 2234 562 2261 ὲν
573 2234 651 2269 αὐτῇ,
669 2233 716 2259 καὶ
735 2232 861 2268 εὑρήσετε

956 2241 976 2260 ιε
989 2232 1124 2267 siquidem
1140 2239 1171 2259 ac
1183 2232 1289 2259 semita:
1300 2231 1421 2263 Domini,
1434 2230 1588 2259 secundum
1601 2230 1718 2266 prophe-

69 2283 205 2319 ἁγνισμὸν
219 2283 279 2314 ταῖς
296 2282 395 2317 ψυχαῖς
406 2281 492 2317 ὑμῶν.
515 2289 524 2305 ι
547 2279 618 2306 Ὀδοὶ
630 2278 681 2314 μὲν
697 2277 751 2313 γάρ
764 2277 866 2312 Κυρίου

70 2331 117 2358 καὶ
137 2329 239 2366 τρίϐοι,
264 2328 335 2355 κατὰ
355 2327 400 2354 τὸν
429 2327 584 2362 προφήτην,
609 2325 643 2351 τὰ
666 2324 787 2360 σωτήρια
813 2323 868 2350 τῶν

70 2377 157 2411 ἁγίων
182 2374 331 2412 προφητῶν
352 2374 567 2409 συγγράμματα·
590 2371 648 2399 ἀλλ’
668 2372 754 2403 εἴτις
776 2370 869 2402 αὐτοῖς

69 2423 115 2450 τὸν
133 2421 198 2449 νοῦν
219 2421 388 2456 ἐπιστήσειε,
409 2420 458 2455 τὴν
474 2419 533 2446 ὁδὸν
555 2418 666 2455 εὑρήσει
688 2417 738 2454 τὴν
751 2416 867 2453 ἀγαθὴν,

70 2470 143 2498 τοῦτ’
170 2469 230 2495 ἐστι
253 2467 380 2503 Χριστὸν,
405 2467 437 2493 δι’
458 2463 489 2493 οὗ
511 2466 557 2492 καὶ
579 2466 593 2491 ὁ
616 2465 717 2496 τέλειος
739 2463 871 2499 ἁγνισμὺς

70 2517 132 2549 ταῖς
150 2515 301 2551 ἡμετέραις
322 2513 421 2549 ψυχαῖς
438 2511 587 2546 ἐγγίνεται.
612 2509 797 2545 Δικαιούμεθα
816 2509 871 2545 γὰρ

70 2561 117 2588 διὰ
141 2560 191 2595 τῆς
214 2559 345 2591 πίστεως,
365 2558 412 2584 καὶ
429 2557 505 2588 θείας
525 2555 743 2591 ἀναδεικνύμεθα
764 2554 872 2591 φύσεως

72 2607 198 2634 κοινωνοὶ
219 2607 252 2642 τῇ
281 2605 389 2641 μεθέξει
416 2603 462 2631 τοῦ
486 2602 563 2638 ἁγίου
590 2602 759 2638 Πνεύματος.
793 2601 873 2628 Ἀλλὰ

71 2655 120 2681 καὶ
139 2653 222 2684 αὐτὸς
251 2652 266 2678 ὁ
295 2651 553 2686 μεγαλοφωνότατος
579 2649 722 2684 προφήτης
756 2648 871 2680 Ἡσαΐας

71 2702 161 2733 οὕτως
179 2701 247 2739 ἡμῖν
258 2699 304 2726 τὸν
315 2698 431 2734 Χριστὸν
445 2697 616 2732 διεκήρυττε,
632 2696 729 2730 λέγων’
746 2704 755 2721 ι
773 2695 870 2722 Ἔσται

71 2749 131 2775 ιλεί
160 2740 371 2780 ὁδδς”καθαρὰ,
397 2744 444 2771 καὶ
468 2743 526 2775 ὁδὸς
552 2742 619 2776 ἁγία
651 2741 829 2777 κληθήσεται.
859 2750 868 2767 ι

77 2792 159 2821 Ἔκεῖ
168 2792 198 2820 δὲ
206 2792 266 2820 ποῦ
277 2799 371 2826 φησιν,
381 2791 409 2817 ὲν
420 2791 476 2822 τοῖς
488 2789 594 2825 χρόνοις
606 2787 728 2823 δηλονότι
739 2788 789 2823 τῆς
804 2786 872 2823 μετὰ

919 2283 985 2312 tam,
1001 2284 1066 2307 sunt
1080 2278 1219 2306 salutares
1232 2277 1432 2313 prophetarum
1449 2277 1511 2304 libri
1529 2287 1536 2304 :
1552 2277 1600 2304 sed
1617 2277 1639 2304 si
1655 2277 1717 2312 quis

919 2326 961 2354 eis
976 2325 1098 2353 animum
1108 2324 1285 2360 applicuerit,
1295 2324 1367 2350 viam
1377 2322 1500 2350 inveniet
1508 2322 1622 2353 bonam,
1638 2322 1664 2349 id
1674 2325 1718 2349 est

920 2372 1061 2400 Christum
1073 2390 1080 2403 ,
1096 2379 1145 2406 per
1157 2378 1238 2405 quem
1263 2374 1291 2398 et
1314 2369 1435 2404 perfecta
1455 2369 1641 2397 sanctiﬁcatio
1655 2368 1718 2396 ani-

921 2418 1020 2445 mabus
1033 2417 1136 2444 nostris
1149 2416 1267 2443 inditur.
1279 2414 1470 2443 Justiiicamur
1481 2415 1552 2442 cnim
1564 2423 1612 2450 per
1625 2415 1718 2447 iidem,

923 2469 951 2503 et
966 2464 1066 2492 divinae
1079 2467 1224 2491 consortes
1236 2466 1343 2489 natura:
1357 2462 1501 2490 reddimur
1511 2462 1534 2478 "
1545 2483 1553 2496 ,
1571 2462 1718 2497 participa-

923 2513 999 2539 tione
1018 2511 1108 2539 sancti
1125 2510 1259 2546 Spiritus.
1278 2509 1332 2536 Sed
1347 2514 1375 2536 ct
1393 2509 1453 2545 ipse
1470 2517 1568 2544 magna
1584 2517 1651 2537 voce
1664 2509 1719 2536 cla-

924 2565 1003 2586 mans
1028 2557 1114 2585 Isaias
1138 2556 1272 2592 propheta
1298 2555 1351 2583 hoc
1374 2555 1457 2582 modo
1476 2555 1557 2583 nobis
1576 2555 1718 2582 Christum

924 2603 1115 2640 praedicabat:
1147 2613 1156 2629 ι
1173 2602 1232 2629 Erit
1254 2602 1291 2629 ibi
1317 2602 1361 2629 via
1380 2602 1501 2633 munda,
1522 2601 1603 2629 etvia
1622 2604 1718 2628 sancta

925 2650 1071 2678 vocabitur
1086 2650 1120 2677 ⁶⁰.
1135 2659 1144 2675 ι
1173 2649 1216 2676 Ibi
1231 2656 1297 2676 vero
1308 2656 1360 2683 pro
1373 2648 1517 2684 aliquando
1533 2648 1633 2679 sumit,
1650 2651 1719 2674 tem-

927 2697 1040 2732 poribus
1057 2696 1187 2723 nimirum
1204 2695 1406 2723 incarnationis
1418 2695 1569 2730 Unigeniti.
1583 2693 1632 2720 Via
1644 2693 1718 2720 cnitn

927 2743 1008 2771 nobis
1023 2742 1098 2769 facta
1111 2746 1153 2769 est
1166 2749 1234 2777 pura
1249 2745 1275 2768 et
1291 2745 1404 2773 sancta.
1420 2749 1468 2776 per
1485 2748 1566 2776 quam
1579 2740 1624 2776 qui
1644 2740 1719 2767 ince-

926 2789 1013 2821 dunt,
1034 2791 1193 2815 sanctorutn
1215 2785 1385 2821 splendidam
1401 2786 1540 2813 civitatem
1557 2792 1589 2813 ac
1605 2785 1718 2813 liberant

108 2882 130 2898 ""
160 2882 258 2911 Matth.
288 2890 344 2914 χιιι,
366 2882 409 2909 28.
448 2882 470 2898 ³⁷
492 2881 614 2908 l'l'hcss.
642 2888 678 2913 tv,
700 2879 792 2908 li—lU.
834 2877 855 2893 “4

956 2885 974 2905 l.
993 2884 1028 2912 \'l,
1057 2876 1098 2904 l6.
1138 2876 1159 2892 ’3‘
1179 2875 1199 2902 ll
1218 2875 1291 2903 l‘clt‘.
1315 2883 1337 2908 l,
1356 2873 1382 2902 ιι.
1402 2875 1424 2891 θ’
1443 2875 1496 2904 lsa.
1523 2884 1604 2905 xxxv,
1621 2875 1647 2901 8.
