1896 3034
721 137 749 166 S.
770 139 910 169 CYRILLI
928 143 1164 175 ALEXANDRINI
1182 148 1342 178 ARCHIEP.

1802 161 1847 189 183

221 183 373 212 «ὶυιΊιεθΙθιιι
397 188 518 219 deﬁnitis
537 192 623 222 visuri
648 200 712 223 sunt
738 200 918 233 temporibus.
937 201 968 235 Qu

221 231 248 254 et
265 228 323 254 inse
337 238 434 254 rursum
451 234 559 254 divin...
571 238 713 254 D...I....:.....
729 246 858 254 ...__.____
882 253 887 254 ,
905 246 910 254 .
925 245 944 254 η

1063 206 1164 242 σαρκὸς
1180 208 1335 244 οἰκονομίας
1352 209 1399 236 τοῦ
1419 211 1595 246 Μονογενοῦς.
1617 215 1694 247 Ὁδὸς
1714 216 1770 253 γὰρ
1786 219 1847 254 ἡμῖν

221 231 248 255 et
265 228 323 264 ipsc
337 238 434 261 rursus
451 234 560 266 divinus
571 238 716 269 Psalmista
729 228 860 278 tanquam
878 246 911 272 ad
925 245 1009 275 Deum

220 273 331 302 Patrem
358 278 418 306 ait:
441 289 450 305 ι
468 279 564 317 Legem
590 292 660 319 pone
671 287 748 320 mihi,
767 273 891 322 Domine,
916 291 943 319 in
966 293 1009 320 via

219 324 265 347 tua
278 321 310 348 ".
324 332 333 348 ›
349 323 431 360 Cupit
456 327 529 355 enim
555 328 658 358 Christi
684 333 790 368 legibus
813 321 936 369 erudiri,
954 346 1009 366 non

219 366 350 400 ignorans
374 370 407 397 ad
431 380 579 407 supernam
606 377 744 406 civitatem
771 388 801 408 se
824 389 1007 413 ascensurum

219 413 242 439 si
260 422 308 448 per
322 418 506 452 evangelicum
529 420 682 451 doctrinam
698 429 773 456 recta
795 435 845 462 per
864 436 946 458 onme
960 431 1008 458 bo-

218 466 283 485 num
300 459 414 489 feratur.
434 462 548 493 Difﬁcile
576 475 630 495 non
651 474 694 497 est
714 470 768 498 alia
788 459 900 508 quoque
921 476 1007 503 multa

217 511 250 530 ex
272 506 412 540 prophetis
431 508 458 536 in
486 511 606 540 medium
627 513 726 543 aﬂ‘erre
751 506 910 546 testimonia
926 540 933 553 ,
958 528 1007 555 per

216 557 277 583 qua:
288 550 352 578 licet
365 559 515 588 agnoscere
527 557 598 584 viam
611 564 736 588 sanctam
751 561 844 591 Jesum
859 572 920 593 esse
933 574 1005 593 nun-

215 601 345 630 cupatum
364 607 370 625 :
389 599 436 627 sed
451 609 505 629 non
522 607 564 631 est
577 612 690 633 necesse
702 627 709 640 ,
733 611 763 635 ut
778 613 856 644 puto,
871 610 906 638 de
923 612 1004 640 rebus

215 641 282 669 adeo
296 645 446 680 perspicuis
457 648 573 676 multum
586 650 724 681 laborare.
737 654 820 682 Scitis
835 664 902 691 ergo
918 657 1002 692 viam,

213 694 261 722 per
272 696 356 723 quam
371 692 548 726 ascenderis,
566 695 672 731 inquit,
695 703 721 727 et
739 700 793 736 ipsi
809 702 844 729 ad
863 711 1003 738 supernas

213 735 383 770 mansiones,
398 738 468 766 nihil
484 740 558 768 aliud
574 742 700 772 indicans
713 753 795 780 quam
808 748 927 782 plurima
941 757 1003 779 esse

211 786 297 814 eaque
318 783 450 816 praeclara
469 787 541 820 apud
560 787 645 816 Deum
663 797 696 817 ac
713 790 823 820 Patrem
841 793 981 823 domicilia
993 816 1001 830 ,

210 828 237 851 ct
258 827 336 860 prius
360 831 507 858 ascendam
534 832 642 869 incurrit,
663 836 736 864 viam
755 839 834 867 vobis
853 846 1001 875 paraturus

210 879 266 905 quo
288 873 374 901 libere
396 880 423 903 et
440 876 578 913 intrepide
593 882 699 910 versari
718 883 745 911 in
765 884 821 913 illis
842 873 1002 923 regionibus
1018 886 1038 914 Β

210 917 335 950 possitis.
354 918 436 949 Scitis
456 930 539 957 vero,
564 925 673 961 inquit,
701 930 838 959 neminem
853 940 902 968 per
916 934 1001 963 alium

209 969 290 996 quam
315 972 362 1000 per
388 975 431 995 me
451 977 536 997 unum
553 979 584 1000 eo
601 975 751 1004 ascendere
765 985 888 1014 unquam
906 988 998 1016 posse.

208 1008 308 1043 Quare,
332 1012 353 1039 si
377 1014 438 1048 quis
453 1015 486 1043 ab
507 1024 601 1046 amore
615 1019 721 1049 Christi
737 1008 926 1061 deturbatus:
951 1033 999 1056 aut

207 1055 331 1089 profanis
355 1066 455 1088 vocum
486 1064 657 1094 novitatibus
679 1068 717 1102 °',
740 1074 768 1097 et
787 1073 998 1108 peregrinorum

205 1103 402 1133 vocabulorum
429 1108 635 1144 impuritatibus
662 1103 869 1151 sycophantias
888 1121 997 1155 paranti

204 1147 349 1179 adlizerens
360 1171 367 1184 ,
386 1153 550 1184 inell'abilem
567 1163 594 1186 et
610 1147 917 1197 incomprehensibilem
935 1167 996 1203 ejus

203 1198 330 1223 naturam
350 1198 423 1227 inter
439 1208 535 1231 servos
550 1205 686 1240 coliocet,
712 1214 760 1237 aut
781 1211 896 1241 liberum
918 1219 946 1242 et
961 1223 994 1243 ex

203 1239 284 1276 767
301 1241 391 1272 Patris
405 1247 562 1277 substantia
578 1239 699 1286 genitum
717 1239 837 1285 Verbum
855 1261 994 1289 creaturis

201 1287 373 1323 adnumeret,
391 1297 439 1320 aut
454 1294 508 1322 alio
526 1299 629 1341 quovis
646 1301 729 1329 modo
743 1303 837 1336 violet.
859 1306 993 1344 intelligat

201 1340 231 1361 se
248 1335 320 1363 viam
340 1337 374 1365 ad
392 1347 513 1375 superna
526 1332 686 1374 tendentem
707 1348 860 1382 perdidisse
872 1371 880 1384 ,
907 1356 934 1380 et
948 1332 992 1382 uab

200 1380 259 1407 arvi
275 1381 362 1410 sulcis
376 1385 539 1420 aberrasse,
555 1395 587 1418 ut
606 1399 621 1418 a
637 1393 758 1426 quodam
774 1396 910 1431 scriptum
927 1404 989 1434 est,

200 1428 227 1450 et
250 1432 346 1459 poenas
369 1428 396 1455 in
419 1430 516 1460 inferis
536 1433 702 1470 degentibus
726 1428 840 1468 debitas.
855 1428 989 1472 luituruni

199 1477 271 1498 csse.
294 1472 428 1505 Quocirca
441 1479 667 1514 sapientissimus
683 1483 787 1514 Paulus
804 1496 853 1517 eos
871 1490 919 1525 qui
933 1498 989 1525 prae

199 1517 328 1545 vecordia
346 1521 444 1549 nolunt
459 1524 487 1551 in
502 1525 613 1555 Christo
629 1529 739 1565 vivere,
762 1533 810 1561 sed
828 1534 862 1562 ad
880 1517 988 1572 legales

199 1562 312 1592 umbras
332 1566 463 1603 redeunt,
494 1571 599 1601 alienos
615 1573 704 1603 factos
721 1562 782 1606 esse
803 1583 831 1607 et
850 1587 865 1607 a
885 1562 987 1610 Christi

196 1608 285 1641 gratia
300 1611 437 1642 excidisse
458 1616 495 1644 ait
518 1625 551 1646 ex
571 1627 604 1647 eo
633 1622 706 1656 quod
728 1624 825 1653 volunt
839 1626 986 1661 justiﬁcari

195 1660 229 1680 ex
263 1655 320 1692 lege
338 1657 369 1686 ⁸³.
391 1658 629 1693 Quemadmodum
641 1655 723 1695 ienim
744 1669 767 1697 is
787 1655 865 1706 qui'a
881 1673 945 1700 trita
960 1680 987 1702 et

194 1704 269 1731 recta
282 1703 325 1730 via
340 1705 461 1740 excidit,
478 1711 583 1738 erroris
602 1713 715 1741 omnino
733 1715 835 1743 damna
851 1726 986 1752 passurus

192 1751 236 1773 cst
259 1757 266 1774 :
293 1749 333 1776 sic
358 1752 404 1785 qui
421 1754 565 1788 repudiata
581 1756 683 1785 Christi
694 1759 803 1793 justitia
820 1749 986 1799 evangelicae

192 1795 414 1825 conversationis
435 1798 592 1828 doctrinam
610 1803 678 1831 nihil
692 1804 818 1839 faciunt,
836 1815 983 1844 supernam

192 1839 333 1867 civitatem
352 1849 406 1869 non
426 1843 579 1880 videbunt,
601 1856 691 1884 neque
709 1859 794 1885 porro
815 1853 898 1882 etiam
920 1864 983 1884 cum

192 1885 297 1912 sanctis
317 1887 419 1916 vivent.
438 1889 489 1918 Via
502 1893 576 1920 enim
591 1902 652 1930 quae
667 1896 734 1925 illuc
747 1897 834 1933 ducit,
853 1900 981 1932 Christus

191 1938 264 1959 unus
282 1937 334 1960 cst.

187 1978 236 2004 τοῦ
259 1981 409 2010 πλανᾶσθαι
435 1984 542 2018 πάντως
556 1987 738 2023 ὑποστήσεται
760 1991 856 2028 βλάϐη-
880 1994 976 2029 οὕτως,
996 1996 1022 2023 οἶ

188 2026 400 2064 παρωσάμενοι,
428 2031 475 2057 καὶ
503 2033 553 2068 τῆς
571 2026 909 2073 εὑαγγελικῆςνπολιτείας

185 2071 236 2098 οὐκ
271 2072 392 2108 ὄψονται,
411 2076 469 2103 ἀλλ’
490 2079 551 2105 οὐδὲ
569 2082 624 2112 τοῖς
644 2082 732 2116 ἁγίοις
753 2086 994 2122 συνδιαιτήσονται.

185 2118 314 2153 Χριστός.

1061 250 1157 285 γέγονε
1178 253 1287 289 καθαρὰ
1304 254 1350 281 καὶ
1367 256 1441 290 ἁγία,
1467 257 1500 284 δι’
1519 256 1553 293 ἧς
1576 261 1601 286 oi
1624 250 1781 295 βαδίζοντες

1060 296 1189 334 λαμπρὰν
1210 299 1264 326 τῶν
1285 301 1372 335 ἁγίων
1385 303 1541 331 καλλίπολιν
1561 306 1608 333 καὶ
1630 307 1681 342 τὴν
1703 296 1846 344 ἐλευθέραν

1065 342 1242 381 Ἰερουσαλὴμ
1252 345 1281 372 ὲν
1291 349 1348 380 τοῖς
1360 348 1523 385 ὡρισμένοις
1537 350 1647 386 ὄψονται
1663 354 1784 389 χρόνοις.
1797 342 1846 383 kat

1058 389 1140 422 αὐτὸς
1165 390 1193 418 δὲ
1209 391 1289 419 πάλιν
1302 394 1316 420 ὁ
1336 393 1478 427 Θεσπέσιος
1494 397 1558 432 ἡμῖν
1573 398 1713 434 Μελῳδὸς,
1725 400 1765 431 ὡς
1783 402 1845 437 πρὸς

1057 435 1124 462 Θεὸν
1141 437 1252 474 Πατέρα
1264 440 1341 475 φησί·
1363 451 1373 467 ι
1394 442 1584 480 Νομοθέτησόν
1599 453 1643 480 με,
1660 446 1762 482 Κύριε,
1777 435 1844 483 ὲνέῇ

1056 481 1109 517 ὁδῷ
1126 491 1185 510 σου.
1201 493 1211 510 ι
1233 485 1376 522 Ἑπιθυμεῖ
1388 488 1441 524 γὰρ
1462 490 1519 522 τοῖς
1532 490 1577 518 διὰ
1588 481 1713 527 Χριστοῦ
1725 481 1844 521 τεςιιδεύεΣ

1057 527 1120 555 σθαι
1139 529 1242 565 νόμοις,
1254 532 1304 559 οὐκ
1321 533 1458 570 ἁγνόησας
1471 544 1513 569 τις
1529 537 1570 564 ὅτι
1585 538 1633 564 καὶ
1648 539 1721 574 πρὸς
1733 540 1784 575 τὴν
1794 541 1844 568 ἄνω

1056 572 1187 608 βαδιεῖται
1211 577 1298 612 πόλιν,
1322 579 1365 606 διὰ
1385 580 1435 617 τῆς
1464 581 1645 619 εὐαγγελικῖπ
1663 572 1842 618 παιδεῦσεως,

1055 620 1116 646 κατ’
1127 620 1191 648 εὐθὺ
1207 624 1306 655 παντὸς
1317 624 1463 660 ἐρχόμενος
1472 627 1587 661 ἀγαθοῦ.
1601 629 1657 656 Καὶ
1667 633 1843 666 παρενεγκεῖν

1057 663 1105 700 μὲν
1121 665 1151 691 οὐ
1167 665 1294 701 χαλεπὸν,
1310 669 1357 696 καὶ
1375 670 1470 706 ἐτέρας
1482 671 1523 698 ἔτι
1537 672 1637 706 πολλὰς
1653 675 1686 702 ὲκ

1055 711 1219 746 μαρτυρίας,
1240 713 1273 740 δι’
1290 710 1327 741 ὧν
1340 714 1373 741 ἂν
1387 716 1522 752 εἰδείημεν
1537 718 1595 745 ὁδὸν
1609 719 1660 755 τὴν
1682 710 1767 755 ἁγίαν

1053 755 1220 792 κεκλημένον
1243 758 1289 786 τὸν
1309 760 1423 796 Ἰησοῦν,
1441 762 1498 789 ἀλλ’
1514 763 1600 797 οὐδὲν,
1611 763 1702 801 οἶμαι,
1715 767 1748 793 τὸ
1766 768 1842 801 ἀναγ-

1053 803 1130 830 καῖον
1150 804 1207 836 τοῖς
1222 804 1292 832 οὕτω
1315 807 1409 842 σαφῶς
1425 809 1604 845 ὲγκειμένοις,
1623 813 1664 843 είς
1683 812 1782 848 ὄνησιν
1799 814 1840 840 ἐκ·

1053 848 1234 882 αγωνίζεσθαι
1246 852 1359 887 σφόδρα.
1370 854 1442 881 Ἴστε
1460 854 1551 882 τοίνυν
1564 856 1615 892 τὴν
1624 857 1696 890 ὁδὸν,
1712 858 1749 885 δι’
1766 856 1798 894 ἧς
1811 859 1840 885 iv

1054 893 1130 928 ῐοιτε,
1149 896 1235 931 φησὶ,
1258 898 1304 924 καὶ
1331 899 1410 926 αὐτοὶ
1430 900 1500 936 πρὸς
1522 901 1572 934 τὰς
1593 903 1650 930 ἄνω
1676 904 1766 938 μονὰς
1778 893 1840 940 (ἠδη

1052 940 1130 968 τοῦτο
1144 943 1318 979 παραδηλῶν,
1334 946 1381 972 καὶ
1397 945 1490 982 ἕτερον
1506 947 1592 981 οὐδὲν,
1604 949 1621 984 ἢ
1634 949 1677 976 ὅτι
1695 951 1784 977 πολλὰ
1795 953 1839 986 μὲν

1050 986 1121 1021 λίαν,
1136 988 1183 1015 καὶ
1202 989 1327 1026 εὐπρεπῆ
1345 992 1379 1019 τὰ
1390 993 1465 1028 παρὰ
1485 993 1545 1030 Θεῷ
1560 994 1606 1021 καὶ
1619 995 1710 1031 Πατρὶ
1727 997 1839 1024 καταλύ-

1051 1032 1148 1069 ματα),
1157 1035 1204 1061 καὶ
1216 1035 1297 1063 τόπον
1310 1036 1375 1071 ὑμῖν
1392 1038 1548 1073 παρρησίας
1558 1039 1605 1066 τοῦ
1619 1041 1666 1068 καὶ
1678 1042 1709 1067 ὲν
1729 1042 1838 1074 ἐκείνοις

1048 1078 1174 1112 γενέσθαι
1199 1082 1255 1113 τοῖς
1280 1082 1390 1118 χωρίοις
1419 1083 1574 1119 ὲτοιμάσων
1600 1087 1837 1123 προανασήσομσι.

1048 1123 1122 1159 Πλὴν
1148 1125 1215 1160 ἴστε,
1239 1127 1331 1163 φησὶν,
1347 1128 1385 1160 ὡς
1395 1129 1445 1156 οὐκ
1457 1129 1490 1156 ἄν
1508 1138 1550 1162 τις
1562 1130 1587 1157 δι
1613 1132 1712 1167 ἑτέρου
1727 1134 1799 1165 τινος
1811 1134 1838 1160 τὺ

1046 1171 1136 1198 ἐκεῖσε
1151 1172 1277 1206 γενέσθαι
1298 1173 1385 1207 idem,
1400 1175 1471 1212 πλὴν
1479 1176 1512 1202 δι’
1526 1177 1592 1212 ἐμοῦ
1611 1179 1659 1205 καὶ
1683 1179 1779 1213 μόνου.
1789 1180 1837 1206 Οὐ-

1046 1217 1110 1244 κοῦν
1129 1217 1157 1244 ετ
1167 1227 1209 1251 τις
1220 1219 1332 1246 ὲκπέσοι
1348 1220 1395 1248 τοῦ
1407 1221 1568 1256 ἀγαπᾶσθαι
1582 1223 1658 1260 παρὰ
1676 1225 1808 1261 Χριστοῦ,
1822 1225 1836 1260 ἦ

1046 1263 1169 1299 βεῦήλοις
1182 1266 1373 1301 κενοφωνίαις,
1394 1269 1440 1295 καὶ
1454 1268 1607 1297 ἀλλοκότων
1621 1271 1758 1305 ῥημάτων
1773 1272 1836 1298 ἀκα-

1045 1307 1170 1345 θαρσίαις
1179 1312 1320 1347 προσέχων
1328 1316 1506 1348 συκοφαντεῖν
1516 1315 1647 1352 ἑλομένῳ,
1660 1316 1712 1352 τὴν
1722 1318 1836 1352 ἄρρητῡν

1043 1355 1126 1382 αὑτοῦ
1138 1357 1184 1383 καὶ
1201 1357 1380 1394 ἀπερινὸητον
1402 1359 1482 1395 φύσιν
1496 1361 1534 1393 ὡς
1546 1362 1574 1388 ὲν
1588 1361 1693 1394 δούλοις
1708 1364 1836 1390 statua".-

1042 1410 1093 1435 τει,
1111 1402 1157 1429 καὶ
1171 1404 1228 1435 τοῖς
1245 1405 1411 1440 ,γενομένοις
1438 1406 1605 1443 καταριθμεῖ
1625 1408 1672 1434 τὸν
1695 1409 1835 1444 ἐλεύθερον

1041 1447 1088 1474 καὶ
1108 1449 1141 1475 ὲκ
1163 1449 1214 1484 τῆς
1236 1449 1330 1482 οὐσίας
1352 1451 1399 1477 τοῦ
1418 1452 1525 1488 Πατρὸς
1541 1453 1709 1488 γεννηθέντα
1732 1455 1833 1489 Λόγον.

1040 1493 1125 1529 ἤγουν
1141 1494 1201 1521 καθ’
1214 1495 1308 1531 ἔτερόν
1325 1505 1387 1523 τινα
1400 1497 1532 1533 λυπήσειε
1548 1499 1659 1534 τρόπον,
1675 1501 1834 1534 γινωσκέτω

1041 1539 1136 1567 λοιπὸν
1155 1540 1207 1576 τῆς
1225 1542 1294 1577 πρὸς
1307 1543 1338 1569 τὸ
1353 1543 1409 1571 ἄνω
1421 1545 1535 1580 πορείας
1551 1545 1600 1581 τὴν
1615 1545 1675 1573 ὁδὸν
1687 1547 1832 1578 ἀπολέσας.

1002 1585 1023 1614 C
1041 1585 1088 1611 καὶ
1097 1585 1305 1623 πεπλανημένος
1317 1589 1365 1623 μὲν
1373 1589 1418 1615 τοῦ
1432 1589 1496 1616 ἰδίου
1503 1591 1637 1626 γεωργίου
1649 1592 1715 1624 τοὺς
1722 1592 1819 1625 ἄξονας
1826 1614 1833 1625 ,

1041 1630 1112 1658 κατὰ
1124 1631 1154 1658 τὺ
1171 1632 1316 1668 εἰρημένον
1330 1634 1382 1662 ὑπό
1403 1644 1485 1669 τινος,
1499 1636 1605 1672 ὑφέξων
1621 1637 1650 1664 δὲ
1666 1638 1779 1670 πάντως
1790 1639 1834 1674 τὴν

1039 1677 1096 1707 τοῖς
1111 1677 1186 1704 κάτω
1202 1678 1311 1713 μένουσι
1322 1681 1479 1717 πρέπουσαν
1493 1682 1580 1718 δίκην.
1595 1683 1644 1710 Διὰ
1662 1684 1744 1711 τοῦτο
1762 1686 1808 1712 καὶ
1821 1690 1833 1711 ο

1041 1722 1196 1757 σοφώτατος
1211 1724 1316 1757 Παῦλος
1328 1727 1392 1759 τοὺς
1409 1728 1618 1763 ἀρνησαμένους
1635 1730 1668 1756 ὲκ
1689 1731 1833 1766 φρενοϐλα-

1039 1767 1113 1800 6είας
1133 1769 1163 1796 τὺ
1182 1770 1211 1796 ἐν
1230 1771 1342 1807 Χριστῷ
1363 1773 1565 1807 πολιτεύεσθαι,
1583 1775 1832 1811 παλινδρομοῦντας

1039 1812 1068 1839 δὲ
1083 1814 1152 1849 πρὸς
1171 1815 1220 1847 τὰς
1235 1817 1267 1842 ἐκ
1282 1817 1365 1852 νόμου
1379 1819 1468 1851 σκιὰς,
1483 1820 1725 1856 ἀπηλλοτριῶσθαί
1752 1831 1832 1857 φησιν

1036 1858 1091 1885 ἀπὸ
1116 1860 1234 1895 Χριστοῦ
1259 1863 1307 1890 καὶ
1327 1864 1377 1900 τῆς
1398 1865 1509 1900 χάριτος
1539 1867 1686 1901 ἐκπεσεῖν,
1713 1868 1760 1895 διὰ
1787 1868 1830 1895 τοῦ

1035 1903 1205 1934 δικαιοῦσθαι
1218 1908 1306 1941 φιλεῖν
1317 1909 1348 1937 ὲκ
1361 1911 1565 1949 νόμου.⁴’ονπερ
1576 1914 1631 1950 γὰρ
1641 1915 1746 1951 τρόπον
1760 1916 1775 1942 ὁ
1785 1915 1831 1950 τῆς

1033 1951 1222 1988 τετριμμένης
1246 1963 1276 1981 τε
1302 1956 1350 1984 καὶ
1369 1957 1475 1991 εὐθείας
1493 1959 1634 1987 ἐκπίπτων
1657 1961 1731 1993 ὁδοῦ,
1750 1962 1785 1988 τὰ
1800 1963 1830 1988 ὲκ

1025 2007 1084 2038 μαι,
1097 1999 1146 2025 καὶ
1161 1999 1210 2036 οὐχ
1224 2001 1336 2037 ἑτέρως,
1356 2004 1381 2030 οἱ
1400 2005 1449 2040 τὴν
1479 2006 1508 2032 ὲν
1529 2007 1640 2043 Χριστῷ
1655 2007 1829 2043 δικαιοσύνην

930 2042 980 2078 τὴν
1000 2044 1141 2074 παίδευσιν
1162 2048 1191 2075 ὲν
1225 2048 1263 2083 τῷ
1295 2050 1391 2085 μηδενὶ
1415 2051 1579 2085 τεθεικότες,
1597 2042 1647 2089 την
1668 2054 1726 2082 ἄνω
1754 2042 1829 2082 πόλιν

1022 2090 1096 2124 Ὀδὸς
1116 2093 1170 2130 γὰρ
1190 2094 1206 2129 ἡ
1230 2094 1298 2130 πρὸς
1321 2095 1399 2123 τοῦτο
1433 2098 1594 2134 κομίζουσα,
1615 2100 1697 2136 μόνος
1721 2102 1797 2129 ἐστὶν
1815 2102 1829 2128 ὁ

220 2165 291 2200 ΧΝ,
308 2166 371 2201 5,6.
384 2167 455 2196 Dicit
466 2170 490 2198 ei
508 2169 621 2201 Thomas
634 2182 643 2201 :
657 2174 968 2216 Dominanercimus’quc

220 2209 258 2226 ,κο
293 2216 316 2226 ,ι
344 2214 472 2226 una.-.“
681 2220 686 2225 .
785 2223 791 2226 _
836 2225 842 2226 ,
871 2224 897 2226 _,

1061 2180 1146 2215 Λέγει
1161 2181 1241 2214 αὐτῷ
1256 2183 1368 2218 Θωμᾶς·
1388 2186 1448 2212 Οὐκ
1470 2186 1594 2221 οιὸαμεν
1607 2189 1667 2216 ποῦ
1689 2191 1824 2226 ὑπάγεις,

183 2209 270 2244 radis,
291 2216 316 2238 et
342 2214 473 2248 quomodo
491 2223 633 2249 possumus
662 2220 731 2246 viam
752 2223 844 2250 scire?
864 2224 935 2251 Dicit
954 2227 979 2253 ei

181 2255 263 2283 Iesus
276 2265 285 2283 :
304 2256 361 2293 Ego
383 2267 442 2286 sum
460 2261 519 2295 via,
540 2267 565 2289 et
580 2264 676 2292 veritus
691 2285 698 2298 ,
720 2272 745 2294 et
762 2269 835 2296 vita:
857 2275 883 2298 et
901 2280 977 2299 nemo

183 2302 252 2328 vellit
269 2302 305 2329 ad
324 2303 443 2338 Patrem,
465 2307 518 2333 nisi
534 2315 581 2342 per
597 2317 648 2337 me.

219 2391 359 2420 Christum
383 2395 442 2422 suis
464 2395 610 2433 discipulis
632 2401 754 2429 nondum
775 2409 868 2439 aperte
882 2405 974 2436 dicere

181 2437 319 2465 volentem
337 2439 370 2466 ad
389 2441 473 2469 cmlos
489 2450 520 2470 se
541 2452 738 2481 ascensurum,
756 2453 782 2477 et
805 2451 838 2477 ad
861 2451 971 2480 Patrem

182 2483 368 2518 migraturum
381 2505 388 2518 ,
407 2486 456 2513 sed
470 2488 644 2525 aznigmatice
661 2493 751 2521 adhuc
765 2499 792 2523 et
810 2496 894 2524 multa
908 2506 972 2526 cum

181 2528 306 2562 emphasi
324 2537 381 2558 rem
396 2532 598 2568 significantem
612 2536 733 2566 Thomas
749 2539 902 2577 discipulus
917 2544 971 2571 sci-

182 2575 309 2608 scitatur,
324 2582 351 2603 et
361 2584 569 2612 argumentatur
584 2583 787 2617 quodammodo
800 2575 906 2615 tantum
917 2597 973 2616 non

180 2621 264 2648 etiam
284 2629 385 2657 cogens
408 2624 526 2653 invitum
553 2627 645 2656 dicere
663 2639 784 2665 quonam
802 2632 912 2660 demum
937 2635 973 2662 sit

180 2667 324 2701 abiturus,
341 2673 368 2696 et
387 2677 442 2704 quo
460 2672 555 2700 tcndat
570 2674 645 2702 illius
667 2675 811 2706 discessus
832 2678 894 2708 iter.
917 2679 973 2708 Nec

179 2712 252 2739 (nim
270 2714 384 2747 scimus,
399 2715 498 2751 inquit,
514 2726 570 2754 quo
583 2720 660 2748 vadis
677 2731 683 2749 :
702 2726 729 2750 et
743 2724 881 2758 quomodo
898 2726 970 2754 viam

180 2758 366 2788 sciverimus?
381 2761 411 2789 Et
428 2770 492 2791 vero
510 2765 622 2793 nimiam
638 2768 828 2797 curiositatem
843 2770 970 2806 discipuli

1032 2226 1155 2259 καὶπῶς
1173 2227 1298 2262 οἴδαμεν
1320 2230 1378 2263 τὴν
1405 2231 1496 2265 ὀδόν;
1516 2235 1602 2268 Λέγει
1628 2236 1712 2269 αὐτῷ
1730 2240 1749 2264 ό
1778 2240 1826 2272 Ἰη-

1030 2271 1116 2304 σοῦς·
1134 2272 1204 2307 Ἐγώ
1217 2274 1275 2308 ειμι
1292 2275 1310 2309 ἠ
1323 2275 1404 2309 ὁδὸς,
1416 2277 1465 2303 καὶ
1480 2278 1499 2312 ἡ
1511 2278 1648 2313 ἀλήθεια,
1665 2282 1715 2308 καὶ
1725 2284 1744 2317 ἠ
1760 2271 1823 2316 ζωτι-

1029 2317 1131 2350 οὐδεὶς
1157 2318 1276 2353 ἔρχεται
1308 2321 1383 2355 πρὸς
1417 2323 1471 2350 τὸν
1502 2325 1637 2360 Πατέρα,
1664 2328 1693 2354 εί
1719 2328 1765 2363 μὴ
1790 2329 1824 2355 δι’

1029 2363 1113 2391 ἐμοῦ.

1042 2372 1144 2436 ﬁssum
1171 2410 1322 2448 διαρρήδην
1349 2414 1438 2441 εἰπεῖν
1464 2415 1626 2453 ἐθελήσαντι
1649 2419 1690 2455 τῷ
1715 2421 1823 2456 Χριστῷ

1022 2455 1079 2486 τοῖς
1096 2455 1192 2482 ἑαυτοῦ
1213 2457 1358 2493 μαθηταῖς,
1376 2459 1417 2486 ὃτι
1431 2460 1564 2496 βαδιεῖται
1586 2464 1657 2500 πρὸς
1681 2466 1731 2501 τὴν
1743 2455 1820 2499 γᾶνωγ,

1021 2499 1068 2526 καὶ
1093 2500 1265 2537 ἀποδημήσει
1294 2504 1362 2539 πρὸς
1391 2505 1436 2533 τὸν
1459 2508 1588 2544 Πατέρα,
1611 2499 1822 2547 αἰνιγματωδῶς

1020 2552 1052 2578 γε
1074 2544 1128 2580 μὴν
1150 2546 1191 2573 ἔτι
1218 2548 1265 2574 καὶ
1287 2549 1331 2576 διὰ
1350 2551 1456 2578 πολλῶν
1480 2554 1628 2588 ἐμφάσεων
1649 2544 1820 2594 σεδ-πρᾶγμα

1029 2590 1199 2624 σημαίνοντι,
1228 2594 1410 2630 προσεκόμισε
1438 2597 1487 2634 τὴν
1514 2599 1610 2627 πεῦσιν
1638 2603 1653 2628 ὁ
1685 2604 1818 2640 μαθητής·

1027 2636 1128 2672 Θωμᾶς
1144 2637 1171 2664 δὲ
1179 2636 1213 2674 ἦν
1221 2637 1308 2671 οὗτος·
1321 2642 1367 2668 καὶ¹
1387 2645 1584 2673 συναναπλέκει
1601 2648 1663 2675 τινὰ
1678 2636 1817 2686 λογισμιέν,

1027 2683 1170 2717 μονονουχὶ
1191 2684 1237 2710 καὶ
1257 2685 1307 2720 οὐχ
1327 2686 1424 2715 ἑκόντα
1443 2689 1531 2724 λέγειν
1545 2683 1818 2730 ἐκϐιαζόμενοςξκαὶ

1024 2727 1086 2754 ὅποι
1100 2729 1164 2755 ποτὲ
1184 2730 1356 2765 πορεύσεται,
1371 2735 1417 2761 καὶ
1431 2732 1461 2762 οῦ
1478 2736 1528 2772 τῆς
1545 2727 1704 2776 ἀποδημίας

1025 2773 1201 2802 συντείνει-αι.
1225 2777 1262 2803 Οὐ
1281 2778 1334 2814 γὰρ
1351 2779 1439 2815 ἴσμεν,
1453 2781 1516 2818 ἔφη,
1535 2784 1588 2811 ποῦ
1605 2773 1743 2823 ὑπάγεις,¹
1760 2773 1816 2816 εἶτα

236 2853 494 2889 “i’sal.x.\vt,ll.
534 2858 773 2894 “l'l‘ini.\1,20.
813 2849 1021 2898 “Galat.v,;.
