1896 3034
52 165 104 194 I89

581 154 613 182 IN
629 151 773 182 JOANNIS
793 147 1021 179 EVANGELIUM
1038 147 1104 176 LIB.
1122 147 1171 175 IX.

1641 138 1694 166 {90

48 220 113 253 πῶς
139 219 172 247 ἂν
198 218 339 254 εἰδείημεν
367 217 416 253 τὴν
442 215 520 249 ὁδόν;
549 214 606 242 Καὶ
631 214 661 241 τὸ
680 213 729 249 μὲν
753 220 796 246 σφι

951 209 1037 237 ristus
1059 207 1189 236 emolitur
1210 214 1217 233 :
1243 212 1295 233 nec
1317 203 1391 232 enim
1410 200 1560 238 respondet
1582 199 1615 228 ad
1637 199 1697 234 ejus

49 268 202 304 περίεργον
215 265 263 293 τοῦ
278 263 402 301 μαθητοῦ
419 261 586 298 παρελαύνει
602 260 730 297 Χριστός·
749 259 780 285 οὑ
800 257 855 293 γὰρ

50 312 236 347 ἀποκρίνεταί
252 320 280 339 τι
299 311 368 346 πρὸς
384 311 452 344 ὅπερ
467 309 564 345 ἤθελεν
580 307 673 340 αὐτὸς,
688 306 746 333 ἀλλ’
767 305 856 332 ἐκεῖνο

51 361 88 396 τῇ
109 359 163 395 ἰδίᾳ.
181 357 282 393 γνώσει
301 357 434 392 τηρήσας,
449 355 497 382 καὶ
515 354 604 390 καιρῷ
626 352 726 389 μᾶλλον
745 350 855 382 ἀναθεὶς

51 406 94 441 τῷ
115 404 336 441 πρεπωδεστέρῳ
355 401 551 429 διεκκαλύπτει
571 399 727 436 χρησίμως,
742 399 811 434 ὅπερ
821 395 856 433 ἦν

53 452 151 483 αὐτοῖς
174 451 326 484 ἀναγκαῖον
350 450 390 481 εἰς
417 447 546 484 μάθησιν.
577 446 648 481 Ἐγὼ
671 445 763 472 τοίνυν
785 443 854 478 εἰμὶ,

55 496 153 531 φησὶν,
171 496 187 531 ἡ
208 495 278 527 όδδς,
300 494 356 528 ἐγὼ
370 495 387 529 ἡ
405 493 528 528 ἀλήθεια,
549 491 605 527 ἐγὼ
621 492 638 527 ἡ
658 491 725 526 ζωή.
742 489 799 517 Καὶ
815 488 857 516 ὅτι

58 541 111 576 μὲν
127 540 230 576 ἀληθὴς
240 549 274 567 πε
279 540 307 576 9i.
320 539 417 567 ἑαυτοῦ
427 538 513 566 ταῦτα
524 538 611 573 λέγων
621 538 636 564 ό
645 537 757 573 Κύριος,
768 535 858 567 οὐδεὶς

57 589 116 620 ἂν,
143 584 231 620 οἶμαι,
253 586 308 613 τῶν
336 585 539 621 εὐφρονοὺντων
568 584 694 619 ἑνδοιάσῃ
735 583 857 611 πώποτε.

57 631 136 668 Πλὴν
159 633 248 659 ἐκεῖνο
265 632 321 659 δεῖν
346 632 531 667 ὑπολαμϐάνω
550 630 667 666 ζητῆσαι
682 628 857 664 φιλομαθῶς·

58 678 108 704 τοῦ
123 679 179 713 γὰρ
190 678 222 714 δὴ
231 679 323 714 χάριν,
335 679 424 705 καίτοι
435 678 504 713 φῶς,
514 677 561 704 καὶ
571 677 662 712 σοφία,
677 677 723 704 καὶ
732 675 857 711 δύναμις,

59 725 110 751 καὶ
129 725 232 760 ἑτέροις
248 725 277 751 δὲ
293 725 364 756 ὅσοις
381 725 494 760 ὀνόμασι
510 723 587 760 παρὰ
600 724 661 755 ταῖς
670 721 860 754 θεοπνεύστοις

59 771 260 807 ὠνομασμένος
270 771 403 806 Γραφαῖς,
419 770 619 806 ἒξειλεγμένοις
627 769 722 805 ὥσπερ
734 768 800 801 τισὶ,
812 767 861 794 καὶ

62 817 133 844 πολὺ
146 817 205 844 λίαν
220 817 329 852 ἔχουσιν
338 816 402 845 ὅντα
414 817 504 851 λόγον,
520 816 620 852 χρῆται
635 815 704 851 πρὸς
717 815 748 841 τὸ
761 813 860 849 παρὸν,

60 865 122 891 ὁδον
151 864 261 895 ἑαυτὸν,
288 863 334 890 καὶ
361 863 502 899 ἀλήθειαν,
525 863 571 890 καὶ
598 861 672 897 ζωὴν
689 860 858 891 ἀποκαλῶνς

905 255 1026 287 libitum,
1043 254 1092 282 sed
1108 253 1175 281 illud
1187 259 1246 280 suae
1267 250 1420 286 cognitioni
1433 250 1581 276 reservans
1592 266 1600 278 ,
1616 246 1698 281 quin-

905 300 961 328 imo
982 299 1100 335 tempori
1125 296 1315 334 opportunicri
1334 294 1460 322 tribuens
1474 313 1482 326 ,
1504 290 1699 328 percommode

905 355 937 375 ex
943 347 1021 382 ponit
1028 346 1055 373 id
1064 345 1139 380 quod
1148 344 1182 371 ad
1189 343 1373 378 disciplinam
1383 344 1425 369 est
1433 338 1633 368 necessarium.
1645 336 1700 372 Ego

906 381 1001 427 igitur,
1018 391 1118 426 inquit,
1138 397 1199 417 sum
1216 388 1271 419 via,
1288 395 1338 422 ego
1352 386 1467 417 veritas,
1484 391 1534 419 ego
1548 383 1616 410 vita.
1634 381 1701 415 Quae

906 436 1018 472 quidem
1032 443 1096 463 vere
1114 434 1148 462 de
1167 433 1260 468 seipse
1278 431 1424 458 Dominum
1439 429 1532 457 dicere
1543 447 1550 460 ,
1567 433 1659 458 nemo,
1671 429 1701 452 ut

906 490 980 515 reor,
999 488 1086 510 sanus
1106 481 1134 508 in
1151 479 1266 507 dubium
1284 484 1406 512 unquam
1422 473 1604 503 revocaverit.
1625 471 1702 505 Qua»

906 528 1026 557 tendum
1050 526 1232 554 nihilominus
1252 523 1377 552 studiose
1401 521 1537 552 arbitror,
1560 525 1645 555 quam
1666 517 1702 545 ob

907 583 1033 607 causam,
1049 580 1113 601 cum
1129 573 1188 604 lux,
1207 577 1235 599 et
1251 569 1389 606 sapientia
1400 588 1408 602 ,
1427 573 1456 596 et
1469 567 1570 599 virtus,
1584 565 1703 600 aliisque

908 619 1069 651 istiusmodi
1092 618 1256 647 nominibus
1271 617 1343 652 apud
1363 615 1523 650 Scripturas
1537 613 1647 640 divinas
1666 612 1704 639 sit

908 670 1104 702 nuncupatus,
1129 664 1242 693 eximiis
1265 670 1341 691 nunc
1368 661 1454 690 veluti
1476 658 1644 695 quibusdam
1670 665 1704 685 ac

909 712 1060 750 prazcipuis
1076 715 1182 742 utatur,
1203 709 1326 744 seipsum
1344 707 1428 739 viam,
1447 710 1475 734 et
1490 705 1635 733 veritatem
1646 722 1653 735 ,
1671 710 1705 731 ac

909 761 995 790 vitam
1010 758 1171 787 nominans.
1186 757 1268 783 Altus
1281 754 1369 787 enim,
1384 752 1555 784 utarhitror,
1565 757 1617 778 nec
1632 750 1704 776 mul-

911 812 969 835 tum
983 806 1124 842 explicato
1141 803 1234 831 facilis
1247 805 1291 830 est
1303 799 1440 830 sermonis
1457 798 1540 826 istius
1559 804 1659 824 sensus
1678 799 1705 823 et

913 853 984 881 ratio
1003 861 1009 880 :
1030 850 1113 886 768
1131 849 1218 876 nihilo
1235 852 1325 875 tamen
1339 845 1431 873 minus
1452 843 1486 871 ad
1505 843 1582 869 illum
1598 845 1642 869 est
1658 848 1707 876 ag-

63 911 166 938 Βαθεῑα
181 911 236 946 γὰρ
258 911 297 942 ὡς
321 887 440 946 ἐγῷμαι,
459 887 507 936 καί
523 887 811 935 οῦηλίάνγιεὺιιάτοπτοι

958 897 1104 926 :diendum.
1118 895 1213 922 Dicam
1233 894 1307 921 enim
1322 890 1395 927 quod
1413 889 1481 917 mihi
1495 888 1570 916 venit
1588 887 1616 914 in
1630 893 1706 914 men-

1067 942 1072 946 .
1134 941 1140 946 .
1201 940 1207 945 .
1239 940 1245 945 .
1359 936 1454 946 ηιξ---
1486 934 1644 946 _-t:..........-
1673 931 1706 946 εἳ,

62 958 111 984 τοῦ
136 958 217 993 λόγου
237 957 362 992 δύναμις·
378 956 430 983 οὐκ
445 955 576 991 ὀκνητέον
593 954 615 981 δ’
629 951 676 981 οὖν
695 954 770 988 ὅμως
791 952 861 988 πρὸς

61 1005 114 1041 τὴν
138 1004 306 1040 ἐγχείρησιν.
332 1003 402 1039 Ἐρῶ
417 1002 470 1038 γὰρ
492 1002 561 1037 ὅπερ
576 1001 616 1032 είς
631 1000 702 1035 ἐμὴν
721 998 861 1026 ἀναϐαίνει

61 1051 194 1083 διάνοιαν,
217 1051 304 1085 ἐφιεὶς
323 1049 445 1085 δηλονότι
465 1048 500 1076 τὰ
514 1047 619 1084 ἀμείνω
635 1047 706 1073 νοεῖν
721 1047 778 1078 τοῖς
793 1045 862 1072 θεω-

64 1099 123 1133 ρεῖν
151 1096 277 1124 εἰωθόσιν
302 1095 516 1130 όξυωπέστερον.
538 1094 588 1120 Διά
611 1092 694 1129 τριῶν
717 1090 863 1127 τοιγαροῦν

65 1144 240 1179 πραγμάτων
267 1144 327 1174 ταῖς
341 1144 397 1170 ἅνω
416 1142 465 1169 καὶ
482 1140 569 1173 θείαις
583 1137 784 1175 προσϐαλοῦσιν
804 1137 862 1174 [γρ.

63 1188 290 1226 προσϐαλοῦμεν]
304 1189 410 1219 αὐλαῖς,
423 1188 471 1214 καὶ
484 1188 524 1218 εἰς
540 1187 590 1221 τὴν
606 1185 661 1211 τῶν
682 1183 865 1221 πρωτοτόκων

70 1236 238 1272 Ἐκκλησίαν
253 1234 459 1271 ἀναϐησόμεθα-
475 1233 520 1259 διὰ
533 1231 661 1268 πράξεως
675 1231 706 1266 δή
722 1238 804 1265 φημι,
814 1228 865 1263 τῆς

64 1283 139 1311 κατὰ
155 1282 283 1317 ποικίλην
302 1280 412 1317 ἀρετὴν,
428 1279 476 1307 καὶ
489 1278 609 1310 πίστεως
619 1278 669 1313 τῆς
685 1277 714 1303 ὲν
727 1275 865 1312 ὀρθότητι,

65 1329 114 1356 καὶ
132 1328 240 1359 ἐλπίδος
262 1327 312 1363 τῆς
328 1327 357 1353 ὲν
377 1326 447 1361 ζωῇ.
459 1323 524 1361 Ἆρ’
544 1321 592 1350 οὖν
610 1323 706 1358 ἕτερος
727 1322 793 1357 ἡμῖν
818 1320 867 1347 τοῦ

64 1374 199 1403 δύνασθαι
214 1373 328 1400 τοιαῦτα
341 1373 408 1408 δρᾷν
423 1372 568 1407 γενήσεται
592 1369 721 1405 χορηγὸς,
739 1369 755 1404 ἢ
770 1367 869 1404 πρόξε-

65 1431 122 1454 νος.
150 1421 168 1457 ἢ
189 1420 275 1452 αἰτία,
298 1419 315 1455 ἢ
342 1419 479 1454 πρόφασις
498 1416 574 1452 παρὰ
594 1416 641 1442 τὸν
663 1415 767 1451 Κύριον
787 1414 868 1450 ἡμῶν

72 1467 181 1504 Ἰησοῦν
191 1467 238 1494 τδν
253 1465 387 1502 Χριστὸν;
403 1465 440 1492 UO
457 1464 505 1500 μὲν
517 1461 574 1490 οὖν.
590 1462 636 1498 Μὴ
658 1461 713 1497 γάρ
729 1470 770 1488 τοι
787 1460 870 1496 νομί-

67 1523 130 1550 σῃς,
146 1513 232 1545 Δὺτὺς
248 1514 303 1547 γὰρ
327 1512 393 1547 ἡμῖν
411 1509 608 1545 νενομοτέθηκε
629 1508 664 1535 τὰ
688 1508 759 1543 ὑπὲρ
775 1507 869 1542 νόμον,

67 1560 150 1592 αὐτὸς
168 1558 293 1591 ὑπέδειξε
310 1557 359 1593 τὴν
374 1557 444 1589 ὁδὸν,
456 1556 490 1592 ἢν
503 1555 545 1588 ἂν,
559 1552 648 1590 οἶμαι,
665 1554 708 1586 τὶς
718 1553 811 1585 καλῶς
827 1553 868 1584 είς

912 949 985 976 tem,
1013 941 1160 978 cogitanda
1181 940 1311 967 nimirum
1341 936 1457 964 meliora
1486 934 1646 969 relinquens
1673 931 1708 959 iis

912 992 1015 1028 quibus
1037 989 1144 1017 acutior
1156 987 1197 1015 vis
1217 991 1262 1014 cst
1274 984 1386 1020 ingenii.
1404 982 1505 1010 Tribu
1523 981 1608 1017 igitur
1626 978 1709 1006 rebus

913 1038 947 1066 ad
963 1043 1098 1072 supernas
1115 1042 1147 1062 ac
1165 1033 1275 1061 divinas
1293 1030 1453 1058 mansiones
1469 1027 1618 1058 enitemur,
1634 1029 1661 1053 et
1678 1024 1710 1051 in

914 1083 1162 1120 primogenitorum
1177 1078 1420 1115 congregationem
1437 1072 1621 1103 ascendemus
1638 1080 1645 1099 :
1661 1078 1711 1107 per

916 1132 1053 1159 actionem
1067 1129 1176 1157 scilicet
1187 1125 1298 1154 virtutis
1310 1125 1425 1154 variam,
1439 1129 1487 1157 per
1498 1120 1580 1148 ﬁdem
1594 1121 1709 1149 rectum,

916 1183 944 1205 et
961 1183 1037 1212 spem
1050 1176 1124 1203 vitas.
1140 1174 1176 1201 At
1192 1171 1255 1207 quis
1269 1170 1341 1197 alius
1358 1168 1441 1196 nobis
1456 1173 1552 1194 eorum
1568 1163 1711 1191 faciendo-

916 1232 978 1252 rum
992 1223 1116 1258 largltor,
1130 1227 1177 1248 seu
1190 1218 1329 1254 pararius,
1349 1215 1407 1243 sive
1418 1220 1502 1241 causa
1514 1212 1608 1244 fuerit,
1627 1217 1710 1245 quam

919 1256 1053 1298 Dominus
1066 1272 1160 1296 noster
1174 1265 1255 1293 Iesus
1270 1261 1423 1291 Christus?
1442 1259 1529 1286 Nemo
1545 1264 1623 1286 sane.
1639 1256 1712 1284 Cave

918 1316 946 1344 id
969 1314 1127 1343 existimes.
1154 1311 1216 1346 Ipse
1234 1309 1337 1345 quippe
1352 1306 1433 1335 nobis
1451 1306 1523 1340 leges
1540 1303 1634 1339 posuit
1651 1308 1714 1337 quae

920 1366 986 1392 sunt
1002 1367 1086 1396 supra
1097 1359 1195 1393 legem,
1211 1357 1271 1392 ipse
1280 1356 1351 1383 viam
1367 1351 1543 1383 monstravit,
1557 1356 1638 1385 quam
1650 1355 1714 1383 pro-

920 1409 954 1437 be
975 1407 1110 1435 actionem
1131 1402 1263 1435 virtutis,
1281 1406 1307 1429 et
1327 1400 1475 1427 incitatum
1496 1403 1529 1424 ac
1554 1399 1712 1430 promptum

921 1454 950 1481 in
970 1451 1127 1480 actionibus
1144 1456 1206 1485 qua:
1225 1450 1291 1476 sunt
1316 1443 1471 1474 secundum
1492 1442 1633 1470 Christum
1655 1445 1715 1467 stu—

923 1499 998 1528 dium
1018 1496 1174 1531 intelligere
1190 1499 1349 1530 possumus.
1365 1490 1452 1526 lgitur
1464 1488 1524 1524 ipse
1538 1491 1581 1515 est
1591 1485 1695 1514 veritas
1705 1505 1712 1517 ,

924 1547 983 1582 ipse
999 1545 1060 1577 via,
1080 1543 1134 1570 hoc
1148 1544 1208 1574 est,
1226 1547 1292 1568 vera
1310 1537 1372 1565 ﬁdei
1390 1536 1485 1572 regula
1498 1556 1506 1568 ,
1527 1538 1555 1561 et
1568 1532 1714 1567 inculpata:

67 1579 201 1642 riivv‘xar‘
224 1579 367 1638 éVé‘pYEl;V
390 1579 491 1637 ἀρετ-ἧν

971 1591 1028 1619 Deo
1046 1588 1194 1618 sententiae
1205 1592 1295 1615 canon
1320 1589 1348 1611 et
1369 1581 1500 1610 amussis.
1514 1579 1583 1607 Nam
1608 1579 1631 1607 si
1651 1585 1715 1606 vere

977 1638 994 1642 --
1082 1636 1088 1642 -
1134 1633 1232 1642 η-ισηᾼ
1277 1630 1302 1642 [Δ
1322 1633 1360 1642 μ..
1381 1629 1407 1642 ι..
1427 1635 1489 1642 num
1511 1626 1557 1642 ,ιι-ί
1572 1633 1604 1642 Δ1
1620 1624 1666 1642 nni
1683 1630 1715 1642 an

70 1652 189 1689 πράξεσι
203 1652 264 1682 ταῖς
280 1649 351 1677 κατά
364 1648 493 1684 Χριστὸν.
510 1646 667 1674 διαϐατικόν
689 1654 718 1672 τε
735 1645 781 1672 καὶ
799 1645 867 1680 πρό-

70 1699 168 1734 θυμον.
186 1694 292 1724 Οὐκοῦν
314 1695 393 1726 αὐτός
405 1695 487 1721 εστιν
508 1694 525 1729 ἡ
545 1692 669 1728 ἀλήθεια,
696 1691 778 1723 αὑτός
794 1692 869 1718 ἐστιν

69 1746 86 1781 ἡ
103 1745 173 1776 ὁδὸς,
197 1742 270 1770 τοῦτ’
286 1741 372 1775 ἐστιν,
387 1742 401 1768 ό
418 1740 523 1776 ἀληθὴς
536 1741 587 1775 τῆς
599 1739 719 1770 πίστεως
733 1739 805 1774 ὄρος,
822 1737 869 1764 καὶ

71 1792 85 1818 ὁ
96 1791 147 1826 τῆς
164 1788 303 1820 ἀπλανοῦς
320 1787 385 1824 περὶ
401 1786 468 1813 Θεοῦ
492 1786 644 1822 διαλήψεως
667 1784 758 1812 κανών
774 1793 803 1811 τε
821 1783 869 1810 καὶ

73 1836 192 1872 στάθμη.
219 1834 400 1865 Πιστεύοντες
420 1833 475 1870 γὰρ
499 1833 539 1864 εἰς
566 1831 630 1859 Υίδν
656 1831 775 1866 ἀληθῶς.
796 1829 869 1857 τοῦτ’

73 1883 157 1915 ἔστιν,
173 1881 204 1914 ἑξ
223 1880 310 1915 αὐτῆς
332 1879 498 1914 γεννηθέντα
510 1878 560 1914 τῆς
575 1877 669 1908 οὐσίας
680 1876 727 1903 τοῦ
740 1875 808 1902 Θεοῦ
823 1875 870 1902 καὶ

74 1928 192 1964 Πατρὸς,
211 1927 242 1954 οὐ
262 1926 349 1959 νόθον,
361 1926 391 1953 οὑ
406 1924 590 1960 ψευδώνυμον,
608 1923 665 1950 ἀλλ’
681 1922 741 1949 οὐδὲ
759 1921 869 1956 κτίσμα,

74 1974 224 2010 ῆποίημα,
244 1972 276 1999 τὸ
291 1973 343 2007 τῆς
364 1970 481 2007 ἀληθοῦς
505 1969 625 2000 πίστεως
655 1966 870 2004 περικεισόμεθα

74 2021 218 2057 καύχημα.
239 2020 269 2046 '0
285 2019 340 2055 γὰρ
356 2019 396 2051 εἰς
410 2017 474 2044 Υἱδν
489 2015 713 2052 παραδεξάμενος
733 2014 779 2040 τὸν
795 2013 870 2044 Υίὺν,

73 2068 262 2104 διωμολόγηκε
284 2066 393 2095 πάντως
419 2064 467 2092 καὶ
494 2063 540 2090 τὸν
571 2062 600 2095 ὲξ
621 2059 706 2097 οὗπερ
731 2060 800 2092 ἐστὶ,
825 2059 872 2086 καὶ

79 2115 191 2150 Πατέρα
206 2113 252 2140 τὸν
264 2112 332 2140 Θεὸν
347 2110 403 2139 οἶδέ
415 2120 446 2138 τε
470 2110 516 2137 καὶ
531 2109 648 2144 δέξεται.
664 2108 749 2139 Αὐτὸς
763 2114 873 2141 τοιγαρ-

74 2161 122 2189 οῦν
137 2162 155 2197 ή
168 2159 284 2195 ἀλήθειά
297 2161 381 2191 ἐστιν,
395 2157 476 2189 αὑτός
488 2157 563 2183 ἐστιν
576 2157 593 2191 ἠ
607 2154 664 2191 ζωή
675 2162 682 2170 ·
701 2154 732 2181 οὐ
747 2153 801 2188 γὰρ
811 2153 873 2179 ἐτε-

76 2217 123 2244 ρος
138 2208 207 2244 ἡμῖν
221 2205 443 2240 ἀποκαταστήσει
462 2203 512 2238 τὴν
530 2203 560 2229 ἐν
576 2201 666 2229 ἐλπίσι
680 2199 765 2235 ζωὴν,
780 2199 829 2235 τὴν
843 2199 872 2225 ὲν

75 2253 219 2290 ἀφθαρσίᾳ
237 2251 371 2288 δηλονότι,
386 2250 434 2277 καὶ
447 2248 640 2285 μακαριότητι,
661 2246 708 2273 καὶ
722 2244 851 2280 ἁγιασμῷ
866 2251 873 2259 ο

921 1638 1060 1666 credimus
1082 1636 1110 1663 in
1134 1633 1235 1662 Filium
1246 1652 1254 1665 ,
1277 1630 1304 1658 id
1320 1633 1362 1657 est
1381 1629 1409 1655 in
1426 1635 1490 1655 eum
1510 1626 1557 1661 qui
1572 1633 1606 1653 ex
1620 1624 1668 1651 Dei
1683 1630 1716 1650 ac

920 1685 1010 1713 Patris
1036 1683 1147 1718 genitus
1171 1684 1214 1709 est
1236 1677 1402 1708 substantia,
1426 1681 1481 1701 non
1502 1671 1639 1708 spurium,
1659 1677 1716 1697 non

920 1731 992 1759 falso
1005 1716 1177 1758 nominatum
1189 1747 1196 1759 ,
1217 1725 1265 1754 sed
1283 1730 1373 1758 neque
1388 1724 1548 1754 creaturam
1564 1721 1611 1745 aut
1626 1716 1717 1744 factu-

920 1785 978 1805 ram
1000 1784 1072 1804 vera:
1087 1774 1147 1802 ﬁdei
1167 1773 1254 1809 gloria
1278 1768 1451 1798 orn-abimus.
1467 1765 1535 1793 Nam
1552 1764 1600 1800 qui
1614 1762 1716 1790 Filium

920 1824 949 1852 in
962 1829 1028 1850 vero
1044 1819 1204 1856 significatu
1227 1816 1333 1852 ceperit
1346 1836 1354 1847 ,
1372 1814 1474 1842 fatetur
1488 1812 1585 1846 utique
1602 1815 1631 1837 et
1653 1813 1717 1836 eum

920 1878 955 1899 ex
968 1877 1022 1905 quo
1036 1854 1099 1901 est,
1116 1865 1286 1899 Patremque
1308 1862 1394 1889 Deum
1415 1858 1542 1895 agnoscit
1566 1861 1593 1884 et
1616 1854 1716 1884 credit.

920 1901 984 1952 Ipse
994 1916 1104 1950 itaque,
1122 1911 1226 1940 veritas
1243 1914 1303 1941 est,
1319 1909 1379 1943 ipse
1395 1909 1437 1934 est
1450 1905 1507 1932 vita
1522 1913 1528 1931 :
1546 1910 1628 1931 nemo
1643 1901 1718 1930 enim

921 1965 1006 1993 vitam
1028 1967 1110 1997 quam
1139 1964 1282 1994 speramus
1302 1952 1511 1988 incorruptione
1536 1950 1667 1977 nimirum
1691 1953 1719 1975 et

921 1993 1095 2038 beatitudine
1125 1993 1161 2032 ac
1185 2000 1404 2030 sanctiﬁcatione
1432 1998 1606 2024 constantem
1639 1993 1719 2021 nobis

923 2059 1022 2092 praeter
1040 2060 1102 2081 eum
1122 2050 1251 2078 restituet
1268 2057 1274 2074 :
1298 2046 1358 2081 ipse
1371 2043 1445 2072 enim
1461 2049 1513 2070 nos
1527 2040 1666 2072 suscitat,
1691 2042 1718 2065 et

923 2083 970 2138 qui
986 2099 1085 2128 mortui
1099 2103 1197 2126 sumus
1210 2098 1323 2130 propter
1336 2095 1417 2119 Vetus
1432 2088 1624 2118 maledictum,
1639 2085 1675 2112 ad
1691 2083 1719 2112 id

924 2128 997 2184 quod
1012 2144 1092 2173 initio
1107 2128 1230 2172 eramus,
1243 2128 1335 2166 denuo
1349 2133 1503 2164 revocabit.
1515 2130 1614 2159 Omnia
1633 2128 1721 2164 igitur

925 2174 1007 2222 nobis
1023 2191 1052 2218 in
1067 2190 1129 2225 ipso
1139 2206 1148 2219 ,
1163 2189 1190 2214 et
1206 2192 1255 2221 per
1270 2184 1363 2218 ipsum
1377 2179 1510 2216 praaclara
1524 2181 1607 2211 atque
1618 2174 1721 2202 eximia

926 2244 953 2269 et
967 2221 1134 2268 exstiterunt
1146 2234 1215 2268 jam,
1233 2234 1261 2259 et
1277 2236 1361 2265 porro
1377 2226 1538 2254 exstahunt.
1556 2221 1610 2250 Sed
1621 2221 1721 2248 obser-

75 2267 219 2290 aquiuputf-
237 2267 371 2288 uultum“,
387 2267 434 2277 nur-
447 2267 640 2285 r.......,..v..,..,
662 2267 708 2273 η...
723 2267 823 2280 ..μ-,τ

75 2301 161 2332 αὐτὸς
178 2300 234 2335 γὰρ
250 2298 323 2334 ἡμᾶς
339 2296 453 2332 ὲγείρει,
466 2296 513 2322 καὶ
527 2294 641 2329 νεκροὺς
654 2292 811 2328 γεγονότας,

975 2267 980 2319 ,
997 2290 1110 2320 quaeso,
1131 2267 1214 2316 quam
1242 2280 1305 2312 apte
1326 2274 1358 2302 ad
1375 2271 1548 2308 propositum
1569 2268 1622 2296 ista
1638 2267 1723 2302 perti-

1052 2329 1060 2335 ‘
1100 2327 1106 2335 '
1119 2326 1208 2335 ’νν--ιι
1225 2322 1325 2335 ι--ἀ--ιι-
1342 2319 1490 2335 Aliam-mm
1507 2314 1643 2335 .liar-imlln
1660 2332 1667 2335 λ
1689 2318 1723 2335 ac

75 2349 127 2384 τὴν
141 2345 261 2383 ἀρχαίαν
285 2345 365 2380 ἀρὰν,
383 2342 545 2378 ἀνακομίσει
560 2341 641 2368 πάλιν
657 2341 697 2372 είς
719 2340 789 2375 ὅπερ
803 2336 874 2374 ἦμεν

76 2396 107 2422 ὲν
118 2393 229 2429 ἀρχαῖς.
246 2391 373 2418 Ἀπαντα
382 2389 473 2416 τοίνυν
488 2389 554 2424 ἡμῖν
568 2388 596 2414 ὲν
610 2386 695 2422 αὐτῷ,
710 2385 758 2413 καὶ
777 2385 810 2411 δι’
827 2385 876 2411 αὐ-

75 2442 127 2469 τοῦ
142 2441 179 2467 τὰ
194 2438 327 2466 κάλλιστά
342 2446 373 2464 τε
388 2436 435 2463 καὶ
456 2434 583 2470 ἐξαίρετα
599 2432 704 2468 πέφηνὲ
718 2440 748 2458 τε
764 2431 815 2467 ἤδη
829 2430 877 2457 καὶ

77 2490 240 2526 γενήσεται.
258 2486 313 2513 Καὶ
328 2485 379 2521 ὅρα
394 2492 440 2520 μοι
453 2482 545 2515 πάλιν,
564 2481 648 2517 ὅτιτῇ
659 2481 713 2507 τῶν
726 2478 876 2516 προκειμέ-

80 2525 134 2564 νων
159 2533 265 2569 θεωρίᾳ
287 2531 354 2558 πολὺ
378 2531 411 2566 δὴ
433 2530 546 2565 πρέπων
569 2528 642 2554 ἐστὶν
663 2528 678 2554 ό
695 2525 880 2562 περὶτούτων

82 2582 173 2617 Λόγος.
196 2577 396 2610 Ἐνδοιάξοντός
421 2584 451 2604 τε
468 2575 522 2612 γὰρ
546 2574 587 2601 ἔτι
607 2572 656 2600 τοῦ
672 2571 806 2608 μαθητοῦ,
833 2570 883 2598 καὶ

82 2629 239 2664 φάσκοντος
250 2647 257 2658 ,
281 2636 290 2652 ι
308 2625 371 2656 Πῶς
385 2624 496 2658 οἴδαμεν
515 2621 564 2657 τὴν
580 2621 654 2653 όδόν;
671 2629 680 2645 ι
698 2619 743 2646 διὰ
759 2617 882 2655 βραχέων

82 2663 197 2708 ἔδειξεν,
215 2674 254 2705 ὡς
268 2671 384 2707 ἐπείπερ
402 2669 497 2696 εἰδεῖεν
511 2667 566 2694 τῶν
585 2667 626 2699 εἰς
638 2667 668 2692 τὺ
689 2666 745 2694 ἄνω
758 2663 882 2699 διακομί-

83 2723 142 2754 ζειν
165 2719 314 2747 ἐθελόντων
335 2716 445 2751 ἀγαθῶν
466 2714 553 2741 αῐτιόν
576 2722 605 2740 τε
621 2712 668 2739 καὶ
685 2711 812 2748 χορηγὸν,
833 2709 882 2737 καὶ

83 2767 221 2804 πρύτανιν
239 2764 374 2801 ὑπάρχειν
395 2762 487 2793 αὐτὸν,
505 2759 612 2792 οὐδενὸς
627 2759 719 2790 αὐτοῖς
739 2757 780 2784 ἔτι
791 2756 882 2793 δεήσει

85 2814 156 2850 πρὸς
170 2813 201 2839 τὸ
214 2811 316 2838 εἰδέναι
327 2810 376 2846 τὴν
394 2809 463 2836 ὁδόν.
483 2806 594 2842 Ἐπειδὴ
610 2806 638 2834 δὲ
655 2805 742 2840 τούτῳ
762 2804 882 2839 συνῆπτε

85 2847 125 2891 ea},
145 2869 155 2885 ι
177 2857 274 2888 οὐδεὶς
300 2856 410 2891 ἔρχεται
437 2854 505 2890 πρὸς
530 2853 577 2879 τὸν
599 2851 719 2886 Πατέρα,
742 2851 767 2876 εἰ
791 2849 829 2886 μὴ
851 2847 896 2875 δι”

86 2906 165 2943 ἐμοῦ,
185 2915 195 2931 ›
213 2905 280 2940 φέρε
294 2902 327 2937 δή
339 2911 366 2928 τι
391 2901 437 2929 καὶ
453 2900 520 2935 πρὸς
536 2899 602 2926 αὐτὸ
618 2898 752 2933 λέγωμεν,
767 2896 821 2924 τῶν
835 2896 884 2931 ῥη-

120 2954 142 2970 "
153 2952 240 2981 Lerit.
254 2958 311 2984 xix,
326 2950 352 2977 2.

927 2314 1022 2361 ήεείηί,
1045 2314 1209 2361 Ambigente
1223 2322 1325 2358 quippe
1341 2319 1491 2347 etiamnum
1507 2314 1643 2349 discipulo
1660 2332 1668 2344 ,
1689 2318 1723 2339 ac

926 2380 1044 2408 dicente,
1062 2384 1072 2401 ι
1093 2370 1239 2407 Quomodo
1256 2373 1405 2403 possumus
1421 2365 1495 2392 viam
1510 2361 1606 2390 scire?
1622 2370 1632 2386 ι
1653 2366 1724 2394 pau-

927 2406 968 2453 cis
988 2406 1130 2451 ostendit,
1149 2416 1224 2453 quod
1237 2415 1261 2443 si
1274 2415 1379 2442 scirent
1391 2411 1526 2439 bonorum
1542 2415 1606 2443 quae
1619 2406 1653 2433 ad
1667 2412 1726 2433 cm-

928 2472 971 2499 los
996 2466 1152 2504 perducunt
1179 2465 1322 2489 auctorem
1345 2465 1377 2485 se
1403 2459 1430 2484 et
1459 2453 1618 2489 largitorem
1641 2453 1729 2485 atque

931 2496 1137 2545 distributorem
1153 2515 1214 2537 esse
1227 2526 1235 2540 ,
1253 2505 1323 2533 nihil
1333 2503 1390 2540 jam
1406 2502 1448 2530 eis
1463 2500 1499 2528 ad
1517 2499 1570 2527 via:
1587 2496 1725 2533 cognitio-

933 2571 995 2592 nem
1012 2561 1131 2589 deesset.
1150 2555 1222 2590 Quia
1242 2559 1309 2581 vero
1331 2550 1396 2579 huic
1421 2547 1565 2584 subiunxit
1577 2566 1585 2580 ,
1611 2554 1621 2571 ι
1638 2542 1726 2571 Nemo

933 2588 1060 2638 vettitrad
1076 2588 1187 2632 Patrem
1201 2621 1208 2633 ,
1234 2599 1289 2628 nisi
1314 2605 1364 2634 per
1387 2603 1451 2624 me:
1482 2603 1492 2620 ι
1515 2591 1631 2628 agedum
1648 2593 1675 2616 et
1690 2588 1726 2615 ad

935 2656 1003 2685 illud
1022 2660 1118 2682 corum
1141 2657 1204 2686 quae
1228 2647 1281 2675 dici
1303 2645 1404 2673 debent
1418 2640 1547 2678 quiddam
1562 2638 1724 2667 aiferamus,

934 2682 1013 2740 prius
1032 2682 1204 2734 inquiretites
1222 2691 1361 2729 quomodo
1377 2690 1411 2717 ad
1431 2687 1539 2715 Patrem
1557 2685 1617 2720 quis
1631 2682 1725 2709 vadat.

935 2729 1048 2778 Buobus
1058 2745 1143 2782 igitur
1158 2741 1248 2770 modis
1261 2739 1295 2767 ad
1310 2745 1372 2766 eum
1383 2734 1560 2772 pervenimus
1575 2741 1581 2759 :
1598 2734 1645 2758 aut
1653 2729 1727 2757 cnim

936 2795 1026 2826 sancti
1049 2779 1141 2821 ellecti
1164 2790 1301 2824 quantum
1324 2783 1377 2812 fert
1398 2785 1506 2810 natura).
1527 2779 1652 2806 humana:
1669 2782 1727 2803 me-

937 2825 1072 2872 diocritas
1086 2858 1093 2871 ,
1117 2841 1248 2871 tanquam
1275 2834 1372 2860 sancto
1400 2828 1456 2856 ι)οο
1479 2825 1726 2862 conglutinamur:

942 2903 951 2920 l
964 2887 1058 2922 Sancti
1077 2884 1150 2915 enim
1168 2881 1256 2914 eritis,
1276 2877 1377 2914 inquit,
1394 2874 1459 2912 quia
1473 2880 1522 2910 ego
1533 2875 1645 2902 sanctus
1657 2868 1696 2900 “;
1715 2875 1727 2893 ι
