1896 3034
168 159 217 187 t’Jl

666 159 686 186 S
720 159 855 188 CYltlLLI
875 159 1115 189 ALEXANDRINI
1133 160 1292 188 ARCHIEP.
1766 158 1808 185 103

165 226 214 249 aut
237 221 270 248 ad
300 220 390 248 Patris
417 220 605 256 cognitionem
631 228 693 256 quae
712 221 764 249 ﬁde
783 226 811 250 et
834 227 959 250 eontem-

1058 222 1142 250 ιεσθαι
1168 221 1338 258 μελλόντων,
1366 220 1456 247 ἐκεῖνο
1478 218 1753 255 προερευνήσαντες,
1785 218 1811 244 τδ

164 268 285 304 plationc
307 267 390 302 769
409 271 518 294 constat
531 266 667 299 vadimus,
683 275 745 303 qua:
759 268 834 296 velut
849 268 878 296 in
893 276 959 304 spe-

165 314 230 342 culo
244 318 287 341 est
298 317 325 340 et
339 312 495 347 aenigmate,
507 312 579 339 sicut
590 313 727 347 scriptum
741 317 785 341 est
794 314 828 341 ⁸⁸.
844 313 898 341 Sed
910 321 961 342 nec

166 364 281 388 sanctus
294 359 356 394 quis
372 366 493 393 unquam
508 358 613 390 fuerit,
637 359 691 387 nisi
706 367 769 387 eum
786 367 902 395 prorsus
915 360 962 388 de-

167 407 285 434 ducente
302 405 413 433 Christo
424 425 432 436 ,
454 412 505 432 nec
524 404 576 439 ipsi
594 404 651 433 Deo
668 413 700 433 ac
717 405 792 434 Patri
809 406 962 441 conjunge-

167 457 222 485 tur,
235 452 288 479 nisi
304 451 440 478 mediante
452 450 565 478 Christo
581 460 588 478 :
606 451 745 480 mediator
757 452 830 479 enim
851 458 894 480 est
914 451 962 480 Dei

166 503 194 524 et
211 497 353 525 hominum
365 497 388 512 “
404 504 454 532 per
468 497 592 532 scipsum
606 519 614 531 ,
639 502 666 525 et
681 497 709 525 in
727 499 820 534 scipso
836 498 963 526 humani-

167 549 250 572 tatem
269 543 325 571 Deo
339 543 522 579 oonjungens.
537 543 572 571 Ut
586 543 659 571 enim
676 544 768 572 editus
779 551 812 572 ex
833 545 963 572 substan-

167 590 205 616 tia
220 589 268 616 Dei
285 597 317 616 ac
331 588 434 621 Patris,
451 594 589 624 quatenus
605 588 726 617 Verbum
741 594 784 616 cst
796 609 804 620 ,
819 596 852 616 ac
871 589 964 624 splen~

167 635 218 663 dor
231 657 238 668 ,
255 639 282 663 et
306 636 450 663 character
469 636 502 668 ",
521 642 607 662 unum
627 638 670 663 est
692 642 756 662 cum
782 634 864 662 Patre
890 638 963 662 totus

168 682 307 710 exsistcns
322 682 350 708 in
364 681 455 716 seipso
468 703 476 714 ,
496 685 524 709 et
538 682 628 716 ipsum
644 681 750 708 habens
770 681 798 708 in
812 681 904 716 seipso
915 681 938 697 θ·
956 689 963 708 :

166 729 308 761 quatenus
338 730 430 753 autem
457 725 548 753 factus
572 730 616 753 est
641 725 726 753 homo
750 725 833 752 sicuti
865 733 916 754 nos
930 725 964 759 “,

167 780 265 800 exsors
290 776 383 799 tamen
404 772 508 806 peccati
533 771 695 799 hominibus
713 771 896 807 coniungitur
910 793 917 805 ,
938 775 966 799 et

169 817 379 846 interliminium
401 817 488 844 veluti
511 816 652 851 quoddam
677 816 779 844 factum
804 821 862 849 est,
877 816 966 844 conti-

169 872 239 892 nens
256 864 285 891 in
302 863 394 898 seipso
409 870 471 898 quae
490 862 524 890 ad
539 863 671 890 unitatem
691 866 719 890 et
733 862 884 890 amicitiam
898 870 963 890 con-

1013 269 1072 301 πῶς
1086 268 1119 296 ἄν
1133 277 1175 300 τις
1193 269 1228 295 τοι
1245 267 1314 303 πρὸς
1335 267 1381 293 τὸν
1396 266 1517 301 Πατέρα.
1545 264 1702 301 Ἐρχόμεθα
1726 265 1812 291 τοίνυν

1012 315 1083 342 κατὰ
1099 315 1147 342 δύο
1170 314 1297 350 τρόπους·
1312 313 1329 349 ἢ
1344 312 1398 348 γὰρ
1425 312 1497 347 ἆγιοι
1520 311 1665 346 γεγονότες
1685 311 1762 337 κατὰ
1784 319 1811 344 γε

1012 362 1043 389 τδ
1053 362 1158 398 πρέπον
1171 362 1205 397 τῇ
1216 360 1406 397 ἀνθρωπότητι
1420 359 1530 396 μέτρον,
1543 359 1580 390 ὼς
1594 358 1665 393 ἁγίῳ
1678 357 1742 393 Θεῷ
1753 358 1810 384 κολ-

1012 407 1133 442 λώμεθα·
1149 417 1159 433 ι
1180 406 1272 440 ’Δγιοι
1283 406 1338 440 γὰρ
1349 404 1454 437 ἔσεσθε,
1470 405 1564 439 φησὶν,
1579 404 1621 430 ὃτι
1633 404 1693 438 ἐγὼ
1705 404 1807 438 ἅγιος-ι

1012 454 1097 489 ἦγουν
1111 453 1157 479 ἐπὶ
1177 452 1226 487 τὴν
1242 451 1289 478 τοῦ
1302 451 1409 487 Πατρὸς
1425 450 1528 485 γνῶσιν
1544 450 1593 485 τὴν
1605 450 1645 482 ὡς
1672 451 1705 476 ὲν
1725 450 1811 477 πίστει

1013 499 1061 526 καὶ
1081 498 1183 534 θεωρίᾳ
1197 498 1352 534 βαδίζομεν,
1370 499 1403 533 τῇ
1422 497 1459 529 ὼς
1471 497 1501 523 ὲν
1520 497 1647 532 ἐσόπτρῳ
1664 497 1716 523 καὶ
1731 496 1813 529 αἰνίγ-

1016 554 1092 581 ματι,
1111 544 1183 571 καθὰ
1195 544 1360 580 γέγραπται.
1388 544 1458 570 Ἀλλ’
1475 544 1525 570 οὐκ
1546 545 1579 571 ἄν
1602 552 1646 575 τις
1671 543 1756 578 ἅγιος
1775 543 1812 577 εἴη

1015 591 1091 623 ποτὲ,
1115 591 1162 618 καὶ
1181 590 1225 617 διὰ
1241 590 1378 622 πολιτείας
1395 589 1454 625 ἥξει
1477 589 1530 625 τῆς
1550 590 1611 617 κατ’
1635 590 1755 626 ἀρετὴν,
1780 590 1812 624 μὴ

1014 636 1074 672 οὐχὶ
1090 636 1270 670 πῶηγοῦντος
1282 635 1364 662 αὐτὸν
1379 635 1418 666 εἰς
1431 634 1540 661 ἅπαντα
1551 635 1598 661 τοῦ
1611 634 1749 670 Χριστοῦ,
1764 633 1813 660 οὐδ’

1016 682 1050 708 ἂν
1069 680 1144 716 αὖτῷ
1161 681 1324 708 συνάπτοιτο
1339 680 1378 716 τῷ
1404 679 1465 715 Θεῷ
1486 681 1541 707 -καὶ
1566 680 1668 716 Πατρὶ,
1694 681 1735 715 μὴ
1758 680 1814 715 οὐχὶ

1016 727 1127 758 πάντως
1138 726 1327 762 μεσιτεύοντος
1342 726 1388 752 τοῦ
1401 725 1533 761 Χριστοῦ·
1548 725 1665 761 μεσίτης
1683 725 1743 760 γάρ
1759 725 1812 751 ἐστι

1016 774 1084 801 Θεοῦ
1105 775 1153 802 καὶ
1171 772 1334 809 ἀνθρώπων,
1349 772 1384 800 δι’
1406 771 1515 805 ἑαυτοῦ,
1529 771 1579 798 καὶ
1599 772 1628 798 ὲν
1648 770 1728 806 αὗτῷ
1760 779 1814 796 σνν-

1016 822 1111 848 άπτων
1127 820 1177 856 τὴν
1199 819 1399 856 ἀνθρωπότητα
1415 818 1455 854 τῷ
1469 818 1539 853 Θεῷ.
1571 817 1615 849 Ὡς
1629 817 1678 852 μὲν
1695 816 1753 853 γὰρ
1773 818 1814 843 ὲκ-

1017 867 1149 903 πεφυκὼς
1163 867 1213 902 τῆς
1232 866 1326 897 οὐσίας
1342 864 1389 892 τοῦ
1405 864 1473 892 Θεοῦ
1489 865 1538 891 καὶ
1555 863 1676 899 Πατρὺς,
1732 862 1814 896 Λόγος

169 914 298 936 currunt.
317 908 404 936 Ncmo
421 909 505 944 igitur
528 908 563 936 ad
586 909 694 936 Patrem
712 908 821 942 veniet,
850 909 903 936 hoc
923 913 963 936 est

1058 913 1086 946 ιλ,
1103 913 1151 940 καὶ
1170 912 1354 948 ἀπαύγασμα,
1377 910 1425 938 καὶ
1448 909 1602 946 χαρακτὴρ,
1623 909 1653 936 ἓν
1667 909 1731 935 ἐστι
1751 908 1815 943 πρὸς

169 955 269 983 divina:
283 962 401 982 consors
418 955 463 982 [let
477 959 585 982 natura‘.
596 955 630 988 "°,
648 955 702 983 nisi
716 962 766 990 per
779 954 869 983 solum
885 954 966 981 Chri-

169 1005 255 1029 stum.
270 1001 329 1029 Nisi
344 1002 417 1029 enim
436 1001 526 1029 factus
543 1001 627 1028 homo
643 1000 822 1029 mediatorem
843 1008 873 1029 se
893 1008 962 1036 pra:-

170 1048 288 1081 buisset,
305 1055 448 1083 nunquam
463 1055 496 1076 eo
514 1047 655 1075 fclicitatis
682 1047 804 1083 provecti
821 1054 965 1080 essemus,

171 1095 221 1122 sed
241 1099 268 1122 ct
285 1095 309 1122 si
328 1094 391 1129 quis
416 1094 451 1121 ad
480 1094 590 1121 Patrem
603 1115 611 1127 ,
633 1101 682 1128 per
707 1092 967 1128 contemplationem

172 1140 234 1168 ﬁdei
251 1140 400 1173 videlicet,
422 1145 449 1167 et
468 1139 541 1174 piam
562 1139 748 1174 cognitionem
768 1138 895 1172 venerit,
919 1146 968 1173 per

172 1185 262 1218 ipsum
277 1184 373 1212 itidem
383 1185 556 1212 Servatorem
571 1188 698 1212 nostrum
711 1183 852 1212 Christum
864 1185 968 1211 veniet.

171 1231 251 1264 Quod
265 1231 338 1258 enim
357 1231 439 1258 modo
461 1230 586 1258 dicebam
601 1252 609 1264 ,
636 1234 760 1265 repetam
778 1230 869 1257 denuo
881 1251 889 1262 ,
904 1237 967 1257 cum

171 1277 226 1303 alia
252 1284 307 1304 non
325 1277 362 1305 sit
382 1276 596 1312 philosophandi
613 1276 694 1304 ratio.
713 1276 743 1303 Si
758 1276 821 1311 quis
837 1276 910 1304 enim
925 1275 970 1303 Fi-

171 1321 240 1348 lium
255 1325 286 1348 ut
299 1329 361 1349 vere
375 1320 476 1348 Filium
489 1321 616 1355 suscipit,
634 1321 659 1349 is
675 1321 709 1348 ad
724 1321 908 1357 cognitionem
920 1321 968 1348 Dei

171 1375 204 1394 ac
217 1366 307 1395 Patris
322 1367 460 1395 ascendit.
478 1366 534 1395 Nec
547 1367 621 1395 enim
635 1367 773 1395 exsistere
790 1366 874 1394 Filius
885 1367 967 1395 intel-

171 1412 266 1447 ligitur
276 1433 284 1445 ,
299 1413 353 1440 nisi
371 1413 485 1440 omnino
499 1413 580 1440 simul
598 1413 772 1448 intelligatur
786 1412 810 1440 is
828 1420 843 1440 a
857 1420 913 1447 quo
927 1416 970 1441 est

172 1457 293 1492 genitus.
309 1456 437 1492 Cognitio
454 1458 591 1490 siquidem
607 1457 670 1485 Filii
687 1465 750 1485 cum
764 1457 855 1486 Patris
874 1458 970 1493 cogni-

174 1504 250 1531 tione
260 1503 412 1535 concurrit.
431 1503 519 1531 Patris
529 1511 593 1531 vero
603 1505 724 1540 cognitio
732 1512 795 1532 cum
812 1505 971 1540 cognitione

1015 959 1061 987 τὸν
1074 959 1197 994 Πατέρα,
1214 959 1275 990 ὅλος
1294 957 1334 985 ὢν
1349 958 1378 984 ὲν
1393 956 1493 992 ἐαυτῷ,
1508 956 1557 983 καὶ
1583 955 1654 991 ἔχων
1678 954 1767 981 αὐτὸν
1789 954 1816 981 ἐν

1015 1005 1115 1041 ἐαυτῷ·
1167 1005 1197 1031 δὲ
1215 1003 1328 1038 γέγονεν
1342 1002 1486 1038 ἄνθρωπος
1508 1000 1571 1028 καθ’
1584 1001 1670 1037 ἡμᾶς,
1689 1000 1756 1035 δίχα
1771 999 1816 1034 τῆς

1015 1052 1094 1087 ἡμῶν
1110 1051 1248 1086 ἁμαρτίας
1273 1049 1439 1077 συνάπτεται
1466 1049 1522 1080 τοῖς
1545 1048 1592 1074 ἐπὶ
1620 1047 1674 1082 τῆς
1687 1047 1754 1082 γῆς,
1771 1045 1815 1072 καὶ

1018 1095 1143 1130 μεθόριον
1159 1095 1254 1131 ὥσπερ
1262 1104 1289 1121 τι
1304 1094 1411 1129 γέγονε,
1426 1093 1546 1128 συνέχων
1557 1092 1586 1119 ἐν
1600 1091 1691 1128 ἑαυτῷ
1704 1091 1742 1118 τὰ
1753 1091 1817 1127 πρὸς
1835 1108 1838 1111 ν

1017 1141 1131 1177 ἑνότητα
1164 1140 1212 1168 καὶ
1236 1140 1328 1175 φιλίαν
1360 1140 1610 1176 συνδεδραμηκότα.
1645 1138 1746 1170 Οὐδεὶς
1773 1135 1817 1164 οὖν

1016 1187 1077 1222 ἥξει
1092 1187 1161 1223 πρὸς
1171 1187 1217 1214 τὸν
1233 1186 1354 1222 Πατέρα,
1367 1186 1440 1213 τοῦτ’
1452 1185 1522 1219 ἔστι,
1536 1185 1612 1217 θείας
1622 1183 1818 1218 ἀναδειχθὴσε-

1016 1242 1061 1260 ται
1078 1233 1186 1268 φύσεως
1209 1232 1346 1265 κοινωνὸς,
1362 1234 1387 1259 εἰ
1411 1233 1448 1268 μὴ
1472 1232 1518 1259 διὰ
1531 1231 1651 1268 Χριστοῦ
1673 1231 1769 1266 μόνου.
1788 1229 1818 1256 ΕΙ

1019 1279 1057 1315 μὴ
1077 1278 1132 1314 γὰρ
1146 1278 1308 1314 ἐμεσίτευσε
1325 1279 1473 1314 γενόμενος
1488 1278 1642 1314 ἄνθρωπος,
1663 1277 1716 1304 οὑν
1733 1276 1769 1303 ἂν
1781 1276 1818 1307 είς

1019 1325 1098 1352 τοῦτο
1117 1325 1320 1360 μακαριότητος
1335 1324 1444 1361 προῦϐη
1462 1325 1497 1351 τὰ
1512 1324 1574 1352 καθ’
1585 1324 1671 1359 ἡμᾶς,
1683 1322 1756 1350 ἀλλὰ
1775 1322 1820 1349 καὶ

1021 1369 1100 1402 εἴτις
1113 1370 1147 1397 ῐοι
1161 1370 1230 1406 πρὸς
1242 1370 1288 1397 τὸν
1303 1370 1414 1406 Πατέρα
1425 1369 1470 1397 διὰ
1485 1369 1612 1405 Θεωρίας,
1622 1369 1672 1404 τῆς
1687 1369 1717 1395 ὲν
1731 1367 1820 1394 πίστει

1022 1417 1105 1452 φημὶ,
1121 1416 1167 1443 καὶ
1178 1415 1279 1450 γνώσει
1298 1418 1331 1452 τῇ
1343 1416 1403 1444 κατ’
1417 1415 1570 1447 εὐσέϐειαν,
1585 1415 1618 1442 δι’
1634 1413 1720 1441 αὑτοῦ
1741 1413 1821 1440 πάλιν

1022 1463 1081 1498 ἥξει
1100 1462 1147 1489 τοῦ
1166 1462 1292 1498 Σωτῆρος
1315 1462 1394 1498 ήμῶν
1410 1461 1541 1498 Χριστοῦ.
1559 1461 1649 1497 Ὅπερ
1677 1460 1736 1495 γὰρ
1755 1460 1821 1494 ἔφην

1021 1508 1133 1543 ἀρτίως,
1151 1507 1206 1543 ἐρῶ
1219 1508 1251 1544 δὴ
1265 1508 1356 1542 πάλιν,
1370 1508 1419 1544 οὐχ
1433 1507 1535 1543 ἑτέρως
1549 1507 1657 1543 ἔχοντος
1676 1506 1725 1533 τοῦ
1743 1506 1820 1540 λόγου

174 1549 247 1577 Filii.
279 1550 417 1582 Quocirca
434 1558 498 1578 vere
527 1550 651 1585 loquitur
666 1550 809 1586 Dominus,
835 1552 963 1579 cumait‘

1058 1563 1111 1582 ιον.
1130 1554 1353 1590 Προσδεξάμενος
1364 1555 1418 1591 γάρ
1431 1563 1473 1587 τις
1489 1554 1535 1581 τὺν
1549 1554 1614 1580 Υίὸν
1624 1553 1666 1585 είς
1683 1552 1751 1580 Υῑὺν
1760 1553 1823 1588 αλιι-

177 1595 277 1624 ιΝοιιιο
288 1596 403 1623 venitad
413 1595 530 1628 Patrem,
542 1596 594 1624 nisi
607 1605 654 1632 per
670 1605 741 1629 me,»
758 1598 822 1633 quia
838 1599 972 1627 naturalis

1027 1601 1091 1633 θῶς,
1111 1601 1158 1628 ἐπὶ
1169 1601 1219 1636 τὴν
1239 1600 1286 1628 τοῦ
1300 1601 1369 1628 Θεοῦ
1382 1601 1430 1628 καὶ
1442 1600 1549 1637 Πατρός
1565 1600 1695 1635 ἀφίξεται
1709 1599 1821 1634 γνῶσιν.

173 1649 200 1669 ei
214 1642 405 1670 substantialis
418 1642 508 1678 imago
521 1642 568 1670 Dei
577 1650 609 1670 ac
618 1642 710 1671 Patris
719 1649 761 1672 est
774 1643 901 1678 Filius“,
914 1652 963 1672 non

1058 1648 1088 1675 δὲ
1112 1647 1167 1684 γὰρ
1187 1648 1250 1680 Υἱὸς
1272 1648 1406 1684 ὑπάρχειν
1428 1649 1525 1680 νοοῖτο,
1555 1647 1592 1683 μὴ
1626 1647 1688 1682 οὐχὶ
1714 1647 1822 1678 πάντως

175 1692 265 1716 autem
279 1693 307 1715 ut
323 1689 411 1716 visunt
421 1692 463 1716 est
473 1689 614 1717 nonnullis
626 1689 963 1724 ascititiisdignationibut

1058 1694 1255 1730 νεισδεχθέντος
1268 1694 1343 1730 αὐτῷ
1359 1695 1406 1722 τοῦ
1417 1695 1545 1726 τεκόντος
1553 1694 1644 1722 αὐτόν.
1660 1693 1823 1729 Συνειστρέ-

176 1734 367 1762 conformatus
389 1738 432 1762 cst
455 1734 489 1761 ad
513 1741 576 1761 eum
591 1755 598 1768 ,
624 1742 687 1761 cum
705 1736 807 1771 aliquid
831 1736 907 1763 aliud
935 1736 963 1764 al

1058 1750 1062 1767 ι
1086 1741 1141 1776 γὰρ
1160 1740 1218 1776 Υὶῷ
1242 1741 1291 1776 μὲν
1305 1742 1322 1776 ἡ
1339 1741 1404 1776 περὶ
1425 1740 1533 1776 Πατρὸς
1558 1740 1673 1774 γνῶσις,
1691 1740 1782 1776 Πατρὶ
1796 1739 1823 1766 δὲ

174 1788 208 1807 eo
222 1781 373 1808 secundum
388 1779 573 1808 substantiam
586 1780 758 1816 intelligatur
777 1785 805 1808 et
820 1781 867 1809 sit.

1073 1785 1155 1812 πάλιν
1172 1787 1189 1820 ἡ
1203 1786 1269 1821 περὶ
1292 1785 1372 1813 Υίοῦ.
1393 1785 1499 1812 οὐκοῦν
1518 1784 1623 1821 ἀληθὴς
1635 1785 1649 1811 ό
1663 1783 1770 1820 Κύριος
1783 1784 1824 1810 λέ-

176 1833 242 1861 γων⁸
267 1835 276 1850 ι
297 1825 392 1857 οὖδεὶς
413 1824 523 1860 ἔρχεται
543 1825 612 1859 πρὸς
637 1825 683 1852 τὸν
705 1826 825 1861 Πατέρα,
854 1827 879 1852 εἰ
900 1826 939 1861 μὴ
964 1827 997 1855 δι’
1015 1829 1094 1864 ἐμοῦ,
1117 1839 1125 1855 ι
1147 1830 1189 1857 δτι
1203 1830 1306 1867 φυσικὴ
1336 1831 1384 1858 καὶ
1405 1830 1538 1866 οὺσιώδης
1570 1829 1652 1857 εἰκὼν
1684 1829 1735 1856 τοῦ
1755 1828 1821 1855 Θεοῦ

177 1871 225 1896 καὶ
248 1869 355 1904 Πατρός
383 1870 456 1896 ὲστιν
480 1870 494 1895 ὁ
520 1869 601 1901 Υἱὸς.
626 1869 674 1896 καὶ
701 1870 731 1896 οὐ
753 1870 880 1906 καθάπερ
905 1871 979 1906 ἔδοξέ
996 1882 1077 1907 τισιν,
1102 1875 1231 1907 ἐπακτοῖς
1257 1875 1395 1912 ἀξιώμασι
1418 1877 1599 1912 μεμόρφωται
1624 1875 1693 1912 πρὸς
1727 1873 1820 1902 αὑτὸν.

177 1915 271 1951 ἕτερόν
289 1923 315 1941 τι
337 1914 398 1941 κατ’
431 1914 525 1941 οὐσίαν
547 1914 689 1950 ὑπάρχων,
715 1915 763 1942 καὶ
790 1916 946 1952 νοούμενος.

214 1961 286 1989 XIV.
307 1962 333 1989 7.
355 1961 385 1990 Si
410 1963 601 1998 cognovisse“:
620 1971 660 1990 nte
676 1984 684 1996 ,
702 1968 727 1991 et
751 1963 863 1993 Patrem
885 1973 972 1993 meum

177 2009 268 2044 utique
284 2009 484 2044 cognovissetis.

215 2055 394 2083 Existimabit
414 2055 509 2084 forsan
530 2056 633 2092 aliquis
654 2056 744 2092 ipsum
764 2062 860 2085 contra
878 2065 908 2086 se
926 2058 973 2086 Fi-

180 2102 246 2129 lium
262 2101 410 2129 disserere.
433 2101 488 2129 Sed
507 2109 564 2129 non
585 2103 622 2129 ita
641 2110 685 2130 res
704 2107 756 2131 est.
769 2102 825 2131 Nec
839 2105 912 2132 enim
927 2112 976 2132 va-

178 2156 244 2175 num
272 2147 376 2183 aliquid
396 2152 445 2175 aut
463 2155 700 2182 supervacaneum
720 2157 844 2185 unquam
872 2154 970 2185 protu-

1056 1967 1091 1993 Εὶ
1102 1967 1258 2002 ἐγνώκειτέ
1266 1976 1315 2003 με,
1327 1967 1378 1995 καὶ
1386 1967 1440 1995 τὸν
1447 1967 1564 2002 Πατέρα
1576 1975 1636 2003 μου
1659 1967 1699 1994 ἂν
1713 1968 1823 2003 ᾔδειτε.

1060 2056 1146 2084 ac.th
1173 2057 1208 2094 δὴ
1224 2058 1285 2086 καθ’
1306 2058 1405 2086 ἑαυτοῦ
1422 2058 1490 2094 φαίη
1506 2066 1549 2090 τις
1565 2057 1598 2085 ἂν
1616 2057 1683 2089 ἴσως
1706 2058 1756 2085 καὶ
1769 2059 1826 2094 οἰη-

1026 2102 1086 2139 θείη
1100 2103 1180 2139 τυχὸν
1195 2103 1367 2139 διαλέγεσθαι
1392 2104 1438 2132 τὸν
1450 2103 1527 2130 Υίόν.
1541 2104 1618 2138 Ἔχει
1629 2103 1658 2129 δὲ
1667 2103 1718 2139 οὐχ
1728 2103 1824 2136 οὕτως.

1029 2149 1067 2175 Οὺ
1090 2150 1145 2185 γὰρ
1170 2150 1203 2177 ἄν
1228 2159 1255 2177 τι
1277 2150 1332 2177 τῶν
1359 2151 1470 2177 είκαίων
1495 2149 1644 2185 ἐφθέγξατο
1664 2150 1714 2177 καὶ
1732 2159 1826 2186 περιτ-

178 2195 257 2225 .erit,
276 2193 390 2221 tametsi
409 2200 443 2222 ex
461 2201 495 2221 eo
512 2194 586 2228 quod
610 2202 665 2221 non
690 2194 838 2223 admodum
864 2197 958 2231 possin

1058 2196 1093 2229 ὃν,
1109 2197 1134 2223 εἰ
1149 2197 1196 2224 καὶ
1215 2197 1255 2224 ὅτι
1280 2197 1398 2232 μάλιστα
1416 2197 1461 2224 διὰ
1473 2197 1503 2224 τὸ
1522 2196 1559 2233 μὴ
1577 2197 1681 2232 σφόδρα
1693 2196 1825 2224 δύνασθαί

177 2239 304 2267 nonnulli
321 2248 384 2275 quae
403 2239 535 2267 dicuntur
556 2241 690 2276 assequi,
709 2241 861 2271 utilissime
880 2251 972 2278 quan-

177 2286 268 2320 doque
289 2286 399 2322 repetit.
421 2285 455 2313 Et
475 2285 587 2321 quidem
606 2294 662 2314 non
684 2294 781 2322 parum
801 2296 851 2317 nos
867 2289 913 2317 hic
927 2290 974 2324 ju-

177 2335 242 2364 vat,
261 2331 326 2359 dum
344 2332 401 2360 haec
419 2332 559 2367 prioribus
576 2332 713 2368 adjungit.
733 2332 802 2361 Nam
819 2335 885 2369 quia
899 2335 974 2363 Tho-

178 2383 239 2404 mas
269 2377 469 2404 sciscitabatur
501 2384 623 2412 quonam
648 2379 778 2408 abiturus
801 2385 895 2414 esset,
925 2386 974 2409 aut

177 2422 318 2458 quomodo
338 2423 478 2458 cognituri
494 2427 590 2452 essent
608 2425 698 2459 viam,
720 2426 883 2461 ignorantes
902 2435 974 2463 quo-

179 2475 243 2494 nam
272 2473 347 2496 esset
371 2469 516 2502 abiturus,
543 2472 704 2500 necessario
727 2473 872 2508 subjecit:
891 2484 901 2501 ι
918 2474 974 2509 Ego

179 2521 240 2541 sum
262 2514 326 2546 via,
346 2517 374 2542 et
390 2515 465 2548 vita,
488 2521 516 2543 et
532 2517 647 2546 veritas.
664 2528 674 2545 ι
690 2519 742 2547 Et:
760 2529 770 2546 ‹
791 2520 879 2549 Nemo
899 2522 976 2549 venit

180 2559 214 2587 ad
233 2559 357 2593 Patrem,
376 2560 458 2596 77o
474 2562 526 2590 nisi
547 2570 596 2598 per
614 2571 677 2598 me;
692 2575 700 2590 ι
715 2565 782 2593 hinc
802 2567 970 2601 Ostendens,

180 2604 203 2631 si
220 2604 285 2639 quis
303 2605 368 2632 velit
387 2613 470 2633 nosse
483 2607 555 2634 viam
576 2615 624 2643 per
643 2617 727 2645 quam
754 2616 799 2639 eat
825 2611 860 2639 ad
885 2612 970 2639 vitam

181 2653 312 2677 :etcrnam
324 2669 332 2681 ,
345 2650 451 2678 Christi
464 2653 652 2687 cognitionem
675 2656 700 2683 ei
716 2657 880 2691 cumprimis
895 2657 972 2685 cordi

182 2702 243 2722 esse
267 2695 379 2723 debere.
406 2696 460 2724 Sed
483 2699 548 2733 quia
575 2702 702 2729 nonnulli
717 2701 863 2730 Judaicum
881 2704 975 2738 potius

182 2747 267 2774 quam
282 2742 475 2776 evangelicum
497 2751 645 2781 sequentes
668 2747 828 2776 institutum
843 2749 896 2776 sibi
914 2757 976 2784 pcr-

184 2786 296 2813 suasuri
314 2791 393 2814 erant
406 2788 530 2818 sullicere
544 2791 578 2819 ad
595 2796 702 2820 rectam
715 2793 796 2821 ﬁdem
811 2801 896 2821 unum
913 2794 976 2821 uni-

220 2843 263 2870 "!
280 2844 344 2872 Cor.
361 2854 408 2872 ml
421 2867 428 2877 ,
449 2848 492 2875 12,

229 2851 263 2891 :1
280 2851 408 2891 (ξριιζξιιι
421 2867 428 2877 ,
449 2851 510 2891 12..
533 2851 554 2866 δε
572 2851 591 2879 Il
608 2852 679 2880 Tim.
697 2860 716 2880 ῐΙ
729 2873 736 2886 ,
756 2852 782 2880 5-

186 2885 204 2910 1,
225 2879 249 2906 4.
290 2881 310 2895 ⁷¹
330 2879 349 2907 ll
368 2882 429 2910 Cur.
448 2892 483 2917 iv,
503 2885 523 2912 ἰ.

811 2853 832 2868 ⁸⁷
854 2852 937 2880 llcbr.
956 2860 981 2885 ι,
996 2852 1022 2880 3.
1062 2853 1084 2868 "'
1098 2852 1175 2880 Juan.
1199 2861 1253 2887 λιν,
1274 2852 1317 2880 ‘ll.

1028 2251 1103 2275 τινας
1131 2244 1188 2275 τοῖς
1208 2243 1367 2278 λεγομένοις
1402 2243 1572 2275 ἀκολουθεῖν,
1606 2243 1824 2278 χρησιμωτάτην

1026 2287 1083 2314 ἐσθ’
1097 2288 1142 2315 ὅτε
1171 2289 1288 2315 ποιεῖται
1317 2287 1367 2323 τὴν
1394 2287 1577 2323 ὲπανάληψιν.
1598 2288 1672 2323 Πλὴν
1689 2287 1718 2315 ἐν
1733 2296 1766 2322 γε
1786 2287 1824 2322 τῷ

1027 2333 1141 2369 πάροντι
1156 2333 1223 2360 πολὺ
1239 2333 1271 2368 δὴ
1284 2333 1344 2360 λίαν
1352 2332 1471 2369 ὀνίνησιν
1485 2333 1570 2369 ἡμᾶς,
1580 2332 1661 2360 ταυτὶ⁴
1674 2334 1733 2364 τοῖς
1754 2332 1824 2368 πρὼ-

1026 2388 1084 2411 τοις
1097 2378 1299 2415 προσενεγκὼν.
1319 2379 1429 2414 Ἐπειδὴ
1453 2379 1507 2414 γὰρ
1524 2378 1721 2406 διεπυνθάνετο
1736 2380 1751 2406 ὁ
1766 2379 1825 2405 Θω-

1029 2426 1092 2460 μᾶς,
1113 2425 1168 2452 Ποῦ
1192 2425 1247 2460 γὰρ
1266 2425 1417 2461 ἀπελεύσῃ,
1450 2424 1549 2459 λέγων,
1578 2425 1594 2460 ἢ
1618 2424 1679 2456 πῶς
1696 2424 1731 2452 ἂν
1744 2425 1825 2460 ἡμεῖς

1027 2470 1165 2506 εἰδείημεν
1182 2470 1232 2507 τὴν
1248 2470 1318 2503 ὁδὸν,
1335 2469 1366 2497 τδ
1375 2470 1436 2496 ὅποι
1451 2469 1516 2496 ποτὲ
1531 2469 1610 2506 βαδιῇ
1627 2470 1665 2506 μὴ
1680 2469 1826 2504 γινώσκον-

1027 2525 1084 2550 τες,
1100 2517 1258 2551 ἀναγκαίως
1285 2515 1405 2551 ἔφασκεν
1418 2523 1425 2531 ·
1446 2525 1455 2542 ι
1475 2515 1547 2549 Ἐγώ
1574 2516 1633 2551 ειμι
1652 2516 1670 2551 ἡ
1686 2515 1758 2548 ὁδὸς,
1779 2515 1825 2542 καὶ

1027 2563 1045 2598 ἡ
1057 2562 1125 2598 ζωὴ,
1152 2562 1200 2589 καὶ
1228 2563 1245 2598 ἡ
1269 2561 1394 2598 ἀλήθεια,
1410 2570 1419 2587 ι
1447 2561 1496 2588 καὶ
1515 2562 1556 2588 ὅτι
1575 2571 1584 2588 ι
1603 2562 1699 2594 οὐδεὶς
1714 2561 1823 2597 ἔρχεται

1024 2609 1092 2645 πρὸς
1108 2608 1153 2636 τὸν
1170 2608 1290 2643 Πατέρα,
1300 2608 1324 2634 εἰ
1339 2608 1375 2644 μὴ
1391 2607 1424 2634 δι’
1435 2606 1514 2643 ἐμοῦ
1527 2617 1536 2633 ι
1559 2607 1667 2639 δεικνὺς
1678 2607 1820 2639 ἐντεῦθεν,

1026 2655 1064 2687 ὡς
1081 2655 1160 2690 εἴπερ
1176 2663 1218 2689 τις
1231 2654 1353 2690 βούλοιτο
1366 2654 1416 2691 τὴν
1437 2654 1497 2682 όδδν
1520 2653 1632 2685 εἰδέναι,
1649 2654 1682 2680 δι’
1697 2651 1732 2690 ἧς
1750 2654 1784 2681 ἂν
1798 2655 1823 2690 τῃ

1027 2701 1096 2736 πρὸς
1112 2700 1184 2736 ζωὴν
1197 2701 1245 2736 τὴν
1260 2700 1380 2734 αἰώνιον,
1405 2700 1590 2736 φιλονεικήσει
1609 2700 1642 2736 δὴ
1658 2700 1772 2732 πάντως
1787 2701 1824 2727 εἱ-

1029 2747 1103 2774 δέναι
1122 2747 1249 2782 Χριστόν.
1266 2747 1377 2783 Ἐπειδὴ
1389 2747 1417 2774 δὲ
1438 2745 1472 2782 ἦν
1489 2755 1565 2778 τινας
1578 2745 1654 2778 εἰκὸς
1676 2746 1824 2780 Ἰουδαῖκήν

1030 2802 1091 2821 τινα
1108 2793 1220 2829 μᾶλλον,
1231 2794 1315 2829 ἤγουν
1330 2793 1512 2828 εὺαγγελικὴν
1525 2791 1740 2828 ἐπιτηδεύοντας
1763 2791 1824 2819 παί-

1355 2853 1376 2867 ιιι
1390 2851 1506 2888 Philipp.
1521 2858 1559 2884 ιι,
1577 2851 1602 2879 7.
1655 2850 1678 2866 το
1706 2849 1729 2877 ιι
1750 2849 1822 2888 Patr.
