1896 3034
54 137 102 165 193

591 135 622 163 IN
635 126 779 164 ioA’NNts
792 134 1015 164 EVANGELIUM
1034 136 1099 165 Lm.
1122 137 1167 166 Ix.

1636 135 1687 164 196

52 195 145 227 δευσιν,
158 193 285 230 ἐξαρκεῖν
300 194 404 222 οἴεσθαι
419 194 488 230 πρὸς
501 194 531 221 τδ
543 194 682 222 πιστεύειν
694 194 782 230 ὀρθῶς
794 194 843 229 τὴν

900 195 969 224 versi
994 195 1078 224 Deum
1102 195 1244 229 conﬁteri,
1264 202 1384 231 eumque
1405 202 1572 231 agnoscere.
1596 201 1687 228 neque

52 242 88 272 ei;
102 240 149 267 ἕνα
164 240 219 267 τῶν
236 241 305 268 ὅλων
321 241 387 268 θεὸν
409 241 556 276 ὁμολογίαν
567 249 597 267 τε
617 241 665 268 καὶ
681 241 793 275 γνῶσιν,
808 240 845 276 μὴ

55 287 102 322 μὴν
113 287 272 322 ἐπείγεσθαι
290 287 386 323 μαθεῖν
408 287 454 314 τὸν
471 288 535 324 περὶ
551 288 602 323 τῆς
617 288 698 323 ἁγίας
716 288 763 315 καὶ
779 288 845 323 ὁμο-

54 334 139 360 ουσίου
168 334 286 369 Τριάδος
301 334 390 368 λόγον,
412 334 572 368 ἀναγκαίως
587 334 730 362 ἀποκλείει
743 334 844 370 τρόπον

55 380 110 407 τινὰ
129 378 247 415 Χριστὸς
274 379 387 411 καὶτοῖς
411 379 482 407 οὓτω
496 379 638 413 δοξάζουσι
647 381 695 417 τὴν
710 381 776 417 περὶ
793 380 840 408 τοῦ

55 426 116 453 Θεοῦ
133 426 244 461 γνῶσιν,
265 426 340 462 εἰμὴ
355 427 402 453 καὶ¹
425 427 507 454 αὑτὸν
529 427 666 463 βούλοιντο
691 428 843 463 παραδέχε-

55 471 124 499 σθαι,
139 472 188 499 Διὰ
228 471 282 508 γὰρ
302 472 367 499 Υίοῦ
386 473 528 509 προσιτέον
548 473 588 509 τῷ
604 474 664 510 Θεῷ
677 474 725 501 καὶ
745 474 841 510 Πατρι.

61 519 206 553 ’Δναλόγως
218 519 274 554 γὰρ
300 521 333 554 τῇ
359 519 407 546 τοῦ
427 520 598 555 γεννήματος
613 520 725 556 θεωρίᾳ,
738 520 785 547 καὶ
799 520 843 546 ἐπ’

55 565 129 592 αὑτὸν
142 564 244 600 ἥξομεν
255 565 300 592 τὸν
314 565 477 601 Γεννήτορα.
487 567 525 592 Od
537 566 591 602 γὰρ
607 566 692 599 ἔστιν,
702 567 753 594 οὐκ
769 567 843 593 ἐστιν

55 611 223 647 ἀμφιϐαλεῖν,
248 612 290 639 ὅτι
317 612 363 639 τὸν
381 612 444 639 Υίόν
478 621 520 645 τις
535 613 685 647 ὑφεστάναι
703 614 840 642 πιστεύων

55 657 133 688 οὕτως
145 657 182 689 ὡς
194 656 271 689 Υίδν,
286 656 332 684 τὸν
360 657 392 683 ὲκ
413 657 462 692 τῆς
487 657 580 689 οὐσίας
595 657 667 692 φημὶ
682 657 729 684 τοῦ
745 659 842 694 γεννήο

56 711 153 735 σαντος,
171 703 275 730 εἴσεται
291 703 322 739 δὴ
348 703 457 735 πάντως
478 703 526 730 καὶ
543 703 588 730 τὸν
615 703 735 739 Πατέρα.
762 704 841 731 Κατὰ

57 749 100 784 μὲν
120 746 165 776 οὖν
185 748 237 784 τὴν
260 749 450 784 ἁπλουστέραν
475 749 523 776 καὶ
541 749 708 785 ἀπερίεργον
728 750 840 784 γνῶσιν,

55 794 133 826 οὕτως
147 794 179 821 ἀν
195 803 239 826 τις
252 794 359 830 οἰηθείη
375 794 457 830 τυχὸν
471 794 603 830 λαλῆσαι·
619 796 643 822 εί
655 796 683 822 δέ
700 805 739 831 τῳ
749 796 841 831 δοκοίη

895 248 980 275 porro
992 241 1027 269 de
1050 246 1149 269 sancta
1177 245 1205 269 et
1232 241 1469 270 consubstantiali
1486 241 1625 269 Trinitate
1638 242 1688 268 do-

893 287 1012 314 ctrinam
1026 295 1088 315 esse
1103 287 1274 321 curandam,
1298 288 1459 316 necessario
1481 286 1687 322 quodammodo

893 333 1025 362 Christus
1038 334 1121 361 etiam
1139 334 1183 362 his
1200 334 1246 369 qui
1266 334 1308 362 sic
1327 335 1466 362 sentirent
1486 333 1534 362 Dei
1549 334 1686 370 cognitio-

895 387 958 407 nem
974 380 1155 412 intercludit,
1171 380 1225 409 nisi
1243 384 1271 408 et
1295 388 1327 408 se
1349 380 1493 415 suscipere
1513 380 1611 408 velim.
1633 378 1687 406 Per

893 425 992 453 Filitun
1004 426 1107 462 quippe
1122 426 1156 453 ad
1169 425 1255 454 Deum
1269 431 1296 454 et
1306 427 1415 455 Patrem
1428 431 1471 454 est
1486 425 1685 454 accedendum.

892 471 954 499 Filii
979 479 1101 507 namque
1113 472 1272 508 cognitione
1290 477 1318 500 et
1340 472 1575 507 contemplatione
1599 471 1685 499 etiam

892 517 926 544 ad
950 517 1040 552 ipsum
1067 517 1176 545 Patrem
1201 518 1286 545 simili
1315 517 1425 546 ratione
1449 517 1603 545 veniemus.
1628 516 1686 544 Nec

892 564 967 592 enim
985 563 1109 599 profecto
1127 563 1310 592 dubitandum
1332 568 1390 596 est,
1408 563 1568 599 quicunque
1584 561 1686 589 Filium

898 611 1054 638 subsistere
1078 610 1186 644 credit,
1210 615 1240 638 ut
1263 618 1328 638 vere
1350 609 1470 642 Filium,
1493 618 1526 638 es
1550 609 1686 645 genitoris

894 665 992 693 nempe
1007 657 1163 685 substantia
1174 677 1182 689 ,
1198 657 1312 685 omnino
1329 658 1506 692 cogniturum
1522 660 1549 684 et
1563 657 1685 683 Patrem.

895 702 927 730 Et
942 704 999 731 hac
1016 703 1128 738 quidem
1143 703 1177 730 de
1193 703 1355 738 simpliciori
1374 711 1424 731 nec
1438 702 1575 738 exquisita
1588 704 1687 738 cogni—

892 751 967 778 tione
980 750 1087 778 dictum
1101 757 1183 786 putes
1197 760 1203 778 :
1220 750 1293 785 quod
1309 751 1332 779 si
1346 751 1409 786 quis
1426 750 1556 778 subtilem
1572 757 1685 778 sensum

895 795 1049 830 inquirere,
1068 800 1096 822 et
1113 803 1158 823 res
1176 795 1252 831 ipsas
1270 796 1390 830 penitius
1405 796 1527 823 scrutari
1544 795 1624 828 velit,
1641 795 1688 822 Fi-

55 841 96 867 καὶ
105 841 147 868 διὰ
157 841 266 868 λεπτῶν
276 840 407 877 ἔρχεσθαι
421 842 576 878 νοημάτων,
587 841 625 874 ὡς
641 843 688 869 καὶ
702 843 745 869 ἐπ’
756 843 842 878 αὐτὴν

905 842 961 868 ium
977 849 1041 869 vere
1057 841 1131 877 loqui
1148 849 1248 870 rursus
1260 842 1424 877 comperiet.
1451 841 1556 868 Natura
1584 841 1686 876 quippe

56 887 104 914 τῶν
120 889 290 924 πραγμάτων
321 888 418 915 ἐλάσαι
445 888 497 925 τὴν
526 887 653 923 βάσανον,
677 888 844 924 ἀληθεύοντα

58 933 129 960 πάλιν
158 933 273 969 εὑρήσει
301 933 348 960 τόν
373 933 448 962 Υίόν.
471 933 580 968 Διανοίᾳ
602 933 651 968 μὲν
672 932 726 969 γὰρ
749 932 842 969 ἁπάσῃ

57 979 186 1012 παντελῶς
212 980 354 1016 ἀχώρητος
375 981 389 1016 ἡ
413 974 474 1006 θεία
503 979 585 1014 φύσις
599 980 669 1011 εστὶ,
681 980 728 1007 καὶ
741 980 767 1006 τί
782 980 842 1007 κατ’

56 1026 140 1053 οὐσίαν
156 1027 170 1053 ό
180 1025 239 1053 τῶν
253 1026 323 1053 ὅλων
348 1026 542 1062 Γενεσιουργὸς
568 1025 671 1062 τολμᾷν
681 1026 749 1058 ὅλως
766 1035 844 1062 περι-

57 1071 224 1106 εργάζεσθαι,
253 1071 468 1107 φρενοϐλαϐείας
489 1071 600 1107 ἀπάσης
615 1071 753 1105 ἀπόδειξιν
775 1071 842 1107 ἔχει.

57 1117 121 1153 Πλὴν
141 1117 200 1144 ἐστι
222 1125 282 1149 πως
297 1118 373 1153 ἡμᾶς
398 1125 469 1150 τινα,
492 1117 530 1150 ὡς
547 1118 576 1143 ὲν
594 1118 682 1150 σκιαῖς
713 1117 760 1144 καὶ
773 1118 842 1145 αἰνί-

57 1172 161 1198 γμασιν,
174 1163 351 1200 ἐρανίζεσθαι
379 1164 492 1198 γνῶσιν,
518 1165 672 1199 κάτοπτρον
699 1164 794 1200 ὥσπερ
815 1173 842 1191 τι

55 1209 248 1245 παρατιθέντας
271 1208 310 1244 τῷ
335 1209 376 1236 νοῒ
393 1209 447 1236 τῶν
462 1210 577 1237 ἐνόντων
596 1209 842 1246 πλεονεκτημάτων

55 1256 84 1290 τῇ
93 1255 136 1282 τοῦ
151 1255 219 1283 Υἱοῦ
232 1255 313 1290 φύσει
337 1255 383 1282 τὸν
401 1256 562 1290 κατάλογον.
583 1256 628 1288 Ἐξ
642 1252 679 1283 ὧν
687 1256 742 1291 γάρ
767 1257 842 1283 ἐστιν

56 1300 138 1333 αὐτὸς,
153 1302 201 1329 καὶ
213 1301 244 1334 ἐξ
260 1299 298 1329 ὧν
316 1300 444 1338 εἴργασαι
459 1301 516 1338 [γρ.
532 1301 688 1338 εἴργασται]
698 1302 842 1338 γενόμενος

55 1347 202 1383 ἄνθρωπος,
231 1348 280 1374 καὶ
299 1348 352 1383 πρὸ
365 1348 417 1384 τῆς
437 1348 683 1384 ἐνανθρωπήσεως,
703 1349 841 1383 ἀναλόγως

56 1394 84 1420 ἄν
95 1403 132 1426 τις
144 1395 190 1421 ἐπὶ
202 1394 255 1431 τὴν
269 1393 316 1421 τοῦ
328 1394 454 1426 τεκόντος
472 1394 552 1421 αὐτὸν
568 1394 686 1430 θεωρίαν
699 1395 772 1422 ἀνίοι
787 1395 842 1421 λοι-

56 1439 111 1466 πόν.
120 1440 252 1476 Ὀραγάρ
269 1447 314 1475 μοι
324 1439 373 1475 τὴν
385 1439 499 1467 ἐνοῦσαν
512 1439 587 1474 αὐτῷ
600 1439 678 1471 δόξαν
691 1448 722 1466 τε
737 1439 785 1466 καὶ
797 1439 842 1467 δύ-

56 1494 139 1521 ναμιν·
151 1485 235 1521 βλέπε
242 1485 293 1521 τὴν
308 1485 350 1519 ἐφ’
359 1484 462 1512 ἅπασιν
473 1485 696 1520 ἀπαραπόδιστον
705 1485 839 1518 ἐξουσίαν.

894 887 986 914 divina
1001 888 1103 916 nullius
1117 888 1229 924 ingenio
1241 895 1358 923 prorsus
1371 887 1565 923 comprehendi
1579 891 1686 922 potest,

893 937 920 961 et
935 934 1002 968 quill
1017 934 1171 961 secundum
1190 934 1381 962 substantiam
1398 935 1434 962 sit
1450 941 1542 962 rerum
1561 934 1686 962 omnium

893 984 991 1008 auctor
1006 981 1127 1008 scrutari
1141 981 1222 1015 plane
1237 981 1356 1014 audere,
1370 985 1502 1009 extremm
1517 981 1629 1015 signum
1644 985 1687 1008 est

893 1026 1049 1054 dementiae.
1060 1026 1255 1054 Verumtamen
1266 1027 1452 1062 cognitionem
1465 1027 1614 1062 quamdam
1625 1030 1687 1054 tan-

893 1079 974 1106 quam
990 1073 1017 1099 in
1036 1072 1142 1100 umbris
1165 1076 1192 1100 et
1215 1073 1373 1108 aenigmatis
1391 1081 1558 1108 comparare
1583 1081 1687 1109 possu—

893 1125 973 1151 mus,
991 1118 1135 1153 speculum
1151 1118 1237 1146 veluti
1256 1119 1396 1154 quoddam
1414 1120 1500 1147 menti
1515 1123 1686 1154 opponentes

892 1171 939 1191 eas
955 1171 1016 1199 quae
1032 1163 1095 1191 Filii
1113 1168 1221 1192 uatum
1239 1165 1353 1199 insunt,
1371 1166 1579 1201 praerogativas.
1597 1165 1637 1192 Ex
1652 1173 1687 1193 eo

893 1210 967 1238 enim
994 1210 1070 1246 quod
1096 1215 1139 1239 est
1164 1211 1240 1246 ipse,
1258 1215 1286 1239 et
1299 1219 1332 1238 ex
1351 1211 1387 1240 iis
1403 1219 1465 1247 quae
1483 1212 1542 1246 ipse
1555 1216 1686 1247 operatus

892 1260 954 1288 est,
969 1261 1114 1292 postquam
1130 1256 1221 1284 factus
1236 1257 1319 1285 homo
1334 1262 1395 1289 est,
1419 1263 1447 1286 et
1468 1263 1534 1285 ante
1555 1258 1687 1285 incarna-

893 1302 996 1330 tionent
1007 1323 1014 1336 ,
1028 1303 1061 1330 ad
1075 1302 1204 1330 notitiam
1215 1308 1242 1329 et
1252 1303 1514 1338 contemplationem
1537 1303 1628 1331 Patris
1645 1304 1685 1331 si-

892 1348 950 1376 mili
980 1349 1087 1376 ratione
1111 1350 1221 1377 demuln
1247 1349 1394 1378 ascendes.
1420 1348 1490 1377 Vide
1514 1349 1590 1377 enim
1606 1349 1684 1382 mihi,

893 1402 1005 1429 quaeso,
1023 1395 1139 1430 gloriam
1156 1396 1217 1431 ejus
1233 1404 1265 1424 ac
1285 1397 1412 1424 virtutem
1428 1405 1435 1422 :
1452 1396 1514 1423 vide
1529 1403 1686 1431 supremam

892 1440 920 1468 in
938 1441 1066 1468 omnibus
1084 1441 1167 1469 rebus
1186 1446 1363 1476 potestatem.
1388 1441 1459 1474 Quid
1475 1441 1560 1474 enim,
1587 1440 1686 1468 amabo

893 1491 940 1520 te,
967 1491 1024 1514 tam
1050 1495 1135 1522 supra
1163 1488 1319 1516 orationem
1343 1495 1453 1516 omnem
1479 1491 1521 1515 est
1546 1487 1685 1522 positum.

58 1531 86 1558 Τί
99 1532 162 1568 γὰρ,
176 1532 240 1559 εἰπέ
256 1540 312 1567 μοι,
326 1532 375 1558 καὶ
388 1531 442 1558 τῶν
454 1531 524 1567 ὑπὲρ
535 1531 614 1566 λόγον
628 1532 841 1568 οὐκὶλευθέροις

900 1533 967 1569 ιιιοά
992 1534 1080 1562 libero
1102 1538 1170 1561 nutu
1196 1534 1300 1562 fecisse
1325 1542 1379 1562 non
1400 1538 1546 1566 cernatur,
1573 1537 1601 1561 et
1622 1537 1687 1560 ante

58 1577 164 1613 νεύμασι
186 1577 366 1613 κατορθώσας
385 1578 495 1614 ὁρᾶται,
522 1578 569 1605 καὶ
592 1577 645 1614 πρὸ
665 1578 776 1614 σαρκὸς,
793 1578 841 1606 καὶ

61 1623 122 1658 μετά
152 1624 274 1660 σαρκός;
307 1624 376 1650 Ἀλλ’
396 1625 411 1650 ὁ
433 1624 561 1655 τοσοῦτος
587 1624 655 1659 ἡμῖν
689 1623 723 1650 δι’
753 1624 843 1650 αὐτῶν

59 1669 142 1704 ὀφθεὶς
167 1669 352 1706 πραγμάτων,
372 1678 382 1695 ι
403 1669 483 1704 Ἐγὼ,
499 1669 577 1705 φησὶ,
606 1669 654 1696 καὶ
668 1670 682 1696 ὸ
705 1669 799 1706 Πατὴρ
814 1669 843 1697 ἓν

57 1716 146 1751 ἐσμεν·
161 1717 176 1744 ό
186 1716 321 1752 ἑωρακὼς
337 1716 399 1752 ἐμὲ,
415 1716 523 1752 ἑώρακε
535 1716 581 1743 τὸν
596 1716 717 1752 Πατέρα.
732 1725 741 1742 ι
761 1716 842 1743 ’ἰτέον

59 1761 99 1790 οὖν
106 1762 158 1799 ἄρα
173 1763 247 1791 κατὰ
261 1763 311 1799 τὴν
329 1763 377 1790 τοῦ
397 1763 580 1799 προκειμένου
598 1763 713 1798 δύναμιν
729 1762 783 1790 ἀπὸ
794 1762 844 1798 τῆς

59 1809 152 1841 είκόνος
165 1809 212 1836 ἐπὶ
237 1808 269 1836 τὸ
294 1809 460 1845 ἀρχέτυπον,
474 1808 523 1835 καὶ
536 1808 590 1835 ἀπὸ
604 1807 652 1835 τοῦ
668 1808 844 1844 χαρακτῆρος

60 1854 98 1880 ἐπ’
110 1855 211 1882 ἐκεῖνον
220 1855 255 1890 δὴ
265 1854 374 1886 πάντως
386 1851 417 1881 οὗ
431 1855 480 1881 καὶ
494 1854 552 1881 ἐστι
570 1854 724 1890 χαρακτὴρ,
741 1854 789 1881 καὶ
799 1854 842 1887 οὐ,

60 1902 122 1929 κατά
131 1910 205 1934 τινας
223 1901 280 1928 τῶν
294 1901 457 1937 ἑτεροδοξεῖν
482 1900 629 1934 εἰωθότων,
649 1901 778 1932 ἐπακτοῖς
787 1909 842 1927 τισι

59 1946 163 1979 καὶτοῖς
174 1946 278 1979 ἔξωθεν
295 1945 435 1981 ἀξιώμασι
456 1945 673 1982 σχηματίζεσθαί
693 1954 784 1980 φαμεν
797 1945 843 1972 τὸν

60 1992 115 2020 Υἰὸν
124 1993 190 2030 πρὸς
199 1994 249 2021 τὸν
262 1993 383 2029 Πατέρα,
400 1993 471 2026 οὐδὲ,
486 1993 614 2028 καθάπερ
625 1993 682 2024 τοῖς
698 1991 844 2028 πλανωμέμ

59 2048 108 2072 νοις
123 2040 204 2073 δοκεῖ,
219 2039 304 2067 εἰκὼν
318 2038 388 2066 εἶναι
400 2039 509 2074 λέγεται
518 2039 566 2066 τοῦ
577 2038 644 2065 Θεοῦ
662 2038 710 2065 καὶ
724 2038 842 2074 Πατρδς,

60 2085 92 2117 ὡς
104 2086 170 2121 ἔχων
189 2085 274 2113 αὐτοῦ
286 2085 337 2121 τὴν
347 2085 438 2118 δόξαν,
460 2085 510 2121 τὴν
529 2084 655 2120 δύναμιν,
666 2085 714 2120 τὴν
735 2084 841 2118 σοφίαν,

60 2131 157 2166 φύσεώς
169 2141 201 2167 γε
214 2132 270 2168 μὴν
288 2131 385 2166 ἑτέρας
398 2131 540 2168 ὑπάρχων.
554 2130 648 2158 Ταῦτα
659 2130 713 2166 γὰρ
731 2129 843 2157 ἐκείνων

59 2177 89 2204 τὰ
104 2178 260 2214 ληρήματα,
274 2177 321 2204 καὶ
335 2178 352 2212 ἡ
371 2177 583 2212 κεκομψευμένη
593 2176 722 2213 φλυαρία,
743 2176 844 2211 μᾶλλον

894 1586 1024 1611 carnem,
1050 1583 1078 1607 et
1101 1587 1164 1606 cum
1188 1579 1296 1607 carne?
1318 1580 1353 1606 At
1375 1580 1422 1614 qui
1443 1583 1551 1606 tantum
1572 1586 1603 1606 se
1623 1586 1686 1606 esse

894 1625 964 1660 ipsis
987 1625 1119 1660 operibus
1143 1625 1264 1653 docuit:
1284 1635 1293 1651 ι
1312 1625 1385 1660 Ego,
1411 1625 1517 1660 inquit.
1543 1628 1571 1652 et
1605 1624 1686 1652 Pater

900 1679 986 1699 unum
1001 1679 1100 1700 sumus
1114 1672 1148 1705 ";
1164 1672 1210 1707 qui
1226 1672 1300 1699 videt
1315 1679 1371 1705 me,
1386 1671 1495 1699 videtct
1504 1670 1613 1699 Patrem
1626 1671 1660 1698 ⁷³.
1673 1681 1683 1698 ι

895 1717 1023 1746 Eundum
1038 1718 1144 1753 itaque,
1160 1718 1183 1745 si
1209 1717 1262 1745 Icci
1284 1718 1368 1752 hujus
1388 1718 1443 1745 vim
1460 1721 1636 1752 spectemus,
1651 1717 1687 1743 ab

893 1763 1014 1798 imagine
1027 1763 1061 1791 ad
1075 1764 1273 1799 archetypum.
1291 1767 1319 1790 ct
1332 1771 1348 1790 a
1363 1762 1527 1790 charactere
1546 1761 1581 1789 ad
1606 1762 1686 1789 illum

892 1810 974 1845 cujus
988 1814 1016 1838 et
1031 1814 1074 1838 est
1090 1810 1236 1838 character
1250 1819 1257 1844 ;
1277 1817 1368 1845 neque
1384 1813 1476 1837 tamen
1499 1817 1534 1837 ex
1549 1816 1686 1844 quorum-

893 1857 956 1885 dam
971 1857 1163 1885 haereticorum
1178 1857 1319 1885 scntentia
1334 1856 1494 1884 adventitiis
1504 1855 1648 1883 nonnullis
1658 1858 1686 1882 et

893 1905 1067 1932 extrinsecus
1090 1904 1243 1938 assumptis
1259 1903 1444 1938 dignitatibus
1464 1901 1563 1929 Filium
1580 1901 1614 1928 ad
1634 1900 1687 1928 Pa-

892 1953 962 1976 trem
970 1948 1139 1976 conformari
1149 1948 1281 1980 dicimus,
1293 1955 1393 1982 neque,
1406 1950 1435 1974 ut
1447 1947 1568 1974 haeretici
1579 1950 1686 1982 putant,

893 1994 984 2028 imago
1001 1993 1050 2020 Dei
1065 2001 1097 2020 ac
1107 1992 1199 2020 Patris
1217 2000 1279 2021 esse
1297 1993 1412 2025 dicitur,
1428 1996 1562 2026 tanquam
1574 1992 1620 2026 qui
1635 1991 1687 2018 ha~

892 2039 956 2066 beat
971 2038 1033 2073 ejus
1050 2037 1187 2074 gloriam,
1203 2037 1334 2065 virtutem
1346 2056 1353 2068 ,
1375 2036 1559 2071 sapientiam,
1576 2036 1624 2063 sed
1644 2035 1688 2062 al-

893 2084 981 2111 terius
997 2087 1089 2111 tamen
1104 2083 1141 2111 sit
1156 2086 1272 2110 naturas.
1293 2082 1339 2109 lla:
1361 2087 1427 2110 sunt
1450 2082 1525 2109 enim
1546 2081 1687 2116 elegantes

893 2129 1005 2156 illorum
1029 2135 1128 2164 nugas,
1149 2128 1204 2155 imo
1228 2135 1294 2154 vero
1311 2127 1437 2161 impietas
1452 2125 1488 2152 ad
1509 2125 1688 2153 evertendam

895 2176 974 2211 ⁵171,
998 2174 1264 2208 convcllendamque
1285 2172 1347 2200 Filii
1369 2171 1688 2200 consubstantialitatem

60 2223 85 2250 δὲ
104 2224 265 2256 δυσσέϐεια,
296 2223 364 2259 πρὸς
405 2223 563 2260 ἀνατροπὴν
597 2222 772 2258 ἐπινοηθεῖσα
797 2222 843 2250 καὶ

900 2221 1027 2253 inventa,
1055 2218 1130 2256 quod
1157 2227 1242 2247 unum
1267 2223 1310 2247 cst
1333 2226 1430 2246 eorum
1456 2217 1572 2251 impium
1589 2220 1616 2244 et
1634 2216 1688 2244 Deo

62 2270 213 2306 καθαίρεσιν
227 2270 279 2306 τῆς
297 2269 506 2305 όμοουσιότητος
524 2269 571 2296 τοῦ
591 2268 667 2302 Υίοῦ,
679 2268 787 2302 κατάγε
797 2267 843 2295 τὸν

63 2317 87 2342 ἐν
97 2317 183 2349 αὐτοῖς
193 2316 302 2344 ἀνόσιόν
315 2325 345 2342 τε
365 2315 414 2342 καὶ
425 2315 562 2351 θεομάχον
582 2315 694 2342 σκοπόν.
715 2315 784 2341 Ἀλλ’
806 2315 845 2347 ὡς

64 2362 118 2394 Υἱὸς
135 2363 254 2399 ἀληθῶς,
273 2363 306 2389 ὲκ
329 2362 380 2398 τῆς
406 2360 454 2388 τοῦ
476 2361 544 2388 Θεοῦ
563 2361 611 2388 καὶ
629 2360 735 2397 Πατρὸς
751 2361 845 2393 οὐσίας

63 2408 218 2445 ἀπορρήτως
241 2409 292 2436 καὶ
327 2408 516 2443 ἁπερινοήτως
537 2407 689 2443 γεννηθεὶς,
701 2407 846 2444 χαρακτήρ

63 2455 128 2482 ἐστιν
138 2455 232 2488 αὑτοῦ,
249 2455 297 2482 καὶ
325 2453 418 2487 εἰκὼν,
439 2454 488 2481 καὶ
510 2454 693 2490 ἀπαύγασμα,
713 2454 805 2490 φέρων
816 2454 845 2480 ἐν

63 2500 142 2537 οἰκείᾳ
152 2501 233 2536 φύσει
247 2500 298 2536 τῆς
309 2500 356 2528 τοῦ
378 2500 504 2532 τεκόντος
514 2500 595 2527 αὐτὸν
606 2500 701 2532 οὐσίας
717 2498 755 2527 τὺ’
769 2500 844 2533 ἴδιον,

64 2548 106 2574 καὶ
117 2548 169 2575 τῶν
184 2547 309 2583 φυσικῶν
321 2546 566 2582 πλεονεκτημάτων
574 2546 606 2573 τὸ
618 2546 726 2578 κάλλος.
743 2546 781 2573 Οὺ
791 2546 845 2581 γὰρ

65 2594 226 2630 ἀπόπληκτοι
255 2594 316 2621 κατ’
339 2594 461 2626 ἐκείνους
490 2592 623 2628 ἐσόμεθα,
638 2593 685 2620 καὶ
707 2593 747 2624 είς
768 2592 848 2619 τοῦτο

65 2639 214 2672 ευσῦουλίας
225 2640 272 2667 τὸν
284 2641 382 2666 οἰκεῖον
392 2639 587 2674 κατωθήσομεν
598 2638 670 2671 νοῦν,
679 2639 716 2670 ὼς
727 2638 766 2673 τῷ
777 2637 848 2665 κατά

66 2684 139 2719 φύσιν
151 2685 201 2712 οὐκ
217 2685 284 2712 ὅντα
294 2684 384 2719 λέγειν
398 2683 458 2719 Θεῷ
478 2684 581 2718 ὅμοιον,
597 2683 665 2719 μήτε
683 2684 736 2719 μὴν
753 2684 786 2710 ἐκ
798 2684 849 2719 τῆς

66 2731 151 2762 οὐσίας
175 2731 342 2766 γεννηθέντα
370 2730 418 2758 τοῦ
441 2729 509 2756 Θεοῦ
542 2730 590 2756 καὶ
607 2730 722 2766 Πατρδς,
736 2731 786 2766 τὴν
798 2730 846 2757 τοῦ

67 2776 127 2804 Θεοῦ
140 2777 306 2814 χαρίσασθαι
315 2777 404 2811 δόξαν,
413 2776 431 2812 ἢ
441 2775 489 2803 καὶ
501 2775 584 2811 φάναι
593 2776 723 2804 δύνασθαί
738 2784 802 2803 ποτε
817 2775 848 2803 τὸ

99 2872 120 2888 ¹¹
143 2871 223 2900 Joan.
241 2879 268 2905 ι,
286 2871 330 2900 '50.
371 2870 486 2899 "Joan.
510 2877 566 2903 nv,
587 2869 614 2898 9.

895 2274 1055 2302 repugnans
1067 2266 1254 2301 propositum.
1272 2265 1326 2292 Sed
1340 2268 1371 2291 ut
1384 2271 1449 2291 vere
1465 2262 1570 2295 Filius,
1591 2270 1624 2290 ex
1639 2262 1687 2290 Dei

897 2321 930 2341 ac
948 2313 1037 2341 Patris
1053 2312 1207 2341 substantia
1224 2311 1356 2339 ineﬂ‘abili
1371 2314 1399 2338 ct
1415 2309 1688 2344 incomprehensibili

897 2360 1005 2388 ratione
1023 2359 1151 2394 genitus,
1170 2358 1316 2386 character
1331 2361 1375 2385 est
1389 2356 1469 2392 ejus,
1487 2359 1515 2383 et
1535 2356 1644 2391 imago,
1661 2360 1689 2384 et

899 2404 1040 2441 splendor,
1057 2405 1254 2441 proprietatem
1271 2402 1438 2431 substantiae
1453 2402 1514 2437 ejus
1530 2402 1576 2437 qui
1592 2401 1690 2437 genuit

899 2452 991 2487 ipsum
1000 2471 1009 2485 ,
1021 2455 1049 2478 et
1060 2450 1227 2478 naturalium
1242 2447 1485 2484 pnerogativarum
1500 2447 1584 2476 decus
1598 2448 1626 2476 in
1639 2455 1690 2475 sua

899 2497 993 2526 ferens
1020 2500 1132 2524 natura.
1151 2495 1208 2523 Nec
1222 2495 1296 2522 enim
1313 2499 1345 2522 ut
1363 2494 1400 2522 illi
1411 2513 1419 2526 ,
1437 2497 1493 2521 tam
1510 2493 1615 2528 stupidi
1632 2493 1690 2520 eri-

899 2551 978 2575 mus,
996 2545 1044 2569 aut
1065 2549 1098 2570 eo
1125 2541 1228 2569 furoris
1253 2540 1425 2573 delabemur,
1442 2543 1472 2567 ut
1486 2547 1549 2567 eum
1564 2539 1611 2574 qui
1633 2546 1690 2566 non

898 2589 1000 2618 similis
1017 2589 1053 2618 sit
1068 2588 1126 2616 Deo
1139 2588 1290 2617 secundum
1308 2591 1447 2619 naturam,
1465 2586 1568 2621 quippe
1583 2592 1638 2613 non
1654 2585 1690 2612 sit

897 2643 941 2671 ει,
952 2635 998 2663 Dei
1021 2643 1054 2663 ac
1076 2635 1169 2663 Patris
1194 2634 1355 2662 substantia
1376 2634 1506 2669 genitus.
1529 2631 1577 2660 Dei
1603 2631 1691 2667 gloria

899 2681 1046 2717 praeditum
1065 2688 1129 2708 esse
1144 2680 1271 2709 dicamus
1283 2700 1291 2713 ,
1308 2684 1357 2707 aut
1372 2687 1437 2708 cum
1451 2678 1498 2714 qui
1521 2677 1614 2706 factus
1634 2677 1690 2709 sit,

900 2733 928 2757 et
942 2736 958 2756 e
975 2728 1065 2756 nihilo
1080 2727 1113 2755 ad
1129 2734 1192 2755 esse
1205 2726 1377 2762 productus,
1394 2725 1517 2752 divinam
1539 2724 1567 2751 in
1586 2731 1617 2752 se
1633 2723 1692 2750 vir-

901 2779 988 2804 tutem
1005 2777 1034 2801 et
1049 2773 1215 2809 sapientiam
1232 2772 1315 2802 simili
1334 2779 1382 2808 per
1398 2770 1491 2800 omnia
1507 2769 1589 2798 modo
1603 2767 1691 2797 habe-

1004 2874 1033 2899 ';:
