1896 3034
201 149 252 177 195

701 146 730 174 S.
742 145 882 174 CYlllLLi
899 144 1135 173 ALEXANDllINi
1149 143 1310 173 AliCHlEP.

1802 146 1859 175 1‘35

202 212 242 236 re,
262 204 402 240 talemque
416 211 495 237 esse,
514 205 607 241 qualis
623 205 718 233 divina
734 209 762 233 et
776 204 924 233 inetfabiiis
945 203 967 231 D

1081 203 1237 241 ,mtrjttévov
1249 204 1330 236 ὅλως,
1344 203 1393 230 καὶ
1414 203 1445 230 τδ
1460 203 1490 237 ἐξ
1505 203 1556 230 οὐκ
1571 204 1658 231 ὄντων
1675 205 1718 236 εἰς
1729 204 1767 231 τὺ
1783 202 1860 232 εἶναι

201 249 294 278 Patris
309 255 407 278 natura
424 255 585 278 censeatur.
603 251 674 284 Quid
689 251 763 279 enim
778 254 937 278 creaturam
955 250 997 277 ul-

201 296 245 320 tra
259 293 295 321 ab
309 294 406 329 opifice
420 295 622 331 distingueret,
637 299 685 323 aut
703 296 769 331 quid
786 303 917 331 separare
933 302 997 331 pos-

202 343 248 366 set
276 340 423 368 identitate
446 342 610 369 substantiae
635 346 792 370 creaturam
817 342 852 370 ab
875 341 998 377 opifice?

202 384 271 412 Nam
289 385 313 413 si
332 386 449 421 gloriam
466 393 499 413 ac
513 387 661 420 virtutem,
688 387 806 422 ejusque
832 386 997 422 sapientiam

202 431 299 460 eodem
315 433 430 461 omnino
447 434 529 461 modo
545 442 600 469 quo
627 433 700 462 Deus
728 441 761 462 ac
789 433 872 462 Pater
899 433 996 466 habet,

202 479 270 514 quid
291 480 381 514 majus
397 481 433 508 sit
448 481 475 508 in
491 480 591 514 Patre,
609 485 658 509 aut
674 481 743 517 quid
766 482 828 517 plus
849 481 998 509 habiturus

201 533 283 561 quam
300 534 352 554 nos
376 531 424 554 aut
439 531 569 555 creatura
581 548 589 561 ,
608 535 658 563 ego
673 527 788 563 quidem
806 528 901 555 dicere
918 535 996 563 pror-

201 579 250 599 sus
266 579 375 607 nequeo
387 593 394 605 ,
408 573 456 601 sed
472 574 517 601 hic
534 575 660 603 haesuros
676 575 760 602 etiam
776 574 840 602 illos
855 574 996 610 suspicor.

200 619 375 654 Quapropter
391 627 448 647 non
464 621 590 649 externis
610 620 800 656 dignitatibus
814 620 901 649 Filius
917 620 998 648 nobis

200 665 234 691 ad
253 664 346 693 Patris
369 667 559 702 aequalitatem
578 667 727 700 formatur,
752 674 845 703 neque
870 667 946 695 velut
970 667 998 694 in

201 712 295 740 tabula
311 714 440 748 quapiam
456 714 531 749 regis
545 715 665 750 speciem
681 722 713 742 ac
729 714 847 742 formam
866 714 1000 742 mentitur

201 759 260 786 sola
279 760 403 787 colorum
420 760 555 789 varietate
574 761 722 797 depictus,
741 761 791 789 sed
811 763 958 789 character
971 764 999 789 et

201 804 294 840 imago
308 813 404 833 revera
420 807 555 842 genitoris
570 811 622 840 est,
637 807 663 834 in
680 808 802 843 propriis
813 815 846 835 ac
863 807 999 835 naturali.-

200 850 254 878 bus
262 851 342 879 bonis
356 851 447 880 Patris
457 857 584 881 naturam
601 853 795 882 manifestans.
810 854 915 882 Idcirco
924 854 997 882 enim

1049 251 1226 286 παρενεχθὲν,
1258 249 1308 286 τὴν
1334 249 1410 277 θείαν
1434 250 1655 287 ἀπαραλλάκτως
1672 251 1799 286 φορέσαι
1815 251 1860 278 δυ-

1048 307 1142 334 ναμιν,
1161 297 1208 325 καὶ
1221 297 1327 332 σοφίαν,
1343 296 1415 332 ἔχειν
1427 296 1454 323 δὲ
1469 296 1556 329 οὕτως
1565 297 1604 328 ὡς
1618 297 1652 324 ἂν
1665 298 1758 324 νοοῖτο
1771 296 1859 331 τυχὸν

1047 345 1065 380 ἡ
1082 344 1143 371 θεία
1173 353 1204 370 τε
1229 344 1276 370 καὶ
1298 343 1419 379 ἄρῤητος
1434 343 1482 369 τοῦ
1494 343 1563 370 Θεοῦ
1582 343 1692 379 Πατρδς
1707 343 1808 378 φύσις.
1824 344 1859 370 Τί

1048 391 1103 426 γὰρ
1117 390 1150 418 ἂν
1165 390 1208 426 εῐη
1223 389 1254 416 τὸ
1268 389 1458 426 παραλλάττον
1471 389 1511 416 ἔτι
1529 389 1644 425 ποιητοῦ
1662 391 1712 416 καὶ
1724 391 1857 425 ποιήμα-

1048 445 1110 470 τος;
1123 437 1140 473 ἢ
1155 437 1182 464 τί
1195 437 1226 464 τδ
1241 435 1408 472 μεσολαῦοῦν
1423 435 1471 462 καὶ
1485 436 1612 471 διακόψαι
1628 436 1787 471 δυνάμενον
1805 436 1858 471 τῆς

1048 483 1214 518 ταυτότητος
1228 482 1278 518 τῆς
1292 483 1321 509 ὲν
1339 481 1420 518 οὐσίᾳ
1434 481 1516 517 φημὶ,
1530 481 1562 508 τὺ
1583 482 1698 517 γεγονὸς
1722 482 1776 508 τοῦ
1793 483 1857 508 κτί-

1050 537 1167 562 σαντος;
1183 529 1216 555 Et
1229 528 1284 564 γὰρ
1311 528 1380 560 ὅλως
1394 527 1510 563 ἐχειτήν
1527 535 1557 554 τε
1583 527 1662 560 δόξαν
1676 528 1726 554 καὶ
1738 527 1795 562 τὴν
1810 527 1858 554 δῦ-

1049 584 1144 611 ναμιν,
1159 575 1207 602 καὶ
1216 574 1265 610 τὴν
1291 574 1387 609 σοφίαν
1402 573 1495 607 αὑτοῦ,
1516 574 1587 601 κατὰ
1604 574 1651 600 τὸν
1669 574 1730 601 ἴσον
1748 574 1858 609 τρόπον

1049 622 1089 658 τῷ
1102 622 1163 658 Θεῷ
1190 622 1236 648 καὶ¹
1263 621 1361 656 Πατρὶ,
1379 620 1406 647 τί
1420 621 1451 647 τὸ
1475 621 1567 656 μεῖζον
1585 621 1614 647 ὲν
1627 620 1715 656 αὐτῷ,
1733 621 1765 647 τί
1780 621 1811 647 δὲ
1827 621 1858 647 τὸ

1049 668 1131 695 πλέον
1146 668 1202 700 ἕξει
1222 667 1287 703 παρ’
1309 667 1392 702 ἡμᾶς,
1411 666 1470 701 ἦτοι
1493 666 1544 701 τὴν
1555 666 1656 698 κτίσιν,
1669 666 1728 700 ἐγὼ
1747 667 1803 701 μὲν
1817 667 1856 693 εἰ-

1050 714 1112 740 πεῖν
1122 713 1173 740 οὐκ
1187 712 1220 740 ἂν
1239 712 1330 748 ἔχοιμι
1341 711 1493 743 παντελῶς.
1508 711 1659 747 ἀπορήσειν
1678 711 1709 738 δὲ
1724 711 1856 746 ὑπολαμ-

1051 759 1126 786 ϐάνω
1140 758 1297 790 κάκείνους.
1311 756 1416 784 Οὐκοῦν
1432 757 1463 783 οὐ
1480 757 1536 789 τοῖς
1551 756 1651 789 ἔξωθεν
1665 756 1833 792 ἀξιώμασιν
1842 758 1856 783 ὀ

1051 805 1116 837 Υἱὸς
1129 806 1195 841 ἡμῖν
1211 805 1251 836 εἰς
1259 804 1308 840 τὴν
1317 804 1366 831 τοῦ
1384 803 1493 839 Πατρὺς
1508 803 1618 838 ἰσότητα
1634 802 1855 838 σχηματίζεται,

1052 852 1100 879 καὶ
1117 853 1149 878 οὐ
1172 850 1298 886 καθάπερ
1320 859 1363 882 τις
1377 850 1405 876 ὲν
1422 849 1536 881 πίνακος
1546 850 1651 885 γραφῇ,
1673 849 1776 884 μόναις
1789 850 1857 884 ἡμῖν

201 897 261 924 tieri
276 905 331 925 non
349 905 430 933 posse
453 899 494 927 ait
523 903 553 927 ut
570 899 682 935 quidam
700 905 855 936 agnoscant
871 900 968 929 Patrer

1081 899 1113 930 ιῖς
1129 897 1184 925 τῶν
1198 897 1355 933 χρωμάτων
1374 895 1456 928 ίδέαις
1471 895 1795 932 καταποικίλλεται,τὴν
1807 896 1856 923 τοῶ

201 941 249 973 qui
273 949 319 975 se,
340 942 368 970 id
384 947 427 971 est
444 943 555 976 l-‘ilium,
572 952 628 972 non
645 949 709 973 ante
722 946 912 981 cognoverint.

1057 943 1188 979 βασιλέως
1210 941 1395 977 πλαττόμενός
1420 949 1450 968 τε
1477 941 1525 968 καὶ
1544 941 1711 976 ψευδόμενος
1728 940 1856 975 μορφὴν,

201 988 261 1015 ἀλλ’
276 988 336 1016 έστι
361 990 506 1026 χαρακτὴρ
520 991 568 1017 καὶ
586 991 671 1018 εἰκὼν
686 991 796 1027 ἀληθῶς
828 992 876 1019 τοῦ
910 991 1036 1023 τεκόντος
1055 990 1145 1023 αὐτὸν,
1166 990 1196 1016 ὲν
1210 989 1285 1021 ίδίοις
1294 989 1342 1016 καὶ
1357 987 1598 1023 φυσικοῖςάγαθοῑς
1614 986 1663 1022 τὴν
1675 986 1725 1013 τοῦ
1743 987 1856 1022 Πατρὶς

201 1035 284 1070 φύσιν
311 1035 420 1071 ἐμφανῆ
450 1035 595 1068 καθιστάς.
622 1037 672 1064 Διὰ
692 1038 773 1065 τοῦτο
787 1038 842 1074 γὰρ
855 1038 997 1074 ἀμήχανον
1015 1034 1086 1064 εἶναί
1101 1044 1184 1072 φησιν
1194 1035 1344 1070 ὲπιγνῶναί
1363 1042 1418 1062 τισι
1437 1034 1484 1062 τὸν
1502 1033 1624 1069 Πατέρα,
1659 1033 1724 1068 οὐχὶ
1756 1033 1856 1069 πρότε-

202 1089 249 1117 ρον
262 1081 446 1116 ὲπεγνωκόσιν
460 1083 553 1116 αὐτὸν,
566 1082 639 1110 τοῦτ’
651 1083 720 1117 ἐστι,
736 1085 783 1112 τὸν
799 1084 873 1111 Υίόν.

236 1126 307 1160 XIV,
324 1128 351 1155 1.
369 1126 406 1156 Et
432 1129 529 1156 antodo
552 1130 712 1165 cognoscitis
743 1138 815 1164 eum,
843 1135 868 1158 et
888 1129 995 1158 vidistis

199 1182 271 1202 eum.

236 1218 333 1254 Opera:
349 1220 468 1255 pretium
485 1225 529 1249 est
555 1220 639 1256 hujus
656 1228 766 1257 quoque
795 1222 934 1250 sermonis
951 1228 997 1249 or-

200 1265 292 1293 dinem
309 1271 337 1294 et
351 1266 522 1294 ineti‘abilem
550 1267 764 1302 dispositionem
792 1268 897 1295 mirari.
914 1267 996 1295 Post~

199 1321 284 1349 quam
310 1314 385 1341 enim
401 1314 491 1341 dixit:
517 1323 527 1340 ι
549 1314 578 1341 Si
602 1314 806 1348 cognmissctis
831 1322 885 1347 me,
904 1319 930 1342 et
944 1314 995 1342 Pa-

199 1364 272 1387 trem
291 1367 383 1387 meum
411 1359 507 1395 utique
531 1361 745 1396 cognovissetis.
772 1370 782 1386 ι
811 1367 874 1388 cum
901 1368 994 1388 rerum

201 1409 257 1433 tam
273 1406 495 1433 necessariarum
517 1405 704 1441 ignorantiam
720 1406 891 1441 exprobrare
915 1406 995 1434 disci-

201 1451 275 1486 pulis
291 1450 463 1482 crederetur,
484 1450 637 1478 remedium
653 1451 748 1478 statim
767 1451 860 1478 attulit
875 1451 992 1479 dicens:

204 1507 214 1523 ι
233 1497 341 1525 Amodo
355 1497 526 1533 cognoscitis
539 1505 612 1530 eum,
629 1502 656 1525 et
676 1497 787 1525 vidistis
798 1505 872 1525 eum.
892 1506 902 1524 ι
924 1497 992 1525 Nam

201 1543 266 1578 quia
296 1542 484 1571 Eeclesiarum
518 1551 568 1579 per
593 1544 753 1571 universum
783 1543 878 1572 orbem
907 1544 993 1571 futuri

1081 1126 1138 1154 Kal
1168 1125 1281 1161 ἀπάρτι
1312 1125 1477 1162 γινώσκετε
1496 1126 1601 1160 αὐτὸν,
1622 1125 1673 1154 καὶ
1697 1126 1854 1161 ἑωράκατε

1045 1173 1152 1200 αὐτόν.

1082 1219 1177 1253 ’Ἄξιον
1192 1216 1269 1255 οἴμαι
1283 1218 1436 1254 θαυμάσαι,
1463 1218 1512 1245 καὶ
1538 1217 1594 1254 [ῐσ.
1612 1218 1676 1255 κάν]
1694 1219 1788 1255 τούτῳ
1804 1220 1855 1255 τὴν

1045 1265 1160 1293 ἐνοῦσαν
1170 1265 1209 1301 τῷ
1235 1265 1307 1301 λόγῳ
1328 1265 1487 1301 διασκευὴν,
1501 1265 1548 1292 καὶ
1572 1265 1730 1301 ἀπόρρητον
1746 1267 1854 1292 οίκονο-

1050 1313 1125 1348 μίαν.
1143 1311 1271 1348 Εἰρηκὼς
1283 1312 1348 1347 γὰρ,
1362 1312 1403 1339 ὃτι
1422 1321 1431 1338 ι
1453 1312 1484 1338 Ei
1509 1311 1657 1346 ἐγνώκειτέ
1675 1321 1722 1347 με,
1743 1313 1796 1339 καὶ
1807 1313 1855 1339 τὸν

1049 1358 1160 1394 Πατέρα
1191 1358 1225 1386 ἂν
1250 1358 1352 1394 ᾔδειτε,
1375 1367 1384 1384 ι
1407 1358 1455 1385 καὶ
1471 1358 1612 1393 νομισθεὶς
1636 1358 1771 1393 ἐγκαλεῖν
1797 1361 1854 1391 τοῖς

1050 1403 1186 1440 μαθηταῖς
1203 1403 1257 1430 τῶν
1273 1402 1362 1435 οὕτως
1380 1403 1541 1438 ἀναγκαίων
1563 1403 1612 1439 τὴν
1627 1403 1754 1438 ἄγνοιαν.
1774 1405 1853 1432 τεθε-

1051 1450 1189 1485 ράπευκεν
1213 1448 1316 1481 εὐθύς’
1344 1458 1354 1475 ι
1379 1449 1508 1484 Ἀπάρτι,
1538 1449 1610 1483 λέγω
1637 1449 1695 1486 [γρ.
1726 1450 1852 1487 λέγων],

1048 1496 1197 1531 γινώσκετε
1213 1495 1305 1527 αὑτὸν,
1316 1495 1363 1522 καὶ
1378 1494 1519 1530 ἑωράκατε
1532 1495 1640 1523 αὐτόν.»
1665 1496 1783 1533 Ἐπειδὴ
1797 1498 1853 1533 γᾶρ

1049 1541 1177 1576 ἔμελλλον
1191 1540 1246 1568 τῶν
1257 1539 1430 1575 ἁπανταχόσε
1444 1540 1580 1575 κειμένων
1594 1540 1767 1575 Ἐκκλησιῶν
1782 1543 1851 1575 ius-

200 1592 279 1617 erant
293 1589 444 1624 praepositi,
461 1596 525 1617 cum
540 1589 574 1617 ab
585 1596 619 1617 eo
634 1589 781 1617 audissent
795 1589 862 1617 illud
876 1599 883 1617 :
897 1598 907 1616 ι
921 1589 968 1616 Em

1081 1588 1130 1618 ivsg
1143 1586 1263 1618 ἔσεσθαι,
1275 1586 1341 1622 παρ’
1359 1585 1443 1612 αὑτοῦ
1458 1583 1504 1612 τοῦ
1518 1585 1646 1620 Σωτῆρος
1660 1586 1846 1619 ἀκούσαντες,

199 1638 242 1662 tes
257 1633 355 1662 docete
370 1641 468 1662 omnes
477 1638 574 1670 gentes
586 1634 638 1667 ",n
655 1635 738 1667 hanc,
756 1635 868 1670 opinor,
883 1635 996 1670 potissi-

199 1688 275 1708 mum
289 1681 325 1708 ob
349 1687 476 1714 causam,
494 1688 559 1708 cum
577 1681 683 1708 utiliter
697 1681 780 1716 772
807 1682 888 1716 prius
903 1685 997 1709 osten-

199 1727 299 1758 disset,
311 1734 343 1754 ac
360 1726 519 1761 generalem
530 1726 566 1754 de
579 1726 710 1754 omnibus
721 1725 928 1760 quodammodo
941 1734 998 1754 ser-

201 1779 310 1800 monem
323 1771 447 1804 fecisset,
462 1779 562 1807 nempe
574 1772 647 1807 quod
663 1771 688 1799 si
699 1771 763 1806 quis
777 1775 872 1799 nosset
885 1771 995 1805 Filium,

199 1820 227 1843 et
236 1823 300 1844 eum
316 1816 412 1850 utique
426 1824 458 1843 ex
477 1823 534 1851 quo
551 1820 595 1844 est
611 1815 720 1844 Patrem
735 1823 770 1843 ac
787 1816 873 1844 Deum
888 1817 997 1853 agnitu-

200 1869 249 1890 rus
263 1862 311 1895 sit,
329 1862 388 1890 suis
405 1861 551 1897 discipulis
580 1861 768 1896 cognitionem
791 1863 900 1897 tribuit,
919 1863 996 1891 utili-

201 1913 244 1936 ter
260 1908 383 1944 quidem,
408 1916 464 1936 non
482 1907 517 1935 ad
543 1907 682 1943 gratiam:
710 1915 762 1936 nec
788 1909 862 1936 enim
891 1909 996 1944 aliquid

202 1952 266 1980 falsi
296 1960 414 1988 usquam
444 1952 567 1986 dixerit;
586 1951 635 1980 sed
662 1956 693 1979 ut
711 1952 759 1987 qui
785 1953 876 1981 sciant
903 1954 996 1989 reipsa

202 2003 284 2034 atque
295 2003 477 2034 cognoscant.
494 1999 560 2026 illos
571 1999 646 2027 enim
663 1998 746 2026 etiam
768 1999 925 2028 credidisse
942 1999 996 2027 Do-

201 2046 307 2073 minum
322 2053 386 2074 vere
400 2053 463 2074 esse
483 2045 533 2074 Dei
545 2045 657 2078 Filium,
688 2053 861 2081 nequaquam
877 2046 993 2074 dubium

199 2098 243 2123 est
258 2098 334 2122 recte
349 2092 547 2121 sentientibus.
565 2091 675 2127 Alioqui
687 2092 827 2127 quomodo
842 2092 994 2120 Nathanacl

201 2141 248 2169 ille
272 2140 397 2169 Israelita
419 2138 504 2166 simul
524 2145 557 2166 ac
584 2138 727 2166 audisset:
746 2147 755 2164 ι
786 2138 951 2174 Priusquam
968 2143 994 2167 te

199 2187 345 2222 Philippus
361 2188 485 2217 vocaret.
496 2192 559 2212 cum
570 2192 648 2212 esses
663 2185 716 2212 sub
728 2185 794 2217 ficu,
810 2185 866 2213 vidi
883 2189 926 2219 te;
943 2195 952 2211 ι
963 2185 995 2213 fi-

199 2233 242 2261 dei
262 2230 468 2259 confessionem
495 2229 588 2256 statim
607 2228 712 2262 intulit,
728 2223 846 2256 dicens:
866 2237 876 2254 ι
894 2228 992 2260 Rahbi,

200 2283 229 2306 tu
247 2286 277 2306 es
299 2277 387 2305 Filius
410 2275 469 2308 Dei,
493 2279 523 2302 tu
541 2282 572 2302 es
586 2282 634 2302 rex
650 2275 781 2303 Israel".
811 2284 820 2302 ι
837 2274 993 2308 Quinetiam

199 2323 320 2351 mirabili
334 2328 362 2350 et
371 2321 506 2349 inusitata
518 2320 627 2348 ratione
642 2320 712 2347 mari
726 2323 835 2355 pacato,
851 2319 992 2355 quomodo

200 2378 265 2398 eum
291 2369 446 2396 adorabant
463 2367 510 2402 qui
536 2367 565 2394 in
592 2366 697 2402 scapha
725 2370 818 2399 erant,
847 2366 991 2394 dicentes:

203 2423 213 2439 ι
234 2412 306 2441 Vere
326 2412 414 2440 Filius
440 2412 488 2440 Dei
510 2411 587 2440 es".
613 2421 623 2438 ι
649 2411 691 2439 An
717 2419 784 2447 ergo
805 2411 992 2448 ignorantium

201 2459 293 2495 ipsum
308 2466 370 2486 esse
390 2457 485 2491 Deum,
501 2462 528 2486 et
544 2465 578 2486 ex
603 2457 659 2486 Deo
672 2457 753 2486 Patre
768 2459 890 2494 genitum
918 2458 993 2485 hunc

201 2512 357 2533 sermonem
374 2505 522 2540 quisquam
539 2512 603 2533 esse
618 2505 714 2532 dicet?
728 2505 763 2532 At
782 2504 921 2540 quomodo
935 2511 990 2532 non

201 2553 317 2580 insanus
334 2552 382 2580 ille
401 2551 644 2587 deprehendetur?
663 2551 717 2585 Qui
735 2552 810 2579 circa
829 2554 922 2586 partes
932 2551 992 2578 Ca:-

201 2605 288 2626 sareae
306 2597 428 2633 Philippi
454 2598 614 2633 interrogati
638 2601 704 2625 sunt
726 2597 762 2625 ab
781 2597 842 2632 ipso
859 2596 990 2625 Christo:

203 2653 214 2670 ι
231 2644 318 2678 Quem
333 2644 429 2671 dicunt
450 2643 577 2671 homines
591 2650 654 2671 esse
669 2642 769 2670 Filium
787 2642 950 2675 hominis",
979 2651 989 2668 ι

202 2690 327 2725 nunquid
361 2689 480 2725 primum
515 2689 627 2724 quidem
658 2690 777 2716 aliorum
813 2689 992 2724 conjecturas

203 2735 390 2771 proferebant?
413 2736 467 2763 Alii
487 2736 560 2764 enim
572 2756 579 2768 ,
595 2736 735 2771 inquiunt,
754 2735 842 2762 Etiam
865 2741 928 2762 esse
941 2742 992 2770 pu-

205 2786 275 2814 tant,
287 2782 331 2809 alii
344 2781 500 2815 Jeremiam,
518 2786 565 2810 aut
578 2789 664 2809 unum
682 2789 717 2810 ex
732 2781 886 2817 prophetis.
903 2780 991 2814 Quem

1048 1633 1089 1665 τὸ,
1113 1642 1122 1658 ι
1141 1632 1325 1668 Πορευθέντες
1351 1631 1543 1668 μαθητεύσατε
1571 1632 1660 1658 πάντα
1677 1631 1712 1658 τὰ
1738 1632 1819 1668 ἔθνη,
1841 1643 1849 1659 ι

1046 1679 1092 1706 διὰ
1105 1679 1219 1714 ταύτην,
1229 1678 1268 1710 ὼς
1289 1674 1406 1713 ἐγῷμαι,
1422 1676 1541 1713 μάλιστα
1553 1677 1602 1713 τὴν
1618 1677 1709 1704 αἰτίαν
1723 1686 1853 1714 προαπο-

1046 1724 1136 1757 δείξας
1163 1723 1317 1760 χρησίμως,
1345 1723 1393 1750 καὶ
1418 1723 1508 1750 κοινὸν
1537 1722 1632 1758 ὥσπερ
1654 1723 1695 1754 είς
1723 1723 1852 1756 ἅπαντας

1046 1771 1230 1806 ποιησάμενος
1246 1770 1335 1804 λόγον,
1354 1770 1393 1802 ὡς
1409 1770 1485 1802 εἴτις
1498 1769 1581 1805 εἰδείη
1591 1769 1637 1796 τὸν
1653 1770 1727 1804 Υῑδν,
1743 1771 1848 1797 εἵσεται

1045 1817 1131 1853 δήπου
1146 1817 1258 1849 πάντως
1287 1816 1335 1844 καὶ
1355 1816 1401 1843 τὸν
1424 1816 1455 1849 ἐξ
1477 1813 1563 1852 οὗπερ
1588 1816 1648 1843 ἐστὶ
1672 1817 1788 1853 Πατέρα
1803 1819 1852 1844 καὶ

1045 1864 1123 1897 Θεὸν,
1138 1865 1323 1900 ἐπιμαρτυρεῖ
1353 1864 1498 1899 χρησίμως
1514 1865 1570 1896 τοῖς
1592 1864 1692 1891 ἑαυτοῦ
1710 1864 1851 1900 μαθηταῖς

1045 1909 1095 1945 τὴν
1105 1909 1256 1943 ἐπίγνωσιν
1267 1909 1298 1935 οὐ
1313 1908 1520 1944 κεχαρισμένως
1532 1917 1538 1925 ·
1552 1909 1583 1935 οὔ
1598 1909 1653 1945 γὰρ
1670 1909 1703 1936 ἂν
1716 1908 1851 1944 φθέγξαι-

1045 1955 1076 1982 τό
1097 1964 1124 1982 τι
1150 1955 1205 1982 τῶν
1224 1954 1275 1982 οὐκ
1296 1954 1423 1991 ἀληθῶν·
1447 1954 1506 1981 ἀλλ’
1529 1954 1614 1987 ὅντως
1637 1955 1722 1982 εἰδόσι
1745 1964 1777 1982 τε
1801 1957 1851 1983 καὶ

1046 2000 1242 2036 ἑπετνωκόσιν.
1258 2001 1320 2028 Ὀτι
1341 2000 1398 2036 γὰρ
1413 2000 1478 2027 Υῑδν
1499 2000 1608 2036 ἀληθῶς
1632 1999 1702 2028 εἶναι
1715 2000 1767 2027 τοῦ
1778 2001 1848 2028 Θεοῦ

1044 2047 1092 2074 τὸν
1119 2047 1233 2084 Κύριον,
1261 2047 1310 2074 καὶ
1337 2046 1580 2080 πεπιστεύκεισαν,
1608 2047 1763 2083 οὐδαμόθεν
1787 2048 1848 2075 ἐστὶ

1044 2094 1101 2126 τοῖς
1119 2091 1148 2120 εὖ
1167 2093 1312 2129 φρονοῦσιν
1329 2093 1491 2129 ἀμφίϐολον.
1516 2094 1593 2120 Ἐπεὶ
1611 2094 1684 2121 κατὰ
1701 2094 1767 2121 τίνα
1785 2095 1848 2130 τρό-

1044 2149 1096 2168 πον
1107 2139 1254 2176 Ναθαναὴλ
1272 2139 1286 2166 ὁ
1309 2139 1481 2175 Ἰσραηλίτης
1497 2139 1619 2172 ἀκούσας
1631 2148 1637 2155 ·
1654 2148 1664 2165 ι
1683 2140 1741 2175 Πρὸ
1750 2141 1803 2168 τοῦ
1815 2149 1847 2168 σε

1043 2187 1180 2213 Φίλιππον
1191 2185 1317 2218 καλέσαι,
1347 2185 1412 2212 ὂντα
1433 2185 1486 2212 ὑπὸ
1500 2185 1551 2221 τὴν
1572 2187 1659 2221 συκῆν
1682 2184 1754 2213 εἶδόν
1772 2195 1814 2220 σε,
1834 2196 1843 2213 ι

1045 2232 1218 2268 παραχρῆμα
1232 2232 1282 2267 τῆς
1294 2232 1413 2263 πίστεως
1434 2232 1485 2266 τὴν
1505 2231 1652 2266 ὁμολογίαν
1667 2232 1846 2268 εἰσκεκόμικε

1011 2268 1032 2296 D
1045 2278 1148 2312 λέγων·
1170 2287 1179 2304 ι
1204 2277 1311 2310 Ῥα66ὶ,
1327 2278 1360 2304 σὺ
1373 2275 1399 2304 εἴ
1410 2278 1424 2304 ὁ
1442 2277 1506 2309 Υἱὸς
1518 2277 1566 2304 τοῦ
1581 2277 1662 2309 Θεοῦ,
1681 2278 1713 2305 σὺ
1728 2276 1754 2304 εἴ
1767 2280 1783 2305 ὀ
1798 2279 1846 2314 βαι

1047 2322 1138 2355 σιλεὺς
1162 2322 1210 2350 τοῦ
1240 2323 1359 2359 Ἰσραήλ.
1382 2332 1392 2348 ι
1411 2323 1466 2350 Καὶ
1488 2323 1542 2358 μὴν
1575 2323 1623 2350 καὶ
1645 2323 1788 2360 θαλάσσης
1814 2333 1846 2351 τε

1046 2368 1204 2405 παραδόξους
1233 2369 1280 2396 καὶ
1292 2369 1435 2405 ἀσυνήθως
1458 2369 1700 2405 κατηυνασμένης,
1716 2370 1777 2403 πῶς
1795 2371 1844 2398 αὖ·

1044 2414 1091 2442 τὸν
1104 2414 1290 2450 προσεκύνουν
1308 2415 1334 2440 οἱ
1349 2415 1379 2440 ὲν
1393 2414 1433 2450 τῷ
1447 2414 1547 2449 σκάφει
1563 2414 1691 2449 λέγοντες
1701 2423 1709 2430 ’
1727 2424 1737 2441 ι
1764 2416 1844 2451 ’Δλη-

1046 2460 1100 2492 θῶς
1115 2460 1183 2488 Θεοῦ
1213 2460 1276 2492 Υιδς
1286 2457 1322 2487 εί.
1337 2469 1347 2486 t
1360 2458 1424 2496 Ἆρ’
1452 2458 1508 2493 οὖν,
1524 2461 1575 2487 οὐκ
1602 2461 1716 2488 εἰδότων
1746 2462 1844 2498 ὅτιπερ

1047 2506 1165 2543 ὑπάρχοι
1181 2506 1258 2539 Θεὸς,
1273 2506 1319 2533 καὶ
1343 2508 1374 2533 ὲκ
1395 2506 1464 2534 Θεοῦ
1479 2507 1643 2543 γεγέννηται
1653 2508 1775 2544 Πατρδς,
1788 2510 1846 2544 ἐρεῖ

1045 2561 1088 2584 τις
1100 2553 1131 2579 τὸ
1143 2553 1238 2588 (imm;
1270 2549 1337 2579 Εῐτα
1359 2552 1419 2584 πῶς
1448 2553 1498 2580 οὐκ
1514 2553 1675 2588 ἀμαθαίνων
1690 2554 1705 2580 ὁ
1723 2554 1844 2586 morm;

1045 2598 1197 2631 ἁλώσεται;
1216 2598 1285 2631 Περὶ
1308 2598 1343 2625 τὰ
1360 2598 1431 2634 μέρη
1450 2599 1500 2634 τῆς
1518 2599 1654 2626 Φιλίππου
1672 2600 1842 2635 Καισαρείας

1046 2643 1112 2679 παρ’
1136 2642 1220 2670 αὑτοῦ
1244 2643 1445 2679 διερωτώμενοι
1470 2644 1519 2671 τοῦ
1541 2645 1673 2680 Χριστοῦ,
1695 2655 1705 2671 ι
1725 2646 1794 2673 Τίνα
1807 2654 1841 2682 με

1045 2689 1169 2724 λέγουσιν
1187 2689 1213 2716 οἱ
1226 2689 1364 2725 ἄνθρωποι
1381 2690 1428 2718 τὸν
1443 2691 1507 2717 Yle
1519 2691 1566 2717 τοῦ
1576 2691 1743 2728 ἀνθρώπους
1757 2702 1766 2718 ι
1780 2692 1842 2729 οὐχὶ

1045 2735 1154 2770 πρῶτον
1170 2736 1219 2771 μὲν
1246 2735 1365 2770 ἔφασκον
1389 2736 1440 2768 τὰς
1465 2737 1567 2772 ἐτέρων
1583 2737 1778 2770 ὑπονοίας;Οί
1791 2738 1841 2774 μὲν

1046 2781 1112 2817 γὰρ,
1128 2781 1222 2816 φησιν,
1230 2780 1326 2808 Ἠλίαν
1342 2778 1411 2808 εἶναι
1426 2782 1593 2817 νομίζουσιν,
1611 2783 1635 2810 oi
1646 2782 1675 2810 δὲ
1691 2782 1836 2818 Ἰερεμίαν,

240 2871 262 2887 ⁷³
280 2871 376 2900 Matth.
393 2880 490 2910 uvnl,
512 2876 554 2904 l9.
591 2877 614 2892 "
632 2875 712 2904 Joan.
734 2884 764 2909 l,
784 2875 829 2909 48,
850 2874 894 2902 49.
933 2874 956 2890 "

1093 2881 1149 2908 κεν,
1163 2874 1207 2902 53.
1245 2873 1268 2889 "
1284 2872 1381 2901 Matth.
1400 2881 1456 2906 xvt,
1470 2874 1512 2902 l5.
