1926 3041
229 141 280 169 199

727 141 758 171 S.
774 140 913 170 CYRILLI
935 142 1173 170 ALEXANDRINI
1195 142 1355 170 AliClllEP.

1821 144 1871 170 '21:"

229 201 358 233 faciebat,
370 201 418 229 sed
436 209 451 229 a
466 202 616 229 multorum
635 201 749 229 deorum
767 202 846 229 cultu
870 209 920 230 eos
946 202 1021 230 dun-

1074 212 1120 230 νυν
1133 203 1245 239 ἔμελλεν
1254 203 1337 238 ἐρεῖν,
1349 203 1390 229 ὅτι
1404 203 1434 229 οὐ
1449 203 1528 238 μόνον
1543 203 1684 236 ἐγνώκατε
1694 203 1742 229 τὸν
1753 203 1870 238 Πατέρα,

229 252 308 275 taxat
324 248 492 280 abstractos,
507 248 539 275 ad
560 248 645 275 unius
671 248 864 275 adorationem
893 248 1022 276 vocabat.

229 295 362 322 Dominus
379 297 469 322 autem
486 298 582 321 noster
600 292 683 321 Iesus
697 292 839 327 Christus,
859 301 922 321 cum
942 294 1026 321 homo

229 341 321 369 factus
332 347 384 372 est,
410 349 459 376 per
482 341 568 368 multa
586 341 664 376 signa
680 345 707 368 et
728 348 813 376 opera
838 341 1025 369 manifestavit

229 388 310 415 nobis
328 395 376 423 per
387 388 510 422 seipsum
526 387 646 419 Patrem,
663 394 803 423 unamque
828 387 950 415 ostendit
967 387 1025 415 dei-

228 435 295 461 tatis
309 438 435 461 naturam
451 434 479 460 in
499 438 597 460 sancta
615 433 754 461 Trinitate
770 441 836 461 vere
867 434 1024 462 subsisten-

227 484 294 508 tem.
308 479 392 507 Recte
408 480 499 515 itaque
526 479 595 507 illud
611 479 707 507 amodo
726 479 765 507 ait
782 484 898 515 propter
916 481 1025 515 imper—

228 526 377 554 fectionem
389 525 559 561 cognitionis
572 533 668 553 eorum
685 525 732 561 qui
759 525 937 560 disciplinam
957 525 1024 560 legis

229 572 386 604 observant,
408 576 435 599 et
465 572 515 607 qui
540 572 650 599 illorum
677 576 832 607 sequuntur
852 571 1022 599 institutum.

228 619 384 647 Notandum
409 627 476 648 vero
497 620 583 655 quod,
611 627 674 647 cum
700 619 822 654 seipsum
849 619 911 646 loco
934 618 1024 647 Patris

229 671 409 700 conspectum
427 673 488 693 esse
503 665 579 697 dicit,
593 673 649 692 non
663 669 745 700 negat
760 673 825 692 vere
841 664 925 701 774
947 668 975 692 et
995 665 1025 692 in

229 712 340 746 propria
354 711 496 747 hypostasi
514 720 578 739 eum
589 720 623 739 ex
638 719 692 747 quo
707 715 761 744 est,
772 711 857 738 Deum
869 719 901 738 ac
914 711 1024 738 Patrem

228 758 376 786 exsistere.
405 757 459 786 Sed
479 766 568 793 neque
599 758 720 793 selpsum
746 757 856 785 Patrem
884 765 947 785 esse
975 759 1022 790 ait,

228 808 366 840 quantum
384 805 417 832 ad
439 811 565 840 personae
581 804 813 840 signiﬁcationem
839 804 956 831 attinet:
976 803 1024 832 sed

229 851 297 886 quia
316 855 358 878 est
371 851 450 879 Patri
468 850 730 882 consubstantialis,
744 851 822 878 cerni
839 851 877 877 ait
892 851 920 877 in
931 850 1023 885 seipse

1073 250 1132 277 ἀλλ’
1151 250 1192 277 ὄτι
1215 251 1263 277 καὶ
1290 250 1443 285 ἑωράκατε,
1467 249 1602 285 προτάξαι
1635 249 1692 276 δεῖν
1724 249 1871 283 ἀναγκαῖον

1074 296 1151 333 ᾠήθη
1167 296 1207 329 τὸ,
1221 296 1341 330 ἀπάρτι,
1360 297 1407 323 καὶ
1428 295 1471 322 διὰ
1485 296 1565 323 ποίαν
1581 296 1672 322 αἰτίαν
1686 304 1694 328 ;
1714 295 1745 322 ⁸0
1762 296 1812 330 μὲν
1820 296 1871 331 γὰρ

1074 343 1157 378 νόμος
1171 343 1186 369 ὁ
1203 342 1247 369 διὰ
1261 343 1384 374 Μωσέως
1401 342 1573 378 προσεφώνει
1589 343 1646 374 τοῖς
1662 343 1732 375 υἱοῖς
1752 343 1870 378 Ἰσραήλ·

1078 399 1087 415 α
1103 389 1206 426 Κύριος
1226 391 1239 417 ὁ
1256 390 1322 422 Θεὸς
1337 398 1395 422 σου,
1409 389 1511 425 Κύριος
1522 387 1563 421 εἷς
1578 390 1650 421 ἐστι,
1669 399 1678 415 ι
1691 389 1740 416 καὶ
1762 389 1809 416 τὸν
1826 390 1872 424 μὲν

1075 436 1140 472 περὶ
1155 437 1202 463 τοῦ
1217 437 1284 463 Υἱοῦ
1299 436 1378 470 λόγον
1393 436 1424 462 οὐ
1442 436 1585 471 παρετίθει
1604 437 1662 467 τοῖς
1677 435 1776 469 πάλαι,
1792 436 1872 470 μόνης

1075 482 1104 509 δὲ
1117 483 1167 517 τῆς
1196 482 1348 514 πολυθεῖας
1376 482 1475 514 ἐξελὼν
1501 482 1610 514 αὐτοὺς,
1625 482 1666 514 είς
1689 481 1742 516 τὴν
1753 480 1802 507 τοῦ
1816 481 1872 512 ἐνὸς

1075 529 1379 565 ὲκάλειπροσκύνησιν.
1405 529 1435 555 '0
1458 528 1486 555 δὲ
1516 528 1618 563 Κύριος
1642 528 1724 563 ἡμῶν
1746 528 1872 562 Ἰησοῦςό

1075 575 1205 610 Χριστὸς,
1219 575 1265 601 ὅτε
1280 574 1392 608 γέγονεν
1405 574 1560 609 ἄνθρωπος,
1574 573 1618 600 διὰ
1630 573 1739 599 πολλῶν
1752 572 1871 608 σημείων

1074 621 1123 647 καὶ
1134 620 1331 657 ἐνεργημάτων
1346 619 1496 656 ἐγνώρισεν
1519 621 1584 655 ἡμῖν
1604 620 1637 646 δι’
1646 619 1747 646 ἑαυτοῦ
1761 619 1808 645 τὸν
1821 621 1871 646 Πα-

1074 667 1143 702 τέρα
1172 668 1220 694 καὶ
1253 667 1303 702 τὴν
1329 667 1358 693 ὲν
1387 667 1420 702 τῇ
1446 667 1512 702 ἁγίᾳ
1535 666 1633 702 Τριάδι
1665 666 1818 701 νοουμένην
1843 675 1869 692 τε

1075 713 1124 740 καὶ
1139 712 1302 747 ὑφεστῶσαν
1320 713 1429 748 ἀληθῶς
1457 713 1524 748 μίαν
1535 713 1621 745 ἔδειξε
1635 713 1766 746 θεότητος
1785 712 1869 746 φύσιν.

1075 759 1174 790 Καλῶς
1197 757 1244 786 οὖν
1267 760 1321 795 ἄρα
1344 759 1374 786 τὸ
1403 759 1511 793 ἁπάρτι
1527 759 1604 794 φησὶ,
1628 759 1672 786 διὰ
1689 760 1721 786 τὸ
1737 759 1835 791 ἀτελὲς
1845 760 1870 785 ὲν

1075 805 1176 840 γνώσει
1198 805 1253 832 τῶν
1275 805 1345 832 κατὰ
1371 805 1464 841 νόμον,
1479 806 1526 832 καὶ
1541 805 1596 832 τῶν
1607 806 1666 833 κατ’
1683 805 1810 837 ἐκείνους
1828 814 1871 832 πο-

1075 851 1266 887 λιτευομένων.
1291 851 1464 888 Σημειωτέον
1483 852 1522 885 δὲ,
1556 853 1596 879 ὅτι
1620 853 1718 880 ἑαυτὸν
1746 853 1809 879 ἀντὶ
1827 852 1870 878 τοῦ

231 897 340 926 Patrem
355 906 362 926 ;
380 905 437 925 non
455 905 538 926 secus
556 905 586 925 ac
598 897 718 925 hominis
731 897 878 932 cujusdam
891 896 964 925 illius
982 897 1021 925 sui

1078 898 1184 934 [ἰατρὸς
1195 898 1335 934 ἑωρᾶσθαι
1349 898 1449 933 λέγων,
1468 899 1517 926 οὐκ
1534 899 1683 935 ἀνατρέπει
1696 899 1729 926 τὸ
1741 899 1870 934 ὑπάρχειν

230 943 319 979 patris
334 944 432 971 volens
455 943 614 979 signiﬁcare
632 946 770 975 naturam,
796 943 917 978 seipsum
931 945 1021 970 osten-

1075 944 1183 990 ἀληθῶς
1195 953 1226 972 τε
1241 946 1289 972 καὶ
1310 945 1510 978 ἰδιοσυστάτως,
1529 947 1574 973 τὸν
1597 946 1627 978 ἐξ
1642 943 1732 981 οὗπέρ
1745 947 1806 972 ἐστι
1820 946 1869 971 Πα-

229 989 298 1017 dens
315 990 354 1017 ait
377 989 542 1023 sciscitanti,
566 989 656 1016 Meum
679 990 707 1016 in
730 996 773 1016 me
795 988 889 1016 vidisti
906 992 1021 1023 patrem.

1076 988 1144 1026 τέρα
1157 991 1205 1018 καὶ
1221 991 1298 1018 Θεόν.
1319 991 1388 1019 Ἀλλ’
1403 992 1465 1019 οὐδὲ
1477 992 1572 1020 ἑαυτὸν
1591 991 1663 1020 εἷναί
1677 1002 1746 1028 φησι
1759 992 1808 1019 τὸν
1821 992 1871 1018 Πι-

230 1035 285 1063 Sed
298 1035 381 1068 Deus,
393 1040 424 1063 ut
440 1030 672 1069 semeldicamus,
690 1036 815 1063 omnium
832 1035 1021 1071 exemplorum

1077 1037 1155 1072 τέρα,
1170 1038 1232 1064 ὅσον
1246 1035 1314 1074 ἦκεν
1330 1039 1417 1064 είπεῖν
1439 1039 1479 1070 εις
1502 1039 1648 1074 προσώπου
1663 1039 1802 1075 δήὶωσιψ
1819 1039 1871 1066 ἀλλ’

221 1082 285 1110 ‘vim
306 1087 333 1110 et
346 1083 479 1111 rationem
497 1082 616 1110 excedit.

1080 1083 1197 1120 ἐπείπερ
1215 1084 1290 1111 ἐστὶν
1303 1085 1445 1120 ὁμοούσιος
1460 1085 1498 1122 τῷ
1516 1086 1614 1122 Πατρὶ,
1639 1085 1784 1122 ὲωρᾶσθαί
1795 1094 1870 1119 φησιν

229 1127 258 1154 ὲν
274 1129 348 1165 αὐτῷ
367 1128 414 1154 τὸν
436 1128 623 1163 γεννήσαντα,
638 1128 732 1164 ὥσπερ
746 1129 779 1156 ἂν
798 1128 822 1155 εί
838 1127 885 1155 καὶ
907 1127 1053 1164 ἀνθρώπου
1076 1131 1150 1163 τινὸς
1170 1131 1227 1164 υίὸς
1240 1133 1290 1169 τὴν
1317 1133 1382 1160 ἰδίου
1401 1134 1505 1169 πατρὸς
1520 1135 1653 1170 ἐθελήσας
1669 1135 1866 1170 κατασημῶιαι

229 1175 320 1210 φύσιν.
342 1175 438 1203 ἑαυτὸν
461 1175 599 1208 ἐπιδείξας
621 1175 694 1210 λέγει
711 1175 750 1211 τῷ
772 1175 850 1203 τοῦτο
865 1179 962 1213 μαθεῖν
985 1177 1107 1205 ἐθέλοντι
1130 1178 1223 1214 τυχὸν,
1237 1179 1284 1207 τὸν
1307 1180 1373 1216 ἐμὸν
1393 1181 1422 1208 ὲν
1439 1181 1501 1217 ἐμοὶ
1523 1181 1653 1208 τεθέασαι
1670 1180 1793 1216 πατέρα.
1809 1180 1867 1211 Θεὸς

228 1223 258 1249 δὲ
286 1221 368 1248 πάλιν
393 1221 442 1256 τὴν
472 1221 518 1248 τοῦ
556 1221 778 1257 παραδείγματος
799 1222 977 1259 ὑπεραλεῖται
999 1223 1128 1262 δύναμιν.

264 1266 336 1294 XIV.
353 1267 381 1294 8.
394 1266 464 1294 Dicit
479 1267 503 1294 ei
518 1266 679 1302 Philippus:
693 1267 815 1303 Domine,
825 1271 932 1297 ostende
948 1270 1024 1298 nobis

231 1313 351 1346 Patrem,
368 1317 392 1340 et
407 1313 502 1348 sufﬁcit
516 1313 601 1341 nobis.

265 1359 392 1387 Diseendi
411 1359 522 1394 quidem
537 1359 656 1394 cupidus
675 1363 734 1387 erat
751 1359 911 1396 Philippus,
930 1361 979 1389 sed
997 1361 1024 1389 in

229 1405 496 1441 comprehendendis
509 1405 610 1433 divinis
621 1406 860 1441 speculationibus
871 1408 945 1435 haud
957 1408 1025 1436 satis

229 1456 338 1479 acutus.
349 1451 405 1479 Nec
415 1451 490 1479 enim
501 1451 554 1479 sibi
567 1452 752 1486 persuasisset
765 1461 885 1488 unquam
897 1454 1023 1490 corporis

229 1498 321 1526 oculis
343 1498 462 1526 divinam
490 1505 506 1525 a
531 1505 560 1525 se
579 1502 706 1525 naturam
736 1500 931 1534 comprehendi
965 1508 1022 1528 non

230 1552 323 1580 posse,
338 1544 404 1571 licet
419 1548 514 1579 aperte
542 1543 599 1572 Deo
631 1544 762 1572 dicente:
785 1555 794 1571 ε
829 1545 890 1573 Non
920 1545 1024 1574 videbit

230 1591 313 1618 homo
331 1591 429 1619 faciem
458 1598 561 1623 meam,
583 1593 610 1618 et
629 1591 702 1618 vivet
712 1591 745 1619 ⁸⁸.
769 1601 779 1618 ι
799 1591 930 1625 Quamvis
949 1593 1022 1621 enim

1112 1273 1196 1308 Λέγει
1219 1271 1299 1308 αὺτῷ
1314 1274 1464 1308 Φίλιππος
1477 1282 1484 1290 '
1501 1275 1601 1309 Κύριε,
1618 1274 1722 1306 δεῖξον
1737 1276 1811 1311 ἡμῖν
1824 1275 1868 1302 τὸν

1074 1320 1201 1354 Πατέρα,
1215 1320 1264 1347 καὶ
1277 1321 1365 1355 ἀρκεῖ
1378 1321 1460 1356 ἡμῖν.

1109 1368 1262 1404 Φιλομαθὴς
1282 1369 1330 1404 μὲν
1351 1370 1365 1396 ό
1380 1369 1523 1401 Φίλιππος,
1540 1369 1611 1405 πλὴν
1628 1370 1658 1396 οὐ
1674 1370 1736 1397 λίαν
1753 1370 1818 1402 ὀξὺς
1833 1371 1866 1402 εἰς

1076 1413 1185 1440 σύνεσιν
1199 1414 1249 1450 τὴν
1271 1415 1332 1445 ταῖς
1359 1413 1499 1446 θεοπτὶαις
1511 1416 1753 1451 πρεπωδεστέραν.
1767 1417 1803 1443 Οὐ
1819 1417 1865 1457 γὰρ

1076 1458 1109 1485 ἂν
1126 1458 1201 1494 ᾠήθη
1214 1458 1279 1486 ποτὲ
1292 1460 1350 1492 τοῖς
1363 1459 1410 1486 τοῦ
1425 1460 1551 1496 σώματος
1571 1461 1723 1497 ὀφθαλμοῖς
1737 1462 1788 1497 τὴν
1800 1463 1867 1490 θείαν

1077 1505 1186 1540 ίσχῦσαι
1201 1505 1423 1533 καταθεάσασθαι
1443 1507 1534 1541 φύσιν,
1552 1507 1641 1534 καίτοι
1659 1508 1812 1545 διαρρήδην
1829 1510 1868 1537 λέ.

1076 1559 1169 1584 γοντος
1181 1550 1228 1578 τοῦ
1246 1551 1330 1578 Θεοῦ·
1348 1562 1357 1578 ι
1373 1553 1468 1585 Οὐδεὶς
1481 1553 1575 1588 ὕψεται
1594 1554 1625 1581 τὸ
1645 1555 1794 1591 πρόσωπόν
1810 1566 1866 1592 μου,

1077 1598 1123 1624 καὶ
1135 1597 1256 1634 ζήσεται.
1276 1607 1285 1624 ι
1302 1599 1333 1626 Et
1349 1599 1403 1635 γὰρ
1430 1600 1477 1626 καὶ
1503 1599 1582 1636 ὤφθη
1599 1601 1665 1628 ποτὲ
1690 1603 1748 1634 τοῖς
1773 1603 1866 1637 ἁγίοις,

229 1638 335 1666 sanctis
365 1637 514 1673 aliquando
524 1637 601 1665 visus
619 1637 667 1669 sit,
685 1643 715 1665 ut
738 1638 872 1667 divinitus
891 1639 1021 1675 inspirata

1075 1643 1113 1676 ὡς
1128 1645 1145 1679 ἡ
1162 1643 1340 1678 θεόπνευστος
1356 1646 1408 1682 ἔφη
1426 1646 1532 1683 Γραφὴ,
1546 1647 1661 1675 ἀλλὀὐκ
1671 1649 1715 1681 ἂν,
1727 1647 1817 1684 οἶμαι,
1830 1650 1868 1682 τὶς

229 1684 372 1719 Scriptura
394 1685 536 1719 praedicat,
554 1690 637 1711 nemo
652 1689 744 1712 tamen
756 1693 890 1720 unquam,
912 1691 940 1713 ut
954 1693 1028 1717 reor,

227 1731 368 1766 putaverit
398 1729 606 1759 manifestatam
639 1731 726 1759 fuisse
753 1735 880 1758 naturam
904 1730 1026 1758 divinam

228 1785 260 1805 eo
276 1777 359 1804 modo
371 1784 427 1812 quo
444 1784 474 1805 se
494 1777 577 1805 habet
595 1778 622 1805 in
642 1778 745 1812 seipsa,
774 1776 823 1804 sed
848 1783 899 1811 pro
917 1776 1026 1804 ratione

228 1823 362 1858 temporis
380 1822 457 1850 varia
471 1823 524 1851 sub
542 1823 630 1851 forma
643 1824 730 1851 visam
743 1830 816 1851 esse.
826 1823 933 1858 Quippe
947 1823 1024 1850 vario

228 1868 311 1896 modo
326 1869 466 1904 prophetae
481 1876 543 1896 eam
563 1869 718 1905 conspicati
734 1873 808 1901 sunt,
826 1868 915 1903 deque
930 1875 962 1895 ea
977 1875 1025 1895 va-

227 1916 287 1942 rius
303 1915 375 1950 apud
388 1913 450 1943 illos
464 1922 557 1943 sermo
571 1916 720 1950 reperitur.
750 1913 836 1942 lsaias
863 1914 936 1941 enim
965 1920 1022 1941 uno

227 1961 329 1988 modo:
348 1960 476 1988 Ezechiel
495 1969 562 1988 vero
586 1969 641 1989 non
655 1961 752 1988 eadem
768 1968 801 1988 ac
826 1959 873 1987 ille
901 1960 1021 1988 ratione.

227 2006 346 2034 Docebat
364 2007 457 2042 itaque
472 2006 630 2042 Philippum
650 2007 804 2042 intelligere
832 2006 889 2034 ﬁeri
907 2007 1020 2034 omnino

227 2060 282 2080 non
302 2060 385 2088 posse
413 2057 444 2080 ut
467 2053 588 2082 divinam
616 2053 798 2081 substantiam
815 2060 865 2088 per
895 2060 1019 2085 carnem,

227 2100 286 2128 sive
299 2107 362 2127 cum
379 2108 463 2128 carne
479 2100 542 2135 quis
562 2101 723 2135 perspiciat.
745 2099 857 2134 Alioqui
878 2100 1022 2135 prudentis

226 2149 254 2172 et
273 2146 380 2181 sagacis
400 2154 456 2173 non
469 2150 541 2177 erat,
559 2153 622 2172 cum
640 2146 730 2181 imago
756 2149 783 2173 et
800 2145 1020 2181 perfectissimus

227 2189 369 2218 character
384 2190 432 2218 Dei
445 2198 476 2218 ac
490 2189 582 2217 Patris
597 2189 623 2217 ei
639 2190 749 2218 adesset
759 2191 793 2224 ⁸⁸,
819 2191 909 2226 ipsum
928 2191 1021 2227 requi-

226 2244 288 2264 rere
309 2237 488 2272 archetypum
512 2237 637 2264 nondum
661 2237 770 2265 adesset
790 2241 817 2265 et
833 2245 866 2265 ea
891 2245 945 2273 qua
971 2245 1020 2273 par

1075 1690 1246 1726 ὑποτοπήσαι
1264 1692 1329 1718 ποτὲ
1347 1692 1460 1728 ἐμφανῆ
1474 1693 1523 1729 τὴν
1544 1694 1619 1721 θείαν
1633 1695 1765 1729 γενέσθαι
1778 1697 1866 1732 φύσιν,

1074 1735 1171 1769 οὕτως,
1187 1737 1224 1769 ὡς
1240 1737 1297 1773 ἔχει
1328 1738 1388 1766 καθ’
1404 1739 1515 1774 ἑαυτὴν,
1531 1739 1696 1768 πλάττεσθαι
1726 1742 1755 1768 δὲ
1772 1743 1868 1778 μᾶλλον

1073 1785 1114 1816 είς
1128 1784 1159 1810 τὸ
1171 1783 1210 1819 τῷ
1223 1785 1313 1821 καιρῷ
1328 1785 1554 1822 πρεπωδέστερον
1574 1787 1678 1823 σχῆμα.
1697 1788 1754 1815 Καὶ
1770 1789 1834 1823 γοῦν
1847 1791 1868 1816 oi

1075 1830 1212 1865 προφῆται
1227 1830 1363 1867 διαφόρως
1378 1831 1460 1859 αὐτὸν
1474 1833 1628 1869 τεθέανται,
1644 1835 1692 1862 καὶ
1706 1836 1832 1868 ποικίλος
1843 1846 1868 1863 τε

1074 1875 1139 1911 περὶ
1150 1875 1217 1902 Θεοῦ
1231 1877 1296 1911 παρ’
1312 1876 1426 1910 ἐκείνοις
1439 1878 1453 1904 ὁ
1464 1878 1554 1914 λόγος.
1572 1880 1601 1907 '0
1612 1881 1664 1917 μὲν
1677 1881 1731 1917 γὰρ
1757 1882 1869 1915 Ἡσαΐας

1073 1919 1192 1956 ἑτέρως’
1220 1921 1350 1958 Ἰεζεχιὴλ
1377 1922 1406 1949 δὲ
1423 1923 1505 1951 πάλιν
1529 1924 1579 1961 οὐχ
1610 1926 1713 1961 ὁμοίως
1738 1927 1781 1964 τῷ
1807 1934 1869 1965 παρ’

1073 1965 1171 2001 ἐκείνῳ
1186 1966 1305 2002 θαύματι
1323 1967 1378 2004 [ίσ.
1393 1968 1533 2007 eadunt].
1556 1972 1630 1999 Ἔδει
1642 1973 1733 2000 τοίνυν
1750 1975 1869 2011 συνιέναι

1072 2011 1118 2038 τὸν
1138 2011 1280 2045 Φίλιππον,
1297 2013 1335 2046 ὡς
1363 2012 1397 2050 ἦν
1411 2024 1437 2042 τι
1462 2016 1517 2044 τῶν
1539 2018 1689 2053 ἀμηχάνων
1717 2021 1868 2054 παντελῶς,

1071 2057 1122 2093 τὴν
1156 2058 1230 2086 θείαν
1260 2059 1392 2088 δύνασθαι
1407 2063 1528 2090 κατιδεῖν
1552 2065 1657 2099 οὐσίαν,
1670 2067 1719 2094 καὶ
1729 2068 1813 2096 τοῦτο
1827 2069 1868 2096 διὰ

1073 2103 1184 2151 σαρκὸς,
1214 2105 1263 2132 καὶ
1282 2106 1312 2132 οὺ
1349 2108 1419 2142 μετὰ
1447 2110 1558 2146 σαρκὸς,
1575 2111 1619 2138 ὅτε
1647 2113 1695 2140 καὶ
1716 2114 1748 2141 οὑ
1767 2116 1867 2151 σφόδρα

1070 2149 1207 2184 νουνεχὲς,
1223 2151 1364 2188 παρούσης
1376 2154 1451 2189 αὑτῷ
1470 2155 1520 2190 τῆς
1535 2156 1650 2191 εἰκόνος,
1675 2159 1723 2185 καὶ
1737 2149 1868 2196 ἀκριϐοῦς

1071 2195 1246 2240 χαρακτῆρος
1262 2197 1309 2223 τοῦ
1322 2197 1389 2225 Θεοῦ
1406 2199 1453 2226 καὶ
1474 2200 1592 2237 Πατρὸς,
1620 2203 1663 2229 ἐπ’
1684 2203 1752 2231 αὐτὸ
1777 2195 1866 2240 ζητεῖν

1073 2239 1142 2266 ἱέναι
1159 2240 1190 2266 τὸ
1213 2241 1378 2277 ἀρχέτυπον,
1408 2244 1444 2276 ὡς
1472 2244 1549 2273 οῦπω
1572 2247 1669 2283 παρὸν,
1696 2249 1744 2275 καὶ
1763 2239 1824 2276 καθ’
1840 2250 1867 2276 δν

226 2287 286 2311 erat
300 2284 408 2311 ratione
422 2282 644 2310 demonstratum
669 2286 754 2310 esset.
777 2283 819 2310 Ad
835 2283 1018 2312 exhibendam

1074 2286 1126 2313 ἔδει
1156 2286 1236 2322 λόγον
1267 2289 1430 2325 ὲπιδειχθέν.
1465 2282 1627 2330 Ἰκανωτάτή
1657 2295 1712 2331 γὰρ
1743 2295 1806 2323 λίαν
1829 2298 1866 2329 εἰς

226 2329 300 2357 enim
312 2337 344 2356 ac
356 2328 609 2364 reprmsentandam
623 2327 669 2356 Dei
683 2336 715 2356 ac
730 2328 821 2357 Patris
834 2329 1018 2357 substantiam

227 2376 289 2410 plus
310 2375 377 2403 satis
391 2374 492 2402 suliicit
508 2374 704 2409 contemplatio
722 2374 838 2407 Christi,
861 2375 910 2410 qui
939 2379 1018 2410 opta-

226 2421 367 2449 tissimum
396 2420 465 2448 illud
495 2421 582 2448 decus
606 2421 706 2457 regalis
733 2421 807 2450 unde
840 2422 948 2458 genitus
976 2425 1019 2450 est

226 2467 390 2496 substantiae
406 2471 484 2495 recte
501 2472 528 2494 et
558 2473 688 2496 accurate
710 2468 851 2504 exprimit.
882 2469 904 2495 A
924 2469 1017 2497 fructu

225 2515 298 2542 enim
324 2514 407 2542 arbor
425 2515 612 2550 cognoscitur,
634 2514 714 2550 juxta
742 2515 831 2550 ipsius
859 2514 1018 2543 Servatoris

225 2567 320 2587 vocem
337 2560 371 2586 ".
393 2560 460 2587 Cum
485 2560 569 2596 igitur
592 2559 652 2588 Filii
677 2560 874 2595 contemplatio
902 2560 1017 2589 cordate

225 2604 344 2632 sulliciat
366 2604 399 2631 ad
421 2605 669 2634 demonstrandum
695 2609 723 2633 et
740 2609 838 2633 exacte
862 2605 1016 2634 docendum

225 2649 356 2686 quidnam
381 2650 416 2678 sit
441 2652 594 2679 secundum
616 2655 743 2680 naturam
759 2655 786 2679 et
813 2651 875 2686 ejus
897 2652 1016 2688 genitor,

224 2703 446 2730 supervacaneus
458 2697 553 2725 forsan
565 2698 695 2734 discipuli
708 2705 800 2726 sermo
813 2697 896 2725 videri
909 2702 1014 2733 potest:

227 2749 331 2768 summa
345 2746 437 2771 tamen
460 2743 542 2771 laude
566 2752 622 2771 non
647 2744 762 2771 carebit.
791 2742 847 2771 Nec
864 2745 936 2772 enim
955 2753 1014 2772 me-

225 2785 355 2814 diocriter
399 2787 593 2816 admirandum
631 2796 692 2817 esse
728 2793 814 2825 puto,
859 2797 921 2817 cum
956 2790 1014 2818 ait:

1072 2332 1246 2379 παράστασιν
1274 2335 1325 2370 τῆς
1356 2337 1452 2370 οὐσίας
1481 2338 1529 2365 τοῦ
1552 2339 1619 2366 Θεοῦ
1644 2341 1691 2368 καὶ
1714 2342 1865 2379 Πατρὺς,ή

1071 2378 1192 2414 Χριστοῦ
1207 2379 1318 2416 θεωρία,
1336 2382 1427 2415 καλῶς
1445 2392 1475 2410 τε
1499 2385 1545 2411 καὶ
1562 2385 1686 2422 ἀκριϐῶς
1708 2378 1865 2423 ἐξυφαίνον-

1070 2433 1117 2457 τος
1131 2426 1161 2452 τὸ
1176 2426 1338 2462 ἀξιέραστον
1357 2429 1466 2463 κάλλος,
1483 2431 1532 2466 τῆς
1545 2431 1606 2459 ὅθεν
1619 2433 1702 2468 ἐξέφυ
1721 2434 1865 2471 βασιλικῆς

1070 2471 1174 2504 οὐσίας.
1194 2473 1260 2499 ’Δπὸ
1272 2473 1326 2510 γὰρ
1342 2474 1390 2501 τοῦ
1401 2476 1508 2512 καρποῦ
1520 2478 1550 2504 τὸ
1562 2478 1668 2515 δένδρον
1683 2481 1864 2515 ἐπιγινώσκε-

1070 2525 1127 2549 ται,
1140 2517 1210 2545 κατὰ
1223 2519 1273 2554 τὴν
1286 2519 1368 2547 αὑτοῦ
1385 2521 1431 2548 τοῦ
1444 2522 1570 2559 Σωτῆρος
1589 2525 1692 2560 φωνήν,
1717 2526 1864 2563 Ἐξαρκού-

1072 2570 1122 2597 σης
1132 2563 1276 2599 τοιγαροῦν
1289 2565 1328 2601 τῷ
1337 2574 1368 2600 γε
1386 2566 1460 2601 ἅπαξ
1476 2568 1579 2604 συνετῷ
1590 2570 1640 2605 τῆς
1656 2569 1704 2597 τοῦ
1714 2571 1782 2599 Υίοῦ
1801 2573 1862 2600 Dem-

1070 2608 1132 2643 ρίας
1148 2611 1188 2643 είς
1199 2611 1372 2646 παράστασίν
1386 2622 1416 2640 τε
1430 2614 1476 2641 καὶ
1491 2615 1592 2651 ἀκριϐῆ
1609 2616 1811 2654 πληροφορίαν,
1823 2619 1861 2651 τίς

1069 2654 1102 2680 ἂν
1113 2654 1155 2690 εῐη
1182 2656 1254 2683 κατὰ
1277 2656 1358 2691 φύσιν
1376 2658 1425 2685 καὶ
1437 2660 1595 2696 ὁγεννήσας
1612 2662 1695 2689 αὐτόν
1707 2671 1716 2678 ·
1735 2665 1860 2699 περιττὸς

1071 2699 1120 2746 μὲν
1132 2701 1280 2733 ίσωςότοῦ
1298 2704 1420 2739 μαθητοῦ
1446 2705 1571 2740 φαίνεται
1595 2707 1685 2742 λόγος,
1714 2709 1786 2746 πλὴν
1813 2711 1859 2736 οὐκ

1068 2745 1121 2778 ἔξω
1136 2747 1257 2774 κείσεται
1271 2748 1326 2776 τῶν
1338 2751 1376 2782 εἰς
1390 2751 1476 2787 ἄκρον
1492 2752 1609 2780 ἐπαίνων
1626 2754 1761 2789 ἡκόντων.
1776 2757 1858 2783 Αὐτὸν

1068 2792 1122 2827 γὰρ
1135 2790 1212 2828 οἶμαι
1233 2795 1288 2822 δεῖν
1317 2796 1346 2823 οὐ
1376 2798 1496 2834 μετρίως
1515 2799 1712 2836 ἀποθαυμάσαι
1724 2801 1855 2837 λέγοντα·

262 2872 285 2889 ⁸⁵
299 2875 384 2904 Exod.
405 2883 511 2911 xxxm,
540 2876 587 2904 20.
627 2876 649 2893 ⁵⁵
667 2876 688 2903 ll
706 2877 770 2907 Cor.
796 2886 832 2917 tv,
858 2880 875 2907 ι
925 2879 949 2895 ⁸⁸
977 2880 1072 2909 Matth.
1101 2889 1155 2917 xu,
1173 2883 1218 2912 55.
