1926 3041
96 162 144 190 20!

610 169 642 198 ΙΝ
661 171 803 199 JOANNIS
821 170 1045 200 EVANGELIUM
1070 172 1134 202 ΜΒ.
1152 172 1196 201 1X.

1672 179 1724 208 20E!
1736 188 1737 191 ‘

98 228 110 245 ι
123 219 212 252 Δεῖξον
225 221 292 256 ἡμῖν
309 222 353 249 τὸν
369 224 487 260 Πατέρα,
502 226 546 252 καὶ
566 227 645 262 ἀρκεῖ
659 229 735 263 ἡμῖν.
748 238 756 253 ι
775 229 871 264 Ὅμοιο

942 239 952 255 ‹
969 229 1087 259 Ostende
1112 230 1191 260 nobis
1214 231 1332 264 Patrem,
1357 238 1383 260 et
1402 233 1501 261 sullieit
1516 235 1604 262 nobis.
1623 244 1633 262 ι
1652 235 1723 265 Idem

95 266 150 302 γὰρ
165 266 201 298 ὡς
218 268 243 293 εἰ
256 268 308 304 ἔφη
325 270 422 305 τυχόν·
449 272 542 308 Πάσης
560 274 592 300 ἂν
610 275 674 301 εἴσω
690 275 817 308 γενέσθαι
836 276 886 310 τῆς

96 311 229 347 eum-165a;
243 315 528 352 ὁμολογήσαιμεν,καὶ
537 320 606 354 πρὸς
616 321 645 346 τὸ
659 320 727 347 εἶναι
742 321 886 356 μακαρίως

94 355 171 383 οὐδέν
183 357 242 384 ἐστι
260 357 316 394 [γρ.
333 360 385 396 ἔτι]
408 361 439 388 τὸ
462 362 555 390 λεῖπον
586 355 764 401 ζητήσαιμεν,
790 355 885 401 είγτῆς

93 402 141 428 τοῦ
158 403 228 431 Θεοῦ
245 406 293 432 καὶ
312 407 419 444 Πατρὸς
440 409 623 446 ἀξιωθείημεν
638 412 805 439 πολυεύκτου
821 413 885 445 Θέας

51 469 54 472 .
95 449 140 474 καὶ
150 449 238 477 αὐτοί.
262 451 290 478 '0
307 452 335 478 δὲ
356 454 456 487 παντὸς
485 455 597 491 προθεὶς
623 457 738 492 ἀγαθοῦ,
764 459 813 485 καὶ
836 458 884 485 τοῦ

92 494 236 529 δοκοῦντος
262 499 301 529 εἰς
319 499 452 534 εὐθυμίαν
483 501 630 534 συντελεῖν,
645 503 695 539 τὴν
713 503 760 531 τοῦ
777 505 883 540 [ἰατρὸς

93 539 169 572 Θὲαν.
190 541 250 574 πῶς
267 543 317 569 οὐκ
329 544 363 571 ἂν
377 545 533 580 ὁμολογοῖτο
550 548 649 580 παντὸς
663 549 797 585 ὑπάρχειν
808 550 883 583 ἄξιος

92 586 233 622 Θαύματος
245 597 252 621 ;
277 589 356 617 Οὕτω
373 591 421 626 μὲν
436 590 482 619 οὖν
492 593 527 620 τὰ
541 595 570 621 ὲν
583 595 621 630 τῷ
640 596 812 632 προκειμένῳ
826 597 882 624 δια-

90 631 245 668 ληψόμεθα,
263 635 390 672 καθάπερ
414 635 502 673 οἶμαι,
514 641 585 667 κατὰ
599 642 650 676 τὴν
666 642 777 677 εὐστιϐἦ
794 652 823 670 τε
835 644 882 670 καί

90 679 281 717 ἁπλουστέραν
291 684 348 714 τοῖς
379 684 484 717 πολλοῖς
501 686 626 723 θεωρίαν,
640 688 671 714 Ei
685 688 712 714 δὲ
725 690 777 724 χρή
792 698 818 716 τι
835 690 881 716 καὶ

90 727 302 763 περιεργότερον
320 729 393 762 ἰδεῖν,
415 731 462 757 καὶ
483 732 553 767 τάχα
567 733 662 759 τιτῶν
681 735 880 770 κεκρυμμένων

89 770 189 804 εἰπεῖν,
219 773 368 808 οἰησόμεθά
387 784 412 801 τι
435 776 480 803 τὺν
502 777 635 805 Φίλιππον
651 780 753 815 φράσαι
767 789 796 806 τε
812 781 880 815 ὁμοῦ

89 815 137 841 καὶ
163 816 261 850 νοῆσαι
286 819 415 847 τοιοῦτον.
449 822 652 851 Κατεδάκνοντο
673 826 737 860 γὰρ,
763 826 808 852 ἐπὶ
823 828 880 857 τοῖς

87 860 134 887 τοῦ
150 862 278 898 Σωτῆρος
292 864 439 901 θαύμασιν,
450 867 475 893 οἱ
486 868 541 894 τῶν
561 869 695 897 Ἰουδαίων
710 873 878 907 προεστηκό·

86 913 143 938 τες,
158 907 208 933 καὶ
222 908 289 943 πρὸς
302 910 407 942 τούτοις
427 911 467 938 ἔτι
492 913 670 950 Γραμματεϊς
689 925 718 943 τε
736 917 783 943 καὶ
797 917 878 951 Φαρι-

87 952 170 984 σαῖοι,
189 953 238 980 καὶ
267 955 327 985 ταῖς
349 956 514 992 ἀμετρήτοις
540 959 724 996 Θεοσημείαις,
753 962 878 998 καθάπερ

84 999 140 1024 τισὶ
157 998 244 1031 λίθοις
256 1001 296 1031 εἰς
324 1003 437 1037 καρδίαν
461 1004 629 1040 βαλλόμενοι,
649 1008 696 1034 καὶ
711 1009 877 1044 ἐρρήγνυντο

84 1044 122 1079 τῷ
136 1044 240 1081 φθόνῳ,
255 1047 302 1073 καὶ
317 1047 412 1083 δρᾶσαι
425 1049 475 1084 μὲν
487 1060 513 1077 τι
530 1052 599 1087 πρὸς
613 1053 709 1086 ταῦτα,
724 1055 770 1081 καὶ
784 1064 878 1090 τερατ-

84 1090 238 1124 ουργοῦντα
262 1091 422 1120 διακωλύειν
449 1095 483 1121 δι’
505 1097 613 1129 οὐδενὸς
641 1099 744 1134 ἰσχύειν
777 1100 876 1136 ᾔδεσαν

83 1135 186 1182 τρότεου
200 1144 207 1151 ·
235 1136 410 1174 διασύροντες
437 1141 465 1167 δὲ
491 1142 561 1169 οὕτω
576 1144 609 1170 τὰ
623 1145 783 1180 παραδόξως
796 1156 875 1182 γεγε-

83 1181 200 1215 νημένα,
215 1182 264 1208 καὶ¹
279 1185 333 1215 τοῖς
347 1184 490 1220 ἐξαπάτης
501 1189 770 1224 κατασμικρύνοντες
787 1181 875 1224 λόγοις

82 1227 132 1261 τὴν
145 1226 227 1259 δόξαν
242 1228 336 1261 αὐτοῦ,
349 1230 404 1257 ἄνω
413 1240 442 1257 τε
452 1233 498 1259 καὶ
513 1234 587 1260 κάτω
596 1235 644 1270 τὴν
658 1235 713 1262 τῶν
740 1237 874 1264 Ἰουδαίων

81 1270 237 1304 διαθέοντες
261 1273 363 1309 χώραν,
387 1276 470 1311 αὑτήν
486 1286 515 1303 τε
533 1278 583 1313 τὴν
605 1280 792 1316 Ἰερουσαλὴμ,
810 1284 874 1309 ποτὲ

83 1316 134 1351 μὲν
163 1317 283 1353 ἔφασκον
305 1321 334 1346 ἐν
363 1320 523 1354 Βεελζεὸοὺλ
544 1324 627 1352 αὐτὸν
653 1327 816 1361 ἐργάζεσθαι
840 1330 874 1356 τὰ

81 1365 185 1398 σημεῖα
195 1373 202 1380 ’
231 1365 298 1391 ποτὲ
311 1366 339 1392 δὲ
364 1367 445 1394 πάλιν
459 1369 499 1400 εἰς
518 1370 669 1400 ἀκάθεκτον
683 1373 781 1406 μανίαν
803 1374 873 1407 ἐξοι-

81 1409 256 1444 στρούμενοι,
284 1411 413 1448 δαιμονᾷν
445 1414 495 1449 μὲν
521 1415 651 1450 ἔφασκον,
667 1418 717 1444 οὐκ
731 1419 829 1446 εἰδέναι
843 1421 871 1447 δὲ

82 1454 100 1481 ἆ
125 1464 219 1492 φησιν.
255 1457 406 1493 Ἐπετίμων
438 1460 490 1495 γὰρ
512 1462 568 1493 τοῖς
607 1462 696 1498 ὄχλοις
729 1463 870 1498 λέγοντες·

83 1509 92 1525 ι
108 1500 253 1536 Δαιμόνιον
262 1501 328 1537 ἔχει,
351 1504 398 1530 καὶ
412 1505 538 1539 μαίνεται
573 1507 600 1532 τί
621 1508 701 1535 αὐτοῦ
721 1509 868 1541 tinctis-tau

85 1545 157 1572 Ἀλλ.

79 1636 217 1669 εὐκλείαις
227 1639 371 1674 ἀφορήτους
386 1640 624 1678 ἀντεγειρόμενος,
638 1645 680 1677 τίς
694 1645 722 1672 δὲ
737 1643 814 1678 οὗτος
824 1645 868 1682 ἦν,

78 1681 235 1716 ἀναγκαίως
246 1683 311 1719 ἐρῶ.
341 1684 493 1713 Ἀνὲπειθον
507 1687 560 1723 γὰρ
582 1689 644 1721 τοὺς
664 1690 776 1726 δήμους,
787 1681 871 1718 καεὶνά-

78 1735 132 1763 περ
168 1728 273 1764 ἀρτίως
294 1729 446 1766 ἐδείξαμεν,
457 1732 502 1759 τὸν
524 1733 574 1768 μὲν
590 1735 664 1770 παρὰ
681 1736 727 1763 τοῦ
742 1737 870 1773 Σωτῆρος

78 1773 157 1808 ἡμῶν
167 1774 206 1810 μὴ
217 1775 376 1810 προσίεσθαι
385 1777 628 1815 λόγον,ἀποφοιτᾷν
639 1781 678 1814 δὲ,
689 1781 726 1813 ὡς
733 1782 870 1810 διδάσκον-

76 1826 124 1850 τος
141 1820 218 1855 παρὰ
243 1821 288 1847 τὸν
312 1822 404 1858 νόμον,
428 1824 476 1851 καὶ
491 1824 529 1856 ὡς
557 1827 727 1861 πορρωτάτω
757 1829 870 1864 φεύγειν

77 1865 255 1899 ἐπείγεσθαι,
269 1870 446 1903 προσκεῖσθαι
462 1870 490 1897 δὲ
511 1871 610 1906 μᾶλλον
620 1874 676 1905 τοῖς
690 1874 734 1900 διὰ
745 1876 867 1908 Μωσέως

76 1911 313 1948 τεθεσπισμένοις.
331 1915 385 1941 Καὶ
395 1916 438 1943 διὰ
454 1917 533 1943 ποίαν
543 1919 632 1945 αἰτίαν
643 1928 650 1951 ;
660 1921 799 1954 Ἔφασκον
813 1923 867 1958 γὰρ

77 1957 118 1984 ὅτι
137 1958 242 1994 Μωσῆς
253 1960 303 1995 μὲν
317 1961 331 1987 ό
348 1961 435 1996 μέγας
446 1964 510 1995 τοὺς
529 1963 614 1991 πάλαι
626 1965 707 1998 λαοὺς
720 1967 866 2003 ἐξήνεγκεν

77 2003 116 2034 εἰς
130 2005 294 2040 συνάντησιν
308 2007 355 2033 τοῦ
367 2008 434 2034 Θεοῦ
443 2029 451 2041 ,
467 2010 538 2037 κατὰ
552 2011 582 2037 τὸ
596 2013 801 2048 γεγραμμένον,
820 2015 867 2041 καὶ

77 2050 250 2086 παρέστησεν
266 2053 312 2079 ἐπὶ
326 2053 354 2079 τὸ
366 2054 428 2090 ὅρος
443 2056 472 2082 τὸ
485 2056 564 2090 Σινᾶ,
590 2057 673 2090 ἔδειξέ
686 2067 716 2085 τε
733 2060 826 2092 αὐτοῖς
838 2062 866 2087 ἐν

76 2094 115 2130 τῷ
134 2096 193 2131 ὃρει
204 2097 250 2123 τὸν
263 2098 328 2124 Θεὸν
338 2119 345 2131 ,
360 2099 407 2126 καὶ
423 2100 538 2127 ἀκοῦσαι
553 2103 742 2137 παρεσκεύασε
758 2105 811 2132 τῶν
824 2105 867 2132 λό-

77 2148 132 2174 γων
150 2142 488 2180 αὑτοῦ,πεπληροφόρηκέ
505 2154 533 2172 τε
548 2148 594 2181 καὶ
610 2147 681 2182 μάλα
697 2149 801 2183 σαφῶς,
825 2151 865 2177 ὅτι

75 2185 140 2218 Θεὸς
154 2187 244 2213 ἐλάλει
264 2189 327 2220 τοὺς
349 2189 448 2224 νόμους
460 2199 466 2206 ⁸
494 2191 508 2217 ὁ
523 2191 551 2217 δὲ
575 2193 676 2219 τούτων
690 2193 764 2219 οὐδὲν
780 2194 863 2226 ἔδειξε

76 2232 226 2263 παντελῶς.
253 2233 313 2260 Ὀτι
337 2234 365 2260 δὲ
382 2231 459 2267 οὗτος
479 2234 512 2271 ἦν
529 2237 613 2269 πολὺς
635 2238 699 2273 παρ’
713 2239 828 2271 ἐκείνοις
851 2242 865 2266 ὁ
880 2249 903 2277 ί)

74 2277 171 2311 λόγος,
193 2278 319 2305 ἐντεῦθεν
344 2281 463 2317 μαοήσῃ.
490 2282 643 2318 Θεωρὴσεις
665 2283 718 2319 γὰρ
736 2285 864 2318 λέγοντας

74 2323 141 2358 πρὸς
154 2323 200 2350 τὸν
215 2324 247 2351 ὲκ
265 2326 378 2361 γενετῆς
392 2327 505 2361 τυφλὸν,
522 2328 551 2355 ὃν
563 2329 675 2364 ἀρρήτῳ
691 2330 802 2365 δυνάμει
820 2339 862 2356 τε·

72 2369 245 2405 θεράπευκεν
273 2372 287 2397 ὁ
309 2372 422 2407 Σωτήρ·
453 2383 462 2399 ι
489 2374 673 2409 Συμμαθητὴς
695 2373 720 2401 εἷ
745 2376 860 2408 ἐκείνου,

71 2416 153 2450 ἡμεῖς
169 2416 198 2442 δὲ
212 2416 261 2442 τοῦ
280 2417 401 2449 Μωσέως
422 2419 505 2454 ἐσμὲν
526 2420 655 2455 μαθηταί.
688 2421 783 2456 Ἡμεῖς
807 2423 861 2457 γὰρ

71 2462 183 2496 οἴδαμεν
197 2462 239 2488 ὄτι
255 2463 341 2498 Μωσῇ
358 2463 504 2500 λελάληκεν
521 2466 535 2491 ὁ
549 2465 614 2498 Θεός
626 2474 633 2481 ·
658 2466 751 2494 τοῦτον
770 2468 798 2494 δὲ
811 2469 861 2495 οὐκ

71 2506 184 2541 οἴδαμεν
199 2507 280 2534 πόθεν
293 2509 377 2536 ἐστίν.
394 2519 403 2534 ›
429 2511 567 2545 Ἐνόμιζον
579 2512 669 2538 τοίνυν
682 2513 706 2538 oi
721 2514 777 2545 τοῖς
799 2513 861 2540 ’1ου-

71 2552 175 2584 δαῖκοῖς
202 2555 430 2589 συναγορεύοντες
452 2557 585 2591 δόγμασι,
612 2558 860 2592 δυσανταγώνιστόν

71 2606 130 2624 τινα
147 2599 194 2625 τὸν
207 2599 255 2625 ἐπὶ
265 2599 369 2632 τούτοις
382 2602 515 2629 ποιεῖσθαι
534 2602 622 2638 λόγον,
638 2605 683 2631 καὶ
697 2605 746 2631 οὐκ
763 2605 861 2631 εὐανά-

72 2651 189 2679 τρεπτον
205 2645 263 2676 τοῖς
287 2645 410 2678 πολλοῖς,
434 2648 579 2686 ἐθορύϐουν
592 2649 630 2682 δὲ,
644 2650 680 2681 ὡς
705 2650 791 2682 είκὺς,
814 2652 860 2678 καὶ

71 2689 250 2722 ὑπεσκέλιζον
275 2690 318 2717 διὰ
333 2691 427 2718 τούτου
446 2693 569 2726 πολλούς.
592 2694 678 2720 Τοῦτο
692 2695 751 2721 καθ’
764 2695 860 2723 ἑαυτὸν

70 2733 199 2769 ἐννοήσας
222 2734 237 2760 ό
249 2735 382 2766 Φίλιππος
391 2756 399 2769 ,
425 2737 462 2768 ὠς
474 2737 661 2773 λυθησομένης
686 2739 795 2774 ἁπάσης
809 2740 860 2774 τῆς

70 2778 122 2806 τῶν
147 2779 286 2806 Ἰουδαίων
306 2779 473 2814 ἀντιλογίας,
496 2782 519 2807 εί
538 2783 585 2808 καὶ
609 2783 689 2814 αὐτος
707 2783 817 2814 δείξειεν
845 2784 860 2809 ὁ

104 2869 125 2886 ⁸⁷
145 2868 216 2897 Luc.
233 2877 273 2901 ιιι,
294 2870 337 2898 Ιό.
376 2871 398 2887 ⁸⁸
422 2870 501 2899 Joan.
519 2880 546 2904 ι,
561 2873 605 2900 ‘20.

234 2916 367 2948 Pamon.
389 2918 445 2948 Gn.
468 2919 590 2949 LXXIV.

659 2874 679 2888 ³η
699 2873 782 2900 Exod.
809 2880 865 2900 χιχ.
885 2873 927 2900 l7.

938 276 1010 304 enim
1027 282 1070 304 est
1085 284 1117 304 ac
1132 277 1154 305 si
1169 277 1262 305 forsan
1277 278 1381 306 diceret
1394 287 1400 305 :
1417 278 1497 306 Omni
1513 280 1603 315 gaudii
1625 289 1723 316 genere

937 329 988 350 nos
1005 323 1161 351 cumulatus
1178 323 1338 356 fatebimur,
1367 332 1418 352 nec
1434 325 1467 352 ad
1492 325 1648 354 felicitatem
1672 328 1722 355 ali-

937 367 1001 402 quid
1015 368 1087 395 ultra
1101 370 1284 403 requiremus,
1302 369 1324 396 si
1337 368 1385 396 Dei
1397 377 1429 397 ac
1446 370 1537 399 Patris
1551 373 1723 406 optatissima

937 413 1017 448 7'75
1032 413 1138 442 visione
1156 414 1209 441 frui
1229 415 1347 442 licuerit.
1375 417 1408 442 At
1424 417 1470 452 qui
1488 417 1574 444 Patris
1589 418 1721 446 visionem

937 459 1016 487 bonis
1031 460 1160 487 omnibus
1174 467 1206 487 ac
1219 461 1301 488 rebus
1315 469 1374 497 qua:
1392 463 1424 489 ad
1443 463 1598 491 felicitatem
1619 465 1723 492 condu—

936 512 998 532 i-ere
1009 506 1136 533 videntur
1150 507 1291 541 anteponit
1303 527 1310 538 ,
1329 515 1363 534 an
1379 515 1433 536 non
1450 510 1525 537 omni
1537 511 1722 539 admiratione

936 551 1036 585 dignus
1056 551 1240 586 praedicetur?
1259 552 1308 580 Hic
1324 553 1435 589 quidem
1462 560 1504 582 cst
1516 557 1650 591 propositi
1666 558 1719 585 loci

936 596 1034 630 planus
1049 601 1076 624 et
1092 597 1207 633 simplex
1224 606 1333 627 sensus.
1354 599 1451 627 Verum
1473 601 1496 629 si
1524 602 1678 630 abstrusius
1693 608 1720 630 et

935 642 1072 671 curiosius
1088 643 1217 679 quiddam
1238 644 1405 672 all‘erendum
1424 650 1475 679 est,
1499 648 1553 674 tale
1576 648 1640 682 quid
1657 648 1720 676 Phi.

935 686 1036 721 lippum
1050 687 1157 716 dixisse
1174 692 1201 715 et
1214 690 1351 724 cogitasse
1368 691 1535 724 putabimus.
1560 692 1719 720 Judaeorum

935 733 1083 767 praepositi,
1105 739 1131 761 et
1162 734 1265 762 Scriba;
1291 741 1372 770 atque
1391 736 1533 769 Pharismi,
1565 738 1720 767 Servatoris

934 779 1074 806 miraculis
1100 781 1300 815 pungebantur,
1323 785 1350 808 et
1374 781 1527 810 innumeris
1551 783 1638 818 signis
1663 792 1718 812 non

933 831 1015 851 secus
1028 831 1059 851 ac
1071 825 1208 860 lapidibus
1221 826 1299 861 petiti
1314 827 1414 854 invidia
1428 828 1636 862 rumpebantur,
1649 830 1719 857 scie-

934 869 1052 905 bantque
1067 879 1095 899 se
1111 872 1185 899 nullo
1207 873 1288 899 modo
1309 880 1391 907 posse
1407 873 1542 901 adversus
1558 882 1619 901 eum
1640 875 1718 909 quid-

896 910 917 939 Β
932 922 1014 950 quam
1039 923 1129 951 agere,
1147 922 1193 944 aut
1218 926 1279 944 eum
1295 926 1309 944 a
1336 918 1479 946 miraculis
1494 918 1608 946 edendis
1625 919 1718 954 prohi-

933 961 996 988 bere
1011 970 1018 987 z
1033 961 1079 989 sed
1099 962 1242 997 stupendis
1273 963 1328 989 illis
1345 967 1371 990 et
1386 964 1504 992 insolitis
1520 965 1649 999 operibus
1669 966 1717 993 dc-

930 1006 1087 1038 trabentcs,
1106 1015 1138 1034 ac
1172 1008 1290 1035 versutis
1307 1009 1480 1036 sermonibus
1513 1010 1573 1044 ejus
1600 1011 1715 1046 gloriam

928 1051 1075 1083 elevantes,
1095 1052 1148 1080 huc
1158 1053 1275 1088 illucque
1288 1053 1443 1081 Judmorum
1459 1055 1597 1090 regionem
1610 1057 1712 1091 ipsam-

928 1104 981 1131 que
994 1096 1146 1125 Jerusalem
1167 1099 1313 1131 obeuntes,
1333 1100 1413 1127 modo
1430 1100 1541 1135 quidem
1557 1102 1669 1129 aiebant
1685 1103 1713 1130 in

928 1142 1074 1171 Beelzebul
1106 1152 1168 1171 eum
1204 1145 1281 1180 signa
1313 1145 1453 1179 facere“;
1481 1146 1563 1175 modo
1591 1147 1715 1176 effrenati

928 1187 1029 1217 furoris
1049 1194 1133 1218 (nstro
1151 1191 1245 1225 perciti
1264 1190 1428 1219 daemonium
1454 1193 1554 1221 habere
1578 1194 1714 1228 dicebant,

927 1238 953 1260 ct
964 1236 1070 1263 nescire
1080 1244 1140 1270 qua:
1151 1237 1320 1272 loqueretur.
1333 1237 1513 1273 lncrepabant
1524 1239 1596 1266 enim
1608 1240 1713 1272 turbas,

926 1279 1072 1308 dicentes:
1097 1291 1106 1306 ι
1133 1281 1303 1310 Dmmonium
1333 1283 1425 1316 habet,
1451 1288 1477 1311 et
1501 1284 1623 1311 insanit:
1648 1286 1713 1320 quid

925 1333 986 1352 eum
1007 1327 1108 1354 auditis
1121 1328 1162 1355 ⁸³⁸2
1183 1337 1191 1354 ι
1208 1328 1274 1361 Quae
1293 1336 1358 1356 vero
1385 1336 1468 1357 causa
1500 1331 1638 1358 exstiterit
1664 1339 1715 1358 cur

924 1371 983 1406 ejus
993 1372 1085 1407 gloria:
1097 1377 1239 1408 tantopere
1250 1374 1421 1407 resisterent,
1437 1376 1594 1404 necessario
1606 1377 1708 1404 dicam.

923 1416 1127 1446 Persuadebant
1145 1420 1242 1451 turbis,
1258 1421 1338 1448 sicuti
1355 1421 1437 1449 modo
1446 1422 1709 1453 demonstravimus.

923 1462 1075 1490 doctrinam
1095 1464 1249 1493 Servatoris
1264 1467 1351 1494 nostri
1370 1475 1424 1495 non
1437 1467 1596 1500 admittere.
1615 1469 1663 1497 sed
1678 1469 1712 1496 ab

924 1515 955 1535 ea
976 1509 1105 1536 recedere
1122 1514 1151 1537 ut
1162 1511 1213 1546 legi
1227 1513 1378 1545 contraria,
1391 1520 1422 1540 ac
1434 1512 1595 1548 longissime
1605 1513 1709 1550 fugere,

924 1555 1124 1590 praeceptisque
1141 1556 1270 1585 Mosaicis
1290 1559 1382 1592 potius
1406 1558 1557 1586 adhmrere.
1578 1559 1633 1587 Cur
1654 1559 1714 1587 ita?

924 1600 1041 1628 Aiebant
1064 1601 1193 1628 nimirum
1211 1609 1340 1637 magnum
1377 1604 1452 1630 illum
1477 1603 1570 1632 Mosen
1596 1606 1713 1640 populos

923 1646 1052 1674 eduxisse
1078 1647 1105 1674 in
1120 1654 1266 1675 occursum
1285 1647 1352 1680 Deo,
1367 1653 1398 1676 ut
1429 1650 1561 1684 scriptum
1584 1651 1671 1684 est”,
1684 1656 1712 1678 et

924 1691 957 1719 ad
974 1697 1092 1720 montem
1109 1692 1174 1720 Sina
1195 1694 1339 1728 statuisse,
1355 1695 1450 1730 eisque
1467 1695 1551 1723 Deum
1569 1696 1596 1723 in
1614 1702 1707 1724 monte

923 1736 1090 1769 ostendisse,
1103 1742 1129 1765 et
1141 1737 1264 1766 eﬂ‘ccissc
1291 1743 1321 1766 ut
1339 1747 1479 1768 sermones
1493 1741 1554 1775 ejus
1571 1741 1709 1774 audirent,

922 1784 1049 1819 clareque
1060 1784 1265 1812 demonstrasse
1278 1784 1324 1812 Dei
1336 1793 1383 1813 ore
1397 1785 1484 1820 legem
1502 1785 1621 1819 editam;
1635 1787 1710 1814 hunc

922 1832 1012 1855 autem
1034 1828 1149 1856 istorum
1167 1829 1235 1856 nihil
1251 1829 1332 1864 plane
1348 1828 1456 1857 fecisse.
1478 1829 1541 1857 llatc
1559 1830 1621 1858 illos
1634 1831 1710 1859 iden-

922 1874 1007 1901 tidem
1025 1875 1192 1907 inculcasse,
1210 1875 1273 1902 hinc
1290 1875 1419 1911 accipies.
1437 1875 1550 1904 Videbis
1568 1877 1640 1904 cnim
1662 1885 1709 1906 eos

921 1928 1023 1947 cmcum
1040 1920 1116 1947 illum
1139 1928 1154 1948 a
1183 1922 1336 1953 nativitatc,
1354 1929 1435 1957 quem
1456 1920 1588 1949 Servator
1613 1923 1709 1950 inell'a-

920 1966 966 1993 bili
983 1966 1084 1994 virtute
1103 1967 1220 1999 curavit,
1234 1967 1276 1994 his
1296 1967 1386 1995 verbis
1404 1968 1618 2001 compellantes:
1636 1979 1645 1995 ί
1663 1969 1706 1997 Tu

912 2010 1075 2045 discipulus
1105 2011 1179 2038 illius
1195 2012 1254 2039 sis:
1280 2019 1331 2039 nos
1347 2018 1436 2039 autem
1457 2012 1543 2047 Moysi
1575 2013 1706 2049 discipuli

917 2063 1022 2083 sumus.
1058 2055 1113 2084 Nos
1148 2057 1222 2084 enim
1241 2058 1345 2085 scimus
1377 2058 1440 2092 quia
1472 2057 1557 2093 Moysi
1597 2059 1705 2087 locutus

918 2106 959 2129 est
972 2101 1052 2134 Deus,
1068 2102 1141 2129 hunc
1151 2110 1219 2130 vero
1234 2104 1373 2131 nescimus
1390 2104 1462 2130 unde
1472 2104 1549 2131 sit”.
1565 2104 1706 2137 iQuicun-

918 2154 971 2181 que
985 2154 1050 2182 ergo
1065 2146 1189 2175 Judaicis
1202 2147 1310 2183 placitis
1327 2148 1558 2183 astipulabanlur,
1575 2149 1704 2177 invictam

918 2194 944 2217 et
968 2190 1208 2226 inexpugnabilem
1228 2192 1300 2219 hanc
1319 2193 1454 2219 rationem
1475 2200 1536 2221 esse
1561 2194 1702 2228 putabant.

919 2236 1130 2272 turbabantque,
1149 2241 1178 2264 ut
1204 2237 1334 2265 credibile
1368 2242 1420 2270 est,
1449 2239 1530 2274 776
1553 2243 1636 2274 atque
1651 2239 1703 2267 hoc

919 2281 1000 2309 modo
1019 2283 1120 2316 multos
1139 2282 1314 2317 dejicicbnnt.
1336 2283 1392 2310 lloc
1414 2284 1486 2318 apud
1502 2292 1530 2311 se
1557 2284 1700 2320 Philippus

918 2326 1070 2358 revolvens,
1083 2327 1161 2361 quasi
1175 2327 1265 2354 omnis
1281 2327 1328 2354 illa
1342 2327 1498 2355 Judmorum
1509 2328 1630 2363 objectio
1643 2329 1704 2357 fun-

916 2370 991 2399 ditus
1004 2372 1112 2398 ruitura
1128 2376 1211 2404 esset,
1234 2373 1256 2399 si
1273 2376 1300 2400 et
1316 2374 1373 2408 ipse
1388 2373 1515 2401 Christus
1528 2374 1704 2404 credentibus

916 2417 942 2443 in
976 2417 1064 2451 ipsum
1099 2417 1206 2444 Patrem
1235 2418 1408 2451 ostenderet,
1436 2419 1479 2446 his
1515 2427 1577 2446 cum
1610 2421 1702 2449 verbis

915 2463 1080 2497 compellat:
1110 2472 1119 2488 ι
1141 2462 1265 2495 Domine,
1286 2465 1403 2492 ostende
1424 2465 1504 2492 nobis
1533 2465 1652 2499 Patrem,
1674 2471 1702 2494 et

915 2508 1014 2535 sufﬁcit
1031 2509 1121 2536 nobis.
1134 2519 1143 2535 ›
1155 2508 1238 2544 Finge
1249 2509 1324 2537 enim
1336 2510 1394 2537 hinc
1406 2517 1468 2537 cum
1484 2511 1573 2545 loqui:
1590 2511 1699 2543 Omnia,

915 2555 1012 2589 inquit,
1035 2562 1051 2581 ο
1083 2553 1206 2587 Domine,
1227 2558 1273 2581 tua
1296 2559 1432 2590 potestate
1451 2561 1617 2591 peraguntur
1640 2566 1700 2592 qum

914 2607 964 2627 nos
981 2601 1014 2627 ad
1045 2600 1124 2628 fidem
1142 2600 1295 2633 inducunt;
1312 2600 1466 2629 innumeris
1495 2602 1636 2629 miraculis
1649 2602 1698 2630 Ju-

913 2645 999 2673 daicte
1032 2645 1208 2680 procacitatis
1239 2646 1429 2681 intemperiem
1461 2653 1589 2674 coercere
1625 2647 1697 2675 licet.

913 2689 987 2717 Nihil
1007 2695 1098 2719 autem
1114 2692 1194 2719 nobis
1211 2692 1292 2726 plane
1308 2691 1427 2720 defuerit
1443 2692 1466 2719 si
1493 2696 1520 2720 et
1535 2693 1593 2727 ipse
1619 2693 1698 2720 nobis

912 2736 1023 2764 Patrem
1040 2744 1072 2765 ac
1087 2737 1173 2765 Deum
1197 2737 1374 2766 ostenderis:
1399 2738 1513 2766 sullicict
1527 2739 1599 2766 enim
1625 2738 1701 2766 istud

914 2782 971 2811 tuis
986 2782 1142 2818 discipulis,
1161 2787 1191 2811 ut
1207 2791 1302 2812 eorum
1327 2784 1374 2820 qui
1398 2784 1455 2812 haec
1473 2784 1615 2820 proferunt
1639 2792 1696 2813 scr—

967 2873 988 2889 ”
1005 2873 1083 2899 Joan.
1099 2881 1136 2906 rx,
1151 2873 1197 2906 28,
1212 2873 1258 2901 9.9.
