1926 3041
95 159 147 188 205

615 161 647 188 IN
662 160 805 189 ιοΑΝΝιε
826 159 1049 188 EVANGELIUM
1072 159 1137 187 LIB.
1152 158 1197 186 IX.

1681 162 1734 190 206

96 221 300 257 ἀγλαῖζὸμενος
318 223 452 258 σχήμασι,
472 222 519 249 καὶ
533 223 592 254 ταῖς
606 223 779 255 ἐπεισάκτοις
791 223 891 258 λελαμ-

951 229 998 248 1οη
1015 225 1104 248 autem
1123 221 1298 249 naturalibus
1325 221 1532 258 dignationibus
1556 223 1734 258 conspicuus,

95 267 252 304 πρυσμένος
268 268 422 300 εὑκλεὶαις,
440 269 469 295 οὐ
492 270 616 303 φυσικοῖς
639 269 798 304 διαπρέπων
812 269 893 302 ἀξιώ-

74 316 78 318 ’
97 322 195 350 μασιν,
213 314 242 340 ἐν
265 314 356 349 ἐαυτῷ
369 313 396 340 δὲ
415 315 516 350 μορφοῖ
531 315 576 341 τὸν
592 315 703 351 Πατέρα
714 335 722 346 ,
748 315 796 341 καὶ
810 314 893 341 εἰκών

95 361 171 387 ἐστιν
189 360 397 396 ἀπαράλλακτος
413 361 459 387 τοῦ
486 360 572 393 Θεοῦ,
588 361 696 397 πρῶτον
719 362 767 396 μὲν
786 362 838 388 οὐκ
860 361 893 388 ἂν

96 407 140 441 εἴη
154 406 227 433 κατὰ
245 406 327 440 φύσιν
345 407 424 439 Υἱὸς,
443 407 501 433 ἀλλ’
525 407 586 434 οὐδὲ
608 408 732 443 γέννημα
753 409 813 434 κατ’
827 408 893 443 ἁλή-

96 454 192 486 Θειαν,
208 454 317 489 ποίημα
329 454 358 481 δὲ
372 453 434 481 καθ’
450 455 539 489 ἡμᾶς,
553 454 569 490 ἧ
586 463 613 481 τι
628 455 683 482 τῶν
694 455 822 482 τοιούτων
834 455 893 482 ’ἐτε-

98 509 155 536 ρον.
169 499 207 528 Οὗ
221 501 448 536 παραδεχθέντος,
459 501 531 529 οὕτω
542 511 571 529 τε
581 502 653 538 ἔχειν
662 503 891 537 πεπιστευμένου.

97 547 240 578 παντελῶς
258 547 344 583 δήπου
366 549 478 575 κάκεῖνο
501 549 626 584 φήσομεν
646 549 770 584 ἀληθῶς,
791 549 828 580 ὡς
844 549 894 576 οὐκ

96 593 131 621 ἄν
149 594 191 628 εἴη
207 594 302 629 Πατὴρ
317 594 331 620 ὁ
349 594 443 629 Πατὴρ
466 595 593 630 ἐνεργείᾳ
610 595 657 622 καὶ
676 595 770 629 φύσει,
785 595 893 631 θελήσει

96 639 126 667 δὲ
146 640 248 675 μᾶλλον
262 640 308 667 καὶ
323 640 433 676 δοκήσει
448 641 541 676 τυχὸν,
555 641 681 677 καθάπερ
698 640 744 669 οὖν
757 642 803 668 καὶ
817 641 894 677 ἡμῶν

96 686 256 722 ὠνόμασται
271 687 374 723 Πατήρ.
387 685 453 714 Εἶτα
468 687 493 713 τί
505 688 535 714 τὸ
546 688 671 714 ἐντεῦθεν
684 697 691 721 ;
710 688 894 724 Συνομολογη-

97 731 224 768 Θήσεται,
243 733 290 758 καὶ
306 732 343 764 ὡς
356 732 385 766 ἐξ
402 733 524 768 ἀνάγκης
537 733 662 760 ἀνατελεί
675 734 754 769 τριάς
766 741 772 748 ·
785 735 836 760 οὐκ
854 734 894 760 ἔτι

97 779 155 814 γὰρ
173 780 270 815 ἡμῖνή
292 779 357 812 ἁγία
381 779 538 806 πιστεύεται
561 780 633 807 κατά
656 789 716 807 τινα
739 780 893 816 δὴτρόπον,

98 827 175 860 τρεῖς
190 826 218 852 δὲ
237 826 352 861 μᾶλλον,
367 826 405 858 ὠς
419 827 449 852 ὲν
464 826 602 862 ἀλλήλοις,
631 827 681 854 οὐκ
696 828 895 862 ἐνυπάρχοντος

98 872 239 904 οὑσιωδῶς
249 893 256 905 ,
272 872 387 899 ἑκάστου
408 881 438 899 τε
454 872 550 908 ὥσπερ
562 873 616 899 τῶν
633 873 773 908 ὀνομάτων
794 875 834 905 εἰς
849 874 895 900 τὸν

98 919 201 946 οἰκεῖον
222 919 271 953 τῆς
289 919 356 951 ἰδίας
376 919 484 953 φύσεως
508 919 728 955 ἀναχωροῦντος,
751 920 896 955 διακεκομ-

101 965 185 999 μένον
201 973 229 991 τε
245 965 290 991 τοῦ
307 965 400 1000 ἑτέρου
414 965 568 998 παντελῶς-
591 966 748 998 ἐκϐιάζεται
765 967 820 1002 γάρ
837 975 896 998 πως

98 1013 176 1047 ἡμᾶς
191 1014 206 1047 ἡ
218 1012 265 1038 τοῦ
280 1012 458 1047 θεωρήματος
469 1011 594 1047 δύναμις,
607 1012 653 1038 καὶ
664 1011 817 1048 παχύτερον
832 1012 896 1048 περὶ

98 1059 205 1084 τούτων
224 1059 320 1084 εἰπεῖν.
349 1058 403 1085 Καὶ
417 1059 441 1084 εἰ
454 1058 532 1084 τοῦτο
548 1058 670 1093 δώσομεν
685 1058 819 1094 ὑπάρχειν
831 1058 897 1093 ἀλη-

99 1104 157 1137 θὲς,
171 1104 259 1136 οὕτως
271 1113 300 1131 τε
314 1104 385 1139 ἔχειν
397 1104 524 1140 ἐροῦμεν,
537 1105 583 1130 καὶ
596 1106 645 1139 τῆς
658 1105 751 1136 οὺσξας
767 1105 814 1130 τοῦ
827 1103 895 1131 Θεοῦ

100 1152 150 1177 καὶ
165 1151 273 1186 Πατρὸς
295 1150 432 1186 ἀλλότριον
457 1151 596 1181 παντελῶς
620 1151 829 1186 παραδεξόμεθα
852 1151 896 1177 τὸν

99 1197 183 1228 Υἱὺν,
211 1197 269 1228 πῶς
293 1198 324 1223 οὐ
346 1196 539 1231 διαψεὺσεται,
563 1196 669 1230 λέγων·
692 1207 701 1222 ε
721 1197 749 1224 ’0
766 1197 896 1232 ἑωρακὼς

99 1243 276 1278 ὲμὲ,ἑώρακε
291 1244 337 1269 τὸν
347 1243 454 1278 Πατέρα
465 1252 487 1274 ;›
503 1242 570 1269 Θεοῦ
581 1243 636 1279 γὰρ
645 1243 812 1278 ὑπάρχοντος
826 1244 898 1270 κατὰ

100 1290 185 1324 φύσιν
202 1290 249 1316 τοῦ
270 1290 393 1326 ῐΙατρδς,
420 1291 475 1322 πῶς
491 1290 524 1317 ἃν
537 1291 602 1326 ἡμῖν
617 1291 631 1317 ὁ
648 1291 712 1322 Yth;
723 1312 730 1323 ,
754 1291 843 1318 καίτοι
860 1291 896 1326 μὴ

100 1337 236 1372 ὑπάρχων
253 1336 319 1368 Θεὸς
334 1336 405 1362 κατὰ
426 1337 507 1370 φύσιν
527 1336 597 1362 κατὰ
618 1336 662 1363 τὸν
680 1335 792 1362 ἐκείνων
808 1335 896 1370 λόγον,

99 1383 183 1416 δείξει
200 1384 229 1408 ἐν
245 1383 335 1418 ἑαυτῷ
355 1383 400 1409 τὸν
417 1383 529 1418 Πατέρα
544 1391 551 1415 ;
577 1382 638 1414 Πῶς
652 1382 706 1418 γὰρ
721 1383 749 1408 ὲν
766 1382 804 1417 τῷ
819 1391 898 1416 γεγο-

100 1429 159 1454 νότι
174 1428 204 1454 τὸ
223 1428 260 1463 μὴ
281 1428 392 1462 γεγονὸς
412 1427 606 1462 θεωρήσομεν,
629 1428 657 1453 ἐν
679 1428 707 1454 δὲ
722 1427 760 1462 τῷ
783 1427 821 1462 μὴ
840 1427 897 1454 ὄντι

101 1475 180 1507 ποτε,
197 1475 268 1501 κατὰ
284 1482 316 1508 γε
331 1474 376 1500 τὸν
388 1473 434 1500 τοῦ
451 1474 617 1508 πεποιῆσθαι
635 1474 723 1508 λόγον,
739 1473 798 1505 πῶς
812 1473 843 1500 ἄν
856 1482 898 1505 τις

102 1520 153 1547 ἴδοι
174 1521 219 1546 τὸν
242 1521 306 1547 ὄντα
322 1520 366 1546 διὰ
383 1520 504 1552 rut/16;;
530 1519 576 1554 Μὴ
594 1519 649 1554 γάρ
673 1528 717 1554 μοι
738 1518 840 1553 λεγέτω
857 1527 898 1550 τις

944 268 991 295 sed
1021 268 1048 295 in
1071 269 1164 303 seipso
1191 268 1300 296 Patrem
1320 269 1459 305 exprimit,
1476 274 1504 298 et
1532 269 1735 305 perfectissima

943 318 985 341 est
1004 314 1052 341 Dei
1069 315 1159 350 imago
1173 315 1206 346 ’⁸,
1223 315 1342 349 primum
1360 316 1471 351 quidem
1489 324 1543 345 non
1568 317 1621 344 erit
1636 324 1736 344 secun-

944 360 1009 387 dum
1039 364 1167 387 naturam
1196 360 1295 393 Filius,
1320 369 1409 397 neque
1428 369 1493 390 vere
1523 362 1662 398 genitura,
1688 361 1735 390 sed

944 409 1071 433 creatura
1089 405 1192 440 potius,
1205 406 1288 434 sicuti
1304 414 1365 438 nos,
1377 410 1426 435 aut
1441 407 1545 443 aliquid
1558 407 1632 435 aliud
1643 407 1739 436 istius-

944 452 1029 478 modi.
1055 451 1116 484 Quo
1133 451 1257 480 admisso
1272 457 1355 488 atque
1369 454 1487 485 credito,
1499 461 1562 481 vere
1579 461 1737 482 asscremus

944 497 1054 525 Patrem
1077 506 1133 525 non
1156 505 1218 526 esse
1238 498 1347 527 Patrem
1365 503 1428 527 actu
1446 506 1473 528 et
1497 505 1607 533 natura,
1626 501 1672 530 sed
1690 509 1737 530 vo-

946 544 1050 571 luntate
1068 545 1160 579 potius
1175 549 1202 572 et
1216 545 1358 580 opinione,
1370 546 1450 574 sicuti
1464 546 1548 574 Pater
1558 551 1653 576 noster
1667 555 1738 575 nun-

945 594 1063 625 cupatus
1072 595 1123 618 est.
1133 591 1204 624 Quid
1216 599 1280 619 vero
1294 592 1358 620 inde
1369 592 1684 628 sequiturmecessario
1693 593 1739 621 ad-

945 635 1098 662 mittendus
1111 637 1164 663 erit
1177 636 1295 664 deorum
1310 638 1400 666 ternio
1413 639 1531 674 :quippe
1547 647 1601 667 non
1618 639 1737 675 amplius

945 680 1110 709 Trinitatem
1128 682 1316 716 crederemus,
1329 691 1391 712 cum
1405 685 1476 712 alius
1493 684 1521 712 in
1537 685 1592 712 alio
1606 685 1738 714 substan-

947 727 1050 755 tialiter
1065 736 1118 756 non
1135 729 1210 761 insit,
1228 729 1274 756 sed
1297 731 1490 766 unusquisque
1508 735 1538 758 ut
1558 731 1682 764 nomine,
1699 731 1737 759 ita

947 774 1095 808 peculiaris
1107 778 1216 802 natura:
1231 775 1337 803 ratione
1349 777 1383 803 ab
1398 777 1453 804 alio
1469 784 1584 812 prorsus
1595 777 1738 812 seiunctus

947 820 982 847 sit
999 829 1005 846 :
1020 821 1096 856 cogit
1120 821 1194 848 enim
1215 829 1266 850 nos
1282 822 1325 850 vis
1348 826 1376 850 et
1398 823 1469 850 ratio
1495 823 1739 859 contemplationis

947 867 1070 895 crassius
1086 867 1120 895 de
1140 869 1185 896 his
1200 869 1349 897 disserere.
1369 868 1448 902 Quod
1463 869 1486 897 si
1503 877 1597 897 verum
1616 877 1679 897 esse
1695 873 1740 897 at-

948 920 1001 946 que
1017 913 1055 940 ita
1071 921 1101 940 se
1117 913 1221 942 habere
1236 915 1433 948 concedamus,
1450 919 1477 942 et
1498 923 1512 942 a
1530 915 1577 942 Dei
1600 922 1632 943 ac
1651 916 1740 944 Patris

948 957 1103 984 substantia
1120 958 1241 985 alienum
1259 966 1321 986 esse
1335 965 1451 994 prorsus
1467 957 1566 986 Filium
1582 959 1740 992 fatebimur,

948 1003 1087 1038 quomodo
1106 1011 1163 1031 non
1182 1005 1334 1032 mentietur
1346 1012 1408 1032 cum
1423 1005 1462 1032 ait
1479 1014 1485 1032 :
1507 1016 1515 1031 ι
1532 1005 1584 1038 Qui
1600 1005 1668 1033 vidit
1685 1013 1740 1040 me,

947 1047 1017 1074 vidit
1028 1054 1055 1076 et
1072 1048 1201 1076 Patrem?
1221 1059 1230 1075 ι
1248 1049 1316 1077 Nam
1338 1057 1402 1077 cum
1421 1049 1503 1078 Pater
1516 1051 1668 1078 secundum
1691 1059 1742 1079 na-

948 1098 1039 1121 turam
1059 1094 1132 1123 Deus
1144 1095 1190 1127 sit,
1203 1095 1344 1131 quomodo
1357 1095 1455 1128 Filius,
1468 1096 1533 1123 licet
1547 1103 1603 1123 non
1618 1097 1654 1124 sit
1669 1097 1741 1125 Deus

948 1141 1098 1168 secundum
1116 1145 1294 1175 naturam,ut
1306 1142 1344 1169 illi
1364 1142 1474 1174 docent,
1485 1142 1512 1169 in
1527 1143 1619 1178 seipso
1631 1142 1741 1171 Patrem

948 1187 1095 1214 ostendet?
1114 1187 1259 1220 Quomodo
1273 1188 1347 1215 enim
1365 1188 1392 1215 in
1409 1195 1443 1215 eo
1458 1188 1530 1223 quod
1546 1193 1669 1216 creatum
1685 1197 1741 1217 non

948 1238 989 1260 est
1001 1233 1027 1260 id
1042 1233 1115 1268 quod
1134 1239 1256 1261 creatum
1273 1238 1316 1262 est
1334 1234 1591 1269 speetahimus,aut
1605 1236 1632 1262 in
1645 1243 1678 1263 eo
1693 1235 1740 1271 qui

949 1279 1098 1313 aliquando
1112 1286 1166 1306 non
1175 1283 1245 1312 erat,
1253 1283 1391 1314 quatenus
1399 1284 1442 1306 est
1451 1284 1573 1311 creatus,
1582 1280 1605 1307 is
1613 1280 1659 1315 qui
1669 1287 1742 1308 sem-

949 1332 997 1359 per
1011 1329 1052 1351 est
1067 1325 1151 1360 778
1172 1325 1332 1353 videbitur?
1348 1325 1386 1352 Ne
1409 1325 1476 1352 mihi
1501 1326 1646 1361 quisquam
1667 1327 1741 1354 enim

949 1377 1044 1397 eorum
1063 1371 1111 1405 qui
1123 1371 1175 1398 ista
1191 1371 1363 1398 deblaterant
1375 1371 1430 1397 vim
1443 1371 1566 1399 veritatis
1581 1372 1743 1400 adulterans

950 1417 1033 1446 dicat.
1053 1416 1158 1444 idcirco
1181 1424 1243 1444 esse
1269 1417 1330 1452 ejus
1354 1417 1512 1453 imaginem,
1539 1418 1602 1453 quia
1626 1419 1743 1454 gloriam

950 1463 997 1490 Dei
1014 1470 1046 1490 ac
1062 1462 1154 1491 Patris
1181 1463 1273 1496 habet,
1297 1471 1330 1490 ac
1359 1464 1502 1496 virtutem,
1524 1469 1552 1492 et
1580 1465 1744 1500 sapientiam

950 1510 1020 1545 ejus,
1047 1514 1131 1545 atque
1159 1509 1322 1542 bonitatem,
1343 1514 1370 1537 et
1392 1510 1637 1545 omnipotentiam,
1662 1515 1689 1539 et
1712 1519 1744 1540 ea

103 1567 158 1593 τῶν
169 1569 262 1593 ὲκείνα
275 1566 534 1601 δεδοσφημηκότων,
550 1565 599 1601 τὴν
611 1566 660 1600 τῆς
675 1565 803 1600 ἀληθείας
815 1573 899 1591 κατα-

952 1565 1012 1592 qute
1029 1564 1165 1592 nusquam
1179 1561 1244 1583 sunt
1258 1556 1284 1583 in
1302 1560 1392 1583 ortum
1409 1557 1544 1584 educendi
1559 1561 1743 1593 potestatem:

105 1613 286 1648 engelmann;
299 1613 425 1648 δύναμιν,
439 1613 477 1645 ὡς
492 1613 608 1648 ἐπείπερ
621 1612 678 1647 ἔχει
692 1613 741 1646 τὴν
759 1612 840 1645 δόξαν
852 1611 898 1638 τοῦ

101 1659 171 1686 Θεοῦ
199 1660 246 1686 καὶ
265 1659 386 1694 Πατρός,
408 1659 458 1694 τήν
476 1667 506 1685 τε
521 1658 653 1694 δύναμιν,
671 1658 719 1685 καὶ
735 1659 783 1694 τὴν
804 1658 900 1692 σοφίαν

103 1706 198 1737 αὑτοῦ,
213 1707 260 1733 καὶ
272 1706 321 1741 τὴν
338 1706 494 1740 ἁγαθότητα
504 1727 511 1738 ,
523 1706 570 1732 καὶ
581 1706 611 1732 τὸ
625 1705 834 1741 παντουργικὸν.
854 1705 901 1731 καὶ

102 1753 132 1780 τὸ
147 1753 281 1779 δύνασθαι
299 1753 433 1788 παράγειν
453 1751 488 1778 τὰ
504 1752 553 1778 οὐκ
571 1751 635 1778 ὄντα
651 1752 714 1778 ποτὲ
725 1771 731 1782 ,
755 1751 798 1777 διὰ
811 1751 899 1782 τοῦτο,

102 1801 151 1825 καί
169 1799 250 1824 εἰκών
263 1799 336 1824 ἐστιν
351 1797 432 1824 αὑτοῦ
446 1806 452 1813 ·
472 1797 541 1824 ἀλλὰ
552 1797 684 1824 δεικνύτω
696 1797 842 1832 πρότερον,
857 1796 901 1822 εὑ-

103 1846 174 1877 θὲως
191 1846 262 1872 κατὰ
277 1845 356 1880 φύσιν
368 1845 502 1879 φαίνεται,
514 1845 560 1871 καὶ
571 1845 658 1876 οὓτως
671 1844 899 1880 ἀπαραλλάκτως,

102 1892 140 1924 ὡς
158 1892 242 1927 μηδὲν
257 1889 326 1918 εἶναι
340 1891 370 1918 τὸ
390 1891 499 1918 ἀδικοῦν
515 1891 565 1926 τὴν
579 1890 696 1917 εἷο-ἁπαν
710 1891 757 1917 καὶ
772 1889 901 1922 ὁλοτελῶς

104 1939 258 1974 ἐμφέρειαν
273 1938 322 1973 τῆς
337 1937 440 1969 εἰκόνος
455 1937 523 1973 πρὸς
544 1936 574 1964 τὸ
587 1936 752 1972 ἀρχέτυπον.
782 1936 901 1971 Ἄπορή-

105 1994 193 2012 σαντα
210 1985 239 2011 δὲ
259 1984 304 2011 καλ
331 1985 411 2011 τοῦτο
429 1983 562 2011 δεικνύειν
577 1984 626 2018 οὐχ
649 1983 759 2015 ἑκόντα,
776 1982 903 2018 δεύτερον

104 2033 257 2067 αἰτήσομεν
273 2032 377 2063 εἰπεῖν,
402 2032 478 2062 ποῖος
499 2030 532 2057 ἂν
551 2030 683 2066 ἐπιτρέψῃ
698 2030 794 2063 λόγος,
815 2029 903 2056 καίτοι

105 2078 179 2105 κατὰ
193 2077 274 2112 φύσιν
293 2078 343 2104 οὐκ
365 2077 429 2103 ὅντα
444 2075 522 2109 Θεὸν,
538 2076 609 2102 κατά
623 2083 653 2109 γε
669 2075 718 2110 τὴν
729 2074 842 2101 ἐνοῦσαν
855 2075 904 2101 αὐ-

105 2127 164 2156 τοῖς
195 2125 354 2160 βδελυρίαν,
381 2124 414 2150 τὰ
438 2124 488 2158 τῆς
522 2122 649 2158 θεότητος
678 2121 746 2157 ἔργα
773 2120 903 2148 δύνασθαι

107 2170 242 2206 πληροῦν.
268 2170 353 2196 Τοῦτο
367 2170 421 2205 γάρ
437 2170 511 2195 ἐστιν
526 2167 556 2194 τὸ
572 2168 666 2202 φέρειν
683 2167 731 2201 τὴν
746 2166 839 2193 εἰκόνα
855 2165 902 2192 τοῦ

107 2217 229 2251 Πατρός.
250 2217 279 2242 Εἰ
295 2216 345 2251 μὲν
358 2215 412 2250 γὰρ
431 2215 537 2241 οἴκοθεν
552 2213 601 2240 οὐκ
618 2213 687 2248 ἔχων
700 2214 750 2248 τὴν
765 2212 903 2248 ἀρκοῦσαν

108 2265 149 2295 εἰς
164 2263 245 2289 τοῦτο
254 2263 369 2297 δύναμιν
380 2263 393 2288 ό
404 2261 467 2292 Υῑος
478 2261 629 2291 δανείζεται
642 2261 689 2295 τὴν
700 2259 776 2294 παρὰ
787 2259 900 2294 Πατρὺς,
921 2243 943 2271 D

109 2308 159 2335 καλ
178 2309 336 2343 χορτλγείται
361 2307 425 2342 παρ’
442 2307 524 2333 αὑτοῦ
549 2307 596 2333 καὶ
614 2306 726 2341 (τοξείαν,
745 2305 792 2331 καὶ
814 2305 901 2339 ἰσχὺν,

111 2355 156 2380 ἰνα
173 2354 284 2388 δύνηται
301 2352 451 2388 κατορθοῦν
472 2353 490 2379 ἂ
509 2353 555 2379 καὶ
573 2352 640 2387 μόνῃ
655 2352 770 2386 πρέπειν
786 2350 903 2385 ἐροῦμεν

110 2401 144 2435 τῇ
157 2399 203 2425 τοῦ
220 2399 326 2434 Ματρὸς
340 2398 434 2432 φύσει,
459 2397 632 2431 διαψεύσεται
645 2397 716 2422 οὕτω
739 2396 785 2422 καὶ
799 2395 847 2431 τὴν
863 2396 903 2422 εἰ·

109 2445 178 2472 κόνα
194 2445 241 2471 καὶ
259 2445 309 2479 τὴν
325 2444 465 2479 ὁμοίωσιν.
494 2443 524 2470 El
540 2443 567 2469 δὲ
585 2442 730 2477 ψεύδεσθαι
749 2442 798 2477 μὲν
811 2442 841 2467 οὐ
855 2441 905 2467 δώ-

112 2499 196 2526 σομεν
211 2489 309 2520 αὐτὸν,
330 2488 417 2520 οὕτως
436 2488 532 2523 ἔχοντα
547 2487 672 2522 καθάπερ
689 2487 852 2522 εἰρήκαμεν,
868 2487 906 2518 ὡς

111 2538 139 2563 δὲ
153 2535 312 2570 ἀληθεύοντι
324 2534 527 2569 σοναινέσομεν,
537 2533 622 2569 αὐτὴν
633 2532 794 2568 ἁλωσομεθα
807 2533 855 2567 τὴν
864 2532 908 2558 56-

113 2583 160 2615 ξαν
176 2582 335 2613 ἀδικοῦντες
347 2581 394 2608 τοῦ
407 2581 474 2607 Θεοῦ
489 2581 535 2607 καὶ
547 2580 664 2615 Πατρδς,
681 2580 729 2606 καὶ
742 2580 827 2611 ὅπως,
841 2578 906 2613 ἐρῶ.

115 2629 151 2655 Ἢ
161 2629 216 2664 γὰρ
235 2628 344 2663 ἀνάγκη
360 2628 462 2661 λέγειν,
480 2628 520 2654 ὅτι
542 2626 670 2661 ψεύδεται
687 2626 735 2661 τὴν
750 2625 843 2652 εἰκόνα
859 2623 906 2650 τοῦ

114 2675 181 2702 Θεοῦ
194 2676 240 2702 καὶ
252 2675 374 2711 Πατρὸς,
387 2674 492 2701 οἴκοθεν
513 2674 562 2710 μὲν
578 2674 628 2700 οὐκ
645 2673 713 2708 ἔχων
728 2673 778 2707 τὴν
790 2673 845 2703 τοῖς
863 2671 908 2706 ἔρα

114 2731 173 2757 γοις
187 2721 358 2757 ὲξαρκοῦσαν
373 2721 449 2756 ἰσχὺν
459 2740 466 2753 ,
480 2720 543 2756 παρ’
560 2720 653 2755 ἑτέρου
671 2719 699 2746 δὲ
714 2718 816 2754 ταύτην
828 2725 910 2753 χορη-

114 2768 248 2804 γούμενος
258 2776 265 2783 ·
280 2768 312 2794 οὐ
328 2766 382 2802 γὰρ
395 2766 468 2794 οὕτω
481 2767 512 2793 τὸ
523 2766 678 2802 ἀρχέτυπον
687 2774 693 2781 ’
712 2766 729 2801 ἢ
744 2765 823 2800 εἴπερ
837 2764 910 2790 ἐστὶν

113 2815 218 2851 ἀληθὴς
241 2816 271 2842 ὲν
292 2814 383 2848 ἑαυτῷ
402 2812 490 2847 λέγων
512 2813 627 2848 ὁρᾶσθαι
652 2812 698 2839 τὸν
717 2811 842 2846 Πατέρα,
864 2810 910 2836 καὶ

151 2906 174 2922 ’⁸
195 2905 217 2933 ΙΙ
233 2905 298 2934 Cor.
315 2913 352 2938 Iv,
371 2905 397 2933 4.

952 1604 999 1631 sed
1025 1603 1103 1638 prius
1123 1602 1251 1630 ostendat
1267 1606 1361 1629 utrum
1382 1602 1535 1631 secundum
1559 1609 1685 1631 naturam
1704 1604 1744 1632 vi-

952 1650 1059 1681 deatur,
1073 1654 1205 1683 tantaque
1225 1656 1274 1684 per
1291 1649 1384 1676 omnia
1409 1649 1603 1681 similitudine,
1625 1654 1654 1677 ut
1675 1650 1746 1678 nihil

952 1695 1185 1731 perfectissimam
1216 1695 1290 1722 illam
1323 1695 1452 1730 imaginis
1473 1695 1642 1723 labefactare
1657 1696 1746 1732 possit

952 1741 986 1768 ad
1010 1741 1187 1776 archetypum
1215 1740 1438 1768 similitudinem.
1464 1741 1542 1774 Quod
1566 1748 1629 1768 cum
1656 1747 1746 1771 osten-

953 1787 1030 1819 dere,
1044 1788 1087 1814 vel
1102 1787 1125 1814 si
1140 1787 1260 1814 maxime
1277 1786 1354 1818 velit,
1369 1791 1499 1822 nequeat,
1512 1787 1614 1814 iterum
1634 1788 1747 1823 rogabi-

953 1842 1015 1861 mus
1033 1839 1062 1860 ut
1084 1833 1158 1860 dicat
1173 1840 1226 1867 qua
1253 1833 1371 1865 ratione,
1389 1840 1452 1859 cum
1472 1832 1545 1860 Deus
1568 1841 1623 1861 non
1646 1834 1683 1862 sit
1703 1842 1748 1862 se-

953 1879 1075 1907 cundtun
1112 1883 1258 1912 naturam,
1289 1882 1319 1905 ut
1355 1886 1451 1905 eorum
1491 1878 1653 1907 detestanda
1694 1879 1749 1908 fert

954 1926 1111 1958 sententia,
1133 1925 1245 1952 deitatis
1273 1929 1364 1952 tamen
1387 1932 1471 1960 opera
1502 1925 1595 1960 possit
1621 1926 1747 1962 exsequi.

955 1973 1012 2001 lloc
1031 1973 1102 2001 enim
1126 1975 1169 2000 est
1194 1971 1266 1999 ferre
1284 1971 1375 1999 Patris
1391 1971 1551 2007 imaginem.
1569 1971 1637 1999 Nam
1663 1973 1686 2000 si
1700 1981 1749 2008 po-

954 2024 1080 2047 testatem
1102 2018 1134 2045 ad
1152 2018 1203 2045 hoc
1221 2018 1403 2045 sufﬁcientem
1423 2025 1438 2044 a
1457 2018 1550 2053 seipso
1562 2025 1616 2045 non
1642 2018 1748 2046 habens

955 2066 1041 2094 Filius
1053 2073 1112 2093 eam
1130 2073 1144 2092 a
1164 2064 1246 2092 Patre
1262 2068 1413 2096 mutuatur,
1430 2063 1464 2091 ab
1480 2071 1568 2100 eoque
1583 2064 1748 2100 sapientiam

954 2118 982 2140 et
996 2113 1080 2140 robur
1098 2110 1210 2146 accipit,
1236 2115 1265 2137 ut
1290 2117 1420 2145 peragere
1450 2110 1537 2145 possit
1561 2118 1622 2145 quae
1647 2115 1675 2138 et
1696 2111 1749 2139 soli

955 2158 1103 2186 convenire
1125 2157 1216 2184 Patris
1238 2161 1344 2183 naturze
1370 2156 1506 2187 dicemus,
1528 2156 1676 2192 imaginem
1696 2156 1750 2185 hoc

956 2210 1036 2241 pacto
1058 2209 1084 2232 et
1103 2203 1311 2231 similitudinem
1335 2202 1492 2229 mentietur.
1510 2202 1558 2229 Sin
1578 2207 1668 2229 autem
1685 2210 1748 2230 eum

957 2257 1132 2286 nequaquam
1151 2249 1260 2276 mentiri
1271 2247 1466 2280 concedentus,
1479 2248 1524 2282 qui
1543 2248 1580 2275 ita
1592 2255 1621 2275 se
1637 2248 1747 2282 habeat,

958 2301 988 2325 ut
1005 2296 1136 2327 diximus,
1150 2294 1197 2322 sed
1217 2299 1347 2329 tanquam
1375 2301 1440 2321 vera
1457 2294 1559 2321 dicenti
1583 2294 1750 2330 astipulabi—

958 2351 1031 2375 mur,
1046 2343 1134 2378 ipsam
1152 2340 1199 2368 Dei
1226 2348 1258 2367 ac
1277 2339 1368 2368 Patris
1393 2340 1510 2376 gloriam
1530 2340 1633 2368 violare
1650 2340 1749 2376 depre-

958 2390 1111 2419 hendemur
1130 2397 1135 2414 :
1153 2395 1208 2423 quo
1227 2391 1317 2422 pacto,
1333 2387 1436 2414 dicam.
1457 2386 1511 2414 Aut
1538 2387 1610 2414 enim
1638 2395 1752 2416 necesse

958 2441 1003 2465 est
1019 2437 1112 2464 dicere
1128 2442 1191 2462 eum
1218 2433 1265 2460 Dei
1280 2441 1312 2460 ac
1333 2433 1421 2461 Patris
1439 2433 1567 2462 ementiri
1588 2434 1752 2469 imaginen‘,

958 2491 1023 2511 cum
1045 2491 1060 2509 a
1075 2482 1167 2516 seipso
1194 2479 1373 2508 sufﬁcientem
1397 2479 1528 2514 operibus
1546 2480 1600 2506 vim
1627 2487 1682 2507 non
1704 2481 1752 2508 lta-

959 2531 1033 2561 beat,
1049 2529 1096 2557 sed
1115 2527 1149 2555 ab
1163 2527 1250 2554 altero
1266 2526 1340 2553 illam
1359 2525 1477 2560 accipiat
1492 2534 1498 2551 z
1513 2533 1564 2552 nec
1586 2525 1660 2552 enim
1677 2526 1704 2552 id
1719 2526 1753 2553 de

960 2576 1110 2611 archetypo
1134 2573 1189 2601 dici
1214 2576 1315 2608 potest.
1340 2571 1395 2599 Aut
1409 2571 1434 2599 si
1452 2579 1517 2599 vere
1543 2571 1667 2606 loquitur
1690 2579 1751 2599 cum

961 2623 1000 2650 ait
1029 2599 1168 2656 ianeipso
1182 2619 1272 2647 videri
1298 2617 1418 2651 Patrem,
1442 2618 1566 2654 nihilque
1587 2617 1668 2653 plane
1692 2599 1765 2646 esse;

963 2668 1037 2704 quod
1052 2675 1114 2696 eum
1133 2671 1256 2701 separet,
1277 2665 1322 2693 vel
1339 2664 1517 2700 interiectum
1533 2665 1580 2697 sit,
1599 2664 1642 2692 vel
1662 2663 1752 2691 omni-

964 2714 1072 2743 modam
1087 2712 1299 2741 similitudinem
1318 2711 1466 2742 adulteret,
1483 2718 1599 2739 necesse
1613 2714 1655 2738 est
1671 2713 1701 2737 ut
1712 2709 1753 2738 vel

964 2762 1062 2790 nolens
1078 2760 1151 2787 dicat
1173 2759 1264 2793 ipsum
1282 2765 1393 2794 quoque
1405 2757 1514 2784 Patrem
1533 2756 1710 2785 adventitiam
1728 2759 1754 2783 et

964 2809 998 2836 ab
1029 2809 1116 2835 altero
1144 2810 1284 2839 acceptam
1311 2804 1413 2832 habere
1437 2803 1578 2832 virtutem.
1605 2802 1652 2830 Sic
1682 2801 1756 2830 enim
