1926 3041
190 153 242 182 207

191 212 311 247 scirsum
326 211 409 239 nobis
425 211 452 238 iu
470 211 588 246 imagine
610 219 665 238 sua:
680 215 786 239 natura:
810 212 867 240 sive
884 212 980 248 gloriae
996 216 1016 243 Α

190 260 275 286 voluit
302 259 458 287 ostendere.
487 258 614 293 Nunquid
643 266 709 293 ergo
735 258 846 291 videtis,
874 259 981 294 inquiet

190 307 223 333 ad
247 306 309 334 ilics
330 306 445 341 aliquis,
461 313 581 341 quonam
598 313 612 332 a
631 302 705 332 recta
722 305 767 332 via
791 313 883 334 sermo
899 305 982 333 deﬂe-

189 356 256 384 ctat,
278 356 306 379 et
320 355 455 387 quantum
485 352 513 379 in
541 351 703 379 barathrum
728 351 796 379 talia
829 351 982 381 sentientes

191 397 363 433 praecipitet?
383 398 542 430 Enimvero,
561 398 702 433 inquiunt,
733 401 836 433 potest,
857 398 983 433 quamvis

189 448 300 472 creatus
315 444 352 471 sit
368 443 581 477 Filius,natur2e
592 443 694 472 divina:
705 451 791 480 opera
805 443 905 476 facere,
919 451 981 472 cum

189 488 244 515 Deo
261 495 294 515 ac
313 487 387 515 Patri
406 488 444 515 ita
461 487 552 515 visum
571 487 617 516 sit.
628 488 663 515 At
677 488 744 523 quid
760 488 814 516 hoc
827 489 917 524 magis
935 489 981 516 im-

189 534 264 569 pium
280 533 335 560 diei
361 533 558 569 potest?Nihil
575 534 650 562 cnim
671 534 762 569 majus
780 535 838 562 sive
855 535 916 570 plus
929 535 982 562 erit

188 580 218 607 in
233 579 288 607 Deo
303 579 435 615 deinceps
465 587 549 615 quam
578 584 718 613 creatura,
735 580 800 608 licet
827 581 854 608 ei
880 581 982 608 divini-

188 626 253 654 tatis
271 625 386 661 gloriam
405 633 438 653 ac
459 626 593 654 virtutem
609 627 776 655 tribuamus.
794 627 883 655 Nemo
907 627 982 655 enim

191 673 244 700 sibi
262 672 363 700 utentis
384 672 477 708 inopia
495 674 661 708 persuath
672 672 838 701 admirabile
852 681 883 701 se
903 673 983 708 quid-

192 718 254 746 dam
282 722 309 746 et
348 725 477 753 magnum
508 718 542 746 de
573 718 643 746 Filio
683 719 797 752 sentire,
826 727 858 746 ac
889 719 983 747 dicere

193 763 269 799 quod
304 768 431 791 creatura
466 764 577 799 quidem
616 764 664 796 sit,
698 765 746 792 sed
776 772 830 792 non
869 769 899 792 ut
929 772 982 792 una

194 814 403 842 creaturartun,
433 810 481 838 sed
512 809 573 844 ejus
605 809 723 845 gloriam
751 817 806 838 non
838 810 983 838 mediocri-

194 860 237 884 ter
256 863 286 884 se
308 856 411 883 violare
437 855 586 891 intelligat.
614 854 669 882 Nec
700 856 775 882 enim
804 856 981 891 quaerendum

190 900 273 937 779
287 904 379 928 utrum
393 900 521 928 eximiam
537 907 593 935 pne
609 901 717 928 caeteris
732 901 867 928 creaturis
882 901 981 928 habeat

188 951 317 975 naturam
330 966 336 978 ,
353 946 401 974 sed
415 950 509 974 utrum
523 946 638 974 omnino
651 951 761 974 creatus
775 947 821 974 sit.
835 946 980 980 Quomodo

186 994 259 1022 cnint
277 998 406 1021 creatura
425 1000 480 1020 non
495 993 566 1025 erit,
585 993 608 1020 si
632 997 826 1029 creaturarum
852 993 890 1021 sit
911 1001 981 1028 pne-

187 1039 361 1068 stantissima
374 1039 386 1066 ?
403 1040 439 1066 At
453 1039 556 1066 violata
571 1037 633 1066 Filii
648 1038 798 1074 majestate
813 1039 840 1066 in
858 1047 891 1067 eo
906 1039 980 1074 quod

187 1087 277 1122 ipsum
296 1085 400 1113 factum
419 1093 481 1113 esse
499 1085 614 1117 dicunt,
631 1084 697 1120 quid
721 1085 825 1113 frustra
847 1086 873 1113 ci
894 1093 980 1113 rente-

187 1133 264 1161 dium
284 1133 369 1160 vcluti
401 1131 540 1168 quoddam
572 1131 723 1164 adhibent,
747 1131 820 1166 quod
848 1132 979 1159 nimirum

185 1181 276 1208 locum
305 1184 397 1207 teneat
426 1178 596 1214 reliquorum
625 1180 750 1207 omnium
780 1178 978 1214 praestantissi-

185 1234 260 1254 mum
274 1225 285 1253 ?
299 1225 432 1260 lnjuriam
450 1224 544 1260 itaque
570 1224 618 1252 Dei
641 1233 673 1252 ac
700 1225 790 1252 Patris
816 1225 979 1253 substantiae

185 1272 338 1304 faciemus,
355 1275 404 1298 aut
422 1271 522 1298 horum
540 1271 710 1306 agendorum
727 1276 891 1307 potestatem
909 1270 979 1297 Filio

185 1319 345 1355 attingemus
357 1339 365 1351 ,
382 1319 430 1354 qui
445 1323 473 1346 et
488 1319 548 1354 ipse
562 1323 673 1347 creatus
694 1323 753 1352 est,
780 1323 810 1346 ut
832 1319 915 1346 stulte
940 1319 978 1345 illi

183 1364 427 1400 philosophantur.
456 1362 508 1390 Sed
538 1371 593 1390 non
627 1363 747 1392 feremus
779 1371 828 1391 cos
856 1364 978 1390 dit-cutes

184 1409 301 1442 Filium,
313 1417 376 1436 cum
395 1409 550 1436 secundum
565 1413 693 1436 naturam
712 1413 839 1436 creatura
856 1410 905 1441 sit,
921 1409 978 1436 (lei-

184 1455 252 1483 tatis
277 1458 372 1482 tamen
399 1462 482 1489 opera
506 1455 616 1486 facere,
639 1462 702 1482 cum
725 1455 763 1482 ita
788 1455 918 1490 placitum
941 1455 978 1482 sit

184 1500 242 1528 Deo
257 1507 290 1528 ac
305 1499 392 1527 Patri.
413 1498 481 1526 Nam
499 1499 523 1527 si
544 1507 577 1527 ex
601 1499 744 1535 Scriptura
768 1499 859 1526 divina
882 1504 976 1528 osten-

185 1546 251 1573 dere
275 1544 302 1572 id
320 1548 453 1581 possunt,
470 1544 544 1580 quod
568 1550 687 1580 possunt
707 1545 866 1580 proferant,
884 1550 911 1572 et
935 1546 977 1573 inv

185 1595 330 1626 corruptas
344 1591 424 1618 nobis
439 1594 602 1619 sanctorum
617 1597 700 1618 voces
721 1594 899 1618 conservent.
926 1590 974 1617 Sin

184 1643 274 1666 autem
303 1645 337 1665 ex
366 1644 418 1664 suo
444 1644 530 1664 sensu
559 1637 683 1665 rationes
711 1637 974 1670 comminiscuntur,

184 1684 253 1712 scite
287 1682 433 1711 dicemus:
450 1692 458 1708 ι
476 1681 524 1710 Vae
553 1682 601 1718 qui
631 1683 800 1718 prophetant
832 1684 866 1711 de
895 1684 978 1711 corde

183 1736 235 1757 suo
249 1728 284 1756 ³⁵.
301 1737 310 1755 ι
326 1728 375 1756 llla
392 1728 466 1756 enim
483 1727 595 1756 Patrem
620 1735 729 1764 semper
753 1729 823 1757 velle
842 1729 976 1757 concede-

184 1783 261 1807 tnus,
279 1782 340 1811 quae
353 1775 477 1803 divinam
490 1775 552 1810 ejus
566 1775 681 1811 gloriam
698 1775 836 1803 sinceram
852 1781 878 1803 et
893 1775 978 1803 invio-

184 1823 267 1850 latam
283 1828 394 1849 scrvare
409 1826 533 1856 queunt,
562 1826 590 1848 et
619 1821 778 1856 dogmatum
802 1829 864 1856 qum
891 1821 924 1848 dc
945 1829 977 1849 eo

183 1872 248 1896 sunt
264 1871 367 1895 rectam
387 1867 524 1894 rationem
548 1872 672 1894 tuentur.
698 1867 847 1900 Quocirca,
866 1867 976 1894 illorum

183 1914 293 1942 insania
310 1914 403 1941 valere
426 1913 523 1948 jt'tssa,
546 1913 580 1940 ad
597 1918 702 1941 rectam
720 1913 754 1941 de
773 1921 806 1941 eo
820 1913 976 1941 doctrinam

182 1964 388 1993 convertamur,
403 1959 552 1987 credentes
567 1967 601 1987 ex
623 1959 781 1988 substantia
804 1959 851 1988 Dei
873 1967 905 1988 ac
925 1959 979 1988 Pa-

183 2007 234 2036 tris
251 2007 373 2042 genitum
390 2014 453 2034 esse
467 2005 571 2033 Filium
587 2014 669 2039 vere,
695 2010 723 2034 et
748 2006 832 2034 Deum
861 2007 896 2034 de
923 2007 978 2035 Deo

183 2052 336 2081 secundum
353 2055 493 2080 naturam.
509 2053 577 2079 Cum
593 2052 630 2079 sit
649 2052 722 2080 enim
739 2052 884 2080 character
898 2057 925 2081 et
945 2054 979 2081 si-

184 2099 311 2126 militudo
325 2097 374 2125 Dei
389 2105 421 2125 ac
437 2097 544 2129 Patris,
571 2105 635 2125 vere
661 2098 795 2132 loquitur,
825 2107 888 2126 cum
916 2100 976 2126 ait:

186 2154 194 2169 ι
207 2143 261 2177 Qui
276 2143 346 2170 vidit
363 2151 404 2170 me
416 2163 423 2174 ,
451 2142 522 2170 vidit
548 2147 575 2169 et
599 2142 708 2170 Patrem
724 2151 731 2169 :
749 2144 889 2178 quomodo
911 2153 977 2181 ergo

184 2191 254 2218 dicis
268 2200 274 2217 ε
292 2189 412 2217 Ostende
426 2189 506 2216 nobis
524 2189 632 2215 Patrem
646 2188 657 2215 ?
673 2198 682 2214 ι
699 2188 776 2216 Licet
792 2190 894 2225 quippe
909 2191 958 2218 tibi
969 2211 976 2221 ,

989 1572 1012 1602 C

676 153 704 182 S.
717 153 854 180 (lYlllLlJ
873 154 1106 182 ALEXANDRINI
1127 154 1286 184 ARCIIIEI’.

1774 157 1828 184 208

1031 213 1106 241 οὐδὲν
1121 214 1188 246 ὅλως
1200 212 1269 242 εἶναι
1284 214 1313 241 τὸ
1325 213 1481 241 διαλλάττον
1495 214 1523 241 ὲν
1536 214 1573 250 τῷ
1586 214 1700 250 μεταξὺ,
1712 215 1728 250 ἢ
1746 224 1830 250 παρα-

1033 260 1167 297 χαράττον
1186 261 1236 296 τὴν
1258 261 1298 292 εἰς
1319 260 1392 288 ἅπαν
1407 259 1573 297 ἐμφέρειαν,
1598 260 1707 295 ἀνάγκη
1722 261 1826 292 λοιπὸν.

1033 307 1079 333 καὶ
1089 307 1137 342 οὺχ
1149 307 1246 334 ἑκόντα
1257 308 1356 340 εἰπεῖν,
1365 307 1407 334 ὅτι
1417 307 1465 334 καὶ
1478 307 1559 339 αὐτὸς
1569 308 1583 333 ὁ
1596 307 1692 342 Πατὴρ
1707 308 1829 343 ὲπακτῂν

1032 353 1104 388 ἔχειν
1121 353 1176 389 [lca
1201 353 1270 390 ἔχει]
1293 354 1340 381 καὶ
1355 353 1421 389 παρ’
1432 353 1527 389 ἐτέρου
1546 353 1596 388 τὴν
1610 353 1738 389 δύναμιν.
1751 353 1829 380 Οὖτις»

1032 400 1087 435 γὰρ
1100 401 1167 435 ἡμῖν
1178 401 1274 427 ἑαυτὸν
1289 401 1318 427 ὲν
1332 401 1365 435 τῇ
1385 400 1469 426 εἰκόνι
1482 400 1532 434 τῆς
1550 399 1618 431 ιδίας
1635 399 1756 433 φύσεως,
1770 400 1828 434 ἦτοι

1031 446 1081 481 τῆς
1101 445 1180 481 δόξης
1190 465 1197 479 ,
1213 445 1353 482 ἠόουλήθη
1365 445 1508 472 δεικνύειν.
1535 443 1599 480 Ἆρ’
1612 442 1659 471 οὖν
1672 445 1723 479 οὐχ
1735 445 1828 480 ὁρᾶτε,

1032 492 1143 528 φήσειεν
1155 492 1188 519 ἄν
1209 501 1252 524 τις
1264 492 1333 528 πρὸς
1348 491 1468 523 ἐκείνους
1483 490 1594 523 λοιπὸν,
1619 490 1682 517 ὅποι
1698 491 1766 517 ποτὲ
1783 490 1829 525 βα-

1032 538 1129 565 διεῖται
1147 538 1199 573 τῆς
1210 538 1317 569 εὐθείας
1333 537 1394 564 ὁδοῦ
1410 536 1577 564 διεκπίπτων
1591 537 1605 562 ὁ
1620 535 1711 570 λόγος,
1727 536 1776 562 καὶ
1791 536 1829 567 εἰς

1032 582 1088 611 οἷον
1112 583 1276 619 άποκομίζει
1301 582 1437 619 βάραθρον
1459 582 1523 613 τοὺς
1542 582 1636 608 ἐκεῖνα
1655 580 1827 617 πεφρονηκό-

1032 636 1095 659 τας;
1118 627 1197 654 Ἀλλὰ
1210 627 1256 654 ναὶ
1267 647 1273 659 ,
1289 626 1420 659 δύναται,
1440 626 1510 661 φησὶ
1520 645 1527 658 ,
1544 625 1634 653 καίτοι
1649 625 1765 660 γενητὸς
1779 625 1829 651 ὐπ-

1032 673 1124 709 άρχων
1140 674 1155 699 ὀ
1172 673 1235 704 Υἱὸς
1246 693 1253 704 ,
1273 673 1307 700 τὰ
1321 673 1370 707 τῆς
1384 672 1493 707 φύσεως
1509 671 1578 707 ἔργα
1595 670 1717 707 πληροῦν
1727 691 1734 704 ,
1751 670 1829 704 δόξαν

1032 718 1104 745 οὕτω
1120 719 1158 754 τῷ
1178 719 1238 754 θεῷ
1256 719 1305 745 καὶ
1324 718 1422 754 Πατρί.
1453 716 1519 745 Εἶτα
1536 718 1563 744 τί
1580 717 1677 744 τούτου
1701 718 1830 752 ,φανεῖται

1032 766 1063 792 τὸ
1075 765 1302 801 δυσσεϐέστερον;
1323 765 1406 792 Οὐδὲν
1421 765 1476 801 γὰρ
1489 765 1574 792 ἔτιτὸ
1590 764 1682 800 μεῖζον
1693 786 1700 798 ,
1724 765 1787 800 ἦτοι
1802 764 1831 791 τὸ

1034 811 1113 838 πλέον
1128 813 1156 838 ὲν
1168 811 1227 847 Θεῷ
1238 811 1314 848 παρὰ
1324 812 1374 847 τὴν
1386 811 1484 844 κτίσιν,
1502 811 1527 838 εἰ
1539 812 1587 838 καὶ
1600 812 1649 846 τὴν
1661 811 1713 846 τῆς
1733 811 1829 845 θεότη-

1034 868 1079 891 τος
1099 859 1178 891 δόξαν
1201 867 1231 885 τε
1253 859 1299 886 καὶ
1321 859 1436 895 δύναμιν
1461 859 1530 895 αὐτῇ
1556 859 1756 895 περιθήσομεν.
1786 859 1829 894 Μὴ

1032 904 1087 940 γάρ
1100 905 1141 935 τίς
1156 904 1187 931 ἐκ
1199 903 1413 939 φρενοϐλαϐείας
1424 904 1522 931 οίέσθω
1539 904 1640 940 πολλῆς
1663 904 1830 938 asta-ram

1031 959 1058 978 τι
1080 951 1126 978 καὶ
1145 951 1217 986 μέγα
1246 951 1311 986 περὶ
1334 950 1399 977 Υίοῦ
1420 952 1529 987 φρονεῖν
1548 960 1578 978 τε
1595 951 1642 978 καὶ
1660 951 1772 985 λέγειν,
1790 951 1830 977 ὅτι

1031 996 1134 1032 κτίσμα
1149 997 1198 1032 μέν
1210 997 1294 1027 ἐστιν,
1303 997 1352 1032 οὐχ
1365 997 1402 1028 ὼς
1419 996 1447 1023 ἓν
1462 997 1490 1023 δὲ
1503 1006 1557 1023 των
1571 996 1732 1032 κτισμάτων
1745 1005 1751 1011 ⁸
1765 997 1830 1022 ἴστω

1031 1042 1059 1069 δὲ
1072 1043 1101 1069 οὐ
1119 1042 1225 1079 μικρῶς
1237 1042 1337 1069 ἀδικῶν
1353 1042 1401 1078 τὴν
1416 1043 1496 1075 δόξαν
1511 1043 1603 1069 αὐτοῦ.
1626 1043 1663 1069 Ob
1676 1042 1733 1077 γὰρ
1745 1043 1771 1068 εί
1785 1041 1822 1074 es,-

1031 1089 1138 1125 αίρετον
1150 1089 1206 1124 ἔχει
1222 1089 1270 1124 τὴν
1285 1088 1366 1123 φύσιν
1377 1089 1453 1124 παρὰ
1465 1089 1499 1116 τὰ
1511 1089 1580 1116 ἄλλα
1594 1088 1735 1124 κτίσματα
1746 1088 1828 1123 ζητη-

1029 1133 1100 1165 τέον,
1117 1134 1174 1160 ἀλλ’
1186 1134 1210 1159 εἰ
1222 1133 1333 1168 γέγονεν
1346 1133 1423 1166 ὅλως.
1441 1134 1478 1160 Τὸ
1493 1134 1547 1170 γὰρ
1560 1130 1631 1160 εἶναι
1649 1133 1757 1168 κτίσμα
1770 1133 1827 1164 πῶς

1030 1179 1064 1206 ἂν
1080 1179 1222 1214 διαφύγοι.
1241 1179 1265 1205 εί
1285 1179 1331 1206 καὶ
1349 1179 1459 1206 πάντων
1474 1179 1534 1206 ἐστὶ
1551 1178 1605 1205 τῶν
1623 1179 1785 1213 κτισμάτων
1799 1178 1828 1204 τὺ

1030 1225 1189 1259 κάλ).ιστον;
1212 1225 1408 1260 ’Λδικουμένης
1420 1225 1448 1252 δὲ
1458 1226 1508 1260 τῆς
1522 1225 1655 1261 δόξηςτοῦ
1666 1225 1733 1251 Υῐοῦ
1744 1226 1775 1251 ὲν
1790 1225 1828 1260 τῷ

1029 1271 1157 1306 γενέσθαι
1166 1272 1255 1306 λέγειν
1267 1271 1391 1305 αὐτὸν,τί
1403 1272 1491 1307 μάτην
1501 1271 1643 1306 ἐπάγουσι.
1658 1270 1788 1306 καθάπερ
1802 1280 1827 1297 τι

1030 1319 1174 1354 φάρμακον
1191 1317 1265 1353 αὐτῷ
1276 1339 1283 1351 ,
1307 1318 1336 1344 τὸ
1350 1319 1379 1344 ὲν
1392 1318 1431 1353 τῷ
1444 1317 1578 1352 καλλίστῳ
1596 1317 1650 1344 τῶν
1663 1317 1754 1344 ἄλλων
1778 1317 1827 1343 ὑπ-

1029 1364 1123 1399 άρχειν
1137 1364 1233 1400 τόπῳ;
1266 1364 1430 1400 ’Υϐριοῦμεν
1452 1363 1599 1399 τοιγαροῦν
1621 1363 1672 1398 τὴν
1694 1363 1743 1389 τοῦ
1760 1363 1826 1389 Θεοῦ

1029 1410 1076 1436 καὶ
1098 1410 1204 1446 Πατρὺς
1229 1410 1338 1442 οὐσίαν,
1364 1410 1380 1445 ἦ
1405 1409 1492 1437 ταῦτα
1513 1409 1646 1436 δύνασθαι
1675 1409 1826 1444 κατορθοῦν

1029 1455 1216 1491 ’περιθήσομεν
1233 1455 1272 1491 τῷ
1286 1455 1354 1491 Υίῷ,
1367 1455 1473 1491 γενητῷ
1490 1456 1537 1482 καὶ
1562 1455 1637 1490 αὐτῷ
1652 1455 1826 1490 τυγχάνοντι,

1029 1501 1100 1528 κατὰ
1114 1501 1159 1528 τὸν
1171 1502 1284 1529 ἐκείνων
1297 1502 1391 1537 ἀμαθῆ
1406 1502 1453 1529 καὶ
1470 1502 1599 1529 ἀσύνετον
1611 1501 1755 1536 λογισμόν.
1770 1501 1826 1527 Οὐκ

1029 1548 1179 1583 ἀνεξόμεθα
1197 1548 1226 1575 δὲ
1245 1548 1380 1582 λεγόντων
1397 1548 1502 1581 αὐτῶν,
1529 1549 1570 1575 ὅτι
1586 1548 1619 1575 τὰ
1631 1548 1681 1582 τῆς
1699 1547 1827 1583 θεότητος

1028 1594 1096 1630 ἔργα
1109 1595 1246 1630 κατορθοῖ,
1263 1595 1366 1630 κτίσμα
1380 1595 1452 1622 κατὰ
1472 1595 1552 1629 φύσιν
1576 1595 1708 1630 ὑπάρχων
1723 1595 1737 1621 ὁ
1752 1593 1825 1625 Υἱὸς,

1027 1640 1099 1668 οὕτω
1113 1641 1191 1673 δόξαν
1214 1641 1253 1676 τῷ
1277 1641 1337 1676 Θεῷ
1362 1641 1410 1668 καὶ
1422 1641 1519 1676 Πατρί.
1546 1641 1577 1668 Εἰ
1590 1641 1640 1676 μὲν
1661 1640 1717 1676 γάρ
1734 1640 1826 1676 ἔχουσι

1027 1687 1160 1714 δεικνύειν
1179 1687 1257 1714 τοῦτο
1274 1688 1328 1714 ἀπὸ
1347 1688 1397 1723 τῆς
1422 1687 1498 1719 θείας
1511 1687 1641 1723 Γραφῆς.
1666 1695 1826 1722 παρακομι-

1029 1734 1129 1766 ζόντων
1154 1734 1171 1762 ἂ
1184 1735 1334 1770 βούλονται,
1347 1734 1394 1761 καὶ
1405 1733 1612 1769 ἀκαπηλεύτους
1624 1735 1690 1769 ἡμῖν
1705 1733 1756 1765 τὰς
1774 1733 1828 1760 τῶν

1029 1779 1114 1813 ἁγίων
1137 1779 1292 1815 τηρούντων
1314 1780 1416 1814 φωνάς.
1443 1779 1476 1806 Εί
1493 1779 1520 1806 δὲ
1535 1779 1648 1814 γνώμης
1665 1778 1732 1810 ἰδίας
1749 1779 1828 1814 εὐρή⁹

1031 1834 1114 1860 ματα,
1131 1826 1178 1852 καὶ
1192 1826 1254 1858 τοὺς
1268 1826 1315 1852 ἐπὶ
1329 1825 1417 1861 τούτῳ
1430 1825 1593 1860 πεποίηνται
1603 1825 1766 1860 λογισμοὺς,
1778 1834 1827 1860 χα-

1030 1871 1141 1907 ριέντως
1163 1872 1296 1908 ἐροῦμεν
1326 1882 1334 1897 ι
1357 1873 1425 1899 Οὐαὶ
1441 1873 1497 1903 τοῖς
1529 1871 1749 1907 προφητεύουσιν
1773 1871 1828 1899 ἀπὸ

1029 1916 1142 1952 καρδίας
1155 1917 1260 1944 αύτώνῐ
1275 1928 1283 1942 ι
1295 1917 1400 1944 Ἐκεῖνα
1411 1917 1466 1953 γὰρ
1475 1917 1596 1952 δώσομεν
1607 1915 1710 1944 ἐθέλειν
1722 1917 1767 1943 ἀεὶ
1782 1917 1827 1943 τὸν

1029 1962 1138 1998 Πατέρα
1151 1985 1157 1996 ,
1179 1963 1196 1990 ἃ
1211 1963 1260 1998 τὴν
1285 1963 1361 1990 θείαν
1385 1963 1468 1990 αὑτοῦ
1489 1963 1568 1997 δόξαν
1590 1963 1826 1999 ἀπαραχάρακτον

1029 2006 1083 2036 οἶδε
1098 2010 1192 2046 τηρεῖν
1202 2030 1208 2041 ,
1223 2011 1271 2037 καὶ
1285 2010 1338 2036 τῶν
1352 2010 1417 2045 περ)⁸
1435 2009 1518 2036 αὐτοῦ
1534 2010 1680 2046 δογμάτων
1695 2009 1826 2042 διασώζει

1028 2057 1077 2090 τὴν
1093 2055 1236 2091 ὀρθότητα.
1249 2053 1353 2082 Οὐκοῦν
1365 2054 1425 2085 ταῖς
1436 2053 1548 2080 ἐκείνων
1561 2053 1720 2085 άσυνεσίαις
1734 2053 1767 2079 τὺ
1782 2054 1826 2088 ἐρ-

1030 2102 1132 2138 ρὦθαι
1149 2102 1314 2137 φράσαντες,
1329 2100 1377 2127 ἐπὶ
1391 2100 1436 2127 τὸν
1454 2099 1541 2135 ἀληθῆ
1556 2100 1620 2134 περὶ
1638 2098 1721 2125 αὐτοῦ
1735 2100 1826 2134 χωρή-

1030 2157 1119 2184 σωμεν
1130 2148 1209 2182 λόγον
1219 2169 1225 2179 ,
1249 2148 1281 2174 ὲκ
1294 2147 1344 2182 τῆς
1365 2146 1457 2178 οὐσίας
1470 2146 1632 2181 γεννηθῆναι
1648 2145 1826 2176 πιστεύοντες

1030 2193 1075 2220 τοῦ
1090 2193 1157 2220 Θεοῦ
1172 2194 1219 2220 καὶ
1235 2192 1340 2228 Πατρὸς
1356 2193 1420 2219 Υίὺν
1435 2191 1553 2226 ἀληθῶς,
1568 2191 1616 2218 καὶ
1629 2191 1695 2217 Θεὸν
1710 2191 1743 2217 ἐκ
1756 2189 1825 2217 Θεοῦ

184 2235 292 2270 inquit,
305 2234 448 2269 Philippe,
471 2233 565 2260 Patris
589 2235 615 2260 iu
631 2241 673 2261 me
687 2235 872 2270 contemplari
896 2241 977 2264 natu-

1031 2240 1101 2267 κατὰ
1118 2240 1207 2273 φύσιν.
1239 2239 1379 2274 Ἀληθεύει
1403 2238 1457 2274 γὰρ
1471 2237 1557 2269 οὕτως
1571 2237 1704 2272 ὑπάρχων
1722 2237 1770 2263 καὶ
1782 2245 1827 2271 χα-

184 2289 260 2313 ram,
277 2285 305 2308 et
322 2288 354 2308 ex
372 2288 405 2306 eo
420 2279 493 2314 quod
515 2287 576 2306 sum
601 2280 659 2314 ipse
672 2300 678 2308 .
705 2282 858 2315 genitorem
886 2283 976 2317 peri-i-

170 2328 257 2362 ipere.
287 2326 386 2354 Exsliti
411 2326 484 2352 enim
507 2330 534 2352 et
551 2333 612 2352 smn
634 2334 700 2353 vere
725 2327 889 2355 substantiae
914 2329 975 2362 ejus

183 2374 338 2404 character,
355 2380 402 2407 per
419 2371 512 2399 omnia
535 2371 636 2398 similis
651 2376 677 2399 et
693 2373 784 2407 imago
803 2373 976 2408 perfectissi—

183 2427 226 2446 ma
241 2419 279 2450 π,
297 2423 382 2446 totam
396 2418 423 2444 in
440 2418 545 2452 meipso
562 2417 609 2445 Dei
627 2425 658 2445 ac
674 2417 765 2446 Patris
781 2424 911 2448 naturam
927 2429 975 2448 ex-

183 2465 314 2498 primens.
342 2463 428 2496 Quem
453 2460 565 2490 demum
595 2463 711 2491 visionis
734 2464 836 2492 divinae
861 2466 971 2494 modttm

183 2509 265 2536 alium
280 2507 437 2543 quaesieris,
451 2507 473 2534 si
489 2508 538 2535 tibi
553 2516 621 2536 sana
635 2517 713 2537 mens
728 2518 790 2538 esse
804 2515 912 2545 potest,
925 2516 973 2539 aut

183 2554 273 2589 quod,
306 2559 416 2588 quaeso,
446 2551 561 2581 visionis
587 2562 674 2589 genus
710 2556 819 2591 rogas?
837 2555 972 2591 Nunquid

184 2597 402 2633 praestantiorem
421 2602 448 2624 et
469 2598 556 2634 magis
572 2600 741 2635 exquisitam
761 2601 904 2629 veteribus
923 2602 973 2629 da-

184 2651 237 2672 tam
247 2652 310 2672 esse
325 2644 479 2678 existimas,
491 2653 554 2673 cum
571 2647 599 2674 in
615 2653 737 2676 montem
757 2647 822 2676 Sina
836 2650 862 2676 in
881 2651 973 2685 specie

184 2691 254 2726 ignis
270 2690 398 2718 descendi
416 2691 461 2719 "1'
475 2691 516 2720 Oh
536 2693 588 2721 hoc
601 2694 674 2722 enim
689 2693 777 2722 Judaei
796 2695 972 2730 potissimum

183 2737 294 2772 gloriari
310 2737 408 2765 solent.
425 2738 488 2765 Hmc
510 2747 524 2765 a
545 2739 658 2767 Christo
690 2740 785 2768 forsan
809 2741 883 2769 dicta
908 2743 971 2778 qui-

183 2785 243 2810 dem
265 2791 325 2810 esse
349 2785 504 2817 putabimus
521 2794 527 2811 :
547 2791 674 2813 emterum
694 2787 728 2814 ad
754 2787 800 2814 Dei
824 2793 851 2815 et
879 2788 969 2817 Patris

219 2868 242 2885 9‘
255 2873 352 2903 Ezvch.
370 2883 416 2902 xut
430 2894 438 2909 ,
456 2875 482 2901 5.
521 2874 543 2889 ’⁵
560 2874 578 2901 ll
595 2874 659 2902 Cor.
687 2883 723 2909 tv,
745 2876 778 2909 ti;
793 2876 879 2909 "CIJI',
895 2888 900 2905 ι
914 2900 920 2911 ,
943 2881 968 2906 3.

1032 2285 1147 2320 ρακτὴρ,
1164 2284 1213 2311 καὶ
1227 2283 1356 2318 ὁμοίωσις
1369 2282 1416 2309 τοῦ
1434 2281 1501 2308 Θεοῦ
1517 2283 1562 2309 καὶ
1580 2282 1699 2316 Πατρὸς,
1715 2281 1805 2315 λέγων
1817 2290 1824 2296 ·

1031 2344 1040 2358 ε
1052 2333 1080 2357 '0
1096 2332 1226 2368 ἑωρακὼς
1241 2332 1306 2366 ἐμὲ,
1324 2331 1430 2367 ἑώρακε
1444 2331 1488 2357 τὸν
1505 2330 1614 2366 Πατέρα
1626 2339 1632 2345 ·
1646 2330 1705 2362 πῶς
1718 2329 1766 2358 οὗν
1783 2331 1826 2357 λέ-

1028 2388 1085 2412 γεις
1099 2387 1105 2393 ·
1123 2376 1214 2410 Δεῖξον
1234 2378 1300 2412 ἡμῖν
1316 2377 1362 2404 τὸν
1380 2377 1509 2411 Πατέρα;
1527 2386 1535 2402 ι
1561 2376 1635 2410 Ἐξὸν
1650 2377 1706 2411 γὰρ
1724 2377 1756 2412 δή
1773 2386 1824 2407 σοι,

1029 2426 1125 2461 φησὶν,
1139 2422 1162 2451 ὧ
1174 2424 1304 2455 Φίλιππε,
1321 2425 1370 2460 τὴν
1383 2424 1428 2451 τοῦ
1444 2423 1552 2459 Πατρδς
1568 2424 1597 2451 ὲν
1611 2423 1674 2458 ἐμοὶ
1688 2423 1826 2450 καταθεά-

1029 2472 1127 2499 σασθαι
1142 2471 1239 2506 φύσιν,
1268 2471 1315 2498 καὶ
1332 2469 1361 2502 ἐξ
1380 2466 1418 2497 ὧν
1436 2470 1516 2502 αὐτός
1531 2471 1588 2506 είμι
1609 2469 1825 2497 διασκέπτεσθαι

1027 2516 1238 2552 τὺνγεννήτορα.
1252 2516 1365 2551 Πέφηνά
1377 2524 1406 2542 τε
1421 2516 1474 2551 γὰρ
1487 2515 1533 2542 καὶ
1543 2516 1600 2551 εἰμὶ
1610 2516 1671 2542 κατ’
1681 2515 1822 2551 ἀλήθειαν,

1028 2562 1137 2598 καὶτῆς
1151 2562 1245 2594 οὐσίας
1269 2561 1352 2590 αὑτοῦ
1367 2561 1509 2598 χαρακτὴρ
1536 2561 1759 2597 ἀπαράλλακτος,
1777 2562 1824 2588 καὶ

1028 2609 1109 2636 είκὼν
1124 2610 1266 2646 ἐμφερὴς,
1281 2609 1345 2644 ὃλην
1361 2610 1390 2635 ὲν
1412 2607 1525 2644 ἐμαυτῷ
1545 2609 1596 2643 τὴν
1613 2608 1661 2635 τοῦ
1682 2608 1751 2635 Θεοῦ
1777 2609 1823 2635 καὶ

1028 2656 1134 2690 Πατρδς
1148 2656 1324 2691 ἐγχαράττων
1343 2655 1434 2689 φύσιν.
1457 2656 1537 2682 Ποῖον
1557 2654 1596 2681 ἔτι
1620 2656 1670 2689 τῆς
1694 2655 1822 2686 θεοπτίας

1027 2701 1207 2736 ἐπιζητήσαις
1220 2701 1252 2727 ἂν
1266 2701 1366 2737 τρόπον
1380 2700 1520 2736 ἔτερον,εῖ
1531 2700 1563 2735 γέ
1576 2709 1616 2727 σοι
1626 2700 1728 2736 προσὸν
1737 2700 1818 2735 ἐρῷτι

1026 2747 1056 2772 τὸ
1070 2747 1104 2774 τά
1127 2747 1219 2773 εἰκότα
1238 2747 1367 2774 δύνασθαι
1386 2747 1512 2782 φρονεῖν,
1541 2746 1557 2781 ἣ
1573 2746 1667 2778 ποίαν,
1688 2746 1751 2772 εἰπέ
1766 2755 1818 2778 μοι.

1026 2791 1142 2826 θεωρίαν
1154 2793 1241 2823 αίτεῖς
1254 2790 1346 2828 ςτΑρα
1360 2792 1397 2828 μὴ
1408 2792 1550 2828 κρείττονα
1565 2791 1612 2818 καὶ
1621 2790 1821 2826 ἀκριϐεστέραν

1010 2883 1031 2893 ’⁵⁸
1052 2880 1138 2908 lived.
1161 2890 1216 2912 \tx,
1238 2882 1281 2908 18.
