1926 3041
110 197 163 226 2θὲ

636 196 667 223 IN
688 191 831 223 MANle
844 193 1069 224 EVANGELIUM
1089 195 1153 224 LIB.
1175 196 1220 225 lx.

1679 197 1739 225 τιο

112 260 165 286 οἴει
179 257 302 285 δεδόσθαι
314 258 371 289 τοῖς
386 256 573 292 ἀρχαιοτέροις
582 277 589 290 ,
602 257 645 284 ὅτε
662 257 781 292 κατέϐην
797 257 826 282 ὲν
838 255 905 282 εῖδει

958 258 1144 294 cognitionem
1163 259 1270 294 potiora
1288 266 1348 287 csse
1363 257 1465 287 Christi
1479 257 1637 286 Servatoris
1649 259 1737 286 nostri

111 304 199 340 πυρός
222 303 269 329 ἐπὶ
286 302 320 329 τὸ
340 303 404 338 ὅρος
424 302 454 329 τὸ
473 302 556 334 Σινᾶ;
585 301 655 328 Πολὺ
674 301 728 337 γὰρ
749 302 842 336 αὐχεῖν
857 301 903 326 ἐπὶ

111 349 201 384 τούτῳ
212 349 244 385 δὴ
258 348 377 384 μάλιστα
388 349 444 379 τοῖς
463 347 599 379 Ἰουδαίοις
621 348 649 374 έν
661 347 726 374 έθει.
749 347 833 373 Ταυτὶ
853 346 903 382 μὲν

111 396 180 426 ἴσως
195 395 395 430 ὑπονοήσωμεν
410 394 443 420 ἂν
459 393 538 428 τυχὸν
556 393 701 427 διειλέχθαι
713 392 830 429 Χριστόν
841 400 848 406 ·
861 392 903 419 ὅτι

109 440 135 467 δ’
149 439 197 467 οὖν
210 440 330 476 ἀμείνων
343 441 383 471 εἰς
399 439 500 473 γνῶσιν
513 439 562 475 τὴν
574 438 621 465 τοῦ
636 437 704 464 Θεοῦ
723 438 770 464 καὶ
785 437 902 472 Πατρὸς,

111 487 130 522 ἡ
143 486 200 512 τῶν
217 485 375 521 παραδόξων
397 484 524 517 ἐπίδειξις
537 485 584 511 τοῦ
600 485 724 519 Σωτῆρος
744 483 823 518 ἡμῶν
837 483 902 518 Χρι-

113 531 193 564 στοῦ,
204 532 254 567 τῆς
273 532 302 558 ὲν
316 531 356 566 τῷ
367 531 425 565 δρει
440 531 518 566 Σινᾷ,
543 530 640 566 χρῆναι
652 529 707 556 δεῖν
719 528 903 563 ὑπολαμϐάνω

111 577 162 604 καὶ
176 577 224 604 νῦν
235 578 308 612 ἡμᾶς
324 576 474 604 ἀοκνότατα
489 576 588 610 λέγειν.
604 576 684 611 Ὄψει
704 573 758 610 γὰρ
773 573 845 600 οὕτω
857 573 902 600 τὸν

109 622 264 655 Φίλιππον,
277 621 484 658 παρακειμένης
506 620 580 656 αὐτῷ
597 620 646 656 τῆς
661 619 779 655 ἀληθοῦς
788 619 901 651 εἰκόνος,

108 667 164 694 οὐκ
179 666 338 701 ἀναγκαίως
353 667 503 702 αἰτήσαντα
521 666 572 701 τὴν
593 665 770 701 ἑτερότροπον
785 664 903 700 θεωρίαν

108 712 160 740 τοῦ
173 712 241 740 Θεοῦ
258 713 304 739 καὶ
318 712 433 748 Πατρὸς,
449 712 466 747 ἢ
481 712 528 738 καὶ
545 712 601 743 τοῖς
618 711 810 747 ἀρχαιοτέροις
823 710 902 745 ἐδόθη

109 759 225 786 κατὰτὸ
243 758 305 794 ὅρος
319 759 394 785 Σινᾶ.
418 757 530 792 Κατέϐη
546 758 596 792 μὲν
607 757 661 793 γὰρ
682 758 740 783 ἐκεῖ
750 757 852 792 Κύριος
873 757 903 783 ἐν

108 806 179 832 εῖδει
197 806 300 841 πυρὸς,
316 805 388 832 καθὰ
403 805 576 840 γέγραπται,
592 803 767 839 θεωρούντων
781 803 902 839 δηλονότι

106 851 167 878 τῶν
181 851 212 884 ἐξ
231 851 348 887 Ἰσραήλ.
369 850 437 877 Ἀλλ’
449 851 500 877 οὐκ
515 850 563 882 ἂν,
581 848 675 885 οἶμαι,
691 849 733 881 τὶς
747 849 791 876 διὰ
805 849 900 875 τούτου

108 899 152 929 εἰς
165 897 269 929 ἐννοίας
283 897 394 932 ἀληθεῖς
403 897 497 924 ἐλάσαι
511 897 577 923 ποτὲ
591 896 639 928 τὰς
654 896 718 931 περὶ
727 895 806 927 Θεοῦ,
818 896 902 933 ἤργουν

107 944 152 975 εἰς
165 942 215 978 τὴν
227 943 260 978 τῇ
274 942 382 978 θεότητι
395 942 552 978 πρέπουσαν
569 940 743 976 ἀναπηδήσαι
759 939 900 976 διάληψιν·

109 987 171 1019 πῶς
185 987 241 1022 γὰρ
255 987 322 1021 ὅλως
336 987 379 1014 διὰ
393 987 487 1023 πυρὸς,
501 987 626 1023 καθάπερ
638 986 691 1013 ἀπό
705 995 776 1018 τινος
788 986 902 1017 εἰκόνος,

108 1034 200 1068 ἴοιμεν
214 1033 248 1060 ἂν
264 1033 310 1060 ἐπὶ
324 1033 356 1060 τὸ
367 1033 537 1068 ἀρχέτυπον,
552 1032 624 1059 τοῦτ’
638 1031 710 1064 ἐστι,
737 1031 782 1058 τὸν
795 1031 904 1066 Πατέρα

109 1080 159 1106 καὶ
174 1080 261 1112 Θεόν;
286 1079 402 1114 Ἀγαθὸς
418 1080 467 1115 μὲν
489 1079 544 1115 γὰρ
564 1080 578 1106 6
593 1079 658 1110 Θεὸς
677 1079 711 1114 τῇ
734 1077 830 1112 φύσει,
857 1077 904 1103 καὶ

109 1125 180 1160 πρός
194 1133 226 1159 γε
240 1125 327 1160 τούτῳ
342 1125 523 1160 δημιουργὸς,
540 1125 572 1151 τὰ
586 1125 635 1151 οὐκ
652 1125 715 1151 ὄντα
731 1123 797 1150 ποτὲ
813 1122 903 1149 καλῶν

109 1169 153 1200 είς
164 1169 272 1204 γένεσιν
283 1189 291 1202 ,
315 1169 362 1196 καὶ
379 1170 500 1205 συνέχων
514 1169 554 1201 είς
567 1169 598 1196 τὸ
619 1166 690 1196 εἶναι
707 1168 742 1195 τὰ
757 1168 845 1195 πάντα
857 1167 904 1194 κα)⁴

109 1215 271 1249 ζωογονῶν,
298 1215 378 1246 αὐτὸς
390 1215 486 1250 σοφία,
500 1216 546 1242 καὶ
560 1214 692 1249 δύναμις,
707 1214 826 1250 χρηστὸς
837 1232 844 1245 ,
858 1213 905 1240 καὶ

109 1262 273 1297 οἰκτίρμων,
289 1262 337 1288 καὶ
352 1261 484 1297 ἐλεήμων.
510 1260 618 1288 Τούτων
631 1261 660 1287 δὲ
671 1260 703 1287 τὸ
715 1260 844 1295 παράπαν
859 1259 904 1286 οὗ·

109 1308 157 1334 δὲν
172 1308 201 1334 ὲν
215 1307 292 1344 πυρί.
328 1308 366 1334 Οὺ
379 1308 433 1343 γὰρ
460 1308 493 1334 ἂν
510 1306 592 1334 οἴοιτό
605 1315 656 1340 τις,
675 1306 702 1332 εἴ
715 1314 748 1340 γε
760 1305 822 1332 νοῦν
837 1304 904 1340 ἔχει,

111 1354 248 1389 χρηστὸν,
272 1355 320 1380 καὶ
340 1354 529 1389 φιλάνθρωπον
551 1350 621 1380 εῐναι
633 1352 665 1379 τὸ
680 1351 751 1388 πῦρ,
772 1351 832 1378 οὐδὲ
847 1351 906 1386 ὲρεῖ

110 1409 154 1432 τις
167 1400 330 1436 σωφρονῶν,
355 1400 393 1432 ὠς
408 1400 451 1435 εἴη
475 1400 524 1435 μὲν
543 1398 739 1435 δημιουργικὸν
749 1418 757 1430 ,
783 1397 863 1432 σοφόν
875 1406 905 1424 τε

111 1446 161 1472 καί
175 1445 318 1479 ζωογόνον.
335 1443 401 1472 Εἶτα
417 1445 476 1477 πῶς
493 1445 525 1472 ἄν
538 1454 596 1478 τις,
612 1445 674 1471 εἰπέ
691 1453 751 1479 μοι,
765 1444 808 1470 διὰ
821 1443 905 1478 πυρὸς

111 1490 163 1523 τὰς
179 1491 244 1526 περὶ
260 1491 311 1526 τῆς
330 1491 448 1526 ἀληθοῦς
467 1490 594 1526 θεότητος
612 1490 716 1522 ἐννοίας
738 1489 905 1523 σολλέξειεν;

111 1537 130 1572 ἢ
152 1537 211 1569 πῶς
228 1537 262 1564 ἂν
287 1538 317 1564 ὲν
341 1537 465 1572 ἐσόπτρῳ
487 1537 533 1563 καὶ
556 1536 697 1571 αἰνίγματι
719 1535 866 1570 θεωρήσειέ
881 1544 907 1562 τι

916 908 939 961 ὶι

955 304 1100 336 miracula,
1115 312 1198 339 quam
1214 311 1276 339 qua:
1296 303 1323 332 in
1341 308 1433 332 monte
1450 303 1515 331 Sina
1529 302 1601 331 edita
1616 302 1738 334 fuerunt,

953 349 1069 384 impigre
1096 357 1205 385 quoque
1232 357 1306 378 nunc
1335 349 1414 378 nobis
1443 349 1635 385 exponendum
1666 349 1740 376 arbi~

953 401 1024 423 tror.
1051 395 1090 423 ita
1118 403 1237 436 namque
1264 395 1371 424 videbis
1409 402 1465 423 non
1498 402 1614 423 necesse
1653 394 1739 423 fuisse

954 443 1079 477 Philippo
1093 447 1133 474 ut.
1147 450 1210 471 eum
1226 442 1250 470 ei
1267 449 1330 470 vera
1347 442 1458 470 adesset
1477 442 1568 478 imago
1579 463 1586 475 ,
1601 441 1738 469 diversam

954 490 1089 517 visionem
1113 488 1195 523 780
1215 487 1263 515 Dei
1282 495 1314 515 ac
1330 487 1421 516 Patris
1437 491 1559 523 peteret,
1577 494 1638 522 qum
1653 490 1680 514 et
1693 494 1739 514 ve-

953 536 1058 563 teribus
1074 535 1136 562 data
1156 538 1197 562 est
1214 534 1247 561 ad
1264 538 1383 562 montem
1399 533 1476 561 Sina.
1502 533 1647 562 Descendit
1663 533 1738 561 enim

953 582 1018 609 illnc
1042 581 1176 608 Dominus
1199 581 1227 607 in
1244 580 1336 615 specie
1352 580 1442 615 ignis,
1470 584 1499 607 ut
1523 579 1655 614 scriptum
1677 582 1738 612 est,

954 625 1144 661 spectantibus
1174 624 1305 652 nimirum
1335 624 1482 652 lsraelitis.
1501 623 1555 651 Sed
1584 631 1683 656 nemo,
1709 627 1740 651 ut

954 678 1026 702 reor,
1045 678 1093 705 per
1108 670 1159 697 hoc
1174 669 1208 697 ad
1222 677 1302 696 veras
1312 669 1346 696 de
1357 669 1413 697 Deo
1423 670 1552 697 notiones
1565 669 1736 704 pervenerit,

954 720 1000 742 aut
1014 715 1047 741 ad
1063 715 1223 750 opinionem
1238 713 1333 741 deitati
1348 718 1549 749 congruentem
1566 713 1736 741 ascenderit:

953 761 1092 797 quomodo
1107 760 1180 788 enim
1192 780 1200 793 ,
1218 767 1312 794 quaeso
1323 779 1330 792 ,
1346 767 1396 794 per
1410 760 1500 794 ignem
1515 759 1591 787 velut
1613 760 1647 786 ab
1668 760 1738 786 ima-

951 809 1015 843 gine
1039 807 1156 842 quadam
1181 806 1327 833 veniemus
1358 805 1393 833 ad
1418 806 1617 841 archetypum,
1645 805 1673 833 id
1696 810 1738 833 est

955 853 1062 881 Patrem
1079 859 1112 880 ac
1126 851 1234 879 Deum?
1250 851 1343 879 Bonus
1366 851 1504 886 siquidem
1529 851 1600 878 Deus
1625 855 1668 878 est
1688 858 1738 878 na-

953 904 1015 927 tura
1027 919 1034 931 ,
1051 906 1083 926 ac
1099 901 1229 933 praeterea
1244 897 1333 932 opil'cx
1343 917 1350 930 ,
1363 897 1410 932 qui
1426 897 1453 923 in
1467 901 1558 924 ortum
1573 896 1665 924 educit
1678 903 1739 931 quae

954 945 1103 981 aliquando
1124 952 1178 972 non
1197 947 1290 976 erant,
1314 951 1403 978 eaque
1420 943 1448 970 in
1474 950 1537 971 esse
1553 943 1676 970 continet
1712 946 1740 970 et

954 991 1089 1022 vivilicat,
1106 990 1222 1024 ipsemet
1237 988 1374 1024 sapientia
1397 991 1424 1016 et
1451 988 1552 1020 virtus,
1570 987 1670 1019 bonus,
1684 987 1740 1014 cle-

954 1044 1032 1064 mens
1049 1040 1077 1063 et
1106 1034 1278 1062 misericors.
1296 1033 1399 1061 Horum
1413 1037 1505 1061 autem
1521 1033 1591 1060 nihil
1607 1037 1649 1060 est
1661 1039 1739 1068 pror-

954 1090 1003 1110 sus
1019 1083 1046 1109 in
1063 1081 1136 1115 igne.
1154 1080 1238 1108 Nemo
1249 1080 1322 1107 enim
1341 1087 1426 1108 sanus
1436 1080 1526 1115 ignem
1539 1079 1640 1106 bonum
1652 1082 1679 1106 et
1690 1077 1740 1105 mi-

955 1128 1122 1157 sericordem
1136 1134 1197 1155 esse
1212 1126 1265 1154 sibi
1287 1126 1475 1161 persuaserit,
1501 1133 1552 1154 nec
1577 1125 1687 1153 creandi
1714 1124 1740 1151 vi

955 1174 1074 1210 pollere,
1094 1172 1315 1208 sapientiamque
1330 1175 1356 1199 et
1371 1172 1456 1199 vitam
1471 1171 1579 1206 largiri.
1597 1169 1741 1203 Quomodo

956 1221 1049 1256 igitur,
1064 1227 1175 1255 quaeso,
1190 1227 1240 1254 per
1255 1220 1346 1254 ignem
1360 1218 1394 1246 de
1408 1225 1471 1246 vera
1498 1217 1644 1245 divinitate
1665 1215 1740 1243 noti-

956 1268 1022 1294 tiam
1037 1265 1206 1301 collegeris?
1217 1269 1266 1292 aut
1280 1264 1419 1300 quomodo
1434 1263 1462 1291 in
1483 1263 1596 1298 speculo
1620 1265 1646 1289 et
1670 1261 1741 1289 εεηίο

955 1318 1045 1348 gmate
1061 1313 1083 1328 ’7
1099 1310 1204 1347 aliquid
1221 1319 1318 1339 eorum
1345 1318 1406 1346 quae
1433 1310 1471 1337 illi
1502 1313 1602 1337 natura
1627 1309 1740 1341 insunt,

956 1358 1126 1394 spectaveris
1139 1357 1150 1384 ’ξ
1163 1356 1294 1390 Quaenam
1309 1363 1375 1391 ergo
1388 1355 1475 1387 ratio,
1492 1355 1600 1390 inquit,
1618 1359 1666 1381 aut
1681 1361 1742 1389 qua)

956 1410 1041 1430 causa
1064 1401 1149 1429 Deum
1174 1401 1300 1436 impulit,
1317 1405 1346 1429 ut
1370 1401 1398 1428 in
1424 1405 1516 1427 monte
1539 1400 1606 1427 Sina
1626 1399 1742 1426 fortnam

957 1449 1028 1484 ignis
1045 1448 1246 1482 assumpseriti
1257 1446 1465 1482 Respondemus
1478 1445 1562 1480 quod.
1577 1452 1640 1472 cum
1655 1444 1743 1472 lsrae-

957 1495 1012 1522 litae
1025 1502 1058 1522 eo
1076 1495 1194 1521 maxime
1210 1498 1333 1528 tempore
1356 1493 1389 1520 ad
1415 1493 1543 1527 pietatem
1561 1491 1671 1519 institui
1688 1498 1743 1518 ca:-

959 1541 1079 1575 pissent,
1095 1539 1213 1574 vitatque
1232 1547 1289 1566 sum
1304 1539 1428 1573 regulam
1446 1539 1530 1573 legem
1547 1546 1562 1565 a
1577 1545 1631 1572 qua
1646 1537 1745 1572 dirige-

111 1583 167 1610 τῶν
182 1584 383 1618 ὲμπεφυκὸτων
396 1584 481 1619 cura;
493 1583 541 1614 Τίς
553 1581 601 1609 οὖν
612 1583 676 1618 ἄρα,
689 1583 781 1617 φησιν,
794 1581 905 1616 ὁλόγος,

959 1590 1054 1614 rentur
1078 1584 1247 1619 assumpturi
1265 1588 1378 1616 essent,
1397 1584 1513 1611 decebat
1536 1587 1602 1610 tunc
1625 1581 1745 1609 maxime

112 1629 131 1662 ἧ
148 1629 212 1655 ποία
230 1628 326 1663 γέγονε
349 1628 484 1664 πρόφασις
507 1628 545 1659 εἰς
569 1626 624 1662 πῦρ
644 1626 828 1653 ἀναπείθουσα
843 1633 907 1660 χρη-

114 1676 278 1711 ματίζεσθαι
292 1675 352 1712 [γρ.
367 1674 598 1711 σχηματίζεσθαι]
612 1674 657 1700 τὸν
669 1673 736 1700 Θεὸν
756 1673 785 1699 ὲν
799 1672 837 1707 τῷ
849 1672 907 1707 ὄρει

113 1723 200 1758 Σινᾷ;
225 1721 358 1758 Ἐροῦμεν
374 1722 414 1748 ὅτι
427 1721 586 1757 ἀρχομένων
597 1720 649 1747 τῶν
664 1719 695 1752 ἐξ
711 1717 830 1754 Ἰσραὴλ,
847 1717 906 1744 κατ’

111 1769 204 1795 ἐκεῖνο
228 1768 260 1804 δὴ
282 1768 398 1803 μάλιστα
419 1767 532 1802 καιροῦ,
553 1766 602 1802 τῆς
618 1767 657 1798 εἰς
673 1764 814 1792 εὐσέϐειαν
832 1763 909 1790 παιδ-

113 1815 241 1849 αγωγίας
251 1835 258 1847 ,
279 1815 325 1840 καὶ
339 1814 435 1848 ὥσπερ
449 1813 510 1840 τινὰ
527 1812 627 1839 κανόνα
643 1810 778 1838 ποιεῖσθαι
797 1808 908 1845 μελλόν-

114 1869 172 1887 των
197 1861 246 1894 τῆς
269 1860 372 1891 οἰκείας
396 1859 468 1894 ζωῆς
488 1859 534 1886 τὸν
559 1857 752 1894 διορθώσεσθαι
779 1855 909 1891 μέλλοντα

116 1907 211 1941 νόμον,
221 1906 275 1932 ἔδει
285 1906 347 1932 τότε
362 1906 394 1940 δὴ
401 1905 520 1941 μάλιστα
528 1904 661 1939 κολαστήν
668 1911 728 1929 τινα
738 1903 784 1929 καὶ
795 1900 910 1937 φοϐερὸν

117 1953 211 1984 αὐτοῖς
221 1952 363 1987 φαίνεσθαι
377 1951 421 1978 τὸν
431 1951 507 1982 Θεὸν,
522 1950 566 1977 ἴνα
574 1950 672 1977 εἰδέναι
685 1950 772 1984 ἔχοιεν
787 1949 810 1974 οἱ
824 1955 911 1982 παρα-

117 1999 268 2031 ϐαίνοντες,
283 1999 324 2026 ὅτι
341 1998 409 2033 πρὸς
424 1997 479 2032 πῦρ
496 1997 509 2023 6
525 1996 602 2030 λόγος
617 1996 719 2026 αὐτοῖς.
741 1994 790 2021 Διὰ
801 1993 855 2029 γάρ
869 2002 910 2020 τοι

117 2044 200 2072 τοῦτο
214 2045 261 2070 καὶ
275 2045 289 2071 6
314 2043 400 2078 μέγας
413 2042 517 2077 Μωσῆς
531 2043 587 2073 τοῖς
599 2041 630 2074 ἐξ
648 2039 754 2076 Ἰσραὴλ
768 2038 910 2075 προσεφώ-

116 2100 160 2117 νει
175 2090 262 2124 λέγων
273 2098 280 2105 ·
294 2099 304 2115 ι
316 2089 344 2115 '0
356 2088 422 2120 Θεὸς
437 2087 517 2124 ἡμῶν
537 2087 592 2122 πῦρ
607 2085 804 2113 καταναλίσκον
818 2084 883 2110 ἐστί.
898 2094 908 2109 ›

118 2136 176 2162 Καὶ
190 2135 223 2162 οὐ
241 2135 273 2170 δή
289 2144 340 2162 που
353 2134 473 2170 φαίημεν
493 2133 525 2160 ἂν
547 2133 599 2164 ὃτι,
621 2131 670 2166 τὴν
684 2131 731 2158 τοῦ
748 2130 816 2157 Θεοῦ
831 2129 911 2164 φύσιν

117 2182 317 2217 ἐξηγούμενος,
338 2181 406 2216 πυρὶ
432 2180 597 2215 παρείκαζεν
610 2177 690 2204 αὑτὸν
714 2178 728 2204 6
741 2176 811 2203 οὕτω
826 2175 912 2210 σοφώ-

117 2237 214 2260 τατος.
238 2228 362 2262 ὠνόμαζε
383 2227 412 2253 δὲ
434 2226 505 2253 οὕτω
527 2225 572 2251 τὸν
593 2224 674 2256 Θεὸν,
697 2222 735 2254 ὡς
760 2223 792 2249 ἐκ
812 2222 912 2257 πολλῆς

118 2274 193 2308 ἄγαν
207 2273 421 2309 μισοπονηρίας,
439 2272 524 2307 πυρὸς
546 2271 624 2305 δίκην
639 2269 685 2296 τοῦ
704 2269 853 2303 παμφάγου
865 2268 912 2295 δα-
928 2263 951 2292 D

119 2321 212 2356 πανᾷν
220 2329 249 2346 τε
261 2320 308 2346 καὶ
319 2319 474 2346 ἀναλίσκειν
483 2318 513 2344 οὑ
529 2316 748 2352 παραιτουμένου
758 2315 821 2346 τοὺς
832 2323 912 2341 κατα-

120 2365 287 2401 φρονοῦντας
309 2364 402 2391 αὐτοῦ.
429 2364 485 2391 Οὐκ
498 2362 528 2395 ἐξ
540 2359 577 2389 ὧν
589 2362 647 2388 ἐστὶ
661 2361 731 2388 κατὰ
743 2360 835 2395 φύσιν,
845 2361 912 2393 Θεὸς

119 2413 166 2439 διὰ
180 2411 268 2447 πυρὸς
283 2410 445 2446 γνωρίζεται
459 2417 466 2424 ·
490 2409 521 2436 τὸ
534 2409 562 2436 δὲ
574 2407 660 2439 οὕτως
679 2407 837 2442 ὠνομάσθαι
864 2407 912 2433 καὶ

119 2456 212 2492 ὦφθαι
228 2457 288 2484 τότε
303 2457 371 2492 πρὸς
391 2456 421 2482 τὸ
440 2457 496 2487 τοῖς
512 2454 695 2490 ἀκροωμένοις
719 2453 822 2488 ἐλήφθη
836 2453 911 2479 λυσι-

120 2505 211 2536 τελές.
239 2504 339 2538 Ἴωμεν
361 2502 393 2536 δὴ
407 2501 499 2528 λοιπὸν
513 2501 559 2527 ἐπὶ
575 2499 624 2535 τὴν
637 2499 724 2534 ἀληθῆ
739 2500 786 2525 καὶ
800 2499 912 2533 ἀκριεεο

123 2550 226 2584 στάτην
242 2548 288 2575 τοῦ
310 2547 416 2583 Πατρὸς
437 2546 553 2582 θεωρίαν
564 2565 571 2577 ,
598 2545 671 2572 τοῦτ’
691 2545 763 2577 ἐστι,
778 2544 822 2571 τὸν
836 2545 910 2571 Υίόν.

123 2595 223 2623 Εἰκόνα
234 2595 290 2630 γὰρ
303 2594 383 2621 αὑτὸν
400 2593 521 2628 ὀψόμεθα
536 2591 583 2619 τοῦ
595 2592 789 2627 γεννήσαντος,
803 2592 858 2622 τοῖς
871 2591 913 2616 ἐν-

121 2641 199 2668 οῦσιν
216 2640 293 2676 αὐτῷ
309 2639 527 2673 πλεονεκτήμασι
548 2637 594 2664 τὸν
610 2637 660 2671 τῆς
683 2635 801 2667 διανοίας
815 2635 914 2670 ἐνερεί-

123 2697 220 2720 σαντες
243 2686 394 2722 ὀφθαλμόν.
432 2685 545 2719 Ἀγαθὺς
569 2683 714 2718 τοιγαροῦν
740 2683 755 2708 6
780 2681 845 2713 Θεὸς
867 2683 914 2709 καὶ

123 2734 220 2769 Πατὴρ
235 2733 306 2760 κατὰ
321 2732 401 2766 φύσιν
411 2741 419 2748 υ
433 2731 553 2758 τοιοῦτον
566 2730 632 2756 ὄντα
644 2729 746 2755 καὶτὸν
758 2729 821 2756 Υἱὸν
834 2729 914 2764 εὑρή-

124 2788 217 2814 σ)μεν.
246 2778 310 2810 Πῶς
324 2778 379 2813 γὰρ
394 2778 443 2804 οὐκ
461 2776 580 2811 ἀγαθὸς,
600 2777 614 2802 ὁ
636 2774 770 2809 τοσαύτην
794 2774 827 2801 δι’
843 2775 916 2809 ἡμᾶς

124 2825 274 2860 ὐτομείνας
284 2823 460 2856 ταπείνωσιν,
468 2824 514 2851 καὶ
524 2821 608 2849 ἐλθὼν
616 2822 654 2852 εἰς
664 2820 710 2847 τὸν
719 2820 819 2855 κόσμον
831 2820 917 2856 ἁμαρ-

161 2915 185 2931 ⁵⁷
201 2914 212 2942 I
229 2914 296 2942 Cor.
315 2921 374 2945 xm,
394 2913 435 2940 1‘2.
475 2914 497 2929 οη
512 2913 589 2940 Deut.
612 2920 649 2944 ιν,
663 2912 707 2938 24,

959 1632 1042 1659 Deum
1058 1639 1183 1658 severum
1197 1630 1333 1658 vindicem
1348 1637 1380 1657 ac
1394 1630 1544 1657 terribilem
1560 1630 1594 1657 iis
1607 1628 1699 1660 cerni,
1715 1633 1744 1654 ut

958 1678 1032 1706 scire
1049 1681 1161 1712 possent
1178 1676 1405 1711 praevaricatores
1424 1675 1477 1703 sibi
1494 1683 1556 1702 cum
1572 1674 1636 1710 igne
1659 1674 1744 1701 ιιιιίοη

958 1731 1021 1752 nem
1037 1730 1108 1750 esse.
1125 1721 1231 1749 Idcirco
1245 1721 1319 1749 enim
1334 1729 1451 1756 magnus
1471 1721 1516 1749 ille
1538 1728 1648 1756 quoque
1668 1719 1745 1755 Moy¢

959 1778 1004 1798 ses
1020 1768 1159 1797 lsraelitas
1173 1767 1377 1802 alloquebatur,
1390 1767 1489 1795 dicens
1503 1777 1508 1794 :
1524 1776 1533 1792 ι
1549 1767 1621 1793 Deus
1638 1769 1744 1799 noster,

960 1816 1030 1851 ignis
1054 1822 1221 1842 consumens
1245 1817 1288 1841 est
1305 1813 1338 1840 9‘.
1356 1813 1475 1848 )Neque
1502 1821 1568 1840 vero
1592 1813 1746 1840 dixerimus

959 1861 1099 1889 hominem
1117 1864 1194 1887 tanta
1208 1859 1346 1893 sapientia
1364 1859 1510 1894 prazditum
1528 1858 1612 1886 Deum
1636 1858 1691 1893 igni
1709 1857 1746 1885 si-

961 1901 1053 1934 milem
1070 1906 1159 1933 facere
1171 1925 1179 1938 ,
1194 1905 1273 1940 quasi
1289 1912 1337 1940 per
1353 1905 1442 1940 ignem
1459 1904 1505 1932 Dei
1521 1908 1647 1931 naturam
1664 1903 1746 1930 intel-

962 1953 1044 1989 ligat,
1062 1952 1110 1980 sed
1129 1951 1165 1979 ita
1181 1951 1267 1979 Deum
1294 1957 1489 1985 nuncupasse,
1516 1951 1590 1986 quod
1616 1957 1670 1985 prae
1694 1949 1747 1976 im-

962 2006 1058 2026 menso
1074 1998 1136 2024 mali
1151 1997 1216 2024 odio
1229 1997 1319 2025 instar
1332 1997 1404 2032 ignis
1423 1996 1560 2023 omnirori
1584 2003 1748 2023 consumere

961 2049 988 2072 et
1005 2044 1119 2079 perdere
1136 2051 1190 2070 non
1208 2048 1337 2070 vereatur
1354 2042 1396 2070 sui
1421 2046 1635 2076 contemptores.
1661 2041 1747 2076 Igitur

962 2099 1016 2118 non
1029 2099 1062 2119 ex
1080 2099 1112 2118 eo
1127 2089 1201 2125 quod
1222 2094 1265 2118 est
1286 2093 1386 2117 natura
1398 2108 1405 2120 ,
1427 2096 1461 2116 ex
1482 2088 1545 2123 igne
1560 2087 1632 2115 Deus
1646 2095 1748 2122 cogno-

962 2138 1060 2166 scitur.
1079 2136 1126 2164 sed
1145 2135 1218 2171 quod
1235 2136 1273 2162 ita
1297 2139 1476 2170 nuncupatus
1498 2141 1530 2161 ac
1548 2134 1624 2161 visus
1639 2133 1694 2165 sit,
1714 2132 1748 2159 ad

963 2184 1109 2211 utilitatem
1124 2182 1280 2210 auditorum
1294 2184 1466 2215 assumptum
1480 2184 1532 2207 est.
1550 2179 1650 2206 Eamus
1667 2178 1749 2212 igitur

963 2229 996 2256 ad
1018 2235 1108 2255 veram
1128 2232 1155 2256 et
1172 2226 1412 2254 accuratissimam
1435 2226 1523 2253 l'atris
1542 2224 1749 2258 contemplatio-

965 2283 1026 2302 nem
1037 2294 1044 2305 ,
1062 2274 1088 2300 id
1101 2277 1143 2300 est
1158 2272 1269 2300 Filium.
1286 2272 1354 2299 Eum
1369 2272 1442 2299 enim
1457 2271 1590 2306 genitoris
1604 2270 1748 2304 imaginem

964 2327 1026 2348 esse
1049 2318 1222 2350 videbimus,
1239 2318 1263 2345 si
1285 2317 1319 2344 ad
1343 2316 1404 2351 ejus
1427 2315 1626 2350 prmrogativas
1650 2313 1750 2340 mentis

964 2365 1073 2393 oculum
1092 2363 1282 2391 intendamus.
1306 2362 1401 2389 Bonus
1420 2361 1514 2396 itaque
1537 2360 1607 2387 Deus
1624 2367 1656 2387 ac
1672 2359 1749 2386 Pater

965 2410 1116 2439 secundum
1134 2413 1263 2436 naturam
1297 2407 1378 2435 talem
1395 2414 1458 2435 esse
1478 2410 1505 2434 et
1526 2405 1626 2433 Filium
1641 2412 1750 2440 compe-

965 2458 1078 2485 ricmus.
1092 2455 1145 2489 Qui
1162 2454 1234 2483 enim
1257 2454 1346 2481 bonus
1369 2460 1424 2481 non
1441 2453 1500 2484 sit,
1515 2452 1561 2488 qui
1580 2455 1685 2478 tantum
1703 2459 1751 2486 pro

966 2505 1047 2532 nobis
1055 2511 1085 2532 se
1099 2502 1222 2534 demisit,
1230 2505 1255 2528 et
1265 2501 1293 2528 in
1305 2499 1437 2527 mundum
1447 2499 1532 2530 venit,
1549 2501 1580 2525 ut
1592 2501 1752 2533 peccatores

966 2551 1057 2578 salvos
1073 2549 1185 2580 iaceret,
1198 2553 1335 2581 suamque
1347 2545 1468 2573 animam
1482 2551 1531 2579 pro
1541 2543 1576 2572 iis
1591 2546 1703 2577 poneret
1712 2541 1751 2567 θοι

968 2596 1049 2631 781
1067 2595 1166 2622 Potens
1181 2597 1224 2621 est
1251 2592 1354 2620 Pater:
1381 2590 1510 2618 similiter
1524 2593 1551 2617 et
1566 2588 1660 2616 Filius.
1681 2587 1751 2620 Quid
1769 2619 1771 2623 Α

967 2642 1040 2669 enim
1058 2648 1118 2668 esse
1134 2643 1224 2675 potest
1243 2645 1276 2666 eo
1291 2637 1431 2672 potentius
1451 2636 1499 2671 qui
1522 2633 1665 2663 elementis
1686 2632 1752 2667 ipsis

968 2688 1101 2721 imperat,
1119 2686 1166 2720 qui
1188 2691 1263 2711 mare
1283 2690 1315 2710 ac
1331 2687 1427 2710 ventos
1443 2682 1579 2716 increpat,
1597 2680 1643 2714 qui
1661 2686 1752 2706 rerum

968 2737 1081 2759 naturas
1097 2730 1125 2757 in
1140 2729 1325 2766 quodcunque
1340 2728 1407 2756 velit
1419 2727 1598 2764 transformat
1612 2745 1619 2756 ,
1641 2725 1688 2759 qui
1715 2723 1752 2750 le-

971 2784 1054 2812 proso
1069 2780 1099 2804 ut
1114 2775 1262 2803 mundclur
1275 2774 1368 2810 jubet,
1385 2782 1416 2802 ac
1431 2777 1566 2809 potestate
1583 2772 1637 2800 Deo
1652 2777 1752 2799 conve-

971 2822 1056 2849 nienti
1071 2821 1151 2849 caecis
1166 2820 1284 2848 oilieium
1301 2819 1410 2847 videndi
1427 2818 1568 2847 restituit?
1583 2817 1641 2845 Vita
1655 2823 1752 2844 secun-

747 2912 767 2922 ""
789 2910 888 2940 lJoan.
908 2920 954 2943 nt.
975 2913 1004 2940 16
1021 2922 1026 2945 ;
1045 2911 1052 2938 l
1070 2910 1139 2937 Tim.
1159 2918 1183 2943 ι,
1204 2910 1245 2936 15.
