1926 3041
54 169 121 198 217

603 172 635 200 IN
656 171 798 201 JOANNIS
816 168 1044 198 EVANGELIUM
1061 169 1125 197 LIB.
1142 169 1187 197 IX.

1661 165 1714 193 918

55 227 169 264 Πατρὶ,
190 228 248 264 ἔχει
259 229 289 256 δὲ
305 227 339 257 αὖ
353 230 434 257 πάλιν
451 231 480 257 ἐν
489 230 577 266 ἑαυτῴ
589 232 634 258 τὸν
654 230 777 267 Πατέρα,
796 229 867 256 τοῦτ’

924 229 970 263 tia,
994 234 1024 257 ut
1041 229 1088 264 qui
1107 229 1143 257 sit
1158 235 1222 256 vera
1243 235 1275 255 ac
1301 226 1424 263 legitima
1440 224 1540 260 proles,
1558 228 1588 251 ut
1606 223 1714 251 fruetus

55 274 136 306 ἔστι,
152 275 204 310 τὴν
215 275 262 303 τοῦ
281 276 389 313 Πατρὺς
398 276 478 312 φύσιν
489 278 518 304 ὲν
532 278 648 313 ὑπάρξει
663 278 695 313 τῇ
710 277 763 313 ἰδίᾳ
779 277 866 312 φορεῖ,

54 320 100 352 ὡς
122 322 240 356 γνήσιον
262 322 396 358 γέννημα,
424 322 462 355 ὡς
487 323 592 359 καρπὸς
607 323 725 359 ἀληθῶς,
749 323 786 354 ὡς
804 323 868 354 Υἱδς

35 390 38 393 .
55 367 93 393 ἐκ
109 368 224 404 Πατρδς
240 369 370 404 πεφηνὼς
391 369 523 405 φυσικῶς.
557 369 626 396 Ἀλλ’
643 370 659 405 ἡ
681 369 731 405 μὲν
752 369 867 404 Ἐκκλη-

56 413 111 440 σξα
139 415 192 442 τοῦ
222 415 356 451 Χριστοῦ,
381 416 470 443 καίτοι
493 416 552 443 λίαν
570 416 730 451 ὲπαυχοῦσα
754 417 788 452 τῇ
813 415 868 442 τῶν

55 457 216 493 δογμάτων
243 459 381 495 ὀρθότητι,
408 459 537 496 τοιαύτην
564 460 621 496 ἔχει
644 460 693 495 τὴν
708 460 786 494 δόξαν
803 459 869 495 περὶ

56 504 112 531 τοῦ
143 506 316 540 Μονογενοῦς
329 515 335 521 ·
363 508 418 538 τοῖς
430 515 463 541 γε
479 506 534 542 μὴν
561 506 706 541 θεομάχοις
719 507 868 541 αἱρετικοίς

58 551 179 586 ἑτεροῖα
198 552 321 587 παρέστη
350 553 468 587 φρονεῖν,
487 551 644 578 ἀναπείθειν
667 551 730 582 τοὺς
742 551 798 582 τοῖς
809 549 866 576 ὁλε-

57 595 157 631 Opim;
170 596 261 623 αὐτῶν
276 596 439 632 προσιόντας
454 605 483 623 τε
497 597 544 623 καὶ
570 596 755 632 προσέχοντας
766 596 865 630 λόγοις.

64 641 292 675 Ἐπιλυττῶντες
307 643 362 679 γὰρ
385 644 445 674 ταῖς
471 643 542 670 κατὰ
564 643 683 678 Χριστοῦ
711 642 867 678 λοιδορίαις,

59 687 272 722 φιλονεικοῦσιν
287 690 312 715 οἱ
326 689 446 721 δείλαιοι,
464 689 511 715 καὶ
523 688 702 715 κατανοοῦσιν
715 688 769 724 [ῖσ.
785 695 868 714 κοιτα-

60 735 200 772 κονῶσιν]
226 735 368 771 ἀλλήλους,
384 735 433 762 οὐκ
455 736 494 768 εἰς
523 734 698 772 παροξυσμὸν
715 735 866 767 εὐσεϐείας,

60 781 127 809 ἀλλ’
142 782 177 808 ἵν’
190 782 369 817 ἀσεϐέστερος
393 783 488 818 ἐτέρου
511 781 599 818 ὁρῷτο
615 782 670 808 δεῖν
696 781 802 818 ἕτερος,
824 782 869 808 καὶ

61 827 221 862 φθέγξαιτό
244 837 270 855 τι
300 828 356 855 τῶν
379 828 586 864 ἀπηχεστέρων.
613 827 722 864 Ἐπειδὴ
744 827 800 863 γὰρ
822 827 867 854 τὸν

62 875 97 900 ὲκ
116 875 247 910 Σοδόμων
260 875 382 902 πίνουσιν
398 874 479 906 οἶνον,
497 875 543 902 καὶ
558 875 658 911 πικρὰν
674 875 706 902 ὲκ
724 875 868 912 Γομόρρας

62 922 194 957 τρυγῶσι
213 923 352 959 σταφυλὴν
367 923 408 958 (οὐ
423 923 477 959 γὰρ
504 924 536 950 ἐκ
560 922 632 949 θείου
645 922 767 958 δέχονται
781 923 868 949 Πνεύ-

66 977 158 1003 μειτος
172 969 209 996 τὰ
237 969 280 995 ἐπ’
301 969 377 1005 αὐτῷ
402 969 578 1006 θεωρήματα,
598 969 659 997 οὐδὲ
681 970 710 1003 ἐξ
730 970 867 996 ἀποκαλύ-

63 1014 144 1048 ψεως
164 1015 217 1050 τῆς
234 1015 282 1042 τοῦ
306 1015 426 1051 Πατρὸς,
455 1015 512 1042 ἀλλ’
533 1015 565 1042 ὲκ
579 1015 629 1051 τῆς
652 1013 700 1041 τοῦ
719 1015 867 1049 δράκοντος

65 1060 217 1096 κεφαλῆς),
242 1061 319 1088 οὐδὲν
353 1061 402 1096 μὲν
426 1060 556 1096 φρονοῦσι
576 1060 629 1087 τῶν
642 1060 758 1096 ἐχόντων
771 1060 865 1094 ὑγιῶς,

65 1106 163 1133 ἐκεῖνα
182 1106 211 1133 δὲ
227 1107 363 1141 λέγουσιν,
384 1108 403 1134 ἃ
426 1099 482 1139 τάξ
503 1107 557 1134 τῶν
573 1107 757 1142 ἀκροωμένων
773 1107 866 1133 ταλαι-

65 1152 181 1189 πώρους
209 1153 356 1188 ἀποφαίνει
374 1154 473 1190 ψυχὰς,
494 1154 561 1189 πρὸς
578 1153 644 1190 ᾃῇην
671 1154 756 1185 αὐτὰς
783 1162 866 1179 κατα-

66 1199 240 1234 κομίζοντα,
275 1201 382 1232 καὶεζς
412 1201 441 1226 τὸ
477 1200 553 1227 κάτω
586 1199 736 1236 βάραθρον.
774 1199 867 1225 Ταῦτα

65 1245 116 1272 καὶ
131 1245 249 1280 βιδλίοις
274 1246 391 1273 ἐνθεῖναι
414 1247 608 1282 τολμήσαντες,
621 1246 755 1273 ἀοάνατον
772 1245 868 1281 ὥσπερ

66 1291 118 1327 τὴν
140 1292 257 1319 ἐνοῦσαν
284 1293 376 1324 αὐτοῖς
403 1293 593 1328 ἀνεστήλωσαν
622 1292 765 1328 πονηρίαν.
793 1292 868 1319 Ἔδει

69 1337 120 1373 μὲν
133 1337 182 1365 οὖν
200 1339 275 1374 ἡμᾶς
302 1339 422 1374 διαρκῶς
445 1339 592 1375 εἰρηκότας
610 1340 651 1370 είς
663 1339 693 1365 τὸ
720 1337 869 1374 προκείμε-

67 1392 124 1416 νον,
152 1384 227 1419 ἆπερ
253 1383 287 1420 ἧν
299 1385 373 1417 εἰκὸς
384 1385 498 1420 ὠφελεῖν
518 1385 647 1412 δύνασθαι
668 1385 730 1416 τοὺς
745 1384 868 1417 ἐντευξο-

70 1430 183 1465 μένους,
196 1431 347 1467 ὀρθοτάτην
358 1432 454 1467 ἔχοντα
467 1433 516 1466 τὴν
537 1431 583 1458 ἐπὶ
597 1431 640 1466 τῷ.
654 1430 712 1466 Υίῷ
730 1430 867 1466 διάληψιν,

71 1477 212 1512 μηδεμίαν
233 1478 286 1504 τῶν
313 1479 378 1514 παρ’
402 1478 517 1509 ἐκείνοις
545 1477 712 1513 ποιήσασθαι
745 1478 866 1512 μνήμην.

75 1523 189 1559 Ἐπειδὴ
203 1523 232 1550 δὲ
248 1525 364 1556 ἀπεικὸς
379 1525 454 1551 οὐδὲν
466 1526 522 1556 τοῖς
543 1525 644 1556 ἀθλίοις
663 1525 774 1551 ἐκείνων
792 1532 870 1559 περι-

921 283 996 308 vere,
1019 280 1048 302 ut
1075 275 1161 302 Filius
1184 281 1218 302 ex
1243 273 1322 301 Patre
1353 271 1515 300 naturaliter
1542 270 1643 298 editus.
1661 269 1712 296 Stis.

920 322 1022 350 Christi
1038 322 1151 358 quidem
1169 320 1297 348 Ecclesia
1313 327 1374 355 qua:
1394 318 1552 354 dogmatum
1569 315 1651 351 785
1671 323 1713 341 rc-

919 369 1057 396 ctitudine
1082 367 1219 403 imprimis
1244 366 1390 401 gloriatur,
1407 365 1487 391 talem
1511 363 1545 390 de
1567 361 1714 397 Unigenito

920 414 1084 442 sententiam
1104 413 1187 441 habet
1204 422 1209 440 :
1225 412 1271 440 Dei
1286 416 1377 439 autem
1396 411 1489 438 lmstes
1506 408 1629 436 ha-reticl
1645 415 1713 434 con-

919 461 1005 490 traria
1031 460 1155 488 sentiunt
1182 463 1210 487 et
1235 458 1372 486 instillant
1400 457 1563 492 perniciosae
1589 461 1646 480 sum
1665 453 1714 480 do-

919 509 1016 536 ctrinm
1040 505 1198 542 discipulis;
1220 505 1361 533 Conviciis
1377 504 1449 532 enim
1479 502 1615 530 adversus
1635 501 1714 528 illiri—

919 560 992 583 stum
1009 555 1037 581 in
1053 554 1157 581 rabiem
1171 553 1225 580 acti
1240 559 1338 587 magno
1352 549 1444 578 studio
1461 549 1488 576 in
1505 549 1533 576 id
1549 547 1713 575 incumbunt

919 601 1026 633 miseri,
1044 601 1170 634 aliusque
1188 599 1273 626 alium
1292 597 1377 628 acuit,
1396 604 1450 623 non
1476 598 1504 622 ut
1531 594 1564 621 ad
1582 594 1711 629 pietatem

920 656 949 677 se
966 650 1128 683 provocent,
1146 645 1194 674 sed
1214 649 1245 672 ut
1267 645 1337 672 alter
1358 644 1476 670 alterum
1503 640 1645 676 impietate
1665 647 1713 666 su-

919 701 1017 729 perare
1046 697 1073 721 et
1105 692 1210 728 aliquid
1240 689 1366 726 prol‘erre
1398 687 1525 716 videatur
1552 684 1711 713 absurdius.

919 739 988 767 Nam
1011 746 1074 766 cum
1089 739 1182 765 vinum
1205 737 1390 764 Sodomorum
1419 734 1470 769 ipsi
1495 732 1603 765 bibant,
1629 735 1712 765 atque

919 784 1048 812 acerbam
1064 791 1144 811 uvam
1166 782 1328 810 Gomorrhae
1344 780 1517 808 vindemient
1533 778 1544 794 ⁸
1558 778 1621 813 (nec
1639 776 1710 804 enim

920 838 952 858 ex
970 830 1065 858 divino
1081 829 1184 865 Spiritu
1200 829 1340 864 accipiunt
1354 835 1415 863 qum
1430 826 1464 854 de
1481 833 1513 853 eo
1531 825 1641 855 docent,
1662 830 1713 850 nec

920 883 954 903 ex
969 875 1137 904 revelationc
1145 875 1245 908 Patris,
1263 874 1310 902 sed
1324 883 1356 902 ex
1372 873 1463 908 capite
1481 868 1712 903 draconis),niliil

920 922 1032 958 quidem
1050 922 1110 950 sani
1128 921 1263 952 sentiunt,
1285 920 1332 948 sed
1357 927 1388 947 ea
1407 919 1538 953 loquntur
1553 923 1615 952 quae
1630 914 1713 941 mise-

919 969 1023 997 rabiles
1039 968 1194 996 auditorum
1219 967 1327 994 animas
1348 966 1480 997 reddunt,
1496 971 1543 991 eas
1561 962 1595 989 ad
1609 960 1713 988 inferos

920 1022 947 1045 et
975 1016 1099 1043 intimum
1117 1014 1277 1042 barathrum
1295 1011 1482 1040 detrudcntia.
1502 1009 1568 1042 Quae
1585 1012 1613 1036 et
1633 1006 1712 1034 libris

921 1062 1054 1090 mandare
1067 1061 1126 1089 ausi
1146 1065 1222 1092 sunt,
1236 1064 1263 1087 et
1277 1057 1428 1093 nequitiam
1447 1063 1524 1084 suam
1539 1059 1671 1089 tanquam
1684 1051 1711 1078 in

919 1109 1002 1144 cippo
1023 1108 1057 1135 ad
1078 1106 1313 1135 immortalitatem
1340 1105 1530 1138 sculpserunt.
1549 1100 1582 1127 Et
1597 1098 1713 1127 decebat

919 1155 1031 1191 quidem
1050 1161 1102 1182 nos
1122 1152 1254 1188 expositis
1279 1151 1306 1178 in
1333 1151 1406 1178 hunc
1423 1150 1514 1176 locum
1540 1151 1713 1181 quaecunque

919 1201 1070 1230 lectoribus
1086 1200 1118 1228 ad
1135 1203 1210 1227 recte
1222 1198 1398 1227 sentiendum
1415 1196 1449 1223 de
1471 1194 1540 1221 Filio
1554 1191 1712 1220 conducere

920 1248 1094 1278 videbantur.
1113 1246 1218 1274 nullam
1233 1244 1426 1273 lmreticorum
1443 1240 1603 1276 dogmatum
1624 1237 1713 1264 facere

921 1294 1101 1322 mentionem.
1118 1292 1170 1320 Sed
1197 1299 1259 1319 cum
1285 1290 1394 1318 miseris
1418 1295 1515 1317 eorum
1537 1283 1714 1313 sermonibus

921 1341 1106 1376 simpliciores
1121 1339 1246 1367 nonnulli
1256 1332 1630 1373 abripiantur,necessarium
1647 1329 1713 1356 duxi

922 1375 1046 1415 veritatis
1064 1384 1201 1420 dogmatis
1213 1383 1312 1411 noxias
1337 1382 1448 1410 illorum
1462 1385 1551 1414 nugas
1567 1375 1712 1411 repellere,

923 1435 949 1460 et
969 1431 1123 1459 calumnias
1153 1438 1224 1466 quas
1241 1429 1370 1464 attingere
1391 1427 1488 1455 volunt
1505 1424 1585 1456 Filio,
1606 1424 1672 1452 imo,
1684 1423 1715 1448 ut

922 1477 1016 1505 verius
1030 1477 1132 1509 dicam,
1146 1476 1196 1504 toti
1213 1479 1319 1503 natum
1331 1473 1441 1505 divinae,
1457 1472 1553 1499 inanes
1572 1477 1604 1496 ac
1621 1467 1714 1495 futiles

923 1525 1070 1552 ostendere

69 1570 205 1606 τυχόντας
236 1571 339 1606 ῥήμασι
370 1572 578 1607 συναρπαγῆναι
601 1572 654 1597 τῶν
677 1571 870 1606 ἁπλουστέρων
888 1571 927 1602 εἰς
938 1570 1047 1598 σύνεσίν
1063 1579 1150 1603 τινας,
1167 1569 1316 1603 ἀναγκαῖον
1332 1566 1425 1603 ᾠήθην
1440 1565 1498 1596 τοῖς
1525 1562 1555 1595 ἐξ
1585 1560 1716 1596 ἀληθείας

70 1617 192 1652 δόγμασι
207 1616 242 1642 τὰ
263 1616 294 1643 ὲκ
307 1618 357 1651 τῆς
373 1606 485 1644 ἐκείνων
499 1616 633 1652 φλυαρίας
658 1615 874 1652 διακρούσασθαι·
893 1615 990 1651 βλάϐη,
1019 1614 1222 1651 εὐανάτρεπτύν
1245 1622 1275 1640 τε
1306 1611 1438 1643 ἐπιδεῖξαι
1454 1609 1502 1645 τὴν
1522 1606 1715 1642 συκοφαντίαν,

70 1662 105 1697 ἣν
115 1662 294 1697 ἐπιτειχίζειν
311 1662 451 1697 βούλονται
476 1661 515 1697 τῷ
533 1662 601 1697 Υἰῷ,
620 1662 718 1696 μᾶλλον
738 1661 766 1687 δὲ
781 1661 828 1696 ὅλῃ
844 1662 876 1696 τῇ
895 1660 955 1697 θείᾳ
970 1661 1067 1695 φύσει·
1080 1660 1160 1688 τοῦτο
1175 1660 1230 1695 γὰρ
1250 1660 1339 1686 εἰπεῖν
1361 1657 1552 1692 ἀληθέστερον.

107 1710 263 1745 Τοιγαροῦν
283 1710 408 1746 ἐνέτυχον
424 1710 518 1745 βιϐλίῳ
531 1709 585 1737 τῶν
605 1710 638 1736 δι’
656 1709 790 1740 ἐναντίας·
810 1706 870 1735 εἶτα
884 1712 905 1740 C

70 1756 106 1782 τὰ
120 1756 151 1782 ὲν
162 1755 203 1790 τῷ
217 1757 392 1791 προκειμένῳ
407 1756 481 1792 ῥητῷ
498 1754 710 1791 διερευνώμενος
722 1775 730 1788 ,
745 1754 871 1789 εὕρισκον

70 1803 120 1830 ἐπὶ
145 1803 248 1834 λέξεως
270 1803 368 1838 αὐτῆς,
385 1803 456 1829 οὕτω
471 1803 586 1836 λέγοντα
602 1801 662 1837 μεθ’
684 1801 766 1837 ἕτερά
792 1808 870 1826 τινα·

76 1848 108 1875 '0
128 1847 223 1874 τοίνυν
237 1848 301 1880 Υἱὸς
314 1849 450 1880 οὺσιωδῶς
473 1849 665 1884 περιεχόμενος
683 1847 735 1874 ὑπὸ
751 1846 798 1873 τοῦ
816 1847 872 1873 Πα-

71 1895 148 1930 τρδς,
165 1895 211 1922 τὸν
230 1896 341 1931 Πατέρα
354 1896 382 1922 ὲν
398 1894 486 1930 ἑαυτῷ
499 1895 608 1930 ἔχει,τὰ
625 1896 735 1931 ῥήματα
755 1896 872 1932 φθεγγό-

74 1949 158 1975 μενον
181 1942 229 1968 καὶ
245 1941 278 1968 τὰ
297 1943 398 1976 σημεῖα
419 1941 596 1968 ἐπιτελοῦντα
607 1950 614 1956 ·
631 1941 698 1978 ὅπερ
715 1943 871 1978 ἐρμηνεύει,

72 1987 164 2021 λέγων
178 1997 185 2002 ·
206 1997 216 2013 ε
238 1989 272 2014 Ἃ
286 1987 342 2021 ἐγὼ
366 1987 438 2014 λαλῶ
455 1987 529 2022 ὑμῖν,
547 1988 595 2014 ἀπ’
607 1988 727 2023 ἐμαυτοῦ
743 1989 773 2015 οὐ
789 1989 872 2020 λαλῶ,

72 2035 88 2061 ὁ
105 2034 135 2061 δὲ
163 2035 259 2070 Πατὴρ
284 2035 313 2062 ὲν
327 2035 389 2070 ἐμοὶ
404 2034 494 2069 μένων
508 2036 581 2061 ποιεῖ
601 2035 636 2061 τὰ
659 2035 727 2070 ἔργα
746 2036 836 2067 αὐτὸς.
861 2045 870 2062 ι

72 2081 163 2108 Ταυτὶ
178 2081 229 2117 τῆς
248 2083 354 2109 ἐκείνου
373 2081 518 2117 τερθρείας
534 2081 569 2108 τὰ
587 2082 716 2117 ῥήματα·
733 2082 828 2116 ἐπειδὴ
845 2082 874 2114 δὲ

73 2128 129 2164 χρὴ
147 2129 196 2156 καὶ
211 2129 284 2165 ἡμᾶς
298 2129 386 2155 εἰπεῖν
403 2127 433 2154 τὸ
445 2129 502 2159 τοῖς
519 2128 675 2163 εἰρημένοις
685 2128 873 2161 ἀντιστᾳτοῦν,

74 2174 125 2201 καὶ
149 2174 278 2209 ἀδόκιμον
301 2173 367 2200 ὄντα
389 2173 435 2200 τὸν
457 2173 519 2200 νοῦν
542 2174 692 2209 διελέγχειν
715 2174 873 2210 δυνάμενον,

75 2219 168 2246 ἐκεῖνό
187 2228 258 2255 φημι
271 2227 278 2234 ’
297 2220 335 2246 Τὸ
349 2219 399 2255 μὲν
425 2217 472 2246 οὖν
488 2220 625 2252 οὐσιωδῶς
642 2220 819 2256 περιέχεσθαι
833 2221 876 2248 λέ-

75 2274 138 2300 γειν
150 2266 197 2292 τὸν
206 2266 271 2293 Υἰδν
285 2266 340 2293 ὑπὸ
355 2265 403 2292 τοῦ
418 2265 534 2302 Πατρὸς,
548 2266 563 2293 ὃ
577 2266 676 2293 τίποτε
689 2267 745 2302 ἄρα,
759 2267 842 2300 ἐστὶν,
858 2267 875 2302 ἢ

76 2312 104 2339 τί
116 2312 172 2347 ἄρα
196 2311 283 2347 δηλοῖ,
297 2311 328 2338 οὐ
345 2311 449 2346 σφόδρα
466 2312 578 2347 συνίημι
589 2320 595 2326 ·
612 2313 710 2347 χρῆναι
727 2313 781 2348 γὰρ
800 2310 876 2347 οἶμαι

75 2358 108 2385 τὸ
132 2358 234 2393 ἀληθὲς
263 2359 352 2386 εἰπεῖν
376 2368 384 2375 ·
401 2359 535 2394 τοσαύτην
571 2357 627 2393 ἔχει
657 2359 706 2394 τὴν
729 2359 875 2392 ἀσάφειαν.

83 2405 216 2441 Ἐρυθριᾷ
229 2406 284 2442 γὰρ
303 2405 407 2441 ὥσπερ,
423 2406 470 2433 καὶ
491 2405 664 2433 συστέλλεταί
685 2414 744 2437 πως
765 2405 834 2441 πρὸς
847 2405 877 2431 τὸ
893 2398 914 2426 D

77 2451 264 2487 ἀφανέστερον
281 2452 439 2488 παρρησίαν
459 2452 509 2479 οὐκ
526 2452 587 2487 ἔχον
603 2452 635 2479 τὸ
653 2451 796 2488 θεώρημα.
813 2452 875 2478 ’Ὠσ-

80 2506 131 2533 περ
145 2497 202 2533 γὰρ
221 2498 237 2524 ὁ
258 2497 294 2524 τὰ
308 2498 399 2532 φαῦλα
413 2498 543 2534 πράσσων
562 2500 636 2534 μισεῖ
650 2498 680 2525 τὸ
695 2498 753 2533 φῶς
766 2499 814 2525 καὶ
827 2498 877 2525 οὐκ

81 2544 190 2579 ἔρχεται
214 2544 284 2578 πρὸς
299 2544 331 2570 τὸ
344 2545 412 2579 φῶς,
429 2545 473 2572 ἵνα
490 2545 527 2580 μὴ
545 2545 673 2581 ἐλεγχθῇ,
688 2545 757 2571 κατὰ
769 2544 816 2580 τὴν
830 2544 876 2571 τοῦ

82 2591 209 2625 Σωτῆρος
222 2591 316 2626 φωνήν
326 2599 333 2606 ·
345 2590 417 2618 οὕτω
428 2592 482 2623 πᾶς
495 2591 586 2626 λόγος,
599 2593 613 2618 ὁ
631 2592 666 2619 τὰ
679 2592 769 2627 φαῦλα
779 2591 877 2627 δηλῶν,

82 2636 123 2663 διὰ
141 2637 290 2664 σκοτεινῶν
312 2637 421 2664 ἐννοιῶν
440 2637 568 2674 ἔρχεσθαι
592 2638 675 2673 φιλεῖ,
700 2638 746 2665 καὶ
766 2639 833 2674 πρὸς
848 2639 879 2664 τὸ

83 2683 235 2718 σαφηνείας
260 2684 311 2719 οὐχ
344 2683 404 2718 ἥξει
419 2684 487 2718 φῶς,
517 2684 560 2710 ἵνα
573 2684 611 2719 μὴ
626 2684 741 2720 ἐλεγχθῇ
758 2685 808 2719 τῆς
834 2685 878 2710 ἐν·

82 2728 164 2764 οὑσης
177 2729 254 2765 αὐτῷ
271 2729 440 2764 σαθρότητος
451 2731 468 2765 ἡ
482 2729 615 2756 εὐτέλεια.
636 2730 669 2756 Τί
688 2728 734 2758 οὖν
749 2730 803 2766 ἄρα
822 2730 880 2756 ἐστὶ

82 2774 111 2801 τὺ
125 2774 266 2806 οὖσιωδῶς
287 2774 465 2810 περιέχεσθαι
480 2775 525 2801 τὸν
538 2775 601 2802 Υίὸν
617 2775 670 2802 ὑπὸ
686 2775 732 2802 τοῦ
754 2775 879 2810 “armis;

84 2820 156 2858 Ἰημι
169 2821 226 2857 γὰρ
243 2821 277 2856 δὴ
293 2821 328 2847 δι’
341 2820 446 2853 ἑννοίας
463 2821 583 2856 ἁπάσης,
601 2818 698 2857 οἷσπερ
713 2821 745 2848 ἂν
759 2821 880 2856 δύνωμαι

115 2907 122 2922 ⁸
143 2911 225 2938 Deut.
257 2917 345 2938 \.\.\il,
363 2909 405 2935 32.
460 2911 466 2923 π
486 2910 566 2937 vaan.
586 2918 632 2939 ill.
652 2911 695 2935 “lo,

959 1709 988 1736 lu
1008 1717 1106 1737 manus
1131 1709 1225 1744 itaque
1248 1707 1315 1735 mihi
1338 1706 1414 1734 venit
1440 1703 1661 1732 adversariorum
1681 1701 1716 1728 li-

923 1757 989 1789 ber;
1013 1764 1132 1791 cumque
1154 1755 1207 1783 loci
1225 1753 1360 1790 propositi
1374 1759 1486 1781 sensum
1513 1752 1715 1785 pcrscrutarer,

925 1801 1014 1829 inveni
1034 1806 1096 1837 post
1113 1801 1169 1828 alia
1183 1800 1309 1836 quaedam
1323 1799 1362 1826 ita
1381 1798 1515 1833 scriptum
1534 1796 1568 1823 ad
1584 1794 1714 1821 verbum:

924 1847 1010 1875 Filius
1025 1855 1091 1883 ergo
1111 1847 1333 1875 substantialiter
1353 1847 1503 1872 coatentus
1520 1849 1535 1868 a
1555 1840 1649 1871 Patre,
1664 1839 1717 1866 Pa-

925 1899 992 1922 trem
1010 1894 1038 1921 in
1056 1895 1149 1929 seipso
1162 1893 1298 1926 continet,
1315 1892 1397 1920 verba
1419 1891 1577 1926 loquentem
1597 1892 1623 1914 et
1638 1887 1717 1921 signa

924 1945 1100 1975 peragentem
1114 1949 1121 1967 τ
1135 1940 1209 1975 quod
1225 1939 1426 1974 interpretatur
1439 1936 1534 1963 dicens
1546 1942 1552 1961 :
1565 1943 1574 1959 ι
1591 1932 1657 1970 Quae
1668 1938 1719 1966 ego

925 1987 1023 2020 loquor
1036 1985 1126 2018 vobis,
1149 1993 1165 2012 a
1182 1985 1290 2020 meipso
1305 1991 1361 2011 non
1385 1983 1494 2017 loquor,
1512 1981 1558 2008 sed
1584 1979 1668 2010 [fater
1690 1978 1717 2004 in

925 2039 968 2059 me
985 2039 1110 2065 manens,
1125 2032 1183 2066 ipse
1198 2031 1264 2058 facit
1278 2038 1372 2065 opera.
1394 2039 1402 2055 ι
1425 2029 1489 2055 [hcc
1504 2027 1542 2054 illi
1560 2028 1717 2061 nugantur;

925 2086 1021 2106 verum
1039 2079 1105 2114 quia
1116 2085 1231 2106 necesse
1247 2083 1289 2105 cst
1303 2085 1355 2104 nos
1371 2076 1425 2103 illis
1444 2074 1587 2104 resistere,
1605 2078 1655 2098 nec
1670 2077 1716 2098 vc-

925 2132 986 2152 rum
1014 2132 1046 2152 ac
1064 2131 1225 2160 germanum
1249 2130 1313 2151 esse
1336 2122 1412 2149 illum
1429 2126 1542 2148 sensum
1559 2117 1718 2146 ostendere,

925 2171 1045 2207 primum
1064 2170 1128 2198 dico
1146 2177 1200 2203 me,
1227 2173 1258 2197 nt
1277 2176 1342 2197 vere
1358 2168 1468 2202 tequar,
1494 2164 1566 2192 haud
1581 2162 1652 2191 satis
1671 2169 1718 2188 ca-

926 2225 992 2252 pere
1007 2217 1073 2252 quid
1095 2216 1149 2245 sibi
1172 2215 1238 2244 velit
1253 2215 1328 2250 quod
1348 2214 1426 2241 aiunt
1441 2210 1578 2239 contineri
1596 2217 1611 2236 a
1638 2208 1721 2235 Patre

926 2263 1046 2295 Filium,
1067 2267 1173 2290 tantum
1195 2263 1222 2290 in
1240 2270 1270 2290 se
1291 2259 1471 2289 obscuritatis
1495 2258 1589 2285 habet.
1611 2255 1719 2282 Erube-

927 2311 980 2339 scit
994 2310 1080 2342 cnim,
1093 2317 1125 2337 ac
1138 2309 1264 2338 tenebris
1275 2306 1479 2344 quodammodo
1493 2303 1647 2331 oﬂ'unditur
1659 2309 1722 2337 pro-

927 2357 1028 2394 positio
1051 2357 1178 2384 libertate
1196 2363 1292 2383 vacua.
1318 2351 1556 2387 Quemadmodum
1573 2349 1647 2378 enim
1675 2348 1721 2382 qui

929 2405 1000 2434 male
1015 2404 1081 2440 agit,
1091 2403 1150 2431 odit
1162 2403 1264 2435 lucem,
1277 2401 1361 2437 786
1371 2408 1421 2427 nec
1434 2398 1510 2427 venit
1525 2397 1559 2425 ad
1572 2397 1673 2427 lucem,
1689 2402 1723 2421 ne

930 2452 1123 2487 redarguatur,
1137 2450 1217 2486 juxta
1234 2448 1392 2476 Servaloris
1406 2453 1500 2474 vocem
1521 2444 1531 2460 ¹²
1545 2453 1552 2472 :
1575 2443 1615 2471 sic
1630 2441 1722 2469 omnis

930 2499 1020 2527 oratio
1043 2505 1104 2533 quze
1132 2497 1203 2524 mala
1229 2495 1367 2530 designat,
1384 2501 1431 2528 per
1447 2491 1612 2519 tcncbrosos
1637 2487 1722 2514 animi
1745 2501 1747 2503 -

931 2550 1082 2580 conceptus
1108 2544 1148 2572 ire
1175 2543 1255 2574 solet,
1273 2549 1324 2569 nec
1347 2541 1380 2568 ad
1408 2535 1613 2574 explanationis
1630 2535 1724 2562 lucem

933 2591 1063 2628 prodibit,
1092 2597 1127 2617 ne
1154 2588 1229 2616 illius
1252 2586 1342 2616 caries
1367 2593 1399 2612 ac
1423 2583 1552 2612 debilitas
1579 2583 1723 2615 arguatur.

933 2624 1005 2673 Quid
1018 2645 1084 2673 ergo
1097 2640 1140 2665 cst
1155 2633 1380 2664 substantialiter
1395 2629 1533 2659 contineri
1552 2636 1567 2655 a
1585 2627 1665 2653 Patre
1681 2624 1725 2651 Fi-

934 2671 1021 2713 lium?
1042 2671 1147 2711 (iuncta
1173 2682 1247 2709 cnim
1273 2677 1444 2716 perscrutari
1459 2676 1548 2712 juvat,
1573 2677 1601 2701 et
1622 2671 1725 2706 quibus

936 2737 1046 2767 possum
1061 2728 1219 2756 rationibus
1239 2727 1379 2761 explicare
1399 2723 1473 2760 quod
1489 2723 1608 2750 obscure
1620 2719 1725 2747 dictum

935 2766 988 2807 est,
1004 2773 1133 2809 quodque
1151 2772 1245 2799 forsan
1260 2769 1402 2798 erubescit
1425 2775 1459 2796 ne
1485 2766 1578 2794 animo
1600 2769 1726 2798 compre-

936 2821 1062 2851 hensum,
1082 2819 1141 2853 ejus
1167 2825 1180 2844 a
1205 2824 1258 2851 quo
1275 2815 1379 2843 editum
1392 2818 1438 2843 est'
1450 2812 1586 2842 insaniam
1611 2810 1725 2844 retegat.
