1926 3041
206 147 258 176 219

703 149 732 178 S.
753 149 894 178 CYRILLI
911 148 1143 177 ALEXANDRINI
1164 151 1323 179 ARCHIEP.

1789 154 1836 180 3L0

206 208 236 236 Si
250 216 315 245 ergo
332 209 468 244 signiﬁcat
479 208 578 237 Filium
595 209 622 236 in
637 210 725 237 Patris
740 210 906 242 substantia,
926 215 986 237 tau-

1046 209 1212 237 Ξιαπτύσσων
1223 211 1313 246 λόγοις
1325 212 1354 238 τὺ
1370 211 1498 246 ἀμυδρῶς
1515 211 1669 247 εἰρημένον,
1698 211 1748 238 καὶ
1777 212 1835 238 ἆσσ-

206 264 288 291 quam
315 257 339 284 ei
368 257 646 288 coiisnhstantialem,
672 257 774 284 habere
801 261 829 284 et
851 258 876 284 in
900 258 992 293 seipso

207 302 314 330 Patrem
331 303 357 329 in
374 302 434 329 Filii
450 307 548 329 natura
572 303 793 337 praefulgentem,
811 311 861 331 nos
881 305 904 331 ei
925 313 993 339 quo-

206 356 261 383 que
275 348 437 383 expositioni
459 348 688 383 astipulabimur:
709 350 780 383 quod
797 353 887 377 tamen
903 351 993 377 conti-

206 393 265 420 neri
282 393 367 420 Filius
385 393 498 424 dicitur.
515 401 570 421 non
584 394 762 422 mediocriter
775 395 868 423 forsan
885 405 936 424 nos
956 397 995 424 of-

207 439 333 465 fenderit.
360 439 407 465 Sin
431 442 523 466 autem
545 440 618 467 istud
641 448 696 467 non
720 441 758 468 ait
788 443 849 476 (nec
864 443 936 470 enim
961 451 994 470 ex

206 484 287 510 Patre
301 485 423 519 genitum
442 493 504 512 esse
527 485 626 512 Filium
644 494 764 521 unquam
784 488 922 520 admittet,
946 490 993 523 qui

206 531 310 555 tantam
338 530 364 556 in
385 537 447 556 eum
473 531 671 566 blasphemiam
699 533 831 567 evomuit,
858 534 905 561 sed
932 534 994 561 Filii

205 577 333 601 naturam
353 575 437 602 veluti
455 583 556 611 corpus
581 577 719 612 quoddam
743 579 848 606 ﬁnitum
865 588 879 607 a
906 579 995 608 Patris

204 623 303 646 natura
317 627 378 647 esse
392 621 632 656 comprehensam,
651 623 772 659 asserit),
785 625 922 659 quomodo
941 633 995 653 non

205 669 299 699 aperta
316 669 354 692 utl
379 667 550 701 blasphemia
571 676 742 704 summaeque
765 670 910 698 dementia:
935 672 994 706 ple-

207 719 259 740 nus
269 719 333 739 esse
346 713 495 748 urguetur?
507 713 574 740 Nam
588 721 650 741 eum
667 715 748 742 iidem
766 716 818 750 ipsi
836 716 917 743 Deum
933 725 995 744 esse

207 757 299 785 dicant
309 757 420 789 Filium.
432 760 614 794 proprietates
627 764 718 788 tamen
732 769 876 796 corporum
891 762 915 789 ei
930 769 996 797 prat-

205 809 248 831 ter
264 805 398 832 rationem
414 806 543 841 aﬂingere
558 811 697 834 conantur
712 815 718 833 :
739 809 811 842 quod
828 808 900 835 enim
917 816 995 836 men—

205 857 271 876 sura
296 854 344 877 aut
367 851 458 886 spatio
477 856 503 878 et
529 853 672 880 intervallo
696 854 944 887 circumscribitur,
959 855 994 881 ita

206 900 237 922 ut
253 903 268 923 a
289 896 425 932 principio
437 898 555 933 quodam
579 899 736 926 inchoatum
758 900 858 927 alicubi
877 900 994 932 desinat,

208 941 303 976 utique
324 947 351 970 et
371 951 433 971 esse
451 944 475 970 in
498 945 568 977 loco,
586 949 614 972 ct
632 946 794 980 qimntitale,
810 950 835 974 et
856 946 953 978 forma,
970 951 997 974 et

207 988 293 1024 ﬁgura
309 991 454 1025 suscipiet.
472 993 506 1018 At
522 993 662 1026 quomodo
679 992 732 1020 ista
742 1000 796 1020 non
816 997 881 1020 sunt
898 1001 996 1028 corpo-

205 1043 265 1062 rum
280 1037 407 1072 propria?
421 1038 559 1072 quomodo
571 1046 624 1066 non
637 1039 791 1072 nobiscum,
802 1043 896 1074 utpote
909 1041 995 1067 nostri

205 1082 316 1114 similis,
332 1083 379 1118 qui
403 1091 487 1119 supra
513 1092 563 1113 nos
578 1090 632 1115 est.
648 1086 830 1113 censebitur?
855 1090 902 1113 aut
927 1094 996 1121 quo-

205 1128 288 1155 modo
311 1130 389 1157 alteri
413 1135 548 1158 creaturae
570 1139 719 1166 germanus
743 1140 799 1159 non
815 1133 877 1164 erit,
891 1133 937 1167 qui
955 1133 997 1160 ni-

205 1174 263 1201 hilo
285 1175 347 1210 plus
373 1177 453 1203 liabct
477 1185 559 1211 quam
582 1179 638 1210 illa,
655 1183 792 1214 quatenus
808 1180 937 1206 nimirum
954 1185 996 1207 est

205 1219 302 1248 ﬁnita?
323 1222 390 1248 Cum
407 1229 498 1250 autem
520 1224 557 1250 ita
575 1232 604 1252 se
622 1224 732 1257 habeat,
755 1229 784 1252 ut
800 1227 883 1253 stulte
899 1227 995 1253 advrr~

204 1265 271 1292 sarii
289 1266 341 1294 sibi
362 1268 541 1302 persuadent,
557 1276 608 1296 cur
622 1270 724 1297 frustra
747 1278 797 1297 nos
819 1271 940 1298 terrebat
952 1272 994 1298 «li—

203 1319 287 1340 cens:
310 1322 320 1340 I
342 1313 397 1341 Vos
421 1315 456 1342 de
481 1315 611 1342 deorsum
640 1317 719 1349 estis,
739 1324 789 1352 ego
810 1325 842 1344 ex
864 1318 994 1352 supernis

205 1366 284 1393 sum;
303 1368 312 1386 ι
328 1364 354 1388 et
368 1368 465 1388 rursus
479 1371 485 1388 :
502 1370 512 1387 ‹
532 1360 586 1389 Vos
600 1362 634 1389 de
649 1363 700 1389 hoc
721 1363 824 1390 mundo
840 1364 928 1390 estis:
944 1370 995 1398 ego

203 1413 259 1433 non
277 1413 338 1434 sum
355 1406 389 1434 de
404 1408 456 1434 hoc
474 1408 575 1435 mundo
593 1407 622 1434 “3
641 1419 650 1435 ι
672 1408 740 1436 Nam
763 1417 825 1436 cum
841 1417 872 1437 ex
899 1417 996 1445 super-

205 1450 249 1478 nis
265 1451 386 1486 seipsum
405 1460 466 1480 esse
478 1452 595 1485 diceret,
610 1462 664 1481 non
680 1455 841 1489 simpliciler
855 1455 995 1489 signiﬁca-

204 1497 252 1524 bat
265 1505 297 1525 ex
311 1499 407 1526 caelis:
425 1500 488 1534 quid
507 1500 578 1526 enim
597 1503 784 1536 przerogatirae
805 1503 866 1536 plus
882 1503 994 1530 haberet

204 1551 288 1579 quam
306 1547 393 1573 sancti
411 1546 511 1581 angeli,
526 1547 664 1581 siquidem
680 1552 706 1575 et
721 1556 752 1575 ex
777 1550 907 1583 supernis
931 1550 993 1577 illos

203 1598 266 1618 esse
277 1592 473 1626 comperimus,
488 1593 510 1619 si
529 1593 634 1620 ratione
649 1594 700 1620 loci
718 1594 744 1620 id
761 1595 932 1629 accipiatur?
945 1596 992 1623 sed

203 1636 343 1670 signiﬁcat
357 1644 389 1664 ex
406 1644 534 1672 superna,
545 1642 572 1666 et
588 1647 648 1674 quin
662 1647 745 1674 supra
759 1641 886 1667 universa
899 1645 994 1668 evecta

203 1686 256 1715 est,
273 1682 428 1710 substantia
447 1684 581 1718 genitum.
604 1684 750 1716 Quomodo
773 1693 839 1720 ergo
863 1693 927 1712 vere
944 1686 993 1712 de-

204 1736 278 1756 mum
298 1729 372 1763 loqui
389 1729 507 1760 videtur,
522 1730 544 1757 si
562 1731 744 1765 proprietates
763 1738 912 1766 corporum
931 1739 993 1759 cum

204 1774 339 1802 creaturis
360 1774 422 1801 aliis
445 1782 605 1803 communes
621 1776 715 1809 habet,
733 1780 760 1803 et
783 1778 896 1812 perinde
912 1785 945 1806 ac
962 1786 994 1806 ea

204 1828 266 1855 quae
281 1829 297 1848 e
311 1821 398 1848 nihilo
413 1821 548 1856 producta
567 1827 632 1850 sunt
649 1823 674 1849 in
690 1828 781 1850 ortum
797 1831 811 1850 a
832 1823 912 1852 Patre
927 1832 994 1852 con-

204 1866 330 1893 tinetur?
351 1865 494 1906 Siquidem
509 1872 585 1894 extra
603 1875 665 1895 eum
687 1867 756 1894 nihil
771 1869 852 1903 787
875 1877 937 1896 esse
953 1869 993 1896 fa-

205 1913 335 1940 tebimur.
362 1913 395 1939 Et
424 1913 482 1948 ipse
513 1913 624 1949 quidem
654 1913 762 1942 Psaltes
793 1914 903 1943 divinus
930 1924 993 1943 vera

204 1961 317 1988 omnino
345 1965 373 1988 et
403 1961 533 1989 abstrusa
561 1962 691 1997 mysteria
722 1963 839 1997 loquens
874 1964 901 1990 in
930 1963 993 1998 Spi-

205 2007 272 2039 ritu,
295 2006 394 2034 Filium
413 2008 480 2034 nulli
499 2008 560 2034 loco
579 2008 677 2036 deesse
698 2008 745 2040 ait,
764 2017 813 2044 per
826 2009 878 2037 hoc
895 2010 994 2037 testiﬁ-

204 2061 272 2081 cans
291 2054 484 2088 incorporeum
498 2058 525 2082 et
546 2054 819 2089 ineircumscriptnm
841 2063 904 2083 eum
920 2064 993 2089 esse,

203 2107 253 2126 nec
274 2099 336 2126 loco
356 2100 564 2135 comprehendi,
583 2104 678 2133 utpote
700 2100 797 2128 Deum.
818 2111 826 2127 ι
846 2102 907 2135 Quo
919 2104 993 2130 enim

203 2145 249 2172 ibo
261 2153 276 2172 a
294 2145 398 2180 Spiritu
417 2146 488 2173 tuo?
507 2150 534 2173 et
550 2153 606 2181 quo
622 2153 635 2172 a
660 2146 729 2174 faeie
746 2152 794 2174 tua
818 2148 941 2184 fugiam?
964 2149 993 2177 Si

202 2191 354 2219 escendero
372 2192 398 2219 in
416 2193 526 2224 coelum,
548 2195 576 2219 tu
595 2192 652 2220 illic
667 2201 718 2226 es;
741 2194 764 2220 si
780 2194 949 2223 descendere
966 2196 992 2223 in

1045 257 1207 292 ωπούμενον
1221 259 1292 293 τάχα
1312 258 1348 292 μὴ
1369 259 1415 284 καὶ
1432 258 1484 293 ἄρα
1498 258 1591 293 νοηθὲν
1606 258 1772 294 ἀποκαλύψῃ
1791 260 1836 294 τὴν

1044 303 1091 329 τοῦ
1106 304 1229 335 τεκόντος
1243 304 1308 330 αὐτὸ
1325 303 1495 330 δυσϐουλίαν.
1508 304 1538 330 Εἰ
1553 304 1601 339 μὲν
1616 302 1663 331 οὖν
1680 304 1762 330 τοῦτο
1779 304 1836 339 βού-

1044 349 1118 375 λεται
1137 349 1287 385 δηλοῦν,ὼς
1307 351 1335 376 ἐν
1347 352 1378 385 τῇ
1398 350 1444 376 τοῦ
1459 350 1564 385 Πατρδς
1580 350 1658 386 οὐσίᾳ
1675 351 1835 385 φαινόμενος

1044 396 1058 421 ὁ
1079 396 1158 426 Υἱὸς,
1170 395 1207 427 ὡς
1227 395 1367 431 ὁμοούσιος
1381 396 1471 431 αὐτῷ,
1486 396 1540 431 ἔχει
1552 397 1598 422 καὶ
1609 397 1692 428 αὐτὸς
1707 397 1736 422 ἐν
1751 397 1835 431 ἐαυτῷ

1044 441 1090 468 τὸν
1107 441 1216 476 Πατέρα
1235 443 1263 468 ὲν
1279 443 1310 477 τῇ
1325 442 1371 468 τοῦ
1387 443 1557 477 γεννήματος
1573 442 1653 476 φύσει
1670 442 1763 473 καλῶς
1782 442 1835 468 δια-

1045 488 1196 523 λάμποντα,
1214 488 1406 523 συναινέσομεν
1424 488 1470 515 καὶ
1485 489 1565 523 ἡμεῖς
1588 489 1627 520 είς
1643 487 1691 522 τὴν
1709 487 1757 514 τοῦ
1770 487 1835 514 θεω-

1046 535 1168 570 ρήματος
1183 533 1296 569 δύναμιν
1311 543 1317 550 ο
1330 535 1360 561 οὺ
1383 534 1500 570 μετρίως
1513 535 1534 561 δ’
1548 534 1580 560 ἂν
1603 534 1733 569 ἀδικῆσαι
1756 534 1834 568 τυχὶν

1045 580 1075 606 τὸ
1088 580 1136 615 τῆς
1147 580 1278 615 περιοχῆς
1294 580 1379 615 ὄνομα
1392 580 1517 615 κείμενον
1530 581 1571 614 ἐφ’
1584 580 1650 615 Υἱῷ.
1664 580 1696 606 Et
1712 580 1742 606 δὲ
1760 579 1836 606 τοῦτο

1048 626 1097 661 μὲν
1111 625 1141 652 οὖ
1164 634 1246 662 φησιν
1270 626 1311 661 (οὐ
1325 626 1378 662 γὰρ
1394 626 1425 652 ἐκ
1438 626 1488 660 τῆς
1500 625 1592 656 οὐσίας
1603 625 1649 651 τοῦ
1667 626 1775 660 Ila-cpe;
1792 634 1833 658 γε-

1045 671 1191 706 γεννῆσθαί
1219 679 1283 697 ποτε
1313 672 1491 707 παραδέξεται
1510 672 1556 698 τὸν
1583 671 1647 698 Ti)»:
1671 672 1685 697 ὁ
1711 671 1836 706 τοιαύτην

1046 718 1148 753 ὲμέσας
1177 717 1236 744 κατ’
1254 717 1335 743 αὐτοῦ
1358 717 1522 753 δυσφημίαν,
1544 717 1639 752 ὥσπερ
1661 717 1689 743 δέ
1713 725 1740 743 τι
1759 716 1835 751 σῶμα

1046 763 1254 798 πεπερασμένον
1274 762 1322 797 τὴν
1344 762 1391 789 τοῦ
1420 762 1485 788 Υίοῦ
1506 762 1586 796 φύσιν
1605 761 1834 797 ἐμπεριειλῆφθαι

1045 810 1078 844 τῇ
1097 809 1144 835 τοῦ
1163 808 1268 843 Ila-cpi);
1285 808 1502 843 διῖσχυρίζεται),
1522 809 1579 840 πῶς
1596 809 1646 835 οὐκ
1661 808 1694 835 ἂν
1719 809 1839 842 ἀναφαν-

1046 855 1090 881 δὸν
1112 855 1252 889 δυσφὴσας
1273 853 1475 892 [δυσφημήσας]
1492 853 1635 886 ἁλώσεται,
1655 853 1702 879 καὶ
1728 853 1779 887 τῆς
1802 853 1840 882 είς

1051 903 1135 937 ἄκρον
1162 902 1280 938 ἡκούσης
1305 900 1516 937 φρενοϐλαϐείας
1541 899 1683 930 ἀνάπλεως
1705 898 1764 931 GN;
1787 899 1840 924 Καὶ

1051 950 1128 976 αὐτοὶ
1149 950 1202 985 γὰρ
1219 949 1285 975 Θεὸν
1305 947 1374 976 εἶναι
1389 948 1514 981 λέγοντες
1529 946 1574 973 τδν
1595 946 1669 977 Υίὸν,
1691 946 1725 972 τὰ
1749 946 1839 980 σωμά-

1050 1005 1103 1023 των
1113 996 1166 1022 ῐδια
1182 995 1349 1031 προσάπτειν
1375 993 1449 1028 αὐτῷ
1472 992 1636 1027 παραλόγως
1653 991 1839 1026 ὲπιχειροῦσν

1049 1041 1079 1067 τὸ
1094 1040 1147 1076 γὰρ
1162 1040 1229 1071 ὅλως
1248 1038 1418 1074 περιορισμῷ
1434 1047 1487 1064 τινι
1504 1038 1550 1064 καὶ
1566 1038 1658 1072 μέτρῳ
1674 1036 1840 1072 περισχοινί-

1050 1087 1144 1118 ζεσθαι
1157 1085 1195 1121 τῷ
1209 1086 1346 1120 νοουμένῳ
1360 1085 1430 1111 κατὰ
1445 1084 1595 1115 διάστασιν,
1606 1083 1643 1115 ὡς
1665 1084 1712 1110 καὶ
1729 1083 1784 1109 ἀπό
1799 1091 1840 1108 τι-

1049 1141 1094 1164 νος
1105 1132 1193 1167 ἀρχῆς
1205 1131 1371 1166 καταλήγειν
1393 1131 1432 1162 είς
1448 1130 1544 1165 πέρας,
1559 1130 1675 1160 πάντως
1688 1129 1842 1160 ὲπιδέξαιτο

1049 1179 1096 1205 καὶ
1110 1177 1139 1204 τὸ
1154 1175 1223 1204 εἶναι
1237 1176 1316 1212 τυχὸν
1335 1177 1364 1202 ὲν
1378 1176 1461 1210 τόπῳ,
1475 1175 1522 1202 καὶ
1536 1174 1622 1210 ποσῷ,
1641 1175 1686 1200 καὶ
1701 1174 1777 1204 εἴδει,
1796 1174 1842 1200 καὶ

1050 1223 1249 1260 σχήματιΕῐτα
1265 1219 1360 1256 πῶςόύ
1376 1222 1509 1257 σωμάτων
1522 1222 1576 1249 ίδια
1589 1221 1668 1248 ταυτί
1679 1230 1686 1254 ;
1697 1221 1756 1252 πῶς
1771 1221 1802 1247 δὲ
1811 1221 1841 1247 οὐ

1050 1270 1109 1305 μεθ’
1129 1270 1218 1305 ἡμῶν,
1236 1270 1273 1301 ὡς
1286 1269 1347 1296 καθ’
1364 1269 1470 1303 ἡμᾶς,ὁ
1485 1267 1636 1303 ὑπὲρὴμᾶς
1653 1267 1819 1302 νοηθήσεται
1833 1274 1841 1298 ;

1048 1316 1064 1351 ἢ
1082 1315 1140 1347 πῶς
1169 1317 1219 1342 οὐκ
1236 1315 1350 1349 ἁδελφὸς
1366 1316 1398 1350 τῇ
1426 1314 1507 1348 ἑτέρᾳ
1527 1313 1614 1340 κτίσει
1629 1333 1636 1345 ,
1654 1311 1750 1338 λοιπὸν
1766 1312 1841 1338 οὒδὶν

1048 1362 1117 1397 ἔχων
1138 1362 1202 1397 παρ’
1220 1361 1305 1396 αὐτὴν
1327 1361 1358 1387 τὸ
1375 1360 1467 1392 πλέον,
1493 1360 1555 1387 ὅσον
1573 1357 1641 1395 ἧκεν
1656 1359 1744 1385 εἰπεῖν
1758 1359 1799 1388 εἰς
1813 1357 1842 1383 τὸ

1047 1404 1117 1434 εἶναι
1144 1405 1373 1442 πεπερασμένως;
1389 1406 1479 1440 Ἐχων
1503 1404 1531 1431 δὲ
1554 1403 1626 1431 οὕτω
1650 1403 1722 1430 κατά
1742 1412 1774 1438 γε
1795 1403 1843 1438 τὴν

1047 1452 1141 1487 ἀμαθῆ
1158 1452 1213 1478 τῶν
1237 1452 1270 1478 δι’
1287 1451 1411 1484 ἐναντίας
1439 1451 1576 1482 ὑπόνοιαν,
1599 1450 1625 1476 τί
1651 1451 1741 1485 μάτην
1767 1451 1843 1485 ἡμᾶς

1048 1499 1232 1535 προσεκτύπει
1261 1498 1368 1532 λέγων·
1384 1508 1393 1524 ι
1422 1498 1516 1532 Ὑμεῖς
1537 1498 1569 1524 ὲκ
1585 1497 1640 1523 τῶν
1664 1497 1741 1523 κάτω
1766 1497 1841 1529 ἐστὶ,

1047 1547 1103 1582 ἐγὼ
1117 1548 1148 1573 ὲκ
1168 1546 1221 1573 τῶν
1239 1546 1295 1573 ἅνω
1312 1545 1385 1581 είμί;
1407 1555 1417 1571 ι
1435 1545 1489 1571 Καὶ
1504 1544 1596 1571 πάλιν·
1614 1544 1729 1579 «Ὑμεῖς
1745 1544 1777 1570 ὲκ
1796 1543 1842 1570 τοῦ

1046 1595 1148 1629 κόσμου
1173 1593 1268 1620 τούτου
1285 1592 1347 1619 ἐστέ
1364 1601 1371 1607 ·
1390 1590 1446 1626 ἑγὼ
1469 1592 1518 1617 οὐκ
1534 1590 1592 1626 εἰμὶ
1609 1591 1641 1617 ὲκ
1660 1590 1708 1616 τοῦ
1737 1590 1841 1624 κόσμου

1045 1641 1149 1668 τούτου.
1177 1649 1185 1666 ι
1220 1639 1339 1666 Ἀνωοεν
1372 1638 1426 1674 γὰρ
1454 1637 1549 1665 ἑαυτὸν
1575 1634 1645 1664 εἶναι
1669 1637 1775 1671 λέγων,
1793 1636 1842 1672 οὐχ

1047 1687 1139 1719 ἁπλῶς
1160 1687 1253 1721 ἐδήλου
1283 1686 1314 1712 τὸ
1333 1686 1362 1718 ἐξ
1379 1685 1501 1721 οὐρανῶν
1514 1693 1520 1701 ·
1541 1685 1566 1711 τί
1592 1684 1648 1720 γὰρ
1672 1683 1706 1710 ἂν
1733 1683 1791 1718 ἔχοι
1812 1682 1842 1708 τὸ

1046 1735 1137 1761 πλεῖον
1163 1733 1239 1769 παρὰ
1262 1734 1326 1765 τοὺς
1351 1732 1446 1766 ἁγίους
1471 1731 1614 1766 ἀγγέλους,
1631 1730 1710 1765 εἴπερ
1736 1728 1841 1756 ἄνωθεν

1046 1779 1190 1811 κάκείνους
1216 1779 1296 1811 ὄντας
1323 1779 1494 1814 εὑρήσομεν,
1512 1776 1632 1808 τοπικῶς
1655 1775 1841 1810 ὲκληφθέντος

1045 1826 1091 1852 τοῦ
1108 1825 1308 1860 σημαινομένου
1323 1831 1331 1856 ;
1353 1824 1480 1860 σημαίνει
1500 1822 1528 1849 δὲ
1547 1823 1588 1849 ὅτι
1606 1822 1656 1857 τῆς
1672 1821 1778 1848 ἄνωθεν
1787 1819 1842 1846 διαὶ

1044 1872 1094 1907 τῆς
1119 1873 1175 1903 τοῖς
1190 1871 1260 1902 ὅλοις
1276 1869 1462 1905 ὲποχουμένης
1487 1868 1583 1899 οὐσίας
1595 1867 1686 1901 ἐξέφυ.
1703 1866 1767 1897 Πῶς
1794 1863 1842 1892 οὖν

1046 1918 1147 1953 ἀληθὴς
1159 1916 1338 1952 ἀναφαίνεται
1351 1915 1455 1947 λοιπὸν,
1466 1915 1494 1941 εί·
1503 1914 1579 1941 κοινὰ
1596 1913 1664 1948 πρὸς
1679 1912 1730 1948 τὴν
1744 1911 1842 1947 ἑτέραν

1045 1964 1101 2000 ἔχει
1122 1964 1210 1991 κτίσιν
1228 1963 1262 1990 τὰ
1289 1962 1423 1998 σωμάτων
1439 1961 1503 1993 ῐδια,
1520 1960 1567 1987 καὶ
1578 1959 1646 1995 ὁμοῦ
1660 1960 1717 1990 τοῖς
1736 1958 1766 1990 ἐξ
1792 1958 1843 1984 οὐκ

1045 2011 1129 2038 ὅντων
1146 2011 1186 2042 εἰς
1198 2010 1228 2036 τδ
1249 2009 1318 2036 εἶναι
1337 2007 1528 2044 παρενεχθεῖσι
1548 2005 1744 2042 περιεχόμενος
1766 2005 1842 2030 ἐστιν

1045 2058 1098 2085 ὑπὸ
1120 2058 1168 2084 τοῦ
1188 2056 1312 2091 Πατρός;
1332 2056 1411 2089 εἴπερ
1431 2054 1508 2080 οὐδὲν
1525 2052 1578 2085 ἔξω
1591 2052 1699 2079 κεῖσθαι
1714 2050 1843 2085 δώσομεν

1044 2105 1139 2132 αὑτοῦ.
1153 2103 1208 2131 Καὶ
1223 2104 1238 2130 ὁ
1263 2103 1312 2138 μὲν
1341 2101 1485 2131 Θεσπέσιος
1510 2099 1636 2134 Μελῳδὸς
1648 2118 1655 2129 ,
1672 2097 1761 2132 ἀληθῆ
1790 2105 1841 2123 που

1045 2150 1154 2181 πάντως
1171 2149 1218 2175 καὶ
1243 2147 1423 2183 κεκρυμμένα
1445 2146 1582 2181 μυστήρια
1596 2144 1685 2170 λαλῶν
1701 2145 1730 2170 ἐν
1753 2143 1841 2170 Πνεύ-

1047 2203 1122 2230 ματι,
1135 2193 1243 2224 οὐδενὸς
1261 2193 1310 2227 μὲν
1337 2190 1476 2222 παντελῶς
1500 2189 1739 2224 ἀπολιμπάνεσθαι
1755 2188 1840 2215 τόπου

203 2237 352 2270 infernum,
366 2238 448 2270 ades;
462 2238 485 2265 si
498 2246 642 2273 sumpsero
655 2247 759 2274 pennas
771 2248 846 2268 meas
859 2241 990 2274 diluculo,

1046 2241 1110 2275 φησὶ
1118 2240 1164 2267 τὸν
1172 2239 1245 2271 Υίὸν,
1254 2238 1285 2264 τὺ
1298 2237 1444 2273 ἀσώματόν
1455 2244 1485 2262 τε
1495 2236 1543 2263 καὶ
1555 2236 1750 2271 ἀπεριόριστον
1766 2235 1840 2270 αὐτῷ

201 2286 230 2310 et
250 2283 409 2311 habitavere
423 2283 448 2309 in
460 2284 592 2311 extremis
611 2285 695 2312 maris
708 2294 713 2311 :
726 2292 789 2312 nam
804 2289 830 2313 et
842 2286 879 2313 ibi
893 2295 992 2316 manus

204 2334 250 2356 tua
265 2329 383 2356 deducet
399 2336 453 2361 me,
467 2333 495 2356 et
508 2329 610 2357 tenebit
631 2337 673 2357 me
690 2330 804 2358 dextera
820 2335 866 2359 tua
879 2332 900 2359 ".
923 2342 933 2358 ι
959 2333 993 2361 lli

203 2379 293 2404 autem
312 2376 434 2411 projecta
451 2375 569 2403 audacia
583 2383 662 2404 suam
684 2378 850 2405 sententiam
872 2378 993 2414 Spiritus

203 2423 319 2451 vocibus
338 2426 518 2457 opponentes,
537 2423 712 2459 Unigenitum
726 2425 787 2453 loco
800 2426 992 2454 circumscribi

202 2477 234 2497 ac
251 2469 397 2496 terminari
418 2469 524 2501 volunt,
548 2477 610 2497 cum
630 2471 693 2498 hinc
711 2472 803 2506 potius
831 2475 993 2501 necessario

201 2521 294 2541 secum
314 2519 443 2549 reputare
459 2514 602 2549 deberent,
623 2516 696 2551 quod
714 2517 739 2544 si
759 2518 843 2545 caelos
865 2522 892 2546 et
912 2523 992 2546 terra:

199 2563 322 2587 extrema
347 2559 463 2594 repleat,
477 2560 531 2588 hoc
553 2566 595 2589 est
611 2561 726 2595 inferos,
748 2564 794 2598 qui
818 2572 872 2591 non
892 2565 991 2592 absur-

200 2606 345 2634 dissimum
359 2607 395 2634 sit
408 2608 665 2642 comprehensionis
681 2617 778 2637 nomen
803 2611 827 2637 ei
852 2611 990 2647 attingere,

200 2659 263 2678 cum
279 2660 366 2687 neque
382 2653 452 2688 apud
465 2661 494 2681 se
511 2655 643 2690 cogitent.
659 2655 734 2690 quod
761 2656 784 2683 si
805 2656 890 2684 facies
917 2658 989 2692 ejus,

200 2697 226 2724 id
240 2701 283 2725 est
299 2697 418 2733 Spiritus
433 2699 542 2735 (faciem
568 2701 672 2736 quippe
690 2701 751 2728 Filii
777 2702 910 2737 Spiritum
939 2713 987 2732 vo-

199 2743 266 2776 cat),
288 2743 382 2778 implet
403 2746 517 2778 omnia,
542 2746 680 2781 quomodo
709 2747 767 2782 ipse
790 2749 988 2783 continebitur,

200 2787 264 2815 licet
281 2796 296 2816 a
317 2789 373 2818 Deo
395 2796 422 2818 et
441 2791 521 2819 Patre
540 2793 677 2819 contineri
694 2793 826 2820 dicatur?
842 2794 897 2822 Nec
916 2797 989 2825 enim

237 2878 242 2890 ⁶
274 2878 352 2907 Joan.
373 2888 420 2907 vin
434 2901 440 2909 .
463 2882 508 2907 25.
547 2882 555 2896 τ
572 2880 643 2908 l‘sal.
657 2890 787 2914 cunni,
808 2883 879 2911 7-H),

1044 2287 1088 2313 διὰ
1112 2286 1207 2313 τούτου
1235 2283 1465 2320 προσμαρτυρῶν,
1482 2282 1531 2309 καὶ
1553 2282 1594 2309 ὅτι
1612 2282 1648 2317 μὴ
1671 2281 1748 2317 τόπῳ
1763 2290 1840 2316 περι-

1044 2333 1155 2369 ληπτὸς,
1175 2333 1213 2364 ὡς
1241 2331 1318 2364 Θεός.
1338 2340 1347 2356 ι
1365 2330 1420 2358 Ποῦ
1443 2329 1498 2365 γὰρ
1519 2328 1656 2365 πορευθῶ,
1673 2328 1769 2364 φησιν,
1786 2327 1840 2354 ἀπὸ

1044 2380 1091 2406 τοῦ
1103 2378 1263 2413 Πνεύματός
1281 2385 1340 2410 σου;
1353 2377 1401 2403 καὶ
1422 2375 1477 2402 ἀπὸ
1491 2375 1539 2402 τοῦ
1554 2373 1704 2410 προσώπου
1720 2381 1769 2399 σου
1787 2372 1839 2399 ποῦ

1045 2426 1142 2461 φύγω;
1167 2425 1230 2452 Ἐὰν
1246 2423 1339 2451 ἀναδῶ
1358 2423 1399 2453 είς
1413 2422 1457 2449 τὸν
1478 2421 1603 2456 οὐρανὸν,
1617 2419 1648 2446 σὺ
1666 2417 1692 2446 εἴ
1708 2419 1777 2450 ἐκεῖ,
1792 2418 1839 2445 ἐὰν

1045 2472 1156 2499 καταϐῶ
1166 2472 1205 2502 είς
1219 2470 1263 2497 τὸν
1278 2468 1445 2505 ᾇδην.πάρει
1454 2475 1461 2482 ⁸
1473 2467 1520 2494 ἐὰν
1532 2465 1660 2493 ἀναλαὸω
1671 2465 1722 2496 τὰς
1737 2465 1839 2500 πτέρυ-

1043 2519 1094 2553 γάς
1117 2526 1167 2553 μου
1190 2518 1250 2543 κατ’
1267 2515 1375 2551 ὖρθρον,
1392 2514 1438 2540 καὶ
1462 2512 1588 2548 πορευθῶ
1613 2512 1653 2542 εἰς
1679 2510 1716 2537 τὰ
1737 2510 1838 2545 ἔσχατα

1043 2565 1092 2600 τῆς
1109 2563 1257 2598 θαλάσσης,
1269 2562 1317 2589 καί
1333 2561 1386 2596 γὰρ
1399 2561 1457 2586 ἐκεῖ
1472 2560 1488 2594 ἡ
1506 2558 1567 2594 χείρ
1582 2566 1628 2583 σου
1640 2557 1773 2592 ὁδηγήσει
1794 2566 1837 2592 με.

1043 2611 1090 2638 καὶ
1115 2609 1224 2642 καθέξει
1253 2617 1286 2644 με
1310 2609 1326 2643 ὴ
1355 2606 1430 2640 δεξιά
1453 2613 1511 2632 σου.
1534 2615 1543 2631 ι
1570 2603 1781 2638 Ῥιψοκινόύνως
1813 2603 1837 2628 6‘;

1043 2655 1126 2689 οὗτοι,
1146 2658 1194 2684 καὶ
1216 2657 1276 2688 ταῖς
1295 2655 1341 2682 τοῦ
1359 2653 1517 2689 Πνεύματος
1535 2653 1637 2686 φωναῖς
1664 2651 1714 2685 τὴν
1733 2649 1835 2676 suum.

1045 2704 1236 2737 ὰντεξάγοντες
1251 2701 1374 2736 γνώμην,
1389 2697 1494 2734 ὁρισμῷ
1510 2698 1556 2724 καὶ
1571 2696 1758 2732 περιγραφαῖς
1772 2695 1838 2720 ὑπο-

1045 2750 1174 2777 δάλλουσι
1192 2748 1236 2774 τὸν
1252 2745 1404 2780 Μονογενῆ,
1422 2744 1512 2771 καίτοι
1529 2742 1661 2776 λογισμὸν
1682 2740 1839 2774 ὀφείλοντες

1045 2796 1091 2822 ἐπὶ
1105 2794 1190 2829 τούτῳ
1204 2793 1296 2820 λαϐεῖν
1311 2791 1458 2826 ἀναγκαῖόν
1474 2799 1502 2817 τε
1517 2789 1564 2816 καὶ
1576 2789 1721 2824 χρήσιμον.
1740 2786 1773 2813 Et
1785 2785 1837 2822 γὰρ
