  <div class='ocr_page' id='page_1' title='image "/cluster/home/n/w/nwhite01/storage/ocr_20150623/74/njp.32101077772778/128.png"; bbox 0 0 1926 3041; ppageno 0'>
   <div class='ocr_carea' id='block_1_1' title="bbox 41 191 1171 232">
    <p class='ocr_par' dir='ltr' id='par_1_1' title="bbox 41 191 1171 232">
     <span class='ocr_line' id='line_1_1' title="bbox 41 191 1171 232; baseline -0.013 0"><span class='ocrx_word' id='word_1_1' title='bbox 41 203 84 232; x_wconf 70' lang='grc'><strong>221</strong></span> <span class='ocrx_word' id='word_1_2' title='bbox 588 196 620 224; x_wconf 89' lang='lat' dir='ltr'><strong>IN</strong></span> <span class='ocrx_word' id='word_1_3' title='bbox 635 193 778 223; x_wconf 79' lang='lat' dir='ltr'><strong>JOANNIS</strong></span> <span class='ocrx_word' id='word_1_4' title='bbox 796 191 1022 220; x_wconf 81' lang='lat' dir='ltr'><strong>EVANGELIUM</strong></span> <span class='ocrx_word' id='word_1_5' title='bbox 1040 191 1105 219; x_wconf 86' lang='lat' dir='ltr'><strong>LIB.</strong></span> <span class='ocrx_word' id='word_1_6' title='bbox 1125 191 1171 217; x_wconf 75' lang='lat' dir='ltr'><strong>IX.</strong></span> 
     </span>
    </p>
   </div>
   <div class='ocr_carea' id='block_1_2' title="bbox 1617 184 1672 212">
    <p class='ocr_par' dir='ltr' id='par_1_2' title="bbox 1617 184 1672 212">
     <span class='ocr_line' id='line_1_2' title="bbox 1617 184 1672 212; baseline 0 0"><span class='ocrx_word' id='word_1_7' title='bbox 1617 184 1672 212; x_wconf 66' lang='lat'><strong>2‘22</strong></span> 
     </span>
    </p>
   </div>
   <div class='ocr_carea' id='block_1_3' title="bbox 44 241 851 296">
    <p class='ocr_par' dir='ltr' id='par_1_3' title="bbox 44 251 851 296">
     <span class='ocr_line' id='line_1_3' title="bbox 44 251 851 296; baseline -0.016 -7"><span class='ocrx_word' id='word_1_8' title='bbox 44 260 200 296; x_wconf 72' lang='grc' dir='ltr'><strong>πεπλήρωκε</strong></span> <span class='ocrx_word' id='word_1_9' title='bbox 227 259 280 295; x_wconf 73' lang='grc' dir='ltr'>μὲν</span> <span class='ocrx_word' id='word_1_10' title='bbox 300 257 440 293; x_wconf 82' lang='grc' dir='ltr'>οὐρανοὺς,</span> <span class='ocrx_word' id='word_1_11' title='bbox 457 255 503 282; x_wconf 75' lang='grc' dir='ltr'>καὶ</span> <span class='ocrx_word' id='word_1_12' title='bbox 522 254 556 281; x_wconf 80' lang='grc' dir='ltr'><strong>τὰ</strong></span> <span class='ocrx_word' id='word_1_13' title='bbox 581 254 682 288; x_wconf 74' lang='grc' dir='ltr'>ἔσχατα</span> <span class='ocrx_word' id='word_1_14' title='bbox 705 252 754 286; x_wconf 86' lang='grc' dir='ltr'>τῆς</span> <span class='ocrx_word' id='word_1_15' title='bbox 769 251 831 285; x_wconf 82' lang='grc' dir='ltr'>γῆς,</span> <span class='ocrx_word' id='word_1_16' title='bbox 847 272 851 279; x_wconf 50' lang='grc' dir='ltr'><strong><em>λ</em></strong></span> 
     </span>
    </p>
   </div>
   <div class='ocr_carea' id='block_1_4' title="bbox 903 241 1673 296">
    <p class='ocr_par' dir='ltr' id='par_1_4' title="bbox 903 241 1673 277">
     <span class='ocr_line' id='line_1_4' title="bbox 903 241 1673 277; baseline -0.01 -2"><span class='ocrx_word' id='word_1_17' title='bbox 903 249 976 277; x_wconf 74' lang='lat' dir='ltr'><strong>tinus</strong></span> <span class='ocrx_word' id='word_1_18' title='bbox 988 249 1041 276; x_wconf 87' lang='lat' dir='ltr'><strong>erit</strong></span> <span class='ocrx_word' id='word_1_19' title='bbox 1057 245 1224 276; x_wconf 82' lang='lat' dir='ltr'><strong>incommodi</strong></span> <span class='ocrx_word' id='word_1_20' title='bbox 1238 243 1262 272; x_wconf 92' lang='lat' dir='ltr'><strong>si</strong></span> <span class='ocrx_word' id='word_1_21' title='bbox 1277 243 1350 270; x_wconf 89' lang='lat' dir='ltr'><strong>dicat</strong></span> <span class='ocrx_word' id='word_1_22' title='bbox 1370 241 1560 269; x_wconf 83' lang='lat' dir='ltr'><strong>circumscribi</strong></span> <span class='ocrx_word' id='word_1_23' title='bbox 1579 242 1673 268; x_wconf 89' lang='lat' dir='ltr'><strong>incor-</strong></span> 
     </span>
    </p>
   </div>
   <div class='ocr_carea' id='block_1_5' title="bbox 45 297 831 338">
    <p class='ocr_par' dir='ltr' id='par_1_5' title="bbox 45 297 831 338">
     <span class='ocr_line' id='line_1_5' title="bbox 45 297 831 338; baseline -0.014 -4"><span class='ocrx_word' id='word_1_24' title='bbox 45 306 106 335; x_wconf 78' lang='grc' dir='ltr'>τοῦτ’</span> <span class='ocrx_word' id='word_1_25' title='bbox 123 306 192 338; x_wconf 75' lang='grc' dir='ltr'>ἔστι,</span> <span class='ocrx_word' id='word_1_26' title='bbox 210 304 248 331; x_wconf 86' lang='grc' dir='ltr'><strong>τὰ</strong></span> <span class='ocrx_word' id='word_1_27' title='bbox 263 305 304 336; x_wconf 82' lang='grc' dir='ltr'><strong>εἰς</strong></span> <span class='ocrx_word' id='word_1_28' title='bbox 321 304 366 331; x_wconf 84' lang='grc' dir='ltr'>τὸν</span> <span class='ocrx_word' id='word_1_29' title='bbox 376 303 443 338; x_wconf 74' lang='grc' dir='ltr'>ᾅδην</span> <span class='ocrx_word' id='word_1_30' title='bbox 453 310 459 317; x_wconf 90' lang='grc'><strong>·</strong></span> <span class='ocrx_word' id='word_1_31' title='bbox 471 301 530 333; x_wconf 84' lang='grc' dir='ltr'>πῶς</span> <span class='ocrx_word' id='word_1_32' title='bbox 547 301 579 328; x_wconf 85' lang='grc' dir='ltr'>οὐ</span> <span class='ocrx_word' id='word_1_33' title='bbox 595 299 698 334; x_wconf 79' lang='grc' dir='ltr'>σφόδρα</span> <span class='ocrx_word' id='word_1_34' title='bbox 709 297 831 333; x_wconf 82' lang='grc' dir='ltr'>παραλο-</span> 
     </span>
    </p>
   </div>
   <div class='ocr_carea' id='block_1_6' title="bbox 44 341 833 389">
    <p class='ocr_par' dir='ltr' id='par_1_6' title="bbox 44 341 833 389">
     <span class='ocr_line' id='line_1_6' title="bbox 44 341 833 389; baseline -0.015 -10"><span class='ocrx_word' id='word_1_35' title='bbox 44 353 153 389; x_wconf 74' lang='grc' dir='ltr'>γώτατον</span> <span class='ocrx_word' id='word_1_36' title='bbox 166 351 198 377; x_wconf 80' lang='grc' dir='ltr'>τὸ</span> <span class='ocrx_word' id='word_1_37' title='bbox 219 351 355 386; x_wconf 78' lang='grc' dir='ltr'><strong>περιοχῆς</strong></span> <span class='ocrx_word' id='word_1_38' title='bbox 371 349 458 383; x_wconf 82' lang='grc' dir='ltr'>ὖνομα</span> <span class='ocrx_word' id='word_1_39' title='bbox 478 346 646 382; x_wconf 85' lang='grc' dir='ltr'><strong>προσάπτειν</strong></span> <span class='ocrx_word' id='word_1_40' title='bbox 666 343 750 378; x_wconf 78' lang='grc' dir='ltr'>αὐτῷ,</span> <span class='ocrx_word' id='word_1_41' title='bbox 765 341 833 377; x_wconf 78' lang='grc' dir='ltr'>μηδὲ</span> 
     </span>
    </p>
   </div>
   <div class='ocr_carea' id='block_1_7' title="bbox 45 388 834 433">
    <p class='ocr_par' dir='ltr' id='par_1_7' title="bbox 45 388 834 433">
     <span class='ocr_line' id='line_1_7' title="bbox 45 388 834 433; baseline -0.016 -6"><span class='ocrx_word' id='word_1_42' title='bbox 45 401 123 428; x_wconf 76' lang='grc' dir='ltr'>ἐκεῖνο</span> <span class='ocrx_word' id='word_1_43' title='bbox 137 397 350 433; x_wconf 81' lang='grc' dir='ltr'><strong>λογισαμένους,</strong></span> <span class='ocrx_word' id='word_1_44' title='bbox 362 396 403 422; x_wconf 86' lang='grc' dir='ltr'>ὅτι</span> <span class='ocrx_word' id='word_1_45' title='bbox 414 395 438 421; x_wconf 88' lang='grc' dir='ltr'>εἰ</span> <span class='ocrx_word' id='word_1_46' title='bbox 451 394 482 421; x_wconf 87' lang='grc' dir='ltr'>τὸ</span> <span class='ocrx_word' id='word_1_47' title='bbox 497 394 644 428; x_wconf 84' lang='grc' dir='ltr'>πρόσωπον</span> <span class='ocrx_word' id='word_1_48' title='bbox 654 389 748 421; x_wconf 77' lang='grc' dir='ltr'>αὑτοῦ,</span> <span class='ocrx_word' id='word_1_49' title='bbox 760 388 834 415; x_wconf 83' lang='grc' dir='ltr'>τοῦτ’</span> 
     </span>
    </p>
   </div>
   <div class='ocr_carea' id='block_1_8' title="bbox 46 434 834 479">
    <p class='ocr_par' dir='ltr' id='par_1_8' title="bbox 46 434 834 479">
     <span class='ocr_line' id='line_1_8' title="bbox 46 434 834 479; baseline -0.018 -5"><span class='ocrx_word' id='word_1_50' title='bbox 46 447 105 478; x_wconf 81' lang='grc' dir='ltr'>ἔστι,</span> <span class='ocrx_word' id='word_1_51' title='bbox 123 445 152 472; x_wconf 80' lang='grc' dir='ltr'>τὸ</span> <span class='ocrx_word' id='word_1_52' title='bbox 170 443 289 479; x_wconf 81' lang='grc' dir='ltr'><strong>Πνεῦμα</strong></span> <span class='ocrx_word' id='word_1_53' title='bbox 311 443 468 478; x_wconf 85' lang='grc' dir='ltr'>(πρόσωπον</span> <span class='ocrx_word' id='word_1_54' title='bbox 483 440 538 475; x_wconf 79' lang='grc' dir='ltr'><strong>γὰρ</strong></span> <span class='ocrx_word' id='word_1_55' title='bbox 561 439 607 466; x_wconf 79' lang='grc' dir='ltr'>τοῦ</span> <span class='ocrx_word' id='word_1_56' title='bbox 627 437 692 464; x_wconf 82' lang='grc' dir='ltr'><strong>Υἱοῦ</strong></span> <span class='ocrx_word' id='word_1_57' title='bbox 710 435 788 463; x_wconf 82' lang='grc' dir='ltr'><strong>καλεί</strong></span> <span class='ocrx_word' id='word_1_58' title='bbox 803 434 834 461; x_wconf 86' lang='grc' dir='ltr'>τὸ</span> 
     </span>
    </p>
   </div>
   <div class='ocr_carea' id='block_1_9' title="bbox 46 481 835 527">
    <p class='ocr_par' dir='ltr' id='par_1_9' title="bbox 46 481 835 527">
     <span class='ocr_line' id='line_1_9' title="bbox 46 481 835 527; baseline -0.016 -8"><span class='ocrx_word' id='word_1_59' title='bbox 46 491 160 527; x_wconf 79' lang='grc' dir='ltr'>Πνεῦμα)</span> <span class='ocrx_word' id='word_1_60' title='bbox 177 491 212 517; x_wconf 79' lang='grc' dir='ltr'><strong>τὰ</strong></span> <span class='ocrx_word' id='word_1_61' title='bbox 237 490 330 516; x_wconf 70' lang='grc' dir='ltr'>πάντα</span> <span class='ocrx_word' id='word_1_62' title='bbox 351 489 461 523; x_wconf 85' lang='grc' dir='ltr'><strong>πληροῖ,</strong></span> <span class='ocrx_word' id='word_1_63' title='bbox 476 487 535 517; x_wconf 83' lang='grc' dir='ltr'><strong>πῶς</strong></span> <span class='ocrx_word' id='word_1_64' title='bbox 552 485 584 512; x_wconf 83' lang='grc' dir='ltr'>ἂν</span> <span class='ocrx_word' id='word_1_65' title='bbox 610 484 691 514; x_wconf 83' lang='grc' dir='ltr'>αὐτὸς</span> <span class='ocrx_word' id='word_1_66' title='bbox 709 483 774 509; x_wconf 85' lang='grc' dir='ltr'>εἴσω</span> <span class='ocrx_word' id='word_1_67' title='bbox 787 481 835 515; x_wconf 90' lang='grc' dir='ltr'>γέ-</span> 
     </span>
    </p>
   </div>
   <div class='ocr_carea' id='block_1_10' title="bbox 47 527 836 573">
    <p class='ocr_par' dir='ltr' id='par_1_10' title="bbox 47 527 836 573">
     <span class='ocr_line' id='line_1_10' title="bbox 47 527 836 573; baseline -0.018 -7"><span class='ocrx_word' id='word_1_68' title='bbox 47 547 110 567; x_wconf 87' lang='grc' dir='ltr'>νοιτο</span> <span class='ocrx_word' id='word_1_69' title='bbox 129 537 275 573; x_wconf 76' lang='grc' dir='ltr'><strong>περιοχῆς,</strong></span> <span class='ocrx_word' id='word_1_70' title='bbox 288 535 340 562; x_wconf 74' lang='grc' dir='ltr'>κᾶν</span> <span class='ocrx_word' id='word_1_71' title='bbox 357 534 433 569; x_wconf 81' lang='grc' dir='ltr'>λέγῃ,</span> <span class='ocrx_word' id='word_1_72' title='bbox 449 534 491 560; x_wconf 78' lang='grc' dir='ltr'>ὅτι</span> <span class='ocrx_word' id='word_1_73' title='bbox 506 531 637 566; x_wconf 78' lang='grc' dir='ltr'><strong>περιοχῆς</strong></span> <span class='ocrx_word' id='word_1_74' title='bbox 647 530 693 555; x_wconf 78' lang='grc' dir='ltr'><strong>τοῦ</strong></span> <span class='ocrx_word' id='word_1_75' title='bbox 707 527 775 554; x_wconf 82' lang='grc' dir='ltr'>Θεοῦ</span> <span class='ocrx_word' id='word_1_76' title='bbox 789 527 836 553; x_wconf 81' lang='grc' dir='ltr'>καὶ</span> 
     </span>
    </p>
   </div>
   <div class='ocr_carea' id='block_1_11' title="bbox 49 573 837 620">
    <p class='ocr_par' dir='ltr' id='par_1_11' title="bbox 49 573 837 620">
     <span class='ocr_line' id='line_1_11' title="bbox 49 573 837 620; baseline -0.016 -8"><span class='ocrx_word' id='word_1_77' title='bbox 49 585 163 620; x_wconf 80' lang='grc' dir='ltr'>Πατρός;</span> <span class='ocrx_word' id='word_1_78' title='bbox 186 583 260 609; x_wconf 75' lang='grc' dir='ltr'>Ἀλλ’</span> <span class='ocrx_word' id='word_1_79' title='bbox 280 583 356 609; x_wconf 74' lang='grc' dir='ltr'>οὐδὲν</span> <span class='ocrx_word' id='word_1_80' title='bbox 387 578 467 616; x_wconf 85' lang='grc' dir='ltr'>ἦττον</span> <span class='ocrx_word' id='word_1_81' title='bbox 495 578 584 614; x_wconf 78' lang='grc' dir='ltr'>ὑϐριεῖ</span> <span class='ocrx_word' id='word_1_82' title='bbox 612 574 783 612; x_wconf 70' lang='grc' dir='ltr'><strong>περιγράψας</strong></span> <span class='ocrx_word' id='word_1_83' title='bbox 806 573 837 599; x_wconf 78' lang='grc' dir='ltr'>τὸ</span> 
     </span>
    </p>
   </div>
   <div class='ocr_carea' id='block_1_12' title="bbox 49 621 838 666">
    <p class='ocr_par' dir='ltr' id='par_1_12' title="bbox 49 621 838 666">
     <span class='ocr_line' id='line_1_12' title="bbox 49 621 838 666; baseline -0.018 -8"><span class='ocrx_word' id='word_1_84' title='bbox 49 631 195 666; x_wconf 75' lang='grc' dir='ltr'>ἀσώματον,</span> <span class='ocrx_word' id='word_1_85' title='bbox 210 629 261 655; x_wconf 78' lang='grc' dir='ltr'>καὶ</span> <span class='ocrx_word' id='word_1_86' title='bbox 281 630 373 663; x_wconf 79' lang='grc' dir='ltr'>μέτρῳ</span> <span class='ocrx_word' id='word_1_87' title='bbox 399 625 550 661; x_wconf 66' lang='grc' dir='ltr'>περιτιθεὶς</span> <span class='ocrx_word' id='word_1_88' title='bbox 567 623 596 649; x_wconf 77' lang='grc' dir='ltr'>τὸ</span> <span class='ocrx_word' id='word_1_89' title='bbox 613 623 662 648; x_wconf 83' lang='grc' dir='ltr'>οὐκ</span> <span class='ocrx_word' id='word_1_90' title='bbox 678 621 706 647; x_wconf 81' lang='grc' dir='ltr'>ὃν</span> <span class='ocrx_word' id='word_1_91' title='bbox 722 627 838 655; x_wconf 87' lang='grc' dir='ltr'>πεπερα-</span> 
     </span>
    </p>
   </div>
   <div class='ocr_carea' id='block_1_13' title="bbox 51 665 836 712">
    <p class='ocr_par' dir='ltr' id='par_1_13' title="bbox 51 665 836 712">
     <span class='ocr_line' id='line_1_13' title="bbox 51 665 836 712; baseline -0.018 -9"><span class='ocrx_word' id='word_1_92' title='bbox 51 665 158 712; x_wconf 78' lang='grc' dir='ltr'>σμένως.</span> <span class='ocrx_word' id='word_1_93' title='bbox 171 675 208 701; x_wconf 81' lang='grc' dir='ltr'><strong>Τὸ</strong></span> <span class='ocrx_word' id='word_1_94' title='bbox 235 673 292 708; x_wconf 84' lang='grc' dir='ltr'>γὰρ</span> <span class='ocrx_word' id='word_1_95' title='bbox 308 671 444 702; x_wconf 60' lang='lat' dir='ltr'><strong>acamas;</strong></span> <span class='ocrx_word' id='word_1_96' title='bbox 457 669 538 696; x_wconf 76' lang='grc' dir='ltr'>αὐτὸν</span> <span class='ocrx_word' id='word_1_97' title='bbox 554 666 729 702; x_wconf 74' lang='grc' dir='ltr'>περιέχεσθαι</span> <span class='ocrx_word' id='word_1_98' title='bbox 747 665 836 698; x_wconf 76' lang='grc' dir='ltr'>λέγειν</span> 
     </span>
    </p>
   </div>
   <div class='ocr_carea' id='block_1_14' title="bbox 51 710 836 754">
    <p class='ocr_par' dir='ltr' id='par_1_14' title="bbox 51 710 836 754">
     <span class='ocr_line' id='line_1_14' title="bbox 51 710 836 754; baseline -0.018 -5"><span class='ocrx_word' id='word_1_99' title='bbox 51 722 96 749; x_wconf 82' lang='grc' dir='ltr'>ὑπὸ</span> <span class='ocrx_word' id='word_1_100' title='bbox 114 720 159 747; x_wconf 85' lang='grc' dir='ltr'>τοῦ</span> <span class='ocrx_word' id='word_1_101' title='bbox 175 719 244 746; x_wconf 74' lang='grc' dir='ltr'><strong>Θεοῦ</strong></span> <span class='ocrx_word' id='word_1_102' title='bbox 263 719 311 746; x_wconf 77' lang='grc' dir='ltr'>καὶ</span> <span class='ocrx_word' id='word_1_103' title='bbox 329 717 445 754; x_wconf 79' lang='grc' dir='ltr'>Πατρὸς,</span> <span class='ocrx_word' id='word_1_104' title='bbox 460 716 486 742; x_wconf 81' lang='grc' dir='ltr'><strong>τι</strong></span> <span class='ocrx_word' id='word_1_105' title='bbox 510 713 603 749; x_wconf 71' lang='grc' dir='ltr'>ἕτερόν</span> <span class='ocrx_word' id='word_1_106' title='bbox 618 713 674 739; x_wconf 71' lang='grc' dir='ltr'>ἐστι</span> <span class='ocrx_word' id='word_1_107' title='bbox 696 710 836 746; x_wconf 80' lang='grc' dir='ltr'>δηλοῦν,ἢ</span> 
     </span>
    </p>
   </div>
   <div class='ocr_carea' id='block_1_15' title="bbox 51 755 838 802">
    <p class='ocr_par' dir='ltr' id='par_1_15' title="bbox 51 755 838 802">
     <span class='ocr_line' id='line_1_15' title="bbox 51 755 838 802; baseline -0.017 -7"><span class='ocrx_word' id='word_1_108' title='bbox 51 770 87 796; x_wconf 76' lang='grc' dir='ltr'>ὅτι</span> <span class='ocrx_word' id='word_1_109' title='bbox 107 765 322 802; x_wconf 79' lang='grc' dir='ltr'><strong>πεπερασμένην</strong></span> <span class='ocrx_word' id='word_1_110' title='bbox 340 764 395 800; x_wconf 72' lang='grc' dir='ltr'>ἔχει</span> <span class='ocrx_word' id='word_1_111' title='bbox 417 763 466 798; x_wconf 86' lang='grc' dir='ltr'>τὴν</span> <span class='ocrx_word' id='word_1_112' title='bbox 480 761 587 792; x_wconf 81' lang='grc' dir='ltr'>οὐσίαν,</span> <span class='ocrx_word' id='word_1_113' title='bbox 600 759 694 794; x_wconf 84' lang='grc' dir='ltr'>ὥσπερ</span> <span class='ocrx_word' id='word_1_114' title='bbox 708 755 754 784; x_wconf 76' lang='grc' dir='ltr'><strong>οὖν</strong></span> <span class='ocrx_word' id='word_1_115' title='bbox 769 756 838 791; x_wconf 80' lang='grc' dir='ltr'>ἀμέ-</span> 
     </span>
    </p>
   </div>
   <div class='ocr_carea' id='block_1_16' title="bbox 52 802 840 845">
    <p class='ocr_par' dir='ltr' id='par_1_16' title="bbox 52 802 840 845">
     <span class='ocr_line' id='line_1_16' title="bbox 52 802 840 845; baseline -0.016 -4"><span class='ocrx_word' id='word_1_116' title='bbox 52 816 87 842; x_wconf 82' lang='grc' dir='ltr'><strong>λει</strong></span> <span class='ocrx_word' id='word_1_117' title='bbox 100 814 144 841; x_wconf 74' lang='grc' dir='ltr'>καὶ</span> <span class='ocrx_word' id='word_1_118' title='bbox 158 813 186 839; x_wconf 84' lang='grc' dir='ltr'>ἓν</span> <span class='ocrx_word' id='word_1_119' title='bbox 202 813 323 839; x_wconf 73' lang='grc' dir='ltr'>ἕκαστον</span> <span class='ocrx_word' id='word_1_120' title='bbox 336 811 388 837; x_wconf 82' lang='grc' dir='ltr'>τῶν</span> <span class='ocrx_word' id='word_1_121' title='bbox 404 811 468 845; x_wconf 82' lang='grc' dir='ltr'>παρ’</span> <span class='ocrx_word' id='word_1_122' title='bbox 487 807 569 835; x_wconf 76' lang='grc' dir='ltr'>αὑτοῦ</span> <span class='ocrx_word' id='word_1_123' title='bbox 586 806 744 842; x_wconf 82' lang='grc' dir='ltr'><strong>γεγονότων,</strong></span> <span class='ocrx_word' id='word_1_124' title='bbox 759 802 776 829; x_wconf 76' lang='grc' dir='ltr'>ἃ</span> <span class='ocrx_word' id='word_1_125' title='bbox 793 802 840 829; x_wconf 75' lang='grc' dir='ltr'>καὶ</span> 
     </span>
    </p>
   </div>
   <div class='ocr_carea' id='block_1_17' title="bbox 54 848 840 893">
    <p class='ocr_par' dir='ltr' id='par_1_17' title="bbox 54 848 840 893">
     <span class='ocr_line' id='line_1_17' title="bbox 54 848 840 893; baseline -0.017 -5"><span class='ocrx_word' id='word_1_126' title='bbox 54 861 192 890; x_wconf 79' lang='grc' dir='ltr'><strong>ἀκινδύνως</strong></span> <span class='ocrx_word' id='word_1_127' title='bbox 211 868 242 886; x_wconf 69' lang='grc' dir='ltr'><strong>τε</strong></span> <span class='ocrx_word' id='word_1_128' title='bbox 258 860 306 886; x_wconf 72' lang='grc' dir='ltr'>καὶ</span> <span class='ocrx_word' id='word_1_129' title='bbox 322 857 430 893; x_wconf 80' lang='grc' dir='ltr'>ἀληθῶς</span> <span class='ocrx_word' id='word_1_130' title='bbox 445 855 621 891; x_wconf 84' lang='grc' dir='ltr'>περιέχεσθαι</span> <span class='ocrx_word' id='word_1_131' title='bbox 635 852 766 886; x_wconf 82' lang='grc' dir='ltr'>δώσομεν.</span> <span class='ocrx_word' id='word_1_132' title='bbox 783 848 840 876; x_wconf 81' lang='grc' dir='ltr'><strong>Σώ-</strong></span> 
     </span>
    </p>
   </div>
   <div class='ocr_carea' id='block_1_18' title="bbox 57 894 839 943">
    <p class='ocr_par' dir='ltr' id='par_1_18' title="bbox 57 894 839 943">
     <span class='ocr_line' id='line_1_18' title="bbox 57 894 839 943; baseline -0.018 -9"><span class='ocrx_word' id='word_1_133' title='bbox 57 915 119 943; x_wconf 80' lang='grc' dir='ltr'>ματα</span> <span class='ocrx_word' id='word_1_134' title='bbox 132 905 196 940; x_wconf 80' lang='grc' dir='ltr'>γὰρ,</span> <span class='ocrx_word' id='word_1_135' title='bbox 213 906 238 931; x_wconf 80' lang='grc' dir='ltr'>εἰ</span> <span class='ocrx_word' id='word_1_136' title='bbox 264 904 310 930; x_wconf 49' lang='grc' dir='ltr'><strong>καΧ</strong></span> <span class='ocrx_word' id='word_1_137' title='bbox 329 904 365 938; x_wconf 79' lang='grc' dir='ltr'><strong>μὴ</strong></span> <span class='ocrx_word' id='word_1_138' title='bbox 380 901 494 928; x_wconf 82' lang='grc' dir='ltr'>τοιαῦτα</span> <span class='ocrx_word' id='word_1_139' title='bbox 509 899 600 935; x_wconf 83' lang='grc' dir='ltr'>τυχὸν,</span> <span class='ocrx_word' id='word_1_140' title='bbox 615 899 695 926; x_wconf 82' lang='grc' dir='ltr'>ὁποῖα</span> <span class='ocrx_word' id='word_1_141' title='bbox 716 896 750 922; x_wconf 75' lang='grc' dir='ltr'><strong>τὰ</strong></span> <span class='ocrx_word' id='word_1_142' title='bbox 770 894 839 930; x_wconf 75' lang='grc' dir='ltr'>ἠμέ-</span> 
     </span>
    </p>
   </div>
   <div class='ocr_carea' id='block_1_19' title="bbox 55 942 839 990">
    <p class='ocr_par' dir='ltr' id='par_1_19' title="bbox 55 942 839 990">
     <span class='ocr_line' id='line_1_19' title="bbox 55 942 839 990; baseline -0.019 -9"><span class='ocrx_word' id='word_1_143' title='bbox 55 962 122 990; x_wconf 74' lang='grc' dir='ltr'>τερα.</span> <span class='ocrx_word' id='word_1_144' title='bbox 138 953 248 979; x_wconf 82' lang='grc' dir='ltr'>Ἔπεισι</span> <span class='ocrx_word' id='word_1_145' title='bbox 264 951 294 977; x_wconf 87' lang='grc' dir='ltr'><strong>δέ</strong></span> <span class='ocrx_word' id='word_1_146' title='bbox 321 959 365 985; x_wconf 90' lang='grc' dir='ltr'><strong>μοι</strong></span> <span class='ocrx_word' id='word_1_147' title='bbox 378 950 489 975; x_wconf 79' lang='grc' dir='ltr'>κάκεῖνο</span> <span class='ocrx_word' id='word_1_148' title='bbox 515 947 584 983; x_wconf 71' lang='grc' dir='ltr'>πρὸς</span> <span class='ocrx_word' id='word_1_149' title='bbox 606 945 711 975; x_wconf 78' lang='grc' dir='ltr'><strong>τούτοις</strong></span> <span class='ocrx_word' id='word_1_150' title='bbox 728 942 839 970; x_wconf 78' lang='grc' dir='ltr'>ἐννοεῖν.</span> 
     </span>
    </p>
   </div>
   <div class='ocr_carea' id='block_1_20' title="bbox 55 991 844 1034">
    <p class='ocr_par' dir='ltr' id='par_1_20' title="bbox 55 991 844 1034">
     <span class='ocr_line' id='line_1_20' title="bbox 55 991 844 1034; baseline -0.016 -8"><span class='ocrx_word' id='word_1_151' title='bbox 55 1000 83 1026; x_wconf 82' lang='lat' dir='ltr'><strong>Et</strong></span> <span class='ocrx_word' id='word_1_152' title='bbox 104 999 154 1034; x_wconf 85' lang='grc' dir='ltr'><strong>γὰρ</strong></span> <span class='ocrx_word' id='word_1_153' title='bbox 178 997 330 1031; x_wconf 83' lang='grc' dir='ltr'>ἀναγκαῖον</span> <span class='ocrx_word' id='word_1_154' title='bbox 349 993 417 1021; x_wconf 84' lang='grc' dir='ltr'>εἶναί</span> <span class='ocrx_word' id='word_1_155' title='bbox 441 1002 530 1029; x_wconf 80' lang='grc' dir='ltr'>φαμεν</span> <span class='ocrx_word' id='word_1_156' title='bbox 553 993 583 1018; x_wconf 79' lang='grc' dir='ltr'><strong>τὸ</strong></span> <span class='ocrx_word' id='word_1_157' title='bbox 609 991 662 1018; x_wconf 79' lang='grc' dir='ltr'>ὑπό</span> <span class='ocrx_word' id='word_1_158' title='bbox 677 998 723 1016; x_wconf 83' lang='grc' dir='ltr'><strong>του</strong></span> <span class='ocrx_word' id='word_1_159' title='bbox 744 996 844 1023; x_wconf 86' lang='grc' dir='ltr'>περιει-</span> 
     </span>
    </p>
   </div>
   <div class='ocr_carea' id='block_1_21' title="bbox 57 1034 843 1081">
    <p class='ocr_par' dir='ltr' id='par_1_21' title="bbox 57 1034 843 1081">
     <span class='ocr_line' id='line_1_21' title="bbox 57 1034 843 1081; baseline -0.017 -9"><span class='ocrx_word' id='word_1_160' title='bbox 57 1045 197 1081; x_wconf 78' lang='grc' dir='ltr'>λημμένον,</span> <span class='ocrx_word' id='word_1_161' title='bbox 212 1043 282 1069; x_wconf 80' lang='grc' dir='ltr'>εἵσω</span> <span class='ocrx_word' id='word_1_162' title='bbox 310 1041 342 1077; x_wconf 85' lang='grc' dir='ltr'>δὴ</span> <span class='ocrx_word' id='word_1_163' title='bbox 372 1040 480 1068; x_wconf 85' lang='grc' dir='ltr'>κεῖσθαι</span> <span class='ocrx_word' id='word_1_164' title='bbox 506 1039 614 1069; x_wconf 81' lang='grc' dir='ltr'>πάντως</span> <span class='ocrx_word' id='word_1_165' title='bbox 637 1036 683 1063; x_wconf 80' lang='grc' dir='ltr'>τοῦ</span> <span class='ocrx_word' id='word_1_166' title='bbox 706 1034 843 1070; x_wconf 81' lang='grc' dir='ltr'>περιέχειν</span> 
     </span>
    </p>
   </div>
   <div class='ocr_carea' id='block_1_22' title="bbox 58 1078 844 1123">
    <p class='ocr_par' dir='ltr' id='par_1_22' title="bbox 58 1078 844 1123">
     <span class='ocr_line' id='line_1_22' title="bbox 58 1078 844 1123; baseline -0.017 -7"><span class='ocrx_word' id='word_1_167' title='bbox 125 1087 286 1123; x_wconf 81' lang='grc' dir='ltr'><strong>λεγομένου,</strong></span> <span class='ocrx_word' id='word_1_168' title='bbox 299 1085 359 1118; x_wconf 85' lang='grc' dir='ltr'>πῶς</span> <span class='ocrx_word' id='word_1_169' title='bbox 373 1086 423 1112; x_wconf 84' lang='grc' dir='ltr'>οὐκ</span> <span class='ocrx_word' id='word_1_170' title='bbox 444 1083 640 1119; x_wconf 77' lang='grc' dir='ltr'><strong>ἀναμφιλόγως</strong></span> <span class='ocrx_word' id='word_1_171' title='bbox 662 1080 757 1114; x_wconf 70' lang='grc' dir='ltr'>ἕψεται</span> <span class='ocrx_word' id='word_1_172' title='bbox 772 1079 802 1105; x_wconf 80' lang='grc' dir='ltr'>τὸ</span> <span class='ocrx_word' id='word_1_173' title='bbox 815 1078 844 1104; x_wconf 83' lang='grc' dir='ltr'>ὲν</span> 
     </span>
    </p>
   </div>
   <div class='ocr_carea' id='block_1_23' title="bbox 59 1127 842 1166">
    <p class='ocr_par' dir='ltr' id='par_1_23' title="bbox 59 1127 842 1166">
     <span class='ocr_line' id='line_1_23' title="bbox 59 1127 842 1166; baseline -0.018 -3"><span class='ocrx_word' id='word_1_174' title='bbox 59 1136 184 1163; x_wconf 66' lang='grc' dir='ltr'>ἐλάττοσιν</span> <span class='ocrx_word' id='word_1_175' title='bbox 195 1132 267 1161; x_wconf 71' lang='grc' dir='ltr'>εἶναι</span> <span class='ocrx_word' id='word_1_176' title='bbox 277 1133 348 1160; x_wconf 86' lang='grc' dir='ltr'>νοεῖν</span> <span class='ocrx_word' id='word_1_177' title='bbox 358 1131 405 1158; x_wconf 81' lang='grc' dir='ltr'><strong>τοῦ</strong></span> <span class='ocrx_word' id='word_1_178' title='bbox 417 1130 589 1166; x_wconf 79' lang='grc' dir='ltr'>περιέχοντος</span> <span class='ocrx_word' id='word_1_179' title='bbox 599 1129 629 1155; x_wconf 72' lang='grc' dir='ltr'>τὸ</span> <span class='ocrx_word' id='word_1_180' title='bbox 641 1127 842 1162; x_wconf 79' lang='grc' dir='ltr'>περιεχόμενον,</span> 
     </span>
    </p>
   </div>
   <div class='ocr_carea' id='block_1_24' title="bbox 60 1170 845 1216">
    <p class='ocr_par' dir='ltr' id='par_1_24' title="bbox 60 1170 845 1216">
     <span class='ocr_line' id='line_1_24' title="bbox 60 1170 845 1216; baseline -0.018 -7"><span class='ocrx_word' id='word_1_181' title='bbox 60 1182 99 1208; x_wconf 76' lang='grc' dir='ltr'>καὶ</span> <span class='ocrx_word' id='word_1_182' title='bbox 111 1180 324 1216; x_wconf 81' lang='grc' dir='ltr'>πεπερατῶσθαι</span> <span class='ocrx_word' id='word_1_183' title='bbox 340 1179 429 1212; x_wconf 83' lang='grc' dir='ltr'>λέγειν</span> <span class='ocrx_word' id='word_1_184' title='bbox 447 1177 523 1208; x_wconf 78' lang='grc' dir='ltr'>αὐτὸ,</span> <span class='ocrx_word' id='word_1_185' title='bbox 541 1173 771 1208; x_wconf 77' lang='grc' dir='ltr'>κατακλειόμενον</span> <span class='ocrx_word' id='word_1_186' title='bbox 791 1170 845 1197; x_wconf 82' lang='grc' dir='ltr'><strong>ὥσ-</strong></span> 
     </span>
    </p>
   </div>
   <div class='ocr_carea' id='block_1_25' title="bbox 61 1217 844 1264">
    <p class='ocr_par' dir='ltr' id='par_1_25' title="bbox 61 1217 844 1264">
     <span class='ocr_line' id='line_1_25' title="bbox 61 1217 844 1264; baseline -0.017 -9"><span class='ocrx_word' id='word_1_187' title='bbox 61 1236 106 1264; x_wconf 80' lang='grc' dir='ltr'><strong>περ</strong></span> <span class='ocrx_word' id='word_1_188' title='bbox 118 1229 148 1263; x_wconf 80' lang='grc' dir='ltr'>τῇ</span> <span class='ocrx_word' id='word_1_189' title='bbox 162 1227 208 1253; x_wconf 83' lang='grc' dir='ltr'><strong>τοῦ</strong></span> <span class='ocrx_word' id='word_1_190' title='bbox 235 1226 362 1261; x_wconf 81' lang='grc' dir='ltr'><strong>μείζονος</strong></span> <span class='ocrx_word' id='word_1_191' title='bbox 392 1225 523 1260; x_wconf 82' lang='grc' dir='ltr'>περιοχῇ;</span> <span class='ocrx_word' id='word_1_192' title='bbox 539 1222 572 1248; x_wconf 86' lang='grc' dir='ltr'>Τί</span> <span class='ocrx_word' id='word_1_193' title='bbox 596 1220 653 1249; x_wconf 74' lang='grc' dir='ltr'>οὖν,</span> <span class='ocrx_word' id='word_1_194' title='bbox 668 1217 689 1245; x_wconf 82' lang='grc' dir='ltr'><strong>ὧ</strong></span> <span class='ocrx_word' id='word_1_195' title='bbox 713 1218 844 1253; x_wconf 71' lang='grc' dir='ltr'>βέλτιστε,</span> 
     </span>
    </p>
   </div>
   <div class='ocr_carea' id='block_1_26' title="bbox 61 1263 846 1309">
    <p class='ocr_par' dir='ltr' id='par_1_26' title="bbox 61 1263 846 1309">
     <span class='ocr_line' id='line_1_26' title="bbox 61 1263 846 1309; baseline -0.017 -8"><span class='ocrx_word' id='word_1_196' title='bbox 61 1275 131 1301; x_wconf 66' lang='grc' dir='ltr'>πάλιν</span> <span class='ocrx_word' id='word_1_197' title='bbox 149 1275 239 1309; x_wconf 80' lang='grc' dir='ltr'>ὲρεῖς;</span> <span class='ocrx_word' id='word_1_198' title='bbox 269 1273 336 1299; x_wconf 76' lang='grc' dir='ltr'>Ἰδοὺ</span> <span class='ocrx_word' id='word_1_199' title='bbox 352 1271 406 1307; x_wconf 85' lang='grc' dir='ltr'><strong>γὰρ</strong></span> <span class='ocrx_word' id='word_1_200' title='bbox 421 1270 512 1297; x_wconf 85' lang='grc' dir='ltr'>εἰκόνα</span> <span class='ocrx_word' id='word_1_201' title='bbox 529 1269 576 1295; x_wconf 82' lang='grc' dir='ltr'>τοῦ</span> <span class='ocrx_word' id='word_1_202' title='bbox 592 1267 660 1294; x_wconf 71' lang='grc' dir='ltr'>Θεοῦ</span> <span class='ocrx_word' id='word_1_203' title='bbox 676 1266 723 1292; x_wconf 75' lang='grc' dir='ltr'><strong>καὶ</strong></span> <span class='ocrx_word' id='word_1_204' title='bbox 741 1263 846 1298; x_wconf 73' lang='grc' dir='ltr'>Πατρὸς</span> 
     </span>
    </p>
   </div>
   <div class='ocr_carea' id='block_1_27' title="bbox 62 1312 847 1354">
    <p class='ocr_par' dir='ltr' id='par_1_27' title="bbox 62 1312 847 1354">
     <span class='ocr_line' id='line_1_27' title="bbox 62 1312 847 1354; baseline -0.017 -6"><span class='ocrx_word' id='word_1_205' title='bbox 62 1320 145 1348; x_wconf 74' lang='grc' dir='ltr'>ἑαυτὸν</span> <span class='ocrx_word' id='word_1_206' title='bbox 161 1319 309 1354; x_wconf 78' lang='grc' dir='ltr'>παραθεὶς,</span> <span class='ocrx_word' id='word_1_207' title='bbox 327 1319 375 1345; x_wconf 83' lang='grc' dir='ltr'>καὶ</span> <span class='ocrx_word' id='word_1_208' title='bbox 398 1316 546 1354; x_wconf 77' lang='grc' dir='ltr'>διαρρήδην</span> <span class='ocrx_word' id='word_1_209' title='bbox 559 1314 645 1341; x_wconf 72' lang='grc' dir='ltr'>εἰπών</span> <span class='ocrx_word' id='word_1_210' title='bbox 659 1321 666 1328; x_wconf 83' lang='grc'>⁶</span> <span class='ocrx_word' id='word_1_211' title='bbox 685 1322 694 1338; x_wconf 78' lang='grc'><strong>1</strong></span> <span class='ocrx_word' id='word_1_212' title='bbox 717 1312 746 1338; x_wconf 92' lang='lat'><strong>&#39;0</strong></span> <span class='ocrx_word' id='word_1_213' title='bbox 761 1312 847 1344; x_wconf 76' lang='grc' dir='ltr'>ἑωρα-</span> 
     </span>
    </p>
   </div>
   <div class='ocr_carea' id='block_1_28' title="bbox 63 1359 846 1402">
    <p class='ocr_par' dir='ltr' id='par_1_28' title="bbox 63 1359 846 1402">
     <span class='ocr_line' id='line_1_28' title="bbox 63 1359 846 1402; baseline -0.017 -8"><span class='ocrx_word' id='word_1_214' title='bbox 63 1367 110 1398; x_wconf 70' lang='grc' dir='ltr'>κὼς</span> <span class='ocrx_word' id='word_1_215' title='bbox 122 1367 179 1402; x_wconf 77' lang='grc' dir='ltr'><strong>ἐμὲ,</strong></span> <span class='ocrx_word' id='word_1_216' title='bbox 195 1365 304 1400; x_wconf 74' lang='grc' dir='ltr'>ἑώρακε</span> <span class='ocrx_word' id='word_1_217' title='bbox 318 1365 363 1391; x_wconf 79' lang='grc' dir='ltr'>τὸν</span> <span class='ocrx_word' id='word_1_218' title='bbox 380 1363 501 1398; x_wconf 77' lang='grc' dir='ltr'><strong>Πατέρα,</strong></span> <span class='ocrx_word' id='word_1_219' title='bbox 513 1373 521 1388; x_wconf 86' lang='grc'><strong>1</strong></span> <span class='ocrx_word' id='word_1_220' title='bbox 538 1361 585 1388; x_wconf 66' lang='grc' dir='ltr'><strong>καλ⁸</strong></span> <span class='ocrx_word' id='word_1_221' title='bbox 602 1359 682 1386; x_wconf 86' lang='grc' dir='ltr'>πάλιν</span> <span class='ocrx_word' id='word_1_222' title='bbox 696 1359 846 1392; x_wconf 75' lang='grc' dir='ltr'>ἐπήνεγκεν</span> 
     </span>
    </p>
   </div>
   <div class='ocr_carea' id='block_1_29' title="bbox 64 1401 848 1445">
    <p class='ocr_par' dir='ltr' id='par_1_29' title="bbox 64 1401 848 1445">
     <span class='ocr_line' id='line_1_29' title="bbox 64 1401 848 1445; baseline -0.014 -6"><span class='ocrx_word' id='word_1_223' title='bbox 64 1411 146 1444; x_wconf 75' lang='grc' dir='ltr'>εὐθύς·</span> <span class='ocrx_word' id='word_1_224' title='bbox 162 1421 170 1437; x_wconf 80' lang='grc'><strong>1</strong></span> <span class='ocrx_word' id='word_1_225' title='bbox 195 1410 268 1445; x_wconf 83' lang='grc' dir='ltr'><strong>Ἐγὼ</strong></span> <span class='ocrx_word' id='word_1_226' title='bbox 281 1412 310 1437; x_wconf 80' lang='grc' dir='ltr'>ἐν</span> <span class='ocrx_word' id='word_1_227' title='bbox 329 1410 367 1445; x_wconf 83' lang='grc' dir='ltr'>τῷ</span> <span class='ocrx_word' id='word_1_228' title='bbox 381 1409 479 1445; x_wconf 74' lang='grc' dir='ltr'>Πατρὶ,</span> <span class='ocrx_word' id='word_1_229' title='bbox 493 1408 541 1435; x_wconf 72' lang='grc' dir='ltr'>καὶ</span> <span class='ocrx_word' id='word_1_230' title='bbox 557 1408 571 1433; x_wconf 83' lang='grc' dir='ltr'>ὁ</span> <span class='ocrx_word' id='word_1_231' title='bbox 586 1406 681 1441; x_wconf 81' lang='grc' dir='ltr'>Πατὴρ</span> <span class='ocrx_word' id='word_1_232' title='bbox 692 1404 720 1431; x_wconf 82' lang='grc' dir='ltr'>δὲ</span> <span class='ocrx_word' id='word_1_233' title='bbox 735 1405 762 1430; x_wconf 74' lang='grc' dir='ltr'>ἐν</span> <span class='ocrx_word' id='word_1_234' title='bbox 787 1401 848 1438; x_wconf 82' lang='grc' dir='ltr'>ἐμοί</span> 
     </span>
    </p>
   </div>
   <div class='ocr_carea' id='block_1_30' title="bbox 64 1450 848 1493">
    <p class='ocr_par' dir='ltr' id='par_1_30' title="bbox 64 1450 848 1493">
     <span class='ocr_line' id='line_1_30' title="bbox 64 1450 848 1493; baseline -0.015 -7"><span class='ocrx_word' id='word_1_235' title='bbox 64 1460 138 1486; x_wconf 75' lang='grc' dir='ltr'>ἐστιν.</span> <span class='ocrx_word' id='word_1_236' title='bbox 156 1469 164 1485; x_wconf 88' lang='grc'><strong>1</strong></span> <span class='ocrx_word' id='word_1_237' title='bbox 180 1459 211 1485; x_wconf 72' lang='lat' dir='ltr'><strong>Et</strong></span> <span class='ocrx_word' id='word_1_238' title='bbox 233 1458 290 1493; x_wconf 78' lang='grc' dir='ltr'><strong>γὰρ</strong></span> <span class='ocrx_word' id='word_1_239' title='bbox 317 1456 396 1484; x_wconf 81' lang='grc' dir='ltr'>τοῦτό</span> <span class='ocrx_word' id='word_1_240' title='bbox 422 1463 489 1490; x_wconf 82' lang='grc' dir='ltr'>φησι</span> <span class='ocrx_word' id='word_1_241' title='bbox 516 1453 577 1480; x_wconf 76' lang='grc' dir='ltr'>καθ’</span> <span class='ocrx_word' id='word_1_242' title='bbox 594 1452 676 1488; x_wconf 78' lang='grc' dir='ltr'>ὑμᾶς,</span> <span class='ocrx_word' id='word_1_243' title='bbox 694 1451 734 1478; x_wconf 78' lang='grc' dir='ltr'>ὅτι</span> <span class='ocrx_word' id='word_1_244' title='bbox 751 1450 848 1476; x_wconf 79' lang='grc' dir='ltr'>Καίτοι</span> 
     </span>
    </p>
   </div>
   <div class='ocr_carea' id='block_1_31' title="bbox 65 1495 851 1542">
    <p class='ocr_par' dir='ltr' id='par_1_31' title="bbox 65 1495 851 1542">
     <span class='ocr_line' id='line_1_31' title="bbox 65 1495 851 1542; baseline -0.017 -9"><span class='ocrx_word' id='word_1_245' title='bbox 65 1506 195 1542; x_wconf 79' lang='grc' dir='ltr'>χαρακτὴρ</span> <span class='ocrx_word' id='word_1_246' title='bbox 211 1505 261 1531; x_wconf 75' lang='grc' dir='ltr'>καὶ</span> <span class='ocrx_word' id='word_1_247' title='bbox 279 1503 361 1530; x_wconf 86' lang='grc' dir='ltr'>εἰκὼν</span> <span class='ocrx_word' id='word_1_248' title='bbox 376 1502 507 1536; x_wconf 75' lang='grc' dir='ltr'>ὑπάρχων</span> <span class='ocrx_word' id='word_1_249' title='bbox 523 1499 569 1526; x_wconf 74' lang='grc' dir='ltr'>τοῦ</span> <span class='ocrx_word' id='word_1_250' title='bbox 585 1497 789 1533; x_wconf 72' lang='grc' dir='ltr'>γεγεννηκότος,</span> <span class='ocrx_word' id='word_1_251' title='bbox 810 1495 851 1520; x_wconf 81' lang='grc' dir='ltr'><strong>ού-</strong></span> 
     </span>
    </p>
   </div>
   <div class='ocr_carea' id='block_1_32' title="bbox 67 1541 850 1583">
    <p class='ocr_par' dir='ltr' id='par_1_32' title="bbox 67 1541 850 1583">
     <span class='ocr_line' id='line_1_32' title="bbox 67 1541 850 1583; baseline -0.017 -5"><span class='ocrx_word' id='word_1_252' title='bbox 67 1550 159 1582; x_wconf 83' lang='grc' dir='ltr'>σιωδῶς</span> <span class='ocrx_word' id='word_1_253' title='bbox 179 1550 224 1576; x_wconf 76' lang='grc' dir='ltr'><strong>ὑπ’</strong></span> <span class='ocrx_word' id='word_1_254' title='bbox 241 1548 326 1575; x_wconf 76' lang='grc' dir='ltr'>αὑτοῦ</span> <span class='ocrx_word' id='word_1_255' title='bbox 355 1548 530 1583; x_wconf 76' lang='grc' dir='ltr'>περιέχομαι,</span> <span class='ocrx_word' id='word_1_256' title='bbox 550 1544 608 1576; x_wconf 73' lang='grc' dir='ltr'><strong>πῶς</strong></span> <span class='ocrx_word' id='word_1_257' title='bbox 622 1544 671 1578; x_wconf 75' lang='grc' dir='ltr'><strong>οὐχ</strong></span> <span class='ocrx_word' id='word_1_258' title='bbox 684 1543 784 1569; x_wconf 72' lang='grc' dir='ltr'>ἅπασιν</span> <span class='ocrx_word' id='word_1_259' title='bbox 805 1541 850 1567; x_wconf 75' lang='grc' dir='ltr'><strong>ἀν-</strong></span> 
     </span>
    </p>
   </div>
   <div class='ocr_carea' id='block_1_33' title="bbox 67 1587 849 1632">
    <p class='ocr_par' dir='ltr' id='par_1_33' title="bbox 67 1587 849 1632">
     <span class='ocr_line' id='line_1_33' title="bbox 67 1587 849 1632; baseline -0.013 -9"><span class='ocrx_word' id='word_1_260' title='bbox 67 1597 219 1632; x_wconf 72' lang='grc' dir='ltr'>αμφίλογον,</span> <span class='ocrx_word' id='word_1_261' title='bbox 234 1597 277 1622; x_wconf 79' lang='grc' dir='ltr'>ὅτι</span> <span class='ocrx_word' id='word_1_262' title='bbox 298 1594 423 1624; x_wconf 74' lang='grc' dir='ltr'>τοιαύτας</span> <span class='ocrx_word' id='word_1_263' title='bbox 439 1594 513 1628; x_wconf 76' lang='grc' dir='ltr'>ἡμᾶς</span> <span class='ocrx_word' id='word_1_264' title='bbox 527 1591 631 1622; x_wconf 72' lang='grc' dir='ltr'>ἑννοίας</span> <span class='ocrx_word' id='word_1_265' title='bbox 643 1590 714 1625; x_wconf 77' lang='grc' dir='ltr'>ἔχειν</span> <span class='ocrx_word' id='word_1_266' title='bbox 730 1589 792 1624; x_wconf 68' lang='grc' dir='ltr'>περὶ</span> <span class='ocrx_word' id='word_1_267' title='bbox 803 1587 849 1614; x_wconf 76' lang='grc' dir='ltr'>τοῦ</span> 
     </span>
    </p>
   </div>
   <div class='ocr_carea' id='block_1_34' title="bbox 68 1635 850 1677">
    <p class='ocr_par' dir='ltr' id='par_1_34' title="bbox 68 1635 850 1677">
     <span class='ocr_line' id='line_1_34' title="bbox 68 1635 850 1677; baseline -0.012 -8"><span class='ocrx_word' id='word_1_268' title='bbox 68 1643 163 1677; x_wconf 61' lang='lat' dir='ltr'><strong>Harpe;</strong></span> <span class='ocrx_word' id='word_1_269' title='bbox 179 1641 324 1677; x_wconf 85' lang='grc' dir='ltr'>βούλεται,</span> <span class='ocrx_word' id='word_1_270' title='bbox 342 1640 492 1674; x_wconf 77' lang='grc' dir='ltr'>ὁποίανπερ</span> <span class='ocrx_word' id='word_1_271' title='bbox 516 1639 550 1665; x_wconf 83' lang='grc' dir='ltr'>ἂν</span> <span class='ocrx_word' id='word_1_272' title='bbox 580 1637 709 1671; x_wconf 71' lang='grc' dir='ltr'>λάϐοιμεν</span> <span class='ocrx_word' id='word_1_273' title='bbox 739 1636 784 1662; x_wconf 69' lang='grc' dir='ltr'>καὶ</span> <span class='ocrx_word' id='word_1_274' title='bbox 808 1635 850 1660; x_wconf 79' lang='grc' dir='ltr'><strong>ἐπ’</strong></span> 
     </span>
    </p>
   </div>
   <div class='ocr_carea' id='block_1_35' title="bbox 69 1682 853 1725">
    <p class='ocr_par' dir='ltr' id='par_1_35' title="bbox 69 1682 853 1725">
     <span class='ocr_line' id='line_1_35' title="bbox 69 1682 853 1725; baseline -0.013 -9"><span class='ocrx_word' id='word_1_275' title='bbox 69 1689 133 1725; x_wconf 77' lang='grc' dir='ltr'><strong>αὐτῷ</strong></span> <span class='ocrx_word' id='word_1_276' title='bbox 145 1699 152 1722; x_wconf 84' lang='grc'>;</span> <span class='ocrx_word' id='word_1_277' title='bbox 168 1688 385 1724; x_wconf 80' lang='grc' dir='ltr'>Πεπερατῶσοαι</span> <span class='ocrx_word' id='word_1_278' title='bbox 398 1685 542 1721; x_wconf 79' lang='grc' dir='ltr'>τοιγαροῦν</span> <span class='ocrx_word' id='word_1_279' title='bbox 555 1685 662 1718; x_wconf 78' lang='grc' dir='ltr'>ἀνάγκη</span> <span class='ocrx_word' id='word_1_280' title='bbox 679 1683 726 1709; x_wconf 63' lang='grc' dir='ltr'><strong>καὶ</strong></span> <span class='ocrx_word' id='word_1_281' title='bbox 740 1682 784 1707; x_wconf 69' lang='grc' dir='ltr'>τὸν</span> <span class='ocrx_word' id='word_1_282' title='bbox 798 1682 853 1707; x_wconf 77' lang='grc' dir='ltr'>Πα-</span> 
     </span>
    </p>
   </div>
   <div class='ocr_carea' id='block_1_36' title="bbox 70 1728 853 1771">
    <p class='ocr_par' dir='ltr' id='par_1_36' title="bbox 70 1728 853 1771">
     <span class='ocr_line' id='line_1_36' title="bbox 70 1728 853 1771; baseline -0.014 -8"><span class='ocrx_word' id='word_1_283' title='bbox 70 1735 128 1771; x_wconf 84' lang='grc' dir='ltr'>τέρα</span> <span class='ocrx_word' id='word_1_284' title='bbox 139 1747 143 1751; x_wconf 67' lang='grc' dir='ltr'><strong>ι</strong></span> <span class='ocrx_word' id='word_1_285' title='bbox 156 1735 212 1762; x_wconf 81' lang='grc' dir='ltr'>ἐστι</span> <span class='ocrx_word' id='word_1_286' title='bbox 231 1735 289 1770; x_wconf 78' lang='grc' dir='ltr'><strong>γὰρ</strong></span> <span class='ocrx_word' id='word_1_287' title='bbox 304 1735 334 1760; x_wconf 82' lang='grc' dir='ltr'>ὲν</span> <span class='ocrx_word' id='word_1_288' title='bbox 351 1733 418 1768; x_wconf 80' lang='grc' dir='ltr'><strong>Υἱῴ.</strong></span> <span class='ocrx_word' id='word_1_289' title='bbox 433 1732 488 1759; x_wconf 73' lang='grc' dir='ltr'>Καὶ</span> <span class='ocrx_word' id='word_1_290' title='bbox 503 1731 618 1766; x_wconf 78' lang='grc' dir='ltr'>ζητείτω</span> <span class='ocrx_word' id='word_1_291' title='bbox 645 1729 736 1755; x_wconf 68' lang='grc' dir='ltr'>λοιπὸν</span> <span class='ocrx_word' id='word_1_292' title='bbox 752 1729 765 1754; x_wconf 80' lang='grc' dir='ltr'>ὁ</span> <span class='ocrx_word' id='word_1_293' title='bbox 780 1728 853 1761; x_wconf 77' lang='grc' dir='ltr'>αἱρε-</span> 
     </span>
    </p>
   </div>
   <div class='ocr_carea' id='block_1_37' title="bbox 70 1774 854 1816">
    <p class='ocr_par' dir='ltr' id='par_1_37' title="bbox 70 1774 854 1816">
     <span class='ocr_line' id='line_1_37' title="bbox 70 1774 854 1816; baseline -0.013 -8"><span class='ocrx_word' id='word_1_294' title='bbox 70 1782 145 1814; x_wconf 74' lang='grc' dir='ltr'>τικὺς,</span> <span class='ocrx_word' id='word_1_295' title='bbox 156 1781 218 1813; x_wconf 81' lang='grc' dir='ltr'><strong>τίςὸ</strong></span> <span class='ocrx_word' id='word_1_296' title='bbox 239 1781 342 1816; x_wconf 78' lang='grc' dir='ltr'>μείζων</span> <span class='ocrx_word' id='word_1_297' title='bbox 359 1778 456 1806; x_wconf 76' lang='grc' dir='ltr'>αὐτοῦ·</span> <span class='ocrx_word' id='word_1_298' title='bbox 477 1779 538 1813; x_wconf 83' lang='grc' dir='ltr'>ἐμοὶ</span> <span class='ocrx_word' id='word_1_299' title='bbox 552 1776 606 1812; x_wconf 78' lang='grc' dir='ltr'><strong>γὰρ</strong></span> <span class='ocrx_word' id='word_1_300' title='bbox 620 1776 650 1802; x_wconf 83' lang='grc' dir='ltr'>οὐ</span> <span class='ocrx_word' id='word_1_301' title='bbox 673 1775 751 1810; x_wconf 76' lang='grc' dir='ltr'>Θέμις</span> <span class='ocrx_word' id='word_1_302' title='bbox 769 1774 854 1800; x_wconf 78' lang='grc' dir='ltr'>εἰπεῖν</span> 
     </span>
    </p>
   </div>
   <div class='ocr_carea' id='block_1_38' title="bbox 71 1820 855 1863">
    <p class='ocr_par' dir='ltr' id='par_1_38' title="bbox 71 1820 855 1863">
     <span class='ocr_line' id='line_1_38' title="bbox 71 1820 855 1863; baseline -0.013 -8"><span class='ocrx_word' id='word_1_303' title='bbox 71 1829 168 1863; x_wconf 87' lang='grc' dir='ltr'>ἢνοεῖν.</span> <span class='ocrx_word' id='word_1_304' title='bbox 179 1827 215 1854; x_wconf 84' lang='grc' dir='ltr'><strong>Οὺ</strong></span> <span class='ocrx_word' id='word_1_305' title='bbox 233 1827 289 1862; x_wconf 86' lang='grc' dir='ltr'><strong>γὰρ</strong></span> <span class='ocrx_word' id='word_1_306' title='bbox 311 1825 364 1853; x_wconf 82' lang='grc' dir='ltr'><strong>ἀνὰ</strong></span> <span class='ocrx_word' id='word_1_307' title='bbox 381 1825 463 1861; x_wconf 81' lang='grc' dir='ltr'>μέρος</span> <span class='ocrx_word' id='word_1_308' title='bbox 488 1825 537 1859; x_wconf 78' lang='grc' dir='ltr'>μὲν</span> <span class='ocrx_word' id='word_1_309' title='bbox 553 1823 634 1849; x_wconf 80' lang='grc' dir='ltr'>εἰκὼν</span> <span class='ocrx_word' id='word_1_310' title='bbox 650 1822 724 1848; x_wconf 73' lang='grc' dir='ltr'>ἔσται</span> <span class='ocrx_word' id='word_1_311' title='bbox 737 1820 783 1846; x_wconf 78' lang='grc' dir='ltr'>τοῦ</span> <span class='ocrx_word' id='word_1_312' title='bbox 799 1820 855 1846; x_wconf 83' lang='grc' dir='ltr'>Πα-</span> 
     </span>
    </p>
   </div>
   <div class='ocr_carea' id='block_1_39' title="bbox 71 1865 856 1909">
    <p class='ocr_par' dir='ltr' id='par_1_39' title="bbox 71 1865 856 1909">
     <span class='ocr_line' id='line_1_39' title="bbox 71 1865 856 1909; baseline -0.013 -9"><span class='ocrx_word' id='word_1_313' title='bbox 71 1872 126 1909; x_wconf 79' lang='grc' dir='ltr'>τρὺς</span> <span class='ocrx_word' id='word_1_314' title='bbox 142 1874 155 1899; x_wconf 85' lang='grc' dir='ltr'>ὁ</span> <span class='ocrx_word' id='word_1_315' title='bbox 171 1873 244 1904; x_wconf 79' lang='grc' dir='ltr'>Υἱὸς,</span> <span class='ocrx_word' id='word_1_316' title='bbox 259 1871 314 1899; x_wconf 77' lang='grc' dir='ltr'><strong>ἀνὰ</strong></span> <span class='ocrx_word' id='word_1_317' title='bbox 329 1871 411 1906; x_wconf 81' lang='grc' dir='ltr'>μέρος</span> <span class='ocrx_word' id='word_1_318' title='bbox 432 1870 461 1896; x_wconf 78' lang='grc' dir='ltr'>δὲ</span> <span class='ocrx_word' id='word_1_319' title='bbox 475 1869 577 1896; x_wconf 78' lang='grc' dir='ltr'>οὐκέτι.</span> <span class='ocrx_word' id='word_1_320' title='bbox 596 1868 627 1894; x_wconf 76' lang='lat' dir='ltr'><strong>Ei</strong></span> <span class='ocrx_word' id='word_1_321' title='bbox 640 1867 694 1902; x_wconf 84' lang='grc' dir='ltr'>γὰρ</span> <span class='ocrx_word' id='word_1_322' title='bbox 715 1866 782 1896; x_wconf 82' lang='grc' dir='ltr'>ὅλως</span> <span class='ocrx_word' id='word_1_323' title='bbox 800 1865 856 1899; x_wconf 76' lang='grc' dir='ltr'>ἔχει</span> 
     </span>
    </p>
   </div>
   <div class='ocr_carea' id='block_1_40' title="bbox 73 1911 857 1954">
    <p class='ocr_par' dir='ltr' id='par_1_40' title="bbox 73 1911 857 1954">
     <span class='ocr_line' id='line_1_40' title="bbox 73 1911 857 1954; baseline -0.014 -8"><span class='ocrx_word' id='word_1_324' title='bbox 73 1927 95 1945; x_wconf 85' lang='grc' dir='ltr'><strong>τι</strong></span> <span class='ocrx_word' id='word_1_325' title='bbox 121 1919 149 1945; x_wconf 83' lang='grc' dir='ltr'>τὸ</span> <span class='ocrx_word' id='word_1_326' title='bbox 177 1918 367 1954; x_wconf 77' lang='grc' dir='ltr'>παραλλάττον</span> <span class='ocrx_word' id='word_1_327' title='bbox 395 1915 442 1942; x_wconf 74' lang='grc' dir='ltr'>καὶ</span> <span class='ocrx_word' id='word_1_328' title='bbox 471 1912 639 1950; x_wconf 78' lang='grc' dir='ltr'>μεσολαϐοὖν</span> <span class='ocrx_word' id='word_1_329' title='bbox 665 1911 714 1947; x_wconf 85' lang='grc' dir='ltr'>τὴν</span> <span class='ocrx_word' id='word_1_330' title='bbox 742 1911 857 1936; x_wconf 57' lang='lat' dir='ltr'><strong>etaim»</strong></span> 
     </span>
    </p>
   </div>
   <div class='ocr_carea' id='block_1_41' title="bbox 73 1955 857 2001">
    <p class='ocr_par' dir='ltr' id='par_1_41' title="bbox 73 1955 857 2001">
     <span class='ocr_line' id='line_1_41' title="bbox 73 1955 857 2001; baseline -0.013 -9"><span class='ocrx_word' id='word_1_331' title='bbox 73 1965 198 2001; x_wconf 78' lang='grc' dir='ltr'>ὁμοίωσιν,</span> <span class='ocrx_word' id='word_1_332' title='bbox 216 1964 299 2000; x_wconf 84' lang='grc' dir='ltr'>μέρος</span> <span class='ocrx_word' id='word_1_333' title='bbox 317 1963 350 1990; x_wconf 82' lang='grc' dir='ltr'>ἂν</span> <span class='ocrx_word' id='word_1_334' title='bbox 367 1963 409 1998; x_wconf 82' lang='grc' dir='ltr'><strong>εἴη</strong></span> <span class='ocrx_word' id='word_1_335' title='bbox 423 1961 527 1992; x_wconf 83' lang='grc' dir='ltr'>λοιπὸν,</span> <span class='ocrx_word' id='word_1_336' title='bbox 544 1960 594 1994; x_wconf 82' lang='grc' dir='ltr'>οὐχ</span> <span class='ocrx_word' id='word_1_337' title='bbox 606 1959 750 1993; x_wconf 77' lang='grc' dir='ltr'>ὁλόκληρος</span> <span class='ocrx_word' id='word_1_338' title='bbox 765 1955 857 1983; x_wconf 75' lang='grc' dir='ltr'>εἰκών.</span> 
     </span>
    </p>
   </div>
   <div class='ocr_carea' id='block_1_42' title="bbox 80 2004 860 2042">
    <p class='ocr_par' dir='ltr' id='par_1_42' title="bbox 80 2004 860 2042">
     <span class='ocr_line' id='line_1_42' title="bbox 80 2004 860 2042; baseline -0.013 -4"><span class='ocrx_word' id='word_1_339' title='bbox 80 2011 151 2038; x_wconf 79' lang='grc' dir='ltr'>Ἀλλὰ</span> <span class='ocrx_word' id='word_1_340' title='bbox 166 2010 215 2037; x_wconf 76' lang='grc' dir='ltr'>ποῦ</span> <span class='ocrx_word' id='word_1_341' title='bbox 230 2010 313 2037; x_wconf 86' lang='grc' dir='ltr'>τοῦτο</span> <span class='ocrx_word' id='word_1_342' title='bbox 322 2009 422 2041; x_wconf 78' lang='grc' dir='ltr'>δείξαις</span> <span class='ocrx_word' id='word_1_343' title='bbox 436 2008 470 2035; x_wconf 82' lang='grc' dir='ltr'>ἂν</span> <span class='ocrx_word' id='word_1_344' title='bbox 485 2007 534 2042; x_wconf 85' lang='grc' dir='ltr'>τὴν</span> <span class='ocrx_word' id='word_1_345' title='bbox 547 2006 628 2040; x_wconf 83' lang='grc' dir='ltr'>ἁγίαν</span> <span class='ocrx_word' id='word_1_346' title='bbox 640 2005 773 2039; x_wconf 76' lang='grc' dir='ltr'>λέγουσαν</span> <span class='ocrx_word' id='word_1_347' title='bbox 788 2004 860 2038; x_wconf 87' lang='grc' dir='ltr'>Γρα-</span> 
     </span>
    </p>
   </div>
   <div class='ocr_carea' id='block_1_43' title="bbox 75 2050 858 2093">
    <p class='ocr_par' dir='ltr' id='par_1_43' title="bbox 75 2050 858 2093">
     <span class='ocr_line' id='line_1_43' title="bbox 75 2050 858 2093; baseline -0.011 -9"><span class='ocrx_word' id='word_1_348' title='bbox 75 2057 137 2093; x_wconf 82' lang='grc' dir='ltr'>φήν;</span> <span class='ocrx_word' id='word_1_349' title='bbox 153 2057 181 2083; x_wconf 83' lang='grc' dir='ltr'><strong>οὺ</strong></span> <span class='ocrx_word' id='word_1_350' title='bbox 192 2057 246 2092; x_wconf 80' lang='grc' dir='ltr'>γὰρ</span> <span class='ocrx_word' id='word_1_351' title='bbox 259 2056 346 2091; x_wconf 82' lang='grc' dir='ltr'>δήπου</span> <span class='ocrx_word' id='word_1_352' title='bbox 359 2056 416 2086; x_wconf 80' lang='grc' dir='ltr'>τοῖς</span> <span class='ocrx_word' id='word_1_353' title='bbox 432 2055 487 2085; x_wconf 83' lang='grc' dir='ltr'>σοῖς</span> <span class='ocrx_word' id='word_1_354' title='bbox 508 2051 740 2086; x_wconf 80' lang='grc' dir='ltr'>ἀναπεπεισμένοι</span> <span class='ocrx_word' id='word_1_355' title='bbox 757 2050 858 2083; x_wconf 86' lang='grc' dir='ltr'>λόγοις,</span> 
     </span>
    </p>
   </div>
   <div class='ocr_carea' id='block_1_44' title="bbox 75 2095 862 2137">
    <p class='ocr_par' dir='ltr' id='par_1_44' title="bbox 75 2095 862 2137">
     <span class='ocr_line' id='line_1_44' title="bbox 75 2095 862 2137; baseline -0.009 -9"><span class='ocrx_word' id='word_1_356' title='bbox 75 2102 118 2137; x_wconf 84' lang='grc' dir='ltr'>τὴν</span> <span class='ocrx_word' id='word_1_357' title='bbox 128 2101 177 2128; x_wconf 86' lang='grc' dir='ltr'>τῶν</span> <span class='ocrx_word' id='word_1_358' title='bbox 190 2101 271 2137; x_wconf 83' lang='grc' dir='ltr'>ἱερῶν</span> <span class='ocrx_word' id='word_1_359' title='bbox 280 2100 423 2135; x_wconf 81' lang='grc' dir='ltr'>δογμάτων</span> <span class='ocrx_word' id='word_1_360' title='bbox 437 2098 571 2134; x_wconf 81' lang='grc' dir='ltr'>ὀρθότητα</span> <span class='ocrx_word' id='word_1_361' title='bbox 588 2096 782 2132; x_wconf 75' lang='grc' dir='ltr'>παρυισόμεθα.</span> <span class='ocrx_word' id='word_1_362' title='bbox 791 2095 862 2121; x_wconf 77' lang='grc' dir='ltr'>Θαυ-</span> 
     </span>
    </p>
   </div>
   <div class='ocr_carea' id='block_1_45' title="bbox 79 2142 860 2182">
    <p class='ocr_par' dir='ltr' id='par_1_45' title="bbox 79 2142 860 2182">
     <span class='ocr_line' id='line_1_45' title="bbox 79 2142 860 2182; baseline -0.01 -7"><span class='ocrx_word' id='word_1_363' title='bbox 79 2148 147 2182; x_wconf 78' lang='grc' dir='ltr'><strong>μάζω</strong></span> <span class='ocrx_word' id='word_1_364' title='bbox 176 2148 204 2174; x_wconf 78' lang='grc' dir='ltr'>δὲ</span> <span class='ocrx_word' id='word_1_365' title='bbox 227 2148 305 2178; x_wconf 77' lang='grc' dir='ltr'>ὅπως</span> <span class='ocrx_word' id='word_1_366' title='bbox 325 2147 356 2174; x_wconf 84' lang='grc' dir='ltr'>οὑ</span> <span class='ocrx_word' id='word_1_367' title='bbox 379 2146 536 2173; x_wconf 80' lang='grc' dir='ltr'>κατέδεισαν</span> <span class='ocrx_word' id='word_1_368' title='bbox 556 2144 603 2170; x_wconf 72' lang='grc' dir='ltr'><strong>ἐπὶ</strong></span> <span class='ocrx_word' id='word_1_369' title='bbox 632 2143 735 2174; x_wconf 80' lang='grc' dir='ltr'>τούτοις</span> <span class='ocrx_word' id='word_1_370' title='bbox 757 2142 860 2168; x_wconf 77' lang='grc' dir='ltr'>εἰπεῖν·</span> 
     </span>
    </p>
   </div>
   <div class='ocr_carea' id='block_1_46' title="bbox 78 2187 862 2229">
    <p class='ocr_par' dir='ltr' id='par_1_46' title="bbox 78 2187 862 2229">
     <span class='ocr_line' id='line_1_46' title="bbox 78 2187 862 2229; baseline -0.009 -9"><span class='ocrx_word' id='word_1_371' title='bbox 78 2193 198 2229; x_wconf 73' lang='grc' dir='ltr'>Καθάπερ</span> <span class='ocrx_word' id='word_1_372' title='bbox 212 2194 226 2220; x_wconf 80' lang='grc' dir='ltr'>ὁ</span> <span class='ocrx_word' id='word_1_373' title='bbox 244 2192 354 2223; x_wconf 81' lang='grc' dir='ltr'>Παῦλος</span> <span class='ocrx_word' id='word_1_374' title='bbox 376 2191 421 2217; x_wconf 76' lang='grc' dir='ltr'><strong>τὸν</strong></span> <span class='ocrx_word' id='word_1_375' title='bbox 438 2190 556 2226; x_wconf 84' lang='grc' dir='ltr'>Χριστὸν</span> <span class='ocrx_word' id='word_1_376' title='bbox 579 2187 650 2224; x_wconf 81' lang='grc' dir='ltr'>εἶχεν</span> <span class='ocrx_word' id='word_1_377' title='bbox 668 2189 697 2215; x_wconf 86' lang='grc' dir='ltr'>ἐν</span> <span class='ocrx_word' id='word_1_378' title='bbox 708 2187 797 2223; x_wconf 76' lang='grc' dir='ltr'>ἑαυτῷ</span> <span class='ocrx_word' id='word_1_379' title='bbox 812 2187 862 2214; x_wconf 83' lang='grc' dir='ltr'>λα-</span> 
     </span>
    </p>
   </div>
   <div class='ocr_carea' id='block_1_47' title="bbox 78 2233 861 2274">
    <p class='ocr_par' dir='ltr' id='par_1_47' title="bbox 78 2233 861 2274">
     <span class='ocr_line' id='line_1_47' title="bbox 78 2233 861 2274; baseline -0.006 -10"><span class='ocrx_word' id='word_1_380' title='bbox 78 2238 166 2266; x_wconf 75' lang='grc' dir='ltr'>λοῦντα</span> <span class='ocrx_word' id='word_1_381' title='bbox 193 2240 240 2266; x_wconf 78' lang='grc' dir='ltr'>καὶ</span> <span class='ocrx_word' id='word_1_382' title='bbox 255 2237 421 2274; x_wconf 74' lang='grc' dir='ltr'>ἐνεργοῦντα</span> <span class='ocrx_word' id='word_1_383' title='bbox 436 2237 485 2269; x_wconf 81' lang='grc' dir='ltr'><strong>τὰς</strong></span> <span class='ocrx_word' id='word_1_384' title='bbox 501 2236 645 2272; x_wconf 85' lang='grc' dir='ltr'>δυνάμεις,</span> <span class='ocrx_word' id='word_1_385' title='bbox 660 2235 705 2262; x_wconf 75' lang='grc' dir='ltr'>τὸν</span> <span class='ocrx_word' id='word_1_386' title='bbox 730 2234 811 2261; x_wconf 84' lang='grc' dir='ltr'>αὑτὸν</span> <span class='ocrx_word' id='word_1_387' title='bbox 829 2233 861 2269; x_wconf 87' lang='grc' dir='ltr'>δὴ</span> 
     </span>
    </p>
   </div>
   <div class='ocr_carea' id='block_1_48' title="bbox 886 287 1670 330">
    <p class='ocr_par' dir='ltr' id='par_1_48' title="bbox 886 287 1670 330">
     <span class='ocr_line' id='line_1_48' title="bbox 886 287 1670 330; baseline -0.013 -8"><span class='ocrx_word' id='word_1_388' title='bbox 886 303 1010 330; x_wconf 80' lang='lat' dir='ltr'><strong>porcum,</strong></span> <span class='ocrx_word' id='word_1_389' title='bbox 1022 300 1048 322; x_wconf 92' lang='lat' dir='ltr'><strong>et</strong></span> <span class='ocrx_word' id='word_1_390' title='bbox 1060 300 1196 321; x_wconf 62' lang='lat' dir='ltr'><strong>mensurae</strong></span> <span class='ocrx_word' id='word_1_391' title='bbox 1209 290 1339 325; x_wconf 88' lang='lat' dir='ltr'><strong>subjiciat</strong></span> <span class='ocrx_word' id='word_1_392' title='bbox 1357 288 1429 323; x_wconf 90' lang='lat' dir='ltr'><strong>quod</strong></span> <span class='ocrx_word' id='word_1_393' title='bbox 1447 292 1522 314; x_wconf 89' lang='lat' dir='ltr'><strong>caret</strong></span> <span class='ocrx_word' id='word_1_394' title='bbox 1540 287 1670 313; x_wconf 82' lang='lat' dir='ltr'><strong>termino.</strong></span> 
     </span>
    </p>
   </div>
   <div class='ocr_carea' id='block_1_49' title="bbox 886 331 1675 369">
    <p class='ocr_par' dir='ltr' id='par_1_49' title="bbox 886 331 1675 369">
     <span class='ocr_line' id='line_1_49' title="bbox 886 331 1675 369; baseline -0.015 0"><span class='ocrx_word' id='word_1_395' title='bbox 886 342 981 369; x_wconf 86' lang='lat' dir='ltr'><strong>Dicere</strong></span> <span class='ocrx_word' id='word_1_396' title='bbox 998 341 1070 368; x_wconf 90' lang='lat' dir='ltr'><strong>enim</strong></span> <span class='ocrx_word' id='word_1_397' title='bbox 1089 337 1309 367; x_wconf 88' lang='lat' dir='ltr'><strong>substantialiter</strong></span> <span class='ocrx_word' id='word_1_398' title='bbox 1325 335 1415 369; x_wconf 86' lang='lat' dir='ltr'><strong>ipsum</strong></span> <span class='ocrx_word' id='word_1_399' title='bbox 1433 342 1447 360; x_wconf 93' lang='lat' dir='ltr'><strong>a</strong></span> <span class='ocrx_word' id='word_1_400' title='bbox 1471 333 1526 360; x_wconf 87' lang='lat' dir='ltr'><strong>Deo</strong></span> <span class='ocrx_word' id='word_1_401' title='bbox 1542 336 1569 359; x_wconf 86' lang='lat' dir='ltr'><strong>ct</strong></span> <span class='ocrx_word' id='word_1_402' title='bbox 1596 331 1675 358; x_wconf 82' lang='lat' dir='ltr'><strong>Patre</strong></span> 
     </span>
    </p>
   </div>
   <div class='ocr_carea' id='block_1_50' title="bbox 886 378 1673 422">
    <p class='ocr_par' dir='ltr' id='par_1_50' title="bbox 886 378 1673 422">
     <span class='ocr_line' id='line_1_50' title="bbox 886 378 1673 422; baseline -0.017 -6"><span class='ocrx_word' id='word_1_403' title='bbox 886 387 1033 419; x_wconf 88' lang='lat' dir='ltr'><strong>contineri,</strong></span> <span class='ocrx_word' id='word_1_404' title='bbox 1053 385 1119 422; x_wconf 88' lang='lat' dir='ltr'><strong>quid</strong></span> <span class='ocrx_word' id='word_1_405' title='bbox 1142 385 1193 412; x_wconf 84' lang='lat' dir='ltr'><strong>sibi</strong></span> <span class='ocrx_word' id='word_1_406' title='bbox 1216 383 1273 410; x_wconf 85' lang='lat' dir='ltr'><strong>vult</strong></span> <span class='ocrx_word' id='word_1_407' title='bbox 1291 380 1376 413; x_wconf 90' lang='lat' dir='ltr'><strong>aliud,</strong></span> <span class='ocrx_word' id='word_1_408' title='bbox 1392 387 1473 414; x_wconf 85' lang='lat' dir='ltr'><strong>quam</strong></span> <span class='ocrx_word' id='word_1_409' title='bbox 1498 378 1673 406; x_wconf 83' lang='lat' dir='ltr'><strong>terminatam</strong></span> 
     </span>
    </p>
   </div>
   <div class='ocr_carea' id='block_1_51' title="bbox 886 424 1675 462">
    <p class='ocr_par' dir='ltr' id='par_1_51' title="bbox 886 424 1675 462">
     <span class='ocr_line' id='line_1_51' title="bbox 886 424 1675 462; baseline -0.015 0"><span class='ocrx_word' id='word_1_410' title='bbox 886 435 987 462; x_wconf 88' lang='lat' dir='ltr'><strong>habere</strong></span> <span class='ocrx_word' id='word_1_411' title='bbox 1010 432 1204 461; x_wconf 80' lang='lat' dir='ltr'><strong>substantimn,</strong></span> <span class='ocrx_word' id='word_1_412' title='bbox 1228 437 1283 456; x_wconf 83' lang='lat' dir='ltr'><strong>non</strong></span> <span class='ocrx_word' id='word_1_413' title='bbox 1308 435 1389 456; x_wconf 89' lang='lat' dir='ltr'><strong>secus</strong></span> <span class='ocrx_word' id='word_1_414' title='bbox 1406 435 1437 454; x_wconf 89' lang='lat' dir='ltr'><strong>ac</strong></span> <span class='ocrx_word' id='word_1_415' title='bbox 1459 424 1675 459; x_wconf 69' lang='lat' dir='ltr'><strong>Ullumqllmlt&#39;lut&#39;,</strong></span> 
     </span>
    </p>
   </div>
   <div class='ocr_carea' id='block_1_52' title="bbox 886 473 1676 512">
    <p class='ocr_par' dir='ltr' id='par_1_52' title="bbox 886 473 1676 512">
     <span class='ocr_line' id='line_1_52' title="bbox 886 473 1676 512; baseline -0.016 -5"><span class='ocrx_word' id='word_1_416' title='bbox 886 487 982 507; x_wconf 82' lang='lat' dir='ltr'><strong>eorum</strong></span> <span class='ocrx_word' id='word_1_417' title='bbox 1007 486 1068 512; x_wconf 76' lang='lat' dir='ltr'><strong>qua:</strong></span> <span class='ocrx_word' id='word_1_418' title='bbox 1088 477 1160 504; x_wconf 81' lang='lat' dir='ltr'><strong>facta</strong></span> <span class='ocrx_word' id='word_1_419' title='bbox 1186 478 1249 502; x_wconf 77' lang='lat' dir='ltr'><strong>stitit</strong></span> <span class='ocrx_word' id='word_1_420' title='bbox 1266 474 1299 500; x_wconf 85' lang='lat' dir='ltr'><strong>ab</strong></span> <span class='ocrx_word' id='word_1_421' title='bbox 1324 473 1392 507; x_wconf 80' lang='lat' dir='ltr'><strong>ipso,</strong></span> <span class='ocrx_word' id='word_1_422' title='bbox 1415 479 1475 506; x_wconf 57' lang='lat' dir='ltr'><strong>quae</strong></span> <span class='ocrx_word' id='word_1_423' title='bbox 1491 475 1550 497; x_wconf 84' lang='lat' dir='ltr'><strong>tuto</strong></span> <span class='ocrx_word' id='word_1_424' title='bbox 1565 477 1596 495; x_wconf 82' lang='lat' dir='ltr'><strong>ac</strong></span> <span class='ocrx_word' id='word_1_425' title='bbox 1614 477 1676 495; x_wconf 71' lang='lat' dir='ltr'><strong>veri:</strong></span> 
     </span>
    </p>
   </div>
   <div class='ocr_carea' id='block_1_53' title="bbox 887 516 1674 554">
    <p class='ocr_par' dir='ltr' id='par_1_53' title="bbox 887 516 1674 554">
     <span class='ocr_line' id='line_1_53' title="bbox 887 516 1674 554; baseline -0.018 -1"><span class='ocrx_word' id='word_1_426' title='bbox 887 525 1022 553; x_wconf 88' lang='lat' dir='ltr'><strong>contineri</strong></span> <span class='ocrx_word' id='word_1_427' title='bbox 1039 521 1205 550; x_wconf 85' lang='lat' dir='ltr'><strong>fatebimur?</strong></span> <span class='ocrx_word' id='word_1_428' title='bbox 1223 521 1345 554; x_wconf 81' lang='lat' dir='ltr'><strong>Corpora</strong></span> <span class='ocrx_word' id='word_1_429' title='bbox 1360 519 1433 545; x_wconf 86' lang='lat' dir='ltr'><strong>enim</strong></span> <span class='ocrx_word' id='word_1_430' title='bbox 1449 521 1524 546; x_wconf 84' lang='lat' dir='ltr'><strong>sunt,</strong></span> <span class='ocrx_word' id='word_1_431' title='bbox 1542 516 1605 542; x_wconf 83' lang='lat' dir='ltr'><strong>licet</strong></span> <span class='ocrx_word' id='word_1_432' title='bbox 1621 522 1674 540; x_wconf 85' lang='lat' dir='ltr'><strong>non</strong></span> 
     </span>
    </p>
   </div>
   <div class='ocr_carea' id='block_1_54' title="bbox 887 559 1676 602">
    <p class='ocr_par' dir='ltr' id='par_1_54' title="bbox 887 559 1676 602">
     <span class='ocr_line' id='line_1_54' title="bbox 887 559 1676 602; baseline -0.018 -4"><span class='ocrx_word' id='word_1_433' title='bbox 887 572 952 598; x_wconf 89' lang='lat' dir='ltr'><strong>talia</strong></span> <span class='ocrx_word' id='word_1_434' title='bbox 972 571 1063 597; x_wconf 86' lang='lat' dir='ltr'><strong>forsan</strong></span> <span class='ocrx_word' id='word_1_435' title='bbox 1079 568 1170 602; x_wconf 80' lang='lat' dir='ltr'><strong>qualia</strong></span> <span class='ocrx_word' id='word_1_436' title='bbox 1197 571 1291 593; x_wconf 81' lang='lat' dir='ltr'><strong>nostra</strong></span> <span class='ocrx_word' id='word_1_437' title='bbox 1313 568 1388 592; x_wconf 85' lang='lat' dir='ltr'><strong>sunt.</strong></span> <span class='ocrx_word' id='word_1_438' title='bbox 1407 562 1461 590; x_wconf 87' lang='lat' dir='ltr'><strong>Sed</strong></span> <span class='ocrx_word' id='word_1_439' title='bbox 1476 566 1502 588; x_wconf 90' lang='lat' dir='ltr'><strong>et</strong></span> <span class='ocrx_word' id='word_1_440' title='bbox 1523 560 1589 587; x_wconf 88' lang='lat' dir='ltr'><strong>illud</strong></span> <span class='ocrx_word' id='word_1_441' title='bbox 1609 559 1676 586; x_wconf 88' lang='lat' dir='ltr'><strong>mihi</strong></span> 
     </span>
    </p>
   </div>
   <div class='ocr_carea' id='block_1_55' title="bbox 889 604 1677 652">
    <p class='ocr_par' dir='ltr' id='par_1_55' title="bbox 889 604 1677 652">
     <span class='ocr_line' id='line_1_55' title="bbox 889 604 1677 652; baseline -0.018 -8"><span class='ocrx_word' id='word_1_442' title='bbox 889 622 1021 652; x_wconf 70' lang='lat' dir='ltr'><strong>prmterea</strong></span> <span class='ocrx_word' id='word_1_443' title='bbox 1037 614 1120 642; x_wconf 86' lang='lat' dir='ltr'><strong>subit.</strong></span> <span class='ocrx_word' id='word_1_444' title='bbox 1139 612 1218 645; x_wconf 86' lang='lat' dir='ltr'><strong>Quod</strong></span> <span class='ocrx_word' id='word_1_445' title='bbox 1240 611 1262 638; x_wconf 94' lang='lat' dir='ltr'><strong>si</strong></span> <span class='ocrx_word' id='word_1_446' title='bbox 1284 617 1397 637; x_wconf 88' lang='lat' dir='ltr'><strong>necesse</strong></span> <span class='ocrx_word' id='word_1_447' title='bbox 1411 608 1537 635; x_wconf 77' lang='lat' dir='ltr'><strong>dicamus</strong></span> <span class='ocrx_word' id='word_1_448' title='bbox 1557 611 1586 633; x_wconf 90' lang='lat' dir='ltr'><strong>ut</strong></span> <span class='ocrx_word' id='word_1_449' title='bbox 1603 604 1677 640; x_wconf 88' lang='lat' dir='ltr'><strong>quod</strong></span> 
     </span>
    </p>
   </div>
   <div class='ocr_carea' id='block_1_56' title="bbox 889 653 1678 696">
    <p class='ocr_par' dir='ltr' id='par_1_56' title="bbox 889 653 1678 696">
     <span class='ocr_line' id='line_1_56' title="bbox 889 653 1678 696; baseline -0.016 -7"><span class='ocrx_word' id='word_1_450' title='bbox 889 663 924 690; x_wconf 85' lang='lat' dir='ltr'><strong>ab</strong></span> <span class='ocrx_word' id='word_1_451' title='bbox 942 661 1034 696; x_wconf 86' lang='lat' dir='ltr'><strong>aliquo</strong></span> <span class='ocrx_word' id='word_1_452' title='bbox 1047 658 1214 687; x_wconf 84' lang='lat' dir='ltr'><strong>continetur.</strong></span> <span class='ocrx_word' id='word_1_453' title='bbox 1232 656 1344 683; x_wconf 87' lang='lat' dir='ltr'><strong>omnino</strong></span> <span class='ocrx_word' id='word_1_454' title='bbox 1360 655 1432 682; x_wconf 86' lang='lat' dir='ltr'><strong>intra</strong></span> <span class='ocrx_word' id='word_1_455' title='bbox 1449 653 1514 679; x_wconf 89' lang='lat' dir='ltr'><strong>illud</strong></span> <span class='ocrx_word' id='word_1_456' title='bbox 1533 653 1568 679; x_wconf 82' lang='lat' dir='ltr'><strong>sit</strong></span> <span class='ocrx_word' id='word_1_457' title='bbox 1590 659 1605 678; x_wconf 87' lang='lat' dir='ltr'><strong>a</strong></span> <span class='ocrx_word' id='word_1_458' title='bbox 1623 658 1678 686; x_wconf 84' lang='lat' dir='ltr'><strong>quo</strong></span> 
     </span>
    </p>
   </div>
   <div class='ocr_carea' id='block_1_57' title="bbox 890 698 1679 737">
    <p class='ocr_par' dir='ltr' id='par_1_57' title="bbox 890 698 1679 737">
     <span class='ocr_line' id='line_1_57' title="bbox 890 698 1679 737; baseline -0.015 -3"><span class='ocrx_word' id='word_1_459' title='bbox 890 705 1025 734; x_wconf 76' lang='lat' dir='ltr'><strong>contineri</strong></span> <span class='ocrx_word' id='word_1_460' title='bbox 1039 704 1152 736; x_wconf 87' lang='lat' dir='ltr'><strong>dicitur,</strong></span> <span class='ocrx_word' id='word_1_461' title='bbox 1167 703 1307 737; x_wconf 87' lang='lat' dir='ltr'><strong>quomodo</strong></span> <span class='ocrx_word' id='word_1_462' title='bbox 1320 708 1374 727; x_wconf 91' lang='lat' dir='ltr'><strong>non</strong></span> <span class='ocrx_word' id='word_1_463' title='bbox 1387 698 1534 726; x_wconf 74' lang='lat' dir='ltr'><strong>manifeste</strong></span> <span class='ocrx_word' id='word_1_464' title='bbox 1547 700 1679 731; x_wconf 88' lang='lat' dir='ltr'><strong>scquctur</strong></span> 
     </span>
    </p>
   </div>
   <div class='ocr_carea' id='block_1_58' title="bbox 890 744 1679 781">
    <p class='ocr_par' dir='ltr' id='par_1_58' title="bbox 890 744 1679 781">
     <span class='ocr_line' id='line_1_58' title="bbox 890 744 1679 781; baseline -0.015 -1"><span class='ocrx_word' id='word_1_465' title='bbox 890 757 921 781; x_wconf 86' lang='lat' dir='ltr'><strong>ut</strong></span> <span class='ocrx_word' id='word_1_466' title='bbox 934 752 1080 780; x_wconf 83' lang='lat' dir='ltr'><strong>continens</strong></span> <span class='ocrx_word' id='word_1_467' title='bbox 1096 749 1187 777; x_wconf 87' lang='lat' dir='ltr'><strong>minus</strong></span> <span class='ocrx_word' id='word_1_468' title='bbox 1198 756 1259 776; x_wconf 83' lang='lat' dir='ltr'><strong>esse</strong></span> <span class='ocrx_word' id='word_1_469' title='bbox 1276 749 1406 774; x_wconf 86' lang='lat' dir='ltr'><strong>contento</strong></span> <span class='ocrx_word' id='word_1_470' title='bbox 1422 748 1559 780; x_wconf 82' lang='lat' dir='ltr'><strong>putemus,</strong></span> <span class='ocrx_word' id='word_1_471' title='bbox 1574 744 1679 778; x_wconf 84' lang='lat' dir='ltr'><strong>ipsum-</strong></span> 
     </span>
    </p>
   </div>
   <div class='ocr_carea' id='block_1_59' title="bbox 891 786 1689 834">
    <p class='ocr_par' dir='ltr' id='par_1_59' title="bbox 891 786 1689 834">
     <span class='ocr_line' id='line_1_59' title="bbox 891 786 1689 834; baseline -0.016 -8"><span class='ocrx_word' id='word_1_472' title='bbox 891 807 943 834; x_wconf 91' lang='lat' dir='ltr'><strong>que</strong></span> <span class='ocrx_word' id='word_1_473' title='bbox 963 797 1137 825; x_wconf 86' lang='lat' dir='ltr'><strong>terminatum</strong></span> <span class='ocrx_word' id='word_1_474' title='bbox 1165 803 1227 822; x_wconf 84' lang='lat' dir='ltr'><strong>esse</strong></span> <span class='ocrx_word' id='word_1_475' title='bbox 1252 793 1365 827; x_wconf 77' lang='lat' dir='ltr'><strong>majoris</strong></span> <span class='ocrx_word' id='word_1_476' title='bbox 1382 790 1585 826; x_wconf 84' lang='lat' dir='ltr'><strong>quodammodo</strong></span> <span class='ocrx_word' id='word_1_477' title='bbox 1602 786 1689 815; x_wconf 47' lang='lat' dir='ltr'><strong>colui</strong></span> 
     </span>
    </p>
   </div>
   <div class='ocr_carea' id='block_1_60' title="bbox 891 833 1681 879">
    <p class='ocr_par' dir='ltr' id='par_1_60' title="bbox 891 833 1681 879">
     <span class='ocr_line' id='line_1_60' title="bbox 891 833 1681 879; baseline -0.015 -8"><span class='ocrx_word' id='word_1_478' title='bbox 891 844 1017 879; x_wconf 81' lang='lat' dir='ltr'><strong>plexione</strong></span> <span class='ocrx_word' id='word_1_479' title='bbox 1031 840 1175 869; x_wconf 79' lang='lat' dir='ltr'><strong>dicamus?</strong></span> <span class='ocrx_word' id='word_1_480' title='bbox 1186 839 1256 872; x_wconf 83' lang='lat' dir='ltr'><strong>Quid</strong></span> <span class='ocrx_word' id='word_1_481' title='bbox 1272 845 1338 873; x_wconf 75' lang='lat' dir='ltr'><strong>ergo</strong></span> <span class='ocrx_word' id='word_1_482' title='bbox 1353 844 1450 864; x_wconf 85' lang='lat' dir='ltr'><strong>rursus</strong></span> <span class='ocrx_word' id='word_1_483' title='bbox 1465 835 1553 866; x_wconf 76' lang='lat' dir='ltr'><strong>dices,</strong></span> <span class='ocrx_word' id='word_1_484' title='bbox 1571 842 1587 860; x_wconf 93' lang='grc' dir='ltr'><strong>ο</strong></span> <span class='ocrx_word' id='word_1_485' title='bbox 1599 833 1681 860; x_wconf 81' lang='lat' dir='ltr'><strong>bone?</strong></span> 
     </span>
    </p>
   </div>
   <div class='ocr_carea' id='block_1_61' title="bbox 892 879 1683 919">
    <p class='ocr_par' dir='ltr' id='par_1_61' title="bbox 892 879 1683 919">
     <span class='ocr_line' id='line_1_61' title="bbox 892 879 1683 919; baseline -0.016 -2"><span class='ocrx_word' id='word_1_486' title='bbox 892 890 962 916; x_wconf 86' lang='lat' dir='ltr'><strong>Ecce</strong></span> <span class='ocrx_word' id='word_1_487' title='bbox 976 888 1060 919; x_wconf 91' lang='lat' dir='ltr'><strong>euim,</strong></span> <span class='ocrx_word' id='word_1_488' title='bbox 1077 895 1141 914; x_wconf 89' lang='lat' dir='ltr'><strong>cum</strong></span> <span class='ocrx_word' id='word_1_489' title='bbox 1167 894 1196 913; x_wconf 89' lang='lat' dir='ltr'><strong>se</strong></span> <span class='ocrx_word' id='word_1_490' title='bbox 1221 884 1267 911; x_wconf 86' lang='lat' dir='ltr'><strong>Dei</strong></span> <span class='ocrx_word' id='word_1_491' title='bbox 1291 891 1323 910; x_wconf 89' lang='lat' dir='ltr'><strong>ac</strong></span> <span class='ocrx_word' id='word_1_492' title='bbox 1340 882 1430 909; x_wconf 77' lang='lat' dir='ltr'><strong>Patris</strong></span> <span class='ocrx_word' id='word_1_493' title='bbox 1443 881 1572 908; x_wconf 76' lang='lat' dir='ltr'><strong>exhibeat</strong></span> <span class='ocrx_word' id='word_1_494' title='bbox 1585 879 1683 913; x_wconf 76' lang='lat' dir='ltr'><strong>imagi-</strong></span> 
     </span>
    </p>
   </div>
   <div class='ocr_carea' id='block_1_62' title="bbox 858 926 1683 970">
    <p class='ocr_par' dir='ltr' id='par_1_62' title="bbox 858 926 1683 970">
     <span class='ocr_line' id='line_1_62' title="bbox 858 926 1683 970; baseline -0.016 -6"><span class='ocrx_word' id='word_1_495' title='bbox 858 937 878 964; x_wconf 84' lang='lat' dir='ltr'><strong>B</strong></span> <span class='ocrx_word' id='word_1_496' title='bbox 894 945 964 970; x_wconf 87' lang='lat' dir='ltr'><strong>nem,</strong></span> <span class='ocrx_word' id='word_1_497' title='bbox 977 940 1004 964; x_wconf 87' lang='lat' dir='ltr'><strong>et</strong></span> <span class='ocrx_word' id='word_1_498' title='bbox 1022 941 1115 970; x_wconf 81' lang='lat' dir='ltr'><strong>aperte</strong></span> <span class='ocrx_word' id='word_1_499' title='bbox 1130 934 1205 961; x_wconf 86' lang='lat' dir='ltr'><strong>dicat</strong></span> <span class='ocrx_word' id='word_1_500' title='bbox 1220 941 1226 959; x_wconf 87' lang='lat'>:</span> <span class='ocrx_word' id='word_1_501' title='bbox 1247 942 1256 958; x_wconf 82' lang='grc'><strong>1</strong></span> <span class='ocrx_word' id='word_1_502' title='bbox 1271 931 1323 965; x_wconf 82' lang='lat' dir='ltr'><strong>Qui</strong></span> <span class='ocrx_word' id='word_1_503' title='bbox 1341 930 1417 957; x_wconf 84' lang='lat' dir='ltr'><strong>videt</strong></span> <span class='ocrx_word' id='word_1_504' title='bbox 1434 937 1486 955; x_wconf 86' lang='lat' dir='ltr'><strong>me.</strong></span> <span class='ocrx_word' id='word_1_505' title='bbox 1506 928 1579 955; x_wconf 94' lang='lat' dir='ltr'><strong>videt</strong></span> <span class='ocrx_word' id='word_1_506' title='bbox 1593 930 1619 954; x_wconf 85' lang='lat' dir='ltr'><strong>et</strong></span> <span class='ocrx_word' id='word_1_507' title='bbox 1632 926 1683 952; x_wconf 87' lang='lat' dir='ltr'><strong>Pa—</strong></span> 
     </span>
    </p>
   </div>
   <div class='ocr_carea' id='block_1_63' title="bbox 894 972 1682 1013">
    <p class='ocr_par' dir='ltr' id='par_1_63' title="bbox 894 972 1682 1013">
     <span class='ocr_line' id='line_1_63' title="bbox 894 972 1682 1013; baseline -0.014 -4"><span class='ocrx_word' id='word_1_508' title='bbox 894 987 976 1013; x_wconf 85' lang='lat' dir='ltr'><strong>trem,</strong></span> <span class='ocrx_word' id='word_1_509' title='bbox 994 992 1003 1008; x_wconf 82' lang='grc'><strong>1</strong></span> <span class='ocrx_word' id='word_1_510' title='bbox 1021 982 1116 1009; x_wconf 82' lang='lat' dir='ltr'><strong>statim</strong></span> <span class='ocrx_word' id='word_1_511' title='bbox 1136 988 1235 1008; x_wconf 84' lang='lat' dir='ltr'><strong>rursus</strong></span> <span class='ocrx_word' id='word_1_512' title='bbox 1253 977 1414 1012; x_wconf 79' lang='lat' dir='ltr'><strong>subjungit:</strong></span> <span class='ocrx_word' id='word_1_513' title='bbox 1435 985 1444 1001; x_wconf 79' lang='lat'><strong>(</strong></span> <span class='ocrx_word' id='word_1_514' title='bbox 1469 974 1524 1009; x_wconf 78' lang='lat' dir='ltr'><strong>Ego</strong></span> <span class='ocrx_word' id='word_1_515' title='bbox 1546 975 1572 1000; x_wconf 92' lang='lat' dir='ltr'><strong>in</strong></span> <span class='ocrx_word' id='word_1_516' title='bbox 1588 972 1682 1004; x_wconf 84' lang='lat' dir='ltr'><strong>Patre,</strong></span> 
     </span>
    </p>
   </div>
   <div class='ocr_carea' id='block_1_64' title="bbox 894 1019 1678 1056">
    <p class='ocr_par' dir='ltr' id='par_1_64' title="bbox 894 1019 1678 1056">
     <span class='ocr_line' id='line_1_64' title="bbox 894 1019 1678 1056; baseline -0.015 0"><span class='ocrx_word' id='word_1_517' title='bbox 894 1033 921 1056; x_wconf 81' lang='lat' dir='ltr'><strong>et</strong></span> <span class='ocrx_word' id='word_1_518' title='bbox 940 1028 1021 1055; x_wconf 83' lang='lat' dir='ltr'><strong>Pater</strong></span> <span class='ocrx_word' id='word_1_519' title='bbox 1039 1028 1067 1054; x_wconf 91' lang='lat' dir='ltr'><strong>in</strong></span> <span class='ocrx_word' id='word_1_520' title='bbox 1091 1034 1133 1053; x_wconf 90' lang='lat' dir='ltr'><strong>me</strong></span> <span class='ocrx_word' id='word_1_521' title='bbox 1156 1031 1208 1053; x_wconf 88' lang='lat' dir='ltr'><strong>est.</strong></span> <span class='ocrx_word' id='word_1_522' title='bbox 1236 1035 1244 1050; x_wconf 87' lang='grc'><strong>1</strong></span> <span class='ocrx_word' id='word_1_523' title='bbox 1267 1023 1334 1050; x_wconf 86' lang='lat' dir='ltr'><strong>Nam</strong></span> <span class='ocrx_word' id='word_1_524' title='bbox 1359 1023 1394 1054; x_wconf 87' lang='lat' dir='ltr'><strong>si,</strong></span> <span class='ocrx_word' id='word_1_525' title='bbox 1416 1020 1549 1050; x_wconf 82' lang='lat' dir='ltr'><strong>utvultis,</strong></span> <span class='ocrx_word' id='word_1_526' title='bbox 1573 1019 1612 1045; x_wconf 86' lang='lat' dir='ltr'><strong>ait</strong></span> <span class='ocrx_word' id='word_1_527' title='bbox 1636 1026 1678 1049; x_wconf 81' lang='lat' dir='ltr'><strong>se,</strong></span> 
     </span>
    </p>
   </div>
   <div class='ocr_carea' id='block_1_65' title="bbox 895 1064 1685 1109">
    <p class='ocr_par' dir='ltr' id='par_1_65' title="bbox 895 1064 1685 1109">
     <span class='ocr_line' id='line_1_65' title="bbox 895 1064 1685 1109; baseline -0.016 -8"><span class='ocrx_word' id='word_1_528' title='bbox 895 1074 1020 1109; x_wconf 83' lang='lat' dir='ltr'><strong>quamvis</strong></span> <span class='ocrx_word' id='word_1_529' title='bbox 1047 1071 1237 1099; x_wconf 74' lang='lat' dir='ltr'><strong>character&#39;ct</strong></span> <span class='ocrx_word' id='word_1_530' title='bbox 1259 1070 1349 1103; x_wconf 77' lang='lat' dir='ltr'><strong>imago</strong></span> <span class='ocrx_word' id='word_1_531' title='bbox 1369 1067 1405 1094; x_wconf 87' lang='lat' dir='ltr'><strong>sit</strong></span> <span class='ocrx_word' id='word_1_532' title='bbox 1432 1065 1534 1097; x_wconf 86' lang='lat' dir='ltr'><strong>Patris,</strong></span> <span class='ocrx_word' id='word_1_533' title='bbox 1554 1064 1685 1091; x_wconf 83' lang='lat' dir='ltr'><strong>substan—</strong></span> 
     </span>
    </p>
   </div>
   <div class='ocr_carea' id='block_1_66' title="bbox 896 1107 1687 1147">
    <p class='ocr_par' dir='ltr' id='par_1_66' title="bbox 896 1107 1687 1147">
     <span class='ocr_line' id='line_1_66' title="bbox 896 1107 1687 1147; baseline -0.016 0"><span class='ocrx_word' id='word_1_534' title='bbox 896 1121 997 1147; x_wconf 87' lang='lat' dir='ltr'><strong>tialiter</strong></span> <span class='ocrx_word' id='word_1_535' title='bbox 1020 1125 1111 1146; x_wconf 89' lang='lat' dir='ltr'><strong>tamen</strong></span> <span class='ocrx_word' id='word_1_536' title='bbox 1134 1118 1169 1144; x_wconf 88' lang='lat' dir='ltr'><strong>ab</strong></span> <span class='ocrx_word' id='word_1_537' title='bbox 1192 1124 1225 1144; x_wconf 89' lang='lat' dir='ltr'><strong>eo</strong></span> <span class='ocrx_word' id='word_1_538' title='bbox 1254 1111 1540 1146; x_wconf 83' lang='lat' dir='ltr'><strong>eontincri,uuuquid</strong></span> <span class='ocrx_word' id='word_1_539' title='bbox 1572 1107 1687 1136; x_wconf 75' lang='lat' dir='ltr'><strong>manife-</strong></span> 
     </span>
    </p>
   </div>
   <div class='ocr_carea' id='block_1_67' title="bbox 897 1153 1688 1194">
    <p class='ocr_par' dir='ltr' id='par_1_67' title="bbox 897 1153 1688 1194">
     <span class='ocr_line' id='line_1_67' title="bbox 897 1153 1688 1194; baseline -0.02 1"><span class='ocrx_word' id='word_1_540' title='bbox 897 1172 969 1194; x_wconf 87' lang='lat' dir='ltr'><strong>stum</strong></span> <span class='ocrx_word' id='word_1_541' title='bbox 985 1171 1012 1194; x_wconf 89' lang='lat' dir='ltr'><strong>et</strong></span> <span class='ocrx_word' id='word_1_542' title='bbox 1027 1165 1212 1193; x_wconf 84' lang='lat' dir='ltr'><strong>indubitatum</strong></span> <span class='ocrx_word' id='word_1_543' title='bbox 1229 1166 1271 1189; x_wconf 88' lang='lat' dir='ltr'><strong>est</strong></span> <span class='ocrx_word' id='word_1_544' title='bbox 1287 1160 1427 1192; x_wconf 86' lang='lat' dir='ltr'><strong>omnibus,</strong></span> <span class='ocrx_word' id='word_1_545' title='bbox 1446 1158 1517 1185; x_wconf 83' lang='lat' dir='ltr'><strong>velle</strong></span> <span class='ocrx_word' id='word_1_546' title='bbox 1538 1160 1567 1183; x_wconf 89' lang='lat' dir='ltr'><strong>ut</strong></span> <span class='ocrx_word' id='word_1_547' title='bbox 1585 1155 1638 1182; x_wconf 85' lang='lat' dir='ltr'><strong>alia</strong></span> <span class='ocrx_word' id='word_1_548' title='bbox 1654 1153 1688 1180; x_wconf 87' lang='lat' dir='ltr'><strong>de</strong></span> 
     </span>
    </p>
   </div>
   <div class='ocr_carea' id='block_1_68' title="bbox 896 1200 1688 1248">
    <p class='ocr_par' dir='ltr' id='par_1_68' title="bbox 896 1200 1688 1248">
     <span class='ocr_line' id='line_1_68' title="bbox 896 1200 1688 1248; baseline -0.021 -7"><span class='ocrx_word' id='word_1_549' title='bbox 896 1214 977 1241; x_wconf 84' lang='lat' dir='ltr'><strong>Patre</strong></span> <span class='ocrx_word' id='word_1_550' title='bbox 991 1213 1082 1248; x_wconf 85' lang='lat' dir='ltr'><strong>qualia</strong></span> <span class='ocrx_word' id='word_1_551' title='bbox 1095 1215 1122 1238; x_wconf 90' lang='lat' dir='ltr'><strong>et</strong></span> <span class='ocrx_word' id='word_1_552' title='bbox 1140 1211 1174 1237; x_wconf 91' lang='lat' dir='ltr'><strong>de</strong></span> <span class='ocrx_word' id='word_1_553' title='bbox 1193 1210 1254 1244; x_wconf 89' lang='lat' dir='ltr'><strong>ipso</strong></span> <span class='ocrx_word' id='word_1_554' title='bbox 1270 1205 1445 1235; x_wconf 81' lang='lat' dir='ltr'><strong>sentiamus?</strong></span> <span class='ocrx_word' id='word_1_555' title='bbox 1463 1203 1582 1229; x_wconf 82' lang='lat' dir='ltr'><strong>Finitum</strong></span> <span class='ocrx_word' id='word_1_556' title='bbox 1604 1200 1688 1234; x_wconf 78' lang='lat' dir='ltr'><strong>igitur</strong></span> 
     </span>
    </p>
   </div>
   <div class='ocr_carea' id='block_1_69' title="bbox 897 1245 1687 1296">
    <p class='ocr_par' dir='ltr' id='par_1_69' title="bbox 897 1245 1687 1296">
     <span class='ocr_line' id='line_1_69' title="bbox 897 1245 1687 1296; baseline -0.023 -8"><span class='ocrx_word' id='word_1_557' title='bbox 897 1269 958 1290; x_wconf 79' lang='lat' dir='ltr'><strong>esse</strong></span> <span class='ocrx_word' id='word_1_558' title='bbox 974 1266 1084 1296; x_wconf 88' lang='lat' dir='ltr'><strong>quoque</strong></span> <span class='ocrx_word' id='word_1_559' title='bbox 1109 1255 1192 1291; x_wconf 75' lang='lat'><strong>788</strong></span> <span class='ocrx_word' id='word_1_560' title='bbox 1214 1253 1322 1281; x_wconf 84' lang='lat' dir='ltr'><strong>Patrem</strong></span> <span class='ocrx_word' id='word_1_561' title='bbox 1343 1254 1474 1286; x_wconf 84' lang='lat' dir='ltr'><strong>oportet:</strong></span> <span class='ocrx_word' id='word_1_562' title='bbox 1495 1253 1538 1275; x_wconf 88' lang='lat' dir='ltr'><strong>est</strong></span> <span class='ocrx_word' id='word_1_563' title='bbox 1561 1246 1634 1274; x_wconf 89' lang='lat' dir='ltr'><strong>enim</strong></span> <span class='ocrx_word' id='word_1_564' title='bbox 1661 1245 1687 1270; x_wconf 91' lang='lat' dir='ltr'><strong>in</strong></span> 
     </span>
    </p>
   </div>
   <div class='ocr_carea' id='block_1_70' title="bbox 899 1291 1690 1338">
    <p class='ocr_par' dir='ltr' id='par_1_70' title="bbox 899 1291 1690 1338">
     <span class='ocr_line' id='line_1_70' title="bbox 899 1291 1690 1338; baseline -0.025 -3"><span class='ocrx_word' id='word_1_565' title='bbox 899 1291 1104 1338; x_wconf 49' lang='lat' dir='ltr'><strong>Filio.&#39;Qli:erat</strong></span> <span class='ocrx_word' id='word_1_566' title='bbox 1119 1303 1209 1335; x_wconf 80' lang='lat' dir='ltr'><strong>itaque</strong></span> <span class='ocrx_word' id='word_1_567' title='bbox 1225 1299 1336 1326; x_wconf 88' lang='lat' dir='ltr'><strong>demum</strong></span> <span class='ocrx_word' id='word_1_568' title='bbox 1351 1296 1499 1324; x_wconf 63' lang='lat' dir='ltr'><strong>haereticus</strong></span> <span class='ocrx_word' id='word_1_569' title='bbox 1517 1293 1579 1328; x_wconf 85' lang='lat' dir='ltr'><strong>quis</strong></span> <span class='ocrx_word' id='word_1_570' title='bbox 1601 1291 1690 1325; x_wconf 79' lang='lat' dir='ltr'><strong>major</strong></span> 
     </span>
    </p>
   </div>
   <div class='ocr_carea' id='block_1_71' title="bbox 898 1338 1689 1381">
    <p class='ocr_par' dir='ltr' id='par_1_71' title="bbox 898 1338 1689 1381">
     <span class='ocr_line' id='line_1_71' title="bbox 898 1338 1689 1381; baseline -0.024 0"><span class='ocrx_word' id='word_1_571' title='bbox 898 1361 930 1381; x_wconf 92' lang='lat' dir='ltr'><strong>eo</strong></span> <span class='ocrx_word' id='word_1_572' title='bbox 949 1353 1002 1379; x_wconf 85' lang='lat' dir='ltr'><strong>sit:</strong></span> <span class='ocrx_word' id='word_1_573' title='bbox 1021 1358 1074 1377; x_wconf 92' lang='lat' dir='ltr'><strong>non</strong></span> <span class='ocrx_word' id='word_1_574' title='bbox 1094 1348 1166 1375; x_wconf 90' lang='lat' dir='ltr'><strong>enim</strong></span> <span class='ocrx_word' id='word_1_575' title='bbox 1183 1345 1304 1381; x_wconf 80' lang='lat' dir='ltr'><strong>cogitare</strong></span> <span class='ocrx_word' id='word_1_576' title='bbox 1317 1348 1365 1370; x_wconf 90' lang='lat' dir='ltr'><strong>aut</strong></span> <span class='ocrx_word' id='word_1_577' title='bbox 1377 1343 1471 1370; x_wconf 83' lang='lat' dir='ltr'><strong>dicere</strong></span> <span class='ocrx_word' id='word_1_578' title='bbox 1496 1340 1537 1367; x_wconf 88' lang='lat' dir='ltr'><strong>fas</strong></span> <span class='ocrx_word' id='word_1_579' title='bbox 1551 1338 1619 1365; x_wconf 90' lang='lat' dir='ltr'><strong>mihi</strong></span> <span class='ocrx_word' id='word_1_580' title='bbox 1636 1342 1689 1367; x_wconf 84' lang='lat' dir='ltr'><strong>est,</strong></span> 
     </span>
    </p>
   </div>
   <div class='ocr_carea' id='block_1_72' title="bbox 900 1383 1690 1430">
    <p class='ocr_par' dir='ltr' id='par_1_72' title="bbox 900 1383 1690 1430">
     <span class='ocr_line' id='line_1_72' title="bbox 900 1383 1690 1430; baseline -0.023 -4"><span class='ocrx_word' id='word_1_581' title='bbox 900 1408 949 1427; x_wconf 79' lang='lat' dir='ltr'><strong>nec</strong></span> <span class='ocrx_word' id='word_1_582' title='bbox 968 1398 1039 1425; x_wconf 88' lang='lat' dir='ltr'><strong>enim</strong></span> <span class='ocrx_word' id='word_1_583' title='bbox 1059 1395 1160 1430; x_wconf 84' lang='lat' dir='ltr'><strong>partim</strong></span> <span class='ocrx_word' id='word_1_584' title='bbox 1178 1392 1289 1427; x_wconf 79' lang='lat' dir='ltr'><strong>quidem</strong></span> <span class='ocrx_word' id='word_1_585' title='bbox 1314 1389 1404 1416; x_wconf 82' lang='lat' dir='ltr'><strong>Patris</strong></span> <span class='ocrx_word' id='word_1_586' title='bbox 1419 1388 1472 1414; x_wconf 88' lang='lat' dir='ltr'><strong>erit</strong></span> <span class='ocrx_word' id='word_1_587' title='bbox 1488 1387 1578 1420; x_wconf 78' lang='lat' dir='ltr'><strong>imago</strong></span> <span class='ocrx_word' id='word_1_588' title='bbox 1592 1383 1690 1414; x_wconf 83' lang='lat' dir='ltr'><strong>Filius.</strong></span> 
     </span>
    </p>
   </div>
   <div class='ocr_carea' id='block_1_73' title="bbox 901 1429 1694 1481">
    <p class='ocr_par' dir='ltr' id='par_1_73' title="bbox 901 1429 1694 1481">
     <span class='ocr_line' id='line_1_73' title="bbox 901 1429 1694 1481; baseline -0.023 -8"><span class='ocrx_word' id='word_1_589' title='bbox 901 1446 1000 1481; x_wconf 83' lang='lat' dir='ltr'><strong>partim</strong></span> <span class='ocrx_word' id='word_1_590' title='bbox 1018 1450 1084 1470; x_wconf 90' lang='lat' dir='ltr'><strong>vero</strong></span> <span class='ocrx_word' id='word_1_591' title='bbox 1099 1448 1156 1468; x_wconf 88' lang='lat' dir='ltr'><strong>non</strong></span> <span class='ocrx_word' id='word_1_592' title='bbox 1174 1440 1238 1466; x_wconf 86' lang='lat' dir='ltr'><strong>erit.</strong></span> <span class='ocrx_word' id='word_1_593' title='bbox 1259 1437 1328 1464; x_wconf 87' lang='lat' dir='ltr'><strong>Nam</strong></span> <span class='ocrx_word' id='word_1_594' title='bbox 1354 1436 1378 1463; x_wconf 87' lang='lat' dir='ltr'><strong>si</strong></span> <span class='ocrx_word' id='word_1_595' title='bbox 1400 1434 1513 1461; x_wconf 92' lang='lat' dir='ltr'><strong>omnino</strong></span> <span class='ocrx_word' id='word_1_596' title='bbox 1540 1431 1622 1458; x_wconf 79' lang='lat' dir='ltr'><strong>habet</strong></span> <span class='ocrx_word' id='word_1_597' title='bbox 1642 1429 1694 1456; x_wconf 86' lang='lat' dir='ltr'><strong>ali-</strong></span> 
     </span>
    </p>
   </div>
   <div class='ocr_carea' id='block_1_74' title="bbox 900 1476 1693 1527">
    <p class='ocr_par' dir='ltr' id='par_1_74' title="bbox 900 1476 1693 1527">
     <span class='ocr_line' id='line_1_74' title="bbox 900 1476 1693 1527; baseline -0.024 -8"><span class='ocrx_word' id='word_1_598' title='bbox 900 1476 965 1527; x_wconf 77' lang='lat' dir='ltr'><strong>quid</strong></span> <span class='ocrx_word' id='word_1_599' title='bbox 982 1489 1055 1525; x_wconf 90' lang='lat' dir='ltr'><strong>quod</strong></span> <span class='ocrx_word' id='word_1_600' title='bbox 1080 1484 1308 1523; x_wconf 80' lang='lat' dir='ltr'><strong>perfectissimam</strong></span> <span class='ocrx_word' id='word_1_601' title='bbox 1332 1479 1545 1509; x_wconf 84' lang='lat' dir='ltr'><strong>similitudinem</strong></span> <span class='ocrx_word' id='word_1_602' title='bbox 1570 1476 1693 1506; x_wconf 81' lang='lat' dir='ltr'><strong>dirimat,</strong></span> 
     </span>
    </p>
   </div>
   <div class='ocr_carea' id='block_1_75' title="bbox 900 1521 1694 1570">
    <p class='ocr_par' dir='ltr' id='par_1_75' title="bbox 900 1521 1694 1570">
     <span class='ocr_line' id='line_1_75' title="bbox 900 1521 1694 1570; baseline -0.024 -4"><span class='ocrx_word' id='word_1_603' title='bbox 900 1521 955 1566; x_wconf 76' lang='lat' dir='ltr'><strong>non</strong></span> <span class='ocrx_word' id='word_1_604' title='bbox 980 1521 1032 1564; x_wconf 73' lang='lat' dir='ltr'><strong>erit</strong></span> <span class='ocrx_word' id='word_1_605' title='bbox 1053 1521 1178 1570; x_wconf 75' lang='lat' dir='ltr'><strong>perfecta</strong></span> <span class='ocrx_word' id='word_1_606' title='bbox 1198 1535 1225 1558; x_wconf 86' lang='lat' dir='ltr'><strong>et</strong></span> <span class='ocrx_word' id='word_1_607' title='bbox 1250 1528 1339 1557; x_wconf 89' lang='lat' dir='ltr'><strong>solida</strong></span> <span class='ocrx_word' id='word_1_608' title='bbox 1356 1528 1457 1561; x_wconf 81' lang='lat' dir='ltr'><strong>imago.</strong></span> <span class='ocrx_word' id='word_1_609' title='bbox 1476 1527 1510 1552; x_wconf 81' lang='lat' dir='ltr'><strong>At</strong></span> <span class='ocrx_word' id='word_1_610' title='bbox 1536 1523 1648 1551; x_wconf 90' lang='lat' dir='ltr'><strong>ubinam</strong></span> <span class='ocrx_word' id='word_1_611' title='bbox 1667 1521 1694 1547; x_wconf 79' lang='lat' dir='ltr'><strong>id</strong></span> 
     </span>
    </p>
   </div>
   <div class='ocr_carea' id='block_1_76' title="bbox 903 1567 1696 1612">
    <p class='ocr_par' dir='ltr' id='par_1_76' title="bbox 903 1567 1696 1612">
     <span class='ocr_line' id='line_1_76' title="bbox 903 1567 1696 1612; baseline -0.024 0"><span class='ocrx_word' id='word_1_612' title='bbox 903 1586 930 1612; x_wconf 92' lang='lat' dir='ltr'><strong>in</strong></span> <span class='ocrx_word' id='word_1_613' title='bbox 946 1582 1035 1612; x_wconf 87' lang='lat' dir='ltr'><strong>sacris</strong></span> <span class='ocrx_word' id='word_1_614' title='bbox 1050 1579 1163 1608; x_wconf 88' lang='lat' dir='ltr'><strong>Litteris</strong></span> <span class='ocrx_word' id='word_1_615' title='bbox 1176 1575 1320 1612; x_wconf 72' lang='lat' dir='ltr'><strong>reperies?</strong></span> <span class='ocrx_word' id='word_1_616' title='bbox 1335 1581 1386 1601; x_wconf 79' lang='lat' dir='ltr'><strong>nec</strong></span> <span class='ocrx_word' id='word_1_617' title='bbox 1398 1573 1472 1600; x_wconf 90' lang='lat' dir='ltr'><strong>enim</strong></span> <span class='ocrx_word' id='word_1_618' title='bbox 1489 1571 1542 1598; x_wconf 88' lang='lat' dir='ltr'><strong>tuis</strong></span> <span class='ocrx_word' id='word_1_619' title='bbox 1559 1567 1696 1596; x_wconf 86' lang='lat' dir='ltr'><strong>sermoni-</strong></span> 
     </span>
    </p>
   </div>
   <div class='ocr_carea' id='block_1_77' title="bbox 905 1616 1694 1663">
    <p class='ocr_par' dir='ltr' id='par_1_77' title="bbox 905 1616 1694 1663">
     <span class='ocr_line' id='line_1_77' title="bbox 905 1616 1694 1663; baseline -0.024 -5"><span class='ocrx_word' id='word_1_620' title='bbox 905 1632 956 1658; x_wconf 87' lang='lat' dir='ltr'><strong>bus</strong></span> <span class='ocrx_word' id='word_1_621' title='bbox 973 1627 1097 1663; x_wconf 84' lang='lat' dir='ltr'><strong>persuasi</strong></span> <span class='ocrx_word' id='word_1_622' title='bbox 1114 1629 1218 1652; x_wconf 87' lang='lat' dir='ltr'><strong>reetam</strong></span> <span class='ocrx_word' id='word_1_623' title='bbox 1231 1628 1376 1650; x_wconf 83' lang='lat' dir='ltr'><strong>sacrorum</strong></span> <span class='ocrx_word' id='word_1_624' title='bbox 1387 1619 1548 1653; x_wconf 72' lang='lat' dir='ltr'><strong>dogmatum</strong></span> <span class='ocrx_word' id='word_1_625' title='bbox 1558 1616 1694 1642; x_wconf 88' lang='lat' dir='ltr'><strong>rationem</strong></span> 
     </span>
    </p>
   </div>
   <div class='ocr_carea' id='block_1_78' title="bbox 904 1659 1697 1709">
    <p class='ocr_par' dir='ltr' id='par_1_78' title="bbox 904 1659 1697 1709">
     <span class='ocr_line' id='line_1_78' title="bbox 904 1659 1697 1709; baseline -0.024 -6"><span class='ocrx_word' id='word_1_626' title='bbox 904 1675 1072 1709; x_wconf 88' lang='lat' dir='ltr'><strong>rejiciemus.</strong></span> <span class='ocrx_word' id='word_1_627' title='bbox 1089 1670 1158 1698; x_wconf 91' lang='lat' dir='ltr'><strong>Illud</strong></span> <span class='ocrx_word' id='word_1_628' title='bbox 1181 1667 1275 1695; x_wconf 85' lang='lat' dir='ltr'><strong>mirari</strong></span> <span class='ocrx_word' id='word_1_629' title='bbox 1298 1666 1384 1697; x_wconf 85' lang='lat' dir='ltr'><strong>subit,</strong></span> <span class='ocrx_word' id='word_1_630' title='bbox 1399 1662 1539 1698; x_wconf 90' lang='lat' dir='ltr'><strong>quomodo</strong></span> <span class='ocrx_word' id='word_1_631' title='bbox 1559 1659 1697 1693; x_wconf 77' lang='lat' dir='ltr'><strong>subjicere</strong></span> 
     </span>
    </p>
   </div>
   <div class='ocr_carea' id='block_1_79' title="bbox 905 1704 1698 1750">
    <p class='ocr_par' dir='ltr' id='par_1_79' title="bbox 905 1704 1698 1750">
     <span class='ocr_line' id='line_1_79' title="bbox 905 1704 1698 1750; baseline -0.024 -1"><span class='ocrx_word' id='word_1_632' title='bbox 905 1704 964 1749; x_wconf 71' lang='lat' dir='ltr'><strong>arisi</strong></span> <span class='ocrx_word' id='word_1_633' title='bbox 981 1720 1055 1747; x_wconf 86' lang='lat' dir='ltr'><strong>sint:</strong></span> <span class='ocrx_word' id='word_1_634' title='bbox 1074 1713 1310 1750; x_wconf 80' lang='lat' dir='ltr'><strong>Quemadmodum</strong></span> <span class='ocrx_word' id='word_1_635' title='bbox 1323 1711 1427 1738; x_wconf 80' lang='lat' dir='ltr'><strong>Paulus</strong></span> <span class='ocrx_word' id='word_1_636' title='bbox 1446 1709 1586 1736; x_wconf 87' lang='lat' dir='ltr'><strong>Christum</strong></span> <span class='ocrx_word' id='word_1_637' title='bbox 1613 1704 1698 1732; x_wconf 88' lang='lat' dir='ltr'><strong>habe-</strong></span> 
     </span>
    </p>
   </div>
   <div class='ocr_carea' id='block_1_80' title="bbox 906 1757 1699 1799">
    <p class='ocr_par' dir='ltr' id='par_1_80' title="bbox 906 1757 1699 1799">
     <span class='ocr_line' id='line_1_80' title="bbox 906 1757 1699 1799; baseline -0.025 -3"><span class='ocrx_word' id='word_1_638' title='bbox 906 1769 952 1796; x_wconf 90' lang='lat' dir='ltr'><strong>bat</strong></span> <span class='ocrx_word' id='word_1_639' title='bbox 977 1768 1005 1794; x_wconf 90' lang='lat' dir='ltr'><strong>in</strong></span> <span class='ocrx_word' id='word_1_640' title='bbox 1030 1765 1124 1799; x_wconf 89' lang='lat' dir='ltr'><strong>seipso</strong></span> <span class='ocrx_word' id='word_1_641' title='bbox 1149 1763 1305 1795; x_wconf 83' lang='lat' dir='ltr'><strong>loquentem</strong></span> <span class='ocrx_word' id='word_1_642' title='bbox 1331 1761 1358 1785; x_wconf 89' lang='lat' dir='ltr'><strong>et</strong></span> <span class='ocrx_word' id='word_1_643' title='bbox 1381 1757 1500 1784; x_wconf 88' lang='lat' dir='ltr'><strong>virtutes</strong></span> <span class='ocrx_word' id='word_1_644' title='bbox 1524 1757 1699 1788; x_wconf 79' lang='lat' dir='ltr'><strong>operantem,</strong></span> 
     </span>
    </p>
   </div>
   <div class='ocr_carea' id='block_1_81' title="bbox 905 1797 1699 1842">
    <p class='ocr_par' dir='ltr' id='par_1_81' title="bbox 905 1797 1699 1842">
     <span class='ocr_line' id='line_1_81' title="bbox 905 1797 1699 1842; baseline -0.025 0"><span class='ocrx_word' id='word_1_645' title='bbox 905 1813 1001 1842; x_wconf 79' lang='lat' dir='ltr'><strong>eodem</strong></span> <span class='ocrx_word' id='word_1_646' title='bbox 1016 1797 1097 1838; x_wconf 83' lang='lat' dir='ltr'><strong>modo</strong></span> <span class='ocrx_word' id='word_1_647' title='bbox 1115 1813 1141 1836; x_wconf 91' lang='lat' dir='ltr'><strong>et</strong></span> <span class='ocrx_word' id='word_1_648' title='bbox 1156 1807 1244 1834; x_wconf 79' lang='lat' dir='ltr'><strong>Filius</strong></span> <span class='ocrx_word' id='word_1_649' title='bbox 1261 1805 1369 1832; x_wconf 82' lang='lat' dir='ltr'><strong>Patrem</strong></span> <span class='ocrx_word' id='word_1_650' title='bbox 1389 1804 1545 1837; x_wconf 84' lang='lat' dir='ltr'><strong>loquentem</strong></span> <span class='ocrx_word' id='word_1_651' title='bbox 1571 1803 1598 1825; x_wconf 81' lang='lat' dir='ltr'><strong>et</strong></span> <span class='ocrx_word' id='word_1_652' title='bbox 1620 1797 1699 1831; x_wconf 79' lang='lat' dir='ltr'><strong>signa</strong></span> 
     </span>
    </p>
   </div>
   <div class='ocr_carea' id='block_1_82' title="bbox 907 1843 1701 1889">
    <p class='ocr_par' dir='ltr' id='par_1_82' title="bbox 907 1843 1701 1889">
     <span class='ocr_line' id='line_1_82' title="bbox 907 1843 1701 1889; baseline -0.026 0"><span class='ocrx_word' id='word_1_653' title='bbox 907 1861 1032 1889; x_wconf 85' lang='lat' dir='ltr'><strong>edentem</strong></span> <span class='ocrx_word' id='word_1_654' title='bbox 1058 1855 1179 1884; x_wconf 84' lang='lat' dir='ltr'><strong>habebat</strong></span> <span class='ocrx_word' id='word_1_655' title='bbox 1197 1854 1225 1880; x_wconf 87' lang='lat' dir='ltr'><strong>iu</strong></span> <span class='ocrx_word' id='word_1_656' title='bbox 1247 1853 1350 1887; x_wconf 87' lang='lat' dir='ltr'><strong>seipso.</strong></span> <span class='ocrx_word' id='word_1_657' title='bbox 1378 1849 1457 1877; x_wconf 89' lang='lat' dir='ltr'><strong>Unde</strong></span> <span class='ocrx_word' id='word_1_658' title='bbox 1477 1848 1536 1874; x_wconf 84' lang='lat' dir='ltr'><strong>ait:</strong></span> <span class='ocrx_word' id='word_1_659' title='bbox 1560 1855 1569 1871; x_wconf 77' lang='lat'><strong>(</strong></span> <span class='ocrx_word' id='word_1_660' title='bbox 1590 1843 1701 1872; x_wconf 88' lang='lat' dir='ltr'><strong>Credite</strong></span> 
     </span>
    </p>
   </div>
   <div class='ocr_carea' id='block_1_83' title="bbox 908 1892 1696 1943">
    <p class='ocr_par' dir='ltr' id='par_1_83' title="bbox 908 1892 1696 1943">
     <span class='ocr_line' id='line_1_83' title="bbox 908 1892 1696 1943; baseline -0.025 -8"><span class='ocrx_word' id='word_1_661' title='bbox 908 1907 971 1943; x_wconf 85' lang='lat' dir='ltr'><strong>quia</strong></span> <span class='ocrx_word' id='word_1_662' title='bbox 983 1913 1034 1941; x_wconf 74' lang='lat' dir='ltr'><strong>ego</strong></span> <span class='ocrx_word' id='word_1_663' title='bbox 1050 1905 1076 1931; x_wconf 95' lang='lat' dir='ltr'><strong>in</strong></span> <span class='ocrx_word' id='word_1_664' title='bbox 1094 1903 1186 1933; x_wconf 73' lang='lat' dir='ltr'><strong>Putre,</strong></span> <span class='ocrx_word' id='word_1_665' title='bbox 1203 1906 1230 1929; x_wconf 83' lang='lat' dir='ltr'><strong>et</strong></span> <span class='ocrx_word' id='word_1_666' title='bbox 1243 1900 1323 1927; x_wconf 84' lang='lat' dir='ltr'><strong>Pater</strong></span> <span class='ocrx_word' id='word_1_667' title='bbox 1339 1899 1367 1925; x_wconf 89' lang='lat' dir='ltr'><strong>in</strong></span> <span class='ocrx_word' id='word_1_668' title='bbox 1385 1905 1429 1924; x_wconf 91' lang='lat' dir='ltr'><strong>me</strong></span> <span class='ocrx_word' id='word_1_669' title='bbox 1446 1899 1498 1927; x_wconf 87' lang='lat' dir='ltr'><strong>est,</strong></span> <span class='ocrx_word' id='word_1_670' title='bbox 1514 1892 1616 1926; x_wconf 84' lang='lat' dir='ltr'><strong>alioqui</strong></span> <span class='ocrx_word' id='word_1_671' title='bbox 1633 1897 1696 1925; x_wconf 87' lang='lat' dir='ltr'><strong>pro-</strong></span> 
     </span>
    </p>
   </div>
   <div class='ocr_carea' id='block_1_84' title="bbox 910 1936 1703 1990">
    <p class='ocr_par' dir='ltr' id='par_1_84' title="bbox 910 1936 1703 1990">
     <span class='ocr_line' id='line_1_84' title="bbox 910 1936 1703 1990; baseline -0.025 -9"><span class='ocrx_word' id='word_1_672' title='bbox 910 1958 972 1990; x_wconf 82' lang='lat' dir='ltr'><strong>pter</strong></span> <span class='ocrx_word' id='word_1_673' title='bbox 989 1958 1073 1987; x_wconf 90' lang='lat' dir='ltr'><strong>opera</strong></span> <span class='ocrx_word' id='word_1_674' title='bbox 1095 1950 1155 1984; x_wconf 86' lang='lat' dir='ltr'><strong>ipsa</strong></span> <span class='ocrx_word' id='word_1_675' title='bbox 1178 1947 1293 1975; x_wconf 86' lang='lat' dir='ltr'><strong>credite.</strong></span> <span class='ocrx_word' id='word_1_676' title='bbox 1323 1954 1332 1970; x_wconf 86' lang='grc'><strong>1</strong></span> <span class='ocrx_word' id='word_1_677' title='bbox 1348 1943 1449 1970; x_wconf 86' lang='lat' dir='ltr'><strong>Verum</strong></span> <span class='ocrx_word' id='word_1_678' title='bbox 1476 1940 1540 1975; x_wconf 86' lang='lat' dir='ltr'><strong>quis</strong></span> <span class='ocrx_word' id='word_1_679' title='bbox 1565 1936 1703 1964; x_wconf 86' lang='lat' dir='ltr'><strong>Christia-</strong></span> 
     </span>
    </p>
   </div>
   <div class='ocr_carea' id='block_1_85' title="bbox 911 1985 1702 2032">
    <p class='ocr_par' dir='ltr' id='par_1_85' title="bbox 911 1985 1702 2032">
     <span class='ocr_line' id='line_1_85' title="bbox 911 1985 1702 2032; baseline -0.025 -4"><span class='ocrx_word' id='word_1_680' title='bbox 911 2008 976 2028; x_wconf 90' lang='lat' dir='ltr'><strong>num</strong></span> <span class='ocrx_word' id='word_1_681' title='bbox 997 1996 1170 2032; x_wconf 84' lang='lat' dir='ltr'><strong>uuncupabit</strong></span> <span class='ocrx_word' id='word_1_682' title='bbox 1186 1995 1262 2021; x_wconf 87' lang='lat' dir='ltr'><strong>illum</strong></span> <span class='ocrx_word' id='word_1_683' title='bbox 1293 1991 1341 2027; x_wconf 89' lang='lat' dir='ltr'><strong>qui</strong></span> <span class='ocrx_word' id='word_1_684' title='bbox 1359 1991 1425 2017; x_wconf 87' lang='lat' dir='ltr'><strong>talia</strong></span> <span class='ocrx_word' id='word_1_685' title='bbox 1444 1989 1478 2015; x_wconf 89' lang='lat' dir='ltr'><strong>de</strong></span> <span class='ocrx_word' id='word_1_686' title='bbox 1504 1985 1619 2014; x_wconf 72' lang='lat' dir='ltr'><strong>Christo</strong></span> <span class='ocrx_word' id='word_1_687' title='bbox 1636 1991 1702 2010; x_wconf 88' lang='lat' dir='ltr'><strong>seu-</strong></span> 
     </span>
    </p>
   </div>
   <div class='ocr_carea' id='block_1_86' title="bbox 911 2031 1702 2079">
    <p class='ocr_par' dir='ltr' id='par_1_86' title="bbox 911 2031 1702 2079">
     <span class='ocr_line' id='line_1_86' title="bbox 911 2031 1702 2079; baseline -0.025 -5"><span class='ocrx_word' id='word_1_688' title='bbox 911 2049 961 2074; x_wconf 83' lang='lat' dir='ltr'><strong>tiat</strong></span> <span class='ocrx_word' id='word_1_689' title='bbox 978 2053 1010 2073; x_wconf 88' lang='lat' dir='ltr'><strong>ac</strong></span> <span class='ocrx_word' id='word_1_690' title='bbox 1033 2041 1188 2079; x_wconf 82' lang='lat' dir='ltr'><strong>loquatur?</strong></span> <span class='ocrx_word' id='word_1_691' title='bbox 1204 2040 1274 2067; x_wconf 83' lang='lat' dir='ltr'><strong>Ecce</strong></span> <span class='ocrx_word' id='word_1_692' title='bbox 1289 2039 1373 2068; x_wconf 74' lang='lat' dir='ltr'><strong>enim,</strong></span> <span class='ocrx_word' id='word_1_693' title='bbox 1387 2043 1452 2062; x_wconf 88' lang='lat' dir='ltr'><strong>ecce</strong></span> <span class='ocrx_word' id='word_1_694' title='bbox 1470 2041 1525 2060; x_wconf 91' lang='lat' dir='ltr'><strong>non</strong></span> <span class='ocrx_word' id='word_1_695' title='bbox 1539 2032 1594 2066; x_wconf 84' lang='lat' dir='ltr'><strong>jam</strong></span> <span class='ocrx_word' id='word_1_696' title='bbox 1613 2031 1702 2064; x_wconf 73' lang='lat' dir='ltr'><strong>ipsum</strong></span> 
     </span>
    </p>
   </div>
   <div class='ocr_carea' id='block_1_87' title="bbox 912 2077 1703 2121">
    <p class='ocr_par' dir='ltr' id='par_1_87' title="bbox 912 2077 1703 2121">
     <span class='ocr_line' id='line_1_87' title="bbox 912 2077 1703 2121; baseline -0.023 -2"><span class='ocrx_word' id='word_1_697' title='bbox 912 2101 975 2121; x_wconf 83' lang='lat' dir='ltr'><strong>vere</strong></span> <span class='ocrx_word' id='word_1_698' title='bbox 992 2077 1077 2118; x_wconf 80' lang='lat' dir='ltr'><strong>Deum</strong></span> <span class='ocrx_word' id='word_1_699' title='bbox 1097 2088 1177 2120; x_wconf 88' lang='lat' dir='ltr'><strong>dicit,</strong></span> <span class='ocrx_word' id='word_1_700' title='bbox 1199 2086 1248 2114; x_wconf 87' lang='lat' dir='ltr'><strong>sed</strong></span> <span class='ocrx_word' id='word_1_701' title='bbox 1266 2083 1403 2120; x_wconf 64' lang='lat' dir='ltr'><strong>praecipiti</strong></span> <span class='ocrx_word' id='word_1_702' title='bbox 1431 2080 1546 2107; x_wconf 87' lang='lat' dir='ltr'><strong>audacia</strong></span> <span class='ocrx_word' id='word_1_703' title='bbox 1574 2077 1703 2110; x_wconf 73' lang='lat' dir='ltr'><strong>afﬁngens</strong></span> 
     </span>
    </p>
   </div>
   <div class='ocr_carea' id='block_1_88' title="bbox 913 2122 1704 2173">
    <p class='ocr_par' dir='ltr' id='par_1_88' title="bbox 913 2122 1704 2173">
     <span class='ocr_line' id='line_1_88' title="bbox 913 2122 1704 2173; baseline -0.027 -6"><span class='ocrx_word' id='word_1_704' title='bbox 913 2140 938 2167; x_wconf 85' lang='lat' dir='ltr'><strong>ei</strong></span> <span class='ocrx_word' id='word_1_705' title='bbox 957 2138 1032 2173; x_wconf 90' lang='lat' dir='ltr'><strong>quod</strong></span> <span class='ocrx_word' id='word_1_706' title='bbox 1054 2135 1193 2163; x_wconf 85' lang='lat' dir='ltr'><strong>creaturis</strong></span> <span class='ocrx_word' id='word_1_707' title='bbox 1220 2130 1371 2159; x_wconf 80' lang='lat' dir='ltr'><strong>convenit.</strong></span> <span class='ocrx_word' id='word_1_708' title='bbox 1397 2126 1532 2155; x_wconf 83' lang='lat' dir='ltr'><strong>dciferum</strong></span> <span class='ocrx_word' id='word_1_709' title='bbox 1555 2122 1704 2158; x_wconf 86' lang='lat' dir='ltr'><strong>quemdam</strong></span> 
     </span>
    </p>
   </div>
   <div class='ocr_carea' id='block_1_89' title="bbox 915 2168 1704 2219">
    <p class='ocr_par' dir='ltr' id='par_1_89' title="bbox 915 2168 1704 2219">
     <span class='ocr_line' id='line_1_89' title="bbox 915 2168 1704 2219; baseline -0.027 -6"><span class='ocrx_word' id='word_1_710' title='bbox 915 2185 1020 2219; x_wconf 85' lang='lat' dir='ltr'><strong>Deique</strong></span> <span class='ocrx_word' id='word_1_711' title='bbox 1036 2181 1211 2218; x_wconf 86' lang='lat' dir='ltr'><strong>participem,</strong></span> <span class='ocrx_word' id='word_1_712' title='bbox 1224 2178 1283 2206; x_wconf 76' lang='lat' dir='ltr'><strong>Sive</strong></span> <span class='ocrx_word' id='word_1_713' title='bbox 1297 2184 1330 2203; x_wconf 83' lang='lat' dir='ltr'><strong>ex</strong></span> <span class='ocrx_word' id='word_1_714' title='bbox 1349 2175 1406 2202; x_wconf 87' lang='lat' dir='ltr'><strong>Deo</strong></span> <span class='ocrx_word' id='word_1_715' title='bbox 1428 2175 1604 2208; x_wconf 88' lang='lat' dir='ltr'><strong>procreatum</strong></span> <span class='ocrx_word' id='word_1_716' title='bbox 1621 2168 1704 2195; x_wconf 85' lang='lat' dir='ltr'><strong>Deum</strong></span> 
     </span>
    </p>
   </div>
   <div class='ocr_carea' id='block_1_90' title="bbox 915 2215 1707 2267">
    <p class='ocr_par' dir='ltr' id='par_1_90' title="bbox 915 2215 1707 2267">
     <span class='ocr_line' id='line_1_90' title="bbox 915 2215 1707 2267; baseline -0.025 -8"><span class='ocrx_word' id='word_1_717' title='bbox 915 2215 1055 2267; x_wconf 70' lang='lat' dir='ltr'><strong>praedicat.</strong></span> <span class='ocrx_word' id='word_1_718' title='bbox 1078 2227 1109 2255; x_wconf 87' lang='lat' dir='ltr'><strong>Ei</strong></span> <span class='ocrx_word' id='word_1_719' title='bbox 1123 2215 1226 2261; x_wconf 84' lang='lat' dir='ltr'><strong>quippe</strong></span> <span class='ocrx_word' id='word_1_720' title='bbox 1242 2222 1417 2259; x_wconf 82' lang='lat' dir='ltr'><strong>propositum</strong></span> <span class='ocrx_word' id='word_1_721' title='bbox 1436 2224 1478 2247; x_wconf 68' lang='grc' dir='ltr'><strong>ρει</strong></span> <span class='ocrx_word' id='word_1_722' title='bbox 1503 2217 1578 2244; x_wconf 92' lang='lat' dir='ltr'><strong>omni</strong></span> <span class='ocrx_word' id='word_1_723' title='bbox 1599 2215 1707 2242; x_wconf 86' lang='lat' dir='ltr'><strong>ratione</strong></span> 
     </span>
    </p>
   </div>
   <div class='ocr_carea' id='block_1_91' title="bbox 78 2266 851 2320">
    <p class='ocr_par' dir='ltr' id='par_1_91' title="bbox 78 2266 851 2320">
     <span class='ocr_line' id='line_1_91' title="bbox 78 2266 851 2320; baseline -0.006 -10"><span class='ocrx_word' id='word_1_724' title='bbox 78 2285 168 2320; x_wconf 80' lang='grc' dir='ltr'>τρόπον</span> <span class='ocrx_word' id='word_1_725' title='bbox 181 2286 227 2312; x_wconf 83' lang='grc' dir='ltr'>καὶ</span> <span class='ocrx_word' id='word_1_726' title='bbox 246 2287 261 2312; x_wconf 86' lang='grc' dir='ltr'>ὁ</span> <span class='ocrx_word' id='word_1_727' title='bbox 282 2266 344 2316; x_wconf 61' lang='grc' dir='ltr'>Υὶδς</span> <span class='ocrx_word' id='word_1_728' title='bbox 366 2284 411 2310; x_wconf 81' lang='grc' dir='ltr'>τὸν</span> <span class='ocrx_word' id='word_1_729' title='bbox 426 2266 536 2317; x_wconf 79' lang='grc' dir='ltr'>Πατέρα</span> <span class='ocrx_word' id='word_1_730' title='bbox 548 2266 683 2309; x_wconf 73' lang='grc' dir='ltr'>λαλοδντα</span> <span class='ocrx_word' id='word_1_731' title='bbox 695 2302 702 2312; x_wconf 84' lang='grc'><strong>,</strong></span> <span class='ocrx_word' id='word_1_732' title='bbox 712 2281 759 2307; x_wconf 71' lang='grc' dir='ltr'>καὶ</span> <span class='ocrx_word' id='word_1_733' title='bbox 769 2280 803 2306; x_wconf 78' lang='grc' dir='ltr'><strong>τὰ</strong></span> <span class='ocrx_word' id='word_1_734' title='bbox 819 2288 851 2314; x_wconf 75' lang='grc' dir='ltr'><strong>τη</strong></span> 
     </span>
    </p>
   </div>
   <div class='ocr_carea' id='block_1_92' title="bbox 903 2266 1706 2320">
    <p class='ocr_par' dir='ltr' id='par_1_92' title="bbox 903 2266 1706 2320">
     <span class='ocr_line' id='line_1_92' title="bbox 903 2266 1706 2306; baseline -0.026 0"><span class='ocrx_word' id='word_1_735' title='bbox 903 2266 952 2306; x_wconf 34' lang='lat' dir='ltr'><strong>iac</strong></span> <span class='ocrx_word' id='word_1_736' title='bbox 967 2275 1051 2304; x_wconf 90' lang='lat' dir='ltr'><strong>modo</strong></span> <span class='ocrx_word' id='word_1_737' title='bbox 1073 2282 1088 2301; x_wconf 87' lang='lat' dir='ltr'><strong>a</strong></span> <span class='ocrx_word' id='word_1_738' title='bbox 1113 2273 1160 2300; x_wconf 88' lang='lat' dir='ltr'><strong>Dei</strong></span> <span class='ocrx_word' id='word_1_739' title='bbox 1181 2280 1212 2298; x_wconf 82' lang='lat' dir='ltr'><strong>ac</strong></span> <span class='ocrx_word' id='word_1_740' title='bbox 1229 2270 1318 2297; x_wconf 86' lang='lat' dir='ltr'><strong>Patris</strong></span> <span class='ocrx_word' id='word_1_741' title='bbox 1333 2266 1490 2295; x_wconf 87' lang='lat' dir='ltr'><strong>substantia</strong></span> <span class='ocrx_word' id='word_1_742' title='bbox 1511 2269 1626 2298; x_wconf 87' lang='lat' dir='ltr'><strong>prorsus</strong></span> <span class='ocrx_word' id='word_1_743' title='bbox 1644 2268 1706 2288; x_wconf 87' lang='lat' dir='ltr'><strong>eum</strong></span> 
     </span>
     <span class='ocr_line' id='line_1_93' title="bbox 1295 2308 1693 2320; baseline -0.023 7"><span class='ocrx_word' id='word_1_744' title='bbox 1295 2315 1312 2320; x_wconf 84' lang='lat'>&quot;</span> <span class='ocrx_word' id='word_1_745' title='bbox 1357 2318 1361 2320; x_wconf 59' lang='grc' dir='ltr'>λ</span> <span class='ocrx_word' id='word_1_746' title='bbox 1480 2311 1485 2320; x_wconf 91' lang='grc' dir='ltr'><strong>Ι</strong></span> <span class='ocrx_word' id='word_1_747' title='bbox 1500 2308 1620 2320; x_wconf 41' lang='grc' dir='ltr'><strong>κι-...Ζηῐὲ</strong></span> <span class='ocrx_word' id='word_1_748' title='bbox 1644 2314 1693 2320; x_wconf 67' lang='grc' dir='ltr'><strong>..νη</strong></span> 
     </span>
    </p>
   </div>
   <div class='ocr_carea' id='block_1_93' title="bbox 82 2326 862 2367">
    <p class='ocr_par' dir='ltr' id='par_1_93' title="bbox 82 2326 862 2367">
     <span class='ocr_line' id='line_1_94' title="bbox 82 2326 862 2367; baseline -0.009 -9"><span class='ocrx_word' id='word_1_749' title='bbox 82 2332 136 2365; x_wconf 79' lang='grc' dir='ltr'><strong>μεὶα</strong></span> <span class='ocrx_word' id='word_1_750' title='bbox 147 2331 274 2358; x_wconf 84' lang='grc' dir='ltr'>ποιοῦντα</span> <span class='ocrx_word' id='word_1_751' title='bbox 290 2329 363 2367; x_wconf 80' lang='grc' dir='ltr'>εἶχεν</span> <span class='ocrx_word' id='word_1_752' title='bbox 375 2332 403 2358; x_wconf 76' lang='grc' dir='ltr'>ὲν</span> <span class='ocrx_word' id='word_1_753' title='bbox 417 2330 517 2365; x_wconf 79' lang='grc' dir='ltr'>ἐαυτῷ.</span> <span class='ocrx_word' id='word_1_754' title='bbox 527 2329 571 2356; x_wconf 86' lang='grc' dir='ltr'><strong>Διό</strong></span> <span class='ocrx_word' id='word_1_755' title='bbox 583 2337 663 2363; x_wconf 74' lang='grc' dir='ltr'>φησι·</span> <span class='ocrx_word' id='word_1_756' title='bbox 681 2337 689 2352; x_wconf 78' lang='grc'><strong>1</strong></span> <span class='ocrx_word' id='word_1_757' title='bbox 706 2326 862 2357; x_wconf 72' lang='grc' dir='ltr'>Πιστεύετε,</span> 
     </span>
    </p>
   </div>
   <div class='ocr_carea' id='block_1_94' title="bbox 81 2371 864 2413">
    <p class='ocr_par' dir='ltr' id='par_1_94' title="bbox 81 2371 864 2413">
     <span class='ocr_line' id='line_1_95' title="bbox 81 2371 864 2413; baseline -0.006 -11"><span class='ocrx_word' id='word_1_758' title='bbox 81 2377 115 2403; x_wconf 85' lang='grc' dir='ltr'>ὅτι</span> <span class='ocrx_word' id='word_1_759' title='bbox 126 2376 177 2411; x_wconf 71' lang='grc' dir='ltr'><strong>ἐγὼ</strong></span> <span class='ocrx_word' id='word_1_760' title='bbox 191 2378 218 2404; x_wconf 78' lang='grc' dir='ltr'>ὲν</span> <span class='ocrx_word' id='word_1_761' title='bbox 234 2378 275 2413; x_wconf 83' lang='grc' dir='ltr'>τῷ</span> <span class='ocrx_word' id='word_1_762' title='bbox 292 2377 388 2412; x_wconf 74' lang='grc' dir='ltr'>Πατρὶ,</span> <span class='ocrx_word' id='word_1_763' title='bbox 408 2377 455 2403; x_wconf 82' lang='grc' dir='ltr'>καὶ</span> <span class='ocrx_word' id='word_1_764' title='bbox 467 2377 482 2402; x_wconf 82' lang='grc' dir='ltr'><strong>ό</strong></span> <span class='ocrx_word' id='word_1_765' title='bbox 496 2375 591 2410; x_wconf 86' lang='grc' dir='ltr'>Πατὴρ</span> <span class='ocrx_word' id='word_1_766' title='bbox 607 2374 635 2400; x_wconf 75' lang='grc' dir='ltr'>δὲ</span> <span class='ocrx_word' id='word_1_767' title='bbox 655 2374 683 2400; x_wconf 80' lang='grc' dir='ltr'>ὲν</span> <span class='ocrx_word' id='word_1_768' title='bbox 699 2372 772 2407; x_wconf 77' lang='grc' dir='ltr'>ἐμοί.</span> <span class='ocrx_word' id='word_1_769' title='bbox 790 2372 821 2398; x_wconf 70' lang='grc' dir='ltr'><strong>Εἰ</strong></span> <span class='ocrx_word' id='word_1_770' title='bbox 835 2371 864 2397; x_wconf 74' lang='grc' dir='ltr'>δὲ</span> 
     </span>
    </p>
   </div>
   <div class='ocr_carea' id='block_1_95' title="bbox 84 2416 865 2459">
    <p class='ocr_par' dir='ltr' id='par_1_95' title="bbox 84 2416 865 2459">
     <span class='ocr_line' id='line_1_96' title="bbox 84 2416 865 2459; baseline -0.01 -8"><span class='ocrx_word' id='word_1_771' title='bbox 84 2423 173 2458; x_wconf 79' lang='grc' dir='ltr'>μὴ.διὰ</span> <span class='ocrx_word' id='word_1_772' title='bbox 186 2423 221 2450; x_wconf 79' lang='grc' dir='ltr'><strong>τὰ</strong></span> <span class='ocrx_word' id='word_1_773' title='bbox 240 2423 311 2459; x_wconf 70' lang='grc' dir='ltr'>ἔργα</span> <span class='ocrx_word' id='word_1_774' title='bbox 332 2423 401 2450; x_wconf 74' lang='grc' dir='ltr'>αὐτὰ</span> <span class='ocrx_word' id='word_1_775' title='bbox 421 2421 564 2449; x_wconf 82' lang='grc' dir='ltr'>πιστεύετέ</span> <span class='ocrx_word' id='word_1_776' title='bbox 581 2429 635 2455; x_wconf 91' lang='grc' dir='ltr'>μοι.</span> <span class='ocrx_word' id='word_1_777' title='bbox 653 2429 662 2444; x_wconf 81' lang='grc'><strong>1</strong></span> <span class='ocrx_word' id='word_1_778' title='bbox 687 2417 753 2445; x_wconf 85' lang='grc' dir='ltr'>Εῐτα</span> <span class='ocrx_word' id='word_1_779' title='bbox 769 2417 810 2449; x_wconf 76' lang='grc' dir='ltr'><strong>τίς</strong></span> <span class='ocrx_word' id='word_1_780' title='bbox 825 2416 865 2443; x_wconf 80' lang='grc' dir='ltr'>ἔτι</span> 
     </span>
    </p>
   </div>
   <div class='ocr_carea' id='block_1_96' title="bbox 83 2464 867 2505">
    <p class='ocr_par' dir='ltr' id='par_1_96' title="bbox 83 2464 867 2505">
     <span class='ocr_line' id='line_1_97' title="bbox 83 2464 867 2505; baseline -0.01 -9"><span class='ocrx_word' id='word_1_781' title='bbox 83 2469 233 2501; x_wconf 75' lang='grc' dir='ltr'>Χριστιανὸν</span> <span class='ocrx_word' id='word_1_782' title='bbox 245 2470 377 2505; x_wconf 81' lang='grc' dir='ltr'>προσερεῖ</span> <span class='ocrx_word' id='word_1_783' title='bbox 391 2469 437 2496; x_wconf 83' lang='grc' dir='ltr'>τὸν</span> <span class='ocrx_word' id='word_1_784' title='bbox 448 2467 519 2495; x_wconf 77' lang='grc' dir='ltr'><strong>οὕτω</strong></span> <span class='ocrx_word' id='word_1_785' title='bbox 535 2465 732 2501; x_wconf 82' lang='grc' dir='ltr'>διεσκεμμένον</span> <span class='ocrx_word' id='word_1_786' title='bbox 752 2464 799 2490; x_wconf 65' lang='grc' dir='ltr'><strong>καὶ¹</strong></span> <span class='ocrx_word' id='word_1_787' title='bbox 818 2471 867 2489; x_wconf 81' lang='grc' dir='ltr'>πε-</span> 
     </span>
    </p>
   </div>
   <div class='ocr_carea' id='block_1_97' title="bbox 85 2509 867 2551">
    <p class='ocr_par' dir='ltr' id='par_1_97' title="bbox 85 2509 867 2551">
     <span class='ocr_line' id='line_1_98' title="bbox 85 2509 867 2551; baseline -0.006 -11"><span class='ocrx_word' id='word_1_788' title='bbox 85 2516 227 2550; x_wconf 76' lang='grc' dir='ltr'>φρονηκότα</span> <span class='ocrx_word' id='word_1_789' title='bbox 257 2516 324 2551; x_wconf 77' lang='grc' dir='ltr'>περὶ</span> <span class='ocrx_word' id='word_1_790' title='bbox 353 2514 498 2550; x_wconf 85' lang='grc' dir='ltr'>Χριστοῦ;</span> <span class='ocrx_word' id='word_1_791' title='bbox 530 2513 600 2540; x_wconf 80' lang='grc' dir='ltr'>Ἰδοὺ</span> <span class='ocrx_word' id='word_1_792' title='bbox 628 2512 700 2547; x_wconf 65' lang='grc' dir='ltr'>γὰρ,</span> <span class='ocrx_word' id='word_1_793' title='bbox 724 2511 796 2542; x_wconf 67' lang='grc' dir='ltr'>ἰδοὺ,</span> <span class='ocrx_word' id='word_1_794' title='bbox 820 2509 867 2535; x_wconf 77' lang='grc' dir='ltr'>καὶ</span> 
     </span>
    </p>
   </div>
   <div class='ocr_carea' id='block_1_98' title="bbox 88 2556 867 2597">
    <p class='ocr_par' dir='ltr' id='par_1_98' title="bbox 88 2556 867 2597">
     <span class='ocr_line' id='line_1_99' title="bbox 88 2556 867 2597; baseline -0.009 -8"><span class='ocrx_word' id='word_1_795' title='bbox 88 2561 152 2594; x_wconf 69' lang='grc' dir='ltr'>μάλα</span> <span class='ocrx_word' id='word_1_796' title='bbox 163 2562 266 2596; x_wconf 78' lang='grc' dir='ltr'>σαφῶς,</span> <span class='ocrx_word' id='word_1_797' title='bbox 280 2562 348 2588; x_wconf 82' lang='grc' dir='ltr'>Θεὸν</span> <span class='ocrx_word' id='word_1_798' title='bbox 365 2562 414 2597; x_wconf 81' lang='grc' dir='ltr'>μὲν</span> <span class='ocrx_word' id='word_1_799' title='bbox 430 2561 511 2588; x_wconf 77' lang='grc' dir='ltr'>αὐτὸν</span> <span class='ocrx_word' id='word_1_800' title='bbox 530 2559 622 2586; x_wconf 81' lang='grc' dir='ltr'>οὐκέτι</span> <span class='ocrx_word' id='word_1_801' title='bbox 643 2559 724 2594; x_wconf 63' lang='grc' dir='ltr'>φησὶν</span> <span class='ocrx_word' id='word_1_802' title='bbox 741 2556 867 2592; x_wconf 79' lang='grc' dir='ltr'>ἀληθῶς·</span> 
     </span>
    </p>
   </div>
   <div class='ocr_carea' id='block_1_99' title="bbox 88 2604 868 2643">
    <p class='ocr_par' dir='ltr' id='par_1_99' title="bbox 88 2604 868 2643">
     <span class='ocr_line' id='line_1_100' title="bbox 88 2604 868 2643; baseline -0.009 -9"><span class='ocrx_word' id='word_1_803' title='bbox 88 2607 270 2641; x_wconf 71' lang='grc' dir='ltr'>ῥιψοκινδύνως</span> <span class='ocrx_word' id='word_1_804' title='bbox 284 2609 314 2635; x_wconf 76' lang='grc' dir='ltr'>δὲ</span> <span class='ocrx_word' id='word_1_805' title='bbox 336 2608 458 2643; x_wconf 73' lang='grc' dir='ltr'>περιθεὶς</span> <span class='ocrx_word' id='word_1_806' title='bbox 480 2607 513 2634; x_wconf 80' lang='grc' dir='ltr'>τὸ</span> <span class='ocrx_word' id='word_1_807' title='bbox 538 2606 644 2641; x_wconf 80' lang='grc' dir='ltr'>πρέπον</span> <span class='ocrx_word' id='word_1_808' title='bbox 664 2606 720 2635; x_wconf 80' lang='grc' dir='ltr'>τοῖς</span> <span class='ocrx_word' id='word_1_809' title='bbox 737 2604 868 2637; x_wconf 77' lang='grc' dir='ltr'>κτίσμασι</span> 
     </span>
    </p>
   </div>
   <div class='ocr_carea' id='block_1_100' title="bbox 90 2649 869 2688">
    <p class='ocr_par' dir='ltr' id='par_1_100' title="bbox 90 2649 869 2688">
     <span class='ocr_line' id='line_1_101' title="bbox 90 2649 869 2688; baseline -0.012 -6"><span class='ocrx_word' id='word_1_810' title='bbox 90 2652 176 2687; x_wconf 76' lang='grc' dir='ltr'>μέτρον</span> <span class='ocrx_word' id='word_1_811' title='bbox 187 2654 219 2681; x_wconf 71' lang='grc' dir='ltr'>αὖ</span> <span class='ocrx_word' id='word_1_812' title='bbox 226 2653 406 2688; x_wconf 76' lang='grc' dir='ltr'>τῴ,θεοφόρον</span> <span class='ocrx_word' id='word_1_813' title='bbox 423 2653 483 2680; x_wconf 86' lang='grc' dir='ltr'>τινὰ</span> <span class='ocrx_word' id='word_1_814' title='bbox 503 2652 551 2679; x_wconf 75' lang='grc' dir='ltr'>καὶ</span> <span class='ocrx_word' id='word_1_815' title='bbox 564 2651 631 2678; x_wconf 75' lang='grc' dir='ltr'>Θεοῦ</span> <span class='ocrx_word' id='word_1_816' title='bbox 645 2650 768 2686; x_wconf 70' lang='grc' dir='ltr'>μέτοχον,</span> <span class='ocrx_word' id='word_1_817' title='bbox 785 2649 869 2684; x_wconf 76' lang='grc' dir='ltr'>ἤγουν</span> 
     </span>
    </p>
   </div>
   <div class='ocr_carea' id='block_1_101' title="bbox 90 2695 870 2735">
    <p class='ocr_par' dir='ltr' id='par_1_101' title="bbox 90 2695 870 2735">
     <span class='ocr_line' id='line_1_102' title="bbox 90 2695 870 2735; baseline -0.005 -10"><span class='ocrx_word' id='word_1_818' title='bbox 90 2699 118 2725; x_wconf 75' lang='grc' dir='ltr'>ἐκ</span> <span class='ocrx_word' id='word_1_819' title='bbox 133 2699 196 2726; x_wconf 84' lang='grc' dir='ltr'><strong>Θεοῦ</strong></span> <span class='ocrx_word' id='word_1_820' title='bbox 210 2700 374 2735; x_wconf 82' lang='grc' dir='ltr'>γεννηθέντα</span> <span class='ocrx_word' id='word_1_821' title='bbox 400 2700 466 2727; x_wconf 70' lang='grc' dir='ltr'>Θεὸν</span> <span class='ocrx_word' id='word_1_822' title='bbox 483 2700 622 2735; x_wconf 84' lang='grc' dir='ltr'>κηρύττει.</span> <span class='ocrx_word' id='word_1_823' title='bbox 639 2697 743 2728; x_wconf 73' lang='grc' dir='ltr'>Σκοπὸς</span> <span class='ocrx_word' id='word_1_824' title='bbox 757 2696 810 2731; x_wconf 88' lang='grc' dir='ltr'><strong>γὰρ</strong></span> <span class='ocrx_word' id='word_1_825' title='bbox 821 2695 870 2722; x_wconf 81' lang='grc' dir='ltr'><strong>αὐ-</strong></span> 
     </span>
    </p>
   </div>
   <div class='ocr_carea' id='block_1_102' title="bbox 90 2740 873 2780">
    <p class='ocr_par' dir='ltr' id='par_1_102' title="bbox 90 2740 873 2780">
     <span class='ocr_line' id='line_1_103' title="bbox 90 2740 873 2780; baseline -0.008 -8"><span class='ocrx_word' id='word_1_826' title='bbox 90 2744 124 2779; x_wconf 80' lang='grc' dir='ltr'>τῷ</span> <span class='ocrx_word' id='word_1_827' title='bbox 139 2745 179 2772; x_wconf 82' lang='grc' dir='ltr'><strong>διὰ</strong></span> <span class='ocrx_word' id='word_1_828' title='bbox 193 2747 346 2778; x_wconf 80' lang='grc' dir='ltr'>παντὸς,ὡς</span> <span class='ocrx_word' id='word_1_829' title='bbox 362 2746 426 2777; x_wconf 75' lang='grc' dir='ltr'>ἔπος</span> <span class='ocrx_word' id='word_1_830' title='bbox 440 2747 537 2778; x_wconf 80' lang='grc' dir='ltr'>εἰπεῖν,</span> <span class='ocrx_word' id='word_1_831' title='bbox 553 2745 655 2780; x_wconf 88' lang='grc' dir='ltr'>τρόπου</span> <span class='ocrx_word' id='word_1_832' title='bbox 669 2743 716 2770; x_wconf 76' lang='grc' dir='ltr'>καὶ</span> <span class='ocrx_word' id='word_1_833' title='bbox 729 2742 810 2776; x_wconf 74' lang='grc' dir='ltr'>λόγου</span> <span class='ocrx_word' id='word_1_834' title='bbox 823 2740 873 2775; x_wconf 80' lang='grc' dir='ltr'>τῆς</span> 
     </span>
    </p>
   </div>
   <div class='ocr_carea' id='block_1_103' title="bbox 92 2788 874 2827">
    <p class='ocr_par' dir='ltr' id='par_1_103' title="bbox 92 2788 874 2827">
     <span class='ocr_line' id='line_1_104' title="bbox 92 2788 874 2827; baseline -0.001 -11"><span class='ocrx_word' id='word_1_835' title='bbox 92 2790 175 2823; x_wconf 73' lang='grc' dir='ltr'>οὐσίας</span> <span class='ocrx_word' id='word_1_836' title='bbox 201 2792 249 2819; x_wconf 78' lang='grc' dir='ltr'><strong>τοῦ</strong></span> <span class='ocrx_word' id='word_1_837' title='bbox 269 2792 338 2819; x_wconf 75' lang='grc' dir='ltr'><strong>Θεοῦ</strong></span> <span class='ocrx_word' id='word_1_838' title='bbox 364 2793 411 2818; x_wconf 78' lang='grc' dir='ltr'>καὶ</span> <span class='ocrx_word' id='word_1_839' title='bbox 433 2792 539 2827; x_wconf 76' lang='grc' dir='ltr'>Πατρὸς</span> <span class='ocrx_word' id='word_1_840' title='bbox 562 2790 702 2821; x_wconf 83' lang='grc' dir='ltr'>παντελῶς</span> <span class='ocrx_word' id='word_1_841' title='bbox 729 2788 874 2823; x_wconf 82' lang='grc' dir='ltr'>ἀπείργειν</span> 
     </span>
    </p>
   </div>
   <div class='ocr_carea' id='block_1_104' title="bbox 93 2834 873 2874">
    <p class='ocr_par' dir='ltr' id='par_1_104' title="bbox 93 2834 873 2874">
     <span class='ocr_line' id='line_1_105' title="bbox 93 2834 873 2874; baseline -0.003 -12"><span class='ocrx_word' id='word_1_842' title='bbox 93 2836 164 2864; x_wconf 75' lang='grc' dir='ltr'>αὐτὸν</span> <span class='ocrx_word' id='word_1_843' title='bbox 178 2858 185 2870; x_wconf 83' lang='grc'>,</span> <span class='ocrx_word' id='word_1_844' title='bbox 203 2839 250 2865; x_wconf 72' lang='grc' dir='ltr'>καὶ</span> <span class='ocrx_word' id='word_1_845' title='bbox 269 2839 385 2866; x_wconf 83' lang='grc' dir='ltr'>εἰσάπαν</span> <span class='ocrx_word' id='word_1_846' title='bbox 400 2839 547 2874; x_wconf 82' lang='grc' dir='ltr'>ἀποτεμεῖν</span> <span class='ocrx_word' id='word_1_847' title='bbox 563 2838 613 2873; x_wconf 79' lang='grc' dir='ltr'>τῆς</span> <span class='ocrx_word' id='word_1_848' title='bbox 637 2835 755 2872; x_wconf 84' lang='grc' dir='ltr'>φυσικῆς</span> <span class='ocrx_word' id='word_1_849' title='bbox 769 2835 816 2862; x_wconf 75' lang='grc' dir='ltr'>καὶ</span> <span class='ocrx_word' id='word_1_850' title='bbox 827 2834 873 2861; x_wconf 82' lang='grc' dir='ltr'>ού-</span> 
     </span>
    </p>
   </div>
   <div class='ocr_carea' id='block_1_105' title="bbox 129 2931 342 2967">
    <p class='ocr_par' dir='ltr' id='par_1_105' title="bbox 129 2931 342 2967">
     <span class='ocr_line' id='line_1_106' title="bbox 129 2931 342 2967; baseline 0.009 -9"><span class='ocrx_word' id='word_1_851' title='bbox 129 2933 137 2947; x_wconf 69' lang='lat'>”</span> <span class='ocrx_word' id='word_1_852' title='bbox 151 2931 246 2960; x_wconf 79' lang='lat' dir='ltr'><strong>Jerem.</strong></span> <span class='ocrx_word' id='word_1_853' title='bbox 261 2942 298 2967; x_wconf 79' lang='lat' dir='ltr'><strong>ix,</strong></span> <span class='ocrx_word' id='word_1_854' title='bbox 317 2933 342 2960; x_wconf 89' lang='lat' dir='ltr'><strong>l.</strong></span> 
     </span>
    </p>
   </div>
   <div class='ocr_carea' id='block_1_106' title="bbox 917 2308 1708 2354">
    <p class='ocr_par' dir='ltr' id='par_1_106' title="bbox 917 2308 1708 2354">
     <span class='ocr_line' id='line_1_107' title="bbox 917 2308 1708 2354; baseline -0.027 -2"><span class='ocrx_word' id='word_1_855' title='bbox 917 2323 1076 2354; x_wconf 79' lang='lat' dir='ltr'><strong>excludere,</strong></span> <span class='ocrx_word' id='word_1_856' title='bbox 1097 2324 1124 2347; x_wconf 90' lang='lat' dir='ltr'><strong>et</strong></span> <span class='ocrx_word' id='word_1_857' title='bbox 1148 2326 1164 2346; x_wconf 87' lang='lat' dir='ltr'><strong>a</strong></span> <span class='ocrx_word' id='word_1_858' title='bbox 1192 2315 1314 2344; x_wconf 83' lang='lat' dir='ltr'><strong>naturali</strong></span> <span class='ocrx_word' id='word_1_859' title='bbox 1338 2318 1421 2348; x_wconf 87' lang='lat' dir='ltr'><strong>atque</strong></span> <span class='ocrx_word' id='word_1_860' title='bbox 1445 2308 1620 2339; x_wconf 83' lang='lat' dir='ltr'><strong>snbstanliali</strong></span> <span class='ocrx_word' id='word_1_861' title='bbox 1644 2314 1708 2341; x_wconf 88' lang='lat' dir='ltr'><strong>pro-</strong></span> 
     </span>
    </p>
   </div>
   <div class='ocr_carea' id='block_1_107' title="bbox 918 2356 1710 2409">
    <p class='ocr_par' dir='ltr' id='par_1_107' title="bbox 918 2356 1710 2409">
     <span class='ocr_line' id='line_1_108' title="bbox 918 2356 1710 2409; baseline -0.027 -10"><span class='ocrx_word' id='word_1_862' title='bbox 918 2372 1035 2409; x_wconf 87' lang='lat' dir='ltr'><strong>prietate</strong></span> <span class='ocrx_word' id='word_1_863' title='bbox 1050 2374 1133 2403; x_wconf 89' lang='lat' dir='ltr'><strong>quam</strong></span> <span class='ocrx_word' id='word_1_864' title='bbox 1154 2372 1216 2392; x_wconf 86' lang='lat' dir='ltr'><strong>cum</strong></span> <span class='ocrx_word' id='word_1_865' title='bbox 1235 2370 1287 2390; x_wconf 87' lang='lat' dir='ltr'><strong>suo</strong></span> <span class='ocrx_word' id='word_1_866' title='bbox 1301 2361 1384 2388; x_wconf 79' lang='lat' dir='ltr'><strong>Patre</strong></span> <span class='ocrx_word' id='word_1_867' title='bbox 1398 2367 1431 2386; x_wconf 88' lang='lat' dir='ltr'><strong>ac</strong></span> <span class='ocrx_word' id='word_1_868' title='bbox 1449 2358 1504 2384; x_wconf 86' lang='lat' dir='ltr'><strong>Deo</strong></span> <span class='ocrx_word' id='word_1_869' title='bbox 1522 2356 1615 2386; x_wconf 86' lang='lat' dir='ltr'><strong>habet,</strong></span> <span class='ocrx_word' id='word_1_870' title='bbox 1632 2361 1710 2388; x_wconf 87' lang='lat' dir='ltr'><strong>pror—</strong></span> 
     </span>
    </p>
   </div>
   <div class='ocr_carea' id='block_1_108' title="bbox 919 2401 1709 2447">
    <p class='ocr_par' dir='ltr' id='par_1_108' title="bbox 919 2401 1709 2447">
     <span class='ocr_line' id='line_1_109' title="bbox 919 2401 1709 2447; baseline -0.028 -1"><span class='ocrx_word' id='word_1_871' title='bbox 919 2401 967 2447; x_wconf 72' lang='lat' dir='ltr'><strong>sus</strong></span> <span class='ocrx_word' id='word_1_872' title='bbox 989 2421 1127 2443; x_wconf 85' lang='lat' dir='ltr'><strong>resecare.</strong></span> <span class='ocrx_word' id='word_1_873' title='bbox 1148 2411 1182 2438; x_wconf 83' lang='lat' dir='ltr'><strong>At</strong></span> <span class='ocrx_word' id='word_1_874' title='bbox 1211 2409 1288 2443; x_wconf 85' lang='lat' dir='ltr'><strong>quid,</strong></span> <span class='ocrx_word' id='word_1_875' title='bbox 1303 2405 1467 2442; x_wconf 67' lang='grc' dir='ltr'><strong>η11ω511,11ῑε</strong></span> <span class='ocrx_word' id='word_1_876' title='bbox 1488 2401 1629 2436; x_wconf 87' lang='lat' dir='ltr'><strong>stupidins</strong></span> <span class='ocrx_word' id='word_1_877' title='bbox 1647 2405 1709 2426; x_wconf 84' lang='lat' dir='ltr'><strong>esse</strong></span> 
     </span>
    </p>
   </div>
   <div class='ocr_carea' id='block_1_109' title="bbox 919 2447 1710 2501">
    <p class='ocr_par' dir='ltr' id='par_1_109' title="bbox 919 2447 1710 2501">
     <span class='ocr_line' id='line_1_110' title="bbox 919 2447 1710 2501; baseline -0.029 -9"><span class='ocrx_word' id='word_1_878' title='bbox 919 2461 1032 2501; x_wconf 80' lang='lat' dir='ltr'><strong>potest?</strong></span> <span class='ocrx_word' id='word_1_879' title='bbox 1054 2464 1101 2487; x_wconf 90' lang='lat' dir='ltr'><strong>aut</strong></span> <span class='ocrx_word' id='word_1_880' title='bbox 1121 2455 1262 2493; x_wconf 86' lang='lat' dir='ltr'><strong>quomodo</strong></span> <span class='ocrx_word' id='word_1_881' title='bbox 1281 2461 1335 2480; x_wconf 88' lang='lat' dir='ltr'><strong>non</strong></span> <span class='ocrx_word' id='word_1_882' title='bbox 1353 2451 1428 2478; x_wconf 81' lang='lat' dir='ltr'><strong>velut</strong></span> <span class='ocrx_word' id='word_1_883' title='bbox 1454 2447 1572 2475; x_wconf 88' lang='lat' dir='ltr'><strong>mortuis</strong></span> <span class='ocrx_word' id='word_1_884' title='bbox 1595 2447 1651 2480; x_wconf 85' lang='lat' dir='ltr'><strong>jam</strong></span> <span class='ocrx_word' id='word_1_885' title='bbox 1679 2451 1710 2469; x_wconf 89' lang='lat' dir='ltr'><strong>ac</strong></span> 
     </span>
    </p>
   </div>
   <div class='ocr_carea' id='block_1_110' title="bbox 919 2490 1710 2547">
    <p class='ocr_par' dir='ltr' id='par_1_110' title="bbox 919 2490 1710 2547">
     <span class='ocr_line' id='line_1_111' title="bbox 919 2490 1710 2547; baseline -0.03 -8"><span class='ocrx_word' id='word_1_886' title='bbox 919 2490 1034 2547; x_wconf 63' lang='lat' dir='ltr'><strong>perditis</strong></span> <span class='ocrx_word' id='word_1_887' title='bbox 1054 2501 1284 2539; x_wconf 75' lang='lat' dir='ltr'><strong>illarrymavcriS,</strong></span> <span class='ocrx_word' id='word_1_888' title='bbox 1298 2499 1346 2534; x_wconf 89' lang='lat' dir='ltr'><strong>qui</strong></span> <span class='ocrx_word' id='word_1_889' title='bbox 1363 2501 1418 2524; x_wconf 89' lang='lat' dir='ltr'><strong>tam</strong></span> <span class='ocrx_word' id='word_1_890' title='bbox 1436 2494 1570 2522; x_wconf 80' lang='lat' dir='ltr'><strong>cti‘renato</strong></span> <span class='ocrx_word' id='word_1_891' title='bbox 1584 2498 1667 2518; x_wconf 86' lang='lat' dir='ltr'><strong>cursu</strong></span> <span class='ocrx_word' id='word_1_892' title='bbox 1683 2490 1710 2515; x_wconf 91' lang='lat' dir='ltr'><strong>in</strong></span> 
     </span>
     <span class='ocr_line' id='line_1_112' title="bbox 1474 2537 1710 2547; baseline -0.025 6"><span class='ocrx_word' id='word_1_893' title='bbox 1474 2545 1478 2547; x_wconf 60' lang='grc' dir='ltr'><strong><em>λ</em></strong></span> <span class='ocrx_word' id='word_1_894' title='bbox 1566 2546 1571 2547; x_wconf 57' lang='grc' dir='ltr'><em>ν</em></span> <span class='ocrx_word' id='word_1_895' title='bbox 1589 2537 1710 2547; x_wconf 40' lang='grc' dir='ltr'><strong>¹κ›Αν1..ιμ</strong></span> 
     </span>
    </p>
   </div>
   <div class='ocr_carea' id='block_1_111' title="bbox 919 2537 1712 2591">
    <p class='ocr_par' dir='ltr' id='par_1_111' title="bbox 919 2537 1712 2591">
     <span class='ocr_line' id='line_1_113' title="bbox 919 2537 1712 2591; baseline -0.029 -7"><span class='ocrx_word' id='word_1_896' title='bbox 919 2537 1088 2591; x_wconf 64' lang='lat' dir='ltr'><strong>impietatem</strong></span> <span class='ocrx_word' id='word_1_897' title='bbox 1113 2537 1300 2586; x_wconf 68' lang='lat' dir='ltr'><strong>prmcipilant,</strong></span> <span class='ocrx_word' id='word_1_898' title='bbox 1329 2549 1356 2572; x_wconf 85' lang='lat' dir='ltr'><strong>et</strong></span> <span class='ocrx_word' id='word_1_899' title='bbox 1383 2545 1539 2577; x_wconf 85' lang='lat' dir='ltr'><strong>opportune</strong></span> <span class='ocrx_word' id='word_1_900' title='bbox 1562 2537 1712 2565; x_wconf 87' lang='lat' dir='ltr'><strong>admodum</strong></span> 
     </span>
    </p>
   </div>
   <div class='ocr_carea' id='block_1_112' title="bbox 921 2582 1713 2630">
    <p class='ocr_par' dir='ltr' id='par_1_112' title="bbox 921 2582 1713 2630">
     <span class='ocr_line' id='line_1_114' title="bbox 921 2582 1713 2630; baseline -0.029 0"><span class='ocrx_word' id='word_1_901' title='bbox 921 2582 1015 2630; x_wconf 54' lang='lat' dir='ltr'><strong>dicres:</strong></span> <span class='ocrx_word' id='word_1_902' title='bbox 1037 2609 1046 2625; x_wconf 78' lang='grc'><strong>1</strong></span> <span class='ocrx_word' id='word_1_903' title='bbox 1066 2582 1133 2630; x_wconf 75' lang='lat' dir='ltr'><strong>Quis</strong></span> <span class='ocrx_word' id='word_1_904' title='bbox 1161 2582 1238 2622; x_wconf 87' lang='lat' dir='ltr'><strong>dabit</strong></span> <span class='ocrx_word' id='word_1_905' title='bbox 1259 2591 1340 2626; x_wconf 89' lang='lat' dir='ltr'><strong>capiti</strong></span> <span class='ocrx_word' id='word_1_906' title='bbox 1360 2596 1421 2616; x_wconf 81' lang='lat' dir='ltr'><strong>meo</strong></span> <span class='ocrx_word' id='word_1_907' title='bbox 1438 2593 1550 2622; x_wconf 88' lang='lat' dir='ltr'><strong>aquam,</strong></span> <span class='ocrx_word' id='word_1_908' title='bbox 1575 2588 1602 2610; x_wconf 85' lang='lat' dir='ltr'><strong>et</strong></span> <span class='ocrx_word' id='word_1_909' title='bbox 1622 2582 1713 2610; x_wconf 86' lang='lat' dir='ltr'><strong>oculis</strong></span> 
     </span>
    </p>
   </div>
   <div class='ocr_carea' id='block_1_113' title="bbox 924 2631 1714 2676">
    <p class='ocr_par' dir='ltr' id='par_1_113' title="bbox 924 2631 1714 2676">
     <span class='ocr_line' id='line_1_115' title="bbox 924 2631 1714 2676; baseline -0.029 0"><span class='ocrx_word' id='word_1_910' title='bbox 924 2649 992 2676; x_wconf 89' lang='lat' dir='ltr'><strong>meis</strong></span> <span class='ocrx_word' id='word_1_911' title='bbox 1014 2646 1117 2672; x_wconf 84' lang='lat' dir='ltr'><strong>fontem</strong></span> <span class='ocrx_word' id='word_1_912' title='bbox 1139 2642 1336 2676; x_wconf 79' lang='lat' dir='ltr'><strong>lacrymarnm,</strong></span> <span class='ocrx_word' id='word_1_913' title='bbox 1361 2639 1388 2662; x_wconf 89' lang='lat' dir='ltr'><strong>et</strong></span> <span class='ocrx_word' id='word_1_914' title='bbox 1406 2632 1520 2669; x_wconf 87' lang='lat' dir='ltr'><strong>plorabo</strong></span> <span class='ocrx_word' id='word_1_915' title='bbox 1540 2631 1584 2658; x_wconf 90' lang='lat' dir='ltr'><strong>die</strong></span> <span class='ocrx_word' id='word_1_916' title='bbox 1605 2637 1637 2656; x_wconf 88' lang='lat' dir='ltr'><strong>ac</strong></span> <span class='ocrx_word' id='word_1_917' title='bbox 1663 2635 1714 2654; x_wconf 91' lang='lat' dir='ltr'><strong>no-</strong></span> 
     </span>
    </p>
   </div>
   <div class='ocr_carea' id='block_1_114' title="bbox 925 2675 1714 2722">
    <p class='ocr_par' dir='ltr' id='par_1_114' title="bbox 925 2675 1714 2722">
     <span class='ocr_line' id='line_1_116' title="bbox 925 2675 1714 2722; baseline -0.029 0"><span class='ocrx_word' id='word_1_918' title='bbox 925 2699 969 2722; x_wconf 88' lang='lat' dir='ltr'><strong>cte</strong></span> <span class='ocrx_word' id='word_1_919' title='bbox 980 2693 1010 2719; x_wconf 68' lang='lat'><strong>8‘.&#39;</strong></span> <span class='ocrx_word' id='word_1_920' title='bbox 1027 2702 1035 2718; x_wconf 85' lang='grc'><strong>1</strong></span> <span class='ocrx_word' id='word_1_921' title='bbox 1051 2690 1091 2718; x_wconf 84' lang='grc'><strong>01)</strong></span> <span class='ocrx_word' id='word_1_922' title='bbox 1106 2689 1205 2716; x_wconf 89' lang='lat' dir='ltr'><strong>horum</strong></span> <span class='ocrx_word' id='word_1_923' title='bbox 1221 2685 1294 2713; x_wconf 90' lang='lat' dir='ltr'><strong>enim</strong></span> <span class='ocrx_word' id='word_1_924' title='bbox 1310 2680 1517 2710; x_wconf 85' lang='lat' dir='ltr'><strong>contumaciam</strong></span> <span class='ocrx_word' id='word_1_925' title='bbox 1542 2684 1595 2704; x_wconf 92' lang='lat' dir='ltr'><strong>non</strong></span> <span class='ocrx_word' id='word_1_926' title='bbox 1616 2675 1714 2702; x_wconf 88' lang='lat' dir='ltr'><strong>imme-</strong></span> 
     </span>
    </p>
   </div>
   <div class='ocr_carea' id='block_1_115' title="bbox 927 2718 1716 2773">
    <p class='ocr_par' dir='ltr' id='par_1_115' title="bbox 927 2718 1716 2773">
     <span class='ocr_line' id='line_1_117' title="bbox 927 2718 1716 2773; baseline -0.028 -6"><span class='ocrx_word' id='word_1_927' title='bbox 927 2741 979 2767; x_wconf 91' lang='lat' dir='ltr'><strong>rito</strong></span> <span class='ocrx_word' id='word_1_928' title='bbox 990 2737 1054 2773; x_wconf 84' lang='lat' dir='ltr'><strong>quis</strong></span> <span class='ocrx_word' id='word_1_929' title='bbox 1066 2740 1192 2769; x_wconf 80' lang='lat' dir='ltr'><strong>magnam</strong></span> <span class='ocrx_word' id='word_1_930' title='bbox 1207 2731 1392 2765; x_wconf 86' lang='lat' dir='ltr'><strong>laorymarum</strong></span> <span class='ocrx_word' id='word_1_931' title='bbox 1410 2727 1464 2753; x_wconf 89' lang='lat' dir='ltr'><strong>vim</strong></span> <span class='ocrx_word' id='word_1_932' title='bbox 1479 2722 1642 2759; x_wconf 85' lang='lat' dir='ltr'><strong>profuderit.</strong></span> <span class='ocrx_word' id='word_1_933' title='bbox 1662 2718 1716 2746; x_wconf 87' lang='lat' dir='ltr'><strong>Sed</strong></span> 
     </span>
    </p>
   </div>
   <div class='ocr_carea' id='block_1_116' title="bbox 927 2767 1715 2822">
    <p class='ocr_par' dir='ltr' id='par_1_116' title="bbox 927 2767 1715 2822">
     <span class='ocr_line' id='line_1_118' title="bbox 927 2767 1715 2822; baseline -0.027 -8"><span class='ocrx_word' id='word_1_934' title='bbox 927 2787 1059 2822; x_wconf 85' lang='lat' dir='ltr'><strong>quoniam</strong></span> <span class='ocrx_word' id='word_1_935' title='bbox 1090 2779 1218 2809; x_wconf 83' lang='lat' dir='ltr'><strong>veritatis</strong></span> <span class='ocrx_word' id='word_1_936' title='bbox 1250 2775 1387 2811; x_wconf 73' lang='lat' dir='ltr'><strong>dogmatis</strong></span> <span class='ocrx_word' id='word_1_937' title='bbox 1418 2773 1534 2800; x_wconf 86' lang='lat' dir='ltr'><strong>illorum</strong></span> <span class='ocrx_word' id='word_1_938' title='bbox 1550 2767 1715 2799; x_wconf 83' lang='lat' dir='ltr'><strong>calumnias,</strong></span> 
     </span>
    </p>
   </div>
   <div class='ocr_carea' id='block_1_117' title="bbox 930 2815 1719 2869">
    <p class='ocr_par' dir='ltr' id='par_1_117' title="bbox 930 2815 1719 2869">
     <span class='ocr_line' id='line_1_119' title="bbox 930 2815 1719 2869; baseline -0.025 -8"><span class='ocrx_word' id='word_1_939' title='bbox 930 2815 1041 2869; x_wconf 72' lang='lat' dir='ltr'><strong>propter</strong></span> <span class='ocrx_word' id='word_1_940' title='bbox 1056 2827 1260 2863; x_wconf 87' lang='lat' dir='ltr'><strong>simpliciorum</strong></span> <span class='ocrx_word' id='word_1_941' title='bbox 1277 2823 1439 2854; x_wconf 86' lang='lat' dir='ltr'><strong>utilitatem,</strong></span> <span class='ocrx_word' id='word_1_942' title='bbox 1456 2815 1649 2848; x_wconf 81' lang='lat' dir='ltr'><strong>retundendas</strong></span> <span class='ocrx_word' id='word_1_943' title='bbox 1672 2821 1719 2841; x_wconf 82' lang='lat' dir='ltr'><strong>ar-</strong></span> 
     </span>
    </p>
   </div>
  </div>
