1926 3041
198 151 252 179 ηδ
702 149 731 177 s.
748 149 882 177 eitum
902 149 1136 178 maxumum
1156 153 1315 180 anetum
1791 154 1843 184 εει

199 212 298 244 bitror.
315 220 376 247 age,
393 220 491 240 rursus
511 211 577 239 illud
588 211 629 240 eis
646 211 770 238 dicamus
796 218 848 238 nos
868 210 928 238 zelo
945 218 990 238 ze-

1056 211 1155 244 ἰώδους
1166 214 1333 250 οἰκειότητος
1350 213 1382 250 ἧς
1390 216 1446 250 ἔχει
1468 216 1534 251 πρὸς
1550 216 1594 242 τὸν
1612 215 1712 242 ἑαυτοῦ
1731 217 1842 250 Πατέρα

201 259 272 287 lasse
287 258 414 287 Domino.

1058 260 1087 285 αὶ
1102 259 1179 286 Θεόν.
1197 258 1262 286 Εἶτα
1278 260 1305 287 τί
1318 260 1350 288 ἂν
1368 262 1474 295 γένοιτο
1489 262 1544 288 τῶν
1560 262 1690 288 τοιούτων
1704 261 1736 288 τὸ
1757 261 1841 295 ὑπερ-

202 305 296 341 τεροῦν
314 307 354 338 είς
367 305 553 341 ἀποπληξίαν;
567 305 584 340 ἢ
599 304 658 336 πῶς
674 305 724 331 οὐκ
741 305 773 332 ἄν
784 313 835 337 τις,
847 305 913 331 ὡσεὶ
923 305 1030 339 νεκροῖς
1048 305 1099 340 ἤδη
1114 306 1159 332 καὶ
1175 306 1345 340 ἀπολωλόσι,
1368 307 1398 334 τὺ
1423 308 1456 334 ὲκ
1468 308 1518 343 τῆς
1552 308 1665 344 ἀγάπης
1689 308 1844 340 ἁποστάξαι

201 352 327 388 δάκρυον,
351 353 485 388 ὰχαλίνως
499 352 571 379 οὕτω
587 352 787 387 τετραμμένοις
800 353 840 384 είς
853 352 991 384 ἀσέϐειαν,
1010 354 1068 388 ἐρεῖ
1081 353 1109 379 δὲ
1121 353 1168 380 καὶ
1187 354 1248 381 λίαν
1263 355 1400 391 εὐκαίρως
1412 364 1420 371 ·
1435 366 1443 381 1
1456 356 1505 388 Τίς
1519 356 1600 383 δώσει
1619 358 1652 392 τῇ
1669 356 1778 391 κεφαλῇ
1793 365 1843 390 μου

201 398 284 434 ὕδωρ,
297 399 344 425 καί
370 400 426 431 τοῖς
442 398 591 433 όιρθαλμοῖς
626 407 677 433 μου
706 398 797 433 πηγὴν
827 398 965 434 δακρύων,
983 398 1030 424 καὶ
1046 398 1199 434 κλαύσομαι
1219 400 1265 427 τὸν
1297 400 1362 427 λαὸν
1375 401 1470 428 τοῦτον
1490 402 1597 438 ἡμέρας
1621 403 1669 430 καὶ
1694 402 1810 434 νυκτόςς
1831 412 1839 427 ι

207 445 268 470 Ἐπὶ
281 445 334 479 γὰρ
349 446 404 476 τοῖς
418 445 451 470 τὰ
464 443 573 470 τοιαῦτα
591 445 698 478 φρονεῖν
714 443 852 478 ἑλομένοις
870 443 993 478 ἀκρατὲς
1010 443 1044 469 ἄν
1071 453 1114 477 τις
1133 447 1247 479 εἰκότως
1270 448 1416 480 ὲπιστάξαι
1441 448 1570 484 δάκρυον.
1598 448 1709 484 Ἐπειδὴ
1730 448 1760 474 δὲ
1787 449 1845 480 107.;

201 489 231 521 ἐξ
248 489 376 523 ἀληθείας
400 489 532 524 δόγμασιν
559 488 761 524 ἀποκρούεσθαι
790 488 845 515 δεῖν
864 490 913 521 τὰς
941 490 1007 524 παρ’
1033 490 1146 518 ἐκείναιν
1169 493 1355 527 συκοφαντίας
1381 494 1532 530 προσήκειν
1558 493 1768 529 ὑπολαμϐάνω,
1802 492 1845 518 διὰ

201 535 231 561 τὸ
257 537 312 566 τοῖς
337 535 532 571 ἁπλουστέροις
563 534 701 566 λυσιτελὲς

201 580 306 616 Κυρίῳ.

237 628 352 654 Diviuus
363 627 436 654 enim
455 625 568 659 Paulus,
581 632 609 654 et
624 627 716 662 quivis
733 631 896 654 sanctorum
908 626 994 658 alius,

201 682 264 702 cum
278 673 420 700 Christum
439 673 466 699 in
485 673 544 700 suis
566 674 705 701 utentibus
729 673 932 701 iuhabitantem
947 673 1005 700 ha-.

203 723 301 750 berem
316 728 363 755 per
382 719 532 754 Spiritum,
549 719 689 748 faciebant
704 728 767 756 qua:
779 719 891 748 Christo
905 719 997 754 place.

203 772 276 801 rent,
287 772 314 795 ct
328 766 463 794 miracula
472 766 602 794 edebant.
614 767 649 793 At
661 771 782 797 constat.
795 767 838 794 vel
851 771 897 793 tua
909 766 998 801 ipsius

202 813 392 844 confessione,
409 813 483 848 quod
500 820 563 840 cum
581 813 709 841 homines
727 817 822 841 essent
841 818 955 844 natura,
970 815 998 839 et

203 859 278 887 aliud
299 858 434 894 quiddam
454 859 609 886 substantia
642 867 726 894 quam
748 863 864 886 sanctus
889 858 996 886 Christi

204 906 326 942 Spiritus
348 905 396 940 qui
416 905 445 932 in
466 905 507 932 eis
525 905 679 937 habitabat,
704 905 831 940 religiosi
857 909 950 932 tamen
970 909 997 931 et

204 955 305 989 pietate
315 952 458 987 conspicui
469 956 550 979 erant
561 952 645 987 789
653 960 701 987 per
709 952 802 980 datam
809 951 850 979 eis
859 958 874 978 a
886 951 998 978 Christo

204 999 333 1034 gratiam.
349 998 402 1026 Sed
421 998 566 1025 nobiscum
582 998 677 1033 utique
693 997 834 1031 fateberis,
847 997 998 1032 aliquando

204 1046 293 1081 gratia
310 1045 399 1073 fuisse
414 1045 577 1077 destitutos,
595 1042 785 1072 verumtamen
800 1051 834 1072 eo
850 1043 936 1071 fuisse
952 1050 998 1070 vo-

202 1095 293 1122 catos,
310 1098 373 1118 cum
388 1090 425 1116 ita
442 1089 533 1117 visum
546 1094 620 1117 esset
634 1089 727 1116 omnia
744 1093 821 1116 recte
834 1088 998 1124 gubernanti

203 1137 270 1164 Deo.
296 1135 370 1164 Fieri
383 1143 454 1171 ergo
465 1139 574 1170 poterat
590 1140 619 1162 ut
635 1135 704 1162 vitio
720 1134 814 1170 aliquo
829 1134 872 1162 vel
885 1137 999 1170 peccato

205 1184 301 1210 beatus
313 1181 484 1213 Paulus,aut
494 1181 566 1209 alter
578 1181 603 1208 ei
620 1181 732 1213 similis,
742 1181 827 1208 Deum
845 1179 998 1213 offendens,

203 1228 267 1255 data
286 1227 339 1255 sibi
357 1227 445 1262 gratia
459 1226 629 1261 privaretur,
645 1229 673 1253 et
686 1225 714 1252 in
729 1232 789 1252 eam
802 1225 999 1254 demissionem

203 1273 278 1301 unde
294 1276 449 1300 emerserat
465 1272 557 1299 denuo
572 1271 770 1299 detruderetur
782 1275 866 1306 atque
884 1271 998 1299 rediret.

205 1320 284 1354 Quod
314 1319 390 1347 enim
416 1318 530 1345 aliunde
554 1318 703 1345 asciscitur
729 1321 757 1345 et
786 1317 902 1350 accidit,
919 1316 1000 1344 facile

205 1367 294 1394 amitti
310 1369 402 1400 potest
420 1369 504 1400 atque
519 1364 634 1395 auferri,
653 1367 748 1399 utpote
769 1363 875 1391 datum.
891 1363 932 1390 An
951 1362 1001 1398 igi-

207 1418 264 1443 tur.
283 1421 298 1440 o
314 1413 386 1439 bone
399 1411 496 1446 (juvat
513 1411 587 1439 enim
606 1411 705 1437 iterum
726 1413 754 1436 te
770 1409 960 1445 compellare),
976 1408 1000 1436 si

206 1458 442 1495 quemadmodum
456 1462 518 1485 erat
541 1457 568 1484 iu
589 1457 675 1484 Paulo
693 1456 823 1484 Christus
844 1456 960 1491 loquens
973 1461 1001 1484 et

712 555 719 567 ›
746 535 812 570 φέρε
844 535 926 562 πάλιν
947 535 1039 567 αὐτοῖς
1063 537 1152 564 ἐκεῖνο
1174 538 1321 574 λέγωμεν,
1352 539 1394 566 ὅτι
1424 540 1570 575 ζηλοῦντες
1602 539 1786 575 ἐζηλώκσμεν
1807 538 1844 574 τῷ

1089 624 1118 650 ’0
1133 624 1186 660 γάρ
1201 634 1240 652 τοι
1259 625 1402 659 Θεσπέσιος
1419 626 1534 660 Παῦλος,
1556 623 1578 653 ὦ
1595 625 1680 660 οὗτοι,
1699 628 1715 663 ἢ
1742 629 1791 656 καί
1805 638 1846 662 τις

1047 670 1140 706 ἕτερος
1156 671 1209 697 τῶν
1226 672 1322 707 ἁγίων,
1339 673 1385 699 τὸν
1401 673 1518 709 Χριστὸν
1534 674 1644 709 ἔχοντες
1664 677 1727 707 ταῖς
1740 677 1846 704 ἑαυτῶν

1048 717 1180 749 διανοίαις
1203 719 1390 746 ὲνοικισθέντα
1407 720 1453 747 διὰ
1479 721 1528 748 τοῦ
1558 721 1739 757 Πνεύματος,
1761 723 1846 757 ἔδρων

1050 762 1079 791 εὖ
1097 764 1170 799 μάλα
1184 765 1218 792 τὰ
1229 765 1359 792 δοκοῦντα
1371 766 1494 802 Θεῷ,καὶ
1508 767 1670 803 δημιουργοὶ
1685 768 1744 795 τῶν
1758 777 1846 805 παρα-

1049 808 1132 841 δόξων
1156 809 1307 844 ἐφαίνοντο.
1323 811 1430 837 Οὐκοῦν
1455 811 1576 847 ἄραρεν,
1593 813 1607 839 ὃ
1627 821 1653 840 τι
1677 813 1754 849 δοίης
1773 813 1797 840 δ’
1815 815 1846 843 ἄν

1051 854 1099 881 καὶ
1122 855 1205 887 αὐτὸς
1221 856 1355 891 ὑπάρχειν
1383 856 1485 892 ἀληθὲς
1497 878 1504 889 ,
1529 857 1568 889 ὡς
1593 858 1736 894 ἄνθρωποί
1752 867 1782 885 τε
1800 860 1846 895 τὴν

1051 900 1132 935 φύσιν
1151 901 1336 937 ὑπάρχοντες,
1363 902 1411 930 καὶ
1435 903 1529 938 ἔτερόν
1546 913 1573 930 τι
1592 904 1664 931 κατὰ
1686 905 1738 941 τὴν
1753 905 1846 932 οὐσίαν

1051 946 1127 982 παρὰ
1147 946 1179 972 τὸ
1201 947 1323 974 ἐνοικοῦν
1350 948 1444 980 αὐτοῖς
1468 949 1546 983 ἆγιον
1571 949 1688 986 Πνεῦμα
1712 950 1845 985 Χριστοῦ,

1051 992 1176 1028 θεοφὸὃοι
1200 993 1272 1025 τινὲς
1287 991 1358 1029 ἦσαν
1378 995 1425 1022 καὶ
1449 995 1573 1031 λαμπροὶ
1591 995 1637 1023 διὰ
1655 996 1708 1031 τῆς
1721 997 1847 1032 δοθείσης

1052 1039 1142 1071 αὐτοῖς
1166 1039 1242 1075 παρὰ
1259 1040 1378 1075 Χριστοῦ
1395 1042 1518 1076 χάριτος.
1536 1042 1665 1078 Συνερεῖς
1685 1042 1714 1069 δὲ
1738 1043 1848 1073 πάντως

1052 1085 1133 1120 ἡμῖν,
1154 1084 1192 1117 ὡς
1211 1085 1310 1121 ἔρημοι
1337 1086 1388 1121 μὲν
1414 1085 1462 1113 τοῦ
1477 1087 1650 1123 χαρίσματος
1672 1085 1745 1123 ἦσαν
1769 1097 1847 1120 ποτε,

1052 1132 1199 1167 κέκληνταί
1218 1141 1250 1167 γε
1267 1133 1320 1168 μὴν
1336 1133 1376 1164 εἰς
1390 1134 1468 1165 αὐτὸ,
1486 1134 1566 1167 δόξαν
1584 1134 1658 1161 οὕτω
1669 1134 1764 1166 καλῶς
1777 1134 1848 1170 ἔχειν

1051 1178 1091 1213 τῷ
1106 1179 1195 1206 πάντα
1219 1179 1310 1211 καλῶς
1334 1179 1478 1206 διῑθύνοντι
1501 1180 1562 1216 Θεῷ
1573 1188 1580 1194 ·
1595 1178 1631 1216 ἦν
1645 1178 1694 1208 οὖν
1709 1181 1765 1216 ἄρα
1793 1181 1847 1207 τῶν

1053 1224 1234 1260 ἐνδεχομένων
1249 1226 1296 1251 καὶ
1306 1225 1351 1252 διά
1370 1234 1443 1257 τινος
1459 1225 1513 1252 τῶν
1525 1226 1635 1253 ἀτόπων
1659 1226 1676 1262 ἦ
1696 1226 1745 1253 καὶ
1757 1225 1846 1262 ὀρθῶς

1052 1270 1103 1296 οὐκ
1117 1271 1307 1306 εἰργασμένων
1331 1271 1575 1307 προσκεκρουκότα
1594 1270 1633 1307 τῷ
1655 1271 1716 1306 θεῷ
1730 1271 1777 1297 τὸν
1797 1279 1846 1306 μα-

1053 1316 1148 1352 κάριον
1166 1317 1283 1350 Παῦλον,
1298 1318 1382 1353 ἤγουν
1397 1318 1460 1344 τινὰ
1476 1317 1532 1344 τῶν
1551 1319 1612 1345 κατ’
1631 1318 1738 1345 ἐκεῖνον
1755 1319 1848 1353 ἕτερον

1054 1363 1157 1400 ἔρημον
1173 1364 1224 1400 μὲν
1238 1364 1288 1399 τῆς
1302 1365 1427 1400 δοθείσης
1447 1364 1522 1400 αὐτῷ
1535 1365 1648 1400 χάριτος
1668 1364 1788 1400 ὀφθῆναι
1803 1364 1847 1390 δύ-

1053 1410 1161 1441 νασθαι,
1178 1410 1397 1438 κατωθεῑσθαιδὲ
1414 1409 1492 1442 αὖθις
1507 1411 1554 1438 καὶ
1566 1411 1728 1438 ὑπονοστεῖν
1744 1411 1787 1442 είς
1800 1411 1848 1446 τὴν

1053 1455 1115 1483 ὅθεν
1141 1456 1224 1491 ἀνέϐη
1248 1456 1423 1483 ταπείνωσιν.
1448 1457 1485 1483 Τὸ
1501 1457 1556 1492 γὰρ
1579 1457 1649 1489 ὅλως
1676 1457 1778 1491 ἔξωθεν
1804 1457 1848 1484 καὶ

206 1506 341 1534 miracula
352 1505 470 1534 faciens.
479 1505 558 1540 juxta
568 1508 643 1531 tuam
654 1504 767 1531 stultam
777 1508 804 1531 et
817 1504 929 1538 impiam
938 1511 1002 1530 sen-

1056 1503 1175 1530 ὲπακτδν
1203 1503 1302 1538 ῥᾳδίως
1328 1503 1362 1530 ἂν
1393 1503 1562 1530 ἀποπτὺοιτο
1591 1503 1639 1530 καὶ
1665 1503 1848 1539 ἀναφαίρετόν

208 1550 337 1582 tentiam,
357 1550 394 1576 ita
410 1549 518 1576 Patrem
534 1549 561 1575 iu
576 1548 647 1585 [filio
662 1548 725 1583 quis
741 1555 804 1575 esse
821 1548 1001 1580 concesserit,

208 1596 334 1631 nunquid
354 1596 462 1623 clarum
485 1599 514 1622 et
530 1594 718 1622 indubitatum
735 1598 778 1622 est
795 1593 880 1621 Deum
899 1601 1003 1628 nequa—

195 1644 288 1678 quam
306 1642 365 1670 fore
381 1641 534 1670 secundum
551 1645 693 1674 naturam.
711 1641 760 1669 sed
779 1639 854 1667 aliud
870 1641 1002 1676 quiddam

208 1689 243 1717 ab
258 1690 434 1717 inhabitante
448 1688 541 1720 Patre,
555 1689 603 1723 qui
616 1696 679 1715 vere
691 1687 783 1715 Deus?
798 1687 844 1714 Sic
855 1687 929 1714 enim
943 1690 1003 1713 erat

207 1736 236 1763 in
251 1735 337 1762 Paulo
348 1735 490 1763 Christus.
503 1735 724 1762 lnstrumentum
738 1733 824 1768 igitur
835 1741 867 1760 ac
883 1741 932 1760 vas
947 1733 1004 1760 vel-

208 1783 248 1809 uti
272 1782 412 1817 quoddam
429 1785 472 1809 cst
494 1780 659 1816 Unigeuitus
684 1781 711 1807 in
728 1779 846 1815 gloriam
866 1786 1005 1814 prmpara-

209 1833 278 1859 tum,
293 1836 344 1855 nec
360 1836 375 1854 a
389 1828 457 1856 tibia
479 1827 571 1856 forsan
586 1831 634 1854 aut
652 1827 711 1862 lyra
728 1825 856 1857 distabit,
874 1825 943 1852 illud
961 1832 1005 1852 re-

210 1881 314 1901 sonans
330 1873 404 1908 quod
426 1873 563 1909 inspiratu
590 1873 722 1900 nimirum
745 1875 794 1898 aut
817 1872 923 1906 plectro
944 1873 1005 1906 jus-

210 1928 270 1946 sum
285 1921 338 1947 erit
354 1930 360 1947 :
376 1923 404 1947 et
426 1920 459 1947 ad
478 1920 613 1947 miracula
630 1918 736 1947 edenda
754 1918 838 1946 Pater
853 1926 886 1946 eo
900 1922 1004 1952 utetur,

209 1974 264 2001 quo
281 1971 364 2001 pacto
390 1966 461 1994 fabri
481 1967 594 2002 lignarii
616 1973 693 1993 serra
718 1965 760 1992 vel
779 1966 864 1993 ascia.
884 1966 918 1992 At
938 1965 1004 2000 quid

211 2013 261 2039 lioc
284 2013 454 2040 absurdius?
473 2012 541 2039 Nam
563 2019 628 2039 cum
647 2011 709 2046 ejus
726 2011 762 2038 sit
783 2014 902 2044 naturae,
918 2014 948 2037 ut
967 2010 1006 2037 illi

210 2059 318 2091 dicunt,
335 2067 350 2086 a
363 2059 418 2086 Deo
433 2066 466 2086 ac
482 2059 563 2085 Patre
578 2065 693 2093 prorsus
710 2057 818 2085 alienus
837 2058 902 2089 erit,
914 2064 946 2084 ea
961 2064 1007 2084 ra-

210 2104 285 2131 tione
302 2112 356 2139 qua
371 2110 470 2131 natura
485 2104 558 2132 Deus
575 2109 618 2131 est
639 2103 668 2131 in
685 2103 779 2136 nobis,
798 2107 826 2130 et
839 2111 921 2130 nemo
935 2103 1006 2131 alius

210 2151 245 2178 ab
273 2151 343 2185 ipso.
367 2150 447 2183 Quod
473 2151 497 2178 si
519 2158 536 2178 a
556 2151 647 2179 Patris
673 2150 830 2178 substantia
853 2149 891 2176 ita
916 2148 1006 2177 Filius

1054 1548 1116 1584 [ἵσ.
1132 1549 1328 1585 ὲναφαίρετόν]
1343 1551 1427 1581 ἐστιν,
1442 1550 1480 1581 ὡς
1496 1549 1582 1577 δοτόν.
1596 1548 1661 1585 Ἀρ*
1674 1547 1734 1581 οὖν,
1751 1547 1774 1577 ὢ
1790 1549 1848 1585 βέλ-

1052 1603 1127 1622 τιστε
1146 1595 1326 1631 (τετραψεται
1350 1597 1403 1630 γὰρ
1427 1596 1494 1630 πρὸς
1519 1596 1549 1622 σὲ
1565 1597 1579 1622 ὁ
1592 1595 1673 1630 λόγος
1688 1595 1772 1622 πάλιν
1782 1595 1804 1631 ),
1822 1596 1846 1622 εἰ

1053 1641 1126 1668 κατὰ
1148 1641 1198 1676 τὴν
1225 1642 1294 1677 πρὸς
1317 1641 1347 1668 σὲ
1374 1642 1557 1669 ἀπαιδευσίαν
1585 1642 1633 1668 καὶ
1660 1641 1850 1677 ἀσεϐεστάτην

1055 1688 1201 1723 ὑπόληψιν,
1215 1687 1341 1724 καθάπερ
1358 1685 1393 1723 ἦν
1404 1689 1432 1714 ὲν
1445 1688 1484 1723 τῷ
1499 1687 1600 1723 Παύλῳ
1617 1687 1738 1724 Χριστὸς
1758 1688 1850 1714 λαλῶν

1055 1734 1103 1760 καὶ
1120 1735 1327 1770 τερατουργῶν,
1352 1734 1440 1767 οὕτως
1463 1734 1533 1763 εἶναι
1553 1735 1612 1770 δοίη
1638 1743 1682 1766 τις
1705 1735 1739 1762 ἂν
1762 1737 1792 1762 ἐν
1814 1736 1851 1771 τῷ

1056 1779 1113 1814 Υίῷ
1132 1779 1178 1806 τὸν
1193 1779 1315 1815 Πατέρα,
1335 1779 1396 1812 πῶς
1417 1781 1468 1808 οὐκ
1487 1781 1641 1816 ἀμφίλογον
1660 1781 1699 1813 ὡς
1715 1782 1785 1813 Θεὸς
1803 1782 1852 1817 μὲν

1056 1826 1132 1853 ἔσται
1151 1826 1221 1853 κατὰ
1232 1826 1314 1861 φύσιν
1332 1826 1470 1861 οὐδαμῶς,
1485 1827 1541 1853 ἀλλ’
1555 1827 1651 1863 ἔτερόν
1672 1837 1699 1854 τι
1716 1828 1795 1864 παρὰ
1807 1829 1851 1856 τὸν

1055 1872 1211 1900 ἐνοικοῦντα
1222 1873 1343 1908 Πατέρα,
1357 1872 1424 1900 Θεὸν
1438 1873 1504 1900 ὄντα
1518 1873 1590 1901 κατὰ
1605 1875 1738 1910 ἀλήθειαν
1752 1883 1760 1908 ;
1775 1875 1851 1903 Οὕτω

1056 1919 1109 1956 γὰρ
1125 1917 1158 1955 ἦν
1171 1920 1200 1945 ὲν
1213 1919 1252 1954 τῷ
1267 1920 1366 1955 Παύλῳ
1378 1920 1507 1956 Χριστός.
1523 1921 1659 1956 Ὄργανον
1674 1919 1722 1948 οὖν
1739 1921 1794 1957 ἄρα
1807 1923 1852 1949 καὶ

1057 1966 1152 2002 ὥσπερ
1167 1975 1193 1992 τι
1209 1965 1306 1997 σκεῦός
1327 1967 1418 1999 ἐστιν,
1444 1967 1486 1997 εἰς
1503 1966 1583 1998 δόξαν
1598 1968 1821 2003 κατηρτισμένον
1837 1970 1851 1996 ό

1057 2012 1229 2047 Μονογενὴς,
1250 2013 1298 2039 καὶ
1313 2012 1407 2039 διοίσει
1429 2013 1480 2047 μὲν
1494 2012 1572 2039 οὐδὲν
1591 2013 1673 2040 αὐλοῦ
1691 2014 1742 2041 καὶ
1757 2014 1851 2050 λύρας,

1057 2060 1145 2086 ἐκεῖνο
1157 2060 1263 2094 φωνῶν,
1272 2059 1340 2095 ὅπερ
1352 2059 1384 2086 ἂν
1397 2059 1551 2094 ὲμπνέηται
1561 2060 1652 2095 τυχὺν,
1663 2061 1851 2096 ἦγουνεῡρῠθι

1059 2114 1117 2141 μως
1143 2105 1327 2141 ἀναμελῳδεῖν
1345 2104 1385 2140 τῷ
1402 2105 1533 2141 πλήκτρῳ
1554 2105 1701 2141 κελεύηται
1715 2115 1721 2121 ·
1737 2107 1813 2133 ἔσται
1825 2107 1852 2134 δὲ

1057 2152 1130 2179 οὕτω
1142 2152 1312 2187 παράδεκτος
1326 2153 1366 2184 είς
1382 2152 1608 2188 θαυματουργίαν
1623 2152 1662 2188 τῷ
1686 2153 1780 2188 Πατρὶ
1792 2173 1800 2186 ,
1817 2154 1851 2186 ὡς

210 2197 370 2224 excluditur
389 2200 419 2223 ut
439 2204 495 2224 non
512 2197 549 2224 sit
569 2201 668 2224 natura
689 2196 772 2228 Deus,
792 2196 932 2230 quomodo
950 2203 1003 2222 non

1059 2198 1092 2225 ἂν
1107 2199 1195 2225 νοοῖτο
1215 2198 1298 2232 τυχὸν
1314 2198 1415 2234 πρίων,
1430 2197 1447 2232 ἢ
1467 2197 1622 2233 σκέπαρνον
1637 2198 1696 2229 τοῖς
1721 2198 1806 2225 εἰδόσι
1824 2198 1852 2225 τὸ

209 2251 274 2270 vere
293 2243 414 2270 dicimus
431 2250 494 2270 eum
512 2243 584 2270 inter
599 2247 743 2270 creaturas
757 2242 924 2269 collocatum
939 2248 1006 2268 con-

210 2293 385 2316 numeratum
410 2296 484 2322 esse,
510 2293 592 2324 atque
617 2288 794 2316 instrumenti
819 2288 880 2315 loco
899 2294 1007 2315 assum-

211 2339 298 2369 ptum,
324 2339 351 2362 ct
376 2342 426 2370 pro
455 2334 571 2362 Domino
597 2335 755 2364 ministrum
780 2334 891 2362 tandem
919 2334 1006 2361 videri

211 2380 323 2413 Filium,
338 2381 385 2415 qui
404 2381 460 2408 Deo
478 2388 510 2408 ac
525 2380 601 2408 Patri
616 2381 731 2413 assidet,
745 2382 800 2409 imo
817 2388 851 2408 ne
867 2388 931 2408 vere
945 2380 1009 2415 qui-

211 2427 273 2453 dem
285 2433 346 2453 esse
359 2425 481 2453 Filium?
498 2426 553 2454 Nec
569 2427 643 2454 cnim
659 2426 734 2462 quod
751 2426 930 2454 instrumenti
949 2427 1009 2453 loco

213 2473 324 2507 ponitur
343 2479 391 2507 pro
410 2471 481 2499 Filio
497 2473 562 2508 quis
579 2474 707 2509 accipiet.
725 2473 940 2501 lnstrumentum
955 2473 1009 2500 ita-

211 2527 266 2553 que
283 2527 342 2546 sua:
359 2520 428 2546 artis
445 2525 492 2547 aut
515 2521 658 2556 sapientim
678 2520 759 2548 Pater
780 2521 888 2556 genuit,
905 2525 933 2548 ct
958 2520 1010 2547 ali-

212 2564 278 2599 quid
302 2565 376 2592 aliud
397 2573 480 2600 quam
502 2567 575 2602 quod
597 2568 656 2602 ipse
672 2567 709 2595 sit
734 2567 866 2603 genuisse
887 2567 1009 2594 videtur.

212 2610 247 2637 At
262 2611 402 2644 quomodo
416 2610 474 2638 ﬁeri
490 2611 557 2638 illud
571 2616 673 2646 potest,
690 2616 739 2639 aut
758 2611 900 2647 quomodo
913 2611 1010 2639 istius-

214 2657 288 2685 modi
306 2657 437 2692 quiddam
459 2658 486 2686 in
511 2659 634 2686 animum
653 2659 708 2687 sibi
725 2659 871 2692 reducere,
890 2667 945 2686 non
966 2663 1010 2686 est

215 2703 426 2732 stultissimum?
441 2705 501 2733 Nisi
519 2713 585 2740 ergo
605 2705 704 2733 Filium
722 2707 938 2734 instrumentum
962 2711 1009 2733 aut

215 2748 375 2777 ministrum
402 2751 563 2779 existimare
585 2751 749 2784 cessaveris,
772 2759 891 2786 eumque
915 2759 1007 2778 veram

216 2794 372 2827 genituram
398 2803 460 2823 esse
484 2803 538 2822 non
568 2796 728 2828 admittens,
752 2796 919 2824 ineffabilem
948 2796 1009 2831 ejus

219 2841 435 2874 generationem,
448 2850 480 2869 ex
490 2843 644 2870 substantia
661 2843 704 2869 Dei
719 2851 748 2869 ac
764 2843 853 2869 Patris
869 2843 1009 2875 nimirum,

219 2888 372 2922 negaveris,
399 2888 425 2914 in
448 2888 538 2923 iptnm
561 2888 698 2914 {lviiiloi'is
728 2889 839 2914 clvrimu
869 2892 1008 2915 contume-

1060 2243 1229 2279 ξυλουργείν.
1248 2240 1317 2270 Εἶτα
1335 2243 1362 2270 τί
1383 2243 1479 2270 τούτου
1502 2243 1753 2278 παραλογώτερονς
1779 2244 1852 2271 Οὕτω

1059 2289 1114 2325 γὰρ
1128 2289 1199 2325 ἔχων
1214 2289 1333 2323 φύσεως,
1349 2289 1475 2325 καθάπερ
1487 2289 1588 2315 ἐκεῖνοί
1600 2297 1694 2324 φασιν,
1715 2290 1852 2325 ἀλλότριος

1060 2336 1136 2363 ἔσται
1153 2335 1293 2367 παντελῶς
1310 2335 1358 2361 τοῦ
1379 2335 1448 2362 Θεοῦ
1467 2336 1514 2362 καὶ
1530 2335 1650 2369 Πατρδς,
1669 2336 1733 2362 ὅσον
1755 2336 1814 2362 ἐστὶ
1826 2337 1852 2362 τὸ

1060 2380 1130 2409 εἶναι
1145 2382 1225 2416 φύσει
1239 2381 1307 2413 Θεὸς
1326 2382 1355 2408 ὲν
1377 2381 1442 2416 ἡμῖν
1454 2401 1462 2413 ,
1487 2381 1535 2408 καὶ
1555 2381 1650 2416 ἕτερος
1669 2381 1749 2417 ,παρ’
1777 2383 1852 2409 αὑτὸν

1060 2428 1158 2459 οὐδείς.
1179 2429 1210 2455 Εἰ
1231 2428 1260 2454 δὲ
1283 2428 1333 2463 τῆς
1357 2427 1404 2454 τοῦ
1425 2428 1533 2464 Πατρός
1552 2428 1647 2460 οὐσίας
1669 2429 1684 2455 ὁ
1701 2428 1768 2460 Υἱὸς
1791 2430 1851 2456 ἀπσ-

1062 2473 1236 2510 σχοινίζεται,
1251 2474 1322 2501 κατά
1341 2483 1373 2509 γε
1398 2474 1429 2500 τὸ
1449 2473 1520 2501 εἶναι
1537 2474 1618 2509 φύσει
1637 2474 1717 2506 Θεὸς,
1735 2474 1852 2507 πῶςοῦκ

1061 2520 1170 2555 ἀληθῶς
1183 2519 1233 2556 ἤδη
1256 2519 1357 2554 φαμὲν,
1380 2519 1471 2554 ὅτιτῇ
1496 2519 1585 2546 κτίσει
1610 2518 1796 2547 συντέτακται
1810 2521 1852 2546 καὶ

1062 2566 1263 2601 συνηρίθμηται
1285 2567 1342 2597 τοῖς
1357 2565 1510 2600 ποιήμασι,
1529 2565 1576 2591 καὶ
1598 2565 1628 2591 ὲν
1644 2564 1767 2600 ὀργάνου
1787 2575 1852 2602 παρ-

1062 2611 1167 2647 ελήφθη
1191 2612 1270 2647 χρεία
1283 2630 1291 2643 ,
1312 2611 1360 2638 καὶ
1381 2611 1519 2646 ὑπουργὸς
1543 2611 1611 2645 ἡμῖν
1633 2610 1696 2637 ἀντὶ
1724 2611 1850 2638 δεσπότου

1063 2657 1184 2691 πέφηνεν
1196 2656 1246 2691 ἤδη
1261 2655 1353 2682 λοιπὸν
1365 2655 1380 2682 ό
1393 2654 1433 2689 τῷ
1446 2654 1506 2690 Θεῷ
1522 2653 1570 2680 καὶ
1585 2654 1674 2689 Πατρὶ
1689 2654 1851 2690 συνεδρεύων

1063 2703 1126 2734 Υἱὸς
1138 2722 1145 2734 ,
1163 2701 1265 2737 μᾶλλον
1283 2701 1312 2728 δὲ
1327 2700 1390 2727 οὐδὲ
1410 2700 1474 2731 Υίός
1487 2700 1545 2726 εστι
1567 2699 1639 2726 κατὰ
1652 2699 1801 2735 ἀλήθειανς
1817 2699 1850 2726 0'3

1062 2750 1117 2785 γὰρ
1137 2749 1167 2775 τδ
1188 2749 1217 2774 ὲν
1241 2748 1357 2783 ὀργάνου
1373 2747 1451 2779 τάξει
1468 2746 1546 2773 τεθὲν
1562 2746 1602 2777 εἰς
1615 2745 1681 2772 Υἱόν
1696 2754 1740 2777 τις
1761 2747 1849 2780 νοήσαι

1065 2796 1112 2822 καὶ
1132 2795 1323 2830 παραδέξαιτο.
1348 2793 1505 2829 Ἐργαλεῖον
1528 2790 1576 2819 οὖν
1596 2792 1650 2827 ἄρα
1667 2791 1720 2826 τῆς
1743 2791 1850 2827 ἐνούσης

1067 2841 1139 2875 αὐτῷ
1161 2840 1257 2874 τέχνης
1273 2839 1331 2874 ἦτοι
1351 2839 1446 2873 σοφίας
1461 2838 1554 2865 ἔτεκεν
1569 2839 1583 2865 ὁ
1606 2838 1713 2874 Πατὴρ,
1734 2839 1782 2865 καὶ
1797 2839 1850 2866 ἔτί,-

1066 2888 1110 2920 ςάλ
1133 2895 1155 2912 :2
1183 2887 1243 2918 στῇ
1269 2887 1335 2919 δ’τῖρ
1362 2885 1433 2913 ὲττῖν
1460 2885 1539 2917 αὖθις
1566 2885 1726 2920 immiti-ag
1748 2886 1849 2921 ὁρᾶται.
