1926 3041
70 155 118 182 9.25

615 151 646 178 IN
665 148 808 178 JOANNIS
817 147 1044 177 EVANGELlUM
1066 149 1127 177 LIB.
1148 150 1192 176 IX.

1643 155 1696 182 “226

72 211 120 238 Καὶ
136 209 192 241 πῶς
207 209 241 236 ἆν
259 208 410 244 ἑνδέχοιτο;
427 208 482 240 πῶς
499 208 526 234 δὲ
541 208 590 234 οὐκ
602 207 698 242 εὗηθες
714 207 853 238 παντελῶς

906 207 994 236 liosus
1009 210 1074 236 eris.
1092 208 1147 236 Nec
1162 207 1237 236 enim
1253 208 1323 235 ultra
1339 209 1418 236 Pater
1438 209 1519 245 790
1535 218 1595 237 vere
1617 211 1696 240 νέηαι·

70 257 97 284 τὺ
109 257 176 283 νοεῖν
190 264 217 282 τι
243 254 382 288 τοιοῦτον;
405 255 462 282 Οὺκ
487 254 644 287 ἀπαλλάξας
665 254 755 280 τοίνυν
771 254 853 289 ὀργα-

71 301 141 336 νικῆς
155 309 184 328 τε
201 301 250 327 καὶ
263 300 403 335 οἰκετικῆς
418 299 577 335 ὑπολήψεως
590 299 636 325 τὸν
648 299 722 331 Υἰὸν,
733 298 855 334 γέννημα

71 349 96 375 δὲ
108 346 176 374 κατὰ
191 345 324 382 ἀλήθειαν
341 345 480 381 ὁμολογῶν
502 345 582 372 αὑτὸν
597 345 724 380 οὐδαμῶς
734 364 741 376 ,
756 344 856 380 ἀρνού-

74 403 145 430 μενος
161 393 189 420 δὲ
203 393 255 427 τὴν
272 392 392 428 ἄρῤητον
415 391 541 426 γέννησιν
553 413 561 425 ,
585 391 634 427 τὴν
649 391 681 417 ὲκ
699 390 750 426 τῆς
764 389 856 422 οὐσίας

71 440 113 468 τοῦ
131 439 197 466 Θεοῦ
220 439 271 466 καὶ
299 438 408 474 Πατρός
436 446 525 473 φημι,
553 437 639 472 αὐτὴν
654 437 794 472 ἀδικήσεις
807 436 854 463 τοῦ

72 487 187 518 τεκόντος
200 485 251 521 τὴν
270 484 361 517 δόξαν.
377 485 434 511 Οὐκ
456 484 497 510 ἔτι
518 484 572 519 γὰρ
587 484 663 511 ἔσται
679 484 775 519 Πατὴρ
795 483 855 510 κατ’

72 531 192 567 ἀληθειαν
215 532 230 557 ὁ
253 531 362 566 Πατήρ.
393 530 422 557 '0
445 530 500 566 γὰρ
522 529 561 566 μὴ
584 530 717 565 γεννήσας
737 529 805 560 ὅλως
827 529 856 562 ἐξ

73 577 172 610 ἑαυτοῦ,
189 577 263 609 τίνος
292 576 326 604 ἂν
355 575 398 612 εἴη
423 578 494 603 κατὰ
521 576 603 610 φύσιν
629 576 739 611 πατήρ;
766 574 856 601 Ψευδ-

72 622 170 658 ώνυμος
185 619 232 648 οὖν
244 621 301 657 ἆρα
323 621 462 653 παντελῶς
477 621 493 656 ἡ
511 621 578 655 ἁγία
598 621 700 656 Τριὰς,
719 621 788 656 μήτε
808 620 856 646 τοῦ

73 669 170 704 Πατρὸς
182 668 262 700 ὄντος
277 667 350 694 κατὰ
364 667 494 703 ἀλήθειαν
510 667 627 703 Πατρὸς,
645 667 714 703 μήτε
726 667 778 702 μὴν
790 666 856 693 Υἱοῦ

73 714 137 741 κατὰ
150 714 231 749 φύσιν
248 713 298 740 τοῦ
316 713 396 741 Υἰοῢ·
414 714 593 748 ἀκολουθήσει
609 713 638 740 δὲ
653 713 794 747 ἀναλόγως
816 713 856 748 τῷ

74 762 224 797 θεωρήματι
244 760 294 787 καὶ
316 761 333 795 ἡ
357 760 428 787 κατὰ
450 760 498 786 τοῦ
525 759 683 795 Πνεύματος
705 759 854 794 δυσφημία.

73 806 169 834 Οὐκοῦν
195 806 377 842 ἠπατήμεθα,
401 807 448 833 καὶ
469 806 627 840 διέψευσται
647 805 696 841 μὲν
709 806 726 840 ἡ
745 805 854 835 πίστις·

73 851 228 888 ψευδομυθεῐ
245 852 273 878 δὲ
290 853 306 887 ἡ
323 851 389 885 ἁγία
411 851 506 886 Γραφὴ
518 871 525 882 ,
550 850 658 887 Πατέρα
673 850 795 877 καλοῦσα
810 850 855 876 τὸν

907 253 1018 282 futurus
1031 260 1083 282 est.
1097 253 1164 282 Nam
1175 255 1222 290 qui
1239 255 1353 283 omnino
1364 263 1397 283 ex
1413 256 1504 291 seipso
1517 265 1570 284 non
1591 258 1695 292 genuit,

906 300 1051 336 cujusnam
1070 301 1223 329 secundum
1239 306 1366 329 naturam
1379 306 1457 337 pater
1469 303 1542 331 erit?
1555 302 1635 331 Falso
1646 304 1697 331 ita-

905 355 961 382 que
976 351 1073 375 sancta
1091 347 1214 375 Trinitas
1235 355 1350 384 prorsus
1370 348 1541 381 nominatur,
1560 350 1583 377 si
1608 358 1697 385 neque

906 393 987 420 Pater
1002 393 1039 421 sit
1050 401 1085 421 ex
1099 394 1139 421 rei
1157 393 1276 422 veritate
1293 393 1385 427 Pater,
1402 402 1491 428 neque
1511 402 1593 429 porro
1612 394 1697 423 Filius

907 439 942 466 sit
957 440 1109 468 secundum
1123 444 1251 468 naturam
1265 440 1351 468 Filius
1365 450 1371 468 :
1386 445 1414 468 et
1427 445 1629 476 consequenter
1640 442 1697 476 pia-

907 486 1000 514 culum
1016 485 1088 513 istud
1105 486 1158 514 erit
1178 494 1288 522 quoque
1308 487 1442 515 adversus
1464 487 1607 522 Spiritum.
1624 488 1698 520 Quo-

906 532 983 559 circa
1003 532 1109 566 derepti
1129 540 1237 563 sumus.
1253 537 1280 560 et
1296 533 1399 561 [rustra
1419 537 1461 560 est
1480 533 1546 561 ﬁdes
1563 543 1569 561 :
1589 535 1654 569 quin
1671 539 1698 560 vt

908 577 1049 613 Scriptura
1081 582 1176 606 sancta
1207 579 1357 610 mentitur,
1390 587 1449 614 qua:
1482 579 1590 607 Patrem
1618 584 1697 607 vorat

906 620 992 651 Deum
1008 631 1015 650 :
1031 628 1068 655 et,
1078 624 1102 651 si
1115 631 1169 651 non
1190 629 1233 651 est
1247 624 1398 652 secundum
1417 629 1543 652 naturam
1565 625 1635 653 Deus
1652 625 1696 653 Fi-

907 670 972 702 lius,
987 674 1016 698 ut
1028 678 1061 698 ex
1075 669 1132 698 Deo
1149 674 1177 697 et
1196 669 1276 697 Patre
1288 671 1410 705 genitus,
1427 679 1477 698 nos
1497 672 1606 706 quidem
1627 672 1696 699 falli-

892 723 977 750 rmur,
991 720 1018 743 et
1034 723 1088 743 una
1104 723 1166 743 cum
1179 716 1338 744 hominibus
1354 724 1474 751 superna
1491 717 1538 744 illa
1559 718 1656 745 civitas
1670 723 1697 745 et

907 766 1068 790 sanctorum
1082 762 1242 796 angelorum
1265 761 1416 796 purissima
1433 762 1534 789 cohors
1549 762 1695 797 decipitur,

907 815 968 842 qua:
986 806 1070 834 Deum
1085 807 1239 834 secundum
1257 811 1384 833 naturam
1403 806 1543 833 nobiscum
1561 807 1696 841 gloriﬁcit

908 856 934 880 et
949 852 1056 884 adorat,
1072 859 1104 879 ac
1124 852 1218 879 nescio
1240 850 1379 886 qttomodo
1404 850 1516 877 inducta
1538 855 1580 878 est
1595 855 1624 878 ut
1641 853 1695 879 dei--

74 882 206 924 ὀξύν-καὶ
219 898 244 923 εἰ
262 882 306 933 μή.
316 882 374 924 ἐστι
392 882 462 924 κατὰ
475 882 558 932 ιρὸσιν
575 882 642 929 Θεὸς
654 898 668 923 ὁ
682 896 756 928 Υἰὺς,
774 897 810 928 ὡς
825 897 855 924 ἐκ

909 897 995 926 ferum
1017 897 1152 932 quoddam
1173 905 1221 924 vas
1243 901 1271 924 et
1289 901 1480 924 creaturarum
1504 904 1599 927 unam,
1619 896 1696 930 juxta

75 943 134 970 Θεοῦ
146 943 190 969 καὶ
202 943 312 978 Πατρδς
325 941 476 977 γεννηθεὶς,
492 941 689 977 πεπλανήμεθα
703 941 753 976 μὲν
765 942 855 976 ἡμεῖς,

76 988 297 1024 ωμπεπλάνηται
313 988 342 1015 δὲ
356 989 411 1019 τοῖς
424 987 470 1014 ἐπὶ
481 987 530 1022 τῆς
548 987 601 1022 γῆς
612 987 659 1014 καὶ
671 988 687 1023 ἡ
699 987 755 1014 ἄνω
769 987 856 1021 πόλις,

75 1034 116 1061 καὶ
129 1035 145 1069 ἡ
160 1034 213 1062 τῶν
226 1034 316 1069 ἁγίων
331 1034 455 1069 ἀγγέλων
478 1034 660 1070 καθαρωτάτη
683 1033 799 1069 πληθὺς,
816 1033 856 1069 τῷ

75 1081 138 1107 κατὰ
161 1080 241 1114 φύσιν
257 1080 318 1116 Θεῷ
341 1079 540 1112 συνδοξόιζουσά
560 1089 590 1106 τε
615 1080 663 1107 καὶ¹
683 1088 855 1116 συμπροσκυ-

75 1125 157 1158 νοῦσα,
175 1126 223 1153 καὶ
243 1126 296 1152 οὐκ
311 1120 361 1152 οἰδί
373 1126 447 1158 ὅπως
461 1125 612 1160 δοξολογεῖν
632 1124 855 1160 ἀναπεπεισμένη

75 1172 192 1207 θεοφόρον
212 1181 239 1198 τι
257 1171 366 1203 σκεῦος,
383 1173 430 1198 καὶ
444 1171 499 1198 τῶν
510 1172 671 1207 ποιημάτων
681 1170 721 1204 ἓν,
737 1171 808 1197 κατά
823 1179 855 1205 γε

75 1217 117 1252 τὴν
133 1216 244 1243 ἐκείνων
261 1216 439 1252 ἀδελτηρίαν,
457 1216 539 1252 φημί.
555 1217 585 1242 Εἰ
608 1216 635 1242 δὲ
652 1215 772 1250 βούλοιτό
792 1223 856 1242 ποτε

75 1263 116 1297 τῆς
131 1262 168 1292 εἰς
186 1261 230 1288 τὸν
246 1261 313 1288 Υἰὸν
334 1262 453 1296 σχέσεως
472 1262 518 1287 καὶ
537 1262 586 1296 τῆς
607 1261 771 1296 ἐνοικήσεως
793 1261 856 1286 ἀναν

75 1308 163 1343 χωρεῖν
180 1307 194 1332 ὁ
216 1307 314 1342 Πατὴρ
328 1328 334 1340 ,
350 1307 424 1334 οὐδὲν
442 1306 537 1333 διοίσει
552 1307 621 1342 τάχα
640 1306 694 1332 τῶν
709 1306 856 1341 διωλισθη-

76 1352 151 1377 κάτων
165 1352 212 1387 τῆς
229 1351 298 1384 ἰδίας
312 1353 398 1388 ἀρχῆς
411 1372 418 1384 ,
441 1352 506 1378 ἴδιον
527 1352 577 1388 μὲν
591 1352 660 1387 ἔχων
675 1352 752 1378 οὐδὲν
763 1373 770 1384 ,
792 1351 855 1378 οὔτε

77 1397 122 1433 μὴν
136 1398 162 1423 ἐν
177 1398 229 1433 ἰδίᾳ
248 1398 330 1432 φύσει
354 1400 399 1425 τὸν
413 1399 583 1434 γεννήσαντα
605 1398 706 1434 φέρων,
724 1398 812 1425 πάντα
827 1398 855 1424 δὲ

77 1443 166 1477 μᾶλλον
181 1443 316 1479 ὑπάρχων
332 1444 366 1471 τὰ
388 1443 450 1471 καθ’
465 1445 556 1480 ἡμᾶς,
579 1445 626 1470 καὶ
649 1444 718 1479 μόνῃ
741 1445 774 1479 τῇ
797 1443 856 1479 θείᾳ

76 1487 244 1523 νευρούμενος
267 1489 378 1524 χάριτι,
393 1489 461 1515 ἀλλὰ
478 1489 524 1516 καὶ
543 1488 582 1524 τῷ
597 1490 646 1524 τῆς
663 1489 784 1524 υἱότητος
800 1489 856 1515 ὀνό-

78 1542 135 1568 ματι
149 1534 208 1569 μεθ’
227 1534 308 1570 ἡμῶν
323 1534 515 1570 τετιμημένος.
535 1534 567 1560 Τί
580 1532 626 1561 οὖν
637 1554 644 1567 ,
660 1534 721 1560 εἰπέ
741 1543 802 1569 μοι,
820 1534 856 1569 μὴ

76 1581 116 1606 καὶ
139 1581 217 1612 αὐτὸς
242 1581 294 1608 σὺν
315 1582 380 1617 ἡμῖν
401 1581 451 1617 τὴν
477 1581 580 1608 οἰκείαν
604 1581 731 1616 ὁμολογεῖ
755 1581 854 1615 φύσιν;

76 1625 138 1653 διατι
156 1626 184 1653 δὲ
205 1627 290 1662 ἡμεῖς
305 1626 487 1662 ἀπολλύμενοι
508 1626 554 1653 τὸν
572 1627 676 1659 αἰῶνα,
703 1626 750 1653 καὶ
775 1626 855 1658 αὐτὸς

77 1670 218 1706 καθήμενος
237 1671 287 1698 τὸν
301 1671 403 1705 αἰῶνας
419 1672 466 1698 τοῦ
491 1671 519 1698 δὲ
542 1672 575 1707 δὴ
600 1671 680 1707 χάριν
701 1673 783 1706 ἡμεῖς
807 1672 856 1707 μὲν

75 1715 178 1751 οἰκέται,
197 1717 296 1752 κύριος
316 1717 344 1744 δὲ
365 1717 463 1750 αὑτός;
487 1718 522 1744 El.
539 1717 593 1753 γὰρ
615 1717 662 1744 καὶ
679 1717 732 1744 υἱοὶ
755 1717 855 1753 κεκλή-

78 1762 139 1797 μεθα
154 1763 237 1796 Θεοῦ,
258 1763 310 1799 τὴν
338 1764 406 1792 ἰδίαν
431 1764 512 1799 φύσιν
535 1765 611 1791 οὐδὲν
632 1762 713 1801 ἦττον
728 1764 857 1798 ἐπιγινώ-

78 1817 187 1842 σκοντες,
199 1811 250 1837 οὐκ
265 1810 449 1846 αἰσχυνόμεθα
467 1810 517 1846 τὴν
533 1810 611 1844 δόξαν
623 1818 629 1825 ·
645 1810 726 1842 αὐτὸς
740 1809 780 1843 δὲ,
795 1810 857 1836 εἰπέ

79 1862 126 1888 μοι,
137 1854 179 1881 διὰ
190 1855 271 1882 ποίαν
284 1855 382 1889 αἰτίαν,
395 1855 474 1890 εἴπερ
489 1856 547 1882 ἐστὶ
562 1855 622 1882 καθ’
634 1855 719 1891 ἡμᾶς,
734 1855 781 1893 καὶ
794 1855 855 1882 κατ’

77 1901 143 1928 οὐδὲν
163 1903 216 1929 τῶν
233 1904 392 1939 κτισμάτων
417 1904 446 1930 ἐν
465 1904 604 1938 ἀμείνοσι,
628 1903 699 1930 κατά
716 1910 747 1937 γε
763 1902 794 1929 τὸ
817 1902 855 1938 μὴ

78 1945 139 1974 εἷναι
152 1949 220 1975 κατὰ
234 1948 318 1983 φύσιν
337 1948 402 1980 Θεὸς
425 1948 520 1983 (τοῦτο
541 1949 595 1984 γὰρ
610 1949 666 1979 τοῖς
681 1948 855 1980 ἀπαιδεύτοις

77 1992 166 2028 δοκεῖ),
179 1993 206 2020 τί
219 1994 257 2029 μὴ
281 1994 341 2029 μεθ’
352 1994 432 2030 ἡμῶν
443 1995 569 2030 ὁμολογεῖ
582 1994 630 2030 τὴν
645 1994 783 2027 δουλείαν;
799 1994 855 2030 Τὴν

77 2039 101 2065 δὲ
112 2040 266 2074 πρέπουσαν
280 2041 328 2067 καὶ
346 2041 528 2076 ἀνακειμένην
549 2040 639 2072 ἰδικῶς
651 2041 684 2076 τῇ
698 2040 759 2076 θεία
775 2040 855 2076 φύσει

77 2085 150 2120 τιμήν
165 2093 193 2111 τε
212 2085 262 2112 καὶ
275 2085 354 2119 δόξαν
371 2086 458 2122 ἑαυτῷ
471 2086 593 2121 περιθεὶς
605 2106 613 2119 ,
628 2088 684 2117 τοῖς
699 2086 786 2120 ἁγίοις
802 2095 855 2122 μα-

77 2130 161 2165 θηταῖς
180 2132 337 2167 εὑρίσκεται
361 2131 447 2167 λέγων
463 2140 471 2148 ’
492 2142 502 2158 ι
533 2133 627 2168 Ὑμεῖς
649 2133 756 2159 καλεῖτέ
773 2141 817 2168 με,
840 2134 854 2160 ὁ

78 2175 169 2211 Κύριος
188 2178 235 2204 καὶ
252 2177 266 2204 ὁ
286 2177 466 2211 Διδάσκαλος,
490 2179 538 2206 καὶ
553 2179 643 2211 καλῶς
665 2179 758 2213 λέγετε
771 2187 778 2194 ο
796 2179 855 2215 εἰμὶ

907 943 1019 970 stultam
1039 943 1233 970 haereticorum
1255 942 1436 972 sententiam,
1457 941 1603 976 gloriﬁcet.
1619 942 1696 974 Quod

906 989 929 1017 si
950 988 1029 1016 Pater
1049 995 1172 1023 unquam
1190 987 1224 1014 ab
1242 987 1287 1014 illa
1303 987 1501 1021 conjunctione
1520 991 1547 1013 et
1562 987 1696 1014 inhubitm

906 1035 982 1062 tione
999 1042 1061 1062 cum
1077 1033 1148 1061 Filio
1161 1034 1289 1061 recedere
1302 1034 1377 1066 velit,
1390 1033 1460 1060 nihil
1475 1034 1570 1068 utique
1585 1033 1697 1060 distabit

905 1081 939 1109 ab
961 1081 995 1108 iis
1015 1080 1061 1116 qui
1085 1080 1247 1108 exciderunt
1267 1087 1319 1107 suo
1341 1079 1520 1114 principatu,
1540 1079 1609 1106 nihil
1632 1087 1696 1114 pro—

904 1128 992 1163 prium
1007 1127 1122 1157 habens.
1137 1133 1188 1154 nec
1203 1127 1232 1153 in
1243 1133 1294 1154 sua
1307 1131 1408 1152 natura
1420 1125 1577 1153 Genitorem
1593 1125 1696 1157 ferens,

905 1173 952 1200 scd
965 1172 992 1199 in
1005 1172 1134 1200 omnibus
1151 1172 1240 1199 nostri
1258 1171 1359 1199 similis
1378 1171 1529 1203 cxsistens,
1541 1175 1568 1198 et
1580 1171 1638 1198 sola
1651 1171 1695 1198 di-

904 1218 967 1245 vina
990 1218 1136 1246 roboratus
1155 1218 1263 1252 gratia,
1283 1217 1352 1244 adde
1371 1222 1398 1244 et
1421 1217 1564 1244 ﬁliationis
1584 1217 1696 1244 nomine

906 1265 1049 1292 nobiscum
1069 1269 1193 1293 ornatus.
1208 1264 1308 1297 Quidni
1333 1264 1426 1299 igitur,
1445 1272 1554 1299 quzeso,
1574 1264 1657 1291 etiam
1674 1265 1697 1291 is

905 1311 1050 1338 nobiscuut
1066 1318 1145 1338 suam
1157 1310 1306 1338 conﬁtetur
1320 1310 1470 1336 naturam?
1482 1314 1528 1337 aut
1542 1317 1592 1337 cur
1603 1317 1654 1338 nos
1667 1311 1695 1337 in

906 1357 1007 1384 smeulo
1029 1356 1162 1392 perimus,
1178 1356 1237 1391 ipse
1263 1363 1329 1383 vero
1347 1355 1451 1383 saeculo
1474 1356 1594 1383 insidet?
1613 1364 1696 1390 quam

905 1403 941 1430 ob
962 1410 1075 1430 causam
1092 1409 1143 1430 nos
1169 1402 1279 1434 famuli,
1302 1401 1360 1436 ipse
1376 1409 1441 1428 vero
1465 1401 1621 1428 Dominus?
1637 1401 1695 1428 Etsi

906 1450 979 1477 enim
1002 1449 1050 1476 ﬁlii
1066 1456 1260 1484 nuncupemur
1277 1447 1341 1480 Dei,
1358 1448 1540 1475 nihilominus
1569 1451 1695 1474 naturam

907 1499 1029 1522 nostram
1057 1497 1252 1529 agnoscentes,
1265 1493 1381 1528 gloriam
1402 1501 1456 1520 non
1471 1493 1664 1520 erubescimus
1674 1495 1695 1519 ⁵.

908 1539 968 1575 lpse
983 1547 1047 1568 vero
1059 1539 1082 1567 si
1092 1540 1173 1567 nobis
1187 1543 1229 1567 est
1245 1539 1361 1572 similis,
1383 1547 1433 1566 nec
1449 1540 1506 1566 ullo
1520 1540 1603 1567 modo
1618 1548 1697 1567 crea—

909 1585 979 1612 turis
989 1585 1129 1619 superior,
1144 1585 1171 1611 in
1182 1589 1316 1619 quantum
1327 1591 1382 1610 non
1390 1588 1430 1611 est
1442 1588 1541 1610 natura
1552 1583 1624 1611 Deus
1634 1585 1698 1619 (hoc

907 1630 980 1658 enim
1004 1630 1125 1665 imperiti
1148 1630 1295 1665 sentiunt),
1311 1629 1409 1664 quidni
1431 1630 1592 1658 servitutem
1608 1629 1698 1656 nobis-

907 1683 969 1703 cum
987 1675 1147 1711 proﬁtetur?
1161 1675 1215 1704 Sed
1233 1675 1445 1703 convenientem
1468 1675 1577 1710 proprie
1592 1679 1697 1702 natura:

907 1721 1006 1749 divinae
1030 1721 1163 1749 honorem
1186 1725 1213 1749 et
1235 1721 1351 1757 gloriam
1378 1721 1430 1748 sibi
1458 1721 1616 1752 vindicans,
1639 1721 1698 1748 suis

907 1767 1050 1803 discipulis
1065 1767 1158 1795 dicere
1171 1768 1311 1803 reperitur
1325 1777 1331 1794 :
1351 1776 1359 1793 ι
1376 1767 1431 1795 Vos
1446 1767 1554 1794 vocatis
1569 1775 1622 1798 ine,
1640 1767 1697 1793 Ma-

906 1814 993 1849 gister
1006 1817 1033 1841 et
1046 1813 1160 1841 Domine
1173 1823 1180 1847 ;
1195 1817 1222 1840 et
1236 1813 1306 1841 bene
1317 1813 1412 1840 dicitis
1427 1822 1434 1840 :
1452 1821 1512 1840 sunt
1523 1814 1626 1840 etenim
1640 1814 1671 1840 ¹⁰.
1685 1823 1694 1838 ι

906 1859 996 1894 Atque
1011 1859 1070 1886 hac
1084 1859 1194 1894 quidem
1208 1858 1336 1887 Salvator
1356 1868 1363 1886 :
1380 1858 1428 1886 sed
1445 1858 1510 1885 boni
1528 1858 1565 1885 illi
1584 1858 1698 1894 dogma-

907 1909 965 1932 tum
979 1904 1172 1932 haereticorum
1191 1905 1360 1940 interpretes
1382 1904 1496 1932 laudant
1511 1904 1620 1939 quidem
1635 1912 1697 1931 eum

906 1954 1076 1979 asserentem
1088 1958 1120 1978 ac
1132 1951 1271 1978 dicentem
1291 1958 1320 1978 se
1332 1958 1395 1977 vere
1407 1957 1523 1985 prorsus
1535 1951 1626 1977 vocari
1644 1949 1696 1977 Do-

906 1997 1023 2030 minum,
1040 1996 1088 2024 scd
1101 2003 1117 2022 a
1132 1996 1252 2024 naturali
1267 1995 1455 2023 dominatione
1472 2003 1535 2023 eum
1548 1995 1697 2023 excluden-

906 2044 948 2069 tes
962 2049 996 2069 ex
1009 2048 1042 2069 eo
1055 2041 1129 2077 quod
1141 2041 1242 2069 nolunt
1250 2048 1313 2069 eum
1330 2040 1414 2068 Deum
1427 2040 1462 2068 de
1474 2040 1528 2068 Dco
1542 2041 1696 2068 secundum

905 2089 1033 2113 naturam
1052 2086 1193 2118 conﬁteri,
1208 2093 1262 2113 non
1278 2089 1371 2112 tamen
1393 2089 1540 2120 propterea
1564 2085 1617 2112 sibi
1634 2093 1696 2120 per-

906 2131 1022 2159 suadent
1046 2139 1076 2160 sc
1100 2131 1201 2166 piaculi
1227 2131 1270 2159 sui
1297 2130 1415 2166 prodere
1440 2130 1604 2158 fmditatem.
1626 2130 1695 2158 Natu

906 2178 978 2213 quod
1010 2186 1060 2206 nec
1088 2179 1115 2205 in
1146 2177 1312 2204 famulorum
1342 2176 1459 2209 ordine,
1483 2184 1535 2204 nec
1563 2177 1590 2203 in
1619 2184 1696 2203 erea-

78 2220 134 2256 γάρ.
152 2231 160 2246 ι
177 2223 231 2249 Καὶ
245 2223 333 2250 ταῦτα
349 2222 399 2258 μὲν
412 2224 426 2250 ὁ
440 2223 534 2260 Σωτήρ
547 2232 554 2239 ·
572 2225 596 2250 οἱ
613 2224 641 2251 δὲ
665 2224 742 2252 καλοί
761 2233 790 2252 τε
806 2225 853 2251 καὶ

906 2228 1029 2251 turarum
1055 2230 1169 2251 numero
1193 2223 1322 2250 collocari
1352 2223 1428 2255 velit,
1455 2222 1503 2250 scd
1529 2223 1563 2249 ad
1583 2222 1694 2249 liberta-

77 2267 165 2300 ἀγαθοὶ
182 2268 235 2294 τῶν
256 2268 317 2294 κατ’
342 2268 425 2295 αὑτοῦ
449 2269 590 2304 δογμάτων
607 2271 752 2306 εἰσηγηταὶ
774 2272 853 2298 ἐπαι-

77 2311 144 2339 νοῦσι
163 2313 211 2348 μὲν
227 2313 342 2348 λέγοντα
361 2315 408 2342 καὶ
423 2314 622 2350 διατεινόμενον
634 2337 641 2348 ,
659 2316 696 2348 ὡς
710 2316 754 2351 εἴη
785 2325 853 2344 παν-

77 2358 174 2392 ali-‘06);
189 2360 357 2395 καλούμενος
373 2359 485 2396 Κύριος,
500 2361 549 2396 τῆς
569 2361 597 2387 δὲ
616 2362 687 2388 κατὰ
703 2361 784 2396 φύσιν
806 2371 855 2389 κυ-

79 2405 191 2441 ριότητος
217 2406 382 2440 ἐξωθοῦντες
407 2406 488 2434 αὑτὸν
512 2407 554 2434 διὰ
581 2407 627 2434 τοῦ
650 2408 686 2444 μὴ
712 2408 855 2443 βούλεσθαι

77 2451 135 2479 Θεὸν
146 2453 176 2479 ὲκ
191 2453 260 2480 Θεοῦ
276 2453 347 2480 κατὰ
361 2453 442 2488 φύσιν
453 2453 606 2488 ὁμολογεῖν,
621 2455 669 2481 καὶ
687 2455 736 2491 τῆς
750 2455 855 2482 ἑαυτῶν

79 2496 209 2533 βδελυρίας
218 2498 254 2525 τὰ
267 2498 375 2525 πάντων
386 2498 514 2533 αἴσχιστα
524 2499 688 2534 κατηγορεῖν
702 2499 731 2524 οὐ
744 2499 855 2525 πιστεύ-

78 2550 153 2571 ουσιν.
173 2544 233 2570 Ὀτι
256 2544 311 2580 γὰρ
332 2545 382 2571 οὐκ
406 2544 435 2571 ὲν
452 2545 508 2575 τοῖς
530 2543 579 2578 τὴν
608 2543 734 2580 δουλικὴν
761 2545 854 2579 ἔχουσι

79 2587 164 2619 τάξιν,
188 2590 249 2616 οὐδὲ
275 2591 332 2621 τοῖς
358 2590 412 2617 τῶν
443 2589 595 2624 γεγονότων
626 2590 787 2624 κσταλόγοις
813 2591 855 2617 ἐν-

80 2633 196 2668 αρίθμιος
220 2633 290 2662 εἶναι
319 2635 460 2670 βούλεται,
497 2635 590 2670 βλέπει
623 2635 652 2662 δὲ
689 2636 788 2671 μᾶλλον
815 2637 855 2669 εἰς

79 2679 123 2715 τὴν
150 2681 260 2708 ἐνοῦσαν
289 2681 365 2716 αὑτῷ
392 2681 463 2708 κατὰ
490 2681 572 2716 φύσιν
599 2681 776 2717 ἐλευθερίαν,
808 2683 855 2709 καὶ

80 2726 118 2752 ὅτι
151 2728 259 2762 γέγονεν
292 2729 322 2755 ὲν
358 2729 391 2763 τῇ
431 2728 479 2754 τοῦ
515 2727 609 2754 δούλου
657 2729 767 2763 μορφῇ,
807 2729 854 2755 καὶ

80 2771 118 2799 διὰ
136 2773 226 2800 τούτου
248 2774 384 2804 quvis-Istc.
408 2773 532 2808 ’Λφίκετο
550 2773 599 2808 μὲν
621 2772 676 2808 γὰρ
698 2774 725 2799 ὲν
748 2774 857 2807 Καφαρ-

112 2862 121 2877 ⁶
137 2861 144 2888 1
158 2862 236 2890 Joan.
258 2871 306 2895 Ill,
325 2863 350 2890 ι.

389 2863 409 2878 ὀ
433 2862 509 2889 Joan.
529 2862 645 2894 xitt,15.
686 2863 704 2877 ¹¹
725 2861 841 2895 Philipp.
856 2869 893 2891 ιι,
907 2861 961 2888 6-8.

908 2275 960 2297 tem
986 2269 1077 2304 potius
1102 2271 1207 2303 spectet
1234 2267 1288 2296 sibi
1307 2274 1321 2294 ιδ
1351 2273 1448 2294 natura
1470 2266 1595 2299 insitam,
1611 2266 1694 2293 etiam

907 2323 970 2342 cum
996 2313 1084 2341 factus
1106 2317 1148 2340 est
1167 2313 1194 2340 in
1217 2313 1305 2340 forma
1327 2312 1449 2345 servi“,
1466 2311 1545 2347 791
1569 2313 1613 2339 vel
1631 2311 1695 2338 hinc

907 2359 1052 2394 intelliges.
1067 2357 1211 2385 Profectus
1224 2363 1267 2385 est
1288 2357 1316 2384 in
1338 2357 1549 2392 Capharnaum,
1567 2357 1640 2384 sicut
1666 2356 1695 2383 in

908 2405 1062 2440 Evangeliis
1084 2404 1202 2439 legimus
1229 2412 1236 2430 :
1261 2406 1408 2430 exactores
1428 2407 1519 2430 autem
1541 2401 1695 2429 didrachmi

908 2451 1020 2479 Petrum
1038 2450 1174 2478 adeuntes
1195 2449 1236 2476 sic
1253 2456 1317 2476 eum
1342 2448 1547 2483 compellarunt
1564 2457 1570 2474 :
1589 2456 1598 2473 ι
1611 2447 1695 2482 Magi-

909 2503 965 2526 ster
986 2502 1075 2525 vester
1101 2503 1156 2523 non
1186 2495 1269 2522 solvit
1295 2494 1460 2522 didrachma
1475 2494 1540 2520 "?i
1565 2492 1624 2520 [loc
1647 2494 1692 2520 ubi

908 2544 1036 2572 Christus
1053 2542 1178 2573 rescivit,
1195 2540 1261 2576 quid
1274 2540 1308 2567 ad
1325 2540 1436 2567 Petrum
1452 2539 1638 2574 responderit,
1655 2539 1690 2566 vi-

908 2588 974 2616 dere
993 2591 1036 2615 est
1052 2594 1142 2622 operae
1163 2586 1282 2621 pretium
1301 2594 1308 2613 :
1327 2594 1336 2610 ι
1349 2585 1438 2620 Reges
1454 2588 1543 2616 terrae,
1561 2591 1574 2610 ιι
1591 2584 1692 2618 quibus

905 2633 1047 2669 accipiunt
1062 2639 1186 2664 censum,
1203 2635 1251 2658 aut
1269 2630 1393 2658 tributa?
1407 2637 1421 2656 a
1442 2627 1506 2657 ﬁliis
1523 2629 1592 2659 suis,
1610 2636 1644 2655 an
1659 2627 1694 2655 ab

905 2679 1003 2706 alienis
1017 2678 1079 2705 "‘h
1102 2677 1185 2705 Petro
1208 2681 1299 2704 autem
1331 2676 1472 2711 sapienter
1492 2679 1520 2703 et
1545 2673 1694 2709 prudenter

907 2725 1057 2753 conﬁtente
1077 2724 1185 2759 legibus
1203 2730 1235 2750 ac
1250 2723 1364 2750 tributis
1379 2730 1441 2750 cum
1462 2721 1611 2748 obnoxium
1632 2727 1693 2748 esse

909 2773 1021 2804 debere,
1037 2772 1084 2807 qui
1108 2778 1192 2807 regno
1208 2778 1258 2798 nec
1283 2778 1384 2805 genere
1409 2777 1459 2797 nec
1487 2769 1540 2795 alio
1563 2767 1642 2794 modo
1657 2766 1693 2798 sit

1001 2861 1021 2875 "
1039 2859 1134 2886 Matth.
1148 2866 1213 2890 ml,
1227 2858 1272 2884 ‘23.
1313 2858 1334 2874 ¹³
1351 2857 1414 2885 ibid.
1433 2858 1478 2884 ⁵24.
