1926 3041
68 168 120 196 229

620 163 654 191 IN
671 162 815 191 JOANNIS
830 158 1059 190 EVANGELIUM
1075 158 1141 187 LIB.
1159 158 1207 186 IX.

1662 157 1720 184 250

70 223 180 254 ἐλθεῖν,
211 222 261 249 καὶ
285 222 339 258 τῆς
364 220 478 256 ἐνούσης
507 219 583 255 αὺτῷ
611 218 744 254 θεομάχου
775 217 874 253 βουλῆς

930 216 1008 244 verba
1025 223 1199 251 percurrere,
1217 219 1245 242 et
1256 214 1316 250 ejus
1329 213 1442 249 impiam
1456 220 1488 241 ac
1503 212 1557 240 Deo
1575 212 1716 240 inimicam

71 269 201 297 ἀπλῶσαι
225 267 277 304 τὴν
304 267 413 299 πεῦσιν,
433 267 477 293 ἵνα
511 265 682 300 διελέγχητσι
713 263 806 298 σαφῶς
833 264 874 290 ὅτι

70 318 129 348 τοῖς
156 315 311 350 ποιήμασιν
343 313 499 350 ἐναρίθμιον
528 311 632 339 τίθεται
651 311 696 338 τὸν
723 310 873 345 Μονογενῆ,

72 363 122 390 καὶ
138 360 382 397 κεκομψευμέναις
398 360 515 390 ἀπάταις
530 358 579 394 τὴν
599 359 638 389 εἰς
653 357 733 385 αὑτὸν
748 357 874 384 ἀσέϐειαν

73 407 241 443 καταχώσας
261 407 275 433 ὁ
293 407 418 437 δείλαιος,
442 405 508 432 Θεὸν
524 405 573 440 μὲν
597 401 666 430 εἶναι
689 403 873 438 συνομολογεῐ,

72 454 125 489 τῆς
143 463 177 488 γε
193 453 247 489 μὴν
260 453 369 489 ἀληθῶς
386 453 432 479 καὶ
448 451 517 478 κατὰ
533 451 613 486 φύσιν
626 450 752 483 θεότητος
772 449 875 484 ἐκπέμ-

74 511 136 528 πων
156 501 240 528 αὑτὸν
253 521 260 533 ,
285 500 372 526 οἴεταί
392 508 451 530 πως
469 497 598 525 δύνασθαι
623 497 715 523 λαθεῖν
738 497 802 527 τοὺς
835 496 874 526 εἰς

74 548 164 582 αὐτὴν
180 547 328 583 βλέποντας
343 545 391 580 τὴν
410 543 548 579 ἀλήθειαν.
575 543 677 578 Γράφει
701 541 790 568 τοίνυν
810 540 872 566 ὡδί·

81 594 153 620 ’,υλν
177 594 272 628 ὥσπερ
287 593 367 627 ἡμεῖς
389 592 418 617 ὲν
443 589 518 625 αὺτῷ
532 588 599 617 εἶναι
616 589 768 623 λεγόμενοι,
781 587 873 622 φησιν,

75 641 168 676 ἀμιγῆ
184 640 253 675 πρὸς
268 639 351 666 αὑτὸν
369 637 467 672 ἔχομεν
490 636 539 671 τὴν
557 636 704 662 ὑπόστασιν
714 643 720 649 ·
736 634 781 660 τὸν
794 633 875 660 αὐτὸν

76 687 183 721 τρόπον
197 685 246 712 καὶ
258 685 272 710 ὁ
289 683 352 714 Υἱὸς
372 684 400 709 ὲν
416 681 455 717 τῷ
469 681 556 716 Πατρὶ
580 681 722 715 τυγχάνων
736 679 873 713 διακεκριν

79 733 168 768 μένην
190 732 237 758 τοῦ
262 731 410 765 ἀγεννήτου
433 728 489 763 ἔχει
519 728 568 764 τὴν
592 727 682 763 χάριν.
701 726 753 752 Φεῠ
774 734 805 760 γε
829 724 875 752 τοῦ

77 778 271 814 τολμήματοςῐ
297 776 335 807 ὡς
361 775 446 806 δεινὸς
472 776 486 801 ὁ
509 774 598 808 λόγος,
619 773 666 801 καὶ
690 772 788 809 μεστὸς
809 773 876 799 ἁπο-

77 825 166 857 νοίας,
189 823 288 859 μᾶλλον
313 823 342 849 δὲ
367 821 524 853 δυσϐουλίας
548 821 658 855 ἁπάσης
679 819 726 846 καὶ
751 819 876 854 ἀποπλη-

78 871 160 905 ξίαςῑ
181 869 397 906 Ἐμωράνθησαν
416 869 499 900 ὅντως
523 868 673 902 φάσκοντες
700 864 768 892 εἶναι
798 865 874 899 σοφοὶ

78 917 127 944 καὶ
142 916 306 953 φρονοῦντες
317 915 388 941 οὕτω
402 914 466 950 περὶ
478 913 526 940 τοῦ
546 911 713 946 Μονογενοῦς
723 919 729 926 ·
745 910 790 937 τὸν
810 911 874 944 ἀγο-

78 963 204 998 ράσαντα
221 962 318 992 αὐτοὺς
344 961 481 995 Δεσπότην
500 959 664 994 ἠρνήσαντο,
687 956 757 984 κατὰ
779 956 809 983 τὸ
826 964 873 991 γε·
913 982 917 985 _

77 1008 251 1044 γραμμένον.
273 1008 304 1033 Εἰ
330 1007 378 1042 μὲν
397 1006 452 1042 γὰρ
475 1005 617 1039 ἄνθρωπον
643 1001 714 1030 εἶναί
735 1012 801 1038 φασι
826 1002 872 1029 καὶ

76 1056 125 1082 ἕνα
140 1055 195 1082 τῶν
213 1055 274 1082 καθ’
285 1055 358 1090 ἡμᾶς
369 1054 413 1080 τὸν
428 1054 474 1080 τοῦ
499 1052 565 1080 Θεοῦ
589 1053 684 1086 Λόγον,
696 1051 772 1078 οὐδὲν
789 1051 828 1077 ἕτι
843 1049 872 1077 τὸ

77 1100 184 1128 κωλῦον
197 1101 284 1126 εξπεῖν
297 1099 383 1130 οὕτως
395 1098 528 1134 ὑπάρχειν
539 1097 620 1124 αὑτὸν
633 1100 662 1123 εν
674 1096 732 1132 Θεῷ
747 1095 872 1131 καθάπερ

76 1148 175 1182 ἡμεῖς·
193 1147 217 1173 εἰ
241 1146 270 1173 δὲ
295 1145 362 1172 Θεὸν
387 1142 456 1171 εἶναι
480 1143 649 1175 πιστεύουσι,
672 1144 719 1170 καὶ
739 1144 777 1175 ὡς
795 1142 874 1169 τοῦτο

78 1193 152 1220 κατὰ
174 1193 256 1228 φύσιν
277 1192 427 1227 ὑπάρχοντι
449 1191 612 1226 προσκυνεῖν
634 1189 781 1223 ἐγνώκασι,
796 1189 821 1215 τί
838 1189 874 1224 μὴ

79 1239 181 1274 μᾶλλον
193 1239 377 1273 ἀπονέμουσιν
398 1237 472 1273 αὐτῷ
487 1237 517 1263 τὺ
532 1235 692 1271 θεοπρεπῶς
714 1235 875 1270 ἐνυπάρχειν

77 1286 117 1320 τῷ
135 1285 193 1320 ἰδίῳ
212 1285 368 1320 Γεννήτορι,
389 1283 461 1319 ἔχειν
484 1291 513 1309 τε
526 1282 607 1309 αὑτὸν
623 1283 652 1309 ἐν
671 1281 778 1316 ἐαυτῴς
798 1281 877 1307 τοῦτο

79 1333 136 1366 γὰρ
156 1328 234 1366 οἶμαι
255 1331 364 1365 φρονεῖν
381 1338 410 1355 τε
436 1329 483 1356 καὶ
504 1328 593 1362 λέγειν
613 1329 670 1359 τοῖς
684 1327 767 1358 ὅντως
787 1326 877 1361 θεοφι-

79 1377 139 1404 ὶέσι
162 1377 397 1412 πρεπωδέστερον.
410 1376 441 1402 Ei
461 1376 500 1407 δὲ,
523 1375 674 1410 ἄθραυστον
698 1375 763 1409 ἡμῖν
781 1375 877 1408 ἐπιτη-

79 1424 264 1459 δεύοντες
287 1423 493 1458 ἀναισχυντίαν,
514 1421 677 1457 ὲμμένουσιν
699 1418 738 1451 οἷς
762 1420 876 1455 εἰρήκαα

82 1480 124 1497 σιν
135 1490 144 1503 ,
159 1470 232 1496 οὕτω
251 1470 283 1496 τέ
297 1478 378 1504 φασιν
395 1470 423 1495 ἐν
437 1468 524 1504 Πατρὶ
538 1468 583 1494 τὸν
597 1467 661 1493 Υἰὸν
673 1466 768 1501 ὥσπερ
787 1465 818 1492 ἂν
834 1465 875 1499 εἴη

80 1517 161 1552 etibe
180 1517 228 1544 καὶ
240 1516 320 1551 ἡμῶν
339 1516 452 1547 ἕκαστος
472 1514 525 1541 τῶν
547 1513 576 1546 ἐξ
595 1513 644 1540 οὐκ
661 1513 745 1539 ὄντων
760 1512 807 1538 καὶ
823 1511 876 1537 ἀπὸ

82 1563 131 1598 γῆς
146 1563 180 1589 δι’
192 1562 276 1589 αὑτοῦ
289 1562 450 1596 γεγονότων,
466 1561 491 1587 τί
508 1561 545 1595 μὴ
565 1561 621 1590 τοῖς
645 1558 782 1585 ἐθέλουσιν
803 1559 875 1592 ἐφεῖε

81 1617 124 1635 ται
145 1608 241 1635 λοιπὸν
267 1607 415 1639 ἀκινδύνως
441 1608 542 1633 εἰπεῖν’
559 1615 568 1631 ι
589 1606 618 1631 '0
643 1604 772 1639 ἑωρακὼς
801 1604 851 1638 ἐμὲ
870 1623 877 1635 ,

82 1653 188 1689 ἑώρακε
209 1652 256 1679 τὸν
267 1653 387 1688 Πατέρα,
399 1652 476 1685 κάγὼ
494 1653 522 1677 ὲν
545 1650 583 1686 τῷ
603 1650 701 1684 Πατρὶ,
722 1650 769 1675 καὶ
789 1649 802 1675 ὁ
824 1649 880 1674 Πα-

80 1699 131 1735 τὴρ
148 1700 178 1725 ἐν
189 1697 251 1734 ἐμοί
268 1698 352 1731 seem;
366 1707 374 1723 ι
394 1697 474 1728 Ἀλλ’,
487 1695 573 1732 οἶμαι,
588 1694 692 1731 μωρίας
704 1694 752 1728 τῆς
765 1693 879 1720 ἁπασῶν

80 1744 200 1780 ἐσχάτης
215 1743 292 1780 ἁλοίη
317 1752 358 1774 τις
386 1743 419 1769 ἂν
441 1743 485 1768 ἐπὶ
508 1741 595 1776 τούτῳ
618 1741 721 1775 γραφῇ,
741 1740 786 1766 καὶ
807 1739 879 1774 μάλα

80 1790 205 1821 εἰκότως.
224 1789 342 1824 Ἀπηχές
352 1797 381 1815 τε
398 1789 461 1824 γὰρ,
479 1789 525 1814 καὶ
540 1788 599 1814 κατ’
612 1786 718 1817 οὐδενὸς
729 1785 782 1811 τῶν
795 1785 879 1818 ἁγίων

80 1835 184 1871 ἠνέχθη
209 1835 275 1862 ποτὲ
304 1834 415 1869 τοιαύτη
443 1833 518 1870 φωνὴ
545 1833 620 1869 παρὰ
646 1834 680 1869 τῇ
709 1831 879 1866 θεοπνεύστῳ

80 1883 180 1918 Γραφῇ
191 1891 197 1897 ·
215 1882 410 1917 παραχωροῦσι
427 1881 455 1907 δὲ
471 1881 578 1911 πάντως
589 1879 628 1914 τῷ
643 1879 714 1905 κατὰ
730 1879 810 1912 φύσιν
824 1879 879 1903 Κυ-

82 1929 132 1964 pia:
147 1929 196 1956 καὶ
211 1928 271 1963 Θεῴ
286 1928 324 1963 τῷ
340 1929 488 1963 μηνογενεῖ,
505 1927 553 1962 τὴν
578 1927 620 1962 ἐφ’
635 1926 720 1953 ἅπασι
737 1926 793 1956 τοῖς
810 1925 879 1958 ἀγα-

81 1976 138 2007 θοῖς
164 1975 337 2010 ἁσυγκρίτως
359 1974 511 2009 ὑπεροχὴν,
534 1973 581 2000 καὶ
601 1973 632 2008 δὴ
655 1972 701 1999 καὶ
727 1971 879 2006 κεκράγασι

82 2021 227 2054 λέγοντες·
250 2029 259 2045 ι
281 2020 327 2050 Τίς
354 2019 551 2054 ὁμοιωθήσεται
576 2017 615 2052 τῷ
643 2017 737 2052 Κυρίῳ
762 2017 790 2042 ὲν
812 2015 879 2047 υἱοῖς

82 2067 152 2093 Θεοῦ
167 2075 174 2099 ;
194 2076 202 2091 ι
227 2065 288 2096 Πῶς
303 2063 349 2091 οῦν
362 2065 402 2091 ἔτι
426 2065 486 2091 καθ’
503 2065 577 2098 ἡμᾶς
591 2065 604 2090 ὁ
617 2062 781 2097 Μονογενὴς,
801 2061 879 2097 εἴπερ

83 2113 174 2143 οὐδεὶς
193 2112 249 2138 ἴσος
263 2120 293 2137 τε
311 2111 356 2137 καὶ
373 2111 463 2145 ὅμοιος
479 2109 561 2144 αὐτῷ,
579 2109 648 2135 κατὰ
663 2108 712 2142 τὴν
727 2108 780 2133 τῶν
796 2106 880 2140 ἁγίων

84 2159 197 2192 φιο›νήν;
216 2157 246 2183 Εἰ
267 2157 295 2183 δὲ
312 2156 397 2187 οὕτως
418 2156 490 2182 ἐστὶν
515 2157 544 2182 ἐν
565 2154 624 2189 Θεῷ
649 2154 774 2189 καθάπερ
788 2154 878 2189 ἡμεῖς,

84 2204 146 2234 πῶς
169 2203 220 2230 οὐκ
245 2203 351 2237 ἀνάγκη
376 2202 468 2228 λοιπὸν
488 2201 691 2236 ψευδομυθῆσαι
720 2200 768 2235 μὲν
791 2199 880 2233 λέγειν

926 268 1046 290 mentem
1067 261 1246 297 perscrutari,
1262 264 1291 288 ut
1305 261 1381 288 clare
1406 263 1539 294 arguatur
1561 259 1588 285 in
1607 263 1718 286 creatu-

926 317 1018 336 rarum
1044 316 1161 336 numero
1189 307 1366 342 Unigenitum
1383 306 1530 336 collocare,
1547 310 1574 332 et
1598 305 1718 338 eleganti

927 354 1022 381 fraude
1044 361 1122 381 suam
1147 353 1175 380 in
1193 360 1257 380 eum
1281 352 1453 386 impietatem
1478 351 1605 382 celando,
1631 350 1717 376 Deum

926 400 1035 434 quidem
1054 407 1116 426 esse
1128 398 1273 426 nobiscum
1291 396 1383 427 fateri,
1400 395 1433 423 de
1446 404 1510 423 vera
1525 399 1616 422 tamen
1630 399 1658 422 et
1672 402 1717 421 na-

927 445 1008 472 turali
1026 444 1128 472 deitale
1144 452 1204 471 eum
1218 443 1256 470 ita
1271 441 1429 474 excludere,
1446 446 1476 468 ut
1491 441 1577 468 latere
1591 448 1619 468 se
1635 447 1718 476 posse

927 495 1004 526 putet
1027 498 1076 518 eos
1091 490 1138 525 qui
1161 490 1187 516 in
1208 489 1296 524 ipsam
1322 489 1467 516 veritatem
1488 487 1649 522 respiciunt.
1673 487 1719 514 Sic

926 545 991 571 ergo
1012 537 1130 564 scribit:
1147 535 1249 563 Verum
1264 534 1496 572 quemadmodum
1511 541 1560 562 nos
1578 533 1624 568 qui
1643 535 1670 560 in
1684 541 1718 561 eo

926 589 988 609 esse
1011 581 1140 611 dicimur.
1158 580 1265 615 inquit,
1285 579 1443 607 nullatenus
1465 587 1526 606 cum
1552 586 1585 606 eo
1606 579 1718 606 mistam

927 627 1095 663 hypostasim
1121 627 1254 655 habemus
1271 636 1277 654 :
1294 627 1329 653 ita
1343 631 1369 654 et
1385 625 1472 654 Filius
1490 633 1552 652 cum
1569 625 1605 652 sit
1619 625 1646 652 in
1666 624 1720 652 Pa-

927 679 977 706 tre,
997 673 1155 701 distinctam
1184 673 1263 700 habet
1283 673 1317 700 ab
1343 672 1467 707 ingenito
1493 672 1622 707 gratiam.
1645 671 1718 698 Proh

927 709 1048 745 facinus'
1065 718 1172 745 audax!
1199 725 1215 744 ο
1243 724 1323 744 voees
1354 716 1474 745 nefarias
1502 721 1528 743 et
1555 716 1718 751 impietatis,

928 764 1052 792 stultitim
1065 771 1096 791 ae
1114 763 1237 798 stuporis
1256 763 1452 798 plenissimas!
1473 761 1556 789 Stulti
1572 761 1637 788 facti
1654 764 1720 789 sunt

927 810 1051 846 profecto
1076 810 1203 837 dicentes
1228 817 1258 837 se
1283 810 1425 844 sapientes
1455 809 1492 840 ⁸³,
1516 813 1600 843 atque
1629 809 1666 836 ita
1684 808 1720 836 de

929 855 1077 891 Unigenito
1101 855 1251 882 sentientes
1273 862 1280 880 :
1301 853 1446 881 Dominum
1463 854 1509 888 qui
1532 853 1648 880 redemit
1671 861 1719 881 eos

927 903 1107 936 abnegarunt.
1122 901 1194 928 sicut
1207 901 1341 934 scriptum
1359 904 1402 927 est
1413 900 1445 928 ¹⁶.
1460 898 1527 926 Nam
1545 899 1567 925 si
1581 899 1722 926 hominem

926 956 987 976 esse
1004 949 1102 976 dicunt
1123 951 1150 975 et
1173 955 1257 974 unum
1283 954 1298 974 e
1320 946 1402 974 nobis
1426 945 1474 972 Dei
1498 945 1630 977 Verbum,
1653 945 1720 972 nihil

926 995 983 1030 jam
1009 995 1138 1030 prohibet
1162 995 1255 1022 dicere
1276 1002 1339 1021 eum
1361 994 1399 1021 ita
1421 993 1450 1020 in
1477 993 1531 1021 Deo
1553 1001 1615 1020 esse
1637 992 1721 1020 sicuti

931 1049 999 1074 nos;
1023 1041 1098 1075 quod
1127 1041 1150 1068 si
1173 1040 1257 1068 Deum
1283 1047 1345 1068 esse
1365 1039 1494 1072 credunt,
1521 1047 1640 1074 eumque
1660 1044 1721 1067 tan-

931 1095 1012 1123 quam
1028 1091 1126 1115 uatura
1144 1087 1169 1113 id
1191 1086 1372 1113 exsistentem
1390 1085 1564 1113 adorandum
1581 1089 1720 1118 statuunt,

931 1133 1025 1168 quidni
1039 1133 1131 1168 potius
1149 1132 1309 1160 concedunt
1325 1140 1387 1159 eum
1407 1131 1464 1159 Deo
1481 1132 1680 1159 convenienter
1692 1131 1721 1158 in

929 1186 982 1206 suo
995 1177 1076 1205 Patre
1090 1178 1237 1209 exsistere,
1253 1183 1373 1212 eumque
1391 1177 1417 1203 in
1441 1177 1533 1212 seipse
1555 1176 1678 1204 habere?
1693 1175 1721 1203 id

928 1223 1001 1251 enim
1029 1223 1135 1250 sentire
1161 1230 1193 1250 ac
1224 1222 1316 1249 dicere.
1342 1230 1421 1249 veros
1449 1221 1496 1248 Dei
1524 1222 1647 1248 cultores
1671 1221 1721 1248 de—

927 1276 991 1296 cere
1016 1268 1103 1303 magis
1126 1268 1258 1295 arbitror.
1274 1267 1322 1294 Sin
1346 1272 1437 1294 autem
1463 1266 1608 1302 przefracta
1627 1267 1720 1302 impne

928 1314 1020 1341 dentia
1036 1317 1161 1348 perstant
1183 1314 1210 1340 in
1240 1314 1275 1340 iis
1291 1321 1352 1348 qua:
1379 1313 1526 1344 dixerunt,
1540 1316 1623 1346 atque
1641 1312 1677 1338 ita
1691 1312 1721 1339 in

930 1359 1010 1386 Patre
1034 1359 1133 1386 Filium
1151 1367 1214 1386 esse
1240 1359 1337 1386 dicunt
1355 1358 1437 1386 sicuti
1462 1358 1654 1394 unusquisque
1668 1365 1720 1385 no-

931 1410 1020 1433 strum
1044 1406 1091 1440 qui
1119 1413 1151 1432 ex
1174 1405 1261 1432 nihilo
1284 1411 1311 1432 et
1337 1405 1370 1432 de
1398 1410 1472 1431 terra
1498 1413 1544 1440 per
1568 1413 1630 1431 eum
1656 1404 1722 1432 facti

932 1458 1028 1478 sumus
1046 1460 1053 1478 :
1071 1451 1168 1486 quidni
1193 1450 1286 1478 licebit
1305 1451 1454 1484 unicuique
1476 1454 1602 1477 nostrum
1623 1456 1723 1476 secure

930 1497 1024 1525 dicere
1043 1507 1049 1524 :
1071 1497 1145 1529 «Qui
1172 1497 1247 1524 videt
1270 1504 1312 1524 me
1338 1497 1414 1523 videt
1437 1500 1464 1522 et
1488 1495 1616 1528 Patrem;
1631 1505 1640 1521 ›
1668 1499 1720 1522 et:

934 1543 1005 1578 «Ego
1020 1544 1045 1570 in
1061 1543 1152 1575 Patre,
1170 1548 1196 1570 et
1209 1543 1289 1569 Pater
1302 1542 1329 1569 in
1347 1550 1391 1569 me
1407 1541 1470 1569 est?
1485 1551 1493 1567 ι
1510 1541 1563 1568 Sed
1580 1545 1723 1572 extremae,

930 1593 1039 1626 opinor,
1060 1592 1210 1620 dementiae
1239 1598 1322 1618 nemo
1346 1599 1401 1617 non
1425 1590 1453 1617 id
1479 1597 1540 1617 esse
1559 1589 1622 1623 jure
1645 1588 1723 1616 dixe-

930 1640 976 1667 rit.
996 1638 1076 1674 793
1094 1638 1252 1665 Absurdum
1267 1641 1310 1664 est
1326 1637 1437 1671 quippe,
1453 1644 1503 1663 nec
1516 1636 1549 1663 de
1560 1639 1722 1662 sanctorum

930 1686 986 1712 ullo
997 1685 1024 1711 in
1034 1685 1122 1711 sacris
1130 1683 1242 1710 Litteris
1249 1681 1385 1717 ejusmodi
1394 1689 1446 1709 vox
1456 1682 1543 1716 reperi
1550 1680 1655 1712 lur,sed
1663 1687 1724 1707 om-

931 1731 997 1759 nino
1015 1730 1132 1757 naturali
1151 1730 1265 1756 Domino
1281 1733 1308 1756 et
1326 1728 1380 1755 Deo
1397 1727 1561 1762 Unigenito,
1580 1727 1725 1761 incompa-

930 1778 1047 1805 rabilem
1069 1784 1150 1812 supra
1167 1783 1263 1803 omnes
1282 1775 1369 1802 bonos
1389 1774 1564 1800 eminentiam
1586 1773 1723 1806 tribuunt,

930 1825 1053 1859 adeoque
1070 1823 1241 1850 exclamant:
1260 1831 1268 1847 ‹
1284 1821 1353 1854 Quis
1367 1820 1467 1848 similis
1482 1819 1535 1846 erit
1550 1819 1666 1845 Domino
1679 1818 1724 1846 in-

930 1874 971 1898 ter
986 1871 1056 1897 lilios
1077 1869 1123 1896 Dei
1138 1869 1157 1884 ‘7
1170 1868 1181 1894 ’ἶ
1196 1878 1206 1894 )
1222 1866 1367 1900 Quomodo
1381 1874 1447 1901 ergo
1464 1865 1564 1894 similis
1579 1865 1659 1892 nobis
1681 1867 1725 1892 est

933 1916 1108 1952 Unigenitus,
1139 1914 1162 1942 si
1189 1914 1282 1941 nullus
1304 1914 1328 1940 ei
1357 1912 1471 1947 aequalis
1492 1915 1533 1939 est
1552 1916 1598 1938 aut
1611 1909 1723 1944 similis,

928 1963 1005 1998 juxta
1022 1966 1184 1989 sanctorum
1201 1959 1317 1987 vocem?
1336 1959 1416 1992 Quod
1433 1959 1455 1986 si
1474 1965 1508 1985 eo
1534 1957 1616 1984 modo
1636 1961 1678 1984 est
1695 1956 1725 1984 in

931 2009 987 2036 Deo
1017 2016 1072 2043 quo
1107 2014 1169 2038 nos,
1195 2005 1328 2040 numquid
1346 2012 1459 2031 necesse
1482 2007 1523 2031 est
1550 2007 1580 2030 ut
1597 1994 1747 2030 dicamus-

931 2058 1089 2084 sanctorum
1102 2053 1218 2080 chorum
1246 2051 1368 2083 mentiri,
1385 2050 1544 2084 nullamque
1561 2048 1725 2083 praerogati-

931 2109 992 2129 vam
1012 2100 1128 2128 naturali
1156 2099 1226 2126 Filio
1255 2099 1386 2129 tribuere,
1405 2104 1453 2131 per
1479 2103 1562 2130 quam
1592 2097 1728 2129 praestare

932 2147 1067 2182 adoptivis
1083 2145 1326 2180 videatnr?Apage
1343 2149 1399 2170 tam
1411 2141 1603 2169 detestandum
1620 2141 1725 2172 scelus,

932 2203 948 2222 ο
960 2194 1049 2226 bone;
1077 2199 1250 2227 nequaquam
1280 2198 1331 2217 nos
1346 2190 1385 2216 ita
1407 2190 1551 2218 sentimus,
1570 2186 1659 2214 absit!
1677 2186 1725 2214 sed

84 2250 131 2275 τὸν
149 2248 204 2274 τῶν
221 2248 303 2281 ἁγίων
326 2247 415 2282 χορὸν,
438 2247 513 2272 οὐδὲν
528 2246 556 2272 δὲ
571 2245 600 2272 τὸ
625 2245 715 2271 πλεῖον
735 2245 877 2279 ἀπονεῖμαι

933 2246 1091 2269 sanctorum
1113 2238 1225 2264 Patrum
1242 2236 1400 2271 opinionem
1427 2237 1584 2269 sequentes,
1608 2232 1726 2268 gloriam

84 2295 124 2330 τῷ
139 2295 211 2321 κατὰ
227 2293 306 2328 φύσιν
324 2293 391 2327 Υἱῴ,
409 2293 441 2318 δι’
456 2290 540 2326 οἷσπερ
556 2291 587 2318 ἂν
604 2292 724 2325 φαίνοιτο
739 2292 794 2322 τοῖς
810 2291 880 2318 κατᾶ

86 2342 163 2368 Θέσιν
191 2341 241 2367 οὐκ
266 2339 434 2371 ίσοστατῶν;
457 2339 564 2373 Ἄπαγε
587 2339 635 2374 τῆς
662 2338 813 2373 βδελυρίας,
835 2337 881 2364 ἅν-

87 2388 196 2422 Ορωπεῐ
215 2387 386 2420 φρονήσομεν
404 2385 458 2420 γὰρ
479 2385 528 2419 οὐχ
554 2384 639 2416 οὕτως
662 2385 753 2419 ἡμεῖς,
770 2384 806 2418 μὴ
832 2383 880 2417 γέ-

87 2442 170 2464 νοιτο,
184 2434 241 2464 ταῖς
262 2432 290 2458 δὲ
309 2432 361 2458 τῶν
384 2431 468 2465 ἁγίων
484 2430 611 2465 Πατέρων
634 2430 760 2463 ἑπόμενοι
780 2428 879 2461 δόξαις,

88 2478 277 2512 εὺὼκιμηςειν
296 2478 370 2511 παρὰ
392 2476 451 2510 Θεῷ
475 2475 649 2509 πιστεύομεν.
671 2474 778 2509 Ἐπειδὴ
797 2473 825 2499 δὲ
842 2475 881 2505 εἰς

91 2523 225 2555 κτόδειξιν
239 2520 279 2549 ὧν
293 2522 420 2556 φρονοῦσι
436 2522 483 2548 καὶ
505 2522 626 2554 λέγουσιν
643 2522 730 2547 ἐκεῖνο
752 2520 882 2554 παρήγα-

89 2578 135 2602 γον
150 2569 181 2594 τὸ
196 2568 342 2603 εἰρημένον
366 2566 409 2593 διὰ
422 2566 468 2592 τοῦ
485 2565 602 2597 Παύλου,
621 2566 661 2591 ὅτι
678 2575 686 2590 ι
698 2565 741 2591 Ἑν
758 2564 817 2599 Θεῴ
830 2563 883 2595 ζὼ-

92 2624 151 2649 μεν,
167 2615 213 2640 καὶ
230 2612 390 2646 κινούμεθα,
407 2612 455 2639 καὶ
470 2612 563 2646 ἐσμὲν,
577 2621 585 2636 ι
606 2611 635 2637 τὸ
651 2612 678 2636 ὲν
698 2611 786 2646 Ila-cpi.
806 2610 882 2643 λέγε-

92 2661 151 2687 σθαι
169 2660 214 2686 τὶν
227 2656 295 2685 Υἱὸν
313 2658 465 2689 δεικνύντες
488 2658 589 2684 εἰκαῖον
603 2658 633 2683 ἐκ
646 2657 699 2683 τῶν
718 2657 778 2683 καθ’
797 2656 881 2691 ἡμᾶς,

90 2708 155 2743 φέρε
172 2709 234 2738 ταῖς
256 2704 442 2740 καθηκούσαις
465 2703 588 2739 ὲρεύναις
610 2703 639 2728 τὸ
666 2702 745 2738 ῥηθὲν
763 2701 882 2728 ὑποϐάλ-

89 2753 181 2784 λοντες
194 2752 380 2786 διελέγχωμεν
397 2750 494 2780 αὐτοὺς
510 2749 556 2775 καὶ
574 2749 618 2775 τὸν
638 2747 692 2773 τῶν
710 2747 795 2781 ἁγίων
813 2747 882 2773 ἁπο-

91 2799 191 2827 στόλων
207 2797 387 2832 συκοφαντεῖν
412 2796 536 2822 ἐθέλοντα
557 2795 615 2830 [γρ.
639 2793 793 2828 ἐθέλοντας]
809 2792 881 2825 νοῦν,

134 2894 157 2910 ¹⁵
174 2892 256 2920 ﬂom.
271 2899 298 2923 t,
312 2890 349 2917 ‘22
391 2890 413 2905 "
426 2889 487 2916 Act.
503 2896 532 2917 m
544 2910 551 2923 ,
571 2888 614 2921 1⁸5,
633 2886 674 2914 ιιι.

715 2886 735 2901 ¹⁷
751 2884 824 2913 Psal.
836 2891 976 2915 uuvtn,
995 2883 1020 2909 8.

935 2287 1004 2322 apud
1030 2285 1114 2312 Deum
1132 2291 1183 2311 nos
1208 2285 1408 2310 consecuturos
1422 2281 1571 2308 credimus.
1588 2279 1641 2306 Sed
1656 2286 1726 2314 quo—

934 2333 1006 2359 niam
1025 2331 1058 2357 ad
1087 2327 1350 2356 demonstrationem
1377 2333 1471 2353 eorum
1497 2331 1557 2358 qua:
1578 2323 1673 2350 dicunt
1692 2329 1726 2349 ac

934 2379 1056 2406 sentiunt
1082 2375 1149 2403 illud
1168 2374 1245 2401 Pauli
1271 2374 1374 2400 diclnm
1393 2371 1544 2398 attulerunt
1562 2380 1568 2398 :
1589 2380 1598 2396 ι
1620 2369 1648 2397 ln
1670 2369 1727 2397 Deo

934 2425 1062 2455 vivimus,
1084 2428 1226 2448 movemur
1253 2423 1280 2446 et
1295 2425 1391 2446 sumus
1404 2417 1435 2450 ’⁸,
1454 2427 1463 2443 ι
1483 2417 1549 2444 illud
1567 2416 1639 2451 quod
1655 2415 1726 2442 dici-

935 2475 991 2504 tur,
1017 2468 1115 2495 Filium
1130 2468 1158 2494 in
1186 2466 1279 2498 Patre,
1297 2463 1471 2492 ostendentes
1490 2470 1591 2489 vanum
1615 2470 1676 2490 esse
1690 2469 1726 2489 ex

936 2517 1025 2547 nobis.
1039 2522 1088 2549 age
1099 2514 1203 2548 dictum
1217 2511 1283 2539 illud
1294 2509 1489 2538 convenienter
1501 2513 1666 2539 scrutantes,
1677 2507 1726 2535 de-

935 2566 1121 2589 monstremus
1136 2566 1183 2586 eos
1191 2564 1218 2586 et
1232 2560 1390 2585 sanctorum
1407 2555 1594 2590 apostolorum
1607 2558 1725 2582 tuentem

935 2607 1109 2639 calumniari,
1119 2609 1147 2633 et
1164 2606 1191 2632 in
1200 2604 1364 2632 sententiam
1378 2610 1454 2630 suam
1464 2609 1525 2636 qua:
1538 2605 1612 2627 recte
1629 2600 1721 2626 admo-

936 2654 1000 2680 dum
1020 2653 1093 2680 dicta
1110 2655 1173 2679 sunt
1188 2651 1352 2679 stultissime
1372 2649 1548 2681 detorquere.
1573 2646 1639 2673 Nam
1662 2653 1725 2671 cum

936 2699 1052 2726 Athenis
1068 2703 1140 2726 esset
1161 2698 1260 2725 beatus
1273 2695 1374 2724 Paulus
1399 2694 1585 2729 populumque
1605 2691 1727 2719 videret.

936 2745 1062 2780 quamvis
1077 2743 1216 2778 sapientiae
1227 2739 1491 2770 nominecelebrem,
1507 2738 1618 2765 deorum
1635 2739 1728 2761 tanien

937 2790 1005 2818 falsa
1022 2789 1154 2825 religione
1175 2788 1273 2821 teneri,
1299 2787 1353 2822 piis
1373 2785 1529 2814 rationibus
1543 2791 1591 2812 eos
1608 2790 1623 2809 a
1642 2781 1727 2808 veteri

1061 2882 1081 2897 “
1109 2882 1168 2908 Act.
1189 2888 1252 2911 xvn,
1271 2879 1314 2906 ‘28.
