1926 3041
202 138 255 166 955

716 136 745 164 S.
766 135 902 163 CYRILLI
918 133 1152 164 ALEXANDRINI
1170 134 1330 162 AliClllliP.

1779 135 1840 161 236

203 204 275 227 reor,
301 196 474 231 putaverint,
507 202 678 230 nequaquam
707 199 796 222 tamen
823 194 990 222 assentietur

1045 193 1181 228 φαίνεται,
1198 193 1288 226 καλῶς
1307 193 1441 229 διείρηται
1456 192 1555 226 δόξειεν
1573 192 1616 223 ἂν,
1636 191 1789 218 συναινέσει
1808 199 1843 224 γε

203 242 390 273 adversarius.
414 242 462 269 sed
489 242 615 277 repetitis
633 242 665 269 iis
677 249 739 276 qua:
760 240 895 276 principio
910 240 992 276 796

203 288 306 321 attulit,
328 288 401 316 dicet
412 289 448 315 ita
467 287 575 315 Patrem
600 295 662 315 esse
693 287 720 314 in
736 286 815 318 Filio.
840 287 923 314 sicuti
941 294 992 314 nos

203 334 231 361 in
247 335 318 369 ipso.
345 334 415 367 Quid
431 341 497 369 ergo
515 334 568 368 (sic
583 334 657 360 enim
671 338 697 360 te
719 333 766 368 qui
787 337 842 360 tam
858 333 952 368 putida
965 337 993 361 et

202 381 333 416 juvenilia
348 381 433 408 sentis
449 387 481 407 ac
493 379 564 407 dicis
576 380 744 415 compellare
757 379 866 415 juvat)?
877 383 934 406 tmn
952 379 992 407 sic

203 435 265 454 esse
275 425 373 453 Filium
386 426 413 452 in
443 425 523 453 Patre
537 425 619 458 dicis,
644 425 873 460 quemadmodum
895 433 945 453 nos
964 425 992 452 in

203 474 285 509 ipso?
298 473 442 500 Praeclare.
459 472 493 499 At
504 472 602 507 quidni
615 471 718 499 eisdem
741 479 792 499 nos
807 471 920 507 gloriari
933 479 993 499 scr-

203 519 341 550 monibus,
352 518 452 553 quibus
469 523 496 545 ct
517 518 576 553 ipse
591 517 731 549 Christus,
755 521 862 544 natura:
891 521 993 544 nostra:

201 566 273 592 ratio
293 564 416 600 patitur?
429 565 490 599 Ipse
505 563 579 591 enim
600 563 667 598 quia
684 567 726 591 est
740 564 767 590 in
781 563 871 594 Patre,
893 567 920 591 et
944 563 993 589 ha-

202 611 246 638 bet
263 611 289 638 in
306 611 398 646 seipso
413 610 537 642 Patrem,
564 611 668 646 quippe
694 610 742 644 qui
763 609 824 644 ejus
851 609 944 643 imago
966 613 993 636 et

201 658 346 685 character
358 657 396 684 sit
410 665 458 692 per
474 657 568 684 omnia
581 657 686 684 idcirco
698 656 816 684 similis:
835 665 843 681 ι
856 655 908 688 Qui
924 655 993 683 vidit

201 710 255 735 me,
274 703 375 737 inquit.
388 702 456 730 vidit
470 707 497 729 et
521 702 641 730 Patrem.
668 702 724 737 Ego
754 706 782 729 et
805 701 888 728 l’ater
907 709 991 728 unum

201 755 308 775 sumus.
331 757 339 773 ι
356 747 410 775 Nos
422 752 524 780 autem,
544 747 642 775 amabo
652 753 689 779 te,
707 748 731 775 si
745 748 786 775 sic
803 754 901 774 sumus
920 747 947 773 in
960 754 993 774 eo

201 799 228 821 et
243 795 303 830 ipse
327 794 353 820 in
382 794 464 822 nobis
479 798 532 825 est.
550 798 581 821 ut
600 794 660 829 ipse
671 794 801 821 nimirum
822 794 850 821 in
868 794 947 821 Patre
965 798 995 820 ct

201 841 282 869 Pater
297 842 324 869 in
343 842 413 876 ipso,
439 841 534 876 quidni
553 845 645 869 erecta
659 841 768 869 cervice
787 848 819 869 ac
836 841 924 872 vultu,
944 848 993 876 pa-

202 889 255 916 lam
267 897 299 916 ac
311 896 409 916 secure
423 888 541 916 dicimus
555 896 560 913 :
575 887 631 922 Ego
649 887 675 914 in
689 886 812 919 Christo,
826 892 852 914 et
867 886 992 915 Christus

201 935 230 962 in
246 942 287 962 me
300 934 361 962 est?
378 933 428 966 Qui
447 933 515 960 vidit
531 940 584 965 me,
601 932 671 960 vidit
684 936 711 960 et
725 932 879 960 Christum.
900 931 955 964 Ego
966 937 994 960 et

200 981 327 1008 Christus
340 987 423 1007 unum
439 980 554 1007 'sumus.
573 977 644 1012 Quid
660 985 744 1013 porro
763 978 827 1006 hinc
842 978 994 1014 sequetur?

200 1026 298 1059 Nemo,
315 1029 344 1053 ut
359 1026 468 1061 opinor,
487 1025 605 1060 idipsmn
626 1025 660 1052 de
676 1029 752 1059 patre
778 1024 871 1052 dicere
889 1025 994 1052 verebi-

200 1077 257 1105 tur,
277 1082 286 1099 ι
309 1072 363 1108 Ego
379 1076 407 1099 et
422 1076 500 1107 pater
519 1079 602 1098 unum
619 1079 724 1099 sumus.
743 1081 752 1097 ι
776 1070 843 1098 Nam
865 1071 887 1099 si
907 1079 991 1098 unum

200 1125 243 1147 est.
259 1124 336 1155 pater
348 1127 409 1146 cum
427 1119 494 1151 tilio,
513 1117 652 1154 quomodo
667 1125 722 1144 non
740 1117 855 1152 aequalis
869 1117 924 1144 crit
941 1117 992 1152 ipsi

201 1166 286 1199 Patri,
313 1173 374 1193 cum
400 1173 447 1200 per
472 1165 563 1191 omnia
591 1163 692 1191 similis
706 1164 796 1199 imago
816 1163 853 1191 sit
869 1163 942 1190 nulla
959 1170 991 1190 ex

200 1217 276 1248 parte
287 1212 437 1240 evariautis
470 1210 609 1245 imaginis,
630 1209 655 1236 id
670 1212 712 1237 est
726 1208 807 1236 Filii?
838 1208 907 1242 Quis
925 1216 991 1244 ergo

151 1269 154 1272 -
199 1266 232 1285 eo
247 1257 384 1285 vecordia
407 1257 514 1283 labetur
547 1262 680 1290 unquam,
703 1260 733 1282 ut
757 1255 849 1282 dicere
870 1255 992 1282 audeat:

199 1305 250 1337 Qui
267 1303 366 1331 viderit
386 1311 445 1334 me.
462 1303 562 1330 viderit
579 1307 606 1330 et
622 1302 781 1330 Clu-istum?
801 1302 857 1337 Ego
872 1305 898 1329 et
912 1302 992 1329 Chri-

200 1354 260 1378 stus
275 1357 360 1377 unum
375 1349 491 1377 Sumus?
506 1347 574 1375 Nam
590 1349 611 1375 si
625 1356 672 1383 per
687 1348 876 1375 habitudinem
891 1356 922 1375 ac
937 1356 991 1374 non

200 1403 249 1431 per
263 1400 388 1423 naturam
415 1394 516 1421 Filium
530 1401 592 1422 esse
609 1395 636 1421 in
661 1393 741 1422 Patre
760 1394 903 1426 concedis,
922 1399 948 1422 et
965 1394 991 1421 in

200 1441 291 1476 Seipso
301 1441 403 1468 habere
412 1439 532 1472 Patrem,
546 1439 686 1474 similique
707 1438 787 1467 modo
799 1447 850 1467 nos
865 1439 892 1467 in
912 1440 992 1468 Chri-

199 1490 254 1517 sto,
281 1489 308 1513 et
333 1485 460 1513 Christus
492 1483 519 1511 in
542 1485 623 1511 nobis
654 1488 697 1511 est
713 1493 719 1511 :
738 1484 854 1519 primqu
879 1485 990 1520 quidem

205 1531 300 1559 eodem
316 1539 371 1566 quo
391 1538 441 1558 nos
467 1530 567 1557 ordine
591 1529 677 1557 Filius
697 1531 873 1562 censebitur;
893 1530 992 1558 deinde

200 1578 268 1605 nihil
284 1576 387 1604 vetabit
404 1576 554 1610 quominus
572 1576 654 1602 etiam
672 1575 762 1610 ipsum
776 1596 783 1606 ,
810 1576 832 1603 si
851 1576 969 1605 velimus
981 1597 990 1610 ,

199 1627 386 1658 praetergressn
408 1621 525 1656 Filium,
550 1626 580 1648 ut
605 1623 652 1657 qui
684 1622 848 1657 iuterjeetus
871 1623 924 1654 sit,
956 1623 990 1650 ad

199 1670 287 1704 ipsum
303 1669 408 1696 Patrem
425 1672 499 1696 recta
512 1668 718 1703 quodammodo
731 1668 888 1701 tendamus,
910 1669 991 1704 eique

198 1723 250 1743 nos
264 1720 317 1742 tam
342 1714 464 1750 perfecte
482 1719 509 1742 et
538 1719 635 1743 exacte
651 1715 820 1743 assimilatas
834 1723 897 1743 esse
915 1715 991 1742 dica-

199 1769 270 1792 mus,
289 1765 318 1787 ut
331 1760 399 1787 nihil
411 1760 482 1788 inter
498 1767 548 1787 nos
567 1766 593 1787 et
608 1760 686 1787 illum
698 1765 828 1795 appareat
851 1761 991 1789 discrimi-

199 1809 252 1835 nis.
267 1807 357 1835 Unum
373 1807 476 1842 quippe
491 1814 553 1834 esse
570 1806 700 1841 quiddam
721 1815 783 1834 cum
802 1807 907 1843 aliquo,
920 1807 992 1836 hanc

198 1854 253 1881 vim
268 1857 294 1881 et
309 1853 539 1888 significationem
561 1853 653 1880 habet.
669 1852 808 1888 Numquid
826 1861 891 1890 ergo
913 1854 990 1882 vide-

198 1901 234 1927 tis
251 1903 381 1935 quantam
413 1899 450 1926 in-
467 1899 612 1926 stultitiam
645 1902 674 1926 et
703 1899 871 1934 impietatem
894 1908 990 1928 eorttm

198 1950 306 1973 mentes
323 1944 484 1977 ceciderint,
501 1948 528 1972 et
545 1948 649 1980 quanta
665 1952 695 1972 se
713 1945 791 1972 nobis
806 1945 990 1973 absurdarum

199 1992 339 2019 rationum
363 1991 444 2018 turba
457 1990 770 2025 ingesserittQuaanam
796 1990 879 2026 igitur
906 1998 989 2019 causa

199 2037 236 2066 sit
252 2046 302 2065 cur
318 2037 376 2064 haec
389 2036 483 2064 dicant
507 2039 592 2071 atque
611 2035 793 2068 contendant,
810 2041 921 2071 tamque
943 2036 992 2063 fri-

198 2083 269 2110 volis
283 2083 457 2110 sermonibus
473 2082 613 2112 innatent.
633 2089 768 2117 exponam
786 2089 895 2110 rursus.

1046 240 1099 275 μὴν
1112 241 1126 266 6
1141 240 1174 266 δι’
1191 240 1317 272 ἐναντίας
1335 240 1477 275 οὐδαμῶς·
1494 240 1554 275 ἐρεῖ
1568 239 1597 266 δὲ
1614 238 1646 274 δὴ
1665 237 1749 265 πάλιν
1760 258 1768 270 ,
1792 238 1843 265 τὶ·-

1043 287 1073 314 ὲν
1089 287 1188 322 ἀρχαῖς
1203 287 1446 322 εἰσκεκομισμένον
1466 285 1685 322 ἀναμασώμενος
1699 284 1780 318 λόγον
1796 285 1841 311 ὅτι

1043 333 1130 366 οὕτως
1145 334 1218 360 ἐστὶν
1238 334 1252 359 6
1267 332 1362 368 Πατὴρ
1383 333 1412 359 ὲν
1437 331 1477 367 τῷ
1501 331 1575 366 Υίῷ,
1600 330 1697 365 ὥσπερ
1713 330 1796 366 ἡμεῖς
1813 330 1842 355 ἐ·-

1031 379 1128 415 λαῦτῷ.
1142 379 1174 406 Τί
1189 377 1235 406 οὖν
1251 379 1322 414 ipa;
1337 379 1486 414 (φήσαιμεν
1498 377 1532 404 ἂν
1542 377 1592 403 οὐκ
1607 376 1748 407 ἀσυνέτως
1762 375 1844 409 ἐλέγ-

1043 433 1149 461 χοντες,
1170 424 1260 460 σαθρά
1274 433 1303 451 τε
1325 424 1373 452 καὶ
1389 423 1556 460 μειρακιώδη
1575 422 1730 458 φρονοῦντά
1746 430 1777 448 τε
1793 423 1844 449 καὶ

1043 470 1169 506 λέγοντα)
1184 470 1271 502 οὕτως
1284 468 1354 497 εἶναι
1369 471 1422 506 φὴς
1443 470 1489 496 τὸν
1506 469 1570 496 Υἱὺν
1586 469 1615 496 ἐν
1635 469 1735 504 Πατρὶ,
1753 468 1844 495 καθα-

1044 526 1097 553 περ
1112 518 1187 553 ἡμᾶς
1199 518 1228 543 ἐν
1242 517 1336 552 «imp;
1358 517 1466 548 Καλῶς.
1483 514 1551 543 Εἶτα
1565 515 1590 543 τί
1608 515 1652 552 δὴ,
1675 515 1746 550 πρὸς
1759 514 1844 540 τοῦτο

1044 562 1235 599 ἐροῦμεν,-μὴ
1251 563 1307 594 τοῖς
1325 562 1392 595 ἴσοις
1407 562 1480 598 ἡμᾶς
1495 560 1728 597 ὲπισεμνύνεσθαι
1748 559 1843 594 λόγοις

1043 609 1073 636 τὸ
1089 610 1139 644 τῆς
1155 609 1292 645 ἡμετέρας
1315 609 1423 644 φύσεως
1439 609 1532 645 ἐφίησι
1557 608 1674 644 μέτρον,
1691 605 1793 642 οἷσπερ
1810 606 1842 633 ἂν

1043 656 1131 692 ὁρῷτο
1146 657 1194 683 καὶ
1209 657 1290 688 αὐτὸς
1307 657 1321 683 6
1334 656 1470 691 Χριστός;
1486 655 1572 686 Αὐτὸς
1585 655 1635 690 μὲν
1646 655 1702 689 γὰρ
1719 653 1839 687 ἐπείπερ

1044 703 1118 729 ἐστὶν
1135 703 1164 729 ὲν
1179 702 1283 738 Πατρὶ,
1302 702 1358 738 ἔχει
1374 702 1403 729 δὲ
1423 702 1452 728 ἐν
1476 701 1564 736 ἐαυτῷ
1580 701 1626 727 τὸν
1642 699 1755 734 Πατέρα
1766 719 1774 731 ,
1792 699 1841 726 an

1043 749 1075 785 δὴ
1087 749 1135 776 καὶ
1150 748 1231 776 εἰκὼν
1243 748 1326 775 αὑτοῦ
1346 748 1395 776 καὶ
1409 747 1552 784 χαρακτὴρ
1569 746 1784 782 ἀπαράλλακτος
1795 745 1841 772 διὰ

1043 794 1122 821 τοῦτο
1138 794 1269 830 ὑπάρχων
1281 802 1288 808 ⁸
1307 803 1317 820 l
1340 793 1370 821 Ὀ
1387 793 1519 829 ἑωρακὼς
1535 793 1596 829 ἐμὲ,
1618 792 1714 827 φησὶν,
1731 791 1840 826 ἑώρακε

1043 841 1088 867 τὸν
1107 840 1218 876 Πατέρα
1234 849 1240 856 '
1260 839 1315 874 ἐγὼ
1336 841 1382 867 καὶ
1396 841 1410 867 6
1437 840 1530 875 Πατὴρ
1544 839 1573 866 ἓν
1590 840 1685 874 ἐσμεν.
1705 847 1715 864 ›
1743 837 1840 872 Ἡμεῖς

1010 878 1029 905 Β
1043 887 1089 920 δὲ,
1103 887 1164 913 εἰπέ
1183 895 1228 922 μοι
1240 906 1247 918 ,
1269 887 1293 913 εί
1311 886 1397 918 οὕτως
1420 887 1503 922 ἐσμὲν
1521 887 1550 913 ὲν
1570 885 1644 921 αὐτῷ
1657 906 1664 918 ,
1688 884 1789 920 ἔχομέν
1810 891 1840 910 τε

1044 934 1126 960 αὑτὸν
1141 935 1169 960 ὲν
1189 935 1311 966 ἑαυτοῖς,
1336 933 1431 969 ὥσπερ
1454 931 1500 960 οὖν
1522 933 1620 968 ἀμέλει
1638 931 1786 962 nata-316;
1811 931 1840 957 ἐν

1045 981 1133 1017 Πατρὶ
1150 981 1197 1007 καὶ
1217 979 1230 1005 6
1245 980 1340 1015 Πατὴρ
1359 980 1388 1006 ἐν
1404 979 1488 1014 αὐτῷ,
1503 979 1575 1005 διατί
1592 979 1629 1014 μὴ
1644 979 1752 1014 μακρὸν
1771 979 1838 1005 ἅνα-

1044 1027 1178 1059 τεῐνοντες
1195 1026 1240 1054 τὸν
1256 1026 1359 1062 αὐχένα
1373 1026 1421 1053 καὶ
1435 1025 1538 1061 ὑψηλὸν
1553 1026 1610 1056 τοῖς
1629 1024 1772 1052 ὑπαντῶσι
1785 1024 1838 1050 δει-

1044 1074 1156 1106 κνύντες
1190 1073 1221 1100 τὺ
1252 1073 1416 1108 πρόσωπον,
1449 1070 1520 1106 μετὰ
1545 1070 1703 1106 παρρησίας
1729 1070 1835 1104 φαμέν·

1050 1120 1120 1155 Ἐγὼ
1134 1122 1163 1146 ὲν
1179 1120 1218 1155 τῷ
1233 1118 1355 1156 Χριστῷ,
1374 1118 1422 1145 καὶ
1435 1119 1448 1144 ὀ
1466 1117 1584 1153 Χριστὸς
1599 1118 1627 1144 ὲν
1645 1116 1722 1152 ἐμοί·
1742 1116 1772 1142 '0
1789 1116 1838 1142 ἐω-

1044 1166 1136 1203 ρίκὼς
1153 1166 1202 1202 ἐμὲ
1216 1186 1223 1197 ,
1245 1165 1350 1201 ἑώρακε
1371 1164 1417 1191 τὸν
1441 1163 1569 1199 Χριστόεν
1592 1162 1663 1197 Ἐγὼ
1677 1163 1726 1190 καὶ
1741 1163 1756 1188 6
1772 1162 1838 1197 Χρι-

1044 1213 1104 1245 στὺς
1120 1212 1149 1239 ἓν
1164 1213 1266 1246 sapiu;
1280 1209 1348 1237 Εἶτα
1361 1210 1388 1237 τί
1401 1210 1432 1236 τὸ
1449 1209 1593 1243 ὲντεῡθεν;
1615 1209 1671 1236 Οὐκ
1687 1208 1733 1241 ἂν,
1749 1206 1836 1243 οἶμαι,

1043 1258 1084 1290 τὶς
1100 1257 1284 1284 καταδείσειεν
1296 1255 1395 1291 ὀρθῶς,
1407 1255 1462 1282 οὐδ’
1479 1255 1512 1282 ἂν
1526 1256 1694 1290 κατοκνήσαι
1716 1254 1834 1290 πρεπόν-

1042 1311 1096 1334 τως
1119 1302 1198 1328 τοῦτο
1225 1301 1292 1328 αὐτὸ
1316 1301 1399 1336 φάναι
1423 1300 1565 1336 τολμήσας
1586 1301 1633 1327 καὶ
1659 1300 1724 1336 περὶ
1754 1299 1836 1326 αὐτοῦ

1043 1347 1135 1373 λοιπον
1155 1347 1244 1373 εἰπεῖν
1263 1346 1309 1372 τοῦ
1325 1346 1432 1382 Πατρός
1445 1354 1451 1360 ·
1473 1355 1482 1372 ι
1504 1345 1574 1380 Ἐγὼ
1597 1346 1644 1372 καὶ
1659 1346 1673 1372 6
1688 1345 1786 1380 Πατὴρ
1808 1345 1836 1371 ἐν

1043 1394 1136 1429 ἐσμεν.
1156 1403 1165 1419 ›
1183 1391 1214 1420 Εἰ
1232 1393 1288 1428 γὰρ
1305 1392 1334 1419 ἓν
1362 1393 1436 1418 ἐστιν
1451 1392 1465 1418 6
1481 1393 1575 1428 Πατὴρ
1602 1392 1671 1428 πρὸς
1692 1392 1739 1419 τὸν
1761 1391 1835 1423 Υίδν.

1044 1439 1102 1471 πῶς
1119 1440 1169 1466 οὐκ
1183 1438 1257 1474 αὑτῷ
1271 1438 1365 1465 λοιπὸν
1380 1439 1551 1474 ίσομοιρήσει
1574 1438 1614 1474 τῷ
1629 1439 1730 1474 Haupt,
1756 1437 1836 1464 εἰκὼν

1043 1486 1251 1522 ἀπαράλλακτος
1268 1485 1480 1521 ἁπαραλλάκτου
1500 1485 1620 1520 γεγονὼς
1633 1485 1749 1519 εἰκόνος,
1764 1484 1836 1511 τοῦτ’

1043 1534 1101 1561 ἔστι
1116 1533 1164 1561 τοῦ
1177 1533 1242 1560 Υἱοῦ
1256 1542 1263 1566 ;
1279 1533 1326 1565 Τίς
1341 1531 1388 1560 οὖν
1403 1534 1457 1568 ἄρα
1473 1533 1542 1569 πρὸς
1556 1532 1635 1559 τοῦτο
1652 1532 1750 1568 μανίας
1769 1541 1835 1558 κατ-

1043 1580 1184 1616 οιχήσεταί
1205 1589 1270 1607 ποτε
1283 1600 1290 1612 ,
1306 1579 1344 1612 ὼς
1365 1579 1500 1615 τολμῆσαι
1517 1579 1608 1613 λέγειν
1620 1587 1627 1595 ⁸
1652 1579 1680 1605 '0
1706 1578 1837 1614 ἑωρακὼς

1044 1627 1105 1663 ἐμὲ,
1128 1626 1236 1662 ἑώρακε
1258 1626 1303 1653 τὸν
1329 1625 1446 1662 Χριστόν
1459 1634 1465 1641 ε
1496 1625 1568 1660 Ἐγὼ
1581 1625 1629 1652 καὶ
1643 1626 1657 1652 6
1670 1625 1789 1661 Χριστὸς
1809 1625 1837 1651 ἓν

1045 1673 1128 1708 ἐσμεν
1140 1682 1146 1705 ;
1160 1673 1190 1699 Et
1205 1673 1259 1708 γὰρ
1277 1673 1410 1707 σχετικῶς
1425 1673 1472 1700 καὶ
1487 1673 1516 1700 οὺ
1539 1673 1610 1699 κατὰ
1635 1672 1718 1708 φύσιν
1736 1672 1836 1699 ἀπονέ-

1047 1729 1107 1755 μεις
1119 1719 1158 1754 τῷ
1173 1719 1230 1754 Υἱῷ
1244 1719 1274 1746 τὸ
1284 1717 1354 1746 εἶναι
1367 1720 1396 1746 ὲν
1413 1719 1451 1754 τῷ
1464 1719 1562 1756 Πατρὶ,
1577 1719 1648 1755 ἔχειν
1662 1728 1693 1746 τε
1706 1720 1736 1746 ὲν
1748 1719 1836 1754 ἑαυτῷ

1044 1764 1090 1789 τὸν
1111 1763 1234 1798 Πατέρα,
1255 1763 1326 1790 οὕτω
1343 1764 1391 1790 καὶ
1411 1764 1490 1799 ἡμεῖς
1506 1765 1535 1790 ὲν
1548 1764 1678 1800 Χριστῷ,
1699 1766 1747 1792 καὶ
1769 1765 1836 1799 Χρι-

1046 1809 1107 1840 στὸς
1124 1809 1152 1834 ὲν
1175 1809 1240 1844 ἡμῖν
1251 1816 1257 1822 ·
1273 1808 1380 1845 πρῶτον
1397 1809 1446 1845 μὲν
1462 1811 1491 1837 ὲν
1508 1809 1584 1842 τάξει
1598 1811 1630 1845 τῇ
1646 1809 1708 1836 καθ’
1730 1811 1804 1845 ἡμᾶς
1822 1810 1836 1837 6

1045 1854 1118 1886 Υίδς.
1137 1852 1196 1882 εἶτα
1210 1855 1240 1881 τὸ
1252 1855 1357 1883 κωλύον
1369 1855 1447 1883 οὐδὲν
1459 1856 1668 1892 παρελάσαντας
1682 1857 1730 1883 καὶ
1742 1856 1834 1889 αὑτὸν,

1045 1901 1069 1926 εἰ
1087 1899 1248 1936 βουλοίμεθα
1262 1921 1269 1934 ,
1292 1901 1338 1928 τὸν
1355 1901 1420 1928 Υῑὸν
1432 1921 1439 1933 ,
1461 1901 1498 1934 ὡς
1523 1902 1566 1929 διὰ
1594 1902 1679 1937 μέσου
1698 1902 1834 1937 κείμενον,

1043 1947 1086 1973 ἐπ’
1101 1946 1182 1973 αὐτὸν
1192 1946 1287 1982 ῶσπερ
1301 1946 1479 1983 εὑθυδρομεῖν
1496 1947 1541 1974 τὸν
1554 1947 1675 1983 Πατέρα,
1691 1946 1741 1973 καὶ
1761 1946 1835 1981 αὐτῷ

1044 1992 1275 2028 προσωμοιῶσθαι
1296 1993 1387 2028 λέγειν
1407 1994 1483 2029 ἡμᾶς
1509 1993 1597 2025 οὕτως
1627 1993 1772 2028 ἀκριϐῶς,
1799 1993 1835 2024 ὡς

1043 2038 1128 2073 μηδὲν
1145 2037 1261 2074 ὁρᾶσθαι
1275 2039 1306 2065 τὸ
1319 2038 1489 2066 διαλλάττον.
1504 2039 1541 2066 Τὸ
1563 2039 1617 2075 γὰρ
1635 2039 1665 2066 ἐν
1679 2037 1751 2066 εἶναι
1767 2039 1835 2074 πρός

1041 2093 1067 2111 τι
1083 2084 1228 2119 λέγεσθαι,
1250 2086 1379 2122 τοιαύτην
1399 2085 1432 2112 ἂν
1457 2085 1514 2121 ἔχοι
1540 2085 1589 2121 τὴν
1616 2085 1746 2121 δύναμιν.
1771 2083 1834 2121 Ἆρ’

198 2127 245 2158 οὖν
255 2129 305 2165 οὐχ
321 2129 402 2164 ὁρᾶτε
417 2129 457 2159 είς
481 2129 548 2164 ὅσην
573 2129 665 2160 αὐτοῖς
689 2128 836 2155 ἀσυνεσίαν
865 2137 895 2156 τε
919 2130 987 2166 ὁμοῦ
1008 2131 1056 2158 καὶ
1078 2131 1207 2159 ἀσέὸειαν
1228 2131 1380 2159 κατώλισθε
1405 2131 1440 2159 τὰ
1460 2133 1642 2168 φρονήματα,
1677 2133 1727 2159 καὶ
1766 2132 1836 2159 ὅσων

197 2179 264 2213 ἡμῖν
290 2176 426 2212 λογισμῶν
447 2176 557 2203 ἀτόπων
580 2177 765 2212 είσπεπὴδηκε
782 2176 913 2212 Θόρυόοςς
940 2178 988 2210 Τίς
1008 2177 1055 2206 οὖν
1074 2180 1090 2215 ἡ
1107 2180 1244 2215 πρόφασις
1270 2180 1318 2207 τοῦ
1338 2179 1426 2208 ταῦτα
1441 2180 1533 2215 λέγειν
1552 2181 1600 2207 καὶ
1639 2180 1834 2213 διατείνεσῦαι,

198 2224 316 2254 καὶτοῖς
339 2222 425 2254 οὕτως
447 2221 540 2254 ἑώλοις
561 2223 739 2258 ὲπινήχεσθαι
764 2222 855 2256 λόγοις
879 2224 987 2256 αὐτοὺς,
1007 2226 1062 2261 ἐρῶ
1078 2226 1110 2262 δὴ
1126 2226 1216 2254 πάλιν.

235 2269 312 2297 Unus
326 2270 366 2296 eis
381 2276 483 2303 scopus
509 2268 667 2303 propositus
683 2272 737 2301 est,
758 2268 858 2296 Filium
874 2277 889 2296 a
900 2269 991 2298 Patris

1079 2272 1185 2304 Σκοπὸς
1209 2269 1249 2304 εἷς
1277 2271 1389 2304 αὐτοῖς,
1415 2271 1554 2307 ἀλλότριόν
1581 2280 1611 2298 τε
1639 2273 1687 2300 καὶ
1717 2272 1835 2307 ἔκφυλον

199 2317 355 2344 substantia
377 2323 491 2350 prorsus
517 2314 675 2343 excludere.
698 2315 761 2343 Haec
782 2317 855 2343 enim
876 2324 891 2344 a
909 2317 990 2345 nobis

199 2370 264 2390 vere
281 2362 346 2392 dici,
360 2369 392 2388 ex
405 2361 585 2396 sequentibus
598 2365 626 2389 et
641 2362 675 2390 iis
702 2370 764 2397 qua:
777 2363 916 2398 prioribus
930 2363 991 2397 ejus

199 2407 280 2443 797
310 2407 488 2442 blasphemiis
519 2408 669 2442 subiuncta
703 2412 769 2436 sunt
796 2416 988 2444 agnoscemus.

199 2455 300 2483 Subdit
313 2455 386 2481 enim
402 2464 408 2482 :
426 2453 526 2482 Verum
543 2454 774 2490 quemadmodum
791 2463 842 2483 nos
853 2475 860 2488 ,
881 2455 990 2490 inquit,

198 2502 244 2538 qui
261 2509 358 2528 sumus
375 2501 402 2528 in
418 2501 495 2536 ipso,
518 2501 719 2536 impermistam
746 2505 837 2529 tamen
867 2509 929 2528 cum
957 2509 990 2529 eo

198 2549 332 2576 habemus
359 2548 552 2583 ltypostasim:
577 2548 614 2575 ita
639 2553 664 2575 et
692 2548 797 2579 Filius,
814 2555 875 2575 cum
900 2549 936 2574 sit
961 2548 988 2575 in

197 2594 296 2624 Patre.
321 2593 480 2621 distinctam
503 2599 594 2621 tamen
621 2594 704 2621 habet
732 2594 767 2620 ab
793 2593 916 2628 ingenito
934 2593 989 2621 Deo

197 2640 393 2667 substantiam.
425 2639 496 2673 Quid
527 2641 586 2668 ais.
619 2639 755 2667 demens?
785 2644 905 2674 apertam
937 2639 989 2667 hoc

197 2684 280 2711 modo
297 2685 385 2712 fecisti
402 2690 476 2713 tuam
503 2687 528 2713 in
553 2685 651 2714 Filium
675 2685 884 2721 blasphemiam.
902 2685 988 2713 Num-

198 2729 263 2764 quid
281 2737 346 2765 ergo
360 2731 451 2765 quivis
469 2732 600 2759 fatebitur
614 2739 664 2759 nos
684 2739 739 2758 non
763 2731 866 2758 frustra
887 2739 987 2759 vanum

197 2781 230 2800 ac
257 2773 335 2803 futile
359 2777 488 2804 cavillum
515 2778 542 2804 in
570 2777 764 2804 itarrelicorum
788 2781 872 2812 caput
901 2782 988 2805 retor-

197 2820 304 2850 quere?
321 2821 391 2850 Ecce
413 2823 487 2850 enim
507 2827 580 2858 patet
596 2831 644 2850 eos
661 2823 727 2850 nihil
756 2823 817 2857 plus
842 2822 913 2850 Filio
937 2823 988 2850 tri-

199 2863 284 2894 buere
304 2874 386 2902 quam
413 2869 532 2896 terrenis
557 2869 733 2900 hominibus,
754 2873 780 2895 et
799 2868 937 2896 creaturis
953 2869 986 2895 ab

1043 2318 1184 2350 παντελῶς
1194 2319 1243 2354 τῆς
1258 2318 1305 2345 τοῦ
1318 2317 1426 2354 Πατρδς
1440 2318 1534 2350 οὐσίας
1549 2318 1688 2354 ἀποφῆναι
1700 2319 1747 2346 τὸν
1763 2319 1833 2346 Υίόν.

1045 2366 1105 2391 Ὅτι
1124 2365 1178 2400 γὰρ
1200 2364 1380 2400 ἀληθεύοντες
1402 2364 1436 2391 τὰ
1455 2364 1569 2391 τοιαῦτα
1586 2373 1696 2400 φαμεν,
1720 2366 1755 2393 ὲκ
1782 2366 1835 2393 τῶν

1042 2411 1141 2446 ἑφεξῆς
1168 2411 1214 2438 καὶ
1234 2411 1466 2447 παρεζευγμένων
1492 2412 1553 2443 ταῖς
1577 2411 1726 2448 προτέραις
1752 2412 1833 2439 αὺτοῦ

1042 2457 1210 2492 δυσφημίαις
1235 2457 1376 2492 εἰσόμεθα.
1404 2457 1517 2492 Ἐπάγει
1541 2457 1595 2493 γὰρ
1624 2457 1729 2490 οὕτως·
1766 2459 1846 2507 Ἄλλη

1043 2504 1138 2539 ὥσπερ
1151 2505 1248 2538 ἡμεῖς,
1265 2503 1348 2538 φησὶν
1359 2523 1365 2534 ,
1390 2504 1420 2530 ὲν
1435 2503 1511 2538 αὑτῴ
1535 2504 1629 2537 ὅντες,
1650 2505 1740 2540 ἀμιγῆ
1768 2503 1843 2544 πρὺςξ

1043 2550 1125 2577 αὐτὸν
1140 2550 1239 2585 ἔχομεν
1256 2549 1304 2585 τὴν
1320 2549 1469 2576 ὑπόστασιν
1481 2558 1487 2564 ·
1506 2550 1552 2576 τὸν
1568 2551 1651 2578 αὑτὸν
1667 2551 1771 2587 τρόπον
1789 2551 1842 2579 και

1043 2597 1057 2622 6
1078 2596 1152 2629 Υἱὸς,
1167 2597 1197 2623 ὲν
1221 2595 1261 2630 τῷ
1283 2595 1372 2631 Πατρὶ
1385 2596 1539 2631 τυγχάνων,
1557 2585 1774 2633 διακεκριμένην
1787 2585 1843 2639 τοῦί

1042 2641 1190 2676 ἁγεννὴτου
1204 2640 1272 2667 Θεοῦ
1285 2641 1341 2676 ἔχει
1352 2641 1400 2676 τὴν
1412 2641 1516 2668 οὐσίαν.
1530 2641 1562 2668 Τί
1575 2641 1638 2677 φὴς,
1649 2643 1831 2679 ὲμϐρόντητε;

1042 2687 1148 2723 γυμνὴν
1167 2687 1239 2714 οὕτω
1257 2688 1306 2722 τὴν
1318 2687 1357 2718 είς
1369 2687 1415 2714 τὸν
1427 2688 1489 2714 Υἱὸν
1502 2689 1651 2724 πεποίησαι
1665 2689 1829 2726 δυσφημίαν.

1042 2731 1106 2768 Ἃρ*
1120 2729 1167 2759 οὖν
1184 2732 1220 2768 μὴ
1236 2732 1360 2759 διάκενον
1374 2733 1433 2768 ἐρεῖ
1443 2741 1485 2764 τις
1498 2735 1682 2768 συκοφαντῐαν
1704 2738 1830 2771 καταχεῖν

1043 2779 1118 2813 ἡμᾶς
1131 2778 1289 2812 ἐπείγεσθαι
1306 2779 1356 2813 τῆς
1370 2779 1425 2804 τῶν
1440 2778 1584 2815 θεομάχων
1604 2781 1725 2816 κεφαλῆς
1741 2791 1747 2814 ;
1769 2781 1828 2809 Ἰδοὺ

1042 2823 1096 2858 γὰρ
1111 2822 1216 2857 σαφῶς,
1230 2822 1306 2849 οὐδὲν
1323 2823 1389 2855 ὅλως
1404 2823 1434 2850 τὸ
1451 2824 1542 2850 πλεῖον
1557 2825 1744 2860 ἀπονέμουσιν
1760 2828 1829 2863 αὺτῷ

1040 2870 1094 2911 τῶν
1111 2869 1164 2896 ἀπὸ
1179 2869 1231 2904 γῆς
1241 2869 1402 2903 γεγονότων,
1421 2871 1467 2897 καὶ
1478 2870 1512 2897 δι’
1530 2871 1613 2898 αὑτοῦ
1630 2873 1700 2909 πρδς
1717 2873 1749 2900 τὺ
1767 2872 1829 2902 εἶναι
