1926 3041
77 160 127 186 257

615 160 648 188 IN
667 160 809 189 JOANNIS
829 159 1057 187 EVANGELIU.“
1077 159 1143 186 LIB.
1157 159 1204 187 1X.

1665 161 1718 190 258

78 216 344 252 παρενηνεγμένων.
377 218 448 252 Ἐγὼ
475 218 514 252 δὲ,
530 218 618 246 καίτοι
644 219 704 246 λίαν
730 220 873 255 ἀφορήτως

927 224 960 244 eo
978 217 1011 244 ad
1031 225 1093 245 esse
1111 217 1264 252 productis.
1293 216 1349 252 Ego
1365 224 1430 244 vero
1446 218 1573 252 quamvis
1597 218 1718 253 grariter

79 263 150 297 ἔχων
169 262 212 296 ἐφ’
227 260 270 293 οἷς
285 263 374 290 εἰπεῖν
391 264 415 290 οἱ
429 263 540 290 δείλαιοι
554 265 764 300 τετολμήκασιν,
787 266 875 292 ἐκεῖνο

79 309 166 341 δεῖξαι
192 309 374 345 πειράσομαι,
391 310 429 345 τῷ
455 310 548 346 σκοπῷ
568 311 648 338 πάλιν
670 312 801 346 ἑπόμενος
826 313 875 346 τῆς

80 355 158 388 Θείας
188 356 322 391 Γραφῆς,
352 357 390 389 ὡς
416 357 531 392 ἐπείπερ
555 357 701 393 ἀρνοῦνται
725 358 769 384 τὸν
799 357 874 390 rem,

81 403 289 437 συνηρνήσαντο
307 402 354 429 τὸν
370 403 480 439 Πατέρα
491 424 499 436 ,
525 403 572 430 καὶ
593 403 685 431 λοιπόν
701 405 770 431 εἰσιν
787 404 873 437 ἄθεοι,

79 448 128 474 καὶ
142 447 240 475 ἐλπίδα
264 448 302 484 μὴ
321 449 428 484 ἔχοντες
443 449 472 475 ὲν
488 449 556 484 τῷδε
571 449 610 485 τῷ
631 450 741 486 κόσμῳ,
759 451 830 478 κατὰ
844 451 875 477 τὸ

79 494 287 529 γεγραμμένον.
302 494 356 522 Καὶ
365 495 406 522 ὅτι
425 495 516 531 φαμὲν
529 495 630 528 καλῶς,
649 495 752 532 ἀληθὴς
769 496 875 533 μάρτυς

79 540 148 575 ἡμῖν
182 540 341 576 εἰσϐήσεται
368 541 382 567 ὁ
409 540 536 578 θεοφιλὴς
571 541 698 578 Ἰωάννης
726 542 874 578 γεγραφὼς

78 586 129 613 ὡδί
139 595 164 612 ἰ
180 587 210 613 '0
225 587 391 622 ἀρνούμενος
406 588 451 614 τὸν
465 587 585 624 ῐίαειειίρα1
602 588 648 616 καὶ
668 589 714 615 τὸν
725 588 800 615 Υίόν·
820 589 875 621 πᾶς

79 634 93 660 ὁ
107 633 278 670 ἀρνούμενος
296 635 343 661 τδν
365 635 447 667 Υἱὸν,
468 636 528 662 οὐδὲ
556 636 603 664 τὸν
624 636 735 673 Πατέρα
757 636 830 672 ἔχει·
860 638 874 664 ό

79 679 223 714 ὁμολογῶν
238 680 283 706 τὸν
303 680 377 712 Υῐδν,
391 681 439 707 καὶ
456 681 500 708 τὸν
519 682 628 718 Πατέρα
648 682 715 718 ἔχει.
738 692 746 708 ι
771 682 874 719 Ὀρθῶς

79 725 107 752 δέ
122 735 150 752 τι
164 726 227 753 λίαν
247 727 261 752 ὁ
276 728 500 764 πνευματοερόρος
512 749 519 760 ,
537 729 584 755 καὶ
599 729 648 764 τῆς
663 729 703 764 τῷ
716 729 788 764 λόγῳ
810 738 875 765 πρε-

80 771 187 806 πούσης
200 772 335 808 ἁρμονίας
345 773 395 800 οὐκ
409 773 462 805 ἔξω
472 773 556 806 τιθεὶς
568 774 598 800 τὸ
607 773 696 810 θεὼρη
702 784 748 810 μα.
765 775 873 810 Ἐπειδὴ

79 819 137 855 γὰρ
153 817 224 846 οἶδεν
239 819 288 846 οὐκ
310 820 422 855 ὀνόματι
452 821 548 855 μόνον,
567 821 692 857 ἐνεργείᾳ
714 822 742 848 δὲ
762 822 873 857 μᾶλλον,

79 865 151 901 ὅπερ
167 863 237 892 εἶναι
253 867 300 892 καὶ
319 866 442 901 λέγεται,
465 867 538 893 τοῦτ’
565 867 622 894 ἔστι
635 887 642 900 ,
669 867 764 903 Πατὴρ
777 888 784 900 ,
803 867 875 895 κατὰ

80 911 164 945 φύσιν
187 912 344 948 ὑπάρχοντα
357 933 365 945 ,
381 913 539 947 ἀναγκαίως
553 913 775 949 συνεξαρνεῖσθαί
791 923 875 949 φησιν

81 957 169 994 ἑτέρῳ
183 957 230 985 τὸν
246 958 348 994 ἕτερον.
366 959 556 995 Συνειστρέχει
572 960 626 995 γάρ
644 970 702 991 πως
719 961 762 987 ἀεὶ
780 960 818 996 τῷ
841 969 874 995 γε

80 1003 137 1030 ὕντι
161 1004 232 1030 κατὰ
250 1004 331 1038 φύσιν
344 1005 391 1032 καὶ
405 1007 543 1041 νοουμένῳ
559 1006 646 1042 [Ia-rp).
660 1005 706 1033 ¹ἑοῦ
725 1007 874 1042 προελθόν-

80 1058 125 1082 τος
143 1050 172 1082 ἐξ
188 1050 271 1077 αὐτοῦ
288 1052 458 1087 γεννήματος
475 1052 491 1087 ὴ
506 1051 608 1086 γνῶσίς
626 1061 655 1079 τε
678 1053 726 1079 καὶ
745 1053 872 1089 δήλωσις,

82 1096 128 1123 καὶ
147 1096 187 1131 τῷ
205 1097 362 1132 γεννηθέντι
391 1098 463 1125 κατὰ.
489 1098 636 1133 ἀλήθειαν,
658 1099 688 1126 τὸ
708 1099 754 1126 τοῦ
772 1100 873 1126 τίκτειν

81 1143 238 1177 πεφυκότος
259 1145 455 1170 συνεπινοεῖται
483 1145 639 1180 πρόσωπον.
655 1145 806 1182 Ἃμαγάρ
831 1155 873 1178 τις

82 1187 154 1221 ἔγνω
171 1188 291 1224 πατέρα,
309 1189 425 1224 συνῆκεν
443 1189 484 1215 ὅτι
498 1189 658 1225 γεγέννηκε,
678 1191 724 1217 καὶ
738 1191 761 1217 εἰ
779 1191 872 1226 μάθει’

80 1233 110 1261 τὸ
126 1233 268 1269 γέννημα,
283 1234 448 1262 διακείσεται
467 1236 576 1268 πάντως
597 1237 638 1263 ὅτι
665 1237 768 1272 πατρὸς
791 1237 871 1272 ἐξέφυ

79 1279 161 1311 τινός.
179 1279 286 1306 Οὐκοῦν
301 1280 336 1307 δι’
352 1281 453 1316 ἀμφοῖν
468 1283 524 1313 τοῖς
542 1282 728 1317 ἀκροωμένοις
744 1283 760 1318 ἡ
775 1283 872 1310 ἐκατέ-

79 1335 126 1361 ρου
143 1326 248 1360 γνῶσις
269 1326 420 1354 ὲντίκτεται
433 1335 440 1341 ·
460 1327 508 1354 καὶ
531 1328 721 1364 ἀρνησάμενος
746 1329 794 1364 μέν
819 1338 871 1362 τις,

77 1374 118 1400 ὅτι
137 1373 235 1408 Πατήρ
252 1374 327 1399 ἐστιν
341 1373 450 1408 ἀληοῶς
467 1375 481 1400 ὁ
500 1373 575 1406 Θεὸς,
594 1376 787 1410 συναναιρήςει
804 1376 872 1402 πάν-

77 1428 131 1450 τως
153 1419 203 1455 τὴν
219 1419 266 1446 τοῦ
286 1419 349 1446 Υῐοῦ
373 1420 509 1455 γέννησιν.
533 1419 661 1456 Γέννημα
683 1421 710 1448 δὲ
726 1422 807 1448 πάλιν
822 1423 872 1458 οὐχ

77 1466 250 1501 ὁμολογήσας
263 1463 333 1492 εἶναι
348 1465 394 1492 τῖιν
409 1465 483 1497 Υίὸν,
499 1466 547 1501 τὴν
565 1466 630 1502 περὶ
650 1467 696 1493 τοῦ
713 1468 820 1503 Πατρῦς
834 1468 872 1503 (1)

77 1512 181 1547 γνῶσιν
195 1512 332 1545 συνεξελεῖ
349 1511 381 1548 δὴ
404 1512 513 1544 πάντως
527 1511 611 1548 αὐτῷ.
627 1513 690 1540 Ὅτε
705 1514 794 1540 τοίνυν
815 1515 872 1545 τοῖς

77 1558 198 1590 ἀνοσίοις
225 1559 298 1594 ἡμᾶς
324 1558 578 1594 κατασφενδονήσας
600 1558 707 1593 λόγοις,
731 1559 871 1596 διακεκρι-

79 1605 165 1640 μένην
188 1604 236 1631 τοῦ
259 1605 408 1640 ἁγεννήτου
426 1604 494 1631 Θεοῦ
519 1605 568 1641 τὴν
589 1605 683 1632 οὐσίαν
707 1606 872 1633 διατείνεται

78 1648 151 1683 εχειν
167 1648 214 1674 τὸν
229 1647 293 1675 Υἰὸν
303 1670 310 1681 ,
329 1649 387 1679 πῶς
402 1649 433 1675 οὐ
449 1649 598 1685 διαρρήδην
616 1650 677 1677 οὐδὲ
700 1650 765 1678 Υίὸν
784 1652 872 1688 ὑπάρ-

77 1702 137 1730 χειν
154 1694 237 1720 αὐτὸν
260 1695 406 1729 ὀμολογεῖ;
436 1695 501 1722 Υίοῦ
526 1696 554 1723 δὲ
581 1697 632 1723 οὐκ
647 1697 742 1729 ὄντος,
767 1698 822 1725 οὐδ’
838 1698 871 1725 ἂν

81 1740 165 1772 αὐτὸς
180 1741 194 1766 ὁ
208 1741 302 1776 Πατὴρ
317 1741 424 1776 ἀληθῶς
438 1742 479 1768 ἔτι
496 1744 582 1769 νοοῖτο
598 1744 703 1779 Πατήρ.
723 1744 802 1776 Τίνος
817 1744 873 1780 γὰρ

79 1786 157 1813 ἔσται
178 1787 278 1823 πατὴρ,
302 1788 327 1814 εί
344 1788 382 1823 μὴ
394 1788 490 1815 τέτοκε
504 1798 511 1822 ;
527 1790 725 1826 Διακεκρίσθαι
742 1791 792 1826 μὲν
817 1792 872 1828 γὰρ

79 1833 140 1868 οὐχὶ
155 1834 205 1868 τῆς
220 1834 331 1865 οὐσίας,
356 1834 425 1861 ἀλλὰ
449 1834 497 1861 τοῦ
523 1836 672 1871 προσώπου
699 1837 746 1864 τοῦ
767 1839 873 1873 Πατρὸς

80 1880 127 1907 καὶ
145 1880 224 1907 αὐτοί
243 1889 333 1916 φαμεν
349 1881 393 1908 τὸν
416 1881 495 1914 Υῑδν,
521 1882 570 1918 οὐχ
595 1882 632 1914 ὡς
646 1883 790 1920 ἀλλότριον
806 1885 873 1913 ὄντα

80 1925 152 1952 κατὰ
171 1925 252 1960 φύσιν
269 1926 353 1953 αὑτοῦ
366 1947 373 1960 ,
396 1927 521 1964 καθάπερ
536 1929 633 1964 ἀμέλει
653 1930 710 1962 τοῖς
725 1930 873 1966 Θεομάχοις

79 1972 164 2004 δοκεῖ,
182 1971 240 1998 ἀλλ’
255 1972 292 2004 ὠς
310 1973 374 2000 ὄντα
389 1982 418 2000 τε
435 1974 483 2001 καὶ
501 1974 647 2011 νοούμενον
662 1977 690 2003 ἐν
714 1977 771 2013 ἰδίῳ
785 1986 873 2014 προσ-

79 2017 161 2053 ώπῳ,
181 2019 229 2045 καὶ
246 2020 306 2045 κατ’
331 2019 399 2046 ἰδίαν
416 2019 534 2056 ὕπαρξιν
556 2022 707 2058 ἑτερότητι.
734 2024 798 2056 Υἱὸς
818 2025 873 2062 γάρ

79 2064 155 2096 ἔστι,
175 2065 224 2092 καὶ
241 2066 270 2092 οὺ
286 2066 379 2102 Πατήρ
391 2075 397 2082 ·
414 2067 604 2104 διακεκρίσθαι
623 2078 655 2104 γε
681 2070 735 2106 μὴν
753 2071 813 2098 κατ’
828 2072 873 2099 οὺ-

81 2111 144 2138 σίαν
158 2111 215 2138 οὔτ’
227 2111 262 2140 ἃν
279 2113 356 2140 αὐτοὶ
372 2114 502 2149 φαίημεν,
520 2115 548 2141 ετ
557 2124 588 2150 γε
605 2116 758 2153 φρονοῦμεν
772 2118 872 2154 ὀρθῶς,

80 2154 143 2181 οὔτε
164 2155 216 2182 τινὶ
232 2155 286 2182 τῶν
309 2157 431 2192 ἀδελφῶν
454 2159 722 2196 συμϐουλεύσαιμεν.
740 2163 803 2195 Πῶς
819 2164 873 2200 γὰρ

80 2200 113 2226 ἂν
129 2201 176 2227 καὶ
196 2201 463 2239 διακέκριταημόνον
475 2224 483 2237 ,
505 2205 565 2232 καθ’
581 2207 651 2242 ὅπερ
670 2208 744 2235 ἐστὶν
764 2209 874 2242 ἰδιαζόν-

929 267 956 290 et
973 264 1069 299 iniquo
1084 264 1178 291 animo
1195 263 1282 291 feram
1301 271 1333 291 ea
1347 271 1408 298 qua:
1425 263 1549 298 proferre
1564 264 1625 291 ausi
1654 270 1719 292 sunt

930 310 1037 342 miseri.
1053 310 1203 338 ostendere
1219 315 1309 337 tamen
1336 310 1459 338 conabor
1486 317 1601 345 scopum
1620 318 1719 349 rursus

929 363 1049 391 sequens
1064 355 1165 383 divinat
1181 355 1351 391 Scripturae,
1370 363 1418 384 eos
1440 363 1538 391 nempe.
1553 356 1600 392 qui
1619 362 1719 392 negant
1733 365 1736 372 υ

929 401 1028 429 Filium
1038 423 1046 435 ,
1062 401 1145 429 simul
1159 409 1268 437 quoque
1284 409 1386 438 negare
1401 401 1510 430 Patrem
1523 422 1530 434 ,
1543 410 1647 438 eosque
1660 402 1719 430 sine

929 448 984 476 Deo
1013 449 1122 479 tandem
1150 456 1232 481 esse,
1257 453 1283 476 et
1307 456 1384 484 spem
1411 456 1467 475 non
1490 448 1593 476 habere
1617 448 1644 476 in
1668 449 1718 476 hoe

930 495 1051 526 mundo,
1069 495 1142 522 sicut
1155 495 1289 529 scriptum
1306 497 1349 522 est
1367 494 1410 521 "‘2
1426 493 1504 527 Quod
1519 498 1594 522 recte
1608 502 1623 521 a
1640 494 1716 522 nobis

928 541 1002 573 dici.
1021 541 1100 568 testis
1127 541 1252 576 locuples
1276 540 1356 568 nobis
1383 540 1436 568 erit
1460 540 1523 576 pius
1539 541 1585 568 ille
1596 540 1716 569 Joannes

928 587 966 614 ita
980 587 1124 615 srribens:
1140 595 1149 612 ι
1162 586 1214 620 Qui
1231 586 1340 614 Patrem
1352 592 1435 622 negat
1445 607 1452 618 ,
1464 591 1544 622 negat
1555 591 1582 615 et
1595 586 1696 614 Filium
1709 595 1717 602 ·

928 633 1020 661 omnis
1035 633 1083 668 qui
1102 635 1183 667 negat
1199 631 1320 664 Filium,
1339 639 1390 660 nec
1412 632 1522 660 Patrem
1545 633 1629 668 habet
1645 643 1651 660 :
1669 633 1717 669 qui

928 678 1075 706 conﬁtetur
1091 678 1190 706 Filium
1202 699 1209 711 ,
1226 682 1253 706 et
1270 678 1378 706 Patrem
1398 679 1478 706 habet
1495 680 1527 706 ".
1544 689 1552 705 ι
1569 680 1651 708 Recte
1667 688 1718 707 au-

929 729 983 752 tem
1001 725 1044 751 vir
1057 725 1181 757 divinus,
1207 732 1298 759 neque
1322 724 1349 752 id
1366 729 1444 752 extra
1461 727 1598 754 sermonis
1618 728 1718 756 seriem

927 774 954 798 et
971 770 1108 798 ordinem.
1126 770 1193 797 Nam
1210 778 1272 797 eum
1290 770 1375 798 sciret
1398 779 1453 798 non
1476 772 1564 799 soluat
1590 774 1717 806 nomine,

928 819 977 846 sed
1002 826 1032 846 re
1052 823 1079 846 et
1099 822 1160 845 actu
1179 819 1289 854 potius,
1310 818 1336 846 id
1352 818 1426 854 quod
1447 827 1508 847 esse
1528 819 1642 854 dicitur,
1665 820 1719 847 Pa-

928 869 997 892 trem
1014 865 1144 892 nimirum
1161 864 1312 893 seeundum
1339 870 1465 892 naturam
1492 866 1644 898 exsistere,
1670 874 1719 894 ne-

929 910 1051 938 cessario
1075 910 1159 937 init-rt
1191 910 1309 938 alterum
1333 911 1429 946 negari
1454 919 1507 938 una
1530 919 1591 939 cum
1618 912 1718 940 altero.

927 955 1076 984 Concurrit
1094 956 1167 984 enim
1191 964 1253 984 cum
1277 964 1310 984 eo
1334 956 1380 991 qui
1403 961 1501 985 natura
1526 958 1607 985 Pater
1628 963 1668 986 est
1687 967 1720 986 ac

927 1003 1105 1038 intelligitur,
1120 1003 1301 1038 procedentis
1323 1010 1356 1031 ex
1375 1003 1436 1039 ipso
1453 1003 1515 1031 Filii
1533 1005 1654 1040 cognitio
1678 1011 1720 1032 at-

926 1057 980 1086 que
994 1049 1178 1085 signiﬁcatio,
1199 1053 1226 1078 et
1241 1058 1303 1078 cum
1321 1058 1354 1078 eo
1368 1051 1414 1086 qui
1433 1059 1527 1078 revera
1543 1053 1652 1087 genitus
1666 1058 1718 1084 est,

925 1097 1061 1133 genitoris
1076 1103 1193 1131 persona
1209 1097 1292 1125 simul
1310 1098 1477 1132 concipitur.
1496 1096 1584 1124 Simul
1600 1106 1632 1125 ac
1645 1098 1718 1125 enim

927 1148 1033 1179 patrem
1056 1143 1134 1170 novit
1151 1143 1268 1179 aliquis,
1287 1143 1417 1179 genuisse
1439 1144 1584 1179 intelligit;
1599 1148 1627 1172 et
1645 1144 1668 1172 si
1688 1145 1719 1172 li-

926 1187 993 1216 lium
1010 1188 1151 1221 audierit,
1167 1189 1265 1224 utique
1279 1189 1380 1217 sentiet
1397 1197 1430 1217 ex
1449 1189 1543 1225 aliquo
1561 1195 1638 1224 patre
1660 1190 1719 1218 edi-

927 1240 993 1262 tum.
1009 1235 1143 1269 Quocirca
1156 1244 1203 1272 per
1215 1237 1333 1264 alterum
1344 1236 1458 1264 alterius
1472 1237 1570 1264 notitia
1581 1237 1609 1264 in
1623 1238 1718 1265 menti-

927 1282 978 1310 bus
993 1283 1151 1310 auditorum
1165 1282 1297 1318 gignitur,
1313 1286 1339 1310 et
1353 1282 1376 1310 si
1391 1282 1454 1317 quis
1471 1283 1614 1318 negaverit
1633 1283 1717 1311 Deum

926 1335 990 1355 vere
1005 1335 1067 1356 esse
1082 1327 1210 1360 Patrem,
1228 1327 1310 1355 simul
1329 1328 1410 1355 etiam
1427 1327 1488 1354 Filii
1510 1328 1717 1363 generationem

925 1378 1042 1402 evertet.
1063 1374 1169 1402 Rursus
1184 1382 1267 1406 vero,
1284 1375 1444 1409 quicunque
1458 1375 1585 1409 genimen
1603 1383 1657 1402 non
1677 1374 1717 1401 ia-

926 1419 1029 1447 tebitur
1043 1427 1106 1448 esse
1122 1419 1221 1446 Filium
1232 1439 1239 1451 ,
1264 1419 1378 1446 omnino
1395 1419 1487 1447 Patris
1510 1420 1638 1447 notitiam
1663 1428 1717 1448 una

925 1473 989 1494 cum
1005 1467 1066 1502 ipso
1081 1465 1189 1501 eripiet.
1205 1466 1273 1494 Cum
1288 1474 1354 1501 ergo
1371 1474 1422 1494 nos
1439 1466 1530 1501 impiis
1547 1470 1645 1501 petens
1658 1475 1717 1495 ser-

926 1512 1054 1540 monibus
1065 1533 1072 1546 ,
1089 1512 1250 1539 distinctam
1265 1511 1300 1539 ab
1317 1512 1440 1547 ingenito
1455 1512 1512 1540 Deo
1530 1512 1716 1540 substantiam

928 1559 1029 1588 habere
1037 1558 1137 1586 Filium
1150 1557 1313 1590 contendat,
1327 1558 1459 1593 numquid
1476 1563 1570 1593 aperte
1584 1559 1717 1593 praedicat

926 1615 961 1634 ne
976 1607 1067 1642 ipsum
1080 1605 1192 1641 quidem
1208 1613 1270 1633 esse
1285 1604 1383 1632 Filium
1397 1605 1407 1632 ?
1419 1605 1501 1638 .Quod
1520 1606 1542 1633 si
1557 1604 1645 1633 Filius
1661 1614 1716 1632 non

924 1653 977 1686 sit,
994 1660 1028 1680 ne
1041 1653 1099 1688 ipse
1113 1651 1295 1688 quidem'jam
1308 1651 1389 1678 Pater
1403 1659 1465 1679 vere
1478 1652 1649 1679 censebitur.
1663 1652 1717 1678 (Zu-

921 1699 968 1734 jus
991 1699 1066 1726 enim
1090 1703 1167 1734 pater
1191 1698 1299 1726 futurus
1322 1701 1376 1730 est,
1400 1698 1423 1725 si
1449 1706 1503 1725 non
1526 1698 1717 1733 genuit?Dis-

925 1746 1042 1773 tinctum
1064 1745 1164 1780 quippe
1182 1752 1244 1773 esse
1270 1752 1326 1772 non
1345 1752 1360 1771 a
1379 1744 1534 1772 substantia
1548 1764 1555 1777 ,
1581 1745 1628 1772 sed
1654 1753 1718 1780 pcr-

924 1798 991 1819 sona
1010 1790 1098 1818 Patris
1112 1791 1164 1826 ipsi
1179 1798 1290 1826 quoque
1302 1790 1454 1818 asserimus
1465 1811 1472 1824 ,
1490 1797 1543 1817 non
1558 1791 1636 1825 quasi
1652 1790 1718 1818 alie-

923 1844 978 1864 nus
995 1836 1032 1864 sit
1049 1836 1084 1864 ab
1098 1843 1132 1864 eo
1149 1835 1303 1864 secundum
1320 1840 1466 1868 naturam,
1482 1835 1562 1863 sicuti
1585 1835 1716 1862 nimirum

925 1883 972 1911 Dei
992 1882 1122 1911 hostibus
1137 1882 1259 1914 videtur,
1273 1882 1320 1910 sed
1339 1887 1369 1910 ut
1381 1882 1426 1917 qui
1442 1882 1484 1910 sit‘
1498 1886 1526 1910 et
1548 1882 1718 1918 intelligunt-

925 1928 952 1956 in
971 1928 1083 1964 propria
1100 1935 1237 1963 persona,
1255 1927 1338 1964 798
1353 1933 1380 1956 ct
1401 1928 1546 1964 hypostast
1567 1929 1647 1957 alter.
1672 1928 1717 1956 Fi-

925 1974 980 2002 lius
1006 1975 1080 2002 enim
1104 1979 1161 2006 est,
1186 1982 1217 2002 ac
1236 1982 1289 2002 non
1307 1974 1407 2002 Pater:
1426 1983 1517 2010 neque
1539 1979 1633 2003 tamen
1651 1977 1718 2004 sub-

925 2022 1029 2050 stantia
1053 2021 1186 2057 distingui
1208 2020 1382 2053 dixerimus,
1405 2021 1428 2048 si
1452 2029 1530 2048 mens
1551 2022 1632 2049 nobis
1650 2030 1717 2049 sarta

925 2067 978 2101 sit,
996 2075 1086 2103 neque
1110 2067 1139 2095 id
1167 2067 1216 2094 ulli
1240 2066 1357 2094 fratrum
1384 2067 1617 2095 consuluerimus.
1643 2067 1719 2100 Quo-

925 2113 1008 2142 modo
1023 2113 1096 2141 enim
1111 2113 1194 2141 etiam
1211 2112 1428 2148 unumquodque
1445 2113 1641 2148 singularitate
1657 2121 1719 2148 pcr-

925 2168 1000 2189 sona:
1018 2162 1124 2188 tantum
1141 2159 1344 2195 distinguitur?
1357 2159 1456 2187 Petrus
1473 2159 1544 2186 enim
1560 2164 1603 2187 est
1618 2158 1718 2187 Petrus

925 2209 957 2235 ac
970 2215 1028 2235 non
1046 2206 1161 2239 Paulus,
1179 2209 1206 2234 et
1221 2205 1325 2234 Paulus
1341 2210 1382 2234 est
1399 2205 1514 2239 Paulus,
1528 2215 1582 2233 non
1599 2205 1698 2235 Petrus
1710 2228 1718 2240 .

80 2254 135 2278 τως
153 2247 288 2280 ἐκαπονς
317 2249 346 2275 '0
364 2249 468 2286 Πέτρος
488 2251 543 2286 γὰρ
570 2253 674 2288 Πέτρος
697 2255 755 2281 ἐστὶ
775 2256 821 2282 καὶ
842 2257 873 2283 οὐ

926 2257 1118 2282 verumtamen
1153 2252 1308 2281 indistineti
1338 2257 1481 2280 remanent
1514 2258 1624 2280 natura.
1658 2252 1718 2281 Una

81 2293 204 2324 Παῦλος,
220 2294 264 2320 καὶ
286 2295 300 2321 ὁ
318 2294 423 2327 Παῦλος
441 2296 471 2322 οὐ
496 2297 598 2333 Πέτρος
614 2319 621 2329 ,
638 2299 750 2334 μένουσί
769 2309 801 2335 γε
819 2302 873 2337 μὴν

81 2338 231 2375 ἀδιάκριτοι
246 2341 317 2367 κατὰ
333 2341 382 2377 τὴν
398 2341 489 2376 φύσιν.
510 2341 558 2375 Εἷς
572 2344 626 2380 γὰρ
650 2346 693 2372 ἐπ’
708 2347 809 2382 ἀμφοῖν
825 2349 874 2383 τῆς

81 2384 176 2416 οὐσίας
189 2386 203 2411 ό
216 2385 304 2420 λόγος,
322 2386 370 2413 καὶ
392 2387 447 2413 τῶν
465 2388 555 2415 αὐτῶν
577 2390 799 2426 ἀπαραλλάκτως
817 2393 873 2426 ’ἐξει

81 2430 115 2476 τα
140 2430 344 2476 πρὸςνὲνότητα
362 2433 490 2476 νφυσικὴν
515 2435 693 2472 συνδούμενα.
720 2437 773 2466 Τοῦ
797 2439 824 2466 δὲ
840 2440 872 2476 δὴ

84 2473 161 2509 χάριν
192 2475 224 2501 τὰ
255 2475 371 2502 τοιαῦτά
396 2486 508 2512 φαμεν;
549 2480 695 2515 Ἐπιδεῖξαι
725 2484 780 2519 γὰρ
808 2473 874 2520 ἡμῖν

85 2521 192 2554 σκοπὸς,
217 2522 257 2548 ὅτι
280 2522 445 2557 φρονοῦντες
459 2524 559 2551 ἐκεῖνοι
574 2526 721 2562 δυσσεϐῶς,
738 2530 788 2565 τῆς
803 2532 875 2559 κατὰ

84 2566 162 2601 φύσιν
188 2567 318 2603 θεότητος
347 2569 487 2601 ἐξέλκουσι
513 2571 559 2598 τὸν
582 2573 663 2606 Υἰὺν,
696 2576 772 2603 οὐδὲν
800 2578 875 2613 αὐτῷ

84 2612 171 2646 πλέον,
188 2614 318 2650 καθάπερ
338 2615 387 2650 ἤδη
411 2617 579 2653 προείπομεν
590 2640 597 2652 ,
630 2622 758 2657 σχετικῆς
772 2612 874 2650 ἀπονέέ

85 2667 176 2694 μοντες
190 2660 360 2695 οἰκειότητος
379 2661 428 2697 τῆς
453 2663 490 2695 ὡς
507 2664 576 2700 πρὸς
599 2666 709 2702 Πατέρα
726 2669 773 2696 καὶ
796 2670 872 2698 Θεὸν.

90 2705 162 2754 illius).
175 2706 320 2754 atrii-motam
344 2709 434 2735 αίτίαν
450 2711 525 2745 ἡμᾶς
549 2714 760 2750 παραδείγματα
781 2727 872 2754 παρα-

83 2751 172 2784 Θέντες
189 2753 236 2781 τοῦ
260 2753 361 2788 λόγον,
386 2755 519 2793 Καθάπερ
541 2759 640 2794 ἡμεῖς,
660 2763 740 2796 φασὶν
753 2785 760 2796 ,
784 2751 873 2800 ἀμιγῆ

120 2831 142 2847 ’⁸
164 2831 264 2867 Ephes.
285 2841 316 2864 ιι,
336 2833 378 2860 12.
420 2834 442 2849 "
458 2835 467 2862 l
482 2834 562 2864 Joan.
578 2845 610 2870 ll,
627 2839 673 2867 '22.

926 2300 1000 2329 enim
1023 2304 1066 2328 est
1087 2300 1114 2327 in
1134 2300 1270 2328 ambobus
1291 2300 1363 2327 ratio
1380 2300 1559 2333 substantiae,
1577 2304 1604 2327 et
1621 2301 1718 2328 eadem
1738 2314 1741 2316 -

926 2348 996 2374 citra
1014 2346 1195 2374 variationem
1215 2347 1297 2373 ullam
1315 2346 1418 2374 habent
1433 2354 1495 2381 qua:
1512 2346 1544 2374 ad
1562 2348 1718 2375 naturalem

927 2394 1059 2421 unitatem
1076 2393 1253 2428 colligantur.
1265 2392 1353 2425 Quam
1367 2401 1432 2420 vero
1446 2394 1480 2420 ob
1494 2401 1604 2421 causam
1622 2393 1718 2421 istlnce

926 2439 1066 2467 dicimus?
1083 2439 1191 2474 Quippe
1218 2439 1390 2474 propositum
1407 2444 1450 2467 est
1473 2439 1553 2467 nobis
1572 2441 1719 2471 ostendere

926 2487 1013 2522 quod,
1028 2494 1090 2513 cum
1107 2486 1147 2513 illi
1162 2486 1244 2521 impie
1258 2486 1413 2519 sentiant,a
1427 2487 1548 2513 naturali
1562 2487 1662 2514 deitatc
1677 2487 1720 2513 ιπί-

928 2533 995 2560 lium
1010 2531 1178 2564 excludunt,
1195 2532 1283 2559 nihilo
1302 2532 1364 2567 plus
1381 2532 1425 2565 ei,
1442 2536 1471 2559 ut
1485 2537 1567 2559 antea
1580 2532 1713 2563 diximus.

927 2579 1083 2607 tribuentes
1093 2599 1100 2612 ,
1112 2587 1194 2614 quam
1213 2579 1355 2606 relativam
1370 2586 1433 2605 cum
1448 2578 1528 2606 Patre
1541 2584 1567 2606 et
1584 2578 1637 2606 Deo
1651 2586 1718 2605 cou-

925 2626 1109 2660 junctionem.
1124 2625 1213 2658 Quam
1228 2625 1300 2652 enim
1315 2624 1349 2651 ob
1363 2632 1473 2652 causam
1489 2625 1570 2652 nobis
1583 2625 1610 2651 in
1625 2632 1718 2651 exem-

929 2672 1003 2708 plum
1024 2672 1086 2707 ejus
1106 2671 1179 2707 quod
1202 2671 1280 2698 aiunt
1296 2671 1466 2706 propositis:
1481 2670 1717 2704 Quemadmodum

929 2728 979 2747 nos
991 2741 997 2752 ,
1013 2719 1159 2754 inquiunt,
1180 2719 1328 2746 immistam
1345 2727 1408 2746 cum
1425 2726 1459 2746 eo
1478 2719 1614 2746 habemus
1630 2718 1717 2751 hypo-

929 2769 1024 2795 stasim
1036 2789 1042 2800 ,
1060 2777 1123 2795 cum
1140 2769 1226 2796 simus
1245 2768 1270 2795 in
1289 2769 1364 2804 ipso,
1385 2769 1421 2796 ita
1439 2774 1466 2796 ct
1482 2769 1540 2803 ipse
1556 2767 1716 2796 distinctam

116 2913 154 2948 (Ι)
172 2912 235 2946 Ed.,
251 2911 423 2948 Πνεύματος.
442 2915 578 2953 interpres
595 2921 686 2947 tamen
702 2920 807 2956 Ιιατρδς
825 2921 873 2957 [ρει

926 2944 937 2957 η.
955 2921 1034 2950 Enn.
1389 2918 1406 2928 '
