1926 3041
74 183 123 211 241

621 186 655 214 ΙΝ
669 186 812 215 JOANNIS
837 185 1058 214 EVANGELIUM
1080 186 1142 213 LIB.
1160 186 1206 214 IX.

1658 190 1711 218 ΞΩ

77 244 167 279 ἔργων
185 244 309 279 ἰσότητος
327 253 356 271 τε
372 245 419 272 καὶ
440 246 597 282 ὁμοιότητος
615 246 793 282 ποδηγεῖσθαι
809 245 870 281 βού-

934 249 1004 272 atem
1020 253 1134 280 operum
1150 253 1164 272 a
1179 245 1258 273 nobis
1273 245 1375 281 inquiri
1392 247 1504 279 volens,
1520 255 1571 276 suo
1585 248 1658 276 Patri
1673 258 1713 277 se-

77 287 152 316 λεται
170 289 216 316 τὸν
233 290 370 325 ἡμέτερον
392 290 454 317 νοῦν
475 292 522 318 ἐπὶ
543 291 576 318 τὸ
601 291 701 327 χρῆναι
731 292 870 318 πιστεύειν

78 335 287 367 ἀνενδοιάστως,
309 336 347 367 ὡς
365 337 408 371 εἴη
431 337 480 372 μὲν
495 337 575 368 αὐτὸς
591 339 620 364 ἐν
636 337 743 373 Πατρὶ,
769 337 826 372 ἔχει
843 338 872 364 δέ

79 378 111 406 αὖ
127 381 210 406 πάλιν
225 381 255 407 ἐν
275 381 366 416 ἑαυτῷ
387 382 433 408 τὸν
456 382 565 418 Πατέρα
579 391 586 415 ;
606 380 644 409 Ἦ
659 384 712 419 γὰρ
728 383 788 418 οὐχὶ
804 384 870 409 πᾶσι

79 425 281 460 προδηλότατον
296 427 344 452 καὶ
362 427 461 462 ἀληθὲς
480 428 601 463 ὑπάρχον
620 429 716 464 δρᾶται
729 448 736 459 ,
761 429 802 455 ὅτι
822 429 871 464 τὴν

79 472 134 497 τῶν
150 472 240 506 ἔργων
259 473 440 509 λαμπρότητα
455 474 520 508 παρ’
539 474 615 510 ἡμῶν
631 474 805 507 ἐξετάζεσθαι
832 475 873 502 θέ-

78 517 144 548 λων,
159 518 286 553 ἰσοσθενῆ
303 519 441 546 δείκνυσιν
456 521 553 547 ἑαυτὸν
573 521 612 556 τῷ
633 521 690 556 ἰδίῳ
713 521 811 556 Πατρὶ,
835 521 872 552 ὡς

80 562 177 589 οὐδένα
196 563 276 596 λόγον
291 564 406 599 ἐχούσης
421 565 461 590 ἔτι
486 566 534 600 τῆς
551 566 610 592 κατ’
626 566 720 592 ουσίαν
740 567 872 600 διακοπῆς

81 612 129 635 καὶ
154 610 272 644 φυσικῆς
295 610 474 646 ἑτερότητος,
504 612 528 638 εἰ
553 612 609 642 τοῖς
635 611 702 643 ἴσοις
730 613 872 646 ἐπαυχοῐεν

83 654 293 690 κατορθώμασιν
311 655 391 687 αὑτός
410 665 438 682 τε
460 657 536 684 καὶὸ
555 657 669 692 Πατήρ;
695 658 794 684 Ἐννόει
819 658 873 693 γὰρ

82 700 157 730 ὅπως
186 700 236 725 οὐκ
259 700 288 726 ἐν
311 699 416 732 τούτοις
442 702 535 736 ἡμεῖς,
551 701 609 728 ἀλλ’
634 702 737 738 ἑτέροις
753 703 808 729 τισὶ
823 704 874 739 τὴν

83 745 153 779 πρὸς
168 745 215 771 τὸν
229 745 295 772 Θεδν
312 747 486 782 συμμορφίαν
501 747 723 782 ἐπιτηδεύοντες,
737 748 787 783 τῆς
805 749 874 784 πρὸς

83 790 166 816 αὑτὸν
195 791 338 822 κοινωνίας
368 792 527 826 ἀξιούμεθα.
561 793 792 829 Έποικτείροντες
820 795 874 831 γὰρ

85 837 218 872 ἀλλήλους
228 857 236 869 ,
257 838 303 864 καὶ
326 838 379 865 τῶν
393 839 443 874 τῆς
459 840 570 874 ἀγάπης
586 839 672 875 ἔργων
691 841 776 876 ἀπρὶξ
791 841 874 876 ἐξημ-

86 883 180 917 μένοι,
202 884 249 910 καὶ
276 885 366 910 πᾶσαν
392 885 598 919 ἐπιτηδεύοντες
625 887 674 921 τὴν
697 887 726 913 ἐν
752 886 791 922 τῷ
813 886 874 914 καθ’

84 930 158 964 ἡμᾶς
174 929 224 964 βίῳ
241 931 408 965 σεμνότητα,
427 932 486 958 τότε
512 932 543 967 δὴ
568 932 645 967 μόλις
668 933 696 959 ὲν
720 933 779 968 Θεῷ
806 931 875 960 εἶναι

85 974 232 1010 λεγόμεθα.
253 976 307 1002 Καὶ
320 975 424 1011 μάρτυς
441 977 566 1012 Ἰωάννης
580 977 666 1012 λέγων
677 986 684 994 ν
702 988 710 1004 ι
732 979 775 1005 Ἐν
788 978 876 1014 τούτῳ

85 1020 257 1056 γινώσκομεν
281 1022 323 1048 ὃτι
347 1023 376 1049 ἐν
399 1023 473 1058 αὐτῷ
490 1024 586 1058 ἐσμέν.
610 1024 639 1050 ’0
655 1024 741 1058 λέγων
757 1026 785 1051 ἐν
801 1024 876 1060 αὺτῷ

87 1066 198 1101 μένειν,
221 1067 341 1103 ὀφείλει,
366 1068 457 1100 καθὼς
476 1070 579 1101 ἐκεῖνος
595 1071 781 1106 περιεπάτησε
795 1091 802 1103 ,
830 1071 877 1098 καὶ

86 1113 166 1144 αὐτὸς
189 1116 363 1150 περιπατεῖν.
389 1124 398 1140 ι
416 1116 471 1142 Καὶ
495 1116 593 1142 πάλιν·
621 1126 630 1142 ι
656 1117 764 1152 Ὑμεῖς,
783 1118 876 1153 φησὶν,

86 1158 100 1184 ὃ
113 1160 161 1185 ἀπ’
177 1160 267 1196 ἀρχῆς
280 1160 426 1195 ἠκούσατε,
441 1163 468 1188 ἐν
486 1163 550 1197 ὑμῖν
566 1163 670 1197 μενέτω
680 1171 686 1177 ’
704 1164 750 1190 ἐὰν
771 1165 799 1190 ἐν
813 1164 877 1198 ὑμῖν

88 1205 167 1242 μείνῃ
181 1206 195 1232 ὃ
211 1208 258 1233 ἀπ’
275 1208 362 1242 ἀρχῆς
377 1207 512 1242 ἠκούσατε
525 1229 532 1241 ,
557 1209 603 1236 καὶ
622 1209 700 1245 ὑμεῖς
720 1211 748 1235 ὲν
764 1209 802 1245 τῷ
821 1210 878 1245 Υἱῷ

85 1253 133 1278 καὶ
157 1253 186 1278 ἐν
212 1252 251 1288 τῷ
269 1253 355 1288 “arpi.
371 1255 488 1288 μενεῖτε,
507 1264 516 1279 ι
532 1255 586 1281 Καὶ
609 1255 635 1282 τί
659 1256 689 1281 τὸ
710 1256 756 1282 ἀπ’
779 1256 877 1292 ἀρχῆς,

84 1297 154 1333 ὅπερ
175 1299 244 1333 ἡμῖν
268 1298 454 1326 διακελεύεται
470 1300 580 1335 μένειν,
602 1301 645 1327 ἴνα
664 1301 743 1336 ἡμεῖς
759 1301 834 1337 ὦμεν
850 1303 878 1329 ἐν

85 1342 160 1377 Θεῷ,
179 1343 262 1375 αὐτὸς
279 1344 344 1379 ἡμῖν
360 1344 435 1370 οὐδὲν
452 1341 533 1380 ἦττον
559 1346 686 1380 σαφηνιεῖ
707 1344 794 1378 λέγων
807 1366 814 1377 ,
839 1346 878 1372 ὅτι

89 1397 97 1413 .
115 1388 192 1423 Αὕτη
209 1389 284 1415 ἐστὶν
303 1389 502 1424 ήέπαγγελια.
519 1390 551 1425 ἢν
566 1390 702 1425 ἠκούσατε
718 1391 764 1417 ἀπ’
780 1391 878 1427 πλῆξ’

86 1435 131 1461 ἵνα
154 1435 283 1469 ἀγαπᾶτε
307 1435 447 1470 ἀλλήλους.
468 1445 477 1461 ι
501 1435 623 1467 Ἀκούεις
646 1437 719 1468 ὅπως
740 1437 823 1472 ἐσμὲν
852 1438 880 1464 ἐν

86 1480 158 1515 Θεῷ,
174 1480 225 1516 τὴν
249 1480 360 1515 ἀγάπην
382 1480 502 1515 δηλονότι
516 1481 566 1516 τὴν
586 1482 624 1513 εἰς
640 1481 770 1517 ἀλλήλους
787 1483 880 1517 ἐπιτη-

85 1528 222 1558 δεύοντες,
249 1528 295 1554 καὶ
311 1527 360 1563 τὴν
379 1527 426 1553 τοῦ
451 1528 576 1564 Σωτῆρος
601 1528 753 1563 ιχνηλατεῖν
769 1529 879 1564 ἀρετὴν,

87 1574 148 1601 καθ’
165 1575 228 1602 ὅσον
244 1575 300 1607 ἕνι,
325 1575 522 1608 σπουδάζοντες
533 1583 540 1591 “
567 1576 668 1611 ἀρετὴν
685 1576 715 1603 δέ
738 1585 824 1611 φημι,
849 1576 879 1602 οὺ
893 1589 915 1618 c

86 1622 138 1657 τὴν
154 1621 183 1648 ἐν
201 1621 240 1656 τῷ
261 1620 389 1648 δύνασθαι
415 1623 517 1655 κτίζειν
542 1623 676 1658 οὐρανοὺς
696 1623 713 1657 ἢ
729 1624 816 1649 ποιεῖν
831 1623 880 1656 ἁγ-

87 1666 185 1701 γέλους
199 1687 207 1698 ,
233 1667 249 1702 ἦ
266 1667 425 1704 καθιδρῦσαι
447 1668 517 1703 γῆν,
539 1668 555 1704 ῆ
577 1669 714 1696 θάλασσαν
734 1668 879 1702 ἐξαπλοῦν,

87 1713 150 1739 οὔτε
171 1713 224 1748 μὴν
241 1713 289 1748 τὴν
303 1714 332 1739 ὲν
353 1713 449 1749 ἐκείνῳ
462 1714 522 1740 καθ’
535 1712 548 1739 ὃ
564 1715 675 1750 ἀρρήτῳ
692 1715 738 1741 καὶ
754 1715 880 1749 ἀπεριερ-

88 1760 184 1794 γάστῳ
196 1759 320 1792 δυνάμει,
334 1759 407 1795 λόγῳ
422 1760 482 1794 μὲν,
496 1760 659 1795 πνευμάτων
672 1760 795 1795 ἐκοίμισε
810 1760 879 1795 βίας,

88 1805 213 1840 διανέστη
237 1805 264 1831 δέ
282 1805 344 1836 τοὺς
368 1805 550 1840 τεθνηκότας,
578 1806 662 1841 ήγουν
691 1807 747 1837 τοῖς
772 1805 881 1840 τυφλοῖς

89 1851 236 1887 ἐχαρίζετο
259 1851 289 1878 τὸ
312 1851 440 1886 βλέπειν,
465 1851 482 1887 ἥ
509 1851 548 1887 τῷ
571 1851 665 1887 λεπρῷ
687 1851 883 1887 καθαρίζεσθαι

92 1897 162 1932 μετὰ
178 1897 280 1932 πολλῆς
302 1906 375 1929 τινος
390 1898 439 1933 τῆς
453 1897 578 1930 ἐξουσίας
595 1898 741 1924 ἐπέταττεν
755 1906 760 1913 ·
777 1898 884 1933 ἐκείνην

89 1943 118 1969 δὲ
135 1944 238 1978 μᾶλλον
251 1943 323 1979 ἥπερ
338 1943 371 1970 ἂν
385 1943 516 1979 ἀρμόττοι
539 1944 595 1976 τοῖς
611 1944 660 1978 τῆς
675 1943 883 1979 ἀνθρωπότητος

92 1989 216 2025 μέτροις.
240 1989 400 2026 Εὑρήσομεν
428 1990 525 2022 αὑτὸν,
552 1989 646 2025 ὥσπερ
667 1987 714 2018 οὖν
738 1990 752 2015 ὁ
780 1989 883 2020 Παῦλος

92 2044 177 2070 φησι,
200 2036 390 2072 λοιδορηθέντα
417 2037 466 2072 μὲν
492 2035 569 2072 παρέ(
593 2035 647 2062 τῶν
669 2036 784 2063 ἀνοσίων
817 2037 884 2062 Ἰουκ

91 2081 177 2108 δαίων
191 2082 242 2108 οὐκ
255 2081 510 2118 ἀντιλοιδορήσαντα
525 2082 564 2116 δὲ,
576 2082 645 2110 ἀλλὰ
667 2083 806 2118 πάσχοντα
823 2082 882 2117 μὲν,

91 2129 143 2154 οὐκ
162 2128 350 2163 ἀπειλήσαντα
372 2129 411 2161 δὲ,
430 2129 588 2164 παραδόντα
609 2129 636 2155 δὲ
653 2128 754 2164 μᾶλλον
767 2128 807 2164 τῷ
826 2128 886 2163 κρί-

93 2182 167 2201 νοντι
193 2174 318 2205 δικαίως.
346 2174 508 2210 Εὑρήσομεν
535 2174 616 2201 αὐτὸν
643 2174 758 2208 λέγοντα
785 2174 884 2201 πάλιν·

96 2228 105 2244 ι
123 2218 234 2246 Μάθετε
256 2219 302 2245 ἀπ’
323 2219 391 2253 ἐμοῦ
407 2219 447 2246 ὅτι
466 2219 554 2254 πρᾶός
571 2219 628 2254 ειμι
646 2219 693 2246 καὶ
709 2217 837 2250 ταπεινὺς
851 2220 884 2254 τῇ

921 291 1010 326 ipsum
1024 291 1157 326 aequalem
1173 291 1310 324 ostendit,
1330 293 1397 320 adeo
1412 297 1441 320 ut
1458 293 1561 321 nullam
1577 294 1711 322 rationem

918 334 976 369 jam
993 334 1091 362 habeat
1107 335 1153 362 illa
1167 335 1361 364 substantialis
1373 341 1399 364 et
1411 338 1545 365 naturalis
1557 339 1710 370 distinctio,

922 380 943 407 si
955 380 1109 414 aequalibus
1119 379 1200 409 factis
1213 381 1270 416 ipse
1282 385 1310 409 et
1321 381 1401 410 Pater
1413 383 1578 418 glorientur.
1590 384 1711 412 Observa

922 425 993 453 enim
1003 431 1092 454 utnon
1100 427 1177 455 inhis
1186 435 1246 460 nos,
1258 427 1305 456 sed
1314 428 1374 455 aliis
1383 429 1547 463 quibusdam
1555 430 1713 457 conforma-

921 471 1024 499 tionem
1036 472 1070 499 ad
1082 472 1166 500 Deum
1180 473 1317 506 colentes,
1330 475 1462 503 soeietate
1477 482 1539 502 cum
1553 476 1615 510 ipso
1627 476 1714 503 done-

922 524 993 544 mur.
1008 517 1061 544 Alii
1074 518 1146 544 enim
1158 519 1229 546 alios
1243 519 1424 551 miserantes,
1440 524 1466 548 et
1482 520 1628 548 eharitatis
1647 528 1712 555 0pc—

923 562 1002 590 ribus
1018 563 1160 591 mordicus
1176 564 1353 598 inhaerentes,
1368 573 1533 600 omnemque
1550 567 1576 593 in
1590 566 1642 593 hac
1654 567 1713 594 vita

923 605 1091 634 honestatem
1104 611 1130 635 et
1140 609 1303 643 gravitatem
1319 610 1450 642 colentes,
1461 614 1526 638 tunc
1538 615 1613 638 certe
1626 612 1671 638 vix
1684 612 1712 639 in

923 652 980 680 Deo
996 661 1058 681 esse
1074 654 1204 682 dicimur.
1225 655 1311 690 Cujus
1329 656 1368 683 rei
1386 657 1466 684 tostis
1479 661 1522 685 est
1534 657 1653 685 Joannes
1668 658 1713 685 di-

923 706 989 726 cens
999 709 1006 726 :
1017 709 1026 726 ι
1038 699 1066 726 lu
1082 700 1133 727 hoc
1147 701 1251 729 scimus
1264 702 1327 736 quia
1342 702 1370 728 in
1386 702 1445 737 ipso
1458 710 1565 730 sumus.
1579 703 1630 736 Qui
1646 703 1714 730 dicit

924 753 954 773 se
971 746 997 772 in
1017 746 1076 781 ipso
1093 754 1202 774 manere
1214 768 1221 780 ,
1241 747 1338 780 debet,
1355 749 1426 776 sicut
1442 749 1486 776 ille
1502 750 1672 782 ambulavit,
1687 755 1715 777 et

925 791 981 826 ipse
1000 792 1141 819 ambulare
1156 794 1205 820 "ﬁt
1229 793 1261 820 Et
1281 802 1377 821 rursus
1391 803 1396 819 ε
1414 804 1423 819 ι
1439 794 1503 826 Vos,
1518 796 1625 829 inquit,
1640 796 1714 830 quod

925 837 1042 864 audistis
1057 838 1092 864 ab
1106 837 1184 864 initio
1195 859 1201 869 ,
1221 839 1247 865 in
1263 839 1342 866 vobis
1358 843 1527 874 permaneat.
1551 840 1578 867 Si
1594 841 1619 867 in
1638 841 1715 868 vobis

926 883 1109 916 permanserit
1126 883 1198 918 quod
1217 884 1335 912 audistis
1350 885 1384 912 ab
1400 885 1480 912 initio
1492 906 1498 917 ,
1515 889 1542 913 et
1557 894 1606 914 vos
1623 887 1650 913 in
1669 885 1716 912 Fi-

893 921 912 948 Β
928 928 964 955 lio
979 932 1005 955 et
1016 927 1100 956 Patre
1114 922 1312 958 manebitis'".
1331 940 1339 956 ι
1354 931 1385 958 Ει
1400 931 1465 966 quid
1482 932 1517 959 sit
1531 932 1598 959 illud
1614 933 1648 959 ab
1663 932 1715 959 ini-

927 975 965 1001 tio
977 995 984 1006 ,
1000 975 1074 1010 quod
1089 975 1116 1002 in
1131 975 1211 1003 nobis
1228 984 1340 1004 manere
1356 977 1478 1012 jubetur,
1503 983 1532 1004 ut
1555 986 1606 1005 nos
1629 979 1717 1005 simus

928 1021 955 1048 in
975 1021 1045 1054 lleo,
1063 1022 1120 1056 ipse
1145 1023 1225 1050 nobis
1240 1024 1420 1051 nihilosecius
1435 1024 1587 1052 declarabit
1600 1016 1715 1052 dicens:

931 1075 939 1091 ι
957 1065 1013 1092 lloc
1036 1071 1078 1093 est
1104 1067 1282 1098 mandatmn,
1311 1068 1384 1102 quod
1414 1068 1533 1096 audistis
1561 1069 1594 1096 ab
1621 1069 1717 1101 initio,

927 1111 1010 1146 800
1027 1115 1056 1138 ut
1069 1112 1193 1147 diligatis
1209 1113 1328 1141 invicem
1346 1114 1378 1141 ‘°.
1395 1124 1405 1140 ι
1421 1114 1507 1142 Audis
1523 1115 1664 1150 quomodo
1681 1115 1719 1142 si-

930 1165 991 1185 mus
1010 1158 1036 1184 in
1059 1158 1131 1190 Deo,
1148 1159 1311 1187 charitalem
1332 1160 1462 1189 videlicet
1485 1162 1601 1189 invicem
1625 1162 1719 1190 colen-

930 1209 989 1235 tes,
1007 1208 1033 1231 et
1050 1204 1205 1233 Servatoris
1226 1206 1357 1234 virtutem
1369 1226 1376 1238 ,
1397 1207 1489 1242 quoad
1510 1208 1591 1240 licet,
1616 1208 1719 1235 sectari

930 1254 1081 1282 conantes,
1098 1251 1230 1279 virtutem
1247 1252 1310 1288 dico
1322 1272 1329 1284 ,
1348 1260 1400 1279 non
1423 1253 1499 1279 illaut
1521 1253 1655 1280 ccclorum
1674 1258 1720 1280 aut

930 1296 1090 1331 angelorum
1108 1297 1268 1325 creatricem
1281 1316 1289 1329 ,
1308 1305 1363 1325 non
1380 1305 1433 1332 qua
1451 1302 1554 1325 terram
1575 1298 1717 1330 fundavit,

931 1346 979 1368 aut
996 1349 1071 1369 mare
1085 1342 1225 1375 extendit,
1246 1351 1297 1370 nec
1313 1351 1373 1371 eam
1392 1351 1445 1378 qua
1469 1344 1600 1372 iueﬂ'abili
1625 1348 1653 1372 et
1677 1345 1719 1371 in-

932 1387 1076 1415 scrutabili
1091 1391 1235 1422 potestate.
1252 1389 1336 1416 verbo
1358 1389 1484 1424 quidem.
1504 1394 1649 1417 ventorum
1665 1390 1720 1417 vim

932 1432 1055 1464 sedavit,
1074 1437 1121 1459 aut
1137 1437 1261 1460 mortuos
1277 1435 1426 1467 excitavit,
1453 1439 1502 1461 aut
1523 1436 1604 1463 caecis
1630 1435 1720 1462 visum

932 1477 1071 1510 restituit,
1091 1481 1139 1504 aut
1157 1478 1295 1513 leprosum
1315 1481 1440 1506 muntlari
1457 1480 1562 1514 jussit;
1580 1482 1627 1508 sed
1647 1481 1722 1508 illam

933 1522 1026 1557 potius
1043 1530 1104 1558 qum
1121 1523 1302 1551 immanitatis
1320 1525 1471 1552 conditioni
1488 1527 1628 1561 congruit.
1646 1526 1723 1552 Inve-

934 1568 1040 1596 niemus
1055 1576 1115 1595 eum
1125 1589 1132 1599 ,
1148 1569 1378 1602 quemadmodum
1391 1569 1493 1598 Paulus
1508 1571 1546 1597 ait
1558 1571 1592 1587 ⁸⁰’
1603 1592 1610 1604 ,
1624 1571 1658 1597 ab
1672 1571 1722 1597 im-

936 1615 989 1650 piis
1000 1616 1110 1650 quidem
1128 1615 1228 1643 Iudaeis
1246 1617 1378 1645 conviciis
1390 1618 1517 1652 petitum,
1537 1619 1583 1645 sed
1601 1625 1655 1644 non
1675 1626 1722 1645 re--

936 1661 1143 1689 ntalediecntem
1155 1681 1162 1694 ,
1177 1667 1204 1689 et
1218 1663 1364 1697 patientem
1381 1667 1407 1690 at
1422 1671 1476 1690 non
1493 1664 1656 1696 minantem,
1675 1664 1722 1691 sed

938 1707 1091 1735 tradentem
1108 1710 1197 1742 potius
1211 1709 1287 1744 juste
1310 1709 1456 1744 judicanti.
1475 1710 1648 1738 Inveniemus
1661 1718 1721 1738 eum

937 1759 1036 1780 rursus
1062 1753 1219 1780 dicentem:
1239 1763 1247 1778 ι
1264 1753 1366 1781 Discite
1383 1762 1397 1780 a
1416 1762 1459 1782 me
1475 1754 1540 1789 quia
1563 1755 1637 1782 mitis
1663 1763 1724 1782 sum

936 1802 963 1825 et
977 1798 1090 1825 humilis
1104 1799 1203 1830 corde,
1220 1804 1246 1826 et
1261 1799 1409 1827 invenietis
1431 1800 1555 1835 requiem
1578 1800 1725 1829 animabus

935 1845 1038 1872 vestris
1054 1845 1086 1870 “.
1102 1855 1110 1871 ι
1126 1844 1209 1880 Igitur
1226 1849 1266 1872 tot
1281 1847 1421 1880 prteclaris
1438 1847 1568 1881 operibus
1584 1847 1726 1874 Christum

936 1891 1027 1918 omnis
1041 1891 1121 1919 nobis
1138 1892 1251 1920 virtutis
1266 1893 1364 1920 ducem
1389 1893 1491 1920 imitari
1518 1893 1676 1926 studentes,
1699 1897 1726 1921 et

936 1937 964 1963 in
979 1936 1060 1964 Patre
1076 1941 1102 1964 et
1116 1937 1144 1964 in
1160 1938 1222 1972 ipso
1237 1945 1347 1966 manere
1370 1938 1500 1971 dicimur,
1514 1939 1655 1972 praemium
1669 1940 1726 1965 vel-

939 1982 978 2008 uti
994 1981 1132 2016 quoddam
1149 1989 1182 2008 ac
1196 1982 1409 2009 retributionem
1428 1982 1581 2010 honestatis
1597 1983 1665 2010 illud
1683 1990 1726 2010 re-

939 2031 1093 2062 portantes.
1113 2026 1201 2055 Filius
1215 2032 1325 2061 autem,
1339 2035 1394 2054 non
1410 2028 1520 2062 quidem
1536 2036 1569 2055 ex
1587 2027 1631 2055 his
1647 2035 1725 2054 suam

939 2073 1056 2108 probare
1071 2074 1130 2100 vult
1146 2074 1319 2104 claritatem.
1343 2074 1391 2100 sed
1418 2073 1615 2100 miraculorum
1641 2073 1727 2108 maje-

939 2122 1036 2146 statem
1052 2127 1104 2154 qua
1120 2119 1179 2146 lieri
1195 2122 1286 2155 potest
1297 2119 1412 2146 solertia
1432 2118 1615 2152 attendentes,
1635 2119 1727 2147 consi-

939 2165 1037 2192 derare
1050 2165 1129 2199 jubet
1145 2166 1220 2192 nulla
1236 2174 1268 2192 ex
1285 2169 1362 2200 parte
1383 2165 1537 2192 variantem
1559 2173 1640 2200 quam
1662 2173 1726 2193 cum

940 2219 991 2239 suo
1009 2212 1090 2239 Patre
1106 2212 1189 2239 habet
1204 2212 1434 2244 similitudinem,
1451 2216 1532 2247 atque
1554 2212 1592 2239 ita
1616 2212 1729 2239 credere

93 2263 207 2299 καρδίᾳ,
220 2264 266 2290 καὶ
278 2263 409 2299 εὑρήσετε
425 2265 576 2291 ἀνάπαυσιν
590 2265 650 2296 ταῖς
663 2263 762 2299 ψυχαῖς
773 2263 859 2298 ὑμῶν,
876 2273 879 2289 ι

941 2258 1050 2286 demum
1066 2258 1137 2292 quod
1154 2265 1216 2285 cum
1242 2259 1278 2285 sit
1303 2258 1565 2290 consubstantialis,
1594 2258 1678 2285 habet
1700 2258 1728 2285 in

93 2309 202 2336 Οὐκοῦν
225 2309 269 2336 διὰ
287 2310 338 2345 μὲν
359 2310 413 2336 τῶν
433 2310 569 2336 τοσούτων
596 2309 818 2345 κατορθωμάτων
843 2318 887 2344 μι-

95 2354 208 2388 μεῖσθαι
240 2355 437 2386 σπουδάζοντες
466 2356 512 2382 τὸν
541 2355 650 2390 ἁπάσης
687 2356 753 2390 ἡμῖν
786 2355 887 2390 ἀρετῆς

95 2400 221 2436 ἡγεμόνα
239 2400 367 2436 Χριστὸν,
385 2399 412 2426 ἐν
425 2409 455 2426 τε
468 2400 506 2435 τῷ
523 2401 612 2435 “arpi.
633 2401 680 2427 καὶ
698 2402 727 2426 ἐν
751 2400 825 2435 αὐτῷ
840 2401 888 2435 μὲ-

95 2455 152 2472 νειν
171 2446 320 2481 λεγόμεθα,
335 2445 419 2480 γέρας
435 2445 530 2481 ὥσπερ
547 2446 592 2472 καὶ
604 2446 777 2481 ἀντιμισθίαν
792 2447 842 2481 τῆς
859 2447 888 2472 ἐν

96 2490 148 2526 βίῳ
175 2490 342 2526 σεμνότητος
364 2490 393 2517 τὸ
417 2492 534 2526 πρᾶγμα
566 2491 763 2526 κερδαίνοντες.
795 2491 825 2517 '0
859 2491 888 2517 δέ

96 2537 161 2569 Υἱὸς
173 2537 224 2564 οὐκ
240 2538 272 2563 ἐκ
285 2537 390 2564 τούτων
401 2537 474 2572 ἡμᾶς
487 2537 534 2572 τὴν
549 2536 660 2563 ἐνοῦσαν
677 2537 751 2571 αὐτῷ
766 2536 889 2572 λαμπρό-

95 2591 165 2619 τητα
186 2583 347 2619 δοκιμάζειν
370 2583 510 2618 βούλεται,
536 2584 568 2618 τῇ
596 2583 623 2609 δὲ
649 2583 703 2609 τῶν
729 2582 890 2618 παραδόξων

98 2629 290 2665 μεγαλειότητι
303 2630 373 2664 μετὰ
386 2629 434 2664 τῆς
451 2628 562 2663 ἐνούσης
580 2628 720 2663 ἀγχινοίας
735 2637 888 2664 προσεσχη-

97 2676 178 2707 κότας
196 2675 410 2703 διασκέπτεσθαι
433 2675 488 2702 δεῖν
504 2674 644 2701 ἐπιτάττει
665 2675 713 2710 τὴν
729 2675 890 2709 ἀπαράλλα-

97 2731 160 2748 κτον
170 2722 323 2758 ἐμφέρειαν
336 2721 369 2757 ἣν
379 2721 434 2755 ἔχει
449 2721 516 2757 πρὸς
531 2720 575 2746 τὸν
592 2719 702 2756 Πατέρα
719 2720 764 2746 τὸν
780 2720 889 2752 ἑαυτοῦ,

99 2767 237 2794 πιστεύειν
255 2776 286 2793 τε
303 2766 375 2794 οὕτω
394 2767 486 2793 λοιπὸν
508 2766 545 2798 ὡς
559 2767 676 2802 ἐπείπερ
697 2767 771 2793 ἐστὶν
792 2766 891 2801 ὁμοού-

101 2820 167 2844 σιος,
190 2812 247 2848 ἔχει
265 2812 316 2847 μὲν
336 2812 364 2838 ἐν
378 2810 466 2846 ἐαυτῷ
484 2811 528 2838 τὸν
544 2813 722 2847 γεννήσαντα,
743 2812 891 2846 ἐνυπάρχει

139 2903 161 2919 ³³
181 2902 189 2929 l
204 2903 284 2930 Joau.
303 2910 334 2936 tt,
352 2903 378 2935 5,
394 2902 420 2929 6.
460 2904 481 2919 ³⁸
504 2902 570 2930 ibid.
585 2903 629 2930 Ἡ.

671 2903 692 2919 ³ο
714 2902 722 2928 ι
741 2902 820 2930 Joan.
841 2910 881 2935 ιιι,
903 2901 945 2928 ll.

941 2305 1033 2339 seipso
1046 2303 1213 2336 Genitorem,
1230 2309 1256 2332 et
1272 2305 1331 2339 ipse
1352 2305 1380 2332 in
1405 2312 1438 2332 eo
1461 2308 1513 2332 est.
1541 2304 1651 2340 Alioqui
1675 2305 1726 2332 d0-

941 2355 1022 2377 ceant
1035 2349 1126 2377 obiter
1142 2350 1293 2377 adversarii
1311 2350 1416 2385 praemii
1433 2350 1509 2382 loco,
1527 2350 1609 2377 sicuti
1631 2350 1728 2384 nobis,

943 2396 968 2423 id
985 2395 1010 2423 ci
1027 2403 1136 2430 quoque
1152 2403 1231 2427 esse,
1254 2400 1281 2423 et
1307 2396 1498 2424 retributionis
1524 2397 1587 2424 vitm
1611 2404 1730 2431 evange-

943 2441 1019 2472 lic:e,
1038 2441 1110 2475 quod
1136 2441 1164 2467 in
1187 2440 1270 2468 Patre
1291 2441 1464 2475 intelligitur.
1488 2441 1541 2468 Sed
1568 2442 1731 2476 neutiquam

943 2487 1015 2514 istud
1032 2487 1072 2514 eis
1087 2494 1170 2521 grave
1184 2487 1251 2518 erit,
1268 2487 1378 2521 opinor.
1394 2486 1501 2519 Quibus
1517 2487 1590 2514 enim
1607 2487 1737 2522 petulan-

943 2534 988 2561 tia:
1002 2533 1109 2560 nullum
1123 2541 1208 2568 genus
1222 2537 1264 2560 est
1279 2533 1443 2560 intentatum
1454 2554 1461 2565 ,
1474 2532 1604 2567 quidnam
1620 2532 1731 2560 absurdi

943 2581 1078 2607 intactum
1100 2580 1284 2615 reliquerint?
1301 2579 1514 2615 Respondebunt
1527 2587 1603 2615 ergo,
1628 2584 1657 2606 ut
1670 2587 1731 2606 cre-

944 2627 1026 2661 dibile
1038 2631 1097 2660 est,
1109 2626 1210 2654 Filium
1226 2626 1329 2654 idcirco
1341 2626 1368 2653 in
1382 2625 1463 2653 Patre
1475 2634 1547 2658 esse,
1560 2626 1625 2653 etin
1640 2625 1731 2660 seipso

945 2681 1044 2701 rursus
1061 2673 1165 2701 habere
1180 2672 1307 2706 Patrem,
1323 2674 1389 2708 quia
1411 2673 1562 2701 virtutibus
1586 2680 1655 2708 quas
1679 2672 1731 2706 ipsi

945 2728 1054 2755 quoque
1069 2719 1254 2754 assequimur,
1265 2719 1299 2746 ad
1315 2727 1377 2747 eum
1393 2719 1591 2747 conformatur.
1602 2719 1636 2745 Αι
1649 2718 1732 2753 quid-

945 2766 973 2792 ni
988 2773 1103 2797 rursus,
1119 2765 1232 2800 inquam
1244 2785 1251 2797 ,
1272 2772 1289 2792 o
1315 2763 1396 2798 boni,
1412 2772 1475 2792 cum
1497 2764 1642 2800 Philippus
1657 2763 1733 2791 dice-

946 2815 986 2839 rct
1012 2821 1018 2838 :
1046 2820 1053 2836 ι
1071 2810 1184 2838 Domine
1195 2830 1202 2842 ,
1220 2810 1336 2838 ostende
1353 2809 1433 2838 nobis
1453 2810 1562 2838 Putrem
1574 2831 1580 2843 ,
1597 2819 1605 2836 ι
1621 2811 1734 2838 sanctos

986 2902 1017 2916 δυ’
1034 2900 1042 2926 l
1058 2900 1132 2928 Petr.
1149 2908 1184 2934 ιι,
1201 2901 1245 2928 25.
1285 2901 1305 2916 δι
1327 2900 1422 2928 Matth.
1439 2908 1476 2932 ιι,
1492 2900 1534 2927 29.
