1926 3041
106 202 160 230 9ίῦ

646 199 679 228 IN
698 199 842 228 JOANNIS
859 198 1087 228 EVANGELIUM
1108 197 1174 226 LIB.
1194 195 1238 226 IX.

1680 195 1744 223 ‘256

99 258 228 293 πρέπειν,
254 257 285 284 ἰδ
300 257 370 284 πολῦ
385 257 431 284 τοῦ
453 257 532 292 λόγου
550 257 771 292 περιστείλαντες
789 257 894 292 μῆκος⁴

952 256 1179 292 explanabimus:
1199 255 1252 284 erit
1268 254 1342 283 enim
1356 253 1402 283 hic
1416 254 1495 282 locus
1507 253 1561 282 isto
1575 253 1656 281 modo
1670 253 1744 280 mni-

98 303 142 338 ετη
160 302 215 337 γὰρ
229 301 264 329 ἂν
281 302 354 329 οὕτω
372 303 489 338 μάλιστα
504 304 561 335 τοῖς
575 303 683 335 πολλοῖς
697 303 900 340 εὐπαράδεκτον

96 348 138 390 τδκ
150 347 296 383 θεώρημα.
325 347 474 382 Ἐπιδείξαι
491 347 636 384 τοιγαροῦν
657 348 788 384 ἐθελήσας
805 349 843 381 ὡς
857 349 900 385 εἴη

101 394 153 429 μὲν
177 394 322 429 ὀμοούσιος
339 394 378 430 τῷ
401 395 457 430 ἰδίῳ
473 395 618 430 Γεννήτορι
637 395 685 422 καὶ
701 396 743 422 ὅτι
758 396 901 431 χαρακτήρ

98 441 176 467 ἐστιν
205 440 300 472 αὑτοῦ,
329 440 496 477 φορούμενος
522 441 571 476 μὲν
588 440 625 473 ὡς
646 441 676 468 ὲν
700 441 847 477 ἀρχετύπῳ
861 441 901 477 τῷ

99 486 203 522 Πατρὶ,
229 486 300 521 ἔχων
322 495 355 520 γε
381 486 434 522 μὴν
458 487 487 513 ὲν
512 485 602 521 ἐαυτῷ
624 487 655 513 τὸ
675 487 840 522 ἀρχέτυπον,
863 488 901 520 ὡς

99 532 248 568 χαρακτὴρ
261 532 384 566 φυσικῶς
398 541 426 558 τε
440 532 485 558 καὶ
495 531 641 564 οὖσιωδῶς,
655 532 702 559 καὶ
712 532 743 558 οὺ
755 531 827 558 κατά
840 540 901 559 τινα

101 578 298 613 σχηματισμὸν
319 578 365 604 τὸν
388 578 416 604 ὲν
431 577 575 604 διαπλάσει
588 577 733 613 νοούμενον
758 577 833 612 (ἄνω
846 577 900 613 γὰρ

102 623 257 657 σχημάτων
278 622 309 649 τὸ
328 623 418 654 Θεῖον.
445 623 506 649 ἐπεὶ
520 623 568 649 καὶ
583 622 758 658 ἀσώματον),
786 632 795 648 ι
816 623 899 658 Ἐγὼ,

100 669 198 702 φησὶν,
213 669 242 695 ὲν
256 668 294 704 τῷ
307 668 405 704 Πατρὶ,
426 669 472 695 καὶ
486 669 500 695 6
515 668 609 704 Πατὴρ
626 668 654 695 δὲ
668 669 696 696 ὲν
710 669 771 705 ὲμοί
787 671 870 696 ἐστιν.
888 679 897 695 ι

107 714 182 740 Ἀλλ’
207 714 250 741 ἵνα
270 714 320 749 τῆς
343 714 491 749 ὲμφερείας
514 714 564 749 τὴν
587 714 697 750 ἰσότητα
721 715 809 741 καὶτὸ
831 715 899 751 σύμ-

101 769 212 796 μορφον
226 761 445 797 ἀπαραλλάκτως
462 761 499 796 μὴ
513 761 575 788 καθ’
590 761 684 797 ἕτερόν
697 770 757 788 τινα
774 762 899 796 ζητῶμεν

99 805 236 842 τρόπονῆ
255 807 287 832 ἔκ
306 806 394 841 μόνων
410 805 463 832 τῶν
477 807 510 842 τῇ
526 806 605 840 φύσει
620 806 775 842 προσόντων
791 807 900 833 πλεονε-

99 851 256 885 κτημάτων
278 850 425 882 (ὲντεῦθεν
441 850 496 886 γὰρ
517 849 550 886 ἦν
572 851 688 886 οὑσιὼδη
712 851 759 877 καὶ
782 852 899 886 φυσικὴν

99 896 172 932 ὸρᾷν
189 896 238 931 τὴν
252 896 409 932 ὁμοίωσιν),
439 906 448 922 ι
463 897 495 924 Et
521 897 549 923 δὲ
576 896 627 932 μὴρ
649 897 748 932 φησιν,
775 897 828 924 ἀπὸ
845 897 899 924 τῶν

953 303 988 331 tis
1010 306 1091 338 captu
1116 302 1214 330 facilis.
1233 299 1336 329 Volens
1354 301 1438 336 igitur
1460 300 1607 328 ostendere
1632 307 1661 327 se
1682 307 1744 327 esse

952 348 1062 385 quidem
1080 356 1130 377 suo
1144 348 1217 376 Patri
1233 347 1498 376 consubstantialem
1515 347 1633 382 ejusque
1647 346 1744 373 chara-

952 400 1069 428 cterem,
1090 395 1136 430 qui
1155 395 1184 423 in
1200 394 1280 422 Patre
1295 398 1424 430 tanquam
1443 395 1470 421 in
1485 393 1637 429 archetypo
1654 393 1743 419 conti-

953 446 1049 469 neatur
1062 463 1069 474 ,
1090 441 1189 468 habeat
1213 445 1306 468 tamen
1332 441 1359 467 in
1386 440 1477 475 seipso
1492 439 1692 475 archetypum,
1714 442 1743 464 ut

951 488 1096 516 character
1121 491 1220 515 natura
1248 491 1330 522 atque
1359 487 1535 521 substantia,
1565 494 1620 514 non
1649 490 1741 513 autem

952 533 1039 561 forma
1066 542 1097 561 ac
1124 533 1209 568 ﬁgura
1228 533 1353 569 (figuras
1376 533 1449 560 cnim
1475 533 1546 560 Deus
1571 540 1625 559 non
1649 532 1741 567 capit,

951 587 1013 606 eum
1032 579 1067 606 sit
1084 579 1305 614 incorporeus),
1326 589 1334 605 ι
1355 579 1422 614 Ego,
1437 579 1541 613 inquit.
1557 579 1584 605 in
1599 577 1697 609 Patre,
1716 583 1743 604 et

952 625 1031 653 Pater
1054 625 1082 652 in
1107 633 1150 652 me
1169 629 1221 653 est.
1240 635 1248 651 ι
1270 625 1322 653 Sed
1347 628 1376 652 ut
1392 625 1584 652 similitudinis
1601 625 1742 659 aequalita-

952 675 1005 698 tem
1028 675 1054 698 et
1072 670 1292 698 conformitatem
1320 678 1367 706 per
1384 671 1476 697 omnia
1495 671 1612 697 similem
1632 670 1742 698 aliunde

952 724 1008 744 non
1024 724 1181 752 quaeramus
1195 724 1277 751 quam
1302 724 1334 744 ex
1351 717 1416 744 solis
1433 721 1539 743 natura:
1554 717 1741 751 prmrogativis

952 762 1037 795 (hinc
1061 763 1133 789 enim
1155 762 1367 790 substantialem
1393 766 1420 790 et
1447 763 1601 789 naturalem
1628 770 1742 790 cernere

952 807 1013 834 licet
1029 806 1241 834 similitudinem
1256 809 1280 840 ),
1299 817 1308 833 ι
1324 807 1444 842 Alioqui.
1464 808 1514 839 ait.
1531 811 1643 842 propter
1658 814 1741 842 opera

951 853 1067 880 credite.
1088 863 1098 879 ι
1116 852 1198 881 Recte
1214 853 1315 888 quippe
1332 853 1509 881 existimabat
1525 853 1598 888 quod
1612 873 1619 884 ,
1639 853 1661 880 si
1679 854 1741 887 quis

951 906 982 926 se
997 899 1149 934 aequalibus
1164 907 1226 926 cum
1251 899 1306 926 Deo
1328 906 1360 926 ac
1377 899 1460 926 Patre
1482 899 1612 934 operibus
1629 899 1741 934 conspi-

99 942 196 976 ἔργων
220 942 374 969 πιστεύετε.
390 951 399 968 ι
425 943 504 977 ᾭετο
526 943 580 978 γὰρ
604 942 636 978 δὴ
658 943 719 969 λίαν
739 943 828 977 ὀρθῶς
851 943 894 975 ὡς1

951 951 1033 971 cuum
1052 945 1194 979 spectarit,
1209 952 1258 980 pro
1273 945 1392 972 naturali
1407 945 1568 972 charactere
1581 951 1607 972 et
1623 944 1742 979 imagine

101 988 185 1024 εἴπερ
197 989 266 1021 ὅλως
277 988 404 1016 θεάσαιτό
419 997 461 1020 τις
475 988 557 1015 αὑτὸν
574 990 629 1021 τοίς
645 989 712 1020 ἴσοις
725 989 900 1024 ἐκλάμποντα

101 1035 302 1071 κατορθώματι
320 1035 357 1070 τῷ
374 1035 433 1070 Θεῷ
450 1035 497 1061 καὶ
513 1035 611 1070 Πατρὶ,
631 1036 670 1067 εἰς
688 1035 802 1069 φυσικὸν
816 1035 899 1068 ὅντως

102 1081 292 1117 παραδέξαιτο
309 1081 472 1117 χαρακτῆρα
489 1081 536 1107 καὶ
553 1081 647 1108 εἰκόνα
668 1081 719 1116 τῆς
740 1081 832 1113 οὐσίας
849 1082 899 1108 αὺ-

101 1127 151 1153 τοῦ
165 1135 172 1142 ·
201 1127 233 1153 οὺ
250 1126 304 1162 γὰρ
319 1127 351 1153 ἄν
377 1135 442 1153 ποτε
457 1126 554 1162 δράσαι
577 1126 612 1152 τὰ
628 1126 672 1152 ίσα
689 1126 727 1161 τῷ
739 1125 798 1161 Θεῷ
812 1126 841 1153 τὸ
860 1123 898 1162 μὴ

100 1173 136 1200 ὲκ
160 1172 229 1199 Θεοῦ
254 1173 322 1199 κατὰ
346 1172 436 1206 φύσιν,
461 1171 519 1198 ἀλλ’
535 1172 588 1198 οὐδ’
605 1172 639 1199 ἂν
655 1172 830 1208 προσγένοιτο
846 1182 897 1198 τινι

100 1218 158 1243 τῶν
173 1218 299 1252 γενητῶν
312 1217 342 1244 τὸ
363 1217 392 1244 ἐν
416 1217 465 1252 ἴσῳ
483 1218 576 1253 μέτρῳ
641 1217 701 1254 θείᾳ
721 1218 801 1253 φύσει
816 1227 898 1254 τερα-

100 1265 232 1298 τουργείν
254 1263 383 1291 δύνασθαί
403 1272 479 1292 ποτε.
500 1263 607 1291 ’Δϐατα
624 1264 678 1300 γὰρ
701 1265 748 1291 καὶ
771 1265 899 1300 ἀνέπαφα

102 1308 250 1341 παντελῶς
263 1310 319 1341 τοῖς
334 1308 364 1341 ἐξ
373 1309 422 1336 οὐκ
435 1309 519 1336 ὄντων
535 1310 574 1342 εἰς
591 1310 620 1337 τὸ
633 1308 703 1336 εἶναι
720 1310 898 1345 κεκλημένοις

100 1355 136 1382 τὰ
154 1355 204 1381 τοῦ
221 1355 265 1382 ἀεὶ
281 1355 357 1387 ὄντος
374 1356 446 1388 ἰδίως
463 1356 555 1390 ἀγαθά
567 1365 573 1372 ·
599 1356 647 1382 καὶ
663 1357 704 1383 ὅτι
723 1356 772 1391 μὲν
796 1356 899 1383 ἀλοιδό·

102 1410 188 1436 ρητος
214 1401 353 1433 παντελῶς
376 1402 452 1438 παρά
477 1411 509 1436 γε
526 1403 582 1434 τοῖς
603 1400 632 1429 εὖ
658 1402 801 1438 φρονοῦσιν
823 1403 837 1428 6
852 1403 897 1433 τοῦ

102 1447 233 1482 Σωτῆρος
245 1447 321 1474 ἔσται
335 1447 425 1482 λόγος,
446 1447 596 1483 οὐδαμόθεν
614 1448 759 1475 ὲνδοιάσειν
777 1449 849 1481 εἰκὸς
864 1447 898 1485 ἦν

99 1501 189 1524 τινας·
202 1493 310 1520 ἔσεσθαί
325 1502 356 1528 γε
369 1494 421 1529 μὴν
436 1495 491 1524 τοῖς
506 1494 634 1521 τάναντία
644 1494 799 1528 δοξάζουσιν
808 1495 898 1530 ἑτερο-

99 1539 276 1571 διδασκαλίας
301 1540 428 1575 ἀφορμὴν
446 1541 491 1567 καὶ
516 1540 651 1576 πρόφασιν
681 1542 727 1567 καὶ
747 1541 777 1567 τὸ
808 1541 898 1573 καλῶς

101 1585 261 1620 εἰρημένον,
278 1585 328 1612 οὐκ
344 1586 488 1621 ἠγνόησεν,
511 1586 549 1618 ὡς
566 1586 641 1618 Θεός.
667 1587 725 1614 Ἵνα
749 1587 839 1614 τοίνυν
858 1588 895 1623 μὴ
910 1609 930 1638 C

99 1632 159 1662 τοῖς
175 1631 210 1657 τὰ
231 1631 299 1666 ὀρθὰ
315 1631 523 1668 διαστρέφουσιν
541 1632 758 1668 ἁθυρογλωττίας
782 1634 810 1660 ὲν
833 1634 895 1660 τού-

99 1685 160 1708 ¹ιὀις
175 1677 365 1712 περιλείτιηται
379 1677 469 1709 τόπος,
486 1677 553 1713 μηδὲ
565 1678 669 1711 λέγοιεν
680 1679 720 1704 ὅτι
731 1678 897 1714 δημιουργὸς

99 1723 157 1749 τῶν
177 1722 324 1758 θαυμάτων
339 1724 449 1758 γέγονεν
467 1725 480 1750 6
496 1724 559 1756 Υἱὸς
585 1725 634 1750 οὐκ
657 1726 689 1751 ἐκ
712 1725 762 1760 τῆς
784 1725 897 1761 ἐνούσης

102 1768 198 1803 ἰσχύος
213 1769 287 1805 αὐτῷ
309 1770 369 1796 οὐδὲ
384 1771 413 1803 ἐξ
438 1770 507 1802 ἰδίας
522 1771 675 1806 δυνάμεως,
699 1772 756 1799 ἀλλ’
782 1773 897 1808 ἐπείπερ

92 1812 175 1850 εἶχεν
190 1815 219 1840 ἐν
236 1814 324 1850 ἑαυτῷ
338 1815 383 1841 τὸν
400 1816 509 1851 Πατέρα
524 1816 652 1843 ποιοῦντα
668 1816 702 1843 τὰ
717 1817 795 1852 ἔργα,
814 1817 897 1844 καθά-

100 1869 157 1895 περ
172 1858 219 1887 οὖν
236 1860 316 1892 αὐτὸς
342 1861 393 1895 ἔφη
409 1861 455 1887 καὶ
471 1861 668 1898 διισχυρίσατο,
695 1863 897 1898 τεθεράπευκεν

100 1906 262 1939 ἀναγκαίως
275 1906 289 1931 6
305 1906 407 1941 Κύριος
419 1908 479 1939 ταῖς
493 1908 547 1933 τῶν
563 1909 707 1943 νοημάτων
721 1909 878 1944 ἐπαγωγαῖς
888 1919 894 1926 ·

100 1952 199 1978 ἑαυτὸν
218 1952 267 1986 μὲν
281 1952 337 1988 γὰρ
351 1953 379 1978 ὲν
391 1953 496 1985 τούτοις
509 1954 618 1980 ἔσεσθαι
632 1955 750 1990 χορηγὸν
765 1956 897 1990 ἐπαγγέλ-

92 1999 178 2031 λεται
189 1999 246 2029 τοῖς
260 1999 434 2026 πιστεύουσιν
447 2001 486 2032 εἰς
499 2000 591 2033 αὑτὸν,
603 1998 696 2036 ὦνπερ
710 2002 742 2028 ἂν
758 2002 896 2030 ἐθέλουσιν

99 2045 199 2077 αἰτεῖν,
225 2045 272 2071 καὶ
289 2046 349 2081 οὐχὶ
368 2046 452 2082 μόνην
468 2047 565 2079 αὐτοῖς
577 2048 776 2082 ἐπαγγέλλεται
797 2050 895 2076 τοσαύ-

98 2098 152 2125 την
168 2091 336 2126 χορηγήσειν
352 2092 466 2128 δύναμιν
483 2093 531 2119 καὶ
548 2093 683 2125 ἐξουσίαν,
700 2095 769 2121 ἀλλὰ
781 2095 830 2130 τὴν
849 2096 896 2122 ἐπὶ

99 2136 169 2162 πολύ
182 2146 188 2151 ·
206 2137 317 2172 μείζονα
328 2138 392 2173 γὰρ,
407 2139 498 2174 φησὶν,
511 2135 548 2166 ὧν
560 2139 615 2174 ἐγὼ
627 2141 764 2176 πεποίηκα
776 2143 893 2178 ποιήσει.

103 2182 189 2217 ὐρᾷς
203 2180 250 2208 οὖν
266 2183 341 2215 ὅπως
363 2184 512 2211 ἀνακόπτει
528 2187 670 2222 χρησίμως
692 2187 746 2213 τῶν
769 2188 802 2214 δι¹
820 2189 894 2216 ὲναψ

96 2228 160 2260 τίας
181 2228 212 2254 τὸ
237 2228 348 2264 θράσος,
377 2231 425 2257 καὶ
450 2231 626 2267 ἀνασειράζει
641 2232 741 2267 τρόπον
764 2233 824 2260 τινὰ
839 2237 895 2267 τοῖς

952 989 1117 1017 substantiae
1143 990 1203 1025 ejus
1223 990 1246 1006 "
1277 990 1366 1026 ipsum
1393 991 1547 1025 susceperit
1569 1000 1574 1017 :
1600 999 1740 1026 nunquam

950 1035 1022 1063 enim
1045 1036 1121 1071 paria
1151 1043 1214 1063 cum
1239 1035 1294 1063 Deo
1317 1036 1400 1063 faciat
1417 1036 1462 1071 qui
1481 1044 1512 1063 ex
1540 1035 1595 1063 Deo
1619 1043 1673 1063 non
1698 1040 1741 1063 est

951 1081 1101 1108 secundum
1127 1086 1271 1113 naturam,
1299 1080 1346 1107 sed
1376 1088 1464 1115 neque
1491 1084 1617 1107 creatura
1641 1079 1741 1106 divinae

951 1131 1056 1154 natura:
1081 1127 1223 1154 miraculis
1239 1126 1381 1161 patrandis
1403 1134 1451 1161 par
1467 1134 1528 1153 esse
1546 1126 1641 1161 possit.
1665 1125 1740 1152 Bona

951 1172 1024 1199 enim
1051 1176 1157 1199 natura:
1183 1172 1257 1198 illius
1277 1179 1337 1206 qua:
1363 1178 1471 1206 semper
1501 1174 1542 1198 est
1567 1170 1674 1204 penitus
1696 1169 1740 1196 in-

951 1225 1064 1246 accessa
1086 1221 1150 1246 sunt
1167 1218 1201 1245 iis
1217 1225 1278 1252 quze
1295 1225 1327 1245 ex
1344 1217 1429 1244 nihilo
1449 1217 1583 1252 producta
1601 1221 1665 1243 sunt
1679 1225 1685 1248 ;
1713 1219 1740 1242 et

950 1264 1123 1299 inculpatum
1144 1263 1253 1299 quidem
1275 1270 1390 1298 prorsus
1405 1261 1478 1297 apud
1500 1265 1574 1289 recte
1590 1262 1739 1288 sentientes

951 1310 1106 1338 Servatoris
1133 1317 1289 1337 sermonem
1315 1308 1392 1341 fore,
1419 1308 1550 1336 credibile
1573 1312 1632 1335 erat
1650 1307 1740 1334 nulla-

949 1361 1028 1384 tenus
1059 1356 1233 1384 dubitaturos
1262 1356 1388 1390 aliquos;
1413 1359 1601 1382 verumtamen
1630 1353 1738 1382 haereti-

949 1410 996 1430 cos
1024 1410 1100 1430 novze
1125 1402 1261 1429 doctrin-re
1278 1401 1455 1429 occasionem
1472 1405 1499 1429 et
1513 1404 1673 1436 praetextum
1694 1407 1738 1427 ar-

949 1454 1076 1484 repturos
1087 1448 1168 1475 etiam
1182 1448 1207 1474 id
1222 1447 1295 1482 quod
1310 1451 1383 1474 recte
1395 1447 1499 1474 dictum
1512 1451 1581 1479 erat,
1596 1454 1649 1474 non
1662 1447 1739 1482 igno-

950 1495 1037 1526 ravit,
1057 1499 1087 1521 ut
1111 1494 1191 1527 Deus.
1212 1493 1248 1521 Ne
1269 1493 1353 1527 igitur
1367 1493 1402 1519 iis
1420 1492 1465 1528 qui
1483 1497 1558 1519 recta
1580 1495 1739 1527 pervertunt

950 1540 1109 1576 petulantiae
1136 1540 1213 1567 locus
1239 1540 1283 1567 hic
1306 1540 1510 1574 relinqueretur
1531 1539 1622 1569 ullus.
1650 1546 1739 1572 neque

949 1587 1072 1614 dicerent
1088 1586 1218 1613 miracula
1238 1590 1364 1621 patrasse
1390 1584 1490 1612 Filium
1508 1592 1564 1611 non
1586 1584 1611 1610 vi
1626 1584 1737 1618 quidem

948 1641 980 1660 ac
996 1636 1131 1668 potestate
1153 1640 1218 1663 sua,
1242 1632 1292 1659 sed
1308 1631 1372 1666 quia
1393 1631 1510 1658 habebat
1531 1631 1557 1657 in
1578 1630 1668 1664 scipso
1687 1629 1732 1656 Pa-

948 1683 1016 1706 trem
1042 1679 1185 1706 facientem
1210 1685 1313 1712 opera,
1333 1675 1566 1712 quemadmodum
1590 1676 1649 1710 ipse
1668 1675 1738 1702 dixit

947 1729 1030 1760 atque
1051 1724 1224 1751 conﬁrmavit
1236 1743 1242 1755 .
1265 1723 1422 1750 necessario
1438 1721 1571 1749 Dominus
1586 1721 1737 1748 remedium

947 1771 1048 1802 attulit,
1064 1771 1236 1805 subjungens
1251 1778 1280 1797 se
1295 1769 1472 1796 credentibus
1489 1768 1515 1794 in
1530 1775 1559 1795 se
1575 1767 1736 1802 largiturum

947 1825 978 1845 ea
994 1824 1054 1852 qua:
1068 1821 1160 1852 petere
1176 1817 1330 1848 voluerint;
1349 1823 1437 1850 neque
1452 1820 1518 1842 Vero
1531 1818 1633 1841 tantam
1648 1822 1676 1841 se
1689 1814 1738 1841 da-

947 1866 1038 1888 turum
1055 1862 1110 1888 vim
1134 1868 1166 1888 ac
1181 1864 1342 1896 potestatem
1365 1860 1530 1894 promittit,
1544 1859 1591 1886 sed
1621 1859 1739 1894 amplio-

946 1914 1003 1934 rem
1018 1917 1024 1934 :
1041 1916 1050 1931 ι
1065 1906 1168 1941 Majora
1183 1907 1269 1938 enim,
1286 1906 1386 1941 inquit,
1405 1906 1488 1933 faciet
1503 1906 1545 1933 his
1559 1913 1620 1941 quae
1630 1914 1680 1941 ego
1698 1906 1738 1932 fa-

946 1954 1017 1981 cio.r
1033 1953 1114 1980 Vides
1131 1961 1195 1988 ergo
1206 1961 1261 1987 quo
1277 1957 1357 1988 pacto
1366 1952 1588 1979 adversariorum
1606 1952 1738 1986 infringat

946 2000 1104 2032 audaciam,
1124 2003 1151 2026 et
1168 2003 1278 2026 revocet
1296 1998 1500 2033 quodammodo
1514 2005 1564 2025 eos
1578 1998 1625 2034 qui
1647 1998 1672 2025 in
1691 2006 1738 2032 pe-

946 2050 1002 2073 tras
1015 2045 1079 2073 caeci
1096 2048 1189 2072 ruunt.
1204 2044 1279 2072 Dicet
1294 2045 1366 2072 enim
1380 2043 1421 2072 eis
1436 2043 1535 2077 aliquis
1549 2053 1555 2071 :
1573 2044 1595 2071 Ο
1611 2044 1689 2071 stulti
1704 2051 1736 2071 ac

946 2093 1021 2125 caeci,
1032 2092 1078 2127 qui
1089 2091 1196 2118 nihilex
1207 2091 1298 2126 seipso
1307 2090 1405 2118 Filium
1416 2090 1507 2117 facere
1524 2097 1606 2125 posse
1621 2091 1734 2125 putatis.

946 2138 994 2166 sed
1008 2139 1031 2166 ei
1044 2137 1135 2165 datam
1149 2145 1210 2164 esse
1219 2137 1310 2171 potius
1323 2136 1518 2163 miraculorum
1531 2134 1612 2170 803
1625 2139 1736 2170 patran-

945 2184 1042 2211 dorum
1059 2183 1114 2209 vim
1133 2189 1165 2209 ac
1182 2185 1345 2215 potestatem
1366 2180 1477 2211 aPatre
1488 2200 1496 2211 ,
1517 2179 1655 2214 quomodo
1678 2187 1736 2206 ma-

942 2229 1002 2265 jora
1021 2229 1149 2256 daturum
1168 2235 1198 2255 se
1217 2227 1362 2262 pollicetur
1375 2226 1553 2254 credentibus
1579 2226 1607 2252 in
1623 2225 1736 2260 ipsum?

97 2273 223 2308 ἐλέγχοις
236 2275 412 2320 ,ἐρχομένους
435 2277 506 2303 κατὰ
530 2277 649 2313 πετρῶν.
683 2278 756 2314 Ἐρεῖ
777 2280 830 2316 γάρ
851 2289 893 2313 τις

948 2274 1088 2308 Quomodo
1101 2273 1176 2309 quod
1191 2281 1246 2300 non
1271 2272 1335 2299 fecit
1349 2272 1406 2307 ipse
1420 2292 1428 2303 ,
1448 2272 1518 2298 alter
1534 2271 1666 2307 perﬁciet,
1681 2272 1736 2298 vir-

96 2321 192 2353 αὺτοτς
205 2330 211 2336 ·
233 2319 268 2347 Ὠ
288 2322 395 2358 ἀνόητοι
410 2323 457 2350 καὶ
470 2324 576 2358 τυφλοὶ,
594 2325 677 2360 μηδὲν
695 2325 724 2358 ἐξ
740 2326 837 2353 ἑαυτοῦ
852 2327 894 2354 δε-

97 2365 229 2400 δυνῆσθαι
246 2366 398 2402 κατορθοῦν
413 2368 593 2404 ὑπειληφότες
615 2369 661 2396 τὸν
677 2370 750 2402 Υὶὸν,
778 2380 894 2408 κεχορη-

96 2410 200 2445 γῆσθαι
213 2411 242 2438 δὲ
260 2413 361 2446 μᾶλλον
375 2413 424 2448 τὴν
441 2415 484 2448 ἐφ’
498 2415 584 2442 ἆπασι
599 2417 655 2448 τοῖς
673 2417 832 2452 παραδόξως
849 2427 892 2444 τε-

96 2456 273 2492 τελεσμένοις
285 2457 399 2493 δύναμίν
412 2468 440 2485 τε
454 2460 500 2486 καὶ
514 2459 636 2492 ἐξουσίαν
648 2461 700 2488 ὑπὸ
711 2462 758 2489 τοῦ
773 2463 890 2499 Πατρὸς,

97 2502 156 2534 πῶς
179 2503 228 2529 καὶ
256 2503 369 2538 μείζονα
385 2505 546 2541 κατορθοῦν,
573 2507 771 2542 ἐπαγγέλλεται
795 2509 892 2537 δώσειν

96 2549 152 2579 τοῖς
166 2549 344 2576 πιστεύουσιν
357 2551 396 2582 εις
413 2551 494 2578 αὐτόν
508 2560 515 2584 ;
541 2552 602 2585 Πῶς
616 2553 630 2579 ὃ
646 2554 683 2589 μὴ
699 2554 828 2590 δέδρακεν
841 2556 891 2582 αὑ-

95 2594 150 2626 τὸς,
163 2594 259 2630 ἕτερος
273 2595 453 2631 κατορθώσει,
465 2597 514 2633 τὴν
527 2599 592 2634 παρ’
603 2599 685 2626 αὐτοῦ
699 2599 892 2634 δανεισάμενος

95 2640 228 2676 δύναμιν;
257 2641 312 2668 Θέα
326 2641 382 2676 γὰρ
399 2643 472 2675 ὅπως
493 2645 543 2670 οὐκ
559 2645 669 2680 εἴρηκεν
684 2646 712 2672 ἐν
726 2647 832 2678 τούτοις
849 2647 891 2673 ὅτι

94 2687 246 2722 χορηγήσει
270 2689 329 2720 τοῖς
353 2689 510 2716 πιστεύουσι
535 2690 677 2726 δύναμινὸ
693 2692 804 2727 Πατὴρ,
833 2693 890 2719 ἀλλ’

98 2741 106 2757 ι
123 2733 158 2759 '0
168 2741 194 2759 τι
217 2733 251 2760 ἂν
267 2734 399 2770 αέτήσητε
424 2737 452 2762 ὲν
466 2735 504 2772 τῷ
520 2737 634 2772 ὀνόματί
656 2746 718 2772 μου,
744 2734 859 2774 ποιήσω.
878 2749 886 2763 ι

99 2779 127 2805 '0
143 2779 171 2805 δὲ
187 2781 245 2811 τοῖς
261 2780 355 2812 ἄλλοις
369 2782 415 2808 καὶ
431 2781 464 2808 τὰ
479 2782 564 2817 μείζω
580 2783 712 2810 δύνασθαι
727 2783 887 2820 κατορθοῦν,

93 2825 128 2856 ὡς
142 2825 220 2857 Θεὸς,
247 2826 398 2860 ἐπιδιδοὺς,
425 2829 482 2860 πῶς
500 2830 531 2856 ἂν
548 2829 627 2862 αὐτὸς
644 2830 799 2866 ἐχορηγήοη
825 2833 888 2866 παρ’

126 2917 149 2933 ⁸³
167 2917 253 2945 Hebr.
272 2925 292 2949 ι,
313 2917 340 2943 '5.

946 2325 1003 2348 tute
1017 2320 1051 2347 ab
1069 2327 1103 2347 eo
1119 2319 1264 2346 mutuata?
1285 2318 1405 2345 Adverte
1419 2317 1491 2344 enim
1510 2321 1539 2344 ut
1558 2325 1614 2345 non
1631 2317 1678 2345 hic
1692 2317 1735 2345 di-

943 2368 1012 2395 xerit
1026 2366 1134 2393 Patrem
1155 2365 1282 2392 ﬁdelibus
1307 2365 1437 2391 virtutem
1463 2364 1641 2398 largiturum,
1666 2365 1728 2397 sed,

947 2424 956 2440 ι
973 2413 1050 2447 Quod
1076 2411 1210 2448 petieritis
1238 2411 1265 2438 in
1294 2410 1406 2438 nomine
1428 2416 1499 2442 meo,
1515 2410 1568 2437 hoc
1593 2409 1704 2438 faciam.
1722 2420 1732 2437 ι

944 2461 996 2495 Qui
1008 2467 1073 2495 ergo
1084 2459 1156 2492 aliis,
1167 2461 1196 2485 ut
1206 2457 1288 2489 Deus,
1300 2456 1404 2491 majora
1417 2456 1543 2491 patrandi
1558 2457 1612 2483 vim
1624 2457 1732 2488 tribuit,

943 2505 1080 2544 quomodo
1103 2505 1161 2541 ipse
1184 2504 1218 2532 ab
1241 2503 1301 2531 aliis
1315 2503 1366 2530 ista
1387 2502 1506 2530 faciendi
1524 2503 1654 2530 virtutem
1672 2511 1733 2530 mu-

943 2553 1059 2582 tuetur?
1079 2551 1263 2585 Quamobrem
1277 2558 1355 2584 nuga:
1370 2555 1433 2577 sunt
1453 2549 1546 2576 isthaec
1568 2557 1683 2584 prorsus
1701 2557 1732 2576 ac

943 2598 1086 2626 diabolicie
1100 2595 1289 2632 perversitatis
1306 2595 1427 2622 inventa.
1443 2594 1497 2621 Nec
1517 2593 1592 2621 enim
1604 2592 1664 2620 Filii
1678 2594 1731 2620 vim

943 2653 975 2673 ac
986 2648 1150 2680 potestatem
1167 2642 1272 2670 ﬁnitam
1289 2648 1400 2673 cernes,
1424 2645 1454 2667 ut
1472 2640 1505 2667 ad
1522 2640 1653 2667 nonnulla
1671 2639 1732 2674 qui~

944 2689 1005 2717 dem
1017 2697 1047 2716 se
1060 2687 1200 2720 extendat,
1214 2686 1262 2714 sed
1274 2685 1425 2720 majoribus
1438 2692 1611 2720 nequaquam
1623 2691 1672 2720 par
1685 2684 1731 2716 sit,

944 2743 1038 2763 verum
1055 2741 1226 2770 quzecunque
1242 2732 1305 2760 velit
1316 2731 1398 2759 facile
1419 2734 1611 2766 peragentem.
1626 2729 1731 2765 dignis-

943 2790 997 2818 que
1011 2782 1171 2817 largientem
1192 2783 1223 2807 ut
1237 2779 1389 2814 aqualibus
1413 2777 1471 2806 sive
1486 2777 1569 2804 etiam
1584 2775 1731 2804 altioribus

944 2829 1022 2858 soliis
1039 2828 1202 2864 glorientur.
1220 2825 1313 2861 Neque
1327 2829 1420 2853 tamen
1433 2823 1578 2860 quisquam
1594 2827 1670 2859 putet
1679 2829 1731 2851 nos
