1926 3041
83 138 135 166 9.59

586 135 621 163 IN
642 134 787 165 JOANNIS
807 137 1028 165 EVANGELIUM
1051 137 1112 165 LIB.
1135 139 1179 166 IX.

1672 139 1724 166 ⁸250

84 206 132 224 πον
147 196 193 222 διὰ
212 196 264 232 τὴν
280 195 439 231 οἰκονομίαν
453 204 460 211 ⁸
484 196 543 222 νυνὶ
558 195 586 223 δὲ
599 196 692 223 λοιπὸν
707 197 866 224 ἀκατακαλύ

932 206 994 226 cere
1008 202 1035 226 et
1048 200 1156 227 caeteris
1173 203 1201 227 ut
1217 200 1285 227 mira
1297 200 1403 228 l‘aciant
1419 199 1513 235 largiri
1533 199 1632 234 possit.
1646 199 1723 230 Quod

85 252 169 274 πτως,
190 243 230 274 ὼς
247 241 324 274 Θεὸς,
343 243 501 277 ὲνεργήσειν
525 241 729 277 ἐπαγγέλλομαι
750 243 784 270 τὰ
801 243 878 275 Θεοῦ,

83 290 111 315 οὑ
129 289 175 314 τὸν
203 288 329 325 Πατέρα,
341 288 390 323 τῆς
405 288 476 315 οὕτω
490 288 648 325 πρεπούσης
664 289 743 325 δόξης
763 290 878 323 ἐξωθού-

86 345 173 370 μενος,
186 335 248 362 ἁλλ’
264 335 308 362 ἶνα
323 335 437 370 δοξασθῇ
453 336 482 362 ὲν
495 335 533 371 τῷ
548 336 614 372 Υίῷ.
630 336 812 372 Δοξαζομένου
826 338 879 373 γὰρ

83 381 127 408 τοῦ
138 382 326 416 γεννήματος,
340 381 536 417 δοξασθήσεται
552 382 659 414 πάντως
674 384 702 410 ὲν
717 383 790 418 αὑτῷ
805 384 851 410 καὶ
865 385 878 411 ὁ

83 428 217 462 γεννήσας
241 427 334 455 αὐτόν.
358 427 424 460 Θεὸς
441 428 496 463 γὰρ
512 428 544 455 ἂν
563 429 632 455 κατὰ
646 429 726 463 φύσιν
747 430 877 465 ὑπάρχων

67 475 95 512 )ὸ
117 474 180 505 Υἱὸς
202 474 253 500 καὶ
271 474 315 500 διὰ
338 474 441 501 πολλῶν
462 474 509 509 μὲν
532 474 632 510 ἑτέρων
649 475 853 510 καταπέφανται
869 485 875 491 ·

84 520 156 547 οὐδὲν
181 519 210 546 δὲ
232 517 318 556 ἧττον
343 520 390 547 καί⁵
412 519 457 547 διὰ
473 520 519 547 τοῦ
541 521 666 556 δέχεσθαι
689 521 738 556 μὲν
759 521 807 554 τὰς
823 522 877 549 τῶν

82 566 165 599 ἁγίων
180 565 280 600 εὐχὰς,
302 567 429 601 χορηγεῖν
452 566 480 593 δὲ
501 567 606 599 αὐτοῖς,
633 566 704 602 ειπερ
721 567 754 594 ἂν
777 569 876 595 αἰτοῖεν

84 612 128 639 καὶ
143 611 296 646 βούλοιντο.
323 612 384 644 Πῶς
408 610 454 639 οὖν
477 613 527 639 οὑκ
552 613 584 639 ἂν
606 614 620 639 ὁ
638 614 730 648 Πατὴρ
753 614 782 640 ἐν
801 614 876 650 αὺτῷ

83 656 234 690 δοξαζοιτο;
255 657 363 692 ’Ὠσπερ
377 657 431 692 γὰρ
451 657 497 683 καὶ
520 658 632 689 εἰκότως
653 658 687 684 ἃν
708 659 873 695 κατεψέχθη,

84 703 148 729 Θεοῦ
162 702 234 729 κατὰ
247 703 332 737 φύσιν
347 703 395 730 οὐκ
409 703 485 734 ὄντος
499 703 545 730 τοῦ
561 704 736 738 προελθόντος
750 705 778 738 ἐξ
791 705 874 732 αὑτοῦ

84 748 251 782 γεννήματος
268 756 274 762 ”
301 747 387 779 οὕτως
402 748 478 775 ἔσται
493 748 560 776 πολὺ
580 749 639 775 Μαν
662 749 785 785 εὐκλεὴς,
809 750 874 777 Θεὸν

85 793 149 828 ἔχων
161 793 303 828 ἀληθινὸν,
324 794 370 820 καὶ
383 794 417 820 τὰ
437 794 526 821 πάντα
542 795 667 829 ἰσχύοντα
682 795 747 831 δρᾷν
761 805 790 822 τε
805 797 873 831 ὁμοῦ

85 840 127 866 καὶ
142 839 247 874 ἑτέροις
262 839 424 874 χαρίζεσθαι
439 840 482 866 τὸν
496 841 527 867 ὲκ
543 841 590 876 τῆς
607 841 699 873 οὐσίας
713 841 873 878 αὐτοῦκπρο-

934 245 957 272 si
974 245 1008 272 ad
1025 245 1140 280 gloriam
1158 245 1248 274 Patris
1262 251 1368 281 spectat
1387 246 1487 273 Filium
1505 245 1606 272 divinis
1623 252 1725 279 praero-

934 291 1032 327 gativis
1043 299 1104 320 esse
1116 292 1308 327 conspicuum,
1321 300 1446 327 quaenam
1460 292 1531 319 ratio
1543 290 1645 318 vetabit
1657 298 1724 324 quo-

933 337 1025 365 minus
1036 337 1190 372 puniendus
1204 338 1239 366 sit
1250 339 1405 371 lmt‘eticus,
1415 338 1462 373 qui
1477 337 1628 372 impudenti
1644 336 1716 362 blas-

931 384 1040 418 phemia
1055 385 1151 412 multis
1164 393 1228 412 cum
1248 386 1337 412 modis
1361 386 1472 413 elevare
1484 392 1539 411 non
1551 383 1588 411 sit
1602 383 1725 409 veritus?

930 429 1039 457 Addam
1055 433 1084 458 et
1099 430 1171 457 aliud
1183 431 1256 465 quod
1271 431 1380 458 illorum
1395 429 1584 466 ignorantiam
1597 431 1625 455 et
1638 428 1723 462 impe—

932 475 1022 502 ritiam
1033 483 1087 504 non
1105 476 1292 507 mediocriter,
1309 481 1338 503 ut
1353 484 1425 508 reor,
1445 478 1596 511 oppugnat.
1613 473 1681 500 Nam
1699 474 1722 500 si

931 521 1030 548 Filium
1048 529 1210 556 precamur,
1230 526 1257 550 et
1273 522 1307 549 ab
1327 529 1360 550 eo
1377 522 1523 557 petitiones
1542 520 1677 554 petimus,
1695 522 1723 545 et

930 567 989 602 ipse
1011 567 1139 595 daturum
1168 576 1198 596 se
1225 568 1387 603 pollicetur,
1418 566 1557 602 quomodo
1584 573 1638 592 non
1669 564 1724 591 erit

930 617 1029 640 natura
1047 613 1120 641 Deus
1145 617 1172 641 et
1189 621 1220 640 ev
1242 614 1296 642 Deo
1313 613 1432 641 naturali
1463 611 1598 647 genitus?
1615 609 1681 636 Nam
1697 609 1722 636 si

930 660 1087 689 istiusmodi
1105 661 1142 689 ita
1160 669 1190 688 se
1209 661 1307 688 habere
1323 669 1376 688 non
1394 659 1566 689 existimant,
1581 657 1630 684 sed
1644 663 1722 683 crea-

928 711 987 735 tum
1006 707 1121 739 dicunt.
1134 715 1189 742 qua
1206 708 1232 734 in
1252 715 1281 734 re
1300 706 1459 734 didercmus
1478 704 1560 741 805
1575 704 1610 731 ab
1624 703 1658 731 iis
1673 703 1720 738 qui

929 752 1024 786 solem,
1040 756 1088 779 aut
1100 753 1211 784 cmlum,
1227 753 1286 780 sive
1298 757 1488 780 creaturarum
1504 752 1623 785 aliquam
1639 749 1719 776 aliam

928 796 1076 824 invocant?
1092 797 1211 824 Tametsi
1225 797 1298 824 enim
1312 795 1554 824 inconsideranlia:
1571 802 1628 822 suae
1642 794 1721 821 dedc-

927 850 992 869 core
1007 842 1116 871 conl'usi
1131 847 1286 870 creaturam
1305 843 1414 878 quidem
1428 842 1517 876 ipsqu
1531 849 1594 869 esse
1605 840 1718 869 dicunt.

84 886 189 913 ελθὸντα
199 886 321 921 καρπόν.
340 887 371 913 Εἰ
382 887 410 912 δὲ
423 887 461 918 είς
473 886 550 918 δόξαν
565 887 693 913 συντείνει
708 887 754 913 τοῦ
770 887 869 922 Πατρὸς

926 888 1034 916 caateris
1048 889 1192 924 tequalem,
1211 889 1258 916 sed
1277 896 1362 924 supra
1376 895 1472 916 onmes
1485 886 1635 914 eminentia
1650 893 1720 918 qua-

85 933 112 958 τὸ
125 933 153 958 ὲν
169 933 224 963 τοῖς
240 931 424 967 Θεοπρεπέσιν
442 931 594 967 ἀξιώμασιν
611 933 724 967 ὁρᾶσθαι
739 933 784 959 τὸν
798 933 871 967 Υἱὸν,

85 979 155 1009 ποῖος
176 977 224 1005 τοῦ
245 977 409 1010 κολάζεσθαι
426 978 502 1012 λόγος
518 979 647 1012 ὲξελεῖται
663 979 709 1006 τὸν
724 980 871 1015 αἱρετικὸν,

86 1024 267 1059 ἀναισχύντοις
277 1024 443 1060 δυσςημίαις
455 1024 686 1060 κατασμικρύνειν
697 1025 778 1052 αὐτὸν
792 1025 872 1051 πολυ-

86 1072 185 1106 τρόπως
200 1072 231 1097 ού
247 1071 464 1103 καταδείσαντα;
486 1071 556 1106 Ίῖρῶ
571 1071 599 1097 δὲ
613 1071 681 1106 πρὸς
695 1071 800 1103 τούτοις
813 1072 871 1098 ἓτε-

87 1126 128 1152 ρον
145 1119 202 1148 ταῖς
221 1117 336 1143 ἐκείνων
353 1117 542 1148 ἀπαιδευσίαις
553 1117 583 1143 οὐ
603 1117 732 1152 μετρίως,
750 1117 787 1148 ὡς
800 1114 870 1152 ὲγῷ-

87 1171 140 1198 μαι,
157 1163 324 1198 μαχόμενον.
347 1163 378 1190 Et
393 1163 446 1198 γὰρ
460 1162 597 1198 εὐχόμεθα
610 1162 648 1198 τῷ
662 1163 728 1198 Υίῷ,
745 1163 793 1190 κοιλ⁸
807 1164 871 1199 παρ’

925 934 987 962 dam
1000 935 1144 970 prmditum
1159 955 1167 968 ,
1181 936 1271 962 sciant
1287 940 1377 962 tamen
1407 943 1436 963 se
1465 933 1648 961 nihilominus
1668 930 1720 957 l‘a-

926 981 976 1019 tris
991 981 1107 1017 gloriam
1125 981 1222 1009 laedere
1235 1002 1242 1014 ,
1270 983 1294 1009 id
1312 986 1354 1010 est
1372 980 1474 1008 Filium
1489 1001 1496 1013 ,
1520 979 1632 1015 quando
1648 979 1720 1005 inter

925 1031 1068 1057 creaturas
1083 1036 1145 1055 eum
1159 1028 1307 1056 collocant.
1322 1028 1377 1055 Nec
1394 1028 1467 1055 enim
1480 1027 1613 1062 quaeritur
1626 1030 1718 1052 utrum

926 1080 1023 1108 magna
1039 1074 1086 1106 sit,
1104 1082 1138 1100 an
1153 1082 1235 1109 parva
1250 1079 1389 1105 creatura,
1404 1074 1450 1102 scd
1468 1082 1502 1101 an
1513 1073 1627 1101 omnino
1640 1079 1719 1099 crea-

925 1124 985 1146 tura
1008 1121 1054 1152 sit,
1070 1130 1104 1147 an
1131 1129 1183 1147 non
1200 1122 1293 1156 potitus
1307 1121 1378 1149 Deus
1398 1120 1550 1149 secundum
1572 1123 1717 1149 naturam.

925 1165 997 1199 quml
1014 1174 1106 1192 \ct'um
1121 1166 1231 1200 quidem
1245 1172 1297 1194 ost.

87 1210 160 1236 αὑτοῦ
177 1209 315 1245 ζητοῦμεν
330 1209 364 1236 τὰ
377 1210 525 1244 αἰτήματα,
549 1209 595 1236 καὶ
609 1209 689 1241 αὐτὸς
721 1209 822 1237 διδόναι
856 1212 1117 1245 κατεπαγγέλλεται,
1140 1212 1198 1244 πῶς
1221 1213 1270 1238 οὐκ
1305 1213 1337 1238 ἂν
1368 1213 1410 1246 εἴη
1430 1211 1508 1246 φύσει
1527 1210 1593 1241 Θεὸς
1616 1209 1663 1236 καὶ
1687 1210 1719 1235 ἐκ

86 1257 146 1284 Θεοῦ
158 1257 202 1283 τοῦ
214 1258 288 1284 κατὰ
303 1257 383 1292 φύσιν
395 1257 608 1292 γεγεννημένος;
627 1257 723 1292 Εὶγὰρ
735 1257 772 1292 μὴ
803 1257 888 1289 οὕτως
927 1259 997 1294 ἔχειν
1022 1259 1258 1293 ὑπολαμϐάνουσιν
1285 1259 1376 1288 αὐτὸν,
1400 1258 1511 1292 γενητὸν
1535 1256 1561 1282 δὲ
1584 1254 1653 1281 εἶναι
1675 1254 1718 1280 λέ-

89 1312 167 1338 γουσι,
187 1302 257 1329 κατὰ
273 1302 298 1328 τί
313 1303 448 1337 διοίσομεν
480 1301 520 1328 ἔτι
535 1302 588 1328 τῶν
607 1302 829 1337 ἐπικαλουμένων
859 1303 904 1328 τὸν
924 1303 1010 1338 ἥλιον,
1033 1303 1049 1339 ἢ
1067 1305 1112 1330 τὸν
1127 1304 1250 1340 ούρανὸνζ
1277 1304 1360 1339 ἤγουν
1376 1303 1468 1337 ἕτερον
1485 1311 1510 1327 τι
1528 1301 1582 1328 τῶν
1600 1300 1714 1334 κτισμά-

87 1356 149 1379 των;
166 1346 260 1383 Εῐγὶιρ
277 1347 333 1379 καὶ,
348 1347 449 1382 σφόδρα
464 1347 624 1381 κακούργως
637 1347 685 1382 τῆς
701 1347 804 1374 ἑαυτῶν
816 1348 926 1382 ἀλογίας
939 1350 970 1375 τὸ
991 1350 1108 1381 ἀκαλλὲς
1138 1350 1355 1384 δυσωπούμενοι,
1375 1349 1476 1384 κτίσμα
1512 1348 1560 1382 μὲν
1594 1346 1717 1380 λέγουσιν

88 1393 159 1420 αὑτὸν
180 1394 208 1419 ὲν
226 1392 280 1428 ἴσῳ
297 1393 353 1424 τοῖς
369 1392 457 1421 ἄλλοις
474 1392 631 1429 κτίσμασιν,
650 1392 815 1428 ἀσύγκριτον
838 1393 867 1419 δέ
885 1402 947 1420 τινα
957 1394 1006 1429 τὴν
1024 1394 1094 1420 κατὰ
1107 1395 1214 1421 πάντων
1229 1394 1299 1429 ἔχειν
1313 1393 1449 1429 ὑπεροχήν
1462 1401 1468 1407 ⁸
1509 1392 1564 1418 ἀλλ’
1600 1391 1718 1418 ἴστωσαν

88 1439 203 1466 ᾱιοὺδὲν
214 1436 297 1474 ἦττον
312 1437 434 1473 ὑϐριοῦτι
449 1438 498 1472 τὴν
510 1437 557 1464 τοῦ
572 1437 676 1473 [ἰατρὸς
707 1437 796 1470 δόξαν,
828 1438 901 1465 τοῦτ’
920 1439 978 1466 ἔστι
989 1439 1033 1466 τὸν
1052 1440 1126 1470 Υἰὸν,
1143 1439 1199 1466 ἔστ’
1211 1439 1242 1466 ἂν
1256 1440 1337 1466 αὑτὸν
1352 1436 1508 1474 ἐναρίθμιον
1522 1437 1638 1470 λέγωσιν
1648 1436 1717 1466 εἶναι

88 1486 136 1518 τοῖς
159 1484 362 1519 πεποιημένοις.
388 1484 423 1510 Τὸ
438 1484 491 1519 γὰρ
508 1483 673 1519 ζητούμενόν
689 1485 762 1511 ἐστιν
777 1484 827 1511 οὐκ
844 1486 868 1511 εί
889 1485 959 1520 μέγα
979 1486 1060 1521 τυχόν
1082 1487 1155 1513 ἐστιν
1181 1486 1196 1520 ἣ
1228 1485 1324 1521 μικρὸν
1351 1485 1473 1520 ποίημα,
1499 1483 1555 1511 ἀλλ’
1589 1483 1614 1509 εἰ
1649 1483 1717 1516 ὅλως

89 1531 189 1566 γενητὸς
203 1530 249 1557 καὶ
266 1530 368 1565 μᾶλλον
388 1529 448 1564 οὐχὶ
461 1529 526 1560 Θεὸς
539 1529 608 1556 κατὰ
622 1529 712 1564 φύσιν,
728 1531 796 1565 ὅπερ
812 1531 870 1557 ὲστὶ
889 1531 937 1558 καὶ
952 1531 1061 1566 ἀληθές.

124 1575 189 1604 Ἐάν
209 1584 235 1603 τι
256 1575 401 1609 αἰτήσητε
421 1575 456 1601 ἐν
477 1574 517 1608 τῷ
540 1575 663 1610 ὀνόματί
681 1585 754 1610 μου,
780 1577 867 1604 τοῦτο

955 1577 1028 1608 XIV,
1057 1577 1096 1604 Μ.
1127 1577 1157 1604 Si
1177 1576 1239 1612 quid
1266 1577 1394 1610 petieritis
1413 1576 1440 1602 in
1460 1576 1564 1603 nomine
1584 1584 1651 1608 meo,
1669 1575 1716 1602 hoc

91 1624 204 1657 ποιήσω.

126 1669 370 1705 Ἀπημφιεσμένως
392 1669 443 1704 ἥδη
466 1670 548 1705 φησὶν
570 1670 626 1702 ὅτι,
649 1670 715 1702 Θεὸς
739 1671 869 1706 ὑπάρχων

91 1715 212 1750 ἀληθινὸς.
226 1714 401 1750 προσδέξεται
417 1715 464 1750 μὲν
476 1716 522 1742 καὶ
533 1715 592 1742 λίαν
602 1716 724 1748 εὐπετῶς
735 1717 783 1749 τὰς
794 1717 870 1752 παρὰ

91 1761 137 1788 τῶν
154 1761 222 1788 ἰδίων
244 1761 341 1796 εὐχὰς,
368 1762 517 1797 χορηγήσει
533 1761 560 1788 δὲ
582 1762 628 1788 καὶ
646 1762 748 1800 σφόδρα
767 1762 869 1797 προθύ-

93 1817 151 1842 μως,
173 1807 242 1842 ἆπερ
260 1806 294 1834 ἂν
314 1807 463 1843 βούλωνται
484 1807 588 1841 λαϐεῖν,
612 1808 768 1843 χαρίσματα
781 1809 808 1835 δὲ
821 1809 868 1844 δη-

91 1854 166 1880 λονότι
180 1854 353 1890 πνευματικὰ
366 1854 414 1881 καὶ
437 1854 486 1888 τῆς
502 1854 605 1881 ἄνωθεν
622 1853 776 1889 φιλοτιμίας
794 1854 867 1887 ἄξια.

94 1900 139 1927 Καὶ
153 1901 198 1936 οὐχ
211 1901 248 1932 ὡς
263 1901 314 1935 τῆς
331 1901 424 1936 ἑτέρου
442 1899 646 1935 φιλανθρωπίας
658 1900 789 1933 διάκονος,
807 1900 867 1927 οὕτε

94 1945 138 1982 μὴν
153 1947 187 1979 ὡς
207 1947 352 1982 ἀλλοτρίας
366 1947 535 1982 ἡμερότητος
559 1946 696 1982 ὑπουργὸς
708 1947 742 1973 τὰ
755 1947 869 1974 τοιαῦτὰ

93 2000 172 2026 φησιν,
188 1993 242 2019 ἀλλ’
257 1993 296 2024 ὡς
309 1992 376 2027 ἔχων
392 1993 420 2018 ὲν
434 1992 588 2032 ὲξουσίῆτᾱι
606 1992 704 2023 πάντα,
729 1992 798 2027 μετὰ
815 1993 868 2019 Πα-

92 2037 145 2071 τρδς
156 2038 200 2064 καὶ
215 2038 296 2069 αὐτὸς
313 2038 454 2073 ὑπάρχων,
470 2039 484 2064 ὁ
497 2037 529 2064 δι’
543 2035 573 2064 οὗ
588 2038 622 2064 τὰ
635 2037 735 2069 πάντα,
751 2038 826 2073 παρά
839 2047 867 2064 τε

92 2083 160 2118 ἡμῶν
172 2085 209 2115 εἰς
223 2084 302 2114 Θεὸν.
321 2084 368 2110 καὶ
380 2085 419 2115 είς
434 2084 508 2118 ἡμᾶς
528 2084 593 2119 παρ’
607 2084 700 2110 αὑτοῦ.
729 2084 777 2110 Διὰ
790 2084 868 2111 τοῦτο

92 2129 133 2155 καὶ
154 2130 253 2162 Παῦλος
276 2131 321 2156 ἀεὶ
349 2130 566 2164 συνεζευγμένας
593 2129 642 2161 τὰς
673 2129 726 2156 τῶν
757 2129 868 2163 ἀγαθῶν

93 2176 210 2210 χορηγίας
234 2177 292 2208 τοῖς
314 2176 400 2209 ἀξίοις
424 2175 568 2210 ἐπεύχεται
582 2195 589 2206 ,
615 2175 703 2209 λέγων
717 2183 723 2190 ·
756 2185 765 2201 ι
780 2175 868 2211 Χάρις

93 2220 147 2254 ὑμῖν
157 2222 200 2248 καὶ
209 2223 304 2257 εἰρήνη
320 2222 374 2249 ἀπὸ
386 2222 489 2256 Πατρὸς
504 2221 582 2256 ἡμῶν
597 2221 643 2247 καὶ
659 2221 761 2257 Κυρίου
780 2221 866 2256 Ἰησοῦ

94 2266 206 2301 Χριστοῦ.
222 2277 231 2294 ›
256 2268 311 2294 Καὶ
332 2268 362 2294 οὺ
385 2267 417 2302 δή
433 2276 473 2299 τις
486 2267 547 2293 νοῦν
563 2266 634 2302 ἔχων
647 2268 769 2302 οἰήσεται
786 2267 867 2294 πάλιν

92 2312 123 2342 ὡς
145 2312 193 2348 ἰδίᾳ
216 2313 262 2348 μέν
284 2322 345 2339 τινα
367 2313 446 2348 χάριν
470 2312 576 2340 δίδωσιν
601 2313 615 2338 ὀ
635 2312 739 2348 Πατὴρ,
763 2312 816 2348 ίδίᾳ
839 2313 868 2339 δὲ

94 2357 175 2394 ὥσπερ
196 2360 241 2386 καὶ
256 2360 308 2387 ἀνὰ
327 2359 408 2395 μέρος
434 2357 467 2386 αὖ
491 2358 571 2386 πάλιν
587 2360 601 2385 ὀ
623 2359 687 2390 Υἱός
701 2367 708 2374 '
736 2359 793 2385 ἀλλ’
809 2358 867 2385 ἔστι

95 2402 137 2436 μὲν
158 2405 171 2438 ἡ
195 2405 261 2438 αὑτὴ
283 2405 330 2432 καὶ
356 2404 415 2439 μία,
441 2405 465 2430 εί
486 2404 534 2431 καὶ⁵
559 2403 594 2430 δι’
619 2405 720 2439 ἀμφοῖν
745 2404 864 2438 λέγεται.

94 2447 199 2476 “meite;
210 2450 274 2484 γοῦν
290 2452 365 2485 ὅμως
377 2450 409 2477 τὰ
433 2450 522 2477 πάντα
540 2450 617 2486 παρὰ
632 2451 737 2487 Πατρὸς
751 2451 784 2478 δι’
802 2451 866 2478 Υἱοῦ

93 2494 141 2524 τοῖς
159 2493 239 2526 ἀξίοις
255 2496 288 2522 τὰ
303 2495 403 2529 ἀγαθὰ,
426 2495 471 2522 καὶ
487 2497 503 2530 ἡ
518 2495 572 2522 τῶν
593 2496 673 2523 θείων
689 2497 866 2532 χαρισμάτων

94 2537 204 2575 διανομὴ,
228 2541 277 2567 οὑκ
302 2542 331 2567 ὲν
355 2541 507 2576 ὑποδργίας
528 2542 604 2574 τάξει
632 2543 865 2578 παραληφθέντος,

95 2584 205 2621 καθάπερ
225 2588 385 2623 εἰρήκαμεν,
411 2588 468 2614 ἀλλ’
485 2588 524 2620 ὡς
540 2589 702 2624 συνδοτῆρος
725 2590 772 2616 καὶ
798 2597 865 2624 συγ-

97 2632 198 2666 χορηγοῦ
211 2634 352 2669 νοουμένου
367 2643 396 2661 τε
410 2634 457 2661 καὶ
471 2634 640 2670 ὑπάρχοντος
667 2635 720 2671 [aL
744 2637 790 2662 ὲνυ
796 2636 862 2671 πάρα

95 2678 185 2714 κοντος]
201 2679 312 2715 ἀληθῶς.
335 2681 394 2707 Μία
407 2681 461 2716 γὰρ
475 2682 490 2715 ὴ
507 2681 558 2715 τῆς
573 2681 698 2716 θεότητος
713 2681 794 2716 φύσις
807 2682 864 2708 ἐστί

95 2730 119 2748 ἰε
137 2724 178 2750 καὶ
195 2724 262 2752 οὕτω
279 2725 448 2753 πιστεύεται.
468 2725 528 2753 Κᾶν
543 2726 597 2762 γὰρ
614 2727 654 2758 εἰς
671 2727 779 2761 Πατέρα
796 2727 864 2753 πλα-

97 2768 194 2804 τύνηται
214 2772 258 2798 καὶ
276 2772 340 2798 Υἱὸν
360 2772 406 2798 καὶ
419 2772 460 2803 εἰς
480 2772 510 2798 τὸ
526 2772 636 2808 Πνεῦμα
649 2773 679 2800 τὸ
695 2774 780 2808 ἆγιον,
806 2773 862 2800 ἀλλ’

129 2855 148 2870 ³⁵
163 2856 171 2882 1
185 2857 244 2886 Cor.
260 2869 318 2893 \‘lll,
338 2862 364 2887 li.
404 2860 560 2896 “,l’hilipp,
582 2869 600 2893 ι,
622 2861 648 2888 2.

921 1625 1029 1659 faciam.

956 1671 1059 1705 Aperte
1077 1671 1136 1705 jam
1156 1670 1194 1697 ait
1214 1678 1243 1697 se
1258 1691 1265 1702 ,
1291 1677 1353 1696 cum
1372 1669 1442 1696 lleus
1461 1669 1498 1696 sit
1514 1676 1597 1696 verus
1610 1688 1618 1700 ,
1637 1668 1717 1695 facile

920 1718 1030 1752 quidem
1051 1724 1166 1744 suortun
1192 1723 1287 1751 preces
1307 1719 1486 1750 accepturum
1500 1735 1508 1746 ,
1537 1720 1564 1741 et
1591 1717 1718 1749 prompte

920 1763 1066 1791 admodum
1084 1763 1246 1797 largiturum
1259 1769 1320 1796 qum
1339 1761 1479 1796 petierint.
1497 1760 1632 1795 spiritalia
1646 1760 1716 1786 dona

920 1810 1051 1837 nimirum
1066 1813 1093 1836 et
1111 1815 1232 1843 superna
1245 1807 1436 1834 muniﬁcentia
1452 1806 1544 1841 digna.
1558 1805 1653 1841 Neque
1668 1813 1716 1833 ve-

920 1865 951 1884 ro
967 1861 996 1883 ut
1009 1856 1104 1882 alienae
1118 1854 1298 1890 benignitatis
1314 1861 1346 1880 ac
1360 1852 1493 1879 bonitatis
1511 1851 1639 1879 minister
1661 1851 1718 1878 haec

920 1903 977 1934 ait,
1002 1901 1051 1929 sed
1073 1905 1102 1928 ut
1123 1900 1170 1936 qui
1190 1901 1217 1928 in
1235 1904 1373 1935 potestate
1394 1906 1443 1926 sua
1471 1902 1573 1925 cuncta
1597 1898 1716 1931 habeat,

919 1955 980 1975 cum
995 1947 1074 1974 Patre
1089 1950 1116 1974 et
1135 1947 1194 1981 ipse
1209 1946 1350 1973 exsistens
1362 1965 1369 1977 ,
1399 1945 1422 1971 is
1441 1951 1488 1978 per
1498 1951 1581 1977 quem
1599 1943 1692 1970 omnia
1707 1962 1717 1975 ,

918 1997 946 2021 et
960 2002 975 2020 a
994 1994 1072 2021 nobis
1089 1994 1115 2020 in
1136 1993 1221 2020 Deum
1236 2012 1242 2025 ,
1260 1996 1288 2019 et
1305 1992 1331 2018 in
1352 1998 1402 2018 nos
1421 1990 1456 2016 ab
1472 1990 1533 2024 ipso
1549 1989 1582 2016 “.
1610 1989 1717 2016 Idcirco

918 2040 1000 2067 etiam
1014 2040 1118 2067 Paulus
1134 2039 1300 2074 coniunctas
1318 2037 1421 2072 pariter
1439 2036 1575 2063 bonorum
1592 2034 1718 2070 largitio-

918 2093 968 2113 nes
987 2085 1078 2120 dignis
1094 2091 1202 2120 semper
1217 2087 1384 2118 apprecatur
1399 2101 1407 2114 ,
1433 2081 1530 2108 dicens
1553 2089 1560 2107 :
1589 2089 1599 2105 ι
1618 2079 1716 2108 Gratia

918 2131 996 2159 vobis
1021 2135 1048 2158 et
1073 2137 1125 2165 pax
1143 2137 1158 2156 a
1176 2130 1232 2156 Deo
1256 2128 1337 2155 Patre
1353 2130 1451 2154 nostro
1471 2129 1498 2154 et
1519 2125 1635 2152 Domino
1650 2125 1715 2152 Jesu

918 2177 1031 2205 Christo
1053 2177 1084 2203 ³⁸.
1106 2187 1114 2203 ι
1139 2175 1234 2211 Neque
1250 2182 1316 2203 vero
1340 2174 1488 2209 quisquam
1513 2180 1587 2199 sana:
1615 2172 1714 2200 mentis

919 2223 1056 2259 putaverit
1083 2222 1193 2250 Patrem
1223 2221 1340 2249 seorsim
1370 2219 1482 2254 quidem
1511 2218 1628 2254 gratiam
1661 2217 1714 2244 ali-

919 2277 999 2306 quam
1027 2277 1060 2296 ae
1084 2269 1204 2296 seorsim
1229 2267 1329 2294 Filium
1357 2265 1489 2300 elargiri.
1511 2266 1558 2292 sed
1582 2271 1664 2291 unam
1683 2271 1715 2291 ac

919 2317 1042 2345 eamdem
1068 2323 1148 2347 esse,
1175 2315 1241 2342 licet
1267 2313 1302 2340 ab
1326 2318 1445 2347 utroque
1469 2311 1589 2345 dicatur.
1608 2311 1714 2337 Cuncta

918 2365 1022 2400 quippe
1035 2363 1107 2390 bona
1120 2361 1211 2397 dignis
1233 2360 1381 2388 traduntttr
1394 2366 1408 2385 a
1426 2358 1509 2385 Patre
1530 2365 1578 2393 per
1592 2357 1691 2384 Filium
1707 2378 1713 2390 ,

918 2414 945 2438 et
959 2409 1116 2437 divinarum
1133 2407 1285 2443 gratiarum
1302 2406 1333 2432 ﬁt
1348 2404 1511 2432 distributio
1524 2424 1532 2436 ,
1548 2411 1602 2431 non
1619 2409 1711 2431 tamen

919 2461 1049 2491 tanquam
1066 2463 1114 2490 per
1125 2454 1284 2481 ministrum
1299 2472 1307 2484 .
1331 2451 1379 2479 sed
1395 2459 1445 2486 per
1462 2458 1524 2478 eum
1542 2450 1588 2485 qui
1605 2450 1715 2477 conlat-

918 2501 991 2536 gitor
1012 2501 1190 2536 intelligatur,
1209 2502 1236 2525 et
1255 2501 1298 2525 est
1311 2504 1384 2524 vere.
1403 2495 1462 2523 Una
1471 2495 1608 2530 siquidem
1627 2495 1714 2521 deita-

917 2547 953 2574 tis
966 2551 1063 2574 natura
1080 2550 1122 2574 est
1137 2550 1220 2581 atque
1235 2545 1272 2571 ita
1285 2544 1419 2570 creditur.
1430 2542 1508 2569 Licet
1523 2541 1597 2568 enim
1613 2545 1711 2568 exten—

918 2593 1000 2620 datur
1019 2593 1046 2620 in
1070 2592 1179 2625 Patrem
1198 2596 1224 2618 et
1240 2589 1340 2617 Filium
1359 2597 1391 2616 ac
1410 2593 1537 2616 sanctum
1554 2587 1687 2622 Spiritum
1704 2605 1712 2617 ,

917 2645 1090 2673 nequaquam
1120 2642 1212 2664 tamen
1241 2636 1438 2670 unusquisque
1464 2634 1499 2660 ab
1518 2634 1605 2660 altero
1632 2632 1712 2666 plane

917 2684 1059 2711 diducitur
1073 2687 1154 2717 atqtte
1167 2686 1322 2718 separatur.
1340 2681 1427 2708 Recte
1444 2680 1547 2715 quippe
1560 2678 1710 2705 sentientes

917 2730 1042 2758 dicemus
1056 2738 1088 2757 ex
1109 2729 1189 2756 Patre
1205 2737 1266 2757 esse
1285 2732 1312 2756 et
1339 2728 1366 2754 in
1382 2726 1466 2754 Patre
1484 2724 1646 2752 naturaliter
1664 2722 1709 2749 Fi-

918 2777 996 2809 lium,
1015 2784 1047 2804 ex
1063 2783 1150 2810 eoque
1165 2779 1190 2803 ct
1207 2775 1234 2802 in
1249 2782 1293 2806 eo,
1308 2779 1334 2801 ct
1348 2773 1394 2809 qui
1411 2772 1539 2808 proprius
1551 2770 1611 2805 ejus
1628 2773 1709 2804 atquc
