1926 3041
191 137 242 164 251

689 131 717 158 S.
740 129 876 157 CYRILLI
897 128 1133 162 ALEXANDRINI
1154 129 1314 157 ARCHIEI'.

1786 125 1845 153 252

188 191 249 218 Filii
264 193 307 218 est
321 193 450 217 sanctum
471 187 616 223 Spiritum.
632 186 700 214 Cum
714 186 798 221 igitur
815 193 870 213 una
894 186 930 213 sit
951 190 979 213 et

1031 186 1080 213 οὐκ
1104 186 1160 222 ἔχει
1184 187 1230 213 τὸν
1256 185 1375 213 εἰσάπαν
1403 185 1449 212 καὶ
1478 183 1633 220 ὁλοκλήρως
1657 182 1844 217 διασπασμὸν

189 236 363 272 intelligatur
377 235 530 263 secundum
549 237 675 260 naturam
696 230 802 266 d’eitas,
817 240 865 268 per
883 231 984 259 Filium

190 292 205 311 a
222 282 307 310 Patre
333 283 360 309 in
387 282 490 317 Spiritu
516 280 606 316 dignis
621 286 718 308 eorum
736 279 808 306 dona
831 279 984 310 tradentur,

187 335 215 357 et
231 333 324 356 nostra
336 329 362 355 in
381 328 463 355 Deum
478 327 641 359 referentur,
654 326 793 354 mediante
804 326 934 353 nimirum
943 324 986 352 Fi-

189 375 235 402 lio.
246 374 330 402 Nemo
343 374 416 401 enim
429 373 502 400 venit
513 373 597 408 806
611 372 644 400 ad
656 371 776 406 Patrem,
787 372 840 399 nisi
853 379 900 407 per
910 379 984 406 eum,

188 421 260 448 sicut
272 421 330 455 ipse
341 419 470 446 nimirum
485 419 573 453 palam
590 417 734 453 professus
750 423 802 446 est.
817 417 906 445 Janua
920 425 985 453 ergo

188 470 215 494 et
227 466 271 494 via
287 465 415 493 amicitiae
428 473 490 492 cum
509 464 564 492 Deo
583 472 615 492 ac
629 464 711 492 Patre
724 464 776 491 fuit
790 468 818 492 et
831 468 875 492 est
886 463 984 497 Filius.

187 516 214 540 et
229 511 292 539 doni
307 511 380 545 quod
392 511 427 539 ab
439 511 499 546 ipso
513 511 685 547 conlargitor
701 511 784 539 simul
798 515 882 546 atque
894 511 985 539 distri.

187 558 287 590 butor,
308 561 339 584 ut
360 565 393 584 ex
409 564 463 584 una
487 557 570 584 simul
588 560 615 584 et
642 557 783 584 communi
805 557 982 592 benignitate.

187 601 246 630 Una
259 603 360 637 quippe
373 608 415 630 est
429 602 542 630 deitatis
558 607 657 629 natura
674 603 700 629 in
718 610 838 637 persona
856 608 882 630 et
897 603 984 638 hypo-

186 650 256 677 stasi
272 648 364 676 Patris
383 652 410 676 et
432 648 494 676 Filii
517 648 662 684 sanctique
677 649 807 684 Spiritus.
831 648 900 682 Quia
919 657 984 677 vero

187 695 351 722 inusitatum
376 694 467 722 adhuc
487 698 545 722 erat
571 694 693 729 antiquis
711 694 820 722 Patrem
842 695 918 722 adire
936 703 985 730 per

187 740 289 768 Filium
301 762 308 774 ,
325 741 397 769 istud
411 748 522 776 quoque
542 741 646 768 utiliter
662 741 761 773 docet,
780 748 812 768 ac
824 741 899 776 jacto
910 742 983 769 velut

186 787 309 822 quodam
332 787 414 815 istius
430 787 468 814 rei
492 787 519 813 in
537 787 596 814 suis
618 786 766 822 discipulis
784 786 982 821 fundamento,

186 833 266 860 ﬁdem
281 840 313 860 ac
329 833 507 868 disciplinain
523 832 606 859 ctiam
624 833 651 859 in
673 840 723 860 nos
745 832 820 867 ipsos
835 833 981 860 transmit-

185 879 229 910 tit,
248 887 279 906 ac
297 863 465 914 precationis
481 878 592 905 modum
604 882 631 905 et
648 885 723 913 spem
735 863 906 906 manifestat.
922 878 981 914 Ipse
998 863 1018 890 Β

186 933 305 960 namque
320 933 380 960 quae
404 925 518 960 petituri
536 924 642 951 orando
655 932 752 952 sumus
766 945 773 958 ,
797 925 928 953 daturum
950 933 980 954 se

185 973 349 1007 pollicetur,
371 973 398 1000 id
418 973 533 1006 insuper
547 964 657 998 addens
680 979 788 1006 quoque
811 971 920 999 caeteris
944 971 977 999 ad

184 1019 432 1046 demonstrandam
455 1017 510 1046 sibi
530 1026 544 1045 a
562 1021 661 1045 natura
676 1018 786 1045 insitam
805 1017 978 1045 divinitatem

184 1068 405 1100 potestatemque
424 1065 537 1100 regiam.

1036 233 1081 260 τὸν
1097 234 1136 265 εἰς
1151 234 1265 260 ἕκαστον
1284 232 1339 259 τῶν
1355 231 1564 268 σημαινομένων
1581 230 1662 266 φημί.
1689 229 1842 256 Διακεισό-

1038 279 1108 315 μεΘα
1122 280 1176 315 γὰρ
1191 279 1352 315 φρονοῦντες
1376 278 1464 314 ὀρθῶς
1481 278 1518 309 ὡς
1541 278 1573 304 ὲκ
1590 276 1698 312 Πατρός
1720 276 1752 302 τέ
1778 277 1843 302 ἐστι

1036 326 1084 352 καὶ
1098 326 1127 352 ὲν
1151 325 1239 361 Πατρὶ
1264 324 1387 359 φυσικῶς
1409 324 1424 351 6
1446 323 1519 355 Υἰὺς,
1544 323 1574 355 ἐξ
1591 321 1674 349 αὐτοῦ
1693 331 1723 348 τε
1741 322 1792 348 καὶ
1809 322 1842 347 ἐν

1036 373 1121 408 αὐτῷ,
1149 372 1196 399 καὶ
1219 372 1250 398 τὸ
1265 372 1329 399 ἴδιον
1349 371 1432 398 αὑτοῦ
1445 379 1475 397 τε
1489 369 1536 397 καὶ
1559 369 1606 396 τοῦ
1624 368 1691 396 Υἰοῦ
1707 368 1839 403 Πνεῦμα,

1035 419 1109 446 τοῦτ’
1125 418 1192 451 ἔστι,
1214 418 1245 445 τὸ
1260 419 1348 453 ἆγιον.
1374 418 1448 449 Μιᾶς
1462 416 1606 452 τοιγαροῦν
1630 415 1716 450 οὔσης
1732 423 1763 440 τε
1790 414 1840 440 καὶ

1036 466 1183 500 νοουμένης
1206 464 1256 497 τῆς
1272 463 1341 491 κατὰ
1365 463 1445 498 φύσιν
1459 462 1595 498 θεότητος,
1619 461 1653 488 δι’
1668 460 1735 487 Υἱοῦ
1756 460 1838 495 παρὰ

1036 512 1142 547 Πατρὸς
1152 512 1181 537 ἐν
1194 511 1332 546 Πνεύματι
1347 511 1403 541 τοῖς
1420 509 1505 542 ἀξίοις
1517 509 1551 536 τὰ
1567 509 1632 541 παρ’
1644 507 1739 538 αὐτοῖς
1751 515 1839 542 χορη-

1035 557 1194 593 γηθήσεται,
1221 556 1267 583 καὶ
1292 556 1326 582 τὰ
1349 555 1413 591 παρ’
1437 555 1515 590 ἡμῶν
1536 555 1574 586 εἰς
1595 552 1661 580 Θεὸν
1678 552 1838 588 ἀπενεχθῆ-

1035 612 1122 636 σεται,
1153 602 1339 639 μεσιτεύοντος
1359 601 1480 636 δηλονότι
1501 600 1548 628 τοῦ
1568 600 1643 627 Υἱοῦ.
1666 600 1764 631 Οὐδεὶς
1781 599 1838 636 γὰρ

1034 649 1145 684 ἔρχεται
1160 649 1229 684 πρὸς
1244 648 1290 675 τὸν
1307 648 1425 683 Πατέρα,
1450 648 1474 674 εἰ
1492 647 1528 683 μὴ
1544 647 1577 673 δι’
1593 646 1687 677 αὑτοῦ,
1703 645 1837 680 καθάπερ

1034 694 1131 730 ἀμέλει
1159 693 1346 729 διωμολόγηκε
1364 693 1411 719 καὶ
1426 693 1517 724 αὐτός.
1532 692 1607 728 Θύρα
1623 691 1770 727 τοιγαροῦν
1787 691 1837 717 καὶ

1033 741 1092 773 ὁδὸς
1115 741 1163 776 τῆς
1180 740 1248 776 πρὸς
1264 739 1330 766 Θεὸν
1351 739 1399 766 καὶ
1413 739 1520 775 Πατέρα
1540 739 1632 773 φιλίας
1646 747 1675 765 τε
1691 737 1760 772 όμοῦ
1788 738 1836 763 καὶ

1034 788 1147 823 προόδου
1172 787 1267 822 γέγονέ
1291 795 1321 813 τε
1346 786 1393 814 καὶ
1411 786 1484 812 ἔστιν
1498 787 1512 812 6
1534 785 1609 817 Υἱὸς,
1634 785 1749 819 καὶτῆς
1766 788 1836 819 παρ’

1033 834 1116 862 αὐτοῦ
1133 834 1238 870 δωρεᾶς
1256 833 1387 868 συνδοτήρ
1411 841 1441 859 τε
1457 831 1524 868 ὁμοῦ
1541 832 1587 858 καὶ
1606 831 1768 866 διανομεύς,
1796 831 1834 862 ὼς

1035 882 1067 908 ὲκ
1085 882 1149 916 μιᾶς
1163 889 1191 907 τε
1207 880 1264 915 ἃμα
1289 880 1335 906 καὶ
1361 879 1456 913 κοινῆς
1475 878 1640 914 φιλοτιμίας.
1665 877 1725 904 Μία
1745 877 1802 912 γὰρ
1817 879 1833 912 ἡ

1034 928 1083 963 τῆς
1106 927 1233 962 θεότητος
1257 926 1338 960 φύσις
1363 926 1391 952 ὲν
1407 925 1548 961 προσώπῳ
1570 933 1600 952 τε
1618 925 1666 952 καὶ
1682 924 1833 951 ὑποστάσει

1035 974 1141 1010 Πατρός
1163 982 1194 999 τε
1215 972 1263 999 καὶ
1277 972 1342 999 Υίοῦ
1365 972 1413 999 καὶ
1428 972 1506 1006 ἁγίου
1521 971 1692 1006 Πνεῦματος.
1722 971 1831 1006 amas

1035 1020 1063 1046 δὲ
1074 1018 1208 1053 ἁσύνηθές
1221 1026 1280 1049 πως
1291 1018 1347 1049 τοῖς
1362 1017 1550 1053 ἀρχαιοτέροις
1563 1018 1609 1044 καὶ
1620 1017 1831 1052 ἀνεπιτήδευτον

1033 1064 1067 1101 ἧν
1083 1065 1122 1092 ἔτι
1134 1065 1165 1091 τὶ)
1178 1064 1211 1091 δι’
1229 1063 1295 1090 Υἰοῦ
1319 1063 1519 1099 προσέρχεσθαι
1534 1063 1572 1099 τῷ
1589 1064 1688 1098 ﬂat-.91.
1709 1064 1831 1090 διδάσκει

184 1112 326 1140 καὶτοῦτο
350 1112 504 1148 χρησίμως,
528 1111 574 1137 καὶ
595 1110 690 1146 ὥσπερ
713 1111 773 1138 τινὰ
791 1113 911 1147 κρηπῖδα
931 1113 978 1140 τοῦ
998 1114 1162 1149 πράγματος
1195 1113 1224 1138 ὲν
1239 1112 1295 1143 τοῖς
1331 1111 1405 1142 ἰδίοις
1426 1110 1560 1145 μαθηταῖς
1584 1110 1829 1145 προκατασάλλων,

183 1159 230 1187 καὶ
252 1159 300 1196 τὴν
317 1160 364 1187 ἐπὶ
380 1160 468 1195 τούτῳ
493 1159 584 1186 πίστιν
607 1167 637 1184 τε
655 1159 701 1184 καὶ
734 1159 862 1194 μάθησιν,
887 1161 933 1187 καὶ
959 1162 999 1193 εἰς
1035 1162 1108 1196 ἡμᾶς
1132 1160 1230 1192 αὐτοὺς
1255 1159 1438 1194 παραπέμπει
1460 1159 1507 1186 καὶ
1531 1158 1579 1192 τῆς
1604 1159 1760 1194 προσευχῆς
1786 1159 1830 1186 τὸν

183 1206 284 1242 τρόπον
298 1205 409 1241 καὶτῆς
426 1205 534 1237 ἐλπίδος
546 1204 595 1240 τὴν
608 1204 733 1240 δήλωσιν.
756 1206 914 1233 Ἐπιδὼσειν
927 1207 982 1243 γὰρ
1001 1208 1082 1239 αὐτὸς
1104 1207 1137 1234 τὰ
1161 1207 1190 1233 ὲν
1209 1206 1301 1241 εὐχαῖς
1317 1206 1382 1240 ἡμῖν
1416 1204 1623 1238 ἐπαγγέλλεται,
1646 1205 1748 1239 δεῖγμα
1781 1205 1829 1240 τῆς

183 1253 254 1280 κατὰ
268 1253 348 1288 φύσιν
358 1252 482 1287 θεότητος
499 1251 547 1278 καὶ
559 1251 609 1285 τῆς
623 1251 736 1286 ἐνούσης
749 1251 823 1287 αὐτῷ
834 1252 978 1289 βασιλικῆς
997 1253 1123 1287 ἐξουσίας
1139 1252 1185 1279 καὶ
1201 1251 1282 1278 τοῦτο
1299 1253 1355 1283 τοῖς
1371 1251 1461 1283 ἄλλοις
1481 1251 1648 1286 προστιθείς.

218 1308 290 1342 XIV,
306 1309 349 1336 i5.
365 1308 394 1336 Si
410 1308 525 1344 diligitis
541 1316 591 1341 me,
609 1309 738 1335 mandata
754 1317 811 1335 mea
827 1315 940 1337 servate.

1073 1311 1144 1340 Ἐὰν
1162 1310 1295 1347 ἀγαπᾶτέ
1311 1319 1360 1346 με,
1380 1310 1433 1344 τὰς
1447 1309 1575 1344 ἐντολάς
1591 1319 1650 1345 μου
1671 1311 1828 1345 τηρήσετε.

218 1377 286 1405 Cum
301 1376 459 1411 jusserilnt
473 1376 520 1411 qui
534 1376 644 1410 petituri
661 1380 738 1409 sunt,
761 1376 788 1403 in
806 1377 918 1405 nomine
929 1386 978 1406 sua

1067 1381 1174 1416 Χρῆναι
1189 1381 1237 1415 μὲν
1253 1380 1340 1407 αἰτεῖν
1354 1377 1518 1414 εὐχομένους
1535 1377 1583 1404 ἐπὶ
1596 1377 1635 1412 τῷ
1650 1377 1765 1413 ὀνόματι
1781 1378 1828 1404 αὐ-

184 1430 299 1461 petant.
322 1429 349 1452 et
366 1425 524 1459 petentibus
551 1424 717 1459 largiturum
741 1431 771 1452 se
793 1424 979 1460 quodcunque

1031 1426 1077 1453 τοῦ
1101 1425 1277 1460 διατεταχὼς,
1302 1425 1466 1460 χορηγήσειν
1483 1423 1512 1449 δὲ
1529 1424 1587 1454 τοῖς
1608 1422 1732 1450 αἰτοῦσιν
1748 1423 1827 1455 αὐτὸς

185 1473 271 1499 velint
291 1471 457 1506 polliceatur
469 1491 476 1503 ,
502 1471 527 1497 id
544 1470 681 1505 imprimis
696 1473 775 1497 cavet
793 1478 826 1498 ne
844 1471 979 1498 mentitus

1031 1472 1099 1507 ὅπερ
1114 1471 1147 1498 ἂν
1161 1467 1309 1506 βούλωνται
1334 1469 1426 1496 λαϐεῖν
1450 1469 1677 1504 ὑπισχνούμενος,
1701 1470 1827 1503 φροντίδα

186 1518 321 1550 videatur,
333 1521 445 1552 propter
464 1517 565 1552 impias
581 1516 815 1543 calumniatornm
831 1524 922 1544 voces.
936 1515 974 1543 Er

1037 1519 1153 1545 ποιεῖται
1169 1517 1268 1553 πολλὴν
1283 1516 1329 1543 τοῦ
1347 1516 1383 1551 μὴ
1398 1515 1589 1550 διαψεύδεσθαι
1603 1515 1703 1547 δοκεῖν,
1720 1515 1828 1549 διαβὰς

184 1565 253 1599 Ipsis
266 1565 339 1592 enim
359 1564 448 1591 sacris
464 1550 578 1590 Litteris
594 1562 770 1597 potissimum
786 1561 878 1590 videre
893 1562 975 1594 licet.

1032 1565 1086 1592 τῶν
1100 1564 1233 1591 εἰωθότων
1247 1550 1404 1598 ιριλοψογεῖν
1419 1561 1585 1593 καταλαλιάς
1599 1561 1734 1593 ἀνοσίους.
1752 1562 1826 1588 Ἐστι

186 1611 337 1638 nonnullos
353 1610 432 1637 adire
455 1609 568 1644 quidem
585 1609 674 1643 ipsum
693 1612 720 1636 et
738 1609 766 1636 in
787 1608 847 1644 ejus
869 1608 979 1636 nomine

1031 1611 1084 1646 γὰρ
1104 1610 1177 1642 ἰδεῖν,
1201 1609 1249 1636 καὶ
1272 1608 1302 1641 ἐξ
1324 1607 1414 1635 αὐτῶν
1433 1607 1551 1643 μάλιστα
1569 1606 1623 1634 τῶν
1640 1607 1721 1642 ἱερῶν
1738 1607 1828 1643 Γραμ-

185 1662 277 1692 petere
290 1677 298 1689 ,
321 1663 498 1691 nequaquam
515 1659 607 1682 tamen
632 1655 761 1690 accipere
773 1674 781 1686 ,
799 1654 865 1689 quid
881 1654 980 1689 cuique

184 1703 332 1731 conveniat
355 1707 382 1729 et
403 1702 470 1734 quid
492 1700 651 1736 petentibus
670 1701 807 1728 conducat
824 1707 878 1727 n0n
899 1700 979 1735 igno-

184 1752 263 1776 rante
281 1747 336 1776 Deo
349 1748 382 1774 “.
401 1746 436 1774 Ut
456 1755 523 1782 ergo
540 1746 672 1774 Dominus
687 1752 780 1774 uoster
795 1745 876 1774 Jesus
897 1745 980 1773 Chri-

185 1799 244 1822 stus
259 1794 348 1830 palam
363 1793 523 1821 ostenderet
535 1793 568 1820 ad
581 1800 715 1828 quosnam
730 1792 813 1819 verba
827 1792 937 1824 faceret,
953 1795 980 1819 et

184 1838 350 1873 quibusnam
370 1837 565 1872 promissionis
592 1837 681 1872 gratia
709 1836 877 1867 deberetur,
901 1840 929 1863 et
952 1837 978 1862 in

185 1893 240 1919 qnn
253 1891 316 1911 vere
332 1884 432 1910 l‘ntura'
442 1887 532 1913 esset,
557 1882 651 1910 statim
676 1881 827 1916 diligentes
849 1889 879 1909 se
902 1881 980 1908 exhi-

185 1930 243 1958 buit
255 1950 262 1962 ,
280 1934 307 1958 et
324 1934 452 1957 exactum
472 1928 539 1963 legis
553 1927 696 1955 custodem
715 1927 843 1961 adjnnxit
855 1946 862 1959 ,
881 1931 978 1954 osten-

184 1977 252 2004 dens
273 1983 327 2003 non
344 1975 378 2002 ad
395 1975 465 2002 alios
481 1982 564 2009 quam
582 1974 616 2001 ad
634 1974 709 2008 ipsos
727 1973 785 2000 lieri
801 1973 980 2009 benignitatis

186 2021 398 2056 promissionem
411 2025 438 2048 et
451 2020 620 2056 spiritalium
636 2019 773 2048 bonorum
793 2019 978 2054 largitionem.

183 2067 252 2094 Nam
271 2067 398 2095 contrahi
415 2074 487 2102 saepe
503 2066 552 2094 Dei
573 2073 702 2097 manum,
725 2069 752 2093 et
769 2073 860 2093 rerum
883 2073 980 2100 spera-

184 2118 273 2141 tarum
292 2113 395 2141 exitum
417 2113 451 2140 iis
471 2113 517 2148 qui
540 2116 616 2140 recte
637 2116 731 2147 petere
750 2111 875 2139 nesciant
896 2112 980 2138 inter-

183 2159 371 2193 cludi,‘l'aci1e
387 2166 523 2195 agnosces
539 2166 571 2186 ex
585 2158 618 2185 iis
635 2165 696 2193 qua:
710 2157 812 2185 Christi
828 2157 979 2192 discipulus

184 2206 281 2233 scribit
296 2205 323 2233 in
340 2207 412 2232 hnttc
428 2205 540 2233 modum
558 2213 565 2232 :
592 2214 601 2230 ε
616 2204 712 2232 Petitis
724 2225 732 2237 ,
752 2210 779 2232 et
801 2212 856 2231 non
872 2205 978 2239 accipi-
996 2225 1016 2252 υ

183 2253 238 2284 tis,
263 2259 296 2280 eo
313 2253 386 2287 quod
407 2253 478 2279 male
492 2252 606 2286 petitis.
638 2255 667 2278 ut
694 2251 720 2278 in
742 2251 978 2286 concupiscentiis

184 2298 282 2325 vestris
297 2298 468 2325 consumatis
485 2297 517 2324 ³⁷.
536 2307 545 2322 ι
567 2297 673 2324 idcirco
688 2301 715 2325 et
729 2297 763 2324 de
779 2297 875 2325 animo
887 2298 978 2333 dupli-

182 2342 261 2370 cibus
278 2344 335 2370 ait:
357 2353 366 2369 ι
378 2342 438 2369 Non
452 2350 516 2378 ergo
531 2343 743 2370 mstimethomo
758 2343 803 2370 ille
817 2344 889 2378 quod
904 2344 978 2371 acci-

183 2388 240 2423 piat
256 2388 358 2423 aliquid
377 2396 392 2415 a
411 2387 528 2415 Domino
544 2396 550 2414 :
570 2388 612 2415 vir
626 2389 698 2416 enim
711 2388 813 2424 duplex
828 2390 922 2417 animo
936 2391 978 2416 in-

183 2439 318 2462 constans
336 2437 378 2462 est
393 2433 421 2461 in
437 2434 566 2462 omnibus
582 2435 635 2462 viis
652 2435 710 2463 suis
730 2435 762 2462 ³⁸.
781 2445 789 2461 ι
815 2435 977 2464 Petentibus

183 2479 256 2506 enim
270 2486 417 2514 supernam
429 2480 545 2514 gratiam
562 2488 618 2508 non
633 2481 666 2508 ad
679 2481 761 2516 807
771 2481 901 2508 virtutem
916 2489 978 2516 per-

185 2525 329 2553 liciendum
342 2544 349 2556 ,
364 2524 413 2552 sed
424 2525 456 2552 ad
473 2527 566 2554 carnis
585 2527 753 2562 voluptatem
775 2531 803 2555 et
821 2528 977 2555 mundanas

184 2571 348 2606 ciipiditates
366 2570 498 2598 frnendas
510 2591 517 2603 ,
543 2580 637 2600 aurem
653 2577 760 2601 tantum
779 2581 833 2601 non
860 2574 980 2601 occludit

185 2616 266 2647 Deus,
281 2623 314 2642 ac
329 2616 398 2642 nihil
412 2624 525 2651 prOrSns
541 2619 676 2654 elargitur
693 2628 704 2646 ει
724 2627 784 2654 qua:
799 2620 872 2647 enim
885 2621 979 2648 renuit

185 2671 216 2689 ac
231 2666 360 2696 tanquam
377 2663 537 2691 detestanda
558 2666 664 2699 rejicit,
680 2665 820 2700 quomodo
837 2667 978 2695 nonnullis

185 2707 332 2743 largietur?
346 2713 391 2735 aut
401 2710 540 2744 quomodo
554 2711 615 2738 fons
627 2712 719 2739 omnis
733 2711 887 2739 dulcedinis
901 2719 977 2739 ama-

185 2754 207 2780 ri
231 2753 369 2788 quidpiam
398 2756 547 2783 emiserit?
575 2756 653 2789 Quod
685 2762 776 2785 autem
809 2757 975 2792 spiritalium

221 2844 243 2860 ³⁶
256 2844 265 2871 l
280 2845 358 2874 Joan.
377 2855 404 2878 ν,
423 2848 464 2874 H.
505 2847 526 2863 ³⁷
547 2846 605 2874 Jac.
628 2854 663 2879 l\',
679 2847 704 2873 5.
745 2847 765 2862 "
780 2846 838 2875 Jac.
857 2855 874 2880 ι,
889 2847 954 2877 7,8.

1033 1656 1138 1692 μάτων,
1160 1656 1197 1687 ὡς
1214 1655 1345 1691 προσίασι
1364 1654 1413 1689 μὲν
1435 1653 1483 1680 καὶ
1505 1653 1675 1686 ἐξαιτοῦνταί
1691 1662 1766 1685 τινες
1783 1654 1827 1680 ἐπὶ

1030 1702 1069 1738 τῷ
1093 1702 1205 1737 ὀνόματι
1230 1701 1329 1732 αὑτοῦ,
1357 1701 1478 1736 δέχονταί
1508 1708 1539 1734 γε
1566 1700 1620 1736 μὴν
1646 1700 1775 1735 οὐδαμῶς
1799 1700 1826 1726 τὸ

1031 1749 1138 1783 ἑκάστῳ
1165 1748 1288 1784 πρέπον,
1317 1747 1364 1774 καὶ
1389 1749 1445 1778 τοῖς
1479 1747 1585 1773 αἰτοῦσι
1613 1746 1754 1778 λυσιτελὲς
1779 1747 1827 1772 οὐκ

1031 1795 1197 1830 ἡγνοηκότος
1212 1793 1289 1821 Θεοῦ.
1307 1794 1366 1820 ~[vs
1384 1793 1473 1820 τοίνυν
1488 1793 1611 1829 ἐπιδείξῃ
1628 1793 1722 1827 σαφῶς
1742 1794 1756 1819 6
1773 1793 1826 1819 Κύ-

1033 1850 1088 1876 ριος
1108 1841 1186 1876 ἡμῶν
1210 1840 1314 1875 Ἰησοῦς
1330 1841 1344 1866 ὀ
1365 1840 1492 1876 Χριστὸς,
1514 1840 1582 1876 πρὸς
1599 1839 1675 1870 τίνας
1691 1839 1769 1874 αὐτῷ
1781 1840 1826 1874 75'-

1030 1888 1093 1921 γονέ
1103 1896 1132 1913 τε
1146 1887 1193 1914 καὶ
1205 1886 1281 1913 ἐστιν
1292 1887 1305 1913 6
1318 1886 1405 1920 λόγος,
1419 1886 1545 1913 καὶ”τίσιν
1558 1887 1573 1921 ἡ
1589 1886 1638 1920 τῆς
1653 1886 1826 1921 ὑποσχέσεως

1031 1933 1166 1967 ὀφείλεται
1182 1933 1271 1968 χάρις,
1297 1933 1337 1967 ἐφ’
1361 1929 1383 1967 ᾧ
1400 1931 1477 1959 ἐσται
1503 1933 1549 1959 καὶ
1566 1931 1686 1966 ἀληθῶς,
1708 1932 1826 1967 παρεκό-

1032 1986 1111 2013 μισεν
1132 1978 1213 2010 εὐθὺς
1238 1978 1292 2004 τῶν
1309 1977 1478 2011 ἀγαπώντων
1491 1977 1522 2004 τὸ
1544 1978 1702 2013 πρόσωπον,
1721 1978 1768 2003 καὶ
1783 1977 1825 2003 τὸν

1030 2024 1130 2060 ἀκριῦῆ
1149 2023 1324 2059 νομοφύλακα
1341 2023 1544 2058 παραζεύγνυσι
1564 2022 1603 2058 τῷ
1622 2023 1705 2058 λόγῳ,
1720 2023 1825 2055 δεικνὺς

1030 2071 1071 2097 ὅτι
1086 2071 1153 2106 πρὸς
1177 2070 1276 2102 αὐτοὺς
1298 2070 1346 2096 καὶ
1369 2070 1417 2105 οὺχ
1434 2069 1543 2104 ἑτέρους
1562 2071 1577 2104 ή
1592 2070 1641 2104 τῆς
1657 2069 1824 2105 ἡμερότητος

1031 2116 1182 2150 ἐπαγγελία
1199 2116 1245 2143 καὶ
1262 2117 1278 2151 ὴ
1293 2116 1347 2142 τῶν
1362 2115 1556 2151 πνευματικῶν
1578 2116 1689 2151 ἀγαθῶν
1704 2117 1823 2149 ἐπίδοσις

1030 2161 1063 2188 δι’
1080 2160 1162 2188 αὐτοῦ
1186 2162 1319 2197 κρατήσει
1341 2162 1389 2189 καὶ
1411 2162 1566 2197 γενήσεται.
1587 2162 1648 2190 Ὅτι
1672 2162 1728 2198 γὰρ
1756 2163 1823 2198 δκνῳ

1031 2207 1161 2238 πολλάκις
1185 2207 1201 2242 ἡ
1216 2207 1334 2242 χορηγὸς
1349 2207 1522 2234 συστέλλεται
1536 2208 1597 2243 χεὶρ
1613 2207 1660 2235 τοῦ
1674 2208 1756 2240 Geo-3:
1771 2211 1823 2241 τοῖς

1031 2254 1081 2281 οὐκ
1108 2253 1196 2289 ὀρθῶς
1224 2252 1362 2280 ἐθέλουσιν
1391 2254 1476 2280 αἰτεῖν
1506 2253 1537 2280 τὸ
1565 2254 1620 2281 τῶν
1642 2254 1823 2282 ἐλπισθέντων

1031 2301 1214 2328 ὰποκλείουσα
1231 2300 1328 2335 πέρας,
1350 2300 1477 2336 συνήσεις
1491 2299 1610 2332 εὐκόλως
1623 2300 1652 2333 ἐξ
1667 2297 1707 2327 ὧν
1727 2303 1741 2328 6
1761 2302 1823 2337 Χρι-

1032 2346 1096 2373 στοῦ
1120 2346 1244 2382 μαθητὴς
1267 2345 1442 2372 ἀποτείνεται
1465 2345 1580 2380 γράφων
1596 2345 1663 2372 ὡδί·
1694 2356 1704 2372 ι
1720 2347 1821 2374 Αἰτεῖτε

1032 2393 1079 2419 καὶ
1093 2392 1124 2418 οὐ
1139 2392 1303 2426 λαμϐάνετε,
1329 2391 1396 2418 διότι
1419 2391 1513 2423 κακῶς
1530 2393 1642 2423 αἰτεῖτε,
1663 2392 1707 2419 ἵνα
1721 2394 1752 2419 ὲν
1766 2395 1821 2426 ταῖς

1032 2436 1138 2473 ἡδοναῖς
1154 2437 1230 2472 ὑμῶν
1244 2437 1429 2473 δαπανήσητε.
1446 2446 1455 2463 ι
1475 2437 1520 2463 Διὸ
1537 2438 1583 2464 καὶ
1599 2437 1680 2464 πάλιν
1694 2439 1821 2474 περὶτῶν

1029 2483 1151 2518 διψυχεῖν
1166 2482 1299 2510 εἰωθότων
1312 2482 1379 2517 φησι
1391 2491 1399 2499 ·
1427 2492 1436 2508 ι
1451 2483 1497 2518 Μὴ
1511 2482 1565 2518 γὰρ
1579 2483 1678 2510 οίέσθω
1694 2485 1708 2511 6
1720 2485 1819 2520 ἄνθρω-

1030 2537 1080 2560 πος
1097 2529 1208 2560 ἐκεῖνος,
1221 2528 1261 2554 ὅτι
1277 2527 1391 2563 λήψεταί
1405 2537 1432 2554 τι
1449 2528 1525 2564 παρὰ
1548 2528 1595 2555 τοῦ
1610 2530 1715 2564 Κυρίου
1728 2538 1736 2545 ’
1755 2531 1819 2567 ἀνὴρ

1029 2574 1084 2609 γὰρ
1110 2573 1238 2609 δίψυχος,
1266 2573 1457 2606 ἀκατάστατος
1483 2575 1512 2600 ὲν
1540 2575 1641 2607 πάσαις
1669 2577 1730 2608 ταῖς
1756 2578 1818 2610 ὁδοῖς

1030 2618 1123 2645 αὐτοῦ.
1139 2629 1148 2644 ι
1167 2619 1229 2650 Τοῖς
1247 2619 1297 2654 μὲν
1311 2618 1366 2655 γὰρ
1379 2619 1519 2655 ἐρωτῶσιν
1532 2620 1582 2647 οὐκ
1598 2622 1638 2652 εἰς
1653 2622 1818 2657 κατόρθωσιν

1030 2664 1130 2699 ἀρετῆς
1146 2664 1194 2700 τὴν
1211 2665 1313 2692 ἄνωθεν
1328 2666 1418 2700 χάριν,
1433 2666 1492 2692 ἀλλ’
1509 2667 1549 2697 εἰς
1562 2667 1715 2694 ἀπόλαυσιν
1731 2677 1817 2703 σαρκι-

1031 2710 1081 2743 κῆς
1098 2710 1194 2744 ἡδονῆς
1216 2711 1263 2737 καὶ
1278 2711 1418 2746 κοσμικῶν
1434 2711 1597 2746 ἐπιθυμιῶν,
1618 2715 1764 2750 μονονουχὶ
1777 2717 1817 2742 καὶ

1031 2756 1199 2790 ἁποφράττει
1225 2757 1254 2783 τὸ
1282 2756 1328 2789 οὖς
1351 2759 1365 2784 6
1395 2758 1471 2790 θεὸς,
1497 2760 1610 2793 χορηγεῖ
1632 2758 1660 2787 6t
1684 2762 1816 2794 παντελῶς
