1926 3041
88 156 141 184 255

601 156 635 184 1N
649 154 792 184 .IOANNIS
811 151 1036 183 EVANGELlUM
1057 156 1121 184 LIB.
1141 156 1186 185 IX.

1681 160 1733 188 25-i-

87 214 163 242 οὐδέν
176 224 182 230 ·
209 215 228 242 ἃ.
255 216 314 253 γὰρ
339 217 372 244 ἂν
395 216 543 253 ἀποφάσκῃ
557 216 604 244 καὶ
619 216 760 252 ἀπόῦλητα.
781 214 879 249 ποιῆτα

943 214 1095 247 gratiarum
1121 215 1294 244 amatoribus
1319 215 1405 244 divite
1434 223 1465 243 ac
1495 219 1622 251 prompta
1648 224 1731 245 manu

86 260 128 286 διὰ
141 260 193 296 τὴν
206 261 328 289 ἐνοῦσαν
341 263 433 294 αὐτοῖς
449 261 599 298 βδελυρίαν,
614 261 672 294 πῶς
687 262 721 288 ἂν
736 261 888 297 χορηγῆσαι

87 306 175 336 τισίνς
205 307 222 342 ἡ
241 307 272 333 δὲ
289 308 399 344 ἀπάσης
417 308 586 343 γλυκύτητος
603 308 678 343 πηγὴ
696 308 755 339 πῶς
769 308 802 334 ἂν
819 306 888 342 αὑτὴ

89 353 185 388 πικρὸν
201 354 362 381 ἀναϐλύσαι
380 355 469 390 νᾶμα;
493 355 553 381 ’Ότι
568 354 596 380 δὲ
617 355 673 385 τοῖς
693 353 748 380 τῶν
767 360 888 386 πνευμα-

87 399 169 426 τικῶν
185 401 376 435 χαρισμάτων
390 401 519 436 ἐρασταῖς
540 400 655 436 πλουσίᾳ
669 408 699 426 τε
722 399 770 426 καὶ
788 398 888 433 προθυ-

90 446 193 481 μοτάτῃ
219 447 298 482 χειρὶ
319 447 439 482 διανέμει
461 447 495 474 τὰ
519 446 618 481 ἀγαθὰ.
645 446 757 480 κατόψει
775 445 886 481 ῥᾳδίως,

87 492 148 517 ὅταν
159 491 289 528 ἀκούσῃς
302 492 426 526 λέγοντος
438 493 481 519 διὰ
497 493 545 527 μὲν
565 493 676 519 Ἡσαΐου
689 492 735 518 τοῦ
749 491 886 528 προφήτου

89 538 154 572 πρὸς
169 537 273 570 αὐτούς
288 547 296 554 ε
315 548 323 564 ι
338 539 397 565 Ἔτι
413 538 458 565 σοῦ
476 538 628 571 λαλοῦντος,
643 538 716 573 ἐρῶ·
736 537 767 564 Τί
783 537 857 568 ἐστι,
874 545 883 562 ›

88 583 136 609 Διά
157 583 186 610 δὲ
211 584 264 618 τῆς
287 584 337 612 τοῦ
354 584 508 617 Ψάλλοντος
531 584 623 620 φωνῆς
638 584 678 610 ὃτι
709 593 718 610 ι
737 582 887 618 Ὀφθαλμοὶ

88 629 189 665 Κυρίου
208 630 258 657 ἐπὶ
281 630 413 662 δικαίους,
438 631 484 657 καὶ
497 628 554 657 ὦτα
572 630 654 657 αὑτοῦ
674 631 713 662 είς
728 629 820 665 δέησιν
838 628 887 655 αὑ-

88 677 149 704 τῶν,
167 686 177 701 ›
201 677 389 713 Ὀρισάμενος
403 678 493 704 τοίνυν
513 679 559 704 καὶ
575 677 725 713 διαρρήδην
742 676 826 703 εἰπὼν
845 676 886 702 ὄτι

89 724 142 754 τοῖς
161 723 314 756 ἀγαπῶσιν
334 723 415 750 αὐτὸν
432 723 569 758 ὀφείλεταί
590 732 619 750 τε
645 724 692 749 καὶ
717 722 831 757 ὑπάρξει
854 721 886 758 δὴ

89 769 195 800 πάντως
217 769 251 795 τὺ
264 771 325 801 τοῖς
348 769 449 797 ἄνωθεν
466 770 601 805 ἐντρυφᾷν
617 769 738 803 ἀγαθοῖς,
755 768 787 794 δι’
803 768 884 794 αὑτοῦ

89 813 208 848 δηλονότι
233 815 452 851 χορηγουμένοις
473 817 548 852 παρὰ
570 814 687 850 Πατρὸς,
713 813 885 849 καταγράφει

89 861 262 896 παραχρῆμα
279 862 327 888 καὶ
340 862 389 896 τῆς
406 863 516 897 ἀγάπης
530 862 579 896 τὴν
592 861 721 899 δύναμιν,
746 860 794 887 καὶ
810 860 885 891 ὅπως

88 908 118 935 ἂν
132 907 217 943 αὐτὴν
233 908 475 944 ὲπιτηδεύσαιμεν,
489 908 588 944 ἄριστά
602 917 632 934 τε
650 907 696 934 καὶ
709 907 882 942 ἀνεγκλήτως

88 954 205 981 διδάσκει
228 954 275 980 διὰ
300 954 330 981 τὺ
351 955 494 990 χρήσιμον.
521 954 557 981 Οὐ
573 955 628 989 γὰρ
643 954 669 980 εἴ
687 962 730 985 τις
748 953 821 987 λέγοι
836 952 882 979 τὸν

89 1001 151 1028 Θεὸν
163 1001 291 1036 ἀγαπᾷν,
308 1001 415 1033 πάντως
425 1001 456 1037 δὴ
472 1002 519 1028 καὶ
530 1001 579 1036 τὴν
593 1000 640 1026 τοῦ
654 999 760 1035 ἀληθῶς
772 999 882 1034 ἀγαπᾷν

89 1047 227 1075 ἀποίσεται
247 1048 340 1081 δόξαν,
365 1049 425 1075 ἐπεὶ
442 1048 478 1083 μὴ
501 1049 530 1074 ἐν
546 1047 617 1083 λόγῳ
633 1047 703 1082 ψιλῷ
718 1047 767 1081 τῆς
781 1046 881 1081 ἀρετῆς

89 1094 105 1129 ἡ
126 1092 253 1128 δύναμις,
281 1094 350 1129 μήτε
367 1093 420 1129 μὴν
436 1094 464 1120 ὲν
477 1094 591 1128 γυμνοῖς
614 1092 765 1129 μορφοῦται
779 1093 881 1127 ῥήμασι

89 1140 134 1174 τῆς
149 1140 189 1170 εἰς
204 1139 274 1166 Θεὸν
294 1139 435 1171 εὐσεϐείας
452 1140 481 1166 τὸ
497 1139 605 1171 κάλλος,
620 1138 677 1166 ἀλλ’
695 1139 711 1174 ἦ
727 1138 756 1170 ἐξ
771 1136 881 1171 ἀγαθῶν

90 1185 320 1220 ἀποτελεσμάτων
335 1186 381 1213 καὶ
396 1186 525 1221 φιληκόου
550 1186 662 1221 γνώμης
686 1183 715 1211 εὖ
738 1184 811 1220 μάλα
825 1184 881 1210 δια-

90 1233 268 1266 γινώσκεται,
298 1233 344 1260 καὶ
364 1233 417 1260 τῶν
432 1233 511 1260 θείων
527 1233 672 1267 ἐντολῶνὴ
693 1233 807 1268 τήρησις
832 1231 881 1266 τὴν

90 1278 126 1308 εἰς
146 1277 176 1303 τὺ
200 1277 274 1304 θεῖον
300 1278 410 1314 ἀγάπην
432 1278 530 1314 ἄριστα
553 1278 703 1313 ζωγραφεῖ,
729 1277 775 1304 καὶ
791 1276 880 1308 ζῶσαν

91 1321 153 1352 ὅλως
173 1322 220 1348 καὶ
243 1321 334 1358 ἀληθῆ
360 1322 523 1358 παρίστησιν
543 1322 653 1357 ἀρετὴν,
677 1321 727 1347 οὐκ
742 1322 770 1347 ὲν
786 1321 881 1356 μόναις

93 1368 348 1404 σκιαγραφουμὲνην
374 1369 433 1400 ταῖς
459 1368 513 1395 ἀπὸ
538 1369 588 1403 τῆς
615 1368 736 1402 γλώττης
762 1369 880 1402 φωναῖς,

94 1413 212 1450 καθάπερ
223 1415 388 1450 εἰρήκαμεν,
401 1415 522 1450 φαιδροῖς
535 1415 563 1441 δὲ
574 1414 668 1450 ὥσπερ
679 1413 880 1449 διαπρέπουσαν

93 1458 212 1492 χρώμασι
240 1460 305 1491 ταῖς
335 1459 389 1486 τῶν
416 1459 503 1494 ἔργων
537 1459 630 1491 ἰδέαις,
658 1459 705 1485 καὶ
726 1458 880 1493 ὁλοκλήρως

94 1506 296 1541 ὲκλάμπουσαν.
323 1506 377 1532 Καὶ
393 1506 458 1540 γοῦν
474 1507 488 1532 ὁ
510 1505 612 1541 Κύριος
633 1505 712 1540 ἡμῶν
741 1504 844 1540 Ἰησοῦς
866 1505 880 1531 ὁ

93 1553 203 1588 Χριστὸς
218 1553 315 1588 σαφῶς
330 1553 397 1588 ἡμῖν
411 1552 489 1579 τοῦτο
507 1552 699 1588 παραδεικνὺς,
723 1561 731 1577 ι
745 1552 781 1578 0'3
797 1553 850 1583 πᾶς
866 1552 879 1577 ὁ

93 1599 173 1634 λέγων
190 1609 246 1635 μοι,
275 1599 372 1635 Κύριε,
397 1599 495 1634 Κύριε,
522 1599 613 1634 φησὶν,
637 1598 820 1625 εἰσελεύσεται
841 1599 881 1630 εἰς

93 1645 136 1680 τὴν
156 1645 295 1680 βασιλείαν
312 1645 365 1672 τῶν
380 1645 512 1682 οὐρανῶν,
529 1645 586 1672 ἀλλ’
599 1646 613 1671 ὁ
629 1644 712 1671 ποιῶν
729 1645 758 1671 τὸ
775 1644 880 1679 θέλημα

93 1690 135 1718 τοῦ
148 1691 253 1726 Πατρός
268 1699 320 1725 μου
335 1690 381 1716 τοῦ
399 1691 428 1716 ὲν
443 1690 576 1725 οὐρανοῖς.
594 1699 602 1714 ι
621 1689 658 1716 Οὐ
675 1689 730 1724 γὰρ
741 1689 769 1714 ἐν
782 1689 881 1724 ἀργαῖς

95 1737 217 1772 ῥημάτων
235 1735 422 1771 κολακείαιςή
437 1736 538 1768 πίστις,
555 1735 611 1763 ἀλλ’
628 1736 657 1762 ὲν
672 1736 731 1767 ταῖς
745 1735 799 1762 τῶν
812 1734 882 1769 δρω-

96 1783 174 1817 μένων
189 1783 316 1818 ποιότησι
334 1781 510 1817 δοκιμάζεται
525 1790 531 1797 ’
554 1781 601 1808 καὶ
615 1780 678 1815 γοῦν
694 1780 793 1816 νεκρὰν
810 1778 881 1807 εἶναι

93 1829 187 1864 ταύτην
210 1829 240 1855 οὐ
266 1829 466 1864 παρεπομένων
492 1827 546 1854 τῶν
571 1827 660 1863 ἔργων
685 1828 701 1862 ἡ
725 1827 783 1854 θεία
806 1827 880 1858 λέγει

94 1875 190 1910 Γραφὴ.
202 1875 238 1901 Τὸ
250 1874 360 1910 μὲνγὰρ
371 1874 479 1906 εἰδέναι,
489 1874 581 1910 φησὶν,
593 1874 634 1900 ὅτι
643 1874 656 1899 ὁ
666 1873 732 1905 Θεὸς
745 1871 785 1904 εἷς
794 1875 878 1905 ἐστιν,

93 1921 137 1946 οὐκ
151 1922 177 1947 ἐν
190 1921 320 1952 διανοίαις
334 1920 518 1956 ἀνθρωπίναις
534 1920 687 1955 εὑρήσομεν
703 1919 793 1954 μόνον,
812 1919 880 1946 ἀλλά

93 1967 135 1993 καὶ
146 1968 172 1993 ἐν
185 1968 279 1999 αὐτοῖς
293 1968 349 1999 τοῖς
365 1966 533 2002 ἀκαθάρτοις
546 1966 681 2002 δαίμοσιν,
702 1965 720 1993 ἃ.
743 1966 788 1993 καὶ
802 1966 880 2002 φρίτ-

93 2021 129 2039 τει
145 2014 189 2039 καὶ
203 2014 252 2049 οὐχ
268 2013 364 2040 ἑκόντα
384 2014 434 2048 τὴν
452 2012 499 2039 τοῦ
518 2013 683 2048 ποιήσαντος
698 2012 823 2047 δύναμιν.
843 2012 879 2039 Τό

61 2082 64 2090 ,
94 2067 121 2092 γε
137 2059 186 2094 μὴν
205 2060 354 2095 σύνδρομον
369 2059 503 2086 ποιεῖσθαι
523 2060 555 2094 τῇ
582 2058 673 2086 πίστει
695 2059 744 2094 τὴν
758 2059 811 2085 ἀπὸ
824 2058 879 2085 τῶν

93 2103 229 2139 δρωμένων
248 2105 424 2141 φαιδρότητα,
442 2105 533 2141 μόνοις
548 2105 581 2132 ἂν
598 2105 704 2140 πρέπον
716 2105 763 2132 καὶ
778 2105 878 2140 ἐλλάμ-

94 2157 138 2175 πον
151 2150 237 2184 ὁρῷτο
260 2152 317 2182 τοῖς
338 2150 445 2186 ἀληθῶς
468 2150 596 2185 ἀγαπῶσι
611 2150 658 2177 τὸν
673 2150 749 2178 Θεόν.
773 2149 878 2177 Οὐκοῦν

94 2195 222 2228 ἀπόδειξις
238 2197 290 2232 τῆς
302 2197 413 2232 ἀγάπης
431 2197 477 2224 καὶ
499 2197 666 2229 τελεώτατος
689 2197 739 2232 τῆς
761 2197 878 2230 πίστεως

94 2241 158 2276 ὅρος,
171 2242 223 2269 τῶν
240 2243 426 2277 εὑαγγελικῶν
438 2243 580 2278 δογμάτων
593 2244 609 2278 ἡ
628 2244 744 2278 τήρησις
763 2243 810 2270 καὶ
823 2243 876 2270 τῶν

95 2287 303 2321 θείων,ὲντολῶν
327 2290 344 2324 ἠ
365 2289 485 2324 φυλακή.
512 2289 567 2316 Καὶ
594 2289 711 2323 χαλεπὸν
738 2290 786 2324 μὲν
811 2290 876 2321 ἴσως

94 2334 162 2361 οῦδὲν
175 2335 256 2372 ’ἐτερα
274 2336 341 2370 πρὸς
353 2335 458 2366 τούτοις
473 2336 558 2362 εἰπεῖν
575 2335 693 2370 συγγενῆ
707 2343 765 2367 πως
779 2335 874 2371 ἔχοντα

95 2380 137 2414 τὴν
152 2381 278 2414 διάνοιαν,
302 2381 371 2417 πλὴν
396 2382 427 2408 οὐ
446 2381 493 2408 τοῦ
518 2381 650 2417 παρόντος
672 2378 747 2417 οἶμαι
765 2381 874 2417 καιροῦ.

95 2427 135 2452 Διὸ
150 2427 180 2462 δὴ
200 2427 282 2454 πάλιν
305 2427 375 2454 ἰτέον
398 2428 445 2454 ὲπὶ
466 2427 500 2454 τὰ
517 2429 572 2459 τοῖς
595 2427 787 2463 προκειμένοις
808 2428 875 2463 ἡμῖν

97 2474 297 2510 πρεπωδέστερα
310 2482 316 2489 ·
336 2483 344 2499 ι
364 2474 426 2501 Ἐὰν
442 2474 565 2508 ἀγαπᾶτέ
582 2483 625 2510 με,
648 2475 725 2509 φησὶ,
739 2474 790 2505 τὰς
802 2475 877 2501 ὲντο-

96 2519 138 2550 ii;
154 2529 201 2554 μου
218 2522 360 2556 τηρήσετε.
378 2530 387 2546 ι
418 2520 507 2551 Σύνες-
524 2520 578 2555 γὰρ
603 2520 634 2555 δὴ
652 2520 732 2547 πάλιν
753 2520 800 2547 καὶ
819 2521 876 2547 δια-

99 2565 210 2600 ρέμνησο
234 2565 324 2598 καλῶς
345 2567 386 2593 ὅτι
404 2566 533 2598 πολλάκις
550 2567 605 2598 τοῖς
621 2566 719 2593 ἑαυτοῦ
742 2566 876 2602 μαθηταῖς

98 2611 343 2647 προσδιαλεγόμενος
378 2613 394 2647 ἢ
429 2612 476 2638 καὶ¹
514 2612 606 2643 αὐτοῖς
646 2613 702 2644 τοῖς
739 2612 875 2644 Ἰουδαίοις

98 2655 190 2688 ἔφασκε
202 2665 208 2671 ·
228 2667 235 2683 ι
251 2658 290 2684 Τά
305 2658 416 2693 ῥήματα
432 2658 450 2684 ἃ
464 2658 519 2691 ἐγὼ
535 2658 618 2689 λαλῶ,
642 2658 693 2685 οὐκ
711 2658 786 2685 ἐστιν
808 2658 873 2694 ὲμὰ,

98 2701 158 2727 ἀλλά
184 2702 228 2728 τοῦ
259 2703 415 2738 πέμψαντός
450 2711 492 2738 με.
513 2714 521 2729 ι
554 2704 608 2730 Καὶ
642 2703 742 2731 πάλιν·
779 2714 788 2730 c
814 2705 874 2731 Ἀπ’

99 2746 207 2780 ἐμαυτοῦ
230 2750 259 2775 οὺ
285 2749 368 2780 λαλῶ,
391 2749 448 2775 ἀλλ’
471 2751 485 2776 ὁ
509 2750 620 2784 πέμψας
648 2758 680 2783 με
699 2750 808 2785 Πατὴρ,
826 2752 874 2776 αὺ-

99 2791 137 2823 τᾶς
163 2795 328 2830 μοιὲντολὴν
342 2794 441 2821 δέδωκε
474 2794 499 2821 τί
529 2796 597 2822 εἴπω
621 2797 669 2821 καὶ
697 2796 721 2821 τί
751 2795 870 2830 λαλήσω.

131 2849 150 2866 ³⁵
162 2849 210 2877 lsa.
223 2859 282 2883 LXV,
302 2851 348 2878 95.

388 2852 408 2866 "°
426 2851 485 2879 l’sai
515 2861 610 2885 XXXIII,
631 2853 670 2879 l0.

102 2883 206 2913 “Joan.
232 2895 279 2920 λιι,
298 2887 343 2914 49.

712 2853 731 2868 "‘
751 2853 845 2882 Matth.
865 2864 912 2890 vn,

940 258 1009 286 bona
1022 260 1156 295 largiatur
1167 284 1174 295 ,
1198 261 1279 289 facile
1293 261 1463 297 perspicies,
1487 268 1549 288 cum
1570 268 1617 294 per
1633 260 1731 287 Isaiam

939 306 1099 341 prophetam
1117 307 1150 335 ad
1165 315 1213 335 eos
1229 308 1386 342 loquentem
1404 307 1498 334 audies
1519 318 1525 334 :
1549 315 1558 332 ‹
1578 305 1674 333 Adhuc
1690 306 1730 333 lo-

938 357 1038 387 quente
1058 356 1094 386 te,
1112 353 1201 391 dic’am
1220 362 1226 380 :
1241 354 1311 387 Quid
1322 358 1364 381 est
1376 354 1418 380 "‘3
1435 363 1444 378 ι
1464 352 1497 380 Et
1517 360 1565 387 per
1580 351 1732 380 Psalmistre
1748 363 1750 365 ·

938 406 1033 426 vocem
1047 409 1052 426 :
1074 408 1083 425 ι
1097 399 1175 426 Oculi
1193 400 1299 428 Domini
1317 408 1400 435 super
1412 399 1514 435 jnstos,
1531 403 1557 426 et
1572 406 1654 426 aures
1670 398 1731 433 ejus

939 445 965 472 in
986 453 1082 480 preces
1094 454 1190 474 eorum
1202 447 1236 474 “.
1256 456 1264 472 I
1287 447 1434 482 Postquam
1447 454 1511 481 ergo
1527 446 1623 473 statuit
1635 453 1666 472 ac
1683 452 1731 480 pa-

937 491 990 519 lam
1009 497 1035 519 et
1057 497 1150 527 aperte
1171 493 1241 520 dixit
1260 493 1407 528 diligentes
1435 500 1465 520 se
1494 493 1520 519 in
1545 499 1729 526 supernorum

937 537 1073 565 bonorum
1087 538 1194 566 deliciis
1208 539 1271 574 jure
1285 543 1448 567 versaturos
1463 559 1469 570 ,
1495 546 1556 573 quae
1571 546 1620 573 per
1639 538 1729 572 ipsum

937 583 1028 611 danda
1043 585 1156 612 veniant
1173 593 1187 612 a
1206 585 1288 613 Patre
1301 606 1308 618 ,
1323 585 1468 612 charitatis
1489 585 1543 611 vim
1567 585 1660 612 statim
1681 585 1729 612 de-

937 630 1052 663 scribit,
1067 635 1093 658 et
1107 639 1161 666 quo
1178 636 1258 666 pacto
1274 639 1334 659 eam
1354 635 1429 659 recte
1453 636 1480 658 et
1495 631 1637 665 inculpato
1653 631 1728 657 cola-

937 685 998 704 mus
1019 677 1052 704 ad
1071 682 1196 705 nostram
1216 678 1361 705 utilitatem
1375 697 1382 710 ,
1410 678 1517 705 edocet.
1536 677 1590 704 Nec
1612 678 1684 703 enim
1704 677 1727 703 si

936 721 1000 756 quis
1024 722 1107 748 Deum
1131 730 1224 750 amare
1243 730 1272 750 se
1294 723 1385 754 dicat,
1406 723 1522 749 omnino
1547 723 1630 749 etiam
1656 729 1729 748 verae

936 768 1096 796 dilectionis
1113 770 1233 804 gloriam
1254 770 1418 804 reporlahit,
1434 777 1495 796 cum
1517 777 1571 796 non
1591 769 1618 796 in
1637 769 1727 796 verbis

936 814 1019 842 nudis
1034 815 1144 843 virtutis
1163 815 1236 842 vires
1250 815 1422 847 consistant,
1442 822 1494 842 nec
1513 815 1540 841 in
1557 815 1624 842 solis
1643 821 1727 841 voca-

936 861 1008 889 bulis
1021 861 1132 896 pietatis
1150 862 1177 889 in
1195 861 1280 889 Deum
1301 861 1437 888 formetur
1456 861 1552 893 decus,
1568 860 1615 887 sed
1631 868 1662 886 ex
1680 860 1728 886 bo-

937 908 981 935 nis
1001 907 1133 943 operibus
1157 911 1183 935 et
1208 907 1299 934 animo
1327 906 1455 934 audiendi
1487 907 1587 941 cupido
1611 906 1727 933 maxime

936 953 1120 988 dignoscitur,
1138 958 1166 981 et
1183 954 1340 981 divinorum
1356 952 1550 981 mandatorum
1568 951 1728 980 observatio

935 999 1099 1027 charitatem
1125 1002 1152 1027 in
1179 999 1263 1027 Deum
1288 1000 1391 1035 optime
1414 999 1558 1034 depingit,
1586 1002 1612 1025 cl
1639 998 1727 1024 vivam

936 1054 1050 1082 prorsus
1065 1054 1096 1073 ac
1113 1054 1204 1074 veram
1219 1046 1348 1073 virtutem
1368 1046 1497 1077 exhibet,
1516 1053 1571 1072 non
1592 1045 1618 1072 in
1644 1045 1727 1072 nudis

937 1099 1041 1122 tantum
1064 1094 1162 1128 lingua:
1179 1092 1294 1120 vocibus
1311 1092 1522 1123 adumbratam.
1541 1095 1569 1118 ul
1587 1090 1724 1122 diximus,

935 1140 982 1168 sed
1000 1139 1082 1167 claris
1100 1139 1182 1166 veluti
1199 1138 1351 1170 coloribus,
1365 1145 1479 1173 operum
1494 1137 1623 1164 nimirum
1635 1137 1728 1172 specie

936 1186 1113 1214 relucentem.
1130 1184 1161 1211 Et
1173 1183 1285 1219 quidem
1301 1183 1435 1211 Dominus
1448 1187 1542 1210 noster
1550 1182 1632 1210 Jesns
1645 1183 1726 1210 Chri-

935 1236 995 1260 stus
1010 1231 1083 1259 istud
1101 1231 1182 1258 nobis
1194 1230 1269 1257 clare
1281 1230 1431 1257 ostendens
1441 1249 1448 1260 .
1473 1238 1481 1255 ι
1498 1228 1557 1256 Non
1571 1229 1663 1256 omnis
1679 1229 1726 1263 qui

935 1281 1003 1309 dicit
1019 1280 1102 1311 mihi.
1123 1278 1256 1311 Domine,
1283 1277 1414 1310 Domine,
1434 1277 1541 1312 inquit,
1565 1276 1680 1304 intrabit
1698 1277 1724 1304 in

934 1334 1048 1362 regnum
1066 1325 1198 1353 malorum
1214 1335 1220 1353 :
1241 1325 1288 1353 sed
1300 1326 1346 1360 qui
1362 1325 1426 1352 facit
1450 1325 1617 1351 voluntatem
1635 1323 1726 1352 Patris

935 1372 987 1399 mei
1005 1372 1055 1407 qui
1080 1371 1107 1397 in
1123 1371 1202 1398 ctelis
1224 1374 1267 1398 est
1283 1370 1317 1396 ¹⁸¹.
1338 1379 1346 1395 ι
1367 1369 1422 1397 Nec
1437 1369 1510 1396 enim
1529 1369 1557 1396 in
1573 1369 1651 1396 vanis
1663 1376 1726 1396 νει-ν

934 1417 1032 1445 borum
1048 1417 1285 1446 assentationibus
1302 1415 1378 1448 ﬁdes.
1397 1415 1443 1444 sed
1465 1415 1492 1442 in
1507 1414 1642 1442 factorum
1656 1422 1726 1450 qua-

934 1463 1060 1491 litatibus
1074 1463 1205 1498 probatur
1221 1472 1227 1489 :
1247 1462 1319 1489 unde
1333 1466 1469 1489 mortuam
1490 1462 1559 1488 hanc
1577 1469 1639 1488 esse
1652 1483 1658 1492 .
1672 1461 1726 1488 nisi

934 1518 993 1538 eam
1006 1517 1089 1545 opera
1108 1509 1292 1540 comitentur,
1316 1509 1408 1535 divina
1428 1509 1572 1543 Scriptura
1597 1508 1676 1535 dot-ct
1691 1509 1723 1535 ".

895 1567 917 1596 ο
935 1556 1012 1593 Scire
1027 1556 1110 1589 enim,
1123 1555 1223 1590 inquit,
1239 1554 1311 1590 quod
1329 1554 1403 1582 unus
1420 1555 1489 1581 Deus
1505 1555 1553 1586 sit,
1572 1561 1627 1580 non
1646 1561 1723 1581 men-

934 1604 968 1632 tis
983 1603 1117 1631 duntaxat
1139 1603 1265 1629 humanze
1289 1609 1351 1630 esse
1375 1601 1599 1636 comperiemus,
1628 1600 1674 1628 scd
1697 1605 1726 1628 et

932 1650 1103 1685 impurorum
1120 1649 1273 1676 daemonum
1286 1668 1293 1680 ,
1313 1648 1359 1682 qui
1384 1648 1465 1674 etiam
1488 1646 1565 1673 inviti
1581 1646 1725 1674 Creatoris

932 1694 1061 1721 virtutem
1078 1695 1295 1728 perhorrescunt
1307 1693 1341 1720 ⁵³.
1359 1693 1411 1720 Sed
1425 1692 1589 1719 charitatem
1608 1699 1722 1727 operum

932 1748 994 1768 cum
1009 1740 1061 1768 tide
1075 1740 1260 1775 conjungere,
1278 1739 1313 1767 iis
1329 1743 1436 1766 tantum
1453 1737 1582 1772 congruit
1599 1737 1645 1772 qui
1661 1745 1724 1765 vere

931 1787 1048 1823 diligunt
1064 1787 1160 1815 Deum.
1176 1786 1312 1819 Quocirca
1326 1784 1527 1812 demonstratio
1539 1783 1684 1811 charitatis
1698 1787 1724 1810 et

932 1833 1133 1869 perfectissima
1151 1833 1223 1860 ratio
1246 1831 1309 1859 fidei
1322 1836 1365 1859 est
1374 1831 1597 1865 evangelicornm
1612 1830 1725 1865 dogma-

931 1886 988 1908 tmn
1003 1880 1087 1916 808
1105 1880 1317 1913 divinorumque
1334 1882 1535 1912 praeceptorum
1555 1876 1722 1904 observatio.

930 1926 989 1954 Non
1005 1930 1080 1953 esset
1091 1924 1200 1952 dillicile
1217 1924 1271 1951 alia
1289 1924 1330 1951 his
1347 1922 1437 1950 allinia
1461 1922 1603 1957 proferre,
1626 1921 1674 1949 sed
1692 1929 1723 1948 ea

931 1972 1064 2008 temporis
1080 1971 1162 2005 hujus
1177 1978 1239 1998 esse
1255 1977 1308 1996 non
1324 1969 1455 1996 arbitror.
1477 1967 1583 1996 Idcirco
1601 1968 1722 1995 eundutn

930 2025 1027 2046 rursus
1055 2017 1088 2044 ad
1111 2025 1144 2044 ea
1165 2023 1227 2051 qua.
1253 2015 1396 2051 proposito
1423 2019 1518 2042 nostro
1545 2014 1634 2049 magis
1656 2021 1723 2041 con-

930 2068 1032 2100 grunnt
1051 2073 1057 2092 :
1080 2073 1088 2089 ι
1105 2062 1133 2090 Si
1153 2061 1271 2097 diligitis
1295 2069 1338 2089 me
1351 2081 1358 2092 ,
1382 2060 1472 2095 inquit
1485 2080 1491 2091 ,
1514 2059 1644 2086 mandata
1663 2067 1722 2086 mea

930 2116 1047 2139 servate.
1066 2120 1075 2136 ι
1095 2108 1291 2136 Animadverte
1306 2107 1381 2134 enim
1405 2113 1503 2133 rursus
1525 2109 1552 2133 et
1576 2105 1602 2132 in
1619 2112 1722 2132 memo-

930 2158 1000 2184 riam
1015 2163 1114 2184 revoea
1129 2154 1203 2190 quod
1219 2162 1280 2182 cum
1297 2161 1368 2188 sape
1383 2161 1449 2180 suos
1464 2153 1617 2187 discipulos
1631 2151 1721 2186 ipsos—

929 2212 983 2238 que
996 2202 1106 2230 Judaaos
1117 2201 1316 2236 alloqueretur,
1333 2199 1422 2226 aiebat
1437 2207 1443 2224 :
1466 2207 1475 2223 ι
1493 2197 1582 2225 Verba
1598 2204 1660 2232 quae
1673 2204 1722 2231 ego

893 2237 915 2264 θ
930 2237 1039 2284 loquor,
1058 2256 1114 2274 non
1126 2251 1190 2274 sunt
1206 2253 1265 2273 mea
1278 2266 1286 2277 ,
1304 2245 1352 2272 sed
1367 2245 1428 2279 ejus
1446 2243 1493 2278 qui
1509 2244 1584 2271 misit
1603 2251 1647 2271 me
1660 2243 1693 2269 ⁸⁵.
1710 2252 1720 2268 ι

924 2284 961 2322 Et
976 2301 1075 2322 rursus
1089 2303 1095 2320 :
1121 2302 1130 2319 ι
1149 2293 1186 2320 Ex
1205 2291 1312 2327 melpso
1324 2298 1377 2317 non
1393 2291 1504 2325 loquor,
1519 2290 1566 2317 sed
1584 2290 1631 2324 qui
1648 2289 1723 2317 misit

927 2349 971 2369 me
986 2341 1075 2373 Pater,
1093 2341 1152 2375 ipse
1177 2339 1244 2366 mihi
1262 2338 1421 2365 mandatum
1444 2337 1519 2364 dedit
1538 2336 1604 2371 quid
1629 2336 1720 2364 dicam

926 2393 954 2415 et
967 2387 1031 2422 quid
1055 2387 1153 2421 loquar
1164 2385 1214 2412 ".i
1236 2383 1314 2411 Nunc
1340 2389 1443 2415 autem,
1461 2383 1525 2410 licet
1550 2382 1598 2410 Dei
1621 2390 1653 2410 ac
1669 2382 1722 2409 Pa-

924 2433 976 2461 tris
1004 2438 1204 2467 usquequaquc
1229 2430 1312 2458 verba
1341 2437 1405 2457 esse
1430 2429 1532 2456 dixerit
1548 2436 1579 2455 ea
1606 2435 1667 2463 quae
1687 2428 1721 2455 ad
1756 2424 1764 2430 ’

929 2487 981 2508 nos
996 2478 1076 2510 fecit,
1093 2485 1142 2505 sua
1155 2482 1247 2504 tamen
1264 2479 1402 2511 praecepta
1420 2483 1482 2504 esse
1497 2476 1536 2502 ait
1549 2483 1722 2510 quacunque

928 2525 1010 2552 nobis
1022 2524 1130 2551 locutus
1140 2526 1181 2550 est
1195 2531 1201 2549 :
1225 2529 1313 2556 neque
1326 2528 1391 2548 vero
1401 2521 1548 2555 quisquam
1562 2527 1722 2553 samariten--

929 2572 964 2597 tis
986 2577 1048 2597 eum
1072 2568 1139 2596 l‘alsa
1159 2568 1233 2602 loqui
1255 2567 1372 2601 putabit.
1395 2566 1452 2594 Nec
1470 2567 1543 2594 enim
1559 2565 1721 2592 Christiano

928 2615 995 2643 illud
1012 2623 1132 2650 unquam
1154 2613 1287 2645 subierit;
1305 2613 1353 2640 sed
1371 2620 1434 2640 vere
1450 2612 1585 2646 l0qnitur,
1602 2611 1721 2638 maxime

929 2670 992 2689 cum
1009 2667 1035 2690 et
1055 2662 1113 2697 ipse
1131 2660 1232 2688 veritas
1249 2659 1295 2686 sit.
1313 2658 1370 2686 Non
1388 2659 1459 2686 enim
1479 2662 1509 2685 ut
1524 2658 1719 2693 prophetarum

929 2715 1002 2735 unus
1024 2706 1143 2734 ministri
1171 2711 1217 2733 aut
1235 2705 1328 2732 l'anmli
1365 2705 1426 2732 loco
1443 2711 1596 2732 sermonem
1613 2703 1691 2730 nobis
1705 2711 1718 2730 a

930 2753 1010 2780 Patre
1031 2753 1129 2788 detulit
1142 2773 1148 2783 ,
1176 2751 1224 2779 sed
1243 2755 1273 2778 ut
1289 2751 1335 2785 qui
1355 2759 1419 2778 cum
1439 2751 1500 2786 ipso
1518 2755 1620 2778 tantam
1637 2749 1720 2777 habet

930 2799 1148 2830 similitudinem,
1163 2803 1192 2825 ut
1208 2806 1243 2826 ne
1263 2798 1347 2825 verbo
1357 2797 1467 2832 quidem
1485 2797 1643 2832 discrepare
1658 2803 1718 2824 cer-

927 2857 971 2884 ‘ll.
1011 2858 1033 2872 δ’
1051 2855 1107 2883 Jac.
1128 2864 1157 2888 ll,
1176 2856 1221 2883 20.
1263 2856 1284 2871 ⁵³
1298 2855 1366 2883 ibid.
1386 2855 1426 2882 Η).
1468 2855 1489 2870 ’³³
1506 2854 1586 2882 Joan.
1602 2861 1658 2886 XIV,
1677 2853 1718 2880 ιο.
