  <div class='ocr_page' id='page_1' title='image "/cluster/home/n/w/nwhite01/storage/ocr_20150623/74/njp.32101077772778/146.png"; bbox 0 0 1926 3041; ppageno 0'>
   <div class='ocr_carea' id='block_1_1' title="bbox 76 147 128 175">
    <p class='ocr_par' dir='ltr' id='par_1_1' title="bbox 76 147 128 175">
     <span class='ocr_line' id='line_1_1' title="bbox 76 147 128 175; baseline -0.038 0"><span class='ocrx_word' id='word_1_1' title='bbox 76 147 128 175; x_wconf 74' lang='grc'><strong>25⁵1</strong></span> 
     </span>
    </p>
   </div>
   <div class='ocr_carea' id='block_1_2' title="bbox 608 147 1184 176">
    <p class='ocr_par' dir='ltr' id='par_1_2' title="bbox 608 147 1184 176">
     <span class='ocr_line' id='line_1_2' title="bbox 608 147 1184 176; baseline 0.002 -1"><span class='ocrx_word' id='word_1_2' title='bbox 608 147 640 175; x_wconf 80' lang='lat' dir='ltr'><strong>IN</strong></span> <span class='ocrx_word' id='word_1_3' title='bbox 652 147 795 176; x_wconf 80' lang='lat' dir='ltr'><strong>JOANNIS</strong></span> <span class='ocrx_word' id='word_1_4' title='bbox 812 148 1036 176; x_wconf 79' lang='lat' dir='ltr'><strong>EVANGELIUM</strong></span> <span class='ocrx_word' id='word_1_5' title='bbox 1053 149 1117 176; x_wconf 83' lang='lat' dir='ltr'><strong>LIB.</strong></span> <span class='ocrx_word' id='word_1_6' title='bbox 1139 148 1184 176; x_wconf 83' lang='lat' dir='ltr'><strong>IX.</strong></span> 
     </span>
    </p>
   </div>
   <div class='ocr_carea' id='block_1_3' title="bbox 1661 154 1713 182">
    <p class='ocr_par' dir='ltr' id='par_1_3' title="bbox 1661 154 1713 182">
     <span class='ocr_line' id='line_1_3' title="bbox 1661 154 1713 182; baseline 0.038 -2"><span class='ocrx_word' id='word_1_7' title='bbox 1661 154 1713 182; x_wconf 61' lang='lat'><strong>“£58</strong></span> 
     </span>
    </p>
   </div>
   <div class='ocr_carea' id='block_1_4' title="bbox 76 205 874 244">
    <p class='ocr_par' dir='ltr' id='par_1_4' title="bbox 76 205 874 244">
     <span class='ocr_line' id='line_1_4' title="bbox 76 205 874 244; baseline 0.004 -12"><span class='ocrx_word' id='word_1_8' title='bbox 76 206 129 239; x_wconf 77' lang='grc' dir='ltr'><strong>ἔξω</strong></span> <span class='ocrx_word' id='word_1_9' title='bbox 145 205 230 237; x_wconf 71' lang='grc' dir='ltr'>τιθεὶς</span> <span class='ocrx_word' id='word_1_10' title='bbox 245 205 323 238; x_wconf 72' lang='grc' dir='ltr'>αὐτὸ,</span> <span class='ocrx_word' id='word_1_11' title='bbox 335 206 380 232; x_wconf 76' lang='grc' dir='ltr'>τὸν</span> <span class='ocrx_word' id='word_1_12' title='bbox 394 206 422 232; x_wconf 84' lang='grc' dir='ltr'><strong>δέ</strong></span> <span class='ocrx_word' id='word_1_13' title='bbox 434 206 482 241; x_wconf 76' lang='grc' dir='ltr'>τῆς</span> <span class='ocrx_word' id='word_1_14' title='bbox 494 205 651 242; x_wconf 78' lang='grc' dir='ltr'>ἑτερότητος</span> <span class='ocrx_word' id='word_1_15' title='bbox 665 208 744 242; x_wconf 81' lang='grc' dir='ltr'>λόγον</span> <span class='ocrx_word' id='word_1_16' title='bbox 758 209 787 235; x_wconf 81' lang='grc' dir='ltr'><strong>ἐν</strong></span> <span class='ocrx_word' id='word_1_17' title='bbox 802 210 874 244; x_wconf 84' lang='grc' dir='ltr'>μόνῳ</span> 
     </span>
    </p>
   </div>
   <div class='ocr_carea' id='block_1_5' title="bbox 927 205 1712 244">
    <p class='ocr_par' dir='ltr' id='par_1_5' title="bbox 928 207 1712 244">
     <span class='ocr_line' id='line_1_5' title="bbox 928 207 1712 244; baseline 0.003 -8"><span class='ocrx_word' id='word_1_18' title='bbox 928 208 1075 236; x_wconf 82' lang='lat' dir='ltr'><strong>credimus.</strong></span> <span class='ocrx_word' id='word_1_19' title='bbox 1093 208 1213 244; x_wconf 78' lang='lat' dir='ltr'><strong>Spiritus</strong></span> <span class='ocrx_word' id='word_1_20' title='bbox 1226 208 1327 243; x_wconf 88' lang='lat' dir='ltr'><strong>quippe</strong></span> <span class='ocrx_word' id='word_1_21' title='bbox 1342 211 1383 235; x_wconf 88' lang='lat' dir='ltr'><strong>est</strong></span> <span class='ocrx_word' id='word_1_22' title='bbox 1403 207 1493 236; x_wconf 79' lang='lat' dir='ltr'><strong>Patris</strong></span> <span class='ocrx_word' id='word_1_23' title='bbox 1516 211 1542 236; x_wconf 89' lang='lat' dir='ltr'><strong>et</strong></span> <span class='ocrx_word' id='word_1_24' title='bbox 1565 207 1626 237; x_wconf 77' lang='lat' dir='ltr'><strong>Filii</strong></span> <span class='ocrx_word' id='word_1_25' title='bbox 1640 231 1648 244; x_wconf 90' lang='lat'><strong>,</strong></span> <span class='ocrx_word' id='word_1_26' title='bbox 1666 212 1712 238; x_wconf 65' lang='lat' dir='ltr'><strong>sed</strong></span> 
     </span>
    </p>
   </div>
   <div class='ocr_carea' id='block_1_6' title="bbox 75 249 872 289">
    <p class='ocr_par' dir='ltr' id='par_1_6' title="bbox 75 249 872 289">
     <span class='ocr_line' id='line_1_6' title="bbox 75 249 872 289; baseline 0.006 -12"><span class='ocrx_word' id='word_1_27' title='bbox 75 252 194 278; x_wconf 76' lang='grc' dir='ltr'><strong>νοεῖσθαι</strong></span> <span class='ocrx_word' id='word_1_28' title='bbox 215 251 305 283; x_wconf 83' lang='grc' dir='ltr'>διδοὺς</span> <span class='ocrx_word' id='word_1_29' title='bbox 319 252 359 287; x_wconf 84' lang='grc' dir='ltr'><strong>τῷ</strong></span> <span class='ocrx_word' id='word_1_30' title='bbox 378 249 447 278; x_wconf 71' lang='grc' dir='ltr'>εἶναι</span> <span class='ocrx_word' id='word_1_31' title='bbox 467 253 514 279; x_wconf 74' lang='grc' dir='ltr'>καὶ</span> <span class='ocrx_word' id='word_1_32' title='bbox 531 253 663 289; x_wconf 82' lang='grc' dir='ltr'><strong>ὑπάρχειν</strong></span> <span class='ocrx_word' id='word_1_33' title='bbox 681 255 872 288; x_wconf 84' lang='grc' dir='ltr'>ἱδιοσυστάτως</span> 
     </span>
    </p>
   </div>
   <div class='ocr_carea' id='block_1_7' title="bbox 75 297 871 334">
    <p class='ocr_par' dir='ltr' id='par_1_7' title="bbox 75 297 871 334">
     <span class='ocr_line' id='line_1_7' title="bbox 75 297 871 334; baseline 0.005 -11"><span class='ocrx_word' id='word_1_34' title='bbox 75 297 153 324; x_wconf 82' lang='grc' dir='ltr'>αὑτό.</span> <span class='ocrx_word' id='word_1_35' title='bbox 174 297 212 324; x_wconf 79' lang='grc' dir='ltr'><strong>Οὐ</strong></span> <span class='ocrx_word' id='word_1_36' title='bbox 236 298 292 333; x_wconf 86' lang='grc' dir='ltr'><strong>γὰρ</strong></span> <span class='ocrx_word' id='word_1_37' title='bbox 320 298 386 330; x_wconf 81' lang='grc' dir='ltr'><strong>Υἱὸς</strong></span> <span class='ocrx_word' id='word_1_38' title='bbox 412 299 443 325; x_wconf 77' lang='grc' dir='ltr'>τὸ</span> <span class='ocrx_word' id='word_1_39' title='bbox 467 298 580 334; x_wconf 84' lang='grc' dir='ltr'>Πνεῦμά</span> <span class='ocrx_word' id='word_1_40' title='bbox 609 301 700 331; x_wconf 79' lang='grc' dir='ltr'>ἐστιν,</span> <span class='ocrx_word' id='word_1_41' title='bbox 717 300 774 326; x_wconf 87' lang='grc' dir='ltr'>ἀλλ’</span> <span class='ocrx_word' id='word_1_42' title='bbox 787 301 871 332; x_wconf 76' lang='grc' dir='ltr'>ὅντως</span> 
     </span>
    </p>
   </div>
   <div class='ocr_carea' id='block_1_8' title="bbox 76 343 871 381">
    <p class='ocr_par' dir='ltr' id='par_1_8' title="bbox 76 343 871 381">
     <span class='ocr_line' id='line_1_8' title="bbox 76 343 871 381; baseline 0.004 -12"><span class='ocrx_word' id='word_1_43' title='bbox 76 343 149 375; x_wconf 73' lang='grc' dir='ltr'>ἰδίως</span> <span class='ocrx_word' id='word_1_44' title='bbox 163 352 193 370; x_wconf 81' lang='grc' dir='ltr'><strong>τε</strong></span> <span class='ocrx_word' id='word_1_45' title='bbox 209 343 239 370; x_wconf 82' lang='grc' dir='ltr'><strong>ὃν</strong></span> <span class='ocrx_word' id='word_1_46' title='bbox 267 344 316 370; x_wconf 76' lang='grc' dir='ltr'>καὶ</span> <span class='ocrx_word' id='word_1_47' title='bbox 330 344 453 379; x_wconf 81' lang='grc' dir='ltr'>ὑπάρχον</span> <span class='ocrx_word' id='word_1_48' title='bbox 466 344 540 372; x_wconf 81' lang='grc' dir='ltr'>τοῦθ’</span> <span class='ocrx_word' id='word_1_49' title='bbox 557 345 625 381; x_wconf 83' lang='grc' dir='ltr'>ὅπερ</span> <span class='ocrx_word' id='word_1_50' title='bbox 637 345 712 372; x_wconf 72' lang='grc' dir='ltr'>ἐστὶν</span> <span class='ocrx_word' id='word_1_51' title='bbox 728 347 756 372; x_wconf 83' lang='grc' dir='ltr'><strong>ἐν</strong></span> <span class='ocrx_word' id='word_1_52' title='bbox 780 346 871 372; x_wconf 80' lang='grc' dir='ltr'><strong>πίστει</strong></span> 
     </span>
    </p>
   </div>
   <div class='ocr_carea' id='block_1_9' title="bbox 74 390 870 428">
    <p class='ocr_par' dir='ltr' id='par_1_9' title="bbox 74 390 870 428">
     <span class='ocr_line' id='line_1_9' title="bbox 74 390 870 428; baseline 0.005 -12"><span class='ocrx_word' id='word_1_53' title='bbox 74 390 299 425; x_wconf 78' lang='grc' dir='ltr'><strong>παραδεξόμεθα.</strong></span> <span class='ocrx_word' id='word_1_54' title='bbox 315 391 428 427; x_wconf 82' lang='grc' dir='ltr'><strong>Πνεῦμα</strong></span> <span class='ocrx_word' id='word_1_55' title='bbox 440 393 495 427; x_wconf 83' lang='grc' dir='ltr'>γάρ</span> <span class='ocrx_word' id='word_1_56' title='bbox 509 393 567 418; x_wconf 84' lang='grc' dir='ltr'>ἐστι</span> <span class='ocrx_word' id='word_1_57' title='bbox 581 391 628 418; x_wconf 84' lang='grc' dir='ltr'>τοῦ</span> <span class='ocrx_word' id='word_1_58' title='bbox 641 393 747 428; x_wconf 75' lang='grc' dir='ltr'>Πατρός</span> <span class='ocrx_word' id='word_1_59' title='bbox 764 393 812 419; x_wconf 78' lang='grc' dir='ltr'><strong>καὶ</strong></span> <span class='ocrx_word' id='word_1_60' title='bbox 825 393 870 420; x_wconf 86' lang='grc' dir='ltr'>τοῦ</span> 
     </span>
    </p>
   </div>
   <div class='ocr_carea' id='block_1_10' title="bbox 75 435 871 474">
    <p class='ocr_par' dir='ltr' id='par_1_10' title="bbox 75 435 871 474">
     <span class='ocr_line' id='line_1_10' title="bbox 75 435 871 474; baseline 0.005 -12"><span class='ocrx_word' id='word_1_61' title='bbox 75 435 141 463; x_wconf 77' lang='grc' dir='ltr'>Υίοῦ</span> <span class='ocrx_word' id='word_1_62' title='bbox 152 436 245 468; x_wconf 72' lang='grc' dir='ltr'>ἐἰδὼς</span> <span class='ocrx_word' id='word_1_63' title='bbox 258 437 287 463; x_wconf 86' lang='grc' dir='ltr'>δὲ</span> <span class='ocrx_word' id='word_1_64' title='bbox 300 438 342 464; x_wconf 82' lang='grc' dir='ltr'>ὅτι</span> <span class='ocrx_word' id='word_1_65' title='bbox 355 439 401 465; x_wconf 78' lang='grc' dir='ltr'>καὶ</span> <span class='ocrx_word' id='word_1_66' title='bbox 414 439 494 470; x_wconf 82' lang='grc' dir='ltr'>αὐτὸς</span> <span class='ocrx_word' id='word_1_67' title='bbox 505 439 681 474; x_wconf 84' lang='grc' dir='ltr'>Παράκλητός</span> <span class='ocrx_word' id='word_1_68' title='bbox 691 440 748 466; x_wconf 84' lang='grc' dir='ltr'>ἐστί</span> <span class='ocrx_word' id='word_1_69' title='bbox 759 448 788 466; x_wconf 86' lang='grc' dir='ltr'><strong>τε</strong></span> <span class='ocrx_word' id='word_1_70' title='bbox 801 440 871 466; x_wconf 75' lang='grc' dir='ltr'>κατὰ</span> 
     </span>
    </p>
   </div>
   <div class='ocr_carea' id='block_1_11' title="bbox 74 483 870 522">
    <p class='ocr_par' dir='ltr' id='par_1_11' title="bbox 74 483 870 522">
     <span class='ocr_line' id='line_1_11' title="bbox 74 483 870 522; baseline 0.004 -13"><span class='ocrx_word' id='word_1_71' title='bbox 74 483 217 518; x_wconf 72' lang='grc' dir='ltr'>ἀλήθειαν,</span> <span class='ocrx_word' id='word_1_72' title='bbox 233 484 280 511; x_wconf 68' lang='grc' dir='ltr'>καὶ</span> <span class='ocrx_word' id='word_1_73' title='bbox 301 485 330 510; x_wconf 82' lang='grc' dir='ltr'><strong>ὲν</strong></span> <span class='ocrx_word' id='word_1_74' title='bbox 349 486 405 516; x_wconf 87' lang='grc' dir='ltr'>τοῖς</span> <span class='ocrx_word' id='word_1_75' title='bbox 430 486 513 521; x_wconf 82' lang='grc' dir='ltr'><strong>ἱεροῖς</strong></span> <span class='ocrx_word' id='word_1_76' title='bbox 533 485 691 520; x_wconf 82' lang='grc' dir='ltr'>ὠνόμασται</span> <span class='ocrx_word' id='word_1_77' title='bbox 711 487 870 522; x_wconf 78' lang='grc' dir='ltr'>Γράμμασι,</span> 
     </span>
    </p>
   </div>
   <div class='ocr_carea' id='block_1_12' title="bbox 74 529 871 567">
    <p class='ocr_par' dir='ltr' id='par_1_12' title="bbox 74 529 871 567">
     <span class='ocr_line' id='line_1_12' title="bbox 74 529 871 567; baseline 0.003 -11"><span class='ocrx_word' id='word_1_78' title='bbox 74 529 260 566; x_wconf 84' lang='grc' dir='ltr'>Παράκλητον</span> <span class='ocrx_word' id='word_1_79' title='bbox 281 530 361 557; x_wconf 83' lang='grc' dir='ltr'>ἄλλον</span> <span class='ocrx_word' id='word_1_80' title='bbox 377 531 408 557; x_wconf 83' lang='grc' dir='ltr'>τὸ</span> <span class='ocrx_word' id='word_1_81' title='bbox 423 531 536 566; x_wconf 83' lang='grc' dir='ltr'><strong>Πνεῦμα</strong></span> <span class='ocrx_word' id='word_1_82' title='bbox 559 531 646 563; x_wconf 88' lang='grc' dir='ltr'>καλεῖ,</span> <span class='ocrx_word' id='word_1_83' title='bbox 664 532 713 567; x_wconf 70' lang='grc' dir='ltr'><strong>οὐχ</strong></span> <span class='ocrx_word' id='word_1_84' title='bbox 725 532 763 563; x_wconf 79' lang='grc' dir='ltr'>ὡς</span> <span class='ocrx_word' id='word_1_85' title='bbox 780 531 871 567; x_wconf 71' lang='grc' dir='ltr'>ἔτερόν</span> 
     </span>
    </p>
   </div>
   <div class='ocr_carea' id='block_1_13' title="bbox 73 576 872 613">
    <p class='ocr_par' dir='ltr' id='par_1_13' title="bbox 73 576 872 613">
     <span class='ocr_line' id='line_1_13' title="bbox 73 576 872 613; baseline 0.001 -10"><span class='ocrx_word' id='word_1_86' title='bbox 73 585 100 603; x_wconf 88' lang='grc' dir='ltr'><strong>τι</strong></span> <span class='ocrx_word' id='word_1_87' title='bbox 119 577 202 612; x_wconf 74' lang='grc' dir='ltr'>τυχὸν</span> <span class='ocrx_word' id='word_1_88' title='bbox 221 576 344 611; x_wconf 88' lang='grc' dir='ltr'>ἐνεργεῖν</span> <span class='ocrx_word' id='word_1_89' title='bbox 364 578 392 603; x_wconf 81' lang='grc' dir='ltr'><strong>ἐν</strong></span> <span class='ocrx_word' id='word_1_90' title='bbox 406 579 462 609; x_wconf 87' lang='grc' dir='ltr'>τοῖς</span> <span class='ocrx_word' id='word_1_91' title='bbox 479 577 566 611; x_wconf 81' lang='grc' dir='ltr'>ἁγίοις</span> <span class='ocrx_word' id='word_1_92' title='bbox 582 577 649 609; x_wconf 81' lang='grc' dir='ltr'>εζδὸς</span> <span class='ocrx_word' id='word_1_93' title='bbox 666 577 763 613; x_wconf 84' lang='grc' dir='ltr'>ῆόπερ</span> <span class='ocrx_word' id='word_1_94' title='bbox 780 577 812 604; x_wconf 80' lang='grc' dir='ltr'>ἂν</span> <span class='ocrx_word' id='word_1_95' title='bbox 825 577 872 604; x_wconf 67' lang='grc' dir='ltr'>καὶ</span> 
     </span>
    </p>
   </div>
   <div class='ocr_carea' id='block_1_14' title="bbox 74 619 872 662">
    <p class='ocr_par' dir='ltr' id='par_1_14' title="bbox 74 619 872 662">
     <span class='ocr_line' id='line_1_14' title="bbox 74 619 872 662; baseline 0 -12"><span class='ocrx_word' id='word_1_96' title='bbox 74 623 168 655; x_wconf 81' lang='grc' dir='ltr'>αὐτὸς,</span> <span class='ocrx_word' id='word_1_97' title='bbox 188 619 220 649; x_wconf 77' lang='grc' dir='ltr'><strong>οὗ</strong></span> <span class='ocrx_word' id='word_1_98' title='bbox 242 623 289 649; x_wconf 73' lang='grc' dir='ltr'>καὶ</span> <span class='ocrx_word' id='word_1_99' title='bbox 304 622 362 650; x_wconf 78' lang='grc' dir='ltr'>ἐστι</span> <span class='ocrx_word' id='word_1_100' title='bbox 380 623 427 651; x_wconf 74' lang='grc' dir='ltr'>καὶ</span> <span class='ocrx_word' id='word_1_101' title='bbox 443 624 552 662; x_wconf 69' lang='grc' dir='ltr'>λέγεται</span> <span class='ocrx_word' id='word_1_102' title='bbox 565 623 689 659; x_wconf 82' lang='grc' dir='ltr'>Πνεῦμα.</span> <span class='ocrx_word' id='word_1_103' title='bbox 706 624 767 651; x_wconf 74' lang='lat' dir='ltr'><strong>&quot;Ott</strong></span> <span class='ocrx_word' id='word_1_104' title='bbox 783 624 812 651; x_wconf 88' lang='grc' dir='ltr'><strong>δέ</strong></span> <span class='ocrx_word' id='word_1_105' title='bbox 826 624 872 650; x_wconf 86' lang='grc' dir='ltr'><strong>καί</strong></span> 
     </span>
    </p>
   </div>
   <div class='ocr_carea' id='block_1_15' title="bbox 75 669 871 706">
    <p class='ocr_par' dir='ltr' id='par_1_15' title="bbox 75 669 871 706">
     <span class='ocr_line' id='line_1_15' title="bbox 75 669 871 706; baseline 0.001 -11"><span class='ocrx_word' id='word_1_106' title='bbox 75 669 159 700; x_wconf 73' lang='grc' dir='ltr'>αὐτὸς</span> <span class='ocrx_word' id='word_1_107' title='bbox 182 669 364 705; x_wconf 80' lang='grc' dir='ltr'>Παράκλητος</span> <span class='ocrx_word' id='word_1_108' title='bbox 383 670 530 706; x_wconf 77' lang='grc' dir='ltr'><strong>ὠνομάσθη</strong></span> <span class='ocrx_word' id='word_1_109' title='bbox 554 679 584 698; x_wconf 86' lang='grc' dir='ltr'><strong>τε</strong></span> <span class='ocrx_word' id='word_1_110' title='bbox 601 670 649 697; x_wconf 74' lang='grc' dir='ltr'>καὶ</span> <span class='ocrx_word' id='word_1_111' title='bbox 673 670 746 696; x_wconf 77' lang='grc' dir='ltr'>ἐστιν</span> <span class='ocrx_word' id='word_1_112' title='bbox 763 671 777 697; x_wconf 98' lang='lat'><strong>6</strong></span> <span class='ocrx_word' id='word_1_113' title='bbox 799 670 871 702; x_wconf 82' lang='grc' dir='ltr'>Υἱὸς.</span> 
     </span>
    </p>
   </div>
   <div class='ocr_carea' id='block_1_16' title="bbox 76 716 871 752">
    <p class='ocr_par' dir='ltr' id='par_1_16' title="bbox 76 716 871 752">
     <span class='ocr_line' id='line_1_16' title="bbox 76 716 871 752; baseline 0 -10"><span class='ocrx_word' id='word_1_114' title='bbox 76 716 250 752; x_wconf 76' lang='grc' dir='ltr'><strong>μαρτυρήσει</strong></span> <span class='ocrx_word' id='word_1_115' title='bbox 259 716 348 750; x_wconf 86' lang='grc' dir='ltr'>λέγων</span> <span class='ocrx_word' id='word_1_116' title='bbox 360 716 374 742; x_wconf 97' lang='lat'><strong>6</strong></span> <span class='ocrx_word' id='word_1_117' title='bbox 395 716 537 750; x_wconf 81' lang='grc' dir='ltr'>Ἰωάνννης</span> <span class='ocrx_word' id='word_1_118' title='bbox 549 717 577 743; x_wconf 89' lang='grc' dir='ltr'><strong>ἐν</strong></span> <span class='ocrx_word' id='word_1_119' title='bbox 592 716 671 748; x_wconf 73' lang='grc' dir='ltr'>ἰδίαις</span> <span class='ocrx_word' id='word_1_120' title='bbox 681 718 851 751; x_wconf 78' lang='grc' dir='ltr'>συγγραφαῖς</span> <span class='ocrx_word' id='word_1_121' title='bbox 864 725 871 731; x_wconf 85' lang='grc'>·</span> 
     </span>
    </p>
   </div>
   <div class='ocr_carea' id='block_1_17' title="bbox 78 761 872 798">
    <p class='ocr_par' dir='ltr' id='par_1_17' title="bbox 78 761 872 798">
     <span class='ocr_line' id='line_1_17' title="bbox 78 761 872 798; baseline 0.001 -10"><span class='ocrx_word' id='word_1_122' title='bbox 78 771 88 788; x_wconf 80' lang='grc' dir='ltr'><strong>ι</strong></span> <span class='ocrx_word' id='word_1_123' title='bbox 107 761 204 789; x_wconf 84' lang='grc' dir='ltr'>Ταῦτα</span> <span class='ocrx_word' id='word_1_124' title='bbox 217 761 300 796; x_wconf 81' lang='grc' dir='ltr'>λέγω,</span> <span class='ocrx_word' id='word_1_125' title='bbox 313 762 405 796; x_wconf 81' lang='grc' dir='ltr'>φησὶν,</span> <span class='ocrx_word' id='word_1_126' title='bbox 416 761 481 797; x_wconf 85' lang='grc' dir='ltr'>ὑμῖν</span> <span class='ocrx_word' id='word_1_127' title='bbox 490 783 498 794; x_wconf 85' lang='grc'><strong>,</strong></span> <span class='ocrx_word' id='word_1_128' title='bbox 513 762 556 788; x_wconf 88' lang='grc' dir='ltr'><strong>ἱ¹να</strong></span> <span class='ocrx_word' id='word_1_129' title='bbox 570 761 608 798; x_wconf 88' lang='grc' dir='ltr'>μὴ</span> <span class='ocrx_word' id='word_1_130' title='bbox 617 761 801 798; x_wconf 86' lang='grc' dir='ltr'>ἀμαρτάνητε.</span> <span class='ocrx_word' id='word_1_131' title='bbox 811 762 872 789; x_wconf 80' lang='grc' dir='ltr'><strong>Ἐάν</strong></span> 
     </span>
    </p>
   </div>
   <div class='ocr_carea' id='block_1_18' title="bbox 73 808 871 845">
    <p class='ocr_par' dir='ltr' id='par_1_18' title="bbox 73 808 871 845">
     <span class='ocr_line' id='line_1_18' title="bbox 73 808 871 845; baseline 0.001 -10"><span class='ocrx_word' id='word_1_132' title='bbox 73 817 116 840; x_wconf 78' lang='grc' dir='ltr'><strong>τις</strong></span> <span class='ocrx_word' id='word_1_133' title='bbox 130 809 159 835; x_wconf 81' lang='grc' dir='ltr'>δὲ</span> <span class='ocrx_word' id='word_1_134' title='bbox 173 809 296 845; x_wconf 82' lang='grc' dir='ltr'>ἁμάρτῃ,</span> <span class='ocrx_word' id='word_1_135' title='bbox 308 809 483 844; x_wconf 75' lang='grc' dir='ltr'><strong>παράκλητον</strong></span> <span class='ocrx_word' id='word_1_136' title='bbox 498 808 595 844; x_wconf 74' lang='grc' dir='ltr'>ἔχομεν</span> <span class='ocrx_word' id='word_1_137' title='bbox 610 809 677 844; x_wconf 80' lang='grc' dir='ltr'>πρὸς</span> <span class='ocrx_word' id='word_1_138' title='bbox 692 809 737 836; x_wconf 77' lang='grc' dir='ltr'><strong>τὸν</strong></span> <span class='ocrx_word' id='word_1_139' title='bbox 753 809 871 845; x_wconf 85' lang='grc' dir='ltr'>Πατέρα,</span> 
     </span>
    </p>
   </div>
   <div class='ocr_carea' id='block_1_19' title="bbox 82 854 872 890">
    <p class='ocr_par' dir='ltr' id='par_1_19' title="bbox 82 854 872 890">
     <span class='ocr_line' id='line_1_19' title="bbox 82 854 872 890; baseline 0.001 -9"><span class='ocrx_word' id='word_1_140' title='bbox 82 854 189 890; x_wconf 80' lang='grc' dir='ltr'>Ἰησοῦν</span> <span class='ocrx_word' id='word_1_141' title='bbox 216 855 333 890; x_wconf 81' lang='grc' dir='ltr'>Χριστὸν</span> <span class='ocrx_word' id='word_1_142' title='bbox 356 855 481 888; x_wconf 83' lang='grc' dir='ltr'>δίκαιον,</span> <span class='ocrx_word' id='word_1_143' title='bbox 503 856 551 882; x_wconf 74' lang='grc' dir='ltr'>καὶ</span> <span class='ocrx_word' id='word_1_144' title='bbox 576 855 657 886; x_wconf 78' lang='grc' dir='ltr'>αὐτὸς</span> <span class='ocrx_word' id='word_1_145' title='bbox 677 855 789 890; x_wconf 67' lang='grc' dir='ltr'>ἱλασμός</span> <span class='ocrx_word' id='word_1_146' title='bbox 814 856 872 882; x_wconf 76' lang='grc' dir='ltr'>ἐστι</span> 
     </span>
    </p>
   </div>
   <div class='ocr_carea' id='block_1_20' title="bbox 75 899 877 937">
    <p class='ocr_par' dir='ltr' id='par_1_20' title="bbox 75 899 877 937">
     <span class='ocr_line' id='line_1_20' title="bbox 75 899 877 937; baseline 0.004 -12"><span class='ocrx_word' id='word_1_147' title='bbox 75 899 141 934; x_wconf 75' lang='grc' dir='ltr'>περὶ</span> <span class='ocrx_word' id='word_1_148' title='bbox 155 899 211 926; x_wconf 86' lang='grc' dir='ltr'><strong>τῶν</strong></span> <span class='ocrx_word' id='word_1_149' title='bbox 223 900 365 935; x_wconf 80' lang='grc' dir='ltr'>ἁμαρτιῶν</span> <span class='ocrx_word' id='word_1_150' title='bbox 378 900 483 935; x_wconf 76' lang='grc' dir='ltr'><strong>ἡμῶν.»</strong></span> <span class='ocrx_word' id='word_1_151' title='bbox 505 900 601 927; x_wconf 78' lang='grc' dir='ltr'><strong>¹Ἀλλον</strong></span> <span class='ocrx_word' id='word_1_152' title='bbox 617 900 706 927; x_wconf 82' lang='grc' dir='ltr'>τοίνυν</span> <span class='ocrx_word' id='word_1_153' title='bbox 732 901 877 937; x_wconf 87' lang='grc' dir='ltr'>Παράκλη-</span> 
     </span>
    </p>
   </div>
   <div class='ocr_carea' id='block_1_21' title="bbox 74 945 871 981">
    <p class='ocr_par' dir='ltr' id='par_1_21' title="bbox 74 945 871 981">
     <span class='ocr_line' id='line_1_21' title="bbox 74 945 871 981; baseline 0.001 -9"><span class='ocrx_word' id='word_1_154' title='bbox 74 955 120 972; x_wconf 86' lang='grc' dir='ltr'><strong>τον</strong></span> <span class='ocrx_word' id='word_1_155' title='bbox 136 946 167 972; x_wconf 72' lang='grc' dir='ltr'>τὸ</span> <span class='ocrx_word' id='word_1_156' title='bbox 185 945 298 980; x_wconf 81' lang='grc' dir='ltr'><strong>Πνεῦμα</strong></span> <span class='ocrx_word' id='word_1_157' title='bbox 313 946 401 977; x_wconf 83' lang='grc' dir='ltr'>καλεῖ,</span> <span class='ocrx_word' id='word_1_158' title='bbox 417 947 446 972; x_wconf 91' lang='grc' dir='ltr'><strong>ἐν</strong></span> <span class='ocrx_word' id='word_1_159' title='bbox 464 946 542 978; x_wconf 75' lang='grc' dir='ltr'>ἰδίαις</span> <span class='ocrx_word' id='word_1_160' title='bbox 558 946 608 981; x_wconf 77' lang='grc' dir='ltr'><strong>μὲν</strong></span> <span class='ocrx_word' id='word_1_161' title='bbox 625 946 790 974; x_wconf 77' lang='grc' dir='ltr'><strong>ὑποστάσεσι</strong></span> <span class='ocrx_word' id='word_1_162' title='bbox 804 949 871 973; x_wconf 80' lang='grc' dir='ltr'>νοεῖ-</span> 
     </span>
    </p>
   </div>
   <div class='ocr_carea' id='block_1_22' title="bbox 75 991 871 1028">
    <p class='ocr_par' dir='ltr' id='par_1_22' title="bbox 75 991 871 1028">
     <span class='ocr_line' id='line_1_22' title="bbox 75 991 871 1028; baseline 0.004 -11"><span class='ocrx_word' id='word_1_163' title='bbox 75 991 236 1018; x_wconf 77' lang='grc' dir='ltr'>σῢαιοέλων</span> <span class='ocrx_word' id='word_1_164' title='bbox 249 991 326 1024; x_wconf 78' lang='grc' dir='ltr'>αὐτὸ,</span> <span class='ocrx_word' id='word_1_165' title='bbox 334 991 468 1027; x_wconf 85' lang='grc' dir='ltr'>τοσαύτην</span> <span class='ocrx_word' id='word_1_166' title='bbox 475 1001 507 1026; x_wconf 91' lang='grc' dir='ltr'><strong>γε</strong></span> <span class='ocrx_word' id='word_1_167' title='bbox 520 992 573 1028; x_wconf 84' lang='grc' dir='ltr'><strong>μὴν</strong></span> <span class='ocrx_word' id='word_1_168' title='bbox 587 992 648 1027; x_wconf 68' lang='grc' dir='ltr'>ἔχον</span> <span class='ocrx_word' id='word_1_169' title='bbox 659 992 709 1028; x_wconf 86' lang='grc' dir='ltr'><strong>τὴν</strong></span> <span class='ocrx_word' id='word_1_170' title='bbox 721 993 871 1028; x_wconf 67' lang='grc' dir='ltr'>ἐμφέρειαν</span> 
     </span>
    </p>
   </div>
   <div class='ocr_carea' id='block_1_23' title="bbox 74 1038 872 1075">
    <p class='ocr_par' dir='ltr' id='par_1_23' title="bbox 74 1038 872 1075">
     <span class='ocr_line' id='line_1_23' title="bbox 74 1038 872 1075; baseline 0.003 -11"><span class='ocrx_word' id='word_1_171' title='bbox 74 1038 112 1070; x_wconf 81' lang='grc' dir='ltr'>ὡς</span> <span class='ocrx_word' id='word_1_172' title='bbox 136 1038 206 1073; x_wconf 79' lang='grc' dir='ltr'>πρὸς</span> <span class='ocrx_word' id='word_1_173' title='bbox 224 1038 316 1071; x_wconf 64' lang='grc' dir='ltr'>αὐτὴν,</span> <span class='ocrx_word' id='word_1_174' title='bbox 338 1038 387 1065; x_wconf 79' lang='grc' dir='ltr'><strong>καὶ</strong></span> <span class='ocrx_word' id='word_1_175' title='bbox 405 1038 624 1074; x_wconf 78' lang='grc' dir='ltr'><strong>ἀπαραλλάκτως</strong></span> <span class='ocrx_word' id='word_1_176' title='bbox 644 1039 731 1071; x_wconf 73' lang='grc' dir='ltr'>οὕτως</span> <span class='ocrx_word' id='word_1_177' title='bbox 750 1040 872 1075; x_wconf 81' lang='grc' dir='ltr'><strong>ἐνεργεῖν</strong></span> 
     </span>
    </p>
   </div>
   <div class='ocr_carea' id='block_1_24' title="bbox 76 1084 871 1121">
    <p class='ocr_par' dir='ltr' id='par_1_24' title="bbox 76 1084 871 1121">
     <span class='ocr_line' id='line_1_24' title="bbox 76 1084 871 1121; baseline 0 -10"><span class='ocrx_word' id='word_1_178' title='bbox 76 1084 170 1119; x_wconf 67' lang='grc' dir='ltr'>ἰσχύον</span> <span class='ocrx_word' id='word_1_179' title='bbox 182 1085 254 1121; x_wconf 55' lang='grc' dir='ltr'>ἄτερ</span> <span class='ocrx_word' id='word_1_180' title='bbox 267 1085 300 1112; x_wconf 88' lang='grc' dir='ltr'><strong>ἃν</strong></span> <span class='ocrx_word' id='word_1_181' title='bbox 322 1086 367 1112; x_wconf 72' lang='grc' dir='ltr'><strong>καὶ</strong></span> <span class='ocrx_word' id='word_1_182' title='bbox 385 1085 466 1117; x_wconf 80' lang='grc' dir='ltr'>αὐτὸς</span> <span class='ocrx_word' id='word_1_183' title='bbox 485 1085 609 1121; x_wconf 84' lang='grc' dir='ltr'>ἐνεργοίη</span> <span class='ocrx_word' id='word_1_184' title='bbox 628 1086 718 1121; x_wconf 67' lang='grc' dir='ltr'>τυχὸν,</span> <span class='ocrx_word' id='word_1_185' title='bbox 732 1086 769 1117; x_wconf 85' lang='grc' dir='ltr'><strong>ὡς</strong></span> <span class='ocrx_word' id='word_1_186' title='bbox 791 1086 871 1112; x_wconf 64' lang='grc' dir='ltr'>αὐτὴν</span> 
     </span>
    </p>
   </div>
   <div class='ocr_carea' id='block_1_25' title="bbox 74 1128 871 1167">
    <p class='ocr_par' dir='ltr' id='par_1_25' title="bbox 74 1128 871 1167">
     <span class='ocr_line' id='line_1_25' title="bbox 74 1128 871 1167; baseline 0.003 -11"><span class='ocrx_word' id='word_1_187' title='bbox 74 1128 146 1157; x_wconf 75' lang='grc' dir='ltr'>εἶναι</span> <span class='ocrx_word' id='word_1_188' title='bbox 161 1131 252 1158; x_wconf 82' lang='grc' dir='ltr'><strong>δοκεῖν</strong></span> <span class='ocrx_word' id='word_1_189' title='bbox 266 1131 312 1158; x_wconf 81' lang='grc' dir='ltr'>τὸν</span> <span class='ocrx_word' id='word_1_190' title='bbox 330 1131 404 1164; x_wconf 77' lang='grc' dir='ltr'>Υίὺν,</span> <span class='ocrx_word' id='word_1_191' title='bbox 418 1132 465 1158; x_wconf 83' lang='grc' dir='ltr'><strong>καὶ</strong></span> <span class='ocrx_word' id='word_1_192' title='bbox 479 1131 572 1167; x_wconf 73' lang='grc' dir='ltr'>ἕτερον</span> <span class='ocrx_word' id='word_1_193' title='bbox 587 1132 674 1158; x_wconf 81' lang='grc' dir='ltr'>οὐδέν.</span> <span class='ocrx_word' id='word_1_194' title='bbox 691 1132 802 1167; x_wconf 85' lang='grc' dir='ltr'><strong>Πνεῦμα</strong></span> <span class='ocrx_word' id='word_1_195' title='bbox 818 1131 871 1167; x_wconf 86' lang='grc' dir='ltr'>γάρ</span> 
     </span>
    </p>
   </div>
   <div class='ocr_carea' id='block_1_26' title="bbox 73 1178 872 1214">
    <p class='ocr_par' dir='ltr' id='par_1_26' title="bbox 73 1178 872 1214">
     <span class='ocr_line' id='line_1_26' title="bbox 73 1178 872 1214; baseline 0 -10"><span class='ocrx_word' id='word_1_196' title='bbox 73 1179 149 1205; x_wconf 81' lang='grc' dir='ltr'>ἐστιν</span> <span class='ocrx_word' id='word_1_197' title='bbox 167 1178 263 1205; x_wconf 81' lang='grc' dir='ltr'>αὑτοῦ.</span> <span class='ocrx_word' id='word_1_198' title='bbox 284 1179 339 1205; x_wconf 70' lang='grc' dir='ltr'><strong>Καὶ</strong></span> <span class='ocrx_word' id='word_1_199' title='bbox 364 1178 429 1214; x_wconf 87' lang='grc' dir='ltr'>γοῦν</span> <span class='ocrx_word' id='word_1_200' title='bbox 453 1179 504 1214; x_wconf 82' lang='grc' dir='ltr'>τῆς</span> <span class='ocrx_word' id='word_1_201' title='bbox 524 1178 652 1214; x_wconf 80' lang='grc' dir='ltr'>ἀληθείας</span> <span class='ocrx_word' id='word_1_202' title='bbox 667 1178 731 1205; x_wconf 74' lang='grc' dir='ltr'>αὐτὸ</span> <span class='ocrx_word' id='word_1_203' title='bbox 753 1179 872 1205; x_wconf 84' lang='grc' dir='ltr'>κατωνό-</span> 
     </span>
    </p>
   </div>
   <div class='ocr_carea' id='block_1_27' title="bbox 76 1223 872 1260">
    <p class='ocr_par' dir='ltr' id='par_1_27' title="bbox 76 1223 872 1260">
     <span class='ocr_line' id='line_1_27' title="bbox 76 1223 872 1260; baseline 0 -10"><span class='ocrx_word' id='word_1_204' title='bbox 76 1232 148 1258; x_wconf 87' lang='grc' dir='ltr'>μασε</span> <span class='ocrx_word' id='word_1_205' title='bbox 164 1223 281 1258; x_wconf 87' lang='grc' dir='ltr'>Πνεῦμα</span> <span class='ocrx_word' id='word_1_206' title='bbox 292 1224 340 1250; x_wconf 83' lang='grc' dir='ltr'><strong>καὶ</strong></span> <span class='ocrx_word' id='word_1_207' title='bbox 354 1224 398 1251; x_wconf 79' lang='grc' dir='ltr'><strong>διὰ</strong></span> <span class='ocrx_word' id='word_1_208' title='bbox 407 1223 462 1250; x_wconf 82' lang='grc' dir='ltr'><strong>τῶν</strong></span> <span class='ocrx_word' id='word_1_209' title='bbox 479 1225 669 1260; x_wconf 81' lang='grc' dir='ltr'>προκειμένων</span> <span class='ocrx_word' id='word_1_210' title='bbox 689 1224 783 1251; x_wconf 81' lang='grc' dir='ltr'>ἑαυτὸν</span> <span class='ocrx_word' id='word_1_211' title='bbox 803 1223 872 1251; x_wconf 75' lang='grc' dir='ltr'>εἴναι</span> 
     </span>
    </p>
   </div>
   <div class='ocr_carea' id='block_1_28' title="bbox 73 1270 873 1306">
    <p class='ocr_par' dir='ltr' id='par_1_28' title="bbox 73 1270 873 1306">
     <span class='ocr_line' id='line_1_28' title="bbox 73 1270 873 1306; baseline 0 -10"><span class='ocrx_word' id='word_1_212' title='bbox 73 1270 124 1305; x_wconf 84' lang='grc' dir='ltr'>τὴν</span> <span class='ocrx_word' id='word_1_213' title='bbox 143 1270 274 1305; x_wconf 81' lang='grc' dir='ltr'>ἀλήθειαν</span> <span class='ocrx_word' id='word_1_214' title='bbox 284 1270 381 1305; x_wconf 77' lang='grc' dir='ltr'>λέγων.</span> <span class='ocrx_word' id='word_1_215' title='bbox 401 1270 470 1297; x_wconf 83' lang='grc' dir='ltr'>Ἀλλ’</span> <span class='ocrx_word' id='word_1_216' title='bbox 482 1271 540 1306; x_wconf 87' lang='grc' dir='ltr'>ἐρεῖ</span> <span class='ocrx_word' id='word_1_217' title='bbox 550 1280 591 1303; x_wconf 85' lang='grc' dir='ltr'><strong>τις</strong></span> <span class='ocrx_word' id='word_1_218' title='bbox 603 1271 716 1303; x_wconf 80' lang='grc' dir='ltr'><strong>εἰκότως</strong></span> <span class='ocrx_word' id='word_1_219' title='bbox 725 1272 781 1302; x_wconf 83' lang='grc' dir='ltr'>τοῖς</span> <span class='ocrx_word' id='word_1_220' title='bbox 796 1271 873 1297; x_wconf 77' lang='grc' dir='ltr'>ἀλλό-</span> 
     </span>
    </p>
   </div>
   <div class='ocr_carea' id='block_1_29' title="bbox 74 1314 872 1352">
    <p class='ocr_par' dir='ltr' id='par_1_29' title="bbox 74 1314 872 1352">
     <span class='ocr_line' id='line_1_29' title="bbox 74 1314 872 1352; baseline 0.001 -10"><span class='ocrx_word' id='word_1_221' title='bbox 74 1325 151 1351; x_wconf 85' lang='grc' dir='ltr'>τριον</span> <span class='ocrx_word' id='word_1_222' title='bbox 169 1314 244 1343; x_wconf 73' lang='grc' dir='ltr'>εἶναι</span> <span class='ocrx_word' id='word_1_223' title='bbox 255 1316 397 1352; x_wconf 79' lang='grc' dir='ltr'>νομίζουσι</span> <span class='ocrx_word' id='word_1_224' title='bbox 411 1316 457 1344; x_wconf 81' lang='grc' dir='ltr'>τὸν</span> <span class='ocrx_word' id='word_1_225' title='bbox 472 1316 534 1343; x_wconf 85' lang='grc' dir='ltr'>Υίὸν</span> <span class='ocrx_word' id='word_1_226' title='bbox 550 1316 599 1352; x_wconf 83' lang='grc' dir='ltr'>τῆς</span> <span class='ocrx_word' id='word_1_227' title='bbox 615 1317 661 1343; x_wconf 90' lang='grc' dir='ltr'>τοῦ</span> <span class='ocrx_word' id='word_1_228' title='bbox 677 1317 745 1343; x_wconf 81' lang='grc' dir='ltr'>Θεοῦ</span> <span class='ocrx_word' id='word_1_229' title='bbox 757 1317 802 1344; x_wconf 71' lang='grc' dir='ltr'><strong>καὶ</strong></span> <span class='ocrx_word' id='word_1_230' title='bbox 818 1317 872 1343; x_wconf 63' lang='grc' dir='ltr'><strong>Παλ</strong></span> 
     </span>
    </p>
   </div>
   <div class='ocr_carea' id='block_1_30' title="bbox 75 1362 873 1398">
    <p class='ocr_par' dir='ltr' id='par_1_30' title="bbox 75 1362 873 1398">
     <span class='ocr_line' id='line_1_30' title="bbox 75 1362 873 1398; baseline 0 -10"><span class='ocrx_word' id='word_1_231' title='bbox 75 1362 141 1397; x_wconf 83' lang='grc' dir='ltr'>τρδς</span> <span class='ocrx_word' id='word_1_232' title='bbox 163 1362 276 1394; x_wconf 80' lang='grc' dir='ltr'>οὐσίας·</span> <span class='ocrx_word' id='word_1_233' title='bbox 294 1363 349 1389; x_wconf 78' lang='grc' dir='ltr'>Καὶ</span> <span class='ocrx_word' id='word_1_234' title='bbox 373 1362 442 1394; x_wconf 84' lang='grc' dir='ltr'>πῶς,</span> <span class='ocrx_word' id='word_1_235' title='bbox 462 1362 522 1389; x_wconf 82' lang='grc' dir='ltr'>εἰπέ</span> <span class='ocrx_word' id='word_1_236' title='bbox 547 1371 611 1398; x_wconf 87' lang='grc' dir='ltr'>μοι,</span> <span class='ocrx_word' id='word_1_237' title='bbox 625 1362 655 1389; x_wconf 79' lang='grc' dir='ltr'>τὸ</span> <span class='ocrx_word' id='word_1_238' title='bbox 671 1363 720 1398; x_wconf 80' lang='grc' dir='ltr'>τῆς</span> <span class='ocrx_word' id='word_1_239' title='bbox 744 1362 873 1397; x_wconf 76' lang='grc' dir='ltr'><strong>ἀληθείας</strong></span> 
     </span>
    </p>
   </div>
   <div class='ocr_carea' id='block_1_31' title="bbox 76 1408 872 1445">
    <p class='ocr_par' dir='ltr' id='par_1_31' title="bbox 76 1408 872 1445">
     <span class='ocr_line' id='line_1_31' title="bbox 76 1408 872 1445; baseline 0 -10"><span class='ocrx_word' id='word_1_240' title='bbox 76 1408 191 1444; x_wconf 81' lang='grc' dir='ltr'>Πνεῦμα</span> <span class='ocrx_word' id='word_1_241' title='bbox 204 1429 211 1441; x_wconf 88' lang='grc'><strong>,</strong></span> <span class='ocrx_word' id='word_1_242' title='bbox 228 1409 301 1435; x_wconf 81' lang='grc' dir='ltr'>τοῦτ’</span> <span class='ocrx_word' id='word_1_243' title='bbox 319 1409 376 1435; x_wconf 75' lang='grc' dir='ltr'>ἐστι</span> <span class='ocrx_word' id='word_1_244' title='bbox 396 1409 426 1435; x_wconf 77' lang='grc' dir='ltr'>τὸ</span> <span class='ocrx_word' id='word_1_245' title='bbox 443 1409 491 1436; x_wconf 69' lang='grc' dir='ltr'>τοῦ</span> <span class='ocrx_word' id='word_1_246' title='bbox 515 1409 591 1441; x_wconf 83' lang='grc' dir='ltr'>Υὶοῦ,</span> <span class='ocrx_word' id='word_1_247' title='bbox 610 1409 718 1436; x_wconf 83' lang='grc' dir='ltr'>δίδωσιν</span> <span class='ocrx_word' id='word_1_248' title='bbox 737 1409 751 1435; x_wconf 91' lang='grc' dir='ltr'><strong>ό</strong></span> <span class='ocrx_word' id='word_1_249' title='bbox 767 1408 872 1445; x_wconf 84' lang='grc' dir='ltr'>Πατὴρ,</span> 
     </span>
    </p>
   </div>
   <div class='ocr_carea' id='block_1_32' title="bbox 74 1455 873 1492">
    <p class='ocr_par' dir='ltr' id='par_1_32' title="bbox 74 1455 873 1492">
     <span class='ocr_line' id='line_1_32' title="bbox 74 1455 873 1492; baseline 0.001 -11"><span class='ocrx_word' id='word_1_250' title='bbox 74 1455 125 1489; x_wconf 73' lang='grc' dir='ltr'><strong>οὐχ</strong></span> <span class='ocrx_word' id='word_1_251' title='bbox 151 1455 189 1486; x_wconf 83' lang='grc' dir='ltr'>ὡς</span> <span class='ocrx_word' id='word_1_252' title='bbox 220 1455 327 1491; x_wconf 85' lang='grc' dir='ltr'>ξένονῆ</span> <span class='ocrx_word' id='word_1_253' title='bbox 348 1455 498 1491; x_wconf 85' lang='grc' dir='ltr'>ἀλλότριον,</span> <span class='ocrx_word' id='word_1_254' title='bbox 515 1455 572 1482; x_wconf 81' lang='grc' dir='ltr'>ἀλλ’</span> <span class='ocrx_word' id='word_1_255' title='bbox 591 1456 629 1487; x_wconf 84' lang='grc' dir='ltr'>ὡς</span> <span class='ocrx_word' id='word_1_256' title='bbox 658 1455 723 1482; x_wconf 79' lang='grc' dir='ltr'>ἴδιον</span> <span class='ocrx_word' id='word_1_257' title='bbox 749 1455 873 1492; x_wconf 79' lang='grc' dir='ltr'>Πνεῦμα,</span> 
     </span>
    </p>
   </div>
   <div class='ocr_carea' id='block_1_33' title="bbox 76 1501 874 1538">
    <p class='ocr_par' dir='ltr' id='par_1_33' title="bbox 76 1501 874 1538">
     <span class='ocr_line' id='line_1_33' title="bbox 76 1501 874 1538; baseline 0.003 -11"><span class='ocrx_word' id='word_1_258' title='bbox 76 1502 167 1527; x_wconf 87' lang='grc' dir='ltr'>καίτοι</span> <span class='ocrx_word' id='word_1_259' title='bbox 185 1501 246 1527; x_wconf 82' lang='grc' dir='ltr'>καθ’</span> <span class='ocrx_word' id='word_1_260' title='bbox 270 1502 344 1537; x_wconf 79' lang='grc' dir='ltr'>ἡμᾶς</span> <span class='ocrx_word' id='word_1_261' title='bbox 366 1501 543 1538; x_wconf 76' lang='grc' dir='ltr'>διωρισμένον</span> <span class='ocrx_word' id='word_1_262' title='bbox 566 1501 635 1536; x_wconf 73' lang='grc' dir='ltr'>ἔχων</span> <span class='ocrx_word' id='word_1_263' title='bbox 649 1502 699 1537; x_wconf 83' lang='grc' dir='ltr'>τῆς</span> <span class='ocrx_word' id='word_1_264' title='bbox 719 1502 814 1534; x_wconf 71' lang='grc' dir='ltr'>οὐσίας</span> <span class='ocrx_word' id='word_1_265' title='bbox 829 1503 874 1529; x_wconf 82' lang='grc' dir='ltr'><strong>τὸν</strong></span> 
     </span>
    </p>
   </div>
   <div class='ocr_carea' id='block_1_34' title="bbox 75 1547 873 1584">
    <p class='ocr_par' dir='ltr' id='par_1_34' title="bbox 75 1547 873 1584">
     <span class='ocr_line' id='line_1_34' title="bbox 75 1547 873 1584; baseline 0.001 -10"><span class='ocrx_word' id='word_1_266' title='bbox 75 1548 166 1582; x_wconf 79' lang='grc' dir='ltr'>Λόγον</span> <span class='ocrx_word' id='word_1_267' title='bbox 181 1548 249 1584; x_wconf 76' lang='grc' dir='ltr'>πρὸς</span> <span class='ocrx_word' id='word_1_268' title='bbox 265 1548 311 1575; x_wconf 76' lang='grc' dir='ltr'>τὸν</span> <span class='ocrx_word' id='word_1_269' title='bbox 329 1549 408 1580; x_wconf 79' lang='grc' dir='ltr'>Υὶδν,</span> <span class='ocrx_word' id='word_1_270' title='bbox 426 1549 473 1575; x_wconf 82' lang='grc' dir='ltr'>καὶ</span> <span class='ocrx_word' id='word_1_271' title='bbox 489 1547 555 1575; x_wconf 88' lang='grc' dir='ltr'><strong>Υίοῦ</strong></span> <span class='ocrx_word' id='word_1_272' title='bbox 566 1550 596 1575; x_wconf 83' lang='grc' dir='ltr'>τὸ</span> <span class='ocrx_word' id='word_1_273' title='bbox 614 1548 726 1584; x_wconf 86' lang='grc' dir='ltr'>Πνεῦμά</span> <span class='ocrx_word' id='word_1_274' title='bbox 744 1549 873 1583; x_wconf 85' lang='grc' dir='ltr'>ἐστιν;οὺ</span> 
     </span>
    </p>
   </div>
   <div class='ocr_carea' id='block_1_35' title="bbox 75 1593 875 1631">
    <p class='ocr_par' dir='ltr' id='par_1_35' title="bbox 75 1593 875 1631">
     <span class='ocr_line' id='line_1_35' title="bbox 75 1593 875 1631; baseline 0 -10"><span class='ocrx_word' id='word_1_275' title='bbox 75 1595 133 1631; x_wconf 72' lang='grc' dir='ltr'><strong>γὰρ</strong></span> <span class='ocrx_word' id='word_1_276' title='bbox 159 1596 201 1622; x_wconf 87' lang='grc' dir='ltr'>ὅτι</span> <span class='ocrx_word' id='word_1_277' title='bbox 226 1595 388 1630; x_wconf 79' lang='grc' dir='ltr'>ἀμφίλογον.</span> <span class='ocrx_word' id='word_1_278' title='bbox 414 1595 475 1626; x_wconf 82' lang='grc' dir='ltr'>Πῶς</span> <span class='ocrx_word' id='word_1_279' title='bbox 489 1595 517 1622; x_wconf 81' lang='grc' dir='ltr'>δὲ</span> <span class='ocrx_word' id='word_1_280' title='bbox 534 1593 567 1622; x_wconf 80' lang='grc' dir='ltr'>αὗ</span> <span class='ocrx_word' id='word_1_281' title='bbox 590 1594 683 1627; x_wconf 78' lang='grc' dir='ltr'>πάλιν,</span> <span class='ocrx_word' id='word_1_282' title='bbox 706 1595 786 1631; x_wconf 75' lang='grc' dir='ltr'>εἴπερ</span> <span class='ocrx_word' id='word_1_283' title='bbox 802 1596 875 1622; x_wconf 80' lang='grc' dir='ltr'>ἐστὶν</span> 
     </span>
    </p>
   </div>
   <div class='ocr_carea' id='block_1_36' title="bbox 77 1639 876 1676">
    <p class='ocr_par' dir='ltr' id='par_1_36' title="bbox 77 1639 876 1676">
     <span class='ocr_line' id='line_1_36' title="bbox 77 1639 876 1676; baseline -0.001 -9"><span class='ocrx_word' id='word_1_284' title='bbox 77 1641 251 1676; x_wconf 54' lang='grc' dir='ltr'>ἐτεωύσιος</span> <span class='ocrx_word' id='word_1_285' title='bbox 260 1641 274 1667; x_wconf 86' lang='grc' dir='ltr'><strong>ὁ</strong></span> <span class='ocrx_word' id='word_1_286' title='bbox 285 1640 360 1673; x_wconf 76' lang='grc' dir='ltr'>Υἱὸς,</span> <span class='ocrx_word' id='word_1_287' title='bbox 370 1641 400 1667; x_wconf 80' lang='grc' dir='ltr'>τὸ</span> <span class='ocrx_word' id='word_1_288' title='bbox 415 1641 462 1667; x_wconf 79' lang='grc' dir='ltr'>τοῦ</span> <span class='ocrx_word' id='word_1_289' title='bbox 473 1640 580 1676; x_wconf 81' lang='grc' dir='ltr'>Πατρὸς</span> <span class='ocrx_word' id='word_1_290' title='bbox 597 1639 708 1675; x_wconf 83' lang='grc' dir='ltr'>Πνεῦμα</span> <span class='ocrx_word' id='word_1_291' title='bbox 718 1640 824 1667; x_wconf 80' lang='grc' dir='ltr'>δίδωσιν</span> <span class='ocrx_word' id='word_1_292' title='bbox 838 1640 876 1673; x_wconf 79' lang='grc' dir='ltr'>ὡς</span> 
     </span>
    </p>
   </div>
   <div class='ocr_carea' id='block_1_37' title="bbox 77 1685 875 1722">
    <p class='ocr_par' dir='ltr' id='par_1_37' title="bbox 77 1685 875 1722">
     <span class='ocr_line' id='line_1_37' title="bbox 77 1685 875 1722; baseline 0 -10"><span class='ocrx_word' id='word_1_293' title='bbox 77 1685 192 1718; x_wconf 57' lang='lat' dir='ltr'><strong>tauros;</strong></span> <span class='ocrx_word' id='word_1_294' title='bbox 203 1686 361 1721; x_wconf 73' lang='grc' dir='ltr'><strong>Γέγραπται</strong></span> <span class='ocrx_word' id='word_1_295' title='bbox 376 1686 430 1722; x_wconf 85' lang='grc' dir='ltr'><strong>γὰρ</strong></span> <span class='ocrx_word' id='word_1_296' title='bbox 439 1686 480 1713; x_wconf 73' lang='grc' dir='ltr'>ὅτι</span> <span class='ocrx_word' id='word_1_297' title='bbox 495 1685 647 1721; x_wconf 79' lang='grc' dir='ltr'><strong>ἐνεφύσησε</strong></span> <span class='ocrx_word' id='word_1_298' title='bbox 657 1687 713 1718; x_wconf 86' lang='grc' dir='ltr'>τοῖς</span> <span class='ocrx_word' id='word_1_299' title='bbox 729 1686 875 1722; x_wconf 84' lang='grc' dir='ltr'>μαθηταῖς,</span> 
     </span>
    </p>
   </div>
   <div class='ocr_carea' id='block_1_38' title="bbox 77 1729 876 1768">
    <p class='ocr_par' dir='ltr' id='par_1_38' title="bbox 77 1729 876 1768">
     <span class='ocr_line' id='line_1_38' title="bbox 77 1729 876 1768; baseline 0 -10"><span class='ocrx_word' id='word_1_300' title='bbox 77 1731 167 1766; x_wconf 80' lang='grc' dir='ltr'>λέγων</span> <span class='ocrx_word' id='word_1_301' title='bbox 179 1741 186 1747; x_wconf 67' lang='grc' dir='ltr'><strong>τ</strong></span> <span class='ocrx_word' id='word_1_302' title='bbox 205 1742 213 1757; x_wconf 86' lang='grc' dir='ltr'><strong>ι</strong></span> <span class='ocrx_word' id='word_1_303' title='bbox 229 1733 334 1759; x_wconf 78' lang='grc' dir='ltr'>Λάϐετε</span> <span class='ocrx_word' id='word_1_304' title='bbox 352 1732 466 1767; x_wconf 86' lang='grc' dir='ltr'>Πνεῦμα</span> <span class='ocrx_word' id='word_1_305' title='bbox 479 1732 565 1766; x_wconf 81' lang='grc' dir='ltr'>ἆγιον.</span> <span class='ocrx_word' id='word_1_306' title='bbox 588 1741 597 1757; x_wconf 76' lang='grc' dir='ltr'><strong>ι</strong></span> <span class='ocrx_word' id='word_1_307' title='bbox 612 1729 675 1768; x_wconf 69' lang='grc' dir='ltr'><strong>Ἆρ’</strong></span> <span class='ocrx_word' id='word_1_308' title='bbox 690 1729 737 1759; x_wconf 83' lang='grc' dir='ltr'>οὖν</span> <span class='ocrx_word' id='word_1_309' title='bbox 753 1732 803 1759; x_wconf 79' lang='grc' dir='ltr'>οὐκ</span> <span class='ocrx_word' id='word_1_310' title='bbox 818 1733 876 1767; x_wconf 83' lang='grc' dir='ltr'>οίή-</span> 
     </span>
    </p>
   </div>
   <div class='ocr_carea' id='block_1_39' title="bbox 79 1777 876 1814">
    <p class='ocr_par' dir='ltr' id='par_1_39' title="bbox 79 1777 876 1814">
     <span class='ocr_line' id='line_1_39' title="bbox 79 1777 876 1814; baseline 0 -10"><span class='ocrx_word' id='word_1_311' title='bbox 79 1779 158 1804; x_wconf 79' lang='grc' dir='ltr'>σεταί</span> <span class='ocrx_word' id='word_1_312' title='bbox 185 1787 228 1810; x_wconf 82' lang='grc' dir='ltr'><strong>τις</strong></span> <span class='ocrx_word' id='word_1_313' title='bbox 245 1778 294 1805; x_wconf 75' lang='grc' dir='ltr'>καὶ</span> <span class='ocrx_word' id='word_1_314' title='bbox 316 1777 390 1813; x_wconf 83' lang='grc' dir='ltr'>μάλα</span> <span class='ocrx_word' id='word_1_315' title='bbox 416 1778 538 1810; x_wconf 82' lang='grc' dir='ltr'>δικαίως,</span> <span class='ocrx_word' id='word_1_316' title='bbox 555 1777 656 1811; x_wconf 81' lang='grc' dir='ltr'>μᾶλλον</span> <span class='ocrx_word' id='word_1_317' title='bbox 681 1778 709 1804; x_wconf 79' lang='grc' dir='ltr'>δὲ</span> <span class='ocrx_word' id='word_1_318' title='bbox 733 1778 876 1814; x_wconf 84' lang='grc' dir='ltr'>ἀραρότως</span> 
     </span>
    </p>
   </div>
   <div class='ocr_carea' id='block_1_40' title="bbox 77 1824 876 1860">
    <p class='ocr_par' dir='ltr' id='par_1_40' title="bbox 77 1824 876 1860">
     <span class='ocr_line' id='line_1_40' title="bbox 77 1824 876 1860; baseline 0.001 -9"><span class='ocrx_word' id='word_1_319' title='bbox 77 1825 250 1851; x_wconf 75' lang='grc' dir='ltr'>διακείσεται</span> <span class='ocrx_word' id='word_1_320' title='bbox 265 1825 317 1854; x_wconf 78' lang='grc' dir='ltr'>ὅτι,</span> <span class='ocrx_word' id='word_1_321' title='bbox 335 1825 390 1852; x_wconf 84' lang='grc' dir='ltr'><strong>τῶν</strong></span> <span class='ocrx_word' id='word_1_322' title='bbox 415 1825 461 1851; x_wconf 84' lang='grc' dir='ltr'>τοῦ</span> <span class='ocrx_word' id='word_1_323' title='bbox 477 1824 545 1851; x_wconf 76' lang='grc' dir='ltr'>Θεοῦ</span> <span class='ocrx_word' id='word_1_324' title='bbox 565 1825 612 1852; x_wconf 75' lang='grc' dir='ltr'>καὶ</span> <span class='ocrx_word' id='word_1_325' title='bbox 629 1825 735 1860; x_wconf 84' lang='grc' dir='ltr'>Πατρδς</span> <span class='ocrx_word' id='word_1_326' title='bbox 753 1824 876 1860; x_wconf 81' lang='grc' dir='ltr'>φυσικῶν</span> 
     </span>
    </p>
   </div>
   <div class='ocr_carea' id='block_1_41' title="bbox 77 1869 876 1905">
    <p class='ocr_par' dir='ltr' id='par_1_41' title="bbox 77 1869 876 1905">
     <span class='ocr_line' id='line_1_41' title="bbox 77 1869 876 1905; baseline 0 -9"><span class='ocrx_word' id='word_1_327' title='bbox 77 1871 193 1904; x_wconf 78' lang='grc' dir='ltr'>ἀγαθῶν</span> <span class='ocrx_word' id='word_1_328' title='bbox 213 1870 353 1901; x_wconf 78' lang='grc' dir='ltr'>οὐσιωδῶς</span> <span class='ocrx_word' id='word_1_329' title='bbox 374 1870 504 1905; x_wconf 75' lang='grc' dir='ltr'>ὑπάρχων</span> <span class='ocrx_word' id='word_1_330' title='bbox 519 1870 657 1902; x_wconf 79' lang='grc' dir='ltr'>κοινωνὸς,</span> <span class='ocrx_word' id='word_1_331' title='bbox 669 1871 683 1896; x_wconf 91' lang='lat'><strong>6</strong></span> <span class='ocrx_word' id='word_1_332' title='bbox 697 1870 759 1902; x_wconf 81' lang='grc' dir='ltr'><strong>Υἱὸς</strong></span> <span class='ocrx_word' id='word_1_333' title='bbox 776 1869 832 1905; x_wconf 78' lang='grc' dir='ltr'>ἔχει</span> <span class='ocrx_word' id='word_1_334' title='bbox 847 1870 876 1896; x_wconf 82' lang='grc' dir='ltr'>τὸ</span> 
     </span>
    </p>
   </div>
   <div class='ocr_carea' id='block_1_42' title="bbox 78 1915 876 1951">
    <p class='ocr_par' dir='ltr' id='par_1_42' title="bbox 78 1915 876 1951">
     <span class='ocr_line' id='line_1_42' title="bbox 78 1915 876 1951; baseline -0.003 -8"><span class='ocrx_word' id='word_1_335' title='bbox 78 1916 196 1951; x_wconf 81' lang='grc' dir='ltr'>Πνεῦμα</span> <span class='ocrx_word' id='word_1_336' title='bbox 210 1917 282 1942; x_wconf 70' lang='grc' dir='ltr'>κατὰ</span> <span class='ocrx_word' id='word_1_337' title='bbox 292 1916 386 1943; x_wconf 85' lang='grc' dir='ltr'>τοῦτον</span> <span class='ocrx_word' id='word_1_338' title='bbox 401 1916 445 1942; x_wconf 75' lang='grc' dir='ltr'>τὸν</span> <span class='ocrx_word' id='word_1_339' title='bbox 459 1915 558 1951; x_wconf 82' lang='grc' dir='ltr'>τρόπον</span> <span class='ocrx_word' id='word_1_340' title='bbox 576 1915 728 1950; x_wconf 74' lang='grc' dir='ltr'>καθ’ὅνπερ</span> <span class='ocrx_word' id='word_1_341' title='bbox 745 1915 777 1942; x_wconf 76' lang='grc' dir='ltr'>ἂν</span> <span class='ocrx_word' id='word_1_342' title='bbox 790 1916 876 1942; x_wconf 82' lang='grc' dir='ltr'>νοοῖτο</span> 
     </span>
    </p>
   </div>
   <div class='ocr_carea' id='block_1_43' title="bbox 80 1960 881 1996">
    <p class='ocr_par' dir='ltr' id='par_1_43' title="bbox 80 1960 881 1996">
     <span class='ocr_line' id='line_1_43' title="bbox 80 1960 881 1996; baseline -0.001 -8"><span class='ocrx_word' id='word_1_343' title='bbox 80 1962 129 1988; x_wconf 79' lang='grc' dir='ltr'>καὶ</span> <span class='ocrx_word' id='word_1_344' title='bbox 145 1962 160 1988; x_wconf 87' lang='lat'><strong>6</strong></span> <span class='ocrx_word' id='word_1_345' title='bbox 176 1961 283 1996; x_wconf 78' lang='grc' dir='ltr'>Πατὴρ,</span> <span class='ocrx_word' id='word_1_346' title='bbox 295 1961 346 1988; x_wconf 84' lang='grc' dir='ltr'>οὐκ</span> <span class='ocrx_word' id='word_1_347' title='bbox 359 1961 477 1988; x_wconf 78' lang='grc' dir='ltr'>ἐπακτὸν</span> <span class='ocrx_word' id='word_1_348' title='bbox 492 1961 551 1987; x_wconf 69' lang='grc' dir='ltr'>οὐδὲ</span> <span class='ocrx_word' id='word_1_349' title='bbox 570 1960 680 1994; x_wconf 76' lang='grc' dir='ltr'>ἐξωθεν-</span> <span class='ocrx_word' id='word_1_350' title='bbox 696 1960 793 1996; x_wconf 78' lang='grc' dir='ltr'>εὔηθες</span> <span class='ocrx_word' id='word_1_351' title='bbox 810 1961 881 1995; x_wconf 77' lang='grc' dir='ltr'>γὰρ,-</span> 
     </span>
    </p>
   </div>
   <div class='ocr_carea' id='block_1_44' title="bbox 81 2007 876 2044">
    <p class='ocr_par' dir='ltr' id='par_1_44' title="bbox 81 2007 876 2044">
     <span class='ocr_line' id='line_1_44' title="bbox 81 2007 876 2044; baseline 0 -10"><span class='ocrx_word' id='word_1_352' title='bbox 81 2008 184 2043; x_wconf 82' lang='grc' dir='ltr'>μᾶλλον</span> <span class='ocrx_word' id='word_1_353' title='bbox 207 2009 235 2034; x_wconf 79' lang='grc' dir='ltr'>δὲ</span> <span class='ocrx_word' id='word_1_354' title='bbox 260 2007 373 2043; x_wconf 80' lang='grc' dir='ltr'>μανικὸν</span> <span class='ocrx_word' id='word_1_355' title='bbox 402 2007 432 2034; x_wconf 86' lang='grc' dir='ltr'><strong>τὺ</strong></span> <span class='ocrx_word' id='word_1_356' title='bbox 457 2007 528 2034; x_wconf 69' lang='grc' dir='ltr'>οὕτω</span> <span class='ocrx_word' id='word_1_357' title='bbox 557 2009 686 2043; x_wconf 81' lang='grc' dir='ltr'>φρονεῖν,</span> <span class='ocrx_word' id='word_1_358' title='bbox 708 2007 765 2034; x_wconf 83' lang='grc' dir='ltr'>ἀλλ’</span> <span class='ocrx_word' id='word_1_359' title='bbox 782 2007 876 2044; x_wconf 78' lang='grc' dir='ltr'>ὥσπερ</span> 
     </span>
    </p>
   </div>
   <div class='ocr_carea' id='block_1_45' title="bbox 80 2053 875 2090">
    <p class='ocr_par' dir='ltr' id='par_1_45' title="bbox 80 2053 875 2090">
     <span class='ocr_line' id='line_1_45' title="bbox 80 2053 875 2090; baseline -0.001 -9"><span class='ocrx_word' id='word_1_360' title='bbox 80 2054 161 2090; x_wconf 85' lang='grc' dir='ltr'>ἡμῶν</span> <span class='ocrx_word' id='word_1_361' title='bbox 186 2054 302 2086; x_wconf 74' lang='grc' dir='ltr'>ἕκαστος</span> <span class='ocrx_word' id='word_1_362' title='bbox 321 2054 351 2081; x_wconf 82' lang='grc' dir='ltr'>τὸ</span> <span class='ocrx_word' id='word_1_363' title='bbox 377 2054 441 2082; x_wconf 71' lang='grc' dir='ltr'>ἴδιον</span> <span class='ocrx_word' id='word_1_364' title='bbox 466 2055 495 2081; x_wconf 85' lang='grc' dir='ltr'>ὲν</span> <span class='ocrx_word' id='word_1_365' title='bbox 517 2053 606 2090; x_wconf 81' lang='grc' dir='ltr'>ἐαυτῷ</span> <span class='ocrx_word' id='word_1_366' title='bbox 622 2055 731 2089; x_wconf 87' lang='grc' dir='ltr'>πνεῦμα</span> <span class='ocrx_word' id='word_1_367' title='bbox 760 2055 875 2090; x_wconf 75' lang='grc' dir='ltr'>συνέχει,</span> 
     </span>
    </p>
   </div>
   <div class='ocr_carea' id='block_1_46' title="bbox 80 2100 877 2137">
    <p class='ocr_par' dir='ltr' id='par_1_46' title="bbox 80 2100 877 2137">
     <span class='ocr_line' id='line_1_46' title="bbox 80 2100 877 2137; baseline 0 -9"><span class='ocrx_word' id='word_1_368' title='bbox 80 2103 130 2129; x_wconf 73' lang='grc' dir='ltr'>καὶ</span> <span class='ocrx_word' id='word_1_369' title='bbox 145 2103 178 2128; x_wconf 86' lang='grc' dir='ltr'><strong>ἐκ</strong></span> <span class='ocrx_word' id='word_1_370' title='bbox 205 2101 260 2128; x_wconf 86' lang='grc' dir='ltr'><strong>τῶν</strong></span> <span class='ocrx_word' id='word_1_371' title='bbox 274 2101 425 2128; x_wconf 82' lang='grc' dir='ltr'>ἐνδοτάτων</span> <span class='ocrx_word' id='word_1_372' title='bbox 450 2100 613 2136; x_wconf 79' lang='grc' dir='ltr'>σπλάγχνων</span> <span class='ocrx_word' id='word_1_373' title='bbox 637 2101 676 2132; x_wconf 82' lang='grc' dir='ltr'>εἰς</span> <span class='ocrx_word' id='word_1_374' title='bbox 690 2100 720 2127; x_wconf 75' lang='grc' dir='ltr'><strong>τὸ</strong></span> <span class='ocrx_word' id='word_1_375' title='bbox 739 2100 791 2133; x_wconf 74' lang='grc' dir='ltr'><strong>ἔξω</strong></span> <span class='ocrx_word' id='word_1_376' title='bbox 810 2110 877 2137; x_wconf 83' lang='grc' dir='ltr'>προ-</span> 
     </span>
    </p>
   </div>
   <div class='ocr_carea' id='block_1_47' title="bbox 81 2145 878 2183">
    <p class='ocr_par' dir='ltr' id='par_1_47' title="bbox 81 2145 878 2183">
     <span class='ocr_line' id='line_1_47' title="bbox 81 2145 878 2183; baseline -0.001 -9"><span class='ocrx_word' id='word_1_377' title='bbox 81 2148 150 2183; x_wconf 71' lang='grc' dir='ltr'>χέει.</span> <span class='ocrx_word' id='word_1_378' title='bbox 187 2147 236 2174; x_wconf 84' lang='grc' dir='ltr'>Διὰ</span> <span class='ocrx_word' id='word_1_379' title='bbox 250 2147 305 2182; x_wconf 87' lang='grc' dir='ltr'>γάρ</span> <span class='ocrx_word' id='word_1_380' title='bbox 324 2155 364 2173; x_wconf 83' lang='grc' dir='ltr'><strong>τοι</strong></span> <span class='ocrx_word' id='word_1_381' title='bbox 391 2146 470 2173; x_wconf 84' lang='grc' dir='ltr'>τοῦτο</span> <span class='ocrx_word' id='word_1_382' title='bbox 492 2145 657 2181; x_wconf 83' lang='grc' dir='ltr'>σωματικῶς</span> <span class='ocrx_word' id='word_1_383' title='bbox 683 2146 848 2181; x_wconf 73' lang='grc' dir='ltr'>ἐνεφύσησεν</span> <span class='ocrx_word' id='word_1_384' title='bbox 864 2147 878 2173; x_wconf 87' lang='grc' dir='ltr'><strong>ὁ</strong></span> 
     </span>
    </p>
   </div>
   <div class='ocr_carea' id='block_1_48' title="bbox 81 2187 879 2226">
    <p class='ocr_par' dir='ltr' id='par_1_48' title="bbox 81 2187 879 2226">
     <span class='ocr_line' id='line_1_48' title="bbox 81 2187 879 2226; baseline 0 -9"><span class='ocrx_word' id='word_1_385' title='bbox 81 2187 211 2226; x_wconf 82' lang='grc' dir='ltr'>Χριστὸς,</span> <span class='ocrx_word' id='word_1_386' title='bbox 229 2190 336 2222; x_wconf 79' lang='grc' dir='ltr'>δεικνὺς</span> <span class='ocrx_word' id='word_1_387' title='bbox 355 2191 397 2217; x_wconf 79' lang='grc' dir='ltr'>ὅτι</span> <span class='ocrx_word' id='word_1_388' title='bbox 425 2190 551 2225; x_wconf 77' lang='grc' dir='ltr'>καθάπερ</span> <span class='ocrx_word' id='word_1_389' title='bbox 567 2190 599 2217; x_wconf 81' lang='grc' dir='ltr'><strong>ἐκ</strong></span> <span class='ocrx_word' id='word_1_390' title='bbox 616 2190 749 2225; x_wconf 87' lang='grc' dir='ltr'>στόματος</span> <span class='ocrx_word' id='word_1_391' title='bbox 770 2190 816 2217; x_wconf 84' lang='grc' dir='ltr'>τοῦ</span> <span class='ocrx_word' id='word_1_392' title='bbox 831 2192 879 2218; x_wconf 86' lang='grc' dir='ltr'><strong>ἁν-</strong></span> 
     </span>
    </p>
   </div>
   <div class='ocr_carea' id='block_1_49' title="bbox 926 253 1715 289">
    <p class='ocr_par' dir='ltr' id='par_1_49' title="bbox 926 253 1715 289">
     <span class='ocr_line' id='line_1_49' title="bbox 926 253 1715 289; baseline 0.003 -8"><span class='ocrx_word' id='word_1_393' title='bbox 926 261 988 281; x_wconf 93' lang='lat' dir='ltr'><strong>cum</strong></span> <span class='ocrx_word' id='word_1_394' title='bbox 1006 262 1036 282; x_wconf 92' lang='lat' dir='ltr'><strong>se</strong></span> <span class='ocrx_word' id='word_1_395' title='bbox 1053 261 1162 289; x_wconf 87' lang='lat' dir='ltr'><strong>quoque</strong></span> <span class='ocrx_word' id='word_1_396' title='bbox 1180 253 1353 281; x_wconf 84' lang='lat' dir='ltr'><strong>Paracletum</strong></span> <span class='ocrx_word' id='word_1_397' title='bbox 1370 261 1432 281; x_wconf 76' lang='lat' dir='ltr'><strong>esse</strong></span> <span class='ocrx_word' id='word_1_398' title='bbox 1445 261 1541 281; x_wconf 82' lang='lat' dir='ltr'><strong>revera</strong></span> <span class='ocrx_word' id='word_1_399' title='bbox 1557 260 1649 283; x_wconf 86' lang='lat' dir='ltr'><strong>nosset</strong></span> <span class='ocrx_word' id='word_1_400' title='bbox 1661 276 1668 288; x_wconf 88' lang='lat'><strong>,</strong></span> <span class='ocrx_word' id='word_1_401' title='bbox 1688 261 1715 283; x_wconf 77' lang='lat' dir='ltr'><strong>et</strong></span> 
     </span>
    </p>
   </div>
   <div class='ocr_carea' id='block_1_50' title="bbox 927 299 1715 335">
    <p class='ocr_par' dir='ltr' id='par_1_50' title="bbox 927 299 1715 335">
     <span class='ocr_line' id='line_1_50' title="bbox 927 299 1715 335; baseline 0.001 -8"><span class='ocrx_word' id='word_1_402' title='bbox 927 299 954 327; x_wconf 90' lang='lat' dir='ltr'><strong>in</strong></span> <span class='ocrx_word' id='word_1_403' title='bbox 970 300 1058 328; x_wconf 87' lang='lat' dir='ltr'><strong>sacris</strong></span> <span class='ocrx_word' id='word_1_404' title='bbox 1076 299 1189 328; x_wconf 77' lang='lat' dir='ltr'><strong>Litteris</strong></span> <span class='ocrx_word' id='word_1_405' title='bbox 1216 299 1252 326; x_wconf 86' lang='lat' dir='ltr'><strong>ita</strong></span> <span class='ocrx_word' id='word_1_406' title='bbox 1274 308 1338 327; x_wconf 85' lang='lat' dir='ltr'><strong>esse</strong></span> <span class='ocrx_word' id='word_1_407' title='bbox 1359 303 1568 335; x_wconf 88' lang='lat' dir='ltr'><strong>nuncupatum,</strong></span> <span class='ocrx_word' id='word_1_408' title='bbox 1586 300 1715 329; x_wconf 80' lang='lat' dir='ltr'><strong>l’araele-</strong></span> 
     </span>
    </p>
   </div>
   <div class='ocr_carea' id='block_1_51' title="bbox 925 346 1713 383">
    <p class='ocr_par' dir='ltr' id='par_1_51' title="bbox 925 346 1713 383">
     <span class='ocr_line' id='line_1_51' title="bbox 925 346 1713 383; baseline 0 -9"><span class='ocrx_word' id='word_1_409' title='bbox 925 351 983 374; x_wconf 88' lang='lat' dir='ltr'><strong>tum</strong></span> <span class='ocrx_word' id='word_1_410' title='bbox 1005 348 1090 374; x_wconf 90' lang='lat' dir='ltr'><strong>alium</strong></span> <span class='ocrx_word' id='word_1_411' title='bbox 1113 347 1247 381; x_wconf 86' lang='lat' dir='ltr'><strong>Spiritum</strong></span> <span class='ocrx_word' id='word_1_412' title='bbox 1273 346 1413 382; x_wconf 85' lang='lat' dir='ltr'><strong>appellat,</strong></span> <span class='ocrx_word' id='word_1_413' title='bbox 1436 354 1490 373; x_wconf 89' lang='lat' dir='ltr'><strong>non</strong></span> <span class='ocrx_word' id='word_1_414' title='bbox 1511 347 1591 381; x_wconf 90' lang='lat' dir='ltr'><strong>quasi</strong></span> <span class='ocrx_word' id='word_1_415' title='bbox 1611 347 1713 383; x_wconf 83' lang='lat' dir='ltr'><strong>aliquid</strong></span> 
     </span>
    </p>
   </div>
   <div class='ocr_carea' id='block_1_52' title="bbox 925 393 1716 429">
    <p class='ocr_par' dir='ltr' id='par_1_52' title="bbox 925 393 1716 429">
     <span class='ocr_line' id='line_1_52' title="bbox 925 393 1716 429; baseline 0 -8"><span class='ocrx_word' id='word_1_416' title='bbox 925 394 1000 422; x_wconf 86' lang='lat' dir='ltr'><strong>aliud</strong></span> <span class='ocrx_word' id='word_1_417' title='bbox 1018 394 1045 420; x_wconf 94' lang='lat' dir='ltr'><strong>in</strong></span> <span class='ocrx_word' id='word_1_418' title='bbox 1064 394 1169 421; x_wconf 84' lang='lat' dir='ltr'><strong>sanctis</strong></span> <span class='ocrx_word' id='word_1_419' title='bbox 1186 394 1294 428; x_wconf 87' lang='lat' dir='ltr'><strong>operari</strong></span> <span class='ocrx_word' id='word_1_420' title='bbox 1308 394 1411 428; x_wconf 82' lang='lat' dir='ltr'><strong>possit,</strong></span> <span class='ocrx_word' id='word_1_421' title='bbox 1429 400 1509 428; x_wconf 89' lang='lat' dir='ltr'><strong>quam</strong></span> <span class='ocrx_word' id='word_1_422' title='bbox 1525 393 1598 428; x_wconf 91' lang='lat' dir='ltr'><strong>quod</strong></span> <span class='ocrx_word' id='word_1_423' title='bbox 1613 398 1640 421; x_wconf 89' lang='lat' dir='ltr'><strong>et</strong></span> <span class='ocrx_word' id='word_1_424' title='bbox 1657 394 1716 429; x_wconf 87' lang='lat' dir='ltr'><strong>ipse</strong></span> 
     </span>
    </p>
   </div>
   <div class='ocr_carea' id='block_1_53' title="bbox 925 439 1716 475">
    <p class='ocr_par' dir='ltr' id='par_1_53' title="bbox 925 439 1716 475">
     <span class='ocr_line' id='line_1_53' title="bbox 925 439 1716 475; baseline 0.001 -9"><span class='ocrx_word' id='word_1_425' title='bbox 925 439 1006 474; x_wconf 91' lang='lat' dir='ltr'><strong>cujus</strong></span> <span class='ocrx_word' id='word_1_426' title='bbox 1025 443 1052 467; x_wconf 92' lang='lat' dir='ltr'><strong>et</strong></span> <span class='ocrx_word' id='word_1_427' title='bbox 1070 444 1112 467; x_wconf 84' lang='lat' dir='ltr'><strong>est</strong></span> <span class='ocrx_word' id='word_1_428' title='bbox 1134 443 1162 466; x_wconf 91' lang='lat' dir='ltr'><strong>ct</strong></span> <span class='ocrx_word' id='word_1_429' title='bbox 1180 439 1283 466; x_wconf 90' lang='lat' dir='ltr'><strong>dicitur</strong></span> <span class='ocrx_word' id='word_1_430' title='bbox 1304 439 1436 473; x_wconf 76' lang='lat' dir='ltr'><strong>Spiritus.</strong></span> <span class='ocrx_word' id='word_1_431' title='bbox 1451 439 1528 472; x_wconf 86' lang='lat' dir='ltr'><strong>Quod</strong></span> <span class='ocrx_word' id='word_1_432' title='bbox 1548 444 1639 467; x_wconf 84' lang='lat' dir='ltr'><strong>autem</strong></span> <span class='ocrx_word' id='word_1_433' title='bbox 1656 440 1716 475; x_wconf 86' lang='lat' dir='ltr'><strong>ipse</strong></span> 
     </span>
    </p>
   </div>
   <div class='ocr_carea' id='block_1_54' title="bbox 925 484 1716 519">
    <p class='ocr_par' dir='ltr' id='par_1_54' title="bbox 925 484 1716 519">
     <span class='ocr_line' id='line_1_54' title="bbox 925 484 1716 519; baseline 0.001 -8"><span class='ocrx_word' id='word_1_434' title='bbox 925 484 1010 512; x_wconf 83' lang='lat' dir='ltr'><strong>Filius</strong></span> <span class='ocrx_word' id='word_1_435' title='bbox 1033 484 1193 512; x_wconf 84' lang='lat' dir='ltr'><strong>Paracletus</strong></span> <span class='ocrx_word' id='word_1_436' title='bbox 1222 489 1400 519; x_wconf 85' lang='lat' dir='ltr'><strong>nuneupetur</strong></span> <span class='ocrx_word' id='word_1_437' title='bbox 1423 489 1451 512; x_wconf 91' lang='lat' dir='ltr'><strong>et</strong></span> <span class='ocrx_word' id='word_1_438' title='bbox 1480 485 1538 516; x_wconf 86' lang='lat' dir='ltr'><strong>sit,</strong></span> <span class='ocrx_word' id='word_1_439' title='bbox 1570 485 1716 512; x_wconf 75' lang='lat' dir='ltr'><strong>testabitur</strong></span> 
     </span>
    </p>
   </div>
   <div class='ocr_carea' id='block_1_55' title="bbox 924 529 1715 566">
    <p class='ocr_par' dir='ltr' id='par_1_55' title="bbox 924 529 1715 566">
     <span class='ocr_line' id='line_1_55' title="bbox 924 529 1715 566; baseline 0.001 -9"><span class='ocrx_word' id='word_1_440' title='bbox 924 529 1046 558; x_wconf 79' lang='lat' dir='ltr'><strong>Joannes</strong></span> <span class='ocrx_word' id='word_1_441' title='bbox 1062 530 1189 558; x_wconf 87' lang='lat' dir='ltr'><strong>scribens</strong></span> <span class='ocrx_word' id='word_1_442' title='bbox 1206 538 1212 556; x_wconf 93' lang='lat'><strong>:</strong></span> <span class='ocrx_word' id='word_1_443' title='bbox 1237 540 1246 556; x_wconf 89' lang='grc'><strong><em>‹</em></strong></span> <span class='ocrx_word' id='word_1_444' title='bbox 1263 530 1325 557; x_wconf 69' lang='lat' dir='ltr'><strong>llaec</strong></span> <span class='ocrx_word' id='word_1_445' title='bbox 1340 530 1402 557; x_wconf 88' lang='lat' dir='ltr'><strong>dico</strong></span> <span class='ocrx_word' id='word_1_446' title='bbox 1414 550 1421 563; x_wconf 92' lang='lat'><strong>,</strong></span> <span class='ocrx_word' id='word_1_447' title='bbox 1440 530 1552 566; x_wconf 90' lang='lat' dir='ltr'><strong>inquit,</strong></span> <span class='ocrx_word' id='word_1_448' title='bbox 1574 531 1667 563; x_wconf 77' lang='lat' dir='ltr'><strong>vobis,</strong></span> <span class='ocrx_word' id='word_1_449' title='bbox 1685 535 1715 558; x_wconf 90' lang='grc' dir='ltr'><strong>ιιι</strong></span> 
     </span>
    </p>
   </div>
   <div class='ocr_carea' id='block_1_56' title="bbox 926 576 1713 612">
    <p class='ocr_par' dir='ltr' id='par_1_56' title="bbox 926 576 1713 612">
     <span class='ocr_line' id='line_1_56' title="bbox 926 576 1713 612; baseline 0.001 -9"><span class='ocrx_word' id='word_1_450' title='bbox 926 584 980 604; x_wconf 91' lang='lat' dir='ltr'><strong>non</strong></span> <span class='ocrx_word' id='word_1_451' title='bbox 996 577 1127 612; x_wconf 84' lang='lat' dir='ltr'><strong>peccetis.</strong></span> <span class='ocrx_word' id='word_1_452' title='bbox 1145 576 1198 604; x_wconf 85' lang='lat' dir='ltr'><strong>Sed</strong></span> <span class='ocrx_word' id='word_1_453' title='bbox 1214 581 1240 603; x_wconf 89' lang='lat' dir='ltr'><strong>et</strong></span> <span class='ocrx_word' id='word_1_454' title='bbox 1256 577 1278 604; x_wconf 87' lang='lat' dir='ltr'><strong>si</strong></span> <span class='ocrx_word' id='word_1_455' title='bbox 1294 578 1357 612; x_wconf 90' lang='lat' dir='ltr'><strong>quis</strong></span> <span class='ocrx_word' id='word_1_456' title='bbox 1370 578 1535 612; x_wconf 88' lang='lat' dir='ltr'><strong>peccaverit,</strong></span> <span class='ocrx_word' id='word_1_457' title='bbox 1550 577 1713 604; x_wconf 84' lang='lat' dir='ltr'><strong>advocatum</strong></span> 
     </span>
    </p>
   </div>
   <div class='ocr_carea' id='block_1_57' title="bbox 926 621 1713 658">
    <p class='ocr_par' dir='ltr' id='par_1_57' title="bbox 926 621 1713 658">
     <span class='ocr_line' id='line_1_57' title="bbox 926 621 1713 658; baseline 0.001 -10"><span class='ocrx_word' id='word_1_458' title='bbox 926 622 1059 650; x_wconf 85' lang='lat' dir='ltr'><strong>habemus</strong></span> <span class='ocrx_word' id='word_1_459' title='bbox 1078 622 1151 657; x_wconf 82' lang='lat' dir='ltr'><strong>apud</strong></span> <span class='ocrx_word' id='word_1_460' title='bbox 1171 621 1280 654; x_wconf 82' lang='lat' dir='ltr'><strong>Patrem</strong></span> <span class='ocrx_word' id='word_1_461' title='bbox 1305 621 1399 650; x_wconf 85' lang='lat' dir='ltr'><strong>Jesum</strong></span> <span class='ocrx_word' id='word_1_462' title='bbox 1425 622 1565 650; x_wconf 86' lang='lat' dir='ltr'><strong>Christum</strong></span> <span class='ocrx_word' id='word_1_463' title='bbox 1586 623 1713 658; x_wconf 88' lang='lat' dir='ltr'><strong>justum:</strong></span> 
     </span>
    </p>
   </div>
   <div class='ocr_carea' id='block_1_58' title="bbox 925 668 1711 703">
    <p class='ocr_par' dir='ltr' id='par_1_58' title="bbox 925 668 1711 703">
     <span class='ocr_line' id='line_1_58' title="bbox 925 668 1711 703; baseline -0.001 -8"><span class='ocrx_word' id='word_1_464' title='bbox 925 673 952 695; x_wconf 89' lang='lat' dir='ltr'><strong>et</strong></span> <span class='ocrx_word' id='word_1_465' title='bbox 977 668 1037 702; x_wconf 84' lang='lat' dir='ltr'><strong>ipse</strong></span> <span class='ocrx_word' id='word_1_466' title='bbox 1060 672 1102 695; x_wconf 89' lang='lat' dir='ltr'><strong>est</strong></span> <span class='ocrx_word' id='word_1_467' title='bbox 1128 668 1288 702; x_wconf 82' lang='lat' dir='ltr'><strong>prepitiatio</strong></span> <span class='ocrx_word' id='word_1_468' title='bbox 1314 675 1365 703; x_wconf 90' lang='lat' dir='ltr'><strong>pro</strong></span> <span class='ocrx_word' id='word_1_469' title='bbox 1390 669 1511 703; x_wconf 78' lang='lat' dir='ltr'><strong>peccatis</strong></span> <span class='ocrx_word' id='word_1_470' title='bbox 1535 669 1640 697; x_wconf 90' lang='lat' dir='ltr'><strong>nostris</strong></span> <span class='ocrx_word' id='word_1_471' title='bbox 1651 669 1685 697; x_wconf 84' lang='lat'><strong>&quot;.</strong></span> <span class='ocrx_word' id='word_1_472' title='bbox 1703 678 1711 694; x_wconf 77' lang='grc' dir='ltr'><strong>ι</strong></span> 
     </span>
    </p>
   </div>
   <div class='ocr_carea' id='block_1_59' title="bbox 926 713 1716 750">
    <p class='ocr_par' dir='ltr' id='par_1_59' title="bbox 926 713 1716 750">
     <span class='ocr_line' id='line_1_59' title="bbox 926 713 1716 750; baseline 0.004 -11"><span class='ocrx_word' id='word_1_473' title='bbox 926 713 1014 740; x_wconf 82' lang='lat' dir='ltr'><strong>Alium</strong></span> <span class='ocrx_word' id='word_1_474' title='bbox 1033 713 1126 748; x_wconf 89' lang='lat' dir='ltr'><strong>itaque</strong></span> <span class='ocrx_word' id='word_1_475' title='bbox 1145 713 1318 740; x_wconf 82' lang='lat' dir='ltr'><strong>Paracletum</strong></span> <span class='ocrx_word' id='word_1_476' title='bbox 1336 713 1470 748; x_wconf 86' lang='lat' dir='ltr'><strong>Spiritum</strong></span> <span class='ocrx_word' id='word_1_477' title='bbox 1487 720 1588 748; x_wconf 81' lang='lat' dir='ltr'><strong>vocat,</strong></span> <span class='ocrx_word' id='word_1_478' title='bbox 1608 715 1636 743; x_wconf 89' lang='lat' dir='ltr'><strong>in</strong></span> <span class='ocrx_word' id='word_1_479' title='bbox 1651 723 1716 750; x_wconf 91' lang='lat' dir='ltr'><strong>pro-</strong></span> 
     </span>
    </p>
   </div>
   <div class='ocr_carea' id='block_1_60' title="bbox 926 759 1714 796">
    <p class='ocr_par' dir='ltr' id='par_1_60' title="bbox 926 759 1714 796">
     <span class='ocr_line' id='line_1_60' title="bbox 926 759 1714 796; baseline 0.004 -11"><span class='ocrx_word' id='word_1_480' title='bbox 926 759 984 793; x_wconf 85' lang='lat' dir='ltr'><strong>pria</strong></span> <span class='ocrx_word' id='word_1_481' title='bbox 1002 759 1113 794; x_wconf 78' lang='lat' dir='ltr'><strong>quidem</strong></span> <span class='ocrx_word' id='word_1_482' title='bbox 1140 759 1282 794; x_wconf 85' lang='lat' dir='ltr'><strong>hypostasi</strong></span> <span class='ocrx_word' id='word_1_483' title='bbox 1306 759 1401 787; x_wconf 86' lang='lat' dir='ltr'><strong>volens</strong></span> <span class='ocrx_word' id='word_1_484' title='bbox 1421 767 1483 787; x_wconf 90' lang='lat' dir='ltr'><strong>eum</strong></span> <span class='ocrx_word' id='word_1_485' title='bbox 1512 761 1646 796; x_wconf 82' lang='lat' dir='ltr'><strong>intelligi,</strong></span> <span class='ocrx_word' id='word_1_486' title='bbox 1666 761 1714 796; x_wconf 92' lang='lat' dir='ltr'><strong>qui</strong></span> 
     </span>
    </p>
   </div>
   <div class='ocr_carea' id='block_1_61' title="bbox 927 806 1714 840">
    <p class='ocr_par' dir='ltr' id='par_1_61' title="bbox 927 806 1714 840">
     <span class='ocr_line' id='line_1_61' title="bbox 927 806 1714 840; baseline 0.005 -9"><span class='ocrx_word' id='word_1_487' title='bbox 927 809 1032 831; x_wconf 88' lang='lat' dir='ltr'><strong>tantam</strong></span> <span class='ocrx_word' id='word_1_488' title='bbox 1058 810 1149 833; x_wconf 87' lang='lat' dir='ltr'><strong>tamen</strong></span> <span class='ocrx_word' id='word_1_489' title='bbox 1173 813 1234 832; x_wconf 92' lang='lat' dir='ltr'><strong>cum</strong></span> <span class='ocrx_word' id='word_1_490' title='bbox 1266 806 1326 840; x_wconf 90' lang='lat' dir='ltr'><strong>ipso</strong></span> <span class='ocrx_word' id='word_1_491' title='bbox 1355 806 1568 834; x_wconf 80' lang='lat' dir='ltr'><strong>similitudinem</strong></span> <span class='ocrx_word' id='word_1_492' title='bbox 1596 808 1714 840; x_wconf 84' lang='lat' dir='ltr'><strong>habeat,</strong></span> 
     </span>
    </p>
   </div>
   <div class='ocr_carea' id='block_1_62' title="bbox 928 851 1716 887">
    <p class='ocr_par' dir='ltr' id='par_1_62' title="bbox 928 851 1716 887">
     <span class='ocr_line' id='line_1_62' title="bbox 928 851 1716 887; baseline 0.004 -10"><span class='ocrx_word' id='word_1_493' title='bbox 928 855 1039 886; x_wconf 75' lang='lat' dir='ltr'><strong>tantque</strong></span> <span class='ocrx_word' id='word_1_494' title='bbox 1052 858 1100 885; x_wconf 89' lang='lat' dir='ltr'><strong>per</strong></span> <span class='ocrx_word' id='word_1_495' title='bbox 1113 851 1207 878; x_wconf 86' lang='lat' dir='ltr'><strong>omnia</strong></span> <span class='ocrx_word' id='word_1_496' title='bbox 1229 851 1312 878; x_wconf 90' lang='lat' dir='ltr'><strong>simili</strong></span> <span class='ocrx_word' id='word_1_497' title='bbox 1327 852 1437 879; x_wconf 82' lang='lat' dir='ltr'><strong>ratione</strong></span> <span class='ocrx_word' id='word_1_498' title='bbox 1454 852 1562 887; x_wconf 83' lang='lat' dir='ltr'><strong>operari</strong></span> <span class='ocrx_word' id='word_1_499' title='bbox 1578 853 1667 887; x_wconf 87' lang='lat' dir='ltr'><strong>possit</strong></span> <span class='ocrx_word' id='word_1_500' title='bbox 1684 861 1716 880; x_wconf 86' lang='lat' dir='ltr'><strong>ea</strong></span> 
     </span>
    </p>
   </div>
   <div class='ocr_carea' id='block_1_63' title="bbox 894 897 1717 933">
    <p class='ocr_par' dir='ltr' id='par_1_63' title="bbox 894 897 1717 933">
     <span class='ocr_line' id='line_1_63' title="bbox 894 897 1717 933; baseline 0.002 -9"><span class='ocrx_word' id='word_1_501' title='bbox 894 898 914 924; x_wconf 88' lang='grc' dir='ltr'><strong>Β</strong></span> <span class='ocrx_word' id='word_1_502' title='bbox 929 905 990 932; x_wconf 81' lang='lat' dir='ltr'><strong>quae</strong></span> <span class='ocrx_word' id='word_1_503' title='bbox 1014 901 1041 924; x_wconf 91' lang='lat' dir='ltr'><strong>et</strong></span> <span class='ocrx_word' id='word_1_504' title='bbox 1056 897 1114 932; x_wconf 88' lang='lat' dir='ltr'><strong>ipse</strong></span> <span class='ocrx_word' id='word_1_505' title='bbox 1129 900 1260 932; x_wconf 79' lang='lat' dir='ltr'><strong>operatur</strong></span> <span class='ocrx_word' id='word_1_506' title='bbox 1272 917 1279 930; x_wconf 89' lang='lat'><strong>,</strong></span> <span class='ocrx_word' id='word_1_507' title='bbox 1298 901 1327 924; x_wconf 92' lang='lat' dir='ltr'><strong>ut</strong></span> <span class='ocrx_word' id='word_1_508' title='bbox 1341 897 1425 932; x_wconf 67' lang='grc' dir='ltr'><strong>διο</strong></span> <span class='ocrx_word' id='word_1_509' title='bbox 1442 898 1501 933; x_wconf 88' lang='lat' dir='ltr'><strong>ipse</strong></span> <span class='ocrx_word' id='word_1_510' title='bbox 1515 898 1640 925; x_wconf 77' lang='lat' dir='ltr'><strong>videatur</strong></span> <span class='ocrx_word' id='word_1_511' title='bbox 1655 906 1717 926; x_wconf 86' lang='lat' dir='ltr'><strong>esse</strong></span> 
     </span>
    </p>
   </div>
   <div class='ocr_carea' id='block_1_64' title="bbox 923 943 1717 979">
    <p class='ocr_par' dir='ltr' id='par_1_64' title="bbox 923 943 1717 979">
     <span class='ocr_line' id='line_1_64' title="bbox 923 943 1717 979; baseline 0.004 -10"><span class='ocrx_word' id='word_1_512' title='bbox 923 943 1020 975; x_wconf 86' lang='lat' dir='ltr'><strong>Filius,</strong></span> <span class='ocrx_word' id='word_1_513' title='bbox 1038 950 1070 970; x_wconf 87' lang='lat' dir='ltr'><strong>ac</strong></span> <span class='ocrx_word' id='word_1_514' title='bbox 1084 943 1154 970; x_wconf 89' lang='lat' dir='ltr'><strong>nihil</strong></span> <span class='ocrx_word' id='word_1_515' title='bbox 1171 943 1254 970; x_wconf 81' lang='lat' dir='ltr'><strong>aliud.</strong></span> <span class='ocrx_word' id='word_1_516' title='bbox 1271 943 1392 978; x_wconf 89' lang='lat' dir='ltr'><strong>Spiritus</strong></span> <span class='ocrx_word' id='word_1_517' title='bbox 1407 944 1480 970; x_wconf 89' lang='lat' dir='ltr'><strong>enim</strong></span> <span class='ocrx_word' id='word_1_518' title='bbox 1493 945 1553 979; x_wconf 84' lang='lat' dir='ltr'><strong>ejus</strong></span> <span class='ocrx_word' id='word_1_519' title='bbox 1569 949 1621 972; x_wconf 84' lang='lat' dir='ltr'><strong>est.</strong></span> <span class='ocrx_word' id='word_1_520' title='bbox 1636 944 1717 972; x_wconf 86' lang='lat' dir='ltr'><strong>Unde</strong></span> 
     </span>
    </p>
   </div>
   <div class='ocr_carea' id='block_1_65' title="bbox 923 988 1716 1026">
    <p class='ocr_par' dir='ltr' id='par_1_65' title="bbox 923 988 1716 1026">
     <span class='ocr_line' id='line_1_65' title="bbox 923 988 1716 1026; baseline 0.004 -11"><span class='ocrx_word' id='word_1_521' title='bbox 923 989 1048 1016; x_wconf 76' lang='lat' dir='ltr'><strong>veritatis</strong></span> <span class='ocrx_word' id='word_1_522' title='bbox 1074 988 1208 1023; x_wconf 83' lang='lat' dir='ltr'><strong>Spiritum</strong></span> <span class='ocrx_word' id='word_1_523' title='bbox 1227 989 1303 1016; x_wconf 90' lang='lat' dir='ltr'><strong>illum</strong></span> <span class='ocrx_word' id='word_1_524' title='bbox 1322 990 1491 1022; x_wconf 87' lang='lat' dir='ltr'><strong>nominavit,</strong></span> <span class='ocrx_word' id='word_1_525' title='bbox 1508 991 1629 1026; x_wconf 90' lang='lat' dir='ltr'><strong>seipsum</strong></span> <span class='ocrx_word' id='word_1_526' title='bbox 1644 992 1716 1018; x_wconf 77' lang='lat' dir='ltr'><strong>veri-</strong></span> 
     </span>
    </p>
   </div>
   <div class='ocr_carea' id='block_1_66' title="bbox 923 1035 1716 1074">
    <p class='ocr_par' dir='ltr' id='par_1_66' title="bbox 923 1035 1716 1074">
     <span class='ocr_line' id='line_1_66' title="bbox 923 1035 1716 1074; baseline 0 -12"><span class='ocrx_word' id='word_1_527' title='bbox 923 1039 1086 1074; x_wconf 18' lang='lat' dir='ltr'><strong>tatern‘esse</strong></span> <span class='ocrx_word' id='word_1_528' title='bbox 1102 1035 1209 1063; x_wconf 82' lang='lat' dir='ltr'><strong>dicens.</strong></span> <span class='ocrx_word' id='word_1_529' title='bbox 1225 1036 1260 1063; x_wconf 90' lang='lat' dir='ltr'><strong>At</strong></span> <span class='ocrx_word' id='word_1_530' title='bbox 1275 1036 1348 1063; x_wconf 85' lang='lat' dir='ltr'><strong>enim</strong></span> <span class='ocrx_word' id='word_1_531' title='bbox 1367 1036 1402 1063; x_wconf 91' lang='lat' dir='ltr'><strong>iis</strong></span> <span class='ocrx_word' id='word_1_532' title='bbox 1417 1036 1462 1071; x_wconf 92' lang='lat' dir='ltr'><strong>qui</strong></span> <span class='ocrx_word' id='word_1_533' title='bbox 1479 1035 1577 1063; x_wconf 84' lang='lat' dir='ltr'><strong>Filium</strong></span> <span class='ocrx_word' id='word_1_534' title='bbox 1595 1043 1610 1063; x_wconf 85' lang='lat' dir='ltr'><strong>a</strong></span> <span class='ocrx_word' id='word_1_535' title='bbox 1628 1035 1674 1064; x_wconf 82' lang='lat' dir='ltr'><strong>Dei</strong></span> <span class='ocrx_word' id='word_1_536' title='bbox 1689 1040 1716 1063; x_wconf 84' lang='lat' dir='ltr'><strong>et</strong></span> 
     </span>
    </p>
   </div>
   <div class='ocr_carea' id='block_1_67' title="bbox 922 1081 1717 1117">
    <p class='ocr_par' dir='ltr' id='par_1_67' title="bbox 922 1081 1717 1117">
     <span class='ocr_line' id='line_1_67' title="bbox 922 1081 1717 1117; baseline 0.001 -9"><span class='ocrx_word' id='word_1_537' title='bbox 922 1081 1012 1109; x_wconf 82' lang='lat' dir='ltr'><strong>Patris</strong></span> <span class='ocrx_word' id='word_1_538' title='bbox 1029 1081 1184 1110; x_wconf 86' lang='lat' dir='ltr'><strong>substantia</strong></span> <span class='ocrx_word' id='word_1_539' title='bbox 1204 1081 1326 1109; x_wconf 87' lang='lat' dir='ltr'><strong>alienum</strong></span> <span class='ocrx_word' id='word_1_540' title='bbox 1347 1089 1409 1109; x_wconf 85' lang='lat' dir='ltr'><strong>esse</strong></span> <span class='ocrx_word' id='word_1_541' title='bbox 1427 1085 1549 1116; x_wconf 86' lang='lat' dir='ltr'><strong>putant,</strong></span> <span class='ocrx_word' id='word_1_542' title='bbox 1565 1082 1627 1117; x_wconf 83' lang='lat' dir='ltr'><strong>jure</strong></span> <span class='ocrx_word' id='word_1_543' title='bbox 1642 1083 1717 1110; x_wconf 82' lang='lat' dir='ltr'><strong>dicet</strong></span> 
     </span>
    </p>
   </div>
   <div class='ocr_carea' id='block_1_68' title="bbox 924 1127 1716 1163">
    <p class='ocr_par' dir='ltr' id='par_1_68' title="bbox 924 1127 1716 1163">
     <span class='ocr_line' id='line_1_68' title="bbox 924 1127 1716 1163; baseline 0.001 -9"><span class='ocrx_word' id='word_1_544' title='bbox 924 1128 1042 1163; x_wconf 83' lang='lat' dir='ltr'><strong>aliquis:</strong></span> <span class='ocrx_word' id='word_1_545' title='bbox 1061 1127 1208 1161; x_wconf 84' lang='lat' dir='ltr'><strong>Quomodo</strong></span> <span class='ocrx_word' id='word_1_546' title='bbox 1221 1148 1228 1160; x_wconf 99' lang='lat'><strong>,</strong></span> <span class='ocrx_word' id='word_1_547' title='bbox 1250 1135 1362 1162; x_wconf 67' lang='lat' dir='ltr'><strong>quaeso,</strong></span> <span class='ocrx_word' id='word_1_548' title='bbox 1381 1128 1507 1156; x_wconf 77' lang='lat' dir='ltr'><strong>veritatis</strong></span> <span class='ocrx_word' id='word_1_549' title='bbox 1526 1127 1670 1163; x_wconf 89' lang='lat' dir='ltr'><strong>Spiritum,</strong></span> <span class='ocrx_word' id='word_1_550' title='bbox 1688 1129 1716 1156; x_wconf 87' lang='lat' dir='ltr'><strong>id</strong></span> 
     </span>
    </p>
   </div>
   <div class='ocr_carea' id='block_1_69' title="bbox 923 1173 1717 1209">
    <p class='ocr_par' dir='ltr' id='par_1_69' title="bbox 923 1173 1717 1209">
     <span class='ocr_line' id='line_1_69' title="bbox 923 1173 1717 1209; baseline 0.001 -9"><span class='ocrx_word' id='word_1_551' title='bbox 923 1178 965 1201; x_wconf 87' lang='lat' dir='ltr'><strong>est</strong></span> <span class='ocrx_word' id='word_1_552' title='bbox 981 1173 1057 1206; x_wconf 87' lang='lat' dir='ltr'><strong>Filii,</strong></span> <span class='ocrx_word' id='word_1_553' title='bbox 1072 1175 1119 1201; x_wconf 89' lang='lat' dir='ltr'><strong>dat</strong></span> <span class='ocrx_word' id='word_1_554' title='bbox 1134 1173 1216 1201; x_wconf 81' lang='lat' dir='ltr'><strong>Pater</strong></span> <span class='ocrx_word' id='word_1_555' title='bbox 1227 1194 1234 1207; x_wconf 91' lang='lat'><strong>,</strong></span> <span class='ocrx_word' id='word_1_556' title='bbox 1249 1181 1304 1201; x_wconf 94' lang='lat' dir='ltr'><strong>non</strong></span> <span class='ocrx_word' id='word_1_557' title='bbox 1323 1178 1453 1209; x_wconf 84' lang='lat' dir='ltr'><strong>tanquam</strong></span> <span class='ocrx_word' id='word_1_558' title='bbox 1473 1175 1648 1209; x_wconf 74' lang='lat' dir='ltr'><strong>peregrinum</strong></span> <span class='ocrx_word' id='word_1_559' title='bbox 1669 1179 1717 1201; x_wconf 82' lang='lat' dir='ltr'><strong>aut</strong></span> 
     </span>
    </p>
   </div>
   <div class='ocr_carea' id='block_1_70' title="bbox 923 1217 1715 1252">
    <p class='ocr_par' dir='ltr' id='par_1_70' title="bbox 923 1217 1715 1252">
     <span class='ocr_line' id='line_1_70' title="bbox 923 1217 1715 1252; baseline 0 -7"><span class='ocrx_word' id='word_1_560' title='bbox 923 1218 1053 1250; x_wconf 86' lang='lat' dir='ltr'><strong>alienum,</strong></span> <span class='ocrx_word' id='word_1_561' title='bbox 1070 1218 1118 1246; x_wconf 85' lang='lat' dir='ltr'><strong>sed</strong></span> <span class='ocrx_word' id='word_1_562' title='bbox 1132 1221 1160 1244; x_wconf 91' lang='grc' dir='ltr'><strong>ιιι</strong></span> <span class='ocrx_word' id='word_1_563' title='bbox 1172 1218 1311 1252; x_wconf 88' lang='lat' dir='ltr'><strong>proprium</strong></span> <span class='ocrx_word' id='word_1_564' title='bbox 1327 1217 1474 1252; x_wconf 86' lang='lat' dir='ltr'><strong>Spiritum,</strong></span> <span class='ocrx_word' id='word_1_565' title='bbox 1487 1225 1550 1245; x_wconf 91' lang='lat' dir='ltr'><strong>cum</strong></span> <span class='ocrx_word' id='word_1_566' title='bbox 1564 1219 1715 1246; x_wconf 86' lang='lat' dir='ltr'><strong>secundum</strong></span> 
     </span>
    </p>
   </div>
   <div class='ocr_carea' id='block_1_71' title="bbox 924 1264 1715 1298">
    <p class='ocr_par' dir='ltr' id='par_1_71' title="bbox 924 1264 1715 1298">
     <span class='ocr_line' id='line_1_71' title="bbox 924 1264 1715 1298; baseline 0 -7"><span class='ocrx_word' id='word_1_567' title='bbox 924 1273 972 1292; x_wconf 84' lang='lat' dir='ltr'><strong>vos</strong></span> <span class='ocrx_word' id='word_1_568' title='bbox 987 1265 1146 1292; x_wconf 86' lang='lat' dir='ltr'><strong>distinctum</strong></span> <span class='ocrx_word' id='word_1_569' title='bbox 1171 1265 1268 1291; x_wconf 86' lang='lat' dir='ltr'><strong>haheat</strong></span> <span class='ocrx_word' id='word_1_570' title='bbox 1292 1271 1308 1291; x_wconf 86' lang='lat' dir='ltr'><strong>a</strong></span> <span class='ocrx_word' id='word_1_571' title='bbox 1327 1272 1376 1292; x_wconf 89' lang='lat' dir='ltr'><strong>sua</strong></span> <span class='ocrx_word' id='word_1_572' title='bbox 1396 1264 1552 1292; x_wconf 86' lang='lat' dir='ltr'><strong>substantia</strong></span> <span class='ocrx_word' id='word_1_573' title='bbox 1571 1264 1692 1292; x_wconf 83' lang='lat' dir='ltr'><strong>Verbum</strong></span> <span class='ocrx_word' id='word_1_574' title='bbox 1706 1284 1715 1298; x_wconf 85' lang='lat'><strong>,</strong></span> 
     </span>
    </p>
   </div>
   <div class='ocr_carea' id='block_1_72' title="bbox 924 1309 1714 1346">
    <p class='ocr_par' dir='ltr' id='par_1_72' title="bbox 924 1309 1714 1346">
     <span class='ocr_line' id='line_1_72' title="bbox 924 1309 1714 1346; baseline 0 -8"><span class='ocrx_word' id='word_1_575' title='bbox 924 1311 982 1338; x_wconf 80' lang='lat' dir='ltr'><strong>sive</strong></span> <span class='ocrx_word' id='word_1_576' title='bbox 996 1310 1105 1342; x_wconf 82' lang='lat' dir='ltr'><strong>Filium,</strong></span> <span class='ocrx_word' id='word_1_577' title='bbox 1120 1315 1147 1337; x_wconf 87' lang='lat' dir='ltr'><strong>et</strong></span> <span class='ocrx_word' id='word_1_578' title='bbox 1167 1310 1300 1345; x_wconf 87' lang='lat' dir='ltr'><strong>Spiritum</strong></span> <span class='ocrx_word' id='word_1_579' title='bbox 1316 1317 1378 1338; x_wconf 84' lang='lat' dir='ltr'><strong>esse</strong></span> <span class='ocrx_word' id='word_1_580' title='bbox 1392 1309 1456 1337; x_wconf 84' lang='lat' dir='ltr'><strong>Filii</strong></span> <span class='ocrx_word' id='word_1_581' title='bbox 1473 1311 1567 1338; x_wconf 92' lang='lat' dir='ltr'><strong>nullus</strong></span> <span class='ocrx_word' id='word_1_582' title='bbox 1583 1311 1714 1346; x_wconf 78' lang='lat' dir='ltr'><strong>ambigat.</strong></span> 
     </span>
    </p>
   </div>
   <div class='ocr_carea' id='block_1_73' title="bbox 924 1357 1717 1392">
    <p class='ocr_par' dir='ltr' id='par_1_73' title="bbox 924 1357 1717 1392">
     <span class='ocr_line' id='line_1_73' title="bbox 924 1357 1717 1392; baseline 0.001 -8"><span class='ocrx_word' id='word_1_583' title='bbox 924 1357 1031 1385; x_wconf 85' lang='lat' dir='ltr'><strong>Rursus</strong></span> <span class='ocrx_word' id='word_1_584' title='bbox 1046 1365 1111 1384; x_wconf 84' lang='lat' dir='ltr'><strong>vero</strong></span> <span class='ocrx_word' id='word_1_585' title='bbox 1132 1357 1271 1392; x_wconf 87' lang='lat' dir='ltr'><strong>quomodo</strong></span> <span class='ocrx_word' id='word_1_586' title='bbox 1284 1378 1291 1389; x_wconf 92' lang='lat'><strong>,</strong></span> <span class='ocrx_word' id='word_1_587' title='bbox 1312 1357 1336 1384; x_wconf 89' lang='lat' dir='ltr'><strong>si</strong></span> <span class='ocrx_word' id='word_1_588' title='bbox 1352 1357 1467 1384; x_wconf 84' lang='lat' dir='ltr'><strong>alterius</strong></span> <span class='ocrx_word' id='word_1_589' title='bbox 1489 1361 1532 1385; x_wconf 86' lang='lat' dir='ltr'><strong>est</strong></span> <span class='ocrx_word' id='word_1_590' title='bbox 1552 1357 1717 1386; x_wconf 76' lang='lat' dir='ltr'><strong>substantiae</strong></span> 
     </span>
    </p>
   </div>
   <div class='ocr_carea' id='block_1_74' title="bbox 924 1405 1717 1442">
    <p class='ocr_par' dir='ltr' id='par_1_74' title="bbox 924 1405 1717 1442">
     <span class='ocr_line' id='line_1_74' title="bbox 924 1405 1717 1442; baseline 0 -9"><span class='ocrx_word' id='word_1_591' title='bbox 924 1406 1023 1439; x_wconf 86' lang='lat' dir='ltr'><strong>Filius,</strong></span> <span class='ocrx_word' id='word_1_592' title='bbox 1039 1406 1129 1434; x_wconf 89' lang='lat' dir='ltr'><strong>Patris</strong></span> <span class='ocrx_word' id='word_1_593' title='bbox 1149 1406 1283 1441; x_wconf 85' lang='lat' dir='ltr'><strong>Spiritum</strong></span> <span class='ocrx_word' id='word_1_594' title='bbox 1307 1405 1392 1433; x_wconf 78' lang='lat' dir='ltr'><strong>tradit</strong></span> <span class='ocrx_word' id='word_1_595' title='bbox 1415 1410 1444 1433; x_wconf 91' lang='lat' dir='ltr'><strong>ut</strong></span> <span class='ocrx_word' id='word_1_596' title='bbox 1457 1407 1559 1433; x_wconf 88' lang='lat' dir='ltr'><strong>suum?</strong></span> <span class='ocrx_word' id='word_1_597' title='bbox 1575 1406 1717 1442; x_wconf 89' lang='lat' dir='ltr'><strong>Scriptum</strong></span> 
     </span>
    </p>
   </div>
   <div class='ocr_carea' id='block_1_75' title="bbox 924 1450 1717 1486">
    <p class='ocr_par' dir='ltr' id='par_1_75' title="bbox 924 1450 1717 1486">
     <span class='ocr_line' id='line_1_75' title="bbox 924 1450 1717 1486; baseline -0.001 -6"><span class='ocrx_word' id='word_1_598' title='bbox 924 1457 966 1480; x_wconf 92' lang='lat' dir='ltr'><strong>est</strong></span> <span class='ocrx_word' id='word_1_599' title='bbox 980 1453 1054 1479; x_wconf 90' lang='lat' dir='ltr'><strong>enim</strong></span> <span class='ocrx_word' id='word_1_600' title='bbox 1070 1451 1227 1479; x_wconf 79' lang='lat' dir='ltr'><strong>insulﬂasse</strong></span> <span class='ocrx_word' id='word_1_601' title='bbox 1238 1451 1383 1486; x_wconf 89' lang='lat' dir='ltr'><strong>discipulis</strong></span> <span class='ocrx_word' id='word_1_602' title='bbox 1403 1450 1472 1483; x_wconf 88' lang='lat' dir='ltr'><strong>suis,</strong></span> <span class='ocrx_word' id='word_1_603' title='bbox 1488 1450 1618 1484; x_wconf 88' lang='lat' dir='ltr'><strong>dicendo,</strong></span> <span class='ocrx_word' id='word_1_604' title='bbox 1637 1461 1646 1478; x_wconf 83' lang='lat'><strong>(</strong></span> <span class='ocrx_word' id='word_1_605' title='bbox 1660 1451 1717 1479; x_wconf 43' lang='lat' dir='ltr'><strong>Ac.-</strong></span> 
     </span>
    </p>
   </div>
   <div class='ocr_carea' id='block_1_76' title="bbox 924 1497 1717 1534">
    <p class='ocr_par' dir='ltr' id='par_1_76' title="bbox 924 1497 1717 1534">
     <span class='ocr_line' id='line_1_76' title="bbox 924 1497 1717 1534; baseline -0.001 -8"><span class='ocrx_word' id='word_1_606' title='bbox 924 1499 1007 1534; x_wconf 86' lang='lat' dir='ltr'><strong>cipite</strong></span> <span class='ocrx_word' id='word_1_607' title='bbox 1018 1498 1150 1534; x_wconf 78' lang='lat' dir='ltr'><strong>Spiritum</strong></span> <span class='ocrx_word' id='word_1_608' title='bbox 1165 1503 1289 1525; x_wconf 84' lang='lat' dir='ltr'><strong>sanctum</strong></span> <span class='ocrx_word' id='word_1_609' title='bbox 1298 1497 1332 1525; x_wconf 80' lang='lat'><strong>&#39;°.</strong></span> <span class='ocrx_word' id='word_1_610' title='bbox 1341 1507 1349 1523; x_wconf 72' lang='grc' dir='ltr'><strong>ι</strong></span> <span class='ocrx_word' id='word_1_611' title='bbox 1363 1497 1502 1532; x_wconf 88' lang='lat' dir='ltr'><strong>Numquid</strong></span> <span class='ocrx_word' id='word_1_612' title='bbox 1512 1505 1580 1533; x_wconf 83' lang='lat' dir='ltr'><strong>ergo</strong></span> <span class='ocrx_word' id='word_1_613' title='bbox 1590 1498 1652 1533; x_wconf 86' lang='lat' dir='ltr'><strong>jure</strong></span> <span class='ocrx_word' id='word_1_614' title='bbox 1665 1505 1717 1533; x_wconf 57' lang='lat' dir='ltr'><strong>puc</strong></span> 
     </span>
    </p>
   </div>
   <div class='ocr_carea' id='block_1_77' title="bbox 926 1543 1716 1580">
    <p class='ocr_par' dir='ltr' id='par_1_77' title="bbox 926 1543 1716 1580">
     <span class='ocr_line' id='line_1_77' title="bbox 926 1543 1716 1580; baseline 0 -9"><span class='ocrx_word' id='word_1_615' title='bbox 926 1544 995 1572; x_wconf 85' lang='lat' dir='ltr'><strong>tahit</strong></span> <span class='ocrx_word' id='word_1_616' title='bbox 1006 1544 1106 1580; x_wconf 87' lang='lat' dir='ltr'><strong>aliquis</strong></span> <span class='ocrx_word' id='word_1_617' title='bbox 1120 1565 1128 1578; x_wconf 85' lang='lat'><strong>,</strong></span> <span class='ocrx_word' id='word_1_618' title='bbox 1143 1545 1198 1571; x_wconf 93' lang='lat' dir='ltr'><strong>imo</strong></span> <span class='ocrx_word' id='word_1_619' title='bbox 1209 1551 1274 1571; x_wconf 86' lang='lat' dir='ltr'><strong>vero</strong></span> <span class='ocrx_word' id='word_1_620' title='bbox 1292 1543 1407 1571; x_wconf 84' lang='lat' dir='ltr'><strong>ﬁrmiter</strong></span> <span class='ocrx_word' id='word_1_621' title='bbox 1422 1543 1535 1575; x_wconf 89' lang='lat' dir='ltr'><strong>credet,</strong></span> <span class='ocrx_word' id='word_1_622' title='bbox 1552 1551 1614 1571; x_wconf 89' lang='lat' dir='ltr'><strong>cum</strong></span> <span class='ocrx_word' id='word_1_623' title='bbox 1634 1548 1716 1571; x_wconf 88' lang='lat' dir='ltr'><strong>natu-</strong></span> 
     </span>
    </p>
   </div>
   <div class='ocr_carea' id='block_1_78' title="bbox 927 1589 1717 1625">
    <p class='ocr_par' dir='ltr' id='par_1_78' title="bbox 927 1589 1717 1625">
     <span class='ocr_line' id='line_1_78' title="bbox 927 1589 1717 1625; baseline -0.003 -7"><span class='ocrx_word' id='word_1_624' title='bbox 927 1590 1024 1618; x_wconf 82' lang='lat' dir='ltr'><strong>ralium</strong></span> <span class='ocrx_word' id='word_1_625' title='bbox 1042 1590 1090 1618; x_wconf 84' lang='lat' dir='ltr'><strong>Dei</strong></span> <span class='ocrx_word' id='word_1_626' title='bbox 1106 1597 1138 1617; x_wconf 89' lang='lat' dir='ltr'><strong>ac</strong></span> <span class='ocrx_word' id='word_1_627' title='bbox 1154 1589 1245 1617; x_wconf 85' lang='lat' dir='ltr'><strong>Patris</strong></span> <span class='ocrx_word' id='word_1_628' title='bbox 1261 1589 1397 1617; x_wconf 88' lang='lat' dir='ltr'><strong>bonorum</strong></span> <span class='ocrx_word' id='word_1_629' title='bbox 1415 1589 1638 1617; x_wconf 88' lang='lat' dir='ltr'><strong>substantialiter</strong></span> <span class='ocrx_word' id='word_1_630' title='bbox 1651 1598 1717 1625; x_wconf 90' lang='lat' dir='ltr'><strong>par-</strong></span> 
     </span>
    </p>
   </div>
   <div class='ocr_carea' id='block_1_79' title="bbox 926 1633 1751 1671">
    <p class='ocr_par' dir='ltr' id='par_1_79' title="bbox 926 1633 1751 1671">
     <span class='ocr_line' id='line_1_79' title="bbox 926 1633 1751 1671; baseline -0.001 -9"><span class='ocrx_word' id='word_1_631' title='bbox 926 1636 1013 1670; x_wconf 87' lang='lat' dir='ltr'><strong>ticeps</strong></span> <span class='ocrx_word' id='word_1_632' title='bbox 1029 1635 1064 1662; x_wconf 86' lang='lat' dir='ltr'><strong>sit</strong></span> <span class='ocrx_word' id='word_1_633' title='bbox 1084 1634 1170 1662; x_wconf 87' lang='lat' dir='ltr'><strong>Filius</strong></span> <span class='ocrx_word' id='word_1_634' title='bbox 1184 1655 1191 1666; x_wconf 94' lang='lat'><strong>,</strong></span> <span class='ocrx_word' id='word_1_635' title='bbox 1219 1633 1317 1670; x_wconf 75' lang='lat' dir='ltr'><strong>[citur]</strong></span> <span class='ocrx_word' id='word_1_636' title='bbox 1334 1634 1468 1669; x_wconf 89' lang='lat' dir='ltr'><strong>Spiritum</strong></span> <span class='ocrx_word' id='word_1_637' title='bbox 1483 1641 1516 1661; x_wconf 91' lang='lat' dir='ltr'><strong>co</strong></span> <span class='ocrx_word' id='word_1_638' title='bbox 1532 1634 1614 1662; x_wconf 89' lang='lat' dir='ltr'><strong>modo</strong></span> <span class='ocrx_word' id='word_1_639' title='bbox 1640 1634 1717 1671; x_wconf 74' lang='lat' dir='ltr'><strong>[quo</strong></span> <span class='ocrx_word' id='word_1_640' title='bbox 1749 1662 1751 1665; x_wconf 76' lang='grc'><strong>,</strong></span> 
     </span>
    </p>
   </div>
   <div class='ocr_carea' id='block_1_80' title="bbox 927 1679 1718 1716">
    <p class='ocr_par' dir='ltr' id='par_1_80' title="bbox 927 1679 1718 1716">
     <span class='ocr_line' id='line_1_80' title="bbox 927 1679 1718 1716; baseline -0.003 -7"><span class='ocrx_word' id='word_1_641' title='bbox 927 1685 954 1709; x_wconf 89' lang='lat' dir='ltr'><strong>et</strong></span> <span class='ocrx_word' id='word_1_642' title='bbox 973 1680 1073 1716; x_wconf 83' lang='lat' dir='ltr'><strong>Pater]</strong></span> <span class='ocrx_word' id='word_1_643' title='bbox 1088 1680 1192 1708; x_wconf 82' lang='lat' dir='ltr'><strong>habere</strong></span> <span class='ocrx_word' id='word_1_644' title='bbox 1206 1685 1345 1713; x_wconf 84' lang='lat' dir='ltr'><strong>censetur,</strong></span> <span class='ocrx_word' id='word_1_645' title='bbox 1362 1687 1415 1706; x_wconf 90' lang='lat' dir='ltr'><strong>non</strong></span> <span class='ocrx_word' id='word_1_646' title='bbox 1428 1679 1610 1707; x_wconf 81' lang='lat' dir='ltr'><strong>adventitinm</strong></span> <span class='ocrx_word' id='word_1_647' title='bbox 1628 1688 1718 1715; x_wconf 85' lang='lat' dir='ltr'><strong>neque</strong></span> 
     </span>
    </p>
   </div>
   <div class='ocr_carea' id='block_1_81' title="bbox 927 1724 1716 1759">
    <p class='ocr_par' dir='ltr' id='par_1_81' title="bbox 927 1724 1716 1759">
     <span class='ocr_line' id='line_1_81' title="bbox 927 1724 1716 1759; baseline -0.003 -6"><span class='ocrx_word' id='word_1_648' title='bbox 927 1726 1099 1754; x_wconf 75' lang='lat' dir='ltr'><strong>extrinsecus</strong></span> <span class='ocrx_word' id='word_1_649' title='bbox 1112 1746 1119 1759; x_wconf 89' lang='lat'><strong>,</strong></span> <span class='ocrx_word' id='word_1_650' title='bbox 1144 1724 1223 1752; x_wconf 85' lang='lat' dir='ltr'><strong>furor</strong></span> <span class='ocrx_word' id='word_1_651' title='bbox 1238 1725 1313 1752; x_wconf 91' lang='lat' dir='ltr'><strong>cnim</strong></span> <span class='ocrx_word' id='word_1_652' title='bbox 1331 1729 1373 1752; x_wconf 85' lang='lat' dir='ltr'><strong>est</strong></span> <span class='ocrx_word' id='word_1_653' title='bbox 1391 1724 1429 1751; x_wconf 89' lang='lat' dir='ltr'><strong>ita</strong></span> <span class='ocrx_word' id='word_1_654' title='bbox 1448 1725 1572 1756; x_wconf 83' lang='lat' dir='ltr'><strong>sentire;</strong></span> <span class='ocrx_word' id='word_1_655' title='bbox 1594 1724 1642 1752; x_wconf 89' lang='lat' dir='ltr'><strong>sed</strong></span> <span class='ocrx_word' id='word_1_656' title='bbox 1660 1732 1716 1759; x_wconf 87' lang='lat' dir='ltr'><strong>quo</strong></span> 
     </span>
    </p>
   </div>
   <div class='ocr_carea' id='block_1_82' title="bbox 927 1765 1718 1807">
    <p class='ocr_par' dir='ltr' id='par_1_82' title="bbox 927 1765 1718 1807">
     <span class='ocr_line' id='line_1_82' title="bbox 927 1765 1718 1807; baseline -0.004 -8"><span class='ocrx_word' id='word_1_657' title='bbox 927 1772 1008 1799; x_wconf 91' lang='lat' dir='ltr'><strong>modo</strong></span> <span class='ocrx_word' id='word_1_658' title='bbox 1024 1772 1216 1807; x_wconf 74' lang='lat' dir='ltr'><strong>unusquisque</strong></span> <span class='ocrx_word' id='word_1_659' title='bbox 1231 1775 1358 1798; x_wconf 87' lang='lat' dir='ltr'><strong>nostrum</strong></span> <span class='ocrx_word' id='word_1_660' title='bbox 1378 1765 1464 1797; x_wconf 41' lang='lat' dir='ltr'><strong>suum.</strong></span> <span class='ocrx_word' id='word_1_661' title='bbox 1481 1770 1510 1797; x_wconf 91' lang='lat' dir='ltr'><strong>in</strong></span> <span class='ocrx_word' id='word_1_662' title='bbox 1530 1770 1623 1805; x_wconf 87' lang='lat' dir='ltr'><strong>seipso</strong></span> <span class='ocrx_word' id='word_1_663' title='bbox 1637 1771 1718 1805; x_wconf 62' lang='lat' dir='ltr'><strong>spirio</strong></span> 
     </span>
    </p>
   </div>
   <div class='ocr_carea' id='block_1_83' title="bbox 927 1815 1718 1850">
    <p class='ocr_par' dir='ltr' id='par_1_83' title="bbox 927 1815 1718 1850">
     <span class='ocr_line' id='line_1_83' title="bbox 927 1815 1718 1850; baseline -0.003 -6"><span class='ocrx_word' id='word_1_664' title='bbox 927 1822 986 1845; x_wconf 92' lang='lat' dir='ltr'><strong>tum</strong></span> <span class='ocrx_word' id='word_1_665' title='bbox 1008 1818 1146 1850; x_wconf 89' lang='lat' dir='ltr'><strong>continet,</strong></span> <span class='ocrx_word' id='word_1_666' title='bbox 1171 1821 1196 1844; x_wconf 87' lang='lat' dir='ltr'><strong>et</strong></span> <span class='ocrx_word' id='word_1_667' title='bbox 1213 1824 1246 1844; x_wconf 85' lang='lat' dir='ltr'><strong>ex</strong></span> <span class='ocrx_word' id='word_1_668' title='bbox 1263 1816 1369 1843; x_wconf 92' lang='lat' dir='ltr'><strong>intimis</strong></span> <span class='ocrx_word' id='word_1_669' title='bbox 1387 1815 1541 1843; x_wconf 85' lang='lat' dir='ltr'><strong>visceribus</strong></span> <span class='ocrx_word' id='word_1_670' title='bbox 1557 1815 1633 1843; x_wconf 81' lang='lat' dir='ltr'><strong>foras</strong></span> <span class='ocrx_word' id='word_1_671' title='bbox 1650 1823 1718 1849; x_wconf 86' lang='lat' dir='ltr'><strong>pro-</strong></span> 
     </span>
    </p>
   </div>
   <div class='ocr_carea' id='block_1_84' title="bbox 928 1861 1718 1897">
    <p class='ocr_par' dir='ltr' id='par_1_84' title="bbox 928 1861 1718 1897">
     <span class='ocr_line' id='line_1_84' title="bbox 928 1861 1718 1897; baseline -0.005 -5"><span class='ocrx_word' id='word_1_672' title='bbox 928 1864 1036 1892; x_wconf 81' lang='lat' dir='ltr'><strong>fundit?</strong></span> <span class='ocrx_word' id='word_1_673' title='bbox 1049 1863 1155 1891; x_wconf 86' lang='lat' dir='ltr'><strong>Idcirco</strong></span> <span class='ocrx_word' id='word_1_674' title='bbox 1170 1863 1243 1890; x_wconf 88' lang='lat' dir='ltr'><strong>enim</strong></span> <span class='ocrx_word' id='word_1_675' title='bbox 1259 1862 1387 1890; x_wconf 86' lang='lat' dir='ltr'><strong>Christus</strong></span> <span class='ocrx_word' id='word_1_676' title='bbox 1403 1861 1552 1890; x_wconf 74' lang='lat' dir='ltr'><strong>insulilavit</strong></span> <span class='ocrx_word' id='word_1_677' title='bbox 1564 1862 1718 1897; x_wconf 88' lang='lat' dir='ltr'><strong>corporali-</strong></span> 
     </span>
    </p>
   </div>
   <div class='ocr_carea' id='block_1_85' title="bbox 927 1902 1719 1944">
    <p class='ocr_par' dir='ltr' id='par_1_85' title="bbox 927 1902 1719 1944">
     <span class='ocr_line' id='line_1_85' title="bbox 927 1902 1719 1944; baseline -0.004 -6"><span class='ocrx_word' id='word_1_678' title='bbox 927 1915 969 1938; x_wconf 86' lang='lat' dir='ltr'><strong>ter</strong></span> <span class='ocrx_word' id='word_1_679' title='bbox 982 1930 989 1942; x_wconf 88' lang='lat'><strong>,</strong></span> <span class='ocrx_word' id='word_1_680' title='bbox 1005 1910 1153 1938; x_wconf 89' lang='lat' dir='ltr'><strong>ostendens</strong></span> <span class='ocrx_word' id='word_1_681' title='bbox 1168 1909 1244 1944; x_wconf 92' lang='lat' dir='ltr'><strong>quod</strong></span> <span class='ocrx_word' id='word_1_682' title='bbox 1264 1909 1336 1936; x_wconf 90' lang='lat' dir='ltr'><strong>sicut</strong></span> <span class='ocrx_word' id='word_1_683' title='bbox 1351 1916 1384 1935; x_wconf 77' lang='lat' dir='ltr'><strong>cx</strong></span> <span class='ocrx_word' id='word_1_684' title='bbox 1401 1915 1449 1935; x_wconf 92' lang='lat' dir='ltr'><strong>ore</strong></span> <span class='ocrx_word' id='word_1_685' title='bbox 1464 1907 1586 1935; x_wconf 91' lang='lat' dir='ltr'><strong>humano</strong></span> <span class='ocrx_word' id='word_1_686' title='bbox 1603 1902 1719 1942; x_wconf 76' lang='lat' dir='ltr'><strong>spiritus</strong></span> 
     </span>
    </p>
   </div>
   <div class='ocr_carea' id='block_1_86' title="bbox 928 1953 1718 1993">
    <p class='ocr_par' dir='ltr' id='par_1_86' title="bbox 928 1953 1718 1993">
     <span class='ocr_line' id='line_1_86' title="bbox 928 1953 1718 1993; baseline -0.005 -9"><span class='ocrx_word' id='word_1_687' title='bbox 928 1957 1019 1993; x_wconf 89' lang='lat' dir='ltr'><strong>prodit</strong></span> <span class='ocrx_word' id='word_1_688' title='bbox 1041 1956 1224 1992; x_wconf 88' lang='lat' dir='ltr'><strong>corporaliter</strong></span> <span class='ocrx_word' id='word_1_689' title='bbox 1240 1975 1247 1988; x_wconf 87' lang='lat'><strong>,</strong></span> <span class='ocrx_word' id='word_1_690' title='bbox 1274 1955 1316 1982; x_wconf 89' lang='lat' dir='ltr'><strong>sic</strong></span> <span class='ocrx_word' id='word_1_691' title='bbox 1342 1958 1369 1982; x_wconf 87' lang='lat' dir='ltr'><strong>et</strong></span> <span class='ocrx_word' id='word_1_692' title='bbox 1392 1962 1427 1982; x_wconf 82' lang='lat' dir='ltr'><strong>ex</strong></span> <span class='ocrx_word' id='word_1_693' title='bbox 1451 1954 1543 1982; x_wconf 88' lang='lat' dir='ltr'><strong>divina</strong></span> <span class='ocrx_word' id='word_1_694' title='bbox 1564 1953 1718 1981; x_wconf 80' lang='lat' dir='ltr'><strong>substantia</strong></span> 
     </span>
    </p>
   </div>
   <div class='ocr_carea' id='block_1_87' title="bbox 928 2000 1720 2037">
    <p class='ocr_par' dir='ltr' id='par_1_87' title="bbox 928 2000 1720 2037">
     <span class='ocr_line' id='line_1_87' title="bbox 928 2000 1720 2037; baseline -0.008 -5"><span class='ocrx_word' id='word_1_695' title='bbox 928 2004 1022 2032; x_wconf 88' lang='lat' dir='ltr'><strong>deitati</strong></span> <span class='ocrx_word' id='word_1_696' title='bbox 1039 2003 1236 2031; x_wconf 82' lang='lat' dir='ltr'><strong>convenienter</strong></span> <span class='ocrx_word' id='word_1_697' title='bbox 1250 2000 1371 2037; x_wconf 87' lang='lat' dir='ltr'><strong>Spiritus</strong></span> <span class='ocrx_word' id='word_1_698' title='bbox 1384 2020 1391 2032; x_wconf 89' lang='lat'><strong>,</strong></span> <span class='ocrx_word' id='word_1_699' title='bbox 1409 2000 1454 2035; x_wconf 90' lang='lat' dir='ltr'><strong>qui</strong></span> <span class='ocrx_word' id='word_1_700' title='bbox 1475 2008 1508 2027; x_wconf 85' lang='lat' dir='ltr'><strong>ex</strong></span> <span class='ocrx_word' id='word_1_701' title='bbox 1529 2007 1561 2028; x_wconf 86' lang='lat' dir='ltr'><strong>eo</strong></span> <span class='ocrx_word' id='word_1_702' title='bbox 1576 2005 1616 2027; x_wconf 89' lang='lat' dir='ltr'><strong>est</strong></span> <span class='ocrx_word' id='word_1_703' title='bbox 1631 2020 1637 2032; x_wconf 85' lang='lat'><strong>,</strong></span> <span class='ocrx_word' id='word_1_704' title='bbox 1657 2009 1720 2035; x_wconf 86' lang='lat' dir='ltr'><strong>pro-</strong></span> 
     </span>
    </p>
   </div>
   <div class='ocr_carea' id='block_1_88' title="bbox 929 2046 1720 2084">
    <p class='ocr_par' dir='ltr' id='par_1_88' title="bbox 929 2046 1720 2084">
     <span class='ocr_line' id='line_1_88' title="bbox 929 2046 1720 2084; baseline -0.004 -7"><span class='ocrx_word' id='word_1_705' title='bbox 929 2049 1063 2078; x_wconf 82' lang='lat' dir='ltr'><strong>funditur.</strong></span> <span class='ocrx_word' id='word_1_706' title='bbox 1079 2049 1147 2077; x_wconf 92' lang='lat' dir='ltr'><strong>Cum</strong></span> <span class='ocrx_word' id='word_1_707' title='bbox 1164 2055 1230 2084; x_wconf 78' lang='lat' dir='ltr'><strong>ergo</strong></span> <span class='ocrx_word' id='word_1_708' title='bbox 1247 2047 1367 2083; x_wconf 90' lang='lat' dir='ltr'><strong>Spiritus</strong></span> <span class='ocrx_word' id='word_1_709' title='bbox 1385 2047 1444 2082; x_wconf 85' lang='lat' dir='ltr'><strong>ipse</strong></span> <span class='ocrx_word' id='word_1_710' title='bbox 1468 2046 1513 2074; x_wconf 86' lang='lat' dir='ltr'><strong>Dei</strong></span> <span class='ocrx_word' id='word_1_711' title='bbox 1530 2046 1622 2074; x_wconf 85' lang='lat' dir='ltr'><strong>Patris</strong></span> <span class='ocrx_word' id='word_1_712' title='bbox 1638 2048 1672 2074; x_wconf 92' lang='lat' dir='ltr'><strong>sit</strong></span> <span class='ocrx_word' id='word_1_713' title='bbox 1687 2055 1720 2074; x_wconf 78' lang='lat' dir='ltr'><strong>ac</strong></span> 
     </span>
    </p>
   </div>
   <div class='ocr_carea' id='block_1_89' title="bbox 928 2093 1720 2131">
    <p class='ocr_par' dir='ltr' id='par_1_89' title="bbox 928 2093 1720 2131">
     <span class='ocr_line' id='line_1_89' title="bbox 928 2093 1720 2131; baseline -0.004 -8"><span class='ocrx_word' id='word_1_714' title='bbox 928 2095 1011 2129; x_wconf 83' lang='lat' dir='ltr'><strong>Filii,</strong></span> <span class='ocrx_word' id='word_1_715' title='bbox 1029 2095 1168 2131; x_wconf 91' lang='lat' dir='ltr'><strong>quomodo</strong></span> <span class='ocrx_word' id='word_1_716' title='bbox 1185 2103 1241 2122; x_wconf 90' lang='lat' dir='ltr'><strong>non</strong></span> <span class='ocrx_word' id='word_1_717' title='bbox 1255 2101 1338 2121; x_wconf 90' lang='lat' dir='ltr'><strong>unam</strong></span> <span class='ocrx_word' id='word_1_718' title='bbox 1358 2093 1475 2121; x_wconf 89' lang='lat' dir='ltr'><strong>omnino</strong></span> <span class='ocrx_word' id='word_1_719' title='bbox 1492 2093 1632 2121; x_wconf 85' lang='lat' dir='ltr'><strong>habebunt</strong></span> <span class='ocrx_word' id='word_1_720' title='bbox 1652 2094 1720 2121; x_wconf 81' lang='lat' dir='ltr'><strong>sul)-</strong></span> 
     </span>
    </p>
   </div>
   <div class='ocr_carea' id='block_1_90' title="bbox 929 2139 1719 2175">
    <p class='ocr_par' dir='ltr' id='par_1_90' title="bbox 929 2139 1719 2175">
     <span class='ocr_line' id='line_1_90' title="bbox 929 2139 1719 2175; baseline -0.005 -5"><span class='ocrx_word' id='word_1_721' title='bbox 929 2143 1057 2170; x_wconf 86' lang='lat' dir='ltr'><strong>stantiam</strong></span> <span class='ocrx_word' id='word_1_722' title='bbox 1073 2147 1100 2170; x_wconf 89' lang='lat' dir='ltr'><strong>et</strong></span> <span class='ocrx_word' id='word_1_723' title='bbox 1115 2142 1245 2170; x_wconf 87' lang='lat' dir='ltr'><strong>distincte</strong></span> <span class='ocrx_word' id='word_1_724' title='bbox 1264 2140 1346 2169; x_wconf 80' lang='lat' dir='ltr'><strong>simul</strong></span> <span class='ocrx_word' id='word_1_725' title='bbox 1366 2144 1449 2175; x_wconf 83' lang='lat' dir='ltr'><strong>atque</strong></span> <span class='ocrx_word' id='word_1_726' title='bbox 1462 2139 1652 2174; x_wconf 82' lang='lat' dir='ltr'><strong>conjunctim?</strong></span> <span class='ocrx_word' id='word_1_727' title='bbox 1667 2139 1719 2166; x_wconf 80' lang='lat' dir='ltr'><strong>Pa-</strong></span> 
     </span>
    </p>
   </div>
   <div class='ocr_carea' id='block_1_91' title="bbox 929 2185 1720 2220">
    <p class='ocr_par' dir='ltr' id='par_1_91' title="bbox 929 2185 1720 2220">
     <span class='ocr_line' id='line_1_91' title="bbox 929 2185 1720 2220; baseline -0.006 -4"><span class='ocrx_word' id='word_1_728' title='bbox 929 2193 972 2216; x_wconf 86' lang='lat' dir='ltr'><strong>ter</strong></span> <span class='ocrx_word' id='word_1_729' title='bbox 987 2189 1061 2215; x_wconf 84' lang='lat' dir='ltr'><strong>enim</strong></span> <span class='ocrx_word' id='word_1_730' title='bbox 1086 2187 1167 2216; x_wconf 85' lang='lat' dir='ltr'><strong>Pater</strong></span> <span class='ocrx_word' id='word_1_731' title='bbox 1181 2191 1224 2216; x_wconf 87' lang='lat' dir='ltr'><strong>est</strong></span> <span class='ocrx_word' id='word_1_732' title='bbox 1237 2207 1244 2220; x_wconf 86' lang='lat'><strong>.</strong></span> <span class='ocrx_word' id='word_1_733' title='bbox 1264 2195 1297 2214; x_wconf 85' lang='lat' dir='ltr'><strong>ac</strong></span> <span class='ocrx_word' id='word_1_734' title='bbox 1322 2195 1377 2215; x_wconf 87' lang='lat' dir='ltr'><strong>non</strong></span> <span class='ocrx_word' id='word_1_735' title='bbox 1403 2186 1490 2214; x_wconf 88' lang='lat' dir='ltr'><strong>Filius</strong></span> <span class='ocrx_word' id='word_1_736' title='bbox 1503 2206 1510 2218; x_wconf 90' lang='lat'><strong>,</strong></span> <span class='ocrx_word' id='word_1_737' title='bbox 1528 2189 1556 2213; x_wconf 86' lang='lat' dir='ltr'><strong>et</strong></span> <span class='ocrx_word' id='word_1_738' title='bbox 1576 2185 1662 2212; x_wconf 90' lang='lat' dir='ltr'><strong>Filius</strong></span> <span class='ocrx_word' id='word_1_739' title='bbox 1677 2191 1720 2212; x_wconf 88' lang='lat' dir='ltr'><strong>est</strong></span> 
     </span>
    </p>
   </div>
   <div class='ocr_carea' id='block_1_92' title="bbox 83 2231 874 2273">
    <p class='ocr_par' dir='ltr' id='par_1_92' title="bbox 83 2236 874 2272">
     <span class='ocr_line' id='line_1_92' title="bbox 83 2236 874 2272; baseline 0.003 -10"><span class='ocrx_word' id='word_1_740' title='bbox 83 2237 223 2272; x_wconf 74' lang='grc' dir='ltr'>Ορωπίνου</span> <span class='ocrx_word' id='word_1_741' title='bbox 242 2236 351 2272; x_wconf 86' lang='grc' dir='ltr'>πρόεισι</span> <span class='ocrx_word' id='word_1_742' title='bbox 365 2236 396 2263; x_wconf 78' lang='grc' dir='ltr'>τὸ</span> <span class='ocrx_word' id='word_1_743' title='bbox 426 2236 534 2271; x_wconf 87' lang='grc' dir='ltr'>πνεῦμα</span> <span class='ocrx_word' id='word_1_744' title='bbox 551 2236 727 2272; x_wconf 85' lang='grc' dir='ltr'>σωματικῶς,</span> <span class='ocrx_word' id='word_1_745' title='bbox 747 2236 817 2264; x_wconf 81' lang='grc' dir='ltr'>οὕτω</span> <span class='ocrx_word' id='word_1_746' title='bbox 833 2237 874 2264; x_wconf 64' lang='grc' dir='ltr'>καὶ</span> 
     </span>
    </p>
   </div>
   <div class='ocr_carea' id='block_1_93' title="bbox 927 2231 1721 2273">
    <p class='ocr_par' dir='ltr' id='par_1_93' title="bbox 931 2231 1721 2273">
     <span class='ocr_line' id='line_1_93' title="bbox 931 2231 1721 2273; baseline -0.005 -11"><span class='ocrx_word' id='word_1_747' title='bbox 931 2235 1018 2263; x_wconf 88' lang='lat' dir='ltr'><strong>Filius</strong></span> <span class='ocrx_word' id='word_1_748' title='bbox 1032 2255 1039 2267; x_wconf 91' lang='lat'><strong>,</strong></span> <span class='ocrx_word' id='word_1_749' title='bbox 1061 2242 1093 2262; x_wconf 86' lang='lat' dir='ltr'><strong>ac</strong></span> <span class='ocrx_word' id='word_1_750' title='bbox 1111 2242 1165 2273; x_wconf 84' lang='lat' dir='ltr'><strong>non</strong></span> <span class='ocrx_word' id='word_1_751' title='bbox 1184 2234 1276 2262; x_wconf 84' lang='lat' dir='ltr'><strong>Pater.</strong></span> <span class='ocrx_word' id='word_1_752' title='bbox 1292 2233 1489 2262; x_wconf 83' lang='lat' dir='ltr'><strong>Verumtamen</strong></span> <span class='ocrx_word' id='word_1_753' title='bbox 1504 2232 1586 2259; x_wconf 85' lang='lat' dir='ltr'><strong>Pater</strong></span> <span class='ocrx_word' id='word_1_754' title='bbox 1604 2233 1631 2259; x_wconf 92' lang='lat' dir='ltr'><strong>in</strong></span> <span class='ocrx_word' id='word_1_755' title='bbox 1649 2231 1721 2266; x_wconf 82' lang='lat' dir='ltr'><strong>Filio</strong></span> 
     </span>
    </p>
   </div>
   <div class='ocr_carea' id='block_1_94' title="bbox 83 2282 880 2318">
    <p class='ocr_par' dir='ltr' id='par_1_94' title="bbox 83 2282 880 2318">
     <span class='ocr_line' id='line_1_94' title="bbox 83 2282 880 2318; baseline 0 -10"><span class='ocrx_word' id='word_1_756' title='bbox 83 2283 115 2309; x_wconf 85' lang='grc' dir='ltr'><strong>ἐκ</strong></span> <span class='ocrx_word' id='word_1_757' title='bbox 131 2283 183 2317; x_wconf 81' lang='grc' dir='ltr'>τῆς</span> <span class='ocrx_word' id='word_1_758' title='bbox 205 2282 281 2314; x_wconf 84' lang='grc' dir='ltr'>θείας</span> <span class='ocrx_word' id='word_1_759' title='bbox 300 2283 392 2314; x_wconf 80' lang='grc' dir='ltr'>οὐσίας</span> <span class='ocrx_word' id='word_1_760' title='bbox 408 2282 569 2318; x_wconf 86' lang='grc' dir='ltr'>θεοπρεπῶς</span> <span class='ocrx_word' id='word_1_761' title='bbox 585 2284 727 2317; x_wconf 76' lang='grc' dir='ltr'>προχεῖται</span> <span class='ocrx_word' id='word_1_762' title='bbox 743 2282 773 2309; x_wconf 81' lang='grc' dir='ltr'>τὸ</span> <span class='ocrx_word' id='word_1_763' title='bbox 784 2282 812 2315; x_wconf 80' lang='grc' dir='ltr'>ἐξ</span> <span class='ocrx_word' id='word_1_764' title='bbox 831 2283 880 2309; x_wconf 84' lang='grc' dir='ltr'><strong>αὐ-</strong></span> 
     </span>
    </p>
   </div>
   <div class='ocr_carea' id='block_1_95' title="bbox 83 2328 881 2364">
    <p class='ocr_par' dir='ltr' id='par_1_95' title="bbox 83 2328 881 2364">
     <span class='ocr_line' id='line_1_95' title="bbox 83 2328 881 2364; baseline 0.001 -9"><span class='ocrx_word' id='word_1_765' title='bbox 83 2329 139 2355; x_wconf 72' lang='grc' dir='ltr'>τοῦ.</span> <span class='ocrx_word' id='word_1_766' title='bbox 149 2329 215 2355; x_wconf 84' lang='grc' dir='ltr'>Ὅτε</span> <span class='ocrx_word' id='word_1_767' title='bbox 227 2328 318 2356; x_wconf 86' lang='grc' dir='ltr'>τοίνυν</span> <span class='ocrx_word' id='word_1_768' title='bbox 334 2329 400 2355; x_wconf 82' lang='grc' dir='ltr'>αὐτὸ</span> <span class='ocrx_word' id='word_1_769' title='bbox 413 2329 442 2355; x_wconf 77' lang='grc' dir='ltr'>τὸ</span> <span class='ocrx_word' id='word_1_770' title='bbox 452 2329 565 2364; x_wconf 89' lang='grc' dir='ltr'>Πνεῦμα</span> <span class='ocrx_word' id='word_1_771' title='bbox 579 2328 625 2355; x_wconf 84' lang='grc' dir='ltr'>τοῦ</span> <span class='ocrx_word' id='word_1_772' title='bbox 641 2337 671 2355; x_wconf 87' lang='grc' dir='ltr'><strong>τε</strong></span> <span class='ocrx_word' id='word_1_773' title='bbox 686 2328 754 2355; x_wconf 80' lang='grc' dir='ltr'>Θεοῦ</span> <span class='ocrx_word' id='word_1_774' title='bbox 769 2329 816 2355; x_wconf 77' lang='grc' dir='ltr'><strong>καὶ</strong></span> <span class='ocrx_word' id='word_1_775' title='bbox 824 2329 881 2356; x_wconf 78' lang='grc' dir='ltr'><strong>Πα-</strong></span> 
     </span>
    </p>
   </div>
   <div class='ocr_carea' id='block_1_96' title="bbox 82 2375 880 2411">
    <p class='ocr_par' dir='ltr' id='par_1_96' title="bbox 82 2375 880 2411">
     <span class='ocr_line' id='line_1_96' title="bbox 82 2375 880 2411; baseline 0 -9"><span class='ocrx_word' id='word_1_776' title='bbox 82 2375 147 2411; x_wconf 79' lang='grc' dir='ltr'>τρός</span> <span class='ocrx_word' id='word_1_777' title='bbox 167 2376 242 2402; x_wconf 87' lang='grc' dir='ltr'>ἐστιν</span> <span class='ocrx_word' id='word_1_778' title='bbox 268 2376 381 2402; x_wconf 79' lang='grc' dir='ltr'>καὶτοῦ</span> <span class='ocrx_word' id='word_1_779' title='bbox 406 2375 492 2407; x_wconf 88' lang='grc' dir='ltr'>Υίοῦ,</span> <span class='ocrx_word' id='word_1_780' title='bbox 509 2375 567 2407; x_wconf 84' lang='grc' dir='ltr'><strong>πῶς</strong></span> <span class='ocrx_word' id='word_1_781' title='bbox 592 2375 653 2410; x_wconf 79' lang='grc' dir='ltr'><strong>οὺχὶ</strong></span> <span class='ocrx_word' id='word_1_782' title='bbox 678 2375 788 2408; x_wconf 82' lang='grc' dir='ltr'>πάντως</span> <span class='ocrx_word' id='word_1_783' title='bbox 816 2376 880 2410; x_wconf 87' lang='grc' dir='ltr'>μίαν</span> 
     </span>
    </p>
   </div>
   <div class='ocr_carea' id='block_1_97' title="bbox 82 2421 881 2459">
    <p class='ocr_par' dir='ltr' id='par_1_97' title="bbox 82 2421 881 2459">
     <span class='ocr_line' id='line_1_97' title="bbox 82 2421 881 2459; baseline 0 -11"><span class='ocrx_word' id='word_1_784' title='bbox 82 2421 175 2454; x_wconf 80' lang='grc' dir='ltr'>ἕξουσι</span> <span class='ocrx_word' id='word_1_785' title='bbox 196 2422 246 2457; x_wconf 85' lang='grc' dir='ltr'>τὴν</span> <span class='ocrx_word' id='word_1_786' title='bbox 263 2421 389 2454; x_wconf 78' lang='grc' dir='ltr'>ἐξουσίαν</span> <span class='ocrx_word' id='word_1_787' title='bbox 412 2421 585 2459; x_wconf 77' lang='grc' dir='ltr'>διῃρημένως</span> <span class='ocrx_word' id='word_1_788' title='bbox 603 2430 632 2448; x_wconf 84' lang='grc' dir='ltr'>τε</span> <span class='ocrx_word' id='word_1_789' title='bbox 648 2421 705 2457; x_wconf 79' lang='grc' dir='ltr'><strong>ἅμα</strong></span> <span class='ocrx_word' id='word_1_790' title='bbox 717 2423 764 2448; x_wconf 78' lang='grc' dir='ltr'><strong>καὶ</strong></span> <span class='ocrx_word' id='word_1_791' title='bbox 778 2431 881 2457; x_wconf 80' lang='grc' dir='ltr'>συνημ-</span> 
     </span>
    </p>
   </div>
   <div class='ocr_carea' id='block_1_98' title="bbox 83 2467 880 2504">
    <p class='ocr_par' dir='ltr' id='par_1_98' title="bbox 83 2467 880 2504">
     <span class='ocr_line' id='line_1_98' title="bbox 83 2467 880 2504; baseline 0 -9"><span class='ocrx_word' id='word_1_792' title='bbox 83 2468 173 2504; x_wconf 84' lang='grc' dir='ltr'>μένως</span> <span class='ocrx_word' id='word_1_793' title='bbox 185 2477 192 2501; x_wconf 89' lang='grc'>;</span> <span class='ocrx_word' id='word_1_794' title='bbox 206 2468 301 2504; x_wconf 82' lang='grc' dir='ltr'>Πατὴρ</span> <span class='ocrx_word' id='word_1_795' title='bbox 316 2468 402 2504; x_wconf 80' lang='grc' dir='ltr'>γὰρ,ό</span> <span class='ocrx_word' id='word_1_796' title='bbox 421 2469 517 2503; x_wconf 85' lang='grc' dir='ltr'>Πατὴρ</span> <span class='ocrx_word' id='word_1_797' title='bbox 531 2468 579 2494; x_wconf 75' lang='grc' dir='ltr'><strong>καὶ</strong></span> <span class='ocrx_word' id='word_1_798' title='bbox 592 2468 640 2503; x_wconf 85' lang='grc' dir='ltr'><strong>οὐχ</strong></span> <span class='ocrx_word' id='word_1_799' title='bbox 656 2467 731 2500; x_wconf 80' lang='grc' dir='ltr'>Υἱὸς,</span> <span class='ocrx_word' id='word_1_800' title='bbox 744 2469 790 2495; x_wconf 71' lang='grc' dir='ltr'>καὶ</span> <span class='ocrx_word' id='word_1_801' title='bbox 805 2468 880 2501; x_wconf 82' lang='grc' dir='ltr'>Υἱὸς,</span> 
     </span>
    </p>
   </div>
   <div class='ocr_carea' id='block_1_99' title="bbox 81 2513 882 2549">
    <p class='ocr_par' dir='ltr' id='par_1_99' title="bbox 81 2513 882 2549">
     <span class='ocr_line' id='line_1_99' title="bbox 81 2513 882 2549; baseline 0.001 -9"><span class='ocrx_word' id='word_1_802' title='bbox 81 2515 95 2540; x_wconf 88' lang='lat'><strong>6</strong></span> <span class='ocrx_word' id='word_1_803' title='bbox 113 2514 178 2545; x_wconf 72' lang='grc' dir='ltr'>Υἱὸς</span> <span class='ocrx_word' id='word_1_804' title='bbox 196 2513 244 2540; x_wconf 68' lang='grc' dir='ltr'>καὶ</span> <span class='ocrx_word' id='word_1_805' title='bbox 260 2514 321 2548; x_wconf 78' lang='grc' dir='ltr'><strong>οὐχὶ</strong></span> <span class='ocrx_word' id='word_1_806' title='bbox 338 2513 442 2549; x_wconf 82' lang='grc' dir='ltr'>Πατήρ.</span> <span class='ocrx_word' id='word_1_807' title='bbox 470 2513 544 2548; x_wconf 87' lang='grc' dir='ltr'>Πλὴν</span> <span class='ocrx_word' id='word_1_808' title='bbox 560 2513 574 2539; x_wconf 91' lang='lat'><strong>6</strong></span> <span class='ocrx_word' id='word_1_809' title='bbox 595 2513 687 2548; x_wconf 82' lang='grc' dir='ltr'>πατὴρ</span> <span class='ocrx_word' id='word_1_810' title='bbox 703 2513 732 2540; x_wconf 84' lang='grc' dir='ltr'><strong>ἐν</strong></span> <span class='ocrx_word' id='word_1_811' title='bbox 748 2513 815 2549; x_wconf 81' lang='grc' dir='ltr'><strong>Υῑῷ,</strong></span> <span class='ocrx_word' id='word_1_812' title='bbox 835 2515 882 2541; x_wconf 83' lang='grc' dir='ltr'>καὶ</span> 
     </span>
    </p>
   </div>
   <div class='ocr_carea' id='block_1_100' title="bbox 83 2557 880 2593">
    <p class='ocr_par' dir='ltr' id='par_1_100' title="bbox 83 2557 880 2593">
     <span class='ocr_line' id='line_1_100' title="bbox 83 2557 880 2593; baseline 0.001 -9"><span class='ocrx_word' id='word_1_813' title='bbox 83 2558 97 2584; x_wconf 77' lang='grc' dir='ltr'>ὁ</span> <span class='ocrx_word' id='word_1_814' title='bbox 121 2558 187 2589; x_wconf 72' lang='grc' dir='ltr'><strong>Υἱὸς</strong></span> <span class='ocrx_word' id='word_1_815' title='bbox 216 2559 244 2584; x_wconf 83' lang='grc' dir='ltr'>ἐν</span> <span class='ocrx_word' id='word_1_816' title='bbox 272 2557 369 2593; x_wconf 82' lang='grc' dir='ltr'>Πατρί.</span> <span class='ocrx_word' id='word_1_817' title='bbox 389 2557 486 2584; x_wconf 78' lang='grc' dir='ltr'>Δίδωσί</span> <span class='ocrx_word' id='word_1_818' title='bbox 508 2566 539 2592; x_wconf 89' lang='grc' dir='ltr'>γε</span> <span class='ocrx_word' id='word_1_819' title='bbox 565 2558 618 2593; x_wconf 84' lang='grc' dir='ltr'>μὴν</span> <span class='ocrx_word' id='word_1_820' title='bbox 633 2557 678 2584; x_wconf 81' lang='grc' dir='ltr'>τὸν</span> <span class='ocrx_word' id='word_1_821' title='bbox 690 2558 880 2593; x_wconf 78' lang='grc' dir='ltr'>Παράκ&gt;.ητον,</span> 
     </span>
    </p>
   </div>
   <div class='ocr_carea' id='block_1_101' title="bbox 83 2603 883 2641">
    <p class='ocr_par' dir='ltr' id='par_1_101' title="bbox 83 2603 883 2641">
     <span class='ocr_line' id='line_1_101' title="bbox 83 2603 883 2641; baseline 0.001 -11"><span class='ocrx_word' id='word_1_822' title='bbox 83 2604 143 2639; x_wconf 72' lang='grc' dir='ltr'>ἦτοι</span> <span class='ocrx_word' id='word_1_823' title='bbox 154 2603 185 2630; x_wconf 80' lang='grc' dir='ltr'>τὸ</span> <span class='ocrx_word' id='word_1_824' title='bbox 196 2603 310 2639; x_wconf 84' lang='grc' dir='ltr'>Πνεῦμα</span> <span class='ocrx_word' id='word_1_825' title='bbox 323 2603 354 2630; x_wconf 82' lang='grc' dir='ltr'>τὸ</span> <span class='ocrx_word' id='word_1_826' title='bbox 370 2603 458 2638; x_wconf 77' lang='grc' dir='ltr'>ἅγιον,</span> <span class='ocrx_word' id='word_1_827' title='bbox 474 2604 524 2630; x_wconf 74' lang='grc' dir='ltr'>οὐκ</span> <span class='ocrx_word' id='word_1_828' title='bbox 543 2603 595 2639; x_wconf 74' lang='grc' dir='ltr'>ἰδίᾳ</span> <span class='ocrx_word' id='word_1_829' title='bbox 616 2604 665 2639; x_wconf 80' lang='grc' dir='ltr'>μὲν</span> <span class='ocrx_word' id='word_1_830' title='bbox 681 2605 694 2630; x_wconf 87' lang='lat'><strong>6</strong></span> <span class='ocrx_word' id='word_1_831' title='bbox 710 2604 816 2640; x_wconf 78' lang='grc' dir='ltr'>Πατὴρ,</span> <span class='ocrx_word' id='word_1_832' title='bbox 829 2604 883 2641; x_wconf 72' lang='grc' dir='ltr'>ἰδίᾳ</span> 
     </span>
    </p>
   </div>
   <div class='ocr_carea' id='block_1_102' title="bbox 83 2649 882 2687">
    <p class='ocr_par' dir='ltr' id='par_1_102' title="bbox 83 2649 882 2687">
     <span class='ocr_line' id='line_1_102' title="bbox 83 2649 882 2687; baseline 0.003 -11"><span class='ocrx_word' id='word_1_833' title='bbox 83 2650 110 2677; x_wconf 83' lang='grc' dir='ltr'>δὲ</span> <span class='ocrx_word' id='word_1_834' title='bbox 126 2651 141 2676; x_wconf 88' lang='lat'><strong>6</strong></span> <span class='ocrx_word' id='word_1_835' title='bbox 155 2650 230 2683; x_wconf 77' lang='grc' dir='ltr'>Υἱὸς,</span> <span class='ocrx_word' id='word_1_836' title='bbox 252 2650 412 2686; x_wconf 83' lang='grc' dir='ltr'>χορηγεῖται</span> <span class='ocrx_word' id='word_1_837' title='bbox 436 2649 464 2676; x_wconf 86' lang='grc' dir='ltr'><strong>δέ</strong></span> <span class='ocrx_word' id='word_1_838' title='bbox 488 2650 588 2685; x_wconf 78' lang='grc' dir='ltr'>μᾶλλον</span> <span class='ocrx_word' id='word_1_839' title='bbox 613 2651 670 2681; x_wconf 64' lang='grc' dir='ltr'>τοῖς</span> <span class='ocrx_word' id='word_1_840' title='bbox 692 2650 778 2684; x_wconf 83' lang='grc' dir='ltr'>ἁγίοις</span> <span class='ocrx_word' id='word_1_841' title='bbox 805 2651 882 2687; x_wconf 83' lang='grc' dir='ltr'>παρὰ</span> 
     </span>
    </p>
   </div>
   <div class='ocr_carea' id='block_1_103' title="bbox 84 2693 882 2732">
    <p class='ocr_par' dir='ltr' id='par_1_103' title="bbox 84 2693 882 2732">
     <span class='ocr_line' id='line_1_103' title="bbox 84 2693 882 2732; baseline 0.001 -10"><span class='ocrx_word' id='word_1_842' title='bbox 84 2696 192 2732; x_wconf 71' lang='grc' dir='ltr'>Πατρὸς</span> <span class='ocrx_word' id='word_1_843' title='bbox 207 2693 241 2722; x_wconf 81' lang='grc' dir='ltr'><strong>δι’</strong></span> <span class='ocrx_word' id='word_1_844' title='bbox 262 2696 340 2723; x_wconf 78' lang='grc' dir='ltr'>Υὶοῦ.</span> <span class='ocrx_word' id='word_1_845' title='bbox 361 2695 412 2722; x_wconf 84' lang='grc' dir='ltr'><strong>Διὰ</strong></span> <span class='ocrx_word' id='word_1_846' title='bbox 431 2695 485 2731; x_wconf 84' lang='grc' dir='ltr'>γάρ</span> <span class='ocrx_word' id='word_1_847' title='bbox 496 2704 537 2722; x_wconf 86' lang='grc' dir='ltr'><strong>τοι</strong></span> <span class='ocrx_word' id='word_1_848' title='bbox 549 2696 638 2729; x_wconf 78' lang='grc' dir='ltr'>τοῦτο,</span> <span class='ocrx_word' id='word_1_849' title='bbox 658 2695 756 2722; x_wconf 83' lang='grc' dir='ltr'>διδόναι</span> <span class='ocrx_word' id='word_1_850' title='bbox 769 2697 882 2732; x_wconf 80' lang='grc' dir='ltr'>λεγομέ-</span> 
     </span>
    </p>
   </div>
   <div class='ocr_carea' id='block_1_104' title="bbox 83 2739 880 2777">
    <p class='ocr_par' dir='ltr' id='par_1_104' title="bbox 83 2739 880 2777">
     <span class='ocr_line' id='line_1_104' title="bbox 83 2739 880 2777; baseline 0.001 -9"><span class='ocrx_word' id='word_1_851' title='bbox 83 2751 129 2769; x_wconf 81' lang='grc' dir='ltr'>νου</span> <span class='ocrx_word' id='word_1_852' title='bbox 146 2741 193 2768; x_wconf 80' lang='grc' dir='ltr'>τοῦ</span> <span class='ocrx_word' id='word_1_853' title='bbox 209 2742 329 2777; x_wconf 60' lang='grc' dir='ltr'>Πατρὶς,</span> <span class='ocrx_word' id='word_1_854' title='bbox 346 2742 359 2768; x_wconf 84' lang='grc' dir='ltr'>ὁ</span> <span class='ocrx_word' id='word_1_855' title='bbox 379 2741 413 2768; x_wconf 77' lang='grc' dir='ltr'>δι’</span> <span class='ocrx_word' id='word_1_856' title='bbox 431 2739 461 2767; x_wconf 76' lang='grc' dir='ltr'>οὗ</span> <span class='ocrx_word' id='word_1_857' title='bbox 475 2742 510 2769; x_wconf 74' lang='grc' dir='ltr'><strong>τὰ</strong></span> <span class='ocrx_word' id='word_1_858' title='bbox 538 2742 625 2769; x_wconf 83' lang='grc' dir='ltr'>πάντα</span> <span class='ocrx_word' id='word_1_859' title='bbox 650 2741 757 2770; x_wconf 76' lang='grc' dir='ltr'>δίδωσιν</span> <span class='ocrx_word' id='word_1_860' title='bbox 771 2743 785 2769; x_wconf 86' lang='grc' dir='ltr'><em>ὁ</em></span> <span class='ocrx_word' id='word_1_861' title='bbox 798 2743 861 2774; x_wconf 82' lang='grc' dir='ltr'>Υἱός</span> <span class='ocrx_word' id='word_1_862' title='bbox 874 2751 880 2758; x_wconf 90' lang='grc'>·</span> 
     </span>
    </p>
   </div>
   <div class='ocr_carea' id='block_1_105' title="bbox 86 2786 882 2823">
    <p class='ocr_par' dir='ltr' id='par_1_105' title="bbox 86 2786 882 2823">
     <span class='ocr_line' id='line_1_105' title="bbox 86 2786 882 2823; baseline 0.003 -7"><span class='ocrx_word' id='word_1_863' title='bbox 86 2789 142 2823; x_wconf 76' lang='grc' dir='ltr'>καὶ,</span> <span class='ocrx_word' id='word_1_864' title='bbox 158 2789 260 2816; x_wconf 80' lang='grc' dir='ltr'>διδόναι</span> <span class='ocrx_word' id='word_1_865' title='bbox 285 2788 433 2823; x_wconf 72' lang='grc' dir='ltr'>λεγομένου</span> <span class='ocrx_word' id='word_1_866' title='bbox 458 2788 505 2815; x_wconf 81' lang='grc' dir='ltr'>τοῦ</span> <span class='ocrx_word' id='word_1_867' title='bbox 523 2788 598 2821; x_wconf 85' lang='grc' dir='ltr'>Υἱοῦ,</span> <span class='ocrx_word' id='word_1_868' title='bbox 614 2790 628 2815; x_wconf 90' lang='lat'><strong>6</strong></span> <span class='ocrx_word' id='word_1_869' title='bbox 649 2789 678 2822; x_wconf 80' lang='grc' dir='ltr'>ἐξ</span> <span class='ocrx_word' id='word_1_870' title='bbox 695 2786 725 2817; x_wconf 80' lang='grc' dir='ltr'>οὗ</span> <span class='ocrx_word' id='word_1_871' title='bbox 746 2790 778 2817; x_wconf 84' lang='grc' dir='ltr'><strong>τὰ</strong></span> <span class='ocrx_word' id='word_1_872' title='bbox 793 2790 882 2818; x_wconf 76' lang='grc' dir='ltr'>πάντα</span> 
     </span>
    </p>
   </div>
   <div class='ocr_carea' id='block_1_106' title="bbox 119 2876 660 2918">
    <p class='ocr_par' dir='ltr' id='par_1_106' title="bbox 119 2876 660 2918">
     <span class='ocr_line' id='line_1_106' title="bbox 119 2876 660 2918; baseline -0.004 -12"><span class='ocrx_word' id='word_1_873' title='bbox 119 2878 142 2895; x_wconf 71' lang='grc'><strong>⁴¹</strong></span> <span class='ocrx_word' id='word_1_874' title='bbox 187 2877 271 2906; x_wconf 82' lang='lat' dir='ltr'><strong>Joan.</strong></span> <span class='ocrx_word' id='word_1_875' title='bbox 298 2884 334 2908; x_wconf 79' lang='grc' dir='ltr'><strong>ιι,</strong></span> <span class='ocrx_word' id='word_1_876' title='bbox 354 2876 377 2903; x_wconf 90' lang='grc' dir='ltr'>ι.</span> <span class='ocrx_word' id='word_1_877' title='bbox 417 2877 438 2892; x_wconf 75' lang='grc' dir='ltr'><strong>⁵ο</strong></span> <span class='ocrx_word' id='word_1_878' title='bbox 461 2876 539 2918; x_wconf 78' lang='lat' dir='ltr'><strong>Joau.</strong></span> <span class='ocrx_word' id='word_1_879' title='bbox 555 2885 600 2910; x_wconf 74' lang='lat' dir='ltr'><strong>xx,</strong></span> <span class='ocrx_word' id='word_1_880' title='bbox 616 2878 660 2905; x_wconf 70' lang='lat'><strong>22.</strong></span> 
     </span>
    </p>
   </div>
   <div class='ocr_carea' id='block_1_107' title="bbox 931 2271 1721 2312">
    <p class='ocr_par' dir='ltr' id='par_1_107' title="bbox 931 2271 1721 2312">
     <span class='ocr_line' id='line_1_107' title="bbox 931 2271 1721 2312; baseline -0.005 -2"><span class='ocrx_word' id='word_1_881' title='bbox 931 2287 958 2310; x_wconf 87' lang='lat' dir='ltr'><strong>et</strong></span> <span class='ocrx_word' id='word_1_882' title='bbox 974 2281 1060 2310; x_wconf 86' lang='lat' dir='ltr'><strong>Filius</strong></span> <span class='ocrx_word' id='word_1_883' title='bbox 1075 2271 1125 2310; x_wconf 35' lang='lat' dir='ltr'><strong>est.</strong></span> <span class='ocrx_word' id='word_1_884' title='bbox 1138 2282 1164 2309; x_wconf 90' lang='lat' dir='ltr'><strong>in</strong></span> <span class='ocrx_word' id='word_1_885' title='bbox 1183 2282 1273 2309; x_wconf 84' lang='lat' dir='ltr'><strong>Patre.</strong></span> <span class='ocrx_word' id='word_1_886' title='bbox 1297 2281 1348 2308; x_wconf 83' lang='lat' dir='ltr'><strong>Dat</strong></span> <span class='ocrx_word' id='word_1_887' title='bbox 1368 2289 1434 2308; x_wconf 81' lang='lat' dir='ltr'><strong>vero</strong></span> <span class='ocrx_word' id='word_1_888' title='bbox 1454 2280 1625 2307; x_wconf 82' lang='lat' dir='ltr'><strong>Paracletum</strong></span> <span class='ocrx_word' id='word_1_889' title='bbox 1637 2299 1644 2312; x_wconf 84' lang='grc'><em>,</em></span> <span class='ocrx_word' id='word_1_890' title='bbox 1663 2279 1721 2307; x_wconf 86' lang='lat' dir='ltr'><strong>sive</strong></span> 
     </span>
    </p>
   </div>
   <div class='ocr_carea' id='block_1_108' title="bbox 933 2325 1720 2363">
    <p class='ocr_par' dir='ltr' id='par_1_108' title="bbox 933 2325 1720 2363">
     <span class='ocr_line' id='line_1_108' title="bbox 933 2325 1720 2363; baseline -0.004 -7"><span class='ocrx_word' id='word_1_891' title='bbox 933 2328 1064 2363; x_wconf 90' lang='lat' dir='ltr'><strong>Spiritum</strong></span> <span class='ocrx_word' id='word_1_892' title='bbox 1088 2332 1231 2361; x_wconf 88' lang='lat' dir='ltr'><strong>sanctum,</strong></span> <span class='ocrx_word' id='word_1_893' title='bbox 1257 2335 1311 2354; x_wconf 92' lang='lat' dir='ltr'><strong>non</strong></span> <span class='ocrx_word' id='word_1_894' title='bbox 1336 2327 1452 2355; x_wconf 87' lang='lat' dir='ltr'><strong>seorsim</strong></span> <span class='ocrx_word' id='word_1_895' title='bbox 1479 2326 1589 2362; x_wconf 87' lang='lat' dir='ltr'><strong>quidem</strong></span> <span class='ocrx_word' id='word_1_896' title='bbox 1616 2325 1697 2353; x_wconf 81' lang='lat' dir='ltr'><strong>Pater</strong></span> <span class='ocrx_word' id='word_1_897' title='bbox 1712 2345 1720 2358; x_wconf 84' lang='lat'><strong>,</strong></span> 
     </span>
    </p>
   </div>
   <div class='ocr_carea' id='block_1_109' title="bbox 932 2372 1723 2409">
    <p class='ocr_par' dir='ltr' id='par_1_109' title="bbox 932 2372 1723 2409">
     <span class='ocr_line' id='line_1_109' title="bbox 932 2372 1723 2409; baseline -0.006 -5"><span class='ocrx_word' id='word_1_898' title='bbox 932 2375 1049 2404; x_wconf 91' lang='lat' dir='ltr'><strong>seorsim</strong></span> <span class='ocrx_word' id='word_1_899' title='bbox 1064 2382 1129 2402; x_wconf 85' lang='lat' dir='ltr'><strong>vero</strong></span> <span class='ocrx_word' id='word_1_900' title='bbox 1140 2373 1238 2406; x_wconf 86' lang='lat' dir='ltr'><strong>Filius,</strong></span> <span class='ocrx_word' id='word_1_901' title='bbox 1254 2374 1301 2401; x_wconf 90' lang='lat' dir='ltr'><strong>sed</strong></span> <span class='ocrx_word' id='word_1_902' title='bbox 1319 2374 1408 2409; x_wconf 86' lang='lat' dir='ltr'><strong>potius</strong></span> <span class='ocrx_word' id='word_1_903' title='bbox 1424 2373 1529 2400; x_wconf 90' lang='lat' dir='ltr'><strong>sanctis</strong></span> <span class='ocrx_word' id='word_1_904' title='bbox 1545 2380 1560 2400; x_wconf 88' lang='lat' dir='ltr'><strong>a</strong></span> <span class='ocrx_word' id='word_1_905' title='bbox 1576 2372 1657 2400; x_wconf 85' lang='lat' dir='ltr'><strong>Patre</strong></span> <span class='ocrx_word' id='word_1_906' title='bbox 1669 2377 1723 2399; x_wconf 90' lang='lat' dir='ltr'><strong>tra-</strong></span> 
     </span>
    </p>
   </div>
   <div class='ocr_carea' id='block_1_110' title="bbox 931 2418 1722 2457">
    <p class='ocr_par' dir='ltr' id='par_1_110' title="bbox 931 2418 1722 2457">
     <span class='ocr_line' id='line_1_110' title="bbox 931 2418 1722 2457; baseline -0.006 -7"><span class='ocrx_word' id='word_1_907' title='bbox 931 2422 1005 2450; x_wconf 91' lang='lat' dir='ltr'><strong>ditur</strong></span> <span class='ocrx_word' id='word_1_908' title='bbox 1022 2429 1069 2457; x_wconf 92' lang='lat' dir='ltr'><strong>per</strong></span> <span class='ocrx_word' id='word_1_909' title='bbox 1086 2421 1197 2448; x_wconf 91' lang='lat' dir='ltr'><strong>Filium.</strong></span> <span class='ocrx_word' id='word_1_910' title='bbox 1221 2419 1330 2447; x_wconf 85' lang='lat' dir='ltr'><strong>idcirco</strong></span> <span class='ocrx_word' id='word_1_911' title='bbox 1352 2420 1445 2450; x_wconf 81' lang='lat' dir='ltr'><strong>enim.</strong></span> <span class='ocrx_word' id='word_1_912' title='bbox 1468 2426 1530 2446; x_wconf 86' lang='lat' dir='ltr'><strong>cum</strong></span> <span class='ocrx_word' id='word_1_913' title='bbox 1556 2418 1635 2446; x_wconf 85' lang='lat' dir='ltr'><strong>Pater</strong></span> <span class='ocrx_word' id='word_1_914' title='bbox 1656 2418 1722 2446; x_wconf 88' lang='lat' dir='ltr'><strong>dare</strong></span> 
     </span>
    </p>
   </div>
   <div class='ocr_carea' id='block_1_111' title="bbox 932 2464 1723 2502">
    <p class='ocr_par' dir='ltr' id='par_1_111' title="bbox 932 2464 1723 2502">
     <span class='ocr_line' id='line_1_111' title="bbox 932 2464 1723 2502; baseline -0.005 -6"><span class='ocrx_word' id='word_1_915' title='bbox 932 2469 1051 2499; x_wconf 88' lang='lat' dir='ltr'><strong>dicitur,</strong></span> <span class='ocrx_word' id='word_1_916' title='bbox 1070 2467 1094 2495; x_wconf 91' lang='lat' dir='ltr'><strong>is</strong></span> <span class='ocrx_word' id='word_1_917' title='bbox 1111 2475 1160 2502; x_wconf 88' lang='lat' dir='ltr'><strong>per</strong></span> <span class='ocrx_word' id='word_1_918' title='bbox 1173 2474 1253 2501; x_wconf 88' lang='lat' dir='ltr'><strong>quem</strong></span> <span class='ocrx_word' id='word_1_919' title='bbox 1270 2465 1361 2492; x_wconf 84' lang='lat' dir='ltr'><strong>omnia</strong></span> <span class='ocrx_word' id='word_1_920' title='bbox 1378 2464 1529 2498; x_wconf 80' lang='lat' dir='ltr'><strong>traduntur</strong></span> <span class='ocrx_word' id='word_1_921' title='bbox 1548 2464 1595 2491; x_wconf 88' lang='lat' dir='ltr'><strong>dat</strong></span> <span class='ocrx_word' id='word_1_922' title='bbox 1612 2472 1723 2499; x_wconf 85' lang='lat' dir='ltr'><strong>quoque</strong></span> 
     </span>
    </p>
   </div>
   <div class='ocr_carea' id='block_1_112' title="bbox 934 2509 1722 2547">
    <p class='ocr_par' dir='ltr' id='par_1_112' title="bbox 934 2509 1722 2547">
     <span class='ocr_line' id='line_1_112' title="bbox 934 2509 1722 2547; baseline -0.006 -6"><span class='ocrx_word' id='word_1_923' title='bbox 934 2514 1019 2542; x_wconf 90' lang='lat' dir='ltr'><strong>Filius</strong></span> <span class='ocrx_word' id='word_1_924' title='bbox 1033 2522 1039 2540; x_wconf 88' lang='lat'>:</span> <span class='ocrx_word' id='word_1_925' title='bbox 1057 2517 1094 2547; x_wconf 87' lang='lat' dir='ltr'><strong>et,</strong></span> <span class='ocrx_word' id='word_1_926' title='bbox 1111 2520 1173 2540; x_wconf 90' lang='lat' dir='ltr'><strong>cum</strong></span> <span class='ocrx_word' id='word_1_927' title='bbox 1191 2511 1294 2539; x_wconf 89' lang='lat' dir='ltr'><strong>dicitur</strong></span> <span class='ocrx_word' id='word_1_928' title='bbox 1310 2510 1376 2538; x_wconf 82' lang='lat' dir='ltr'><strong>dare</strong></span> <span class='ocrx_word' id='word_1_929' title='bbox 1390 2509 1488 2541; x_wconf 86' lang='lat' dir='ltr'><strong>Filius.</strong></span> <span class='ocrx_word' id='word_1_930' title='bbox 1508 2510 1531 2537; x_wconf 90' lang='lat' dir='ltr'><strong>is</strong></span> <span class='ocrx_word' id='word_1_931' title='bbox 1547 2517 1580 2537; x_wconf 80' lang='lat' dir='ltr'><strong>ex</strong></span> <span class='ocrx_word' id='word_1_932' title='bbox 1592 2517 1647 2544; x_wconf 91' lang='lat' dir='ltr'><strong>quo</strong></span> <span class='ocrx_word' id='word_1_933' title='bbox 1662 2517 1722 2537; x_wconf 90' lang='lat' dir='ltr'><strong>om-</strong></span> 
     </span>
    </p>
   </div>
   <div class='ocr_carea' id='block_1_113' title="bbox 933 2555 1722 2596">
    <p class='ocr_par' dir='ltr' id='par_1_113' title="bbox 933 2555 1722 2596">
     <span class='ocr_line' id='line_1_113' title="bbox 933 2555 1722 2596; baseline -0.009 -7"><span class='ocrx_word' id='word_1_934' title='bbox 933 2562 978 2589; x_wconf 87' lang='lat' dir='ltr'><strong>nia</strong></span> <span class='ocrx_word' id='word_1_935' title='bbox 990 2561 1037 2588; x_wconf 85' lang='lat' dir='ltr'><strong>dat</strong></span> <span class='ocrx_word' id='word_1_936' title='bbox 1052 2560 1143 2587; x_wconf 87' lang='lat' dir='ltr'><strong>Pater.</strong></span> <span class='ocrx_word' id='word_1_937' title='bbox 1159 2558 1236 2592; x_wconf 86' lang='lat' dir='ltr'><strong>Quod</strong></span> <span class='ocrx_word' id='word_1_938' title='bbox 1252 2561 1343 2585; x_wconf 86' lang='lat' dir='ltr'><strong>autem</strong></span> <span class='ocrx_word' id='word_1_939' title='bbox 1360 2556 1471 2584; x_wconf 91' lang='lat' dir='ltr'><strong>divinus</strong></span> <span class='ocrx_word' id='word_1_940' title='bbox 1486 2563 1518 2582; x_wconf 88' lang='lat' dir='ltr'><strong>ac</strong></span> <span class='ocrx_word' id='word_1_941' title='bbox 1531 2563 1588 2596; x_wconf 74' lang='lat' dir='ltr'><strong>pun</strong></span> <span class='ocrx_word' id='word_1_942' title='bbox 1607 2555 1722 2583; x_wconf 68' lang='lat' dir='ltr'><strong>diversae</strong></span> 
     </span>
    </p>
   </div>
   <div class='ocr_carea' id='block_1_114' title="bbox 933 2601 1721 2642">
    <p class='ocr_par' dir='ltr' id='par_1_114' title="bbox 933 2601 1721 2642">
     <span class='ocr_line' id='line_1_114' title="bbox 933 2601 1721 2642; baseline -0.01 -7"><span class='ocrx_word' id='word_1_943' title='bbox 933 2608 968 2635; x_wconf 87' lang='lat' dir='ltr'><strong>ab</strong></span> <span class='ocrx_word' id='word_1_944' title='bbox 983 2608 1043 2642; x_wconf 92' lang='lat' dir='ltr'><strong>ipso</strong></span> <span class='ocrx_word' id='word_1_945' title='bbox 1057 2606 1139 2634; x_wconf 87' lang='lat' dir='ltr'><strong>Patre</strong></span> <span class='ocrx_word' id='word_1_946' title='bbox 1153 2610 1180 2633; x_wconf 89' lang='lat' dir='ltr'><strong>et</strong></span> <span class='ocrx_word' id='word_1_947' title='bbox 1194 2604 1262 2632; x_wconf 87' lang='lat' dir='ltr'><strong>Filio</strong></span> <span class='ocrx_word' id='word_1_948' title='bbox 1278 2603 1440 2631; x_wconf 71' lang='lat' dir='ltr'><strong>substantiae</strong></span> <span class='ocrx_word' id='word_1_949' title='bbox 1457 2604 1493 2630; x_wconf 87' lang='lat' dir='ltr'><strong>sit</strong></span> <span class='ocrx_word' id='word_1_950' title='bbox 1512 2601 1632 2636; x_wconf 89' lang='lat' dir='ltr'><strong>Spiritus</strong></span> <span class='ocrx_word' id='word_1_951' title='bbox 1643 2621 1650 2632; x_wconf 88' lang='grc'><strong>,</strong></span> <span class='ocrx_word' id='word_1_952' title='bbox 1671 2609 1721 2627; x_wconf 81' lang='lat' dir='ltr'><strong>ne-</strong></span> 
     </span>
    </p>
   </div>
   <div class='ocr_carea' id='block_1_115' title="bbox 933 2647 1721 2684">
    <p class='ocr_par' dir='ltr' id='par_1_115' title="bbox 933 2647 1721 2684">
     <span class='ocr_line' id='line_1_115' title="bbox 933 2647 1721 2684; baseline -0.011 -3"><span class='ocrx_word' id='word_1_953' title='bbox 933 2654 1001 2681; x_wconf 90' lang='lat' dir='ltr'><strong>mini</strong></span> <span class='ocrx_word' id='word_1_954' title='bbox 1026 2661 1100 2681; x_wconf 70' lang='lat' dir='ltr'><strong>sanze</strong></span> <span class='ocrx_word' id='word_1_955' title='bbox 1116 2652 1216 2680; x_wconf 87' lang='lat' dir='ltr'><strong>mentis</strong></span> <span class='ocrx_word' id='word_1_956' title='bbox 1231 2650 1344 2678; x_wconf 91' lang='lat' dir='ltr'><strong>dubium</strong></span> <span class='ocrx_word' id='word_1_957' title='bbox 1364 2657 1425 2677; x_wconf 86' lang='lat' dir='ltr'><strong>esse</strong></span> <span class='ocrx_word' id='word_1_958' title='bbox 1442 2653 1523 2684; x_wconf 83' lang='lat' dir='ltr'><strong>pulo,</strong></span> <span class='ocrx_word' id='word_1_959' title='bbox 1540 2651 1623 2682; x_wconf 86' lang='lat' dir='ltr'><strong>atque</strong></span> <span class='ocrx_word' id='word_1_960' title='bbox 1648 2651 1677 2673; x_wconf 89' lang='lat' dir='ltr'><strong>ut</strong></span> <span class='ocrx_word' id='word_1_961' title='bbox 1696 2647 1721 2673; x_wconf 87' lang='lat' dir='ltr'><strong>id</strong></span> 
     </span>
    </p>
   </div>
   <div class='ocr_carea' id='block_1_116' title="bbox 935 2691 1721 2729">
    <p class='ocr_par' dir='ltr' id='par_1_116' title="bbox 935 2691 1721 2729">
     <span class='ocr_line' id='line_1_116' title="bbox 935 2691 1721 2729; baseline -0.014 -2"><span class='ocrx_word' id='word_1_962' title='bbox 935 2699 1083 2728; x_wconf 86' lang='lat' dir='ltr'><strong>credamus</strong></span> <span class='ocrx_word' id='word_1_963' title='bbox 1095 2698 1165 2725; x_wconf 83' lang='lat' dir='ltr'><strong>ratio</strong></span> <span class='ocrx_word' id='word_1_964' title='bbox 1177 2696 1334 2724; x_wconf 78' lang='lat' dir='ltr'><strong>necessaria</strong></span> <span class='ocrx_word' id='word_1_965' title='bbox 1350 2702 1403 2722; x_wconf 92' lang='lat' dir='ltr'><strong>nos</strong></span> <span class='ocrx_word' id='word_1_966' title='bbox 1417 2694 1518 2729; x_wconf 81' lang='lat' dir='ltr'><strong>adiget.</strong></span> <span class='ocrx_word' id='word_1_967' title='bbox 1535 2692 1562 2719; x_wconf 89' lang='lat' dir='ltr'><strong>Si</strong></span> <span class='ocrx_word' id='word_1_968' title='bbox 1575 2692 1637 2726; x_wconf 89' lang='lat' dir='ltr'><strong>quis</strong></span> <span class='ocrx_word' id='word_1_969' title='bbox 1648 2691 1721 2718; x_wconf 85' lang='lat' dir='ltr'><strong>enim</strong></span> 
     </span>
    </p>
   </div>
   <div class='ocr_carea' id='block_1_117' title="bbox 934 2737 1725 2777">
    <p class='ocr_par' dir='ltr' id='par_1_117' title="bbox 934 2737 1725 2777">
     <span class='ocr_line' id='line_1_117' title="bbox 934 2737 1725 2777; baseline -0.014 -4"><span class='ocrx_word' id='word_1_970' title='bbox 934 2753 996 2774; x_wconf 89' lang='lat' dir='ltr'><strong>eum</strong></span> <span class='ocrx_word' id='word_1_971' title='bbox 1013 2753 1045 2773; x_wconf 78' lang='lat' dir='ltr'><strong>ex</strong></span> <span class='ocrx_word' id='word_1_972' title='bbox 1062 2744 1216 2773; x_wconf 83' lang='lat' dir='ltr'><strong>substantia</strong></span> <span class='ocrx_word' id='word_1_973' title='bbox 1233 2743 1280 2770; x_wconf 86' lang='lat' dir='ltr'><strong>Dei</strong></span> <span class='ocrx_word' id='word_1_974' title='bbox 1295 2750 1357 2770; x_wconf 86' lang='lat' dir='ltr'><strong>esse</strong></span> <span class='ocrx_word' id='word_1_975' title='bbox 1373 2744 1471 2777; x_wconf 84' lang='lat' dir='ltr'><strong>negat,</strong></span> <span class='ocrx_word' id='word_1_976' title='bbox 1493 2737 1629 2774; x_wconf 90' lang='lat' dir='ltr'><strong>quomodo</strong></span> <span class='ocrx_word' id='word_1_977' title='bbox 1645 2744 1725 2763; x_wconf 82' lang='lat' dir='ltr'><strong>crea-</strong></span> 
     </span>
    </p>
   </div>
   <div class='ocr_carea' id='block_1_118' title="bbox 935 2782 1726 2824">
    <p class='ocr_par' dir='ltr' id='par_1_118' title="bbox 935 2782 1726 2824">
     <span class='ocr_line' id='line_1_118' title="bbox 935 2782 1726 2824; baseline -0.013 -5"><span class='ocrx_word' id='word_1_978' title='bbox 935 2795 996 2819; x_wconf 84' lang='lat' dir='ltr'><strong>tura</strong></span> <span class='ocrx_word' id='word_1_979' title='bbox 1014 2791 1124 2819; x_wconf 90' lang='lat' dir='ltr'><strong>demum</strong></span> <span class='ocrx_word' id='word_1_980' title='bbox 1144 2790 1196 2818; x_wconf 86' lang='lat' dir='ltr'><strong>erit</strong></span> <span class='ocrx_word' id='word_1_981' title='bbox 1218 2788 1264 2816; x_wconf 85' lang='lat' dir='ltr'><strong>Dei</strong></span> <span class='ocrx_word' id='word_1_982' title='bbox 1285 2787 1424 2824; x_wconf 77' lang='lat' dir='ltr'><strong>particeps</strong></span> <span class='ocrx_word' id='word_1_983' title='bbox 1437 2806 1444 2819; x_wconf 88' lang='lat'><strong>,</strong></span> <span class='ocrx_word' id='word_1_984' title='bbox 1459 2788 1573 2820; x_wconf 87' lang='lat' dir='ltr'><strong>accepto</strong></span> <span class='ocrx_word' id='word_1_985' title='bbox 1598 2782 1726 2818; x_wconf 74' lang='lat' dir='ltr'><strong>Spiritu?</strong></span> 
     </span>
    </p>
   </div>
  </div>
