1926 3041
215 141 268 171 2539

697 141 726 168 S.
747 139 886 170 ςγιιιιιι
907 140 1142 168 ΑιΕΧΑΝυιιιΝι
1162 140 1323 168 ARCIIIEP.

1808 138 1868 165 260

216 200 271 226 Aut
279 197 418 234 quomodo
433 199 534 235 templa
552 199 597 227 Dei
612 198 836 233 nuncupabitnur
847 202 875 225 et
888 199 1004 231 erimus,

1059 198 1164 225 δίδωσιν
1173 199 1186 225 6
1198 199 1302 234 Πατήρ.
1319 199 1381 224 Ὅτι
1394 197 1422 224 δὲ
1439 197 1511 224 θεῖόν
1523 205 1552 222 τε
1571 196 1617 222 καὶ
1630 195 1659 222 το
1674 195 1795 230 Πνεῦμα
1815 197 1868 222 ναὶ

217 247 240 274 si
258 251 382 274 creatum
401 250 447 273 aut
463 247 646 281 alienigenam
670 245 797 280 spiritum
819 244 1006 279 accipiamus,

217 302 272 321 non
289 297 380 321 autem
397 293 473 319 illum
493 292 540 327 qui
565 299 596 318 ex
619 290 673 318 Deo
687 291 750 318 est?
766 290 912 323 Quomodo
928 294 1008 317 natu-

217 347 254 368 ra‘
276 339 376 367 divinae
398 341 541 366 consortes
564 337 586 353 "
602 357 609 368 ,
639 337 717 371 juxta
747 342 905 364 sanctorum
930 343 1010 364 voces

217 387 281 422 [qui
294 385 414 421 Spiritus
423 384 573 420 participes
586 383 655 411 fiunt
667 383 724 419 "],
739 384 763 410 si
779 383 806 410 in
819 387 1009 410 creaturarum

216 437 333 459 numero
349 430 502 458 collocatur
513 449 522 462 ,
547 436 579 457 ac
600 437 655 457 non
670 430 764 466 potius
783 437 817 457 ex
837 429 897 465 ipsa
912 434 1010 457 natura

215 477 296 512 311
315 476 409 503 divina
422 475 560 511 procedit,
570 476 617 511 qui
633 483 687 503 non
701 481 731 502 ut
741 475 850 503 alienus
863 482 911 510 per
923 475 1010 510 ipsam

217 523 243 550 in
265 530 315 549 nos
334 522 472 557 pervenit,
493 521 554 554 sed,
568 526 598 549 ut
618 523 657 548 ita
676 521 910 556 dicam,qualitas
927 521 1011 548 veluti

216 568 341 604 quaedam
367 568 480 596 deitatis
493 563 540 596 est
554 568 581 595 in
605 568 695 601 nobis,
721 571 749 596 et
766 567 792 594 in
808 567 914 595 sanctis
931 567 1012 595 habi-

216 619 267 646 tat,
289 618 435 649 manetque.
460 621 579 650 semper,
596 614 619 641 si
643 622 701 642 sua:
722 614 823 641 mentis
842 614 952 641 oculum
962 622 1011 649 per

216 668 298 688 omne
307 660 453 696 probitatis
462 668 550 696 genus
561 664 720 696 purgantes,
733 664 761 687 et
769 667 817 695 per
826 659 1011 695 virtutisjuge

215 712 244 735 et
267 706 437 735 indefessum
460 707 582 734 studium
613 707 730 742 gratiam
750 706 803 734 sibi
830 710 1008 734 conservent.

216 753 307 788 Ipsum
318 753 420 788 quippe
431 754 465 780 ab
480 753 517 781 iis
532 753 579 788 qui
592 753 618 780 in
636 753 737 780 mundo
748 756 814 780 sunt
826 759 877 780 nec
885 753 946 788 capi
959 760 1010 780 nec

216 799 414 835 comprehendi
437 807 520 835 posse
540 799 673 827 Christus
697 799 748 830 ait,
766 799 818 826 hoc
843 803 886 826 est
908 799 942 827 iis
962 799 1009 834 qui

216 854 278 882 qua:
297 846 394 874 mundi
420 850 486 874 sunt
504 847 618 881 sapiunt
646 853 679 874 ac
703 849 815 874 terrena
841 845 962 881 diligunt
973 845 1007 878 ⁵⁷,

217 893 267 921 sed
293 900 308 920 a
337 892 442 920 sanctis
467 892 529 927 capi
555 895 582 920 et
601 891 720 927 perspici
738 895 839 927 potest.
855 891 943 924 Quam
973 890 1008 918 oh

216 939 348 967 causam?
362 937 403 965 Illi
418 939 521 973 quippe
537 937 698 973 impuritate
713 945 773 973 qm»
785 938 829 965 vix
846 936 901 965 elui
922 936 1009 972 possit

217 985 366 1020 inquinati,
390 988 417 1011 et
446 984 564 1019 quadam
595 984 676 1012 veluti
706 984 875 1020 lippitudine
902 982 1008 1011 suffuso

217 1031 315 1059 mentis
332 1031 425 1063 oculo,
442 1034 548 1058 natura:
572 1038 630 1058 suae
645 1029 730 1058 decus
747 1038 802 1057 non
823 1029 1007 1065 perspiciunt,

216 1086 305 1114 neque
326 1077 448 1113 Spiritus
473 1077 561 1112 legem
585 1077 738 1112 accipiunt,
756 1077 850 1104 carnis
868 1076 1008 1111 cupidita-

217 1124 294 1152 tibus
321 1123 437 1152 omnino
461 1124 571 1151 subacti
591 1131 598 1149 :
618 1123 645 1150 hi
674 1130 738 1150 vero
765 1123 842 1158 probi
860 1126 889 1150 ct
910 1122 1007 1154 sobrii,

216 1178 335 1198 vacuum
357 1169 453 1197 mundi
479 1169 560 1196 malis
586 1176 634 1196 cor
662 1168 795 1196 habentes
825 1168 1008 1196 introducunt

215 1217 325 1253 quidem
343 1217 370 1244 in
392 1223 422 1244 se
451 1216 524 1243 ultro
552 1215 737 1249 Paracletum,
753 1223 873 1251 cumque
898 1218 1008 1243 servant

215 1268 388 1300 susceptum,
411 1269 439 1291 et
457 1266 592 1298 quantum
617 1263 780 1290 hominibus
797 1263 908 1297 assequi
933 1261 1006 1293 licet,

215 1311 356 1339 intellectu
388 1309 634 1344 contemplantur,
662 1317 791 1345 magnum
824 1309 887 1336 inde
916 1315 1008 1343 operte

216 1356 334 1391 pretium
361 1359 547 1390 reportantes.
566 1354 759 1382 Sanctificahit
780 1354 853 1381 enim
872 1360 930 1386 eos,
947 1360 1008 1380 om-

215 1401 350 1436 niumque
369 1400 452 1428 simul
470 1401 606 1428 bonorum
622 1399 743 1428 factores
758 1399 864 1432 reddet,
887 1407 930 1433 ac,
949 1407 1008 1427 ser-

214 1449 311 1476 vitutis
337 1448 467 1476 humanae
490 1449 594 1483 probro
634 1447 773 1482 adempto,
801 1447 936 1482 dignitate
959 1446 1008 1474 ad-

214 1493 340 1529 optionis
355 1493 476 1521 ornabit.
494 1493 579 1528 Cujus
594 1493 632 1521 rei
646 1493 726 1521 testis
741 1493 794 1521 erit
810 1493 888 1521 nobis
905 1492 1007 1520 Paulus

1059 245 1108 280 οὐχ
1118 243 1287 280 ἑτεροούσιον
1301 244 1338 276 ὡς
1355 243 1424 279 πρὸς
1439 244 1519 271 αὑτὸν
1539 242 1569 269 τέ
1590 250 1661 277 φημι
1678 241 1726 268 τὸν
1747 242 1868 277 Πατέρα

1060 292 1107 318 καὶ
1120 291 1245 323 τὸνΥἱὸν,
1253 291 1342 318 οὐδενὶ
1354 291 1403 326 μὲν
1414 289 1490 326 οἶμαι
1506 290 1561 316 τῶν
1575 287 1605 316 εὖ
1616 289 1795 324 φρονούντων
1812 289 1867 315 ὑπ-

1061 337 1157 373 άρχειν
1171 337 1331 373 ἀμφίϐολον,
1345 337 1393 364 καὶ
1407 337 1553 370 ἀναγκαῖος
1568 335 1597 362 δὲ
1614 336 1689 370 ἡμᾶς
1713 334 1866 361 ἀναπείσει

1060 383 1147 416 λόγος.
1162 384 1193 410 Et
1207 383 1260 419 γὰρ
1274 383 1324 410 οὐκ
1338 381 1406 410 εἷναί
1420 391 1462 413 τις
1471 382 1537 408 αὑτό
1556 390 1639 417 φησιν
1653 381 1686 407 ἑκ
1701 381 1751 415 τῆς
1764 380 1867 411 οὐσίας

1060 429 1108 456 τοῦ
1136 429 1216 462 Θεοῦ,
1232 429 1291 461 πῶς
1311 429 1344 456 ἂν
1369 428 1412 463 εῐη
1429 428 1497 455 Θεοῦ
1525 428 1637 463 μέτοχος
1660 428 1677 463 ή
1694 427 1804 458 κτίσις.
1821 427 1864 453 ἔτι

1060 475 1179 503 λαὸοῦσα
1194 475 1224 503 τὸ
1239 475 1352 511 Πνεῦμα
1364 483 1371 508 ;
1384 475 1462 502 Κατὰ
1477 475 1536 502 τίνα
1557 474 1584 501 δὲ
1601 474 1703 510 τρόπον
1715 474 1776 500 ναοὶ
1792 473 1864 500 Θεοῦ

1060 521 1270 558 χρηματιοῦμεν
1287 522 1334 549 καὶ
1347 520 1477 556 ἐσόμεθα,
1493 521 1601 548 κτιστὸν
1615 521 1632 556 ἢ
1648 520 1798 554 ἀλλογενὲς
1815 529 1864 546 κο-

1063 572 1203 607 μιζόμενοι
1228 571 1351 606 Πνεῦμα,
1375 572 1423 598 καὶ
1446 571 1505 605 οὐχι
1526 569 1627 605 μᾶλλον
1652 569 1684 595 τὺ
1709 569 1743 595 ἑκ
1769 568 1863 601 Θεοῦς

1061 618 1123 650 Πῶς
1139 618 1167 644 δὲ
1178 618 1253 650 θείας
1268 617 1377 652 φύσεως
1391 617 1526 649 κοινωνοὶ,
1545 615 1617 642 κατὰ
1627 615 1678 647 τὰς
1699 615 1756 641 τῶν
1773 614 1864 648 ἁγίων

1061 664 1163 699 φωνὰς,
1181 665 1203 690 οί
1227 664 1385 699 Πνεῦματος
1403 663 1524 698 μέτοχοι,
1542 662 1567 688 εἰ
1580 663 1636 693 τοῖς
1661 662 1791 696 γενητοῖς
1818 662 1862 686 ἑν-

1060 711 1190 747 αρίθμιόν
1204 711 1279 743 ἐστι,
1295 711 1342 737 καὶ
1359 711 1420 745 οὐχὶ
1442 709 1542 745 μᾶλλον
1563 709 1592 742 ἐξ
1617 708 1703 742 αὐτῆς
1721 709 1789 742 ἡμῖν
1813 707 1864 739 τῆς

1060 756 1135 788 θείας
1148 756 1256 790 φύσεως
1271 756 1403 791 πρόεισιν,
1415 755 1445 782 οὐ
1461 754 1670 790 διακονούμενον
1678 753 1811 787 διἀὑτῆς
1822 753 1864 784 εὶς

1060 803 1134 838 ἡμᾶς
1141 803 1179 834 ὡς
1187 802 1336 838 ἀλλότριον,
1348 801 1452 832 ἀλλ’,ἴν’
1459 801 1545 832 οὕτως
1554 800 1634 832 εῐπω,
1643 800 1758 834 ποιότης
1765 800 1863 834 ὥσπερ

1059 858 1102 881 τις
1115 849 1164 884 τῆς
1176 848 1301 884 θεότητος
1315 849 1344 874 ἑν
1357 849 1423 883 ἡμῖν
1432 847 1586 883 γινόμενον,
1599 847 1646 873 καὶ
1659 847 1688 873 ἑν
1703 848 1761 878 τοῖς
1771 846 1863 878 ἁγίοις

1061 895 1215 927 κατοικοῦν,
1233 895 1280 922 καὶ
1296 894 1432 929 ἀπομένον
1454 894 1497 921 διὰ
1511 893 1623 926 παντὸς,
1639 893 1664 919 εἰ
1687 893 1740 928 τῆς
1753 892 1862 919 ἑαυτῶν

1059 939 1178 971 διανοίας
1206 938 1251 965 τὺν
1279 938 1420 974 ὀφθαλμὸν
1445 937 1488 964 διὰ
1515 938 1606 973 πάσης
1619 937 1772 969 ἐπιεικείας
1797 937 1864 964 ἀπο-

1060 984 1249 1019 καθαίροντες,
1263 984 1311 1011 καὶ
1327 983 1372 1010 διά
1388 984 1438 1019 τῆς
1460 984 1500 1015 είς
1517 984 1607 1010 πᾶσαν
1622 984 1723 1019 ἀρετὴν
1750 983 1862 1010 ἀνενδό-

1059 1039 1106 1058 του
1123 1030 1242 1066 σπουδῆς
1258 1031 1417 1065 συντηροῖεν
1433 1031 1540 1061 ἑαυτοῖς
1551 1029 1600 1065 τὴν
1611 1029 1709 1065 χάριν;
1735 1030 1863 1065 Ἀχώρη-

1058 1085 1104 1104 τον
1123 1077 1171 1112 μὲν
1186 1076 1242 1112 γὰρ
1257 1076 1304 1103 καὶ
1322 1075 1478 1112 ἀθεώρητον
1494 1075 1560 1102 αὐτὸ
1575 1076 1633 1107 τοῖς
1653 1076 1683 1102 ἐν
1696 1076 1795 1111 κόσμῳ
1809 1085 1863 1110 φη-

1060 1123 1103 1150 σὶν
1122 1123 1136 1149 6
1150 1122 1276 1158 Χριστὸς,
1289 1122 1362 1149 τοῦτ’
1375 1121 1433 1149 ἐστι
1449 1123 1505 1153 τοῖς
1518 1121 1552 1148 τὰ
1569 1123 1598 1149 ὲν
1615 1122 1710 1158 κόσμῳ
1727 1122 1862 1158 φρονοῦσι

1059 1169 1106 1195 καὶ
1129 1169 1240 1204 ἀγαπᾷν
1258 1168 1398 1202 ἑλομένοις
1412 1167 1446 1194 τὰ
1468 1167 1577 1202 ἐπίγεια
1590 1188 1597 1198 ,
1612 1167 1739 1203 χωρητόν
1754 1176 1787 1202 γε
1808 1167 1862 1203 μὴν

1059 1215 1105 1241 καὶ
1122 1214 1290 1241 εὐκάτοπτον
1318 1214 1376 1244 τοῖς
1398 1212 1495 1247 ἁγίοις.
1511 1212 1561 1239 Διά
1588 1212 1668 1239 ποίαν
1693 1212 1807 1246 αἱτίαν;
1826 1214 1859 1240 Ui

1060 1259 1110 1295 μὲν
1130 1259 1184 1294 γὰρ
1209 1258 1393 1286 δυσέκπλυτον
1408 1257 1517 1293 ἔχοντες
1531 1257 1581 1292 τὴν
1606 1257 1795 1292 ἀκαθαρσίαν,
1814 1258 1861 1283 καὶ

1058 1305 1149 1341 λήμης
1168 1305 1263 1341 ὥσπερ
1279 1304 1352 1336 τινὸς
1374 1304 1421 1330 τὸν
1443 1304 1544 1330 οἰκεῖον
1560 1303 1770 1338 ἀναπλήσαντες
1785 1303 1859 1336 νοῦν,

1058 1353 1088 1379 τὺ
1102 1352 1150 1387 τῆς
1177 1351 1252 1382 θείας
1278 1350 1387 1384 φύσεως
1406 1350 1436 1376 οὺ
1455 1349 1636 1386 περιαθροῦσι
1660 1349 1779 1382 κάλλος,
1798 1349 1859 1375 οὔτε

1060 1398 1113 1434 μὴν
1131 1397 1162 1424 τὸ
1182 1397 1231 1424 τοῦ
1248 1397 1407 1431 Πνεῦμα-τος
1423 1396 1620 1431 καταδέχονται
1635 1395 1728 1430 νόμον,
1746 1395 1857 1431 δλοτρό-

1059 1453 1118 1475 πως
1136 1445 1192 1475 τοῖς
1208 1443 1257 1477 τῆς
1277 1442 1378 1478 σαρκὸς
1399 1441 1612 1478 τυραννούμενοι
1637 1442 1755 1469 πάθεσιν
1768 1451 1776 1458 ο
1795 1443 1819 1468 οί
1833 1442 1859 1469 ἃ

1059 1489 1157 1524 ἀγαθοὶ
1170 1490 1216 1517 καὶ
1227 1489 1367 1524 νηφαλέοι,
1384 1488 1568 1524 σχολάζουσαν
1581 1488 1636 1515 τῶν
1652 1489 1681 1514 ὲν
1700 1488 1800 1523 κόσμῳ
1811 1496 1859 1514 κα-

213 1540 334 1568 dicens:
354 1549 362 1566 ι
383 1539 520 1573 Quoniam
541 1543 633 1567 autem
659 1539 728 1568 estis
753 1539 813 1572 lilii,
830 1539 906 1567 misit
934 1538 1005 1567 Deus

1059 1537 1114 1564 κῶν
1127 1537 1233 1572 ἔχοντες
1245 1535 1294 1571 τὴν
1310 1534 1432 1570 καρδίαν,
1448 1534 1624 1567 εἰσοικίςουσι
1643 1534 1693 1569 μὲν
1705 1535 1736 1560 ἐν
1751 1535 1860 1566 ἑαυτοῖς

215 1585 351 1621 Spiritum
370 1586 491 1614 Filiisui
513 1586 541 1613 in
565 1585 650 1614 corda
678 1589 780 1617 vestra,
809 1586 974 1614 clamantem
997 1594 1004 1614 :

213 1631 303 1666 Abba,
321 1632 403 1660 Pater
418 1632 451 1659 ".
474 1642 483 1658 1

1061 1583 1182 1610 ἑθελοντ)⁸
1200 1582 1247 1608 τὸν
1272 1581 1469 1617 Παράκλητον,
1483 1580 1647 1612 διασώζουσι
1666 1580 1696 1607 δὲ
1717 1580 1860 1613 λαϐόντες,

1060 1630 1107 1657 καὶ
1135 1628 1250 1655 καθόσον
1267 1627 1420 1663 ἀνθρώποις
1448 1627 1574 1662 ἐφικτὸν,
1590 1626 1694 1662 νοητῶς
1710 1626 1860 1662 θεωροῦσι,

214 1679 280 1706 πολύ
299 1688 325 1706 τι
347 1679 396 1706 καὶ
421 1679 502 1714 μέγα,
524 1679 571 1706 καὶ
590 1679 773 1716 ἀξιοζήλωτον
799 1679 924 1706 ἑντεῦθεν
941 1677 1172 1715 ἀποκομιζόμενοι
1195 1676 1289 1710 γέρας.
1306 1675 1494 1710 Ἀγιάσειγὰρ
1525 1675 1635 1707 αὖτοὺς,
1666 1675 1713 1701 καὶ
1749 1675 1859 1701 πάντων

212 1725 280 1760 ὁμοῦ
295 1726 348 1752 τῶν
357 1725 468 1759 ἀγαθῶν
479 1725 663 1757 ἀποτελεστάς
682 1725 830 1759 ἀποδείξει,
843 1726 928 1753 καὶτὸ
941 1726 991 1761 μὲν
1007 1725 1055 1761 τῆς
1063 1721 1315 1759 ἀνθρωποπρεποῦς
1333 1721 1454 1753 δουλείας
1468 1718 1563 1756 αἶσχος
1576 1721 1653 1755 ἀεριεῖ
1669 1720 1725 1756 [γρ.
1739 1720 1859 1757 ἀφελεῖίι

212 1771 252 1807 τῷ
267 1772 296 1799 δὲ
314 1768 364 1806 τῆς
381 1771 516 1804 υίοθεσίας
545 1772 684 1808 ἀξιώματι
718 1773 872 1808 περιϐαλεί.
897 1774 953 1800 Καὶ
979 1772 1153 1809 μαρτυρήσει
1189 1771 1279 1805 λέγων
1302 1771 1314 1796 5
1336 1769 1459 1801 Παῦλος·
1477 1778 1486 1794 ι
1506 1769 1568 1795 ὀτ.
1595 1768 1623 1795 δέ
1641 1769 1702 1795 ἐστε
1731 1770 1799 1802 υἱοὶ,
1816 1770 1859 1802 ἐξ-

212 1819 371 1846 απέστειλεν
394 1819 408 1844 6
434 1818 499 1850 Θεὸς
516 1822 545 1846 τὸ
566 1820 677 1856 Πνεῦμα
701 1821 749 1848 τοῦ
767 1821 832 1848 Υίοῦ
850 1821 933 1848 αὑτοῦ
951 1822 992 1852 εἰς
1008 1821 1057 1853 τὰς
1071 1820 1186 1856 καρδίας
1200 1819 1288 1854 ὑμῶν.
1304 1817 1406 1854 κράζον
1419 1827 1426 1834 ’
1452 1817 1548 1848 Ἀδδεί»
1566 1819 1579 1844 ὁ
1596 1818 1702 1853 "afﬁrm
1725 1827 1734 1843 ’

249 1863 319 1897 XIV,
345 1864 387 1892 18.
405 1864 464 1891 Non
485 1864 632 1900 relinquam
660 1874 705 1893 vos
729 1865 862 1899 orplmnos
879 1866 1005 1894 :veniam

213 1909 248 1937 ad
262 1918 317 1936 vos.

247 1955 411 1983 Necessario
427 1963 538 1992 quoque
556 1963 630 1984 nunc
656 1955 790 1984 Dominus
805 1961 898 1984 noster
925 1954 1005 1984 Iesus

213 2001 339 2030 Christus
371 2001 405 2029 de
430 2006 527 2029 sancta
550 2006 577 2029 et
606 2001 838 2029 consubstantiali
867 2001 1005 2029 Trinitate

213 2056 371 2076 sermonem
395 2048 529 2076 contexit.
555 2047 615 2076 lam
631 2048 705 2076 enim
725 2048 804 2084 prius
824 2048 1004 2083 diligentibus

213 2103 253 2129 se,
270 2095 362 2123 allatis
383 2096 416 2123 ad
443 2095 592 2123 certiorem
624 2094 705 2122 ﬁdem
731 2095 825 2123 verbis
851 2102 883 2122 ac
908 2095 1003 2126 rebus.

211 2142 334 2170 ostendit
354 2142 505 2169 secundum
530 2146 658 2168 naturam
674 2149 704 2169 se
723 2141 810 2169 Deum
835 2149 909 2175 esse,
927 2148 953 2170 et
970 2150 1002 2169 ex

213 2186 267 2214 Deo
281 2186 363 2214 Patre
377 2187 514 2221 genitum,
525 2186 679 2221 eademque
693 2194 756 2214 cum
773 2187 821 2214 illo
835 2187 955 2222 potentia
972 2195 1004 2216 ac

1094 1865 1154 1892 οὐκ
1185 1862 1294 1898 ἀφήσω
1324 1862 1401 1898 ὑμᾶς
1432 1862 1605 1896 ὀρφανούς·
1623 1861 1749 1896 ἔρχομαι
1784 1863 1858 1896 πρὸς

1057 1909 1144 1945 ὑμᾶς.

1099 1955 1270 1989 Ἀναγκαίως
1281 1955 1328 1981 καὶ
1343 1953 1390 1981 νῦν
1404 1955 1418 1981 6
1433 1954 1534 1990 Κύριος
1545 1953 1624 1990 ήμῶν
1641 1953 1746 1990 Ἰησοῦς
1761 1955 1776 1982 6
1792 1955 1857 1991 Xpt~

1058 2003 1120 2034 στὺς
1134 2002 1180 2029 τὸν
1199 2002 1263 2037 περὶ
1286 2001 1336 2037 τῆς
1351 2000 1433 2035 ἁγίας
1454 2009 1484 2027 τε
1509 2001 1557 2027 καὶ
1575 2000 1720 2036 ὁμοουσίου
1740 2001 1856 2036 Τριάδος

1058 2049 1197 2084 ἑξυφαίνει
1223 2049 1313 2084 λόγον.
1334 2048 1443 2083 Δέδειχε
1476 2048 1526 2083 μὲν
1553 2048 1608 2082 γὰρ
1630 2047 1680 2083 ήδη
1707 2047 1854 2083 πρότερον,

1058 2096 1192 2132 παραθεὶς
1213 2095 1253 2127 είς
1270 2095 1458 2130 πληροφορίαν
1469 2094 1567 2128 λόγους
1580 2102 1610 2120 τε
1624 2094 1671 2120 καὶ
1689 2094 1853 2129 πράγματα,

1056 2144 1112 2175 τοῖς
1124 2142 1268 2177 ἀγαπῶσιν
1285 2141 1376 2173 αὑτὸν,
1392 2141 1433 2167 ὅτι
1451 2149 1480 2167 τε
1496 2140 1543 2167 καὶ
1553 2140 1670 2175 ὑπάρχοι
1682 2140 1755 2167 κατά
1773 2141 1853 2174 φύσιν

1057 2188 1133 2222 Θεὸς,
1145 2188 1192 2215 καλ
1214 2182 1246 2214 ἑκ
1267 2187 1335 2214 Θεοῦ
1349 2187 1511 2222 γεγέννηται
1526 2187 1645 2222 Πατρὸς,
1665 2187 1810 2221 ίσοσθενής
1824 2188 1852 2213 τέ

211 2233 354 2260 voluntate
379 2233 536 2268 praeditum.
556 2232 666 2260 Idcirco
694 2233 767 2260 enim
802 2234 893 2271 aiebat
922 2233 1004 2260 modo

1059 2235 1115 2261 ἔστι
1129 2234 1177 2261 καὶ
1194 2233 1353 2268 ίσογνώμων
1361 2232 1504 2268 αὑτῴ.Διά
1521 2233 1574 2268 γὰρ
1593 2232 1672 2259 τοῦτο
1685 2233 1734 2260 καὶ
1750 2233 1852 2268 ἔφασκε

211 2278 322 2312 quidem
339 2287 346 2306 :
365 2288 374 2304 ι
392 2278 463 2312 Quia
488 2285 540 2313 ego
566 2278 639 2314 quod
657 2279 767 2313 loquor.
784 2286 799 2305 a
819 2279 925 2314 meipso
945 2287 998 2306 non

212 2326 328 2359 loquor;
346 2334 356 2351 ι
374 2325 456 2352 modo
470 2332 537 2352 vero
550 2331 667 2352 rursus:
687 2334 695 2349 ι
714 2324 741 2351 Si
755 2332 810 2352 non
827 2325 898 2352 facio
915 2333 999 2360 opera

210 2370 301 2398 Patris
325 2371 389 2402 mei,
407 2371 492 2397 nolite
505 2370 620 2397 credere
638 2370 705 2397 mihi
724 2380 730 2397 :
747 2371 788 2398 sin
808 2376 898 2398 autem
917 2371 998 2404 facio,

209 2417 272 2444 etsi
290 2417 356 2444 mihi
374 2424 429 2443 non
447 2416 570 2448 creditis,
589 2417 721 2451 operibus
737 2417 803 2444 meis
817 2416 921 2444 credite
937 2417 970 2444 ⁵³.
987 2426 997 2443 ι

211 2463 264 2492 Sed
290 2470 405 2491 necesse
419 2467 480 2490 erat
505 2468 638 2498 pra-terea
655 2464 688 2491 de
705 2468 801 2491 sancto
820 2465 880 2499 ipso
896 2463 999 2498 Spiritu

211 2514 285 2538 recte
311 2514 338 2538 et
364 2509 506 2544 inculpatc
530 2510 644 2537 sentire.
668 2511 716 2537 Sic
745 2511 818 2538 enim
842 2511 1000 2537 auditorum

211 2560 317 2583 mentes
343 2563 460 2590 prorsus
485 2555 518 2581 ad
547 2563 650 2582 rectam
674 2555 736 2583 ﬁtlci
760 2557 898 2583 rationem
919 2556 1000 2591 dirigi

211 2606 346 2638 poterant.
364 2601 435 2634 Quid
463 2610 530 2636 ergo
555 2610 606 2629 nos
633 2603 717 2637 812
733 2602 863 2630 Christus
888 2610 920 2629 ex
947 2602 1000 2629 hoc

209 2650 270 2676 Ioco
293 2648 402 2681 doceat,
415 2649 511 2684 paucis
529 2656 681 2684 exponam.
700 2649 790 2675 Alium
807 2648 888 2676 nobis
914 2656 929 2675 a
945 2647 1000 2675 Deo

209 2700 234 2721 ct
248 2693 328 2723 Patre
345 2694 458 2722 missum
475 2695 507 2721 iri
525 2694 632 2726 dicens,
649 2694 781 2728 singulari
796 2694 916 2722 consilio
935 2694 996 2721 ﬁdei

208 2741 362 2768 doctrinam
380 2740 481 2767 firmat.
505 2739 640 2766 Futurum
657 2740 730 2766 enim
755 2745 814 2766 erat
840 2744 880 2772 ut,
898 2748 996 2775 perpe-

209 2793 268 2814 ram
303 2786 406 2814 dictum
440 2786 506 2813 illud
537 2786 648 2821 quidam
677 2786 836 2821 capientes,
868 2790 998 2821 putarent

1057 2280 1122 2307 ποτὲ
1140 2280 1189 2315 μέν
1203 2290 1211 2295 -
1235 2290 1244 2306 ι
1260 2279 1321 2306 ’Ὁτι
1349 2279 1405 2313 ἐγὼ
1418 2279 1432 2305 ὃ
1452 2279 1535 2309 λαλῶ,
1553 2280 1601 2305 ἀπ’
1620 2279 1742 2314 ἐμαυτοῦ
1757 2280 1789 2306 οὐ
1807 2280 1851 2306 λα-

1056 2326 1104 2358 λῶ,
1118 2337 1127 2352 ι
1143 2326 1208 2352 ποτὲ
1227 2325 1255 2352 δὲ
1272 2326 1352 2352 πάλιν
1367 2333 1373 2340 ⁵
1394 2335 1402 2350 ι
1425 2326 1455 2351 EE
1471 2326 1501 2352 οὑ
1520 2325 1587 2351 ποιῶ
1601 2325 1635 2352 τὰ
1651 2325 1720 2360 ἔργα
1735 2325 1784 2352 τοῦ
1799 2327 1851 2352 Πτ-

1056 2373 1121 2409 τρός
1139 2381 1200 2408 μου,
1221 2372 1257 2408 μὴ
1286 2372 1428 2398 πιστεύετέ
1446 2379 1506 2407 μοι·
1525 2373 1548 2397 εἰ
1571 2371 1598 2398 δὲ
1615 2371 1695 2404 ποιῶ,
1713 2371 1767 2398 κᾶν
1793 2372 1851 2406 ἐμοὶ

1058 2419 1096 2455 μὴ
1114 2419 1258 2453 πιστεύητε
1272 2439 1279 2450 ,
1294 2420 1349 2450 τοῖς
1373 2418 1464 2453 ἔργοις
1496 2427 1547 2453 μου
1565 2417 1720 2445 πιστεύετε.
1746 2427 1755 2443 ›
1783 2419 1850 2444 ’Λῖιϊ

1051 2463 1085 2501 ἧν
1109 2465 1155 2492 ἐπὶ
1174 2464 1281 2497 τούτοις
1301 2464 1332 2491 οὑ
1352 2465 1471 2499 μετρίως
1494 2465 1643 2498 ἀναγκαῖον
1669 2464 1700 2490 τὸ
1730 2464 1779 2490 καὶ
1810 2463 1850 2490 ἐπ’

1052 2511 1128 2546 αὑτῷ
1139 2510 1178 2546 τῷ
1190 2511 1260 2546 ἁγίῳ
1277 2510 1416 2546 Πνεύματι
1429 2511 1478 2546 τὴν
1492 2510 1580 2545 ὀρθῶς
1599 2518 1629 2536 τε
1645 2510 1693 2536 κα)⁸
1714 2509 1850 2544 ἀνεγκλή-

1051 2566 1105 2590 τως
1119 2556 1235 2593 ἐχουσαν
1249 2557 1374 2593 δέχεσθαι
1384 2556 1472 2589 δόξαν.
1485 2556 1564 2584 Οῦτω
1579 2557 1632 2593 γὰρ
1645 2553 1680 2592 ἦν
1695 2555 1849 2591 ὁλοκλήρως

1051 2605 1092 2636 είς
1105 2603 1238 2640 ὀρθότητα
1251 2604 1370 2635 πίστεως
1383 2603 1430 2631 τὸν
1453 2603 1507 2630 τῶν
1532 2602 1718 2640 ἀκροωμένων
1735 2602 1849 2629 ἀπευθύ-

1051 2651 1144 2678 νεσθαι
1159 2651 1230 2678 νοῦν.
1255 2651 1287 2677 Τί
1308 2650 1398 2678 τοίνυν
1424 2651 1496 2686 ἡμᾶς
1513 2649 1558 2676 διὰ
1581 2649 1635 2676 τῶν
1657 2649 1848 2685 προκειμένων

1051 2697 1172 2724 διδάσκει
1189 2696 1318 2733 Χριστὸς,
1335 2696 1374 2728 ὡς
1386 2697 1416 2723 ἑν
1433 2696 1534 2730 ὀλίγοις
1548 2695 1714 2731 ἐκθήσομαι.
1734 2696 1845 2731 Ἕτερον

1051 2743 1118 2779 ἡμῖν
1132 2743 1209 2778 παρά
1226 2742 1272 2769 τοῦ
1291 2742 1359 2769 Θεοῦ
1379 2742 1426 2769 καὶ
1442 2742 1549 2778 Πατρδς
1568 2741 1784 2778 πεμφθήσεσθαι
1806 2740 1846 2767 λέ-

1051 2796 1118 2823 γων,
1134 2788 1312 2822 ἀσφαλίζεται
1330 2787 1411 2815 πάλιν
1435 2787 1613 2823 οἰκονομικῶς
1630 2787 1676 2815 τὸν
1690 2787 1739 2814 ἐπὶ
1752 2788 1785 2824 τῇ
1803 2782 1847 2812 πίε·

243 2876 266 2893 ¹¹
282 2875 302 2903 11
317 2875 392 2905 Petr.
413 2885 433 2911 ι,
451 2876 478 2903 4.
516 2875 632 2903 "Ilehr.
653 2883 691 2909 vt,
706 2876 732 2903 4.
771 2877 792 2892 ⁸⁷
811 2876 928 2912 Philipp.
954 2885 995 2910 Ill,

1098 2878 1120 2893 "
1140 2877 1227 2905 Galat.
1245 2886 1282 2911 ιγ,
1298 2877 1324 2906 G.
1365 2878 1386 2895 "
1405 2877 1485 2906 Joan.
1503 2886 1528 2910 κ,
1548 2878 1591 2905 57.
