1926 3041
68 140 108 167 261
581 137 612 164 IN
629 136 773 165 JOANNIS
792 135 1018 164 EV’ANCELIUM
1039 136 1104 164 LIB.
1126 136 1172 164 lx.

1643 143 1700 170 ⁸262

67 209 118 226 ;τ;ι
137 197 283 233 λόγιιν.⁷Πν
292 199 345 235 γάρ
359 200 390 234 δή
403 208 476 231 τινας
491 199 563 230 εἰκδς
574 199 623 225 οὐκ
639 199 726 234 ὀρθῶς
738 197 850 224 νοοῦντα

918 197 1008 232 ipsum
1024 197 1118 225 dicere
1133 206 1187 225 non
1203 205 1264 226 esse
1281 206 1312 226 ex
1332 198 1376 226 Dei
1402 197 1557 227 substantia
1578 207 1703 230 sanctum

65 244 246 280 τὴείρημένον
257 245 397 280 οἰήσεσθαι
414 245 505 280 λέγειν
515 245 595 272 αὐτὸν
607 245 657 271 οὐκ
669 245 700 271 ὲκ
712 244 760 279 τῆς
770 244 862 276 οὐσίας

65 290 128 318 εἶναι
156 292 205 317 τοῦ
235 291 304 318 Θεοῦ
324 291 354 318 τὺ
379 291 491 327 Πνεῦμα
511 291 542 318 τὸ
562 291 650 325 ἅγιον,
675 290 801 326 καθάπερ
815 288 862 316 οὖν

65 335 131 368 ἔδοξε
148 336 204 363 τῶν
227 336 364 363 ἀσυνέτων
380 336 529 367 τισὶν,ἀλλ¹
545 336 639 371 ἕτερόν
654 345 679 362 τι
695 335 764 362 κατὰ
781 334 862 371 φύσιν

66 383 196 418 ὑπάρχειν
213 382 281 409 αὐτό
293 391 300 398 ο
312 382 342 409 τὸ
358 382 412 418 γὰρ
427 381 524 409 ἄλλον
539 383 635 415 εἰπεῖν,
653 382 729 418 παρὰ
748 390 778 415 γε
805 382 861 413 τοῖς

66 428 263 464 ἀμαθεστέρας
288 428 415 463 τοιαύτης
441 427 510 460 τινὸς
537 428 626 459 αἰτίας
643 427 762 463 ἔμφασιν
775 427 862 453 εισκο-

67 474 166 509 μίσειεν
185 475 230 501 ἄν.
245 475 305 502 Ἰνα
326 474 417 501 τοίνυν
443 474 565 511 ἐπιδείξῃ
586 474 678 508 σαφῶς
697 474 738 501 ὅτι
749 474 794 500 τὸν
811 474 860 509 τῆς

66 520 222 555 ἑτερότητος
241 520 320 555 λόγον
343 520 374 548 οὺ
396 520 457 547 καθ’
475 520 570 556 ἕτερόν
585 529 646 547 τινα
663 519 782 546 νοεῖσθαι
799 519 860 554 βού-

67 568 135 593 λεται
149 566 264 602 τρόπον,
289 566 357 594 ἀλλὰ
379 565 452 593 κατὰ
468 566 548 602 μόνον
573 566 604 592 τὸ
631 565 702 597 ἰδίως
725 565 859 601 ὑπάρχειν

68 613 127 639 αὐτὸ
142 612 269 648 (Πνεῦμα
285 612 338 648 γὰρ
350 632 356 645 ,
370 612 400 639 τὸ
415 612 527 648 Πνεῦμα
542 612 588 639 καὶ
607 612 657 647 οὐχ
669 612 732 643 Υἱός
742 620 749 627 ·
764 611 859 647 ὥσπερ

68 657 109 685 οῦν
121 658 192 690 Υἱὸς,
211 659 225 684 ὀ
245 659 309 690 Υἱὸς
339 659 385 685 καὶ
409 659 469 694 οὐχὶ
492 658 608 694 Πατὴρ),
622 656 857 692 ἀποσταλήσεσθαι

67 705 107 731 τὸν
131 705 311 741 Παράκλητον
330 704 426 736 εἰπὼν,
444 704 524 736 αὐτὸς
545 704 620 739 ἥξειν
647 703 856 738 ἐπαγγέλλεται,

68 751 111 785 οὐχ
125 750 218 785 ’ἔτερόν
237 759 263 777 τι
281 751 312 777 τὸ
328 750 440 786 Πνεῦμα
459 750 597 785 δεικνὺςῆ
617 751 686 786 ὅπερ
704 750 779 776 ἐστὶν
809 750 858 777 αὑ-

68 798 118 828 τὸς,
138 797 254 832 ἐπείπερ
273 798 346 824 ἐστὶν
361 797 392 824 ἐκ
410 796 457 823 τοῦ
474 796 579 832 Πατρὺς
595 797 660 823 ῐδιον
675 795 789 832 Πνεῦμα
807 796 856 823 καὶ

69 840 142 868 αὑτοῦ
158 842 260 867 νοεῖται
277 843 323 868 καὶ
341 841 412 873 Νοῦς
427 841 508 868 αὑτοῦ
523 841 567 867 διὰ
590 840 668 867 τοῦτο
686 840 852 876 ὠνόμασται.

915 243 1059 278 Spiritum,
1084 244 1165 271 siculi
1195 245 1339 272 nonnullis
1362 245 1450 273 visum
1481 250 1524 273 est
1554 247 1702 282 itnpcrltls,

913 290 962 317 sed
983 290 1123 318 diversum
1144 291 1276 326 quiddam
1302 300 1364 319 eum
1393 292 1546 319 secundum
1573 298 1702 321 naturam

912 336 1068 364 exsistere:
1087 344 1150 364 nam
1171 337 1243 373 quod
1261 338 1343 365 alium
1379 338 1459 371 dixit,
1478 339 1505 366 in
1526 346 1611 366 causa
1633 339 1703 367 forte

913 381 995 410 fuerit
1017 390 1066 410 cur
1089 383 1117 410 id
1149 384 1269 412 sentiant
1296 385 1428 420 imperiti.
1451 385 1485 413 Ut
1507 393 1572 422 ergo
1598 386 1703 422 liquido

912 432 1081 456 monstraret
1109 429 1195 457 alium
1233 437 1249 456 a
1283 438 1313 458 se
1349 431 1404 458 dici
1436 439 1489 459 non
1527 432 1582 459 alio
1621 434 1702 459 [mulo

910 481 993 508 quam
1018 473 1093 509 quod
1112 474 1170 509 ipse
1196 476 1306 510 proprie
1324 476 1454 503 subsistit
1470 476 1602 513 (Spiritus
1627 479 1701 504 enim

909 524 954 547 est
969 519 1103 555 Spiritus,
1119 528 1151 548 ac
1166 529 1219 548 non
1236 521 1334 553 Filius,
1347 523 1430 550 sicuti
1445 523 1533 551 Filius
1547 528 1588 550 est
1602 523 1700 554 Filius,

910 572 942 592 ac
973 573 1029 593 non
1057 565 1160 601 Pater),
1186 567 1301 594 missum
1333 568 1366 595 iri
1391 567 1563 596 l’aracletum
1591 569 1700 603 dicens,

909 611 968 646 ipse
984 616 1132 640 venturum
1151 621 1180 640 se
1203 613 1361 648 pollicetur,
1377 622 1430 641 non
1448 615 1531 642 alium
1548 623 1562 642 a
1581 624 1609 643 se
1638 615 1701 650 Spi-

909 658 992 684 ritum
1015 659 1176 691 ostendens,
1191 660 1412 696 quandoquidem
1433 665 1474 688 est
1491 670 1523 689 ex
1541 661 1621 689 Patre
1637 670 1700 697 pro-

908 704 986 739 prius
994 704 1159 740 Spiritus,et
1172 706 1232 741 ejus
1247 713 1308 734 esse
1320 707 1491 742 intelligitur,
1501 711 1528 735 et
1544 707 1620 736 Mens
1637 709 1698 743 ejus

907 749 1012 777 idcirco
1036 755 1079 778 est
1099 756 1289 786 nuncupatus.
1305 751 1384 781 Unde
1399 753 1501 780 Paulus
1524 753 1642 788 idipsum
1660 755 1699 782 si-

907 795 1052 832 gniﬁcans,
1075 797 1114 824 ait
1135 807 1141 824 :
1160 807 1169 823 ι
1187 796 1242 826 Nos
1266 803 1358 826 autem
1379 798 1482 826 Christi
1509 807 1622 827 sensum
1648 801 1698 827 ha-

908 841 1003 870 bemus
1020 842 1052 869 ⁸⁸.
1073 852 1082 868 ι
1103 843 1187 871 Recte
1205 843 1299 879 itaque
1318 847 1346 872 et
1371 844 1510 880 inculpate
1536 846 1697 878 sentientes.

69 887 116 913 K11
132 886 194 921 γοῦν
209 889 223 914 ὁ
238 887 344 918 Παῦλός
364 896 446 922 φησιν
465 887 531 914 αὐτὸ
551 886 582 922 δὴ
597 885 833 922 τοῦτοχσημαίνων
845 894 852 901 ν

908 891 935 915 et
952 887 1024 915 omni
1042 896 1137 916 errore
1160 888 1279 924 abjecto,
1298 897 1440 917 sacrarum
1466 889 1632 917 Litterarum
1650 891 1700 918 do-

71 941 78 957 t
101 932 194 967 Ἡμεῐς
209 932 238 959 δὲ
254 933 316 959 νοῦν
329 933 448 968 Χριστοῦ
466 932 573 968 ἔχομεν,
591 943 599 959 ι
616 933 757 965 Συνιέντες
767 933 856 959 τοίνυν

68 977 146 1013 ὀρθῶς
159 986 187 1004 τε
207 977 255 1004 καὶ
270 978 406 1010 ἀπλανῶς,
421 979 468 1005 καὶ
484 978 514 1005 τὸ
530 978 711 1014 ἐκτρέπεσθαι
725 987 770 1005 ποι
781 979 856 1015 παρὰ

69 1025 94 1051 τὸ
110 1024 190 1057 εἰκὸς,
206 1025 244 1056 ὡς
262 1025 389 1057 ἀκαλλὲς,
406 1025 592 1060 διωθούμενοι,
609 1026 724 1057 καὶτοῖς
737 1026 785 1061 τῆς
798 1025 856 1052 θεο-

69 1070 192 1097 ﬁve-Samo
203 1071 318 1106 Γραςρῆς
330 1071 458 1106 ἑπόμενοι
471 1071 571 1105 λόγοις,
586 1071 676 1107 φαμὲν
686 1073 784 1108 ὅτιούκ
797 1072 856 1099 ἓτε-

70 1117 109 1152 ρόν
124 1126 148 1143 τι
173 1118 240 1152 παρ’
255 1118 347 1149 αὑτὸν,
364 1118 424 1144 ὅσον
445 1116 512 1154 ἧκεν
529 1119 616 1145 εἰπεῖν
637 1119 677 1150 εἰς
703 1119 855 1154 ταυτότητά

70 1164 177 1199 φυσικὴν
191 1185 199 1196 ,
216 1164 392 1200 διῃρημένοις
417 1173 445 1191 τε
466 1164 513 1191 καὶ
541 1164 743 1197 ῐδιοσυστάτως.
771 1165 856 1192 Τοῦτο

68 1209 115 1245 γὰρ
128 1207 238 1245 .οἷμαι,
258 1211 349 1242 συνεὶς
375 1211 449 1238 καὶὸ
471 1210 614 1242 θεσπέσιος
636 1211 741 1242 Παῦλος
765 1220 855 1247 παρα-

71 1257 152 1292 pia-yet
174 1256 322 1289 πολλάκις,
337 1257 384 1284 καὶ
399 1257 437 1288 ὡς
454 1256 553 1284 ταυτὸν
568 1256 598 1283 ὃν
613 1256 743 1292 ἑκάτερον
760 1256 854 1291 εἰσφέ-

71 1312 114 1338 ρει,
132 1302 174 1329 τὸν
192 1303 375 1338 Παράκ).ητόν
404 1312 474 1339 φημι
497 1303 543 1330 καὶ
559 1303 605 1330 τὸν
629 1303 702 1330 Υἱόν.
720 1303 855 1339 Εῦρὴπεις

70 1349 116 1384 γὰρ
130 1349 241 1383 λέγοντα
255 1357 261 1363 ·
286 1359 294 1374 ι
312 1348 343 1375 Et
360 1348 387 1376 δέ
404 1358 446 1380 τις
460 1348 573 1384 Πνεῦμα
585 1348 703 1384 Χριστοῦ
718 1348 768 1375 οὐκ
786 1348 853 1384 ἔχει,

69 1392 135 1426 οὗτος
149 1395 196 1421 οὐκ
215 1395 290 1421 ἐστιν
303 1394 413 1421 αὑτοῦ.»
426 1395 482 1422 Καὶ
495 1394 576 1422 πάλιν
587 1394 683 1426 εὐθύς·
701 1395 733 1420 Ei
746 1394 773 1420 δὲ
785 1395 853 1430 Χρι-

71 1449 124 1471 στος
138 1441 165 1467 ὲν
184 1441 267 1476 ὑμῖν,
281 1440 313 1467 τὸ
329 1441 377 1476 μὲν
393 1441 472 1476 σῶμα
487 1440 582 1476 νεκρὸν
598 1440 641 1467 διὰ
659 1441 806 1476 ἁμαρτίαν,
824 1441 854 1468 τὸ

69 1487 93 1513 δὲ
114 1486 221 1522 Πνεῦμα
246 1487 305 1522 ζωὴ
331 1487 375 1514 διὰ
403 1486 589 1522 δικαιοσύνην.
610 1497 619 1511 ι
644 1487 766 1518 Ἀκούεις
795 1487 854 1519 πῶς

70 1532 175 1567 Χριστὸν
200 1533 274 1567 ἔχειν
301 1531 451 1568 διαρρήδην
465 1531 592 1567 ὁμολογεῖ
613 1532 675 1563 τοὺς
696 1531 725 1557 τὸ
742 1531 852 1566 Πνεῦμα

69 1578 189 1610 λαῦόντας
214 1578 300 1605 αὑτοῦ
317 1588 324 1611 ς
341 1579 410 1614 Φησὶ
436 1578 464 1604 δὲ
490 1578 535 1605 καὶ
557 1579 585 1605 ὲν
612 1578 731 1613 ἑτέροις·
750 1587 758 1604 ι
776 1577 853 1604 Δοκῶ

70 1623 115 1659 γὰρ
139 1623 214 1656 κάγὼ
233 1623 346 1658 Πνεῦμα
362 1623 429 1650 Θεοῦ
445 1623 528 1658 ἔχειν.
549 1632 558 1649 ι
585 1623 615 1650 Ὀ
634 1623 663 1649 δὲ
686 1623 764 1649 τοῦτο
784 1623 852 1659 πρὸς

71 1670 134 1703 ἡμᾶς
143 1669 225 1696 εἰπών
242 1678 249 1685 ·
266 1679 275 1695 ι
292 1670 323 1695 El
337 1669 451 1705 δοκιμὴν
465 1670 582 1704 ζητεῖτε,
595 1670 672 1705 φησὶ,
688 1668 735 1695 τοῦ
749 1669 776 1695 ὲν
791 1669 853 1704 ἐμοὶ

70 1713 200 1746 λαλοῦντος
214 1715 349 1749 Χριστοῦ,
372 1724 380 1741 ι
402 1716 449 1742 καὶ
465 1716 530 1751 ἡμῖν
545 1715 574 1742 δὲ
594 1716 651 1748 τοῖς
670 1715 853 1742 πεπιστευκό-

72 1769 107 1787 σιν
128 1761 264 1796 ἐνοικῆσαι
297 1761 413 1797 Χριστὸν
437 1761 481 1788 διὰ
507 1761 556 1796 τῆς
580 1761 698 1793 πίστεως
723 1760 853 1792 πολλάκις

71 1805 202 1841 ἐπεύχεται
216 1827 223 1839 ,
240 1807 332 1833 καίτοι
354 1807 384 1834 τὸ
412 1807 523 1842 Πνεῦμα
546 1807 689 1842 δεχόμενος
709 1807 740 1833 τὸ
763 1807 850 1841 ἅγιον,

72 1852 118 1878 Καὶ
132 1853 167 1888 μή
181 1842 221 1883 τιξ
245 1853 344 1880 οἰέσθω
365 1854 453 1888 λέγειν
478 1853 553 1889 ἡμᾶς
576 1853 617 1879 ὅτι
640 1853 694 1880 τῶν
713 1853 853 1888 ὀνομάτων

71 1898 122 1934 ἢτοι
134 1899 184 1926 τῶν
200 1899 356 1936 προσώπων
370 1900 476 1936 ἀναιρεῖ
488 1899 537 1935 τὴν
547 1900 587 1931 εἰς
602 1899 730 1935 ἑκάτερον
747 1899 850 1932 στάσιν,

72 1945 132 1981 nan
149 1947 192 1973 τὶν
212 1947 280 1973 Yth
293 1947 342 1982 οὐχ
363 1947 426 1973 Υἱὸν
443 1944 513 1974 εἶναι
534 1954 626 1982 φησιν,
643 1945 712 1972 ἀλλὰ
727 1945 851 1981 Πνεῦμα,

72 1991 144 2026 imm
161 1992 190 2019 τὺ
206 1991 330 2028 Πνεῦμα,
356 1992 467 2028 Πνεῦμα
494 1992 544 2028 μὲν
560 1992 611 2019 οὐκ
642 1989 722 2025 οἶδεν,
738 1991 803 2018 rev
824 1991 852 2018 δὲ

73 2035 132 2064 εἶναι
145 2046 224 2074 φησιν
234 2047 240 2054 ·
262 2039 293 2065 οὐ
305 2038 359 2074 γὰρ
380 2034 456 2070 οὗτος
466 2039 499 2074 ἦν
512 2039 540 2065 ὲν
557 2037 654 2073 ἐκείνῳ
669 2037 780 2070 σκοπὸς,
793 2037 852 2064 ἀλλ’

71 2081 123 2108 οὐδὲ
135 2082 217 2115 οὓτως
230 2084 404 2118 πιστεύομεν.
417 2081 477 2110 Οἵδε
486 2083 540 2119 γὰρ
550 2083 600 2118 τῆς
612 2082 692 2117 ἁγίας
701 2083 747 2109 καὶ
760 2083 852 2118 ὁμοου-

73 2128 123 2154 σίου
135 2129 246 2164 Τριάδος
259 2128 308 2165 τὴν
324 2128 523 2165 ἀπαρίθμησιν,
538 2130 584 2156 καὶ
599 2129 652 2165 ἰδίᾳ
665 2129 715 2164 μὲν
736 2129 852 2156 ἕκαστον

72 2173 118 2199 τῶν
131 2175 334 2211 σημαινομένων
348 2175 496 2211 ὑφεστάναι
509 2175 629 2202 διδάσκει
639 2184 645 2190 ”
659 2176 689 2202 τό
706 2184 737 2208 γε
754 2175 806 2211 μὴν
823 2175 852 2202 ὲν

906 935 1028 961 ctrinam
1048 940 1204 968 sequentes.
1220 935 1339 964 dicimus
1359 943 1414 963 non
1439 943 1502 964 esse
1524 936 1598 963 aliud
1616 936 1699 971 quid-

905 979 967 1006 dam
984 980 1018 1007 ab
1035 979 1106 1015 ipso,
1133 981 1223 1015 quoad
1249 981 1404 1009 naturalem
1428 981 1600 1009 identitatcm
1620 983 1697 1010 vide-

906 1024 982 1057 licet,
1005 1025 1173 1061 divisimque
1197 1034 1228 1054 ac
1255 1027 1384 1054 seorsiin.
1410 1025 1467 1053 Hoc
1489 1027 1562 1054 enim
1588 1027 1698 1055 divinus

905 1078 1015 1106 quoque
1040 1070 1144 1099 Paulus
1169 1071 1328 1107 intelligens
1355 1072 1453 1099 miscet
1479 1073 1698 1108 plerumquepet

906 1120 1054 1150 utrumque
1078 1116 1153 1143 velut
1178 1116 1305 1144 eumdem
1329 1116 1447 1150 inducit,
1462 1116 1637 1145 Paracletum
1656 1118 1698 1146 ni-

905 1163 1004 1189 mirum
1020 1167 1048 1190 et
1063 1162 1175 1190 Filium.
1192 1163 1320 1191 invenies
1335 1163 1440 1199 quippe
1455 1164 1496 1191 sic
1513 1165 1670 1200 loquentem
1688 1175 1695 1192 :

908 1217 917 1234 ι
942 1206 970 1234 Si
985 1208 1048 1242 quis
1063 1208 1197 1243 Spiritum
1213 1208 1317 1237 Christi
1336 1217 1390 1237 non
1412 1210 1504 1243 habet,
1518 1210 1563 1238 hic
1582 1219 1635 1246 non
1655 1215 1697 1239 est

904 1253 974 1288 ejus.
991 1263 1000 1279 ι
1019 1253 1050 1280 Ει
1062 1254 1155 1282 statim
1169 1262 1265 1282 rursus
1281 1264 1287 1282 :
1308 1265 1316 1281 ι
1331 1254 1359 1282 Si
1374 1254 1501 1283 Christus
1513 1256 1541 1283 in
1550 1256 1629 1284 vobis
1643 1260 1696 1289 est,

904 1307 1005 1334 corpus
1026 1300 1137 1335 quidem
1166 1305 1305 1328 mortuum
1331 1305 1374 1329 est
1401 1306 1513 1337 propter
1541 1307 1694 1337 peccatum,

904 1346 1018 1381 spiritus
1042 1353 1108 1373 vero
1133 1346 1202 1374 vivit
1231 1351 1345 1382 propter
1368 1347 1506 1382 justitiam
1519 1348 1552 1375 “.
1576 1358 1585 1374 I
1608 1348 1696 1376 Audis

904 1399 958 1427 quo
983 1396 1061 1426 pacto
1079 1391 1219 1419 Christum
1237 1392 1339 1420 habere
1356 1396 1450 1427 aperte
1473 1392 1635 1428 profiteatur
1650 1402 1696 1421 eos

904 1438 950 1472 qui
965 1437 1101 1473 Spiritum
1119 1438 1180 1472 ejus
1198 1438 1393 1474 suscr-pcrint?
1410 1438 1482 1471 Quin
1500 1443 1528 1467 et
1546 1439 1612 1467 alibi
1629 1447 1697 1474 quo-

905 1491 957 1519 que
975 1484 1013 1511 ait
1030 1493 1036 1511 :
1053 1494 1062 1510 ι
1081 1483 1150 1512 Ριιιο
1172 1490 1264 1512 autem
1290 1485 1361 1520 quod
1383 1489 1410 1512 et
1428 1485 1562 1521 Spiritum
1583 1485 1630 1514 Dei
1649 1486 1697 1514 ha-

904 1529 982 1557 beam
997 1530 1030 1557 “.
1047 1539 1056 1556 ι
1075 1529 1126 1563 Qui
1141 1534 1231 1557 autem
1246 1530 1298 1558 hoc
1312 1531 1394 1559 nobis
1415 1531 1486 1558 dixit
1502 1540 1509 1560 :
1529 1540 1538 1558 ‹
1557 1532 1598 1560 An
1614 1540 1696 1568 expe-

905 1574 1052 1609 rimentum
1087 1575 1212 1609 quaeritis
1249 1575 1309 1610 ejus
1343 1576 1390 1611 qui
1429 1575 1553 1611 loquitur
1590 1577 1618 1604 in
1652 1585 1696 1606 me

903 1620 1031 1648 Christus
1048 1620 1093 1648 "?
1111 1630 1119 1646 ι
1137 1621 1208 1649 idem
1225 1626 1252 1649 et
1273 1622 1300 1649 in
1321 1622 1400 1650 nobis
1416 1622 1593 1651 credentibus
1616 1623 1696 1652 Chri-

904 1672 976 1694 stum
1003 1667 1159 1695 inhabitare
1183 1675 1231 1703 per
1260 1668 1340 1696 ﬁdem
1367 1676 1438 1704 saepe
1467 1674 1606 1705 precatur,
1630 1670 1696 1698 licet

905 1714 1038 1749 Spiritum
1059 1718 1185 1742 sanctum
1209 1715 1337 1751 accipiat.
1353 1715 1448 1751 Neque
1462 1723 1528 1744 vero
1547 1717 1695 1752 quisquam

904 1759 995 1787 dicere
1011 1767 1062 1787 nos
1078 1759 1218 1788 existimet
1233 1768 1295 1787 eum
1315 1761 1459 1788 nominum
1486 1766 1533 1789 aut
1561 1770 1695 1798 persona-

904 1813 965 1833 rum
986 1809 1134 1841 utrumque
1158 1809 1261 1833 statum
1278 1811 1420 1840 evertere,
1444 1812 1490 1835 aut
1513 1807 1612 1836 Filium
1639 1817 1694 1836 non

891 1860 965 1880 .esse
979 1851 1080 1879 Filium
1097 1852 1279 1885 contendere,
1298 1852 1346 1880 sed
1363 1852 1516 1889 Spiritum;
1533 1858 1581 1882 aut
1606 1854 1695 1890 Spiri-

902 1901 960 1924 tum
979 1896 1115 1933 Spiritum
1131 1898 1242 1932 quidem
1268 1905 1324 1925 non
1347 1905 1508 1934 agnoscere,
1522 1899 1570 1927 sed
1593 1899 1694 1928 Filium

902 1951 964 1971 esse
977 1944 1073 1972 dicere
1088 1953 1095 1971 :
1110 1951 1165 1971 non
1183 1944 1255 1971 enim
1274 1945 1300 1972 id
1320 1948 1379 1972 erat
1397 1945 1423 1972 ei
1450 1945 1632 1980 propositum,
1647 1955 1694 1974 nc-

902 1998 956 2026 que
971 1997 1053 2026 porro
1070 1997 1120 2018 nos
1135 1990 1173 2017 ita
1196 1991 1346 2018 credimus.
1361 1990 1472 2018 Sciebat
1494 1992 1567 2018 enim
1591 1997 1695 2020 sancta:

902 2040 929 2064 et.
956 2036 1206 2064 consubstantialis
1229 2036 1375 2064 Trinitatis
1396 2038 1646 2071 enumerationem,
1667 2043 1694 2066 et

902 2081 1028 2117 singulas
1041 2081 1152 2116 quidem
1171 2089 1306 2117 personas
1320 2081 1402 2109 docet
1420 2082 1447 2108 in
1464 2089 1514 2109 sua
1529 2090 1590 2110 esse
1607 2083 1692 2119 hypo-

903 2128 981 2159 stasi,
997 2131 1188 2156 verumtamen
1211 2132 1336 2156 sanctam
1352 2127 1518 2156 Trinitatem
1537 2129 1565 2157 in
1591 2130 1693 2157 identi-

904 2179 960 2202 tate
969 2174 1129 2202 nullatenus
1138 2174 1264 2202 variante
1277 2174 1359 2202 sitam
1371 2182 1433 2202 esse
1443 2179 1538 2210 aperte
1550 2168 1692 2210 praedicat.

72 2219 261 2256 ἀπαραλλάκτῳ
285 2220 392 2247 κεῖσθαι
416 2221 560 2256 ταυτότητι
586 2220 635 2256 τὴν
652 2220 731 2255 ἁγίαν
748 2220 851 2256 Τριάδα

905 2220 986 2256 813
1001 2220 1113 2255 AliOqui
1130 2218 1269 2253 quomodo
1286 2217 1408 2253 Spiritus
1427 2222 1470 2246 est
1487 2227 1518 2246 ac
1537 2221 1692 2247 nominatur

71 2263 231 2299 διακηρύττει
245 2265 350 2300 σαφῶς.
373 2266 449 2293 Ἐπεὶ
465 2266 523 2298 πῶς
540 2266 570 2293 τὸ
585 2266 699 2302 Πνεῦμα
713 2266 780 2298 Θεὸς
795 2265 853 2292 ἔστι

72 2310 113 2336 καὶ
131 2311 290 2346 ὀνομάζεται
307 2320 314 2344 ;
335 2321 343 2337 ι
360 2312 416 2338 Οὐκ
432 2311 521 2339 οἴδατε
538 2312 592 2347 γὰρ
605 2332 611 2343 ,
628 2312 723 2347 φησὶν,
738 2312 778 2339 ὅτι
790 2312 853 2344 ναὸς

72 2355 129 2382 Θεοῦ
145 2357 214 2389 ὲστε,
233 2359 280 2385 καὶ
297 2357 327 2384 τὸ
341 2358 452 2392 Πνεῦμα
474 2358 521 2384 τοῦ
536 2357 604 2384 Θεοῦ
622 2359 650 2385 ὲν
665 2358 729 2393 ὑμῖν
743 2359 829 2392 οἰκεῐ;
840 2367 849 2384 ι

72 2400 98 2427 Εἰ
108 2401 144 2433 δὲ,
155 2403 269 2438 ἐπείπερ
284 2403 313 2429 ὲν
325 2404 391 2438 ἡμῖν
401 2404 472 2429 οἰκεῖ
485 2403 515 2429 τὸ
529 2402 651 2438 Πνεῦμα,
662 2403 722 2430 ναοὶ
736 2403 851 2437 γεγόνα-

73 2455 115 2480 μεν
127 2447 168 2474 τοῦ
191 2448 269 2482 Θεοῦ,
287 2449 344 2480 πῶς
369 2448 418 2475 οὐκ
440 2449 472 2474 ὲκ
496 2448 563 2475 Θεοῦ
587 2449 617 2475 τὸ
644 2449 765 2484 Πνεῦμα,
777 2448 849 2475 τοῦτ’

70 2491 145 2526 ἐστιν,
160 2495 191 2520 ὲκ
204 2495 254 2530 τῆς
279 2495 373 2526 οὐσίας
387 2494 469 2521 αὐτοῦ
479 2514 486 2526 ,
500 2494 567 2520 Θεὸν
578 2494 607 2521 ἐν
621 2496 688 2530 ἡμῖν
700 2495 801 2527 οἰκίζον
815 2495 848 2522 δι’

72 2538 157 2566 ἑαυτοῦ
169 2549 175 2572 ;
190 2541 294 2567 Οὐκοῦν
311 2542 361 2568 οὐκ
375 2541 513 2575 ἀλλότριον
529 2541 578 2576 τῆς
592 2541 658 2572 ἰδίας
670 2541 776 2575 φύσεως
788 2541 850 2567 δει-

72 2585 128 2617 κνῦς
143 2586 171 2612 τὸ
183 2586 293 2622 Πνεῦμα
309 2588 323 2614 ὁ
340 2587 506 2622 Μονογενὴς,
527 2586 602 2622 παρὰ
617 2587 664 2613 τοῦ
680 2587 786 2622 Πατρὺς
803 2588 848 2614 ὲκ-

72 2630 215 2666 πέμπεσθαι
229 2634 285 2664 τοῖς
304 2628 392 2667 ἁγίοις
407 2633 491 2659 εἰπὼν
509 2633 554 2659 τὸν
566 2633 754 2668 Παράκλητον,
769 2633 849 2665 αὐτὸς

71 2675 137 2710 ἥξειν
162 2678 357 2713 ἐπαγγέλλεται
371 2700 378 2712 ,
397 2680 443 2706 καὶ
460 2679 509 2715 τὴν
536 2679 638 2715 πατρὸς
665 2679 740 2712 τάξιν
758 2680 849 2712 αὐτοῖς

73 2722 297 2760 ἀποπληροῦν,ῖνα
313 2725 350 2762 μὴ
369 2726 493 2761 καθάπερ
518 2726 591 2756 τινὲς
603 2726 717 2761 ὀρφανοὶ
735 2726 784 2761 τῆς
801 2726 848 2752 τοῦ

72 2770 257 2806 προεστηκότος
271 2772 430 2807 ἐπικουρίας
444 2771 541 2807 ἔρημοι
555 2771 599 2798 διά
615 2780 644 2798 τε
659 2771 738 2798 τοῦτο
756 2771 847 2798 λοιπὸν

103 2857 124 2872 ⁸⁸
143 2857 150 2884 Ι
168 2858 228 2888 Cor.
251 2869 286 2893 ιι,
311 2860 353 2888 l6.
391 2861 411 2877 οι
433 2861 512 2889 Rom.
532 2869 591 2895 vm,
606 2859 633 2894 9,
652 2861 694 2888 lO.
734 2861 755 2877 ⁶¹
771 2859 780 2886 l
799 2859 853 2888 Cor

909 2868 928 2892 ι,
949 2860 994 2887 ω.
1034 2860 1055 2875 ⁸³
1073 2858 1093 2885 ll
1110 2858 1174 2886 Cor.
1193 2865 1252 2890 xm,
1270 2857 1297 2884 5.

904 2265 993 2293 Deus?
1011 2274 1020 2290 ε
1038 2264 1159 2292 Nescitis
1174 2264 1260 2295 enim,
1282 2264 1383 2298 inquit,
1406 2264 1470 2299 quia
1490 2266 1620 2299 templum
1647 2265 1692 2294 Dei

903 2311 981 2343 estis,
997 2314 1026 2338 et
1051 2310 1172 2344 Spiritus
1190 2309 1236 2337 Dei
1263 2309 1370 2337 habitat
1390 2310 1417 2337 in
1435 2310 1512 2338 vobis
1525 2310 1566 2337 “?
1587 2320 1596 2336 ι
1616 2311 1692 2344 Quod

904 2358 927 2385 si
951 2365 983 2385 ex
1008 2365 1041 2385 eo
1065 2357 1137 2393 quod
1163 2356 1285 2392 Spiritus
1306 2356 1333 2383 in
1358 2357 1438 2384 nobis
1458 2356 1575 2389 habitat,
1594 2359 1691 2393 templa

903 2404 967 2431 facti
988 2412 1084 2432 sumus
1102 2403 1159 2435 Dei,
1174 2403 1314 2438 quomodo
1330 2411 1384 2431 non
1399 2411 1432 2431 ex
1449 2403 1503 2431 Deo
1517 2402 1647 2439 Spiritus,
1663 2403 1692 2431 id

903 2454 946 2477 est
961 2457 992 2477 ex
1008 2448 1161 2477 substantia
1177 2449 1247 2483 ejus,
1262 2448 1309 2483 qui
1327 2448 1411 2476 Deum
1426 2449 1454 2476 in
1474 2449 1553 2477 nobis
1569 2449 1692 2478 habitare

903 2496 971 2524 facit
992 2503 1040 2531 per
1066 2495 1216 2530 seipsum?
1236 2494 1373 2528 Quocirca
1393 2502 1448 2521 non
1476 2494 1596 2522 alienum
1613 2502 1626 2522 a
1643 2503 1691 2523 sua

904 2546 1000 2569 natura
1017 2541 1166 2570 ostendens
1184 2540 1318 2577 Spiritqu
1343 2540 1518 2576 Unigenitus,
1545 2545 1691 2576 postquam

902 2589 972 2616 dixit
989 2595 1003 2615 a
1018 2588 1100 2615 Patre
1118 2587 1191 2614 mitti
1209 2591 1334 2614 sanctum
1354 2585 1538 2618 Paraeletum,
1551 2586 1608 2620 ipse
1625 2594 1690 2614 ven-

904 2640 995 2662 turum
1024 2642 1053 2662 se
1073 2633 1230 2669 pollicetur,
1258 2636 1285 2660 ct
1311 2632 1397 2667 patris
1426 2632 1486 2659 loco
1509 2632 1543 2660 iis
1562 2631 1636 2663 fore,
1659 2640 1708 2660 ncv

903 2681 979 2708 velut
1000 2680 1117 2714 orphani
1138 2679 1250 2714 quidam
1277 2678 1378 2705 tutoris
1403 2677 1531 2712 prmsidio
1554 2677 1689 2705 destituti.

903 2725 1007 2753 idcirco
1021 2725 1124 2752 diaboli
1150 2724 1258 2759 laqueis
1282 2726 1405 2758 pateant,
1421 2726 1447 2749 et
1465 2721 1560 2748 mundi
1575 2721 1689 2749 scanda-

905 2772 949 2805 lis,
967 2771 1055 2807 iisque
1076 2770 1172 2798 multis
1189 2777 1222 2797 ac
1234 2770 1306 2797 veiut
1332 2767 1494 2796 necessitate
1510 2766 1627 2802 quadam
1648 2766 1687 2794 in-

1338 2857 1360 2873 “
1378 2857 1387 2888 Ι
1406 2856 1470 2885 Cor.
1490 2864 1532 2890 In,
1550 2854 1595 2883 l0.
