1926 3041
221 132 273 159 2(ἷῦ

718 127 746 154 S.
767 126 903 154 CYlilLU
926 126 1156 154 ALEXANDRINI
1178 126 1337 153 AliClllEP.

1821 126 1883 154 ~20];

220 192 395 227 “ruentibus,
418 198 474 227 pra:
496 196 591 217 eorum
608 195 621 214 a
640 186 742 222 quibus
758 186 916 214 inferuntur
935 186 1014 213 etfre-

1075 187 1123 217 ταῖς
1136 186 1182 212 τοῦ
1194 185 1316 211 διαὸὀ).ου
1341 184 1452 218 παγίσιν
1470 184 1610 215 εὐάλωτοι,
1628 185 1676 211 καὶ
1698 185 1755 216 τοῖς
1775 184 1809 210 ὲν
1827 184 1882 210 κό-

222 245 288 267 nato
305 240 407 267 l‘urore.
419 240 501 266 Arma
517 237 608 270 itaque
617 234 853 261 ctmunimentum
867 233 1013 260 infractum

224 287 330 314 nostris
363 284 503 312 mentibus
534 281 610 309 dedit
639 279 719 307 Pater
738 280 840 307 Christi
869 279 1014 314 Spiritum,

225 335 271 367 qui
288 331 404 366 gratiam
421 329 482 363 ejus
497 331 525 355 et
550 325 723 361 praesentiam
743 330 825 360 atque
843 325 972 352 virtutem
987 325 1014 352 in

226 377 305 404 nobis
323 376 427 409 implet.
445 373 518 401 Fieri
539 373 610 400 enim
631 371 727 406 nequit
741 376 770 397 ut
786 371 907 398 hominis
924 371 1015 397 anima

225 423 289 451 boni
312 421 461 457 quidquam
484 422 558 454 agat,
573 423 620 445 aut
635 426 701 445 suas
715 417 880 452 cupiditates
895 419 1014 452 superet,

224 471 272 493 aut
284 473 361 492 acres
375 464 477 490 diaboli
496 464 610 498 laqueos
620 463 713 496 evitet,
728 462 780 489 nisi
793 462 880 489 sancti
895 462 1017 497 Spiritus

224 513 311 547 gratia
343 511 448 537 nmnita
474 511 528 541 sit,
552 510 699 544 ipsumque
723 510 752 536 in
782 510 884 544 seipsa,
902 509 1018 544 proinde

223 558 381 590 Christum,
400 557 509 583 haheat.
521 556 599 583 Unde
618 555 726 583 Psaltes
741 556 787 582 ille
800 556 908 583 divinus
925 560 1017 591 gratu-

225 602 324 629 latoria
349 602 472 628 carmina
501 609 549 636 pro
571 609 620 628 sua
636 601 772 636 sapientia
798 608 965 636 componens
984 600 1018 627 ad

227 649 309 676 Deum
336 649 493 675 (laniabat:
510 657 518 673 I
539 647 664 679 Domine,
684 651 713 674 ut
731 651 811 674 scuto
831 647 909 674 bonze
923 648 1018 675 volun-

226 696 290 722 tatis
304 700 369 723 .llltI}
385 694 526 722 coronasti
546 702 597 722 nos
614 694 647 725 ",
664 703 672 718 ι
692 698 800 720 scutum
827 694 906 721 bona:
922 694 1018 720 volun-

227 743 291 769 tatis
307 742 380 768 aliud
398 741 464 768 nihil
480 749 541 768 esse
558 740 654 767 dicens
665 747 747 774 quam
764 744 951 775 protegentem
967 748 1017 767 nos

228 793 354 815 sanctum
374 788 520 820 Spiritum,
536 791 563 814 et
590 786 745 813 incredibili
761 794 811 814 sua
833 791 967 821 potestate
989 790 1018 812 ut

225 834 300 869 quod
331 834 383 861 Deo
415 834 546 869 placitum
577 838 620 860 est
648 833 766 860 velimus
795 834 1016 860 conlirmantetn.

228 879 312 915 igitur
331 879 488 906 adfuturum
503 886 532 906 se
543 882 570 905 et
589 878 730 913 suppetias
743 878 863 905 laturum
881 878 1019 905 credenti-
1037 879 1056 907 Β

229 927 281 954 bus
297 927 323 953 in
338 934 368 954 se
383 925 564 953 nihilominus
577 924 871 960 pollicetur,quamvis
889 925 915 951 in
934 924 1019 952 eteius

230 974 306 1008 ipsos
331 976 394 1007 post
419 971 652 999 resurrectionem
682 979 714 998 ex
740 971 856 997 mortuis
877 971 1017 1000 ascendat.

230 1022 259 1046 ut
275 1024 406 1053 appareat
422 1026 494 1044 nunc
511 1017 597 1044 vultui
614 1015 660 1044 Dei
677 1024 726 1052 pro
743 1017 833 1050 nobis,
851 1016 929 1051 juxta
942 1016 1017 1043 Pauli

229 1071 322 1091 voeem
338 1064 370 1090 ⁵³.

1071 241 1131 268 σμιρ
1149 232 1308 263 σκανδάλοις
1322 231 1522 266 εὑεπιχείρητοι
1535 230 1594 257 λίαν
1606 231 1798 266 εὑρίσκονται,
1812 230 1881 256 καί·

1070 287 1109 304 τοι
1131 277 1238 309 πολλοῖς
1259 275 1319 304 οὖσι
1339 276 1386 303 καὶ
1400 277 1438 308 ὼς
1461 276 1491 309 ἐξ
1504 276 1627 312 ἀνάγκης
1646 276 1818 312 ἐρχομένοις
1831 276 1881 302 διὰ

1070 325 1118 361 τὴν
1133 324 1283 351 ἀκάθεκτον
1303 323 1357 350 τῶν
1380 323 1538 358 ἐπαγόντων
1563 324 1673 358 μανίαν.
1691 323 1801 349 ’Ὸπλον
1828 321 1879 349 οὖν

1070 370 1124 406 ἄρα
1140 371 1187 397 καὶ
1212 369 1361 404 ἀσφάλειαν
1381 368 1491 405 ἀρραγῆ
1518 370 1578 400 ταῖς
1593 369 1746 404 ἡμετέραις
1766 368 1880 402 ψυχαῖς

1070 417 1184 443 δέδωκεν
1207 416 1221 442 6
1240 416 1334 451 Πατὴρ
1357 415 1386 442 τὸ
1407 414 1518 450 Πνεῦμα
1543 415 1663 450 Χριστοῦ
1678 435 1686 448 ,
1702 414 1754 448 τὴν
1787 414 1878 440 αὑτοῦ

1070 462 1151 498 χάριν
1167 471 1197 489 τε
1224 463 1271 488 καὶ
1295 460 1447 497 παρουσίαν
1467 462 1514 487 καὶ
1535 461 1650 496 δύναμιν
1665 461 1695 487 ὲν
1710 462 1780 496 ημῖν
1803 465 1877 486 απο-

1071 508 1124 543 πλη
1130 508 1200 543 ροῦν.
1211 508 1237 534 ’Δ
1243 509 1362 544 μήχανον
1372 507 1426 543 γὰρ
1436 507 1580 542 ἀνθρώπου
1591 507 1680 544 ψυχὴν
1693 508 1878 543 κατορθῶσαί

1071 563 1096 580 τι
1111 555 1164 580 τῶν
1175 554 1285 588 ἀγαθῶν
1293 575 1299 586 ,
1307 554 1389 589 ἤγουν
1397 555 1452 581 τῶν
1462 554 1568 581 οἰκείων
1580 555 1720 590 κρατῆσαι
1739 554 1875 589 παθῶν,ἦ

1071 601 1119 636 τῆς
1127 600 1172 626 τοῦ
1181 600 1303 627 διαϐόλου
1316 601 1431 635 παγίδος
1442 601 1531 634 ὀξείας
1542 601 1682 636 διαδρᾶναι
1695 601 1727 627 τὺ
1742 600 1874 635 μέγεθος,

1073 649 1110 683 μὴ
1127 649 1160 683 τῇ
1180 647 1225 674 τοῦ
1244 647 1322 681 ἁγίου
1348 647 1505 682 Πνεύματος
1531 647 1740 682 τετειχισμένην
1766 646 1874 681 χάριτι,

1071 695 1119 720 καὶ
1130 694 1210 720 αὐτὸν
1224 694 1339 729 ἔχουσαν
1357 694 1385 720 ὲν
1411 695 1494 729 ἑαυτῇ
1509 694 1554 721 διὰ
1570 692 1649 720 τοῦτο
1662 693 1799 729 Χριστόν.
1819 693 1874 718 Καὶ

1071 739 1136 774 γοῦν
1150 741 1164 766 6
1181 740 1323 771 Θεσπέσιος
1340 741 1405 775 ἡμῖν
1427 739 1553 777 Μελῳδὺς
1567 740 1602 766 τὰ
1615 740 1686 775 ὑπὲρ
1704 738 1808 766 τούτου
1823 747 1873 773 χα-

1073 787 1200 822 ριστήρια
1231 786 1275 812 διὰ
1297 786 1348 820 τῆς
1375 786 1488 821 ἐνούσης
1513 786 1586 821 αὐτῷ
1610 786 1707 820 copia;
1734 785 1873 815 συντιθείς

1072 832 1206 867 ἅνεφὼνει
1221 832 1287 868 πρὸς
1315 832 1382 859 Θεόν
1398 841 1405 847 ·
1429 842 1437 858 ι
1462 833 1548 868 Κύριε
1562 853 1569 864 ,
1585 832 1623 864 ὡς
1643 832 1720 867 ὅπλῳ
1745 831 1872 862 εὐδοκίας

1071 879 1261 913 ἐστεφάνωσας
1273 879 1354 914 ἡμᾶς·
1363 889 1372 905 ι
1383 879 1465 906 ὅπλον
1474 879 1596 909 εὐδοκίας
1605 878 1682 905 οὐδὲν
1695 877 1794 912 ἓτερον
1803 875 1873 903 εἶναι

1073 925 1160 958 λέγων
1173 925 1189 960 ἢ
1201 925 1230 950 τὸ
1242 925 1411 960 προασπίζον
1428 924 1505 960 ἡμῶν
1521 925 1598 959 ἆγιον
1611 924 1737 958 Πνεῦμα.
1746 924 1798 949 καὶ
1812 923 1872 949 ἀδο-

1073 971 1149 1005 κήτῳ
1173 970 1293 1005 συνέχων
1318 970 1373 1006 [πο.
1394 970 1516 1006 συνέχον]
1538 970 1611 1005 ἰσχύϊ
1636 970 1706 1005 πρὸς
1724 969 1756 995 τὸ
1775 969 1874 994 δοκοῖ-ι

1071 1016 1109 1051 τῷ
1124 1016 1193 1052 Θεῷ.
1213 1016 1316 1043 Οὐκοῦν
1335 1018 1376 1043 ὅτι
1393 1017 1527 1052 παρέσται
1544 1017 1590 1043 καὶ
1613 1016 1745 1051 βοηθήσει
1762 1015 1809 1042 διὰ
1825 1015 1872 1040 τοῦ

1072 1062 1230 1098 Πνεύματος
1252 1063 1307 1094 τοῖς
1333 1063 1506 1089 πιστεύουσιν
1522 1064 1560 1094 εἰς
1586 1063 1667 1089 αὐτὸν
1694 1062 1773 1089 οὐδὲν
1792 1060 1873 1097 ἦττιν

229 1110 433 1144 ἐπαγγέλλεται,
451 1109 502 1136 κᾶν
521 1111 560 1141 εἰς
582 1109 680 1140 αὐτοὺς
705 1109 838 1145 ἀναϐαίνῃ
858 1109 920 1140 τοὺς
937 1108 1078 1144 οὐρανοὺς,
1097 1109 1165 1143 μετὰ
1176 1108 1223 1143 τὴν
1243 1109 1274 1135 ὲκ
1307 1109 1407 1145 νεκρῶν
1426 1109 1585 1142 ἀναϐίωσιν,
1620 1109 1668 1136 νῦν
1700 1108 1872 1144 ἐμφανισθῆ-

230 1159 323 1186 σεσθαι
338 1158 377 1194 τῷ
398 1158 536 1194 προσώπῳ
557 1159 604 1185 τοῦ
621 1158 688 1184 Θεοῦ
705 1158 775 1193 ὑπὲρ
791 1158 881 1193 ἡμῶν,
896 1157 965 1184 κατὰ
980 1157 1029 1193 τὴν
1049 1157 1095 1184 τοῦ
1112 1157 1216 1184 Παύλου
1233 1159 1334 1193 φωνήν,

265 1205 334 1239 XIV,
372 1206 414 1233 19.
436 1206 529 1233 Adhuc
551 1206 698 1238 modicum,
724 1211 748 1233 et
772 1206 886 1232 ntundus
904 1213 944 1232 me
963 1205 1019 1239 iam

227 1261 279 1279 non
296 1253 365 1279 uidet
382 1260 389 1278 :
405 1260 448 1279 vos
465 1256 553 1278 autem
576 1251 668 1278 ridetis
697 1260 753 1284 me,
770 1252 832 1285 quia
852 1252 918 1282 vivo,
932 1255 957 1278 et
975 1259 1019 1278 vos

228 1299 329 1326 tivetis.

264 1344 385 1371 Instante
396 1343 452 1378 jam
467 1337 574 1370 foribus
586 1343 653 1378 ipsis
665 1343 807 1378 passione,
818 1347 845 1370 et
856 1343 1022 1378 assumptio-

230 1390 274 1417 nis
296 1395 404 1424 tempus
419 1397 510 1416 secum
529 1389 689 1420 invehentc,
706 1389 871 1416 iuvisibiletn
887 1397 916 1416 se
940 1397 1033 1416 tntm-.

230 1437 265 1463 do
282 1436 338 1463 [ore
354 1435 401 1467 ait,
418 1435 470 1462 hoc
491 1439 532 1462 est
550 1436 583 1462 iis
600 1436 647 1470 qui
674 1436 840 1471 temporaria
859 1435 931 1463 bona
948 1436 1019 1463 divi-

231 1482 274 1508 nis
286 1485 312 1508 et
326 1481 484 1508 coelestibus
498 1484 605 1508 terrena
621 1485 794 1516 praeponunt.
809 1482 842 1509 Et
852 1489 901 1509 nos
910 1482 1019 1518 quidetn
1034 1480 1055 1508 C

231 1527 423 1562 Superioribus
440 1531 585 1562 cognatum
612 1534 723 1554 sensum
747 1531 880 1558 texentes,
897 1535 950 1555 non
977 1533 1018 1556 te-

231 1580 304 1599 mere
323 1572 447 1599 dicemus
461 1571 544 1599 Deum
560 1575 587 1598 et
602 1571 710 1599 Patrem
731 1571 902 1600 Paraclctum
913 1594 920 1606 ,
933 1573 960 1601 id
978 1578 1018 1602 est

231 1617 362 1652 Spiritum
380 1621 523 1650 sanctum,
541 1616 665 1651 dedisse,
690 1625 738 1652 per
760 1617 857 1646 Filium
879 1619 1019 1646 nimirttm.

229 1662 313 1698 815
326 1663 422 1689 Omnia
443 1662 545 1697 quippe
567 1670 615 1697 per
631 1663 721 1697 ipsum
742 1670 756 1689 a
774 1663 865 1691 Patre.
883 1663 967 1692 Venit
981 1670 1023 1692 ta-

231 1717 292 1736 men
317 1717 371 1735 non
391 1708 417 1734 in
442 1716 538 1735 omnes
560 1709 647 1735 bonos
663 1716 695 1736 ac
718 1709 807 1736 malos
823 1709 1022 1743 indiﬂ‘erentcr,

232 1754 280 1782 sed
296 1755 322 1781 in
339 1761 408 1789 quos
423 1762 484 1781 eum
497 1754 591 1781 venire
605 1754 731 1782 decebat.
746 1755 883 1788 Quantum
899 1756 973 1783 enim
990 1756 1022 1783 ad

232 1800 324 1828 dantis
352 1799 600 1834 locupletissimam
626 1803 653 1827 et
676 1800 941 1828 abundantissimam
966 1809 1024 1837 gra-

233 1846 297 1872 tiam
323 1846 431 1875 attinet.
449 1845 541 1872 nullus
564 1846 722 1873 mortalium
743 1848 876 1874 remansit
892 1855 922 1874 ea
942 1847 1024 1876 desti-

233 1897 310 1919 tutus
326 1901 332 1918 :
350 1902 358 1918 ι
377 1891 521 1919 Eﬂ'undam
549 1893 638 1925 enim,
657 1893 747 1928 inquit
772 1894 799 1920 in
815 1895 968 1929 prophetis,
991 1895 1024 1922 de

233 1939 332 1974 spiritu
350 1947 410 1966 meo
426 1947 511 1974 super
530 1947 639 1966 omnem
661 1948 773 1967 carnem
790 1941 822 1967 ⁵⁷.
841 1950 849 1967 ι
870 1941 1023 1976 Unusquis-

233 1993 286 2019 que
303 1990 393 2012 tamen
411 1985 461 2011 sibi
489 1985 540 2020 ipsi
559 1989 657 2012 auctor
678 1989 721 2012 est
739 1985 848 2013 fruendi
866 1986 930 2013 boni
950 1987 1023 2014 illius

233 2031 369 2058 divinitus
391 2031 457 2062 dati,
477 2035 524 2057 aut
544 2039 577 2058 eo
600 2031 708 2066 penitus
722 2032 842 2059 carendi.
861 2032 1024 2067 Quicunque

233 2075 306 2101 enim
323 2082 370 2110 per
386 2083 467 2102 omne
479 2076 624 2110 probitatis
637 2084 723 2110 genus
737 2081 853 2104 mentem
867 2085 944 2105 suam
958 2085 1022 2112 pur-

234 2128 299 2155 gare
314 2120 421 2153 nolunt,
435 2120 482 2148 sed
500 2121 527 2147 in
542 2121 635 2148 tnundi
649 2122 728 2150 malis
743 2124 912 2156 volutantur,
929 2125 1021 2151 divina

234 2166 321 2199 gratia
340 2166 418 2192 vacui
441 2167 633 2200 remanebunt,
657 2176 712 2195 non
729 2169 861 2196 videbunt
883 2169 1021 2198 Christum

234 2211 262 2238 in
282 2212 392 2246 scipsis,
412 2212 572 2239 destitutum
590 2213 695 2248 Spiritu
711 2221 760 2240 cor
781 2215 922 2243 habentes.
938 2215 1022 2242 idcir-

233 2265 266 2284 co
283 2262 310 2284 et
324 2258 512 2292 orphanorum
539 2259 626 2286 instar
653 2259 788 2294 cujusvis,
814 2266 843 2287 ttt
861 2261 898 2288 ita
919 2262 1018 2294 dicam,

233 2303 401 2330 immanitate
419 2303 603 2338 abripiuntur,
622 2306 840 2339 perturbatione,
856 2311 903 2334 aut
921 2308 1016 2335 dtcmo-

233 2356 286 2380 ne,
310 2348 368 2375 sive
387 2348 438 2375 alia
464 2348 582 2383 quadam
610 2351 749 2378 mundana
783 2351 942 2386 cupiditate,
974 2358 1022 2380 aut

232 2392 330 2428 quavis
344 2400 374 2419 re
391 2393 516 2420 trahente
531 2395 734 2428 quodammodo
749 2401 776 2424 et
789 2397 813 2424 vi
828 2397 861 2424 ad
877 2403 1020 2432 peccatum

233 2437 399 2472 impellente.
425 2437 523 2477 Verum
547 2440 650 2468 sanctis
667 2444 694 2468 et
712 2441 745 2468 ad
772 2450 835 2469 cum
862 2443 1020 2477 suscipien-

232 2485 296 2512 dum
321 2485 425 2519 paratis
445 2485 508 2520 jure
535 2486 634 2519 aiebat,
655 2496 718 2514 eum
734 2489 802 2516 nihil
819 2490 934 2517 istorum
958 2498 1019 2524 per-

232 2530 339 2563 pessuri
356 2535 449 2556 essent
466 2539 472 2557 :
489 2539 499 2556 ι
525 2530 584 2559 Νοη
608 2533 761 2568 relinquam
785 2542 833 2562 vos
859 2535 1017 2570 orphanos;

235 2575 343 2602 veniam
368 2575 400 2602 ad
417 2584 466 2603 vos
482 2577 514 2603 ".
535 2587 544 2603 ›
563 2577 647 2612 Igitur
672 2579 838 2608 invisibilem
856 2581 968 2616 quidem
992 2586 1019 2609 et

231 2621 475 2656 ineonspicabilem
492 2623 525 2651 iis
542 2625 588 2659 qui
614 2633 674 2660 quae
697 2627 791 2653 mutuli
819 2632 884 2657 sunt
909 2628 1019 2663 sapiunt

238 2667 298 2695 fore
315 2676 344 2695 se
361 2668 464 2704 inquit.
481 2674 626 2706 postquam
650 2672 714 2699 hinc
739 2673 911 2708 migraverit,
928 2674 953 2701 id
977 2678 1019 2702 est

229 2717 373 2750 postquam
392 2714 418 2741 in
434 2716 518 2743 cados
532 2717 655 2744 redierit.
683 2718 737 2752 Sed.
754 2720 888 2747 visibilem
911 2721 1015 2749 sanctis

230 2759 368 2787 inventum
386 2760 418 2795 iri
435 2761 482 2794 ait,
498 2762 619 2790 divinum
634 2764 778 2798 quemdam
799 2770 824 2792 et
843 2765 1015 2793 intellectua-

1038 2293 1059 2319 Ι)

1109 1206 1172 1232 Ἔτι
1193 1205 1312 1240 μικρὸν,
1338 1206 1385 1233 καὶ
1405 1207 1421 1233 d
1448 1206 1561 1239 κόσμος
1574 1214 1612 1240 με
1627 1205 1729 1232 οὐκέτι
1756 1205 1822 1237 σει-λι
1832 1203 1870 1228 ,οἷ-

1072 1249 1156 1284 ῠμεῖς
1169 1249 1203 1276 δὲ
1226 1250 1358 1284 θεωρεῖτέ
1377 1259 1423 1286 με,
1448 1250 1493 1277 ὅτι
1509 1250 1566 1285 ἐγὼ
1581 1249 1626 1282 ᾇῖ),
1645 1250 1694 1276 καὶ
1710 1248 1800 1284 ὑμεῖς
1823 1249 1870 1283 ᾆξ-

1073 1297 1165 1322 σεσθε
1170 1316 1176 1322 .

1116 1341 1176 1368 Ἐπὶ
1194 1341 1288 1377 θύραις
1302 1342 1378 1374 ὄντος
1393 1341 1440 1368 τοῦ
1455 1341 1567 1375 πάθους,
1586 1343 1632 1369 καὶ
1644 1342 1690 1368 τὸν
1704 1342 1755 1377 τῆς
1775 1342 1833 1368 ἀναῖ
1843 1343 1869 1376 ᾗς

1074 1388 1146 1422 (tam;
1175 1389 1269 1423 msz
1299 1388 1514 1423 συνεισάγοντος,
1543 1389 1665 1420 ἄποπτος
1692 1388 1805 1415 ἔσεσθαι
1833 1389 1869 1422 τις,

1075 1434 1169 1470 κόσμῳ
1187 1436 1262 1470 φησὶ,
1278 1435 1348 1462 τοῦτ’
1360 1435 1418 1462 ἔστι
1429 1437 1485 1467 τοῖς
1497 1436 1551 1462 τῶν
1567 1435 1645 1462 θείων
1666 1437 1868 1470 προτιμήσαςιν

1073 1480 1182 1514 ἀγαθῶν
1200 1481 1248 1515 τὴν
1259 1480 1312 1508 τῶν
1336 1481 1510 1516 προσκαίρων
1525 1481 1673 1507 ἀπόλαυσιν
1693 1480 1742 1507 καὶ
1759 1481 1814 1507 τῶν
1827 1482 1868 1506 οὐ·

1075 1526 1175 1561 ρανίων
1189 1526 1222 1553 τὰ
1239 1527 1347 1561 ἐπίγεια
1362 1528 1534 1562 ποιουμένοις
1547 1529 1575 1553 ὲν
1591 1527 1726 1562 ἀμείνοσι.
1749 1527 1805 1553 Καὶ
1815 1528 1869 1558 τοῖς

1076 1572 1124 1607 μὲν
1136 1573 1185 1608 ἤδη
1199 1573 1407 1608 προειρημένοις
1425 1573 1542 1608 ἀδελφήν
1558 1582 1587 1600 τε
1599 1574 1645 1600 καὶ
1657 1573 1809 1608 σύνδρομον
1822 1573 1866 1607 τὴν

1077 1618 1195 1644 διάνοιαν
1220 1617 1417 1652 ἐξυφαίνοντες,
1433 1618 1547 1654 ἐροῦμεν
1560 1619 1678 1653 εὐλόγως
1694 1619 1736 1645 ὅτι
1751 1619 1797 1645 τὸν
1822 1619 1866 1653 μὲν

1075 1664 1262 1700 Παράκλητον,
1276 1664 1349 1691 τοῦτ’
1364 1664 1421 1690 ἔστι
1434 1665 1462 1691 τὸ
1481 1664 1593 1699 Πνεῦμα
1608 1665 1638 1690 τδ
1652 1665 1741 1699 ἅγιον,
1754 1665 1867 1692 δέδωκεν

1074 1710 1088 1735 6
1121 1710 1187 1741 Θεὸς
1222 1711 1269 1736 καὶ
1304 1711 1409 1746 Πατὴρ,
1443 1710 1477 1737 δι’
1507 1711 1571 1737 Υἱοῦ
1604 1711 1735 1746 δηλονότι.
1779 1713 1866 1738 Πάντα

1074 1755 1128 1791 γὰρ
1142 1756 1175 1782 δι’
1194 1756 1277 1783 αὑτοῦ
1302 1756 1377 1792 παρὰ
1399 1757 1516 1791 Πατρός.
1545 1758 1672 1793 Ἐλήλυοέ
1693 1767 1725 1791 γε
1747 1759 1802 1793 μὴν
1821 1759 1864 1784 οὐκ

1075 1802 1122 1828 ἐπὶ
1147 1802 1251 1835 πάντας
1276 1803 1439 1839 ἀδιακρίτως
1468 1805 1603 1840 πονηρούς
1613 1813 1641 1831 τε
1665 1806 1713 1831 καὶ
1738 1805 1865 1839 ἀγαθοὺς,

1075 1847 1131 1874 ἀλλ’
1147 1848 1188 1883 ἐφ’
1204 1849 1250 1881 οὒς
1271 1847 1305 1884 ἦν
1318 1849 1393 1884 αὐτῴ
1415 1849 1564 1884 βαδιεῖσθαι
1584 1851 1698 1886 πρέπον.
1717 1851 1802 1877 Ὅσον
1820 1851 1864 1886 μὲν

1075 1896 1128 1932 γὰρ
1148 1894 1214 1932 ἧκεν
1232 1898 1272 1928 εἰς
1288 1897 1336 1932 τὴν
1354 1896 1400 1923 τοῦ
1416 1897 1532 1929 διδόντος
1547 1898 1754 1932 πλουσιωτάτην
1773 1907 1801 1924 τε
1822 1899 1862 1925 καὶ

1075 1941 1189 1975 ἅιρθονον
1219 1941 1307 1976 χάριν,
1338 1942 1426 1974 οὐδεὶς
1450 1942 1556 1977 ἔμεινεν
1583 1943 1716 1978 ἀμέτοχος
1743 1943 1798 1970 τῶν
1822 1944 1862 1969 ἐπὶ

1074 1987 1124 2022 τῆς
1137 1988 1199 2022 γῆς·
1211 1997 1219 2014 ‹
1232 1989 1333 2023 Ἐκχεῶ
1346 1990 1399 2025 γὰρ
1410 2009 1418 2020 ,
1434 1990 1516 2024 φησὶν
1532 1990 1560 2016 ὲν
1573 1991 1738 2025 προφήταις,
1754 1990 1807 2017 ἀπὸ
1821 1991 1861 2017 τοῦ

1075 2032 1228 2068 πνεύματός
1250 2042 1299 2068 μου
1315 2034 1359 2060 ἐπὶ
1374 2035 1464 2061 πᾶσαν
1482 2035 1581 2071 σάρκα’
1602 2045 1611 2061 ι
1634 2036 1752 2068 ἕκαστος
1766 2046 1797 2071 γε
1815 2038 1861 2072 μὴν

1075 2078 1163 2113 ἑαυτῷ
1175 2080 1321 2114 παραίτιος
1336 2080 1437 2114 γίνεται
1452 2081 1498 2108 τοῦ
1515 2081 1662 2117 κεκτῆσθαι
1682 2082 1711 2109 τὸ
1731 2083 1859 2110 θεόσδοτον

1075 2125 1186 2158 ἀγαθὸν,
1200 2125 1217 2161 ἢ
1233 2126 1279 2151 καὶ
1295 2126 1417 2161 μηδόλως
1440 2127 1519 2154 ἑλεῖν.
1536 2128 1567 2153 Οἱ
1584 2127 1633 2163 μὲν
1649 2127 1703 2163 γὰρ
1720 2128 1766 2154 διὰ
1780 2130 1859 2164 πάσης

1074 2170 1222 2202 ἐπιεικείας
1243 2171 1288 2201 τὸν
1318 2172 1418 2199 οἰκεῖον
1449 2173 1682 2208 ἀποκαθαίροντες
1705 2175 1769 2201 νοῦν
1789 2175 1858 2202 οὐδα-

1075 2217 1144 2252 μῶς,
1175 2217 1426 2253 ὲμφιλοχωροῦντες
1443 2218 1471 2245 δὲ
1499 2219 1558 2246 λίαν
1573 2222 1629 2251 τοῖς
1650 2220 1678 2245 ἐν
1707 2221 1802 2256 κόσμῳ
1818 2229 1859 2247 κα-

1075 2264 1141 2294 κοῖς,
1167 2263 1294 2298 ἁμέτοχοι
1318 2264 1367 2298 τῆς
1392 2263 1465 2296 θείας
1488 2265 1654 2300 ἀπομενοῦσι
1677 2266 1798 2301 χάριτος1
1816 2266 1868 2293 οὐκ

1074 2308 1183 2342 ὅψονται
1207 2309 1322 2344 Χριστὸν
1338 2310 1366 2336 ὲν
1388 2311 1503 2342 ἑαυτοῖς,
1523 2311 1630 2346 ἐρήμην
1647 2312 1694 2338 τοῦ
1709 2313 1857 2348 Πνεύματος

1073 2354 1180 2390 ἔχοντες
1195 2355 1243 2390 τὴν
1254 2355 1376 2390 καρδίαν.
1390 2357 1439 2383 Διά
1447 2366 1487 2383 τοι
1499 2357 1579 2383 τοῦτο
1595 2358 1641 2383 καὶ
1656 2359 1685 2384 ὲν
1698 2358 1775 2391 τάξει
1788 2368 1857 2394 γεγο-

1073 2399 1147 2429 νότες
1161 2398 1200 2434 τῷ
1227 2401 1364 2436 προστάτῃ
1380 2401 1434 2428 τῶν
1449 2401 1583 2437 ὀρφανῶν,
1613 2403 1665 2429 ὑπὸ
1694 2404 1803 2436 παντὸς,
1826 2405 1857 2436 ὡς

1072 2445 1137 2477 ἔπος
1160 2446 1256 2478 εἰπεῖν,
1278 2446 1471 2482 διαρπάζονται
1495 2448 1541 2475 τοῦ
1560 2448 1733 2476 πλεονεκτεῖν
1763 2451 1856 2486 ἰσχύον-

1071 2500 1127 2524 τος,
1145 2491 1162 2526 ἢ
1183 2491 1296 2525 πάθους,
1318 2492 1334 2526 ἦ
1350 2493 1485 2528 δαίμονος,
1507 2495 1589 2530 ἥγουν
1606 2495 1702 2531 ἐτέρας
1716 2497 1788 2529 τινὸς
1804 2498 1854 2525 ἐπι-

1071 2537 1169 2573 θυμίας
1197 2539 1341 2574 κοσμικῆς,
1369 2539 1415 2566 καὶ
1447 2540 1549 2571 παντὸς
1574 2542 1740 2578 πράγματος
1769 2543 1853 2570 καθέλ-

1070 2593 1162 2617 κοντος
1181 2584 1275 2621 ὥσπερ
1298 2586 1344 2612 καὶ
1359 2585 1519 2622 βιαζομένου
1536 2588 1604 2623 πρὸς
1628 2589 1779 2624 ἁμαρτίαν.
1800 2591 1852 2622 Τοῖς

1070 2640 1101 2664 γε
1119 2631 1172 2667 μὴν
1201 2631 1284 2663 ὁσίοις
1299 2631 1345 2658 καὶ
1361 2633 1522 2668 ἐπιτηδείως
1536 2633 1641 2669 ἔχουσιν
1658 2636 1699 2666 εὶς
1719 2635 1752 2662 τὸ
1773 2636 1850 2662 λαϐεῖν

1070 2676 1150 2702 αὐτὸν
1165 2677 1276 2708 εἰκότως
1291 2677 1420 2711 ἔφασκεν,
1436 2678 1530 2713 ἐπειδὴ
1545 2678 1646 2705 τούτων
1668 2679 1782 2715 ἔμελλον
1796 2682 1850 2707 ὑπο·

1072 2722 1162 2756 μένειν
1177 2721 1262 2748 οὐδέν·
1285 2732 1294 2748 ι
1313 2723 1369 2750 Οὐκ
1384 2723 1482 2758 ἀφήσω
1499 2724 1571 2758 ὑμᾶς
1585 2725 1732 2760 ὀρφανοὺς,
1750 2726 1849 2763 ἔρχομαι

1070 2767 1138 2801 πρὸς
1150 2767 1231 2802 ὑμᾶς.
1258 2777 1267 2794 ›
1281 2768 1386 2796 οὐκοῦν
1406 2769 1526 2802 ἄποπτος
1544 2770 1592 2805 μὲν
1615 2771 1661 2797 καὶ
1676 2772 1790 2804 ἀθέατος
1812 2783 1850 2800 κο-

262 2847 283 2862 ⁶¹
300 2847 372 2876 Psal.
392 2858 416 2884 ν,
436 2850 477 2878 15.
517 2850 540 2867 ⁵⁸
563 2850 643 2879 llcbr.
662 2860 699 2883 Ix,
721 2853 764 2879 '21.
804 2854 824 2868 *³⁷
847 2853 952 2887 Joel.tt,
972 2855 1014 2882 18.

1075 2857 1076 2868 ‘
1113 2855 1192 2883 Joan.
1218 2865 1293 2891 xvnt,
1318 2859 1358 2886 li.
