1926 3041
97 157 154 186 289

607 159 643 188 ΙΝ
661 159 804 188 ιοΑΝΝιε
819 158 1043 188 EVANGELIUM
1061 159 1126 188 LIB.
1146 160 1191 188 ΙΧ..

1701 169 1753 199 270

97 219 163 246 εΙπέ
189 227 244 252 μοι,
261 220 357 256 φησιν,
381 217 420 252 ὡς
434 219 465 246 ἐν
481 218 574 255 ὲκεινῃ
592 220 626 255 τῇ
639 219 733 255 ἡμέρᾳ
744 218 885 254 γνωσόμεο

957 217 986 245 in
1008 218 1056 246 illo
1079 219 1123 248 die
1144 227 1346 256 cognoscemus
1362 223 1448 259 hujus
1466 225 1650 261 mysterium?
1667 227 1746 257 Non-

95 265 130 292 τὸ
145 266 211 300 περὶ
224 265 323 293 τούτου
335 267 484 303 μυστήριον
496 274 503 299 ;
519 265 596 292 οὖπω
610 265 674 301 γὰρ,
690 265 761 293 κατά
774 265 805 292 τὸ
818 265 901 297 εἰκὸς,

97 312 261 345 ἐγνώκαμεν
280 313 322 339 ﬁt
336 313 350 339 ὁ
363 313 459 348 Πατὴρ
478 312 526 348 μὲν
538 312 584 338 τὸν
595 311 659 338 Υἱδν
683 312 790 347 ἀγαπᾷ,
807 312 903 347 ἀγαπᾷ

96 357 126 384 δὲ
138 358 185 384 καὶ
196 357 278 389 αὐτὸς
300 358 347 384 τὸν
358 359 478 394 Πατέρα·
497 357 555 384 ἀλλ’
570 358 626 384 οὐδ’
638 357 718 392 ἴσμεν
728 366 773 384 πω
783 357 855 393 τάχα
868 357 903 383 τὰ

98 403 163 429 καθ’
175 404 299 435 ἑαυτοὺς,
315 404 443 440 λογισμὸς
458 404 487 431 δὲ
494 404 568 439 ἡμᾶς
575 404 713 436 διαπαίζει
724 403 802 435 κενὸς
810 403 902 439 οιομέ-

97 457 162 479 νους
178 450 219 476 ὅτι
237 450 364 485 ἠγάπησε
379 450 429 485 μὲν
444 450 519 485 ἡμᾶς
532 450 547 476 ὁ
558 449 633 482 Υἱὸς,
647 450 695 477 καὶ
711 449 755 476 διὰ
770 449 851 476 τοῦτο
863 449 903 484 τῷ

98 496 189 531 listsz
203 497 401 532 κατεκτήσατο,
413 497 599 533 ἠγαπήσαμεν
620 497 649 524 δὲ
660 497 706 524 καὶ
717 497 798 532 ἡμεῖς
808 496 901 523 αὐτόν.

97 541 194 575 Λὲγων
210 543 265 578 γὰρ
280 542 320 575 τὺ,
339 551 349 568 t
370 543 414 569 ‘Ev
428 543 520 579 ἐκείνῃ
541 544 575 578 τῇ
609 543 701 579 ἡμέρᾳ
722 541 870 576 γνώσεσθε,
890 551 900 568 ι

97 587 174 614 οὔτι-ω
203 589 327 624 παρόντα
350 588 467 616 δεικνύει
495 589 541 615 τὸν
561 589 611 624 τῆς
636 589 768 624 εῖδήσεως
794 588 900 624 χρόνον.

97 633 163 660 Εἶτα
175 634 204 660 τί
222 635 310 670 μάτην
320 635 393 670 ἡμᾶς
408 634 573 662 κατεκτύπει
584 634 673 669 λέγων
683 635 697 661 ὁ
709 634 820 670 Κύριος·
838 643 848 660 t
872 634 902 661 '0

98 680 194 715 Πατὴρ
209 681 303 716 ἀγαπᾷ
318 680 363 707 τὸν
382 680 480 713 Υίόνμ
502 680 563 708 Ὀτι
580 682 636 715 γὰρ
649 681 697 708 καὶ
713 680 794 712 αὐτὸς
807 680 902 715 ἀγαπᾷ

96 726 142 754 τὸν
159 727 281 762 Πατέρα,
296 727 338 758 τίς
352 727 402 753 οὐκ
419 727 495 762 ερεῖ;
514 726 575 758 Πῶς
587 727 626 758 δὲ,
641 726 704 753 εί,πέ
722 734 777 762 μοι,
793 726 902 762 καὶτῆς

96 773 137 804 εἰς
148 774 224 808 ἡμᾶς
243 773 380 805 ἀπόδειξιν
394 774 513 800 ἐποιεῖτο
535 773 608 809 σαφῆ
629 773 660 800 τὸ
681 772 790 800 ἑλέσθαι
804 771 901 800 παθεῖν

96 819 166 855 ὑπὲρ
184 819 279 855 epam;
300 829 308 845 ι
328 819 420 852 Μείζω
435 820 500 856 γὰρ,
516 820 594 856 φησὶ,
607 819 710 854 ταύτης
725 817 775 854 τῆς
790 818 901 854 ἀγάπης

95 865 184 897 οῡδεὶς
203 865 273 901 ἔχει,
301 866 343 892 ἵνα
367 874 412 897 τις
433 866 483 900 τὴν
498 865 587 901 ψυχὴν
604 865 687 892 αὐτοῦ
705 864 738 901 θῇ
759 864 829 901 ὑπὲρ
847 864 902 892 τῶν

954 263 1020 292 dum
1037 265 1122 298 enim,
1137 271 1168 294 ut
1184 268 1303 303 videtur,
1323 271 1516 306 cognoscimus
1532 272 1641 302 Patrem
1661 275 1745 312 817

954 311 1064 346 quidem
1081 311 1197 348 diligere
1215 313 1327 347 Filium,
1342 320 1370 343 et
1384 316 1458 345 hunc
1486 318 1602 354 diligere
1616 311 1748 355 Patrem;

953 357 1002 384 sed
1024 365 1058 384 ne
1076 365 1127 385 nos
1148 359 1258 393 quidem
1279 363 1466 397 agnoscimus,
1483 371 1580 392 verum
1604 367 1678 394 ratio
1697 375 1749 395 nos

953 410 1023 430 vana
1041 403 1157 436 deludit,
1174 405 1220 440 qui
1236 411 1364 441 putamus
1378 409 1478 437 Filium
1501 418 1553 439 nos
1569 411 1702 441 dilexisse
1718 421 1750 442 ac

952 449 1068 484 proinde
1085 449 1160 478 Patri
1181 453 1374 487 acquisivisse,
1399 463 1505 492 nosque
1525 465 1588 485 eum
1606 458 1748 488 dilexisse.

953 494 1052 524 Dicens
1074 497 1150 525 enim
1169 507 1176 525 τ
1196 507 1205 524 ι
1224 498 1254 526 ln
1278 499 1326 528 illo
1349 501 1394 528 die
1415 503 1601 538 cognoscetis,
1625 514 1635 532 ι
1652 507 1747 541 cogni-

953 541 1038 571 tionis
1053 547 1162 578 tempus
1183 545 1306 573 nondum
1320 546 1417 575 adesse
1437 549 1572 578 ostendit.
1595 549 1666 583 Quid
1681 558 1748 586 ergo

953 586 1057 615 frustra
1082 589 1164 617 nobis
1193 590 1304 618 insonat
1322 591 1465 627 Dominus,
1483 594 1600 623 dicens:
1627 605 1638 622 ε
1664 595 1747 624 Pater

952 632 1041 669 diligit
1055 633 1156 662 Filium
1182 636 1214 663 "'.
1234 646 1243 663 ›
1260 636 1329 665 Nam
1344 643 1372 666 et
1388 639 1478 674 ipsum
1497 641 1612 677 diligere
1634 641 1741 671 Patren

952 680 1015 715 quis
1032 688 1087 709 non
1099 682 1189 710 dicet?
1203 682 1347 716 Quomodo
1359 689 1463 718 autem,
1476 694 1580 722 quaso,
1592 689 1675 716 etiam
1688 696 1743 717 sus

953 724 982 752 in
999 732 1050 754 nos
1073 726 1233 756 dilectionis
1260 728 1437 758 manifestum
1460 731 1595 760 indicium
1613 733 1742 763 afferebat

951 770 1026 806 quod
1043 779 1093 807 pro
1116 773 1198 802 nobis
1214 773 1270 809 pati
1298 774 1452 804 voluisset?
1470 786 1480 803 ι
1505 776 1639 813 Maiorem
1651 780 1743 814 enim,

952 818 1052 852 inquit,
1077 819 1130 846 hac
1150 819 1328 849 dilectionem
1346 830 1428 850 nemo
1449 823 1550 858 habet.
1569 830 1598 853 ut
1623 827 1743 855 animam

952 870 1032 890 suam
1051 868 1135 898 ponat
1148 864 1210 899 quis
1229 872 1280 900 pro
1293 866 1389 894 amicis
1396 867 1440 894 ⁷⁸⁸.
1465 876 1474 893 ι
1490 867 1545 895 Aut
1557 876 1608 896 cur
1622 870 1698 905 diligi
1713 878 1744 898 se

94 911 181 945 φίλων
196 911 290 938 αὑτοῦ.
311 921 320 936 ι
338 911 371 938 Τί
387 912 416 939 δὲ
433 911 498 946 παρ’
514 911 593 947 ἡμῶν
601 911 652 947 τὴν
665 912 706 944 είς
721 911 817 939 ἑαυτὸν
829 911 884 946 ἀγά

951 917 966 937 a
981 910 1062 938 nobis
1087 910 1234 940 manifeste
1250 912 1373 947 petebat,
1398 917 1482 949 atque
1507 914 1546 942 ita
1570 915 1739 944 voluntatem

95 966 150 993 πην
166 957 260 994 ἐζήτει
274 957 376 992 σαφῶς,
402 957 446 984 διά
459 965 489 983 τε
504 957 583 984 τοῦτο
601 957 722 993 πληροῦν
740 957 898 992 ἐπείγεσθαι

93 1004 127 1032 τὰ
150 1004 284 1031 δοκοῦντα
297 1003 389 1040 αὑτῷ;
408 1013 418 1030 ‹
441 1004 471 1032 '0
485 1005 540 1039 γὰρ
552 1003 666 1038 ἀγαπῶν
684 1013 728 1040 με,
756 1004 833 1040 φησὶ,
848 1004 899 1036 τὰς

94 1051 205 1083 ἐντολάς
229 1059 280 1086 μου
294 1051 419 1088 τηρήσει.
438 1060 449 1077 r
468 1051 538 1078 Πότε
556 1051 612 1087 γάρ
624 1050 674 1087 τὴν
696 1051 771 1079 θείαν
787 1051 897 1087 ἐντολὴν

93 1099 262 1134 τηρήσομεν,
290 1099 329 1130 εἰς
344 1098 374 1125 τὸ
390 1097 477 1134 παρὸν
494 1098 697 1134 ἀλογήσαντεςς
720 1098 784 1126 Ὅτε
808 1098 897 1125 τοίνυν

94 1144 243 1171 πιστεῦσαι
271 1144 321 1180 μὲν
342 1144 427 1178 ἀξιον,
443 1145 484 1171 ὅτι
504 1144 577 1179 φιλεῖ
590 1145 605 1171 ὁ
620 1145 684 1177 Υἱὸς
703 1144 750 1172 τὸν
773 1145 895 1180 Πατέρα,

95 1190 192 1226 ἀγαπᾷ
206 1190 234 1217 δὲ
252 1191 336 1226 ἡμᾶς,
348 1191 395 1217 καὶ
416 1190 480 1226 παρ’
503 1191 583 1226 ἡμῶν
603 1191 756 1225 ἀγαπᾶται,
770 1191 828 1223 πῶς
844 1191 895 1218 οὐκ

95 1236 244 1263 ἀκόλουθον
251 1237 351 1263 ὶννοεῖν
359 1236 483 1273 ἓτερόντι
499 1235 691 1271 βεϐουλεῦσθαι
700 1236 894 1272 κατασημήναι

94 1281 139 1309 τὸν
149 1282 226 1314 Υίὸν,
235 1283 282 1310 καὶ
289 1282 336 1309 τδν
341 1282 390 1319 τῆς
397 1281 522 1314 ἑνώσεως
530 1281 632 1318 τρόπον
641 1282 672 1309 οὐ
684 1282 778 1318 τῷτῆς
784 1282 895 1317 ἀγάπης

93 1327 236 1364 ὁρίζεσθαι
261 1329 347 1364 νόμῳ,
375 1328 477 1364 μᾶλλον
490 1328 518 1355 δὲ
532 1328 594 1356 καθ’
609 1327 704 1364 ἕτερόν
715 1336 777 1355 τινα
794 1328 895 1364 τρόπον

95 1374 317 1409 εισκεθωμικέναι
324 1374 493 1409 σαφῶς,δταν
499 1374 566 1411 λέγῃ
573 1373 642 1411 πρὸς
648 1375 664 1410 ὴ
668 1375 732 1410 μᾶς.
737 1384 747 1401 ‹
752 1374 798 1402 Ἐν
803 1374 896 1411 sulm

93 1422 127 1456 τῇ
141 1421 235 1456 ἡμέρᾳ
263 1420 398 1455 γνώσεσθε
417 1422 458 1449 ὅτι
485 1421 542 1456 ὲγὼ
557 1422 586 1449 ὲν
600 1421 640 1457 τῷ
662 1421 752 1457 Πατρί
767 1429 829 1456 μου,
844 1422 893 1448 καὶ

94 1467 175 1502 ὑμεῖς
194 1468 223 1493 ὲν
237 1468 309 1503 ἐμοὶ,
325 1466 404 1502 κάγὼ
422 1468 451 1494 ὲν
464 1466 547 1502 ὑμῖν;
565 1476 574 1492 ι

135 1512 207 1539 Ἀλλ’
227 1513 285 1547 ἐρεῖ
308 1512 375 1548 πρὸς
397 1512 476 1539 τοῦτο
496 1511 577 1547 τυχὸν
597 1512 612 1538 ὁ
635 1511 669 1538 δι’
683 1511 820 1544 ἐναντίας,
848 1511 894 1539 ὅτι

94 1559 150 1594 πρὸ
170 1559 223 1594 μὲν
245 1558 292 1585 τοῦ
313 1558 417 1590 πάθους
429 1558 463 1585 τά
476 1557 587 1585 τοιαῦτα
603 1557 673 1593 πρὸς
685 1559 758 1593 ἡμᾶς
776 1558 888 1594 λελάλη-
902 1556 925 1586 C

94 1612 143 1630 κεν
155 1605 169 1630 ὸ
183 1603 312 1639 Χριστὸς,
328 1603 366 1635 ὡς
377 1603 475 1638 ἀγαπᾷ
485 1602 535 1638 μὲν
549 1602 631 1634 αὐτὸς
646 1602 692 1629 τὸν
704 1601 825 1639 Πατέρα,
843 1603 890 1631 καὶ

94 1649 285 1683 ἀνταγαπᾶται
303 1649 378 1685 παρά
398 1648 445 1676 τοῦ
461 1648 577 1684 Πατρδς,
592 1649 688 1685 ἀγαπᾷ
702 1649 731 1677 δὲ
745 1649 794 1676 καὶ
806 1650 890 1685 ἡμᾶς,

93 1695 141 1722 καὶ
158 1696 238 1731 ἡμεῖς
252 1695 335 1722 αὐτόν
348 1703 356 1711 ·
375 1695 444 1730 μετά
458 1694 486 1721 δέ
504 1703 535 1728 γε
557 1694 587 1722 τὸ
610 1694 696 1727 πάθος
719 1695 766 1722 καὶ
786 1695 837 1731 τὴν
857 1696 892 1723 ὲκ

94 1741 201 1776 νεκρῶν
218 1740 375 1773 ἀναὸξωσιν,
392 1740 508 1777 ὲπείπερ
523 1740 631 1776 εῐδομεν
649 1741 835 1777 διαρῤήξαντα
852 1741 891 1769 ’τὰ

93 1785 141 1812 τοῦ
161 1785 277 1812 θανάτου
296 1785 394 1820 δεσμὰ,
407 1785 569 1821 ἐγνώκαμεν
590 1786 630 1812 ὅτι
648 1786 676 1812 ὲν
693 1786 781 1822 Πατρί
803 1787 888 1820 ἐστιν,

95 1830 143 1859 Er:
158 1832 190 1868 δὴ
205 1832 251 1858 καὶ
267 1831 458 1867 ἀγαπώμενος,
472 1831 517 1859 διά
531 1841 560 1859 τε
573 1832 653 1859 τοῦτο
664 1832 710 1859 καὶ
723 1832 843 1864 ἀναστὰς
856 1833 890 1860 ὲκ

94 1878 216 1913 νεκρῶν·
232 1877 276 1904 διὰ
296 1878 375 1904 τοῦτο
391 1878 438 1904 καὶ
461 1878 542 1910 αὐτὸς
561 1878 590 1905 ἐν
605 1879 671 1914 ἡμῖν
693 1878 740 1905 καὶ
757 1879 838 1914 ἡμεῖς
860 1879 890 1906 ιν

93 1924 179 1960 αὐτῷ,
197 1924 266 1951 κατά
282 1924 327 1950 τὸν
345 1924 425 1951 αὑτὸν
444 1925 492 1959 τῆς
509 1925 619 1960 ἀγάπης
634 1925 722 1959 λόγον.
746 1925 842 1960 Ἡμεῖς
860 1925 890 1952 δὲ

94 1969 162 2005 πρὸς
179 1969 257 1996 τοῦτὸ
276 1978 377 2004 φαμεν,
394 1970 513 2006 μάλιστα
540 1971 590 2006 μὲν
614 1971 737 2006 ληρώδης
759 1971 822 2006 ὑμῖν
842 1971 889 1998 καὶ

93 2016 223 2047 ἀσύνετος
249 2015 398 2050 παντελῶς,
418 2017 464 2043 καὶ
488 2016 533 2044 διὰ
558 2016 668 2053 σαθρῶν
685 2015 738 2044 εἰσι
762 2017 848 2052 λόγων
869 2018 887 2053 ή

93 2063 239 2096 ἀντίθεσις.
265 2063 349 2099 Πλὴν,
370 2061 393 2091 ὦ
408 2065 538 2099 γενναῖοι,
553 2064 736 2099 διασκέψασθε
752 2065 833 2093 πάλιν
846 2066 887 2092 ὅτι

93 2110 148 2146 πρὸ
162 2111 211 2146 τῆς
226 2111 258 2138 ὲκ
280 2111 385 2147 νεκρῶν
399 2110 574 2144 ἀναστάσεως
588 2112 656 2148 amp
676 2111 800 2148 ἔγνωμεν
819 2112 886 2148 ἀλη-

94 2156 157 2188 θῶς,
182 2157 233 2183 οὐκ
258 2155 311 2183 ἔδει
337 2156 432 2191 μαθεῖν
450 2156 519 2192 μετά
536 2156 585 2193 τὴν
609 2157 766 2186 ἀνάστασιν.
784 2158 815 2184 Ei
836 2158 886 2193 μιν

92 2201 148 2236 γὰρ
173 2201 277 2232 ἀτελῶς
300 2201 478 2236 ἐπιστεύομεν
499 2201 546 2228 τὸν
569 2201 634 2228 Υίδν
658 2203 816 2236 ἀγαπᾶσθαι
836 2203 885 2238 μὶν

92 2248 169 2283 παρά
186 2247 232 2274 τοῦ
250 2248 314 2275 ἰδίου
338 2248 454 2283 Πατρὸς,
476 2248 586 2282 ἀγαπᾷν
611 2248 639 2295 δε
738 2249 819 2275 αὐτὸν
837 2249 923 2295 τδννῡ

92 2293 213 2329 Πατέρα,
229 2293 385 2328 περιμένειν
402 2293 488 2324 ὅντως
503 2293 586 2328 ἐχρῆν
605 2292 654 2329 τὴν
668 2293 824 2325 ἀνάστασιν,
841 2293 885 2320 ἴνα

89 2340 141 2375 τῆς
154 2339 282 2374 γνώσεως
298 2339 404 2374 ἔχωμεν
423 2338 525 2365 ἐκεῖθεν
541 2339 590 2374 τὴν
603 2338 770 2375 τελειότητα.
794 2340 826 2366 Εἰ
856 2339 886 2365 δὲ

91 2385 249 2418 ἀξιόπιστος
268 2386 282 2411 ὁ
298 2385 393 2420 Πατὴρ
405 2405 412 2418 ,
437 2385 484 2412 καὶ
506 2385 559 2420 πρὸ
577 2384 626 2420 τῆς
647 2385 822 2417 ἀναστάσεως
839 2385 885 2412 λέκ-

90 2441 163 2467 γων·
180 2442 189 2458 t
205 2433 289 2464 Αὐτός
309 2433 382 2458 ἐστιν
404 2433 418 2458 ὁ
438 2431 503 2460 Υἱός
527 2441 578 2467 μου
603 2432 617 2458 ὁ
634 2432 785 2467 ἀγαπητὸς,
803 2432 888 2468 »ιάληο

91 2478 166 2506 θεὺει
193 2478 222 2504 δὲ
244 2478 290 2504 καὶ
314 2477 395 2509 αὐτὸς
423 2478 436 2503 ὁ
460 2477 566 2513 Σωτὴρ,
585 2477 688 2512 λέγων,
707 2487 716 2503 ι
742 2478 774 2512 ’0,
791 2478 887 2515 Πατὴρ

89 2526 186 2560 ἁγαπᾷ
208 2525 253 2550 τὸν
277 2523 351 2550 Υἱὸν·
371 2533 381 2549 ι
406 2523 421 2549 ὁ
443 2523 471 2550 δὲ
494 2523 544 2559 τῆς
565 2523 674 2559 ἀγάπης
698 2524 776 2558 λόγος
802 2527 830 2555 ὲν
851 2526 884 2560 τῇ

89 2571 160 2599 κατά
178 2571 232 2597 πᾶν
252 2570 399 2606 τελειότητι
421 2571 521 2596 νοεῖται
545 2569 720 2605 πρεπόντως·
740 2570 766 2596 τί
781 2570 886 2605 φληνά-

88 2627 147 2651 φως
161 2617 234 2652 ἡμᾶς
249 2617 442 2652 κατακροτεῖτε
458 2615 567 2650 λόγοις;
583 2615 615 2642 Τί
640 2616 678 2649 δὲ,
700 2616 730 2642 τὺ
748 2616 797 2652 τῆς
816 2616 884 2652 ἀλη-

89 2663 166 2693 θείας
190 2661 398 2697 παρωθούμενοι
421 2660 527 2693 κάλλος,
550 2659 581 2686 τὺ
600 2659 720 2692 δυσειδὲς
735 2661 802 2696 ἡμῖν
816 2661 883 2688 ἀνα-

90 2709 223 2735 πλάττετε
250 2708 356 2743 ψεῦδος,
383 2707 538 2739 ὲξὲλκοντες
563 2706 612 2741 μὶν
635 2706 684 2741 τῆς
710 2706 757 2732 τοῦ
779 2707 884 2742 Πατρὸς

87 2754 181 2786 οὐσίας
197 2754 242 2780 τὸν
258 2754 287 2786 ἐξ
311 2752 393 2779 αὑτοῦ
416 2752 462 2779 καὶ
480 2751 514 2778 δι’
529 2751 611 2778 αὐτοῦ
632 2751 706 2782 Υἰὺν,
724 2751 840 2787 σαθροὺς
855 2751 883 2778 δὲ

88 2800 148 2827 λίαν
168 2800 356 2834 ἔπινοοὺμενοι
379 2799 485 2832 λόγους,
504 2798 551 2824 καὶ
570 2798 689 2832 στροφὰς
699 2797 883 2824 ἀτόπωνὲπι-

88 2845 213 2877 νοοῦντες
241 2843 448 2878 συλλογισμῶνς
465 2843 524 2869 Ὅτι
557 2842 611 2877 γὰρ
641 2842 784 2877 ἠγάπησεν
810 2843 882 2877 ἡμᾶς

952 963 1031 984 suam
1053 964 1068 984 a
1087 957 1167 985 nobis
1183 957 1312 993 impleri?
1336 958 1414 992 Nam,
1435 968 1445 986 ‹
1459 959 1487 987 Si
1504 960 1664 997 quisdiligit
1678 969 1741 996 me,

951 1002 1054 1037 inquit,
1068 1003 1198 1030 mandata
1222 1011 1281 1031 mea
1306 1005 1429 1033 servabit
1444 1006 1477 1032 ⁷⁸.
1505 1015 1516 1033 ι
1537 1007 1653 1040 Quando
1667 1008 1744 1036 enim

951 1047 1075 1076 divinum
1100 1049 1263 1077 mandatum
1283 1051 1466 1085 servabimus,
1490 1053 1539 1088 qui
1569 1053 1596 1082 in
1619 1060 1741 1089 presens

952 1094 1021 1122 illud
1043 1095 1232 1131 negligamus?
1255 1096 1325 1124 Cum
1349 1104 1415 1132 ergo
1437 1098 1552 1127 credere
1574 1106 1689 1129 necesse
1705 1101 1744 1129 sit

950 1139 1050 1168 Filium
1065 1141 1178 1177 diligere
1197 1141 1319 1175 Patrem.
1340 1150 1446 1178 nosque
1464 1144 1499 1172 ab
1515 1144 1587 1180 ipso,
1600 1149 1629 1174 et
1649 1146 1739 1182 ipsum

949 1193 965 1213 a
982 1186 1062 1215 nobis
1075 1187 1152 1223 diligi
1163 1207 1171 1220 ,
1191 1188 1331 1224 quomodo
1347 1196 1404 1216 non
1424 1190 1601 1225 cogitandum
1615 1193 1742 1228 sequltnr

948 1233 1022 1261 aliud
1039 1233 1171 1269 quiddam
1191 1234 1346 1270 signiﬁcare
1359 1235 1481 1264 voluisse
1495 1235 1606 1271 Filium,
1621 1243 1648 1266 et
1661 1239 1741 1268 unio-

948 1278 991 1306 nis
1012 1279 1122 1306 modum
1145 1287 1201 1307 non
1221 1280 1378 1309 dilectionis
1398 1282 1459 1318 lege
1477 1282 1603 1318 definire,
1618 1284 1668 1312 sed
1684 1285 1740 1314 alia

947 1324 1065 1360 quadam
1090 1324 1198 1352 ratione
1221 1325 1296 1353 clare
1319 1327 1493 1362 exposuisse,
1520 1337 1584 1358 cum
1600 1331 1639 1359 ait
1655 1341 1663 1360 :
1682 1342 1692 1360 ε
1708 1332 1739 1361 In

946 1370 995 1398 illo
1011 1369 1055 1398 die
1069 1371 1254 1406 cognoscetis,
1269 1372 1334 1407 quia
1352 1380 1403 1409 ego
1418 1373 1447 1401 in
1461 1373 1545 1404 Patre
1558 1383 1631 1411 meo,
1645 1381 1674 1406 et
1687 1384 1739 1407 ws

948 1413 976 1441 in
992 1422 1045 1447 me,
1067 1420 1095 1442 et
1108 1422 1159 1448 ego
1175 1415 1202 1442 in
1218 1416 1317 1444 vobis?

981 1504 1035 1533 Sed
1053 1504 1147 1534 forsan
1169 1506 1204 1535 ad
1219 1507 1272 1535 hoc
1294 1507 1369 1536 dicet
1388 1509 1580 1543 adversarius.
1593 1510 1738 1541 Christum

941 1555 1006 1580 ante
1028 1552 1186 1587 passionem
1204 1553 1317 1589 quidem
1333 1555 1393 1583 haec
1404 1555 1439 1584 ad
1454 1563 1506 1584 nos
1522 1556 1646 1585 locutum
1661 1566 1736 1592 esse.

941 1605 1042 1633 nempe
1050 1599 1124 1634 quod
1134 1599 1195 1634 ipse
1210 1600 1320 1635 quidem
1332 1599 1442 1629 Patrem
1459 1601 1558 1638 diligat
1570 1607 1597 1630 et
1610 1604 1736 1632 vicissim

943 1644 1076 1680 diligatur
1095 1653 1110 1672 a
1129 1645 1224 1680 Patre,
1246 1646 1373 1681 adeoque
1388 1655 1441 1676 nos
1458 1648 1517 1683 ipse
1532 1648 1628 1685 diligat
1642 1654 1670 1677 et
1683 1658 1736 1679 nos

942 1690 1054 1726 ipsum;
1077 1691 1126 1718 sed
1149 1695 1215 1727 post
1235 1692 1393 1727 passionem
1417 1697 1445 1721 et
1466 1695 1699 1723 resurrectionem
1718 1703 1735 1724 α

941 1737 1072 1768 mortuis,
1103 1742 1250 1772 postquam
1277 1738 1448 1773 agnovimus
1470 1747 1534 1768 eum
1562 1741 1662 1770 mortis
1686 1749 1735 1770 ru-

941 1782 1015 1817 pisse
1031 1782 1153 1816 vincu-la,
1174 1787 1354 1818 perspectum
1377 1784 1460 1813 nobis
1477 1784 1566 1814 fuisse
1590 1794 1653 1815 eum
1671 1795 1735 1816 esse

941 1828 970 1855 iu
991 1827 1086 1861 Patre,
1109 1833 1205 1864 utpote
1228 1830 1362 1858 dilectum
1383 1838 1416 1858 ac
1438 1831 1557 1866 proinde
1579 1839 1595 1860 a
1617 1834 1734 1862 mortuis

940 1874 1109 1908 excitatum;
1125 1875 1233 1903 idcirco
1246 1879 1274 1903 et
1294 1876 1386 1911 ipsum
1405 1884 1469 1905 esse
1490 1877 1519 1905 in
1537 1878 1620 1907 nobis
1633 1884 1663 1907 et
1680 1887 1736 1908 nos

940 1920 969 1948 in
985 1920 1057 1955 ipso,
1064 1921 1215 1949 secundum
1224 1921 1348 1950 eamdem
1355 1923 1512 1952 dilectionis
1521 1925 1668 1955 rationem.
1676 1925 1733 1955 Nos

939 1969 1032 1993 autem
1039 1966 1239 2002 respondemus
1245 1966 1371 1996 frivolam
1377 1977 1440 1998 esse
1449 1974 1475 1998 et
1485 1971 1608 2006 putidam
1616 1980 1736 2007 prorsus-

939 2012 1331 2047 objectionem.Verumtamen
1338 2016 1512 2045 considerate
1518 2025 1626 2052 rursus,
1632 2027 1649 2047 ο
1655 2020 1731 2055 boni,

938 2065 995 2086 non
1011 2058 1100 2088 fuisse
1116 2060 1198 2088 nobis
1216 2068 1287 2096 opus
1302 2066 1366 2097 post
1380 2063 1732 2094 resurrectionemdiscere

939 2103 1013 2139 quod
1024 2107 1325 2134 sutoresurrectionem
1336 2114 1401 2136 vere
1412 2109 1605 2143 cognovimus.
1616 2109 1645 2138 Si
1653 2111 1728 2140 enim

937 2149 1291 2186 imperfectecredebamus
1301 2153 1378 2188 diligi
1397 2161 1411 2180 a
1428 2161 1481 2182 suo
1489 2153 1572 2184 Patro
1585 2155 1690 2184 Filium:
1701 2161 1729 2185 et

936 2197 1013 2225 hunc
1027 2198 1149 2226 vicissim
1167 2198 1276 2227 Patrem
1291 2199 1414 2235 diiigero,
1430 2202 1617 2237 exspectanda
1631 2203 1728 2239 utique

937 2248 997 2272 erat
1011 2244 1192 2278 resurrectio,
1217 2250 1249 2272 ut
1269 2246 1440 2282 cognitionis
1452 2248 1648 2282 perfectionem
1663 2249 1729 2278 inde

938 2297 1183 2325 eonsmgueremur.
1199 2291 1278 2324 Quod
1295 2292 1319 2320 si
1341 2300 1425 2320 verax
1448 2297 1507 2321 erat
1528 2293 1628 2326 Pater.
1643 2295 1727 2324 etiam

939 2343 1001 2363 cum
1016 2341 1081 2363 ante
1092 2337 1329 2365 resurrectionem
1347 2337 1453 2366 diceret
1470 2347 1477 2366 :
1495 2348 1505 2365 ο
1519 2338 1569 2367 Hic
1584 2346 1628 2368 est
1639 2339 1727 2368 Filius

939 2389 1022 2410 meus
1033 2381 1152 2409 dilectus
1164 2383 1197 2413 ",
1211 2392 1223 2408 ι
1239 2387 1267 2410 et
1283 2383 1414 2411 Servator
1428 2384 1490 2419 ipse
1502 2392 1566 2413 vero
1589 2385 1725 2421 loquitur,

939 2436 1000 2456 cum
1025 2428 1064 2455 ait
1086 2438 1092 2455 ε
1114 2428 1217 2456 «Pater-
1242 2428 1336 2464 diligit
1363 2429 1464 2457 Filium
1481 2431 1516 2463 ",
1533 2440 1548 2457 ν
1564 2431 1726 2459 dilectionis

940 2479 1031 2502 autem
1052 2474 1137 2510 81's
1151 2474 1285 2502 rationem
1300 2475 1528 2510 perfectissimam
1550 2477 1658 2504 censori
1674 2477 1724 2505 do-

940 2524 983 2548 cet
998 2529 1005 2548 :
1021 2526 1072 2548 cur
1097 2528 1148 2548 nos
1165 2521 1271 2549 frivolis
1291 2521 1466 2549 sermonibus
1483 2522 1662 2550 obtunditis?
1677 2526 1725 2550 aut

938 2574 1001 2600 cur,
1023 2567 1150 2594 veritatis
1164 2567 1371 2602 pulchritudine
1387 2567 1500 2602 reiecta,
1517 2568 1620 2596 infame
1641 2568 1724 2596 nobis

937 2613 1112 2640 mendacium
1137 2613 1252 2649 fingitis,
1276 2613 1309 2641 de
1332 2613 1494 2641 substantia.
1512 2613 1604 2641 Patris
1627 2613 1724 2642 detru-

937 2657 1035 2686 dentes
1056 2666 1118 2686 eum
1134 2660 1181 2694 qui
1195 2668 1230 2687 ex
1249 2660 1310 2695 ipso
1331 2663 1359 2687 et
1379 2667 1428 2695 per
1445 2660 1536 2695 ipsum
1553 2663 1595 2688 est
1611 2659 1723 2694 Filium,

937 2705 1102 2739 excogitatis
1116 2705 1219 2740 putidis
1233 2705 1392 2733 rationibus
1405 2710 1431 2733 et
1445 2705 1628 2733 absurdorum
1643 2711 1730 2741 ergo»

937 2754 1093 2778 mentorum
1121 2751 1268 2786 strophis?
1304 2751 1383 2785 Quod
1413 2751 1486 2779 enim
1515 2751 1644 2779 dilexerit
1671 2758 1723 2779 nos

938 2795 1103 2831 Unigcnitus
1119 2803 1238 2832 eumque
1263 2805 1313 2825 nos
1337 2797 1531 2829 dilexerimus,
1547 2797 1636 2825 cuivis
1659 2804 1722 2832 per-

937 2842 1042 2876 spicere
1069 2841 1171 2873 licebit,
1195 2844 1281 2878 ipsam
1299 2844 1424 2871 veritatis
1450 2847 1575 2870 naturam
1594 2842 1722 2882 conside-

126 2903 151 2920 "
171 2902 245 2931 ican.
258 2911 303 2933 111,
320 2902 366 2930 35.
408 2902 441 2918 ⁷⁵·
462 2900 544 2930 Joan.
559 2909 606 2934 xv,
622 2900 666 2929 l5.
703 2899 818 2937 "_Joan.
834 2907 890 2933 xw,
912 2900 954 2928 l5.
995 2899 1022 2937 ’⁷.
1038 2899 1131 2927 Matth.
1147 2909 1215 2936 nu,
1231 2902 1257 2930 5.
1297 2903 1319 2919 "
1335 2902 1414 2931 Joan.
1436 2910 1478 2936 ut,
1497 2901 1542 2930 55.
