1896 3034
178 145 228 173 971

178 213 241 234 rare
264 205 378 235 volenti.
399 205 489 234 «Nam
513 214 576 234 cum
591 206 619 234 in
637 206 725 234 forma
748 207 795 235 Dei
819 216 851 235 ac
874 208 965 236 Patris
981 212 1003 239 Α

178 256 263 284 esset,
279 260 334 279 non
350 253 474 288 rapinam
487 253 638 280 arbitratus
653 258 695 280 est
708 261 769 282 esse
784 262 815 282 se
831 255 966 289 :equalem

183 297 250 328 Deo,
277 299 324 326 sed
360 299 539 334 semetipsum
570 300 726 327 exinanivit
749 299 867 328 formam
895 301 967 328 servi

180 345 321 379 accipiens
335 344 368 371 ⁷’.
384 355 393 370 ι
411 346 446 371 At
461 353 600 380 quamam,
619 346 747 377 obsecro,
765 347 863 374 horum
882 354 967 374 causa

181 390 253 417 fuit?
266 389 362 418 Nonne
377 390 535 419 dilectionis
551 399 616 426 erga
634 399 686 419 nos
703 392 793 419 ratio?
808 393 843 419 At
857 393 967 420 cuinam

180 435 294 473 dubium
317 436 394 463 istud
410 444 472 464 esse
491 437 618 471 poterit?
634 438 711 470 Quod
728 443 819 465 autem
834 446 885 466 nos
897 445 967 471 quo-

180 488 234 515 que
252 487 303 516 pro
324 481 437 509 Christo
454 483 543 518 ipsum
564 484 638 511 ultro
661 483 780 511 animam
798 492 968 519 persequen-

180 527 254 555 tibus
280 527 440 563 obiicimus,
464 536 499 557 ne
525 529 670 557 Dominum
696 534 821 559 nostrum
847 531 967 566 abnege-

181 581 254 606 mus,
276 575 403 610 nunquid
425 575 573 604 manifesto
589 577 749 605 dilectionis
772 578 799 605 in
812 578 905 613 ipsum
921 586 967 606 ar-

180 625 312 655 gumento
331 624 358 648 et
376 621 481 649 indicio
497 621 599 650 fuerit?
612 624 695 658 Atqui
711 624 754 652 vel
775 625 848 652 istud
871 632 967 652 verum

179 674 242 695 esse
271 666 412 700 fateberis,
438 669 482 696 vel
506 673 620 697 sanctos
648 675 785 706 martyres
811 671 966 704 damnabis.

179 713 261 748 quasi
282 712 385 741 frustra
403 719 514 750 propter
534 715 681 744 Christum
700 717 785 752 rpassi
807 717 884 750 sint,
906 721 969 744 tan-

179 762 294 793 tumque
309 759 461 793 periculum
475 760 562 795 gratis
575 764 602 788 et
621 761 682 789 sine
700 762 826 790 mercede
844 763 968 797 pertule-

181 804 247 831 rint.
261 804 409 840 Cum~ergo
422 806 568 841 perspicue
583 807 731 835 admodum
747 809 967 836 demonstratum

181 850 219 877 sit
237 849 346 878 l‘atrem
364 850 523 885 .perfcctam
554 852 664 887 quidem
687 854 714 881 in
739 853 839 882 Filium
868 855 969 882 habere

181 895 360 928 charitatem,
376 901 401 924 et
417 897 501 924 simili
526 899 607 926 modo
631 906 693 926 eum
710 899 820 927 Patrem
835 900 962 935 diligere,
986 891 1005 920 Β

182 945 209 968 et
223 949 275 969 nos
292 949 365 974 eum,
379 950 484 977 nosque
503 943 539 971 ab
551 951 584 971 eo
600 945 687 980 diligi,
702 946 769 981 quid
793 946 909 974 rationis
921 946 970 973 ἀμ

182 995 256 1014 mum
272 993 314 1015 est
332 993 428 1022 putare
442 988 476 1016 ad
493 989 546 1016 alia
562 992 688 1025 tempora
708 990 791 1025 hujus
811 991 850 1018 rei
871 992 968 1026 cogni-

182 1033 283 1061 tionem
298 1034 437 1065 devolare,
456 1042 518 1063 cum
533 1035 669 1064 Dominus
684 1037 758 1064 dicat
774 1047 782 1065 :
800 1037 848 1065 «in
864 1038 909 1065 illa
925 1038 970 1065 die

181 1080 364 1115 cognoscetis,
380 1081 444 1115 quia
458 1081 546 1116 egoin
562 1081 655 1114 Patre,
669 1086 697 1110 et
709 1091 758 1111 vos
771 1084 799 1110 in
811 1088 902 1117 tne,«et
915 1091 966 1119 ego

181 1126 210 1153 in
233 1127 320 1155 vobis.
337 1136 346 1152 ι
367 1126 482 1155 Valeant
501 1128 576 1156 enim
595 1129 705 1156 illorum
722 1137 805 1165 nugae
818 1134 846 1158 et
870 1130 969 1165 impia-

182 1180 241 1200 rum
269 1173 512 1201 ratiocinationqu
533 1178 698 1202 commenta
724 1183 731 1202 :
760 1183 821 1208 nos,
848 1175 970 1211 Spiritus

181 1219 365 1248 illustratione
380 1219 489 1252 conﬁsi,
505 1219 597 1247 dicere
615 1227 670 1248 non
683 1221 842 1249 verebimur
859 1229 920 1257 quae
936 1221 970 1249 ad

180 1265 340 1300 quiestionis
355 1265 437 1300 hujus
450 1265 659 1300 explicationem
681 1272 755 1295 recte
768 1275 798 1295 se
813 1267 914 1296 habere
929 1268 970 1295 vi-

181 1311 331 1339 debuntur.

676 145 704 174 S.
724 146 862 174 CYmLL'I
882 146 1117 174 ALEXANDRINI
1137 146 1298 175 A‘RCHIBP.

1760 152 1819 179 2?!

1017 209 1031 235 ὀ
1043 207 1207 242 Μονογενὴς,
1221 206 1404 242 ἠγαπήσαμεν
1417 206 1445 232 δὲ
1466 206 1513 234 καὶ
1530 207 1610 242 ἡμεῖς
1625 207 1718 240 αὑτὸν,
1733 210 1820 236 παντί

1017 263 1056 289 τῳ
1073 253 1247 290 προκείσεται
1273 253 1322 279 καὶ
1345 252 1405 279 λίαν
1430 252 1546 287 ἑτοίμως
1567 253 1642 285 ιδεῖν,
1663 255 1748 290 αὐτὴν
1764 255 1819 282 ἑπ-

1018 300 1112 335 αθρεῖν
1124 299 1241 326 ἐθέλοντι
1249 299 1298 333 τῆς
1309 297 1441 333 ἀληθείας
1456 297 1505 333 τὴν
1520 297 1612 332 φύσιν.
1631 309 1640 324 ε
1662 299 1707 325 Ἐν
1722 302 1819 336 μορφῇ

1017 346 1072 381 γὰρ
1089 345 1219 381 ὑπάρχων
1235 344 1282 371 τοῦ
1301 343 1369 371 Θεοῦ
1387 344 1434 370 καὶ
1456 344 1574 380 Πατρὸς,
1597 345 1646 379 οὐχ
1667 345 1820 380 ἁρπαγμὸν

1018 392 1139 427 ἡγήσατο
1151 391 1181 418 τὸ
1196 389 1264 417 εἶναι
1281 390 1327 417 ἶσα
1343 389 1414 424 Θεῷ,
1437 390 1494 416 ἀλλ’
1506 390 1600 417 ἑαυτὸν
1618 391 1741 417 ὲκένωσε
1754 391 1820 417 δού-

1018 439 1064 465 λου
1079 437 1185 473 μορφὴν
1195 436 1294 464 λαϐὼν.
1316 446 1325 462 ι
1338 434 1405 462 Εἶτα
1418 437 1470 469 τίς,
1483 437 1543 463 εἰπέ
1557 445 1614 471 μοι,
1623 437 1678 463 τῶν
1687 437 1820 463 τοιούτων

1018 485 1034 519 ἡ
1049 484 1204 519 πρόφασιςς
1223 481 1285 518 *Δρ*
1299 483 1330 509 οὺ
1346 482 1396 518 τῆς
1413 483 1454 515 εἰς
1467 483 1541 518 ἡμᾶς
1558 483 1668 518 ἀγάπης
1682 484 1696 509 ὁ
1722 483 1819 517 λόγοςς

1020 529 1075 556 Καὶ
1094 529 1153 560 πῶς
1170 528 1244 555 ἔστιν
1258 528 1442 563 ὰμφιόαλεῖν;
1462 529 1499 555 Τὸ
1513 528 1541 555 δὲ
1556 529 1605 554 καὶ
1619 530 1693 564 ἡμᾶς
1713 529 1819 555 ἐθέλειν

1019 575 1089 610 ὑπὲρ
1106 574 1225 610 Χριστοῦ
1241 574 1287 600 καὶ
1302 573 1387 609 αὐτὴν
1401 574 1515 609 ἑτοίμως
1526 574 1598 608 ἔχειν
1608 574 1819 609 καταπροέσθαι

1018 623 1074 653 τοῖς
1083 621 1210 648 διώκουσι
1229 621 1280 656 τὴν
1297 620 1397 656 ψυχὴν,
1413 621 1457 647 ἵνα
1479 620 1517 656 μὴ
1538 620 1583 647 τὸν
1607 620 1713 648 ἑαυτῶν
1732 621 1819 656 ἀρνη-

1020 667 1129 703 σώμεθα
1155 667 1267 702 Κύριον,
1290 665 1336 703 ἆρ’
1355 667 1404 693 οὐκ
1429 666 1463 693 ἂν
1487 666 1643 701 εἰσκομίσαι
1669 667 1743 701 σαφῆ
1768 667 1819 701 τὴν

1019 712 1154 745 ἀπόδειξιν
1179 712 1230 748 τῆς
1253 713 1292 744 εἰς
1315 712 1396 739 αὐτὸν
1418 712 1546 747 ἁγάπης;
1572 711 1641 738 Ἀλλ’
1662 712 1680 747 ἢ
1704 712 1818 744 πάντως

1019 759 1116 794 ἀληθὲς
1135 758 1193 793 ἐρεῖ
1219 766 1261 789 τις
1291 757 1339 784 καὶ
1361 756 1448 789 τοῦτο,
1472 757 1489 792 ὴ
1514 756 1569 792 [γρ.
1592 756 1622 792 ἢ]
1649 757 1704 783 τῶν
1731 757 1819 791 ἁγίων

1019 805 1229 840 καταψηφιεῖται
1246 803 1402 840 μαρτύρων,
1421 804 1459 835 ὡς
1485 803 1527 830 ἐπ’
1542 803 1630 830 οὐδενὶ
1644 802 1699 829 τῶν
1717 803 1817 838 χρησί-

1021 859 1078 886 μων
1097 850 1280 884 διηθληιιότων
1305 849 1349 876 διὰ
1374 849 1491 885 Χριστὸν
1512 849 1559 876 καὶ
1577 848 1674 884 ἀμισθὶ
1687 849 1818 875 τοσοῦτον

1021 897 1228 932 ἁνατλησάντων
1251 896 1381 923 κίνδυνον.
1404 895 1641 930 Ἀποδεδειγμένου
1657 895 1815 931 τοιγαροῦν,

1022 944 1068 971 καὶ
1087 943 1159 978 μάλα
1176 942 1281 977 σαφῶς,
1295 942 1333 974 ὡς
1353 942 1459 968 τελείαν
1484 941 1532 977 μὲν
1557 942 1571 968 ό
1594 941 1689 976 Πατὴρ
1710 942 1751 972 εἰς
1770 942 1817 967 τὸν

1022 990 1085 1017 Υῑδν
1109 990 1165 1025 ἔχει
1197 989 1246 1025 τὴν
1267 989 1395 1024 ἀγάπην,
1425 988 1572 1024 ἰσοτρόπως
1598 988 1626 1014 δὲ
1653 988 1701 1014 καὶ
1732 987 1816 1018 αὐτὸς

1021 1037 1117 1072 ἀγαπᾷ
1135 1035 1181 1062 τὸν
1199 1035 1318 1071 Πατέρα,
1340 1034 1387 1060 καὶ
1401 1034 1482 1069 ἡμεῖς
1502 1033 1551 1068 μὲν
1575 1032 1667 1064 αὑτὸν,
1687 1033 1770 1064 αὐτὸς
1787 1032 1816 1058 δὲ

1020 1083 1102 1118 ἡμᾶς,
1118 1083 1193 1109 ποῖον
1208 1081 1239 1109 ἂν
1252 1081 1307 1116 ἔχοι
1320 1080 1397 1115 λόγον
1409 1080 1438 1106 τὸ
1454 1080 1493 1112 εἰς
1507 1079 1617 1115 ἑτέρους
1628 1078 1734 1106 οἴεσθαι
1751 1078 1817 1114 χρό-

1019 1138 1079 1162 νους
1090 1129 1257 1156 ἀνάπτεσθαι
1276 1127 1355 1162 τυχὸν
1370 1127 1418 1162 τὴν
1436 1127 1483 1152 ἐπὶ
1495 1126 1564 1161 τῷδε
1576 1126 1732 1160 διάγνωσιν,
1749 1125 1816 1152 ὅταν

1018 1175 1085 1212 λέγῃ
1106 1176 1120 1201 ό
1145 1174 1261 1210 Κύριος·
1279 1183 1289 1199 ι
1311 1175 1355 1200 Ἐν
1380 1173 1472 1208 ἐκείνῃ
1489 1173 1522 1208 τῇ
1552 1172 1644 1208 ἡμέρᾳ
1672 1169 1814 1205 γνώσεσθε

1019 1223 1060 1249 ὃτι
1081 1221 1136 1256 ὲγὼ
1153 1222 1182 1247 ὲν
1198 1222 1236 1257 τῷ
1254 1221 1352 1256 Πατρὶ,
1374 1221 1420 1248 καὶ
1441 1221 1520 1256 ὑμεῖς
1542 1220 1571 1246 ὲν
1590 1219 1662 1254 ἐμοὶ,
1684 1217 1764 1252 κάγὼ
1787 1219 1816 1244 ιν

1021 1268 1102 1303 ὑμῖν;
1115 1277 1125 1294 ι
1146 1267 1225 1294 Ἀλλὰ
1237 1267 1292 1302 γὰρ
1305 1266 1408 1303 ἐρρέτω
1424 1266 1473 1301 μὲν
1489 1265 1523 1292 τὰ
1537 1266 1649 1292 ἐκείνων
1667 1265 1816 1300 ληρήματα

1022 1314 1069 1341 καὶ
1084 1313 1139 1340 τῶν
1153 1313 1286 1348 μισοθέων
1298 1313 1435 1348 λογισμῶν
1450 1314 1466 1348 ὴ
1488 1312 1668 1348 παρεύρεσις,·
1680 1312 1761 1346 mni;
1775 1309 1814 1341 δὲ.

180 1359 213 1394 τῇ
227 1358 274 1385 τοῦ
297 1358 452 1394 Πνεύματος
468 1359 593 1396 δᾳδουχίᾳ
610 1360 806 1396 θαρσήσαντες,
820 1362 905 1388 εἰπεῖν
918 1361 968 1388 οὐκ
986 1362 1135 1397 ὁκνήσομεν
1153 1361 1224 1397 ᾇπερ
1243 1360 1331 1393 ἔδοξεν
1354 1360 1426 1395 ἔχειν
1456 1359 1544 1395 ὀρθῶς
1574 1359 1643 1394 ὑπὲρ
1666 1356 1816 1392 σαφηνείας

181 1404 236 1431 τῶν
251 1404 433 1441 ζητουμένων.

215 1449 284 1478 Cum
300 1458 366 1485 ergo
382 1450 562 1485 praemisisset
579 1460 586 1478 :
606 1460 615 1477 ι
631 1451 698 1487 Ego,
716 1456 754 1485 et,
767 1459 815 1480 vos
834 1453 942 1485 vivetis,
957 1463 965 1479 ι

182 1496 274 1526 statim
304 1496 347 1525 his
375 1497 517 1533 subjungit
537 1506 544 1524 :
568 1497 620 1525 «In
644 1499 690 1526 illo
718 1498 762 1527 die
789 1499 968 1534 cognoscetis

182 1543 246 1578 quia
265 1550 317 1579 ego
329 1544 357 1570 in
371 1542 453 1571 Patre
476 1551 537 1572 meo
551 1548 578 1572 et
591 1552 641 1572 vos
656 1545 683 1572 in
697 1552 751 1578 me,
767 1549 794 1572 et
810 1552 860 1580 ego
875 1545 903 1572 in
921 1552 969 1572 vo-
984 1561 1006 1591 Ο

181 1590 235 1618 bis.
251 1599 261 1616 ι
283 1590 318 1616 At
333 1590 441 1617 cuinam
459 1591 574 1618 omnino
593 1598 690 1619 eorum
707 1591 753 1626 qui
770 1594 835 1619 sunt
849 1597 882 1618 ac
895 1595 970 1618 recte

182 1636 304 1663 sentiunt
317 1643 372 1663 non
385 1636 461 1664 valde
474 1637 650 1672 perspicuum
667 1636 704 1664 sit
715 1636 786 1664 diem
799 1636 970 1672 cognitionis

182 1683 375 1715 determinare,
397 1690 452 1717 quo
477 1690 527 1710 nos
548 1683 631 1710 etiam
656 1682 690 1709 ad
713 1682 803 1717 ipsum
827 1681 969 1709 reformati

182 1729 216 1756 ad
230 1729 314 1756 vitam
334 1727 480 1755 ascensuri
496 1735 593 1755 sumus
608 1731 749 1758 aeternam,
768 1726 865 1754 mortis
885 1726 970 1753 male-

181 1774 304 1802 dictione
322 1773 425 1801 vitata?
441 1772 474 1799 Et
494 1772 606 1807 quidem
621 1772 693 1799 mihi
708 1772 762 1799 tale
775 1771 842 1806 quid
865 1771 970 1806 signifi-

181 1827 247 1848 care
260 1819 370 1847 videtur
385 1818 497 1851 Paulus,
515 1825 576 1845 cum
595 1818 718 1845 divinum
742 1818 824 1844 nobis
845 1817 970 1844 revelans

182 1864 345 1900 mysterium
371 1863 403 1890 ad
431 1862 580 1890 nonnullos
606 1862 703 1890 scribit
720 1871 727 1890 :
747 1871 756 1888 ‹
773 1861 872 1889 Mortui
895 1861 969 1888 enim

181 1910 260 1943 estis,
271 1913 299 1937 et
311 1909 365 1936 vita
384 1913 475 1936 vestra
492 1912 536 1936 est
553 1908 714 1935 abscondita
729 1915 792 1935 cum
815 1907 928 1935 Christo
941 1907 968 1934 iu

183 1955 248 1983 Deo.
263 1954 380 1988 Quando
399 1962 465 1990 ergo
483 1953 612 1981 Christus
629 1953 790 1988 apparuerit
807 1953 892 1988 819
912 1953 970 1980 vita

181 2007 283 2033 vestra,
310 2004 375 2028 tunc
391 2003 423 2028 et
446 2007 495 2027 vos
515 1999 688 2034 apparebitis
703 2006 765 2026 eum
782 2000 843 2034 ipso
863 1999 890 2026 in
911 1999 970 2034 glo-

180 2045 468 2076 ria”.—Reformabit
475 2045 548 2072 enim
555 2052 656 2080 corpus
663 2045 828 2072 humilitatis
839 2049 950 2077 nostrae,
957 2055 967 2070 ι

180 2095 233 2121 hoc
255 2092 387 2120 nimirum
403 2098 436 2118 ac
456 2098 510 2118 non
529 2089 616 2121 aliud,
635 2099 645 2115 ι
657 2089 858 2126 conliguratum
875 2091 971 2125 gloria:

179 2147 236 2167 sua:
247 2139 298 2170 “,i
312 2138 376 2165 etin
388 2136 535 2172 pristinum
550 2139 652 2164 statum
665 2135 827 2163 reformabit
840 2135 970 2163 ineffabili

179 2185 285 2212 virtute
294 2182 418 2210 hominis
429 2185 573 2213 naturam,
589 2181 682 2209 omnia
699 2181 779 2209 facile
793 2180 970 2210 transferens

1057 1449 1233 1486 Προειρηκὼς
1246 1448 1402 1484 τοιγαροῦν,
1415 1448 1458 1475 ὅτι
1478 1457 1487 1474 ‹
1513 1447 1583 1482 Ἐγὼ
1604 1447 1651 1474 καὶ
1672 1448 1750 1482 ὑμεῖς
1767 1448 1817 1484 ζή-

1022 1497 1118 1529 σεσθε;
1134 1505 1144 1522 ι
1162 1495 1331 1531 παραχρῆμα
1347 1495 1452 1527 τούτοις
1466 1493 1622 1528 ἐπενεγκὼν
1640 1494 1797 1528 εὑρίσκεται
1807 1503 1814 1510 ·

1017 1552 1033 1568 -ι
1055 1543 1099 1569 Ἐν
1110 1542 1200 1577 ἐκείνῃ
1211 1543 1244 1577 τῇ
1257 1541 1348 1577 ἡμέρᾳ
1357 1540 1494 1574 γνώσεσθε
1509 1541 1551 1567 ὃτι
1565 1539 1621 1574 ἐγὼ
1636 1541 1664 1567 ὲν
1676 1540 1714 1574 τῷ
1729 1539 1817 1576 Πατρί

1023 1596 1084 1624 μου,
1102 1589 1150 1615 καὶ
1163 1588 1241 1623 ὑμεῖς
1263 1588 1292 1613 ὲν
1315 1587 1387 1622 ἐμοὶ,
1405 1586 1483 1620 κάγὼ
1505 1587 1534 1612 ὲν
1560 1587 1635 1621 ὑμῖν.
1654 1596 1663 1612 ι
1677 1584 1744 1612 Εἶτα
1763 1586 1816 1613 τενι

1019 1634 1075 1661 τῶν
1089 1633 1172 1661 ὅντων
1195 1633 1242 1660 καὶ
1267 1633 1375 1668 φρονεῖν
1397 1632 1530 1659 εἰωθότων
1549 1631 1637 1667 ὀρθῶς
1651 1632 1700 1658 οὐκ
1723 1633 1757 1659 ἂν
1773 1633 1817 1666 γέ-

1021 1688 1092 1707 νοιτο
1118 1680 1164 1706 καὶ
1190 1678 1262 1714 μάλα
1284 1678 1369 1712 σαφὲς
1389 1678 1426 1709 ὡς
1450 1678 1557 1714 ἡμέρας
1582 1678 1669 1714 ὁρίζει
1692 1679 1742 1713 τῆς
1772 1678 1818 1703 ἐπὶ

1019 1725 1107 1760 τούτῳ
1119 1724 1245 1759 γνώσεως
1259 1723 1307 1750 τὸν
1324 1724 1430 1760 καιρὸν,
1447 1723 1508 1750 καθ’
1524 1723 1553 1750 ὃν
1567 1723 1599 1750 ἂν
1615 1723 1662 1750 καὶ
1676 1724 1757 1758 ἡμεῖς
1770 1723 1817 1750 αὺ-

1019 1771 1061 1797 τοὶ
1077 1769 1147 1806 πρὸς
1160 1769 1241 1796 αὑτὺν
1255 1769 1415 1804 ἁναμορφού
1420 1777 1495 1804 μενοι
1509 1769 1577 1803 πρὸς
1591 1768 1663 1803 ζωὴν
1679 1769 1816 1804 ἀναϐησό-

1022 1817 1092 1852 μεθα
1103 1816 1153 1851 τὴν
1167 1815 1287 1846 αἰώνιον,
1304 1816 1352 1850 τὴν
1364 1815 1411 1842 τοῦ
1426 1814 1541 1841 θανάτου
1556 1814 1714 1849 διαδράντες
1730 1816 1816 1849 ἀράνς

1020 1862 1075 1890 Καί
1092 1871 1138 1897 μοι
1153 1862 1226 1888 δοκεῖ
1245 1861 1364 1888 τοιοῦτόν
1379 1870 1406 1888 τι
1420 1860 1565 1897 σημαίνειν
1581 1861 1595 1887 ὃ
1610 1861 1727 1895 Χριστός
1740 1869 1816 1895 φησι,

1021 1908 1092 1943 φημὶ
1113 1908 1141 1934 δὲ
1161 1908 1206 1934 τὸν
1225 1907 1340 1939 Παῦλον,
1364 1907 1428 1934 ὃταν
1447 1907 1477 1933 τὸ
1502 1906 1571 1933 θεῖον
1591 1907 1656 1942 ἡμῖν
1678 1907 1818 1933 ἀποκαλύ-

1021 1962 1095 1980 πτων
1110 1954 1259 1989 μυστήριον
1274 1953 1418 1988 ἐπιστέλλῃ
1431 1953 1499 1989 πρός
1510 1961 1599 1984 τινας·
1618 1962 1627 1978 t
1651 1953 1816 1979 Ἀπεθάνετε

1020 1999 1085 2035 γὰρ,
1105 1999 1152 2026 καὶ
1166 2000 1183 2034 ἡ
1201 1999 1258 2034 ζωὴ
1275 1998 1352 2034 ὑμῶν
1375 1999 1528 2034 κέκρυπται
1543 1999 1590 2025 σὺν
1605 1998 1644 2033 τῷ
1660 1998 1773 2033 Χριστῷ
1787 2000 1816 2025 ὲν

1019 2045 1058 2080 τῷ
1082 2045 1151 2080 Θεῷ.
1169 2045 1252 2072 Ὅταν
1284 2043 1330 2071 οὖν
1356 2045 1370 2071 ό
1394 2044 1510 2080 Χριστὸς
1544 2044 1688 2080 φανερωθῇ
1719 2045 1735 2079 ὴ
1760 2044 1815 2080 ζωὴ

1021 2091 1109 2127 ὑμῶν,
1133 2091 1193 2118 τότε
1219 2091 1267 2118 καὶ
1290 2091 1367 2127 ὑμεῖς
1384 2090 1610 2126 φανερωθήσεσθε
1629 2091 1678 2116 σὺν
1696 2090 1772 2125 αὐτῷ
1787 2091 1815 2116 ὲν

1019 2138 1092 2174 δόξῃ.
1109 2137 1352 2173 Μετασχηματίσει
1378 2136 1432 2172 γὰρ
1448 2136 1478 2163 τὺ
1508 2135 1588 2172 σῶμα
1608 2136 1658 2170 τῆς
1686 2136 1815 2162 ταπεινώ-

1021 2192 1089 2215 σεως
1116 2183 1203 2219 ἡμῶν,
1229 2192 1239 2208 ι
1264 2182 1342 2209 τοῦτο
1368 2182 1400 2218 δὴ
1428 2181 1545 2214 πάντως,
1567 2181 1613 2208 καὶ
1637 2181 1687 2216 οὐχ
1711 2181 1813 2216 ἕτερον.

180 2232 206 2257 in
232 2228 418 2265 quodcunque
438 2227 560 2255 voluerit
580 2237 586 2254 :
608 2228 700 2255 «Deus
722 2228 796 2255 enim
816 2232 858 2255 est
874 2235 967 2260 verus,

1060 2229 1220 2265 σύμμορφον
1242 2228 1292 2263 τῆς
1314 2228 1392 2264 δόξης
1419 2226 1517 2259 αὑτοῦ,
1540 2237 1548 2253 ι
1576 2227 1623 2253 καὶ
1648 2227 1814 2262 μεταπλάσει

179 2276 227 2312 qui
257 2277 323 2304 facit
347 2275 439 2303 omnia
456 2278 484 2302 et
501 2274 691 2307 transformat,
708 2284 717 2300 ι
740 2274 812 2302 sieut
835 2275 969 2310 scriptum

179 2326 222 2349 est
234 2321 269 2350 θ’.
285 2322 366 2350 Circa
379 2321 457 2349 illum
469 2321 542 2349 diem
557 2321 651 2357 igitur,
669 2322 729 2348 sive
746 2325 864 2356 tempus,
877 2329 932 2356 quo
943 2326 971 2350 et

182 2375 231 2396 vos
243 2368 296 2402 ipsi
309 2367 407 2395 vivetis
419 2367 494 2402 (vivo
504 2367 576 2396 enim
584 2374 645 2403 ego,
655 2366 782 2402 quamvis
794 2367 876 2395 homo
887 2367 971 2395 sicuti

182 2420 234 2440 vos
251 2412 354 2444 factus,
371 2416 398 2439 et
417 2419 536 2448 corpore
555 2412 727 2447 corruptioni
742 2416 840 2439 natura
855 2420 905 2440 sua
923 2413 973 2441 ob-

182 2457 268 2485 noxio
287 2456 424 2491 indutus),
449 2458 525 2485 clare
550 2456 757 2492 tcognoseetis,
782 2457 882 2492 inquit,
907 2457 972 2492 quia

182 2510 233 2537 ego
248 2502 276 2530 in
298 2501 391 2535 Patre,
410 2506 438 2530 et
453 2510 502 2530 vos
520 2503 546 2530 in
570 2507 655 2530 me-et
669 2510 720 2538 ego
733 2503 760 2530 in
782 2503 869 2531 vobis.
881 2512 891 2529 ι
909 2503 971 2541 Sta-

183 2554 293 2577 tuemus
310 2553 403 2576 autem
422 2549 480 2576 haec
496 2549 529 2576 ad
546 2555 599 2576 nos
614 2547 758 2576 Dominum
785 2548 900 2581 dixisse,
916 2557 969 2576 non

185 2599 214 2622 ut
237 2594 429 2622 existimemus
451 2602 513 2622 eum
539 2602 603 2622 esse
625 2594 652 2622 in
679 2595 762 2622 Patre
788 2595 896 2622 ratione
925 2595 970 2622 di-

183 2641 320 2672 lectionis,
335 2640 416 2668 sicuti
434 2640 601 2668 adversariis
615 2641 718 2676 placet,
735 2641 783 2668 sed
799 2641 906 2669 ratione
922 2642 969 2668 alti

183 2687 318 2722 mysterii,
334 2685 409 2721 quod
423 2693 474 2714 nec
496 2690 588 2714 mente
604 2686 750 2721 concipere
772 2693 823 2714 nec
845 2687 972 2715 oratione

183 2732 324 2767 explicare
335 2735 378 2760 est
387 2731 478 2765 facile,
485 2735 684 2765 verumtamen,
692 2732 782 2766 quoad
789 2736 896 2767 potero,
905 2732 971 2760 illud

183 2786 320 2813 exponere
341 2778 476 2806 conabor.
493 2777 628 2811 Quamvis
649 2786 714 2813 ergo
737 2778 862 2812 cujusvis
882 2778 972 2806 homi-

220 2866 373 2904 "_Pbilipp.
390 2875 419 2900 tt,
435 2866 461 2900 ﬁ,
477 2867 503 2894 7.

1022 2275 1090 2311 πρὸς
1105 2275 1136 2302 τδ
1149 2276 1261 2310 ἀρχαῖον
1278 2275 1391 2311 ἀρρήτῳ
1409 2273 1523 2308 δυνάμει
1539 2273 1588 2308 τὴν
1606 2272 1753 2308 ἀνθρώπου
1771 2272 1815 2305 (ξύ-

1023 2329 1076 2354 σιν,
1095 2321 1184 2348 πάντα
1210 2320 1365 2356 μετατιθεὶς
1389 2319 1507 2349 εὐκόλως
1530 2319 1598 2353 πρὸς
1618 2318 1688 2353 ὅπερ
1708 2319 1741 2345 ἂν
1756 2317 1815 2352 βού-

1022 2367 1105 2399 λοιτο,
1121 2366 1316 2398 διακωλύοντος
1336 2365 1457 2397 οὐδενός·
1473 2374 1482 2390 ι
1500 2365 1566 2396 Θεὸς
1583 2365 1636 2400 γάρ
1657 2364 1733 2391 ἐστιν
1751 2364 1814 2399 ἀλη-

1024 2413 1106 2445 θινὸς,
1129 2412 1214 2439 ποιῶν
1237 2412 1335 2443 πάντα,
1352 2412 1400 2438 καὶ
1425 2410 1649 2446 μετασκευάζων,
1669 2419 1679 2436 ›
1697 2409 1768 2437 κατὰ
1787 2411 1814 2436 τὸ

1024 2458 1226 2494 γεγραμμένον.
1239 2457 1306 2483 Κατ’
1318 2457 1425 2491 ἐκείνην
1440 2454 1486 2483 οὖν
1498 2456 1551 2491 ἄρα
1567 2456 1615 2491 τὴν
1627 2456 1745 2491 ἡμέραν,
1758 2456 1814 2490 ἦτοι

1024 2504 1070 2530 τὸν
1095 2504 1206 2542 καιρὸν,
1222 2503 1283 2531 καθ’
1303 2503 1332 2529 ὃν
1358 2503 1404 2529 καὶ
1428 2503 1507 2537 ὑμεῖς
1532 2502 1608 2528 αὐτοὶ
1631 2501 1748 2535 ζήσεσθε
1766 2502 1813 2536 (ξῶ

1024 2548 1079 2584 γὰρ
1098 2549 1153 2583 ἐγὼ
1175 2549 1262 2576 καίτοι
1286 2548 1347 2575 καθ’
1368 2549 1439 2583 ὑμᾶς
1459 2547 1602 2583 ἄνθρωπος
1618 2546 1748 2581 γεγονὼς,
1769 2547 1814 2573 καὶ

1023 2595 1054 2622 τὸ
1079 2595 1231 2622 ὑποπίπτον
1243 2597 1277 2631 τῇ
1305 2595 1394 2630 φθορᾷ
1418 2593 1488 2620 κατά
1512 2601 1544 2627 γε
1571 2593 1620 2628 τὴν
1642 2592 1710 2619 ἰδίαν
1737 2592 1814 2627 φύσιν

1024 2641 1205 2676 ἐνδυσάμενος
1229 2640 1331 2676 σῶμα),
1346 2640 1450 2675 σαφῶς,
1466 2649 1475 2666 1
1487 2638 1699 2673 Ἑπιγνώσεσθε,
1723 2639 1813 2673 φησὶν,

1024 2688 1065 2714 ὅτι
1080 2687 1135 2721 ἐγὼ
1152 2686 1201 2722 μὲν
1215 2687 1243 2713 ὲν
1257 2686 1297 2722 τῷ
1311 2687 1409 2720 Πατρὶ,
1425 2687 1503 2721 ὑμεῖς
1515 2685 1544 2711 δὲ
1561 2685 1589 2712 ὲν
1604 2684 1677 2720 ἐμοὶ,
1692 2683 1770 2718 κάγὼ
1787 2685 1814 2710 ὲν

1025 2733 1099 2769 ὑμῖν.
1116 2742 1125 2759 ι
1139 2732 1336 2768 Διακεισόμεθα
1353 2732 1382 2759 δὲ
1397 2732 1475 2759 ταυτὶ
1486 2731 1555 2767 πρὸς
1569 2731 1642 2765 ἡμᾶς
1653 2730 1700 2757 τὸν
1714 2729 1815 2765 Κύριον

1025 2779 1122 2811 εἰπεῖν,
1134 2779 1182 2813 οὐχ
1198 2779 1241 2805 ἵνα
1258 2778 1411 2814 νομίζωμεν
1426 2777 1558 2813 ὑπάρχειν
1575 2776 1658 2805 αὑτὸν
1674 2777 1704 2803 ἐν
1716 2776 1814 2813 napi,

542 2867 564 2883 "
581 2866 687 2895 Coloss.
701 2873 741 2898 ιιι,
759 2867 786 2900 5,
802 2867 828 2894 4.
868 2868 888 2884 ⁸¹
903 2866 1020 2902 Philipp.
1039 2873 1081 2901 tu,
1097 2866 1141 2894 2i.
1181 2867 1204 2883 ¹¹
1217 2867 1300 2894 Amos
1316 2874 1342 2899 v,
1363 2866 1389 2895 8.
