1926 3041
103 152 158 181 973

618 162 653 190 IN
672 161 815 190 105Nle
837 162 1064 191 EVANGELIUM
1084 161 1148 190 LIB.
1168 163 1213 191 lX.

1690 166 1743 194 ΤΗ

107 211 179 238 κατὰ
202 221 235 247 γε
255 214 304 241 τὸν
325 216 376 251 τῆς
396 217 506 254 ἀγάπης
530 218 618 253 λόγον,
640 220 733 255 ὥσπερ
756 218 801 247 οὖν
820 221 892 247 ὲδόκε

957 221 1002 248 nis
1022 224 1142 248 utentem
1159 221 1222 248 huic
1238 226 1366 250 accurate
1381 221 1545 257 explicando
1560 222 1639 257 longe
1654 223 1743 258 impa-

108 260 164 290 τοῖς
184 258 217 285 δι’
240 260 367 294 ἐναντίας
387 265 510 298 φρονεῖν,
534 265 601 292 ἀλλὰ
628 266 698 293 κατὰ
715 266 828 301 δύναμιν
849 275 900 301 μυ-

109 304 220 338 στηρίου
237 305 344 340 βαθέος,
371 308 385 334 ὃ
408 309 454 335 καὶ
474 310 569 344 νοῆσαι
592 310 641 345 μὲν
665 311 753 338 ἐκεῖνο
774 311 899 346 χαλετεὸν,

109 350 213 384 φράσαι
226 351 255 378 δὲ
269 353 300 379 οὐ
318 354 420 389 ῥᾴδιοψ
430 355 500 390 πλὴν
514 356 588 388 ὅπως
597 356 630 382 ἂν
644 354 699 388 οἶός
718 366 747 383 τε
765 354 902 393 ὧ,διηγεῖ-

109 394 172 422 σθαι
199 397 376 433 πειράσομαι.
399 400 455 436 Τῆς
475 401 524 436 μὲν
548 399 594 428 οὖν
617 402 746 437 ἀκριϐοῦς
767 402 900 435 ἐκθέσεως

108 441 177 468 πολὺ
204 442 264 470 λίαν
285 445 418 480 ἡττῆσθαι
439 448 528 474 πάντα
551 448 613 475 νοῦν
640 449 824 484 ὑπολαμϐάνω
846 450 900 476 τῶν

107 487 154 514 ἐπὶ
179 489 240 524 γῆς,
263 491 302 526 τῷ
328 501 360 526 γε
385 493 438 529 μὴν
460 494 553 530 θερμῷ
569 495 617 530 τῆς
633 495 753 531 ἀγάπης,
772 496 824 523 κᾶν
836 496 901 530 γοῦν

108 534 229 569 μετρίως
252 536 314 564 ἰδεῖν
339 547 369 564 τε
391 540 438 566 καὶ
468 541 570 576 φράσαι
594 540 834 577 παραθησόμενος.
855 541 901 568 νῧν

107 579 209 615 ἴδωμεν
225 583 275 618 τῆς
290 584 338 610 τοῦ
355 585 522 620 Μονογενοῦς
535 587 766 623 ἐνανθρωπήσεως
781 588 826 615 τὸν
839 597 896 615 σκο-

106 625 168 653 πόν.
182 627 251 664 Φέρε
267 629 460 667 δοκιμάσωμεν
474 633 523 668 τὴν
547 634 651 666 αἰτίαν,
667 635 700 661 δι’
711 635 744 669 ἣν
761 635 791 661 ὲν
808 636 899 670 μορφῇ

104 671 151 697 τοῦ
167 671 239 699 Θεοῦ
256 675 303 701 καὶ
322 676 426 712 Πατρδς
443 678 585 714 ὑπάρχων,
600 679 728 712 ὡςθεὸς,
744 681 795 716 οὐχ
811 681 898 715 ἁρπα-

104 717 174 751 γμὸν
191 719 312 755 ἡγήσατο
324 722 354 748 τὸ
366 721 435 750 εῖναι
450 723 495 751 ίσα
509 725 578 760 Θεῷ,
591 725 648 753 ἀλλ’
660 726 754 752 ἑαυτὸν
767 726 894 758 ὲκένωσε,

103 765 213 802 μορφὴν
228 767 322 794 δούλου
340 769 440 803 λαϐὼν,
460 771 506 797 καὶ
522 771 652 807 ὑπέμεινε
670 772 786 808 σταυρὸν
803 772 898 807 αἰσχύ-

103 818 152 845 νης
168 815 387 850 καταφρονήσας.
411 817 505 844 Ἔσται
527 817 581 853 γὰρ
597 817 667 845 οὕτω
689 819 735 845 καὶ
753 819 830 853 μόλις
850 818 895 845 εὑ-

102 856 248 892 σύνοπτον,
264 863 334 889 κατά
354 870 384 896 γε
409 863 440 890 τὸ
463 863 611 899 ἐγχωροῦν,
633 864 687 891 τῶν
710 865 897 900 προκειμένων

955 274 1012 294 rem
1032 267 1197 299 existimem,
1220 267 1364 295 charitatis
1381 271 1472 295 tamen
1493 267 1599 295 fervore
1613 268 1679 295 illud
1694 277 1743 303 pro

954 317 1050 340 nostra
1076 312 1264 340 mediocritate
1288 313 1452 349 exposituri.
1478 321 1552 341 nunc
1576 314 1743 341 incarnatio-

953 359 998 386 nis
1011 357 1150 394 Unigeniti
1165 366 1279 394 scopum
1289 359 1442 387 videamus.
1457 359 1521 394 Age,
1537 366 1648 386 causam
1666 366 1743 386 scru-

953 409 1055 436 temur,
1071 404 1107 431 oh
1122 412 1203 439 quam
1227 405 1253 432 in
1276 404 1364 432 forma
1384 404 1430 432 Dei
1450 412 1483 432 ac
1507 405 1598 432 Patris
1614 413 1676 432 eum
1699 413 1743 432 es-

953 456 1005 483 set,
1021 454 1117 485 utpote
1137 451 1219 484 Deus,
1235 459 1289 478 non
1307 452 1432 487 rapinam
1452 452 1605 480 arbitratus
1625 452 1662 479 sit
1682 459 1743 479 esse

953 505 983 525 se
1010 497 1143 532 aqualem
1177 497 1242 530 Deo,
1273 498 1321 526 sed
1352 499 1532 533 semetipsum
1562 498 1742 529 exinan'terit,

953 542 1040 570 forma
1067 543 1140 570 servi
1167 547 1294 579 accepta,
1310 548 1338 571 et
1362 551 1472 572 crucem
1503 544 1653 579 ignominia
1675 551 1741 571 con-

953 593 1055 624 tempta
1080 589 1234 624 pertulerit.
1252 589 1299 617 Sic
1315 590 1388 617 enim
1413 590 1452 617 rei
1477 590 1637 625 propositae,
1653 597 1741 624 quan-

953 638 1010 662 tum
1031 640 1134 664 nostrae
1153 637 1228 664 vires
1249 636 1357 667 ferunt.
1379 637 1499 665 altitudo
1520 637 1634 671 patebit.
1650 637 1741 672 Agno-

951 687 1064 709 scemus
1082 686 1172 709 autem
1195 682 1333 717 quomodo
1352 682 1388 710 sit
1407 682 1499 710 Filius
1512 683 1540 709 in
1554 682 1646 714 Patre,
1661 685 1740 708 natu—

951 725 1047 753 raliter
1063 727 1205 760 nimirum,
1225 734 1280 755 non
1299 733 1390 755 autem
1404 727 1484 762 juxta
1509 728 1599 754 {ictam
1615 727 1688 754 illam
1703 727 1740 754 ab

949 772 1120 800 adversariis
1141 782 1174 801 ex
1197 781 1232 802 eo
1254 773 1329 809 quod
1353 774 1443 808 diligit
1460 781 1492 800 ac
1517 773 1642 808 diligitur
1666 773 1737 800 rela—

950 818 1064 846 tionem.
1083 818 1218 847 Similiter
1238 823 1267 848 et
1282 827 1335 847 nos
1356 819 1452 847 eodem
1475 819 1556 846 modo
1571 820 1599 846 in
1622 819 1739 854 ipso,.et

950 865 1009 900 ipse
1025 866 1053 893 in
1069 865 1159 894 nobis.

98 905 129 931 τὸ
147 906 241 941 βάθος.
265 909 428 946 Γνωσόμεθα
448 911 476 938 δὲ
503 912 561 944 πῶς
583 913 632 948 μέν
654 914 727 940 ἐστιν
747 913 761 939 6
795 912 859 945 Υἱὸς
884 914 914 940 ὲν
933 913 1033 948 Πατρὶ,
1048 913 1170 948 φυσικῶς
1185 913 1305 950 δηλονότι
1337 914 1384 940 καὶ
1401 913 1431 940 οὐ
1447 913 1517 940 κατά
1533 921 1564 946 γε
1578 912 1628 948 τὴν
1643 913 1675 940 ὲκ
1690 913 1737 939 τοῦ

97 951 260 985 ἀγαπᾶσθαι
287 957 333 982 καὶ
357 955 468 992 ἀγαπᾷν
488 958 677 994 ὲπινοηϐεῖσαν
701 957 793 994 σχέσιν
818 958 894 994 παρὰ
912 958 967 985 τῶν
980 958 1013 985 δι’
1030 958 1162 990 ἐναντίας.
1186 959 1280 994 Ἡμεῖς
1295 959 1324 986 δὲ
1338 957 1371 986 αὖ
1394 958 1475 986 πάλιν
1496 959 1525 985 ὲν
1559 958 1633 994 αὐτῷ
1666 956 1737 985 κατὰ

96 999 144 1025 τον
164 1000 222 1028 ἴσον
240 1003 351 1037 τρόπον,
372 1005 418 1032 καὶ
435 1005 515 1037 αὐτὸς
530 1006 559 1032 ὲν
574 1008 648 1042 ἡμῖν.

133 1047 242 1074 Οὐκοῦν
259 1049 323 1084 μίαν
340 1050 389 1085 μὲν
410 1051 505 1087 ὥσπερ
525 1052 611 1088 ἀληθῆ
629 1061 658 1080 τε
682 1055 728 1081 καὶ
746 1055 895 1089 γενικωτά-
910 1056 931 1083 Β

96 1101 148 1128 την
177 1094 266 1121 αἰτίαν
291 1097 339 1132 τῆς
367 1097 598 1134 ἐνανθρωπήσεως
623 1099 670 1127 τοῦ
689 1101 859 1135 Μονογενοῦς
881 1102 896 1128 6

97 1139 184 1173 σοφὸς
208 1141 274 1175 ἡμῖν
296 1142 475 1178 ἐξηγούμενος
495 1145 599 1178 Παῦλος
626 1147 762 1181 ἔφασκεν·
785 1157 794 1173 ι
815 1147 895 1174 Εὐδό-

97 1193 169 1220 κησε
190 1185 244 1222 γὰρ
263 1188 277 1214 6
296 1188 362 1220 Θεὸς
381 1190 427 1216 καὶ
444 1190 541 1226 Πατὴρ
555 1192 846 1227 ἀνακεφαλαιώσασθαι
861 1194 895 1220 τὰ

97 1232 190 1258 πάντα
207 1233 236 1259 ἐν
251 1233 290 1268 τῷ
304 1234 424 1270 Χριστῷ.
448 1246 457 1262 ι
473 1238 527 1264 Καὶ
551 1238 591 1265 ὄτι
621 1239 651 1265 τὸ
677 1239 727 1272 τῆς
744 1240 894 1274 ἀνακεφα-

96 1278 253 1313 λαιὼσεως
268 1280 355 1316 δνομά
375 1291 405 1308 τε
422 1283 468 1309 καὶ
485 1284 603 1319 πρᾶγμα
623 1285 700 1319 δηλοῖ
714 1285 744 1312 τὸ
762 1286 894 1321 ἀνακομί-

99 1333 146 1351 σαι
158 1325 242 1352 πάλιν
255 1327 303 1352 καὶ
316 1327 459 1354 ἀναλαϐεῖν
473 1329 512 1360 εἰς
526 1329 595 1364 ὅπερ
608 1327 642 1365 ἦν
652 1331 680 1356 ὲν
695 1331 766 1367 ἀρχῇ
778 1332 893 1368 τὰ-πρῦς

95 1370 227 1405 ἀνόμοιον
242 1373 437 1400 ἐκπεπτωκότα
450 1374 537 1406 τέλος.
552 1374 618 1402 Εἶτα
637 1376 699 1408 τοὺς
713 1378 762 1412 τῆς
787 1378 888 1404 ἀνακε-

96 1416 277 1449 φαλαιὼσεως
299 1419 416 1453 τρόπους
428 1419 478 1447 ἀνὰ
494 1420 576 1456 μέρος
601 1422 667 1456 ἡμῖν
687 1423 893 1451 ἀπολευκαινειν

95 1463 209 1495 suam,
230 1465 296 1491 ποτὲ
323 1466 372 1501 μὲν
391 1466 508 1500 ἔφασκε·
529 1476 538 1492 ‹
557 1467 594 1494 Τὸ
620 1468 673 1504 γὰρ
696 1469 826 1496 ἀδύνατον
845 1471 891 1497 τοῦ

96 1509 191 1544 νόμου,
217 1512 245 1537 ὲν
266 1507 289 1545 ᾧ
309 1511 418 1546 ἠσθένει
439 1513 483 1540 διὰ
508 1513 558 1548 τῆς
586 1515 700 1550 σαρκὸς,
721 1517 735 1542 6
761 1516 827 1549 Θεδς
846 1518 892 1545 τὸν

96 1554 196 1582 ἑαυτοῦ
213 1555 277 1583 Υίὸν
292 1557 403 1592 πέμψας
426 1558 454 1584 ὲν
470 1559 622 1594 ὁμοιώματι
642 1561 741 1596 σαρκὸς
755 1562 892 1598 ἁμαρτίας

96 1600 223 1636 καὶπερὶ
243 1602 392 1637 ἁμαρτίας,
409 1604 553 1640 κατέκρινε
567 1599 621 1641 ἰὴν
643 1606 782 1642 ἁμαρτίαν
804 1609 833 1635 ὲν
856 1610 891 1645 τῇ

97 1647 192 1680 σαρκὶ,
209 1647 250 1673 ἵνα
265 1648 296 1674 τὸ
306 1647 441 1684 δικαίωμα
463 1650 512 1676 τοῦ
525 1650 607 1685 νόμου
626 1651 756 1689 πληρωθῇ
772 1653 801 1679 ὲν
813 1654 889 1689 ἡμῖν,

95 1693 154 1724 τοῖς
173 1693 210 1727 μὴ
226 1694 296 1721 κατά
308 1695 398 1730 σάρκα
414 1697 620 1731 περιπατοῦσιν,
633 1699 700 1726 ἀλλὰ
717 1699 787 1725 κατὰ
803 1699 887 1726 πνεῦ-

980 1050 1119 1084 Quocirca
1134 1059 1216 1079 unam
1236 1051 1348 1086 quidem
1363 1058 1456 1078 veram
1478 1054 1504 1078 et
1523 1051 1677 1086 generalem
1692 1052 1735 1080 in-

946 1098 1116 1125 carnationis
1135 1097 1275 1134 Unigeniti
1296 1105 1410 1126 causam
1428 1098 1539 1126 divinus
1561 1098 1663 1127 Paulus
1688 1108 1736 1127 no-

945 1144 988 1172 bis
1001 1152 1152 1179 exponens,
1170 1145 1261 1173 aiebat
1276 1154 1283 1172 :
1303 1155 1312 1171 ‹
1328 1145 1432 1173 Placuit
1452 1145 1525 1172 enim
1543 1145 1598 1172 Deo
1612 1154 1644 1172 ar,
1660 1146 1734 1174 Patri

945 1189 1100 1218 instaurare
1120 1191 1213 1218 omnia
1232 1191 1260 1218 in
1279 1191 1392 1219 Christo
1403 1190 1509 1218 “.iUbi
1528 1192 1682 1219 instaurare
1693 1193 1733 1219 si-

945 1238 1057 1273 gniﬁcat
1074 1239 1101 1265 iu
1119 1239 1268 1274 pristinum
1298 1244 1399 1267 statum
1425 1247 1558 1267 revocare
1574 1248 1634 1274 qua:
1650 1241 1678 1267 in
1692 1241 1734 1267 di~

945 1291 1055 1310 versum
1069 1283 1150 1318 plane
1166 1283 1271 1310 exitum
1287 1283 1456 1311 ceciderant.
1474 1283 1609 1312 Praeterea
1625 1285 1732 1313 instau-

943 1329 1061 1356 rationis
1081 1329 1178 1356 modos
1203 1329 1346 1364 sigillatim
1364 1329 1445 1358 nobis
1469 1331 1563 1358 volens
1581 1331 1730 1366 explicare,

944 1375 1026 1402 modo
1055 1375 1166 1410 quidem
1193 1375 1306 1403 aiebat:
1338 1375 1427 1403 «Nam
1460 1377 1532 1411 quod
1562 1377 1732 1413 impossibile

943 1424 1003 1447 erat
1026 1420 1089 1455 legi,
1108 1421 1134 1447 in
1156 1428 1211 1455 quo
1236 1420 1428 1448 inﬁrmabatur
1453 1429 1501 1456 per
1517 1429 1640 1454 carnem,
1661 1422 1731 1450 Deus

944 1465 1044 1493 Filium
1056 1474 1136 1494 suum
1155 1467 1269 1494 mittens
1287 1466 1314 1494 in
1332 1467 1541 1495 similitudinem
1559 1468 1652 1496 carnis
1667 1476 1730 1503 pec-

944 1513 1041 1539 catiet
1056 1512 1090 1540 de
1113 1516 1240 1547 peccatu,
1255 1512 1340 1547 820
1364 1513 1505 1540 damnavit
1531 1517 1675 1548 peccatum
1702 1514 1729 1541 in

943 1565 1037 1589 carne,
1055 1562 1085 1585 ut
1098 1558 1263 1592 justiﬁeatio
1277 1558 1344 1593 legis
1363 1558 1522 1593 impleretur
1534 1559 1562 1586 in
1577 1559 1666 1592 nobis,
1682 1560 1728 1594 qui

942 1611 997 1631 non
1015 1604 1167 1632 secundum
1191 1611 1302 1631 carnem
1318 1604 1504 1636 ambulamus,
1517 1605 1564 1632 sed
1577 1605 1728 1633 secundum

943 1649 1076 1684 Spiritum
1089 1650 1129 1684 ";
1143 1659 1151 1675 |
1170 1650 1251 1678 modo
1263 1657 1328 1677 vero
1341 1658 1438 1678 rursus
1451 1659 1457 1677 :
1474 1650 1558 1683 «Quia
1573 1659 1640 1686 ergo
1651 1652 1727 1686 pueri

942 1696 1218 1724 communicaverunt
1234 1697 1312 1724 carni
1326 1701 1354 1724 ct
1374 1697 1511 1732 sanguini.
1527 1701 1554 1724 et
1568 1697 1627 1732 ipse
1649 1697 1726 1724 simi-

99 1745 148 1771 μα·
170 1747 180 1762 ι
195 1738 260 1764 ποτὲ
284 1738 313 1765 δὲ
335 1739 415 1766 πάλιν
430 1748 436 1755 ·
454 1749 463 1765 ι
488 1741 597 1777 Ἐπειδὴ
612 1741 666 1777 γὰρ
681 1742 717 1769 τὰ
734 1742 828 1769 παιδία
844 1751 888 1769 κε-

945 1742 1006 1770 Iiter
1025 1743 1203 1778 participavit
1216 1743 1332 1775 eisdem,
1351 1747 1381 1770 ut
1398 1750 1447 1778 per
1470 1747 1591 1770 mortem.
1604 1743 1727 1771 destrue-

96 1783 248 1819 κἰινώνηκε
264 1785 365 1820 σαρκὸς
380 1787 426 1813 καὶ
445 1787 570 1822 αἵματος,
588 1787 633 1814 διὰ
647 1788 726 1815 τοῦτο
746 1789 794 1816 καὶ
810 1790 890 1821 αὐτὸς

98 1830 304 1864 παραπλησίως,
314 1831 429 1867 μετέσχε
445 1833 499 1859 τῶν
513 1833 615 1865 αὐτῶν,
631 1834 674 1861 ἵνα
689 1834 734 1861 διὰ
748 1835 794 1862 τοῦ
806 1835 889 1863 θανά-

96 1884 145 1902 του
165 1877 331 1913 καταργήσῃ
343 1878 388 1904 τὸν
410 1878 441 1904 τὸ
462 1879 560 1914 κράτος
578 1879 675 1915 ἔχοντα
697 1880 744 1907 τοῦ
763 1881 888 1914 θανάτου,

96 1921 168 1948 τοῦτ’
183 1922 241 1949 ἐστι
257 1922 304 1949 τὸν
318 1923 448 1956 διάϐολον,
464 1926 510 1952 καὶ
531 1925 672 1962 ἀπαλλάξῃ
690 1926 812 1959 τούτους,
833 1928 889 1955 ὅσοι

97 1968 171 2002 φόϐῳ
186 1968 301 1995 θανάτου
317 1969 360 1996 διὰ
382 1970 480 2002 παντὸς
502 1971 549 1998 τοῦ
570 1971 619 2008 ζῇν
641 1972 727 2008 ἔνοχοι
745 1971 815 2008 ἦσαν
830 1974 890 2000 δου-

97 2013 182 2046 λείας.
195 2023 204 2039 ι
223 2015 279 2041 Καὶ
291 2015 338 2042 δύο
356 2015 405 2050 μὲν
417 2017 528 2048 τούτους
544 2017 609 2053 ἡμῖν
619 2018 669 2054 τῆς
683 2018 889 2053 ἀνακεφαλαιώ-

96 2068 167 2092 cem;
187 2061 307 2096 τρόπους
330 2062 487 2096 ἀναγκαίως
509 2063 621 2099 ἔχοντας
642 2064 693 2099 τῆς
713 2065 887 2102 ὲνανῦρωπή-

96 2114 166 2137 esto;
176 2105 224 2133 τοῦ
239 2107 408 2141 Μονογενοῦς
419 2107 464 2134 τὸν
480 2108 557 2141 λόγον
573 2110 587 2135 6
604 2109 709 2141 Παῦλος
721 2109 887 2146 ἐξηγήσατο·

94 2152 197 2187 τρόπον
219 2152 248 2178 δὲ
269 2152 316 2180 ἐπὶ
338 2153 442 2185 τούτοις
464 2154 519 2181 τῶν
543 2155 643 2190 ἑτέρων
666 2157 849 2191 περιεκτικὸν,
875 2158 889 2183 6

95 2198 180 2233 σοφὸς
193 2198 390 2235 εὐαγγελιστὴς
408 2200 543 2236 Ἰωάννης.
554 2201 656 2236 Γράφει
671 2202 725 2237 γὰρ
741 2202 812 2229 οὕτω
824 2204 889 2239 περὶ

95 2244 216 2279 Χριστοῦ
227 2253 234 2261 ·
251 2254 260 2270 ι
278 2245 331 2276 Εἰς
344 2245 378 2272 τὰ
403 2245 456 2272 ἴδια
470 2243 546 2281 ἦλθε,
570 2245 617 2273 καὶ
637 2248 661 2273 ot
678 2246 738 2273 ἴδιοι
757 2247 837 2274 αὑτὸν
857 2248 887 2274 οὐ

94 2289 268 2325 παρέλαϐον’
283 2291 341 2317 ὅσοι
357 2290 384 2317 δὲ
400 2291 496 2318 ἔλαϐον
517 2292 608 2323 αὐτὸν,
622 2292 721 2319 ἔδωκεν
737 2293 828 2325 αὐτοῖς
843 2293 887 2326 EE-

93 2336 191 2363 ουσίαν
215 2336 298 2362 τέκνα
320 2335 388 2362 Θεοῦ
416 2337 551 2370 γενέσθαι,
571 2339 626 2370 τοῖς
654 2338 826 2366 πιστεύουσιν
848 2340 887 2372 είς

92 2382 124 2408 τὸ
138 2382 226 2417 ὄνομα
237 2382 329 2415 αὐτοῦ,
345 2382 369 2409 οἳ
383 2383 432 2410 οὐκ
447 2383 476 2415 ἐξ
487 2384 620 2419 αιμάτων,
632 2384 691 2411 οὐδὲ
713 2386 745 2412 ὲκ
767 2385 886 2421 θελήμα-

91 2437 139 2459 τος
162 2429 273 2464 σαρκδς,
287 2429 348 2455 οὐδὲ
371 2429 402 2455 ὲκ
417 2429 568 2464 Θελὴματος
582 2429 688 2466 ἀνδρὸς,
701 2430 758 2456 ἀλλ’
772 2430 886 2458 ὲκ-Θεοῦ

92 2475 291 2509 ἐγεννήθησαν.
312 2483 322 2499 ι
341 2475 476 2510 Πρόδηλον
490 2472 536 2502 οὖν
550 2475 604 2511 ἄρα
627 2475 673 2502 καὶ
691 2476 783 2508 πᾶσιν,
797 2473 885 2511 οἶμαι,

91 2520 222 2554 διαφανὲς
239 2520 279 2547 ὅτι
295 2519 398 2546 τούτων
413 2520 494 2546 ἕνεκα
516 2519 550 2555 δὴ
573 2520 688 2555 μάλιστα
704 2520 758 2547 τῶν
781 2521 885 2551 αἰτιῶν.

92 2566 162 2598 Θεὸς
177 2566 225 2592 καὶ
243 2566 276 2592 ἐκ
295 2565 362 2592 θεοῦ
392 2565 463 2592 κατὰ
483 2566 563 2600 φύσιν
588 2567 727 2602 ὑπάρχων,
745 2566 887 2602 ἄνθρωπος

93 2612 208 2646 γέγονεν
228 2613 242 2639 6
264 2611 429 2647 Μονογενὴς,
449 2612 492 2639 ἵνα
512 2612 631 2648 δηλονότι
660 2613 811 2648 κατακρίνῃ
838 2612 887 2647 μὲν

93 2658 144 2693 τὴν
167 2658 306 2694 ἁμαρτίαν
323 2659 351 2684 ἐν
365 2659 400 2694 τῇ
426 2659 516 2694 σαρκὶ,
535 2659 660 2695 νεκρώσῃ
674 2658 701 2685 δὲ
713 2659 751 2694 τῷ
768 2658 825 2694 ἰδίῳ
840 2658 887 2684 θα-

94 2705 168 2740 νάτῳ
190 2704 237 2731 τὸν
251 2704 377 2737 Θάνατον,
402 2705 450 2731 καὶ
472 2705 547 2736 υιοὺς
566 2705 638 2740 ἡμᾶς
654 2705 782 2742 ἁπῶείξῃ
805 2704 884 2736 Θεοῦ,

95 2750 164 2786 πρὸς
179 2750 209 2777 τδ
223 2750 295 2786 ὑπὲρ
308 2749 389 2784 φύσιν
403 2750 510 2785 ἀξίωμα
526 2751 588 2782 τοὺς
610 2751 688 2783 δντας
706 2751 752 2777 ἐπὶ
772 2751 820 2786 τῆς
836 2752 887 2786 γῆς

95 2796 284 2831 ἀναγεννήσας
317 2796 346 2821 ὲν
371 2795 518 2830 Πνεῦματι.
539 2794 591 2822 ἾΙν
621 2797 673 2832 γὰρ
700 2796 806 2832 δήπου,
841 2796 887 2823 καὶ

942 1792 984 1815 ret
997 1795 1060 1816 eum
1083 1789 1130 1824 qui
1143 1789 1264 1817 habebat
1279 1789 1378 1817 mortis
1389 1789 1549 1824 imperium,
1566 1789 1592 1816 id
1613 1793 1656 1816 est
1669 1789 1728 1816 dia-

941 1834 1046 1866 bolum,
1058 1838 1086 1862 et
1101 1834 1231 1862 liberaret
1249 1840 1308 1865 eos,
1322 1834 1369 1869 qui
1384 1833 1484 1862 timore
1507 1833 1604 1861 mortis
1619 1841 1668 1868 per
1683 1836 1726 1860 tu-

942 1885 997 1906 tam
1011 1880 1096 1907 vitam
1111 1877 1226 1907 obnoxii
1236 1883 1315 1907 erant
1329 1879 1456 1907 servituti
1467 1879 1524 1906 ".1
1540 1879 1574 1906 Et
1583 1878 1652 1906 duos
1664 1879 1728 1913 qui-

941 1925 1004 1953 dem
1020 1925 1072 1953 hos
1091 1925 1172 1953 nobis
1192 1924 1401 1953 instaurationis
1418 1924 1514 1952 modos
1529 1923 1727 1951 incarnationis

942 1971 1083 2007 Unigeniti
1104 1971 1242 1998 rationem
1258 1970 1416 1998 necessario
1431 1970 1606 1997 continentes
1624 1969 1727 1996 Paulus

941 2018 1089 2054 exposuit;
1106 2018 1154 2046 sed
1183 2018 1294 2052 sapiens
1320 2017 1488 2052 evangelista
1514 2016 1726 2048 Joannes,.nto-

941 2065 1006 2092 dum
1030 2068 1163 2099 przeterea
1182 2063 1230 2099 qui
1247 2067 1361 2090 caeteros
1378 2063 1577 2097 complectitur.
1593 2061 1638 2088 Sic
1652 2061 1724 2089 enim

941 2109 1038 2138 scribit
1052 2108 1210 2136 ile-Christo
1228 2117 1234 2135 :
1255 2118 1263 2134 ι
1275 2107 1442 2143 lmpropria
1457 2107 1542 2139 venit,
1557 2111 1584 2134 et
1601 2107 1644 2134 sui
1663 2114 1725 2134 eum

940 2162 997 2182 non
1012 2157 1175 2189 receperunt
1190 2162 1196 2180 :
1213 2156 1351 2188 quotquot
1366 2156 1458 2179 autem
1475 2156 1639 2186 receperunt
1651 2159 1724 2184 eum,

940 2198 1015 2226 dedit
1037 2199 1088 2226 eis.
1106 2202 1268 2233 potestatem
1291 2197 1362 2224 iilios
1381 2196 1427 2224 Dei
1447 2195 1515 2229 ﬁeri,
1540 2195 1583 2223 his
1599 2196 1644 2231 qui
1665 2203 1726 2223 crc-

939 2245 1011 2272 dunt
1036 2245 1063 2272 in
1090 2244 1202 2271 nomine
1228 2243 1311 2277 ejus:
1329 2242 1375 2278 qui
1401 2250 1512 2270 nonex
1532 2242 1724 2277 sanguinibus.

939 2298 1029 2325 neque
1039 2298 1072 2317 ex
1085 2290 1228 2317 voluntate
1239 2289 1342 2319 carnis,
1357 2296 1447 2323 neque
1461 2295 1494 2315 ex
1508 2287 1649 2315 voluntate
1662 2287 1725 2318 viri.

939 2336 986 2364 sed
1002 2344 1036 2364 ex
1052 2335 1107 2363 Deo
1125 2336 1182 2362 nati
1200 2339 1266 2362 sunt
1281 2335 1314 2362 ⁸⁸.
1331 2344 1340 2361 ι
1362 2334 1535 2361 Manifestum
1553 2338 1597 2361 est
1618 2335 1725 2361 cunctis

939 2383 1024 2418 igitur
1047 2389 1094 2410 eas
1118 2381 1238 2409 maxime
1261 2382 1297 2409 oh
1321 2389 1422 2408 causas
1450 2381 1638 2416 Unigenitum,
1662 2388 1724 2407 cum

904 2423 924 2450 Ι)
940 2429 1012 2456 Deus
1028 2428 1064 2455 sit
1076 2433 1102 2455 ct
1115 2435 1148 2455 es
1164 2427 1219 2454 Deo
1233 2427 1383 2454 secundum
1402 2431 1528 2453 naturam
1543 2426 1669 2459 exsistat,
1680 2425 1724 2454 ,fa.~

940 2480 1014 2502 ctum
1028 2482 1089 2502 esse
1110 2474 1257 2506 hominem,
1274 2478 1302 2500 ut
1319 2473 1448 2500 nimirum
1463 2472 1609 2500 damnaret
1618 2480 1724 2507 .peccae

940 2523 998 2547 tum
1022 2519 1049 2546 iu
1072 2526 1155 2546 cartte
1177 2523 1204 2546 et
1225 2522 1313 2545 morte
1332 2525 1380 2546 sua
1411 2521 1526 2544 mortem
1558 2517 1723 2548 destrueret,

941 2573 1047 2600 nosque
1073 2565 1118 2592 Dei
1143 2565 1214 2593 ﬁlios
1232 2564 1361 2597 ediceret,
1378 2571 1409 2591 ex
1430 2568 1545 2590 terrena
1562 2563 1726 2590 conditione

940 2615 1119 2647 regeneratos
1135 2611 1163 2638 in
1179 2610 1295 2646 Spiritu.
1308 2609 1367 2637 Hoc
1386 2610 1458 2636 enim
1483 2608 1578 2643 utique
1593 2608 1675 2635 modo
1693 2608 1725 2635 li-

941 2658 1021 2686 cebat
1045 2658 1203 2684 instaurare
1219 2656 1289 2684 etin
1308 2655 1451 2691 pristinum
1475 2659 1576 2682 statum
1595 2662 1726 2682 revocare

942 2705 1050 2739 lapsum
1075 2711 1162 2739 genus
1178 2702 1331 2731 hominum.
1350 2701 1459 2730 Rursus
1480 2708 1644 2735 unaquaque
1660 2707 1726 2728 cau-

942 2758 1034 2777 sarum
1046 2750 1160 2777 istarum
1177 2748 1204 2775 in
1222 2747 1442 2783 medioprolata,
1455 2751 1638 2775 consentanea
1654 2753 1725 2782 quat-

941 2797 1004 2824 dam
1017 2795 1152 2823 dicamus.
1203 2806 1207 2811 -

97 2842 171 2878 μάλα
183 2841 285 2873 καλῶς,
299 2841 372 2868 κατὰ
388 2842 493 2869 τουτονὶ
510 2842 557 2868 τδν
574 2841 672 2878 τρόπον
688 2841 979 2876 ἀνακεφαλαιώσασοαι
1016 2842 1097 2868 πάλιν
1122 2842 1167 2868 καὶ
1193 2842 1232 2872 εἰς
1265 2843 1296 2870 τὸ
1315 2841 1425 2876 ἀρχαῖον
1461 2837 1603 2868 ἀναλαϐεῖν
1637 2839 1666 2867 τὸ
1687 2837 1723 2865 δι-

131 2898 154 2914 ”
169 2897 273 2933 Ephcs.
289 2906 308 2930 ι,
328 2897 371 2926 10.
413 2899 434 2914 ⁵⁸
450 2897 530 2927 Rom.
548 2906 608 2933 vui.
625 2899 651 2932 3.
667 2899 695 2928 4.
733 2900 755 2918 ⁸³
771 2899 854 2928 Hebr.
873 2907 891 2928 tt

945 2900 964 2933 i,
983 2900 1026 2928 15-.
1064 2900 1086 2916 "
1106 2898 1184 2927 ιω.
1205 2907 1223 2932 t,
1241 2898 1334 2926 “~13.
