1926 3041
191 145 246 174 175

689 141 716 169 S.
737 140 874 169 CYRILLI
893 140 1128 170 ALEXANDRINI
1147 142 1306 171 ARCMER

1769 142 1822 170 276

190 201 337 237 ολισθῆσαν
354 200 441 234 γένος,
454 199 525 227 τοῦτ’
548 199 605 225 ἐστι
630 197 660 224 τὸ
684 197 864 233 ἀνθρώπινον.
885 196 970 225 Πάλιν
997 196 1116 233 ἑκάστην
1131 198 1170 233 τῷ
1186 198 1257 234 λόγῳ
1272 198 1439 233 παραθέντες
1453 198 1508 225 τῶν
1522 196 1623 233 ἀρτίως
1648 197 1715 233 ἡμῖν
1746 197 1823 232 εἰρη-

193 250 282 286 μένων
292 248 396 281 αἰτιῶν,
410 248 452 275 ἐπ’
463 248 531 282 αὐτῇ
545 246 579 274 τά
590 247 684 273 εἰκότα
696 244 830 280 λέγωμεν.

227 301 410 336 Quaerendum
431 304 488 333 quo
510 300 591 332 pacto
617 296 825 332 intelligendum
849 297 885 324 sit
906 295 979 331 quod

1061 292 1128 324 ’Πῶς
1143 293 1196 329 γὰρ
1217 293 1250 320 ἂν
1272 294 1319 320 καὶ
1344 293 1444 329 πρέποι
1466 294 1535 321 νοεῖν
1551 293 1681 329 ζητητέον
1700 294 1742 320 δτι
1758 302 1822 320 κατ-

193 349 333 378 damnavit
346 349 488 382 peccatum
502 345 529 370 in
545 350 640 374 carne,
657 343 742 370 misso
755 342 825 370 Fiiio
837 350 887 369 suo
911 342 981 368 Deus

193 403 225 423 ac
251 395 333 422 Pater
355 393 382 420 in
410 389 618 418 similitudinem
648 390 744 416 carnis
772 389 888 424 peccati.
914 388 981 415 Eum

191 442 304 478 quippe,
321 437 431 465 tametsi
446 435 519 463 Deus
538 435 575 462 sit
593 435 745 462 secundum
762 439 888 462 naturam
906 439 933 461 et
948 442 980 461 ex

191 488 253 521 ejus
270 484 426 513 substantia
448 483 572 517 genitus,
591 489 623 509 ac
643 481 895 509 immutabilitatem
918 488 982 515 pro-

191 531 318 568 prietatis
327 530 388 564 ejus
400 527 564 556 naturaliter
575 527 685 558 haheat,
697 527 867 563 proindeque
879 527 906 554 in
920 534 983 562 pec-

191 584 284 606 catum
298 577 350 604 labi
362 583 476 611 prorsus
486 575 602 607 nesciat,
612 578 659 602 aut
670 575 696 602 in
711 575 806 602 vitium
819 574 981 605 deﬂectere,

191 626 218 651 in
231 628 374 660 peccatum
385 628 477 650 tamen
487 622 564 649 carni
577 621 732 656 subjectum
742 621 908 649 descendere
920 620 984 648 fecit

194 671 278 701 ultro.
292 676 322 697 ut
340 670 427 705 ipsam
443 676 553 697 carnem
571 675 648 695 suam
665 667 790 696 ell‘ectam
812 667 844 694 ad
861 667 983 703 proprie-

194 721 278 743 tatem
303 723 382 743 suam
405 713 579 745 transferret,
601 713 628 740 id
650 718 693 741 est
718 713 824 749 peccati
845 717 983 741 exsortem

195 764 308 790 faceret.
318 762 374 789 Nec
388 761 461 789 enim
479 760 745 792 existimabimus,si
761 767 839 787 mens
853 766 921 787 sana
934 767 983 788 no-

195 809 237 836 bis
260 808 306 841 sit,
321 807 500 842 Unigenitum
518 805 622 833 factum
641 813 704 834 esse
719 806 873 838 hominem,
886 809 916 832 ut
933 813 984 834 suo

194 854 298 889 templo
317 854 406 881 solum
432 853 458 880 id
482 856 645 888 przestaret:
672 852 810 887 quomodo
829 852 903 880 enim
924 852 984 886 ejus

196 899 330 926 adventus
350 899 383 926 ad
399 906 450 926 nos
468 896 673 933 magniﬁcentia
694 901 721 924 et
742 897 850 925 utilitas
868 901 983 933 pateret,

197 945 219 971 si
233 952 313 971 suum
329 944 464 970 duntaxat
479 950 583 977 corpus
599 942 759 969 servasset?
776 943 823 970 sed
841 943 984 970 credemus

196 991 290 1026 potius
309 989 486 1024 Unigenitum
511 988 613 1016 factum
635 996 697 1016 esse
717 989 866 1023 hominem,
885 994 914 1017 ut
937 990 983 1024 qui

197 1042 302 1064 naturae
313 1036 448 1063 universa:
463 1043 512 1071 per
526 1035 648 1070 seipsum
664 1039 692 1062 et
702 1035 783 1070 εει
799 1036 826 1062 in
839 1043 869 1063 se
883 1036 982 1070 primo,

196 1083 272 1110 velut
296 1082 324 1110 in
348 1082 479 1117 primitiis
514 1081 697 1109 humanitatis
722 1082 794 1109 bona
824 1082 984 1110 vindicatu-

196 1136 246 1156 rus
259 1131 342 1156 esset.
362 1126 604 1160 Quemadmodum
628 1126 702 1153 enim
722 1134 778 1154 non
804 1131 921 1154 mortem
939 1134 986 1154 so-

196 1175 266 1207 lum,
290 1173 339 1202 sed
367 1173 513 1201 universas
529 1172 622 1201 carnis
647 1172 792 1208 passiones
822 1173 910 1201 secuti
938 1180 985 1200 su.-

197 1228 272 1254 mus,
297 1220 380 1255 idque
398 1219 478 1247 nobis
494 1219 521 1246 in
536 1219 626 1254 primo
646 1218 758 1246 homine
779 1218 906 1254 contigit,
920 1226 984 1246 cum

197 1270 308 1302 propter
324 1265 577 1301 praevaricationem
591 1267 648 1291 tum
664 1264 786 1291 divinam
808 1264 982 1292 maledictio-

200 1320 260 1341 nem
283 1319 291 1339 :
312 1311 420 1344 eodem,
446 1311 568 1346 opinor,
599 1309 683 1337 modo
710 1317 860 1345 sequemur
887 1317 986 1343 omnes

196 1358 349 1390 Christum,
360 1361 513 1385 servantem
522 1355 716 1390 multipliciter
724 1361 751 1383 et
764 1356 983 1384 sanctiticantem

197 1404 291 1432 carnis
319 1407 445 1431 naturam
469 1404 497 1430 in
525 1402 628 1437 seipso.
648 1401 753 1430 Idcirco
772 1402 854 1430 etiam
883 1402 986 1430 Paulus

199 1450 289 1478 aiebat
308 1459 315 1477 :
335 1459 345 1475 ι
362 1450 395 1477 Et
412 1449 484 1477 sicut
505 1450 678 1486 portavimus
703 1449 850 1484 imaginem
873 1448 985 1481 terreni,

198 1500 341 1531 portemus
363 1499 391 1524 et
416 1496 562 1530 imaginem
588 1495 756 1525 cmlestis‘".
770 1505 780 1521 ι
799 1495 891 1530 Imago
913 1495 986 1522 enim

198 1542 314 1574 terreni,
330 1542 383 1569 hoc
397 1546 439 1570 est
455 1541 551 1570 Adami
561 1563 569 1575 ,
583 1547 626 1571 est
639 1543 666 1569 in
683 1542 860 1577 passionibus
879 1545 908 1570 et
924 1548 988 1569 cor-

197 1589 328 1624 ruptione
345 1589 448 1616 versari
474 1598 481 1615 :
505 1589 595 1624 imago
618 1593 709 1616 autem
735 1589 867 1621 caelestis,
892 1587 921 1616 id
946 1591 989 1616 est

1032 339 1122 374 ἐκρινε
1136 339 1186 375 τὴν
1200 340 1337 375 ἁμαρτίαν
1352 341 1381 366 ἐν
1396 341 1428 375 τῇ
1450 340 1541 375 σαρκὶ,
1563 340 1673 375 πέμψας
1689 340 1736 366 τὸν
1759 340 1824 366 ῐδιον

1033 385 1096 412 Υἰὺν
1112 385 1127 410 ό
1139 385 1204 417 Θεὸς
1225 386 1271 412 καὶ
1285 385 1390 421 Πατὴρ,
1408 386 1437 411 ὲν
1453 385 1603 420 ὁμοιώματι
1620 385 1721 421 σαρκὸς
1737 386 1820 420 ἀμαρ-

1031 431 1102 463 τίας.
1117 431 1184 458 Θεὸν
1203 432 1258 467 γὰρ
1279 431 1344 458 όντα
1363 431 1433 458 κατὰ
1451 429 1531 465 φύσιν
1552 432 1599 458 καὶ
1617 432 1649 458 ὲκ
1667 432 1717 466 τῆς
1732 432 1825 462 οὐσίας

1032 477 1114 504 αὑτοῦ
1137 478 1285 512 πεφηνότα,
1309 478 1356 505 καὶ
1379 478 1410 505 τὸ
1434 477 1571 513 ἄτρεπτον
1586 478 1682 513 ἔχοντα
1702 478 1825 510 φυσικῶς

1032 523 1081 558 τῆς
1097 523 1225 559 ἰδιότητος
1245 523 1338 557 αὑτοῦ,
1357 524 1402 552 διά
1423 533 1453 551 τε
1471 524 1550 551 τοῦτο
1565 525 1601 560 μὴ
1616 525 1706 551 εἰδότα
1727 533 1826 551 παντε-

1033 569 1086 602 λῶς
1103 570 1134 596 τὸ
1149 570 1291 597 διολισθεῖν
1311 571 1351 602 εἰς
1372 571 1519 606 ἁμαρτίαν,
1541 571 1624 606 ἤγουν
1649 571 1824 605 παρατρέπε-

1033 615 1096 642 σθαί
1112 624 1157 642 ποι
1174 615 1242 651 πρὸς
1252 616 1282 643 τὸ
1296 616 1333 652 μὴ
1348 616 1409 652 ἔχον
1423 617 1522 652 ὀρθῶς,
1532 618 1571 648 εἰς
1593 616 1642 653 τὴν
1657 617 1827 643 ὑποπίπτου-

1034 670 1084 688 σαν
1103 663 1137 697 τῇ
1166 661 1248 698 σαρκὶ
1274 662 1411 697 ἁμαρτίαν
1443 662 1594 697 καταϐῆναι
1619 662 1826 698 παρεσκεύασεν

1033 710 1162 741 ἐθελοντὶ,
1177 710 1220 737 ἵνα
1234 710 1301 737 ἰδίαν
1323 711 1409 746 αὐτὴν
1432 711 1616 746 ποιησάμενος
1637 711 1739 746 σάρκα,
1762 711 1827 746 πρὸς

1033 756 1064 782 τὸ
1078 756 1142 782 ῐδιον
1154 755 1236 783 αὑτοῦ
1250 757 1297 783 καὶ
1311 757 1424 791 φυσικὸν
1440 758 1607 793 μεταστήσῃ,
1620 756 1694 784 τοῦτ’
1710 757 1782 789 ἔστι,
1798 757 1827 783 -σδ

1036 802 1073 838 μὴ
1089 802 1266 837 ἁμαρτάνειν,
1283 802 1321 829 Οὺ
1337 803 1392 839 γάρ
1425 803 1510 837 δήπου
1529 803 1735 839 διακεισόμεθα,
1764 812 1828 839 φρο-

1034 848 1143 880 νοῦντες
1166 847 1264 884 ὀρθῶς,
1284 848 1325 875 ὅτι
1341 848 1373 884 δὴ
1396 849 1468 884 μόνῳ
1489 848 1528 884 τῷ
1553 849 1646 885 οἰκείῳ
1667 849 1726 884 ναῷ
1751 849 1828 876 τοῦτο

1034 893 1215 929 κατορθώσων
1227 894 1338 929 γέγονεν
1346 894 1488 930 ἄνθρωπος
1501 895 1515 920 6
1526 894 1693 930 Μονογενής.
1701 894 1759 921 Ποῦ
1774 895 1827 931 γὰρ

1035 940 1069 967 ἂν
1092 940 1162 972 ὂλως
1187 939 1274 976 ὁρῷτο
1296 940 1344 976 τῆς
1369 940 1407 972 ὡς
1433 941 1508 975 ἡμᾶς
1524 940 1642 975 ἀφίξεως
1663 942 1694 967 τὸ
1713 941 1828 976 μεγαλο-

1037 986 1140 1022 πρεπὲς
1155 986 1202 1012 καὶ
1216 986 1364 1022 ὠφέλιμον,
1380 987 1404 1013 εἰ
1421 987 1500 1021 μόνον
1517 988 1547 1014 τὸ
1567 987 1664 1014 ἑαυτοῦ
1679 987 1829 1014 διεσώσατο

1038 1032 1135 1068 caua;
1155 1032 1335 1068 πιστεύσομεν
1348 1033 1376 1059 δὲ
1396 1033 1494 1068 μᾶλλον
1508 1033 1546 1065 ὡς
1569 1034 1615 1069 ὅλῃ
1639 1035 1672 1070 τῇ
1698 1034 1779 1069 φύσει
1796 1034 1829 1060 δι’

1037 1076 1146 1108 ἑαυτοῦ,
1157 1077 1204 1104 καὶ
1217 1077 1246 1103 ἐν
1262 1077 1337 1112 αὐτῷ
1349 1076 1459 1113 πρώτῳ,
1473 1078 1598 1113 καθάπερ
1609 1079 1638 1104 ὲν
1654 1079 1765 1114 ἀπαρχῇ
1781 1080 1829 1113 τῆς

1037 1124 1245 1159 ἁνθρωπότητος
1267 1124 1450 1159 περιποιήσων
1468 1124 1504 1152 τά
1529 1125 1631 1159 ἀγαθὰ,
1646 1125 1742 1160 γέγονε
1768 1125 1828 1153 καθ’

1037 1170 1112 1205 ἡμᾶς
1135 1170 1149 1196 6
1177 1170 1342 1206 Μονογενής.
1363 1170 1468 1206 Ὥσπερ
1494 1171 1548 1207 γὰρ
1571 1171 1631 1205 οὐχὶ
1653 1171 1692 1207 τῷ
1721 1171 1829 1206 Θανάτῳ

1040 1216 1130 1251 μόνον,
1156 1216 1213 1242 ἀλλ’
1237 1216 1308 1248 ὅλοις
1333 1216 1554 1252 ἠκολουθήσαμεν
1579 1219 1636 1250 τοῖς
1657 1218 1757 1245 πάθεσι
1782 1219 1828 1253 τῆς

1040 1263 1151 1298 σαρκός.
1164 1263 1192 1289 ὲν
1205 1262 1244 1297 τῷ
1258 1262 1359 1298 πρώτῳ
1372 1262 1453 1290 τοῦτο
1476 1263 1608 1296 παθόντες
1624 1264 1772 1300 ἀνθρώπῳ,
1787 1265 1829 1291 διά

1038 1316 1068 1334 τε
1095 1307 1145 1343 τὴν
1167 1307 1323 1342 παράὸασιν
1349 1307 1395 1334 καὶ
1417 1308 1466 1343 τὴν
1490 1308 1564 1336 θείαν
1589 1310 1672 1345 ἀράν⁸
1698 1309 1771 1337 κατὰ
1786 1310 1829 1336 τὸν

1039 1353 1131 1386 αὑτὸν,
1146 1351 1232 1389 οἶμαι,
1245 1353 1346 1389 τρόπον
1362 1353 1482 1390 ἑψόμεθα
1497 1355 1653 1390 σύμπαντες
1668 1356 1707 1392 τῷ
1721 1356 1829 1392 Χριστῷ

1039 1400 1198 1433 διασώζοντι
1215 1400 1390 1434 πολυτρόπως
1415 1401 1463 1428 καὶ
1477 1402 1616 1435 ἀγιάζοντι
1632 1402 1681 1438 τὴν
1700 1403 1751 1438 τῆς
1768 1411 1831 1438 σαρ-

1040 1447 1088 1479 κὸς
1102 1447 1183 1481 φύσιν
1195 1447 1224 1474 ὲν
1234 1447 1332 1482 ἑαυτῷ.
1349 1448 1394 1474 Διὸ
1408 1449 1453 1475 καὶ
1465 1449 1479 1475 6
1494 1449 1598 1481 Παῦλος
1612 1449 1714 1484 ἔφασκε
1724 1458 1732 1465 ·
1751 1459 1761 1476 ι
1778 1451 1830 1477 Καὶ

1040 1493 1133 1525 καθὼς
1148 1493 1319 1528 ἑφορέσαμεν
1341 1493 1390 1528 τὴν
1409 1494 1501 1521 εἰκόνα
1521 1495 1568 1522 τοῦ
1590 1495 1693 1530 χοϊκοῦ,
1708 1495 1830 1530 φορέσω-

1042 1550 1092 1577 μεν
1116 1541 1163 1568 καὶ
1188 1540 1237 1576 τὴν
1261 1540 1354 1567 εἰκόνα
1381 1539 1428 1567 τοῦ
1455 1541 1627 1577 ἐπουρανίου.
1646 1551 1654 1567 ι
1673 1541 1763 1568 Εἰκὼν
1779 1541 1832 1578 γὰρ

1041 1588 1087 1614 τοῦ
1099 1587 1203 1622 χοϊκοῦ.
1217 1586 1290 1614 τοῦτ’
1303 1579 1377 1613 ἐστιν
1392 1587 1485 1622 Ἀδὰμ,
1501 1587 1531 1614 τὸ
1546 1588 1576 1614 ὲν
1589 1588 1688 1615 πάθεσι
1705 1588 1832 1622 γενέσθαι

198 1635 313 1668 Christi,
329 1640 370 1662 est
389 1635 533 1663 affectibus
547 1640 574 1663 et
586 1635 766 1671 corruptione
781 1642 897 1663 vacuum
913 1642 985 1663 esse.

1043 1634 1090 1661 καὶ
1115 1633 1219 1669 φθορᾷ·
1247 1631 1329 1659 εἰκὼν
1353 1632 1382 1659 δὲ
1408 1632 1454 1659 τοῦ
1479 1633 1652 1668 ἐπουρανίου.
1673 1633 1748 1660 τοῦτ’
1776 1634 1833 1660 ἐστι

199 1681 345 1708 Damnavit
369 1681 452 1716 igitur
467 1685 612 1717 peccatum
628 1682 656 1710 in
671 1689 721 1710 sua
738 1689 832 1712 carne,
851 1680 923 1709 Deus
940 1688 989 1708 ex-

198 1728 302 1755 nistens
318 1727 467 1755 secttndum
487 1732 626 1760 naturam,
647 1727 780 1760 Verbum,
795 1727 898 1762 jubens
922 1727 988 1754 illud

199 1779 313 1800 cessare
334 1777 361 1800 et
382 1773 415 1800 ad
438 1772 486 1800 Dei
501 1773 673 1801 voluntatem
692 1773 782 1808 potius
802 1779 884 1807 quam
911 1779 989 1799 suam

199 1819 391 1851 conformans,
409 1823 490 1854 atque
503 1819 542 1846 ita
562 1827 674 1854 corpus,
692 1819 810 1846 animale
823 1825 886 1845 cum
905 1821 989 1850 esset,

201 1865 293 1894 effecit
312 1864 379 1892 illud
404 1865 538 1905 spiritale.
565 1865 644 1893 Unus
670 1865 755 1900 igitur
777 1863 990 1892 instaurationis

203 1912 249 1939 hic
265 1911 362 1939 modus
375 1917 417 1940 est
433 1921 439 1939 :
456 1911 503 1940 sed
515 1911 586 1939 alter
595 1911 670 1940 subit
682 1911 800 1938 maxime
812 1910 990 1942 conveniens,

201 1965 236 1986 ac
262 1965 355 1986 rerum
388 1957 592 1993 propositarum
619 1957 844 1992 contemplationi
871 1956 991 1984 debitus.

202 2003 379 2039 hopesitum
405 2007 495 2031 autem
515 2006 558 2030 est
583 2002 617 2030 de
637 2007 740 2030 aeterna
758 2002 815 2029 vita
837 2001 949 2034 dicere,
965 2006 992 2028 et

202 2050 303 2077 mortis
313 2048 514 2081 destructione,
526 2053 553 2076 et
564 2055 620 2083 quo
631 2051 713 2083 pacto
728 2055 743 2074 a
759 2052 856 2075 natura
871 2048 991 2074 humana

201 2095 410 2130 corruptionem
444 2094 610 2129 Unigenitus
645 2093 786 2121 averterit.
825 2102 835 2119 ι
855 2092 992 2125 Quoniam

202 2141 287 2176 igitur
307 2140 384 2176 pueri
406 2141 651 2168 communicarunt
673 2139 751 2166 carni
768 2143 796 2166 et
811 2138 950 2174 sanguini,
965 2142 993 2166 et

202 2188 263 2222 ipse
285 2187 369 2215 simili
388 2186 472 2213 modo
497 2185 676 2221 participavit
697 2185 813 2216 eisdem,
833 2189 863 2211 ut
878 2189 992 2212 mortem

201 2233 360 2261 destrueret
371 2232 405 2265 ⁸⁸,
420 2241 429 2257 ι
450 2235 477 2260 et
498 2231 545 2266 qui
565 2239 574 2256 ι
587 2231 693 2258 creavit
718 2234 748 2257 ut
771 2235 866 2259 essent
887 2232 992 2262 omnia,

201 2283 232 2306 et
245 2279 383 2306 salutares
395 2277 459 2305 fecit
473 2277 663 2312 generationes
678 2276 784 2307 mundi,
794 2285 803 2302 ι
819 2281 849 2304 ιιι
860 2277 992 2312 scriptum

1041 1678 1170 1714 Χριστοῦ,
1195 1677 1227 1704 τὸ
1253 1677 1282 1704 ὲν
1306 1676 1425 1713 ἀπαθείᾳ
1449 1677 1575 1712 γενέσθαι
1604 1679 1652 1705 καὶ
1683 1678 1832 1714 ἀφθαρσίᾳ.

1040 1724 1192 1760 Κατέκρινε
1217 1723 1307 1750 τοίνυν
1330 1722 1379 1758 τὴν
1405 1723 1544 1759 ἁμαρτίαν
1565 1725 1593 1750 ὲν
1607 1725 1640 1759 τῇ
1661 1723 1713 1759 ἰδία
1740 1724 1833 1759 σαρκὶ,

1039 1770 1107 1802 Θεὸς
1123 1769 1254 1805 ὑπάρχων
1273 1769 1344 1796 κατά
1359 1769 1451 1804 φύσιν,
1470 1771 1485 1797 6
1509 1770 1606 1804 Λόγος,
1627 1771 1723 1806 ἀργεῖν
1741 1771 1836 1797 ἐπιτά-

1041 1817 1089 1851 ξας
1111 1817 1191 1852 αὐτῇ,
1206 1816 1253 1843 καὶ
1281 1816 1503 1852 μεταρρυθμίσας
1524 1817 1624 1852 μᾶλλον
1648 1817 1689 1849 εἰς
1703 1817 1735 1844 τὸ
1752 1818 1835 1844 κινεῖς

1041 1863 1105 1890 σθαι
1121 1862 1189 1898 πρὸς
1209 1862 1239 1889 τὺ
1258 1861 1353 1889 δοκοῦν
1369 1862 1409 1898 τῷ
1429 1862 1489 1898 Θεῷ
1502 1863 1550 1889 καὶ
1571 1863 1607 1898 μὴ
1632 1863 1700 1898 πρὸς
1716 1863 1748 1890 τδ
1771 1863 1835 1890 ἴδιον

1041 1909 1081 1936 ἔτι
1095 1909 1215 1945 θέλημα·
1229 1909 1300 1936 οὕτω
1315 1917 1345 1936 τε
1360 1909 1474 1945 ψυχικὸν
1489 1910 1610 1945 ὑπάρχον
1624 1909 1655 1936 τὸ
1673 1909 1754 1945 σῶμα
1770 1918 1836 1936 κατ-

1042 1955 1174 1982 εσκεύασε
1197 1955 1390 1991 πνευματικόν.
1420 1953 1467 1988 Εἷς
1490 1956 1540 1992 μὲν
1561 1954 1606 1983 οὖν
1631 1956 1681 1992 τῆς
1697 1958 1837 1992 ἀνακεφα-

1042 2001 1181 2033 λαιώσεως
1200 2001 1291 2028 οὑτοσὶ
1311 2002 1422 2038 τρόπος
1436 2002 1451 2029 ό
1470 2002 1499 2028 δὲ
1517 2002 1563 2029 καὶ
1580 2003 1697 2038 μάλιστα
1709 2004 1835 2039 πρέπων,

1043 2048 1090 2074 καὶ
1104 2048 1137 2083 τῇ
1150 2046 1206 2074 τῶν
1220 2048 1408 2083 προκειμένων
1421 2047 1523 2084 θεωρίᾳ
1533 2048 1767 2084 χρεωστούμενος,
1777 2050 1837 2084 μετ’

1043 2094 1145 2120 ἐκεῖνον
1160 2093 1326 2129 εἰσϐήσεται.
1341 2094 1520 2130 Προκείσεται
1542 2095 1570 2121 δὲ
1592 2096 1678 2122 εἰπεῖν
1698 2096 1765 2131 περὶ
1788 2097 1838 2131 τῆς

1043 2137 1153 2165 αἰωνίου
1165 2137 1248 2173 ζωῆς,
1261 2139 1309 2164 καὶ
1322 2138 1373 2173 τῆς
1388 2138 1434 2165 τοῦ
1449 2138 1565 2166 θανάτου
1581 2140 1752 2176 νεκρὼσεως,
1764 2142 1838 2173 ὅπως

1043 2193 1074 2211 τε
1088 2184 1139 2219 τῆς
1154 2184 1328 2220 ἀνθρωπείας
1344 2184 1453 2220 φύσεως
1467 2185 1516 2221 τὴν
1531 2187 1563 2213 ὲκ
1586 2187 1636 2222 τῆς
1653 2187 1839 2221 παραϐάσεως

1045 2230 1147 2266 φθορὰν
1171 2230 1324 2266 ἀπέστησεν
1341 2232 1356 2258 ό
1375 2231 1541 2268 Μονογενής.
1561 2242 1570 2258 ι
1589 2232 1694 2260 Οὐκοῦν
1722 2234 1839 2270 ἐπείπερ

1044 2277 1079 2304 τὰ
1102 2276 1196 2304 παιδία
1218 2277 1418 2313 κεκοινώνηκεν
1445 2278 1561 2314 αἵματος
1592 2280 1639 2306 καὶ
1661 2280 1775 2314 σαρκὸς,
1793 2280 1839 2306 καὶ

203 2328 248 2352 est
256 2324 292 2356 “,
303 2329 331 2351 et
345 2331 438 2351 rerum
452 2323 569 2350 l‘ormam
585 2322 612 2349 in
622 2323 771 2358 pristinum
790 2326 893 2351 statum
903 2323 986 2351 denut

1045 2322 1126 2354 αὐτὸς
1141 2322 1338 2357 παραπλησίως
1350 2323 1464 2358 μετέσχε
1478 2323 1533 2349 τῶν
1544 2323 1643 2354 αὐτῶν,
1657 2323 1702 2350 ἴνα
1713 2325 1839 2359 νεκρώσῃ

205 2374 359 2399 revocaret.
375 2370 409 2397 Et
422 2369 561 2397 curiosius
578 2369 688 2404 quidem
706 2376 789 2404 quam
810 2373 930 2404 oportet,
945 2377 994 2398 ne-

205 2417 328 2446 cessario
343 2421 435 2444 tamen
450 2416 484 2444 de
507 2417 620 2450 antiquo
644 2421 740 2444 nostro
760 2419 834 2444 statu
856 2417 939 2444 verba
954 2416 993 2444 fa-

205 2465 321 2492 ciemus.
338 2462 423 2490 Rccte
435 2462 536 2497 quippe
551 2462 616 2496 quid
638 2461 843 2490 observandum
860 2462 897 2490 sit
917 2469 994 2489 com-

207 2509 288 2545 plecti
305 2508 385 2541 velle,
400 2508 517 2544 pigritiae
537 2508 637 2543 probro
652 2508 747 2543 utique
766 2508 885 2535 vacabit.

1047 2368 1093 2395 τὸν
1118 2368 1243 2400 θάνατον,
1263 2378 1273 2394 ›
1292 2367 1338 2394 καὶ
1361 2369 1376 2394 ό
1403 2377 1413 2393 v
1443 2369 1539 2400 κτίσας
1563 2369 1603 2401 εἰς
1625 2369 1782 2405 ἀφθαρσίαν
1807 2371 1840 2397 τὰ

1048 2417 1147 2449 πάντα,
1169 2416 1217 2442 καὶ
1243 2417 1394 2452 σωτηρίους
1415 2416 1559 2449 ἀποδείξας
1582 2417 1632 2448 τὰς
1646 2418 1771 2451 γενέσεις
1793 2418 1840 2445 τοῦ

1048 2462 1161 2497 κόσμου,
1179 2471 1188 2487 ι
1203 2462 1273 2488 κατά
1295 2461 1325 2488 τὺ
1346 2463 1548 2497 γεγραμμένον,
1573 2463 1736 2499 μεταπλάσῃ
1759 2464 1834 2491 πάλιι

1047 2507 1101 2534 τῶν
1117 2508 1285 2543 πραγμάτων
1299 2507 1329 2534 τδ
1347 2508 1441 2543 σχῆμα
1455 2508 1522 2543 πρὸς
1536 2508 1567 2534 τὸ
1581 2509 1704 2544 ἀρχαῖον.
1724 2509 1780 2536 Καί
1796 2518 1836 2545 μοι

207 2556 406 2590 πάλινόλόγος
420 2556 628 2591 περιεργότερον
644 2555 704 2591 μὲν,
728 2556 801 2592 ἢπερ
818 2556 914 2591 ἐχρῆν,
935 2556 1094 2590 ἀναγκαίως
1117 2555 1140 2582 δ’
1163 2553 1210 2582 οὖν
1246 2555 1321 2590 ὅμως
1348 2556 1532 2591 προϐλήσεται
1565 2555 1621 2592 [τεο.
1646 2556 1838 2593 προϐήσεται],

207 2603 256 2638 τὴν
267 2601 321 2628 τῶν
334 2601 394 2628 καθ’
407 2602 480 2637 ἡμᾶς
494 2602 660 2638 ἀρχαιότητα
674 2601 865 2637 παραδεικνύς.
879 2602 916 2628 Τὸ
947 2601 1011 2637 γὰρ,
1048 2599 1125 2637 οἶμαι
1138 2621 1145 2634 ,
1176 2601 1402 2637 περιδράττεσθαι
1433 2601 1487 2628 τῶν
1517 2601 1703 2638 θεωρημάτων
1736 2602 1839 2629 ἐθέλειν

208 2650 305 2687 ὀρθῶς,
329 2649 383 2676 τῶν
407 2649 437 2682 ἐξ
458 2649 537 2676 ὄκνου
563 2650 743 2685 πταισμάτων
763 2650 909 2685 ἀμοιρήσει
931 2650 1082 2681 παντελῶς.

242 2696 355 2725 Factum
369 2701 412 2726 est
427 2697 510 2733 igitur
524 2698 641 2725 rationis
657 2705 771 2732 compos
785 2697 852 2724 illud
871 2697 992 2730 animal,

208 2742 433 2778 homo,inquam,
444 2751 458 2770 a
475 2743 623 2779 principio,
633 2743 665 2770 ad
679 2743 821 2770 Creatoris
835 2743 993 2778 imaginem,

206 2787 287 2824 juxta
310 2788 467 2825 Scripturas
488 2789 520 2816 '°.
540 2788 573 2816 Et
599 2789 671 2816 ratio
692 2789 802 2816 diversa
823 2789 933 2823 quidem
951 2794 994 2817 est

1084 2696 1234 2732 Πεποίηται
1255 2696 1346 2723 τοίνυν
1371 2696 1445 2724 τουτὶ
1466 2696 1495 2723 τδ
1519 2695 1627 2731 λογικὸν
1648 2696 1695 2723 ἐπὶ
1717 2696 1770 2731 τῆς
1789 2695 1840 2731 γῆς

1048 2743 1127 2776 ζῶον,
1143 2743 1214 2778 φημί
1232 2743 1263 2779 δὴ
1285 2743 1329 2770 τὸν
1346 2743 1498 2779 ἄνθρωπον,
1514 2743 1544 2776 ἐξ
1559 2743 1656 2779 ἀρχῆς,
1673 2743 1736 2769 κατ’
1748 2743 1840 2770 εἰκόνα

1046 2789 1094 2816 τοῦ
1112 2789 1271 2821 κτίσαντος,
1288 2789 1358 2816 κατὰ
1372 2790 1421 2822 τὰς
1435 2790 1554 2826 Γραφάς.
1571 2790 1626 2817 Καὶ
1645 2789 1776 2826 διάφορος
1792 2788 1840 2825 μιν

245 2878 268 2895 ⁸⁷
283 2878 293 2907 l
307 2879 370 2910 Cor.
384 2890 430 2916 xv,
450 2881 494 2910 49.
522 2879 556 2919 ,⁸³
576 2880 662 2910 llebr.
679 2883 770 2916 11,”.
808 2883 830 2900 ι’
853 2882 917 2919 Sap.
933 2890 952 2918 ι,
974 2883 985 2910 Ι

1056 2883 1079 2899 ὀ
1099 2881 1166 2911 Gen.
1185 2889 1206 2915 ι,
1221 2881 1266 2910 26.
