1896 3034
176 135 228 164 979

675 137 704 166 S.
725 136 861 165 CYBILLI
879 137 1112 167 ALEXANDRINI
1132 137 1293 168 ARCHtEP.

1748 135 1808 164 τοο

176 193 257 221 Pater
273 193 300 221 in
312 193 420 224 Christo
429 196 472 228 ὀ,
489 200 517 224 et
531 196 604 231 quod
622 197 727 232 voluit,
743 197 869 232 perfecit.
886 197 960 232 Quo-

1045 199 1082 235 ς)”
1094 199 1385 234 ἀνακεφαλαιώσασθαι
1402 198 1483 225 πάλιν
1498 197 1547 233 τὴν
1562 194 1707 232 ἀνθριὲιπου
1721 196 1809 230 φύσιν

177 246 240 266 nam
257 239 341 275 igitur
361 241 443 269 modo
455 240 556 268 factum
574 242 600 270 id
618 242 701 270 fuerit
714 263 722 275 ,
744 248 961 271 consentaneum

177 288 219 312 est
231 286 398 320 perspicere.
409 286 467 314 Non
476 291 584 322 poterat
594 289 688 322 homo,
697 293 802 317 naturae
816 297 877 317 cum
890 293 963 317 esset

178 334 378 366 corruptibilis,
401 338 514 362 mortem
529 334 658 370 eﬁ'ugere,
679 336 733 362 nisi
750 340 866 363 veterem
887 336 962 363 illam

177 376 293 409 gratiam
307 377 453 412 reciperet,
468 383 493 406 et
506 379 643 414 particeps
652 379 699 408 Dei
712 380 788 408 lieret
799 381 846 416 qui
862 381 890 408 in
901 388 963 408 esse

178 425 276 448 cuncta
291 423 426 456 continet,
442 431 474 451 ac
493 424 613 452 vivilicat
629 432 676 460 per
688 424 786 452 Filium
803 426 830 452 in
845 425 961 462 Spiritu.

177 465 395 495 (lommunicavit
413 469 496 504 igitur
518 471 594 497 carni
615 474 642 498 et
666 471 793 506 sanguini
809 472 833 488 "
850 492 856 504 ,
879 472 905 499 id
921 476 963 500 est

178 511 262 538 homo
284 512 373 540 factus
397 518 453 547 est,
481 515 534 542 vita
560 523 623 543 cum
647 516 683 543 sit
706 516 860 544 secundum
883 521 964 544 natu-

180 564 252 589 ram,
270 561 296 584 et
311 565 344 586 ex
356 559 411 585 vita
433 560 583 588 secundum
599 564 725 588 naturam
743 562 864 597 genitus,
880 562 906 590 id
921 566 965 590 est

177 610 210 630 ex
227 602 281 631 Deo
299 609 332 632 ac
348 604 430 633 Patre
445 606 614 642 unigenitum
634 606 694 642 ejus
709 606 842 641 Verbum,
857 611 886 634 ut
902 614 964 635 cor-

178 649 300 684 ruptibili
328 651 425 684 carni,
459 653 565 680 ratione
593 660 650 680 suae
682 656 788 681 natura:
817 651 964 680 ineli‘abili-

178 699 233 727 ter,
251 700 279 723 et
304 697 386 724 modo
403 698 521 733 quodam
534 706 653 731 arcano,
680 704 707 727 et
720 706 801 734 quem
817 699 893 727 solus
907 699 965 734 ipse

178 740 264 773 novit,
281 742 402 777 seipsum
419 743 528 776 unicus,
543 744 575 771 ad
590 751 668 772 suam
684 745 774 780 ipsius
790 745 874 772 vitam
886 752 965 772 revo-

178 791 255 813 caret
269 805 276 817 ,
299 794 331 814 ac
352 788 512 823 participem
536 796 584 824 per
607 789 728 824 seipsum
753 789 800 817 Dei
826 796 858 816 ac
873 788 964 817 Patris

178 831 305 860 ediceret.
328 832 460 861 Medialor
474 834 546 862 enim
566 838 608 862 est
628 833 675 861 Dei
688 838 715 862 ct
732 834 891 868 hominum,
909 834 963 863 sic-

1012 246 1052 277 εῑς
1063 245 1094 272 τὸ
1109 246 1221 280 ἀρχαῖον
1237 244 1413 272 ὲόουλεύσατό
1432 252 1462 270 τε
1483 243 1530 270 καὶ
1554 243 1768 278 ἐπικεχείρηκεν
1794 241 1810 266 ὁ

1012 289 1077 321 Θεὸς
1093 291 1140 317 καὶ
1155 290 1249 326 Πατὴρ
1268 290 1298 316 ἐν
1318 289 1438 326 Χριστῷ,
1462 289 1508 316 καὶ
1537 288 1654 323 θελήσας
1677 287 1806 321 ἐξήνυσε.

1013 334 1075 367 Πῶς
1091 333 1138 363 οὗν
1155 336 1208 370 ἀρα
1226 335 1347 370 γέγονεν,
1371 334 1515 362 ἀκόλουθον
1540 333 1659 361 κατιδεῖν
1670 341 1678 348 υ
1697 332 1758 358 Οὐκ
1772 329 1808 366 ἦν

1013 381 1114 416 ἑτέρως
1138 381 1275 417 διαδρᾶναι
1302 381 1348 408 τὸν
1379 381 1493 408 θάνατον
1517 380 1623 414 φύσεως
1653 378 1720 405 ὄντα
1754 377 1808 411 τῆς

1014 427 1195 462 φθειρομένης
1209 427 1255 454 τὸν
1269 427 1420 462 ἄνθρωπον,
1435 427 1460 453 εί
1476 425 1514 462 μὴ
1534 425 1584 461 τὴν
1599 424 1717 460 ἀρχαίαν
1733 423 1807 450 ὲκεί-

1013 480 1062 508 νην
1082 473 1261 508 ἀνεκομίσατο
1274 473 1364 508 χάριν,
1381 472 1429 500 καὶ⁸
1450 471 1561 508 μετέσχε
1584 469 1631 497 τοῦ
1654 470 1689 496 τὰ
1714 469 1807 495 πάντα

1014 519 1082 555 πρὸς
1095 519 1126 546 τὸ
1145 516 1214 546 εἶναι
1229 518 1383 554 συνέχοντος
1398 518 1476 550 Θεοῦ,
1492 517 1538 544 καὶ
1557 515 1759 550 ζωογονοῦντκ
1772 514 1807 540 δι’

1015 563 1080 591 Υίοῦ
1099 565 1128 591 ὲν
1145 564 1291 599 Πνεύματι.
1309 563 1495 599 Κεκοινὼνηκε
1517 563 1605 589 τοίνυν
1624 561 1740 596 αἵματος
1758 560 1807 586 καὶ

1015 610 1137 646 σαρκὸς,
1161 609 1234 636 τοῦτ’
1259 609 1316 636 ἐστι
1348 609 1459 643 γέγονεν
1487 607 1636 644 ἄνθρωπος,
1653 606 1711 640 ζωὴ
1734 605 1808 632 κατὰ

1016 656 1095 691 φύσιν
1118 656 1258 692 ὑπάρχων,
1278 656 1325 682 καὶ
1347 656 1379 682 ὲκ
1401 654 1473 690 ζωῆς
1493 654 1542 690 τῆς
1565 653 1635 680 κατὰ
1656 651 1738 687 φύσιν
1764 659 1808 685 γε·

1016 700 1199 737 γεννημένος,
1231 699 1303 727 τοῦτ’
1325 699 1383 726 ἐστι
1404 699 1451 726 τοῦ
1483 698 1550 725 Θεοῦ
1577 697 1626 724 καὶ
1654 696 1766 732 Πατρὸς
1793 696 1808 721 ὸ

1017 746 1164 782 μονογενὴς
1195 745 1276 773 αὑτοῦ
1295 745 1391 780 Λόγος,
1408 745 1452 772 ἵνα
1473 745 1507 780 τῇ
1527 743 1692 779 φθειρομένῃ
1708 742 1807 776 σαρκὶ,

1016 792 1086 819 κατά
1099 801 1130 827 γε
1146 792 1190 819 τὸν
1202 792 1280 826 λόγον
1292 791 1341 826 τῆς
1356 791 1424 822 ἰδίας
1437 790 1553 825 φύσεως,
1570 789 1699 825 ἀῤῥὴτως
1713 796 1742 814 τε
1757 787 1809 812 καὶ

1016 838 1172 874 ἀφράστως,
1187 837 1235 866 καὶ
1251 837 1287 869 ὡς
1302 837 1382 868 αὐτὸς
1396 836 1498 870 ἔγνωκε
1515 835 1604 870 μόνος,
1620 833 1718 861 ἑαυτὸν
1737 832 1807 859 ἑνώ-

179 879 218 905 uti
239 879 371 914 scriptum
396 884 438 908 est
455 880 477 896 "
491 899 497 912 ,
518 880 572 908 Deo
589 881 699 915 quidem
717 888 749 908 ac
764 880 839 908 Patri
854 885 963 909 natura—

1045 871 1065 916 ις
1080 884 1148 919 πρὸς
1162 883 1211 918 τὴν
1230 883 1297 909 ἰδίαν
1309 882 1391 909 αὐτοῦ
1405 881 1559 916 ἀνακομίσῃ
1576 881 1660 915 ζωὴν,
1677 879 1727 906 καὶ
1744 878 1809 913 μέτ-

180 924 242 951 liter
255 943 262 955 ,
284 928 314 951 ut
331 924 420 957 Deus,
448 929 474 953 et
491 929 520 953 ut
536 926 582 961 qui
602 934 634 954 cx
653 934 704 958 eo,
721 926 894 962 conjunctus,
913 926 964 954 sed

180 969 338 997 hominibus
357 978 466 1002 rursus,
486 975 515 998 ut
529 972 612 999 homo
624 991 632 1003 ,
647 977 674 999 et
689 972 792 1000 habens
804 971 917 1007 quidem
936 972 964 999 in

179 1014 270 1049 seipso
286 1013 393 1043 Patrem
407 1037 414 1048 ,
439 1020 467 1044 et
484 1017 541 1051 ipse
556 1017 583 1044 in
598 1016 679 1044 Patre
693 1017 842 1045 exsistens.
858 1018 964 1045 Chara-

179 1064 236 1087 cter
250 1060 322 1088 enim
335 1065 380 1089 est
406 1069 439 1089 ac
453 1062 583 1097 splendor
596 1062 758 1090 substantia:
770 1062 831 1098 ejus
845 1063 866 1079 ³⁷
881 1083 889 1096 ,
910 1071 965 1090 non

179 1113 194 1133 a
212 1106 364 1134 substantia
379 1129 385 1140 ,
402 1107 481 1142 cujus
494 1113 534 1136 est
551 1108 696 1135 character
711 1112 738 1136 et
754 1116 787 1136 ex
803 1117 854 1144 qua
870 1116 965 1143 proce-

179 1152 229 1183 dit,
246 1156 275 1180 ut
292 1153 431 1188 splendor,
448 1154 564 1188 alienus,
584 1156 632 1183 sed
646 1156 671 1182 in
686 1163 717 1183 ea
734 1156 792 1190 ipse
806 1156 945 1183 exsistens
957 1176 964 1189 ,

178 1203 205 1226 et
219 1198 324 1226 habens
339 1206 399 1226 eam
411 1199 437 1227 in
453 1201 556 1235 seipso,
572 1208 676 1236 nosque
688 1209 785 1229 rursus
801 1202 827 1228 in
842 1209 882 1234 se,
895 1209 966 1236 qua-

179 1247 260 1271 tenus
275 1247 395 1271 nostram
412 1245 530 1279 gestavit
546 1249 672 1273 naturam
686 1267 693 1279 ,
713 1250 741 1273 et
764 1253 865 1281 corpus
881 1246 964 1274 Verbi

178 1294 302 1317 nostrum
314 1297 416 1324 corpus
432 1290 528 1317 audiit.
544 1291 615 1318 Caro
634 1292 707 1319 enim
726 1291 843 1320 Verbum
864 1292 965 1320 factum

178 1338 231 1368 est,
240 1335 317 1370 juxta
327 1334 442 1362 Joannis
457 1343 551 1363 vocem
560 1336 593 1363 π.
605 1337 679 1363 Tulit
690 1341 812 1364 nostram
827 1341 964 1370 naturam,

179 1380 213 1407 ad
223 1387 299 1408 suam
311 1380 393 1407 vitam
404 1387 463 1407 eam
478 1380 641 1409 reformans.
655 1380 702 1409 Est
712 1386 801 1409 autem
815 1382 897 1410 etiam
910 1382 968 1417 ipse

180 1426 207 1452 in
232 1425 312 1453 nobis
329 1434 336 1452 ε
362 1425 508 1460 participes
533 1426 605 1452 enim
622 1426 682 1461 cjus
698 1427 810 1454 omnino
829 1426 892 1454 facti
918 1435 966 1455 su-

181 1479 254 1504 mus,
282 1478 401 1505 cumque
428 1471 457 1498 in
485 1471 565 1499 nobis
590 1479 638 1506 per
665 1471 798 1506 Spiritum
819 1473 965 1501 habemus.

180 1516 285 1544 idcirco
301 1516 373 1544 enim
399 1521 427 1544 et
447 1517 546 1544 divina:
561 1517 625 1544 facti
643 1525 740 1546 sumus
762 1523 905 1547 consortes
919 1527 968 1563 na-

180 1567 250 1590 tura;
263 1563 285 1579 "
301 1566 327 1590 et
339 1562 387 1590 lilii
401 1563 572 1598 appellamur
587 1563 596 1578 ¹
609 1583 616 1596 ,
634 1564 722 1598 ipsum
733 1572 844 1600 quoque
857 1564 965 1592 Patrem

180 1609 309 1636 similiter
324 1609 352 1636 in
372 1609 452 1637 nobis
467 1608 599 1638 habentes
613 1617 661 1644 per
674 1609 786 1642 Filium,
800 1611 840 1637 uti
853 1615 881 1638 et
895 1611 966 1638 Pau-

180 1655 224 1682 lus
236 1659 354 1683 testatur
368 1655 464 1683 dicens
481 1664 488 1682 :
517 1664 526 1680 ι
543 1655 680 1688 Quoniam
705 1660 796 1683 autem
813 1656 882 1684 estis
898 1656 944 1683 lilii
957 1677 965 1689 ,

180 1701 256 1729 misit
271 1701 342 1728 Deus
356 1700 490 1734 Spiritum
506 1699 572 1727 Filii
589 1701 632 1728 sui
646 1701 673 1727 in
690 1701 773 1728 corda
787 1705 877 1728 vestra
889 1721 897 1733 ,
913 1701 967 1728 cla-

179 1751 299 1774 mantem
327 1755 334 1773 :
363 1745 441 1774 Abba
454 1766 461 1778 ,
480 1745 561 1773 Pater
576 1748 600 1774 ‘.
620 1755 629 1772 ι
652 1745 713 1773 Νοη
735 1747 809 1774 enim
826 1746 965 1774 diversum

180 1793 246 1828 quid
269 1799 284 1818 a
308 1791 378 1818 Filio
395 1795 437 1819 est
457 1791 579 1826 Spiritus
598 1793 658 1826 ejus
671 1812 679 1824 ,
699 1792 850 1820 secundum
868 1792 967 1820 identi-

180 1840 261 1864 tatem
290 1840 397 1863 natum
427 1835 563 1863 videlicet.
584 1835 632 1863 His
661 1837 697 1863 ita
732 1837 888 1871 expositis,
906 1844 966 1872 age,

181 1881 316 1917 propositi
334 1881 387 1908 loci
402 1888 513 1909 sensum
528 1881 710 1916 proferentes,
727 1881 881 1909 Servatoris
894 1882 968 1910 voci-

181 1927 233 1955 bus
247 1934 312 1954 eum
324 1926 575 1954 accommodamus.

1013 938 1076 964 οχον
1088 928 1216 964 ἀποδείξῃ
1237 928 1270 954 δι’
1285 927 1381 954 ἑαυτοῦ
1398 927 1445 954 τοῦ
1467 926 1534 953 Θεοῦ
1550 926 1597 953 καὶ
1616 925 1736 960 Πατρός.
1749 924 1809 951 Με-

1015 974 1092 1009 σιτης
1104 973 1158 1009 γάρ
1171 973 1228 999 ὲστι
1241 971 1307 999 Θεοῦ
1325 973 1371 999 καὶ
1383 971 1543 1006 ἀνθρώπων,
1559 970 1629 997 κατὰ
1639 970 1670 996 τὸ
1681 977 1810 1005 γεγραμ-

1017 1020 1105 1054 μένον,
1118 1019 1157 1054 τῷ
1170 1019 1219 1054 μὲν
1231 1018 1290 1054 Θεῷ
1302 1018 1349 1045 καὶ
1364 1018 1450 1054 Πατρὶ
1463 1017 1595 1052 φυσικῶς,
1609 1016 1647 1047 ὡς
1661 1015 1741 1047 Θεὸς,
1759 1014 1809 1041 καὶ

1015 1065 1045 1098 ἐξ
1061 1065 1142 1092 αὑτοῦ
1162 1064 1374 1099 συναπτόμενος,
1386 1063 1540 1099 ἀνθρώποις
1555 1063 1583 1089 δὲ
1595 1061 1687 1093 πάλιν,
1707 1061 1746 1092 ὼς
1763 1060 1810 1087 ἄν-

1016 1111 1143 1146 Θρωπος,
1161 1110 1210 1137 καὶ
1237 1109 1305 1145 ἔχων
1327 1109 1376 1144 μὲν
1396 1110 1425 1135 ὲν
1451 1108 1539 1143 ὲαυτῷ
1555 1107 1599 1134 τὸν
1618 1106 1740 1140 Πατέρα,
1760 1106 1810 1131 καὶ

1015 1155 1053 1182 ὢν
1071 1155 1151 1187 αὐτὸς
1177 1156 1206 1181 ἐν
1227 1154 1266 1190 τῷ
1293 1153 1391 1189 Πατρί.
1418 1152 1567 1189 Χαρακτὴρ
1589 1151 1644 1186 γάρ
1669 1152 1729 1177 ἐστι
1760 1150 1810 1177 ut

1015 1201 1185 1236 ἀπαύγασμα
1203 1201 1252 1236 τῆς
1274 1199 1449 1229 ὑποστάσεως
1465 1198 1557 1228 αὑτοῦ,
1580 1198 1610 1224 οὐ
1627 1195 1810 1232 διωρισμένος

1015 1246 1066 1281 τῆς
1080 1246 1184 1278 οὐσίας,
1201 1241 1233 1280 ἧς
1255 1245 1312 1271 ἐστι
1327 1243 1478 1280 χαρακτὴρ,
1501 1243 1549 1269 καὶ
1566 1241 1595 1274 ἐξ
1615 1239 1649 1277 ἧς
1671 1240 1809 1275 πρόεισιν,

1016 1291 1054 1322 ὡς
1067 1290 1248 1325 ἀπαύγασμα,
1264 1289 1320 1316 ἀλλ’
1343 1290 1372 1316 ὲν
1392 1289 1461 1324 αὐτῇ
1477 1296 1506 1314 τε
1519 1287 1556 1314 ὢν
1569 1286 1660 1318 αὐτὸς,
1675 1285 1725 1312 καὶ
1739 1284 1810 1319 ἔχων

1016 1335 1101 1372 αὐτὴν
1116 1336 1145 1363 ὲν
1158 1335 1259 1371 ἑαυτῷ,
1269 1336 1343 1371 ἡμᾶς
1356 1334 1385 1361 δὲ
1397 1334 1478 1361 πάλιν
1495 1334 1563 1368 ἔχων
1583 1333 1612 1359 ἐν
1627 1330 1728 1365 ἑαυτῷ,
1741 1329 1810 1356 καθὸ

1016 1383 1066 1418 τὴν
1080 1382 1217 1418 ἡμετέραν
1232 1382 1372 1417 πεφόρηκε
1389 1380 1482 1415 φύσιν.
1498 1379 1546 1406 καὶ
1559 1379 1639 1414 σῶμα
1652 1377 1700 1404 τοῦ
1720 1376 1811 1410 Λόγου

1017 1427 1205 1463 κεχρημάτικε
1220 1427 1250 1453 τὸ
1262 1427 1396 1462 ἡμέτερον
1421 1425 1509 1460 σῶμα,
1525 1424 1597 1459 Σὰρξ
1622 1422 1677 1458 γὰρ
1691 1423 1706 1448 ὀ
1723 1421 1811 1454 Λόγος

1018 1473 1135 1506 ἐγένετο,
1149 1472 1220 1499 κατὰ
1233 1471 1281 1507 τὴν
1302 1472 1425 1499 Ἰωάννου
1440 1470 1542 1505 φωνήν.
1560 1468 1705 1504 Πεφόρηκε
1719 1467 1747 1493 δὲ
1761 1465 1812 1501 τὴν

1018 1517 1155 1553 ἡμετέραν
1170 1517 1261 1552 φύσιν,
1280 1517 1347 1552 πρὸς
1369 1518 1418 1552 τὴν
1443 1516 1510 1544 ίδίαν
1527 1515 1612 1550 αὐτὴν
1631 1513 1813 1541 ἀναπλάττων

1020 1562 1103 1598 ζωήν.
1117 1563 1194 1590 Ἔστι
1207 1562 1235 1590 δὲ
1247 1563 1293 1590 καὶ
1306 1562 1387 1594 αὐτὸς
1399 1563 1428 1589 ὲν
1442 1563 1507 1597 ἡμῖν
1517 1569 1523 1576 ·
1539 1561 1646 1597 μέτοχοι
1659 1559 1716 1594 γὰρ
1728 1557 1813 1584 αὐτοῦ

1019 1610 1128 1641 πάντως
1144 1610 1305 1644 γεγόναμεν,
1319 1609 1368 1635 καὶ
1391 1608 1474 1636 αὑτὸν
1490 1607 1588 1643 ἔχομεν
1602 1607 1630 1633 ὲν
1645 1606 1755 1635 ἑαυτοῖς
1768 1604 1814 1630 διὰ

1019 1654 1066 1681 τοῦ
1090 1654 1256 1690 Πνεύματος.
1273 1655 1322 1681 Διὰ
1347 1654 1403 1688 γὰρ
1424 1653 1512 1686 τοῦτο,
1539 1653 1587 1680 καὶ
1605 1645 1689 1682 Ὂείας
1704 1650 1814 1684 φύσεως

1019 1699 1170 1734 γεγόναμεν
1190 1699 1324 1732 κοινωνοὶ,
1349 1700 1397 1726 καὶ
1429 1699 1482 1726 υίοὶ
1502 1694 1720 1734 χρηματίζομεν,
1741 1695 1814 1721 οὕτω

1019 1745 1067 1772 καὶ
1094 1745 1174 1772 αὐτὸν
1198 1745 1305 1781 ἔχοντες
1327 1746 1355 1771 ὲν
1374 1746 1480 1777 ἑαυτοῖς
1502 1745 1547 1772 τὸν
1568 1743 1680 1778 Πατέρα
1703 1740 1749 1768 διὰ
1766 1739 1813 1766 τοῦ

1020 1791 1095 1824 Υίοῦ,
1114 1792 1161 1819 καὶ
1177 1792 1346 1827 μαρτυρήσει
1358 1792 1445 1826 λέγων
1460 1792 1474 1818 ὁ
1488 1790 1604 1821 Παῦλος·
1616 1789 1693 1815 ιὍτι
1706 1788 1736 1815 δέ
1750 1788 1813 1813 ἐστε

1020 1838 1081 1869 υἱοὶ,
1094 1836 1285 1869 ἐξαπέστειλεν
1300 1839 1314 1864 ὁ
1329 1837 1395 1870 Θεὸς
1410 1837 1440 1864 τὸ
1452 1836 1565 1871 Πνεῦμα
1577 1835 1625 1862 τοῦ
1644 1833 1711 1861 Υἱοῦ
1729 1833 1813 1860 αὑτοῦ

1020 1882 1059 1914 εἰς
1081 1881 1130 1913 τὰς
1150 1881 1261 1917 καρδίας
1282 1881 1370 1917 ὑμῶν,
1392 1880 1509 1916 κράζον’
1533 1879 1626 1911 Ἀ66ἄ,
1639 1880 1654 1905 ὸ
1670 1878 1779 1913 Πατήρ.
1801 1887 1810 1903 1

1021 1928 1059 1954 Οὺ
1071 1928 1126 1963 γὰρ
1136 1928 1227 1964 ἕτερόν
1243 1937 1267 1955 τι
1284 1927 1361 1964 παρὰ
1374 1927 1419 1954 τὸν
1436 1927 1500 1954 Υἱὸν
1527 1926 1558 1953 τὸ
1585 1925 1700 1960 Πνεῦμα
1714 1923 1811 1955 αὑτοῦ,

182 1972 256 2000 κατά
277 1981 310 2008 γε
327 1972 373 1999 τὸν
388 1973 417 1999 ὲν
432 1971 576 2007 ταυτότητι
593 1971 682 2011 λόγον,
700 1972 773 2008 φημὶ
794 1973 823 2000 δὲ
844 1975 877 2009 τῇ
903 1975 1014 2010 φυσικῇ.
1035 1974 1113 2002 Οὕτω
1143 1974 1172 2002 δὲ
1195 1976 1262 2011 ἡμῖν
1286 1976 1334 2003 τοῦ
1361 1977 1426 2010 περὶ
1447 1973 1550 2001 τούτων
1566 1972 1813 2009 προκεχωρηκόωὲ

180 2020 272 2055 λόγου,
293 2020 360 2055 φέρε
390 2019 439 2055 τὴν
462 2019 516 2046 τῶν
539 2019 727 2055 προκειμένων
753 2020 920 2056 παραθέντες
943 2022 1074 2055 διάνοιαν,
1089 2024 1149 2054 ταῖς
1163 2021 1210 2048 τοῦ
1236 2022 1361 2057 Σωτῆρος
1385 2022 1486 2056 φωναῖς
1499 2019 1585 2055 αὐτὴν
1599 2017 1812 2054 ἐφαρμόσωμενο

218 2075 229 2092 1
244 2065 274 2093 In
291 2065 337 2093 illa
352 2065 407 2097 die,
426 2065 526 2100 inquit,
537 2066 709 2100 cognoscetis
724 2066 787 2100 quia
799 2074 849 2102 ego
862 2074 923 2095 sum
942 2067 970 2094 in

180 2110 263 2138 Patre
280 2117 360 2141 meo,
384 2113 412 2137 et
427 2117 475 2137 vos
491 2110 518 2136 in
536 2117 596 2142 me,
614 2114 641 2137 et
660 2117 711 2145 ego
735 2111 762 2137 in
780 2111 867 2138 vobis.
885 2121 895 2137 ι
913 2111 971 2147 Ego

180 2157 255 2186 enim
271 2157 333 2184 vivo
345 2176 352 2189 ,
371 2155 462 2191 inquit
482 2164 490 2184 ι
510 2155 566 2183 vita
579 2156 653 2183 enim
672 2164 733 2184 sum
751 2157 904 2185 secundum
920 2166 970 2185 na-

182 2208 284 2236 turam,
300 2207 328 2230 et
345 2202 440 2229 vivens
453 2208 514 2229 esse
530 2209 621 2229 meum
639 2201 768 2236 templum
780 2202 899 2229 ostendi.
917 2201 970 2230 Sed

181 2257 244 2277 cum
260 2249 313 2284 ipsi
329 2247 411 2276 etiam
429 2254 489 2279 vos,
505 2247 551 2281 qui
568 2247 758 2282 corruptibilis
773 2251 879 2275 natura:
890 2248 969 2281 estis,

181 2294 307 2322 viventes
325 2293 466 2326 videritis,
485 2291 570 2328 824
592 2293 626 2320 ad
646 2293 699 2321 mei
720 2293 851 2321 nimirum
870 2293 970 2322 simili-

182 2339 307 2367 tudinem
321 2358 328 2370 ,
348 2343 414 2365 tunc
429 2337 528 2372 utique
543 2337 691 2366 manifeste
703 2338 889 2374 cognoscetis,
905 2339 970 2374 quia

183 2385 240 2413 vita
261 2385 400 2412 exsistens
422 2382 577 2411 secundum
600 2387 745 2416 naturam,
768 2384 823 2412 Deo
842 2390 875 2411 ac
896 2384 972 2411 Patri

183 2430 232 2465 qui
253 2433 281 2456 et
303 2430 363 2463 ipse
384 2429 440 2456 vita
457 2431 500 2456 est
520 2429 673 2456 secundum
690 2433 817 2457 naturam
837 2429 971 2464 conjunxi

183 2481 234 2510 per
250 2474 385 2508 meipsum
396 2494 403 2506 ,
423 2479 567 2502 consortes
583 2475 787 2510 quodammodo
804 2483 836 2503 ac
853 2475 969 2511 partici—

185 2527 234 2555 pes
248 2520 367 2547 reddens
383 2519 598 2561 immortalitatis
612 2521 681 2555 ejus.
698 2520 754 2556 Ego
768 2521 907 2556 siquidem
923 2528 968 2547 na-

185 2566 316 2593 turaliter
330 2566 357 2592 in
369 2564 451 2593 Patre
466 2574 473 2592 :
489 2565 597 2594 fructus
612 2567 714 2602 quippe
727 2575 787 2594 sum
806 2566 968 2594 substantia:

185 2611 247 2646 ejus
259 2631 266 2643 ,
284 2618 316 2638 ac
333 2617 401 2638 vera
414 2610 561 2646 genitura,
577 2611 605 2639 in
620 2619 654 2640 eo
668 2612 806 2639 exsistens
817 2632 824 2645 ,
842 2615 869 2639 et
885 2618 918 2638 ex
934 2618 967 2639 eo

185 2657 332 2687 exsistens,
348 2656 406 2683 vita
420 2663 454 2684 ex
471 2657 526 2684 vita
538 2667 545 2684 :
560 2664 609 2685 vos
621 2661 713 2686 autem
724 2657 752 2685 in
765 2664 818 2690 me,
832 2661 859 2684 et
873 2663 924 2692 ego
941 2657 968 2684 in

186 2701 282 2732 vobis,
308 2705 446 2736 quatenus
457 2710 508 2739 ego
524 2704 633 2738 quidem
649 2703 731 2732 homo
745 2703 858 2739 apparui
875 2711 882 2730 :
901 2710 968 2730 con-

221 2807 356 2846 _”_Epl1es.
370 2811 445 2843 1,10.
483 2812 506 2827 "
519 2811 599 2840 Hebr.
621 2813 706 2844 11,”.
745 2814 767 2830 π
781 2813 791 2841 l
807 2812 876 2841 Tim.
903 2811 964 2846 11,5

1052 2811 1133 2840 Hebr.
1149 2821 1167 2846 1,
1189 2813 1214 2840 5.

183 2844 197 2878 ,⁸
216 2842 318 2873 Hoén.
335 2842 417 2880 111,1.
455 2847 464 2863 ‘
485 2846 573 2874 Galat.
592 2842 675 2882 1v,‘b‘.

1062 2078 1071 2094 1
1089 2069 1133 2095 ’Ev
1147 2068 1236 2103 ἐκείνῃ
1248 2068 1302 2103 γὰρ
1319 2068 1351 2102 τῇ
1369 2067 1472 2102 ἡμέρᾳ,
1486 2065 1639 2100 γνώσεσθε,
1657 2064 1756 2100 φησὶν,
1772 2064 1813 2090 ὅτι

1024 2114 1078 2148 ἐγὼ
1091 2115 1119 2141 ἐν
1134 2115 1172 2150 τῷ
1186 2115 1283 2148 Πατρὶ,
1293 2114 1341 2141 καὶ
1355 2114 1432 2148 ὑμεῖς
1443 2113 1473 2139 ὲν
1488 2113 1559 2147 ἐμοὶ,
1575 2111 1653 2144 κάγὼ
1673 2111 1701 2136 ὲν
1715 2111 1789 2145 ὑμῖν.
1801 2119 1810 2135 ι

1029 2160 1099 2194 Ἐγὼ
1118 2160 1167 2195 μὲν
1184 2157 1238 2195 γὰρ
1258 2159 1310 2192 ζῶ,
1326 2159 1406 2194 φησί·
1421 2158 1478 2193 ζωὴ
1494 2157 1548 2192 γάρ
1563 2157 1623 2192 εἰμι
1637 2156 1710 2183 κατὰ
1720 2155 1812 2190 φύσιν,

1023 2205 1071 2232 καὶ
1085 2205 1174 2237 ζῶντα
1189 2205 1234 2231 τὸν
1256 2203 1375 2240 ἐμαυτοῦ
1389 2204 1494 2238 δέδειχα
1510 2202 1584 2229 ναόν.
1604 2202 1677 2228 Ἀλλ’
1689 2202 1752 2228 ὅταν
1766 2201 1813 2228 καὶ

1023 2251 1101 2286 ὑμεῖς
1115 2250 1200 2282 αὐτοὶ,
1213 2249 1337 2285 φθαρτῆς
1350 2250 1426 2281 ὄντες
1439 2249 1557 2283 φύσεως,
1570 2248 1677 2280 ζῶντας
1699 2248 1814 2279 ἑαυτοὺς

1022 2295 1197 2330 θεωρήσητε,
1223 2294 1284 2320 καθ’
1306 2294 1452 2329 ὁμοιότητα
1473 2294 1523 2329 τὴν
1545 2293 1614 2328 πρός
1633 2302 1666 2328 με
1679 2301 1687 2310 ’
1708 2293 1770 2320 τότε
1782 2293 1813 2328 δὴ

1021 2339 1173 2374 γνώσεσθε,
1188 2339 1233 2366 καὶ
1248 2339 1320 2374 μάλα
1339 2338 1444 2373 σαφῶς,
1456 2339 1497 2365 ὅτι
1509 2338 1566 2374 ζωὴ
1580 2338 1653 2365 κατὰ
1666 2337 1748 2373 φύσιν
1762 2339 1814 2365 ὑπ-

1021 2387 1132 2422 άρχων,
1150 2385 1299 2420 ὑπάρχοντι
1324 2385 1371 2412 καὶ
1388 2385 1463 2420 αὐτῷ
1482 2385 1538 2419 ζωῇ
1563 2384 1636 2411 κατὰ
1661 2384 1745 2418 φύσιν
1775 2384 1814 2419 τῷ
1836 2412 1842 2417 ,

1020 2431 1080 2466 Θεῷ
1094 2432 1141 2458 καὶ
1156 2431 1242 2466 Πατρὶ
1255 2431 1360 2466 συνῆψα
1373 2430 1406 2456 δι’
1422 2429 1551 2465 ἐμαυτοῦ,
1562 2431 1711 2461 κοινωνοὺς
1720 2430 1814 2465 ὥσπερ

1023 2477 1070 2503 καὶ
1088 2476 1217 2512 μετόχους
1233 2475 1373 2502 ἀποτελῶν
1387 2475 1437 2509 τῆς
1451 2474 1606 2509 ἀφθαρσίας
1622 2473 1719 2501 αὑτοῦ.
1743 2473 1814 2508 Ἐγὼ

1024 2521 1074 2556 μὲν
1088 2521 1142 2556 γὰρ
1164 2520 1286 2555 φυσικῶς
1306 2520 1334 2546 ὲν
1359 2519 1462 2555 Πατρί·
1481 2518 1588 2554 καρπὸς
1608 2519 1664 2553 γάρ
1684 2519 1744 2553 είμι
1765 2518 1815 2553 τῆς

1021 2567 1114 2598 οὐσίας
1127 2566 1209 2593 αὑτοῦ
1220 2587 1228 2598 ,
1243 2566 1291 2593 καὶ
1310 2566 1421 2601 γνήσιον
1437 2565 1577 2600 γέννημα,
1602 2565 1768 2600 ἐνυπάρχων
1785 2572 1815 2590 τε

1021 2612 1069 2639 καὶ
1083 2612 1113 2645 ἐξ
1133 2611 1215 2638 αὐτοῦ
1234 2611 1376 2646 πεφηνὼς,
1403 2610 1461 2646 ζωὴ
1475 2612 1506 2637 ὲκ
1522 2610 1595 2645 ζωῆς
1607 2629 1615 2642 ,
1641 2610 1722 2645 ὑμεῖς
1737 2609 1766 2637 δὲ
1786 2610 1816 2636 ἑν

1023 2657 1093 2693 ἐμοὶ,
1107 2657 1184 2691 κάγὼ
1195 2657 1224 2684 ὲν
1240 2657 1313 2692 ὑμῖν,
1329 2656 1397 2684 καθὸ
1411 2656 1520 2692 πέφηνα
1534 2656 1583 2691 μὲν
1594 2655 1742 2691 ἄνθρωπος
1749 2655 1814 2689 ἐγὼ,

1023 2703 1166 2734 κοινωνοὺς
1184 2702 1212 2729 δὲ
1232 2703 1306 2735 θείας
1319 2702 1427 2737 φύσεως
1443 2702 1586 2735 ἀπέδειξα,
1609 2701 1641 2728 τὸ
1657 2702 1773 2737 Πνεῦμα
1786 2701 1817 2729 τὸ

1254 2812 1277 2830 ³³
1295 2813 1373 2841 Joan.
1405 2820 1424 2847 1,
1452 2812 1496 2839 Η.
1533 2812 1554 2828 θ’
1580 2809 1601 2837 ll
1622 2809 1700 2838 Petr.
1742 2818 1768 2841 1.
1788 2810 1814 2838 ι.
