1896 3034
234 164 289 193 28δ
732 159 760 188 S.
775 159 912 187 CYlilLLl
931 158 1069 186 ALEXAN

1073 158 1166 186 DRlNI
1185 155 1346 184 ARCHIEP.
1820 148 1872 176 ΞΜ

241 235 1869 257 ____________________________________..

514 332 601 376 ΕΙΣ
623 333 696 375 ΤΟ
736 329 886 375 ΚΑΤΑ
932 330 1184 374 ΙΩΑΝΝΗΝ

1234 326 1584 372 ΕΥΑΓΓΕΛΙΟΝ

788 439 1008 483 ΒΙΒΛΙΟΝ
1030 437 1306 482 ΔΕΚΑΤΟΝ.

1034 550 1058 560 ιιι

406 636 467 680 ΙΝ
495 635 750 681 JOANNIS
785 635 1177 682 EVANGELIUM
1212 635 1393 679 LIBER
1423 632 1708 680 DECIMUS.

270 828 422 864 825-26
438 827 509 860 XIV,
528 828 573 855 2|.
596 828 648 861 Qui
662 829 739 856 habet
769 829 898 856 mandata
913 837 970 856 mea
996 833 1021 856 et
1036 830 1059 858 Α

237 881 372 906 ιενυαιειι,
389 875 479 902 illeest
492 875 537 909 qui
552 875 640 909 diligit
654 884 705 908 me;
718 876 764 910 qui
775 881 862 902 autem
874 875 962 910 diligit
972 883 1023 907 me,

236 921 362 955 diligetur
377 929 392 947 a
411 921 491 948 Patre
504 929 558 947 meo
573 929 583 948 :
595 926 620 948 et
634 930 681 956 ego
697 921 807 957 diligam
817 929 887 954 eum,
899 927 924 949 et
935 922 1023 949 mani-

234 967 339 1002 [ertabu
350 968 375 994 ei
393 968 529 1001 meipsum.

273 1012 394 1048 Mysterii
421 1013 616 1039 revelationem
644 1016 708 1040 tunc
724 1013 877 1047 praesertim
906 1012 1024 1040 manife-

236 1062 306 1087 stam
325 1059 382 1086 fore
400 1059 506 1089 dicens.
525 1066 586 1086 cum
610 1066 661 1086 nos
678 1059 711 1086 ad
735 1059 796 1094 ejus
814 1059 1022 1087 similitudinem

236 1106 358 1133 viventes
373 1105 601 1140 conspexerimus
617 1115 623 1132 :
641 1114 651 1131 ι
669 1104 738 1132 Vivo
759 1105 830 1132 enim
845 1113 907 1140 ego,
925 1106 1022 1140 inquit,

236 1156 263 1178 et
275 1158 325 1178 vos
353 1151 451 1178 vivctis
467 1152 477 1167 ⁷
496 1160 502 1178 :
521 1161 529 1177 ι
545 1151 626 1186 cujus
648 1151 685 1178 rei
712 1151 779 1179 ﬁdes
801 1151 951 1187 unicuique
979 1151 1024 1180 [iet

234 1204 289 1224 non
306 1205 338 1224 ex
365 1197 399 1224 iis
422 1204 482 1231 quae
503 1197 639 1230 audierit,
663 1197 711 1226 sed
731 1205 763 1225 ex
788 1206 879 1225 rerum
899 1199 1022 1233 ipsarum

235 1243 412 1277 possessione
425 1242 620 1277 promissionis
644 1242 748 1270 exitum
766 1245 928 1278 reportanti.
949 1243 1023 1272 Prte-

233 1292 290 1316 tttat
305 1289 378 1316 enim
395 1288 614 1323 experimentum
634 1289 728 1317 verbis
748 1289 781 1316 ad
800 1290 1022 1324 persuadendum

235 1334 371 1369 iidemque
386 1339 462 1361 certo
477 1334 641 1362 faciendam.
660 1333 760 1362 Verum
778 1343 812 1362 ne
829 1340 884 1363 tam
904 1341 1023 1371 augusto

235 1380 309 1408 dono
324 1386 440 1408 cunctos
461 1382 564 1416 passim
583 1381 635 1408 frui
657 1389 738 1416 posse
756 1386 895 1416 putemus,
912 1384 1021 1412 tametsi

235 1427 314 1462 probi
329 1435 384 1454 non
399 1427 455 1454 sint
468 1435 500 1455 ac
515 1428 609 1455 divino
625 1432 698 1455 metu
713 1428 854 1461 illustrati,
872 1437 1021 1466 personant

237 1481 333 1501 eorum
348 1481 363 1500 a
379 1474 479 1509 quibus
499 1474 622 1509 diligitur
636 1475 727 1501 statim
751 1474 913 1509 subjiciens,
933 1476 1021 1503 mani-

236 1519 306 1547 feste
323 1520 453 1548 costendit
479 1520 569 1547 nullos
595 1520 666 1548 alios
695 1523 750 1547 tam
778 1520 1021 1556 incomparabilem

235 1565 351 1599 gratiam
380 1564 522 1599 suscipere
549 1571 641 1598 posse,
668 1565 720 1592 nisi
750 1565 796 1600 qui
824 1571 898 1593 recte
915 1566 1023 1594 vivendi

235 1610 308 1636 viam
331 1610 503 1637 institerint:
526 1609 553 1636 hi
571 1610 644 1637 enim
657 1614 722 1637 sunt
742 1611 787 1645 qui
811 1611 932 1646 diligunt
947 1620 1022 1640 eum.

235 1655 311 1683 Licet
324 1657 397 1683 enim
413 1656 543 1683 Christus
559 1657 682 1683 omnium
708 1665 827 1692 corpora
850 1659 1023 1686 excitaturus

236 1701 274 1729 sit
289 1701 447 1737 (resurgent
462 1703 535 1728 enim
563 1701 645 1736 827
664 1702 726 1729 boni
749 1707 831 1737 atque
853 1704 942 1737 mali),
969 1711 1023 1731 non

235 1751 327 1774 tamen
344 1747 476 1774 omnibus
494 1747 680 1774 iudiil'erenter
698 1747 730 1774 ad
751 1748 866 1783 gloriam
891 1754 937 1776 aut
955 1749 1023 1777 deli-

237 1793 297 1820 cias
339 1792 505 1820 reviviscere
530 1792 650 1820 dabitur.
683 1792 858 1821 Manifestum
885 1796 958 1822 enim
984 1800 1025 1823 est

237 1837 312 1873 quod
337 1837 364 1864 hi
388 1838 498 1872 quidem
522 1838 634 1865 excitati
653 1842 756 1866 tantum
779 1840 812 1867 ad
836 1841 1022 1876 supplicium,

239 1885 313 1911 omni
336 1889 424 1912 morte
441 1885 523 1912 vitam
540 1884 723 1913 crudeliorem
742 1886 862 1914 habituri
885 1892 961 1920 sunt,
983 1888 1024 1915 illi

238 1938 303 1958 vero
319 1931 346 1958 in
370 1930 501 1959 felicitate
522 1932 633 1967 longum
650 1931 782 1968 degentes
799 1941 898 1966 aevum,
919 1934 1025 1968 optabi<

238 1977 289 2004 lein
309 1978 336 2004 in
356 1977 471 2005 Christo
493 1981 520 2005 et
543 1983 666 2006 sanctam
683 1979 766 2006 vitam
794 1986 889 2007 revera
920 1981 1023 2008 vivent.

239 2023 317 2056 Quod
344 2024 417 2051 enim
437 2024 465 2050 hi
494 2024 539 2059 qui
567 2028 690 2059 tempore
712 2024 810 2060 judicii
840 2025 984 2060 suppliciis
1010 2035 1025 2054 a

237 2069 347 2097 Christo
363 2073 427 2097 sunt
442 2070 599 2102 addicendi,
616 2075 741 2098 exsortes
755 2070 843 2098 beata:
857 2072 918 2099 vitae
940 2071 1024 2100 futuri

239 2116 304 2146 sint,
323 2115 450 2150 quamvis
473 2123 646 2142 communem
660 2116 765 2143 sanctis
785 2117 1023 2145 resurrectionem

238 2163 402 2193 sortiantur,
418 2161 539 2188 ostendit
550 2161 660 2189 dicens:
681 2172 690 2188 (
705 2161 757 2194 Qui
768 2163 856 2189 credit
872 2162 898 2189 in
914 2162 1024 2195 Filium,
1039 2156 1060 2184 ο

237 2208 320 2235 habet
338 2208 420 2234 vitam
439 2213 567 2235 attentam
585 2218 591 2235 ε
618 2209 666 2242 qui
686 2212 777 2234 autem
806 2209 967 2237 incredulus
983 2215 1025 2237 est

237 2253 318 2285 Filio,
338 2262 392 2280 non
409 2253 512 2280 videbit
529 2254 622 2285 vitam,
640 2253 688 2280 sed
709 2253 750 2280 ira
765 2253 811 2281 Dei
835 2260 926 2282 manet
944 2263 1026 2290 super

237 2307 299 2326 eum
315 2300 334 2325 ³.
355 2309 364 2326 ι
385 2299 580 2326 Animadverte
604 2299 676 2326 enim
695 2306 749 2334 quo
766 2303 858 2334 pacto,
883 2299 945 2327 licet
967 2308 1027 2327 om-

238 2353 288 2372 nes
316 2345 379 2371 boni
399 2352 432 2371 ac
458 2345 522 2371 mali
547 2344 702 2372 suscilandi
728 2345 794 2376 sint,
823 2345 1025 2374 incredulitatis

239 2393 329 2415 tamen
348 2397 411 2415 reos
429 2397 463 2415 ne
479 2389 588 2416 visuros
604 2389 713 2423 quidem
735 2389 817 2416 vitam
837 2390 922 2422 dicat,
942 2391 1024 2417 vitam

239 2442 301 2462 esse
316 2435 456 2469 inquiens,
475 2442 528 2461 non
556 2435 651 2470 utique
674 2443 819 2470 resurgere
837 2440 954 2468 tantum,
979 2437 1027 2464 sed

241 2480 327 2511 illam,
345 2481 452 2513 opinor,
465 2488 526 2514 quite
542 2481 569 2507 in
588 2481 682 2516 requie
701 2486 728 2508 et
746 2481 843 2516 gloria,
867 2482 1027 2517 deliciisque

241 2525 424 2559 spiritalibus,
445 2533 499 2552 non
520 2531 612 2553 autem
636 2527 698 2554 aliis
715 2532 852 2555 versatur.
863 2527 1027 2555 Deliciarum

239 2576 331 2599 autem
342 2571 475 2606 spiritalis
485 2573 582 2599 modus
595 2577 647 2603 cst,
661 2573 783 2607 perfecta
795 2573 840 2600 Dei
853 2574 983 2609 cognitio,
1002 2578 1028 2601 et

238 2618 434 2652 mysteriorum
444 2617 667 2646 Christianorum
681 2619 802 2653 perfecta
816 2620 958 2651 revelatio,
971 2627 1026 2646 non

238 2665 264 2690 in
290 2664 403 2697 speculo
427 2671 524 2692 rursus
548 2669 574 2691 et
597 2665 623 2691 in
645 2665 788 2700 amigmate
803 2665 830 2697 °,
849 2665 930 2692 sicuti
955 2672 1029 2692 nunc

238 2709 376 2736 obscuros
407 2717 498 2736 rerum
527 2711 706 2745 quaesitarum
732 2711 909 2738 characteres
929 2711 1026 2742 edens,

239 2754 287 2781 scd
307 2758 362 2781 tota
379 2762 447 2789 pure
461 2755 487 2782 in
503 2756 583 2784 nobis
598 2756 711 2784 elucens
726 2761 753 2784 et
769 2757 905 2791 emicans,
926 2761 952 2784 et
966 2765 1027 2792 per-

240 2800 423 2830 fectissimam
456 2803 581 2832 notitiam
608 2804 744 2832 inserens.
763 2814 772 2830 ι
793 2804 871 2838 Quod
896 2804 970 2832 enim
992 2811 1024 2832 ex

280 2895 290 2911 ⁷
307 2893 451 2928 Joan.x1v,
468 2893 508 2922 t9.
548 2894 557 2911 '
576 2891 655 2921 Joan.
674 2899 717 2927 ιιι⁷
732 2892 775 2921 '56.
814 2892 824 2908 ’
843 2891 852 2919 l
870 2892 934 2920 Cor.
951 2898 1012 2924 xm,
1030 2890 1072 2918 l2.

1114 827 1141 854 '0
1156 827 1234 862 ἔχων
1254 828 1307 860 τὰς
1331 825 1459 858 ἐντολάς
1483 834 1545 860 μου
1566 825 1614 852 και
1637 824 1741 858 τηρῶν
1768 825 1871 857 αὐτὸς,

1075 873 1190 906 ἐκεῖνός
1202 874 1286 900 ἐστιν
1300 874 1316 899 ὀ
1326 871 1449 906 ἀγαπῶν
1457 880 1495 906 με
1505 879 1512 886 ·
1524 872 1540 898 ό
1552 870 1586 897 δὲ
1597 869 1726 905 ἀγαπῶν
1738 878 1790 904 με.
1804 871 1870 903 ἀτα-

1075 917 1241 953 πηθήσεται
1255 918 1313 945 ὑπὸ
1329 917 1382 944 τοῦ
1397 917 1512 951 Πατρός
1521 925 1582 951 μου
1592 924 1598 932 ·
1623 916 1708 951 κάγὼ
1724 915 1871 950 ἀγαπήσει

1074 965 1177 996 αὑτὸν,
1192 965 1241 992 καὶ
1251 965 1405 999 ἐμφανίσω
1419 963 1500 997 αὐτῷ
1515 963 1655 999 ἐμαυτόν.

1108 1011 1302 1047 Φανερωτέραν
1317 1011 1424 1038 ἔσεσθαι
1435 1011 1482 1037 τοῦ
1500 1010 1650 1046 μυστηρίου
1664 1010 1717 1045 τὴν
1729 1010 1868 1036 ἀποκὲλι-

1075 1058 1119 1094 ψιν
1133 1059 1193 1085 τότε
1217 1058 1248 1092 δὴ
1272 1057 1392 1092 μάλιστα.
1412 1057 1498 1091 λέγων
1512 1058 1540 1083 ὲν
1555 1058 1638 1092 ἡμῖν,
1664 1057 1732 1083 ὅταν
1757 1058 1870 1086 humi;

1074 1104 1278 1139 ἅπαθρήσωμεν
1299 1103 1404 1135 ζῶντας
1428 1102 1488 1130 καθ’
1514 1102 1661 1138 ὁμοιότητα
1684 1103 1738 1137 τὴν
1765 1101 1867 1129 αὐτοῦ’

1078 1160 1087 1176 ι
1103 1150 1145 1177 Ζῶ
1159 1150 1211 1185 γὰρ
1226 1149 1313 1184 κάγὼ,
1329 1150 1405 1184 φησι,
1426 1149 1540 1184 ζήσεσθε
1556 1149 1583 1175 δὲ
1599 1150 1645 1176 καὶ
1658 1149 1752 1184 ὑμεῖς.
1771 1158 1781 1173 ι
1802 1148 1868 1182 [Dn-

1076 1196 1279 1232 ροφορουμένης
1293 1195 1386 1231 ὥσπερ
1396 1196 1446 1231 τῆς
1457 1195 1571 1222 ἑκάστου
1581 1194 1712 1227 διανοίας.
1726 1195 1780 1221 οὐχ
1796 1194 1825 1226 ἐξ
1837 1191 1867 1221 ὧν

1073 1243 1237 1279 ἠκροάσατο,
1250 1243 1297 1269 καὶ
1311 1240 1475 1269 πεπίστευκε
1487 1242 1576 1277 μόνον,
1589 1241 1646 1267 ἀλλ’
1661 1240 1692 1273 ἐξ
1710 1237 1749 1267 ὧν
1765 1240 1801 1267 ἂν
1815 1240 1866 1275 ἔχοι

1074 1289 1190 1325 μᾶλλον,
1208 1289 1389 1325 κομισάμενος
1405 1289 1456 1324 ήδη
1470 1288 1519 1323 τῆς
1536 1288 1703 1322 ἐπαγγελίας
1721 1288 1753 1314 τὸ
1774 1288 1865 1322 πέρας.

1074 1336 1158 1371 Πεῖρα
1176 1335 1231 1370 γὰρ
1250 1334 1337 1369 λόγων
1353 1334 1549 1369 εὐσθενεστέρα
1572 1333 1640 1369 πρὸς
1661 1333 1693 1360 τὸ
1710 1332 1866 1360 ἀναπείθειν

1072 1380 1202 1408 δύνασθαι
1224 1380 1272 1407 καὶ
1295 1380 1485 1415 πληροφορεῖν.
1515 1380 1574 1406 Ἵνα
1601 1378 1639 1414 μὴ
1667 1380 1754 1405 πᾶσιν
1780 1377 1866 1408 ἁπλῶς

1073 1427 1234 1466 προκεῖσθαι
1261 1425 1414 1461 νομίζωμεν
1436 1425 1466 1451 τὸ
1490 1424 1590 1457 ἐξεῖναι
1616 1424 1697 1460 τυχὸν
1721 1425 1776 1459 τῆς
1803 1424 1865 1451 οὕτω

1074 1473 1175 1508 σεπτῆς
1183 1471 1334 1499 ἀπολαῦσαι
1347 1472 1462 1507 δωρεᾶς,
1470 1472 1518 1497 καὶ
1527 1471 1552 1497 εἰ
1564 1471 1601 1506 μή
1612 1479 1684 1502 τινες
1696 1468 1754 1497 εἷεν
1762 1471 1865 1504 ἁγαθοὶ,

1075 1527 1123 1546 και
1135 1519 1174 1554 τῷ
1187 1518 1250 1554 θείῳ
1263 1518 1502 1553 λελαμπρυσμὲνοι
1515 1516 1590 1551 φόϐῳ
1600 1537 1607 1548 ,
1627 1516 1658 1543 τὸ
1668 1517 1726 1543 τῶν
1741 1517 1866 1551 ἀγαπών-

1075 1574 1128 1592 των
1138 1565 1219 1592 αὒτὺν
1234 1564 1379 1590 πρόσωπον
1392 1562 1565 1598 παραζεύξας
1579 1562 1660 1594 εὐθὺς
1671 1563 1712 1598 τῷ
1728 1563 1818 1598 λόγῳ,
1831 1562 1866 1588 δέ-

1074 1611 1161 1646 δειχεν
1172 1609 1294 1645 ἐναργῶς
1306 1610 1343 1641 ὡς
1353 1610 1403 1645 οὐχ
1415 1610 1518 1644 ἑτέροις
1528 1609 1598 1636 ἑλεῖν
1614 1608 1664 1644 τὴν
1679 1609 1772 1640 οὕτως
1787 1610 1866 1642 ἀσύγ-

1074 1665 1166 1692 κριτον
1176 1656 1283 1690 ἐξέσται
1295 1655 1386 1691 χάριν,
1401 1657 1425 1682 ει
1437 1656 1474 1690 μὴ
1484 1656 1539 1687 τοῖς
1557 1656 1656 1691 ἄριστα
1667 1655 1692 1681 δι
1700 1655 1771 1689 αζῇν
1782 1655 1867 1690 ἑλομέ-

1074 1709 1129 1733 νοις
1138 1709 1146 1717 ·
1154 1699 1225 1729 οὗτοι
1232 1702 1286 1737 γὰρ
1296 1701 1328 1728 ἂν
1340 1698 1394 1728 εἷεν
1404 1702 1428 1728 οἱ
1438 1701 1599 1736 ἀγαπῶντες
1609 1700 1701 1727 αὐτόν.
1716 1701 1748 1727 Et
1762 1702 1818 1736 γὰρ
1827 1702 1867 1727 καὶ

1076 1747 1110 1775 τὰ
1133 1748 1242 1775 πάντων
1261 1747 1342 1782 τυχὸν
1364 1747 1486 1782 διεγείρῃ
1512 1746 1626 1781 σώματα
1646 1747 1770 1781 Χριστδς
1793 1749 1866 1781 (ἀνα-

1076 1793 1218 1829 στήσονται
1232 1793 1286 1827 γὰρ
1303 1800 1369 1827 πονη
1375 1792 1416 1827 pot
1429 1791 1477 1818 καὶ
1488 1791 1609 1825 ἀγαθοὶ),
1632 1791 1691 1817 ἀλλ’
1704 1792 1755 1826 οὐχ
1774 1792 1866 1819 imm

1076 1838 1237 1873 ἀδιακρίτως
1254 1837 1322 1872 πρὸς
1343 1836 1422 1870 δόξαν
1435 1836 1451 1871 ἢ
1463 1836 1567 1871 τρυφὴν
1582 1835 1612 1862 τὸ
1627 1835 1785 1863 ἀναϐιῶναι
1799 1837 1866 1870 δοθή-

1077 1893 1163 1911 σεται.
1179 1883 1314 1919 Πρόδηλον
1340 1882 1394 1918 γὰρ
1415 1882 1457 1908 ὅτι
1479 1883 1503 1909 οἱ
1521 1882 1569 1917 μὲν
1589 1881 1635 1908 ἐπὶ
1653 1882 1684 1908 τὸ
1705 1882 1865 1914 κολάζεσθαι

1077 1930 1157 1965 μόνον
1187 1928 1313 1959 λαϐόντες
1340 1928 1389 1963 τὴν
1414 1928 1583 1959 ἀνάστασιν,
1618 1927 1739 1954 Θανάτου
1773 1929 1866 1959 παντελές

1076 1975 1264 2011 ἀπηνεστέραν
1285 1974 1375 2006 ἕξουσι
1393 1974 1443 2010 τὴν
1470 1974 1543 2009 ζωὴν
1556 1994 1564 2005 ,
1590 1974 1614 2000 οἱ
1642 1973 1671 2000 δὲ
1696 1975 1823 2010 μακροὺς
1841 1975 1866 2000 ἐν

1078 2022 1258 2058 μακαριότητι
1286 2020 1426 2056 τρίϐοντες
1455 2020 1567 2055 χρόνους
1585 2039 1592 2051 ,
1627 2020 1762 2054 ζήσουσιν
1791 2021 1866 2050 ὅντως

1075 2067 1124 2103 τὴν
1139 2068 1169 2094 ὲν
1187 2064 1297 2100 Χριστῷ
1311 2064 1475 2091 πολύευκτόν
1493 2072 1522 2089 τε
1540 2063 1589 2090 καὶ
1603 2063 1686 2097 ἁγίαν
1700 2063 1787 2100 ζωήν.
1812 2064 1865 2090 ὀτι

1076 2113 1131 2147 γὰρ
1147 2112 1171 2138 οἱ
1187 2111 1235 2146 τὴν
1248 2111 1294 2137 ἐπὶ
1310 2110 1348 2144 τῷ
1359 2109 1519 2141 κολάζεσοαι
1536 2109 1626 2144 ψῆφον
1643 2109 1862 2144 ἀποκομὶζξσῦιι

1079 2158 1222 2194 μέλλοντες
1243 2157 1318 2192 ποιρά
1333 2156 1452 2192 Χριστοῦ
1465 2176 1472 2186 ,
1488 2155 1560 2182 κατά
1574 2155 1619 2182 τὸν
1635 2156 1735 2191 καιρὸν
1748 2156 1799 2191 τῆς
1815 2156 1865 2190 κρί-

1077 2213 1155 2236 σεως,
1168 2204 1296 2238 ἄγευστοι
1314 2202 1425 2238 μενοῦσι
1440 2201 1489 2236 τῆς
1511 2201 1650 2236 μακαρίας
1665 2201 1742 2236 ζωῆς
1752 2222 1759 2234 ,
1786 2202 1864 2228 καίτοι

1075 2251 1165 2277 κοινὸν
1179 2250 1234 2280 τοῖς
1254 2248 1343 2282 ἁγίοις
1363 2247 1394 2274 τὺ
1413 2246 1562 2274 ἀναϐιῶναι
1579 2246 1728 2281 λαχόντες,
1750 2247 1865 2282 παραδη-

1076 2297 1116 2323 λοῖ
1128 2296 1215 2330 λέγων
1227 2304 1248 2320 -ι
1264 2295 1294 2321 '0
1305 2293 1442 2320 πιστεύων
1455 2294 1494 2324 εἰς
1506 2293 1550 2319 τὸν
1564 2292 1639 2324 Υἱὸν,
1650 2293 1709 2328 ἔχει
1724 2293 1797 2328 ζωὴν
1808 2292 1864 2320 aieb-

1076 2351 1132 2369 νιον
1145 2350 1151 2357 ·
1172 2343 1186 2368 ὸ
1201 2341 1229 2368 δὲ
1245 2340 1365 2367 ἀπειθῶν
1377 2339 1416 2374 τῷ
1433 2338 1507 2374 Υῑῷ,
1530 2339 1581 2364 οὐκ
1597 2339 1695 2372 ὄψεται
1717 2339 1769 2374 τὴν
1785 2339 1860 2374 ζωὴν,

1076 2388 1132 2415 ἀλλ’
1148 2389 1165 2424 ὴ
1189 2387 1259 2424 ὀργὴ
1281 2387 1329 2413 τοῦ
1346 2386 1413 2413 Θεοῦ
1429 2387 1506 2421 μενεῖ
1517 2386 1559 2411 ἐπ’
1573 2385 1666 2412 αὐτόν.
1683 2394 1693 2410 ι
1718 2384 1801 2416 Σύνες
1814 2386 1862 2418 γὰρ

1076 2435 1160 2466 ὅπως,
1178 2433 1266 2460 καίτοι
1282 2433 1391 2459 πάντων
1404 2431 1529 2467 πονηρῶν
1555 2439 1586 2457 τε
1607 2431 1656 2457 καὶ
1674 2430 1788 2464 ἀγαθῶν
1804 2431 1861 2457 ἁνι-

1077 2480 1223 2516 στήσετθαι
1248 2478 1498 2515 προσδοκωμένων,
1518 2477 1581 2508 τοὺς
1605 2477 1718 2512 ἐνόχους
1743 2479 1797 2508 τοῖς
1817 2476 1862 2510 τῆς

1077 2526 1218 2557 ἀπειθείας
1233 2525 1421 2561 ἐγκλήμασιν,
1447 2524 1508 2550 οὐδὲ
1530 2523 1593 2550 ὂσον
1611 2523 1774 2557 ἀπαθρῆσαι
1791 2523 1860 2557 μόνον

1078 2573 1144 2608 φησὶ
1157 2572 1205 2607 τὴν
1228 2571 1316 2606 ζωὴν,
1332 2571 1405 2603 ζωὴν
1423 2569 1493 2597 εἷναι
1510 2570 1614 2604 λέγων,
1640 2569 1702 2604 οὐχὶ
1722 2569 1825 2599 πάντως
1835 2569 1861 2594 τὸ

1077 2617 1226 2652 ἀναστῆναι
1239 2617 1333 2652 μόνον,
1358 2616 1416 2642 ἀλλ’
1432 2615 1555 2650 ἐκείνην,
1571 2611 1663 2649 οἶμαι,
1680 2615 1729 2640 καὶ
1747 2614 1814 2648 μάλα
1827 2615 1861 2638 εξ-

1079 2663 1192 2695 κότωςί
1206 2662 1255 2698 τὴν
1278 2663 1306 2688 ὲν
1330 2661 1484 2688 ἀναπαύσει
1511 2661 1559 2688 καὶ
1581 2660 1645 2695 δόξῃ
1671 2661 1719 2687 καὶ
1742 2661 1858 2694 τρυφαῖς,

1077 2710 1278 2744 πνευματικαῖς
1292 2708 1320 2735 δὲ
1338 2707 1470 2744 δηλονότι,
1488 2707 1536 2734 καὶ
1549 2707 1599 2742 οὐχ
1612 2707 1733 2742 ἑτέραις,
1758 2707 1859 2742 Τρυφῆς

1078 2757 1106 2784 δὲ
1120 2757 1220 2792 τρόπος
1237 2754 1422 2790 πνευματικὸς
1433 2774 1441 2788 ,
1456 2754 1472 2789 ἡ
1487 2753 1578 2780 τελεία
1594 2754 1660 2788 περὶ
1675 2753 1744 2780 Θεοῦ
1758 2753 1858 2787 γνῶσις,

1078 2802 1126 2829 καὶ
1144 2801 1198 2828 τῶν
1212 2800 1258 2827 ἐπὶ
1273 2799 1384 2836 Χριστῷ
1397 2798 1553 2835 μυστηρίων
1566 2799 1582 2834 ή
1596 2798 1715 2834 ἀκριϐὴς
1731 2797 1859 2824 ἀποκάλυ-
