1896 3034
21 150 91 179 285

580 149 613 176 ΙΝ
629 148 776 177 JOANNIS
795 148 1022 177 EVANGELIUM
1056 149 1123 176 LIB.
1141 149 1176 178 Χ.

1622 150 1677 177 286

18 208 95 243 ψις.
111 207 166 235 οὐκ
183 208 213 235 ὲν
230 207 354 244 ἐσόπτρῳ
371 207 452 235 πάλιν
475 207 522 234 καὶ
538 208 566 234 ὲν
581 208 733 243 αἰνίγματι,
749 207 829 235 καθά·

919 213 967 235 trte
977 212 1019 235 est
1036 208 1229 242 evacuabitur,
1247 218 1255 234 ι
1271 209 1348 243 juxta
1364 209 1442 236 Pauli
1456 216 1549 236 vnccm
1565 208 1597 234 ιο.
1609 207 1676 234 Cum

21 263 91 290 περ
112 254 162 281 καὶ
187 254 236 281 νῦν
249 254 388 289 ἀμυδροὺς
407 254 473 290 ἡμῖν
495 253 549 280 τῶν
571 253 747 289 ζητουμένων
771 255 835 285 τοὺς

20 301 221 335 χαρακτῆρας
243 300 412 336 ἐμφαίνουσα
422 320 429 332 ,
448 299 505 326 ἀλλ’
520 300 568 335 ὅλη
587 300 715 335 καθαρῶς
727 301 756 327 ὲν
769 301 835 335 ἡμῖν

21 346 238 381 διαφαινομένη
256 355 286 373 τε
306 347 351 373 καὶ
367 346 523 381 λάμπουσα,
536 346 583 372 καὶ
597 346 771 382 τελειοτάτην
786 347 836 380 ἐμ-

23 392 157 418 ποιοῦσα
173 392 224 428 τὴν
241 391 355 428 εἴδησιν.
375 401 383 416 σ
410 393 446 419 Τὸ
458 392 512 427 γὰρ
529 393 560 418 ἐκ
577 392 679 427 μέρους
695 400 835 427 καταργη-

21 438 174 472 θήσεται,
196 449 204 464 ι
227 438 299 465 κατὰ
319 439 367 473 τὴν
389 438 436 465 τοῦ
451 438 557 465 Παύλου
575 439 677 473 φωνήν,
697 438 836 465 Διδάσκων

21 484 187 519 τοιγαροῦν
213 485 288 520 ἡμᾶς
310 484 325 510 6
340 483 442 519 Κύριος
459 482 537 518 ήμῶν
558 483 662 518 Ἰησοῦς
679 484 694 509 ό
718 483 835 518 Χριστὸς

21 529 74 556 ὅτι
90 532 151 562 τοῖς
168 530 280 566 ἀγαπᾷν
295 529 432 566 ἑλομένοις
450 529 541 560 αὑτὸν,
558 529 603 556 καὶ
618 531 674 560 τοῖς
685 529 739 556 τῶν
755 529 835 563 θείων

23 575 122 602 αὑτοῦ
151 575 338 611 κηρυγμάτων
363 575 506 610 ἐργάταις,
525 575 605 610 ἡτῆς
637 575 835 609 ἀποκαλύψεως

23 621 199 657 ὑπόσχεσις,
210 620 423 658 πρεπωδεστέρα
433 621 463 647 τέ
474 622 543 653 ἐστι,
553 621 601 647 καὶ
614 622 723 653 οἰκείως
735 622 836 657 ἔχουσα

26 667 160 702 μᾶλλον,
186 668 217 695 οὐ
237 668 290 703 μὴν
311 668 367 699 τοῖς
386 667 517 694 τάναντία
537 667 722 703 πεφρονηκόσι
740 676 769 695 τε
789 668 836 694 καὶ

17 712 198 747 δεδρακόσι,
210 713 407 748 χρησιμώτατα
430 713 486 744 τοῖς
510 713 666 747 εἰρημένοις
684 713 834 747 ἐπήνεγκε,

23 758 126 792 ὶέγων
140 768 148 773 -
174 768 183 785 ι
205 758 234 785 '0
252 758 321 794 ἔχων
335 757 385 790 τὰς
398 758 509 790 ἐντολάς
531 767 597 794 μου,
619 758 665 785 καὶ
684 759 776 794 τηρῶν
786 759 835 786 αὺ-

23 805 98 836 τὰς,
114 801 195 836 οὗτός
209 805 282 831 ὲστιν
295 804 309 831 6
320 803 434 838 ἀγαπῶν
451 813 494 838 με.
510 813 520 830 ι
541 804 618 839 Ἔχει
629 804 658 830 δέ
673 813 715 836 τις
727 804 776 837 τὰς
792 804 835 831 ὲν-

23 849 133 880 τολὰς,
157 850 207 883 τὴν
227 849 317 875 πίστιν
339 849 580 884 παραδεξάμενος,
597 849 645 876 καὶ
661 849 704 876 διὰ
722 850 834 885 μνήμης

24 895 148 929 ἀγαθῆς
159 896 199 926 εις
210 895 257 921 τὸν
268 896 366 922 οἰκεῖον
380 895 596 930 εἰσοικισάμεναι
610 895 671 922 νοῦν
681 915 690 929 ,
708 895 756 932 τὴν
767 896 832 923 ἀοό-
848 885 870 913 Β

24 941 123 968 λωτόν
136 950 166 968 τε
181 942 228 968 καὶ
242 941 328 976 διειδῆ
341 941 395 968 τῶν
409 941 596 976 εὐαγγελικῶν
610 942 754 977 δογμάτων
769 943 832 969 παί-

23 987 77 1014 δευ
86 996 149 1020 τιν,
167 987 267 1022 πληροῖ
288 987 316 1014 δὲ
336 987 422 1019 αὑτὰς
445 987 606 1023 πρακτικῶς
623 989 760 1024 ἐνεργῶν,
785 989 832 1016 καὶ

24 1035 63 1068 τῇ
94 1034 151 1060 τῶν
173 1034 322 1068 δρωμένων
346 1033 519 1070 λαμπρότητι
538 1034 692 1071 διαπρεπὴς
716 1035 832 1071 ὁρᾶσθαι

26 1082 209 1114 σπουδάζων.
229 1082 338 1114 Τέλειος
350 1080 397 1109 οὗν
414 1083 468 1118 ἄρα
485 1082 696 1118 καὶόλοκλήρως
712 1084 831 1119 ἀπηρτι-

24 1128 137 1162 optivo;
162 1128 202 1159 εἰς
219 1127 374 1159 εὐσέὸειαν,
398 1128 412 1155 6
435 1128 524 1155 πίστει
550 1137 581 1155 τε
605 1128 652 1155 καὶ
676 1129 774 1164 πράξει
796 1129 831 1156 δι’

23 1175 151 1209 ἀμφοῖν,
163 1173 258 1209 ὥσπερ
271 1174 315 1200 ἐπὶ
329 1174 450 1209 ὁσιότητι
464 1175 497 1209 τῇ
511 1174 583 1201 κατὰ
596 1174 715 1209 Χριστὸν
731 1183 833 1210 μαρτυ-

26 1219 181 1255 ρούμενος.
201 1229 211 1246 ι
229 1219 292 1246 Ἐπὶ
306 1220 439 1255 στόματος
453 1219 508 1255 γὰρ
522 1219 568 1247 δύο
592 1219 608 1255 ἢ
625 1219 708 1255 τριῶν
729 1219 833 1255 μαρτύ-

26 1275 90 1300 ρων
119 1265 286 1300 σταθήσεται
301 1267 355 1292 πᾶν
367 1267 452 1301 ῥῆμα,
467 1274 477 1290 ›
497 1265 568 1292 κατὰ
582 1264 612 1292 τὸ
626 1266 830 1300 γεγραμμένον.

26 1313 86 1338 Τὸν
99 1312 130 1339 δὲ
142 1311 174 1347 δὴ
185 1311 318 1342 τοιοῦτον.
334 1311 447 1343 εἰκότως
461 1311 600 1345 ἀγαπήσει
616 1311 665 1346 μὲν
681 1311 694 1337 ὁ
705 1311 771 1343 Θεὸς
784 1311 832 1347 καὶ

26 1358 145 1393 Πατὴρ.
165 1358 305 1392 ἀγαπήσει
321 1358 349 1384 δὲ
365 1357 441 1384 οὐδὲν
454 1355 535 1392 ἧττον
547 1357 595 1383 καὶ
605 1357 619 1382 ὀ
633 1356 706 1387 Υἱός.
725 1357 830 1394 Ὥσπερ

26 1405 90 1438 γάρ
126 1405 200 1431 ἐστιν
230 1403 387 1439 όμοούσιος,
409 1403 481 1430 οὕτω
515 1404 564 1430 καὶ
589 1403 768 1439 συνεθελητὴς
790 1404 831 1440 τῷ

29 1451 95 1486 ίόίῳ
105 1452 259 1486 γεννήτορι.
273 1452 345 1483 Μιᾶς
355 1450 409 1485 γὰρ
419 1450 512 1482 οὐσίας
523 1450 552 1476 ἓν
564 1450 648 1485 δήπου
670 1449 700 1476 τὺ
713 1449 829 1484 θέλημα,

27 1498 84 1524 καὶ
98 1497 200 1528 σκοπὸς
219 1497 262 1531 ἐφ’
275 1496 376 1524 ἅπασιν
395 1494 446 1529 εἷς,
464 1496 511 1523 καὶ
528 1496 558 1522 τὸ
576 1495 727 1529 διαφωνοῦν
744 1495 828 1528 οὐδὲν,

28 1544 120 1578 ἦγουν
132 1543 171 1574 εἰς
183 1542 282 1578 ἑτέραν
300 1542 347 1569 καὶ
357 1542 454 1577 ἑτέραν
465 1540 629 1588 κατασχίςον
640 1540 758 1576 θέλησιν.
767 1541 829 1573 Τοῖς
842 1560 863 1588 c

27 1597 64 1623 γε
81 1589 137 1623 μὴν
147 1588 198 1622 τῆς
209 1587 286 1619 Θείας
295 1587 406 1622 ἀγάπης
420 1586 582 1622 ἠξιωμένοις
593 1585 718 1622 λαμπρὸν
732 1586 829 1613 ἐπιδώ-

29 1644 92 1662 σειν
109 1635 142 1662 τὸ
153 1635 239 1670 γέρας
255 1634 464 1668 ἐπαγγέλλεται,
480 1633 527 1659 καὶ
543 1633 583 1659 ὅτι
596 1633 656 1664 ταῖς
666 1632 737 1668 ὑπὲρ
751 1632 829 1667 λόγον

28 1681 135 1712 αὐτοὺς
148 1679 315 1714 καταστέψει
329 1679 455 1713 δωρεαῖς.
468 1688 477 1704 ι
488 1678 646 1713 Ἑμφοινίσω
656 1678 721 1714 γὰρ.
735 1679 828 1714 φησιν,

30 1726 110 1761 αὐτῴ
132 1725 264 1760 ἐμαυτόν.
287 1734 296 1750 ι
319 1724 443 1760 Καθὲιροὶ
460 1723 514 1758 γὰρ
533 1723 607 1757 παρὰ
624 1725 680 1755 τοῖς
700 1724 830 1760 καθαροῖς

31 1774 58 1799 οι
73 1773 142 1807 περὶ
154 1772 204 1806 τῆς
224 1770 352 1802 θεοπτὶας
369 1770 475 1796 ἔσονται
495 1769 586 1803 λόγοι·
608 1769 757 1804 διαλάμπει
773 1770 802 1796 δὲ
816 1771 830 1797 6

29 1818 154 1853 Χριστὸς
168 1818 198 1844 ὲν
214 1817 305 1848 αὐτοῖς
316 1837 322 1848 ,
339 1816 381 1842 διὰ
395 1815 441 1842 τοῦ
457 1815 522 1842 ἰδίου
536 1814 658 1849 δηλονότι
671 1815 829 1851 Πνεύματος

30 1865 75 1895 εις
91 1865 198 1890 ἕκαστα
214 1862 268 1889 τῶν
282 1861 395 1888 δεόντων
419 1861 595 1896 φωταγωγῶν
605 1882 612 1893 ,
631 1861 677 1888 καὶ
699 1862 829 1897 ἀρρήτοις

29 1910 89 1936 τισὶ
99 1908 256 1944 δᾳδουχίαις
266 1908 326 1938 ταῖς
337 1906 407 1933 κατὰ
416 1906 460 1933 τὸν
469 1906 530 1933 νοῦν
540 1906 637 1933 ἑαυτὸν
646 1906 828 1934 ἐπικαλύπτων

31 1958 82 1983 καὶ
100 1955 212 1990 ἐμφανῆ
229 1953 369 1985 καθιστάς.
387 1953 419 1980 Ol.
434 1953 462 1979 δὲ
480 1952 552 1985 ἅπαξ
566 1952 683 1984 ἑλόντες,
697 1953 827 1988 μακάριοί

30 2011 62 2029 τε
85 2003 135 2029 καὶ
159 2000 286 2034 ζηλωτοί.
314 1999 368 2026 Καί
389 2007 435 2033 μοι
459 1999 533 2026 δοκεῖ
553 1998 672 2030 τοιοῦτός
694 2007 736 2030 τις
757 1997 827 2027 εἶναι

30 2048 123 2081 λέγων
137 2048 150 2073 ὁ
171 2046 314 2080 προφήτης
331 2044 428 2071 Δασίδ·
450 2053 458 2070 ι
483 2044 648 2079 Ἀκοὺσομαι
665 2044 692 2070 τί
711 2044 822 2080 λαλήσει

30 2094 61 2119 ἐν
79 2094 144 2127 ἐμοὶ
153 2091 262 2126 ,Κύριος
275 2092 290 2117 6
303 2089 378 2121 Θεός.
393 2099 402 2115 ι
428 2090 483 2117 Καὶ
500 2089 552 2125 μὴν
569 2090 615 2116 καὶ
630 2090 712 2121 αὐτὸς
729 2091 796 2125 ἡμῖν
813 2091 827 2117 6

886 262 952 289 ergo
966 255 1079 282 doceret
1100 263 1151 282 nos
1167 255 1299 283 Dominus
1325 259 1420 284 noster
1443 255 1524 283 Jesus
1551 254 1677 282 Christus

884 300 1064 336 diligentibus
1090 309 1120 328 se
1143 306 1171 328 et
1184 301 1278 328 divina
1306 301 1368 336 ejus
1398 301 1529 328 mandata
1546 300 1677 327 facienti-

884 346 937 374 bus
951 346 1130 373 revelationis
1148 347 1363 381 promissionem
1386 346 1546 377 convenire,
1569 350 1595 372 et
1612 352 1676 379 pro-

887 393 974 428 priam
993 400 1055 420 esse
1072 393 1163 427 potius
1181 401 1263 427 quam
1282 393 1315 420 iis
1335 393 1380 428 qui
1397 393 1539 420 contraria
1554 392 1678 418 sentiunt

886 446 918 465 ac
938 438 1054 471 faciunt,
1074 439 1178 466 utiliter
1199 440 1281 467 dictis
1298 439 1453 473 subjunxit,
1466 439 1584 465 dicens:
1602 446 1610 462 ι
1625 437 1677 469 Qui

886 485 969 512 habet
986 485 1115 512 mandata
1134 493 1204 517 mea,
1220 489 1247 512 et
1270 490 1361 513 servat
1377 492 1418 517 ca,
1436 485 1481 511 ille
1495 488 1536 511 est
1552 483 1598 518 qui
1615 483 1676 510 dili-

886 531 924 566 git
937 539 980 559 me
1001 531 1032 558 “.
1052 541 1061 557 ι
1081 531 1106 558 ls
1130 536 1220 559 autem
1246 532 1328 558 habet
1353 531 1493 561 mandata,
1517 530 1676 564 quicunque

886 578 966 606 l‘ldem
984 578 1118 613 suscepit,
1137 582 1164 606 et
1177 587 1224 613 per
1243 578 1342 605 bonam
1365 578 1524 605 memoriam
1538 575 1676 610 evangeli-

886 631 980 650 corum
998 628 1199 659 praeceptorum
1224 624 1380 651 doctrinam
1401 630 1496 659 puram
1512 630 1545 649 ac
1562 622 1675 649 nitidam

885 675 976 696 tuente
993 669 1098 702 hausit,
1124 678 1212 705 eaque
1231 676 1296 697 actu
1321 675 1349 698 et
1366 677 1450 704 opere
1477 669 1622 703 adimplet,
1648 671 1676 694 et

884 713 1021 741 factorum
1039 716 1187 750 splendore
1204 716 1311 743 clarere
1337 715 1438 743 studet.
1462 714 1602 742 Perfectus
1621 714 1675 740 ita-

885 769 940 795 que
958 765 1089 796 totusque
1103 761 1136 788 ad
1153 761 1282 796 pietatem
1302 761 1436 789 formatus
1453 761 1498 788 ille
1513 764 1555 788 est
1577 760 1624 794 qui
1641 767 1675 787 ex

885 804 929 832 his
946 805 1066 838 duobus.
1094 807 1148 834 lide
1173 807 1305 833 nimirum
1336 812 1363 834 et
1389 814 1484 841 opere,
1521 806 1676 833 sanctitatis

885 851 1052 879 Christianae
1080 852 1271 880 testimonium
1300 853 1403 880 habet:
1436 862 1445 878 ι
1472 851 1501 878 In
1528 859 1577 882 ore
1603 852 1674 878 enim

884 898 1001 924 duorum
1016 902 1063 924 aut
1084 898 1166 925 trium
1183 898 1295 924 testium
1315 897 1400 925 stabit
1415 905 1496 925 omne
1515 897 1640 928 verbum,
1663 906 1673 922 ο

882 947 914 970 ιιι
925 943 1061 978 scriptum
1077 947 1120 971 est
1141 944 1172 971 “.
1188 943 1354 978 Quicunque
1371 951 1436 971 vero
1453 943 1516 971 talis
1530 941 1584 975 ’sit,
1603 943 1676 970 hunc

880 988 943 1023 jure
956 989 1029 1016 Deus
1044 997 1075 1016 ac
1087 988 1170 1017 Pater
1184 990 1289 1024 diliget,
1307 997 1358 1017 nec
1381 990 1474 1017 minus
1491 991 1555 1017 item
1574 989 1674 1019 Filius.

883 1034 919 1063 Ut
932 1035 1005 1062 enim
1022 1035 1108 1070 828
1122 1039 1164 1062 est
1181 1035 1439 1068 consubstantialis,
1456 1035 1494 1062 ita
1512 1039 1538 1062 et
1550 1035 1675 1069 ejusdem

881 1085 925 1109 est
939 1089 1001 1109 cum
1014 1081 1144 1109 Genitore
1159 1089 1210 1109 suo
1225 1081 1388 1109 voluntatis.
1408 1081 1499 1110 Unius
1515 1082 1587 1109 enim
1610 1081 1676 1108 sub-

882 1127 992 1155 stantia:
1014 1134 1068 1154 una
1088 1127 1186 1162 utique
1203 1131 1248 1155 est
1263 1128 1404 1160 voluntas,
1422 1135 1552 1162 unusque
1571 1134 1675 1162 scopus

882 1171 910 1199 in
924 1172 1064 1204 omnibus,
1083 1179 1136 1199 nec
1155 1172 1342 1207 discrepantia
1357 1172 1423 1204 ulla,
1436 1179 1491 1206 qua
1513 1172 1540 1198 in
1564 1171 1674 1198 diversa

882 1217 1018 1246 ferantur.
1047 1217 1235 1254 Quoscunque
1263 1226 1329 1246 vero
1354 1217 1504 1246 dilectione
1531 1225 1580 1245 sua
1601 1216 1675 1244 Deus

881 1263 1010 1298 dignatus
1026 1262 1121 1295 fuerit,
1139 1262 1174 1290 iis
1196 1263 1305 1290 clarum
1323 1263 1467 1298 praemium
1489 1262 1619 1289 daturum
1644 1270 1675 1290 se

882 1309 1039 1344 pollicetur,
1056 1315 1161 1343 eosque
1176 1308 1259 1336 donis
1284 1309 1360 1336 omni
1379 1308 1505 1336 oratione
1522 1308 1674 1342 majoribus

881 1359 1089 1382 coronatnrum.
1110 1364 1120 1380 ι
1144 1353 1328 1382 Manifestabo
1344 1355 1428 1385 enim,
1446 1354 1548 1389 inquit,
1571 1353 1595 1381 ei
1617 1362 1674 1381 me-

881 1401 982 1435 ipsutn.
999 1410 1008 1426 ι
1027 1400 1092 1428 l‘uri
1112 1401 1187 1428 enim
1216 1401 1289 1436 apud
1311 1409 1395 1436 puros
1410 1404 1490 1427 erunt
1514 1400 1549 1428 de
1567 1399 1612 1427 Dei
1630 1398 1673 1426 vi-

880 1448 958 1475 sione
976 1454 1137 1475 sermones:
1159 1447 1315 1482 resplendet
1330 1455 1396 1474 vero
1412 1446 1543 1474 Christus
1566 1446 1594 1473 in
1622 1448 1671 1477 iis.

880 1501 928 1528 per
954 1501 1033 1520 suum
1052 1501 1150 1527 nempe
1168 1493 1301 1527 Spiritum
1323 1493 1357 1520 ad
1379 1492 1469 1520 ollicia
1493 1492 1601 1526 singula
1625 1499 1673 1519 eos

880 1538 1029 1569 deducens,
1041 1542 1070 1566 et
1086 1538 1219 1566 inett‘abili
1236 1538 1423 1566 illustratione
1438 1538 1560 1572 seipsum
1578 1544 1673 1564 eorum

882 1584 1020 1612 mentibus
1048 1585 1177 1612 revelans
1207 1588 1291 1619 atque
1316 1583 1512 1611 manifestans.
1537 1582 1590 1615 Qui
1608 1589 1673 1609 vero

882 1630 966 1658 semel
984 1638 1045 1657 enim
1069 1630 1253 1665 susceperint,
1269 1630 1342 1658 beati
1359 1635 1386 1657 et
1402 1629 1568 1664 spectabiles
1581 1632 1673 1655 erunt.

882 1675 958 1703 Talis
971 1676 1036 1702 mihi
1053 1675 1163 1703 videtur
1179 1675 1263 1703 David
1282 1676 1425 1710 propheta,
1441 1683 1503 1702 cum
1518 1675 1555 1701 ait
1573 1683 1579 1701 :
1600 1675 1674 1700 «Au-

883 1721 955 1749 diam
981 1721 1046 1756 quid
1073 1722 1201 1756 loquatur
1222 1723 1249 1749 in
1272 1730 1315 1750 me
1344 1721 1479 1749 Dominus
1507 1720 1580 1747 Deus
1599 1719 1630 1746 η.
1661 1728 1670 1745 ι

883 1767 955 1801 Quin
983 1773 1010 1795 ct
1034 1768 1094 1803 ipse
1118 1767 1229 1795 divinus
1256 1768 1409 1803 Apostolus
1431 1768 1579 1795 scribens:
1601 1775 1610 1792 ι
1631 1767 1671 1792 An

881 1814 1098 1849 experimentum
1119 1814 1244 1847 quaeritis
1263 1815 1324 1849 ejus
1349 1815 1396 1850 qui
1424 1814 1451 1840 in
1481 1821 1524 1841 me
1550 1813 1673 1847 loquitur

881 1859 1010 1888 Christus
1026 1860 1071 1887 “1'
1089 1869 1098 1886 ι
1114 1859 1249 1895 Loquitur
1268 1861 1340 1888 enim
1356 1861 1382 1888 in
1397 1861 1500 1888 sanctis
1517 1868 1565 1894 per
1583 1859 1671 1894 Spiri-

882 1909 949 1937 tum,
962 1909 1019 1932 tum
1029 1913 1089 1937 sua,
1104 1910 1159 1932 tum
1172 1906 1225 1932 alia
1242 1910 1372 1941 prmterea
1390 1907 1517 1934 revelans
1528 1906 1671 1942 mysteria.

880 1950 987 1979 Idcirco
1006 1951 1080 1979 enim
1110 1955 1138 1979 et
1165 1956 1296 1980 accurate
1325 1959 1356 1980 ea
1385 1952 1573 1987 intclligentes
1603 1952 1673 1980 alias

879 1998 990 2034 quidem
1008 1999 1106 2026 aiunt:
1127 2007 1137 2024 ι
1157 1997 1241 2026 Nobis
1265 1999 1395 2026 revelavit
1412 1999 1485 2027 Deus
1510 2007 1559 2033 per
1585 1997 1673 2033 Spiri-

880 2050 938 2073 tum
947 2046 980 2079 ”’;
989 2046 1074 2074 talias
1085 2054 1150 2073 vero
1161 2055 1182 2072 τι
1191 2046 1243 2073 Nos
1252 2046 1353 2073 Christi
1363 2054 1474 2074 sensum
1486 2045 1670 2077 habemus”,i

880 2098 992 2118 sensum
1010 2091 1112 2118 Christi
1128 2091 1261 2126 Spiritum
1279 2092 1340 2126 ejus
1353 2100 1416 2119 esse
1429 2093 1564 2119 dicentes.

31 2141 107 2171 θεῖος
124 2137 289 2164 ἐπιστέλλων
310 2136 470 2167 Ἀπόστολος
481 2144 489 2152 ο
516 2145 525 2160 ι
542 2136 574 2162 Et
586 2135 702 2170 δοκιμὴν
717 2135 826 2170 ζητεῖτε
844 2136 891 2163 τοῦ
908 2137 936 2163 ὲν
950 2137 1012 2172 ἐμοὶ
1026 2136 1172 2170 λαλοῦντος
1186 2138 1323 2173 Χριστοῦ;
1344 2148 1353 2165 ι
1373 2139 1456 2165 Λαλεί
1486 2138 1539 2173 γὰρ
1558 2137 1587 2164 ἐν
1617 2136 1673 2167 τοῖ;

31 2186 125 2220 ἁγίοις
141 2185 186 2212 διὰ
199 2184 245 2210 τοῦ
261 2183 419 2217 Πνεύματος
434 2182 469 2209 τὰ
482 2182 542 2209 καθ’
560 2182 666 2213 ἑαυτὸν,
682 2182 729 2208 καὶ
745 2182 827 2217 ἔτερα
845 2183 873 2210 δὲ
887 2183 956 2219 πρὸς
966 2183 1070 2215 τούτοις
1085 2184 1285 2211 ἀποκαλύπτων
1319 2185 1466 2220 μυστήρια.
1501 2183 1551 2210 Διὰ
1562 2182 1617 2217 γάρ
1632 2189 1672 2208 τοι

30 2233 126 2263 τοῦτο,
143 2232 190 2258 καὶ
205 2229 331 2260 συνέντες
349 2228 470 2264 ἀκριῦὦς
488 2227 576 2260 αὐτὰ,
608 2228 672 2254 ποτὲ
701 2228 753 2263 μὲν
785 2229 929 2263 λέγουσιν,
952 2229 992 2255 ὅτι
1028 2239 1037 2255 ι
1062 2230 1143 2265 Ἡμῖν
1172 2230 1220 2266 μὲν
1238 2231 1412 2265 ἀπεκάλυψεν
1433 2231 1448 2257 ὁ
1468 2230 1534 2261 Θεὸς
1560 2230 1604 2256 διὰ
1625 2228 1672 2255 τοῦ

31 2278 212 2313 Πνεύματος,
229 2286 238 2303 ι
266 2277 329 2303 ποτὲ
344 2276 373 2302 δὲ
385 2276 482 2309 πάλιν,
497 2286 505 2301 ι
532 2276 628 2311 Ἡμεῖς
641 2276 671 2303 δὲ
686 2276 748 2303 νοῦν
763 2275 882 2311 Χριστοῦ
895 2275 1002 2311 ἔχομεν,
1020 2284 1028 2300 ι
1045 2275 1107 2302 νοῦν
1123 2273 1193 2302 εἶναι
1209 2276 1335 2310 λέγοντες
1368 2276 1397 2303 τὸ
1428 2275 1540 2310 Πνεῦμα
1578 2275 1670 2302 αὑτοῦ.

68 2324 156 2359 Λέγει
171 2323 253 2356 αὐτῷ
271 2324 380 2356 Ἰούδας
390 2343 397 2354 ,
413 2325 469 2356 οὺχ
484 2323 694 2357 ὀῚσκαριώτης
704 2331 711 2337 ·
728 2323 827 2356 Κύριε,

919 2321 988 2354 XIV,
1005 2321 1049 2349 22.
1069 2322 1138 2349 Dicit
1150 2323 1173 2349 ei
1187 2321 1284 2354 Iudas,
1301 2331 1353 2349 non
1373 2323 1417 2350 ille
1434 2321 1576 2349 lscariotcs
1590 2330 1598 2349 :
1615 2321 1672 2348 Do-

31 2372 62 2398 τί
75 2370 212 2405 γέγονεν,
228 2369 352 2404 ὄτιήμῖν
365 2369 490 2404 μέλλεις
501 2369 672 2403 ἐμφανίζειν
684 2368 827 2401 σεαυτὸν,

34 2417 84 2444 αα)
99 2415 169 2449 οὐχὶ
184 2414 224 2447 τῷ
239 2416 360 2450 κόσμφ;

75 2463 122 2495 Ἐξ
141 2462 253 2496 ἀγάπης
278 2461 327 2496 μὲν
347 2460 454 2497 πρόεισι
473 2460 699 2496 φιλοπευστήσων
714 2461 728 2487 ό
742 2460 829 2496 μαθη-

39 2509 99 2544 τὴς,
117 2507 190 2543 πλὴν
211 2507 262 2533 οὐκ
275 2507 397 2542 ἀκριϐῶς
418 2507 515 2542 epam
537 2507 628 2539 cavat;
641 2507 689 2534 τοῦ
703 2507 829 2542 Σωτῆρος

35 2556 80 2582 τὴν
96 2554 188 2587 λόγον.
219 2553 249 2580 ’0
267 2553 315 2588 μὲν
333 2553 387 2588 γὰρ
399 2553 502 2587 Κύριος
516 2553 594 2588 ἡμῶν
612 2553 716 2588 Ἰησοῦς
737 2553 750 2579 ὁ
762 2554 830 2588 Χρι-

36 2600 96 2630 στὸς
109 2599 249 2633 ἐξαίρετόν
258 2606 320 2625 τινα
329 2599 385 2629 τοῖς
393 2598 480 2632 ἁγίοις
491 2598 647 2633 ὑπισχνεῖτο
657 2598 706 2634 τὴν
717 2598 829 2632 γνῶσιν,

36 2647 81 2673 καὶ
89 2646 149 2680 οὐχι
158 2646 190 2680 τῇ
198 2644 253 2671 τῶν
261 2643 348 2671 ἄλλων
358 2644 756 2680 παρεικασμένην.’1σχνότεροι
776 2647 830 2680 γὰρ

36 2692 81 2718 καὶ
97 2691 170 2718 κατὰ
187 2691 256 2717 πολὺ
272 2690 444 2726 διειδέστεροι
458 2690 513 2717 τῶν
527 2690 606 2717 θείων
622 2691 780 2726 μυστηρίων
803 2691 828 2718 οἱ

36 2738 212 2774 χαρακτῆρες
227 2737 257 2764 ἐν
271 2737 326 2768 τοῖς
340 2736 496 2772 ἀνθρώποις
507 2738 564 2769 τοῖς
575 2736 658 2769 Geloi;
674 2737 830 2773 ἐκλάμπουο

881 2368 961 2397 mine,
977 2367 1039 2402 quid
1060 2367 1160 2402 factum
1176 2373 1214 2395 cst
1235 2369 1299 2402 quia
1318 2369 1538 2403 manifestaturus
1553 2376 1580 2395 es
1597 2368 1671 2395 nobis

823 2434 827 2436 .
883 2413 1011 2447 teipsum,
1031 2417 1056 2439 et
1071 2421 1121 2439 non
1137 2413 1257 2441 mundo?

919 2458 1102 2486 Siscitaturus
1131 2459 1242 2494 quidem
1266 2459 1423 2486 dilectionis
1452 2459 1477 2485 vi
1507 2463 1534 2485 et
1551 2459 1670 2493 impulsu

883 2505 988 2533 accedit
1006 2504 1168 2539 discipulus,
1199 2506 1248 2532 sed
1278 2514 1332 2533 non
1358 2510 1486 2532 accurate
1517 2504 1671 2532 Serratoris

878 2559 1033 2580 sermonem
1052 2559 1151 2586 capere
1166 2551 1284 2578 videtur.
1309 2551 1441 2578 Dominus
1474 2551 1545 2578 cnim
1578 2555 1672 2577 noster

877 2596 959 2625 Jesus
973 2597 1102 2624 Christus
1125 2597 1257 2623 eximiam
1275 2597 1426 2632 quamdam
1445 2596 1549 2624 sanctis
1576 2596 1670 2631 cogni-

878 2644 981 2672 tionem
995 2643 1195 2678 pollicebatur,
1209 2651 1260 2671 nec
1282 2644 1399 2671 aliorum
1423 2643 1574 2678 cognitioni
1593 2642 1670 2670 simi-

878 2689 943 2717 lem.
959 2688 1124 2716 Subtiliores
1139 2689 1240 2724 quippe
1253 2697 1284 2717 ac
1300 2690 1385 2718 multo
1407 2690 1540 2717 clariores
1560 2688 1670 2715 divino-

882 2743 943 2763 rum
960 2735 1155 2772 mysteriorum
1173 2736 1348 2765 characteres
1368 2737 1396 2763 in
1421 2735 1524 2763 divinis
1553 2734 1671 2762 homini—

70 2838 91 2853 ¹⁶
113 2837 199 2865 lCor.
214 2844 275 2872 mi.
295 2837 337 2865 ll).
377 2837 398 2853 “
420 2837 497 2864 Joan.
515 2845 568 2868 xiv,
580 2837 626 2866 2|.
665 2838 685 2855 ¹¹
703 2838 783 2866 Deut.
801 2845 857 2872 tux,
871 2837 915 2871 l5;
931 2836 1025 2865 Matth.
1043 2844 1120 2870 xvtu,
1139 2837 1182 2866 16.
1222 2838 1243 2855 ¹³
1259 2837 1452 2869 Psal.t.xxxtv,
1469 2836 1496 2865 9.
1535 2834 1591 2865 “ﬂ
1604 2835 1667 2865 Cor.

38 2880 95 2906 sui,
113 2873 140 2902 5.
182 2872 203 2888 ¹¹
225 2871 232 2898 l
249 2871 313 2900 Cor.
327 2881 358 2903 ιι,
380 2872 420 2900 l0.
449 2873 470 2889 ³⁸
487 2872 554 2900 Ibid.
571 2873 614 2901 l6.
