1896 3034
5 134 72 164 ὶὸθ

522 134 556 163 lN
574 133 719 164 JOANNIS
737 133 963 163 EVANGELIUM
983 135 1048 163 LIB.
1071 134 1104 163 Χ.

1597 137 1652 166 €90

5 191 63 219 ιαὶ
78 192 249 229 εἰθισμένως
260 194 315 226 τοῖς
324 193 415 226 ἄλλοις
424 193 473 229 τὴν
482 195 513 221 ἐκ
525 194 573 221 τοῦ
585 195 717 230 ὀνόματος
731 203 763 230 ση
769 203 811 230 μαι

880 193 935 228 luis
952 193 1096 220 civitatem
1114 193 1246 226 nominet,
1273 193 1359 220 totius
1378 192 1499 221 civitatis
1512 193 1596 229 83o
1613 195 1655 221 iu-

5 238 81 266 riav
100 239 239 266 ἐκλαϐών.
266 239 377 275 Κόσμον
396 239 450 275 γὰρ
471 239 531 272 ἔθος
548 240 621 266 ἐστὶν
635 241 700 275 ἡμῖν
714 240 815 276 ὀνομά-

5 286 93 317 ἐιν,
115 285 190 312 κατά
208 292 240 319 γε
264 285 308 312 τὸν
328 285 440 321 εὑτριϐῆ
464 285 511 312 καὶ
532 287 589 317 τοῖς
613 286 704 318 ἄλλοις
729 286 815 313 ἅπασι

5 329 119 363 εροκεί
122 338 206 365 μενον
225 330 303 364 λόγον
313 351 320 360 .
342 331 405 362 τοὺς
422 331 452 357 ἐν
464 331 546 357 παντὶ
561 331 599 367 τῷ
614 331 709 366 κόσμῳ
722 332 813 367 τυχὸν,

5 375 116 412 ᾂσπερ
131 377 159 403 εἴ
167 385 211 408 τις
225 377 272 403 καὶ
284 376 360 403 πόλιν
369 376 453 411 λέγοι,
465 377 528 409 τοὺς
535 377 598 413 ὅλην
612 377 753 410 οἰκοῦντας
765 378 815 413 τὴν

5 421 106 447 πόλιν.
123 422 199 458 Πλὴν
207 422 386 458 ἀξιοζήλωτος
398 423 445 450 καὶ
458 423 542 450 ταῦτα
551 423 638 458 λέγων
650 425 664 450 6
677 423 813 460 μαθητής.

9 466 118 502 Λθρει
134 467 190 503 γὰρ
214 468 289 500 ὅπως
311 468 388 503 ἡλίου
411 469 489 503 δίκην
515 470 571 501 τοῖς
595 469 645 496 ἀνὰ
660 471 750 497 πᾶσαν
765 470 814 506 τὴν

5 513 63 546 ’ἦν
83 514 140 549 τὴν
161 514 209 541 τοῦ
224 514 351 550 Σωτῆρος
376 514 565 548 διαφαίνεσθαι
579 515 658 547 δόξαν
674 516 812 551 ἐπιθυμεῖ,

5 558 108 584 καίτοι
127 558 185 584 τῶν
200 559 264 585 καθ’
280 559 376 586 ἐαυτὸν
390 560 414 585 εἰ
433 558 514 594 μόνον
539 559 657 585 ἐποιεῖτο
672 559 811 594 πρόνοιαν,

12 604 78 638 ξῆν
97 603 200 638 ἔχοντα
216 604 266 639 τῆς
282 603 410 638 γνώσεως
421 604 470 640 τὴν
489 605 646 640 ὑπόσχεσιν,
660 605 706 631 ἐπὶ
723 604 814 639 μόνοις

5 651 66 682 τοῖς
95 651 177 682 ἰδίοις
192 650 306 686 ἥδεσθαι
321 650 424 683 καλοῖς.
451 651 521 677 Ἀλλ’
543 651 594 677 οὐκ
619 651 729 687 ἐξήρκει
743 651 812 686 πρὸς

5 696 157 732 Ιυμηδίαν
181 697 212 723 τὸ
235 697 391 729 ἰδιαζόντως
417 696 512 732 ὥσπερ
534 697 608 732 αὐτῷ
632 697 812 732 δοθησόμενον

5 743 120 776 ιγαθόν
137 751 145 758 ·
162 743 257 779 ἐπειδὴ
273 743 302 769 δὲ
318 741 352 778 ἦν
368 743 491 777 φιλόθεος
503 752 531 770 τε
549 743 617 779 ὁμοῦ
629 744 677 770 καὶ
693 743 814 778 φιλάδελ-

870 239 957 267 colas.
974 239 1169 266 Verumtamen
1186 239 1268 266 laude
1283 246 1393 274 quoque
1407 239 1508 274 dignus
1530 244 1573 266 est
1594 247 1656 266 cum

869 285 927 312 haec
943 285 981 312 ait
993 285 1155 320 discipulus.
1171 284 1238 312 Vide
1253 284 1327 312 enim
1340 292 1396 319 quo
1411 289 1491 319 pacto
1504 284 1659 314 Servatoris

869 331 983 366 gloriam
999 330 1068 358 solis
1087 330 1176 358 instar
1193 337 1241 365 per
1265 330 1423 358 universam
1441 335 1541 357 terram
1567 330 1658 358 lucere

868 377 972 412 cupiat,
992 384 1054 404 cum
1067 377 1091 404 ei
1107 376 1201 404 liceret
1216 376 1274 403 suis
1291 376 1482 403 tantummodo
1504 376 1584 404 bonis
1608 377 1657 403 ob-

868 422 980 454 lectari,
998 422 1165 457 cognitionis
1186 421 1400 456 promissionem
1419 421 1540 454 habenti,
1559 421 1583 448 si
1616 421 1658 449 sui

868 473 972 495 tantum
987 476 1082 495 curam
1102 468 1226 495 haberet.
1244 466 1298 494 Sed
1315 468 1416 494 bonum
1435 467 1489 495 sibi
1510 467 1559 494 uni
1577 474 1659 501 pecu-

868 514 973 543 liariter
984 514 1070 542 tribui
1088 521 1262 549 nequaquam
1281 512 1314 539 ad
1333 512 1490 539 felicitatem
1513 512 1581 540 satis
1596 518 1658 538 esse

866 561 997 596 putabat:
1013 567 1108 588 verum
1124 567 1188 587 cum
1209 558 1256 586 Dei
1277 559 1359 586 simul
1376 566 1408 585 ac
1426 557 1542 585 fratrum
1560 565 1658 584 amans

865 607 912 639 sit,
925 606 1008 641 longe
1023 606 1131 640 lateque
1143 605 1253 633 extendi
1269 604 1426 632 Servatoris
1443 604 1558 638 gloriam
1569 604 1656 638 cupit.

864 658 892 680 ct
918 653 1055 680 fratribus
1078 653 1194 688 gratiam
1227 652 1254 679 in
1281 659 1428 679 commune
1461 651 1589 686 proponi.
1614 649 1655 677 Ad

866 703 990 726 exactam
1011 699 1111 733 quippe
1128 697 1175 725 Dei
1189 697 1374 732 cognitionem
1397 696 1502 729 vocari,
1526 695 1655 731 quidnam

870 744 951 771 habet
967 743 1039 779 quod
1060 751 1122 771 cum
1143 751 1176 771 eo
1193 743 1348 778 comparari
1366 742 1474 778 possit?

5 799 72 824 ρας,
89 789 314 817 ἐκπλατὺνεσθαι
327 788 375 816 τοῦ
400 789 527 825 Σωτῆρος
542 789 681 825 τὴνδόξαν
692 790 832 824 ἐπιθυμεῖ,
853 789 947 824 κοινὴν
969 789 998 816 δὲ
1020 790 1076 821 τοῖς
1100 788 1225 823 ἀδελφοῖς
1247 788 1410 824 προκεῖσθαι
1435 787 1484 824 τὴν
1509 788 1600 824 χάριν.
1620 787 1658 815 Τὸ

5 836 65 871 γὰρ
82 837 129 867 εἰς
149 835 251 870 γνῶσιν
268 835 369 871 ἀκριϐῆ
393 835 534 862 καλεῖσθαι
550 835 630 869 Θεοῦ¹
650 835 676 862 τί
691 836 724 863 ἂν
734 835 791 871 ἒχοι
805 835 836 862 τὸ
851 834 1022 868 ἱσοστατοῦν;

48 894 218 928 Ἀπεκρίθη
239 894 355 928 Ἰησοῦς
365 914 372 927 ,
392 895 441 921 καί
458 895 543 922 εἶπεν
556 893 637 927 αὐτῷ
651 902 658 909 ’
685 893 753 921 Ἐάν
768 903 813 926 τις

900 893 971 926 XIV,
989 894 1034 921 23.
1059 893 1204 928 Respondit
1225 892 1322 926 Iesus,
1340 898 1366 921 et
1390 894 1459 921 dixit
1478 895 1525 921 ei:
1541 893 1572 922 Si
1597 894 1656 929 quis

5 938 120 975 ὶγιαπᾷ
133 947 190 973 με,
210 939 264 966 τὰν
277 940 371 974 λόγον
379 948 440 974 μου
453 939 578 974 τηρήσει
588 959 595 971 ,
612 939 662 966 καί
679 940 695 966 ό
708 938 809 973 Πατήρ

880 941 946 976 iligit
962 949 1013 972 me,
1030 948 1176 967 sermonem
1193 948 1279 967 meum
1292 941 1405 968 servabit
1419 949 1427 968 :
1440 945 1464 968 et
1479 941 1560 968 Pater
1582 948 1656 967 meus

5 996 70 1014 μου
84 985 244 1022 ἀγαπήσει
257 986 360 1018 αὑτὸν,
369 986 419 1014 καί
429 986 503 1021 πρὸς
510 986 605 1014 αὐτὸν
614 985 811 1021 ἐλευσόμεθα,

5 1033 60 1059 καὶ
71 1031 183 1067 μονὴν
197 1031 266 1066 παρ’
278 1031 359 1065 αὐτῷ
369 1033 564 1067 ποιησόμεθα.

42 1090 88 1115 Οὐ
105 1089 214 1124 σφόδρα
226 1089 339 1116 συνέντα
350 1089 494 1126 θεωρήσας
506 1089 553 1117 τὸν
569 1089 693 1126 μαθητὴν
704 1110 711 1123 ,
730 1090 813 1117 ἐπάν-

5 1144 66 1161 εισι
85 1135 173 1162 πάλιν
189 1135 235 1161 ἐπὶ
253 1136 284 1162 τὸ
299 1136 327 1161 ἐν
344 1136 442 1171 ἀρχαῖς
456 1135 617 1171 εἰρημένον,
632 1137 680 1163 καὶ
693 1135 813 1162 διδάσκει

5 1181 132 1215 σαφῶς,
151 1181 190 1212 ὼς
207 1181 238 1208 οὐ
257 1182 327 1208 κατὰ
342 1182 425 1217 μόνην
436 1181 485 1217 τὴν
500 1183 530 1208 ἐν
542 1182 644 1218 είδήσει
666 1182 814 1217 νοουμένην

5 1227 170 1261 ἐπίγνωσιν
187 1227 284 1253 ἑαυτὸν
306 1227 453 1263 ἐμφανίσει
472 1228 530 1259 τοῖς
547 1227 682 1263 γνησίοις,
700 1227 758 1254 ἀλλ’
771 1227 814 1260 ἐξ-

5 1273 131 1308 αἰρετός
147 1282 190 1305 τις
213 1273 304 1305 αὐτοῖς
324 1273 372 1300 καὶ
388 1273 449 1308 οὐχὶ
472 1275 528 1305 τοῖς
551 1273 641 1305 ἄλλοις
661 1272 787 1308 ἐντριϐὴς
800 1273 814 1299 ό

5 1319 63 1353 τῆς
85 1317 250 1353 ἐλλάμψεως
260 1317 375 1354 ὑπάρξει
389 1319 499 1354 τρόπος.
514 1319 545 1346 Οί
564 1320 612 1354 μὲν
623 1319 677 1354 γὰρ
693 1319 814 1353 ἀγελαῖοι

5 1364 113 1400 τυχὸν,
131 1365 179 1390 καὶ
194 1363 258 1400 ἄρτι
272 1364 352 1398 τυχὸν
364 1365 413 1400 τῆς
425 1364 481 1391 τῶν
492 1365 610 1392 εἰδώλων
622 1364 730 1400 ἀπάτης
748 1366 814 1391 ἁπο-

7 1410 218 1444 φοιτήσαντες,
248 1408 412 1444 κεκλημένοι
432 1418 462 1435 τε
488 1409 557 1444 πρὸς
588 1409 738 1443 ἐπίγνωσιν
765 1409 813 1436 τοῦ

6 1455 90 1482 κατὰ
116 1454 200 1489 φύσιν
227 1454 304 1487 ὄντος
331 1454 415 1487 Θεοῦ,
439 1455 468 1482 ἐν
479 1454 566 1489 ψιλοῖς
592 1455 640 1482 καὶ
668 1454 814 1490 ἀζητήτοις

7 1502 112 1536 ἔχουσι
130 1500 273 1536 λογισμοῖς
288 1500 336 1536 τὴν
353 1500 462 1531 πίστιν,
485 1500 552 1526 αὐτὸ
569 1500 601 1536 δὴ
616 1500 695 1527 τοῦτο
712 1500 813 1535 μαθόν-

6 1555 58 1578 τες
79 1547 209 1582 φρονεῖν,
235 1546 273 1577 ὡς
288 1546 363 1573 οὐδὲν
383 1546 490 1572 εἴδωλον
506 1547 535 1572 ἐν
552 1546 648 1582 κόσμῳ
659 1545 757 1581 τυχὸν,
773 1543 814 1577 εἷς

6 1594 38 1620 δὲ
53 1593 144 1628 μόνος
158 1593 174 1619 6
188 1592 270 1627 φύσει
284 1592 361 1624 Θεός.
387 1593 419 1619 0t
433 1592 461 1618 δὲ
486 1592 530 1619 διὰ
548 1593 638 1628 πάσης
652 1593 753 1628 ἀρετῆς
768 1592 814 1619 τὸν

9 1640 121 1666 οἰκεῖον
137 1638 416 1673 καταλαμπρὺνοντες
430 1638 502 1671 νοῦν,
515 1638 623 1674 ἔχοντές
640 1647 668 1665 τε
679 1638 729 1674 ἤδη
743 1639 812 1674 πρὸς

8 1687 40 1713 τὸ
59 1684 216 1721 μανθάνειν
231 1684 392 1719 ἐπιτηδείως
406 1683 441 1710 τὰ
454 1684 512 1711 θεῖά
528 1693 557 1710 τε
570 1684 618 1711 καὶ
632 1685 811 1720 κεκρυμμένα

12 1732 176 1768 μυστήρια,
193 1731 244 1766 τὴν
256 1730 304 1757 διὰ
322 1729 369 1757 τοῦ
387 1730 548 1766 Πνεύματος
566 1731 696 1765 λήψονται
720 1730 811 1766 δᾳδου-

9 1779 89 1814 χίαν,
112 1778 163 1804 καὶ
178 1777 260 1804 αὐτὸν
273 1777 302 1803 ὲν
321 1777 427 1808 ἑαυτοῖς
440 1776 632 1804 ἐναυλισοέντα
647 1777 691 1803 τδν
708 1775 812 1811 Κύριον

10 1826 69 1856 τοῖς
85 1825 141 1859 τῆς
165 1823 284 1854 διανοίας
305 1822 516 1858 ἐπαθροίσουσιν
534 1822 591 1858 [γρ.
614 1821 810 1858 ἐπαθρήσουσι]

9 1870 182 1905 ὀφθαλμοῖς.
211 1868 317 1895 Οὐκοῦν
332 1868 363 1894 οὐ
381 1868 457 1904 κοινὴ
472 1869 528 1900 τοῖς
549 1867 638 1899 ἄλλοις
653 1867 707 1894 τῶν
726 1868 811 1902 ἁγίων

11 1919 27 1952 ἡ
43 1917 170 1951 γνῶσις,
197 1915 254 1942 ἀλλ’
272 1915 410 1951 ἐξαίρετός
428 1923 470 1946 τις
486 1916 534 1942 καὶ
552 1914 734 1950 διωρισμένη,
765 1913 812 1940 καὶ

11 1963 121 1998 πολλὴν
156 1962 257 1997 ἔχουσα
279 1961 328 1997 τὴν
352 1960 495 1997 διαφοράν.
536 1960 642 1994 Ὠφελεῐ
664 1959 811 1995 τοιγαροῦν

11 2009 57 2036 διὰ
73 2008 180 2040 παντὸς
196 2009 271 2043 ἡμᾶς
285 2007 364 2041 λόγου
375 2016 405 2033 τε
415 2007 463 2034 καὶ
476 2006 578 2043 τρόπου
591 2006 719 2042 Χριστός.
736 2005 812 2042 Πρῶ-

11 2065 60 2082 τον
77 2055 132 2090 μὲν
147 2055 202 2090 γὰρ
215 2054 257 2086 τίς
269 2055 283 2081 6
297 2054 377 2081 αὐτὸν
392 2053 506 2088 ἀγαπῶν
519 2051 549 2080 εὖ
567 2053 639 2088 μάλα
653 2052 810 2087 διορίζεται,

11 2102 139 2133 δεικνὺς,
154 2100 192 2132 ὦς
208 2100 241 2134 γέ
257 2108 303 2135 μοι
315 2099 496 2134 φαίνεταικαὶ
508 2100 579 2126 νοεῖν
595 2099 699 2126 ἔπεισιν
711 2098 810 2134 ὀρθῶς,

12 2147 52 2179 ὠς
71 2147 124 2182 οὐχ
142 2146 244 2173 ἅπασιν
266 2146 372 2179 ἐφεῖται
397 2144 490 2171 λαϐεῖν
507 2144 556 2181 τὴν
579 2144 627 2171 τοῦ
644 2144 812 2180 χαρίσματος

12 2193 151 2228 δύναμιν.
177 2192 236 2219 ἀλλ’
261 2188 357 2226 οἷσπερ
380 2190 412 2218 ἂν
438 2191 589 2227 ἐνυπάρχον
606 2190 693 2226 ὁρῷτο
713 2189 744 2216 τὸ
761 2188 811 2222 τῆς

14 2241 55 2271 εἰς
85 2238 169 2266 αὐτὸν
190 2237 368 2273 τνησιότητος
397 2237 527 2272 καύχημα
559 2236 602 2263 διὰ
622 2235 668 2263 τοῦ
691 2237 810 2271 τηρῆσαι

863 986 955 1022 diliget
970 995 1040 1018 eum,
1058 991 1083 1014 et
1096 987 1130 1014 ad
1142 995 1202 1014 eum
1214 987 1356 1019 veniemus,
1368 991 1393 1014 et
1406 987 1571 1014 mansionem
1585 985 1656 1022 apud

863 1041 923 1060 eum
936 1032 1077 1067 faciemus.

899 1088 966 1116 Cum
977 1096 1119 1116 sermones
1134 1096 1200 1117 suos
1214 1089 1379 1125 discipulum
1391 1089 1466 1117 haud
1478 1090 1546 1118 satis
1559 1098 1657 1126 capere

863 1133 981 1167 videret,
1000 1134 1034 1161 ad
1059 1135 1086 1162 id
1105 1135 1178 1170 quod
1207 1134 1287 1162 initio
1307 1135 1412 1162 dictum
1431 1140 1472 1162 est
1497 1137 1654 1169 revertitur,

864 1180 993 1215 clareque
1020 1179 1101 1207 docet
1130 1187 1185 1208 non
1215 1181 1369 1208 secundum
1400 1182 1485 1208 solam
1515 1190 1574 1216 qua:
1596 1183 1655 1210 visu

865 1229 973 1253 constat
989 1225 1175 1260 cognitionem
1191 1226 1249 1253 suis
1260 1233 1322 1254 sese
1338 1226 1592 1258 manifestaturum,
1607 1229 1655 1255 sed

864 1270 1040 1298 eminentiori
1056 1270 1176 1305 quodam
1191 1278 1242 1298 nec
1258 1271 1321 1298 aliis
1336 1271 1438 1298 usitato
1461 1271 1656 1300 illustratiouis

865 1315 956 1344 modo.
974 1315 1110 1344 Rudiores
1133 1315 1205 1343 enim
1231 1323 1263 1343 ac
1281 1316 1413 1352 imperiti,
1439 1321 1465 1344 et
1486 1317 1532 1352 qui
1560 1326 1656 1346 recens

865 1363 900 1390 ab
916 1362 1052 1390 idolorum
1064 1362 1161 1390 fraude
1178 1367 1365 1395 recesserunt,
1380 1368 1461 1398 atque
1475 1363 1507 1390 ad
1521 1365 1656 1392 naturalis

865 1409 913 1436 Dei
933 1409 1117 1444 cognitionem
1133 1409 1222 1436 vocati
1235 1413 1312 1441 sunt,
1325 1409 1353 1436 in
1370 1409 1443 1436 nuda
1461 1413 1487 1436 et
1500 1409 1655 1438 indiscussa

866 1455 973 1483 ratione
991 1455 1071 1483 fldem
1094 1454 1209 1487 habent,
1234 1454 1262 1481 id
1280 1454 1411 1481 nimirum
1431 1455 1537 1482 sentire
1553 1455 1655 1487 edocti,

866 1502 970 1529 nullum
991 1509 1054 1529 esse
1077 1500 1179 1528 idolum
1205 1500 1233 1527 in
1249 1500 1363 1532 mundo,
1380 1500 1427 1528 sed
1455 1509 1540 1528 lllltlm
1558 1506 1656 1529 natura

866 1547 962 1575 Deum.
980 1546 1143 1582 Quicunque
1168 1553 1233 1573 vero
1256 1554 1305 1581 per
1327 1553 1408 1573 omne
1432 1546 1545 1573 virtutis
1569 1555 1656 1582 genus

866 1600 943 1620 suam
962 1596 1079 1620 mentem
1101 1592 1249 1624 illustrant,
1268 1596 1294 1619 et
1311 1594 1344 1618 ad
1361 1591 1493 1619 discenda
1510 1592 1605 1619 divina
1628 1597 1656 1620 et

865 1645 965 1666 arcana
981 1637 1110 1674 mysteria
1132 1641 1197 1665 sunt
1215 1637 1317 1668 idonei,
1337 1637 1551 1664 illustratiouem
1569 1637 1655 1673 Spiri-

865 1689 909 1713 tus
926 1684 1073 1720 accipient,
1087 1685 1233 1719 ipsumque
1244 1684 1271 1711 ln
1282 1684 1440 1719 semetipsis
1455 1683 1653 1711 iuhabitantem

866 1731 1014 1760 Dominum
1052 1732 1155 1759 mentis
1183 1731 1271 1759 oculis
1306 1731 1525 1760 contuebuntur.
1563 1731 1655 1766 itaque

865 1777 1021 1807 communis
1041 1777 1102 1805 aliis
1120 1785 1175 1805 non
1191 1781 1233 1805 est
1255 1781 1416 1805 sanctorum
1445 1777 1577 1813 cognitio.
1607 1777 1654 1804 Sed

865 1825 965 1854 eximia
976 1829 1003 1853 et
1018 1824 1160 1858 distincta,
1178 1824 1312 1860 longeque
1336 1823 1370 1852 ab
1391 1824 1438 1850 illa
1455 1824 1593 1851 communi
1614 1823 1655 1850 (li-

864 1879 954 1899 versa.
971 1871 1016 1899 Sic
1031 1871 1104 1898 omni
1121 1870 1202 1898 modo
1217 1875 1244 1898 et
1258 1870 1365 1897 ratione
1386 1868 1514 1897 Christus
1537 1877 1588 1897 nos
1604 1870 1652 1896 all-

863 1917 953 1953 juvat.
966 1917 1106 1952 lmprimis
1119 1916 1191 1944 enim
1210 1915 1305 1943 deﬁnit
1320 1916 1382 1951 quis
1398 1916 1434 1943 sit
1445 1916 1491 1943 ille
1505 1916 1550 1951 qui
1567 1916 1655 1951 diligit

865 1971 940 1996 eum,
959 1962 1121 1994 ostendens,
1139 1967 1168 1989 ut
1186 1961 1297 1996 opinor,
1320 1969 1376 1989 non
1393 1961 1521 1989 omnibus
1540 1962 1654 1988 concedi

865 2013 895 2037 ut
920 2009 1016 2045 gratia:
1043 2008 1171 2035 virtutem
1203 2007 1351 2041 accipiant,
1381 2007 1428 2034 sed
1455 2007 1501 2041 qui
1527 2006 1654 2034 mandata

865 2054 1002 2084 servando
1028 2053 1141 2090 genuini
1169 2052 1230 2087 ejus
1253 2052 1334 2079 amici
1351 2059 1412 2080 esse
1432 2051 1651 2086 eomperiuntnr.

865 2101 969 2130 Deinde
990 2108 1110 2136 quonam
1131 2099 1213 2127 modo
1230 2100 1336 2135 fulgere
1363 2100 1390 2126 in
1408 2099 1442 2126 iis
1466 2098 1579 2131 debeat,
1607 2103 1654 2126 aut

865 2157 919 2184 quo
933 2152 1014 2184 pacto
1028 2147 1063 2175 sit
1083 2147 1110 2174 in
1128 2147 1163 2174 iis
1186 2146 1373 2178 habitaturus,
1392 2145 1523 2179 declarat,
1539 2146 1651 2173 dicens:

868 2204 877 2221 ι
894 2194 976 2222 Pater
988 2201 1064 2221 mens
1080 2192 1174 2228 diliget
1186 2199 1259 2219 eum.
1274 2201 1283 2217 ι
1299 2191 1350 2225 Qui
1364 2191 1436 2218 enim
1446 2190 1498 2218 fide
1512 2190 1539 2217 in
1553 2189 1653 2218 Filium

866 2238 973 2265 Patrem
990 2236 1181 2268 hOnoraverit,
1197 2235 1374 2263 dilectionem
1393 2235 1451 2270 ejus
1466 2243 1516 2262 ceu
1532 2235 1651 2262 fructum

13 2286 66 2316 τὰς
84 2283 207 2315 ἐντολάς.
238 2280 306 2309 Εἶτα
331 2282 392 2309 τίνα
411 2282 511 2317 τρόπον
534 2281 625 2313 αὐτοῖς
649 2280 810 2316 ὲπιλάμψει,

880 2283 946 2319 ιθι
963 2282 1026 2310 inde
1040 2281 1203 2317 reportabit.
1226 2281 1368 2309 Postremo
1384 2281 1449 2315 quid
1464 2281 1531 2308 lucri
1548 2281 1652 2309 obven-

15 2331 77 2362 πῶς
89 2329 117 2356 δὲ
133 2329 225 2360 αὐτοῖς
236 2328 520 2363 ὲγκατοικισθήσεται,
529 2327 602 2362 λέγει
613 2336 619 2342 ⁸
635 2336 644 2352 ι
660 2327 812 2362 ’Δγαπήσει

16 2378 74 2413 γὰρ
87 2376 169 2403 αὑτὸν
185 2376 199 2402 ὸ
214 2375 309 2411 Πατήρ
322 2383 384 2410 μου,
401 2383 410 2399 ι
428 2373 503 2410 φησί.
529 2374 692 2409 Τετιμηκὼς
707 2373 762 2408 γὰρ
778 2373 811 2400 δι’

15 2420 176 2453 εὐπειθείας
189 2420 239 2456 τῆς
256 2420 295 2451 είς
307 2419 352 2446 τὸν
368 2419 433 2446 Υίδν
443 2440 450 2451 ,
467 2419 514 2446 τὸν
529 2419 558 2451 ἐξ
571 2417 657 2455 οὗπερ
673 2420 731 2446 ἐστὶ
745 2419 811 2446 Γεν-

15 2469 132 2504 νήτορα,
148 2466 254 2502 καρπὸν
267 2465 323 2497 ἕξει
336 2465 384 2492 ¹ιοῦ
406 2465 567 2501 πράγματος
590 2466 641 2500 τὴν
661 2465 810 2500 ἀγάπησιν.

17 2513 87 2542 Εἶτα
101 2513 129 2541 τί
143 2513 174 2540 τὸ
190 2512 317 2540 ἐντεῦθεν
336 2512 461 2540 ἁνατελεῖ
471 2532 477 2543 ,
505 2513 581 2539 ποῖον
596 2512 623 2538 δὲ
639 2512 713 2547 αὑτῷ
730 2520 807 2547 περι-

16 2563 98 2588 έσται
121 2559 152 2587 τδ
174 2559 270 2595 κέρδος
295 2559 380 2594 σαφὲς
400 2558 550 2592 καθιστὰς,
580 2568 589 2585 ι
618 2558 810 2594 Ἐλευσόμεθα,

17 2608 103 2644 φησι,
119 2606 188 2642 πρὸς
202 2605 284 2633 αὑτὸν
300 2605 355 2640 ἐγὼ
370 2605 417 2632 καὶ
433 2606 447 2632 6
458 2605 567 2640 Πατὴρ,
585 2605 632 2632 καὶ
650 2604 732 2640 μονὴν
746 2604 811 2640 παρ’

18 2654 94 2689 αὖτῷ
109 2651 291 2688 ποιησόμεθα.
309 2661 318 2678 ›
335 2651 556 2687 Κατοικήσαντος
568 2651 623 2686 γὰρ
639 2651 667 2677 ἐν
682 2651 747 2686 ἡμῖν
764 2650 811 2677 τοῦ

19 2700 149 2736 Σωτῆρος
168 2698 248 2734 ὴμῶν
269 2698 388 2733 Χριστοῦ
411 2697 454 2724 διὰ
473 2696 519 2724 τοῦ
544 2697 624 2732 ἁγίου
642 2697 810 2733 Πνεὺματος,

21 2746 149 2772 συνέσται
163 2745 249 2780 δήπου
261 2743 370 2776 πάντως
378 2744 425 2770 καὶ
438 2744 452 2770 6
460 2743 592 2779 γεννήσας
600 2739 689 2769 αὐτόν·
700 2743 812 2779 Πνεῦμα

21 2792 76 2826 γὰρ
91 2791 138 2818 καὶ
152 2790 236 2818 αὑτοῦ
249 2789 296 2816 τοῦ
311 2789 430 2825 Πατρδς.
444 2789 475 2816 τὸ
491 2789 601 2824 Πνεῦμα
614 2789 743 2825 Χριστοῦ.
757 2789 812 2816 Καὶ

23 2837 86 2871 γοῦν
100 2837 114 2862 ό
132 2835 276 2868 θεσπέσιος
287 2834 407 2867 Παῦλος,
431 2835 469 2870 πῆ
487 2834 536 2870 μὲν
551 2835 615 2861 ἴδιον
628 2835 675 2862 τοῦ
691 2835 807 2870 Πατρδς,

865 2335 956 2357 turum
974 2329 1038 2355 hinc
1055 2328 1079 2355 ei
1097 2328 1145 2359 sit,
1171 2327 1283 2363 planum
1312 2326 1437 2354 faciens:
1460 2335 1469 2352 ι
1493 2325 1651 2358 Veniemus,

863 2375 962 2411 inquit,
976 2374 1008 2402 ad
1026 2382 1088 2402 eum
1116 2381 1167 2408 ego
1190 2378 1218 2400 et
1234 2373 1326 2404 Pater,
1349 2376 1376 2400 et
1390 2372 1560 2400 mansionem
1581 2373 1652 2408 apud

862 2430 924 2450 eum
942 2421 1084 2448 faciemus.
1115 2429 1124 2445 ι
1145 2419 1293 2446 llabitante
1316 2418 1417 2453 quippe
1435 2417 1460 2445 in
1487 2417 1567 2446 nobis
1585 2417 1652 2446 Ser-

862 2473 960 2496 vatore
977 2471 1070 2495 nostro
1087 2465 1198 2494 Christo
1214 2472 1261 2500 per
1277 2469 1402 2492 sanctum
1421 2463 1554 2500 Spiritum
1565 2485 1572 2498 ,
1600 2465 1652 2492 erit

865 2521 974 2550 quoque
996 2513 1110 2540 omnino
1135 2511 1279 2539 nobiscum
1296 2514 1324 2538 et
1340 2509 1455 2538 Genitor
1471 2519 1478 2537 :
1494 2518 1557 2537 nam
1592 2510 1654 2545 Spi-

865 2562 935 2588 ritus
953 2559 1056 2587 Christi
1070 2558 1141 2585 idem
1153 2561 1236 2585 estet
1252 2555 1352 2584 Patris.
1368 2555 1448 2584 Unde
1465 2555 1567 2583 Paulus
1581 2556 1652 2583 divi-

865 2614 928 2638 nus,
945 2605 1015 2632 alias
1038 2604 1150 2639 quidem
1164 2603 1267 2634 Patris,
1293 2602 1360 2630 alias
1385 2607 1475 2629 autem
1502 2601 1563 2628 Filii
1587 2609 1652 2636 pro-

867 2652 958 2688 prium
985 2650 1118 2686 Spiritum
1137 2649 1185 2682 ait,
1211 2655 1386 2683 nequaquam
1414 2647 1466 2675 sibi
1484 2654 1650 2682 repugnans,

865 2698 912 2727 sed
925 2699 952 2725 in
970 2703 1087 2731 utroque
1103 2703 1197 2723 verum
1208 2694 1322 2722 dicens:
1341 2694 1378 2720 ita
1393 2693 1493 2728 quippe
1509 2697 1606 2720 natura
1622 2701 1652 2720 se

866 2744 957 2771 habet.
976 2742 1157 2776 Scribitergo
1182 2740 1216 2767 ad
1240 2740 1366 2775 aliquos:
1399 2748 1407 2764 ι
1432 2738 1484 2778 Qui
1506 2737 1652 2766 suscitavit

865 2789 958 2817 Jesum
972 2788 1113 2816 Christum
1131 2794 1146 2814 a
1169 2787 1296 2818 mortuis,
1314 2784 1460 2812 vivificabit
1478 2787 1504 2811 et
1524 2783 1651 2810 mortalia

865 2843 983 2870 corpora
999 2838 1089 2863 vestra
1106 2839 1156 2869 per
1171 2832 1370 2861 inhabitantem
1387 2830 1520 2866 Spiritum
1548 2829 1607 2865 ejus
1623 2830 1652 2859 in
