1926 3041
220 166 271 195 291

221 224 300 252 vobis
314 224 349 251 ".
369 233 378 250 ι
396 222 552 250 Praeterea:
572 230 582 247 ‹
601 220 735 254 Quoniam
757 222 849 247 autem
870 219 938 246 estis
950 218 1008 250 ﬁlii,
1026 222 1048 250 Α

224 270 302 298 ntisit
316 270 388 297 Deus
406 269 538 304 Spiritum
559 266 620 293 Filii
640 266 681 293 sui
700 266 727 292 iu
744 265 826 292 c0rda
840 269 941 296 vestra,
956 264 1012 291 cla-

225 321 346 344 mantem
361 325 367 343 :
389 315 476 347 Abba,
492 313 572 340 Pater
585 313 617 339 “.
639 322 648 338 ι
664 311 749 339 Vides
767 315 796 338 ut
822 311 892 338 idem
912 311 946 338 sit
963 310 1013 337 Pa-

228 363 279 390 tris
295 370 326 389 ac
343 361 403 388 ΡιΙὶὶ
421 360 542 395 Spiritus
554 358 567 385 ?
579 358 752 386 Iuhahitante
769 359 861 392 itaque
878 357 905 384 in
921 357 1014 383 cordi-

227 410 278 436 bus
293 408 398 435 nostris
418 406 573 440 Unigenito,
610 412 784 439 nequaquam
811 404 888 430 abest
909 402 989 430 Pater
1006 411 1012 429 :

227 455 309 482 habet
325 454 397 480 enim
414 452 500 479 Filius
519 452 545 478 in
563 452 655 486 seipso
672 451 930 480 Genitorem,unius
945 449 1016 475 exsi-

228 503 305 527 stens
323 506 386 525 cum
401 506 434 525 eo
450 497 623 528 substantiae,
641 497 689 524 sed
706 501 733 524 et
751 498 808 532 ipse
824 500 864 523 est
880 496 906 522 in
937 495 1016 522 Patre

228 545 402 573 naturaliter.
417 542 493 570 Fidei
514 549 581 577 ergo
600 541 726 568 delinitio
741 546 769 568 et
784 541 925 575 inculpata
945 539 1016 566 ratio

229 592 288 618 haac
314 595 366 617 est.
388 589 521 616 Libenter
549 592 640 615 autent
660 588 887 622 interrogaverim
908 594 954 614 eos
969 586 1016 621 qui

230 643 286 672 prze
311 636 395 662 multa
430 635 540 662 inscitia
562 634 690 662 haeresim
723 634 856 668 complexi
884 632 1017 660 adversus

229 683 344 718 gloriam
363 681 482 715 Spiritus
495 687 573 707 suam
587 681 710 714 linguam
727 683 846 706 armant.
859 678 929 711 Quid
943 678 1017 705 enim

230 726 390 761 responsuri
405 729 480 757 sunt,
501 732 563 752 cum
579 725 620 751 eis
633 724 758 751 dicemus
772 732 778 750 ε
800 723 827 750 Si
844 729 952 750 creatus
976 727 1019 750 est

232 772 361 807 Spiritus.
384 776 411 798 et
439 779 454 798 a
472 770 518 797 Dei
535 770 701 801 substantia,
730 773 760 796 ut
782 769 877 800 vultis.
901 769 1018 800 alienus.

231 818 370 854 quomodo
387 818 493 845 habitat
512 818 539 844 in
565 817 646 844 nobis
666 825 716 852 per
743 817 833 850 ipsum
851 815 944 843 Deus?
973 818 1019 841 aut

232 864 371 900 quOmodo
389 863 436 890 Dei
463 867 504 891 est
524 864 674 898 particeps,
696 863 743 897 qui
762 863 894 897 Spiritum
925 869 1020 889 susce-

233 910 326 946 perit?
341 909 409 936 Nam
425 909 452 936 si
470 909 527 936 ﬁeri
544 913 636 944 potest
649 912 679 934 ut
694 915 742 942 per
764 912 883 935 creatam
900 908 1019 942 aliquant

235 955 418 983 substantiam
434 954 534 981 divinae
545 958 573 981 et
584 953 727 981 inelrabilis
744 958 849 981 natura:
872 953 1021 988 participes

233 1001 399 1033 eﬂieiamur,
415 999 481 1035 quid
515 999 619 1027 vetabit
641 1000 791 1034 quominus
820 1000 902 1030 Deus.
920 999 1022 1033 reiecto

236 1047 352 1082 Spiritu,
375 1053 424 1081 per
446 1045 566 1080 aliquam
592 1045 674 1072 aliant
699 1053 891 1080 quamcunque
905 1044 1022 1071 valuerit

235 1096 390 1120 creaturam
416 1091 447 1118 in
466 1091 545 1118 nobis
571 1091 607 1118 sit
629 1098 734 1126 nosque
757 1091 934 1118 sanctillcet?
969 1089 1022 1117 Sed

235 1138 287 1166 hoc
305 1137 472 1173 impossibile
486 1148 492 1166 :
514 1145 564 1164 nec
579 1137 651 1164 enint
664 1137 710 1165 Del
729 1137 880 1164 secundum
894 1142 1022 1164 naturam

236 1184 376 1220 particeps
391 1184 454 1218 quis
474 1191 594 1218 unquam
618 1182 712 1216 fuerit,
730 1184 784 1210 nisi
800 1191 848 1218 per
872 1183 1022 1218 Spiritum:

237 1230 309 1257 Deus
335 1230 418 1265 igitur
432 1234 459 1256 et
487 1237 520 1256 ex
549 1228 603 1256 Deo
623 1233 668 1256 est
693 1228 834 1264 Spiritus,
857 1237 966 1264 neque,
994 1232 1024 1256 ut

1037 895 1056 922 B

237 1276 376 1303 nonnullis
397 1276 485 1303 visutn
503 1279 557 1308 est,
583 1283 598 1302 e
615 1283 730 1303 numero
752 1280 950 1303 creaturarum.
970 1275 1024 1303 Sed

237 1326 264 1349 et
278 1321 345 1348 illud
362 1329 444 1356 porro
473 1322 704 1348 considerandum
731 1322 816 1348 vertit.
835 1321 914 1354 Quod
941 1320 1025 1356 parti-

239 1373 304 1401 ceps
318 1366 434 1400 alicujus
457 1370 509 1398 est,
535 1370 564 1392 ut
589 1366 703 1400 potioris
726 1366 877 1394 secundum
895 1366 1026 1394 substan-

238 1411 304 1439 tiam
320 1415 347 1439 et
363 1411 479 1439 alterius
493 1411 528 1438 ab
545 1411 606 1446 ipso
625 1413 746 1447 generis,
764 1412 837 1439 aliud
858 1420 970 1440 necesse
985 1417 1027 1440 est

239 1464 302 1486 esse
323 1457 475 1485 secundum
496 1462 622 1484 naturain
639 1458 673 1485 ab
693 1466 725 1485 eo
742 1458 814 1493 quod
836 1458 1024 1493 participatur.

241 1503 270 1532 Si
290 1511 356 1538 ergo
370 1508 478 1531 creatus
498 1508 543 1531 aut
565 1504 652 1532 factus
668 1509 709 1532 est
734 1504 864 1539 Spiritus,
882 1505 1026 1539 cujusnam

240 1550 294 1576 erit
318 1548 427 1576 demum
457 1554 584 1577 creatura
603 1550 764 1585 particeps?
788 1551 887 1578 Annon
913 1551 1027 1578 omnino

241 1595 395 1630 suiipsius?
424 1603 573 1623 commune
618 1596 720 1631 quippe
759 1595 867 1623 videtur
892 1595 1026 1624 ambobus

241 1648 303 1669 esse
318 1642 390 1676 quod
404 1645 528 1668 creatum
543 1646 596 1669 est.
615 1641 667 1669 Sed
693 1647 721 1669 et
737 1642 822 1670 creati
839 1645 866 1670 et
888 1641 952 1669 facti
978 1650 1026 1669 na-

241 1691 302 1715 tura
315 1691 407 1714 nostra
423 1695 485 1714 cum
500 1695 551 1714 nos
569 1687 666 1719 simus,
683 1687 745 1714 facti
761 1695 857 1715 sumus
880 1688 1027 1723 participes

243 1733 363 1768 Spiritus
382 1741 395 1758 a
424 1733 504 1760 nobis
528 1736 626 1759 natura
654 1732 777 1760 diversi:
794 1733 875 1768 832
894 1741 946 1760 non
964 1740 1028 1768 ergo

243 1784 353 1806 creatus
367 1782 409 1804 est
428 1778 558 1812 Spiritus.
579 1777 657 1811 Quod
674 1779 696 1806 si
714 1787 810 1805 verum
826 1783 879 1810 est,
899 1783 927 1806 ιιι
953 1783 1028 1807 certe

243 1829 296 1856 est,
314 1824 384 1851 Deus
397 1828 424 1851 et
440 1831 473 1850 ex
498 1822 555 1850 Deo
576 1828 618 1851 est
636 1824 767 1858 Spiritus,
789 1825 870 1852 sicuti
897 1825 1027 1852 diximus.

244 1869 317 1897 Nihil
330 1871 401 1896 enim
418 1870 568 1896 ittcreatutn
591 1877 653 1896 esse
668 1869 809 1903 putabitur
826 1877 956 1903 unquam.
976 1870 1028 1897 nisi

245 1915 320 1942 solus
348 1920 444 1941 natura
462 1915 543 1946 Deus,
560 1922 592 1941 ex
618 1922 672 1949 quo
701 1915 828 1942 videlicet
855 1914 1030 1942 incﬂ'ahiliter

246 1961 396 1996 procedens
421 1964 534 1987 sanctus
555 1960 684 1995 Spiritus,
712 1965 741 1986 ut
769 1961 828 1996 ipse
857 1968 889 1987 ex
906 1968 960 1995 quo
977 1965 1029 1993 est,

247 2007 351 2034 habitat
376 2006 401 2032 in
427 2006 517 2032 nobis.
545 2004 676 2039 l’roprius
703 2006 775 2032 enim
808 2009 850 2033 est
870 2006 1031 2033 substantia:

247 2052 314 2083 ejus,
336 2055 363 2078 et
381 2051 501 2085 qualitas
526 2050 609 2076 veluti
634 2050 756 2084 quaedam
775 2051 930 2078 sanctitatis
958 2050 1029 2085 ejus.

247 2098 336 2132 Atque
354 2097 410 2123 hare
425 2096 535 2130 quidem
559 2095 585 2121 in
602 2096 670 2122 istos
686 2096 759 2122 dicta
777 2101 878 2123 sunto:
897 2096 1032 2125 adversus

247 2143 394 2170 Anomaeos
409 2147 511 2173 autem,
529 2141 575 2175 qui
588 2139 657 2167 Filio
672 2141 771 2168 bellum
787 2142 954 2175 indixerunt,
969 2143 1032 2178 qni-

247 2196 299 2222 (μω
313 2188 408 2215 eodem
426 2194 507 2221 quem
523 2191 602 2213 antea
624 2186 744 2214 diximus
762 2186 857 2215 furore
879 2188 1030 2221 insaniunt,

701 161 730 190 S.
750 159 890 189 CYRlLLi
907 158 1142 188 ALEXbNDRl‘Ni
1160 158 1320 187 ARCIIIEP.

1805 151 1860 180 293

1063 218 1101 254 πῆ
1116 218 1144 245 δὲ
1161 217 1207 244 τοῦ
1218 217 1282 244 Υίοῦ
1297 217 1327 244 τὸ
1338 215 1450 250 11νεῦμά
1465 223 1558 251 φησιν.
1572 214 1602 241 οὐ
1619 214 1677 245 τοῖς
1694 212 1774 243 ίόῖοις
1785 211 1863 237 ἀντι-

1062 264 1168 290 τάττων
1179 262 1278 296 λόγοις,
1296 261 1436 297 ἀληθεύων
1452 261 1479 288 δὲ
1498 259 1599 296 μᾶλλον
1624 258 1686 286 καθ’
1702 258 1838 292 ἑκάτερον
1851 264 1861 272 ⁸

1064 309 1120 343 ἔχει
1137 309 1189 344 γὰρ
1211 308 1281 335 οὓτω
1298 310 1329 344 τῇ
1347 308 1438 342 φύσει.
1466 307 1548 341 Λέγει
1570 306 1661 333 τοίνυν
1676 305 1745 339 πρός
1761 311 1839 334 τινας
1853 310 1861 316 ⁵

1067 365 1076 381 ι
1092 355 1153 382 Ὀτι
1168 356 1278 390 ἐγείρας
1294 355 1411 390 Χριστὸν
1430 353 1534 388 Ἰησοῦν
1549 353 1581 379 ὲκ
1594 351 1710 387 νεκρῶν,
1726 350 1863 383 ζωοποιή-

1066 409 1108 426 σει
1122 401 1169 426 καὶ
1185 401 1219 426 τὰ
1232 400 1315 435 θνητὰ
1331 400 1444 435 σώματα
1459 398 1546 434 ὑμῶν,
1563 398 1606 424 διὰ
1624 397 1670 423 τοῦ
1687 395 1862 425 ἐνοικοῦντος

1065 445 1147 472 αὐτοῦ
1164 446 1323 481 Πνεῦματος
1340 446 1369 472 ὲν
1389 445 1462 480 ὑμῖν.
1478 454 1487 470 ι
1507 442 1572 470 Εἶτα
1593 443 1675 469 πάλιν
1688 451 1695 457 ·
1726 451 1736 467 ι
1751 441 1816 466 ’Ὁτι
1833 440 1862 466 δέ

1067 493 1127 518 ἐστε
1142 493 1194 518 υἱοὶ
1207 513 1213 524 ,
1238 491 1428 525 ἐξαπέστειλεν
1445 492 1459 518 ὁ
1473 490 1539 522 Θεὸς
1557 491 1587 516 τὸ
1602 489 1714 524 Πνεῦμα
1730 487 1776 514 τοῦ
1792 486 1861 513 Υἱοῦ

1071 537 1154 564 αὑτοῦ
1171 538 1210 568 είς
1225 537 1273 568 τὰς
1291 536 1403 572 καρδίας
1420 535 1507 571 ὑμῶν,
1522 534 1622 570 κρᾶζον
1633 541 1641 549 θ
1663 532 1761 563 Ἀ66ᾶ,
1776 531 1791 557 ὁ
1801 530 1862 556 Πα-

1066 583 1127 618 τήρ.
1142 593 1150 608 t
1176 583 1257 618 Ὁρᾷς
1271 583 1345 614 ὅπως
1368 582 1397 608 τὸ
1413 582 1478 609 αὐτὸ
1499 580 1610 615 Πνεῦμα
1633 579 1682 606 τοῦ
1707 587 1737 604 τε
1751 576 1863 611 [11196;

1067 629 1125 655 ἐστι
1137 629 1183 655 καὶ
1199 628 1245 655 to:
1262 628 1326 655 Υίοῦ
1340 638 1346 661 ;
1366 627 1564 658 Κατοικοῦντος
1576 624 1621 653 οὖν
1634 625 1688 661 ἄρα
1704 623 1752 650 τοῦ
1769 624 1862 650 Μονο-

1067 676 1162 710 γενοῦς
1179 676 1208 701 ἐν
1219 677 1279 706 ταῖς
1295 675 1417 710 καρδίαις
1431 674 1518 710 ἡμῶν,
1532 673 1582 699 οὐκ
1596 673 1708 699 ἄπεστιν
1721 670 1842 704 ὁΠατήρ
1852 676 1861 684 ·

1069 722 1125 757 ἔχει
1140 722 1193 756 γὰρ
1206 723 1219 748 6
1231 721 1294 753 Υἱὸς
1309 722 1338 748 ὲν
1352 720 1441 756 ἑαυτῷ
1455 720 1500 747 τὸν
1512 719 1679 754 Γεννήτορα,
1708 718 1774 752 μιᾶς
1791 716 1862 751 1:96;

1068 768 1150 795 αὐτὸν
1171 767 1302 802 ὑπάρχων
1318 766 1426 798 οὐσίας,
1454 765 1512 792 ἔστι
1525 765 1552 791 δὲ
1568 764 1614 791 καὶ
1629 763 1709 794 αὐτὸς
1726 764 1753 789 ὲν
1771 761 1862 796 Πατρὶ

1070 814 1201 850 φυσικῶς.
1221 814 1251 840 ’0
1265 814 1313 849 μὲν
1329 811 1375 840 οὖν
1392 812 1441 846 τῆς
1452 811 1571 842 πίστεως
1583 811 1645 846 ὄρος
1658 817 1687 835 τε
1706 809 1753 835 καὶ
1766 809 1859 834 ἀνυπ-

1070 860 1155 892 αίτιος
1168 858 1244 891 οὗτος
1258 860 1290 886 ἂν
1306 858 1347 894 εἴη
1363 858 1451 892 λόγος.
1480 857 1609 893 Ἑροίμην
1623 856 1645 882 δ’
1660 855 1694 882 ἃν
1711 855 1757 881 ἐπὶ
1774 853 1864 888 τούτῳ

1071 906 1118 932 καὶ
1135 905 1194 932 λίαν
1210 905 1295 941 ἡδέως
1313 905 1376 936 τοὺς
1391 905 1423 931 ὲκ
1443 903 1543 938 πολλῆς
1557 903 1678 938 ἀμαθίας
1697 903 1738 928 Et:
1745 899 1864 937 ροδοξετν

1071 951 1228 986 ἑλομένους,
1245 951 1292 978 καὶ
1306 951 1338 986 τῇ
1365 949 1412 976 τοῦ
1431 948 1590 984 Πνεύματος
1685 948 1737 982 τὴν
1754 947 1864 973 οἰκείαν

1071 995 1261 1028 ὲξοπλίζοντας
1276 995 1409 1030 γλῶτταν.
1433 995 1466 1021 Τί
1479 994 1534 1029 γὰρ
1554 994 1586 1029 δὴ
1605 993 1652 1020 καὶ
1674 994 1769 1027 φαῖεν,
1798 992 1864 1018 ὅταν

1072 1043 1195 1078 λέγωμεν
1209 1043 1316 1074 αὐτοῖς·
1337 1042 1369 1069 El.
1381 1041 1489 1069 κτιστδν
1502 1041 1533 1068 τὸ
1546 1040 1658 1075 Πνεῦμά
1671 1041 1741 1070 ἐστι,
1757 1039 1806 1065 καὶ
1817 1038 1865 1064 ἁλ-

1072 1089 1178 1124 λότριον
1195 1090 1243 1125 τῆς
1265 1089 1357 1121 οὐσίας
1371 1088 1417 1116 τοῦ
1432 1088 1511 1120 Θεοῦ,
1524 1087 1585 1115 καθ’
1602 1088 1684 1123 ὑμᾶς,
1704 1086 1762 1116 πῶς
1781 1086 1815 1112 ἂν
1836 1086 1865 1111 ὲν

1073 1137 1138 1171 ἡμῖν
1154 1135 1187 1162 δι’
1212 1136 1295 1162 αὐτοῦ
1315 1135 1476 1170 κατοικήσαι
1491 1134 1557 1166 Θεός
1571 1143 1578 1167 ;
1595 1133 1653 1166 πῶς
1666 1133 1695 1159 δὲ
1711 1131 1780 1159 Θεοῦ
1801 1131 1866 1167 μέτ-

1073 1192 1135 1218 οχος
1157 1185 1171 1210 6
1187 1183 1216 1210 τὸ
1232 1183 1343 1218 Πνεῦμα
1359 1182 1466 1216 λαϐών;
1490 1177 1521 1209 Εἰ
1533 1183 1583 1218 μὲν
1605 1182 1658 1218 γάρ
1674 1183 1733 1208 ἐστι
1748 1181 1804 1207 τῶν
1821 1181 1866 1206 tv-

1074 1229 1226 1264 δεχομένων
1241 1229 1285 1255 διά
1299 1237 1371 1261 τινος
1383 1229 1451 1261 ὅλως
1465 1229 1599 1264 γιννητῆς
1612 1228 1706 1259 οὐσίας
1722 1227 1771 1261 τῆς
1791 1226 1866 1258 θείας

1075 1283 1104 1301 τε
1117 1274 1164 1301 καὶ
1178 1275 1298 1310 ἀρρήτου
1314 1275 1422 1309 φύσεως
1434 1275 1508 1310 ἡμᾶς
1530 1275 1693 1310 μεταλαχεῖν
1703 1295 1709 1306 ,
1732 1273 1758 1299 τί
1774 1273 1807 1299 ἂν
1827 1272 1867 1298 ἐτι

1074 1321 1104 1348 τὸ
1122 1320 1224 1348 κωλύειν
1241 1321 1327 1356 ὁρῷτο
1349 1321 1395 1348 τὸν
1419 1321 1484 1349 Θεὸν
1507 1321 1553 1348 καὶ
1570 1321 1679 1356 Πατέρα
1698 1319 1730 1345 τὸ
1753 1318 1866 1353 Πνεῦμα

1075 1365 1274 1401 παρωσάμενον
1293 1365 1340 1393 καὶ
1356 1365 1388 1392 δι¹
1402 1366 1496 1401 ἐτέρου
1510 1365 1581 1397 τινὸς
1595 1362 1679 1400 οὗπερ
1696 1365 1729 1391 ἂν
1744 1363 1867 1399 βούλοιτο

1075 1411 1224 1445 κτίσματος
1246 1411 1274 1437 ὲν
1289 1412 1354 1446 ἡμῖν
1384 1411 1520 1446 γίνεσθαι,
1546 1411 1593 1438 καὶ
1616 1411 1745 1445 ἁγιαζειν
1772 1409 1865 1444 ἡμᾶς;

1083 1456 1165 1483 Ἀλλὰ
1186 1457 1264 1483 τοῦτο
1286 1457 1416 1484 ἀδύνατον
1428 1465 1435 1472 ·
1464 1457 1494 1484 οὐ
1508 1457 1561 1493 γὰρ
1576 1457 1609 1484 ἂν
1624 1456 1729 1491 γένοιτό
1742 1464 1785 1487 τις
1803 1454 1866 1481 Θεοῦ

1078 1502 1110 1538 δὴ
1125 1502 1171 1529 τοῦ
1191 1503 1262 1530 κατὰ
1274 1503 1355 1538 φύσιν
1373 1503 1486 1538 μέτοχος
1498 1504 1532 1530 δι’
1547 1503 1655 1538 ἑτέρου,
1673 1504 1697 1529 εί
1717 1502 1753 1536 μὴ
1765 1501 1813 1529 διὰ
1824 1501 1867 1528 τοῦ

1077 1548 1253 1584 Πνεύματοςσ
1276 1549 1342 1581 Θεὸς
1358 1549 1412 1585 ἄρα
1426 1551 1474 1576 καὶ
1489 1551 1521 1576 ὲκ
1534 1549 1602 1576 Θεοῦ
1620 1548 1651 1575 τὸ
1668 1548 1802 1582 Πνεῦμα.
1825 1547 1870 1574 καὶ

1077 1594 1109 1621 οὐ
1123 1595 1181 1626 τοῖς
1197 1594 1339 1629 γεγονόσιν
1356 1595 1530 1631 ἐναρίθμιον,
1551 1595 1676 1630 καθάπερ
1693 1594 1770 1626 ἐδοξέ
1789 1602 1868 1620 τισιν.

1079 1640 1183 1672 ’Δλλως
1198 1649 1228 1667 τι
1245 1641 1355 1667 κάκεῖνο
1369 1640 1438 1676 πρὸς
1451 1641 1530 1668 τοῦτο
1543 1641 1732 1668 διασκεπτέον.
1754 1641 1795 1667 Τὸ
1809 1641 1869 1676 μέτ-

1077 1684 1139 1719 οχόν
1163 1693 1254 1716 τινος,
1280 1685 1318 1717 ὡς
1333 1685 1485 1721 κρείττονος
1507 1687 1568 1714 κατ’
1582 1687 1692 1719 οὐσίαν,
1716 1687 1765 1714 καὶ
1785 1687 1869 1721 ἑτερο-

1080 1730 1163 1765 φυοῦς
1183 1731 1198 1766 ἢ
1215 1731 1284 1766 ὅπερ
1299 1731 1372 1758 ἐστὶν
1388 1732 1468 1764 αὐτὸ,
1493 1732 1585 1768 ἕτερον
1610 1733 1680 1760 εἶναι
1695 1733 1769 1760 κατὰ
1792 1733 1869 1767 φύσιν

1080 1778 1187 1814 ἀνάγκη
1195 1779 1242 1805 τοῦ
1253 1779 1446 1815 μετεχομένου.
1457 1779 1488 1805 El
1496 1779 1586 1805 τοίνυν
1599 1779 1707 1805 κτιστον
1727 1779 1743 1814 ἢ
1760 1779 1869 1813 ποιητδν

1079 1824 1110 1851 τὺ
1128 1824 1250 1860 Πνεῦμα,
1262 1826 1334 1857 τίνος
1351 1825 1427 1852 ἔσται
1438 1825 1531 1852 λοιπὸν
1543 1825 1559 1860 ἡ
1571 1825 1659 1857 κτίσις
1673 1825 1789 1860 μέτοχος
1800 1823 1868 1860 ;⁷Λρ“

1080 1871 1139 1906 οὐχὶ
1159 1871 1267 1902 πάντως
1281 1871 1400 1906 ἑαυτῆς;
1425 1871 1514 1898 κοινὸν
1530 1871 1585 1906 γὰρ
1600 1872 1695 1906 ὁρᾶται
1717 1871 1731 1897 ὃ
1748 1871 1869 1897 ἔκτισται

1080 1917 1171 1944 λοιπὸν
1189 1918 1231 1943 ἐπ’
1254 1918 1364 1952 ἀμφοῖν.
1395 1917 1477 1944 Ἀλλὰ
1494 1917 1542 1944 καὶ
1570 1919 1674 1944 tet-total
1698 1919 1745 1944 καὶ
1763 1918 1870 1952 γενητοὶ

1081 1963 1152 1990 κατὰ
1165 1963 1244 1997 φύσιν
1260 1963 1336 1996 ὄντες
1347 1965 1427 1999 ἡμεῖς
1437 1984 1444 1994 ,
1469 1964 1506 1995 ὡς
1520 1964 1614 1999 ἐτέρου
1637 1964 1707 1990 κατὰ
1724 1963 1807 1998 φύσιν
1821 1964 1870 1990 ὑπ.

1082 2009 1211 2044 άρχοντος
1225 2010 1242 2045 ἢ
1259 2010 1327 2045 ὅπερ
1344 2011 1425 2045 ἡμεῖς
1436 2029 1443 2042 ,
1458 2010 1506 2036 τοῦ
1525 2009 1683 2045 Πνεύματος
1701 2011 1870 2045 μετεσχήκα-
1905 2013 1910 2017 “

1085 2064 1133 2091 μεν
1146 2064 1152 2070 ·
1171 2057 1220 2082 οὐκ
1234 2056 1287 2090 ἄρα
1307 2056 1414 2082 κτιστὸν
1430 2057 1461 2083 το
1476 2056 1587 2091 Πνεῦμά
1598 2057 1681 2082 ἐστιν.
1705 2057 1739 2082 Εἰ
1753 2056 1783 2082 δὲ
1796 2056 1871 2082 τοῦτο

1083 2101 1196 2136 ἀληθὲς,
1223 2101 1318 2136 ὥσπερ
1339 2099 1385 2128 οὖν
1408 2102 1523 2137 ἀληθὲς,
1547 2102 1613 2134 Θεὸς
1634 2102 1682 2128 καὶ
1707 2103 1741 2128 ἐκ
1756 2101 1824 2128 Θεοῦ
1843 2101 1870 2128 τὺ

1083 2144 1206 2179 Πνεῦμα,
1221 2144 1346 2181 καθάπερ
1364 2146 1524 2181 εἰρήκαμεν.
1549 2146 1729 2181 Διαφεύξεται
1746 2147 1803 2182 γὰρ
1821 2147 1870 2173 τῶν

1084 2190 1168 2218 ῦντων
1181 2190 1257 2217 οὐδὲν
1271 2190 1320 2226 τὴν
1332 2190 1379 2217 τοῦ
1397 2191 1561 2227 πεποιῆσθαι
1575 2192 1668 2225 δόξαν,
1699 2193 1724 2218 εί
1739 2192 1778 2227 μὴ
1795 2192 1871 2227 μόνος

247 2233 375 2260 nonnihil
394 2232 467 2267 quod
483 2240 573 2265 operae
589 2233 707 2267 pretium
717 2233 752 2260 sit
772 2233 870 2260 dicant.
895 2243 904 2259 ι
926 2235 954 2261 Si
970 2234 1024 2269 qui:

1084 2235 1099 2261 6
1119 2235 1198 2269 φύσει
1214 2235 1294 2267 Θεὸς,
1322 2236 1353 2269 ἐξ
1375 2234 1405 2264 οῦ
1427 2237 1548 2272 δηλονότι
1574 2237 1668 2272 προϊὸν
1691 2238 1822 2273 ἀῤῥήτως
1844 2238 1872 2264 τὸ

247 2279 336 2313 diligit
361 2286 413 2310 me,
442 2274 597 2304 sermonem
626 2285 715 2304 meum
733 2279 872 2311 servabit,
899 2283 925 2305 et
951 2278 1032 2306 Pater

249 2333 326 2351 meus
340 2324 432 2358 diliget
448 2331 521 2353 eum.
533 2327 560 2350 ct
579 2323 610 2349 ad
628 2331 688 2350 eum
706 2325 856 2356 veniemus,
871 2329 897 2351 et
913 2325 1032 2352 mansio-

249 2378 310 2398 nem
326 2369 395 2403 apud
413 2377 475 2395 curn
493 2368 635 2396 iaciemus.
657 2379 665 2394 t
680 2369 749 2401 Quid
764 2378 830 2404 ergo
846 2371 1030 2405 respondetis,

249 2423 266 2443 ο
283 2415 386 2443 strenui
404 2415 471 2445 viri,
490 2414 512 2441 si
532 2415 594 2449 quis
614 2415 771 2442 sciscitatur
791 2423 805 2442 a
823 2417 910 2448 vobis,
941 2421 1031 2442 utrum

249 2462 319 2488 duos
344 2459 462 2486 habituri
492 2460 580 2487 sintus
609 2461 674 2487 deos
697 2461 897 2493 inhabitantes,
921 2461 1031 2488 Patrem

249 2507 380 2535 nimirum
397 2511 423 2533 et
439 2505 536 2532 Filium
552 2516 558 2533 :
582 2515 616 2534 an
639 2514 702 2534 vero
721 2506 792 2534 Deus
818 2516 888 2534 unus
907 2508 933 2534 in
952 2507 1031 2535 nobis

251 2551 418 2585 intelligatur
432 2558 463 2578 ac
479 2559 541 2577 vere
567 2552 621 2579 sit?
644 2551 711 2578 Nam
729 2552 751 2579 si
779 2556 875 2578 natura
905 2551 1032 2580 diversus

250 2600 292 2624 est
307 2596 416 2623 omnino
443 2595 529 2623 Filius
552 2601 578 2623 et
600 2597 626 2623 in
646 2597 754 2631 propria
787 2597 904 2631 quadam
934 2603 1032 2624 natura

252 2642 422 2676 intelligitur,
441 2643 580 2676 quomodo
605 2650 721 2670 necesse
742 2649 794 2668 non
811 2647 852 2668 est
873 2642 943 2669 duos
967 2642 1032 2670 deos

252 2689 279 2716 in
295 2689 373 2715 nobis
389 2696 449 2716 esse
466 2688 587 2721 credere,
603 2688 731 2714 ntandata
745 2688 1032 2721 servantibus?Quod

251 2735 274 2762 si
290 2736 371 2763 unius
391 2744 443 2762 non
459 2739 549 2762 autent
565 2734 682 2761 duorum
699 2734 812 2761 deoruttt
836 2735 935 2770 templa
961 2735 1030 2762 dici-

251 2789 322 2812 mur,
335 2780 415 2809 Patre
426 2789 458 2808 ac
473 2780 543 2808 Filio
559 2781 586 2808 in
601 2780 681 2808 nobis
696 2780 894 2814 habitantibus,
908 2790 1031 2817 quaenam

285 2869 307 2886 ¹¹
325 2867 406 2896 Rom.
424 2874 483 2900 \‘tn,
497 2867 541 2894 Η.
578 2867 707 2905 "_Galat.
722 2874 758 2898 tr,
775 2867 800 2894 6.

1085 2280 1198 2315 Πνεῦμα
1213 2281 1242 2308 τὸ
1254 2281 1331 2315 ἅγιον
1342 2303 1349 2313 ,
1365 2282 1402 2314 ὡς
1420 2283 1501 2314 αὐτὸς
1517 2283 1545 2315 ἐξ
1559 2281 1644 2318 οὗπέρ
1659 2284 1749 2315 ἐστιν,
1767 2284 1797 2310 ὲν
1812 2285 1872 2318 ἡμῖν

1087 2328 1218 2352 κατοικεῖ.
1231 2327 1310 2352 Ἱδιον
1326 2327 1380 2362 γάρ
1395 2329 1451 2354 ἐστι
1466 2328 1515 2362 τῆς
1530 2328 1622 2359 οὐσίας
1637 2327 1731 2360 αὐτοῦ,
1746 2328 1795 2354 καὶ
1807 2328 1873 2354 ποιὰ

1085 2379 1135 2405 της
1151 2370 1245 2406 ὥσπερ
1263 2371 1313 2406 τῆς
1326 2373 1468 2407 ἁγιότητος
1480 2372 1572 2400 αὑτοῦ.
1590 2373 1642 2399 Καὶ
1659 2372 1747 2399 ταῦτα
1763 2373 1813 2407 μὲν
1827 2372 1872 2407 ἤδη

1087 2416 1154 2452 πρὸς
1163 2416 1273 2449 τούτους
1285 2426 1291 2432 ·
1317 2418 1384 2453 πρὸς
1397 2419 1426 2444 δέ
1441 2427 1472 2452 γε
1494 2420 1558 2450 τώς
1580 2419 1748 2453 ’Λνομοίους,
1762 2419 1813 2444 καὶ
1828 2427 1873 2444 πο-

1087 2461 1178 2497 λεμεῖν
1193 2463 1346 2497 ἐγνωκότας
1360 2465 1398 2499 τῷ
1418 2463 1489 2498 Υίῷ,
1508 2464 1532 2490 οἳ
1550 2464 1596 2490 καὶ
1609 2464 1744 2498 ἀδελφὴν,
1759 2465 1808 2490 καὶ
1822 2465 1874 2497 γεί-

1087 2515 1151 2534 τονα
1170 2510 1227 2539 τοῖς
1241 2510 1395 2544 είρημένοις
1415 2511 1479 2545 ἡμῖν
1501 2510 1602 2545 ἀρτία),
1626 2510 1736 2536 νοσοῦσι
1765 2510 1874 2544 μανίαν,

1089 2553 1144 2588 ἐρῶ
1159 2554 1248 2580 τιτῶν
1260 2556 1424 2589 ἀναγκαίων.
1438 2565 1446 2580 ι
1459 2556 1522 2582 Ἐάν
1534 2564 1574 2587 τις
1583 2556 1678 2590 ἀγαπᾷ
1691 2564 1736 2590 με,
1747 2555 1794 2582 τὸν
1802 2556 1874 2589 λόγον

1089 2607 1139 2633 μου
1153 2600 1278 2634 τηρήσει,
1295 2601 1340 2627 καὶ
1356 2603 1370 2628 6
1386 2602 1481 2637 Πατήρ
1499 2611 1549 2636 μου
1567 2602 1706 2635 ἀγαπήσει
1723 2602 1818 2632 αὑτὸν,
1832 2602 1874 2628 καὶ

1087 2644 1155 2678 πρὸς
1172 2645 1253 2671 αὑτὸν
1272 2646 1449 2682 ἐλευσόμεθα,
1467 2647 1512 2674 καὶ
1528 2647 1611 2682 μονὴν
1622 2646 1686 2681 παρ’
1701 2646 1778 2680 αὐτῷ
1801 2655 1873 2679 ποιη-

1088 2689 1218 2724 σόμεθα.)
1235 2692 1267 2718 Τί
1277 2690 1333 2726 οὖν,
1343 2690 1365 2719 ὦ
1378 2695 1507 2726 γενναῖοι,
1517 2693 1594 2727 φατὲ,
1611 2692 1793 2720 διαπυθέσθαι
1809 2692 1873 2722 τινος

1087 2734 1225 2768 ἐθέλοντος
1239 2739 1286 2764 καὶ
1301 2738 1395 2773 μαθεῖν
1419 2738 1556 2771 ἀξιοῦντος
1576 2738 1640 2774 παρ’
1655 2737 1746 2773 ὑμῶν.
1765 2737 1873 2773 πότερόν

1087 2788 1151 2807 ποτε
1165 2781 1211 2808 δύο
1225 2783 1302 2815 θεοὺς
1316 2783 1412 2819 ἕξομεν
1431 2784 1617 2816 ἐνοικοῦντας,
1638 2783 1684 2810 τὸν
1701 2783 1818 2819 Πατέρα
1832 2781 1873 2809 καὶ
