1926 3041
57 156 112 186 995

578 157 612 184 ΙΝ
623 156 765 185 IOANNIS
780 156 1004 185 EVANGELIUM
1026 156 1088 184 LIB.
1109 156 1144 184 Χ.

1642 153 1694 182 294

56 203 103 231 τὴν
117 203 183 231 Υίόν
196 212 204 220 ο
233 203 250 239 ἢ
266 204 330 236 θεδς
348 202 388 236 εἷς
411 204 439 230 ὲν
460 205 525 239 ἡμῖν
540 206 640 232 νοεῖταί
654 214 683 232 τε
707 207 754 232 καὶ
777 206 851 232 ἐστιν

908 206 980 233 ratio
997 206 1023 233 in
1038 206 1119 233 nobis
1132 205 1203 232 duos
1221 204 1283 233 illos
1299 203 1333 231 ad
1350 204 1482 232 unitatem
1492 204 1601 240 redigit.
1627 213 1692 233 cum

56 249 189 284 among;
213 250 245 276 Et
262 250 310 285 μὲν
325 249 378 285 γὰρ
393 249 485 285 ἕτερός
499 251 557 277 ἐστι
575 251 646 278 κατὰ
662 251 742 286 φύσιν
758 252 773 278 6
789 252 853 283 Υἱὸς

56 293 199 324 παντελῶς
220 294 267 321 καὶ
288 294 317 320 ὲν
338 294 391 329 ἰδίᾳ
414 295 467 321 τινὶ
489 295 570 329 φύσει
596 295 762 330 νοούμενος,
793 296 853 328 πῶς

56 340 107 366 οὐκ
123 339 232 375 ἀνάγκη
245 338 328 366 δυάδα
349 339 418 366 θεῶν
435 341 464 366 ἐν
478 341 543 375 ἡμῖν
558 341 685 374 γενέσθαι
703 342 852 374 πιστεύειν,

56 386 121 412 ὅταν
137 386 269 420 τηρῶμεν
285 385 335 417 τὰς
347 385 456 418 ἐντολάς
473 394 479 419 ;
508 386 539 412 Εἰ
555 386 583 413 δὲ
608 388 667 414 ναοὶ
682 388 852 423 χρηματίζο-

59 440 121 467 μεν,
133 432 194 463 ἑνὸς
203 431 323 467 δηλονότι
337 431 384 459 καὶ
395 432 425 458 οὐ
437 432 483 458 δύο
495 431 574 464 θεῶν,
586 433 649 459 ὅταν
659 435 725 468 ἡμῖν
738 435 751 460 6
759 432 853 469 Πατὴρ

57 478 106 505 καὶ
128 477 219 510 ὀϊζὺς
244 478 451 511 ὲναυλίξωνται,
476 479 550 510 ποῖος
566 480 595 506 ὲν
616 481 684 515 ἡμῖν
711 479 751 507 ἔτι
774 480 854 515 λόγος

59 525 202 551 συστέλλει
220 525 287 560 πρὸς
308 525 422 560 ἑνότητα
445 526 509 558 τοὺς
528 525 589 559 δύο,
613 527 664 562 τῆς
679 527 739 554 κατ’
759 527 854 560 οὐσίας

58 571 226 606 ταυτότητος
247 570 297 597 οὐκ
311 570 425 605 ἐχούσης
439 570 522 597 τόπον
531 591 538 603 ,
559 571 631 597 κατά
645 579 677 605 γε
691 570 740 606 τὴν
756 571 855 606 ὑμετέ-

60 624 112 651 ραν
145 615 377 651 φρενοϐλάϐειαν;
402 617 437 642 Ἢ
461 616 515 652 γὰρ
548 617 654 652 ἀνάγκη
679 617 789 652 λέγειν,
812 618 853 644 ὅτι

57 660 147 696 ψευδῆ
162 661 232 696 πρὸς
244 661 318 696 ἡμᾶς
340 660 488 696 λελάληκεν
503 663 517 689 6
534 663 665 698 Χριστὸς,
689 662 854 695 ἐνοικίζεται

58 707 87 733 δὲ
114 708 197 743 μόνον
213 709 279 744 ἡμῖν
296 709 310 736 6
326 709 422 744 Πατὴρ
443 709 488 736 διὰ
508 709 555 737 τοῦ
571 711 729 747 Πνεύματος
740 719 747 727 ·
770 712 854 747 ἧγουν

59 754 162 780 ἐνοικεῖ
175 754 225 790 μὲν
239 755 319 787 αὐτὸς
328 775 335 786 ,
362 755 459 782 ἄπεστι
473 756 502 782 δὲ
514 757 529 783 6
543 757 649 793 Πατήρ.
677 757 757 784 Ἀλλὰ
776 758 854 785 τοῦτο

902 252 979 287 juxta
992 257 1108 280 vestram
1121 251 1298 282 dementiam,
1312 250 1449 278 identitati
1464 250 1625 278 substantia
1635 259 1691 279 non

904 298 941 325 sit
949 297 1041 325 locus?
1051 297 1098 324 Vel
1112 298 1185 324 enim
1193 305 1306 325 necesse
1317 301 1359 325 est
1370 297 1460 324 dicere
1470 297 1609 325 Christum
1622 297 1693 325 falsa

904 344 984 371 nobis
1003 351 1065 370 esse
1084 343 1220 375 locutum,
1232 348 1260 371 et
1275 343 1428 371 inhabitare
1443 347 1548 370 tantum
1570 344 1597 370 in
1613 343 1692 370 nobis

904 389 1011 417 Patrem
1027 398 1074 424 per
1087 390 1239 423 Spiritum;
1252 390 1293 417 vel
1306 390 1460 418 inhabitare
1471 389 1580 425 quidem
1590 390 1693 424 ipsum,

905 437 1001 464 abesse
1011 444 1077 463 vero
1086 436 1206 463 Patrem.
1215 436 1249 463 At
1261 436 1312 463 hoc
1327 436 1475 463 absurdum
1487 446 1493 464 :
1506 443 1578 463 unus
1593 435 1695 471 quippe

905 482 976 510 Deus
996 486 1039 510 est
1055 483 1082 509 in
1099 482 1188 515 nobis,
1213 490 1274 509 cum
1296 482 1393 510 ambos
1417 482 1601 515 suscepimus.
1632 480 1695 508 Non

905 536 970 563 ergo
994 528 1110 556 diversa
1133 536 1148 555 a
1179 528 1260 555 Patre
1289 536 1341 556 suo
1365 528 1528 556 substantiae
1553 528 1697 562 apparebit.
1747 559 1754 568 ο

906 572 1081 609 Unigenitus,
1099 574 1146 601 sed
1163 581 1195 601 ex
1212 574 1315 608 seipso,
1330 578 1356 601 et
1379 574 1406 600 in
1425 574 1494 608 ipso,
1511 573 1584 601 sicut
1601 574 1626 600 in
1651 573 1695 600 lu-

905 619 979 646 mine
997 619 1129 654 splendor
1151 619 1198 654 qui
1218 627 1250 646 ex
1280 627 1334 647 eo:
1360 619 1413 646 hoc
1435 620 1509 647 cnim
1535 619 1626 650 modo,
1639 626 1696 646 non

905 669 996 692 autem
1024 665 1089 697 alio,
1106 665 1228 701 mysterii
1246 665 1287 692 vis
1301 669 1328 692 et
1357 665 1428 692 ratio
1457 672 1520 692 vera
1544 664 1637 692 fuerit.
1662 663 1697 691 Et

905 711 1015 746 quidem
1029 711 1142 739 divinus
1163 711 1266 739 Paulus
1285 719 1341 739 non
1360 711 1476 739 duorum
1492 711 1606 738 deorum
1629 715 1697 739 tem-

905 759 949 794 pla
966 765 1016 786 nos
1033 758 1190 793 appellavit,
1211 757 1259 785 sed
1274 758 1356 785 unius
1372 766 1378 784 :
1397 767 1406 783 ι
1433 757 1564 790 Nescitis,
1596 757 1696 793 inquit.

60 800 161 828 ἄτοπον
173 808 179 816 ·
206 799 248 833 εἷς
262 801 291 827 δὲ
305 801 372 833 Θεὸς
385 803 414 828 ὲν
436 803 516 838 ἡμῖν,
534 803 598 830 ὃταν
615 804 698 839 ἄμφω
714 804 852 840 λάϐωμεν.

908 805 969 840 quia
980 805 1112 839 templum
1127 804 1174 832 Dei
1192 804 1273 836 estis,
1290 809 1317 831 et
1330 803 1452 839 Spiritus
1471 803 1517 831 Dei
1538 804 1643 832 habitat
1669 804 1699 831 in

60 846 117 882 Οὐχ
133 846 303 883 ἑτεροούσιος
315 847 370 882 ἄρα
384 848 454 884 πρὸς
470 848 517 876 τὸν
531 849 628 876 ἑαυτοῦ
642 849 751 886 Πατέρα
765 852 854 885 φανεῖ-

908 850 984 878 vobis
995 850 1037 877 “7
1051 860 1061 877 ι
1079 849 1160 879 Vides
1175 855 1221 884 ut,
1240 851 1268 878 in
1285 850 1445 878 substantia:
1467 850 1636 878 identitatem
1649 849 1699 877 Pa-

59 901 106 919 ται
127 892 222 920 λοιπὸν
245 894 259 920 6
282 894 453 929 Μονογενὴς,
482 895 546 926 ὰλλῚ
561 894 591 928 ἐξ
615 896 730 929 ἑαυτοῦ,
755 897 802 924 καὶ
826 898 854 924 ὲν

908 899 949 922 tre
962 899 990 922 et
1013 894 1083 923 Filio
1096 895 1215 928 collatis,
1246 895 1347 930 templa
1367 903 1419 924 nos
1443 895 1532 924 factos
1556 903 1618 923 esse
1642 895 1698 928 ait.

59 939 150 974 αὐτῷ,
170 939 299 975 καθάπερ
320 941 348 967 ἐν
375 940 414 975 τῷ
436 941 508 975 φωτὶ
525 941 555 968 τὸ
577 942 748 978 ἀπαύγασμα
771 943 801 971 τὸ
824 944 853 977 ἐξ

908 949 960 969 non
977 942 1102 975 deorum,
1122 942 1170 970 sed
1189 941 1247 969 Dei.
1260 941 1316 970 Cur
1332 942 1409 969 vanis
1426 943 1509 977 igitur
1530 942 1700 969 ratiunculis

59 984 157 1012 αὑτοῦ·
183 985 227 1021 εἴη
242 985 296 1022 γὰρ
313 986 346 1013 ἂν
361 986 433 1014 οὕτω
452 987 499 1014 καὶ
513 987 563 1023 οὐχ
585 988 687 1024 ἑτέρως
705 990 721 1025 ἡ
740 989 787 1016 τοῦ
805 998 854 1024 μυ-

908 987 1035 1015 veritatis
1057 987 1113 1014 vim
1131 987 1296 1027 concutitis,
1322 991 1348 1015 et
1367 988 1516 1022 impietatis
1539 992 1637 1015 vestra:
1652 995 1701 1015 ve-

60 1031 171 1066 στηρίου
188 1031 304 1067 δύναμις
316 1031 430 1068 ἀληθής.
451 1034 507 1060 Καὶ
517 1034 584 1068 γοῦν
598 1035 611 1062 6
624 1035 768 1067 θεσπέσιος
780 1035 854 1062 Παῦ-

908 1041 1010 1061 nenum
1022 1034 1056 1061 iis
1071 1033 1219 1061 infunditis
1233 1033 1281 1069 qui
1292 1040 1387 1062 sacras
1402 1033 1566 1069 divinasque
1581 1033 1701 1062 Litteras

58 1076 103 1108 λος
113 1096 120 1109 ,
144 1077 207 1112 οὐχὶ
221 1078 267 1105 δύο
280 1078 348 1105 θεῶν
361 1080 436 1114 ἡμᾶς
449 1079 575 1116 ὠνόμασε
592 1081 673 1113 ναοὺς
682 1102 689 1113 ,
720 1081 777 1108 ἀλλ’
794 1081 854 1113 ὲνὺς

908 1080 1144 1108 inconsideratius
1158 1080 1293 1115 attingere
1307 1079 1420 1107 solent?

58 1122 179 1157 δηλονότι
198 1126 246 1152 καὶ
273 1127 367 1155 αὑτοῦ.
383 1137 392 1154 ι
418 1129 476 1155 οὐκ
489 1129 595 1161 οἴδατε,
609 1130 706 1166 φησιν,
728 1131 770 1157 ὃτι
787 1130 851 1162 ναὸς
869 1129 938 1157 θεοῦ
950 1130 1011 1156 ἔστε
1023 1150 1030 1163 ,
1047 1129 1139 1156 καὶτὸ
1151 1129 1263 1165 Πνεῦμα
1279 1130 1326 1157 τοῦ
1340 1130 1407 1157 Θεοῦ
1425 1131 1495 1157 οίκεῖ
1527 1131 1556 1157 ἐν
1590 1131 1673 1166 ὖμῖν;
1689 1142 1700 1160 ι

65 1169 144 1206 Ὁρᾷς
160 1172 203 1198 ὃτι
213 1193 220 1204 ,
241 1174 454 1209 συνεισενεγκὼν
470 1176 510 1207 είς
523 1176 617 1208 οὐσίας
634 1177 787 1213 ταιιτότητα
804 1177 850 1204 τὸν
870 1176 980 1212 Πατέρα
991 1177 1092 1204 καὶτὸν
1102 1177 1176 1210 Υίὺν,
1186 1177 1266 1208 ναοὺς
1279 1177 1353 1212 ἡμᾶς
1383 1175 1572 1211 ἀποδεδεῖχθαί
1607 1184 1702 1213 φησιν¹

57 1216 85 1242 οὐ
100 1216 174 1243 θεῶν
186 1218 299 1253 μᾶλλον,
311 1219 380 1246 ἀλλὰ
392 1220 472 1248 Θεοῦ.
503 1222 536 1248 Τί
572 1222 663 1250 τοίνυν
691 1223 807 1255 είκαίοις
837 1222 1046 1258 παρακρούεσθε
1063 1222 1203 1258 λογισμοῖς
1226 1223 1277 1258 τῆς
1300 1222 1427 1257 ἀληθείας
1446 1222 1494 1258 τὴν
1507 1222 1637 1257 δύναμιν,
1655 1217 1703 1247 καὶ

57 1261 106 1296 τῆς
117 1263 225 1290 ἑαυτῶν
241 1265 400 1297 δυσσεϐείας
413 1266 459 1293 τὸν
476 1267 514 1294 ἰὸν
526 1268 701 1304 ιπισπείρετε
717 1269 774 1300 τοῖς
790 1268 961 1304 ἀλογώτερον
973 1269 1081 1296 είωθόσι
1096 1268 1277 1304 προσϐάλλειν
1288 1270 1347 1300 τοῖς
1371 1270 1454 1304 ἱεροῖς
1483 1277 1513 1295 τε
1543 1268 1591 1295 καὶ
1618 1267 1702 1296 θείοις

54 1306 227 1344 Γράμμασιν
239 1319 248 1343 ς

98 1355 130 1382 ’0
147 1356 192 1390 μὴ
213 1357 338 1392 ἀῖτιπῶγ
347 1367 395 1394 με,
412 1359 484 1393 τοὺς
497 1361 610 1396 λόγους
620 1370 679 1397 μου
693 1362 729 1390 οὐ
742 1361 835 1397 τηρεῖ.

91 1445 299 1481 Προαποδείξις
331 1445 361 1476 εὖ
390 1448 463 1484 μάλα
487 1450 535 1477 καὶ
556 1451 746 1486 διορισάμενος
767 1452 855 1489 ὀρθῶς

55 1492 130 1524 τινες
146 1492 180 1520 ἂν
195 1491 250 1520 εἷεν
264 1495 288 1521 οἱ
302 1495 464 1530 ἀγαπῶντες
474 1497 566 1529 αὐτὸν,
583 1497 716 1532 μεθέξωσι
730 1498 758 1525 δὲ
770 1498 855 1526 ποίων

56 1538 183 1572 ἀγαθῶν,
200 1539 322 1575 μέτεισιν
338 1541 419 1574 εὐθὺς
429 1542 472 1577 ἐφ’
484 1543 593 1578 ἐτέρους
607 1544 670 1575 τοὺς
682 1543 759 1570 οὔπω
768 1544 856 1578 φιλεῖν

57 1584 217 1620 ιλομένους.
235 1586 273 1612 Οὐ
289 1586 342 1622 γὰρ
357 1588 464 1615 ἔσονται
480 1588 610 1623 φύλακες,
628 1589 706 1624 φησὶ,
724 1591 855 1626 ῥημάτων

57 1630 113 1658 τῶν
127 1631 206 1666 ἐμῶν
217 1638 224 1646 ·
243 1632 323 1660 τοῦτο
339 1634 393 1669 γάρ
407 1635 465 1661 ἐστι
479 1634 519 1666 τὺ,
535 1635 572 1661 Οὐ
586 1636 702 1671 τηρήσει
715 1635 761 1662 τὸν
776 1635 855 1670 λόγον

60 1685 123 1713 μου,
152 1678 192 1710 ὼς
206 1678 268 1706 καθ’
287 1679 346 1711 ἐνὸς
369 1680 386 1716 ἢ
411 1680 475 1716 περὶ
503 1680 562 1714 ἑνὸς
585 1681 741 1717 λεγόμενον,
767 1682 791 1708 εί
809 1683 856 1709 καὶ

59 1723 192 1752 πλατεῖάν
216 1734 274 1757 πως
290 1726 347 1761 ἔχει.
364 1727 410 1753 καὶ
427 1727 540 1763 γενικὴν
555 1728 606 1764 τὴν
625 1728 750 1764 δήλωσιν.
780 1729 857 1756 Ἀκο-

58 1770 163 1803 λούθως
177 1771 207 1799 δὲ
221 1772 323 1809 σφόδρα
347 1773 394 1800 καὶ
406 1773 486 1801 τοῦτό
500 1783 591 1810 φησιν.
617 1775 649 1802 El
674 1775 729 1811 γὰρ
750 1776 800 1812 τῆς
817 1777 857 1808 εἰς

58 1816 141 1843 αὑτὸν
157 1817 270 1854 ἀγάπης
283 1819 421 1852 ἀπόδειξις
434 1819 512 1847 ἔσται
526 1821 615 1856 σαφὴς
629 1821 660 1847 τὸ
673 1821 792 1857 τηρῆσαι
808 1821 858 1854 τὰς

59 1862 249 1900 ἑντολὰς,ἦτοι
261 1864 307 1892 τὸν
319 1867 384 1902 παρ’
398 1866 480 1893 αὑτοῦ
492 1866 580 1901 λόγον,
597 1867 639 1902 εἴη
651 1867 737 1902 δήπου
748 1868 857 1900 πάντως

58 1907 89 1935 ιν
105 1909 209 1945 ἀληθὲς
224 1911 315 1938 καὶτὸ
331 1912 462 1939 ἐναντίον.
478 1913 582 1949 Δεῖγμα
598 1913 652 1948 γὰρ
667 1914 743 1940 ἔσται
757 1914 803 1941 τοῦ
819 1913 856 1950 μὴ

57 1953 171 1981 ἑλέσθαι
199 1955 296 1990 φιλεῖν,
321 1957 351 1983 τδ
376 1956 411 1983 δι’
427 1957 533 1990 οὐδενὸς
552 1958 687 1985 ποιεῖσθαι
711 1958 791 1993 λόγου
807 1959 857 1994 τὴν

60 2001 183 2037 ἐντολὴν,
201 2002 387 2037 παρωθεῖσθαι
403 2003 432 2030 δὲ
444 2003 474 2030 τὸ
490 2004 714 2039 κεκελευσμένον,
731 2005 856 2040 καθάπερ

59 2056 87 2074 τι
105 2048 161 2074 τῶν
182 2048 285 2075 ἀδικεῖν
306 2049 449 2077 εἰωθότων.
471 2049 540 2077 Ἀλλ’
555 2049 652 2086 ὥσπερ
668 2052 723 2082 τοῖς
739 2050 858 2086 νομοφύ-

59 2094 136 2126 λαξιν
151 2094 295 2122 ὲνοικίσειν
307 2095 403 2122 ἑαυτὸν
416 2095 483 2131 ὁμοῦ
497 2095 536 2131 τῷ
550 2096 610 2131 Θεῷ
623 2096 671 2123 καὶ
685 2097 773 2132 Harp).
787 2105 856 2123 κατ-

60 2139 247 2174 επηγγέλλετο
259 2148 266 2155 '
286 2140 357 2167 κατὰ
370 2140 416 2167 τὸν
435 2141 527 2173 αὑτὸν,
543 2139 630 2177 οἶμαι,
647 2141 725 2176 λόγον
746 2142 801 2168 τῶν
817 2143 855 2178 μὴ

59 2185 191 2212 τοιούτων
205 2186 429 2221 ἁπαναστήσεται
445 2187 492 2214 καὶ
511 2188 692 2223 ἀποφοιτήσει
707 2188 854 2220 παντελῶς.

66 2231 226 2267 ’Λληθεύσει
241 2233 295 2267 γὰρ
309 2232 396 2266 λέγων
409 2234 424 2259 6
440 2233 566 2268 Σολομὼν
579 2234 620 2260 ὅτι
635 2234 675 2265 είς
692 2234 856 2268 κακότεχνον

60 2278 150 2313 ψυχὴν
165 2278 247 2312 σοφία
261 2279 311 2305 οὐκ
327 2278 520 2310 είσελεὺσεται,
537 2279 597 2306 οὐδὲ
613 2281 736 2306 κατοικεῖ
752 2281 781 2306 ὲν
804 2279 856 2306 σώ-

63 2333 128 2359 ματι
142 2325 288 2360 κατάχρεῳ
306 2325 452 2360 ἁμαρτίας.
469 2326 523 2352 Καὶ
536 2325 591 2360 γάρ
606 2335 647 2352 τοι
660 2326 707 2352 καὶ
722 2326 764 2360 ἐφ’
776 2326 856 2362 ἡμῶν

61 2371 148 2402 οὕτως
172 2371 290 2406 ἔχουσαν
303 2371 431 2407 εὑρήσεις
447 2371 494 2398 τοῦ
512 2372 673 2407 πράγματος
696 2372 746 2408 τὴν
764 2372 854 2407 φύσιν.

62 2417 96 2442 Ἦ
110 2417 166 2451 γὰρ
180 2416 241 2451 οὐχὶ
255 2418 311 2448 τοῖς
326 2417 458 2453 ὁμόφροσι
475 2418 522 2444 καὶ
535 2418 699 2454 ὁμοτροπεῖν
719 2418 857 2454 ἑλομένοις

61 2463 89 2488 τὸ
105 2462 310 2489 σινδιαιτᾶσθαι
326 2463 425 2498 μᾶλλον
441 2463 524 2499 ἠγουν
540 2465 596 2496 τοῖς
609 2464 713 2499 ἑτέροις
728 2465 808 2491 παντί
818 2474 857 2500 τῳ

59 2509 220 2543 τετίμηνται
334 2509 519 2545 τετίμηται];
556 2519 565 2534 ι
581 2510 678 2536 Καίτοι
706 2511 759 2536 πᾶν
788 2511 857 2542 ζῶον

59 2555 154 2588 ἀγαπᾷ
168 2555 198 2580 τὸ
210 2555 302 2589 ὅμοιον
315 2555 400 2590 αὐτῷ,
416 2556 486 2582 κατὰ
499 2555 529 2582 τὸ
542 2557 745 2591 γεγραμμένον,
760 2558 806 2583 καὶ
815 2556 854 2591 τῷ

58 2600 143 2635 ὁμοίῳ
162 2600 238 2635 αὐτῷ
254 2600 522 2636 προσκολληθήσεται
537 2602 616 2636 ἁνήρ.
633 2611 642 2627 ι
673 2602 703 2628 Εἰ
720 2602 748 2628 δὲ
765 2603 811 2629 καὶ
825 2604 854 2629 ἐν

58 2647 124 2681 ἡμῖν
139 2647 234 2678 αὐτοῖς
251 2647 380 2681 ὁμοήθεσι
404 2649 522 2673 συνεῖναι
541 2647 612 2674 κατὰ
631 2648 730 2679 ταυτὸν
745 2649 798 2674 τῶν
813 2649 854 2675 ὅτι

60 2692 180 2726 μάλιστα
195 2691 242 2718 διὰ
259 2691 376 2727 σπουδῆς
400 2690 468 2718 εἶναι
492 2692 576 2724 δοκεῖ,
604 2692 662 2724 πῶς
674 2693 734 2728 οὐχὶ
753 2694 854 2728 μᾶλλον

58 2738 144 2770 οὕτως
171 2737 245 2773 ἐχειν
275 2738 321 2764 ἐπὶ
346 2738 412 2764 Θεοῦ
438 2737 625 2773 λογιούμεθα;
659 2739 773 2773 Ἀγαθὺς
800 2739 855 2776 γὰρ

58 2783 192 2818 ὑπάρχων
217 2784 252 2817 τῇ
276 2782 373 2816 φύσει,
397 2783 443 2810 καὶ
467 2783 568 2819 ἀρετῆς
595 2783 704 2819 ἁπάσης
721 2784 792 2820 ἀρχὴ
810 2785 856 2811 καὶ

59 2828 176 2862 γένεσις,
204 2828 266 2862 οὐχὶ
282 2829 331 2863 τῆς
357 2828 524 2864 φαυλότητος
546 2829 686 2864 ἐρασταῖς,
714 2829 782 2856 ἀλλὰ
802 2830 853 2865 τῆς

943 1358 1014 1393 XIV,
1031 1359 1078 1386 24.
1093 1358 1145 1392 ραι
1160 1367 1213 1386 non
1227 1359 1317 1394 diligit
1337 1367 1389 1392 me,
1404 1366 1538 1386 sermones
1562 1367 1633 1387 meo:
1648 1367 1702 1387 non

906 1413 981 1433 serva
984 1410 1003 1432 ι.

943 1451 1094 1487 Postquam
1109 1451 1234 1479 ostendit
1244 1458 1276 1478 ac
1293 1455 1369 1479 recte
1389 1450 1514 1479 deﬁnivit
1537 1451 1619 1488 833
1638 1453 1702 1487 qui.

908 1505 972 1526 nam
990 1499 1047 1526 sint
1061 1498 1109 1533 qui
1125 1497 1245 1533 diligunt
1265 1504 1339 1530 eum,
1364 1501 1393 1524 et
1414 1497 1536 1532 qualium
1566 1499 1702 1526 bonorum

909 1544 966 1573 sint
990 1545 1157 1580 participes,
1184 1544 1219 1571 ad
1243 1543 1315 1572 alios
1342 1543 1436 1572 statim
1461 1552 1491 1572 se
1523 1545 1631 1572 confert
1654 1545 1702 1580 qui

910 1591 1034 1619 nondum
1050 1590 1164 1626 diligere
1180 1597 1243 1617 eum
1260 1589 1287 1616 in
1306 1590 1429 1616 animum
1447 1590 1629 1618 induxerunt.
1645 1590 1703 1618 Nec

909 1635 995 1666 enim.
1010 1635 1110 1669 inquit,
1129 1634 1211 1662 verba
1232 1641 1292 1661 utea
1311 1634 1489 1662 custodierit:
1505 1635 1558 1662 hoc
1575 1640 1628 1667 est,
1642 1635 1704 1664 Non

907 1681 1027 1708 servabit
1043 1688 1200 1708 sermonem
1218 1688 1321 1714 luerim,
1335 1681 1409 1716 quod
1436 1681 1515 1715 quasi
1539 1681 1573 1708 de
1589 1689 1643 1708 uno
1658 1682 1703 1709 di-

907 1726 1056 1758 citur,licet
1085 1726 1205 1761 amplam
1241 1725 1448 1760 quodammodo
1484 1730 1511 1753 et
1547 1727 1701 1761 generalem

908 1772 1139 1808 signiﬁcationem
1163 1772 1274 1799 habeat.
1296 1771 1384 1799 Valde
1399 1776 1491 1798 autem
1515 1778 1704 1800 consentanea

908 1818 982 1847 istud
1005 1819 1088 1846 etiam
1107 1817 1177 1846 iutit.
1203 1817 1270 1844 Nam
1290 1817 1314 1846 si
1337 1817 1465 1845 mandata
1480 1818 1522 1845 vel
1546 1826 1703 1847 sermonem

907 1864 968 1899 ejus
986 1871 1096 1891 servare
1119 1863 1279 1891 dilectionis
1296 1863 1323 1890 in
1345 1864 1435 1898 ipsum
1463 1863 1642 1891 manifestum
1661 1868 1704 1892 est

907 1914 1099 1944 argumentum
1125 1913 1207 1944 atque
1232 1909 1386 1942 indicium,
1411 1910 1463 1937 erit
1482 1911 1576 1945 utique
1607 1919 1702 1939 verum

906 1956 1088 1983 contrarium.
1115 1955 1273 1982 Mandatum
1298 1957 1371 1982 enim
1391 1963 1443 1990 pro
1468 1956 1555 1983 nihilo
1579 1957 1701 1991 habere,

907 2005 934 2029 et
950 2002 1022 2037 quod
1035 2002 1144 2036 jussum
1160 2006 1203 2029 est
1221 2002 1295 2029 velut
1315 2002 1446 2029 infestum
1462 2003 1602 2037 quidpiam
1619 2012 1702 2031 aver-

908 2048 975 2080 sari.
1008 2048 1111 2075 indicio
1138 2051 1181 2075 est
1206 2048 1272 2074 nihil
1304 2055 1366 2075 esse
1399 2047 1567 2075 dilectionis.
1600 2047 1703 2076 Verum

907 2093 1137 2128 quemadmodum
1159 2093 1187 2120 in
1215 2094 1304 2128 legum
1328 2093 1554 2120 observatoribus
1580 2093 1703 2128 seipsum

907 2147 962 2167 una
979 2147 1042 2167 cum
1068 2139 1124 2167 Deo
1143 2147 1176 2166 ac
1201 2139 1283 2166 Patre
1306 2138 1525 2166 inhabitaturum
1551 2139 1701 2174 promisit:

906 2186 1017 2218 eodem.
1035 2186 1144 2220 opinor,
1163 2185 1244 2212 modo
1272 2185 1307 2212 ab
1330 2185 1364 2213 iis
1393 2185 1440 2220 qui
1467 2185 1536 2212 tales
1560 2192 1614 2212 non
1638 2189 1704 2213 sunt

907 2239 1023 2267 prorsus
1037 2231 1157 2259 recedet.
1175 2230 1245 2258 Vere
1265 2231 1339 2258 enim
1356 2232 1466 2258 locutus
1489 2235 1532 2258 est
1560 2231 1700 2265 Salomon,

908 2285 970 2304 cum
985 2277 1066 2309 dixit,
1081 2277 1107 2303 in
1126 2277 1288 2304 malevolam
1310 2277 1430 2304 animam
1447 2284 1502 2304 non
1524 2277 1701 2304 introituram

872 2341 894 2368 υ
909 2323 1083 2358 sapientiam,
1103 2330 1152 2349 nec
1170 2322 1295 2350 habitare
1312 2323 1340 2350 in
1359 2331 1475 2358 corpore
1496 2323 1618 2351 obnoxio
1636 2332 1700 2358 pec-

907 2369 977 2396 catis
989 2369 1022 2395 ".
1040 2367 1147 2395 Etenim
1167 2368 1205 2394 ita
1222 2376 1252 2395 se
1270 2369 1308 2395 rei
1327 2373 1453 2395 naturam
1471 2369 1497 2396 in
1518 2369 1598 2397 nobis
1616 2369 1698 2396 etiam

906 2415 1006 2443 habere
1017 2415 1180 2450 comperies.
1206 2414 1335 2449 Nunquid
1360 2415 1434 2442 enim
1450 2422 1511 2442 cum
1541 2415 1575 2443 iis
1594 2415 1699 2443 versari

906 2464 1024 2498 quisque
1037 2463 1155 2490 maxime
1172 2463 1250 2497 cupit
1265 2470 1334 2497 quos
1349 2463 1446 2490 iisdem
1465 2469 1558 2489 secum
1576 2462 1700 2489 moribus

906 2517 939 2536 ac
954 2509 980 2536 in
995 2509 1091 2536 eadem
1104 2509 1237 2536 sententia
1250 2517 1312 2537 esse
1327 2508 1453 2535 noverit?
1467 2508 1573 2543 Quippe
1594 2517 1607 2533 ιη
1618 2515 1699 2535 omne

908 2557 1008 2583 animal
1024 2556 1112 2592 diligit
1124 2556 1213 2584 simile
1228 2556 1290 2588 sibi,
1309 2559 1338 2582 ut
1349 2555 1482 2589 scriptum
1499 2559 1551 2586 est,
1570 2558 1596 2581 et
1608 2554 1698 2580 omnis

908 2601 991 2629 homo
1012 2603 1166 2637 proximum
1185 2601 1237 2629 sibi
1249 2602 1282 2628 ".
1311 2611 1322 2627 ι
1351 2600 1428 2634 Quod
1448 2600 1470 2627 si
1497 2604 1524 2627 et
1549 2599 1621 2634 apud
1645 2606 1697 2626 nos

909 2650 986 2684 ipsos
1003 2656 1117 2676 summae
1129 2655 1204 2676 cura;
1220 2655 1282 2676 esse
1298 2647 1405 2675 videtur
1422 2651 1451 2674 ιιι
1465 2654 1527 2673 curn
1539 2645 1697 2673 hominibus

909 2696 1005 2722 iisdem
1023 2695 1145 2722 moribus
1162 2694 1286 2731 praeditis
1302 2701 1462 2725 versemur,
1487 2693 1625 2728 quomodo
1641 2698 1696 2717 non

910 2742 997 2777 magis
1015 2743 1054 2769 ita
1078 2750 1135 2770 rem
1152 2742 1179 2769 in
1196 2741 1251 2770 Deo
1272 2749 1333 2769 esse
1358 2739 1538 2776 putabimus?
1551 2738 1617 2765 Nam
1633 2745 1696 2764 cum

909 2787 945 2815 sit
965 2791 1064 2815 natura
1079 2789 1180 2820 bonus,
1197 2793 1224 2816 et
1238 2787 1328 2815 omnis
1344 2786 1454 2814 virtutis
1467 2789 1549 2820 caput
1565 2788 1593 2812 et
1607 2783 1695 2818 origo,

908 2841 1081 2870 nequaquam
1097 2834 1125 2862 in
1141 2835 1312 2863 amatoribus
1334 2833 1473 2868 nequitiae,
1489 2831 1537 2860 scd
1563 2831 1591 2858 in
1607 2828 1694 2856 tacto-

94 2884 116 2900 "
131 2884 221 2914 lCor.
238 2892 281 2918 ιιι,
300 2884 342 2912 16.
381 2885 404 2902 “
417 2883 482 2920 Sap.
502 2893 521 2919 ι,
539 2885 565 2912 4.
606 2885 628 2902 ’⁷
643 2880 728 2914 Eccli.
742 2893 802 2921 xm,
822 2887 866 2916 t9.
