1926 3041
224 137 277 167 295

731 134 759 162 S.
779 134 914 163 CYRILLI
932 134 1165 165 ALEXANDle
1184 136 1342 164 ARCHIEP.

1795 134 1849 163 296

225 194 302 221 ribus
328 192 436 221 virtutis
466 191 609 223 inhabitat,
637 194 664 218 et
689 190 814 226 impuros
846 191 1001 226 cumprimis

1059 193 1159 228 ἀρετῆς
1185 193 1315 228 ἐργάταις
1339 192 1520 224 ἐναυλίζεται,
1542 193 1716 228 παραιτεῖται
1744 191 1773 218 δὲ
1797 194 1847 226 τὴν

226 244 375 266 aversatur.
399 237 630 271 Quemadmodum
657 244 723 272 ergo
744 244 794 264 nos
812 237 864 271 ipsi
893 236 950 263 luto
978 243 1010 263 ac

226 286 353 313 sordibus
377 289 483 312 nostras
501 291 617 319 purgare
632 283 729 311 domos
747 290 889 314 curamus,
915 289 965 309 nec
981 283 1008 308 in

226 331 259 359 iis
275 333 297 358 si
312 331 378 366 quid
396 331 433 358 sit
451 329 605 357 istiusmodi
621 329 746 356 habitare
762 329 906 360 volmnns,
939 336 1008 354 nun-

225 378 289 414 quid
312 378 396 404 multo
413 377 497 411 magis
519 383 604 410 purus
619 376 665 403 ille
683 379 710 403 et
726 375 920 402 sanctissimus
935 373 1008 401 Deus

225 429 318 452 noster
333 424 465 458 impuram
479 423 596 448 animam
610 421 783 449 aversabitur
801 424 827 447 et
843 427 891 447 cor
903 419 1009 454 peccati

225 471 282 497 luto
297 470 469 504 inquinatum
495 468 690 495 aversabitur?
719 466 811 494 Talem
830 467 931 501 quippe
951 466 1009 493 fore

171 541 175 545 ,
224 522 286 542 eum
302 515 347 549 qui
363 514 518 540 mandatum
531 520 583 540 non
599 513 748 540 servaverit
767 513 913 547 (impurus
935 512 1007 538 enim

223 564 265 588 est
281 568 312 587 ac
332 560 380 586 ltiti
396 567 493 587 amans
506 560 526 592 ),
548 559 607 594 ipsa
625 563 650 586 te
673 559 724 586 loci
740 558 822 592 hujus
837 558 879 585 vis
895 561 922 585 et
939 557 1008 584 ratio

223 606 344 634 docebit.
361 606 391 632 ln
407 606 564 632 divmorum
581 605 682 632 etenim
704 609 895 631 mandatorum
914 603 1007 637 negle-

223 656 267 680 ctu
283 652 371 680 omnis
390 656 494 687 peccati
521 650 582 678 fons
603 655 631 678 et
647 651 724 686 origo
747 651 880 678 cernitur.
905 649 1008 685 Quem-

222 699 368 726 admodum
388 699 459 726 enim
487 697 557 725 lucis
582 697 699 732 privatio
715 697 797 724 infcrt
824 697 1005 728 contrarium,

221 745 248 771 id
269 749 311 772 cst
323 745 461 776 tenebras,
474 744 514 771 sic
530 743 602 770 nolle
617 743 746 770 virtutem
773 749 912 773 exercere,
930 741 1007 776 prin-

221 792 321 827 cipium
342 796 368 818 et
380 791 456 826 origo
472 796 514 818 est
530 789 669 825 nequitiae.
692 788 835 824 Nunquam
858 787 931 815 enim
947 794 1008 821 qua:

221 837 422 864 contrariorum
438 840 479 863 est
497 836 578 869 ratio,
602 835 629 862 in
647 843 700 862 uno
713 834 865 868 eodemque
882 833 1005 867 subjecto

220 883 302 918 835.
319 884 477 917 contingent
497 890 527 909 ea
545 889 605 917 quae
621 883 691 908 inter
707 889 737 909 se
751 881 880 916 qualitate
898 879 1004 906 discre-

221 932 297 963 pant.
313 928 412 954 Vitium
431 932 458 955 et
475 928 570 960 virtus,
588 927 736 954 contrariis
757 927 828 954 inter
843 933 873 954 se
885 926 1005 960 qualita-

221 975 305 1006 tibus,
322 978 368 1001 aut
388 974 441 1000 alio
455 973 554 1009 quovis
567 973 773 1001 contrarietatis
790 972 870 999 modo
884 971 1005 998 maxime

220 1021 339 1048 distant:
355 1028 435 1048 nemo
449 1024 539 1047 tamen
553 1027 585 1047 ea
602 1019 683 1047 simul
702 1026 734 1046 ac
748 1018 831 1045 semel
846 1017 935 1044 inesse
954 1016 1002 1043 ulli

222 1067 325 1094 homini
351 1066 506 1101 putaverit,
532 1069 578 1091 aut
600 1064 695 1092 eodem
723 1068 785 1090 actu
809 1061 927 1097 impleri.
950 1061 1005 1088 Aut

221 1112 293 1138 enim
308 1112 395 1138 malus
409 1116 451 1138 est
465 1111 577 1145 aliquis,
598 1113 646 1136 aut
659 1109 759 1139 bonus,
779 1108 842 1135 licet
858 1115 910 1134 non
928 1113 1004 1133 sum-

222 1164 291 1184 main
313 1157 404 1184 forsan
428 1157 578 1191 nequitiam
606 1159 652 1182 aut
683 1155 830 1181 bonitatem
847 1157 1003 1181 assecutus.

222 1201 281 1229 Uno
309 1202 390 1237 igitur
417 1202 444 1228 in
461 1194 538 1228 nobis
562 1200 738 1234 praevalente,
768 1199 884 1226 alterum
909 1198 1003 1232 utique

220 1247 338 1278 deﬁciet,
355 1247 380 1274 id
394 1251 436 1274 est
449 1247 630 1274 contrarium.
643 1245 720 1278 Quod
736 1244 758 1272 si
770 1244 797 1271 in
812 1243 1004 1271 observatione

220 1294 409 1320 mandatorum
432 1294 536 1328 species
560 1292 669 1319 virtutis
691 1295 745 1322 est.
773 1289 897 1325 nunquid
915 1289 1002 1315 mani-

221 1339 399 1367 festissimum
419 1344 462 1366 eat
476 1339 503 1366 in
518 1346 612 1366 eorum
626 1338 749 1373 neglectu
763 1337 926 1371 principium
940 1341 1002 1362 esse

220 1386 369 1421 nequitiae?
387 1385 464 1412 Sicut
481 1390 570 1411 autent
586 1384 734 1419 repositum
756 1388 798 1411 est
820 1383 845 1409 ei
862 1382 908 1417 qui
924 1390 1004 1409 man-

221 1432 283 1460 data
299 1432 449 1460 servaverit
466 1432 493 1458 in
507 1431 598 1466 scipso
614 1431 714 1457 habere
728 1429 836 1456 Patrem
853 1434 880 1455 et
893 1427 1003 1461 Filium,

222 1479 293 1514 quod
314 1479 403 1505 omnis
424 1477 565 1505 felicitatis
581 1481 607 1504 et
624 1476 717 1511 gloria:
733 1475 838 1502 initium
861 1479 903 1502 cst
920 1478 1004 1509 atque

221 1525 426 1552 fundamentum
443 1532 450 1550 τ
463 1524 500 1550 ita
515 1528 542 1551 et
555 1523 578 1550 ci
596 1523 641 1558 qui
664 1530 717 1550 non
732 1521 890 1552 servaverit,
905 1520 1003 1548 divinae

220 1576 246 1598 et
266 1570 412 1597 ineﬂabilis
435 1572 542 1596 natura:
565 1568 776 1604 participatione
795 1573 898 1598 carere,
927 1565 1000 1600 quod

220 1621 261 1644 cst
278 1615 368 1643 omnis
383 1615 495 1642 omnino
515 1614 578 1641 boni
597 1613 725 1640 fruitione
738 1613 849 1648 privari.
867 1612 1001 1644 Quocirca

219 1662 243 1690 si
281 1663 323 1689 oui
353 1661 512 1696 praclarum
539 1665 566 1687 et
590 1659 738 1694 optandum
766 1659 873 1686 videtur
899 1662 1004 1685 naturae

220 1707 319 1735 divina
335 1707 392 1734 fieri
406 1707 564 1742 participem
577 1706 610 1738 ’⁸,
627 1710 654 1732 et
666 1706 692 1732 in
711 1705 802 1732 cordis
817 1705 1002 1740 penetralibus

220 1759 373 1781 versantem
393 1757 419 1780 et
439 1753 636 1780 inhabitantem
656 1752 759 1779 habere
778 1751 898 1779 universi
918 1751 1002 1778 Deum

220 1807 251 1826 ac
268 1800 374 1826 Patrem
403 1806 450 1834 per
476 1798 574 1825 Filium
603 1798 630 1824 in
660 1797 775 1832 Spiritu,
803 1801 900 1832 purget
924 1804 1001 1823 suam

220 1848 349 1877 animam,
365 1849 391 1873 et
405 1845 588 1880 improbitatis
605 1844 701 1871 sordes
715 1845 815 1878 quibus
833 1844 919 1878 possit
942 1850 1003 1870 mo-

220 1892 273 1923 dis,
290 1892 346 1918 itno
367 1898 430 1917 vero
453 1897 500 1925 per
524 1897 604 1917 omne
626 1889 727 1917 bonum
752 1897 824 1924 opus
853 1889 1000 1924 abstergat.

220 1937 297 1965 Tunc
309 1938 379 1965 enim
392 1944 485 1964 revera
502 1936 548 1964 Dci
563 1937 692 1971 templntn
707 1937 860 1968 vocabitur,
875 1940 901 1963 et
911 1936 1001 1963 diver-

219 1984 325 2012 sabitur
340 1983 367 2010 in
382 1990 414 2010 eo
427 1987 508 2017 atque
523 1982 699 2014 inhabitabit.
714 1986 743 2009 ut
758 1983 892 2016 scriptum
908 1985 950 2009 est
965 1982 999 2008 ".

219 2028 274 2056 Nec
288 2028 360 2056 enitn
388 2027 486 2055 similis
502 2027 554 2054 erit
573 2027 609 2058 ei,
634 2027 713 2061 cujus
742 2027 768 2053 in
796 2026 948 2061 Evangeliis
971 2026 1000 2053 fit

219 2075 331 2106 mentio,
348 2073 414 2109 legis
437 2073 553 2106 doctori,
569 2073 615 2107 qui
641 2080 696 2100 non
722 2077 876 2107 exspectata
897 2072 998 2100 Serva-

218 2120 287 2146 toris
299 2119 385 2154 gratia
398 2122 471 2146 motu
483 2125 534 2145 suo
547 2117 580 2144 ad
593 2125 654 2145 eum
669 2118 839 2153 sequendum
856 2118 999 2145 incitatum

218 2172 247 2192 se
266 2165 366 2196 aiebat,
381 2170 499 2197 eumque
520 2162 573 2189 sibi
594 2163 725 2190 bonoretn
739 2163 876 2195 arripiens
892 2173 898 2190 :
916 2173 925 2189 ι
943 2163 1000 2190 Ma-

1062 239 1118 275 [rp.
1133 239 1174 275 τὸ]
1199 239 1367 274 ἀκάθαρτον,
1390 239 1436 265 καὶ
1455 238 1513 265 λίαν
1527 238 1622 273 ὀρθῶς.
1647 237 1784 272 Καθάπερ
1800 235 1847 264 οὖν

1061 285 1156 319 ἀμέλει
1167 286 1213 311 καὶ
1224 286 1303 320 ἡμεῖς
1318 285 1394 311 αὐτοὶ
1409 284 1538 319 βορϐόρου
1553 284 1600 310 καὶ
1611 283 1745 314 δυσωῖίας
1760 282 1848 317 ἀπηλ-

1060 331 1156 366 λάχθαι
1174 331 1224 363 τὰς
1237 332 1340 359 ἑαυτῶν
1355 330 1484 366 οξκ[ε]ίας
1498 329 1694 364 σπουδάζομεν,
1720 328 1801 363 εἴπερ
1819 337 1846 354 τι

1059 377 1114 404 τῶν
1135 377 1262 404 τοιούτων
1285 377 1352 409 ὅλως
1375 377 1440 412 ἔχοι,
1466 376 1496 403 τὸ
1522 377 1550 403 ὲν
1569 376 1664 407 αὑταῖς
1688 374 1847 405 αὐλίζεσθαι

1061 422 1291 457 παραιτούμενοι*
1315 420 1359 455 ἆρ’
1375 419 1421 448 οὖν
1446 421 1476 448 οὑ
1496 420 1626 456 μειζόνως
1641 421 1655 447 ὁ
1678 419 1798 454 καθαρός
1815 427 1846 444 τε

1060 468 1107 493 καὶ
1130 467 1262 502 πανάγιος
1276 468 1354 502 ἡμῶν
1376 467 1441 498 Θεὸς
1462 467 1512 501 τὴν
1528 467 1738 502 μεμολυσμὲνην
1756 465 1846 500 ψυχὴν

1060 514 1258 549 παραιτήσεται
1278 513 1324 539 καὶ
1339 513 1576 548 καταμυσάττεται
1599 512 1712 546 καρδίαν
1738 511 1779 544 τῷ
1795 510 1846 545 τῆς

1060 559 1197 595 ἁμαρτίας
1212 559 1333 594 βορὸόρῳ
1347 558 1584 594 κατηφανισμὲνην
1597 566 1605 590 ;
1627 557 1696 584 Ἀλλ’
1711 557 1786 584 ἔστιν
1796 557 1846 583 οὐκ

1059 605 1218 640 ἀμφίϐολον.
1233 605 1294 632 Ὅτι
1308 604 1361 639 γὰρ
1371 605 1400 631 ὲν
1414 604 1517 636 τούτοις
1529 603 1604 630 ἔσται
1618 603 1664 630 καὶ
1678 603 1728 636 οὺχ
1740 602 1846 637 ἑτέροις

1058 652 1072 678 ὁ
1091 651 1127 687 μὴ
1142 651 1263 687 τηρήσας
1278 650 1326 687 τὴν
1340 650 1446 686 ἐντολὴν
1460 650 1621 686 (ἀκάθαρτος
1637 650 1692 685 γὰρ
1707 649 1755 676 καὶ
1769 651 1846 683 φιλο-

1059 698 1208 733 δόρσορος),
1229 698 1297 733 αὺτή
1314 705 1343 724 σε
1357 697 1438 724 πάλιν
1451 699 1467 732 ὴ
1483 697 1529 723 τοῦ
1546 696 1723 731 θεωρήματος
1743 694 1845 727 διδάξει

1057 743 1180 778 δύναμις.
1203 743 1244 769 Ἐν
1257 743 1311 778 γὰρ
1325 742 1363 777 τῷ
1377 741 1414 777 μὴ
1428 743 1545 778 τηρῆσαι
1567 741 1614 772 τὰς
1636 741 1712 772 θείας
1734 740 1846 770 ὲντολὲις

1057 790 1074 825 ή
1088 789 1136 824 τῆς
1150 788 1287 824 ἁμαρτίας
1301 788 1454 824 εὑρίσκεται
1465 787 1581 821 γένεσις.
1597 787 1702 821 Ὀνπερ
1717 785 1774 821 γὰρ
1783 786 1846 820 τρό-

1058 843 1108 862 πον
1122 836 1138 870 ή
1153 835 1201 861 τοῦ
1226 835 1312 870 φωτὸς
1335 834 1461 870 στέρησις
1482 833 1642 868 παρεισάγει
1664 833 1695 859 τὸ
1710 832 1844 862 ἐναντίον,

1023 863 1043 892 Β
1058 863 1138 916 φημὶ.
1150 881 1178 908 δὲ
1198 863 1243 907 τὸν
1260 863 1364 907 σκοτον·
1383 863 1463 906 ὀί)τῷ
1484 863 1567 914 ’τὸ-μὴ
1583 863 1647 914 δρᾷν
1669 877 1775 904 ἐθέλειν
1796 877 1845 912 τὴν

1057 927 1170 962 ἀρετὴν,
1200 927 1248 961 τὴν
1274 927 1323 961 τῆς
1347 925 1512 960 φαυλότητος
1538 925 1698 959 παρεισάγει
1724 923 1843 954 γένεσιν.

1057 972 1125 999 Καθ’
1140 971 1168 998 ἓν
1187 972 1242 1007 γάρ
1269 981 1295 998 τι
1319 971 1348 998 τὸ
1373 971 1531 997 ὑποκεῖσθαι
1548 970 1701 1005 νοούμενον,
1729 969 1781 996 οὐκ
1801 968 1844 1000 ἂν,

1057 1016 1144 1053 οἶμαι,
1169 1018 1239 1045 κατὰ
1254 1018 1352 1045 ταυτὸν
1369 1017 1487 1053 συμσαίη
1512 1017 1577 1043 ποτὲ
1593 1017 1627 1043 vi
1650 1016 1700 1050 τῆς
1722 1015 1845 1050 ἀλλήλων

1056 1063 1222 1099 διωρισμένα
1238 1065 1390 1099 ποιότητος,
1419 1064 1488 1091 κατά
1502 1072 1534 1098 γε
1549 1062 1594 1090 τὸν
1608 1063 1686 1096 λόγον
1700 1062 1748 1088 τοῦ
1769 1063 1846 1087 ἐναν-

1056 1110 1121 1141 τίως
1135 1110 1217 1145 ἔχειν.
1236 1110 1327 1137 Κακία
1350 1111 1396 1137 καὶ
1420 1110 1504 1146 ἀρετὴ
1518 1108 1657 1144 διώρισταί
1671 1116 1700 1134 τε
1715 1108 1764 1134 καὶ
1778 1107 1845 1133 πολὺ

1056 1156 1180 1190 διέστηκε
1204 1156 1271 1191 πρὸς
1287 1156 1316 1182 τὸ
1330 1156 1459 1188 ἐναντίον,
1484 1155 1534 1190 τῆς
1549 1155 1670 1189 ἀλλήλων
1689 1154 1844 1188 ποιότητος,

1056 1201 1073 1237 ἢ
1087 1202 1160 1233 ὅπως
1175 1201 1208 1228 ἄν
1223 1210 1264 1232 τις
1282 1201 1366 1228 εἰπὼν
1380 1202 1430 1228 οὐκ
1444 1201 1476 1228 ἂν
1492 1200 1608 1236 ἁμάρτοι
1618 1199 1708 1234 τυχὸν,
1725 1199 1783 1225 ἀλλ’
1795 1199 1844 1224 οὐκ

1056 1247 1089 1274 ἄν
1106 1256 1160 1274 τινι
1176 1248 1231 1274 τῶν
1245 1247 1330 1275 ὄντων
1344 1247 1404 1274 καθ’
1419 1249 1493 1282 ἡμᾶς
1507 1247 1641 1282 προσόντα
1657 1246 1755 1281 φανείη
1775 1245 1844 1272 κατὰ

1055 1294 1153 1319 ταυτὸν
1174 1293 1318 1328 ἀμφότερα
1333 1293 1381 1320 καὶ
1396 1293 1429 1319 δι’
1442 1293 1580 1328 ἐνεργείας
1596 1291 1784 1327 πληρούμενα.
1810 1290 1844 1316 Ἦ

1056 1340 1111 1374 γὰρ
1135 1339 1253 1374 πονηρός
1277 1339 1319 1371 τις
1343 1340 1428 1371 ἐστιν,
1448 1339 1465 1374 ἢ
1490 1339 1602 1372 ἀγαθὸς,
1625 1340 1649 1365 εί
1665 1338 1712 1364 καὶ
1734 1337 1785 1364 οὐκ
1806 1337 1844 1368 είς

1056 1385 1140 1420 ἄκρον
1153 1385 1285 1420 πονηρίας
1299 1385 1389 1420 τυχὸν,
1405 1386 1464 1420 ἦτοι
1487 1385 1535 1419 τῆς
1551 1384 1728 1419 ἀγαθότητος.
1741 1382 1844 1410 Οὐκοῦν

1058 1432 1196 1468 ἰσχύοντος
1221 1433 1249 1458 ὲν
1273 1433 1340 1467 ἡμῖν
1362 1431 1409 1458 τοῦ
1433 1431 1508 1463 ἐνὸς.
1531 1431 1656 1466 ἁτονήσει
1679 1431 1790 1461 πάντως
1816 1430 1844 1456 τὸ

1056 1477 1159 1512 ἕτερον,
1185 1477 1265 1504 τοῦτ’·
1281 1477 1339 1503 ἐστι
1361 1477 1391 1503 τὸ
1412 1477 1539 1508 ἐναντίως
1563 1476 1634 1511 ἕχον.
1659 1477 1691 1502 Ei
1716 1476 1745 1502 δὲ
1761 1476 1791 1501 ὲν
1808 1474 1845 1509 τῷ

1057 1524 1173 1558 τηρῆσαι
1187 1523 1235 1555 τὰς
1249 1523 1358 1555 ἐντολὰς
1372 1523 1402 1549 τὺ
1424 1523 1474 1557 τῆς
1497 1522 1597 1557 ἀρετῆς
1614 1520 1682 1553 εἶδός
1699 1522 1771 1553 ἐστι,
1788 1521 1845 1550 πῶς

1053 1569 1113 1604 οὐχὶ
1126 1570 1323 1606 προδηλότατον
1343 1570 1381 1601 ὡς
1397 1570 1425 1595 ὲν
1439 1568 1478 1603 τῷ
1492 1569 1528 1603 μὴ
1541 1567 1661 1603 τηρῆσαι
1679 1567 1730 1602 τῆς
1744 1567 1846 1597 κακίας

1053 1615 1070 1650 ἡ
1089 1616 1212 1649 γένεσις;
1243 1615 1398 1642 Ἀπόκειται
1415 1615 1443 1641 δὲ
1465 1614 1558 1650 ὥσπερ
1573 1614 1612 1649 τῷ
1627 1614 1795 1649 τετηρηκότι
1818 1614 1846 1640 τὸ

1053 1661 1124 1695 ἔχειν
1139 1663 1167 1687 ὲν
1180 1661 1269 1696 ἑαυτῷ
1282 1662 1327 1688 τὸν
1344 1661 1454 1696 Πατέρα
1468 1661 1514 1687 καὶ
1528 1661 1572 1687 τὸν
1589 1660 1663 1691 Υίδν,
1687 1661 1758 1695 ὅπερ
1773 1660 1846 1686 ἐστὶν

1053 1707 1161 1742 ἁπάσης
1175 1707 1308 1742 θυμηδίας
1323 1716 1351 1733 τε
1367 1707 1414 1734 καὶ
1434 1706 1513 1742 δόξης
1529 1707 1600 1742 ἀρχὴ
1623 1707 1670 1733 καὶ
1694 1707 1827 1738 ὑπόθεσις
1838 1714 1845 1721 ·

1052 1752 1122 1778 οὕτω
1138 1753 1184 1779 καὶ
1197 1753 1227 1779 τὸ
1240 1752 1297 1788 [ΊῬ.
1313 1752 1362 1788 τῷ]
1386 1752 1423 1787 μὴ
1437 1753 1587 1787 τηρήσαντι
1600 1752 1629 1778 τὸ
1644 1752 1746 1787 ἥκιστα
1763 1761 1847 1786 μετα-

1053 1799 1127 1832 σχεῖν
1145 1798 1194 1832 τῆς
1211 1797 1286 1829 θείας
1306 1806 1335 1824 τε
1351 1799 1396 1824 καὶ
1407 1798 1527 1833 ἀρρήτου
1542 1798 1660 1832 φύσεως,
1684 1798 1756 1833 ὅπερ
1771 1799 1846 1825 ἐστὶν

1052 1843 1157 1875 οὐδενὸς
1172 1844 1202 1870 τὸ
1224 1843 1335 1878 σύμπαν
1349 1843 1498 1875 ἀπόλαυσις
1515 1843 1629 1878 ἀγαθοῦ.
1646 1844 1754 1870 Οὐκοῦν
1767 1844 1796 1870 εἴ
1809 1853 1846 1879 τῳ

1052 1889 1133 1916 καλὴν
1148 1889 1194 1915 καὶ
1205 1889 1364 1924 ἀξιέραστον
1376 1887 1445 1916 εἶναι
1460 1889 1533 1916 δοκεί
1544 1890 1574 1916 τὸ
1584 1890 1633 1924 τῆς
1649 1889 1725 1921 θείας
1736 1890 1846 1924 φύσεως

1054 1934 1230 1970 μεταλαχεῖν,
1257 1933 1463 1969 ὲνδιαιτώμενόν
1487 1943 1517 1961 τε
1543 1935 1590 1961 καὶ
1607 1935 1768 1962 ἐνοικοῦντα
1790 1936 1845 1966 τοῖς

1052 1981 1100 2016 τῆς
1116 1981 1228 2015 καρδίας
1242 1981 1366 2015 ταμείοις
1378 1981 1423 2007 τὸν
1436 1981 1489 2007 τῶν
1506 1981 1572 2008 ὅλων
1587 1980 1659 2016 ἔχειν
1674 1981 1788 2016 Πατέρα
1800 1982 1844 2008 καὶ

1052 2026 1116 2052 Θεὸν
1139 2025 1171 2052 δι’
1195 2025 1258 2052 Υὶοῦ
1276 2026 1305 2051 ὲν
1329 2025 1478 2060 Πνεύματι,
1505 2026 1646 2058 διανιζέτω
1668 2026 1718 2062 τὴν
1743 2026 1842 2053 ἑαυτοῦ

1051 2071 1148 2107 ψυχὴν,
1164 2072 1210 2098 καὶ
1227 2071 1277 2106 τὴν
1288 2072 1320 2098 ὲκ
1336 2073 1385 2107 τῆς
1399 2072 1574 2107 φαυλότητος,
1590 2072 1621 2098 δι’
1633 2069 1671 2099 ὧν
1687 2073 1720 2099 ἂν
1732 2073 1843 2100 δύναιτο

1050 2118 1167 2153 τρόπων,
1193 2117 1291 2152 μᾶλλον
1304 2117 1332 2143 δὲ
1347 2118 1380 2144 δι’
1395 2118 1504 2153 ἁπάσης
1519 2118 1705 2153 ἀγαθουργίας
1726 2119 1841 2154 ἀποτρι-

1052 2162 1120 2189 ϐέτω
1137 2162 1242 2197 κηλῖδα.
1261 2162 1415 2196 Χρηματιεῖ
1431 2161 1484 2197 γὰρ
1499 2163 1559 2188 τότε
1575 2163 1637 2194 ναὸς
1650 2163 1734 2194 ὅντως
1749 2164 1819 2190 Θεοῦ
1833 2173 1840 2179 ·

218 2210 312 2244 gister,
329 2210 428 2243 inquit,
445 2215 545 2243 sequar
562 2212 587 2235 te
611 2215 776 2243 quocunque
801 2209 908 2237 ieris“.
927 2219 936 2235 ι
966 2210 1000 2236 At

1054 2208 1236 2234 hamulus-tat
1263 2207 1292 2233 δὲ
1319 2208 1347 2233 ὲν
1363 2207 1437 2242 αὑτῷ
1462 2208 1508 2235 καὶ
1533 2209 1690 2240 καταλύσει,
1715 2211 1789 2237 κατὰ
1812 2210 1841 2236 ιδ

217 2254 281 2289 quid
294 2254 326 2281 ad
340 2261 402 2281 eum
424 2253 577 2280 Dominus?
592 2252 774 2288 Ettigmatice
789 2257 816 2281 et
841 2261 889 2288 per
914 2261 997 2288 para-

216 2300 324 2327 bolam:
342 2308 350 2324 (
373 2299 473 2333 Vulpes
495 2297 589 2326 foveas
605 2298 715 2332 habent,
741 2303 768 2326 et
785 2301 912 2327 volucres
933 2300 995 2327 ειειί

216 2345 297 2372 nidos
311 2354 316 2371 2
334 2343 418 2372 Filius
435 2350 525 2371 autem
547 2344 667 2372 hominis
684 2353 738 2372 non
755 2345 837 2373 habet
854 2345 900 2373 ubi
916 2350 998 2381 caput

217 2392 331 2419 reclinet
343 2392 375 2419 ³¹.
396 2401 404 2417 ι
420 2391 520 2426 Vulpes
538 2396 627 2420 autem
654 2396 681 2420 et
696 2393 756 2420 cmli
780 2400 844 2420 aves
861 2393 997 2428 malignos

215 2442 242 2465 et
260 2437 380 2472 impuros
395 2438 562 2472 nuncupavit
574 2437 724 2470 daemonas,
751 2442 778 2465 et
806 2439 889 2465 hosce
916 2446 998 2465 mun-

215 2483 302 2510 danos
316 2487 397 2517 atque
412 2483 501 2511 aerios
516 2483 640 2518 spiritus,
660 2483 707 2517 qui
733 2484 759 2511 in
786 2483 998 2511 libidinosorum

216 2528 345 2555 cordibus
360 2534 501 2556 versantur
516 2535 598 2563 atque
623 2529 788 2561 inhabitant,
815 2537 871 2557 suae
898 2529 996 2556 volun-

215 2574 279 2601 tatis
304 2573 405 2601 exitum
425 2575 577 2607 consecuti,
601 2575 771 2609 miserasque
790 2582 883 2602 eorum
904 2583 919 2602 a
934 2576 996 2610 qui-

215 2620 267 2647 bus
281 2620 466 2655 suscipiuntur
482 2620 587 2648 animas
601 2621 629 2648 in
644 2625 751 2648 arctutn
769 2620 837 2648 adeo
849 2625 991 2656 cogentes.

215 2669 244 2692 ut
262 2666 366 2693 nullum
390 2674 506 2701 prorsus
523 2667 551 2694 in
567 2667 601 2694 iis
625 2667 814 2702 requiescendi
833 2667 908 2695 locus
938 2667 993 2696 Deo

213 2711 403 2746 relinquatur:
420 2713 445 2740 id
460 2713 532 2740 enim
547 2713 695 2747 significat,
712 2722 721 2739 ι
734 2713 866 2741 reclinare
880 2719 970 2749 caput.
982 2725 991 2740 ι

211 2757 363 2792 I’urgemus
383 2758 474 2793 itaque
491 2758 574 2785 corda
595 2763 688 2786 nostra
707 2759 741 2786 ab
764 2761 838 2787 omni
854 2760 934 2788 labe:
953 2761 993 2788 sic

245 2844 268 2861 ³⁵
286 2844 308 2871 ll
325 2844 394 2872 Petr.
413 2854 431 2876 I.
448 2846 472 2872 4.
512 2846 559 2872 “1
582 2846 644 2873 Cor.
670 2855 710 2877 ιιι,
733 2847 772 2874 16.

1049 2253 1252 2288 γεγραμμένον.
1271 2253 1309 2280 Οὺ
1324 2253 1378 2288 γὰρ
1393 2253 1468 2280 ἔσται
1484 2255 1543 2280 κατ’
1557 2255 1658 2281 ἐκεῖνον
1675 2256 1722 2282 τὸν
1735 2257 1767 2282 ὲν
1787 2257 1841 2287 τοῖς

1050 2299 1225 2333 Εὑαγγελίοις
1242 2299 1353 2335 νομικὸν
1368 2301 1570 2335 ὠνομασμένον,
1594 2301 1622 2333 ὃς
1637 2301 1686 2336 τὴν
1699 2303 1779 2337 παρὰ
1795 2302 1839 2329 τοῦ

1049 2345 1174 2381 Σωτῆρος
1189 2346 1219 2372 οὐ
1236 2346 1396 2381 περιμείνας
1408 2347 1498 2382 χάριν,
1512 2347 1677 2381 αὐτόκλητος
1689 2346 1762 2374 εἶναι
1774 2349 1841 2383 πρὸς

1049 2391 1227 2427 ἀκολούθησιν
1239 2392 1302 2427 ἔφη,
1316 2393 1362 2418 καὶ
1372 2393 1420 2427 τὴν
1431 2392 1516 2424 οὕτως
1529 2393 1692 2427 ἀξιάγαστον
1707 2394 1841 2430 ἁρπάξων

1050 2437 1145 2472 τιμὴν,
1160 2437 1244 2472 φησί·
1261 2438 1438 2468 «Διδάσκαλε,
1454 2438 1627 2474 ἀκολουθήσω
1644 2448 1696 2472 σοι,
1711 2440 1781 2466 ὅπου
1795 2442 1841 2468 ἐὰν

1051 2484 1168 2519 ἀπέρχῃ.
1185 2493 1193 2509 ι
1231 2484 1311 2510 Ἀλλὰ
1326 2484 1352 2510 τί
1370 2485 1438 2520 πρὸς
1454 2485 1535 2511 αὑτὸν
1557 2486 1571 2511 ὁ
1596 2485 1717 2520 Κύριοςς
1752 2487 1798 2518 Ὧς
1815 2489 1842 2514 ἐν

1051 2530 1191 2566 παραϐολῇ
1217 2531 1263 2556 καὶ
1287 2531 1447 2565 αἰνίγματι”
1473 2540 1482 2556 ι
1497 2531 1530 2557 Αἱ
1555 2531 1697 2563 ἀλώπεκες
1720 2533 1841 2566 φωλεοὺς

1050 2576 1151 2612 ἔχουσι,
1161 2577 1208 2603 καὶ
1220 2576 1255 2603 τὰ
1267 2577 1375 2604 πετεινὰ
1389 2576 1435 2603 τοῦ
1450 2577 1564 2612 οὐρανοῦ
1577 2578 1814 2613 κατασκηνώσεις
1828 2580 1841 2604 ὁ

1045 2623 1074 2649 δὲ
1083 2623 1146 2654 Υἱὸς
1156 2623 1201 2649 τοῦ
1211 2623 1353 2658 ἀνθρώπου
1362 2623 1411 2649 οὐκ
1420 2623 1475 2658 ἔχει
1484 2623 1534 2650 ποῦ
1544 2623 1592 2658 τὴν
1601 2623 1725 2658 κεφαλὴν
1734 2624 1823 2659 κλίνῃ.
1830 2635 1837 2649 ι

1052 2669 1209 2701 ’Δλώπεκας
1224 2670 1253 2696 δὲ
1271 2670 1318 2696 καὶ
1332 2670 1446 2705 οὐρανοῦ
1462 2670 1572 2696 πετεινὰ
1589 2671 1653 2701 τοὺς
1667 2671 1840 2706 πανούργους

1046 2716 1093 2742 καὶ
1104 2716 1274 2752 ἀκαθάρτους
1290 2716 1415 2751 ὠνόμασε
1431 2716 1571 2750 δαίμονας,
1587 2716 1634 2742 καὶ
1647 2717 1682 2742 τὰ
1702 2717 1839 2752 ὲγκόσμια

1046 2762 1124 2788 ταυτὶ
1145 2762 1190 2788 καὶ
1220 2763 1300 2797 ἀέρια
1325 2761 1475 2796 πνεύματα,
1497 2761 1514 2788 ἃ
1530 2763 1588 2793 ταῖς
1604 2761 1757 2797 φιληδόνων
1773 2771 1838 2798 καρ-

820 2849 841 2864 ³⁰
856 2847 948 2875 Matth.
979 2857 1036 2878 νηί,
1060 2848 1101 2875 l9.
1121 2850 1140 2864 ³³
1157 2848 1225 2876 ibid.
1246 2849 1290 2875 ‘20.
