1926 3041
87 182 135 209 30!

611 179 643 207 IN
664 179 806 215 JOANNIS
822 177 1042 213 EVANGELIL‘M
1064 179 1126 206 Lm.
1148 178 1180 207 Χ.

1653 184 1704 209 δίιε

87 241 142 267 Καὶ
169 239 285 274 ἐπείπερ
311 238 422 274 ἔμελλεν
442 237 471 271 ἐξ
500 238 646 274 ὀφθαλμῶν
670 238 794 272 γενέσθαι
819 238 872 264 τῶν

934 238 1103 264 inmanitatis
1131 240 1235 265 ratione
1258 237 1284 264 id
1309 238 1501 271 intelligemus.
1522 238 1554 265 Et
1571 240 1634 273 quia
1660 249 1703 266 rc-

85 285 238 322 ἡμετέρων.
255 285 326 317 κατά
341 293 372 319 γε
385 284 433 320 τῂν
448 284 536 319 σάρκα
551 284 632 319 φημὶ,
649 284 698 320 τῂν
712 285 741 310 ἐν
755 285 810 315 τοῖς
827 283 873 310 οὖ-

87 333 179 366 ρανοῖς
205 330 359 365 ἀποδημίαν
383 330 568 364 στειλάμενος,
592 329 625 363 τὰ
649 329 763 356 τοιαῦτά
787 336 872 363 φησι·

84 376 136 411 τὴν
147 376 176 402 δὲ
189 375 238 404 τοῦ
257 375 408 411 μυστηρίου
422 375 593 410 τελειοτάτην
607 375 653 410 καὶ
674 375 874 410 ἀκριϐεστάτην

85 422 153 456 ἡμῖν
164 420 336 455 ἀποκάλυψιν
346 420 390 446 διὰ
400 419 447 446 τοῦ
462 420 640 455 Παρακλήτου
652 419 777 457 γενέσθαι
789 419 872 458 λέγει,

85 467 158 494 τοῦτ’
175 466 243 498 ἔστι,
259 466 306 492 τοῦ
321 466 399 499 ἁγίου
413 466 570 500 Πνεύματος
587 465 786 497 ἀποσταλέντος
800 465 875 500 παρᾶ

85 513 134 540 τοῦ
148 513 256 548 [ἰατρὸς
269 513 314 539 ἐπὶ
327 512 366 547 τῷ
377 513 487 547 ὀνόματι
501 511 594 541 αὐτοῦ.
607 511 678 544 λέγω
693 511 725 546 δὴ
740 511 785 537 τοῦ
799 511 873 538 Υἱοῦ.

91 559 138 590 Ὠς
161 558 217 593 γὰρ
239 558 374 593 Χριστὸς,
391 558 420 583 ὲν
442 558 508 593 ἡμῖν
529 557 559 583 τὺ
581 557 693 595 Πνεῦμα
706 557 799 583 αὑτοῦ.
827 556 876 582 Διὰ

85 604 166 632 τοῦτό
182 612 275 639 φησιν,
292 603 332 630 ὃτι
349 612 358 629 ι
369 603 487 636 Ἐκεῖνος
503 602 603 640 διδάξει
617 603 688 637 ὑμᾶς
702 603 789 629 πάντα
805 602 822 630 ἃ.
837 600 872 628 εῐ·

87 659 139 676 πον
152 650 218 684 ὑμῖν
235 649 301 682 ἐγώ.
317 659 326 675 ι
348 649 456 684 Ἐπειδὴ
472 649 525 684 γάρ
543 650 600 676 ἐστι
623 649 736 684 Πνεῦμα
758 648 876 684 Χριστοῦ

87 695 136 722 καὶ
148 694 212 726 νοῦς
227 694 322 729 αὐτοῦ,
339 693 410 721 κατὰ
423 694 454 720 τὸ
467 694 669 729 γεγραμμένον,
685 694 733 729 οὐχ
746 694 838 729 ἕτερόν
851 702 877 719 τι

87 741 154 775 παρ’
172 740 254 766 αὑτὸν
266 739 306 771 ὃν,
323 739 394 766 κατά
409 747 441 773 γε
453 739 498 766 τὸν
514 740 542 765 ὲν
556 739 700 774 ταυτότητι
716 740 816 775 φυσικῇ
835 738 873 765 λό-

88 795 147 819 γον,
171 786 262 813 καίτοι
285 785 429 822 νοούμενόν
451 793 481 811 τε
505 785 552 812 καὶ
575 785 696 820 ὑπάρχον
723 785 805 815 ἰδίως,
823 783 876 812 οἶδε

87 832 181 858 πάντα
194 831 228 857 τὰ
245 830 273 856 ὲν
285 829 369 865 αὐτῷ.
381 830 436 858 Καὶ
453 829 623 865 μαρτυρήσει
633 829 720 862 λέγων
731 830 744 856 ὁ
756 829 859 867 Παῦλος
869 837 876 844 ·

91 886 100 902 ‘
112 876 161 908 τίς
178 876 232 913 τὰρ
247 874 300 906 οἶδε
319 876 354 902 τά
374 875 421 902 τοῦ
438 874 590 909 ἀνθρώπω.
610 876 634 901 ει
658 874 696 910 μὴ
719 875 748 901 τι
771 874 878 909 πνεῦμα

86 922 135 948 τοῦ
151 921 296 956 ἀνθρώπου
309 922 339 949 τδ
353 921 383 950 ὃν
398 922 427 947 ὲν
440 921 528 956 αὑτῷ;
553 921 630 948 υῦτω
646 921 691 947 καὶ
704 920 738 947 τὰ
752 920 796 947 τοῦ
811 919 877 948 Θεοῦ

88 967 179 998 οὐδεὶς
192 967 321 1002 ἔγνωκεν,
337 968 360 995 εἱ
378 967 414 1001 μὴ
433 966 461 994 τὸ
476 966 588 1007 Πνεῦμα
601 967 646 993 τοῦ
665 966 742 993 Θεοῦ.
762 966 876 996 Οὐκοῦν,

89 1013 128 1043 ὡς
151 1012 222 1047 etab;
237 1012 271 1038 τὰ
286 1013 315 1038 ἐν
379 1012 502 1046 βουλήσει
517 1012 563 1038 τοῦ
585 1011 767 1046 Μονογενοῦς,
790 1012 878 1038 πάντα

91 1057 159 1091 ἡμῖν
176 1057 330 1091 ἁναγγέλει,
353 1057 403 1083 οὐκ
417 1058 448 1083 ἐκ
465 1057 608 1093 μαθήσεως
624 1057 684 1092 ἕχον
699 1057 748 1092 τὴν
765 1056 877 1092 εἴδησιν,

92 1103 136 1128 ἵνα
153 1102 191 1137 μὴ
206 1102 336 1137 φαίνηται
349 1097 471 1129 διακόνου
483 1102 557 1134 τάξιν
569 1102 745 1137 ἀποπληροῦν
759 1102 879 1133 καὶτοὺς

90 1147 189 1182 ἑτέρου
207 1146 287 1181 τυχὸν
303 1146 509 1182 διαπορθμεύων
527 1146 631 1180 λόγους,
649 1146 705 1173 ἀλλ’
716 1146 754 1178 ὼς
771 1146 879 1182 πνεῦμα

90 1191 239 1226 ἀνθρώπου
255 1191 303 1225 (1-),
321 1190 445 1226 καθάπερ
460 1190 560 1226 ἀρτίως
572 1191 732 1226 εἰρήκαμεν,
750 1191 797 1217 καὶ
812 1190 879 1222 εἰδὺς

91 1235 242 1267 ἀδιδάκτως
256 1235 343 1261 πάντα
358 1235 392 1261 τὰ
407 1235 436 1268 ἐξ
451 1233 480 1262 οὗ
494 1235 540 1262 καὶ
556 1237 584 1262 ἐν
598 1232 672 1270 ᾧπέρ
687 1236 755 1267 ἐστι,
771 1235 806 1262 τὰ
820 1236 880 1262 Οεῐα

91 1281 150 1311 τοῖς
173 1279 261 1313 ἁγίοις
274 1279 461 1306 ἀποκαλύπτει
480 1279 629 1314 μυστήρια,
645 1279 768 1315 καθάπερ
785 1279 880 1315 ἀμέλει

93 1325 141 1351 καὶ
155 1325 170 1351 ὁ
182 1324 350 1359 ἀνθρώπινος
364 1324 425 1356 νοῦς
440 1324 530 1351 πάντα
542 1323 683 1358 γινώσκων
699 1324 733 1351 τὰ
749 1325 778 1350 ἐν
795 1324 880 1360 αὐτῷ,

92 1371 214 1397 διακονεῖ
227 1370 294 1404 πρὸς
309 1370 339 1396 τὸ
356 1370 418 1403 ἔξω,
433 1370 505 1405 λόγῳ
521 1371 601 1405 τυχδν
616 1370 656 1405 τῷ
671 1370 832 1406 προφορικῴ
847 1371 881 1398 τὰ

94 1417 238 1451 θελήματα
259 1416 308 1450 τῆς
324 1415 424 1451 ψυχῆς,
443 1413 477 1451 ἧς
489 1415 608 1442 ἐστικαὶ
624 1415 694 1447 νοῦς,
717 1416 810 1451 ἕτερον
832 1417 881 1451 μέν

93 1471 121 1489 τι
139 1463 205 1498 παρ’
221 1461 305 1496 αὐτὴν
319 1462 379 1492 ταῖς
391 1461 524 1493 ἐπινοίαις
537 1460 672 1496 ὁρώμενός
685 1469 714 1487 τε
729 1461 776 1488 καὶ
786 1461 881 1496 ὄνομα·

95 1508 219 1542 ξάμενος,
232 1507 325 1542 ἕτερος
338 1507 366 1534 δὲ
380 1507 451 1545 κατὰ
460 1506 540 1541 φύσιν
552 1507 601 1533 οῦκ
610 1506 658 1539 ῶν,
673 1507 730 1533 ἀλλ’
740 1507 777 1539 ὡς
789 1507 881 1543 μόριον

93 1553 144 1580 τοῦ
159 1553 259 1585 παντὸς
274 1552 502 1588 συμπληρωτικὸν
517 1553 546 1578 ὲν
559 1552 627 1587 αὐτῇ
643 1561 673 1578 τε
689 1553 819 1588 ὑπάρχον,
835 1553 882 1580 καὶ

95 1599 125 1631 ἐξ
143 1599 227 1634 αὐτῆς
243 1598 409 1632 ἀναφύεσθαι
423 1591 627 1632 πιστευόμενονζ
655 1598 739 1635 ’Υπὲρ
757 1599 786 1625 δὲ
804 1599 883 1625 τοῦτο

95 1644 180 1672 πάλιν
202 1645 219 1678 ἡ
245 1644 305 1670 θεία
330 1653 359 1670 τε
386 1644 432 1670 καὶ
456 1643 575 1679 ἄρῤητος
594 1643 684 1678 φύσις.
711 1644 806 1680 Μικρὰ
829 1644 883 1680 γὰρ

98 1691 175 1716 πᾶσα
187 1688 415 1724 παραδειγμάτων
427 1689 513 1725 ἰσχὺς,
529 1689 580 1716 κᾶν
592 1689 636 1716 διὰ
652 1689 757 1716 λεπτῶν
770 1690 883 1726 ἔρχηται

98 1736 196 1769 λόγων.
220 1734 325 1761 Οὐκοῦν
340 1735 357 1769 ἡ
373 1734 462 1761 τελεία
479 1735 597 1769 μάθησις
609 1735 654 1762 διὰ
665 1735 712 1761 τοῦ
728 1735 884 1771 [Ινεύματος

98 1782 154 1812 τοῖς
167 1780 255 1814 ἁγίοις
269 1780 430 1807 ὲντίκτεται.
446 1781 500 1807 Καὶ
515 1779 581 1814 γοῦν
595 1781 609 1807 6
622 1780 764 1813 θεσπέσιος
778 1781 884 1813 Παῦλος

98 1826 254 1853 ἐπιστέλλει
277 1826 344 1861 πρός
371 1834 446 1858 τινας
458 1834 465 1841 ·
494 1835 503 1852 ι
518 1826 604 1861 Κάγὼ
624 1826 742 1859 ἀκούσας
762 1827 811 1862 τὴν
825 1827 885 1854 καθ’

100 1872 173 1906 ὑμᾶς
183 1871 274 1898 πίστιν
289 1870 316 1897 ἒν
331 1870 369 1905 τῷ
385 1870 479 1906 Κυρίῳ
495 1871 593 1906 Ἰησοῦ,
606 1872 653 1898 καὶ
667 1872 716 1907 τὴν
731 1874 770 1903 εις
782 1871 885 1902 πάντας

99 1916 162 1947 τοὺς
177 1915 270 1950 ἁγίους
286 1915 411 1951 ἀγάπην,
437 1915 467 1942 οὐ
490 1916 611 1951 παύομαι
634 1916 800 1951 εὐχαριστῶν
817 1916 885 1952 ὑπὲρ

101 1960 189 1996 ὑμῶν,
215 1960 312 1996 μνείαν
328 1961 486 1995 ποιούμενος
510 1961 556 1987 ἐπὶ
576 1960 630 1987 τῶν
648 1961 805 1996 προσευχῶν
823 1969 884 1995 μου,

101 2006 145 2031 ἴνα
157 2006 172 2032 ὁ
186 2004 253 2035 Θεὸς
268 2003 315 2030 τοῦ
329 2005 430 2039 Κυρίου
446 2004 523 2040 ἡμῶν
544 2004 631 2040 Ἰησοῦ
649 2004 777 2040 Χριστοῦ,
801 2006 814 2032 ὁ
830 2006 886 2032 Πα-

102 2051 152 2086 τὴρ
161 2050 212 2084 τῆς
223 2049 310 2084 δόξης,
324 2049 378 2085 δῴη
388 2050 451 2087 ύμῖν
463 2050 574 2086 Πνεῦμα
586 2050 680 2084 σοῳίας
692 2052 739 2077 καὶ
752 2051 887 2077 ἀποκαλύ-

101 2098 173 2130 ψεως
188 2097 217 2123 ὲν
228 2094 373 2129 ἐπιγνώσει
384 2095 476 2128 αὐτοῦ,
489 2096 711 2131 πεφωτισμένους
718 2097 780 2128 τοὺς
789 2096 887 2131 ὀφθαλ-

104 2142 171 2176 μηὺς
193 2141 243 2177 τῆς
257 2141 380 2176 καρδίας,
405 2142 445 2173 εἰς
464 2141 494 2167 τδ
512 2141 609 2168 εἰδέναι
625 2142 696 2177 ὑμᾶς
721 2142 763 2173 τίς
779 2143 852 2168 ἐστιν
870 2142 887 2176 ὴ

103 2188 181 2219 ἐλπὶς
205 2187 256 2223 τῆς
278 2187 400 2221 κλήσεως
415 2186 508 2218 αὑτοῦ,
536 2188 583 2214 καὶ
605 2187 647 2219 τίς
668 2189 682 2214 ὁ
703 2187 816 2219 πλοῦτος
838 2188 889 2222 τῆς

102 2233 182 2269 δόξης
199 2234 245 2268 τῆς
260 2232 440 2269 κληρονομίας
463 2232 546 2260 αὑτοῦ
561 2234 589 2259 ἐν
603 2235 659 2265 τοῖς
673 2233 770 2267 ἁγίοις,
794 2234 841 2260 καὶ
862 2234 888 2260 τί

102 2280 133 2305 τὸ
146 2279 314 2314 ὑπερϐάλλον
331 2279 443 2314 μέγεθος
455 2279 503 2314 τῆς
516 2279 656 2314 δυνάμεως
670 2278 752 2305 αὐτοῦ
766 2280 805 2310 εἱς
816 2280 889 2315 ἡμᾶς

102 2325 168 2355 τοὺς
183 2323 370 2355 πιστεύοντας,
392 2323 463 2351 κατὰ
477 2324 527 2359 τὴν
540 2325 679 2360 ἐνέργειαν
691 2325 725 2360 ἢν
739 2326 889 2360 ἐνήργηκεν

102 2370 131 2396 ἑν
143 2369 185 2404 τῷ
195 2369 317 2405 Χριστῷ,
327 2370 437 2405 ἐγείρας
451 2370 532 2397 αὑτὸν
545 2371 576 2397 ἐκ
586 2372 701 2406 νεκρῶν,
715 2372 762 2398 καὶ
776 2372 890 2403 καθίσας

103 2417 132 2442 ἰν
151 2415 229 2450 δεξιᾷ
245 2415 327 2442 αὑτοῦ
340 2417 369 2442 ὲν
383 2417 439 2448 τοῖς
453 2417 634 2451 ἐπουρανίοις,
659 2417 787 2452 ὑπεράνω
800 2417 890 2452 πάσης

108 2462 222 2497 Ἀρχῆς,
246 2462 294 2488 καὶ
313 2462 463 2499 Ἐξουσίας,
487 2463 533 2489 καὶ
547 2464 701 2498 Δυνάμεως,
725 2464 771 2490 καὶ
791 2464 890 2499 Κυριό-

101 2516 195 2542 τητος,
219 2508 266 2534 καὶ
279 2508 379 2540 παντὸς
395 2508 526 2542 ὀνόματος
540 2508 748 2544 ὀνομαζομένου,
763 2510 794 2535 οὑ
811 2510 890 2544 μάνον

101 2553 132 2578 ἰν
146 2552 186 2587 τῷ
206 2552 285 2579 αἰῶνι
298 2552 396 2587 τούτῳ,
413 2552 480 2580 ἀλλὰ
501 2554 548 2580 καὶ
563 2553 592 2580 ἐν
606 2554 645 2590 τῷ
660 2554 791 2589 μέλλοντι.
808 2565 817 2580 ι
847 2555 891 2581 Ἐν

101 2597 157 2633 γὰρ
170 2599 203 2632 τῇ
219 2597 274 2624 τῶν
287 2598 414 2625 τοιούτων
428 2598 597 2632 ἀποκαλύψει
613 2599 656 2626 διὰ
672 2599 718 2626 τοῦ
734 2600 891 2635 Πνεύματος

102 2645 133 2670 ἐν
156 2644 224 2677 ἡμῖν
247 2643 413 2678 ἀπορρήτοις
425 2644 618 2680 ἐνεργουμένη,
640 2645 690 2679 τῆς
708 2645 775 2679 μετὰ
791 2645 891 2680 σαρκὸς

101 2690 262 2724 οἰκονομίας
274 2689 309 2715 τὸ
322 2689 403 2724 βάθος
413 2690 459 2716 καὶ
471 2689 518 2716 ’τοῦ
531 2689 722 2725 κεκρυμμένου
741 2690 890 2725 μυστηρίου

100 2736 151 2771 τὴν
174 2736 292 2771 δύναμιν
317 2735 483 2771 θεωροῦμεν.
518 2737 580 2762 ’Ότι
603 2736 631 2762 δὲ
657 2736 707 2772 τὴν
737 2737 818 2763 αὐτοῦ
843 2737 889 2763 τοῦ

136 2805 156 2819 “
178 2805 187 2831 Ι
209 2805 286 2832 Pctr.
307 2812 333 2835 I.
358 2804 401 2831 Η.
440 2805 462 2819 δ’
482 2803 570 2831 lCor.
599 2813 639 2837 ιι,
662 2805 705 2831 11.
745 2804 767 2821 ⁸³
787 2805 886 2841 Ephes.

923 290 1021 310 versus
1039 283 1072 309 ad
1098 283 1183 310 varios
1208 291 1371 310 evancsu‘re
1398 283 1513 309 debebat
1539 291 1572 310 ex
1601 289 1703 312 nostris

924 330 1023 367 oculis,
1038 330 1111 364 quod
1130 329 1163 356 ad
1177 337 1289 357 carnem
1309 333 1425 365 spectat,
1441 330 1545 357 idcirco
1562 331 1619 358 Iure
1642 332 1680 358 ait
1697 353 1703 359 .

924 374 1048 409 mystcrii
1070 382 1136 402 vero
1161 375 1390 409 perfectissimam
1418 379 1442 401 et
1470 376 1704 403 accuratissimam

925 420 1122 453 revelationcm
1139 428 1186 455 per
1198 420 1369 447 Paracletum
1385 419 1464 447 nobis
1481 419 1580 447 factam
1595 421 1641 449 ait.
1655 421 1705 448 ho»

924 470 968 499 est
980 473 1027 503 per
1042 471 1167 493 sanctum
1187 465 1332 499 Spililllm,
1352 465 1397 500 qui
1418 465 1519 492 missus
1535 470 1577 493 est
1593 473 1606 492 a
1625 465 1708 492 Patre

926 510 952 541 in
969 511 1080 537 nomine
1095 511 1167 544 ejus,
1196 511 1220 537 id
1239 515 1280 538 est
1297 510 1368 538 Filii.
1386 511 1419 538 Ut
1443 511 1514 537 cnim
1536 511 1661 538 Christus
1679 511 1712 551 in,

926 555 1016 590 nobis,
1034 555 1070 580 ita
1085 558 1111 581 et
1129 554 1250 588 Spiritus
1267 553 1337 588 ejus.
1358 554 1463 581 Idcirco
1479 554 1517 580 ait
1532 563 1538 580 :
1555 564 1564 580 ι
1585 556 1645 589 Ipse
1659 562 1705 582 vot-

925 599 1037 627 dOCebit
1051 599 1143 630 omnia
1159 607 1220 635 qua:
1235 607 1286 634 ego
1300 598 1356 625 dixi
1373 599 1462 626 vobis.
1484 608 1492 624 ι
1511 598 1577 625 Nam
1594 607 1655 625 cum
1673 599 1708 626 sit

927 645 1032 673 Christi
1056 645 1177 680 Spiritus
1191 648 1217 671 et
1239 652 1316 671 mens
1336 643 1406 678 ejus,
1424 649 1453 670 ut
1469 645 1602 679 scriptum
1618 649 1660 671 est
1674 645 1706 672 δ’.

927 699 980 718 non
1006 691 1079 717 aliud
1105 690 1234 725 quiddam
1258 690 1393 716 cxsistcns
1420 690 1454 716 ab
1480 690 1549 723 ipso,
1575 689 1709 716 naturalis

928 736 1080 763 identitatis
1097 729 1287 768 ratione,licet
1303 736 1329 761 in
1346 731 1458 769 propria
1471 734 1609 769 bypostasi
1626 735 1707 760 inlcl-

928 781 1029 817 ligatur
1043 788 1074 807 ac
1094 781 1140 810 sit.
1155 781 1246 807 omnia
1268 781 1343 807 novit
1360 787 1419 813 qure
1435 780 1462 806 in
1479 786 1511 806 co
1533 783 1607 806 sunt.
1623 779 1710 814 Cujus

928 828 967 854 rei
990 827 1071 854 testis
1095 827 1173 853 nobis
1186 827 1238 853 erit
1254 825 1364 856 Paulus,
1379 825 1476 852 dicens
1494 834 1499 851 :
1517 835 1526 850 ι
1544 825 1612 858 Quis
1636 826 1706 851 enim

929 873 981 900 scit
997 880 1058 908 quae
1080 876 1145 898 sunt
1165 871 1296 902 hominis,
1320 871 1372 898 nisi
1388 870 1504 905 Spiritus
1527 865 1646 897 hominis
1662 878 1707 904 qut

896 921 915 949 Β
930 919 956 945 in
973 919 1034 953 ipso
1047 918 1108 945 est?
1122 917 1158 944 Ita
1174 921 1201 945 et
1225 925 1286 952 quae
1312 917 1356 944 Dei
1380 921 1454 948 sunt.
1471 924 1550 943 nemo
1571 916 1710 952 cognovit.

929 965 981 993 nisi
996 964 1118 1000 Spiritus
1134 964 1178 990 Del
1192 964 1224 990 “.
1240 973 1248 988 ι
1267 962 1401 996 Quocirca
1419 967 1449 989 ut
1469 961 1516 996 qui
1531 963 1606 989 novit
1618 969 1709 988 omnia

929 1019 989 1045 qua:
1003 1015 1068 1040 sunt
1090 1010 1116 1037 in
1134 1010 1273 1036 voluntate
1291 1007 1440 1044 Uuigcniti,
1456 1007 1547 1034 oumia
1566 1007 1645 1033 nobis
1663 1014 1712 1033 an-

930 1056 1049 1085 nuntiat,
1067 1061 1119 1081 non
1132 1053 1280 1088 disciplina
1295 1057 1482 1086 comparatam
1499 1051 1642 1078 scientiam
1661 1051 1706 1077 ha-

931 1102 1008 1133 bens,
1028 1108 1063 1127 ne
1079 1099 1198 1127 ministri
1213 1100 1299 1125 vicom
1326 1096 1438 1134 implere
1455 1098 1579 1125 videatur
1593 1101 1619 1124 et
1644 1098 1713 1123 alte--

930 1147 988 1173 rius
1014 1153 1156 1173 sermones
1176 1144 1294 1174 deferre,
1312 1144 1363 1183 \sed
1389 1148 1418 1170 ut
1443 1143 1557 1178 spiritus
1583 1143 1711 1173 hominis,

931 1191 1013 1219 sicuti
1031 1190 1111 1217 modo
1126 1189 1260 1221 diximus,
1277 1192 1303 1216 et
1318 1188 1364 1225 qui
1382 1189 1450 1215 citra
1463 1188 1585 1215 doctoris
1601 1194 1712 1223 operam

931 1236 1008 1263 novit
1023 1236 1116 1262 omnia
1137 1242 1196 1269 qua:
1219 1238 1284 1262 sunt
1300 1234 1360 1268 ejus
1377 1241 1410 1261 ex
1433 1241 1488 1268 quo
1501 1237 1528 1260 et
1545 1234 1572 1260 in
1589 1241 1643 1268 quo
1658 1236 1711 1263 est.

931 1281 1024 1308 divina
1043 1281 1147 1308 sanctis
1164 1281 1265 1308 revelat
1282 1278 1424 1315 mysteria,
1440 1279 1521 1306 sicuti
1538 1279 1668 1306 nimirum
1687 1285 1714 1306 et

932 1335 1009 1354 mens
1032 1326 1151 1353 humana
1167 1326 1259 1354 omnia
1280 1333 1341 1361 qua:
1363 1326 1390 1352 in
1405 1333 1434 1352 se
1459 1330 1524 1353 sunt
1545 1333 1712 1360 agnoscens.

932 1372 1106 1399 enuntiativo
1115 1371 1199 1399 verbo
1209 1375 1239 1398 ut
1248 1371 1321 1399 foras
1334 1371 1441 1398 emittat
1450 1371 1602 1400 voluntates
1616 1373 1714 1399 animat

934 1417 1085 1445 ministrat.
1102 1417 1180 1452 cujus
1194 1421 1236 1444 est
1251 1417 1333 1444 etiam
1359 1424 1448 1447 meus,
1466 1417 1540 1443 aliud
1555 1417 1665 1452 quidem
1680 1418 1713 1444 ab

934 1463 993 1498 ipsa
1012 1463 1124 1490 nomine
1149 1468 1175 1490 et
1196 1467 1342 1497 conceptu,
1356 1462 1403 1490 Sed
1422 1462 1474 1488 alia
1496 1463 1646 1490 secundum
1665 1471 1712 1490 na-

934 1514 1023 1535 turam
1040 1517 1093 1535 non
1110 1509 1259 1539 exsistcns,
1274 1508 1321 1535 sed
1336 1516 1396 1543 quae
1410 1508 1494 1535 veluti
1512 1516 1576 1544 pars
1592 1509 1716 1543 complc-

934 1555 989 1581 Iiva
1005 1554 1091 1581 totius
1105 1554 1132 1580 in
1147 1561 1178 1581 ea
1191 1554 1310 1586 exsistit,
1323 1558 1349 1582 et
1364 1562 1396 1581 ex
1412 1561 1442 1580 ea
1458 1554 1568 1588 prodire
1580 1554 1713 1581 creditur.

895 1593 917 1622 C
932 1600 1016 1636 338
1028 1600 1108 1635 Atqui
1121 1599 1211 1627 divina
1224 1604 1251 1626 et
1265 1599 1413 1628 inetrabilis
1429 1604 1524 1626 natura
1541 1607 1623 1634 supra
1642 1600 1714 1626 istud

935 1645 1013 1680 longe
1031 1645 1194 1680 posita'est.
1217 1643 1268 1671 Vis
1292 1641 1575 1679 enim'exemplorum
1600 1644 1632 1671 ad
1655 1652 1714 1671 eam

933 1691 1122 1725 explicandam
1151 1690 1286 1717 imbecilla
1322 1697 1437 1725 prorsus
1460 1695 1511 1721 est,
1537 1691 1716 1726 quantumvis

935 1736 1083 1763 subtilibus
1100 1735 1192 1763 verbis
1208 1735 1368 1762 eiTerantur.
1386 1735 1473 1770 igitur
1494 1734 1614 1771 perfecta
1630 1737 1712 1764 disci-

936 1782 1008 1816 plina
1024 1789 1071 1816 per
1086 1781 1218 1816 Spiritum
1238 1781 1265 1807 in
1284 1780 1393 1809 sanctis
1404 1782 1536 1817 gignitur.
1554 1781 1631 1810 Unde
1647 1782 1716 1809 Pau-

936 1828 978 1854 lus
1003 1827 1047 1855 ille
1063 1826 1173 1854 divinus
1194 1827 1228 1854 ad
1245 1827 1394 1854 nonnttllos
1411 1827 1527 1854 scribit:
1542 1836 1551 1852 ‹
1569 1826 1716 1862 Propterea

935 1877 962 1899 et
977 1880 1028 1906 ego
1046 1873 1161 1899 audiens
1177 1872 1254 1902 [idem
1278 1877 1409 1904 vestram,
1424 1881 1485 1907 quzc
1507 1877 1547 1899 est
1565 1873 1591 1899 in
1608 1872 1718 1899 Christo

936 1917 1012 1949 Iesu,
1030 1921 1057 1944 et
1071 1916 1244 1944 dilectionem
1263 1916 1290 1943 in
1306 1924 1401 1943 omnes
1429 1922 1551 1948 sanctos,
1568 1925 1622 1943 non
1638 1925 1717 1944 cesso.

939 1962 1044 1998 gratias
1067 1969 1151 1997 agens
1167 1970 1218 1996 pro
1232 1962 1321 1994 vobis,
1339 1963 1500 1989 memoriam
1514 1963 1598 1989 vestri
1615 1961 1718 1989 facienl

938 2009 965 2035 in
981 2008 1156 2035 orationibus
1177 2007 1255 2039 meis,
1276 2012 1305 2034 ut
1327 2007 1400 2034 Deus
1420 2007 1524 2034 Domini
1546 2008 1633 2035 nostri
1653 2007 1718 2035 Jesu

937 2053 1054 2084 Christi,
1071 2053 1152 2080 Pater
1166 2053 1270 2088 glorior,
1286 2053 1332 2080 det
1343 2052 1419 2079 vobis
1431 2052 1564 2087 Spiritum
1579 2054 1717 2088 sapientia:

937 2103 964 2127 et
989 2098 1178 2130 revelationis,
1203 2098 1230 2124 in
1263 2098 1402 2132 agnitione
1436 2098 1498 2132 ejus
1523 2107 1529 2124 :
1551 2098 1719 2125 illuminatos

938 2147 1036 2173 oculos
1053 2145 1147 2172 cordis
1159 2145 1253 2174 vestri,
1273 2148 1303 2170 nt
1318 2143 1415 2170 sciatis
1436 2151 1495 2178 qua:
1512 2144 1547 2169 sit
1560 2151 1624 2176 spes
1641 2151 1718 2170 voca-

939 2191 1023 2218 tionis
1039 2191 1111 2226 ejns,
1127 2194 1153 2218 et
1168 2198 1229 2224 qua:
1243 2190 1346 2217 divitiae
1360 2189 1452 2226 glori-.e
1476 2180 1642 2217 bmreditatis
1659 2190 1720 2223 ejus

941 2237 967 2263 in
988 2237 1103 2268 sanctis,
1127 2240 1154 2263 et
1178 2244 1238 2270 qua:
1267 2236 1303 2263 sit
1325 2229 1535 2271 supereminens
1559 2236 1720 2270 magnitudi-

941 2281 1048 2309 virtutis
1065 2281 1126 2315 ejus
1145 2281 1171 2307 in
1187 2289 1238 2308 nos
1253 2282 1298 2315 qni
1315 2281 1465 2310 credimus.
1485 2280 1637 2308 secundum
1655 2288 1718 2315 ope-

939 2329 1072 2355 rationem
1089 2327 1218 2363 potentia:
1229 2328 1341 2355 virtutis
1355 2327 1427 2361 ejus,
1438 2334 1518 2362 quam
1536 2332 1666 2361 operatus
1677 2334 1720 2354 est

939 2375 965 2400 in
983 2374 1106 2405 Christo,
1123 2373 1262 2400 suscitans
1289 2373 1364 2399 illum
1389 2380 1404 2399 a
1422 2372 1549 2403 mortuis,
1567 2376 1593 2399 et
1613 2378 1720 2400 constt-

940 2425 1019 2447 Iuens
1045 2419 1078 2446 ad
1110 2419 1248 2446 dexteram
1276 2426 1353 2445 suam
1382 2418 1408 2444 in
1440 2418 1613 2450 coelestibus,
1637 2427 1719 2453 supra

941 2472 1048 2491 omnem
1067 2463 1267 2498 Principatum,
1280 2468 1308 2491 et
1331 2462 1510 2495 Potestatem,
1525 2468 1552 2490 et
1574 2463 1718 2497 Virtutem,

939 2514 965 2536 et
982 2509 1212 2540 Dominationem,
1226 2513 1254 2535 et
1278 2517 1359 2535 omne
1374 2516 1473 2536 nomen
1499 2509 1572 2543 quod
1596 2509 1716 2536 nomina-

939 2560 994 2587 tur,
1010 2562 1063 2581 non
1081 2555 1168 2582 solum
1195 2555 1222 2581 in
1247 2554 1298 2581 hoc
1327 2554 1440 2585 saeculo,
1452 2553 1500 2581 sed
1518 2554 1600 2581 etiam
1625 2555 1653 2581 in
1678 2554 1721 2581 fn-

940 2605 1002 2627 turo
1014 2599 1046 2628 “.
1068 2609 1078 2626 ›
1093 2601 1124 2627 in
1143 2600 1259 2628 istorum
1282 2600 1381 2628 ctenim
1405 2600 1574 2628 revelatione
1593 2607 1653 2635 quae
1673 2607 1722 2635 per

940 2647 1072 2682 Spiritum
1090 2647 1118 2674 in
1141 2647 1221 2674 nobis
1236 2647 1386 2686 perﬁcitur.
1404 2646 1602 2674 incarnationis
1626 2647 1724 2673 altitu-’

942 2693 1033 2719 dinem
1049 2697 1075 2720 et
1089 2693 1242 2720 absconditi
1258 2693 1380 2728 mysterii
1395 2693 1448 2720 vim
1465 2698 1630 2728 spectamus.
1643 2691 1725 2726 Quod

944 2743 1034 2765 autem
1055 2738 1141 2773 ipsius
1157 2738 1261 2765 Christi
1279 2739 1452 2774 prmsentiam
1470 2743 1497 2766 et
1519 2739 1648 2766 virtutem
1673 2739 1724 2765 im-

909 2815 932 2839 ι,
952 2807 1047 2834 15-21.

118 2878 121 2881 ’
135 2884 173 2917 (Ι)
195 2882 259 2913 Ed.,
276 2880 371 2913 αὑτοῦ,
384 2880 452 2914 ejus,
469 2882 540 2916 qumt
555 2881 630 2908 ﬂuxit
643 2889 675 2909 ex
691 2881 881 2910 abbreviation

933 2883 1077 2918 cscriptori
1093 2883 1161 2911 male
1178 2883 1325 2912 intellecta.
1347 2885 1426 2912 Ειιιτ.
