1926 3041
187 200 241 229 303

190 264 261 297 pleat
278 259 398 295 Spiritus
413 258 484 292 ejus,
499 257 526 283 in
547 254 651 282 sanctis
666 252 835 283 inhabitans,
855 256 882 278 et
903 257 973 276 cun-

190 313 233 334 cta
260 307 357 333 doceat
380 310 552 339 quaecunque
577 302 635 336 ipse
657 299 691 326 ad
711 307 764 326 nos
788 298 898 325 loeutus
920 300 973 328 est,

190 351 292 378 Paulus
312 351 370 385 ipse
386 348 471 376 nihilo
485 347 575 374 secius
590 345 669 372 nobis
689 343 850 378 explicabit,
862 341 974 368 dicens:

195 396 311 433 (anljllS
326 394 364 422 rei
378 394 467 429 gratia
483 392 562 419 ﬂecto
581 398 669 426 genua
682 397 742 416 mea
758 388 791 416 ad
807 388 928 418 Patrem,
943 394 976 413 ex

191 450 246 476 quo
260 441 351 468 onmis
367 439 518 474 pateruitas
534 438 561 464 in
578 437 656 464 melis
673 440 699 463 et
714 436 740 462 in
757 439 831 462 terra
849 434 974 460 nomina-

193 493 248 518 tur,
263 492 290 513 ut
310 486 356 513 dct
365 485 445 512 vobis
461 484 613 511 secundum
628 482 738 509 divitias
749 480 843 515 gloriae
856 486 911 506 suae
924 479 978 505 vir-

193 535 250 558 tute
269 530 445 557 corroborari
469 537 516 564 per
531 528 664 562 Spiritum
682 526 743 561 ejus
767 525 794 552 in
818 524 978 551 interiorem

193 577 343 608 hominem,
359 571 502 602 Christum
529 574 653 601 habitare
671 579 718 606 per
735 571 815 598 lident
837 569 865 596 in
888 567 979 596 cordi-

192 621 245 648 bus
263 621 363 648 Vestris
381 629 387 646 :
403 620 430 647 in
456 619 591 646 charitate
616 617 731 644 radicati
754 620 782 643 et
807 614 924 646 fundati,
951 617 980 640 nt

194 668 307 702 possitis
322 665 557 701 comprehendere
572 672 634 691 cum
649 663 777 690 omnibus
790 661 906 693 sanctis,
919 667 982 694 qua».

194 715 230 741 sit
256 713 382 744 latitudo,
398 716 425 740 et
450 711 603 746 longitudo,
624 714 650 737 et
670 708 841 740 sublimitas,
857 710 883 733 et
915 712 979 741 pro-

195 759 309 786 fundum
337 767 343 785 :
372 758 445 785 scire
470 758 551 784 etiam
579 754 826 790 super-eminentem
857 751 982 779 scientia:

194 806 356 831 cbaritatem
375 803 488 833 Ubristi.
508 807 538 828 ut
562 800 731 836 impleamini
749 799 776 826 in
795 805 903 825 omnent
922 797 981 831 pic-

195 849 348 877 nitudinem
363 848 409 875 Dei
423 847 456 873 ⁸³.
478 857 486 872 ι
505 846 661 873 Notandum
677 850 767 871 autem
780 850 879 870 rursus
896 841 980 876 quod,

196 904 258 923 cum
285 895 376 922 omnia
407 886 582 928 sanctis-per
606 891 742 926 Spiritum
770 890 919 917 revelatum
950 887 982 914 iri

697 194 725 221 S.
745 190 883 219 CYRILLI
901 185 1135 216 ALEXANDRINI
1154 180 1315 212 ARCHIEP.

986 251 1011 281 Α
1025 245 1143 284 Χριστοῦ
1169 243 1322 281 παρουσίαν
1345 250 1374 268 τε
1399 240 1446 268 καὶ
1471 239 1587 274 δύναμιν
1610 237 1763 272 ἀναπληροῖ
1784 237 1814 262 τὸ

1761 177 1814 203 3M

1026 293 1138 328 Πνεῦμα
1161 291 1253 322 αὐτοῦ,
1275 290 1332 321 τοῖς
1349 287 1436 322 ἁγίοις
1453 285 1584 318 ἐνοικοῦν,
1600 284 1648 311 καὶ
1663 283 1754 310 πάντα
1775 283 1816 309 δι-

1025 340 1121 367 δάσκει
1137 338 1208 373 ειπερ
1221 335 1301 366 αὐτὸς
1316 333 1449 368 λελάληκε
1469 332 1536 367 πρὸς
1551 331 1634 366 ἡμᾶς,
1651 329 1734 355 πάλιν
1749 329 1816 362 ἡμῖν

1026 385 1102 412 οὐδὲν
1111 382 1190 420 ἦττον
1204 383 1218 409 ό
1233 380 1337 411 Παῦλος
1349 379 1474 413 σαφηνιεῖ
1484 377 1571 410 λέγων
1583 383 1592 391 ⁸
1609 375 1727 420 «Τούτοιι
1737 374 1816 408 χάριν

1027 416 1147 466 κάμπτω
1161 428 1195 455 τὰ
1208 426 1310 461 γόνατά
1326 433 1376 461 μου
1390 424 1456 460 πρὸς
1467 423 1512 456 τὸν
1523 421 1642 456 Πατέρα,
1655 420 1686 452 ἐξ
1697 416 1728 446 οὗ
1744 419 1817 445 πᾶσα

1028 475 1132 511 πατριὰ
1152 474 1180 500 ἐν
1202 482 1232 500 τε
1255 470 1362 508 ούρανῷ
1376 470 1423 497 καὶ
1447 470 1494 495 ἐπὶ
1508 468 1560 502 γῆς
1577 466 1753 502 ὀνομάζεται,
1775 465 1819 490 ἵνα

1028 522 1084 557 δῴη
1096 522 1160 556 ὑμῖν
1174 518 1244 546 κατὰ
1264 517 1308 544 τὸν
1329 516 1443 543 πλοῦτον
1460 515 1510 550 τῆς
1525 513 1603 548 δόξης
1620 512 1735 546 δυνάμει
1751 519 1814 546 κρα-

1029 569 1177 604 ταιωθῆναι
1191 566 1235 593 διὰ
1253 565 1300 592 τοῦ
1315 563 1472 598 Πνεύματος
1489 560 1571 588 αὑτοῦ
1585 561 1624 592 εἰς
1640 560 1686 586 τὸν
1703 558 1758 585 ἔσω
1771 558 1818 584 ἄν·

1031 616 1149 651 ορωπον.
1168 614 1329 646 κατοικῆσαι
1341 610 1386 637 τὸν
1401 609 1518 645 Χριστὸν
1534 608 1578 634 διὰ
1590 606 1639 641 τῆς
1656 606 1776 636 πίστεως
1791 605 1819 630 ὲν

1030 649 1088 692 ταῖς
1105 659 1231 694 καρδίαις
1241 657 1328 692 ὑμῶν,
1341 657 1369 682 ἐν
1380 655 1474 690 ἀγάπῃ
1486 652 1664 689 ἐρριζωμένοι
1681 651 1728 676 καὶ
1742 649 1819 675 τεθει

1033 705 1205 740 μελιωμένοι,
1224 703 1268 729 ἵνα
1286 700 1445 736 ἐξισχύσητε
1462 696 1661 725 καταλαϐέσθαι
1681 696 1731 722 σὺν
1753 695 1820 721 πᾶσι

1031 753 1087 783 τοῖς
1102 751 1198 785 ἁγίοις,
1209 749 1235 775 τί
1248 749 1279 775 τὸ
1295 748 1405 778 πλάτος,
1421 746 1468 773 καὶ
1488 744 1585 780 μῆκος,
1600 743 1646 770 καὶ
1663 741 1758 777 βάθος,
1774 741 1822 766 καὶ

1033 798 1110 833 ὕψος,
1135 795 1236 830 γνῶναί
1257 802 1287 821 τε
1312 794 1361 829 τὴν
1381 791 1603 828 ὑπερϐάλλουσαν
1625 789 1676 823 τῆς
1693 787 1822 822 γνώσεως

1033 845 1142 879 ἀγάπην
1166 842 1214 869 τοῦ
1241 841 1376 876 Χριστοῦ,
1403 839 1447 866 ἵνα
1467 836 1629 872 πληρωθῆτε
1651 835 1692 866 είς
1713 834 1770 859 πᾶν
1792 833 1822 859 τὸ

1034 889 1169 925 πλήρωμα
1180 888 1226 916 τοῦ
1237 885 1316 914 Θεοῦ.
1333 896 1342 912 ι
1362 884 1532 921 Σημειωτέον
1545 883 1573 909 δὲ
1588 881 1670 908 πάλιν
1681 881 1722 907 ὅτι
1734 880 1823 906 πάντα

196 943 280 974 dicat,
303 947 475 975 nequaquam
501 927 592 965 tamen
610 946 657 965 eos
682 937 728 964 alii
753 936 859 964 doctori
884 934 980 966 tradit,

1038 937 1077 964 5ιά
1101 936 1148 963 τοῦ
1174 935 1331 970 Πνεύματος
1355 928 1631 965 ἀποκαλυφθήσεσθαι
1652 929 1709 958 τοῖς
1736 927 1824 961 ἁγίοις

198 987 244 1014 sed
264 987 315 1013 sibi
332 986 383 1020 ipsi
401 993 450 1020 per
467 984 614 1019 Spiritum,
637 983 683 1018 qui
708 990 763 1009 non
782 981 900 1017 amplius
922 988 983 1007 cor-

200 1034 273 1068 poris
288 1032 388 1064 orulis,
399 1031 446 1059 Sed
462 1029 694 1057 intellectualihus
714 1028 806 1055 cordis
822 1026 982 1058 luminibus,

199 1087 248 1114 pro
262 1086 294 1106 eo
311 1086 342 1105 ac
359 1077 413 1104 Deo
429 1075 569 1107 convenit,
584 1073 783 1110 conspicabilis
795 1077 847 1101 est.

230 1216 314 1252 839
337 1214 408 1246 XIV,
435 1214 480 1241 27.
505 1207 605 1241 Pacem
633 1213 752 1248 relinquo
780 1212 871 1245 vobis,
893 1220 983 1247 pacem

197 1270 282 1289 meum
306 1262 338 1288 do
355 1261 425 1287 vobis
442 1268 514 1287 .‘non
532 1261 662 1294 quomodo
680 1258 793 1285 mundus
810 1251 867 1290 dat],
886 1266 933 1292 ego
950 1258 984 1285 do

197 1307 268 1334 vobis
285 1315 294 1333 :
311 1315 361 1333 non
378 1305 499 1332 turbetur
513 1313 558 1332 cor
570 1310 695 1336 restrain,
711 1312 792 1338 neque
812 1303 947 1337 formidet.

234 1394 281 1421 Sui
297 1393 324 1420 in
339 1393 424 1420 caelos
438 1399 571 1419 ascensus
586 1391 718 1418 memoria
734 1391 839 1419 sanctis
853 1390 984 1426 apostolis

198 1443 342 1470 renovata,
359 1438 514 1473 iujectaque
530 1437 689 1473 suspicione
706 1437 765 1465 fore
785 1442 814 1464 ut
834 1438 885 1465 soli
902 1437 985 1464 relin-

198 1491 359 1522 querentur,
374 1493 408 1512 οι
422 1491 455 1511 co
467 1483 542 1519 quod
556 1483 682 1510 dixerat:
697 1493 706 1509 ι
724 1484 787 1510 Haec
801 1483 911 1510 locutus
923 1491 984 1510 sutn

200 1533 276 1560 vobis
289 1531 360 1566 apud
371 1537 420 1557 vos
433 1537 558 1561 ntanens,
573 1539 582 1555 ι
593 1529 668 1556 illico
676 1529 880 1562 animadvertit,
890 1533 985 1564 utpote

197 1578 245 1614 qui
262 1576 414 1605 secundum
431 1580 556 1602 naturam
569 1574 641 1602 Deus
651 1579 721 1607 erat,
736 1582 891 1602 sermonem
907 1575 985 1601 illuni

200 1632 254 1652 non
273 1623 402 1650 mediocri
419 1622 504 1649 fuisse
523 1622 558 1649 iis
576 1621 687 1654 terrori,
704 1628 792 1656 eoque
810 1621 986 1649 vehementer

199 1678 260 1697 esse
276 1669 413 1700 turbatos,
429 1671 456 1695 et
473 1666 607 1702 cujusque
622 1666 744 1694 animum
759 1667 895 1702 gravitate
908 1667 988 1694 dolo-

199 1717 239 1744 ris
262 1723 386 1751 pressum
405 1721 438 1741 ac
458 1713 604 1748 dejectum.
620 1712 689 1745 Quid
719 1713 792 1740 ettim
812 1718 855 1740 est
877 1713 924 1739 illo
939 1713 988 1739 do-

199 1763 259 1790 lore
274 1762 399 1797 gravius,
413 1764 460 1786 aut
479 1758 544 1794 quid
565 1762 672 1785 tantunt
698 1758 840 1786 interioris
861 1759 988 1786 maeroris

201 1808 303 1836 inferre
326 1810 426 1842 potest,
440 1813 523 1841 quam
547 1804 762 1840 jucundissimis
779 1805 860 1832 rebus
882 1805 986 1837 orbari,

201 1861 354 1888 eorumque
370 1860 431 1887 qua:
449 1851 524 1878 cordi
544 1851 664 1877 maxime
685 1851 735 1877 tibi
751 1851 807 1878 sint
819 1850 989 1886 inopinatam

202 1900 274 1927 ferre
300 1898 455 1933 jacturant?
472 1897 622 1932 Componit
647 1896 732 1931 igitur
759 1904 807 1924 eos
836 1897 932 1923 dolore
959 1904 992 1923 ac

202 1949 277 1973 metu
293 1945 431 1972 turbatos.
445 1944 535 1970 Causa
550 1943 622 1970 enim
647 1947 674 1969 et
688 1942 765 1969 radix
783 1943 900 1974 doloris,
916 1943 989 1978 quod

202 1993 380 2019 discessurus
401 1994 474 2018 esset
491 1990 526 2015 ab
539 1989 574 2015 iis
595 1993 622 2016 et
636 1988 670 2015 ad
687 1988 795 2016 Patrem
814 1997 990 2021 reversurus,

199 2036 359 2071 justissima
383 2033 586 2069 quodammodo
600 2037 669 2064 erat,
682 2040 732 2060 nec
747 2033 797 2061 abs
821 2041 851 2061 re
866 2034 992 2068 suspica-

202 2083 303 2109 bantur
319 2081 371 2108 sibi
391 2081 487 2108 ultima
504 2087 620 2114 quasque
638 2084 742 2114 parata,
759 2081 782 2107 si
800 2087 918 2114 corpore
936 2073 991 2107 non

203 2129 311 2155 adesset
330 2127 449 2161 aruplius
472 2126 495 2153 is
511 2126 558 2160 qui
584 2133 695 2153 servare
714 2129 831 2160 poterat.
849 2126 992 2158 Quomodo

201 2178 294 2201 autem
312 2180 407 2199 eorum
423 2176 526 2199 Illelllm
546 2171 633 2203 sedat,
649 2175 696 2198 ςιιιι
718 2179 772 2206 quo
792 2176 872 2207 pllClO
887 2177 991 2200 IllelllBS

202 2225 299 2244 eorum
321 2217 355 2243 ad
370 2217 490 2243 divinam
514 2216 743 2250 tranquillitatem
766 2217 889 2244 reducit?
910 2227 919 2243 ‹
942 2217 993 2244 Pa-

1033 981 1133 1014 είπὼν,
1160 981 1209 1016 οὺχ
1233 980 1319 1015 ἑτέρῳ
1345 979 1452 1004 δίδωσιν
1479 975 1576 1007 αὐτοὺς
1594 972 1759 1008 διδασκάλῳ,
1787 972 1824 1007 μὴ

1033 1028 1111 1055 τοῦτο
1131 1027 1254 1063 νομίσῃς,
1278 1024 1367 1059 ἐαυτῷ
1386 1024 1414 1050 δὲ
1437 1023 1584 1058 παρίστησι
1607 1020 1651 1047 διὰ
1667 1019 1714 1046 τοῦ
1739 1019 1825 1045 Πνεύα

1035 1082 1129 1109 ματος,
1150 1073 1289 1108 σαρκικοῖς
1307 1071 1355 1105 μὲν
1373 1069 1463 1096 οὐκέτι
1480 1067 1641 1102 φαινόμενος
1660 1065 1823 1100 ὀφθαλμοῖς,

1032 1121 1088 1150 τοῖς
1104 1127 1136 1152 γε
1153 1119 1205 1153 μὴν
1220 1117 1324 1152 νοητοῖς
1344 1115 1393 1150 τῆς
1408 1113 1521 1149 καρδίας
1537 1112 1644 1148 ὄμμασι
1663 1110 1825 1145 θεοπρεπῶς

1034 1165 1230 1199 θεωρούμενος.

1071 1209 1204 1244 Εἰρήνην
1213 1208 1319 1242 ἀφίημι
1332 1206 1413 1241 ὑμῖν,
1424 1206 1549 1240 εἰρήνην
1562 1205 1619 1237 τὴν
1630 1203 1707 1239 ἐμὴν
1722 1203 1826 1237 δίδωμι

1035 1256 1106 1291 ὑμῖν
1118 1264 1125 1272 ⁸
1150 1256 1185 1282 οὺ
1202 1254 1299 1286 καθὼς
1324 1255 1340 1280 ὁ
1358 1253 1472 1287 κόσμος
1499 1251 1634 1283 δίδωσιν,
1650 1249 1707 1284 ἐγὼ
1723 1249 1827 1283 δίδωμι

1034 1301 1105 1335 ὑμῖν
1119 1309 1126 1315 ⁸
1158 1300 1201 1335 μὴ
1230 1298 1428 1334 ταρασσέσθω
1451 1298 1535 1332 ὑμῶν
1555 1297 1576 1330 ’ἡ
1606 1296 1730 1330 καρδία,
1750 1295 1827 1330 μηδὲ

1035 1346 1182 1373 δειλιάτω.

1073 1393 1118 1424 Εἰς
1143 1392 1295 1427 ἀνάμνησιν
1317 1389 1436 1424 ἐνεγκὼν
1464 1390 1527 1420 τοὺς
1549 1388 1644 1422 ἁγίους
1660 1386 1829 1418 ἀποστόλους

1035 1439 1085 1474 τῆς
1099 1439 1139 1470 εἰς
1155 1439 1285 1473 οὐρανοὺς
1300 1436 1470 1467 ἀναϐάσεως,
1484 1436 1532 1461 καὶ
1546 1435 1586 1460 ὅτι
1603 1433 1829 1469 περιλειφθήσον-

1035 1493 1080 1511 ται
1094 1484 1166 1511 κατὰ
1176 1484 1255 1510 τοῦτο
1278 1483 1352 1518 μόνοι
1374 1481 1586 1516 παρασκευάσας
1600 1480 1699 1506 ἐννοεῖν
1716 1478 1760 1505 διὰ
1783 1476 1828 1504 τοῦ

1038 1531 1131 1566 φῆναι,
1146 1539 1154 1555 ί
1169 1529 1261 1556 Ταῦτα
1282 1528 1418 1563 λελάληκα
1442 1527 1505 1561 ὑμῖν
1532 1525 1596 1560 παρ’
1612 1525 1676 1560 ύμῖν
1697 1524 1798 1559 μένων,
1817 1533 1826 1548 ι

1039 1577 1161 1612 συνίησιν
1176 1574 1206 1603 εὖ
1222 1576 1294 1611 μάλα
1306 1574 1425 1610 γοργῶς.
1442 1573 1488 1600 ἅτε
1503 1572 1536 1608 δὴ
1553 1571 1600 1599 καὶ
1615 1571 1748 1606 ὑπάρχων
1760 1570 1831 1596 κατά

1040 1622 1120 1657 φύσιν
1147 1621 1223 1654 Θεὸς,
1247 1621 1285 1652 ὡς
1306 1621 1337 1647 οὺ
1361 1619 1474 1655 μετρίαν
1498 1618 1590 1649 αὐτοῖς
1618 1616 1756 1644 ὲντέθεικε
1781 1615 1830 1650 τὴν

1039 1668 1136 1695 πτοίαν
1155 1669 1169 1694 ὁ
1183 1667 1272 1701 λόγος,
1287 1665 1455 1702 τεθορύϐηκε
1474 1665 1503 1691 δὲ
1517 1663 1624 1696 δεινῶς,
1636 1663 1683 1689 καὶ
1752 1662 1830 1697 βάρει

1039 1714 1088 1749 τῆς
1109 1713 1198 1749 λύπης
1223 1714 1426 1747 καταφορτίσας
1453 1711 1499 1738 τὸν
1521 1711 1637 1737 ἑκάστου
1658 1708 1830 1735 κατεθόλωσε

1040 1761 1111 1787 νυῦν.
1125 1761 1157 1786 Τί
1168 1760 1222 1796 γὰρ
1235 1760 1268 1787 ἂν
1277 1760 1383 1793 γένοιτο
1394 1758 1443 1793 τῆς
1454 1758 1542 1792 λύπης
1556 1756 1587 1782 τὸ
1599 1755 1831 1790 δυσαχθέστερονς

1040 1807 1065 1834 τί
1080 1807 1107 1833 δὲ
1121 1806 1192 1833 οὕτω
1208 1805 1346 1841 φορτικὸν,
1362 1805 1400 1836 ὡς
1419 1803 1473 1830 τῶν
1489 1803 1604 1838 ἡδίστων
1620 1803 1636 1838 ὴ
1654 1802 1832 1837 παραίρεσις,

1041 1852 1088 1878 καὶ
1108 1851 1138 1878 τὸ
1157 1851 1211 1877 τῶν
1228 1850 1267 1877 ἔτι
1291 1851 1409 1886 μάλιστα
1427 1849 1591 1883 φιλαιτάτων
1615 1847 1746 1882 ἀδόκητον
1764 1847 1833 1873 ὑπο-

1043 1898 1133 1933 μένειν
1152 1896 1253 1931 ζημίαν
1268 1904 1275 1928 ;
1306 1895 1458 1929 Καθίστησι
1478 1893 1566 1920 τοίνυν
1580 1893 1680 1924 αὐτοὺς
1696 1892 1771 1929 λύπῃ
1786 1894 1834 1919 καὶ

1042 1943 1116 1978 φόΰῳ
1138 1941 1369 1978 τεταραγμένους.
1392 1940 1532 1975 Πρόφασις
1549 1939 1597 1974 μὲν
1617 1938 1671 1974 γὰρ
1691 1938 1739 1964 καὶ
1771 1939 1833 1974 ῥίζα

1041 1989 1141 2024 λύπης,
1169 1988 1199 2014 τὸ
1218 1987 1324 2023 μέλλειν
1345 1986 1435 2013 αὐτῶν
1451 1986 1612 2021 ἀποφοιτᾷν,
1635 1985 1682 2012 καὶ
1700 1985 1835 2019 ἀνακομί-

1042 2034 1136 2066 ζεσθαι
1152 2033 1220 2068 πρὸς
1230 2032 1276 2058 τὸν
1289 2031 1407 2066 Πατέρα,
1421 2030 1578 2064 δικαιοτάτη
1591 2037 1648 2060 πως
1659 2026 1705 2063 ἧν,
1717 2029 1834 2054 ἐποιεῖτο

1041 2081 1070 2107 δὲ
1088 2080 1194 2115 μητέρα
1216 2078 1266 2113 τὴν
1291 2077 1408 2112 ὑποψίαν
1427 2076 1476 2103 τοῦ
1493 2076 1581 2102 πάντα
1601 2074 1763 2105 πείσεσθαι,
1788 2074 1835 2100 καὶ

1043 2126 1103 2152 λίαν
1116 2125 1241 2160 ἑτοίμως,
1256 2124 1286 2150 ού
1309 2122 1499 2158 συμπαρόντος
1517 2121 1568 2153 ἔτι,
1585 2121 1655 2148 κατά.
1671 2129 1702 2154 γε
1716 2120 1768 2155 τὴν
1784 2120 1833 2154 ἐμ-

1043 2171 1115 2207 φανῆ
1140 2171 1187 2197 τοῦ
1211 2170 1335 2204 σώματος
1357 2168 1429 2202 ὄψιν,
1448 2167 1495 2193 τοῦ
1514 2165 1657 2197 διασώζειν
1682 2165 1832 2200 ἰσχύοντος.

1046 2217 1106 2248 Πῶς
1122 2216 1149 2243 δὲ
1166 2216 1336 2250 καθίστησιν,
1356 2214 1373 2250 ἢ
1395 2214 1454 2240 τίνα
1467 2212 1567 2248 τρόπον
1581 2213 1674 2243 αὐτοῖς
1689 2212 1721 2238 τὸ
1738 2213 1770 2238 ὲκ
1786 2212 1834 2247 τῆς

202 2272 274 2295 cent,
289 2262 390 2297 inquit,
405 2269 492 2289 nteant
518 2262 554 2289 do
574 2262 662 2293 vobis,
682 2266 709 2288 et
725 2269 819 2297 pacem
837 2271 925 2290 nteant
947 2271 984 2290 re-

1044 2263 1174 2298 εὐθυμίας
1191 2261 1303 2297 φαιδρὸν
1317 2259 1504 2291 είσοικίζεται,
1524 2259 1571 2286 καὶ
1586 2258 1654 2294 προς
1669 2257 1744 2284 θείαν
1757 2255 1834 2289 αὖθις

203 2309 298 2343 linquo
318 2308 436 2349 vobis.)
459 2307 519 2334 Dixi
538 2308 686 2339 multolies,
705 2308 803 2343 inquit,
818 2317 860 2336 tite
874 2317 923 2336 vos
937 2317 991 2337 non

202 2356 365 2383 relicturum
398 2354 547 2389 orphanos,
587 2353 637 2381 sed
664 2362 752 2390 neque
782 2363 829 2382 vos
861 2355 888 2382 in
917 2360 991 2382 terra

205 2409 356 2429 mansuros
376 2401 543 2436 opitulatore
560 2400 720 2428 destitutos.
744 2401 835 2428 Adero
853 2402 923 2428 enim
946 2411 992 2429 vo-

205 2448 250 2476 bis
277 2454 393 2477 rursus,
416 2451 454 2477 et,
477 2445 577 2473 absens
601 2453 728 2481 corpore,
751 2450 858 2475 animos
885 2453 991 2476 vestros

204 2493 408 2528 tranquillitate
435 2491 568 2523 muniant,
586 2494 615 2518 ut
639 2491 723 2523 Deus,
741 2499 791 2519 nec
813 2493 918 2519 turbari
943 2501 992 2520 vos

203 2540 305 2570 sinant,
318 2542 365 2564 aut
381 2537 464 2564 animi
487 2537 571 2564 vestri
594 2537 649 2564 vim
663 2545 697 2565 ac
717 2538 801 2565 robur
816 2547 831 2565 a
854 2547 991 2574 quoquam

205 2585 342 2620 superari.
359 2582 455 2610 Omnis
473 2583 574 2618 quippe
589 2588 678 2611 tuetus
693 2591 725 2610 ac
744 2585 878 2612 timiditas
897 2586 992 2620 procul

206 2630 412 2662 amandabitur,
428 2633 455 2656 et
472 2628 565 2656 divina
585 2626 710 2663 quaadant
726 2630 767 2657 vis
782 2630 808 2657 in
828 2631 907 2658 vobis
920 2631 993 2658 oric-

209 2682 265 2707 tur,
282 2684 341 2710 quau
351 2681 449 2710 pacata
466 2679 559 2702 mente
573 2680 600 2702 et
611 2670 698 2702 corde
715 2677 875 2710 tranquillo,
891 2684 939 2704 vos
959 2677 994 2704 ad

207 2723 402 2750 revelationent
422 2721 537 2748 deducet
551 2728 647 2747 eorum
664 2728 725 2755 quae
737 2725 854 2748 mentem
873 2721 1009 2750 hominis'

206 2772 387 2802 exsuperant.
414 2766 496 2794 Nunc
523 2770 628 2798 autent,
649 2775 658 2792 ‹
684 2774 779 2802 pacem
807 2768 843 2794 do
867 2770 957 2800 vobis,
983 2779 992 2795 ι

208 2821 262 2840 non
285 2812 456 2846 simpliciter,
480 2810 526 2838 Sed
546 2820 555 2836 ‹
574 2818 669 2845 pacem
698 2819 798 2839 meam.
818 2822 827 2838 ι
851 2812 879 2840 ld
902 2818 994 2842 autent

243 2902 265 2918 “
284 2902 384 2937 Ephcs.
403 2909 444 2935 tu,
466 2901 558 2928 13-19.

1044 2309 1164 2344 γαλήνην
1178 2309 1193 2334 ὁ
1207 2307 1269 2338 νοῦς
1282 2305 1492 2338 κατευνάζεταις
1513 2313 1522 2330 ι
1534 2304 1645 2338 Δίδωμι,
1663 2304 1757 2338 φησὶν,
1771 2305 1834 2338 ὑμῖν

1044 2355 1174 2390 εἰρήνην,
1201 2348 1248 2379 καὶ
1278 2350 1378 2386 ἀφίημι
1408 2350 1471 2384 ὑμῖν
1496 2350 1609 2384 είρήνην
1639 2348 1688 2383 τὴν
1722 2349 1803 2383 ἐμήν.
1822 2357 1831 2372 t

1044 2400 1162 2435 Εἴρηκα,
1187 2392 1275 2433 φησ“ι,’
1291 2397 1468 2428 πλειστάκις,
1488 2395 1526 2426 ὡς
1553 2395 1604 2421 οὐκ
1634 2395 1735 2431 ἀφήσω
1763 2395 1834 2430 ὑμᾶς

1043 2445 1176 2482 ὀρφανούς
1189 2454 1195 2460 ·
1209 2444 1266 2471 ἀλλ’
1281 2444 1340 2471 οὐδὲ
1357 2443 1432 2478 μόνοι
1444 2443 1494 2478 τὴν
1505 2442 1556 2476 γῆν
1568 2442 1695 2477 οἰκήσετε
1711 2441 1760 2468 τοῦ
1774 2441 1833 2476 βοη-

1044 2493 1154 2524 θοῦντος
1184 2491 1282 2526 ἔρημοι
1306 2490 1352 2516 καὶ
1371 2487 1480 2524 γυμνοί.
1507 2487 1659 2521 Συνέσομαι
1677 2487 1734 2522 γὰρ
1754 2487 1834 2514 πάλιν

1044 2540 1126 2574 ύμῖν,
1154 2537 1201 2565 καὶ
1217 2536 1295 2564 ἀπὼν
1310 2535 1348 2570 τῷ
1366 2534 1484 2570 σώματι,
1503 2534 1649 2569 ἀνατειχιῶ
1674 2534 1758 2560 πάλιν
1776 2534 1835 2565 ταῖς

1044 2585 1210 2620 εὐμενείαις,
1229 2583 1267 2615 ὡς
1292 2582 1368 2613 Θεὸς,
1389 2581 1445 2607 ἄνω
1459 2580 1577 2615 θήσομαι
1591 2580 1708 2616 θορύϐου
1723 2581 1834 2612 παντὸς,

1046 2629 1187 2665 περιέσται
1211 2628 1239 2654 δὲ
1262 2627 1312 2662 τῆς
1339 2627 1474 2662 ὑμετέρας
1501 2626 1647 2661 εὐτολμίας
1663 2626 1763 2657 οὐδείς.
1780 2627 1834 2656 lli;

1044 2676 1099 2711 γὰρ
1116 2675 1240 2710 ἁτονήσει
1253 2673 1346 2708 φόϐος,
1361 2673 1408 2698 καὶ
1424 2672 1508 2699 δειλία
1524 2673 1572 2708 μὲν
1588 2673 1711 2699 ὲκποᾶυν
1727 2673 1834 2707 οἰχήσε-

1045 2731 1100 2754 ται,
1124 2720 1183 2748 θεία
1207 2720 1235 2747 δέ
1251 2728 1293 2751 τις
1317 2720 1346 2745 ὲν
1363 2720 1428 2754 ύμῖν
1443 2719 1567 2745 ἀνατελεῖ
1585 2719 1711 2753 δύναμις,
1734 2718 1836 2753 σχολά-

1047 2769 1118 2801 ζοντι
1143 2767 1192 2802 νῷ,
1219 2766 1266 2792 καὶ¹
1292 2765 1448 2800 γαληνιώσῃ
1464 2765 1571 2800 καρδίᾳ,
1594 2764 1748 2798 ξεναγοῦσα
1771 2764 1836 2798 πρὸς

1047 2813 1217 2847 ἀποκάλυψιν
1242 2811 1297 2838 τῶν
1320 2811 1391 2846 ὑπὲρ
1421 2810 1592 2845 ἀνθρώπινον
1622 2810 1696 2837 νοῦν.
1723 2809 1782 2836 Νῦν
1809 2809 1836 2836 δὲ
