1926 3041
119 177 176 206 305

639 172 673 200 IN
691 170 833 199 JOANNIS
843 168 1066 198 EVANCEUUM
1087 169 1150 196 LIB.
1171 168 1204 197 X.

1696 169 1750 199 306

121 248 131 263 ι
147 237 246 271 δίδωμι
265 235 331 270 ὑμῖν
345 235 467 271 εἰρήνην,
484 243 493 260 ι
515 233 564 268 οὐχ
586 231 689 264 ἁπλῶς,
703 231 762 258 ἀλλ’
779 241 788 257 ‹
801 231 913 266 εἰρήνην

971 228 1035 256 nihil
1050 228 1124 256 aliud
1141 232 1183 255 est
1207 235 1300 263 quam,
1315 227 1389 254 Dabo
1405 226 1550 262 Spiritum,
1565 231 1592 254 et
1613 227 1696 255 adero
1710 230 1748 257 eis

115 282 170 317 ’τὴν
185 282 267 316 ἐμήν.
293 290 303 306 ι
325 280 410 307 Τοῦτο
428 279 456 305 δὲ
474 277 508 315 ἦν
524 278 645 314 ἐναργῶς
665 277 741 304 οὐδὲν
760 277 853 312 ἓτερον
875 276 913 302 εἰ-

121 330 195 359 πεῖν,
210 328 227 363 ἢ
243 329 283 354 ὅτι
297 327 450 362 Χορηγήσω
463 325 493 352 τὸ
509 325 630 360 Πνεῦμα,
647 324 695 350 καὶ
715 324 862 358 συνέσομαι
879 322 911 348 δι’

120 374 242 408 ἐμαυτοῦ
266 375 321 404 τοῖς
343 372 497 407 δεχομένοις
521 371 596 398 αὑτό.
621 371 683 396 Ὀτι
705 370 759 405 γὰρ
780 370 796 404 ή
817 369 912 404 εἰρήνη

119 419 243 453 Χριστοῦ
261 419 291 446 τὸ
307 418 419 453 Πνεῦμα
435 418 508 444 ἐστιν
527 416 621 448 αὑτοῦ,
640 414 744 450 μακροῦ
766 414 816 450 μὲν
836 413 914 449 οἶμαι

121 465 161 501 μή
176 465 377 499 δεῖσθαιλόγου
404 464 471 500 πρὸς
497 463 683 498 πληροφορίαν
703 462 749 488 καὶ
765 461 912 492 ἀπόδειξιν.

120 512 198 547 Πλὴν
217 512 308 538 ἐκεῖνο
324 511 405 545 φάναι
427 510 480 536 δεῖν
497 508 689 543 ὑπολαμϐάνω.
718 508 749 534 Εἰ
765 507 819 542 γὰρ
833 506 913 538 αὑτός

120 558 199 583 ἐστιν
212 558 228 592 ἡ
241 558 271 583 ὲν
281 558 338 587 τοῖς
350 557 473 592 οὐρανοῖς
485 555 579 590 εἰρήνη
595 554 642 579 καὶ
656 554 701 580 ἐπὶ
717 552 766 587 τῆς
781 553 842 587 γῆς,
856 551 914 583 πῶς

120 603 173 629 οὐκ
188 602 221 629 ἂν
239 602 282 637 εἴη
298 602 390 628 λοιπὸν
406 601 486 628 παντί
509 609 547 634 τῳ
564 599 648 634 σαφὲς
662 599 712 629 ὅτι,
733 597 857 633 καθάπερ
875 598 914 623 εἱ-

124 649 263 684 ρήκαμεν,
281 649 297 683 ή
315 648 409 683 εἰρήνη
431 647 463 682 δὴ
481 646 588 677 πάντως
611 646 668 671 ἐστὶ
691 644 721 671 τὺ
736 644 848 678 Πνεῦμα
866 643 916 670 αὺ-

121 693 171 720 τοῦ
184 702 191 725 ς
214 694 268 720 Κοιί¹
283 693 348 728 γοῦν
365 694 378 719 ὁ
393 693 535 723 θεσπέσιος
554 691 660 722 Παῦλος
673 690 741 726 πρὸς
755 698 831 721 τινας
843 689 895 724 ἔφη
906 697 913 704 ·

125 750 135 765 ε
147 740 205 766 Καὶ
217 741 234 775 ή
249 740 344 775 εἰρήνη
360 738 405 765 τοῦ
422 738 499 771 Θεοῦ,
515 739 532 773 ή
550 737 719 772 ὑπερέχουσα
734 736 824 763 πάντα
842 735 914 769 νοῦν,

123 786 270 822 φρουρήσῃ
286 786 334 817 τὰς
348 784 461 820 καρδίας
475 784 551 819 ὑμῶν
564 783 611 810 καὶ
624 783 657 810 τὰ
667 783 789 818 νοήματα
801 781 889 816 ὑμῶν.
902 791 911 807 )

123 832 223 858 Καέτοι
240 831 298 862 ’πῶς
317 831 346 857 οὑ
362 830 464 857 δίκαιον
480 830 590 861 ἐννοεῖν,
614 829 652 860 ὡς
671 828 702 854 οὐ
719 827 782 863 περὶ
799 827 915 862 ταυτησὶ

121 878 176 912 τῆς
190 878 301 913 εἰρήνης
317 877 366 912 τῆς
385 877 413 902 ὲν
427 875 466 911 τῷ
481 875 563 911 κοινῷ
575 875 724 910 νοουμένης
735 874 806 910 λόγῳ
823 883 852 900 τε
868 874 915 901 καὶ

124 923 273 958 πράγματι
293 922 326 949 τὰ
341 922 453 949 τοιαῦτά
474 929 570 957 φησιν;
598 921 631 947 Ἦ
649 921 696 956 μὲν
710 920 764 955 γὰρ
779 920 914 955 ἀφιλόμα-

123 977 174 1002 χος
192 969 239 995 καὶ
256 968 454 1003 ἀφιλοπόλεμος
475 968 542 1001 ἕξις,
567 968 628 994 ὅσον
644 968 673 993 ὲν
691 966 805 998 οἰκείαις
820 967 916 1001 ῥοπαῖς

124 1013 176 1039 καὶ
199 1013 229 1039 ὲν
255 1012 362 1048 θελήσει
386 1014 419 1048 τῇ
443 1013 503 1039 καθ’
530 1012 630 1048 ἑαυτὴν
653 1012 764 1047 εἰρήνην
789 1010 845 1046 ἔχει
870 1011 916 1037 καὶ

124 1059 285 1093 ἐργάζεται.
313 1059 367 1085 Καὶ
395 1059 445 1085 οὐκ
473 1058 653 1086 ὲνυπόστατόν
673 1067 699 1085 τι
720 1058 767 1085 καί
795 1058 917 1093 ὑπάρχον

126 1105 203 1137 ἰδίοις
228 1105 377 1140 οἰησόμεθα
393 1113 457 1131 ποτε
481 1105 531 1140 τὴν
546 1104 616 1130 οὕτω
631 1103 779 1139 νοουμένην
795 1103 916 1139 εἰρήνην,

124 1151 186 1178 ἀλλ’
203 1152 232 1177 ὲν
256 1150 310 1183 ἕξει
334 1152 366 1186 τῇ
384 1150 438 1176 τῶν
462 1150 631 1183 ἀγαπώντων
653 1149 737 1184 αὐτὴν
760 1143 918 1183 συμϐαίνειν

124 1198 326 1232 ὑπονοήσομεν.
344 1197 405 1228 Πῶς
418 1194 464 1223 οῦν
479 1197 532 1232 ἄρα
546 1197 641 1231 νοήσαι
652 1204 695 1227 τις
708 1195 740 1222 ἂν
756 1195 844 1222 πάντα
856 1194 918 1222 νοῦν

124 1243 274 1278 ὑπερέχειν
298 1244 347 1278 τὴν
370 1243 497 1279 τοιαύτην
520 1243 649 1278 εἰρήνην;
678 1242 714 1268 Τὸ
736 1241 790 1277 γὰρ
807 1241 917 1277 μηδαμῆ

127 1289 265 1324 μηδαμῶς
294 1290 323 1316 ὃν
351 1289 411 1316 κατ’
437 1289 506 1316 ἰδίαν
538 1289 671 1323 ὕπαρξιν,
695 1287 754 1320 πῶς
775 1287 807 1314 ἂν
832 1288 919 1314 νοοῖτο

125 1335 253 1369 κρεῖττόν
272 1344 301 1361 τε
317 1335 363 1361 καὶ
381 1335 490 1370 ἄμεινον
512 1334 662 1369 ἀνθρώπων
685 1334 776 1369 τυχὸν,
801 1333 817 1369 ἦ
834 1333 919 1367 ἀγγέ-

126 1381 195 1414 λων,
212 1381 229 1417 ή
245 1381 300 1408 τῶν
315 1381 355 1407 ἔτι
370 1381 498 1417 προσάνω
511 1381 684 1416 νοουμένων;
703 1379 774 1406 Νοῦν
785 1379 839 1414 γὰρ
850 1377 919 1406 εἶναι

125 1429 179 1455 καὶ
203 1428 291 1456 ταῦτα
316 1437 416 1463 φαμεν,
442 1427 546 1454 Οὐκοῦν
560 1428 577 1462 ή
601 1427 670 1462 ὑπὲρ
692 1426 800 1462 Ἀρχὰς,
817 1427 834 1461 ἡ
850 1425 920 1461 ὑπὲρ

134 1473 289 1506 Ἐξουσίας,
305 1474 321 1509 ὴ
341 1473 411 1508 ὑπὲρ
425 1473 543 1509 Θρόνους
557 1473 574 1508 ἢ
590 1473 773 1508 Κυριότητας,
789 1472 836 1498 καὶ
850 1471 921 1507 ὑπὲρ

130 1521 220 1546 πάντα
237 1519 300 1546 νοῦν
315 1519 420 1554 εἰρήνη,
436 1519 466 1545 τὸ
484 1518 597 1553 Πνεῦμα
614 1517 734 1554 Χριστοῦ
750 1518 819 1549 ἐστι,
839 1517 872 1543 δι’
889 1515 919 1543 οῦ

128 1566 164 1593 τὰ
180 1566 275 1592 πάντα.
289 1564 327 1600 τῷ
340 1564 398 1600 Θεῷ
415 1565 462 1591 καὶ
478 1565 566 1600 Πατρὶ
580 1564 747 1600 κατήλλαξεν
763 1565 778 1590 ὁ
792 1565 865 1597 Υἱὸς,
881 1564 920 1600 τῷ
934 1584 956 1613 C

128 1611 167 1638 τὰ
182 1611 281 1638 ἑαυτοῦ
297 1611 384 1638 θέλειν
399 1611 445 1638 καὶ
461 1609 612 1645 βούλεσθαι,
633 1611 703 1636 νοεῖν
718 1619 748 1636 τε
770 1611 817 1637 καὶ
834 1610 920 1646 πράτ-

128 1665 200 1687 τειν.
218 1657 264 1683 καὶ
282 1656 320 1692 μὴ
342 1655 458 1691 ἑτέρωσέ
474 1663 519 1682 ποι
533 1656 632 1690 χωρεῖν
645 1656 684 1686 εἰς
701 1655 861 1688 ἀπόστασιν,
877 1655 921 1681 διὰ

129 1704 181 1738 τῆς
195 1703 235 1733 εἰς
249 1701 284 1728 τὰ
306 1701 396 1736 φαῦλα
416 1701 607 1737 ’παρατροπῆς-
631 1700 718 1727 Λυπεῖ
743 1700 771 1727 δὲ
784 1700 860 1726 οὐδὲν
874 1701 921 1727 καὶ

130 1747 263 1782 λογισμὸν
279 1747 325 1773 ἐπὶ
335 1747 423 1782 τούτῳ
433 1746 525 1773 λαϐεῖν
538 1746 586 1772 οὐκ
598 1746 737 1772 ἀσύνετον.
752 1746 855 1782 Ὄνπερ
866 1747 921 1782 γὰρ

129 1793 233 1829 τρόπον
256 1792 372 1828 ἐπείπερ
396 1791 453 1828 ζωὴ
472 1792 542 1819 κατὰ
557 1792 636 1826 φύσιν
651 1792 724 1818 ἐστὶν
738 1793 751 1818 ὁ
768 1792 832 1824 Υἱὸς
843 1812 850 1822 .
875 1793 922 1819 καὶ

133 1838 216 1872 σοφία
239 1839 287 1864 καὶ
301 1837 414 1872 δύναμις
434 1836 558 1863 καλεῖται
576 1836 603 1862 δὲ
619 1836 665 1862 καὶ
681 1836 739 1862 ἐστι
765 1836 794 1862 τὸ
811 1836 922 1872 Πνεῦμα

132 1884 228 1917 αὑτοῦ,
240 1883 352 1919 Πνεῦμά
365 1885 422 1910 ἐστι
434 1883 516 1918 ζωῆς,
530 1883 576 1909 καί
588 1883 693 1917 σοφίας,
706 1883 752 1908 καὶ
765 1882 904 1917 δυνάμεως
913 1891 920 1899 ’

133 1928 221 1959 οὕτως
245 1927 361 1962 ἐπείπερ
383 1927 456 1964 ἐστὶν
473 1927 555 1958 αὑτός
576 1936 606 1953 τε
633 1927 680 1954 καὶ
707 1927 755 1967 οὐχ
781 1927 883 1963 ἕτερος,
904 1928 921 1963 ή

132 1974 243 2008 ἀληθῶς
254 1982 284 1999 τε
299 1974 345 1999 καὶ
360 1973 463 2008 κυρίως
473 1973 579 2008 εἰρήνη,
597 1973 694 2007 λέγοιτ’
706 1972 739 1999 ἂν
753 1973 865 2005 εἰκότως
876 1974 924 2000 καὶ

132 2021 222 2046 νοοῖτο
247 2019 329 2046 πάλιν
349 2018 410 2045 κατ’
426 2018 505 2045 αὑτὸν
530 2018 626 2053 εἰρήνη
651 2019 682 2045 τὸ
700 2019 812 2053 Πνεῦμα
827 2019 920 2048 αὐτοῦ.

133 2066 185 2092 Διά
195 2074 237 2092 τοι
251 2065 328 2091 τοῦτο
342 2065 389 2091 καί
405 2064 496 2096 ἰδικῶς
508 2065 659 2101 ἀναθεὶςτῇ
670 2065 766 2092 ἑαυτοῦ
781 2065 860 2100 φύσει
874 2065 923 2101 τὴν

136 2112 206 2138 ἰδίαν
232 2111 352 2146 εἰρήνην,
380 2110 453 2137 τοῦτ’
469 2110 526 2137 ἐστι
550 2111 580 2137 τὸ
604 2110 736 2146 Πνεῦμα,
763 2111 837 2146 λέγει
859 2113 924 2147 περὶ

133 2157 219 2190 αὑτοῦ
232 2165 240 2172 ⁵
268 2166 278 2182 ι
294 2157 411 2192 Εἰρήνην
425 2157 475 2191 τὴν
491 2156 560 2192 ἐμὴν
575 2156 676 2191 ἀφίημι
693 2157 768 2192 ὑμῖν.
785 2167 794 2183 ›
819 2157 880 2185 ’Ότι
896 2158 924 2184 δὲ

135 2202 184 2229 καὶ
199 2202 274 2237 παρὰ
289 2203 344 2233 τοῖς
360 2201 446 2235 ἁγίοις
462 2202 614 2237 προφήταις
628 2201 700 2228 οὕτω
715 2202 924 2237 κατωνόμασται

963 275 1009 310 qui
1023 283 1071 310 per
1085 275 1220 311 meipsum
1242 275 1317 302 illum
1335 275 1518 309 susceperint.
1533 274 1632 302 Pacem
1650 276 1751 311 quippe

962 321 1068 348 Christi
1084 321 1216 356 Spirilutn
1233 321 1294 356 ejus
1311 328 1383 352 esse,
1398 320 1478 355 longa
1495 328 1548 347 non
1568 324 1609 347 est
1626 321 1751 348 oratione

964 367 1145 402 probandum.
1164 366 1357 394 Verumtamen
1378 366 1412 394 de
1430 366 1483 393 hoc
1503 366 1652 394 dicendum
1672 372 1750 401 puto.

964 412 992 440 Si
1010 414 1082 440 enim
1100 413 1160 448 ipse
1170 419 1210 440 est
1227 421 1278 448 pax
1296 414 1323 440 itt
1337 413 1414 440 ctelis
1429 417 1456 440 et
1473 414 1499 440 in
1516 418 1601 445 terra,
1614 414 1752 448 quomodo

963 459 1052 486 cuivis
1079 467 1133 486 non
1165 460 1270 494 patebit
1297 460 1409 486 omnino
1431 467 1536 494 pacem,
1559 464 1587 486 ttt
1618 460 1751 489 dixitnus,

964 512 1026 531 esse
1046 504 1178 539 Spiritum
1200 505 1280 539 ejus?
1295 504 1326 531 Et
1347 506 1457 540 quidem
1475 505 1586 533 divinus
1601 505 1702 542 Paulus
1717 506 1751 533 ad

964 550 1097 586 quosdam
1113 551 1273 579 scribebat:
1291 561 1300 577 ε
1317 552 1348 579 Ει
1365 559 1415 586 pax
1431 551 1513 588 840
1530 553 1586 585 Dei,
1601 561 1661 587 qua:
1671 560 1752 580 exsu-

965 601 1043 631 perat
1065 604 1173 623 omnem
1197 604 1321 628 sensum.
1344 598 1479 625 custodiat
1506 598 1590 626 corda
1612 603 1702 626 vestra
1725 602 1752 625 et

965 640 1161 676 intelligentias
1184 647 1291 670 vestras
1304 642 1374 670 “"‘.
1399 652 1407 668 ›
1427 645 1460 671 At
1481 644 1544 679 quis
1561 644 1686 679 nonjure
1698 644 1749 672 sibi

966 688 1139 722 persuadeat,
1159 696 1213 715 non
1228 688 1262 716 de
1280 689 1329 716 hac
1346 697 1411 723 pace
1427 697 1508 724 quant
1529 690 1611 726 vulgo
1631 690 1751 719 dicimus

966 740 998 759 ac
1010 733 1250 768 intelligimus’ista
1257 734 1310 761 dici
1322 734 1333 760 ’ἰ
1347 735 1425 761 Anim
1431 736 1542 762 usenim
1552 736 1625 763 omni
1636 740 1753 763 conten-

968 779 1050 807 tionis
1068 780 1160 807 studio
1176 787 1279 807 vacuus
1301 781 1328 806 in
1345 788 1394 807 sua
1410 781 1592 815 propensione
1611 789 1643 808 ac
1656 775 1756 809 volitn-

967 828 1023 852 tate
1041 832 1134 859 pacem
1153 825 1234 852 habet
1251 833 1366 860 eamque
1384 827 1460 854 colit.
1472 826 1566 861 Neque
1578 835 1642 854 vero
1659 835 1752 862 paeem

968 871 1124 898 istiusmodi
1144 879 1264 906 unquam
1289 872 1448 906 putabimus
1466 873 1586 908 aliquam
1609 881 1671 900 esse
1686 873 1752 901 sub-

966 917 1110 947 stantiam.
1125 917 1173 943 sed
1199 916 1226 943 in
1246 924 1342 944 eorutn
1361 918 1460 946 animis
1475 918 1522 953 qui
1550 918 1668 953 diligunt
1692 927 1753 946 eam

966 962 1060 989 habitu
1097 962 1253 990 formatam.
1276 963 1425 995 Quomodo
1456 966 1520 999 ergo
1553 972 1647 999 pacem
1682 965 1754 993 hanc

967 1016 1075 1036 omnem
1101 1016 1212 1036 sensum
1245 1017 1414 1044 exsuperare
1447 1009 1651 1045 intelligemus?
1676 1011 1754 1043 Quod

967 1053 1039 1080 enim
1063 1061 1198 1089 nusquam
1215 1055 1329 1082 omnino
1346 1063 1393 1089 per
1407 1063 1438 1083 se
1455 1055 1594 1088 subsistit,
1615 1057 1755 1091 quomodo

967 1100 1145 1134 praestantius
1158 1101 1211 1127 erit
1227 1100 1396 1133 hominibus,
1408 1105 1455 1128 aut
1472 1102 1589 1137 angelis.
1602 1102 1660 1130 sive
1673 1103 1753 1130 etiam

968 1146 1230 1182 archangelis,quos
1244 1151 1348 1175 mentes
1359 1147 1440 1175 etiam
1454 1155 1514 1174 esse
1523 1147 1760 1181 dicimus?Qnare

968 1199 1018 1226 pax
1035 1192 1081 1218 illa
1099 1200 1160 1227 quae
1177 1198 1326 1228 exsuperat
1341 1193 1526 1228 Principatus,
1543 1199 1568 1220 et
1589 1193 1754 1226 Potestates,

969 1241 996 1264 et
1008 1237 1135 1265 Thronos
1151 1238 1226 1273 ipsos
1237 1243 1263 1266 et
1275 1239 1493 1271 Dominationes,
1510 1240 1632 1275 adeoque
1647 1248 1755 1267 onmem

970 1288 1101 1316 mentem,
1114 1284 1233 1319 Spiritus
1247 1285 1348 1313 Christi
1364 1291 1416 1317 est,
1431 1293 1480 1320 per
1495 1294 1575 1320 quem
1592 1283 1684 1314 omnia
1701 1285 1757 1313 Dco

969 1338 1003 1358 ac
1021 1331 1093 1359 Patri
1110 1333 1310 1365 reconciliavit,
1323 1333 1386 1360 dum
1403 1333 1469 1360 nihil
1484 1333 1557 1359 aliud
1578 1333 1644 1365 vult,
1663 1333 1754 1365 sentit,

970 1378 1108 1410 autfacit,
1122 1386 1172 1405 nec
1188 1378 1371 1406 conversione
1390 1379 1423 1405 ad
1446 1379 1548 1405 malum
1561 1379 1615 1405 alio
1637 1378 1757 1406 deﬂectit

970 1423 1004 1450 ab
1024 1424 1096 1458 ipso.
1113 1422 1186 1450 Nihil
1209 1428 1301 1450 autem
1329 1424 1407 1450 obest
1434 1423 1682 1450 considerationem
1713 1422 1757 1449 hic

970 1477 1052 1503 porro
1073 1469 1171 1496 afferre
1196 1477 1252 1496 non
1279 1469 1414 1497 insulsam
1436 1472 1511 1496 certe
1532 1468 1573 1495 vel
1590 1468 1756 1503 imperitam.

970 1514 1204 1547 Quemadmodum
1220 1514 1294 1541 enim
1313 1521 1374 1540 eum
1391 1513 1446 1540 vita
1461 1513 1611 1540 secundum
1631 1517 1757 1539 naturam

972 1560 1009 1587 sit
1030 1559 1127 1591 Filius,
1150 1564 1177 1586 et
1203 1560 1351 1594 sapientia,
1373 1567 1405 1586 ac
1423 1559 1521 1591 virtus,
1541 1563 1568 1585 et
1586 1558 1703 1594 Spiritus
1722 1560 1760 1586 sit

973 1610 1054 1640 atque
1071 1609 1184 1632 vncetur
1205 1604 1268 1639 ejus
1285 1604 1416 1639 Spiritus,
1436 1604 1554 1638 Spiritus
1576 1609 1618 1630 est
1638 1605 1710 1636 vitaz,
1731 1608 1760 1631 et

972 1651 1124 1685 sapientiae.
1151 1657 1183 1676 ac
1203 1649 1313 1677 virtutis
1338 1658 1345 1676 :
1367 1648 1404 1676 ita
1427 1657 1489 1676 cum
1507 1643 1544 1675 sit
1562 1649 1623 1683 ipse
1649 1654 1675 1676 et
1703 1657 1757 1676 non

972 1697 1043 1724 alius
1056 1703 1120 1723 vera
1135 1700 1161 1723 et
1185 1696 1296 1731 propria
1322 1703 1384 1730 pax,
1400 1695 1463 1730 jure
1485 1694 1593 1722 dicetur
1609 1703 1641 1722 ac
1659 1702 1758 1722 cense-

973 1743 1049 1769 bitur
1066 1742 1138 1769 sicut
1162 1742 1221 1776 ipse
1249 1749 1299 1776 pax
1327 1740 1447 1776 Spiritus
1471 1740 1540 1774 ejus.
1557 1740 1675 1775 Ideoque
1702 1747 1759 1768 sua:

973 1789 1061 1823 ipsius
1083 1792 1187 1815 natura:
1213 1787 1352 1822 propriam
1370 1794 1465 1822 pacem
1489 1787 1666 1821 peculiariter
1680 1787 1759 1813 attri-

974 1835 1072 1867 bttens,
1100 1835 1126 1862 id
1157 1838 1199 1862 est
1223 1833 1373 1869 Spiritum,
1392 1833 1428 1861 de
1451 1833 1511 1868 ipso
1538 1833 1577 1859 ait
1597 1843 1602 1860 :
1624 1842 1633 1858 ι
1659 1833 1759 1860 Pacem

973 1888 1062 1907 meam
1090 1880 1214 1915 relinquo
1234 1880 1322 1907 vobis.
1341 1887 1351 1905 ι
1368 1878 1445 1912 Quod
1469 1883 1559 1905 autent
1583 1879 1667 1906 etiam
1688 1878 1763 1913 apud

975 1930 1086 1953 sanctos
1102 1926 1250 1960 prophetas
1275 1924 1310 1951 ita
1327 1928 1503 1958 nuncupatus
1526 1924 1561 1951 sit
1580 1923 1683 1951 Christi
1701 1923 1762 1958 Spi-

974 1972 1055 2003 ritus,
1070 1979 1102 1998 ex
1121 1970 1200 1998 Isaia:
1221 1970 1312 1997 verbis
1334 1974 1410 1996 recte
1433 1969 1590 2003 intelliges:
1606 1978 1615 1994 ι
1635 1968 1761 1999 Domine,

975 2018 1066 2054 inquit
1082 2017 1165 2047 enim,
1182 2016 1253 2044 Deus
1268 2018 1373 2046 noster,
1393 2023 1487 2049 pacem
1501 2015 1535 2041 da
1552 2015 1632 2042 nobis
1647 2025 1653 2042 :
1669 2015 1761 2041 omnia

975 2064 1046 2094 enim
1073 2063 1217 2090 reddidisti
1244 2062 1322 2089 nobis
1333 2062 1366 2089 ".
1389 2071 1398 2087 ›
1421 2061 1505 2093 Quasi
1530 2061 1602 2088 enim
1626 2061 1669 2088 lex
1694 2061 1762 2087 nihil

976 2111 1008 2137 ad
1028 2110 1177 2145 perfectum
1195 2108 1350 2140 adduxerit,
1374 2115 1462 2142 neque
1481 2107 1549 2134 adeo
1564 2107 1679 2134 suiliciat
1700 2107 1762 2141 ejus
1803 2136 1806 2139 λ

974 2156 1093 2191 iustitia,
1109 2161 1139 2182 ut
1156 2155 1188 2182 ad
1206 2155 1394 2190 plenissimam
1406 2157 1433 2180 et
1456 2153 1685 2187 perfectissimam
1703 2154 1762 2187 pic-

976 2207 1059 2229 tatem
1090 2202 1226 2228 hominem
1254 2205 1374 2231 revocet,
1398 2199 1519 2226 divinum
1549 2199 1607 2225 dari
1630 2198 1761 2232 Spiritum

134 2248 166 2274 τὸ
185 2247 295 2282 Πνεῦμα
307 2246 436 2282 Χριστοῦ,
459 2248 584 2283 συνήσεις
597 2245 626 2273 εῦ
644 2247 715 2282 μάλα
728 2247 762 2274 τὸ
775 2247 818 2274 διὰ
832 2247 919 2283 φωνῆς

980 2248 1094 2282 ﬂagitat,
1117 2254 1165 2282 per
1187 2255 1268 2282 quem
1299 2245 1467 2273 reconciliati
1496 2245 1551 2272 Deo
1575 2252 1607 2271 ac
1635 2244 1762 2272 Patriad

140 2292 256 2319 Ἰἰσαῖου
279 2291 371 2326 μαθών
382 2299 389 2306 ⁵
409 2300 418 2316 ι
430 2290 516 2326 Κύριε
531 2291 595 2327 γὰρ,
613 2292 705 2327 φησὶν,
722 2292 736 2317 ὁ
751 2292 817 2322 Θεὸς
834 2293 924 2328 ήμῶν,

135 2337 250 2372 εἰρήνην
264 2336 307 2368 δὸς
321 2337 386 2371 ἡμῖν
398 2343 406 2350 ·
423 2336 511 2362 πάντα
525 2335 580 2371 γὰρ
594 2336 738 2368 ἀπέδωκας
753 2337 828 2372 ἡμῖν.
844 2346 853 2362 ι
883 2337 927 2369 Ὡς

135 2384 192 2418 γὰρ
208 2383 284 2410 οὐδὲν
298 2382 346 2409 τοῦ
364 2382 447 2418 νόμου
461 2382 677 2415 τετελειωκότος,
699 2381 760 2409 οὔτε
777 2383 830 2418 μὴν
847 2382 927 2418 ἐξαρ-

135 2428 241 2463 κούσης
255 2428 304 2463 τῆς
323 2427 382 2454 κατ’
399 2422 480 2454 αὐτὸν
494 2428 666 2462 δικαιοσύνης
683 2428 723 2460 εἰς
738 2428 927 2464 πληρεστάτην

136 2475 280 2501 εὑσέὅειαν
294 2475 459 2509 ἀνακομίσαι
482 2474 527 2501 τὺν
542 2474 693 2510 ἄνθρωπον,
715 2475 745 2502 τὸ
770 2474 885 2510 Πνεῦμα
897 2475 928 2502 τὸ

136 2521 209 2547 θεῖον
233 2521 342 2556 δοθῆναι
365 2521 535 2557 παρακαλεῖ,
556 2521 589 2547 δι’
608 2518 638 2547 οῦ
655 2521 874 2557 κατηλλαγμὲνοι
888 2522 928 2557 τῷ

136 2566 198 2602 θεῷ
211 2567 259 2594 καὶ
269 2567 357 2602 Πατρὶ
372 2567 441 2602 πρὸς
458 2567 547 2601 φιλίαν
560 2567 780 2603 ἀνακεκλήμεθα,
796 2568 929 2602 δραπέται

136 2613 168 2639 τὺ
182 2614 247 2648 πρὶν
264 2612 480 2647 ἁναδεδειγμένοι
495 2613 538 2639 διὰ
553 2612 602 2648 τὴν
615 2614 656 2646 ἐφ’
673 2613 746 2648 ἡμᾶς
771 2612 928 2648 βασιλεύου-

138 2668 190 2685 σαν
219 2659 369 2694 ἁμαρτίαν.
393 2658 443 2690 Δὸς
468 2658 612 2694 τοιγαροῦν
638 2658 686 2694 τὴν
710 2659 820 2694 εἰρήνην
844 2659 928 2694 ήμῖν,

137 2706 233 2740 φησὶν,
254 2702 276 2732 ὧ
289 2705 422 2736 Δέσποτα,
440 2705 528 2731 πάντα
542 2705 595 2739 γὰρ
614 2705 756 2736 ἀπέδωκας
771 2706 847 2740 ἡμῖν.
873 2705 928 2731 Καὶ

137 2752 151 2778 ὃ
177 2751 304 2786 βούλεται
329 2750 425 2785 δηλοῦν
449 2748 519 2776 εἷναί
546 2758 618 2785 φημι
645 2750 782 2777 τοιοῦτον·
812 2750 928 2781 Ἐπίδος,

138 2794 269 2833 egi-prima)
292 2796 425 2828 Δέσποτα,
449 2796 497 2831 τὴν
521 2797 641 2831 εἰρήνην.
669 2795 760 2822 Πάντα
780 2796 834 2831 γὰρ
856 2795 926 2830 ἔχειν

977 2293 1125 2320 amicitiam
1147 2293 1267 2320 revocati
1284 2300 1391 2324 sumus,
1406 2291 1452 2326 qui
1472 2294 1581 2326 propter
1598 2298 1716 2326 regnans
1736 2291 1766 2317 in

977 2347 1027 2366 nos
1043 2343 1187 2374 peccatum
1214 2337 1321 2373 fugitivi
1343 2337 1420 2372 prius
1442 2344 1562 2364 eramus.
1583 2345 1592 2361 ι
1611 2335 1649 2362 Da
1669 2343 1763 2369 pacem
1793 2336 1796 2339 '

977 2386 1056 2412 nobis
1081 2385 1174 2420 igitur,
1200 2391 1216 2411 ο
1237 2384 1351 2411 Domine
1376 2383 1491 2411 :omnia
1520 2382 1591 2410 enim
1619 2381 1763 2409 reddidisti
1794 2406 1797 2408 _

978 2432 1069 2468 nobis.
1087 2441 1095 2457 ι
1113 2430 1186 2458 Idem
1202 2435 1245 2458 est
1263 2437 1297 2457 ac
1313 2429 1334 2457 si
1350 2430 1474 2457 diceret:
1492 2428 1541 2461 Da,
1562 2428 1661 2463 inquit,
1678 2435 1694 2454 o
1711 2427 1764 2454 Do-

979 2478 1062 2507 mine,
1078 2478 1183 2512 pacem.
1206 2476 1304 2504 Omnia
1329 2475 1401 2503 enim
1417 2479 1483 2502 tunc
1500 2482 1552 2502 nos
1570 2475 1672 2502 habere
1695 2473 1764 2501 fate-

979 2524 1080 2555 bimur,
1096 2523 1219 2558 nihilque
1236 2522 1300 2550 boni
1325 2522 1422 2549 deesse
1436 2521 1573 2548 videbitur
1592 2521 1616 2547 oi
1639 2520 1685 2555 qtti
1707 2520 1765 2553 ple-

980 2569 1143 2597 nitudinem-
1157 2569 1239 2607 84],
1256 2568 1357 2596 Christi
1381 2566 1529 2601 acceperit.
1549 2565 1644 2593 Omnis
1665 2566 1768 2600 quippe

980 2615 1044 2642 boni
1063 2615 1204 2650 plenitudo
1227 2618 1279 2646 est,
1303 2613 1386 2640 Deum
1409 2613 1435 2639 in
1460 2611 1540 2638 nobis
1568 2611 1692 2638 habitare
1717 2619 1765 2645 per

983 2660 1116 2695 Spiritum
1137 2659 1171 2687 ⁸⁸.
1197 2660 1334 2693 Quoniam
1354 2665 1419 2693 ergo
1442 2656 1562 2692 Spirittts
1579 2664 1658 2683 omne
1679 2656 1768 2682 animi

983 2707 1184 2733 turbantentum
1202 2706 1309 2738 sedare,
1321 2711 1483 2738 omnemque
1499 2702 1526 2729 in
1548 2702 1627 2729 nobis
1646 2701 1766 2728 formidi-

983 2760 1044 2779 nent
1058 2759 1234 2786 compescere
1248 2751 1366 2779 maxime
1378 2753 1476 2786 potest,
1485 2749 1551 2775 illtnl
1564 2746 1771 2783 quodammodo

984 2797 1137 2825 subsidium
1155 2797 1191 2825 ad
1205 2797 1288 2825 animi
1305 2796 1388 2824 robur
1399 2801 1426 2824 et
1442 2793 1658 2830 perturbationis
1673 2792 1773 2819 vacuis

173 2885 235 2900 ⁸⁹·“
253 2884 374 2919 Philipp.
390 2892 428 2916 tv,
448 2884 472 2912 7.
511 2885 533 2900 "
552 2884 603 2912 lsa.
623 2892 697 2916 xxvi,
721 2885 762 2912 l2.
803 2885 826 2901 ⁵⁸
846 2885 919 2913 Golo:

973 2893 996 2918 ι,
1017 2886 1059 2914 l9.
