1926 3041
103 131 158 159 313

641 127 676 155 lN
692 126 835 165 JOANNIS
852 125 1079 170 EVANGE.-[UM
1093 127 1157 155 LIB.
1180 129 1212 157 Χ.

1631 142 1633 144 ·
1680 130 1733 158 διι

109 190 180 216 ’Δλλ“
192 189 242 216 οὐκ
257 188 332 224 αὑτῷ
346 188 384 224 τῷ
394 187 451 227 Υἰῷ
465 188 543 214 τοῦτο
557 187 700 223 χρήσιμον,
720 186 856 217 λυσιτελὲς
864 185 888 212 δὲ

944 188 992 214 sed
1010 187 1141 215 conducit
1151 188 1243 223 potius
1257 188 1289 215 ad
1303 188 1411 215 Patrem
1428 188 1587 218 ascendere,
1600 196 1733 224 suamque

103 235 205 271 μᾶλλον
213 235 244 261 τὸ
257 234 391 269 ἁναὸἧναι
402 234 470 269 πρὸς
481 234 527 260 τὸν
533 233 653 268 Πατέρα,
669 232 716 259 καὶ
730 232 778 267 τὴν
792 231 895 258 οἰκείαν

102 279 324 315 ἀνακομίσασθαι
339 280 419 313 δόξαν
433 288 462 305 τε
477 279 523 306 καὶ
535 278 660 312 ἐξουσίαν
679 277 726 304 καὶ
743 277 851 311 ἀξίωμα
864 275 895 302 τὸ

102 326 258 361 Θεοπρεπὲς
281 325 442 360 ἀναφανδὸν,
456 326 505 352 καὶ
525 325 616 351 οὐκέτι
641 322 891 357 κατεσκιασμένως.
911 335 924 349 ς.

101 372 242 399 Κεκάοικε
256 371 312 407 γὰρ
328 372 359 398 ἐκ
370 371 475 404 δεξιῶν,
501 371 637 401 ἐθέλοντος
653 369 731 397 τοῦτο
746 370 792 396 καὶ
809 368 892 395 αὑτοῦ

99 416 147 444 τοῦ
166 417 284 452 Πατρός·
300 417 372 451 φιλεί
384 417 438 452 γὰρ
448 416 486 447 ὡς
502 416 566 442 ἴδιον
577 415 710 450 γέννημα,
724 415 769 441 καὶ
777 414 814 445 ὡς
829 421 894 449 καρ-

101 465 153 489 πον
171 464 223 499 τῆς
250 464 345 495 οὐσίας
374 463 467 490 αὐτοῦ.
488 462 594 489 Οὐκοῦν
616 462 660 488 διὰ
684 460 763 488 τοῦτό
789 468 890 495 φησιν·

100 509 132 535 Εἰ
148 509 279 543 ἠγαπᾶτέ
302 518 345 544 με,
363 509 480 544 ἐχάρητε
504 508 536 534 ἂν
550 507 591 534 ὃτι
603 506 754 542 πορεύομαι
769 506 836 540 πρὸς
847 505 892 532 τὸν

100 554 226 590 Πατέρα,
250 555 290 580 ὅτι
315 555 329 580 ὁ
346 554 439 589 Πατὴρ
458 552 558 588 μείζων
577 561 627 587 μου
653 551 736 579 ἐστίν.
759 560 767 575 ι
787 551 892 582 Ὄντως

99 600 151 634 τῆς
168 601 209 631 εἰς
224 600 305 627 αὐτὸν
323 600 432 634 ἀγάπης
447 598 581 630 ἀπόδειξις
594 596 629 634 ἦν
653 597 684 624 τὸ
697 596 735 632 μὴ
748 596 892 623 λυπεῖσθαι

98 645 232 672 τοσοῦτον
247 646 291 672 διὰ
301 645 350 681 τὴν
362 645 493 672 δοκοῦσαν
508 644 650 679 ἀπόλειψιν
673 644 720 670 καὶ
735 642 892 677 ἀναγκαίως

98 691 330 726 παραληφθεῖσαν
346 691 509 726 ἀποδημίαν·
522 689 722 725 διενθυμεῖσθαι
734 689 762 716 δὲ
780 688 890 724 μᾶλλον,

97 737 140 763 ὅτι
155 737 226 772 πρὸς
236 737 285 772 τὴν
302 737 374 772 αὺτῴ
401 736 557 772 πρέπουσάν
587 744 617 763 τε
642 736 689 766 καὶ
712 734 890 769 ὀφειλομένην

97 783 253 818 περοίτηκε
273 783 361 816 δόξαν,
387 783 434 809 καὶ
455 783 495 814 εἰς
514 783 544 809 τὸ
560 782 673 817 ἀρχαῖον
686 781 804 815 ἀξίωμα,
818 780 890 807 τοῦτ’

97 829 170 861 ἐστι,
182 829 213 856 τὸ
225 829 376 864 θεοπρεπὲς
391 828 524 865 ἐναργῶς.
550 829 605 855 Καὶ
628 827 693 862 γοῦν
712 829 726 854 ὁ
742 826 869 862 Μελῳδὸς
881 846 889 858 ,

947 234 1062 268 gloriam
1078 239 1105 261 et
1119 238 1280 269 potestatem
1289 242 1321 262 ac
1333 234 1494 270 dignitatem
1510 235 1629 262 divinam
1644 235 1733 269 palam

946 283 974 306 et
998 287 1051 306 non
1075 280 1131 315 jam
1161 281 1268 307 occulte
1293 284 1375 315 atque
1404 280 1567 307 adumbrate
1598 278 1753 314 recipere.‘

947 324 1024 352 Sedit
1036 326 1109 352 enim
1121 333 1135 352 a
1151 326 1265 359 dextris,
1278 326 1304 353 id
1319 327 1379 360 ipso
1393 334 1502 361 quoque
1514 327 1622 354 volente
1634 325 1731 354 Patre:

946 375 1019 397 autat
1035 372 1134 407 quippe
1151 376 1180 399 ut
1195 380 1274 399 smun
1292 372 1429 407 genimen,
1447 376 1473 399 et
1486 377 1514 399 ut
1531 371 1649 399 fructum
1664 372 1731 398 sub-

946 417 1054 445 stantiae
1071 426 1137 446 suas.
1150 419 1283 452 Quocirca
1301 419 1356 445 ait:
1370 427 1379 444 ι
1398 418 1425 445 Si
1438 418 1588 453 diligeretis
1599 425 1652 449 tne,
1666 425 1731 452 gau-

946 463 1048 491 deretis
1068 465 1172 499 utique,
1194 465 1257 500 quia
1281 465 1349 492 vado
1365 464 1400 492 ad
1422 463 1530 491 Patrem
1549 474 1555 491 :
1572 464 1636 499 quia
1650 464 1732 491 Pater

945 510 1034 544 major
1048 518 1092 538 me
1109 515 1161 539 est.
1184 520 1194 537 ι
1218 510 1251 537 Et
1265 516 1338 538 certe
1353 510 1509 537 dilectionis
1526 517 1589 545 erga
1606 517 1669 537 eum
1685 517 1732 536 ar-

945 563 1102 590 gumentum
1125 557 1233 590 fuisset,
1253 564 1429 591 nequaquam
1450 560 1555 583 tantum
1571 555 1674 582 doloris
1697 563 1731 582 cx

944 602 1005 636 ejus
1021 602 1145 630 absentia
1163 607 1190 630 et
1209 603 1269 637 ejus
1285 602 1411 629 discessu
1431 608 1540 636 capere,
1561 601 1608 628 sed
1627 601 1654 627 in
1672 601 1729 627 ani-

945 656 1020 675 mum
1040 649 1130 683 potius
1150 648 1294 680 inducere,
1312 648 1345 675 ad
1362 647 1570 675 convenientem
1591 646 1672 682 845
1692 647 1730 674 si-

946 692 1028 727 bique
1046 693 1164 725 debitam
1179 693 1303 728 gloriam,
1319 697 1346 719 et
1366 692 1400 719 ad
1417 696 1536 719 veterem
1557 691 1728 726 dignitatem.

946 738 998 765 hoc
1013 742 1054 766 est
1070 739 1125 766 Deo
1138 739 1232 773 utique
1247 738 1368 773 dignam,
1380 739 1469 772 ipsum
1481 737 1642 765 ascendere.
1653 736 1731 764 Unde

945 784 1101 817 Psalmista,
1119 785 1164 819 qui
1180 793 1227 820 per
1242 784 1373 819 Spiritum
1388 783 1517 820 mysteria
1542 783 1704 818 loquebatur
1721 792 1729 810 :

948 839 957 856 α
978 830 1080 857 Omnes
1101 834 1205 865 gentes,
1237 830 1336 865 inquit,
1366 830 1486 864 plaudite
1512 829 1639 856 manibus
1657 829 1695 861 ⁶⁰;
1717 838 1726 854 ι

96 875 191 902 καίτοι
208 875 254 902 διὰ
264 875 310 902 τοῦ
331 875 489 910 [Ινεύματος
500 874 589 901 λαλῶν
612 874 759 909 μυστήρια,
775 883 783 898 ι
799 873 888 899 Πάντα

942 875 1040 903 deinde
1069 875 1227 903 festivitatis
1255 883 1368 903 causam
1399 874 1731 910 explicans,Servatoris

95 921 134 946 τὰ
147 920 223 954 ἔθνη,
241 920 318 956 φησὶ,
335 921 488 956 κροτήσατε
504 921 609 955 χεῖρας·
627 929 637 945 ι
654 917 713 946 εἶτα
728 919 777 953 τῆς
793 918 890 954 ἑορτῆς

94 965 148 1000 τὴν
164 966 256 992 αἰτίαν
273 966 455 1001 ἐξηγούμενος
469 965 517 1002 τὴν
535 967 574 996 εἰς
599 966 731 1001 οὐρανοὺς
756 965 890 1000 ἀνάληψιν

94 1010 146 1036 τοῦ
163 1011 292 1046 Σωτῆρος
313 1010 495 1046 παρεκόμιζε,
513 1009 610 1043 λέγων·
646 1019 655 1036 r
678 1010 774 1049 ’Λνέὸη
795 1011 809 1036 ὸ
824 1009 892 1042 Θεὸς

95 1057 127 1081 ἐν
138 1055 300 1091 ἀλαλαγμῷ,
310 1056 412 1092 Κύριος
420 1057 449 1082 ὲν
458 1057 533 1092 φωνῇ
548 1056 721 1090 σάλπιγγοςρ
734 1056 891 1090 ἀλαλαγμὸν

93 1103 241 1137 ὀνομάζων
259 1103 307 1130 καὶ
327 1103 466 1137 σάλπιγγα
486 1102 535 1138 τὴν
549 1102 653 1138 ὑψηλὴν
671 1102 719 1129 καὶ
729 1101 891 1134 ἐξάκουστον

94 1149 144 1174 τοῦ
160 1148 320 1183 Πνεῦματος
345 1150 447 1184 φωνήν·
470 1149 514 1175 ὅτε
535 1150 594 1179 ταῖς
623 1148 680 1174 ἄνω
695 1148 828 1182 δυνάμεσι
841 1147 891 1179 τὰς

94 1193 186 1224 πύλας
198 1194 287 1228 αἴρειν
300 1193 477 1226 διεκελεύετο,
488 1194 534 1220 καὶ
551 1193 654 1228 Κύριον
670 1193 752 1220 αὐτὸν
764 1193 891 1228 ὠνόμαζε

92 1240 151 1266 τῶν
170 1240 325 1275 δυνάμεων,
336 1240 461 1276 καθάπερ
476 1240 605 1275 ἐλέγομεν
622 1240 734 1275 ἀρτίως.
750 1239 808 1266 “Επ”
819 1239 891 1274 αὐτῷ

42 1278 48 1283 ’
93 1287 123 1312 δὲ
139 1286 174 1322 δὴ
191 1286 279 1321 τούτῳ
304 1287 352 1313 καὶ
376 1286 457 1313 αὐτὸν
480 1282 632 1322 εὑρήσομεν
653 1286 698 1312 τὸν
724 1286 779 1312 τῶν
807 1286 891 1319 ἁγίων

93 1331 178 1367 χορὸν
196 1331 244 1360 καὶ
258 1332 287 1358 ὲν
303 1331 413 1362 πολλαῖς
424 1331 556 1366 γεγονότα
580 1332 640 1362 ταῖς
656 1330 810 1366 θυμηδίαις.
831 1331 892 1356 Τοι-

93 1378 192 1412 γάρτοι
206 1378 254 1404 καὶ¹
269 1377 382 1413 ἔφασκε.
400 1377 466 1404 ποτὲ
480 1378 530 1413 μὲν
544 1377 584 1404 ὅτι
603 1387 611 1403 t
635 1377 664 1404 '0
679 1377 781 1413 Κύριος
797 1377 890 1404 ὲὸασί-

92 1424 200 1453 λευσεν,
216 1423 391 1458 ἀγαλλιάσθω
416 1425 432 1458 ὴ
449 1424 494 1458 γῆ,
509 1434 518 1449 t
532 1424 599 1450 ποτὲ
627 1424 655 1450 δὲ
677 1421 711 1450 αὖ
725 1424 816 1450 πάλιν·
832 1434 840 1449 ι
863 1425 891 1451 '0

93 1469 198 1504 Κύριος
213 1469 398 1502 ἐσασίλευσεν,
408 1469 575 1504 εὐπρέπειαν
589 1469 741 1495 ἐνεδύσατο·
749 1469 892 1495 ἐνεδύσατο

93 1514 197 1550 Κύριος
210 1514 337 1554 δύναμιν,
363 1513 410 1540 καὶ
441 1513 637 1548 περιεζώσατο.
655 1523 663 1539 ι
697 1514 726 1540 '0
751 1514 806 1549 γὰρ
830 1514 925 1563 μεθό

93 1560 174 1594 ἡμῶν
189 1560 346 1594 ἄνθρωπος,
373 1559 489 1595 πρδ,τῆς
504 1560 536 1586 ἐκ
562 1559 666 1594 νεκρῶν
696 1560 888 1592 ἀναστάσεως,

92 1606 137 1632 ὅτε
151 1606 221 1641 πρὸς
237 1606 282 1632 τὸν
298 1606 327 1631 ὲν
339 1607 395 1637 τοῖς
405 1606 529 1640 οὐρανοῖς
541 1605 623 1641 ἀνέϐη
637 1606 755 1641 Πατέρα,
770 1606 831 1632 τότε
842 1605 889 1641 τὴν

64 1660 67 1662 ·
94 1652 162 1678 ίᾶίαν
179 1651 350 1687 εὐπρέπειαν
361 1651 515 1684 ἐνεδύσατο,
529 1652 577 1678 καὶ
593 1652 643 1686 τὴν
658 1651 687 1684 ἐξ
699 1652 786 1687 ἀρχῆς
802 1652 890 1688 ὐπάρ·

92 1705 195 1732 χουσαν
221 1697 296 1732 αὺτῴ
320 1696 507 1732 περιεζώσατο
537 1696 661 1731 δύναμιν.
682 1698 819 1724 Κεκάιθικε
835 1697 889 1732 γὰρ

92 1742 248 1778 βασιλεύων
269 1742 338 1778 μετὰ
355 1743 472 1779 Πατρός.
489 1743 602 1778 Χαίρειν
617 1740 663 1769 οὖν
682 1743 736 1778 ἄρα
746 1743 848 1769 δίκαιόν
859 1752 888 1769 τε

91 1788 139 1814 καὶ
159 1789 266 1824 πρέπον
279 1790 343 1820 τοὺς
357 1789 524 1823 ἀγαπῶντας
535 1789 627 1821 αὑτὸν,
656 1789 696 1815 ὅτι
722 1789 888 1823 πεπόρευται

91 1836 162 1872 προς
176 1835 223 1861 τὸν
237 1836 265 1862 ἐν
277 1836 331 1866 τοῖς
351 1836 474 1870 οὐρανοῖς
502 1835 628 1870 Πατέρα,
645 1835 694 1871 τὴν
718 1835 786 1862 ἰδίαν
811 1834 888 1868 δόξαν

90 1882 314 1916 ἀναληψόμενος,
329 1882 375 1908 καὶ
392 1881 473 1908 πάλιν
495 1881 569 1916 αὐτῷ
585 1890 616 1908 συ
621 1881 807 1916 μόασιλεύσων
817 1903 824 1912 ,
839 1891 888 1909 κα-

92 1927 184 1963 θάπερ
200 1925 235 1963 ἦν
250 1929 278 1954 ἐν
296 1928 378 1962 ἀρχῇ.
393 1927 513 1959 Μείζονα
524 1927 552 1954 δέ
570 1936 653 1962 φησιν
669 1928 760 1959 αὑτὸν,
781 1929 830 1963 οὐχ
845 1929 885 1955 ὅτι

93 1973 245 2000 κεκάθικεν
264 1974 296 1999 ὲκ
311 1973 417 2006 δεξιῶν,
432 1973 469 2004 ὡς
483 1973 559 2005 Θεὺς,
574 1973 632 1999 ἀλλ’
646 1973 684 2005 ὡς
700 1972 734 2009 ἦν
757 1974 803 2000 ἔτι
827 1975 886 2009 μεθ’

92 2020 182 2055 ἡμῶν,
196 2019 269 2046 τοῦτ’
287 2019 369 2052 ἔστιν,
382 2020 411 2045 ὲν
425 2020 480 2051 τοῖς
495 2018 556 2045 καθ’
572 2020 655 2054 ἡμᾶς.
672 2019 717 2050 Ὣς
731 2020 785 2055 γὰρ
801 2019 840 2046 ἔτι
856 2020 887 2047 τὸ

90 2067 278 2102 δουλοπρεπὲς
292 2065 360 2100 ἔχων
373 2066 476 2101 σχῆμα,
492 2066 538 2092 καὶ¹
563 2066 698 2101 παρόντος
722 2066 795 2102 αὺτῷ
810 2066 887 2094 οὔπω

91 2112 138 2138 τοῦ
155 2111 254 2146 καιροῦ
266 2111 326 2137 καθ’
341 2111 370 2137 ὃν
386 2111 440 2137 ἔδει
454 2111 610 2142 ἀναλαϐεῖν,
622 2110 657 2136 τὰ
676 2110 789 2138 τοιαῦτά
809 2119 885 2146 φησι.

91 2158 149 2184 Καὶ
166 2158 233 2191 γοῦν
243 2158 287 2184 ὅτε
298 2157 344 2184 τὸν
363 2157 453 2192 τίμιον
466 2157 535 2192 ὑπὲρ
549 2157 628 2192 ἡμῶν
639 2157 745 2193 ὑπέστη
759 2158 884 2193 σταυρὸν,

943 921 970 948 in
986 921 1072 948 caelos
1087 921 1278 949 ascensionem
1297 921 1423 957 protulit,
1439 921 1553 948 dicens:
1573 930 1581 946 ι
1599 920 1732 948 Ascendit

942 966 1014 994 Deus
1043 968 1071 994 iu
1108 967 1211 1002 jubilo,
1240 967 1374 995 Dominus
1409 967 1436 994 in
1467 975 1533 994 voce
1563 967 1635 994 tubae
1655 967 1688 998 “,
1719 977 1728 993 ι

940 1012 1132 1047 jubilationem
1155 1017 1182 1041 et
1199 1013 1294 1040 tubam
1317 1013 1464 1040 nominans
1491 1013 1636 1040 altisonam
1655 1012 1730 1039 illam

942 1058 1030 1086 sancti
1051 1058 1173 1093 Spiritus
1190 1066 1295 1091 vocem,
1320 1058 1430 1094 quando
1458 1058 1586 1093 supernis
1607 1061 1731 1092 potesta-

943 1105 1015 1132 tibus
1030 1110 1123 1139 portas
1138 1105 1266 1132 attollere
1287 1104 1380 1139 jussit,
1393 1109 1420 1130 ct
1442 1104 1585 1131 Dominutn
1600 1103 1729 1129 virtutum

942 1151 1033 1186 ipsum
1050 1151 1228 1185 ttuucupavit,
1253 1151 1334 1177 sicuti
1353 1150 1435 1177 modo
1453 1150 1622 1177 dicebamus.
1643 1149 1729 1181 Quam

942 1198 978 1225 ob
1002 1205 1057 1224 rem
1075 1196 1165 1231 ipsum
1181 1204 1290 1231 quoque
1307 1200 1467 1223 sanctorum
1486 1196 1602 1222 chorum
1627 1194 1730 1229 ingenti

942 1244 1036 1271 laetitia
1053 1243 1207 1271 exsultasse
1234 1243 1445 1277 comperiemus.
1462 1241 1583 1276 Ideoque
1610 1241 1729 1273 dicebat,

943 1290 1023 1317 modo
1055 1289 1165 1324 quidem
1194 1298 1201 1316 :
1231 1299 1240 1315 ι
1273 1289 1404 1317 Dominus
1442 1288 1582 1323 regnavit,
1615 1287 1732 1315 exsultet

942 1339 1023 1362 terra
1038 1335 1076 1368 ⁶¹;
1100 1345 1108 1361 ι
1123 1335 1203 1362 modo
1218 1342 1317 1362 rursus
1334 1343 1341 1361 :
1361 1344 1370 1360 ι
1389 1333 1522 1361 Dominus
1535 1333 1670 1368 regnavit,
1684 1333 1732 1360 de—

942 1389 1034 1408 corem
1064 1380 1176 1407 induit:
1194 1379 1284 1407 induit
1310 1379 1444 1407 Dominus
1471 1379 1680 1410 fortitudinem,
1704 1381 1732 1405 et

942 1426 1086 1461 praecinxit
1103 1433 1133 1453 se
1151 1426 1184 1453 ⁸³.
1205 1435 1214 1450 ι
1233 1425 1284 1458 Qui
1298 1425 1373 1452 enim
1385 1425 1542 1456 nobiscum,
1557 1427 1621 1450 ante
1637 1430 1731 1450 resur-

942 1473 1092 1499 rectionem
1107 1480 1141 1499 ex
1156 1471 1284 1504 mortuis,
1301 1471 1383 1498 homo
1402 1471 1574 1501 versabatur,
1585 1473 1730 1504 postquam

942 1518 976 1545 ad
998 1518 1107 1544 Patrem
1125 1517 1172 1552 qui
1199 1517 1227 1544 in
1250 1517 1327 1544 caelis
1347 1520 1388 1543 est
1409 1515 1543 1546 ascendit.
1559 1520 1625 1542 tunc
1649 1523 1729 1542 suuut

942 1564 1068 1591 decorem
1095 1562 1204 1594 induit,
1227 1566 1254 1589 et
1280 1561 1395 1597 pristina
1420 1561 1582 1588 fortitudine
1611 1567 1640 1587 se
1659 1567 1729 1594 prae-

942 1610 1037 1636 cinxit.
1064 1608 1143 1636 Sedit
1168 1608 1241 1636 enim
1271 1615 1390 1642 regnans
1413 1614 1475 1634 cum
1499 1605 1588 1632 Patre.
1606 1604 1730 1632 Gaudere

942 1657 1034 1691 itaque
1061 1655 1174 1690 dignum
1201 1657 1228 1681 et
1255 1653 1361 1688 justum
1392 1657 1435 1680 est
1459 1654 1594 1687 quotquot
1613 1651 1729 1686 diligunt

941 1709 1015 1732 eum,
1032 1701 1095 1734 quia
1126 1699 1250 1727 ascendit
1280 1698 1312 1725 ad
1328 1697 1437 1725 Patrem
1461 1697 1507 1732 qui
1526 1697 1553 1723 in
1577 1695 1654 1723 caalis
1675 1699 1727 1726 est,

941 1754 1017 1774 Suam
1035 1749 1227 1780 resumpturus
1252 1744 1379 1780 glorianti,
1398 1747 1426 1771 et
1440 1751 1501 1771 cum
1517 1750 1550 1769 eo
1572 1750 1669 1769 rursus
1687 1750 1730 1769 re-

941 1799 1085 1828 gnaturus,
1098 1791 1170 1819 sicut
1186 1795 1245 1818 erat
1268 1790 1296 1817 in
1323 1789 1470 1824 principio.
1485 1787 1615 1823 Major-em
1637 1791 1727 1814 autem

940 1847 1002 1866 eum
1026 1838 1102 1871 dicit,
1123 1846 1179 1865 non
1196 1837 1260 1872 quia
1280 1836 1352 1864 sedit
1367 1843 1382 1863 a
1406 1835 1522 1867 dextris,
1539 1838 1568 1861 ιιι
1584 1834 1665 1864 Deus.
1682 1834 1728 1861 sed

939 1884 1002 1919 quia
1027 1883 1171 1910 nobiscum
1196 1881 1286 1909 adhuc
1311 1886 1382 1913 erat,
1401 1881 1428 1907 id
1456 1884 1498 1908 est
1519 1880 1598 1907 nobis
1618 1880 1727 1907 similis.

939 1931 992 1958 ista
1007 1932 1108 1965 quippe
1121 1929 1198 1961 dicit,
1218 1929 1306 1963 utqui
1325 1927 1453 1955 servilem
1471 1926 1585 1954 formam
1604 1927 1727 1958 haberet,

938 1983 989 2003 nec
1016 1975 1105 2001 adhuc
1124 1979 1234 2008 tempus
1259 1974 1369 2000 adesset
1385 1979 1439 2006 quo
1461 1971 1581 1998 divinam
1607 1971 1727 2005 dignita-

939 2026 992 2049 tem
1012 2027 1151 2048 resumere
1171 2019 1297 2046 debebat.
1317 2017 1394 2045 Unde
1410 2025 1471 2044 cum
1493 2025 1542 2051 pro
1566 2017 1645 2043 nobis
1664 2024 1728 2042 cru-

938 2075 996 2094 cem
1024 2065 1207 2093 venerandam
1236 2064 1358 2099 pertulit,
1379 2067 1487 2090 acetum
1516 2067 1544 2089 et
1576 2062 1611 2088 fel
1640 2061 1726 2088 Juda-i

937 2113 1097 2141 obtulerunt
1110 2112 1134 2139 ei
1152 2111 1265 2142 sitienti,
1282 2114 1308 2137 et
1327 2113 1472 2144 postquam
1495 2109 1619 2140 bibisset,
1632 2108 1701 2134 dixit
1717 2117 1724 2135 :

940 2168 950 2185 ι
970 2159 1197 2186 Consummatum
1226 2160 1268 2183 est
1280 2156 1313 2183 “.
1339 2165 1348 2181 ι
1374 2155 1514 2190 impletum
1538 2154 1638 2190 quippe
1668 2154 1725 2187 jam

90 2203 153 2235 ὄξος
183 2203 259 2238 αὑτῷ
283 2203 329 2229 καὶ
347 2203 428 2238 χολὴν
456 2203 577 2230 Ἰουδαῖοι
610 2204 786 2239 προσήγαγον
808 2204 886 2240 διψή-

940 2207 995 2231 ernt
1006 2202 1207 2230 ltumiliationis
1215 2205 1334 2235 tempus,
1345 2204 1372 2227 et
1385 2199 1533 2227 cruciﬁxus
1549 2199 1656 2234 quidem
1671 2203 1724 2231 est,

91 2257 183 2279 σαντι,
215 2248 262 2274 καὶ
290 2247 369 2280 πιὼν,
385 2247 448 2283 ἔφη·
476 2248 688 2276 ιΤετέλεσται.)
721 2249 886 2285 Πεπλήρωτο

89 2295 146 2329 γὰρ
160 2293 211 2329 ἥδη
223 2294 237 2320 ό
252 2293 302 2328 τῆς
315 2293 505 2325 ταπεινώσεως
531 2294 626 2329 καιρὸς
637 2315 643 2326 ,
660 2295 706 2321 καὶ
725 2295 884 2330 ἐσταυρώθη

91 2340 153 2374 μὲν,
186 2340 224 2371 ὡς
241 2339 394 2374 ἅνθρωπος·
420 2339 546 2374 νενίκηκε
576 2339 630 2376 γὰρ
651 2339 699 2366 τοῦ
726 2340 841 2368 θανάτου
855 2341 885 2367 τὸ

88 2386 202 2420 κράτος,
217 2386 267 2420 οὐχ
289 2386 327 2417 ὼς
351 2385 504 2421 ἄνθρωπος,
519 2386 560 2412 ἐτι
576 2385 677 2421 μᾶλλον
692 2386 720 2413 δὲ
735 2387 773 2416 ὡς
799 2387 864 2419 Θεὸς
875 2407 883 2420 ,

89 2432 163 2465 ντημὶ
175 2431 208 2467 δὴ
226 2432 298 2457 κατὰ
312 2431 361 2466 τὴν
375 2431 515 2467 ἐνέργειαν
529 2432 575 2459 καὶ
591 2431 640 2468 τὴν
660 2433 707 2459 ἐπὶ
722 2433 760 2468 τῷ
775 2434 885 2468 νικῆσαι

87 2476 168 2508 δῧξαν
180 2486 210 2504 τε
223 2478 270 2504 καὶ
283 2477 408 2512 δύναμιν,
442 2477 471 2503 οὐ
493 2477 563 2504 κατὰ
589 2477 637 2513 τὴν
662 2478 762 2514 σάρκα.
776 2478 884 2511 Μείζων

87 2521 159 2549 οὗνὸ
176 2523 282 2558 Πατὴρ,
300 2522 337 2554 ὡς
363 2522 403 2549 ἔτι
417 2522 521 2555 δούλου,
538 2524 584 2550 καὶ
597 2524 626 2549 ἐν
651 2525 707 2555 τοῖς
736 2524 798 2550 καθ’
812 2526 885 2559 ἡμᾶς

87 2567 164 2600 ὖντος
178 2567 227 2594 τοῦ
243 2567 321 2594 Υίοῦν
346 2568 408 2594 ἐπεὶ
424 2569 470 2595 καὶ
495 2568 562 2595 Θεὸν
577 2569 674 2596 ἑαυτοῦ
691 2579 773 2605 φησιν
786 2571 866 2597 αὑτὸν
876 2591 883 2603 ,

90 2614 226 2640 καὶτοῦτο
239 2613 280 2649 τῷ
289 2613 452 2649 ἀνθρωπίνῳ
466 2615 628 2651 προσνέμων
640 2617 769 2651 σχήματι.
785 2618 816 2644 Et
829 2618 883 2653 γὰρ

90 2659 256 2694 πιστεύομεν
268 2660 310 2686 ὅτι
332 2659 468 2687 κεκένωκέ
486 2668 517 2688 τι
541 2662 588 2688 καὶ
607 2663 807 2689 τεταπείνωκεν
818 2664 882 2690 ἐαυ-

89 2705 142 2737 τὸν,
162 2705 222 2736 πῶς
236 2705 287 2739 οὐχ
299 2704 402 2731 ἄπεισιν
423 2706 500 2733 ἔσται
516 2708 671 2742 καταφανὲς
682 2728 688 2740 ,
705 2708 746 2734 ὅτι
767 2710 882 2736 καταδέ-

90 2749 171 2784 εηκεν
184 2749 213 2781 ἐξ
234 2749 374 2785 ὑπεροχῆς
389 2758 461 2783 τινος
486 2753 525 2784 είς
549 2753 706 2785 ἐλάττωσιν,
734 2754 833 2788 μᾶλλον
854 2755 882 2782 δὲ

89 2850 106 2873 υ
123 2807 240 2869 "7Psal.
265 2815 327 2835 χινι
342 2827 348 2839 ,
365 2807 410 2841 20.
449 2811 469 2826 ⁵¹
493 2810 558 2837 ibid.
580 2810 606 2840 6.
646 2811 667 2827 θ’
687 2810 762 2838 Psal.
780 2819 857 2844 χοι-ι,
879 2812 902 2839 ’1.

101 2851 123 2875 t,
147 2851 169 2870 ι.

935 2253 966 2276 ιιι
991 2247 1174 2275 ltomo:\'icit
1196 2246 1268 2274 enim
1298 2246 1396 2273 mortis
1426 2245 1586 2280 potentiam,
1613 2252 1665 2271 non
1695 2248 1726 2271 ut

936 2296 1028 2328 homo,
1054 2293 1100 2322 scd
1126 2293 1216 2328 potiris
1240 2297 1268 2318 ut
1293 2292 1374 2324 Deus,
1396 2291 1518 2319 emcacia
1544 2291 1672 2317 nimirum
1697 2295 1725 2318 et

935 2340 1060 2368 vincendi
1086 2339 1174 2373 gloria
1200 2342 1282 2372 atque
1316 2341 1470 2372 potestate,
1491 2344 1544 2362 non
1572 2336 1724 2363 secundum

933 2393 1056 2413 carnem.
1077 2384 1163 2419 Major
1183 2384 1276 2417 itaque
1298 2388 1340 2410 est
1368 2382 1450 2410 Pater
1475 2382 1557 2412 Filio,
1572 2389 1652 2408 servo
1680 2381 1723 2408 ni-

933 2433 1034 2460 mirutn
1056 2431 1157 2463 adhuc,
1175 2434 1202 2457 et
1227 2430 1253 2456 in
1281 2428 1409 2455 immanis
1430 2428 1602 2455 constituto:
1618 2435 1680 2454 nam
1697 2431 1724 2454 et

934 2478 1024 2513 ipsum
1043 2477 1127 2504 Dctttn
1145 2483 1224 2503 suum
1243 2474 1376 2504 nominat.
1390 2474 1516 2500 humanae
1534 2473 1559 2500 id
1575 2473 1668 2500 forma:
1684 2478 1723 2499 at—

933 2525 1069 2552 tribuens.
1085 2523 1151 2550 Nam
1167 2522 1189 2549 si
1212 2521 1350 2549 credimus
1367 2528 1429 2548 eum
1450 2520 1605 2547 exinanisse
1628 2523 1655 2547 et
1671 2519 1719 2546 illl-

934 2570 1057 2598 miliasse
1082 2568 1261 2603 semetipsum
1282 2567 1316 2599 ",
1343 2566 1483 2601 quomodo
1514 2573 1568 2592 non
1594 2564 1722 2591 omnibus

936 2618 1038 2653 patebit
1056 2624 1119 2644 eum
1139 2615 1173 2643 de
1188 2613 1334 2642 eminentia
1350 2613 1466 2647 quadam
1486 2613 1514 2639 in
1529 2611 1721 2639 demissiouem

934 2663 1122 2694 descendisse,
1138 2662 1192 2688 imo
1213 2668 1276 2687 vero
1293 2668 1325 2687 ex
1341 2660 1496 2694 aequalitate
1516 2666 1576 2685 cum
1593 2657 1673 2684 l’atre
1687 2656 1722 2682 ad

933 2702 1247 2744 iumqualitatchNiliil
1262 2710 1353 2733 autem
1372 2706 1468 2732 horum
1483 2704 1563 2731 Pater
1578 2703 1721 2735 sustinuit,

942 2756 990 2783 sed
1020 2755 1122 2782 mansit
1145 2757 1172 2781 et
1195 2756 1298 2788 perstat
1317 2752 1344 2778 in
1371 2751 1472 2787 quibus
1494 2755 1552 2778 erat
1572 2750 1606 2777 ab
1631 2748 1721 2776 initio.

943 2812 965 2828 ⁶³
987 2811 1060 2839 Psul.
1079 2818 1172 2841 xcxtr,
1193 2809 1216 2834 Ι.
1266 2808 1286 2823 θθ
1307 2806 1386 2835 Joan.
1403 2815 1464 2838 xix,
1482 2808 1525 2834 50.
1565 2806 1586 2821 ⁸⁵
1605 2805 1722 2840 Philipp.
