1929 3038
89 139 150 168 3:21

634 139 667 167 IN
681 139 822 167 JOANNIS
841 122 1062 167 EVANGELIUM
1082 137 1144 167 LIB.
1164 138 1199 166 Χ.

1672 141 1725 168 ειη

91 198 266 234 κρινόμενος
286 198 362 230 Υἱὸς,
389 197 426 230 ὡς
449 197 582 233 ὁμογενὴς
601 198 685 233 αὐτῷ,
709 198 758 233 τὴν
778 198 847 225 κατά
865 207 892 224 τι

944 197 1101 232 imperfecta
1117 205 1171 224 non
1196 196 1328 226 cernitur.
1343 194 1391 222 scd
1413 203 1466 222 una
1479 199 1506 223 et
1522 195 1636 230 aequatis
1650 197 1726 224 vide-

92 246 167 277 γοῦν
178 243 329 271 ἐλάττωσιν
343 244 410 278 ἔχει.
439 243 494 270 Ποῦ
521 243 549 269 δὲ
579 244 612 269 τὸ
626 245 709 278 Δμεῖον
727 244 890 282 εὑρήσομεν,

90 289 146 316 ὅτε
159 291 217 321 τοῖς
233 290 393 325 όμογενέσιν
409 287 449 321 εἷς
465 289 497 316 ἂν
509 290 626 325 ὑπάρχοι
640 291 689 324 τῆς
703 290 798 322 οὐσίας
813 290 890 326 ὄρος;

107 335 248 369 Ἐκάστης
263 335 318 370 γὰρ
330 335 424 366 οὐσίας
441 335 455 360 ό
475 335 537 370 περὶ
550 336 634 370 αὐτῆς
647 335 726 369 λόγος
746 335 777 361 οὐ
792 335 893 367 τέλειος

100 382 154 417 μὲν
168 382 197 408 ἐν
213 391 296 414 τισιν,
323 381 420 417 ἀτελὴς
435 382 463 408 δὲ
489 383 517 409 ὲν
537 382 623 418 ἑτέρῳ
637 383 772 417 φαίνεται,
787 380 893 414 amet;

100 426 151 452 καὶ
167 427 226 458 tuo;
237 427 284 452 ἐπὶ
297 427 405 454 πάντων
422 427 548 461 φαίνεται
560 436 566 442 ·
586 428 674 459 αἰτίας
690 436 721 462 γε
735 428 787 463 μὴν
797 428 892 463 ἑτέρας

99 472 177 506 ἔχειν
191 473 284 507 φαμὲν
294 472 348 499 τῶν
357 472 572 508 συμϐεϐηκότων
594 474 721 505 ἕκαστον,
738 475 797 509 ἦτοι
810 482 893 510 προσ-

100 517 259 550 γεγονότων
271 517 332 543 καθ⁹
344 517 508 552 όνδηποτοῦν
520 517 630 552 τρόπον.
644 519 714 544 Αὐτὸ
730 519 760 545 δὲ
770 518 802 551 δὴ
813 519 893 545 πάλιν

101 561 177 597 ὑπὲρ
191 562 342 596 σαφηνείας
351 562 405 588 τῶν
417 562 569 598 εἰρημένων
583 562 613 588 τὸ
626 563 655 595 ὲξ
667 563 755 599 ἀρχῆς
771 564 893 599 παροίσω

101 609 294 643 ⁴παράδειγιια.
314 608 475 644 Ἀνθρωπος
499 609 547 644 μὲν
563 608 707 644 ἀνθρώπου
728 609 821 636 διοίσει
844 610 893 644 μὲν

101 654 174 685 ὅλως
188 654 276 685 οὐδὲν,
304 654 428 689 καθάπερ
451 654 519 680 εἰσιν
539 654 677 689 ἂνθρωποι
693 655 772 690 τυχόν
782 663 789 670 ’
807 655 864 682 ἀλλ’
879 657 894 682 ό

103 700 158 732 μέν
169 699 213 731 τίς
245 700 318 726 ἐστιν
341 700 467 734 εὐσεϐὴς,
490 701 505 726 ό
528 699 556 726 δὲ
578 701 720 733 κακόνους,
747 701 794 727 καὶ
818 701 893 736 ὁμὲν

101 744 225 780 ἀσθενὴς
239 745 288 771 καὶ
298 745 484 780 λελωϐημένος
502 745 533 771 τὸ
553 745 642 780 σῶμα,
658 746 727 777 σῶος
745 746 773 773 δὲ
793 747 839 773 καὶ
847 747 893 773 εὕ-

100 798 212 825 ρωστος
219 791 326 826 ἕτερος,
339 792 386 817 καὶ
403 792 417 817 ό
433 792 483 826 μέν
503 800 545 823 τις
558 791 702 826 βάσκανος,
715 793 729 819 ὁ
741 792 770 819 δὲ
782 792 892 826 ἀγαθός.

107 836 184 862 Ἀλλ’
208 837 275 863 ὅταν
300 846 341 868 τις
365 837 467 864 τούτων
489 838 538 869 τὰς
553 837 643 869 αἰτίας
669 838 790 872 ἀκριὸὦς
807 847 894 865 κατα-

101 881 326 915 σχέπτηται,τὸν
338 883 387 917 μὲν
409 883 458 917 τῆς
471 883 562 914 αἰτίας
573 882 630 918 [γρ.
644 883 750 918 οὐσίας]
767 883 829 918 ὅρον
844 883 894 910 οὐκ
910 874 930 901 Β

101 928 272 960 αἰτιάσεται,
286 928 382 955 πάθεσι
395 928 425 955 δὲ
445 929 545 963 μᾶλλον
566 929 731 963 σωματικοῖς
746 929 829 964 ήγουν
843 929 895 963 ψυ-

99 974 195 1007 χικοῐ;
209 974 351 1009 ἀνατίθησι
372 974 421 1006 τὰς
438 975 537 1006 αἰτίας.
561 974 635 1006 Ἐνὸς
656 975 800 1010 τοιγαροῦν
821 983 895 1001 νοου-

104 1017 191 1051 μένου
205 1027 235 1044 τε
251 1019 298 1045 κτιί⁸
311 1018 385 1050 ὖντος
408 1019 455 1045 ἐπί
470 1027 500 1045 τε
515 1018 620 1053 Πατρός
635 1019 681 1045 καὶ
694 1018 758 1045 Υὶοῦ
769 1019 818 1053 τῆς
834 1019 895 1045 θεό-

102 1072 189 1098 τητος
206 1064 282 1099 ὅρον,
307 1064 323 1100 ἣ
345 1065 419 1097 ὅπως
440 1065 472 1091 ἄν
495 1073 538 1096 τις
553 1063 638 1090 εἰπὼν
651 1065 701 1091 οὐκ
712 1064 744 1091 ἃν
758 1064 806 1091 τοῦ
827 1065 894 1099 πρέ,

103 1117 206 1140 πόντος
227 1109 357 1145 ὲξοίχοιτο
385 1110 587 1145 (συγκρίνονται
605 1110 660 1145 γὰρ
688 1110 725 1142 ὡς
740 1111 892 1145 ὁμογενεῖς,

103 1155 279 1190 κεχρήσομαι
293 1153 381 1182 δείδια
396 1156 445 1190 τὴν
461 1156 584 1192 ἀνάγκην
598 1156 645 1183 τοῦ
657 1155 832 1191 θεωρήματος
846 1152 892 1183 κάλ

102 1201 163 1231 τοῖς
174 1200 258 1226 αὐτοῦ
278 1200 388 1235 λόγοις).
413 1202 593 1228 διδασκόντων
617 1203 642 1228 οἰ
669 1202 783 1233 τάλανες
799 1203 824 1229 τί
838 1202 892 1238 ἄρα

105 1245 248 1280 νομίζουσι
263 1247 471 1282 παρασκευάσαι
485 1247 530 1273 τὸν
545 1248 609 1274 Υἰὸν
623 1249 651 1274 ὲν
663 1249 803 1275 ἐλάττοσιν
820 1246 891 1275 εἶναι

104 1291 154 1317 τοῦ
177 1291 246 1318 Θεοῦ
270 1292 317 1318 καὶ
339 1293 459 1326 Πατρός;
472 1290 546 1329 Ἆρα
568 1293 663 1326 πάθος,
680 1294 696 1330 ἢ
712 1293 833 1329 ῥᾳθυμία
845 1295 892 1320 καὶ

942 246 988 268 tur
1002 242 1029 268 in
1045 241 1175 268 omnibus
1195 250 1201 267 :
1218 247 1318 268 causas
1337 244 1428 267 tamen
1440 239 1521 268 .alias
1541 240 1727 275 contingenti-

943 287 1003 318 bus,
1017 291 1065 313 aut
1083 286 1116 313 iis
1133 294 1194 321 quae
1209 286 1307 320 quovis
1321 285 1403 313 modo
1418 285 1558 316 accidunt,
1574 293 1636 324 esse
1656 285 1727 312 dici-

943 340 1014 360 mus.
1037 332 1115 364 Quod
1145 336 1174 358 ιιι
1197 336 1300 364 pateat,
1317 336 1379 358 utar
1397 331 1521 366 exemplo
1549 331 1603 366 jam
1631 332 1725 359 allato.

942 377 1031 404 llomo
1053 378 1126 405 enim
1161 378 1196 404 ab
1222 378 1333 404 homine
1356 378 1433 404 nullo
1461 378 1543 404 modo
1567 378 1669 409 diiTert,
1699 378 1726 404 in

943 428 1075 458 quantum
1092 428 1156 450 sunt
1177 423 1302 450 homines
1318 433 1325 450 :
1344 423 1389 451 sed
1411 423 1456 450 hic
1471 423 1579 458 quidem
1596 428 1637 451 est
1653 423 1725 458 pius,

943 470 989 496 ille
1018 477 1154 502 nequam;
1184 469 1228 495 hic
1252 469 1378 496 infirmus
1404 476 1435 495 ac
1463 476 1580 504 corpore
1601 469 1726 501 mutilus,

943 516 1011 542 alter
1028 516 1122 542 iirmus
1147 522 1178 541 ac
1195 522 1295 547 sanus;
1315 515 1361 542 ille
1389 515 1501 550 probus,
1517 515 1560 542 hic
1580 517 1725 551 malignus.

943 561 996 588 Sed
1024 561 1046 589 si
1073 561 1136 596 quis
1163 561 1260 587 horum
1287 568 1386 588 causas
1410 561 1542 588 attentius
1565 561 1726 596 inspexerit,

943 607 1104 634 substantia
1116 606 1225 640 quidem
1243 605 1429 633 deﬁnitionem
1446 614 1501 633 non
1518 607 1666 640 incusabit,
1680 608 1727 635 sed

943 653 1067 688 corporis
1089 653 1179 687 potius
1197 657 1226 679 et
1245 653 1329 679 animi
1351 652 1541 680 aﬂ'ectionibus
1567 661 1668 681 causas
1685 659 1728 680 at-

943 699 1054 726 tribuet.
1070 698 1138 725 Cum
1163 706 1228 734 ergo
1253 706 1306 725 una
1329 703 1476 726 censeatur
1498 703 1526 726 et
1551 700 1587 726 sit
1604 700 1631 726 in
1650 699 1730 727 Patre

944 751 976 770 ac
999 743 1068 770 Filio
1095 743 1206 772 deitatis
1235 744 1372 776 delinitio,
1400 748 1447 770 aut
1480 745 1730 780 quomodocunque

943 789 1025 824 850
1040 797 1100 828 eam
1114 790 1238 816 nomines
1256 790 1465 824 (comparantur
1475 790 1548 817 enim
1564 795 1593 817 ut
1610 792 1657 826 qui
1674 793 1730 819 sint

943 835 1066 870 ejusdem
1085 835 1204 870 generis,
1223 839 1339 869 utarque
1357 843 1452 862 eorum
1470 836 1563 863 verbis
1580 836 1615 863 ob
1636 845 1730 864 neces-

945 881 1044 908 sariam
1062 881 1100 908 rei
1113 881 1347 916 explicationcm),
1362 881 1478 908 doceant
1491 882 1584 910 miseri
1598 883 1729 917 quidnam

943 925 1068 964 olfecisse
1088 930 1185 960 putent
1204 930 1237 953 ut
1257 927 1313 954 Deo
1329 934 1360 953 ac
1375 926 1456 954 Patre
1473 928 1563 954 minor
1580 928 1616 955 sit
1629 927 1731 955 Filius?

943 970 1013 998 Num
1032 971 1157 1004 morbus,
1174 979 1238 998 num
1264 972 1396 1007 segnities
1420 976 1448 999 et
1469 980 1640 1007 quaecunque
1656 974 1730 999 acci-

942 1017 1007 1044 dcre
1024 1018 1112 1044 solent
1136 1018 1170 1045 iis
1192 1017 1294 1053 quibus
1307 1022 1351 1045 est
1366 1023 1464 1045 natura
1485 1019 1598 1046 creata?
1616 1020 1650 1046 At
1667 1021 1730 1054 quis

943 1063 981 1090 ita
997 1063 1103 1091 delirus
1120 1067 1146 1090 et
1163 1063 1196 1090 ab
1210 1063 1285 1090 omni
1300 1064 1407 1091 ratione
1424 1064 1532 1093 alienus
1547 1066 1609 1099 erit,
1625 1069 1655 1092 ut
1670 1070 1732 1092 tan-

941 1112 1002 1135 tam
1029 1108 1228 1143 blasphemiam
1254 1109 1296 1136 vel
1321 1109 1350 1137 in
1380 1116 1462 1138 aures
1482 1110 1627 1138 admittere
1648 1111 1731 1138 velit?

945 1155 1013 1182 Cum
1037 1163 1113 1190 ergo,
1136 1160 1165 1182 ut
1183 1155 1229 1190 qui
1250 1155 1372 1190 ejusdem
1394 1160 1438 1184 est
1453 1164 1516 1184 cum
1540 1157 1658 1184 naturali
1675 1157 1730 1185 Dco

945 1201 1065 1236 generis,
1083 1201 1153 1229 Deus
1173 1201 1232 1236 ipse
1247 1209 1358 1236 quoque
1381 1202 1418 1230 sit
1432 1203 1585 1229 secundum
1602 1208 1729 1230 naturam

944 1249 1131 1282 (comparatur
1152 1247 1225 1275 enim
1242 1247 1329 1281 Patri,
1350 1256 1401 1276 nec
1425 1249 1575 1284 quidquam
1603 1250 1730 1284 prohibet

943 1294 1094 1328 quominus
1109 1296 1146 1321 sit
1162 1294 1235 1320 Patri
1267 1295 1388 1329 similis).
1405 1295 1542 1330 quomodo
1561 1297 1651 1323 minor
1672 1297 1730 1323 est?

104 1336 159 1363 ὅσα
171 1337 331 1372 συμβαίνειν
355 1336 409 1364 οἶδε
420 1339 476 1370 τοῖς
487 1339 604 1373 γενητὴν
621 1338 711 1374 ἔχουσι
733 1339 782 1375 τὴν
807 1339 903 1372 φύσινς
928 1337 995 1365 Εἶτα
1023 1339 1065 1370 τίς
1082 1339 1153 1365 οὓτω
1175 1339 1289 1374 ληρήσει
1317 1340 1363 1366 καὶ
1377 1340 1541 1366 διακείσεται
1553 1341 1728 1375 παραλόγως.

101 1381 145 1412 ὼς
167 1382 215 1408 καὶ
236 1382 314 1417 μόνον
328 1382 490 1416 ἀνασχέσθαι
507 1383 557 1410 κᾶν
569 1384 634 1418 γοῦν
648 1385 687 1415 εἰς
707 1382 752 1416 οὖς
772 1383 880 1411 ἑλέσθαι
890 1384 938 1419 τὴν
949 1384 1138 1420 βλασφημίαν;
1158 1385 1223 1411 Ὅτε
1231 1385 1331 1415 τοίνυν,
1345 1385 1382 1416 ὡς
1399 1385 1531 1421 ὁμογενὴς
1548 1386 1677 1421 ὑπάρχων
1690 1386 1730 1420 τῷ

108 1426 182 1452 κατὰ
197 1427 278 1460 φύσιν
291 1428 360 1463 Θεῷ,
373 1429 438 1460 Θεός
461 1429 520 1455 ἐστι
539 1429 659 1464 δηλονότι
672 1431 743 1458 κατὰ
759 1431 839 1465 φύσιν
873 1431 920 1458 καὶ
940 1431 1021 1463 αὐτὸς
1041 1431 1228 1466 (συγκρίνεται
1251 1431 1306 1467 γὰρ
1329 1431 1368 1467 τῷ
1391 1432 1490 1468 Πατρὶ,
1513 1432 1675 1459 διακωλύσει
1700 1432 1729 1458 δὲ

106 1473 183 1500 οὐδὲν
195 1474 227 1500 τὸ
242 1474 373 1507 ὡσαύτως
398 1475 469 1510 ἔχειν
485 1476 523 1511 τῷ
546 1476 683 1512 φύσαντι),
704 1477 763 1509 πῶς
782 1477 900 1505 ἐλάττων
916 1477 1008 1511 tactv;

148 1531 261 1566 Ἐπειδὴ
276 1532 305 1558 δὲ
318 1522 493 1567 ἀμαθέστατά
509 1542 539 1561 τε
553 1535 600 1561 καὶ
619 1535 779 1570 ἀλογώτατα
793 1537 822 1562 ὲν
837 1537 893 1568 τοῖς

978 1535 1112 1568 Quoniam
1138 1541 1228 1562 autem
1247 1524 1374 1562 vei-litatis
1396 1534 1486 1562 hostis
1499 1533 1663 1563 stultissime
1688 1535 1730 1563 di-

109 1576 304 1610 προκειμένοις
325 1576 440 1610 διεξιὼν,
467 1578 497 1604 οὐ
523 1579 679 1606 κατέδεισεν
697 1581 783 1607 εἰπεῖν
807 1580 821 1606 ὁ
845 1581 894 1615 τῆς

108 1621 240 1655 ἀληθείας
252 1622 360 1657 ἐχθρὸς,
375 1623 415 1649 ὅτι
436 1623 536 1658 μείζων
561 1626 575 1651 ό
587 1625 686 1667 ῌΠατὴρ
705 1625 756 1660 τῆς
768 1625 893 1661 θεότητος

107 1669 157 1694 τοῦ
171 1667 248 1700 Υἰοῦ,
262 1668 327 1703 φέρε
353 1669 402 1704 τῆς
418 1669 485 1704 μετὰ
502 1670 602 1706 σαρκὸς
615 1671 770 1706 οἰκονομίας
789 1671 835 1698 τὸν
851 1671 894 1698 λό·
913 1703 921 1708 _

107 1721 156 1747 γον
170 1713 258 1749 βραχὺ
275 1722 301 1739 τι
316 1715 545 1749 περιστείλαντες,
555 1716 602 1742 καὶ
619 1716 667 1750 τῆς
682 1716 737 1743 τῶν
749 1717 896 1752 προκειμέ-

109 1768 162 1786 νων
176 1760 280 1791 ὲννοίας
308 1760 494 1793 ἁποδιελόντες
516 1762 560 1788 διὰ
574 1762 619 1789 τὸν
636 1762 757 1798 ἔλεγχον,
773 1763 822 1798 τὴν
837 1763 896 1790 θεό-

108 1814 180 1842 τητα
197 1805 244 1832 τοῦ
260 1805 326 1832 Υίοῦ
345 1807 377 1841 τῇ
396 1806 443 1833 τοῦ
466 1808 571 1843 [ἰατρὸς
602 1809 802 1844 συγκρίνωμεν,
825 1809 896 1836 κατά

109 1860 142 1886 γε
153 1850 199 1878 τὸν
207 1852 319 1878 ἐκείνων
335 1852 423 1886 λόγον,
442 1853 529 1879 ὲκεῖνο
542 1853 574 1889 δὴ
587 1855 695 1889 πρῶτον
714 1856 801 1882 εἰπεῖν
812 1855 896 1882 ἀπαι-

111 1896 245 1931 τήσαντες
258 1896 304 1922 τὸν
314 1896 392 1923 τοῦτο
407 1897 490 1931 φάναι
505 1897 686 1933 τολμήσαντα,
704 1899 817 1935 πότερόν
831 1908 896 1926 ποτε

110 1942 177 1969 Θεὸν
193 1943 258 1969 ὄντα
284 1943 352 1969 κατὰ
369 1942 450 1977 φύσιν
469 1943 601 1979 ὑπάρχειν
619 1944 703 1971 οἴεται
720 1945 766 1971 τὸν
792 1945 894 1980 Υἰὺν,ἥ

110 1989 205 2023 ἕτερον
224 1988 274 2024 μέν
285 1998 311 2015 τι
324 1989 397 2025 παρὰ
411 1989 498 2021 τοῦτο,
514 1989 675 2024 τετιμῆσθαι
689 1998 720 2024 γε
736 1989 789 2025 μὴν
803 1991 834 2026 τῇ
846 1991 897 2025 τῆς

111 2035 239 2071 θεότητος
252 2035 357 2070 κλήσει,
379 2035 503 2071 καθάπερ
520 2034 566 2062 οὖν
583 2036 678 2071 ἀμέλει
693 2036 784 2063 πολλοὶ
803 2037 851 2071 μὲν
867 2037 896 2063 ὲν

110 2081 219 2116 οὐρανῷ
242 2081 297 2108 0εοί¹
321 2082 369 2108 καὶ
390 2081 492 2117 κύριοι,
507 2082 601 2108 πολλοὶ
617 2082 644 2108 δὲ
659 2082 706 2108 καὶ
719 2082 765 2109 ἐπὶ
777 2084 826 2117 τῆς
845 2083 897 2118 γῆς

111 2125 182 2154 εἶναι
193 2127 327 2161 λέγονται.
344 2127 588 2162 Δναὸεὸαιουμένου
607 2128 656 2163 μὲν
679 2127 733 2163 γὰρ
747 2128 811 2163 ψιλῇ
827 2128 898 2154 δεδο-

113 2172 210 2205 ξάσθαι
225 2173 394 2208 προσηγορίᾳ
404 2173 454 2207 τῆς
465 2173 600 2208 θεότητος,
615 2173 696 2208 φημὶ,
713 2173 758 2200 τὸν
774 2173 847 2203 Υἰδν,
860 2172 896 2208 μὴ

944 1589 1004 1609 cere
1020 1582 1124 1609 veritus
1140 1589 1195 1608 non
1208 1586 1250 1608 est
1263 1581 1364 1608 deitale
1379 1579 1441 1607 Filii
1458 1580 1591 1614 majorem
1606 1588 1667 1608 esse
1679 1581 1730 1608 Pa-

944 1632 1023 1657 trem,
1040 1626 1154 1660 agedum
1180 1625 1380 1653 incarnationis
1408 1632 1563 1652 sermonem
1586 1626 1728 1660 paululum

944 1672 1148 1704 contrahentes,
1160 1676 1187 1699 et
1201 1680 1216 1699 a
1233 1679 1323 1699 rerum
1340 1671 1542 1706 propositurum
1558 1679 1640 1698 sensu
1657 1672 1730 1698 avel-

946 1718 1033 1744 lentes
1055 1721 1168 1752 propter
1183 1717 1439 1752 reprehensionem,
1459 1717 1590 1744 deitatem
1607 1716 1680 1747 Filii.
1700 1721 1729 1742 ut

945 1763 996 1797 ipsi
1014 1763 1172 1797 loquuntur,
1187 1770 1248 1789 cum
1265 1761 1355 1788 Patris
1366 1761 1466 1788 deiiate
1481 1760 1669 1793 conferamus,
1686 1769 1730 1787 ro-

945 1813 1040 1844 gantes
1057 1812 1086 1835 ut
1104 1809 1150 1843 qui
1168 1808 1234 1834 talia
1251 1807 1344 1834 dicere
1373 1814 1458 1834 ausus
1485 1811 1526 1835 est
1545 1807 1662 1842 primum
1685 1815 1730 1834 re-

946 1854 1090 1888 spondeat;
1111 1858 1202 1881 utrum
1219 1853 1331 1884 Filium,
1348 1852 1420 1880 Deus
1437 1860 1499 1879 cum
1519 1854 1555 1879 sit
1578 1852 1728 1879 secundum

946 1903 1083 1932 naturam,
1099 1899 1182 1926 Deum
1195 1906 1256 1926 esse
1272 1902 1361 1933 putet,
1373 1906 1408 1925 an
1426 1898 1528 1932 aliquid
1543 1897 1617 1925 aliud
1634 1903 1731 1933 praeter

946 1945 1031 1976 istud,
1053 1948 1241 1972 verumtamen
1261 1944 1446 1978 appellatione
1464 1943 1573 1970 deitatis
1590 1947 1729 1972 ornatum.

946 1988 1177 2026 quemadmodum
1196 1995 1294 2022 nempe
1319 1988 1396 2014 multi
1427 1992 1491 2015 sunt
1507 1988 1534 2014 in
1551 1987 1621 2014 celo
1643 1987 1680 2014 dii
1698 1994 1731 2014 ac

947 2034 1063 2066 domini,
1079 2033 1213 2067 multique
1240 2033 1322 2060 etiam
1352 2032 1378 2058 in
1404 2035 1479 2059 terra
1504 2039 1565 2059 esse
1588 2030 1728 2058 dicuntur.

946 2079 1014 2106 Nam
1031 2079 1053 2107 si
1068 2078 1199 2114 probetur
1217 2076 1289 2103 nuda
1306 2080 1411 2103 tantum
1424 2076 1606 2111 appellatione
1622 2076 1731 2102 deitatis

947 2129 1075 2152 ornatum
1095 2131 1157 2151 esse
1176 2122 1285 2154 Filium,
1301 2122 1390 2156 ipsum
1410 2127 1500 2149 tamen
1524 2129 1579 2148 non
1594 2128 1655 2148 esse
1667 2128 1731 2148 vene

948 2169 974 2196 id
988 2168 1062 2203 quod
1075 2175 1138 2195 esse
1154 2167 1266 2198 dicitur,
1281 2166 1344 2202 jure
1357 2167 1458 2193 merito
1475 2165 1564 2205 palam
1585 2170 1611 2192 et
1624 2165 1732 2200 publice

113 2217 167 2252 μὴν
182 2217 232 2244 κιιί⁸
248 2217 380 2252 ὑπάρχειν
394 2217 465 2244 κατὰ
491 2217 571 2251 φύσιν
593 2218 673 2244 αὐτὸν
694 2218 801 2253 ἀληθῶς
820 2218 893 2244 τοῦθ’

945 2213 1155 2241 inclamabimus
1170 2223 1177 2240 :
1191 2221 1252 2244 nos,
1270 2213 1294 2239 si
1324 2217 1422 2239 natura
1441 2211 1512 2239 Deus
1533 2219 1587 2238 nou
1613 2215 1666 2242 est,
1683 2210 1732 2237 ad-

111 2262 180 2297 ὅπερ
199 2259 270 2288 εἶναι
295 2263 343 2289 καὶ
361 2263 480 2296 λέγεται,
492 2262 527 2289 τὰ
549 2263 641 2290 εἰκότα
659 2263 820 2298 φρονοῦντες
845 2263 896 2289 ὐπ-

112 2308 276 2342 αντήσομεν,
286 2308 432 2344 διαρρήδην
443 2308 662 2344 ἀνακεκραγότες
674 2317 681 2325 ι
695 2307 729 2335 Ὦ
742 2310 801 2341 τᾶν,
820 2309 858 2340 ὼς
873 2309 897 2335 εἰ

112 2354 150 2388 μὴ
165 2354 246 2388 φύσει
256 2354 323 2385 Θεός
334 2355 403 2386 ἐστι,
418 2354 548 2389 κτίσματι
559 2354 764 2390 προσκυνοῦμεν
772 2355 812 2380 ἔτι
823 2354 898 2389 παρὰ

111 2399 157 2425 τὸν
176 2399 327 2430 κτίσαντα,
341 2400 388 2426 καὶ
405 2400 465 2435 οὐχὶ
492 2400 571 2435 μόνον
587 2402 667 2436 ἡμεῖς
693 2401 718 2426 οἱ
732 2400 805 2426 τόνδε
822 2399 897 2435 περί-

111 2453 186 2478 γειον
202 2444 308 2480 ἔχοντες
326 2445 424 2481 χῶρον,
441 2446 509 2472 ἀλλὰ
525 2447 571 2472 καὶ
585 2446 653 2481 αὐτὴ
674 2445 727 2472 τῶν
741 2446 826 2480 ἁγίων
848 2446 899 2479 ἀγ-

111 2489 200 2524 γέλων
222 2491 239 2525 ἡ
260 2490 375 2524 πληθύς.
408 2492 640 2528 Κατηγορήσομεν
667 2491 697 2518 δὲ
721 2491 769 2517 καὶ
800 2490 900 2521 παντὸς

111 2536 190 2569 ἁγίου
207 2535 310 2566 λοιπὸν,
328 2535 393 2562 Θεὸν
413 2537 494 2563 αὐτὸν
510 2537 581 2563 κατὰ
599 2536 679 2568 φύσιν
697 2536 837 2571 εἰρηκότος
852 2536 899 2563 καὶ

111 2578 237 2612 ἀληθινόν
248 2586 255 2593 ·
283 2578 400 2613 μάλιστα
425 2580 453 2606 δὲ
480 2575 587 2607 πάντων
603 2581 781 2616 αἰτιασόμεθα
793 2581 840 2608 τὸν
850 2589 899 2616 μα-

112 2624 206 2658 κάριον
221 2623 350 2660 Ἰωάννην
377 2626 507 2660 εἰρηκότα
538 2626 602 2661 περὶ
632 2626 712 2653 αὐτοῦ
725 2634 733 2642 ’
751 2635 760 2652 ι
779 2626 897 2662 Οίδαμεν

110 2670 149 2696 ὃτι
161 2669 247 2701 όΥἱὸς
275 2670 323 2696 τοῦ
346 2671 413 2697 Θεοῦ
431 2672 505 2706 ἥκει,
522 2672 569 2698 καί
581 2672 682 2698 ἔδωκεν
697 2673 762 2707 ἡμῖν
776 2672 895 2699 διάνοιαν

107 2716 153 2743 ἶνα
165 2715 338 2750 γινώσκομεν
351 2716 395 2743 τὸν
412 2717 536 2753 ἀληθινὸν
543 2718 625 2750 Θεὸν,
645 2717 692 2744 καὶ
708 2718 791 2752 ἐσμὲν
814 2718 842 2745 ἐν
856 2717 896 2753 τῷ

140 2836 164 2854 ⁷⁸
183 2837 191 2865 Ι
210 2836 294 2864 Joan.
315 2845 344 2870 ν,
358 2838 403 2866 ‘20.

945 2267 1025 2287 orare
1036 2260 1185 2286 etiamnum
1201 2260 1370 2290 creaturam“,
1384 2265 1438 2284 non
1456 2257 1625 2288 Creatorem,
1642 2263 1732 2290 neque

945 2313 996 2332 nos
1007 2309 1110 2331 tantum
1122 2304 1168 2339 qui
1187 2309 1324 2332 terrenam
1340 2303 1409 2330 hanc
1424 2302 1561 2337 regionem
1572 2301 1728 2332 incolimus,

946 2351 994 2378 sed
1010 2354 1036 2377 et
1054 2351 1140 2384 ipsam
1159 2353 1318 2377 sanctorum
1337 2349 1496 2383 angelorum
1517 2346 1730 2374 multitmlinem.

946 2395 1018 2429 Quin
1041 2401 1068 2423 et
1094 2400 1205 2423 sanctos
1231 2403 1326 2422 omnes
1352 2394 1557 2424 accusabimus,
1575 2393 1733 2428 quicunun

948 2441 1032 2469 Deum
1047 2442 1135 2477 ipsum
1152 2441 1304 2470 secundum
1324 2445 1450 2468 naturam
1466 2447 1497 2466 ac
1518 2447 1612 2466 verum
1631 2438 1730 2474 praedi-

944 2492 1062 2520 carunt;
1082 2487 1129 2514 sed
1158 2487 1275 2514 maxime
1301 2486 1423 2514 omnium
1447 2485 1557 2512 beatum
1586 2484 1730 2516 Joannem,

946 2534 992 2568 qui
1020 2533 1055 2561 de
1083 2533 1143 2568 ipso
1173 2533 1330 2567 scripsitu
1348 2530 1457 2558 Scimus
1485 2530 1617 2565 quoniam
1645 2529 1732 2557 Filius

946 2579 994 2608 Dei
1019 2580 1105 2610 venit,
1125 2583 1153 2606 et
1179 2578 1255 2606 dedit
1280 2578 1361 2605 nobis
1389 2584 1500 2605 sensum
1526 2581 1555 2603 ut
1580 2582 1732 2610 cognosca-

946 2633 1008 2652 mus
1035 2632 1130 2651 verum
1150 2622 1246 2656 Deum,
1263 2626 1291 2650 et
1319 2623 1407 2650 simus
1432 2622 1459 2648 in
1484 2627 1548 2648 vero
1573 2619 1643 2646 Filio
1670 2618 1733 2653 ejus

947 2670 1012 2698 Jesu
1034 2670 1155 2697 Christo.
1180 2669 1230 2696 llic
1248 2673 1290 2696 est
1308 2676 1389 2696 verus
1415 2669 1495 2699 Deus,
1511 2671 1547 2707 Χοι
1570 2666 1622 2693 vita
1650 2670 1730 2692 aster-

949 2723 984 2743 na
998 2717 1031 2742 '°.
1050 2725 1060 2742 ›
1078 2710 1157 2748 Quod
1183 2715 1208 2743 si
1224 2713 1396 2749 Scripturam
1414 2708 1558 2742 reveritus.
1572 2711 1732 2744 Detinuere
