1929 3038
229 153 280 180 3‘27

230 211 266 240 Ut
279 213 351 241 enim
375 215 520 244 certiorem
535 215 597 250 ejus
617 215 656 244 rei
681 215 760 244 ﬁdem
776 217 919 250 haberent,
938 226 1017 247 reno-

228 266 291 286 vata
320 268 412 288 rerum
430 266 493 290 aute
508 263 706 297 promissaruut
728 264 860 290 memoria
884 272 946 291 cum
966 265 1015 292 do-

228 313 326 332 norum
342 307 405 334 facti
420 313 514 335 essent
528 313 680 343 compotes,
695 309 921 338 dissertationem
942 311 1013 338 hanc

227 359 289 378 cum
309 353 342 379 iis
359 353 479 380 habitam
495 362 556 381 esse
572 356 620 381 ait.

745 158 774 186 S.
787 159 929 188 CYBILLI
949 159 1184 192 ALEXANDRINI
1200 163 1360 193 ARCHIEP.

1807 164 1862 193 5·ὶῖ

1032 222 1052 250 Α
1068 221 1162 255 αὑτὸν,
1186 222 1254 249 ἀλλὰ
1269 222 1316 249 τοῦ
1331 223 1408 253 ὕντος
1426 230 1455 248 τε
1473 222 1518 249 καὶ
1533 222 1693 258 δυναμένου,
1707 222 1758 251 καὶ
1775 224 1861 251 εἰσαεὶ

1066 266 1264 301 βασιλεύοντος.
1278 268 1339 294 "Ott
1351 268 1440 294 τοίνυν
1454 268 1503 295 οὐκ
1517 269 1628 301 είκαίως
1642 269 1691 305 τὴν
1704 270 1862 306 πρόρρηςκν

1065 312 1114 348 τὴν
1140 315 1185 340 ἐπὶ
1208 315 1265 345 τοῖς
1293 314 1432 349 ἐσομένοις
1452 315 1608 350 ἐποιήσατο,
1628 316 1673 342 διὰ
1686 316 1792 345 τούτων
1807 316 1863 342 ὲδίά

1062 357 1141 390 δαξεν
1156 359 1170 386 6
1191 359 1318 394 Χριστός.
1333 360 1391 392 Ἵνα
1407 359 1462 395 γὰρ
1488 360 1694 396 ἀσφαλεστέραν
1707 361 1797 396 ἔχοιεν
1810 361 1860 394 τὴν
1909 380 1912 387 .

226 398 270 424 ἐπ’
287 398 361 433 αὐτῷ
381 399 482 431 πίστιν,
502 399 571 434 μετὰ
589 401 638 436 τὴν
649 401 704 427 τῶν
721 403 900 438 χαρισμάτων
932 404 1030 438 πεῖραν
1049 404 1090 436 εἰς
1115 404 1218 431 ἔννοιάν
1237 413 1267 431 τε
1296 405 1343 432 καὶ
1366 406 1476 441 μνήμην
1507 406 1561 433 τῶν
1584 407 1858 443 προεπηγγελμένων

226 444 366 479 ἐρχόμενοι
377 445 541 481 πεποιῆσθαι
554 455 620 481 φησι
629 447 678 482 τὴν
689 447 816 481 διάλεξιν.

262 489 329 521 νιν,
347 490 392 525 50,
406 491 449 518 51.
467 490 528 517 Jam
549 500 600 518 nan
618 493 703 520 multa
735 494 830 529 loquar
857 495 1010 522 vobiscum:

224 535 292 561 t-enit
310 536 379 561 enim
392 537 513 571 princeps
528 533 623 564 mundi
633 539 723 573 hujus,
736 545 760 566 et
774 541 800 566 in
816 549 856 567 me
871 549 921 568 non
933 541 1010 568 habet

221 581 385 616 quidquam;
406 582 450 608 sed
476 587 505 609 ut
534 589 675 618 cognoscat
701 585 814 612 mundus
840 587 902 621 quia
926 587 1009 622 diligo

223 627 341 660 Putrem,
363 633 387 654 et
407 629 476 655 sicut
501 630 657 656 mandatum
678 630 752 658 dedit
774 632 838 659 nti/ti
854 632 946 665 Pater,
970 635 1008 660 sic

221 675 300 711 facio.

252 727 336 760 Quasi
349 726 437 754 Judaei
452 727 505 755 iam
521 727 642 754 adfuturi
658 733 750 756 essent
765 737 826 756 cum
843 738 875 757 ea
891 738 944 766 qua
957 732 1008 759 sti-

218 774 301 808 pandi
324 778 403 800 erant
427 774 542 801 culturte
562 775 677 809 ejusque
699 775 824 810 principe
845 781 874 803 et
905 778 1008 805 antesi-

217 827 319 854 gnano,
337 820 384 854 qui
401 828 431 847 se
451 820 616 847 traditurum
634 830 694 848 eum
723 823 860 856 pollicitus
887 828 955 856 erat,
980 829 1006 852 et

216 866 442 900 cmupreltensuri
461 867 582 898 tandem,
600 875 650 894 ttec
665 868 751 895 inulto
768 874 830 902 post
849 869 876 895 in
895 877 1002 897 crucem

216 917 243 939 et
256 920 316 947 quae
327 920 439 940 crucem
456 913 619 941 antecedere
644 913 780 942 debebant
803 916 939 951 supplicia
955 917 997 945 de-
1020 925 1040 952 Β

215 959 336 992 ducturi,
350 959 424 994 loqui
449 960 559 986 tandem
584 964 757 987 cessaturum
781 969 810 989 se
827 962 916 990 dixit:
935 971 1003 990 con--

188 1016 191 1017 ν
216 1010 334 1032 tractum
356 1006 456 1040 quippe
473 1010 581 1041 tempus
602 1011 627 1033 et
645 1006 686 1033 vix
705 1007 766 1041 ejus
784 1008 887 1043 aliquid
906 1017 1002 1044 super-

214 1059 284 1079 esse.
302 1051 459 1078 Judmorum
476 1052 549 1079 enim
571 1053 733 1080 crudelitate
751 1053 777 1080 in
793 1062 836 1081 tne
862 1056 1000 1087 saavieute,

213 1104 241 1126 et
253 1100 308 1133 jam
324 1099 393 1125 intra
410 1102 503 1134 portas
517 1099 593 1134 ipsas
612 1099 772 1132 exsistente,
790 1108 844 1127 non
857 1101 912 1134 jatn
934 1102 1000 1128 allo-

213 1144 313 1178 quettdi
337 1151 396 1176 vos,
412 1143 459 1171 sed
473 1144 596 1179 patiendi
615 1148 722 1179 tempus
737 1146 871 1173 imminet.
891 1146 1001 1182 Quippe

215 1198 225 1215 ι
242 1189 316 1216 venit
331 1189 459 1224 princeps
475 1190 571 1217 tnttndi
584 1190 677 1225 hujus,
694 1191 794 1226 inquit,
807 1197 834 1218 et
846 1192 874 1219 in
888 1201 930 1220 me
944 1201 1000 1220 tton

214 1235 296 1262 habet
306 1235 467 1270 quidquam.
475 1237 593 1265 thloriar
603 1246 679 1273 vero,
691 1239 772 1274 idque
783 1241 960 1275 perlibenter,
972 1247 1000 1270 et

213 1290 262 1316 pro
278 1283 335 1309 vita
354 1283 476 1310 omniunt
492 1288 608 1312 mortem
623 1287 771 1321 perpetiar,
793 1287 881 1316 Patris
901 1297 999 1324 nempe

211 1329 365 1355 reverentia
381 1332 408 1356 et
424 1329 571 1357 dilectione
583 1338 647 1366 erga
669 1339 743 1364 eum,
760 1333 832 1361 ultro
850 1342 892 1362 me
914 1335 997 1362 etiatn

211 1373 245 1400 iis
262 1374 363 1408 quibus
380 1382 458 1402 mens
474 1381 609 1410 repugnat
624 1377 761 1412 ingerunt,
778 1383 807 1406 ut
821 1379 883 1415 ejus
897 1382 998 1409 volun-

211 1422 294 1446 tatem
310 1420 451 1455 impleam.
477 1422 566 1456 Atque
591 1423 636 1451 hic
652 1424 761 1459 quidem
780 1426 832 1453 loci
862 1430 996 1463 propositi

210 1472 312 1499 scopus
332 1473 365 1493 ex
386 1466 428 1494 Itis
446 1468 539 1495 verbis
561 1469 726 1498 manifestus
741 1479 802 1499 esse
819 1477 918 1508 potest.
943 1475 995 1502 Sed

210 1511 341 1538 subtilius
375 1519 437 1539 eum
456 1513 608 1543 enodantcs
630 1516 760 1550 dicimus,
781 1519 914 1547 Adautum
932 1522 995 1556 qui-

209 1554 270 1582 dem
290 1557 399 1591 generis
416 1559 504 1585 nostri
523 1563 675 1594 auctorem,
693 1563 757 1596 quia
769 1563 864 1592 datum
881 1554 996 1594 manda-

1097 494 1201 521 Ot’mért
1216 494 1315 521 πολλὰ
1327 494 1455 528 λαλήσω
1471 496 1534 529 μεθ’
1551 495 1652 530 ὑμῶν·
1670 497 1790 532 ἔρχεται
1803 499 1858 533 rqu

1060 541 1076 567 ὁ
1093 539 1145 566 τοῦ
1161 540 1277 573 κόσμου
1289 539 1398 573 ἄρχων,
1416 540 1464 566 καί
1478 540 1514 567 ἐν
1527 540 1590 575 ἐμοὶ
1603 542 1659 569 οὐκ
1673 543 1738 576 ἔχει
1754 544 1856 575 οὐδὲν,

1058 585 1127 612 ἀλλ’
1146 585 1195 611 ἵνα
1216 584 1276 619 γνῷ
1291 587 1306 612 ό
1326 586 1441 620 κόσμος
1461 585 1506 613 ὅτι
1529 586 1634 621 ἀγαπῶ
1657 588 1712 615 τὸν
1728 590 1855 622 Πατέρα,

1057 631 1106 657 καὶ
1122 630 1219 664 καθὼς
1248 630 1380 665 ἐντολήν
1394 640 1445 666 μοι
1464 631 1594 659 δέδωκεν
1607 634 1623 660 ὁ
1644 634 1763 669 Πατὴρ,
1780 635 1855 662 οὕτω

1057 676 1142 703 ποιῶ.

1101 722 1146 754 Ὧς
1157 722 1210 749 τῶν
1233 722 1349 750 ἀνοσίων
1377 723 1512 750 Ἰουδαίων
1533 725 1728 761 παρεσομένων
1750 731 1782 754 τε
1803 728 1851 763 ήδη

1061 768 1119 802 μεθ’
1137 766 1170 803 ἧς
1184 769 1317 803 ἐπήγοντο
1332 769 1448 804 σπείρας
1465 769 1573 797 καὶτοῦ
1591 771 1693 807 ταύτης
1710 772 1850 808 ἄρχοντος,

1057 813 1085 845 ὃς
1103 814 1150 840 καὶ
1166 814 1339 848 παραδώσειν
1352 815 1432 841 αὑτὸν
1449 815 1650 850 ἐπηγγείλατο,
1679 817 1851 854 συλληψομέ-ι·

1056 867 1109 886 νων
1124 868 1154 886 τε
1174 860 1222 896 ἢδη
1247 861 1292 886 καὶ
1310 861 1461 895 μελλόντων
1477 862 1599 890 ἀποίσειν
1621 863 1671 890 οὐχ
1685 865 1727 896 εἰς
1741 866 1850 900 μακρὰν

1056 906 1096 937 είς
1114 905 1148 932 τὰ
1168 905 1214 932 ἐπὶ
1227 905 1266 940 τῷ
1286 906 1396 942 σταυρῷ
1417 907 1465 934 καὶ
1483 907 1537 943 πρὸ
1559 908 1606 934 τοῦ
1632 910 1752 944 σταυροῦ
1765 911 1848 946 πάθη.

1055 950 1219 985 καταλήξειν
1228 950 1276 986 ήδη
1291 950 1339 978 τοῦ
1352 951 1419 987 πρὸς
1428 951 1526 983 αὐτοὺς
1534 951 1586 987 ἔφη
1598 952 1678 987 λόγου
1689 961 1696 967 ·
1707 955 1850 981 συνεστάλ-

1054 996 1099 1022 θαι
1115 997 1170 1031 γὰρ
1182 997 1230 1023 καὶ
1243 998 1284 1028 εἰς
1298 997 1391 1032 μηδὲν,
1405 998 1498 1032 φησὶν,
1509 998 1604 1025 ἐλάσαι
1619 999 1666 1026 τὸν
1679 1001 1786 1036 καιρόν.
1795 1001 1848 1035 Τῆς

1053 1043 1107 1077 γὰρ
1129 1042 1266 1069 Ἰουδαίων
1281 1043 1439 1078 μιαιφονίας
1458 1044 1569 1080 ήὸώσης
1585 1054 1614 1072 τε
1632 1046 1693 1073 λίαν
1711 1046 1757 1072 ἐπ’
1775 1048 1844 1082 ἐμοὶ,

1052 1089 1100 1115 καὶ
1112 1088 1201 1124 θυρῶν
1211 1088 1276 1115 εἴσω
1289 1089 1381 1116 λοιπὸν
1393 1090 1547 1126 ὁρωμένης,
1561 1091 1591 1118 οὐ
1601 1092 1735 1127 ῥημάτων
1743 1092 1784 1119 ἔτι
1795 1093 1846 1120 τῶν

1030 1154 1032 1156 τ
1052 1136 1120 1170 πρὸς
1137 1136 1220 1171 ὑμᾶς,
1229 1136 1286 1162 ἀλλ’
1295 1136 1378 1162 αὐτοῦ
1390 1137 1436 1163 τοῦ
1449 1137 1546 1164 παθεῖν
1559 1138 1705 1174 ἐνέστηκεν
1717 1141 1731 1166 ὀ
1740 1141 1846 1176 καιρός.

1054 1191 1063 1206 ι
1078 1181 1150 1216 Πλὴν
1164 1181 1233 1215 ἥξει,
1245 1182 1337 1216 φησὶν,
1355 1182 1369 1208 ὁ
1383 1182 1430 1209 τοῦ
1447 1183 1551 1219 κόσμου
1563 1184 1667 1220 ἄρχων,
1680 1187 1729 1213 καὶ
1745 1187 1776 1213 ἐν
1787 1187 1851 1222 ἔμολ’

1050 1226 1107 1261 ἔχει
1121 1227 1208 1254 οὐδέν,
1221 1237 1230 1253 ι
1243 1227 1414 1263 Τεθνήξομαι
1423 1229 1450 1256 δὲ
1459 1230 1506 1256 καὶ
1519 1230 1579 1257 λίαν
1595 1231 1722 1266 ἁσμένως
1739 1233 1787 1259 καὶ
1801 1233 1845 1259 τὸν

1050 1272 1120 1307 ὑπὲρ
1134 1273 1183 1308 τῆς
1201 1273 1328 1300 ἁπάντων
1341 1274 1413 1309 ζωῆς
1425 1275 1614 1312 ὺποστήσομαι
1629 1278 1758 1310 θάνατον,
1776 1280 1844 1306 αίδοί

1057 1317 1091 1352 τῇ
1107 1317 1176 1352 πρὸς
1200 1317 1246 1344 τὸν
1257 1318 1277 1344 Γ
1278 1320 1408 1354 εννήτορα
1424 1321 1470 1346 καὶ
1492 1321 1586 1357 ἀγάπῃ
1608 1324 1641 1358 τῇ
1666 1324 1736 1359 πρὸς
1750 1325 1842 1357 αὑτὸν,

1048 1361 1189 1398 ἐθελοντὴς
1202 1362 1335 1399 ὁμιλήσας
1357 1366 1403 1392 καὶ
1417 1367 1474 1398 τοῖς
1492 1367 1567 1402 παρὰ
1583 1367 1714 1403 γνώμην,
1734 1370 1779 1396 ἵνα
1793 1371 1841 1406 τὴν

1047 1411 1132 1446 αὐτῆς
1155 1411 1292 1447 πληρώσω
1314 1413 1450 1449 βούλησιν.
1485 1415 1514 1442 '0
1538 1416 1588 1451 μὲν
1610 1414 1714 1444 οὖντοῦ
1734 1427 1842 1453 προκει-

1049 1456 1130 1492 μένου
1150 1458 1250 1489 σκοπὸς
1265 1459 1369 1492 γένοιτο
1384 1460 1418 1487 ἂν
1432 1458 1461 1487 εὖ
1483 1461 1556 1495 μάλα
1573 1463 1602 1489 ὲν
1624 1463 1733 1495 τούτοις
1744 1464 1842 1499 διαφα-

1046 1502 1090 1533 νὲς
1099 1500 1154 1537 [γρ.
1164 1503 1318 1538 διαφανήςι.
1328 1505 1493 1540 ’ἰσχνότερον
1502 1506 1531 1532 δὲ
1541 1507 1575 1533 τὰ
1583 1508 1612 1533 ὲν
1625 1508 1700 1543 αὐτῷ
1710 1509 1841 1536 διαπτύσ-

1048 1555 1148 1580 σοντες,
1168 1549 1255 1575 ἐκεῖνό
1272 1558 1377 1584 φαμεν·
1402 1551 1437 1577 ~0
1454 1552 1502 1586 μὲν
1518 1552 1572 1587 γὰρ
1589 1553 1636 1579 τοῦ
1653 1553 1749 1587 γένους
1762 1555 1841 1590 ἡμῶν

209 1607 266 1628 tum
284 1603 444 1637 violaverat,
469 1607 660 1635 exsecratione
685 1609 777 1636 divina
796 1616 911 1639 mortem
928 1615 995 1640 sul;-

1048 1592 1202 1628 ἀρχηγέτης
1224 1594 1308 1630 Ἀδὰμ
1323 1596 1368 1621 τὸν
1383 1597 1415 1623 ὲκ
1427 1598 1476 1632 τῆς
1492 1597 1566 1629 θείας
1578 1599 1649 1634 ἀρᾶς
1665 1600 1748 1626 ὑπέδυ
1760 1601 1841 1628 Θάνα-

209 1647 286 1680 iisse,
299 1649 445 1685 ipsumque
463 1659 525 1678 eunt
543 1660 556 1678 a
571 1652 654 1690 854
670 1655 772 1689 seipso,
790 1661 845 1684 tutu
856 1666 870 1684 a
885 1658 994 1687 diabolo

206 1699 368 1723 accusatum
383 1706 390 1729 ;
411 1698 497 1725 videri
515 1704 604 1726 tamen
621 1700 647 1727 id
664 1709 776 1739 passum
789 1711 850 1731 esse
863 1705 947 1739 jnstis
961 1706 995 1734 de

207 1741 321 1768 causis:
340 1749 390 1769 nec
407 1743 478 1769 enim
496 1743 596 1778 injuste
610 1737 763 1780 puniuntur
781 1749 826 1783 qui
844 1757 898 1784 prae
910 1752 994 1778 animi

208 1786 325 1821 segnitie
352 1793 486 1822 peccant;
510 1790 662 1818 secundum
689 1800 755 1819 vero
772 1794 870 1828 Adam,
896 1795 922 1822 id
951 1802 994 1824 est

208 1829 354 1860 Dominum
367 1838 492 1861 nostrum
517 1834 611 1863 Jesum
627 1837 778 1871 Christum,
794 1841 896 1869 nullius
912 1843 994 1876 plane

208 1878 248 1904 rei
270 1880 397 1906 accusari
425 1888 525 1920 posse:
544 1883 645 1917 quippe
671 1893 680 1909 ι
701 1886 747 1919 qui
770 1891 912 1920 peccatum
937 1897 992 1916 non

207 1923 285 1956 fecit,
313 1932 364 1952 ttec
392 1925 521 1954 inventus
545 1932 589 1955 est
612 1929 692 1957 dolus
715 1931 742 1958 in
771 1939 819 1959 ore
844 1934 949 1968 ejus“,
981 1946 989 1962 ι

207 1973 321 1995 mortem
339 1977 387 2005 pro
404 1971 485 1998 nobis
498 1973 621 2006 pertulit,
640 1975 744 2002 nullius
765 1977 846 2011 plane
866 1980 991 2008 criminis

205 2015 348 2047 conscius,
373 2017 421 2043 sed
447 2018 568 2052 seipsum
595 2026 645 2054 pro
662 2021 716 2048 vita
737 2024 860 2053 omnium
885 2027 992 2053 rodent-

205 2060 308 2094 ptionis
329 2063 446 2096 pretium
463 2061 535 2092 Patri
551 2064 682 2098 oﬂercns,
699 2069 763 2103 quia
779 2068 888 2098 Patrem
902 2073 991 2109 diligit

205 2106 299 2133 mundi
329 2108 445 2136 salutent
473 2110 620 2138 sitientem.
653 2112 700 2140 Est
730 2117 821 2142 autent
850 2106 990 2153 diligeniis

205 2151 323 2183 Patrum.
341 2156 454 2182 omnino
481 2155 573 2184 facere
587 2159 756 2187 voluntatem
782 2161 853 2197 ejus,
874 2151 989 2200 eliquod

203 2197 395 2227 necessarium
413 2202 503 2229 visum
518 2203 564 2236 sit,
581 2211 634 2231 non
651 2214 700 2240 pro
714 2207 800 2235 nihilo
818 2210 927 2244 habere,
940 2214 987 2240 sed

202 2245 297 2272 conari
318 2246 352 2273 ad
368 2247 473 2274 exitum
489 2249 650 2282 perducere.
669 2253 740 2284 Quid
755 2263 819 2282 vero
837 2256 910 2284 istud
926 2259 988 2286 est?

205 2288 294 2318 Voluit
319 2293 459 2328 proprium
485 2293 583 2321 Filium
599 2316 606 2329 ,
636 2297 700 2325 licet
728 2300 896 2329 conforment
925 2312 987 2332 eutn

175 2341 183 2345 ‘
203 2337 308 2365 habens
330 2343 357 2366 et
373 2339 531 2367 omnimoda
551 2343 708 2376 a‘qualitate
735 2348 928 2382 conspicuum,
960 2352 986 2378 in

202 2388 306 2412 tantam
335 2386 431 2413 venire
458 2387 655 2416 detnissionent
674 2397 703 2418 ut
720 2397 746 2419 et
765 2393 847 2421 ltomo
876 2402 986 2432 propter

201 2438 252 2459 nos
267 2430 356 2458 factus
371 2432 419 2464 sit,
442 2441 492 2460 nec
514 2443 563 2470 pro
581 2438 703 2464 omniutn
721 2441 774 2467 vita
790 2447 905 2469 tnortem
923 2452 986 2471 eru-

200 2477 302 2504 buerit.
319 2477 376 2504 Hoc
394 2478 459 2506 fecit
477 2479 574 2514 Filius,
587 2483 705 2519 diligens
716 2485 837 2521 Patrem,
855 2490 901 2524 qui
918 2499 986 2525 prte-
1006 2490 1009 2492 ’

199 2522 307 2556 cepisse
322 2523 424 2550 dicitur
439 2531 468 2553 ut
492 2529 601 2564 propria
618 2532 721 2559 virtute
743 2541 791 2568 per
813 2522 905 2564 carinis
918 2522 983 2572 pas-

199 2568 303 2594 sionem
322 2574 436 2596 tnortetn
456 2571 636 2606 interimeret,
651 2581 678 2603 et
693 2580 881 2614 corruptionis
895 2568 983 2617 impe-

197 2620 269 2640 rium
285 2618 431 2648 everteret,
448 2624 651 2655 corruptosque
668 2623 827 2657 viviliearvt,
846 2631 873 2653 et
888 2628 982 2662 pristi-

196 2667 259 2686 nam
273 2659 315 2686 εἰς
329 2659 418 2689 dettuo
441 2664 558 2699 gloriam
583 2667 762 2697 instauraret.
796 2659 902 2700 idcirco
917 2675 954 2701 ait
973 2685 980 2703 :

195 2706 350 2739 Angustum
365 2712 408 2736 est
426 2705 546 2746 tempus,
563 2720 618 2747 quo
639 2714 738 2749 loquar
754 2716 897 2745 vobiscum
913 2728 920 2752 ;
939 2720 981 2747 in-

195 2753 249 2780 stat
262 2752 335 2779 enim
350 2755 452 2788 passio,
467 2761 494 2784 et
512 2758 538 2784 in
557 2764 623 2786 zestu
639 2766 682 2788 est
701 2763 775 2797 quod
792 2763 818 2790 in
836 2773 880 2792 tut:
892 2765 978 2794 Judaei

194 2797 281 2824 moliti
297 2803 360 2827 sunt
374 2801 491 2830 facinus.
510 2802 601 2831 Patiar
620 2806 716 2835 lttbens
727 2828 736 2842 ,
756 2810 978 2847 quandoquidem

228 2885 248 2900 "
270 2887 277 2912 Ι
301 2886 374 2917 Pctr.
393 2898 429 2924 tt,
446 2891 492 2918 ‘22.

1045 1644 1102 1670 τον,
1116 1638 1161 1665 διὰ
1177 1639 1222 1666 τοῦ
1244 1640 1399 1675 παραλῦσαι
1412 1642 1462 1678 τὴν
1479 1642 1603 1670 δοθεῖσαν
1618 1645 1739 1681 ἐντολὴν.
1759 1647 1838 1678 αὐτός

1045 1691 1075 1709 τε
1097 1684 1142 1718 ὑφ’
1165 1685 1262 1711 ἑαυτοῦ
1291 1686 1406 1713 καὶτοῦ
1436 1687 1560 1715 διαϐόλου
1588 1691 1837 1726 κατηγορούμενος,

1045 1730 1169 1764 φαίνεταί
1185 1739 1216 1765 γε
1232 1731 1285 1766 μὴν
1304 1733 1347 1758 ἐπ’
1366 1732 1486 1766 εὐλόγοις
1506 1734 1585 1761 τοῦτο
1602 1735 1697 1763 παθὼν
1717 1737 1818 1769 αἰτίαις
1830 1747 1837 1753 ·

1045 1776 1138 1808 ἕψεται
1153 1776 1206 1813 γὰρ
1222 1778 1273 1804 οὐκ
1284 1778 1384 1810 ἀδίκως
1396 1780 1452 1810 τοῖς
1466 1780 1497 1806 ὲκ
1510 1779 1646 1815 ῥᾳθυμίας
1661 1783 1837 1817 ἡμαρτηκόσι

1044 1822 1074 1848 τὸ
1085 1822 1248 1854 κολάξεσθαι
1258 1823 1324 1850 δεῖν.
1337 1824 1365 1850 '0
1376 1824 1403 1850 δὲ
1416 1824 1542 1860 δεύτερος
1556 1826 1653 1861 Ἀδὰμ,
1666 1828 1740 1854 τοῦτ’
1752 1829 1835 1860 ἐστιν,

1043 1868 1167 1904 ὸΚύριος
1181 1869 1260 1904 ἡμῶν
1277 1870 1380 1905 Ἰησοῦς
1394 1871 1407 1896 ό
1418 1871 1546 1905 Χριστὸς,
1566 1873 1609 1898 ἐπ’
1624 1873 1712 1900 οὐδενὶ
1726 1874 1757 1900 τὸ
1768 1875 1836 1909 625p.-

1043 1923 1098 1941 παν
1119 1915 1331 1950 κατηγορεῖσθαι
1354 1916 1504 1951 δυνάμενος
1517 1926 1524 1932 ·
1549 1927 1558 1944 ι
1573 1919 1610 1944 Οὐ
1633 1919 1688 1955 γὰρ
1708 1920 1836 1955 ἐποίησεν

1043 1960 1190 1996 ἁμαρτίαν,
1206 1962 1266 1988 οὐδὲ
1280 1961 1379 1997 εὑρέθη
1395 1962 1471 1994 δόλος
1484 1963 1514 1989 ὲν
1523 1963 1561 1999 τῷ
1574 1964 1690 1999 στόματι
1714 1967 1810 1997 αὑτοῦ,
1823 1978 1831 1992 ι

1041 2007 1072 2033 τὸ
1089 2007 1158 2043 ὑπὲρ
1177 2007 1255 2042 ἡμῶν
1273 2008 1377 2043 ὑπέστη
1397 2008 1498 2042 πάθος,
1523 2010 1685 2042 ἁνυπαίτιος
1705 2012 1756 2046 μὶν
1784 2013 1834 2038 ὐπ-

1045 2052 1136 2087 άρχιον
1150 2053 1184 2079 δι’
1197 2053 1294 2080 ἑαυτὸν
1309 2053 1458 2086 παντελῶς,
1471 2054 1628 2090 ἀντίλυτρον
1641 2056 1670 2082 δὲ
1681 2056 1730 2091 τῆς
1745 2057 1832 2084 ἁπάν-

1041 2105 1094 2123 των
1111 2096 1182 2132 ζωῆς
1197 2097 1293 2123 ἑαυτὸν
1306 2097 1345 2132 τῷ
1361 2097 1447 2133 Πατρ).
1464 2099 1703 2134 προσκεκομικὼς,
1720 2102 1831 2136 ἐπειδὴ·

1041 2150 1095 2176 περ
1114 2142 1209 2178 ἀγαπᾷ
1227 2142 1272 2168 τὸν
1291 2143 1399 2178 Πατέρα
1419 2143 1469 2179 τὴν
1490 2144 1537 2171 τοῦ
1557 2145 1659 2180 κόσμου
1679 2146 1831 2182 διψήσαντα

1041 2186 1188 2222 σωτηρίαν.
1214 2187 1267 2213 Τοῦ
1281 2187 1310 2214 δὲ
1323 2188 1487 2221 ἀγαπῶντος
1512 2189 1558 2215 τὸν
1575 2190 1684 2226 Πατέρα
1695 2211 1702 2222 ,
1720 2192 1831 2224 πάντως

1040 2231 1125 2266 δήπου
1138 2233 1186 2259 καὶ
1199 2232 1280 2268 ἔργον
1290 2230 1323 2268 ἦν
1334 2233 1364 2259 τὸ
1377 2233 1471 2260 δοκοῦν
1481 2235 1566 2270 αὐτῷ,
1575 2236 1623 2262 καὶ
1635 2236 1664 2262 ὲν
1674 2238 1730 2267 τοῖς
1744 2238 1829 2272 ἀναγα

1004 2272 1026 2302 D
1042 2277 1128 2309 καίοις
1143 2277 1330 2313 λελογισμένον
1340 2297 1348 2310 ,
1376 2279 1413 2314 μὴ
1429 2281 1493 2315 παρ’
1515 2280 1592 2307 οὐδὲν
1609 2281 1735 2316 ἡγεῖσθαι
1763 2284 1830 2318 μᾶλα

1040 2322 1095 2351 λον,
1125 2323 1193 2349 ἀλλὰ
1220 2324 1260 2355 εἰς
1274 2324 1361 2358 πέρας
1373 2323 1450 2358 ἄγειν
1467 2326 1635 2360 ἐπείγεσθαι.
1659 2328 1691 2354 Τί
1706 2328 1734 2354 δὲ
1750 2329 1829 2355 τοῦτο

1039 2365 1089 2401 ἧν;
1118 2367 1247 2403 Ἦοέλησε
1270 2367 1316 2394 τὸν
1333 2367 1397 2395 ἴδιον
1411 2369 1491 2401 Υίὺν,
1518 2370 1606 2397 καίτοι
1624 2371 1786 2407 σύμμορςρόν
1799 2382 1828 2400 τε

1038 2412 1106 2446 ἔχων
1124 2412 1220 2444 αὐτὸν,
1235 2413 1282 2438 καὶ
1298 2414 1331 2448 τῇ
1347 2414 1417 2440 κατὰ
1433 2415 1487 2441 πᾶν
1505 2415 1607 2450 ἰσότητι
1624 2416 1773 2452 διαπρεπῆ.
1789 2420 1827 2448 si;

1036 2456 1170 2492 τοσαύτην
1191 2457 1341 2493 καταϐῆναι
1362 2459 1527 2486 ταπείνωσιν
1553 2460 1591 2492 ὡς
1614 2462 1662 2487 καὶ
1682 2462 1825 2497 ἄνθρωπον

1035 2500 1164 2533 γενέσθαι
1182 2501 1214 2526 δι’
1229 2501 1317 2536 ἡμᾶς,
1338 2502 1444 2529 καὶτὸν
1459 2503 1528 2539 ὑπὲρ
1542 2504 1596 2531 τῶν
1611 2505 1739 2532 ἁπάντων
1754 2507 1825 2541 ζωῆς

1035 2547 1073 2581 μὴ
1086 2546 1248 2581 ἐρυθριᾶσαι
1263 2547 1483 2576 θάνατον-Τοῦτο
1498 2550 1638 2586 πέπρακεν
1650 2551 1744 2584 ὁΥἱδς,
1758 2553 1826 2586 ἀγα-

1034 2592 1092 2618 πῶν
1109 2593 1155 2618 τὸν
1169 2593 1336 2629 Γεννήτορα,
1359 2592 1405 2621 τὸν
1430 2592 1588 2623 ἐντετάλθαι
1605 2596 1764 2632 λεγόμενον,
1787 2598 1824 2629 ὡς

1033 2635 1087 2671 ἰδίᾳ
1102 2636 1216 2671 δυνάμει
1232 2638 1370 2672 νεκρῶσαι
1388 2635 1437 2674 μὲν
1457 2639 1495 2675 τῷ
1508 2642 1556 2676 τῆς
1568 2641 1668 2677 σαρκὸς
1684 2642 1766 2669 πάθει
1779 2643 1823 2669 τὸν

1031 2681 1159 2715 θάνατον,
1179 2683 1209 2710 τὸ
1225 2683 1254 2711 δὲ
1268 2684 1318 2719 τῆς
1341 2683 1444 2721 φθορᾶς
1460 2682 1608 2714 καταλῦσαι
1625 2688 1736 2723 κράτος,
1756 2689 1822 2722 ζωο-

1035 2727 1145 2762 ποιῆσαί
1160 2736 1189 2754 τε
1209 2729 1271 2761 τοὺς
1294 2730 1534 2766 κατεφθαρμένους
1545 2753 1552 2764 ,
1576 2734 1623 2760 καὶ
1639 2734 1688 2769 τὴν
1706 2735 1821 2769 ἀρχαίαν

1033 2771 1124 2803 αὐτοῖς
1141 2770 1219 2805 αὖθις
1232 2774 1383 2802 ἅνανεῶσὰι
1397 2770 1485 2808 δόξαν.
1504 2778 1552 2804 Διὰ
1574 2777 1653 2805 τοῦτό
1673 2788 1767 2814 φησιν,
1781 2781 1820 2807 δτι

1032 2817 1128 2849 Στενὸς
1149 2818 1197 2854 μὲν
1213 2820 1226 2845 ὁ
1240 2820 1293 2846 τῶν
1306 2821 1393 2855 λόγων
1407 2823 1502 2858 καιρός
1512 2824 1686 2861 ἐἰσελαύνει
1699 2825 1754 2860 γὰρ
1770 2827 1821 2862 ﬁat;
