1929 3038
71 177 124 205 329

602 175 635 202 IN
649 175 790 203 JOANNIS
810 174 1031 202 EVANGELIUM
1053 175 1115 202 LIB.
1130 174 1163 202 Χ.

1638 175 1691 203 550

73 236 102 262 τὸ
117 234 218 267 πάθος,
250 235 297 261 καὶ
318 235 348 261 τὸ
364 234 416 261 τῶν
440 234 573 262 Ἰουδαίων
592 235 634 260 ἐπ’
656 235 717 269 ἐμοὶ
733 234 857 268 λογισθὲν

923 234 945 261 rb
957 233 1030 261 istud
1041 235 1111 260 veni.
1132 233 1323 261 Verumtamen
1339 243 1348 259 ‹
1366 233 1438 260 venit
1455 233 1584 268 princeps
1597 236 1691 263 mundi

71 280 210 314 ἁνεκαύθη
224 280 361 316 τόλμημα.
391 280 525 315 Πείσομαι
550 280 603 314 γὰρ
621 280 770 316 ἐθελοντὴς,
785 280 859 306 ἐπεί-

73 335 126 362 περ
142 327 264 361 ἀφῖγμαι
277 326 321 352 διὰ
333 325 421 353 τοῦτο.
443 325 515 361 Πλὴν
528 335 536 351 ι
548 326 656 361 ἔρχεται
669 327 683 352 ὁ
697 326 742 352 τοῦ
758 326 859 361 κόσμου

72 373 180 407 ἄρχων,
202 371 250 398 καὶ
273 372 302 398 ὲν
319 371 380 406 ἐμοὶ
401 372 450 397 οὐκ
471 371 525 406 ἔχει
545 371 636 397 οὐδέν·
654 381 663 397 ν
685 371 757 398 τοῦτ’
776 371 860 404 ἔστιν,

73 419 127 452 Οὐχ
146 417 289 452 ἁλώσομαι
307 416 563 452 πεπλημμεληκὼς,
578 417 635 444 ἀλλ’
651 417 711 444 οὑδὲ
727 417 861 453 πρόφασις

73 463 148 489 ἕσται
162 464 220 494 τοῖς
241 462 377 494 Ἰουδαίοις
395 463 444 497 τῆς
458 463 498 494 εἰς
512 463 562 497 ἐμὲ
578 463 719 498 παροινίας
733 462 841 497 εὔλογος
853 470 860 477 ·

73 508 150 534 οὐδὲν
165 508 194 534 ὲν
214 508 276 542 ἐμοὶ
297 507 351 533 τῶν
367 507 438 534 ἰδίων
460 509 474 534 ὁ
496 508 618 540 διάϐολος
640 508 706 543 ἔχει.
725 509 794 536 Ἶδια
809 509 862 544 γὰρ

73 554 169 590 ὥσπερ
184 554 290 581 ἐκείνου
307 554 339 580 τὰ
355 553 455 588 φαῦλα,
470 555 516 581 καὶ
530 556 579 588 τῆς
596 555 732 591 ἁμαρτίας
752 556 767 590 ἡ
785 555 863 589 γένε-

75 609 116 632 σις
132 601 239 626 ἐκεῖνον
256 598 326 626 οἶδεν
348 600 446 635 ἀρχήν.
469 600 528 626 Ὅτι
542 599 570 626 δὲ
584 599 688 635 ἀληθὴς
709 599 755 626 τοῦ
773 600 862 635 Σωτῆ-

76 653 121 681 ρος
135 646 149 671 ὁ
169 640 265 679 λόγος,
293 645 409 679 μάλιστα
434 645 482 679 μὲν
497 645 545 671 καὶ
560 644 589 677 ἐξ
603 645 689 680 αὐτῆς
705 645 806 672 κατίδοι
821 653 863 676 τις

76 692 107 718 ἂν
121 691 174 726 τῆς
196 691 366 722 ἀκολουθίας.
394 690 455 722 Πῶς
474 691 526 726 γὰρ
539 691 692 726 ἐξήμαρτεν
705 693 719 717 6
735 692 772 726 μὴ
787 691 864 722 εἰδὼς

75 737 230 772 ἁμαρτίαν,
254 738 268 763 ὁ
283 737 361 770 φύσει
383 737 430 763 καὶ
444 737 557 772 ἀληθείᾳ.
574 737 654 769 Θεὸς,
671 737 796 772 ότροπῆς
814 737 863 772 τῆς

74 782 121 808 ἐπί
130 791 158 808 τι
168 782 222 808 τῶν
234 782 283 808 οὑκ
295 781 410 817 ἑχόντων
422 781 509 816 ὀρθῶς
522 782 696 813 ἀνεπίδεκτος
709 781 862 814 παντελῶς;

75 828 131 863 Οὐχ
146 829 249 863 ἣκιστα
267 828 295 854 δὲ
312 828 359 854 καὶ
370 828 403 854 δι’
413 827 503 854 αὐτῶν
511 827 632 862 ὀψόμεθα
644 828 724 854 τοῦτο
737 828 790 854 τῶν
800 828 865 854 ἀνα-

75 874 279 909 γεγραμμένων
296 875 324 900 ἐν
349 875 404 903 τοῖς
420 873 506 908 ἁγίοις
528 874 742 909 εὐαγγελισταῖς.
770 875 797 901 '0
815 875 863 910 μὲν

913 280 1005 314 hujus,
1020 286 1046 306 et
1061 280 1087 306 in
1114 287 1156 306 me
1179 287 1232 306 non
1260 279 1339 307 habet
1355 279 1518 314 quidquam,
1540 290 1548 305 ι
1575 282 1626 307 hoc
1639 287 1691 316 est,

912 333 965 352 non
986 325 1135 352 convincar
1152 325 1268 360 peccati,
1285 333 1376 360 neque
1393 334 1475 360 porro
1487 325 1574 353 Judaei
1592 335 1648 354 sua:
1666 328 1693 355 in

913 378 954 397 me
973 371 1133 405 petulantiae
1142 376 1168 397 et
1184 371 1473 406 immanitatisjustam
1486 371 1569 398 ullam
1584 379 1693 399 causam

913 413 1008 441 habitu
1016 414 1037 440 ri
1053 419 1133 446 sunt,
1149 414 1217 440 nihil
1233 414 1260 441 in
1276 422 1319 442 me
1336 415 1387 443 sibi
1409 416 1534 443 vindicat
1557 417 1693 444 diabolus.

913 459 1026 494 Propria
1054 460 1154 495 quippe
1171 460 1230 495 ejus
1251 465 1315 488 sunt
1334 461 1417 494 mala,
1445 466 1473 489 et
1497 462 1600 498 p'eccati
1620 464 1694 498 origo

913 506 1065 540 principem
1080 511 1107 534 et
1121 511 1262 534 auctorem
1279 515 1342 535 eum
1361 508 1496 543 agnoscit.
1513 508 1591 542 Quod
1604 513 1694 536 autem

913 559 995 578 verus
1012 552 1048 579 sit
1063 552 1107 579 ille
1123 559 1214 580 sermo
1230 553 1393 585 Salvatoris.
1405 562 1437 581 ex
1452 554 1511 589 ipso
1524 555 1694 589 potissimum

911 598 1007 625 ordine
1023 602 1049 626 et
1067 599 1139 626 serie
1169 599 1315 626 verborum
1340 600 1406 627 licet
1435 607 1595 635 agnoscere.
1621 601 1695 634 Quo-

914 644 995 671 modo
1010 644 1083 672 enim
1099 645 1222 679 peccavit
1241 645 1288 680 qui
1300 649 1443 679 peceatum
1468 653 1525 673 non
1541 647 1635 683 novit,
1651 648 1696 674 ille

914 695 1013 718 natura
1026 697 1052 719 et
1071 692 1186 719 veritate
1203 691 1285 724 Deus,
1309 692 1411 727 quique
1432 693 1501 720 nihil
1519 693 1545 720 in
1577 702 1606 722 se
1621 696 1694 729 pravi

914 738 1056 772 suscipere
1077 745 1196 772 unquam
1209 738 1319 772 possit?
1331 738 1424 773 Neque
1436 747 1501 766 vero
1517 739 1609 767 minus
1625 741 1650 767 id
1664 749 1694 767 cx

915 784 983 818 ipsis
997 787 1154 811 sanctorum
1169 784 1398 819 evangelistarum
1410 786 1520 820 scriptis
1534 787 1695 814 videbimus.

916 828 1144 864 Sapientissimus
1174 829 1276 864 quippe
1301 829 1424 858 Joannes
1447 830 1564 858 Pilatum
1590 832 1698 859 induxit

915 876 1069 902 dicentem:
1089 884 1098 901 ‹
1118 874 1174 910 Ego
1187 875 1289 902 nullam
1302 875 1410 903 invenio
1422 877 1448 903 in
1461 884 1493 904 eo
1509 878 1669 911 causam";
1686 888 1695 903 ι

76 920 131 955 γὰρ
156 920 312 955 σοφώτατος
337 920 462 955 Ἰωάννης
487 921 532 947 τὸν
555 921 670 947 Πιλᾶτον
690 921 864 956 εἰσκεκόμικε

923 927 942 949 at
957 929 1065 954 rursus,
1084 921 1179 956 spinea
1201 929 1303 949 corona
1328 922 1455 957 imposita
1479 923 1643 950 clamantem
1667 931 1699 950 ac

75 967 191 1000 λέγοντα
202 975 208 982 ·
223 977 232 991 ι
245 965 314 1000 Ἐγὼ
329 966 456 1001 οὐδεμίαν
471 967 560 993 αίτίαν
577 967 695 1002 εὑρίσκω
709 967 738 993 ὲν
748 966 838 1002 αὐτῷ·
854 977 862 992 ι

78 1013 125 1038 καὶ
141 1013 224 1039 πάλιν
250 1013 318 1047 μετὰ
333 1013 363 1038 τὸ
377 1012 512 1038 ἐπιθεῖναι
528 1012 658 1047 στέφανον
676 1013 722 1039 τὸν
737 1013 766 1046 ἐξ
780 1014 865 1039 ἀκαν-

78 1058 150 1090 θῶν,
177 1058 389 1093 προσφωνοῦντα
414 1058 460 1084 καὶ
482 1058 605 1093 λέγοντω
622 1068 631 1084 ‹
647 1059 700 1085 Ἴδε
714 1059 772 1093 ἄγω
786 1058 866 1085 αὑτὸν

79 1105 145 1139 ὑμῖν
158 1104 220 1137 ἔξω,
235 1104 278 1131 ἵνα
288 1104 384 1138 γνῶτε,
401 1104 444 1131 ὅτε
456 1104 582 1139 οὐδεμίαν
600 1104 689 1131 αἰτίαν
704 1105 822 1139 εὑρίσκω
838 1106 866 1131 ἐν

78 1150 165 1185 αὐτῷ.
182 1160 192 1176 ι
221 1150 250 1177 '0
264 1150 293 1177 δέ
307 1159 339 1184 γε
351 1150 488 1182 Ῐνῐατοαίος
500 1151 540 1182 εἰς
550 1150 684 1185 τοσαύτην
700 1150 779 1177 αὐτὸν
792 1159 868 1186 μισο-

79 1197 214 1232 πονηρίαν
227 1197 338 1232 ἀφῖχθαί
356 1206 453 1232 φησιν,
468 1197 506 1228 ὡς
525 1196 571 1223 καὶ
588 1197 771 1232 ἀπονίψασθαι
788 1198 868 1224 αὑτὸν

78 1244 135 1273 τοῖς
157 1242 294 1274 Ἰουδαίοις
305 1242 355 1273 τὰς
370 1244 463 1278 χεῖρας
479 1242 526 1269 καὶ
545 1244 631 1269 εἰπεῖν
643 1250 650 1256 ·
669 1253 677 1268 ι
699 1243 798 1275 ’Λθῶός
812 1245 868 1278 είμι

79 1291 134 1318 ἀπὸ
146 1290 193 1318 τοῦ
205 1290 319 1326 αἵματος
332 1290 379 1317 τοῦ
394 1290 497 1317 δικαίου
511 1290 614 1317 τούτου.
629 1301 638 1316 ι
664 1291 721 1316 Ἐπ’
739 1291 828 1317 αὐτῶν
842 1291 870 1317 δὲ

79 1337 134 1363 τῶν
165 1337 317 1372 ἀρχιερέων
350 1335 593 1371 εἰσκεκομισμένον
623 1337 688 1370 ἡμῖν
724 1336 868 1368 ἐπιδείξας,

78 1381 151 1409 οὓτω
168 1382 253 1417 φησιν
264 1391 270 1397 ·
287 1392 296 1407 ί
312 1383 343 1409 Oi
357 1382 384 1408 δὲ
396 1382 535 1417 ἀρχιερεῖς
554 1382 600 1408 καὶ
614 1382 642 1408 τὸ
659 1382 796 1417 συνέδριον
811 1382 869 1408 ὅλον

80 1429 196 1464 ἐζήτουν
216 1428 454 1464 ψευδομαρτυρίαν
474 1427 545 1454 κατὰ
568 1428 615 1454 τοῦ
638 1428 774 1462 Χριστοῦ,
797 1428 871 1458 ὅπως

81 1475 162 1501 αὑτὸν
180 1474 358 1501 Θανατώσωσι
370 1496 376 1505 ,
394 1475 441 1501 καὶ
459 1474 508 1509 οὐχ
521 1471 613 1509 εὖρον,
638 1473 741 1500 πολλῶν
757 1473 870 1508 προσελ-

83 1521 183 1548 θόντων
205 1519 446 1556 ψευδομαρτύρων.
472 1520 503 1546 Εἰ
521 1519 574 1555 γὰρ
600 1519 647 1546 καὶ
668 1519 702 1545 δι’
721 1519 872 1554 ἀνθρώπων

83 1567 206 1602 ἐζητεῖτο
220 1566 255 1593 τὰ
271 1566 330 1592 κατ’
344 1566 434 1596 αὑτὸν.
451 1566 508 1592 ἀλλ’
523 1565 559 1597 ὡς
571 1565 697 1601 ὀργάνοις
711 1565 758 1591 καὶ
773 1566 873 1599 ὑπουρ-

84 1614 140 1646 γοῖς
155 1612 206 1647 τῆς
221 1611 334 1646 ἐνούσης
355 1611 429 1646 αὐτῷ
448 1611 612 1646 δυστροπίας
636 1610 735 1645 ἐχρῆτο
753 1610 768 1635 6
784 1609 872 1636 διάϐο-

83 1659 137 1690 λος,
151 1658 200 1684 καὶ
214 1657 296 1688 αὐτὸς
313 1655 348 1692 ἦν
364 1657 476 1692 μᾶλλον,
499 1656 571 1692 ἢπερ
586 1655 680 1690 ἕτερός
698 1664 739 1686 τις
753 1656 767 1681 6
784 1656 873 1690 εὑρεῖν

84 1707 112 1732 ιν
124 1704 201 1739 αὺτῷ
215 1704 305 1739 ζητῶν
317 1703 515 1738 πλημμέλημα.
532 1701 637 1728 Οὐκοῦν
646 1701 754 1736 ἀληθὲς,
766 1702 806 1728 ὅτι
822 1701 875 1728 τῶν

86 1751 158 1778 ἰδίων
170 1750 248 1777 οὐδὲν
264 1748 337 1785 εἶχεν
351 1751 366 1776 6
379 1749 499 1781 διάϐολος
518 1750 546 1775 ὲν
561 1748 645 1783 αὑτῷ,
658 1747 687 1774 δν
697 1748 745 1774 καὶ
759 1747 876 1783 ἄρχοντα

83 1796 130 1822 τοῦ
147 1795 254 1831 κόσμου
269 1795 338 1830 πρὸς
360 1797 390 1821 τὸ
407 1793 492 1828 παρὸν
511 1793 652 1829 ὠνόμασεν
663 1813 670 1825 ,
694 1793 743 1828 οὑχ
759 1793 796 1824 ὡς
812 1793 877 1827 ἁλη-

85 1842 139 1874 ῢῶς
153 1841 219 1868 ὄντα
231 1841 380 1875 δεσπότην,
401 1840 459 1867 ἀλλ’
472 1840 566 1875 ὥσπερ
578 1839 639 1865 τινὰ
657 1839 710 1865 τῶν
730 1838 876 1872 ἀλιτηρίων

86 1887 235 1923 βαρὸάρων
259 1886 417 1919 πλεονεξίας
437 1885 512 1921 νόμῳ
543 1886 717 1921 κρατήσαντα
738 1884 792 1910 τῶν
818 1884 876 1910 κατ’

85 1933 184 1961 οὐδένα
204 1933 305 1968 τρόπον
328 1931 520 1967 προσηκόντων
534 1930 617 1965 αὐτῷ.
648 1930 707 1964 Ὑφ’
725 1929 812 1964 ἑαυτῷ
824 1929 878 1964 γὰρ

87 1979 237 2014 ἐποιήσατο
254 1978 298 2004 διὰ
310 1977 359 2012 τῆς
374 1976 511 2011 ἁμαρτίας
526 1976 570 2002 τὸν
588 1975 745 2011 ἄνθρωπον,
767 1976 813 2001 καί
826 1975 878 2001 ὦσ-

89 2034 142 2061 τπρ
182 2024 245 2052 τινὰ
271 2024 389 2059 ποίμνην
412 2022 624 2057 ἁνεπιστάτητον
655 2021 876 2056 ἀποδουκολήσας

88 2071 157 2097 Θεοῦ
171 2091 179 2104 ,
208 2070 262 2096 τῶν
276 2069 422 2105 ἀλλοτρίων
445 2069 565 2104 ἐκράτει.
597 2067 741 2102 Τοιγάρτοι
767 2066 876 2101 καὶτῆς

89 2116 161 2143 οὕτω
181 2115 357 2151 πορισθείσης
372 2115 458 2151 ἀρχῆς
470 2114 580 2145 δικαίως
595 2113 768 2148 ὲκὸέῦληται.
790 2113 877 2139 856a.-

90 2162 201 2189 σίλευκε
223 2162 277 2197 γὰρ
294 2161 336 2196 ἐφ’
351 2162 423 2196 ἡμᾶς
440 2162 453 2188 ό
472 2161 598 2195 Χριστός.
621 2160 666 2186 Διὸ
686 2168 751 2195 φησι
764 2168 770 2176 ·
799 2168 807 2185 ι
822 2159 878 2188 Νῦν

916 968 1072 995 dicentem:
1091 976 1101 992 ‹
1133 968 1205 995 Ecce
1228 967 1336 995 adduco
1359 967 1438 996 vobis
1463 976 1525 996 eum
1551 969 1644 997 foras:
1671 975 1699 996 ut

917 1013 1090 1049 cognoscatis
1102 1013 1165 1048 quia
1179 1013 1282 1041 nullam
1298 1014 1408 1041 invenio
1424 1015 1450 1041 in
1472 1022 1503 1042 eo
1519 1016 1672 1043 causam".
1688 1026 1696 1042 ι

918 1059 1062 1087 Μθιιιιεξνιιε
1094 1067 1160 1086 vero
1191 1059 1348 1087 Judteorum
1379 1061 1532 1095 nequitiam
1561 1066 1701 1096 tantopere

918 1106 1094 1132 abhorruisse
1104 1106 1180 1133 illum
1194 1105 1301 1137 scribit,
1313 1109 1341 1132 ut
1352 1109 1379 1132 et
1391 1113 1484 1132 coram
1493 1105 1594 1133 Judaeis
1604 1113 1700 1135 manus

917 1151 999 1186 855
1027 1151 1156 1185 abluerit,
1172 1158 1204 1178 ac
1222 1150 1340 1178 dixerit:
1360 1160 1369 1176 ι
1389 1151 1523 1178 lnnocens
1535 1159 1588 1187 ego
1607 1160 1668 1179 sum
1687 1160 1700 1178 a

919 1197 1054 1232 sanguine
1068 1197 1137 1232 justi
1157 1196 1284 1232 hujus“.
1306 1206 1314 1222 ι
1331 1196 1372 1224 Ad
1392 1197 1466 1231 ipsos
1483 1201 1573 1223 autem
1589 1198 1701 1232 pontiﬁ-

919 1251 964 1272 ces
983 1243 1133 1271 adductum
1149 1251 1210 1270 eum
1229 1243 1389 1276 ostendens,
1406 1243 1445 1270 sic
1465 1244 1580 1270 scribit:
1597 1254 1605 1269 ι
1624 1243 1702 1271 Prin-

920 1290 995 1325 cipes
1010 1294 1101 1317 autem
1122 1289 1293 1317 sacerdotum
1313 1293 1339 1316 et
1359 1296 1439 1316 omne
1460 1289 1608 1316 concilium
1629 1298 1702 1325 qua:—

921 1337 1018 1363 rebant
1045 1336 1144 1363 falsum
1163 1335 1352 1363 testimonium
1370 1339 1466 1362 contra
1485 1336 1624 1363 Christum
1636 1358 1643 1369 ,
1674 1341 1703 1363 ut

921 1389 982 1409 eum
997 1382 1076 1408 morti
1089 1381 1240 1413 traderent,
1251 1384 1278 1407 et
1292 1388 1346 1408 non
1362 1381 1535 1414 invenerunt,
1549 1389 1611 1408 cum
1627 1381 1703 1408 multi

922 1428 981 1454 falsi
1009 1431 1093 1454 testes
1118 1426 1348 1454 accessissent”.
1380 1436 1389 1452 ι
1411 1426 1532 1454 Tametsi
1556 1427 1627 1454 enim
1657 1435 1705 1461 per

922 1473 1047 1500 homines
1070 1472 1129 1506 ejus
1157 1472 1288 1507 perdendi
1315 1479 1405 1499 causa:
1432 1473 1645 1507 qmerebantur,
1672 1473 1704 1501 iis

923 1522 1013 1545 tamen
1046 1523 1177 1552 tanquam
1213 1517 1406 1545 instrumentis
1431 1525 1463 1544 ac
1487 1518 1620 1545 ministris
1650 1526 1707 1546 suae

924 1563 1104 1599 malignitatis
1119 1563 1245 1591 diabolus
1259 1563 1396 1594 utebatur,
1417 1568 1443 1590 et
1460 1563 1518 1598 ipse
1539 1567 1598 1590 erat
1615 1564 1706 1598 potius

923 1618 1004 1646 quam
1022 1610 1091 1637 alius
1108 1609 1156 1644 qui
1174 1612 1316 1644 peccatum
1335 1609 1361 1635 in
1377 1616 1409 1636 eo
1428 1609 1579 1643 quzercbat.
1607 1608 1706 1636 Verum

922 1661 964 1684 est
992 1656 1077 1692 igitur
1100 1655 1168 1682 nihil
1186 1656 1213 1681 in
1241 1655 1352 1682 eossibi
1382 1655 1537 1683 vindicasse
1557 1655 1707 1688 diabolum,

922 1711 1002 1739 quem
1014 1702 1108 1730 mundi
1119 1702 1270 1737 principem
1283 1702 1363 1729 etiam
1375 1702 1533 1736 imprwsens
1546 1701 1707 1734 nominavit,

925 1757 978 1776 non
993 1749 1074 1785 quasi
1088 1756 1153 1776 vere
1167 1749 1202 1776 sit
1217 1748 1292 1776 illius
1309 1747 1449 1779 dominus,
1471 1747 1518 1775 sed
1539 1748 1585 1782 qui
1605 1748 1709 1775 efferati

926 1796 1037 1823 barbari
1051 1795 1194 1829 cujusdam
1212 1795 1300 1822 instar
1316 1793 1470 1829 tyrannidis
1485 1794 1544 1828 lege
1556 1801 1617 1829 quae
1631 1794 1663 1821 ad
1681 1801 1711 1821 se

926 1841 1002 1868 nullo
1017 1840 1098 1868 modo
1111 1841 1251 1875 pertinent
1274 1840 1416 1867 invaserit.
1435 1839 1579 1867 Hominem
1610 1840 1709 1874 quippe

927 1894 984 1914 sua:
996 1885 1112 1913 diti0nis
1128 1885 1195 1912 fecit
1210 1893 1258 1920 per
1277 1890 1430 1919 peccatum,
1450 1888 1476 1911 et
1500 1891 1608 1918 gregem
1626 1883 1710 1910 veluti

926 1933 1070 1969 quemdam
1087 1935 1197 1967 pastore
1209 1931 1369 1958 destitutum
1386 1931 1480 1965 procul
1493 1938 1507 1957 a
1520 1930 1575 1958 Dco
1587 1930 1711 1965 abigens,

929 1979 1018 2006 aliena
1035 1977 1145 2005 invasit.
1169 1976 1344 2011 Proindcque
1373 1976 1529 2011 principatu
1562 1975 1612 2002 hoc
1631 1975 1711 2002 modo

929 2026 1062 2057 occupato
1086 2021 1148 2056 jure
1164 2021 1275 2048 excidit.
1296 2021 1430 2055 Regnavit
1448 2021 1522 2047 enim
1556 2027 1638 2054 super
1662 2027 1712 2046 nos

930 2068 1068 2096 Christus.
1081 2066 1186 2094 idcirco
1200 2066 1256 2093 ait:
1271 2075 1280 2091 ι
1296 2066 1373 2093 Nunc
1387 2066 1514 2101 princeps
1525 2065 1608 2100 hujus
1620 2064 1713 2091 mundi

930 2115 1057 2150 ejicietur
1073 2113 1145 2141 foras
1159 2122 1166 2146 ;
1181 2118 1207 2140 et
1230 2120 1282 2148 ego
1299 2112 1322 2139 si
1347 2112 1484 2139 exaltatus
1505 2111 1581 2138 fuero
1597 2118 1612 2137 a
1630 2115 1713 2142 terra,

931 2161 1022 2189 omnia
1037 2161 1140 2188 traham
1157 2158 1191 2185 ad
1204 2159 1336 2193 meipsum
1350 2157 1383 2184 ⁷⁸.
1405 2167 1413 2182 ι

90 2210 105 2235 6
132 2206 296 2242 ἄρχωντοῦ
320 2206 422 2240 κόσμου
452 2205 546 2232 τούτου
581 2204 776 2240 ἐκϐληθήσεται
811 2205 879 2238 ἔξω,
900 2207 975 2241 κάγὼ
998 2205 1045 2232 ἐὰν
1062 2204 1161 2240 ὑψωθῶ
1174 2205 1208 2230 ὲκ
1219 2204 1268 2238 τῆς
1284 2203 1349 2237 γῆς,
1375 2202 1477 2233 πάντας
1511 2201 1615 2228 ἑλκύσω
1649 2199 1716 2235 πρδς

91 2257 104 2282 ὲ
108 2254 222 2290 μαυτόν.
444 2270 447 2271 ν

134 2301 300 2335 Ἐγείρεσθε
310 2321 317 2332 ,
336 2299 453 2333 ἄγωμεν
467 2298 615 2326 ἐντεῦθεν.

134 2348 164 2374 '0
190 2348 238 2381 μὲν
259 2347 348 2377 κοινὸς
369 2348 424 2378 τοῖς
445 2345 550 2376 πολλοῖς
568 2346 616 2372 καὶ
641 2345 819 2380 τετριμμένος
835 2344 883 2370 τοῦ

93 2393 277 2428 προκειμένου
292 2393 370 2427 λόγος
383 2393 472 2418 ἐκεῖνο
487 2391 577 2418 δίδωσι
590 2392 660 2417 νοεῖν
669 2411 676 2422 ,
693 2390 730 2421 ὡς
743 2389 857 2424 ἐπείπερ
871 2390 884 2416 ὁ

94 2440 145 2475 τῆς
168 2439 303 2466 Ἰουδαίων
319 2438 446 2469 ἀπονοίας
459 2437 600 2468 εἰσελάσας
612 2437 662 2472 ἤδη
677 2437 771 2472 καιρὸς
789 2445 883 2471 μονον-

95 2485 158 2520 ουχὶ
187 2484 331 2519 πεπηγότα
349 2483 441 2510 λοιπὸν
459 2483 505 2509 τὸν
518 2483 607 2517 τίμιον
626 2481 672 2508 τοῦ
688 2481 811 2516 Σωτῆρος
826 2483 885 2507 ὲπι-

96 2531 215 2558 δεικνύει
230 2530 355 2565 σταυρὸν,
364 2531 402 2561 είς
413 2529 531 2560 ἐκείνους
542 2528 703 2563 ἀποτρέχειν
711 2528 773 2558 τοὺς
786 2527 885 2558 τόπους

97 2577 166 2612 όμοῦ
180 2578 238 2609 τοῖς
246 2568 334 2610 ἁγίοις
350 2575 482 2611 μαθηταῖς
496 2574 626 2609 ἠπείγετο
635 2593 642 2605 ,
653 2574 681 2600 ὲν
694 2572 770 2600 οἷσπε
775 2583 790 2609 ρ
806 2573 886 2600 αὐτον

99 2625 116 2659 ἡ
131 2623 186 2650 τῶν
201 2623 347 2658 ὑπηρετῶν
370 2622 530 2648 συνελάϐετο
551 2620 669 2657 εὑροῦσα
697 2622 806 2657 σπεῖρα.
831 2620 887 2647 Καὶ

100 2670 214 2701 πιθανὸς
232 2669 282 2704 μὲν
295 2670 309 2695 6
321 2668 382 2700 νοῦς
395 2677 402 2682 ·
428 2668 497 2702 πλὴν
519 2667 592 2698 εἰκός
609 2675 637 2692 τε
657 2667 704 2693 καὶ
719 2666 811 2701 ἕτερον
827 2665 887 2692 tot.

100 2715 156 2742 λειν
178 2713 329 2749 ὑττοδηλοῦν
355 2711 536 2747 πνευματικὸν
555 2711 676 2746 δηλονότι
696 2711 742 2737 καὶ
766 2719 889 2746 κεκρυμ-

103 2761 192 2796 μένον.
214 2760 271 2795 Τὴν
286 2759 340 2794 γὰρ
354 2758 382 2791 ἐξ
393 2759 485 2793 ἑτέρου
498 2757 569 2788 τινὸς
582 2757 648 2792 πρὸς
662 2756 755 2792 ἕτερόν
767 2765 793 2782 τι
809 2755 891 2790 μετά-

102 2815 197 2834 στασιν
210 2806 259 2833 καὶ
271 2805 322 2840 τὴν
334 2806 365 2831 ὲκ
381 2804 435 2830 τῶν
448 2803 576 2838 χειρόνων
592 2803 630 2833 εἰς
644 2802 674 2828 τὸ
691 2802 800 2836 ἄμεινον
819 2802 873 2827 ἀπο
886 2816 888 2818 ›

900 2300 920 2326 D
972 2293 1038 2326 XIV,
1052 2294 1095 2321 51.
1111 2292 1224 2326 Surgile,
1238 2299 1328 2318 eamus
1341 2291 1411 2317 hinc.

968 2339 1128 2367 Communis
1153 2337 1223 2372 apud
1243 2336 1345 2364 inultos
1375 2339 1402 2363 et
1422 2334 1485 2362 trita
1502 2335 1584 2369 hujus
1600 2335 1653 2363 loci
1670 2345 1717 2364 ex-

934 2385 1032 2421 positio
1047 2388 1099 2416 est,
1118 2383 1260 2413 nimirum,
1277 2382 1342 2417 quia
1362 2381 1470 2409 Iudaici
1489 2380 1593 2409 furoris
1610 2385 1717 2416 tempus

933 2433 1062 2465 ingruens
1073 2429 1221 2465 pretiosam
1235 2426 1390 2454 Servatoris
1400 2433 1510 2454 crucem
1521 2427 1716 2462 propemodum

934 2477 1050 2504 delixam
1067 2473 1239 2506 ostendebat,
1266 2471 1370 2500 idcirco
1391 2471 1425 2498 ad
1448 2479 1480 2499 ea
1496 2471 1554 2499 loca
1574 2480 1627 2499 una
1655 2480 1717 2500 eum

935 2523 1040 2550 sanctis
1065 2519 1211 2554 discipulis
1236 2518 1325 2552 ipsum
1355 2516 1532 2548 contendere,
1564 2516 1591 2543 in
1617 2517 1717 2551 quibus

933 2576 995 2595 eum
1019 2566 1166 2595 satellitum
1182 2564 1281 2592 cohors
1299 2567 1435 2598 repertum
1449 2562 1665 2596 comprehendit.
1686 2562 1718 2588 Et

934 2615 980 2641 hic
1003 2605 1123 2648 quidem'
1141 2618 1239 2638 sensus
1262 2613 1304 2636 est
1326 2608 1499 2635 verisimilis:
1532 2612 1719 2635 verumtamen

936 2660 1019 2687 alium
1032 2658 1188 2693 quemdam,
1199 2655 1350 2691 spiritalem
1364 2653 1493 2681 videlicet
1508 2656 1535 2680 et
1549 2652 1716 2683 abstrusum,

934 2705 1013 2740 juvat
1028 2704 1161 2731 indicare.
1175 2700 1351 2729 Mutationem
1366 2698 1468 2733 quippe
1482 2706 1515 2726 ex
1537 2705 1590 2724 uno
1604 2698 1630 2724 in
1646 2697 1721 2724 aliud

938 2757 964 2778 et
981 2757 995 2776 a
1014 2750 1105 2784 pravis
1119 2748 1151 2775 ad
1171 2747 1285 2774 meliora
1299 2745 1510 2773 conversionem
1529 2750 1576 2778 per
1593 2743 1680 2778 ipsum
1695 2747 1722 2770 et

941 2804 1003 2823 cum
1022 2796 1081 2830 ipso
1100 2793 1180 2820 nobis
1204 2791 1332 2818 omnibus
1353 2790 1414 2818 fore
1438 2789 1592 2825 signiﬁcare
1618 2789 1722 2822 volens,

136 2895 159 2911 '"
177 2894 261 2921 Joan.
279 2900 355 2924 xvnl,
368 2892 412 2919 58.
446 2892 468 2907 ⁷³
482 2891 561 2918 Joan.
575 2898 631 2922 κισ,
647 2891 672 2917 4.
705 2891 727 2906 ⁷⁸
745 2889 840 2916 Matth.
859 2897 872 2915 ι

925 2896 944 2921 ι,
961 2887 1005 2913 24.
1034 2886 1055 2901 ⁷⁵
1069 2884 1164 2912 Matth.
1185 2890 1258 2915 sxw,
1277 2881 1321 2914 59,
1336 2881 1379 2911 60.
1414 2881 1436 2896 ⁷⁶
1454 2880 1535 2907 Joan.
1552 2887 1599 2912 χιι,
1616 2878 1661 2911 51,
1678 2878 1724 2905 5‘2.

267 2939 401 2972 Parnm.
424 2938 481 2968 Gn.
506 2937 630 2967 LXXIV.

1503 2926 1536 2958 ll
