1929 3038
98 164 151 192 513

633 156 668 184 ΙΝ
685 153 828 194 JOANNIS
844 152 1072 197 EVANGEJUM
1085 153 1150 181 LIB.
1172 154 1205 182 Χ.

1672 152 1725 180 δη

103 222 172 249 Ἀλλ’
185 221 236 248 οὐκ
251 219 325 255 αὐτῷ
339 219 377 255 τῷ
387 218 444 257 Tit}:
459 218 536 244 τοῦτο
550 216 694 252 χρήσιμον,
713 213 849 244 λυσιτελὲς
857 213 886 239 δὲ

943 215 985 240 sed
1003 213 1134 241 conducit
1144 214 1236 249 potius
1250 212 1282 240 ad
1296 212 1405 240 Patrem
1421 211 1580 242 ascendere.
1593 218 1726 246 suamque

97 268 199 304 μᾶλλον
207 266 239 293 τὸ
250 265 384 300 ἀναϐῆναι
396 264 463 300 πρὸς
475 263 520 290 τὸν
527 262 647 297 Πατέρα,
663 261 710 288 καὶ
724 261 771 296 τὴν
785 259 888 286 οἰκείαν

97 311 317 347 ἀνακομίσασθαι
333 311 413 343 δόξαν
427 318 456 336 τε
471 309 517 336 καὶ
529 307 654 342 ἐξουσίαν
673 306 720 332 καὶ
737 305 845 339 ἀξίωμα
858 303 888 330 τδ

940 260 1055 295 gloriam
1072 265 1099 287 et
1113 263 1273 295 potestatem
1283 266 1314 286 ac
1327 258 1488 293 dignitatem
1503 257 1623 285 divinam
1637 257 1726 292 palam

939 310 967 333 et
991 313 1045 333 non
1069 306 1125 341 jam
1154 306 1262 332 occulte
1286 308 1368 339 atque
1398 303 1560 330 adumbrate
1591 299 1746 336 recipere.‘

97 357 252 393 θεοπρεπὲς
274 356 437 391 ἀναφανδὸν,
451 355 499 382 καὶ
519 354 610 381 οὐκέτι
635 350 886 385 κατεσκιασμένως.

943 351 1018 379 Sedit
1030 352 1103 378 enim
1115 359 1129 377 a
1145 351 1259 384 dextris,
1273 351 1298 378 id
1313 351 1373 385 ipso
1387 357 1497 386 quoque
1508 349 1616 376 volente
1628 348 1724 375 Patre:

96 404 237 432 Κεκάθικε
250 403 305 438 γὰρ
322 403 354 429 ὲκ
364 402 470 434 δεξιῶν,
495 401 631 431 ἐθέλοντος
647 398 725 425 τοῦτο
739 398 786 424 καὶ
804 395 886 423 αὑτοῦ

95 449 143 476 τοῦ
161 449 279 484 Πατρός·
294 448 367 483 φιλεί
379 447 434 482 γὰρ
443 446 481 478 ὡς
497 446 562 472 ῐδιον
572 445 704 480 γέννημα,
718 444 764 469 καὶ
772 442 809 473 ὡς
823 449 888 476 καρ‹

97 497 149 522 πὺν
167 496 217 531 τῆς
245 495 340 526 οὐσίας
369 493 462 521 αὑτοῦ.
484 492 589 519 Οὐκοῦν
612 491 655 517 διὰ
679 489 758 516 τοῦτό
784 495 885 523 φησιν·

96 542 130 568 Εἰ
145 541 275 575 ἠγαπᾶτέ
297 549 341 576 με,
359 540 475 575 ἐχάρητε
499 538 532 564 ἂν
546 537 587 563 ὅτι
599 535 750 571 πορεύομαι
764 534 832 568 πρὸς
842 532 888 559 τὸν

98 587 223 622 Πατέρα,
245 586 286 612 ὅτι
310 586 324 612 ὁ
342 585 435 620 Πατὴρ
453 582 554 618 μείζων
573 590 623 616 μου
649 580 732 607 ἐστίν.
754 588 764 604 t
783 579 887 609 Ὄντως

96 633 148 667 τῆς
165 634 206 663 εἰς
220 632 301 659 αὐτὸν
319 631 428 665 ἀγάπης
443 627 577 660 ἀπόδειξις
590 625 625 662 ἦν
649 626 679 653 τὺ
694 625 731 661 μὴ
744 623 888 651 λυπεῖσθαι

96 678 229 704 τοσοῦτον
243 678 287 704 διὰ
297 677 345 712 τὴν
358 676 489 703 δοκοῦσαν
505 673 646 708 ἀπόλειψιν
669 673 717 698 καὶ
731 670 889 705 ἀναγκαίως

96 724 327 759 παραληφθεῖπαν
342 722 506 757 ἀποδημίαν
519 718 719 754 διενθυμεῖσθαι
730 718 759 744 δὲ
777 716 887 752 μᾶλλον,

96 770 138 796 ὅτι
153 769 223 804 πρὸς
234 769 282 804 τὴν
299 769 372 803 αὐτῷ
398 766 554 803 πρέπουσάν
585 773 614 792 τε
639 765 686 791 καὶ
709 762 888 797 ὀφειλομένην

96 816 251 850 πεφοίτηκε
271 815 358 847 δόξαν,
384 814 431 840 καὶ
453 813 493 844 είς
511 812 542 838 τὸ
558 812 670 846 ἀρχαῖον
683 809 801 844 ἀξίωμα.
816 807 887 835 τοῦτ’

96 861 168 893 ἔστι,
181 862 212 888 τὸ
223 860 374 896 θεοπρεπὲς
389 859 522 895 ἐναργῶς.
548 858 603 885 Καὶ
626 856 691 891 γοῦν
710 857 723 882 ὸ
740 854 867 890 Μελῳδός
879 873 887 885 ,

940 403 1014 424 autat
1029 398 1129 433 quippe
1145 401 1175 424 ut
1189 405 1268 425 suuut
1287 396 1424 432 genimen,
1441 400 1509 422 etut
1525 395 1643 422 fructum
1658 393 1725 421 sub-

941 444 1049 472 stantiae
1066 452 1132 472 suat.
1145 444 1278 477 Quocirca
1295 444 1350 469 ait:
1364 451 1374 468 ι
1393 442 1420 469 Si
1433 441 1582 476 diligeretis
1594 447 1646 471 me,
1660 446 1726 474 gau<

941 491 1044 517 derctis
1063 491 1167 525 utique,
1189 490 1252 526 quia
1276 489 1344 516 vado
1361 488 1395 516 ad
1417 487 1524 514 Patrem
1543 496 1550 514 :
1568 486 1631 521 quia
1645 485 1727 512 Pater

941 537 1029 571 major
1044 544 1088 564 me
1105 541 1157 564 est.
1180 546 1189 562 ι
1213 535 1246 562 Ει
1260 541 1333 563 certe
1349 533 1504 562 dilectionis
1522 539 1585 568 erga
1602 539 1664 559 eum
1680 539 1727 558 ar-

940 589 1098 617 gumentum
1121 582 1229 614 fuisset,
1249 587 1424 616 nequaquam
1445 583 1551 606 tantum
1567 577 1670 604 doleris
1694 585 1727 604 ex

941 629 1001 663 ejus
1017 629 1142 656 absentia
1159 633 1186 655 et
1205 627 1265 662 ejus
1281 627 1407 654 discessu
1427 631 1536 659 capere,
1557 623 1604 651 sed
1623 623 1650 650 in
1669 623 1725 649 ani-

942 683 1015 702 mum
1036 675 1126 709 potius
1146 673 1290 704 inducere,
1308 672 1342 699 ad
1359 671 1566 699 convenientem
1587 668 1669 704 845
1689 669 1727 696 si-

942 719 1025 754 bique
1043 719 1160 750 debitam
1176 718 1301 753 gloriam,
1316 720 1343 743 et
1363 716 1396 742 ad
1414 719 1533 742 veterem
1554 714 1725 748 dignitatem,

943 765 995 791 hoc
1009 768 1051 792 est
1067 765 1122 791 Deo
1136 764 1229 799 utique
1244 763 1365 798 dignam,
1376 762 1466 796 ipsum
1479 760 1639 788 ascendere.
1650 758 1728 786 Unde

942 811 1099 843 Psalmista,
1116 811 1162 845 qui
1177 817 1224 845 per
1239 809 1371 844 Spiritum
1385 807 1515 843 mysteria
1539 805 1702 840 loquebatur
1718 813 1726 832 :

945 866 955 883 ι
976 856 1077 884 Omnes
1098 860 1203 891 gentes,
1235 855 1334 890 inquit,
1364 853 1484 888 plaudite
1510 852 1637 879 manibus
1655 850 1693 883 '°;
1715 859 1724 875 ι

96 907 190 934 καίτοι
207 907 252 934 διὰ
262 907 308 933 τοῦ
329 905 487 940 Πνεύματος
498 904 588 930 λαλῶν
610 903 757 938 μυστήρια,
773 911 782 926 ι
797 901 889 927 Πάντα

943 901 1039 929 deinde
1067 901 1225 929 festivitatis
1253 907 1366 927 causam
1397 895 1728 933 explicans,Servatoris

95 954 131 979 τὰ
146 952 223 987 ἔθνη,
240 952 316 988 φησι,
334 951 486 987 κρατήσατε
502 951 607 985 χεῖρας·
626 958 635 974 ι
652 946 711 974 εἶτα
726 947 776 981 τῆς
791 945 888 981 ἑορτῆς

95 998 147 1033 τὴν
163 998 254 1024 αἰτίαν
271 997 454 1031 ἐξηγούμενος
468 996 516 1031 τὴν
533 996 573 1026 εἰς
597 994 730 1030 οὐρανοὺς
755 992 889 1027 ἀνάληψιν

95 1042 146 1068 τοῦ
163 1043 290 1077 Σωτῆρος
312 1040 493 1078 παρεκόμιζε,
512 1039 609 1073 λέγων’
645 1048 654 1064 ι
677 1038 773 1076 Ἀνέϐη
794 1039 808 1064 ὁ
823 1037 890 1069 Θεὸς

95 1089 126 1114 ὲν
138 1087 299 1123 ἀλαλαγμῷ,
309 1087 412 1123 Κύριος
419 1087 448 1112 έν
457 1087 532 1121 φωνῇ
547 1085 705 1119 σάλπιγγος,
712 1094 721 1110 ι
733 1083 891 1118 ἀλαλαγμὸν

94 1135 240 1170 ὀνομάζων
259 1135 307 1162 καὶ
327 1134 465 1168 σάλπιγγα
486 1132 534 1167 τὴν
548 1131 652 1167 ὑψηλὴν
670 1131 719 1158 καὶ
728 1129 891 1162 ἐξάκουστον

95 1181 144 1207 τοῦ
161 1180 320 1215 Πνεύματος
345 1180 447 1215 φωνὴψ
470 1179 514 1205 ὅτε
536 1179 594 1209 ταῖς
623 1177 680 1204 ἄνω
695 1176 828 1210 δυνάμεσι
841 1174 891 1206 τὰς

96 1226 186 1256 πύλας
199 1226 287 1260 αἴρειν
301 1223 477 1257 διεκελεύετο,
488 1224 534 1250 καὶ⁸
551 1223 654 1258 Κύριον
670 1222 752 1248 αὑτὸν
764 1220 891 1255 ὠνόμαζε

94 1273 153 1299 τῶν
171 1272 325 1306 δυνάμεων,
337 1271 462 1306 καθάπερ
476 1269 605 1304 ἐλέγομεν
622 1268 734 1304 ἀρτίως.
750 1267 807 1294 Ἐπ’
819 1266 892 1301 αὑτῷ

46 1312 51 1316 ⁵
96 1319 125 1345 δὲ
141 1319 175 1354 δὴ
193 1318 280 1353 τούτῳ
305 1318 353 1344 καὶ
376 1316 458 1344 αὐτὸν
481 1317 633 1352 εὑρήσομεν
654 1314 699 1340 τὸν
725 1314 780 1340 τῶν
808 1314 891 1347 ἁγίων

96 1364 188 1400 χορὸν»
198 1364 246 1391 καὶ
260 1364 288 1390 ὲν
304 1362 414 1393 πολλαῖς
425 1361 557 1396 γεγονότα
581 1361 641 1391 ταῖς
657 1359 811 1394 θυμηδίαις.
832 1359 892 1384 Τοι-

96 1411 195 1445 γάρτοι
208 1410 256 1436 καὶ
271 1410 384 1444 ἔφασκε,
402 1407 467 1434 ποτὲ
482 1408 531 1442 μὲν
545 1407 585 1433 ὅτι
604 1417 612 1432 ι
636 1407 665 1433 '0
680 1405 782 1442 Κύριος
799 1405 891 1432 ὲὸασί-

96 1456 203 1485 λευσεν,
219 1454 393 1490 ἀγαλλιάσθω
417 1455 434 1489 ὴ
451 1454 497 1489 γῆ,
511 1463 520 1479 ι
534 1453 600 1479 ποτὲ
629 1453 656 1479 δὲ
679 1450 712 1479 αὖ
727 1452 818 1478 πάλιν·
834 1461 842 1477 ι
865 1451 893 1478 '0

96 1501 201 1537 Κύριος
215 1501 400 1532 ἐόασίλευσεν,
410 1499 577 1535 εὐπρέπειαν
591 1497 743 1524 ἐνεδύσατο·
751 1496 893 1523 ἐνεδύσατο

96 1547 201 1582 Κύριος
213 1545 339 1586 δύναμιν,
365 1544 412 1570 καὶ
443 1543 639 1578 περιεζώσατο.
657 1552 666 1567 ι
700 1543 728 1568 '0
753 1542 808 1577 γὰρ
832 1541 927 1590 μεθ¹0

97 1592 179 1627 ἡμῶν
194 1591 348 1626 ἄνθρωπος,
376 1590 492 1625 πρδ,τῆς
506 1590 538 1615 ἐκ
565 1588 668 1624 νεκρῶν
698 1588 891 1619 ἀναστάσεως,

95 1639 142 1668 ὅτε
155 1638 225 1673 πρὸς
240 1637 286 1663 τὸν
301 1638 329 1663 ὲν
342 1637 398 1667 τοῖς
408 1635 532 1670 οὐρανοῖς
543 1634 627 1670 ἀνέϐη
641 1634 758 1670 Πατέρα,
774 1634 834 1660 τότε
845 1633 893 1668 τὴν

68 1693 71 1695 ·
98 1684 167 1710 ίείαν
184 1683 353 1718 εὐπρέπειαν
364 1681 518 1713 ἐνεδύσατο,
533 1682 581 1708 καὶ
596 1681 646 1715 τὴν
661 1680 691 1712 ἐξ
702 1680 789 1715 ἀρχῆς
805 1679 893 1715 ὑπάρ-

97 1737 200 1764 χουσαν
225 1728 300 1764 αὐτῷ
323 1726 510 1763 περιεζώσατο
540 1726 665 1760 δύναμιν.
685 1725 823 1752 Κεκάθικε
838 1725 892 1760 γὰρ

98 1773 252 1810 βασιλεύων
274 1773 342 1809 μετὰ
359 1773 476 1809 Πατρός.
493 1772 606 1808 Χαίρειν
621 1769 668 1798 οὖν
686 1771 740 1806 ἄρα
750 1771 852 1797 δίκαιόν
863 1779 892 1797 τε

97 1821 146 1846 καὶ
165 1820 272 1855 πρέπον
285 1821 346 1851 τοὺς
362 1819 527 1853 ἀγαπῶντας
538 1818 631 1849 αὑτὸν,
660 1818 701 1844 ὅτι
726 1817 892 1851 πεπόρευται

98 1868 169 1905 πρὸς
183 1867 229 1893 τὸν
242 1867 271 1893 ἑν
282 1867 336 1897 τοῖς
355 1866 479 1901 οὐρανοῖς
507 1864 632 1899 Πατέρα,
650 1863 699 1900 τὴν
723 1864 790 1890 ἰδίαν
816 1862 893 1895 δόξαν

98 1914 320 1948 ἀναληψόμενος,
334 1912 380 1939 καὶ
397 1911 478 1938 πάλιν
500 1911 574 1946 αὐτῷ
590 1910 812 1945 συμϐασιλεύσων
822 1930 829 1940 .
844 1918 893 1936 κα-

99 1960 190 1996 θάπερ
206 1957 242 1995 ἦν
255 1960 284 1985 ἐν
301 1959 382 1994 ἀρχῇ,
398 1957 518 1989 Μείζονα
529 1957 558 1983 δέ
575 1966 658 1991 φησιν
675 1957 765 1988 αὑτὸν,
787 1957 835 1991 οὐχ
850 1957 891 1983 ὃτι

100 2006 251 2033 κεκάθικεν
270 2005 302 2031 ἐκ
317 2003 422 2037 δεξιῶν,
437 2003 474 2035 ὼς
489 2003 565 2035 Θεὸς,
579 2003 637 2029 ἀλλ’
652 2002 690 2034 ὼς
706 2000 740 2038 ἦν
763 2002 802 2028 ἔτι
833 2002 892 2037 μεθ’

99 2053 189 2087 ἡμῶν,
203 2051 275 2078 τοῦτ’
292 2050 375 2082 ἔστιν,
388 2051 417 2076 ὲν
430 2050 486 2081 τοῖς
501 2048 562 2075 καθ’
578 2049 661 2084 ἡμᾶς.
678 2048 723 2079 Ὠς
737 2048 791 2083 γὰρ
807 2048 846 2074 ἑτι
862 2048 893 2074 τὸ

97 2098 284 2134 δουλοπρεπὲς
298 2097 366 2132 ἔχων
380 2097 482 2132 σχῆμα,
498 2096 545 2122 καὶ
569 2095 704 2131 παρόντος
729 2094 802 2130 αὐτῷ
816 2094 893 2121 οΰπω

98 2144 146 2170 τοῦ
163 2143 260 2178 καιροῦ
272 2142 333 2168 καθ’
347 2142 376 2168 ὃν
393 2141 446 2168 ἔδει
461 2141 616 2172 ἀναλαϐεῖν,
629 2139 664 2166 τὰ
683 2138 796 2166 τοιαῦτά
815 2147 892 2174 φησι.

98 2191 157 2217 Καὶ
175 2190 240 2223 γοῦν
250 2189 294 2215 ὅτε
305 2188 351 2215 τὸν
370 2188 460 2223 τίμιον
473 2187 542 2222 ὑπὲρ
556 2186 635 2222 ὴμῶν
646 2186 752 2222 ὑπέστη
766 2185 891 2221 σταυρὸν,

941 948 969 974 in
984 948 1070 975 cteles
1085 947 1276 974 ascensionem
1295 945 1421 981 protulit,
1437 944 1551 972 dicens:
1571 953 1579 969 ι
1598 942 1730 970 Ascendit

941 993 1013 1021 Deus
1041 994 1070 1020 in
1106 993 1209 1028 jubilo,
1238 992 1372 1019 Dominus
1407 991 1434 1018 in
1464 998 1532 1017 voce
1561 989 1634 1016 tubae
1653 989 1687 1020 ⁶¹,
1717 998 1726 1015 ι

939 1039 1130 1074 jubilationem
1154 1042 1181 1066 et
1198 1038 1292 1065 tubam
1316 1037 1462 1064 nominans
1490 1036 1634 1063 altisonam
1654 1034 1729 1060 illam

941 1085 1029 1113 sancti
1051 1084 1172 1119 Spiritus
1188 1091 1294 1116 vocem,
1319 1082 1429 1118 quando
1458 1081 1585 1116 supernis
1606 1084 1730 1115 potesta-

942 1132 1015 1158 tibus
1029 1135 1123 1165 portas
1137 1130 1266 1157 attollere
1286 1128 1380 1163 jussit,
1393 1133 1420 1154 et
1441 1127 1585 1154 Dominum
1599 1126 1729 1152 virtutum

942 1177 1033 1213 ipsum
1050 1175 1228 1211 nuncupavit,
1253 1175 1334 1202 sicuti
1353 1173 1435 1201 modo
1453 1172 1622 1200 dicebamus.
1642 1171 1729 1203 Quam

941 1224 979 1251 ob
1002 1231 1058 1250 rem
1076 1223 1166 1257 ipsum
1182 1228 1291 1256 quoque
1307 1223 1467 1247 sanctorum
1486 1218 1602 1245 chorum
1627 1216 1730 1251 ingenti

943 1271 1037 1298 laetitia
1053 1269 1208 1296 exsultasse
1234 1267 1445 1302 comperiemus.
1463 1265 1583 1299 Ideoque
1611 1263 1730 1294 dicebat,

944 1317 1024 1344 modo
1057 1315 1166 1350 quidem
1195 1324 1202 1341 :
1233 1324 1242 1339 ι
1273 1313 1405 1341 Dominus
1443 1311 1583 1346 regnavit,
1616 1309 1733 1337 exsultet

943 1365 1024 1389 terra
1039 1361 1078 1394 “;
1100 1371 1110 1387 ›
1124 1360 1204 1387 modo
1219 1367 1318 1387 rursus
1335 1368 1342 1385 :
1363 1368 1371 1384 ι
1390 1357 1523 1384 Dominus
1536 1355 1671 1391 regnavit,
1685 1354 1733 1382 de-

943 1415 1035 1434 corem
1065 1406 1178 1434 induit:
1195 1404 1285 1432 induit
1311 1403 1445 1431 Dominus
1472 1401 1681 1432 fortitudinem,
1706 1402 1733 1426 et

944 1452 1088 1487 praecinxit
1104 1459 1135 1479 se
1152 1451 1186 1478 ⁶².
1207 1460 1216 1476 ι
1235 1449 1286 1483 Qui
1300 1449 1374 1476 enim
1387 1448 1544 1479 nobiscum,
1559 1449 1623 1473 ante
1638 1451 1732 1472 resur‘

944 1499 1094 1526 rectionem
1110 1505 1143 1524 ex
1159 1496 1286 1528 mortuis,
1303 1496 1385 1522 homo
1404 1493 1577 1524 versabatur,
1587 1495 1732 1527 postquam

944 1545 978 1571 ad
1001 1544 1110 1570 Patrem
1128 1543 1175 1577 qui
1202 1542 1230 1569 in
1252 1541 1329 1568 catlis
1349 1544 1390 1567 est
1411 1538 1546 1568 ascendit,
1560 1542 1627 1564 tunc
1651 1545 1731 1564 suum

945 1591 1071 1618 decorent
1098 1587 1207 1619 induit,
1230 1590 1257 1614 et
1283 1585 1398 1621 pristina
1423 1583 1585 1611 fortitudine
1613 1590 1642 1609 se
1662 1588 1732 1616 pra:-

945 1636 1040 1663 cinxit.
1067 1634 1146 1661 Sedit
1171 1633 1244 1661 enim
1274 1639 1393 1666 regnans
1417 1637 1478 1657 curn
1502 1629 1590 1655 Patre.
1609 1626 1733 1654 Gaudere

945 1683 1037 1718 itaque
1064 1681 1178 1715 dignum
1204 1682 1232 1706 et
1259 1678 1364 1713 justum
1395 1680 1438 1704 est
1462 1677 1597 1710 quotquot
1617 1673 1733 1708 diligunt

944 1736 1018 1758 eum,
1036 1727 1099 1760 quia
1130 1723 1254 1752 ascendit
1283 1723 1315 1750 ad
1332 1721 1441 1748 Patrem
1465 1720 1511 1755 qui
1530 1720 1557 1746 in
1581 1717 1658 1745 caelis
1679 1721 1731 1748 est,

945 1781 1021 1800 suam
1039 1775 1232 1806 resumpturus
1256 1769 1383 1805 gloriam,
1402 1771 1430 1795 et
1444 1774 1505 1794 cum
1521 1773 1554 1792 eo
1576 1772 1673 1792 rursus
1691 1772 1734 1790 re-

945 1825 1089 1855 gnaturus,
1102 1817 1174 1845 sicut
1190 1820 1249 1843 erat
1273 1815 1300 1841 in
1327 1813 1475 1849 principio.
1489 1810 1619 1846 Maiorem
1641 1813 1731 1836 autem

944 1874 1007 1893 eum
1031 1865 1107 1896 dicit,
1128 1871 1183 1890 non
1201 1862 1264 1897 quia
1285 1861 1357 1889 sedit
1371 1868 1386 1887 a
1411 1858 1526 1890 dextris,
1543 1861 1573 1884 ul
1589 1857 1670 1886 Deus,
1686 1855 1733 1882 sed

944 1911 1007 1946 quin
1031 1909 1176 1936 nobiscum
1201 1907 1291 1934 adhuc
1316 1910 1387 1937 erat,
1406 1904 1433 1931 id
1460 1907 1502 1932 est
1523 1903 1603 1930 nobis
1623 1902 1732 1929 similis.

944 1958 997 1984 ista
1012 1958 1113 1992 quippe
1126 1954 1204 1987 dicit,
1223 1953 1311 1988 utqui
1330 1951 1458 1980 servilem
1476 1950 1590 1977 formam
1609 1949 1732 1980 haberet,

944 2010 994 2030 nec
1021 2001 1111 2028 adhuc
1129 2005 1239 2033 tempus
1265 1999 1374 2024 adesset
1390 2003 1444 2030 quo
1467 1995 1587 2022 divinant
1612 1993 1733 2028 dignita-

945 2053 997 2076 tem
1018 2053 1157 2074 resumere
1177 2044 1303 2071 debebat.
1323 2042 1400 2069 Unde
1416 2049 1477 2068 cum
1499 2048 1548 2075 pro
1572 2039 1651 2066 nobis
1670 2046 1734 2064 rru-

945 2102 1002 2121 cem
1030 2087 1213 2120 venerandam
1241 2088 1364 2124 pertulit,
1385 2091 1493 2114 acetum
1523 2090 1550 2112 et
1583 2085 1618 2111 fel
1646 2083 1732 2110 Juda-i

944 2140 1104 2168 obtulerunt
1117 2137 1141 2165 ci
1158 2135 1271 2165 sitienti.
1288 2138 1314 2161 et
1334 2137 1478 2168 postquam
1501 2131 1625 2162 bibisset,
1638 2130 1707 2156 dixit
1723 2139 1730 2157 :

947 2195 956 2212 ι
977 2186 1204 2213 Consummatum
1232 2180 1320 2208 est“.
1346 2189 1355 2205 ι
1380 2179 1520 2213 lmplelum
1544 2177 1645 2212 quippe
1676 2176 1731 2210 jam

97 2236 161 2268 ὅξος
181 2221 266 2270 ἀὐτῷ
290 2234 335 2260 καὶ
355 2221 435 2269 χολὴν
463 2221 584 2260 Ἰουδαῖοι
617 2221 793 2268 προσήγαγον
815 2232 890 2267 διψή-

944 2234 1002 2258 ernt
1013 2227 1341 2260 humiliationistempus,
1352 2228 1379 2251 et
1392 2222 1540 2250 cruciﬁxus
1555 2221 1663 2256 quidem
1678 2224 1731 2253 est,

99 2289 191 2312 σαπι,
224 2280 270 2306 καὶ
298 2279 377 2311 πιὼν,
393 2278 455 2314 ἔφη·
483 2278 695 2304 (Τετέλεσται.)
728 2277 894 2313 Πεπλήρωτο

97 2327 155 2362 γὰρ
169 2325 220 2361 ἢδη
232 2326 246 2352 ὁ
260 2326 309 2359 τῆς
323 2324 513 2355 ταπεινώσεως
539 2323 634 2359 καιρὸς
645 2343 651 2355 ,
668 2323 714 2350 καὶ¹
733 2323 892 2359 ἐσταυρώθη

99 2373 163 2407 μὲν,
195 2372 233 2403 ὡς
249 2371 402 2406 ἄνθρωπος’
428 2369 555 2404 νενίκηκε
584 2369 638 2405 γὰρ
659 2368 707 2395 τοῦ
733 2368 849 2396 θανάτου
863 2368 893 2395 τὸ

97 2419 212 2453 κράτος,
226 2417 275 2452 οὐχ
297 2417 335 2448 ὡς
360 2416 512 2452 ἄνθρωπος,
527 2415 569 2442 ἔτι
585 2415 685 2450 μᾶλλον
700 2415 728 2441 δὲ
743 2415 781 2445 ὡς
807 2415 872 2446 Θεὸς
884 2434 891 2447 ,

97 2464 173 2498 νέημὶ
185 2463 218 2498 δὴ
235 2463 307 2489 κατὰ
320 2462 369 2497 τὴν
384 2462 524 2498 ἐνέργειαν
538 2462 584 2488 καὶ
600 2461 649 2496 τὴν
669 2462 715 2487 ἐπὶ
730 2461 769 2496 τῷ
784 2461 893 2496 νικῆσαι

95 2509 178 2540 δῦΞαν
190 2518 220 2536 τε
233 2509 279 2535 καὶ
292 2508 417 2543 δύναμιν,
451 2507 480 2534 οὺ
502 2506 573 2533 κατὰ
598 2507 646 2542 τὴν
671 2507 770 2542 σάρκα.
785 2505 893 2538 Μείζων

96 2553 145 2582 οὖν
155 2556 170 2581 ό
186 2554 292 2589 Πατὴρ,
309 2553 346 2585 ὡς
373 2553 412 2580 ἔτι
426 2552 531 2584 δούλου,
547 2553 594 2579 καὶ
607 2553 636 2578 ἐν
660 2553 716 2584 τοῖς
745 2552 807 2578 καθ’
821 2553 894 2587 ἡμᾶς

95 2600 175 2632 ὄντος
189 2599 237 2626 τοῦ
253 2598 331 2625 Υίοῦ*
356 2598 418 2625 ἐπεὶ
433 2599 480 2625 καὶ
505 2598 572 2624 Θεὸν
587 2597 684 2624 ἑαυτοῦ
701 2607 783 2634 φησιν
795 2599 892 2630 αὑτὸν,

99 2646 238 2672 καὶτοῦτο
250 2645 290 2680 τῷ
299 2644 462 2680 ἀνθρωπίνῳ
476 2644 638 2680 προσνέμων
650 2645 779 2680 σχήματι.
794 2645 825 2672 Ει
839 2645 893 2680 γὰρ

100 2691 266 2726 πιστεύομεν
279 2691 320 2717 ὅτι
342 2689 478 2717 κεκένωκέ
497 2698 527 2717 τι
552 2691 598 2717 καὶ
618 2691 817 2718 τεταπείνωκεν
829 2692 892 2718 ἑαυ-

99 2738 155 2769 τὸν,
174 2737 233 2768 πῶς
248 2737 298 2770 οὐχ
310 2735 412 2762 ἅπασιν
434 2736 510 2763 ἔσται
527 2737 699 2770 καταφανὲς,
716 2737 757 2762 ὅτι
777 2737 892 2763 καταϐέ-

100 2782 184 2817 εηκεν
196 2781 226 2814 ἐξ
246 2781 384 2816 ὑπεροχῆς
399 2789 472 2813 τινος
496 2783 536 2814 εὶς
560 2782 717 2813 ἐλάττωσιν,
745 2782 844 2816 μᾶλλον
865 2782 893 2809 δὲ

135 2839 252 2881 ‘°_Psal.
277 2846 338 2867 XLVI
353 2858 359 2870 ,
376 2837 421 2871 20.
460 2841 480 2856 "
503 2839 570 2866 ibid.
592 2839 617 2869 6.
657 2840 679 2856 δ’
699 2838 773 2866 Psal.
791 2847 868 2872 xcvi,
890 2839 914 2866 i.
955 2839 976 2854 ‘3
997 2837 1071 2865 Psal.
1090 2843 1183 2866 xcur,
1206 2834 1227 2860 Ι.

100 2882 182 2907 31,1.

943 2280 973 2303 ιιι
998 2273 1181 2302 ltomozvicit
1203 2271 1276 2299 euiut
1305 2270 1403 2297 mortis
1433 2268 1594 2303 potentiam,
1621 2275 1673 2293 non
1702 2269 1733 2292 ut

943 2324 1036 2354 homo,
1061 2319 1108 2348 srd
1134 2319 1224 2354 politis
1248 2322 1276 2343 ut
1301 2317 1382 2347 Deus,
1404 2315 1525 2343 emcacia
1551 2313 1679 2340 nimirum
1705 2316 1733 2339 et

943 2366 1068 2395 vincendi
1094 2365 1182 2400 gloria
1208 2367 1291 2397 atque
1324 2364 1477 2397 potestate,
1499 2367 1552 2386 non
1580 2357 1731 2385 secundum

942 2419 1064 2440 carnem.
1086 2410 1171 2445 Major
1192 2409 1284 2442 itaque
1307 2413 1349 2435 est
1377 2406 1458 2433 Pater
1483 2405 1565 2435 Filio,
1580 2411 1659 2430 servo
1687 2403 1731 2430 ni-

943 2460 1043 2486 mirum
1065 2457 1166 2488 adhuc,
1183 2459 1211 2482 et
1236 2455 1262 2481 in
1290 2453 1418 2480 humanis
1439 2451 1610 2478 constituto:
1626 2456 1688 2476 nam
1705 2452 1732 2475 et

943 2505 1033 2540 ipsum
1051 2503 1136 2530 Deum
1154 2508 1233 2528 suum
1252 2499 1385 2528 nominat,
1400 2497 1525 2524 humatur:
1542 2496 1568 2522 id
1584 2495 1677 2522 ferina:
1692 2499 1732 2520 at-

943 2551 1078 2578 tribuens.
1093 2548 1160 2576 Nam
1177 2548 1198 2574 si
1221 2545 1360 2574 credimus
1377 2552 1438 2571 eum
1459 2543 1614 2570 exinanisse
1637 2545 1664 2569 et
1681 2541 1728 2567 hu-

943 2597 1067 2624 miliasse
1092 2593 1270 2628 semetipsum
1291 2591 1325 2623 ⁸⁸,
1352 2589 1493 2625 quomodo
1524 2596 1577 2616 non
1605 2586 1731 2614 omnibus

945 2644 1048 2680 patebit
1065 2650 1128 2670 eum
1149 2640 1183 2668 de
1197 2638 1345 2667 eminentia
1360 2636 1477 2671 quadam
1497 2637 1524 2662 in
1539 2633 1731 2662 demissionem

944 2678 1132 2719 descendisse,
1148 2687 1202 2714 imo
1223 2693 1287 2712 vero
1303 2692 1335 2712 ex
1351 2683 1507 2718 aequalitate
1526 2689 1587 2708 cum
1603 2680 1683 2706 l'atre
1698 2678 1732 2704 ad

944 2728 1257 2771 inaequalitatcm?Niltil
1272 2734 1364 2758 autem
1382 2729 1478 2756 horum
1493 2727 1574 2754 Pater
1588 2725 1732 2757 sustinuit,

953 2783 1001 2810 sed
1031 2780 1132 2808 mansit
1156 2782 1183 2806 et
1205 2781 1308 2813 perstat
1327 2776 1355 2803 in
1381 2774 1483 2810 quibus
1504 2777 1563 2801 erat
1583 2772 1617 2799 ab
1642 2771 1732 2798 initio.

1277 2833 1297 2848 "‘
1318 2831 1396 2859 ιῐοειιι.
1414 2839 1474 2861 λιιι,
1492 2830 1536 2857 50.
1576 2829 1597 2844 ⁸⁵
1616 2827 1734 2862 Philipp.
