1929 3038
88 141 142 169 317

620 145 654 172 ΙΝ
674 145 817 179 ,ιοΑΝΝιε
835 147 1061 178 EVANGELIUM
1079 152 1142 181 LIB.
1165 152 1196 179 Χ.

1660 158 1714 187 7518

88 199 220 234 φρονοίη;
241 200 274 226 Τί
287 198 334 227 οὖν
349 201 402 229 ἔδει
423 202 473 237 τῆς
492 201 578 234 οὕτως
603 203 719 239 ἀκαίρου
739 204 873 238 θεολογίας

929 212 989 233 erat
1004 207 1196 243 intempestiva
1215 210 1260 237 illa
1274 210 1386 238 dcitatis
1404 211 1589 240 declaratione
1606 216 1714 244 incestis

87 244 250 280 ἀνιωμένοις
262 248 319 278 τοῖς
349 247 491 283 μαθηταῖς,
515 248 630 285 ἐπείπερ
649 249 762 285 ἔμελλεν
777 251 877 286 ἀποδη-

89 292 150 324 μεῖν
165 291 219 318 ἀπὸ
228 292 331 326 κόσμου
358 288 426 329 πρὸς
442 294 488 321 τὸν
503 295 611 330 Πατέρα
631 296 678 322 καὶ
689 296 754 322 Θεόν
767 305 775 329 ;
798 297 877 324 Ποῖον

87 337 143 371 γὰρ
158 336 191 362 ἂν
204 337 321 364 ὲποίσειε
332 339 507 373 παραμυθίας
520 339 619 374 τρόπον
631 340 721 372 αὐτοῖς
739 341 769 367 τδ
785 343 876 376 πρᾶγ-

90 390 126 417 μα
142 382 224 416 τυχόν
239 391 246 415 ;
272 383 343 409 ’Δνθ’
356 384 417 410 ὅτου
436 384 457 410 δ’
470 384 538 416 ὅλως
557 387 698 422 μονονουχὶ
715 387 761 414 καὶ
781 396 877 414 καται-

86 428 179 453 τιᾶται
209 427 313 462 λέγων·
334 438 343 455 ι
362 430 393 456 Et
416 431 541 465 ἠγαπᾶτέ
571 440 615 467 με,
639 432 754 468 ἐχάρητε
781 433 814 460 ἂν
836 434 877 460 ὄτι

87 473 242 509 πορεύομαι
269 475 338 510 πρὸς
367 476 414 502 τὸν
437 477 555 511 Πατέρα,
574 478 614 504 ὅτι
633 479 647 504 ὁ
668 479 761 514 Πατὴρ
778 478 878 514 μείζων

89 527 141 554 μου
157 520 252 554 ἑστὼς
268 531 278 546 ι
295 519 368 557 *Αρα
387 521 452 557 γὰρ,
473 523 533 549 είπέ
555 533 610 559 μοι,
627 525 779 557 διακεῖσθαι
798 525 878 552 τοῦτο

87 565 156 600 πρὸς
182 566 319 602 θυμηδίαν
342 568 429 594 ὲποίει
455 569 518 601 τοὺς
545 570 678 605 μαθητὰς,
695 571 711 605 ἢ
729 570 779 606 τῆς
805 570 877 597 οῦτω

87 610 215 644 φιλοθέου
230 611 319 647 λύπης
341 612 522 647 ἀπήλλαττεν,
539 614 580 640 ὅτι
602 614 670 650 πρὸς
697 614 742 641 τὸν
766 615 877 650 μείζονα

86 657 198 693 Πατέρα
220 659 382 693 πορεύεται;
409 657 476 687 Εἶτα
505 662 580 687 ποῖον
606 661 709 688 κατίδοι
723 670 765 693 τις
782 661 814 688 ἂν
832 661 877 688 τὸν

84 702 136 736 τῆς
152 705 329 739 παραμυθίας
355 705 383 731 ὲν
396 705 484 740 τούτῳ
494 707 594 742 τρόπον
607 715 614 739 ;
634 706 730 733 Καίτοι
743 706 876 733 Φιλίππου

85 749 136 782 μὲν
148 750 281 784 ἐρομένου
292 751 340 777 καὶ
356 751 480 785 λέγοντος
492 760 499 767 '
515 761 523 778 ι
547 752 643 788 Κύριε,
658 752 743 784 δεῖξον
755 754 819 788 ἡμῖν
832 753 877 779 τὸν

83 796 210 831 Πατέρα,
237 798 285 823 καὶ
315 798 395 833 ἀρκεῖ
414 798 489 832 ἡμῖν,
510 808 518 824 ι
537 798 597 824 τότε
615 799 658 833 δὴ,
678 799 738 824 τότε
754 800 801 825 καὶ
817 798 877 825 λίαν

83 843 234 878 εὐκαίρως,
246 843 292 870 ἅτε
307 843 338 879 δὴ
355 845 402 870 καὶ
416 844 463 871 τοῦ
477 844 526 878 τῆς
546 843 685 879 θεολογίας
702 844 878 879 ἐνεστηκότος

83 887 193 923 καιροῦ,
210 889 256 915 τὸν
286 889 395 924 Πατέρα
426 890 474 925 μὲν
497 890 525 916 ὲν
542 889 631 924 ἑαυτῷ
649 890 766 921 δεικνὺς,
781 890 876 917 ἑαυτὸν

84 933 103 941 -.
145 932 157 941 τ
208 935 214 941 ,
342 935 353 941 .
526 936 531 944 .
548 937 559 942 ..
654 936 660 945 ,
695 936 699 943 .
759 935 779 944 ,κ
795 935 801 942 ,

82 941 96 958 ο
124 942 159 960 αν
180 935 261 961 παλιν
278 936 306 962 ὲν
319 944 357 971 τῳ
374 935 473 970 Πατρὶ,
489 945 536 962 και
547 945 587 962 οτι
601 944 651 963 κατ
675 935 876 962 ουδὲνελαττων

82 979 159 1005 ἐστὶν
175 980 272 1011 αὑτοῦ,
302 981 335 1016 τῇ
361 980 388 1007 δὲ
416 980 486 1007 κατὰ
510 982 564 1008 πᾶν
582 981 685 1016 ίσότητι
707 981 874 1016 διαπρεπὴς,

69 1024 190 1065 ,ἔφασκε
205 1035 212 1041 ·
229 1036 237 1052 ι
248 1027 374 1062 Τοσούτῳ
390 1027 479 1062 χρόνῳ
497 1027 560 1062 μεθ’
583 1027 660 1062 ὑμῶν
682 1028 751 1062 εἶμι,
769 1027 816 1054 καὶ
827 1028 877 1055 οὐκ

82 1071 211 1104 ἔγνωκάς
222 1081 267 1107 με,
287 1073 402 1099 Φίλιππε
415 1082 422 1106 ;
442 1073 470 1100 '0
482 1072 611 1108 ἑωρακὼς
634 1073 694 1108 ἐμὲ,
709 1072 814 1108 ἑώρακε
831 1073 876 1099 τὸν

82 1117 205 1153 Πατέρα.
227 1118 264 1145 Οὐ
283 1118 420 1151 πιστεύεις
442 1119 483 1145 ὅτι
503 1119 558 1153 ἐγὼ
577 1119 605 1145 ἐν
623 1118 661 1152 τῷ
680 1119 776 1154 Πατρὶ,
794 1119 840 1146 καὶ
862 1120 876 1146 ὁ

82 1163 180 1198 Πατὴρ
191 1164 220 1190 ὲν
237 1163 298 1199 ἐμοί
313 1164 404 1197 ὲστιν;
423 1163 493 1198 Ἐγὼ
510 1164 556 1190 καὶ
571 1164 584 1189 ὁ
603 1163 696 1200 Πατὴρ
711 1164 740 1190 ’ἐν
753 1165 846 1198 ἐσμεν.
863 1173 874 1190 ι

88 1209 171 1236 ’Λλλὰ
199 1209 260 1236 τότε
289 1209 339 1245 μὲν
357 1210 493 1245 εὐκαίρως
529 1209 574 1236 τδν
602 1210 647 1235 ἐπὶ
676 1209 781 1241 τούτοις
811 1210 876 1244 ἡμῖν

82 1254 237 1289 ἐξυφαίνων
254 1255 332 1289 λόγον
343 1255 456 1286 εἰκότως
473 1254 657 1289 ὲθαυμάζετο’
675 1255 733 1281 νυνὶ
752 1255 779 1281 δὲ
800 1257 876 1282 ποῖον

81 1300 140 1334 ἔχει
152 1300 183 1326 τὺ
194 1302 310 1336 πρᾶγμα
325 1301 432 1336 καιρὸν,
451 1300 467 1336 ἢ
485 1302 561 1327 ποῖον
580 1300 648 1332 ὅλως
662 1301 813 1334 ὲπιδέξεται
829 1301 874 1327 λο-

80 1347 194 1381 γισμὸν,
210 1348 226 1382 ἢ
240 1347 384 1382 βούλεσθαι
401 1348 449 1382 μὲν
466 1347 515 1382 τὴν
529 1348 556 1374 ὲν
571 1348 628 1378 τοῖς
640 1347 776 1383 μαθηταῖς
790 1356 874 1375 κατα-

82 1393 176 1427 parum
190 1392 290 1428 λύπην,
307 1393 438 1428 φάρμακα
447 1393 475 1419 δὲ
485 1392 579 1427 ὥσπερ
592 1393 770 1427 παραμυθίας
784 1395 876 1427 αὐτοῖς

80 1441 212 1471 ἐπινοεῖν,
229 1440 260 1466 τὺ
279 1439 405 1472 ἐπιτάξαι
431 1440 547 1475 χαίρειν,
572 1439 613 1465 ὅτι
639 1439 784 1475 πορεύεται
805 1441 875 1477 πρὸς

79 1486 126 1512 τὸν
145 1486 271 1521 Πατέρας
285 1484 349 1521 Ἆρ’
372 1484 418 1513 οὖν
430 1486 480 1512 οὐκ
508 1485 542 1512 ἂν
561 1486 667 1520 γένοιτο
683 1486 729 1512 καὶ
743 1487 799 1518 τοῖς
814 1486 875 1514 λίαν

930 252 1086 288 discipulis,
1101 263 1135 282 ex
1153 264 1186 283 eo
1200 256 1273 290 quod
1288 257 1322 284 ad
1340 256 1447 285 Patrem
1466 266 1498 286 ac
1518 257 1601 286 Deum
1615 268 1647 287 ex
1663 261 1715 289 hoc

931 300 1034 326 mundo
1059 304 1132 328 esset
1156 301 1400 336 abiturus?Quam
1426 304 1499 331 enim
1518 305 1715 333 consolationis

931 346 1062 373 rationem
1080 347 1105 374 id
1118 347 1158 375 eis
1173 349 1332 376 attulisset?
1344 349 1430 382 Quam
1447 353 1540 377 autem
1554 351 1590 378 ob
1602 358 1713 378 causam

912 391 1128 426 ,propemodum
1145 400 1192 420 eos
1219 398 1344 427 accusat,
1357 394 1472 423 dicens:
1489 406 1497 421 ι
1514 396 1542 422 Si
1564 396 1714 431 diligeretis

931 445 984 469 tne,
1001 437 1158 472 gauderclis
1179 439 1274 474 utique
1289 440 1353 475 quia
1369 441 1439 469 vado
1456 442 1490 469 ad
1507 441 1614 470 Patrem
1629 448 1714 477 :lqnta

929 480 1011 508 Pater
1028 484 1115 517 major
1129 492 1172 511 me
1185 485 1245 512 est?
1260 495 1269 511 ι
1293 485 1422 522 Nunquid
1437 488 1511 515 enim
1523 487 1714 520 istud,amabo

930 530 967 559 te,
985 527 1137 562 discipulos
1162 536 1290 558 recreare
1304 535 1352 558 aut
1371 535 1426 558 tam
1442 531 1517 566 pium
1534 540 1632 559 eorum
1647 540 1713 560 ιηω-

931 579 1020 599 rorem
1043 573 1142 601 sedare
1167 579 1287 609 poterat,
1304 576 1377 611 quod
1401 577 1433 604 ad
1455 578 1586 611 majorem
1607 577 1714 605 Patrem

929 618 1130 652 proﬁciscitur?
1143 620 1231 653 Quam
1248 622 1408 649 consolandi
1427 623 1559 650 rationem
1577 623 1621 650 hic
1638 624 1715 658 quis-

929 672 1011 698 quam
1035 666 1170 700 reperiet?
1182 666 1249 694 Nam
1268 675 1330 694 cum
1348 667 1491 703 Philippus
1509 677 1571 696 eum
1592 670 1714 704 compel—

929 711 998 737 laret
1013 720 1020 738 ;
1040 721 1049 737 ι
1069 711 1192 746 Domine,
1205 714 1320 741 ostende
1341 715 1422 742 nobis
1441 714 1558 748 Patrem,
1576 720 1603 743 et
1617 716 1716 744 sullicit

929 757 1023 789 nobis;
1043 767 1051 782 ι
1072 761 1137 785 tunc
1164 763 1317 794 opportune
1343 760 1501 793 admodum,
1526 762 1627 796 quippe
1651 770 1713 790 cum

928 803 1084 831 divinitatis
1116 804 1291 832 declarandae
1320 811 1428 841 tempus
1452 807 1579 842 instaret,
1606 809 1713 836 Patrem

929 850 1037 883 quidem
1056 850 1084 876 in
1101 850 1194 885 scipso
1217 851 1378 885 ostendens,
1392 857 1416 880 et
1429 853 1550 887 seipsum
1569 862 1666 882 rursus
1687 855 1715 881 in

929 893 1019 925 Patre,
1032 899 1059 921 et
1083 895 1156 922 nulla
1177 895 1205 923 in
1229 905 1259 924 re
1279 904 1308 924 se
1325 905 1359 924 eo
1383 897 1537 930 minorem,
1556 899 1604 926 sed
1627 900 1716 926 omni-

928 940 1010 966 moda
1037 941 1198 976 :Bqualitate
1223 943 1422 978 conspicuum,
1446 943 1537 971 aiebat
1557 953 1564 971 :
1593 953 1603 970 ι
1628 944 1717 972 Tanto

928 990 1051 1021 tempore
1082 987 1221 1015 vobiscum
1251 996 1324 1019 sum,
1347 994 1374 1016 et
1401 997 1455 1016 non
1483 990 1636 1024 cognovisti
1662 998 1715 1022 me.

927 1030 1073 1067 Philippe?
1086 1031 1138 1064 Qui
1153 1026 1226 1060 videt
1241 1041 1295 1064 me,
1311 1033 1385 1060 videt
1397 1038 1424 1061 et
1437 1032 1558 1062 Patrem.
1582 1034 1641 1061 Non
1657 1043 1717 1062 cre-

927 1077 970 1104 dis
984 1078 1047 1112 quia
1062 1085 1112 1113 ego
1132 1078 1159 1105 in
1178 1078 1268 1111 Patre,
1284 1083 1311 1106 et
1327 1079 1409 1106 Pater
1428 1080 1456 1107 in
1474 1088 1519 1107 me
1532 1081 1595 1108 est?
1613 1080 1669 1116 Ego
1689 1084 1717 1107 et

927 1123 1007 1152 Pater
1024 1133 1107 1152 unum
1124 1133 1230 1153 sumus.
1252 1135 1261 1151 ι
1281 1124 1382 1153 Verum
1400 1129 1466 1154 tunc
1485 1131 1639 1162 opportune
1655 1127 1716 1161 qni-

927 1170 988 1197 dem
1007 1169 1041 1197 de
1060 1170 1102 1198 bis
1114 1171 1196 1198 verba
1218 1171 1325 1199 faciens
1339 1171 1516 1199 admirationi
1534 1177 1595 1199 erat
1616 1181 1623 1199 :
1640 1180 1714 1200 nunc

927 1221 1018 1244 autem
1033 1225 1116 1252 quam
1130 1221 1287 1252 opportune
1306 1217 1379 1245 istud
1400 1217 1511 1249 dicitur.
1527 1222 1574 1245 aut
1589 1219 1653 1253 quid
1672 1226 1716 1245 ra-

926 1263 1112 1295 tionishabet,
1122 1263 1474 1298 tristitiamdiscipulorum
1494 1264 1580 1291 lenire
1598 1264 1678 1297 velle,
1689 1268 1717 1292 et

926 1309 1143 1336 consolatorium
1163 1309 1301 1344 quoddam
1319 1309 1359 1337 eis
1374 1310 1551 1344 pharmacnm
1573 1310 1716 1346 adhibere.

926 1356 991 1382 dum
1016 1355 1134 1390 gaudere
1160 1354 1303 1389 iubentur,
1330 1355 1395 1390 quia
1423 1356 1496 1383 vadit
1523 1355 1556 1382 ad
1588 1355 1718 1383 Patrem?

925 1400 1055 1435 Nunquid
1073 1408 1138 1435 ergo
1153 1400 1269 1428 rudibus
1288 1409 1321 1428 ac
1340 1401 1476 1436 imperitis
1497 1401 1539 1428 vel
1555 1409 1589 1429 ex
1609 1402 1668 1436 ipsa
1688 1410 1718 1428 re

926 1447 1031 1482 liquido
1049 1450 1122 1482 patet
1138 1446 1224 1481 quod,
1249 1454 1311 1477 cum
1339 1447 1372 1474 ad
1400 1455 1478 1475 suam
1510 1448 1609 1475 reverti
1635 1448 1717 1475 vellet

926 1492 1039 1528 gloriam
1057 1499 1119 1518 Cllm
1140 1490 1232 1524 Patre,
1260 1500 1321 1519 eam
1347 1493 1383 1520 ob
1406 1500 1465 1520 rem
1493 1492 1671 1526 diligentibus
1688 1501 1718 1520 se

81 1531 208 1566 ἀνοήτοις
232 1531 370 1566 συμφανὲς
399 1531 432 1557 δι’
458 1531 540 1558 αὑτοῦ
564 1531 612 1557 τοῦ
629 1531 807 1566 πράγματος,
836 1532 873 1565 ὼς

925 1537 1045 1572 gaudere
1057 1535 1153 1570 jussit,
1172 1535 1245 1563 hunc
1261 1535 1350 1570 ipsum
1369 1544 1450 1571 porro
1465 1545 1527 1564 cum
1544 1538 1605 1564 aliis
1619 1545 1718 1564 conso-

80 1576 200 1612 ἐπείπερ
227 1578 266 1609 είς
291 1578 340 1612 τὴν
367 1577 435 1604 ἰδίαν
460 1575 538 1609 αὖθις
558 1576 775 1612 παλινδρομῆσαι
791 1578 870 1611 δόξαν

925 1581 1036 1608 lationis
1054 1579 1164 1607 modum
1181 1580 1362 1614 cxcogitans?

79 1623 154 1658 μετὰ
171 1623 279 1658 Πατρδς
305 1623 444 1658 ἠπείγετο,
462 1623 567 1659 χαίρειν
592 1623 638 1649 ἐπὶ
669 1622 756 1659 τούτῳ
773 1626 828 1658 τοῖς
856 1627 937 1654 αὑτὸν
954 1627 1082 1661 ἀγαπῶσι
1115 1625 1291 1657 διεκελεύετο,
1315 1625 1479 1660 ἀξιάγαστον
1514 1625 1595 1658 add;
1625 1626 1716 1658 αὐτοῖς

80 1669 283 1706 παρακλήσεως
299 1670 346 1696 καὶ
359 1670 453 1697 τοῦτον
470 1668 539 1705 μετὰ
555 1670 609 1696 τῶν
625 1669 713 1697 ἄλλων
725 1671 872 1708 ἐπινοήσας
890 1675 937 1701 τὸν
955 1674 1075 1708 τρόπον;

121 1715 204 1745 nam
233 1716 392 1750 παρήσομεν
419 1716 498 1742 τοῦτο
524 1717 591 1750 νυνὶ,
616 1719 663 1745 καὶ
689 1719 750 1749 ταῖς
770 1718 875 1744 ἐκείνου

79 1760 308 1798 φρενοϐλαϐείας
323 1761 353 1787 οὐ
384 1761 468 1793 πολὺς
487 1762 659 1797 ὲγκείσομαι.
685 1762 758 1797 Φημὶ
775 1762 803 1788 δὲ
821 1763 876 1789 δεῖν

78 1810 123 1837 ἐπ’
153 1809 245 1835 ἐκεῖνα
273 1807 372 1843 μᾶλλον
395 1808 500 1835 ἐλθεῖν·
531 1808 606 1844 ᾠήθη
623 1809 676 1844 γὰρ
693 1809 757 1840 ῖσως
769 1810 802 1844 τῇ
825 1809 875 1843 τῆς

78 1855 207 1890 θεότητος
230 1854 311 1888 φύσει
339 1854 388 1890 τὴν
407 1854 496 1889 σάρκα
516 1855 721 1890 συγκρίνοντας,
745 1854 874 1890 ἀνόνητον

78 1901 178 1936 κομιδῇ
196 1901 332 1928 ποιεῖσθαι
349 1900 398 1936 τὴν
429 1901 613 1934 ἀντεξέτασιν,
632 1902 675 1929 ὅτε
706 1901 874 1929 κεκενῶσθαι

77 1948 196 1983 λέγομεν
210 1947 256 1974 τὸν
270 1948 346 1980 Υίὸν,
374 1947 468 1983 ἐπειδὴ
486 1948 598 1982 γέγονεν
620 1948 771 1984 ἄνθρωπος.
795 1949 872 1983 Ἔχει

79 1994 106 2020 δὲ
120 1995 170 2029 οὐχ
180 1994 262 2025 οὕτω,
278 1993 359 2020 πόθεν
373 2002 381 2026 ;
395 1993 530 2020 οἰκετικοῦ
556 1993 583 2020 δὲ
603 1993 703 2029 μέτρου
723 1994 769 2020 καὶ
779 1993 872 2020 δουλο-

79 2040 203 2075 πρεποῦς
216 2039 370 2074 ἀξιώματος
381 2039 431 2074 τὴν
446 2040 521 2066 θείαν
545 2039 669 2074 λέγοντες
689 2039 777 2072 δόξαν,
788 2039 872 2075 ἠλατ-

32 2111 35 2114 ,
77 2086 182 2112 τ;ῖ;σοαί
198 2095 288 2120 φαμεν
313 2086 360 2112 τοῦ
383 2086 489 2122 Πατρὸς
511 2086 557 2113 τὸν
578 2087 651 2117 Υἱὸν,
675 2086 742 2113 καθὸ
759 2086 871 2120 γέγονεν

76 2132 232 2166 ἄνθρωπος,
245 2133 468 2168 ἀποκαταστῆσαι
485 2142 517 2168 γε
536 2134 590 2169 μὴν
605 2135 645 2165 εἰς
661 2133 692 2160 τὸ
703 2131 773 2161 εἶναι
789 2135 872 2161 πάλιν

76 2180 106 2204 ὲν
123 2179 174 2214 ἴσῳ
193 2179 233 2214 τῷ
252 2179 378 2213 φύσαντι,
408 2179 478 2215 μετὰ
502 2180 551 2216 τὴν
566 2180 690 2207 ἐντεῦθεν
705 2181 871 2216 ἀποδημίαν,

75 2226 106 2251 οὖ
123 2225 232 2261 καινὴν,
250 2225 434 2262 ἣὲπίκτητον.
454 2226 515 2252 οὐδὲ
535 2225 606 2261 ἀήθη
623 2225 702 2258 δόξαν
716 2226 871 2262 ἠμφιεσμέ-

74 2281 132 2301 νον,
150 2271 209 2298 ἀλλ’
227 2272 256 2298 ἐν
267 2272 359 2308 ἐκείνῃ
380 2272 505 2306 γεγονότα
532 2272 612 2299 πάλιν
641 2272 671 2298 ἐν
691 2269 763 2308 ᾗπερ
788 2270 821 2307 ἦν
841 2273 871 2298 ἐν

965 1718 1064 1745 Verum
1099 1717 1152 1744 ista
1180 1723 1255 1743 nunc
1285 1712 1456 1748 omittemus,
1475 1723 1524 1743 nec
1548 1716 1622 1744 illius
1643 1716 1717 1744 insa-

925 1766 998 1792 niam
1028 1764 1145 1791 multum
1164 1763 1335 1799 nrgebimns.
1354 1762 1394 1789 Ad
1413 1762 1479 1789 illud
1497 1762 1589 1797 potius
1603 1763 1715 1790 veniens

924 1811 990 1838 dum
1007 1818 1118 1841 censeo,
1135 1809 1208 1844 quod
1234 1810 1342 1844 putavit
1365 1817 1464 1836 vanam
1485 1817 1547 1836 esse
1569 1817 1715 1843 compara-

923 1860 1024 1884 tionem
1041 1865 1093 1891 qua
1109 1856 1219 1884 deitatis
1235 1860 1340 1882 natura:
1360 1864 1425 1882 caro
1445 1859 1632 1889 comparatur,
1649 1863 1711 1882 cum

923 1903 1093 1930 exinanitum
1105 1910 1167 1930 esse
1181 1901 1280 1928 Filium
1297 1902 1427 1934 dicimus,
1443 1900 1553 1936 quando
1566 1901 1653 1928 factus
1669 1905 1711 1929 est

923 1948 1012 1975 homo.
1028 1947 1126 1975 Verum
1147 1956 1200 1974 non
1214 1949 1248 1974 ita
1259 1947 1342 1983 848
1358 1955 1402 1974 res
1415 1952 1457 1974 est
1469 1956 1475 1973 :
1489 1946 1561 1973 absit
1575 1947 1581 1973 Σ
1596 1947 1643 1974 sed
1657 1955 1714 1974 ser-

920 1994 984 2022 vilis
997 1992 1166 2020 conditionis
1175 2000 1206 2018 ac
1217 1991 1362 2026 dignitatis
1380 1991 1501 2018 divinam
1519 1990 1634 2025 gloriati)
1650 1998 1712 2017 rum

921 2040 1052 2073 dicimus,
1064 2039 1196 2067 minorem
1215 2045 1278 2065 esse
1292 2037 1373 2065 Patre
1389 2036 1487 2064 Filium
1504 2037 1667 2071 asserimns,
1686 2037 1712 2066 in

920 2092 1053 2124 quantum
1066 2086 1156 2114 factus
1171 2091 1212 2113 est
1224 2086 1315 2117 homo,
1325 2089 1416 2113 tamen
1428 2085 1455 2112 in
1465 2074 1556 2113 Patr'is
1569 2085 1713 2120 inqualita-

922 2138 975 2160 tem
1009 2133 1167 2160 restitutum
1196 2139 1268 2163 esse,
1293 2136 1436 2166 postquam
1461 2131 1525 2158 hinc
1557 2131 1590 2158 ad
1626 2131 1712 2158 cmlos

922 2179 1056 2211 ascendit,
1071 2187 1126 2215 non
1143 2186 1223 2210 nova,
1235 2185 1325 2212 neque
1337 2177 1499 2210 adventitia,
1517 2185 1568 2204 nec
1579 2177 1711 2206 inusitata

920 2225 1007 2258 gloria
1018 2225 1159 2256 vestitum,
1169 2223 1215 2251 sed
1229 2225 1273 2250 illa
1286 2223 1377 2250 denuo
1391 2223 1525 2251 fruentem
1544 2223 1635 2258 inqua
1652 2228 1712 2251 erat

920 2272 999 2298 initio
1017 2279 1078 2298 cum
1098 2270 1189 2298 l’atre.
1208 2270 1285 2297 Unde
1299 2269 1403 2297 Paulus
1424 2269 1521 2296 doctor
1537 2270 1583 2296 ille
1600 2269 1712 2298 divinus

74 2319 148 2353 ἀρχῇ
167 2318 236 2353 μετά
253 2318 302 2344 τοῦ
327 2319 441 2355 Πατρός.
458 2319 511 2345 Καὶ
524 2318 588 2352 γοῦν
599 2319 612 2344 ὁ
631 2319 773 2350 θεσπέσιος
788 2327 870 2355 μυστ-

925 2319 1131 2346 convenientem
1161 2317 1321 2344 hominibus
1340 2315 1523 2343 humilitatem
1542 2324 1595 2342 non
1614 2316 1668 2350 jam
1685 2316 1713 2343 ei

74 2363 204 2399 αγωγδς,
223 2365 295 2399 φημὶ
310 2365 338 2391 δὲ
359 2366 404 2391 τδν
429 2364 533 2391 Παῦλον
545 2384 551 2396 ,
566 2365 615 2399 τὴν
635 2364 794 2399 πρέπουσαν
815 2366 871 2396 τοῖς

72 2410 232 2445 ἀνθρώποις
250 2410 415 2436 ταπείνωσιν
428 2410 520 2437 οὐκέτι
541 2410 692 2446 περιτιθεὶς
710 2410 785 2446 αὑτῷ
802 2411 871 2446 μετὰ

74 2458 123 2491 ’ὴν
152 2457 186 2483 ὲκ
212 2457 318 2492 νεκρῶν
343 2457 492 2484 ἀναϐίωσιν
515 2459 562 2484 καὶ
588 2457 638 2492 τὴν
667 2457 759 2484 ἄνοδον
770 2458 818 2492 τὴν
831 2459 871 2489 εἰς

70 2502 219 2536 οὐρανοὺς.
234 2502 386 2528 ἐπιστέλλει
409 2502 497 2535 λέγων
509 2512 516 2518 ·
535 2511 543 2527 t
561 2503 592 2528 Εἰ
606 2503 660 2538 γὰρ
680 2503 727 2530 καὶ
748 2503 870 2537 ἐγνώκα-

73 2557 125 2582 μεν
141 2548 214 2574 κατὰ
226 2548 316 2583 σάρκα
336 2549 463 2582 Χριστὸν,
477 2547 546 2575 ἀλλὰ
561 2548 609 2575 νῦν
630 2549 721 2575 οὐκέτι
735 2549 868 2583 γινώσκο-

73 2601 135 2626 μεν.
158 2602 168 2618 ι
188 2592 256 2626 Περὶ
269 2592 298 2618 δὲ
317 2593 414 2619 ἑαυτοῦ
438 2593 519 2619 πάλιν
533 2604 539 2610 ~
562 2603 570 2618 ι
587 2593 692 2625 Παῦλος
720 2595 869 2626 ἀπόστολος

77 2637 167 2669 Ἰησοῦ
177 2637 309 2673 Χριστοῦ,
316 2639 365 2665 οὐκ
375 2640 420 2665 ἀπ’
431 2639 593 2674 ἀνθρώπων,
602 2640 661 2666 οὐδὲ
670 2640 703 2666 δι’
711 2640 867 2676 ἀνθρώπου,

71 2684 139 2710 ἀλλὰ
163 2684 210 2711 διὰ
228 2684 317 2719 Ἰησοῦ
333 2685 460 2720 Χριστοῦ.
479 2694 487 2710 ι
506 2686 602 2712 Καίτοι
626 2685 651 2711 τί
668 2685 768 2720 δήποτε
787 2685 868 2712 πάλιν

71 2730 151 2756 αὐτὸν
167 2730 238 2765 πρὸς
252 2731 326 2765 ἡμᾶς
338 2730 481 2765 ἀφίξεσθαι
490 2731 576 2764 λέγων
588 2731 867 2766 μετασχηματιοῦντα

70 2777 101 2802 σὺ
114 2776 195 2811 σῶμα
211 2776 262 2810 τῆς
275 2776 465 2809 ταπεινώσεως
481 2777 559 2812 ἡμῶν
581 2777 743 2812 σύμμορφον
758 2775 797 2811 τῷ
814 2777 865 2803 σώ-

102 2867 123 2883 ⁶τ
144 2866 167 2893 Π
186 2866 253 2894 Cor.
273 2875 298 2898 ν,
322 2867 360 2893 I6.
401 2867 421 2882 “
440 2866 583 2900 Calathi,
607 2867 629 2894 Ι.

921 2369 983 2400 ριΝ.
1004 2364 1236 2390 resurrectionem
1255 2371 1268 2389 a
1292 2363 1409 2390 mortuis
1426 2367 1453 2390 et
1469 2362 1495 2389 in
1510 2362 1595 2388 malos
1612 2369 1711 2389 ascen~

921 2412 1025 2438 sionem
1057 2410 1223 2442 attribuens,
1250 2410 1345 2436 scribit
1376 2409 1403 2436 in
1430 2409 1486 2435 haec
1514 2408 1595 2435 verba
1622 2417 1627 2433 :
1652 2417 1660 2431 ι
1683 2407 1711 2437 Si

920 2463 992 2482 ('llllll
1019 2454 1200 2489 cognovimus
1224 2453 1377 2481 secundum
1408 2461 1519 2480 carnem
1551 2452 1712 2485 Christum;

921 2502 967 2529 sed
985 2509 1058 2528 nunc
1072 2501 1128 2536 jam
1143 2509 1198 2527 non
1219 2501 1348 2527 novimus
1364 2500 1397 2526 ⁵⁷.
1417 2511 1426 2525 ι
1440 2499 1550 2526 Rursus
1567 2505 1659 2526 autem
1678 2499 1712 2527 de

919 2548 1011 2582 seipse
1029 2557 1035 2574 :
1055 2557 1063 2572 ι
1086 2547 1189 2574 Paulus
1212 2546 1362 2581 Apostolus
1379 2546 1444 2573 Jesu
1472 2545 1586 2577 Christi,
1605 2553 1659 2572 non
1678 2552 1712 2571 ex

920 2594 1091 2624 hominibus,
1111 2601 1200 2628 neque
1225 2601 1273 2628 per
1300 2593 1452 2625 hominem,
1472 2593 1518 2619 sed
1544 2600 1593 2624 per
1617 2591 1710 2619 Jesum

918 2641 1060 2668 Christum
1079 2641 1113 2667 υ.
1138 2649 1146 2665 ι
1167 2639 1201 2666 At
1223 2647 1274 2666 cur
1293 2647 1354 2666 cum
1367 2646 1429 2665 eum
1446 2638 1478 2664 ad
1498 2647 1548 2665 nos
1564 2642 1708 2664 venturum

917 2687 1032 2718 diceret,
1056 2691 1085 2713 ut
1099 2693 1202 2721 corpus
1223 2685 1386 2712 humilitatis
1405 2682 1506 2711 nostrte
1526 2683 1709 2718 ('onliguraret

916 2734 1026 2768 corpori
1043 2733 1137 2767 gloria:
1152 2738 1209 2758 sua:
1227 2732 1259 2763 ‘9,
1279 2735 1360 2765 negat
1382 2730 1475 2759 modo.
1490 2730 1587 2756 dicens
1605 2737 1634 2756 se
1653 2736 1707 2754 non

917 2779 952 2805 ab
968 2778 1138 2810 hominibus,
1152 2784 1241 2812 neque
1254 2784 1301 2812 per
1317 2775 1466 2806 hominem,
1484 2774 1530 2802 sed
1553 2781 1599 2808 per
1615 2771 1710 2808 Jespm

671 2867 692 2883 θ’
711 2864 828 2902 Philipp.
847 2873 875 2893 ιιι
889 2887 896 2899 ,
914 2866 957 2893 21.
