1929 3038
244 153 299 184 319

757 162 785 190 S.
806 160 944 190 CYlllLLl
963 159 1199 199 ALEXANDRINI
1218 162 1379 191 ARCIIIEP.

1827 168 1882 195 5‘16

245 215 388 244 Christum
412 216 529 246 electum
558 218 644 247 fuisse
676 220 703 247 in
738 221 945 256 apostolatum?
961 221 1028 255 Quid

1087 228 1151 254 ματι
1165 220 1216 255 τῆς
1226 220 1305 255 δόξης
1320 220 1414 252 αὑτοῦ,
1429 220 1476 248 νῦν
1489 221 1643 258 ἐξαρνεῖται
1661 224 1752 258 λέγων
1767 223 1819 252 οὐκ
1833 226 1880 252 ἀπ’

246 266 349 295 autem,
368 271 471 298 quzeso,
485 272 547 292 eum
565 273 620 292 non
646 273 729 293 nosse
745 267 898 294 secundum
921 275 1034 294 carnem

247 309 304 336 ait?
323 308 469 344 Nunquid,
494 311 594 338 amabo
619 316 654 343 te.
673 312 817 340 Dominum
848 314 959 349 negavit
987 314 1033 349 qui

245 360 305 380 eam
333 353 464 381 redemit?
476 354 548 382 absit
568 356 574 382 l
595 361 670 383 recte
694 357 767 384 enim
796 359 879 393 sapit.
909 358 1034 386 Perfecto

245 400 347 434 quippe
370 404 397 427 et
414 400 448 426 ad
471 401 576 428 exitum
602 402 735 437 perducto
760 408 884 439 tempore
907 406 1035 433 exinani’

245 443 331 470 tionis
345 443 402 471 sive
416 443 617 473 bumlliationis
636 446 785 482 Unigeniti,
797 457 851 477 non
867 458 898 477 ex
912 458 945 478 eo
960 452 1034 487 quod

245 488 403 515 exinanitus
417 489 551 521 cernitur,
568 490 616 518 sed
635 499 668 518 ex
685 500 718 519 eo
736 494 826 527 potius
841 495 914 530 quod
931 503 1033 523 secun-

246 533 310 559 dum
326 537 451 560 naturam
467 539 509 562 est
535 534 618 569 Deus,
631 537 780 572 praedicare
799 539 888 574 ipsum
905 545 933 568 ct
948 549 1034 576 agno-

246 586 324 606 scere
353 580 459 607 nititur.
487 581 627 610 Concesso
654 584 727 611 enim
757 590 784 612 et
812 579 934 614 admisso
960 588 1033 622 quod

246 623 328 651 homo
344 625 433 654 factus
452 627 498 659 sit.
514 627 583 655 illud
599 629 708 656 demum
727 629 818 658 doceri
835 631 928 660 ﬁdeles
950 641 1033 669 opor-

246 670 331 703 tebat,
353 669 436 698 Deum
467 680 577 708 quoque
603 681 664 702 esse
693 677 846 703 secundum
876 683 1032 708 naturam:

245 715 363 751 ideoque
387 716 492 746 divinis
518 719 610 754 potius
636 721 670 748 de
695 729 727 749 eo
753 724 931 752 sermonibus
950 733 1032 760 quam

245 761 308 788 aliis
322 762 484 790 oblectatur.
505 763 590 792 Miror
608 770 700 793 autem
723 775 778 801 quo
793 774 874 803 pacto
888 778 943 798 non
967 779 1033 799 eru-

244 806 349 838 bescat,
364 808 459 836 dicens
472 811 555 845 quod,
572 819 634 838 cum
651 813 711 840 sola
733 814 904 850 homogenea
922 824 1034 852 compa-

244 853 380 881 rationem
397 854 470 882 inter
487 863 517 883 se
539 858 704 893 suscipiant,
717 860 793 894 ipsos
816 861 897 889 lateri
918 870 1033 892 neceSSe

245 897 281 924 sit
304 897 414 926 Patrem
439 901 576 936 Unigeniti
605 903 707 932 deitate
727 893 859 941 majorem
882 909 1029 937 exsistere.
1049 893 1070 921 Β

244 943 304 970 Νοιι
321 946 404 972 sentit
415 946 500 979 enim,
518 953 547 976 ut
561 950 679 985 videtur,
698 960 747 979 sua
765 960 795 980 se
815 954 898 981 verba
923 963 1032 988 armare

245 989 272 1016 in
295 991 426 1025 seipsnm.
441 993 616 1029 Respondeat
630 998 701 1025 enim
718 1000 893 1027 commodum
909 1002 935 1029 id
952 1003 1032 1031 nobis

219 1058 222 1059 ν
244 1037 451 1067 sciscitantibus
465 1049 472 1067 ε
488 1041 544 1069 lllaa
565 1043 798 1079 homogeneorum
814 1048 886 1074 inter
902 1056 932 1076 se
953 1056 1031 1076 com-

243 1084 400 1118 parationes
415 1087 580 1121 quibusnam
593 1098 626 1118 ex
641 1092 721 1120 rebus
741 1095 954 1123 convenientius
968 1103 1031 1130 per-

243 1131 379 1164 aguntur?
391 1133 432 1159 An
450 1141 483 1160 ex
511 1134 545 1163 iis
571 1144 630 1170 quae
659 1142 724 1164 sunt
744 1138 823 1172 juxta
850 1147 1029 1168 communem

243 1179 349 1202 natura:
366 1178 517 1206 rationem?
533 1189 567 1208 an
581 1189 614 1208 ex
635 1182 667 1210 iis
682 1191 742 1218 quae
757 1184 838 1212 habet
854 1188 1032 1222 unumquod-

242 1228 296 1254 que
319 1229 414 1250 eorum
441 1232 501 1260 quze
532 1227 634 1254 adsunt
659 1233 686 1256 et
714 1231 832 1262 absunt,
861 1233 1030 1262 inexsistunt

241 1271 268 1293 et
285 1275 339 1295 non
359 1269 526 1298 inexsistunt
543 1272 635 1306 justas
653 1275 688 1301 ob
708 1277 825 1303 causas?
838 1276 919 1305 Verbi
941 1280 1030 1314 gratia

242 1313 325 1347 (idem
345 1316 417 1342 enim
443 1319 597 1352 exemplum
628 1320 738 1348 aberam
759 1324 832 1357 quod
861 1324 920 1359 ipse
946 1313 1029 1354 nobis

243 1361 378 1396 protulit).
391 1363 413 1389 si
429 1363 490 1398 quis
503 1364 640 1393 hominem
659 1367 763 1396 homini
778 1377 942 1404 comparare
953 1373 1028 1406 velit,

242 1406 276 1433 ad
294 1415 375 1434 unam
391 1412 419 1436 et
433 1417 607 1439 communem
625 1414 785 1442 substantiae
795 1416 878 1452 849
895 1419 1029 1447 rationem

243 1453 405 1486 respiciens,
428 1454 530 1482 nullam
556 1456 583 1483 in
610 1461 727 1493 utroque
754 1461 871 1494 reperiet
898 1462 1030 1491 differen-

243 1498 320 1525 tiam.
331 1498 387 1527 Nee
405 1501 478 1528 enim
499 1502 582 1530 homo
596 1504 688 1532 dill‘crt
706 1505 740 1532 ab
757 1506 878 1539 homine,
891 1515 1029 1544 quatenus

1085 265 1247 300 ἀνθρώπων,
1267 266 1384 294 οὺδὲ.δι⁴
1402 267 1557 303 ἀνθρώπου,
1585 270 1673 297 καίτοι
1699 277 1880 306 προκεχειρι-

1086 312 1184 347 σμένος
1209 313 1249 344 είς
1269 312 1421 348 ἀποστολὴν
1441 313 1485 340 διὰ
1515 315 1602 350 Ἰησοῦ
1630 316 1771 351 Χριστοῦς
1795 317 1828 343 Τί
1851 317 1880 344 δὲ

1085 357 1152 389 ὅλως
1184 357 1266 385 αὑτὸν
1286 358 1336 385 οὐκ
1364 358 1463 386 εἰδέναι
1485 360 1556 386 κατὰ
1582 361 1672 396 σάρκα
1691 363 1796 397 φησίνς
1813 361 1878 399 Ἀρ*

1084 401 1141 435 οὖν,
1166 403 1228 430 εἰπέ
1244 412 1300 438 μοι,
1318 403 1363 430 τὸν
1376 405 1549 440 ἀγοράσαντα
1565 407 1650 442 αὐτὴν
1665 408 1811 443 Δεσπότην
1827 410 1878 444 ἡρ-

1084 449 1200 485 νήσατος
1221 450 1258 484 μὴ
1273 449 1376 483 γένοιτο
1387 459 1393 465 ⁸
1409 453 1517 487 φρονεῖν
1529 452 1583 488 γὰρ
1607 452 1705 489 ὀρθῶς.
1729 454 1878 480 Τετελειω-

1086 495 1166 531 μένου
1173 496 1226 531 γὰρ
1249 496 1299 532 ήδη
1322 497 1367 523 καὶ
1377 498 1417 528 εἰς
1430 497 1516 533 πέρας
1528 498 1641 533 ⁴ἥκοντος
1656 499 1702 526 τοῦ
1719 499 1818 536 καιροῦ
1833 501 1878 526 ἐπὶ
1910 527 1913 533 ,

1084 542 1133 577 τῆς
1149 543 1298 578 νοουμένης
1313 543 1352 578 τῷ
1370 544 1519 578 Μονογενεῖ
1541 545 1692 578 κενώσεως,
1706 547 1768 582 ἦτοι
1781 555 1878 573 ταπει-

1085 587 1204 620 νώσεως.
1225 589 1275 616 οὐκ
1290 589 1318 621 EE
1344 585 1381 616 ὧν
1401 591 1496 626 ὁρᾶται
1515 593 1714 627 κεκενωμένος,
1731 592 1833 628 μᾶλλον
1850 593 1878 619 δὲ

1084 633 1114 666 ἐξ
1124 631 1162 661 ὧν
1172 635 1230 661 ἐστι
1245 635 1315 662 κατὰ
1334 635 1414 669 φύσιν
1435 636 1512 671 Θεὸς,
1528 637 1720 673 διακηρύττειν
1745 647 1777 665 τε
1796 639 1879 665 αὑτὸν

1084 681 1130 707 καὶ
1141 681 1332 714 ἐπιγινώσκειν
1356 683 1504 718 ἐπείγεται.
1531 685 1702 717 Γνωσθέντος
1726 686 1782 721 γὰρ
1804 686 1878 719 ἅπαξ

1084 727 1131 753 καὶ
1142 727 1358 763 παραδεχθέντος
1374 728 1421 755 τοῦ
1441 729 1481 755 ὅττι
1503 729 1614 763 γέγονεν
1638 730 1796 766 ἄνθρωπος,
1825 730 1879 758 ἔδει

1083 771 1176 799 λοιπὸν
1199 773 1286 800 ἐκεῖνο
1311 774 1484 801 διδάσκεσθαι
1500 775 1564 807 τοὺς
1582 777 1813 808 πεπιστευκότας,
1838 777 1879 803 ὅτι

1084 818 1131 844 καὶ
1156 817 1221 850 Θεὸς
1241 818 1311 845 κατὰ
1340 818 1421 853 φύσιν
1442 820 1534 852 ἐστὶν,
1548 820 1592 846 διὰ
1610 821 1689 847 τοῦτο
1704 822 1809 856 μᾶλλον
1823 823 1879 853 τοῖς

1085 863 1250 898 θεοπρεπὲσι
1262 865 1326 900 περὶ
1337 864 1420 891 αὐτοῦ
1432 865 1561 900 λόγοις,ἥ
1579 867 1635 898 τοῖς
1659 867 1765 902 ἑτέροις
1783 867 1880 902 ἐφήδε-

1084 918 1138 937 ται.
1158 909 1297 945 Θαυμάζω
1316 909 1344 936 δὲ
1372 910 1446 943 ὅπως
1474 911 1523 938 οὐκ
1553 912 1676 947 ἐρυθριᾷ,
1706 913 1809 946 λέγων,
1841 913 1879 945 ὡς

1083 955 1198 990 ἐπείπερ
1210 955 1276 990 μόνα
1290 955 1324 983 τὰ
1338 957 1456 992 ὁμογενῆ
1469 956 1517 992 τὴν
1528 957 1597 992 πρὸς
1611 958 1714 993 ἄλληλα
1729 959 1879 994 σύγκρισιν

1082 1001 1248 1036 ἐπιδέχεται,
1259 1001 1366 1037 ἀνάγκη
1382 1002 1480 1033 αὐτοὺς
1497 1002 1673 1038 ὁμολογῆσαι,
1695 1005 1739 1031 δτι
1752 1005 1767 1030 ὁ
1782 1005 1878 1039 Πατὴρ

1084 1047 1185 1082 μείζων
1204 1048 1254 1082 τῆς
1276 1047 1322 1074 τοῦ
1335 1048 1503 1082 Μονογενοῦς
1520 1048 1647 1084 θεότητος
1670 1050 1805 1086 ὑπάρχει.
1821 1051 1877 1076 Οὐκ

1083 1093 1240 1120 αἰσθάνεται
1248 1093 1314 1128 γὰρ,
1328 1093 1365 1125 ὡς
1382 1094 1465 1125 εἰκὸς,
1477 1094 1522 1120 τὸν
1537 1095 1637 1122 οἰκεῖον
1655 1096 1747 1131 ἑαυτῷ
1769 1097 1878 1130 ἐξοπλί-

1083 1147 1132 1170 σας
1146 1139 1234 1173 λόγον.
1251 1139 1360 1173 Λεγέτω
1376 1139 1430 1174 γὰρ
1450 1141 1517 1175 ἡμῖν
1540 1142 1628 1167 ἐκεῖνο
1642 1143 1790 1177 χρησίμως
1816 1143 1877 1179 ὲρέ-

1083 1184 1144 1211 σθαι
1171 1184 1361 1219 βουλομένοιςο
1386 1185 1418 1211 Αἱ
1439 1184 1506 1220 πρὸς
1531 1184 1633 1220 ἄλληλα
1663 1186 1718 1213 τῶν
1744 1187 1878 1221 ὁμοειδῶν

1083 1229 1239 1264 συγκρίσεις
1261 1229 1314 1255 ἀπὸ
1342 1229 1427 1255 ποίων
1457 1228 1557 1264 μᾶλλον
1579 1230 1746 1257 ὲπιτελοῖντο
1765 1239 1878 1265 πρεπω-

1081 1275 1224 1310 δέστερον;
1242 1273 1305 1310 'Ap’
1323 1275 1351 1308 ἐξ
1364 1271 1401 1301 ὧν
1418 1275 1481 1307 εἰσι,
1498 1276 1568 1302 κατά
1589 1284 1621 1310 γε
1639 1275 1685 1302 τὸν
1696 1277 1747 1311 τῆς
1765 1277 1875 1310 φύσεως

1081 1320 1170 1347 κοινὸν
1186 1320 1274 1354 λόγον,
1286 1319 1302 1356 ἢ
1315 1319 1344 1353 ἐξ
1367 1317 1404 1347 ὧν
1420 1320 1535 1347 ἕκαστον
1555 1320 1610 1356 ἔχει
1627 1321 1681 1348 τῶν
1693 1323 1744 1348 ὅσα
1755 1322 1873 1357 προσγί-

1081 1366 1154 1393 νεται
1177 1375 1206 1392 τε
1233 1366 1279 1392 καὶ
1308 1366 1486 1401 ἀπογίνεται,
1518 1367 1664 1402 ἐνυπάρχει
1695 1375 1726 1393 τε
1751 1368 1800 1394 καὶ
1825 1368 1873 1394 οὐκ

1081 1411 1240 1446 ἐνυπάρχει,
1253 1411 1287 1438 δι’
1303 1411 1393 1443 αἰτίας
1417 1411 1563 1446 εὐλόγους;
1581 1410 1643 1438 Οἴον
1661 1412 1690 1439 δὲ
1714 1412 1747 1448 δή
1764 1412 1791 1439 τί
1803 1421 1870 1448 φημι

1081 1458 1254 1494 (παραθήσω
1280 1457 1334 1493 γὰρ
1366 1458 1454 1484 ἐκεῖνο
1478 1457 1568 1484 λαὸὼν
1593 1458 1661 1493 ὅπερ
1691 1459 1775 1491 αὐτὸς
1805 1461 1870 1495 ἡμῖν

1081 1504 1270 1539 είσκεκὸμικεν
1295 1504 1335 1534 εἰς
1365 1503 1586 1538 παραδείγματος
1611 1504 1709 1538 λόγον),
1726 1505 1753 1531 εῐ
1766 1513 1810 1536 τις
1825 1505 1870 1531 ἁν-

241 1549 283 1571 est
305 1546 407 1572 animal
427 1547 541 1574 rationis
560 1556 672 1583 compos
685 1571 692 1582 ,
711 1553 835 1586 mortale,
856 1553 1028 1589 intelligendi

1081 1549 1182 1585 θρώπῳ
1198 1550 1243 1576 τὸν
1255 1549 1398 1584 ἄνθρωπον
1424 1549 1551 1585 ἐθελήσαι
1576 1550 1743 1584 συγκρίνειν,
1762 1551 1802 1582 είς
1822 1551 1870 1585 μὲν

241 1593 268 1617 et
283 1591 387 1619 sciendi
404 1600 490 1628 capax
508 1603 515 1621 :
530 1594 588 1622 haec
613 1596 686 1623 enim
710 1597 737 1624 in
755 1599 885 1628 omnibus
910 1609 964 1628 una
985 1606 1029 1629 est

241 1637 329 1671 ipsius
341 1638 503 1667 substantia:
513 1640 652 1674 deﬁnitio;
666 1643 713 1670 sed
730 1652 780 1671 nec
796 1653 885 1680 equus
900 1646 934 1674 ab
944 1655 1027 1682 equo,

241 1691 293 1718 qua
310 1683 442 1712 nimirum
457 1689 499 1713 est
516 1694 622 1722 equus;
638 1688 684 1716 sed
703 1689 842 1718 hominem
866 1692 900 1719 ab
918 1692 1030 1730 homine

241 1730 350 1757 ditl'erre
362 1731 480 1758 dicimus
496 1733 569 1767 quod
582 1734 627 1760 hic
643 1737 864 1769 grammaticam,
875 1738 950 1764 verbi
967 1747 1029 1774 gra-

241 1777 289 1807 tia,
311 1777 421 1809 calleat,
446 1778 492 1806 ille
518 1786 572 1806 non
600 1780 675 1809 item.
693 1785 740 1807 aut
769 1783 858 1810 modis
889 1784 1029 1818 aliquibus

241 1823 313 1850 aliis.
329 1823 410 1858 Atqui
431 1823 488 1851 haec
506 1833 560 1851 non
577 1827 714 1860 attingunt
729 1828 922 1861 subslantiam,
934 1839 1028 1858 verum

241 1868 322 1894 aliam
339 1868 430 1902 potius
448 1877 561 1897 causam
578 1875 658 1897 nacta
674 1872 815 1899 videntur.
829 1873 880 1900 Sed
897 1878 924 1901 et
939 1883 1028 1909 equus

239 1921 311 1947 equo
325 1914 445 1941 velocior
460 1919 511 1942 est.
528 1919 575 1942 aut
592 1924 708 1950 corpore
734 1919 834 1950 minor,
855 1923 901 1946 aut
919 1921 1026 1956 major;

240 1964 428 1988 verumtamen
454 1961 511 1989 haec
531 1961 557 1988 in
585 1963 694 1990 ratione
709 1964 872 1992 substantiae
889 1966 942 1993 sita
966 1975 1028 1996 esse

240 2013 293 2032 non
313 2007 523 2041 comperiemus.
535 2008 645 2042 Alioqui
662 2009 734 2035 enim
752 2017 812 2043 quae
828 2010 899 2037 inter
916 2019 946 2039 se
960 2019 1028 2039 con—

239 2051 366 2078 feruntur
382 2053 457 2079 nullo
472 2054 552 2081 modo
571 2054 689 2082 invicem
714 2055 866 2083 diﬂ‘errenl.
883 2057 1027 2089 Quomodo

238 2099 311 2124 enim
332 2099 425 2130 homo,
443 2100 518 2127 verbi
534 2101 632 2135 gratia,
649 2101 739 2128 minor
753 2107 799 2129 aut
815 2103 901 2138 major
916 2103 1027 2132 homine

239 2145 292 2172 alio
309 2150 480 2177 censeretur,
496 2147 523 2173 in
544 2152 680 2182 quantum
703 2154 766 2175 sunt
792 2149 938 2177 homines?
953 2150 1026 2184 Qua-

239 2195 351 2226 propter
371 2192 397 2218 in
415 2193 544 2220 omnibus
563 2193 741 2228 bomogeneis
756 2195 871 2229 aequalia
889 2201 956 2224 sunt
979 2205 1026 2224 na-

239 2237 355 2269 turalia;
375 2237 485 2265 divcrsa
510 2243 600 2264 autem
628 2238 806 2273 reperiuntur
833 2247 894 2275 quae
922 2240 1026 2269 inexsi-

239 2287 325 2314 stunt.
337 2288 366 2311 et
378 2284 530 2310 secnndum
543 2284 695 2311 accidentis
707 2285 840 2312 rationem
853 2286 1026 2314 extrinsecus

237 2329 398 2356 adveniunt.
416 2328 513 2364 igitur,
531 2336 594 2355 cum
620 2329 696 2363 juxta
720 2329 794 2357 illius
809 2331 1024 2365 propositionem

237 2379 284 2400 aut
308 2374 473 2401 sententiam
493 2374 569 2408 (huic
588 2374 661 2401 enim
679 2374 828 2410 insistam),
852 2376 909 2403 sola
928 2376 1024 2403 homo-

237 2428 321 2455 genea
337 2420 571 2454 comparationem
589 2419 660 2446 inter
678 2427 707 2447 se
722 2421 834 2456 proprie
856 2421 1023 2456 suscipiant,

237 2465 356 2499 primum
384 2465 502 2491 fateatur
518 2464 617 2491 Filium
636 2465 759 2500 ejusdem
784 2475 847 2494 esse
861 2475 924 2494 cum
944 2467 1024 2495 Patre

237 2511 354 2546 generis.
368 2510 394 2537 id
412 2515 456 2537 est
472 2511 734 2540 consubstantialem
750 2513 802 2547 (sic
818 2513 890 2540 enim
908 2513 1024 2548 capien-

236 2559 300 2586 dum
326 2562 368 2585 est
395 2558 594 2593 homogeneum
613 2569 618 2586 :
640 2559 779 2587 hominem
814 2561 886 2588 enim
920 2561 1024 2589 homini

235 2604 390 2638 comparari
406 2603 506 2632 debere
522 2603 612 2633 fassus
627 2607 718 2636 est,'et
732 2613 832 2640 equum
849 2607 942 2641 equo).
956 2615 1023 2634 cau-

235 2658 349 2685 samque
372 2650 481 2678 tandem
501 2651 608 2682 doceat,
621 2651 657 2678 ob
675 2659 757 2686 quam
767 2651 871 2682 Filius.
888 2652 934 2687 qui
957 2660 1019 2680 cum

236 2696 290 2722 Deo
318 2703 350 2722 ac
378 2695 458 2723 Patre
480 2700 668 2731 comparatur,
689 2701 785 2731 utpote
809 2697 930 2730 ejusdem
957 2706 1020 2725 cum

235 2740 296 2775 ipso
321 2742 439 2776 generis,
454 2742 545 2777 aliqua
572 2750 613 2776 cx,
630 2748 708 2777 parte
725 2743 815 2769 minor
833 2744 877 2770 sit.
902 2743 1018 2771 Ubinam

234 2791 323 2814 autem
339 2788 470 2815 minorem
490 2796 552 2816 esse
568 2788 780 2822 comperiemus,
795 2795 856 2816 cum
879 2789 904 2816 in
925 2789 1021 2816 hoqu-

233 2834 327 2868 gcneis
344 2842 396 2862 una
408 2834 445 2862 sit
460 2834 586 2862 deﬁnitio
599 2834 869 2862 substanti:c?|lalio
883 2834 956 2862 enim
973 2842 1022 2863 cu.-

233 2880 331 2916 jusque
347 2880 508 2910 substantiae
530 2881 557 2908 in
577 2880 741 2916 quibusdmn
764 2882 896 2916 perfecta,
915 2880 941 2907 in
959 2880 1027 2907 aliis.

1081 1597 1126 1623 τὸν
1140 1596 1187 1622 ἕνα
1204 1595 1251 1622 καὶ
1282 1595 1370 1622 κοινὸν
1395 1595 1445 1630 τῆς
1477 1595 1570 1627 οὐσίας
1599 1596 1758 1630 ἀποϐλέψας
1782 1596 1868 1629 λόγον.

1080 1641 1209 1676 οὐδεμίαν
1225 1640 1268 1667 ἐπ’
1290 1641 1391 1675 ἀμφοῖν
1417 1640 1492 1675 εὖροι
1509 1641 1651 1676 διαφοράν.
1667 1642 1736 1668 Οὐδὲ
1756 1642 1812 1677 γὰρ
1824 1643 1868 1672 ἄν·

1081 1686 1187 1722 θρωπος
1204 1685 1346 1720 ἀνθρώπου
1359 1685 1452 1712 διοίσει
1472 1686 1537 1713 ποτὲ
1551 1688 1621 1714 κατὰ
1631 1695 1662 1721 γε
1676 1687 1706 1714 τὸ
1719 1686 1790 1714 εἶναι
1802 1688 1868 1720 ζῶον

1079 1732 1197 1766 λογικὸν,
1212 1732 1318 1767 θνητὸν,
1335 1731 1380 1758 νοῦ
1401 1732 1448 1758 καὶ
1465 1732 1620 1768 ἐπιστήμης
1636 1732 1773 1761 δεκτικόν.
1788 1732 1868 1765 Οὗτος

1080 1779 1134 1814 γὰρ
1155 1779 1183 1804 ὲν
1203 1777 1302 1804 ἅπασιν
1325 1775 1365 1810 εἷς
1387 1786 1416 1818 τε
1439 1779 1488 1813 τῆς
1503 1778 1596 1810 οὐσίας
1611 1779 1696 1814 αὐτῆς
1720 1780 1794 1814 ὗρος-
1812 1780 1867 1805 ἀλλ’

1079 1823 1132 1850 οὐδ’
1149 1823 1231 1854 ἵππος
1247 1823 1341 1855 ἵππου,
1356 1824 1415 1849 κατ’
1431 1823 1496 1850 αὐτό
1510 1832 1542 1858 γε
1555 1823 1635 1850 τοῦτο
1650 1824 1680 1850 τὸ
1699 1825 1785 1856 ἵππος
1800 1823 1867 1852 εἶναί

1080 1878 1161 1904 φημι.
1178 1869 1322 1905 Διαφέρειν
1341 1869 1369 1895 δὲ
1390 1869 1531 1904 ἄνθρωπον
1554 1869 1697 1904 ἀνθρώπου
1712 1889 1720 1900 .
1746 1870 1808 1897 καθ’
1822 1871 1868 1906 ἦν-

1079 1924 1140 1942 τινα
1158 1913 1204 1942 οὖν
1219 1915 1384 1950 ἐπιστήμην,
1395 1911 1450 1941 οἷον
1463 1915 1670 1950 γραμματικὴν,
1695 1915 1712 1951 ἢ
1737 1916 1786 1942 καὶ⁸
1809 1916 1867 1942 καθ’

1079 1961 1189 1997 ἑτέρους
1203 1961 1278 1993 τινὰς
1293 1961 1444 1988 τοιουτουσὶ
1465 1962 1594 1996 τρόπους.
1621 1962 1700 1989 Ἀλλὰ
1719 1963 1806 1989 ταῦτα
1821 1964 1867 1997 μὲν

1078 2006 1127 2041 οὐχ
1139 2005 1236 2040 ἅψεται
1253 2005 1302 2040 τῆς
1315 2005 1418 2037 οὐσίας,
1438 2005 1529 2032 αἰτίαν
1541 2005 1569 2032 δὲ
1595 2006 1695 2041 μᾶλλον
1711 2007 1808 2041 ἑτέραν
1820 2007 1867 2034 λα-

1079 2052 1159 2088 χόντα
1173 2051 1309 2086 φαίνεται.
1330 2051 1409 2078 Ἀλλὰ
1423 2051 1470 2078 καὶ
1497 2051 1579 2083 ἵππος
1598 2052 1647 2087 μὲν
1661 2052 1746 2078 ἵππου
1777 2052 1867 2087 δρομι-

1078 2098 1242 2134 κώτερος,ῆ
1263 2097 1333 2124 κατὰ
1355 2097 1434 2132 σῶμα
1458 2097 1542 2133 μείων
1564 2097 1581 2133 ἢ
1606 2097 1867 2133 περιλιπηθέστερος

1080 2144 1136 2180 [γρ.
1151 2142 1397 2180 περιλιπέστερος],
1413 2143 1481 2178 πλὴν
1492 2142 1541 2178 τὴν
1549 2144 1578 2169 ὲν
1591 2143 1697 2175 τούτοις
1712 2143 1867 2175 πλεονεξίαν

1078 2190 1137 2225 ἢτοι
1152 2190 1202 2224 τὴν
1218 2189 1364 2215 ἐλάττωσιν
1377 2189 1426 2215 οὐκ
1443 2189 1472 2214 ὲν
1491 2188 1547 2224 ὅρῳ
1562 2189 1691 2227 κειμένην
1705 2188 1744 2224 τῷ
1760 2189 1812 2223 τῆς
1822 2189 1866 2215 oti-

1079 2237 1138 2267 σίας
1160 2236 1326 2271 εὑρήσομεν·
1345 2234 1361 2270 ἢ
1379 2234 1434 2270 γὰρ
1453 2235 1487 2262 ἂν
1509 2236 1568 2261 κατ’
1588 2234 1665 2261 οὐδὲν
1687 2235 1813 2269 ἀλλήλων
1828 2235 1866 2261 δι-

1075 2283 1172 2318 ήνεγκε
1182 2282 1216 2308 τὰ
1226 2282 1265 2312 εἰς
1276 2281 1418 2317 σύγκρισιν
1428 2281 1607 2308 ἀναὸαίνοντει
1615 2281 1664 2316 τὴν
1675 2281 1743 2316 πρὸς
1754 2281 1864 2316 ἄλληλα.

1074 2328 1166 2355 Μείων
1186 2327 1240 2363 γὰρ
1252 2327 1393 2362 ἄνθρωπος
1407 2327 1552 2362 ἀνθρώπου
1572 2327 1653 2362 τυχὸν
1665 2327 1751 2362 ἤγουν
1765 2327 1796 2354 τὸ
1810 2329 1866 2361 μεῖ-

1074 2374 1213 2409 ζονὲχων,
1235 2373 1357 2408 καθάπερ
1387 2374 1455 2400 εἰσὶν
1483 2373 1634 2409 ἂνθρωποι,
1657 2373 1718 2405 πῶς
1745 2374 1780 2400 ἂν
1801 2374 1866 2406 ὅλως

1075 2421 1160 2446 νοοῖτο
1176 2420 1222 2446 καὶ
1239 2419 1344 2453 λέγοιτο
1357 2428 1363 2451 ;
1377 2419 1492 2452 Οὐκοῦν,
1512 2420 1541 2445 ὲν
1563 2419 1612 2454 [σῳ
1627 2419 1720 2454 μέτρῳ
1733 2421 1802 2446 πᾶσι
1814 2422 1866 2452 τοῖς

1074 2466 1207 2502 ὁμοειδέσι
1220 2466 1254 2492 τὰ
1268 2466 1380 2500 φυσικὰ,
1400 2465 1517 2502 διάφορα
1534 2466 1561 2492 δὲ
1574 2466 1608 2492 τὰ
1620 2466 1715 2492 ἐνόντα
1730 2466 1864 2499 φαίνεται,

1073 2513 1121 2539 και
1147 2512 1217 2538 κατὰ
1242 2511 1288 2538 τὸν
1314 2511 1362 2538 τοῦ
1379 2511 1584 2547 συμϐεϐηκότος
1606 2510 1707 2544 ἔξωθεν
1718 2511 1863 2545 ἐγκείμενα

1073 2559 1161 2593 λόγον.
1178 2558 1293 2590 Οὐκοῦν,
1305 2557 1453 2593 ἐπειδήπερ
1467 2557 1537 2584 κατὰ
1552 2558 1601 2592 τὴν
1610 2557 1717 2584 ἐκείνου
1734 2558 1863 2593 πρότασιν

1072 2605 1131 2640 ἦτοι
1144 2605 1233 2643 φωνὴν
1250 2603 1416 2639 (ἀνθέξομαι
1429 2603 1484 2640 γὰρ
1498 2603 1594 2639 αὐτῆς)
1609 2603 1678 2638 μόνα
1694 2603 1730 2629 τὰ
1747 2603 1862 2638 ὁμογενῆ

1074 2652 1122 2687 τὴν
1134 2651 1200 2687 πρὸς
1221 2651 1322 2685 ἄλληλα
1353 2651 1496 2687 σύγκρισιν
1512 2650 1677 2685 οἰκειότερον
1697 2650 1860 2683 ὲπιδέξεται,

1074 2696 1240 2730 ὁμολογείτω
1269 2696 1377 2730 πρῶτον
1401 2695 1438 2727 ὡς
1468 2695 1601 2730 ὁμογενὴς
1627 2695 1700 2720 ἐστιν
1718 2695 1733 2721 ὁ
1753 2694 1861 2729 Υἱὸςτῷ

1076 2742 1171 2777 ﬂat-:91.
1189 2740 1260 2767 τοῦτ’
1273 2740 1355 2770 ἐστιν,
1371 2739 1513 2775 ὁμοούσιος
1524 2747 1530 2755 ·
1548 2739 1619 2766 οὕτω
1635 2738 1689 2773 γὰρ
1711 2739 1822 2774 νοήσεις
1833 2738 1861 2764 rb

1075 2786 1218 2822 ὁμογενὲς·
1248 2786 1391 2821 ἄνθρωπον
1417 2785 1471 2820 γὰρ
1504 2783 1641 2819 ἀνθρώπῳ
1669 2783 1873 2818 συγκρίνεσθαι-

1074 2832 1128 2858 δεῖν
1139 2831 1310 2866 ἐδοκίμασεν,
1326 2830 1393 2857 ἀλλὰ
1404 2830 1450 2857 καὶ
1457 2830 1539 2856 ἵππον
1550 2829 1646 2864 ἵπτῖῳ)·
1660 2830 1706 2855 καὶ
1716 2829 1860 2856 διδασκέτω

1075 2877 1165 2904 λοιπὸν
1186 2877 1233 2912 τὴν
1257 2876 1346 2903 αἰτίαν
1362 2876 1394 2902 δι’
1412 2876 1446 2911 ἣν
1465 2876 1478 2902 ὀ
1493 2875 1531 2911 τῷ
1552 2875 1611 2911 Θεῷ
1627 2875 1674 2902 καὶ
1688 2875 1779 2902 Πατὼ
1803 2883 1860 2909 ωγα
