1896 3034
48 141 100 169 521

589 139 621 166 ΙΝ
635 138 777 166 JOANNIS
796 137 1017 167 EVANGELIUM
1037 137 1100 166 LIB.
1119 137 1154 165 Χ.

1627 139 1681 167 δη

49 198 223 234 κρινόμενος
242 197 317 229 Υἱὸς,
343 197 380 229 ὡς
404 196 537 232 ὁμογενὴς
556 197 640 232 αὐτῷ,
663 197 714 232 τὴν
733 198 802 224 κατά
820 206 847 223 τι

899 196 1056 232 imperfecta
1073 203 1126 223 non
1150 195 1284 226 cernitur,
1298 193 1346 222 sed
1367 202 1420 221 una
1434 198 1460 222 et
1477 194 1592 229 aqualis
1605 195 1682 222 vide-

49 246 118 277 γοὺν
129 243 285 270 ἐλάττωσιν
299 244 365 278 ἔχει.
394 243 449 269 Ποῦ
476 243 504 268 δὲ
534 243 567 269 τὸ
581 245 664 278 μμείον
682 243 846 281 εὑρήσομεν,

49 289 96 316 ὅτε
110 290 172 321 τοῖς
190 289 348 324 όμογενέσιν
365 286 404 320 εἷς
420 289 452 315 ἂν
464 289 580 324 ὑπάρχοι
594 290 644 324 τῆς
658 289 752 322 οὐσίας
767 290 846 325 ὃρος;

58 335 204 369 Ἐκάστης
219 334 273 369 γὰρ
285 334 378 365 οὐσίας
396 335 410 360 ὁ
429 335 492 370 περὶ
505 335 588 369 αὐτῆς
603 334 681 368 λόγος
701 335 732 360 οὐ
747 335 848 366 τέλειος

54 382 105 416 μὲν
119 381 150 407 ἓν
166 389 251 413 τισιν,
279 380 374 416 ἀτελὴς
390 381 419 408 δὲ
444 383 472 408 ὲν
492 381 578 417 ἑτέρῳ
592 381 727 416 φαίνεται,
741 379 848 414 sint;

53 426 102 452 καὶ
118 426 179 457 tuo;
192 425 239 452 ἐπὶ
252 426 360 452 πάντων
377 426 503 460 φαίνεται
515 435 521 441 ·
541 427 629 458 αἰτίας
645 435 676 461 γε
689 428 742 462 μὴν
752 427 847 462 ἐτέρας

53 472 129 506 ἔχειν
143 472 239 506 φαμὲν
249 471 304 498 τῶν
311 471 526 507 συμϐεϐηκότων
550 473 676 504 ἕκαστον,
693 474 752 508 ἦτοι
764 481 848 509 προσ-

54 516 214 550 γεγονότων
226 515 286 542 καθ’
298 516 463 551 όνδηποτοῦν
475 517 585 552 τρόπον.
599 517 669 543 Αὐτὸ
685 517 715 544 δὲ
725 518 757 550 δὴ
767 518 848 544 πάλιν

55 561 128 596 ὑπὲρ
141 561 298 596 σαφηνείας
306 561 360 587 τῶν
371 561 524 596 εἰρημένων
537 561 568 588 τὸ
581 562 610 594 ἐξ
622 563 710 598 ἀρχῆς
726 563 848 598 παροίσω

56 607 250 643 παράδειγμα.
269 607 429 643 Ἀνθρωπος
454 607 502 642 μὲν
518 607 662 643 ἀνθρώπου
684 609 776 635 διοίσει
799 609 848 642 μὲν

53 653 125 684 νόλως
139 653 230 684 οὐδὲν,
259 653 383 688 καθόπερ
406 653 474 679 εἰσὶν
493 653 632 688 ἂνθρωποι
649 654 744 689 τυχόν
762 654 819 681 ἀλλ’
834 655 849 681 ό

60 699 108 732 μέν
119 699 164 730 τίς
197 699 273 724 ἐστιν
297 698 422 734 εὐσεϐὴς,
445 699 460 725 ό
483 698 511 725 δὲ
533 700 676 732 κακόνους,
702 700 749 726 καὶ
773 700 848 735 ὁμὲν

59 743 176 778 ἀσθενὴς
192 744 242 770 καὶ
252 743 438 778 λελωϐημένος
457 744 488 770 τδ
508 743 597 779 σῶμα,
613 745 682 776 σῶος
700 745 728 772 δὲ
748 745 848 772 καὶεῦ-

58 789 281 825 ρωστοςέτερος,
294 791 340 816 καὶ
357 791 372 817 ὁ
388 790 438 825 μέν
459 799 501 822 τις
513 790 657 825 βάσκανος,
670 792 684 818 ὁ
696 791 725 818 δὲ
736 791 847 825 ἁγαθός.

65 835 134 861 Ἀλλ’
161 836 229 862 ὅταν
255 844 296 867 τις
320 836 422 862 τούτων
444 837 493 868 τὰς
508 837 598 868 αἰτίας
624 836 745 872 ἀκριϐῶς
762 846 849 864 καταί-

60 880 281 914 σκέπτηται,τὺν
294 881 342 916 μὲν
363 881 413 916 τῆς
426 881 516 913 αἰτίας
528 881 585 917 [τρ.
599 882 705 917 οὐσίας]
722 883 784 918 ὅρον
799 882 849 909 οὐκ
865 873 885 900 Β

61 927 226 958 αἰτιάσεται,
241 927 337 953 πάθεσι
349 927 380 954 δὲ
400 927 499 961 μᾶλλον
521 929 686 962 σωματικοῖς
701 928 784 962 ἧγουν
797 927 850 962 ψυ-

59 973 145 1006 χικοῖς
160 973 307 1008 ἀνατίθησι
327 973 376 1005 τὰς
393 974 492 1004 αἰτίας.
516 973 590 1004 Ἐνὸς
611 974 755 1009 τοιγαροῦν
775 982 851 1000 νοου-

63 1016 140 1050 μένου
155 1025 187 1043 es
204 1018 252 1044 καὶ
266 1017 340 1049 ὄντος
363 1018 410 1044 ἐπί
425 1026 454 1044 τε
471 1017 574 1052 Πατρδς
589 1017 636 1044 καὶ
649 1017 713 1044 Υἱοῦ
724 1018 773 1052 τῆς
789 1018 850 1044 θεό-

62 1071 139 1096 τητος
157 1063 237 1098 ὅρου,
263 1063 279 1098 ῆ
300 1063 373 1095 ὅπως
395 1064 427 1090 ἄν
450 1072 492 1095 τις
508 1062 592 1089 είπὼν
606 1063 656 1090 οὐκ
667 1063 700 1090 ἂν
713 1063 761 1090 τοῦ
781 1063 849 1098 πρέ-

63 1116 157 1139 ποντος
178 1108 312 1143 ὲξοίχοιτο
341 1109 542 1144 (συγκρίνονται
560 1109 615 1144 γὰρ
643 1109 680 1140 ὡς
695 1109 847 1144 ὁμογενεῖς,

64 1154 234 1188 κεχρήσομαι
249 1153 276 1180 δὲ
293 1152 336 1180 διὰ
350 1155 400 1189 τὴν
416 1155 540 1190 ἀνάγκην
553 1155 600 1181 τοῦ
612 1154 787 1190 θεωρήματος
801 1151 847 1182 κάὶ

64 1200 116 1230 τοῖς
126 1199 212 1225 αὑτοῦ
233 1199 344 1234 λόγοις),
368 1200 548 1227 διδασκόντων
572 1201 597 1227 οἱ
624 1200 738 1232 τάλανες
753 1201 780 1227 τί
793 1201 846 1236 ἄρα

66 1244 201 1278 νομίζουσι
218 1246 426 1281 παρασκευάσαι
439 1246 485 1272 τὸν
499 1247 564 1273 Υιδν
577 1248 606 1273 ὲν
618 1247 758 1274 ἐλάττοσιν
775 1245 846 1274 εἶναι

66 1289 109 1315 τοῦ
129 1290 198 1317 Θεοῦ
225 1291 272 1317 καὶ
295 1292 414 1325 Πατρόςς
427 1289 500 1327 Ἀρα
523 1292 618 1324 πάθος,
635 1293 651 1328 ἢ
667 1292 788 1328 ῥᾳθυμία
800 1294 847 1319 καὶ

897 245 943 268 tur
957 241 984 267 in
1000 240 1130 267 omnibus
1150 249 1156 266 :
1172 246 1273 268 causas
1292 243 1383 266 tamen
1395 239 1476 267 .alias
1496 239 1682 274 contingenti-

898 286 958 317 bus,
971 290 1020 312 aut
1037 285 1072 312 iis
1088 293 1148 320 qua:
1164 285 1263 319 quovis
1277 284 1358 311 modo
1373 284 1513 316 accidunt,
1529 292 1591 324 esse
1611 285 1682 312 dici-

898 339 970 359 mus.
993 331 1070 364 Quod
1099 335 1128 358 ut
1153 335 1255 363 pateat,
1272 335 1334 358 utar
1351 330 1476 365 exemplo
1504 330 1558 366 jam
1587 331 1681 358 allato.

898 376 985 403 ΙΙυιιιο
1008 377 1081 404 enim
1117 377 1150 404 ab
1177 377 1288 404 homine
1312 376 1388 403 nullo
1416 377 1498 404 modo
1523 377 1624 408 diﬂert,
1654 377 1681 403 in

898 427 1030 458 quantum
1047 427 1111 450 sunt
1131 423 1257 450 homines
1273 431 1280 449 :
1299 422 1345 450 sed
1367 422 1412 449 hic
1426 422 1535 456 quidem
1551 426 1593 450 est
1608 423 1680 458 pius,

898 469 944 495 ille
973 475 1109 501 nequam;
1139 467 1183 494 hic
1207 467 1334 495 inﬁrmus
1359 475 1391 494 ac
1419 475 1535 502 corpore
1557 468 1681 500 mutilus,

898 515 966 542 alter
983 515 1077 541 lirmus
1101 521 1133 540 ac
1150 521 1250 546 sanus»;
1270 514 1316 541 ille
1344 514 1456 548 probus,
1473 514 1516 541 hic
1535 515 1680 549 malignus.

899 561 952 587 Sed
978 560 1001 588 si
1028 560 1091 594 quis
1117 559 1215 586 horum
1241 567 1341 587 causas
1365 561 1498 587 attentius
1521 560 1682 594 inspexerit,

898 606 1059 633 substantiae
1071 604 1180 640 quidem
1198 604 1384 632 deﬁnitionem
1401 613 1456 632 non
1474 605 1622 639 incusabit,
1635 607 1683 633 sed

899 652 1022 686 corporis
1044 651 1135 686 potius
1153 655 1182 678 et
1200 651 1284 678 animi
1306 651 1496 678 aﬂ'ectionibus
1522 659 1623 679 causas
1641 657 1684 679 at-

898 697 1010 724 tribuet.
1025 697 1093 724 Cum
1118 705 1184 732 ergo
1208 705 1261 724 una
1284 701 1431 724 censeatur
1453 702 1482 725 et
1506 698 1542 726 sit
1559 699 1586 726 in
1605 698 1685 726 Patre

899 750 931 769 ac
954 742 1023 769 Filio
1050 742 1161 770 deitatis
1191 743 1327 775 delinitio,
1355 747 1402 769 aut
1435 745 1685 779 quomodocunqne

898 788 981 823 85o
995 795 1054 827 eam
1069 789 1194 815 nomines
1211 789 1420 824 (comparantur
1431 789 1503 816 enim
1519 794 1548 817 ut
1566 791 1613 825 qui
1629 791 1685 818 sint

899 833 1020 868 ejusdem
1040 834 1160 868 generis,
1178 837 1294 868 utarque
1312 842 1407 862 eorum
1425 835 1518 863 verbis
1535 835 1570 863 ob
1592 844 1686 863 neces-

899 880 1000 907 sariam
1016 880 1055 907 rei
1068 880 1302 915 explicationem),
1317 881 1434 908 doceant
1446 881 1539 910 miseri
1553 882 1684 916 quidnam

897 924 1023 964 olfecisse
1043 929 1140 959 putent
1159 930 1191 952 ut
1213 926 1268 953 Deo
1284 933 1316 952 ac
1330 925 1410 953 Patre
1427 927 1518 953 minor
1535 927 1571 954 sit
1584 926 1686 954 Filius?

898 969 968 996 Num
987 970 1112 1003 morbus,
1129 978 1194 998 num
1219 971 1351 1006 segnities
1375 975 1403 998 et
1424 979 1595 1006 quaecunque
1611 973 1686 999 acci-

898 1016 962 1043 dere
978 1017 1067 1043 solent
1091 1017 1126 1044 iis
1147 1017 1248 1052 quibus
1263 1021 1306 1044 est
1321 1022 1419 1044 natura
1440 1019 1553 1046 creata?
1571 1019 1605 1046 At
1622 1020 1685 1053 quis

898 1062 936 1088 ita
952 1062 1058 1090 delirus
1075 1066 1101 1090 et
1117 1063 1151 1090 ab
1165 1062 1240 1090 omni
1255 1063 1362 1091 ratione
1379 1064 1487 1092 alienus
1501 1065 1565 1098 erit,
1580 1069 1610 1092 ut
1625 1069 1688 1092 tan-

897 1111 956 1134 tam
984 1107 1183 1142 blasphemiam
1209 1108 1251 1135 vel
1277 1109 1304 1136 in
1335 1115 1417 1137 aures
1437 1109 1582 1138 admittere
1603 1110 1686 1137 velit?

900 1154 968 1181 Cum
992 1162 1068 1189 ergo,
1091 1159 1120 1181 ut
1138 1155 1184 1189 qui
1205 1154 1327 1189 ejusdem
1349 1160 1392 1183 est
1408 1163 1471 1183 cum
1495 1157 1613 1183 naturali
1630 1156 1685 1184 Deo

899 1201 1020 1235 generis,
1038 1200 1108 1228 Deus
1128 1200 1187 1235 ipse
1202 1208 1313 1235 quoque
1336 1201 1373 1228 sit
1387 1202 1540 1229 secundum
1557 1207 1684 1229 naturam

899 1248 1086 1281 (comparatur
1107 1246 1180 1274 enim
1198 1246 1285 1279 l‘atri,
1305 1255 1356 1275 nec
1380 1248 1530 1283 quidquam
1559 1249 1685 1283 prohibet

899 1293 1049 1327 quominus
1064 1295 1100 1320 sit
1117 1293 1190 1320 Patri
1222 1294 1343 1328 similis).
1360 1295 1497 1329 quomodo
1516 1296 1606 1322 minor
1627 1295 1686 1322 est?

66 1335 113 1362 ὅσα
124 1335 287 1371 συμϐαίνειν
310 1335 364 1363 οἵδε
375 1338 432 1368 τοῖς
442 1337 559 1372 γενητὴν
576 1337 666 1372 ἔχουσι
688 1338 737 1374 τὴν
762 1338 858 1371 φύσιν;
882 1335 950 1365 Εἶτα
978 1338 1019 1369 τίς
1037 1338 1108 1364 οὓτω
1130 1338 1244 1374 ληρήσει
1272 1339 1318 1366 καὶ
1332 1339 1496 1366 διακείσεται
1508 1339 1683 1374 παραλόγως.

64 1379 102 1410 ὡς
120 1381 167 1407 καὶ
187 1380 270 1416 μόνον
283 1381 446 1415 ἀνασχέσθαι
461 1382 512 1409 κᾶν
523 1383 589 1417 γοῦν
602 1384 642 1414 είς
661 1381 707 1415 οὖς
727 1381 834 1410 ἑλέσθαι
845 1383 893 1419 τὴν
904 1383 1093 1419 βλασφημίαν;
1113 1384 1177 1410 Ὅτε
1186 1384 1286 1414 τοίνυν.
1300 1384 1338 1416 ὡς
1353 1385 1486 1420 ὁμογενὴς
1503 1386 1632 1420 ὑπάρχων
1645 1385 1686 1420 τῷ

70 1425 135 1451 κατὰ
149 1425 234 1459 φύσιν
246 1426 315 1462 Θεῷ,
328 1427 393 1459 Θεός
415 1428 474 1454 ἐστι
494 1428 614 1462 δηλονότι
626 1429 697 1456 κατὰ
714 1430 794 1464 φύσιν
827 1430 875 1457 καὶ
894 1430 975 1462 αὐτὸς
996 1430 1183 1466 (συγκρίνεται
1206 1430 1261 1467 γὰρ
1284 1431 1323 1466 τῷ
1346 1431 1445 1467 Πατρὶ,
1468 1431 1630 1458 διακωλύσει
1656 1431 1684 1458 δὲ

69 1471 137 1498 οὐδὲν
148 1473 179 1498 τὸ
195 1473 328 1506 ὡσαύτως
352 1474 424 1509 ἔχειν
440 1474 478 1510 τῷ
501 1475 638 1510 φύσαντι),
659 1476 718 1508 πῶς
737 1476 855 1504 ἐλάττων
871 1475 962 1510 tactv;

105 1530 214 1565 Ἐπειδὴ
231 1530 260 1556 δὲ
273 1531 448 1566 ἀμαθέστατά
463 1542 493 1559 τε
508 1534 555 1560 κα)⁵
574 1534 735 1568 ἀλογώτατα
748 1535 777 1561 ὲν
792 1536 848 1566 τοῖς

933 1534 1067 1567 Quoniam
1092 1540 1183 1561 autem
1201 1524 1329 1561 veritatis
1351 1533 1441 1561 hostis
1454 1532 1619 1562 stultissime
1644 1535 1685 1562 di-

73 1575 259 1609 προκειμένοις
280 1575 395 1608 διεξιὼν,
422 1577 452 1603 οὐ
478 1578 634 1605 κατέδεισε-θ
652 1579 737 1605 εἰπεῖν
762 1579 776 1605 ὁ
799 1580 849 1614 τῆς

73 1619 193 1654 ἀληθείας
205 1620 314 1656 ἐχθρὸς,
329 1622 370 1648 ὅτι
391 1622 490 1657 μείζων
516 1624 530 1650 ὸ
546 1624 640 1659 Πατὴρ
660 1624 711 1659 τῆς
723 1624 847 1660 θεότητος

72 1666 114 1692 τοῦ
127 1666 201 1699 Υἰοῦ,
217 1667 283 1701 φέρε
308 1667 356 1702 τῆς
372 1668 440 1702 μετὰ
456 1663 556 1704 σαρκὸς
570 1670 725 1705 οἰκονομίας
743 1670 789 1697 τὸν
805 1671 848 1696 λό-
868 1701 876 1708 .

73 1718 114 1743 γον
127 1711 212 1747 βραχύ
230 1721 256 1738 τι
271 1713 499 1747 περιστείλαντες,
509 1715 557 1741 καὶ
574 1715 622 1750 τῆς
637 1715 692 1742 τῶν
704 1716 851 1751 προκειμέ-

74 1764 120 1784 νων
133 1759 234 1789 ὲννοίας
263 1759 448 1792 ἀποδιελόντες
471 1760 514 1787 διὰ
529 1761 574 1788 τὸν
591 1761 711 1797 ἔλεγχον,
727 1762 777 1797 τὴν
792 1762 851 1789 θεό-

73 1811 136 1838 τητα
153 1804 196 1830 τοῦ
214 1804 280 1830 Υἱοῦ
299 1806 332 1840 τῇ
351 1805 397 1832 τοῦ
421 1806 526 1841 Πατρὸς
556 1808 756 1843 συγκρίνωμεν,
779 1808 851 1835 κατά

74 1856 102 1882 τι
112 1849 154 1875 τὸν
161 1850 274 1877 ἐκείνων
290 1850 377 1884 λόγον,
397 1851 484 1878 ἐκεῖνο
497 1852 528 1888 δὴ
542 1853 649 1888 πρῶτον
669 1855 755 1880 εἰπεῖν
767 1854 851 1881 ἅπαι-

76 1893 197 1928 τήσαντες
212 1894 259 1920 τὸν
269 1895 346 1921 τοῦτο
361 1895 444 1930 φάναι
459 1896 641 1932 τολμήσαντα,
658 1897 772 1934 πότερόν
786 1907 851 1925 ποτε

76 1939 134 1966 θεὸν
148 1941 212 1968 ὂντα
238 1941 306 1968 κατὰ
324 1940 404 1975 φύσιν
423 1942 555 1978 ὑπάρχειν
573 1943 657 1970 οἴεται
675 1943 721 1970 τὸν
746 1944 849 1980 Υῑὸν,ἣ

76 1985 160 2020 ἕτερον
177 1987 228 2022 μέν
239 1996 266 2013 τι
280 1988 352 2023 παρὰ
365 1987 453 2019 τοῦτο,
468 1988 629 2023 τετιμῆσθαι
644 1997 675 2022 γε
691 1989 743 2024 μὴν
757 1990 789 2024 τῇ
801 1990 851 2024 τῆς

78 2030 192 2068 θεότητος
205 2033 312 2068 κλήσει,
333 2033 458 2070 καθάπερ
474 2033 520 2061 οὖν
538 2035 633 2070 ἀμέλει
647 2035 738 2062 πολλοὶ
757 2036 805 2070 μὲν
822 2036 851 2062 ἐν

77 2077 173 2114 θύρανῷ
195 2079 253 2106 θεοὶ
276 2080 323 2106 καὶ
344 2079 446 2116 κύριοι.
461 2080 555 2107 πολλοὶ
571 2081 598 2107 δὲ
614 2081 661 2107 καὶ
673 2081 719 2107 ἐπὶ
731 2083 780 2116 τῆς
799 2081 851 2116 γῆς

78 2121 282 2160 εἷναιλέγοντσι.
299 2125 542 2161 Δξαϐεϐαιουμένου
561 2126 610 2161 μὲν
633 2126 687 2162 γὰρ
702 2126 765 2162 ψιλῇ
781 2127 852 2153 δεδο-

80 2167 165 2199 ξάσθαι
178 2172 348 2206 προσηγορίᾳ
358 2171 409 2206 τῆς
419 2171 554 2206 θεότητος,
569 2172 651 2207 φημὶ,
667 2172 712 2198 τὸν
728 2172 801 2202 Υίὺν,
814 2171 851 2207 μὴ

899 1588 959 1608 cere
975 1581 1079 1608 veritus
1094 1588 1149 1608 non
1162 1585 1205 1607 est
1218 1580 1319 1607 deitate
1333 1578 1396 1606 Filii
1413 1579 1546 1614 majorem
1561 1587 1622 1608 esse
1634 1581 1685 1607 Pa-

899 1631 977 1656 trem,
995 1625 1109 1659 agedum
1135 1625 1334 1652 incarnationis
1363 1631 1518 1651 sermonem
1541 1625 1683 1660 paululum

899 1671 1102 1703 contrahentes,
1114 1675 1142 1698 et
1156 1679 1171 1698 a
1188 1678 1278 1698 rerum
1294 1669 1497 1705 propositarum
1513 1678 1595 1697 sensu
1612 1671 1685 1698 avel-

901 1717 988 1744 lentes
1011 1720 1122 1752 propter
1138 1716 1394 1751 reprehensionem,
1414 1716 1545 1743 deitatem
1562 1716 1634 1746 Filii,
1655 1720 1684 1742 ut

900 1762 950 1795 ipsi
969 1762 1127 1796 loquuntur,
1142 1769 1203 1788 cum
1220 1760 1310 1788 Patris
1321 1761 1422 1787 deitate
1436 1760 1624 1792 conferamus,
1641 1767 1685 1786 ro-

899 1812 995 1843 gantes
1012 1811 1040 1834 ut
1058 1807 1105 1842 qui
1122 1807 1188 1834 talia
1206 1807 1299 1834 dicere
1327 1813 1413 1833 ausus
1440 1810 1481 1834 est
1500 1807 1617 1841 primum
1640 1814 1685 1833 re-

900 1853 1045 1887 sptmdeat;
1065 1857 1156 1880 utrum
1174 1852 1285 1884 Filium.
1302 1851 1375 1879 Dens
1391 1859 1454 1879 cum
1474 1853 1510 1879 sit
1533 1851 1683 1879 secundum

900 1902 1038 1930 naturam,
1053 1898 1137 1925 Deum
1150 1905 1210 1926 esse
1226 1902 1316 1933 putet,
1328 1905 1362 1924 an
1380 1897 1483 1932 aliquid
1498 1897 1571 1925 aliud
1588 1902 1686 1932 prater

900 1944 985 1976 istud,
1007 1947 1196 1970 verumtamen
1215 1943 1401 1977 appellatione
1418 1942 1528 1970 deitatis
1545 1947 1684 1971 ornatum.

900 1987 1132 2024 quemadmodum
1151 1994 1248 2021 nempe
1274 1987 1350 2014 multi
1381 1991 1446 2014 sunt
1462 1988 1488 2014 in
1505 1987 1576 2014 cmlo
1598 1987 1635 2014 dii
1653 1994 1685 2013 ac

901 2034 1018 2065 domini,
1033 2032 1168 2067 multique
1194 2032 1277 2059 etiam
1306 2032 1332 2058 in
1359 2035 1433 2059 terra
1459 2038 1520 2058 esse
1543 2030 1683 2058 dicuntur.

900 2078 968 2105 Nam
985 2078 1006 2106 si
1023 2077 1154 2113 probetur
1171 2075 1243 2103 nuda
1260 2080 1365 2103 tantum
1378 2076 1561 2111 appellatione
1576 2076 1686 2102 deitatis

901 2128 1030 2150 ornatum
1049 2130 1111 2150 esse
1130 2121 1240 2153 Filium,
1255 2122 1344 2156 ipsum
1364 2127 1454 2148 tamen
1479 2129 1534 2148 non
1549 2128 1610 2148 esse
1622 2128 1686 2147 vene

902 2168 929 2195 id
942 2167 1016 2202 quod
1030 2175 1092 2194 esse
1108 2166 1220 2198 dicitur,
1235 2166 1299 2201 jure
1311 2166 1412 2193 merito
1429 2165 1518 2205 palam
1539 2170 1566 2193 et
1578 2165 1686 2200 publice

81 2213 127 2248 μὴν
140 2215 185 2241 καὶ
201 2216 334 2250 ὑπάρχειν
348 2215 420 2243 κατὰ
446 2215 525 2250 φύσιν
547 2216 627 2243 αὐτὸν
648 2216 756 2251 ἀληθῶς
775 2216 847 2242 τοῦθ’

900 2213 1109 2240 inclamabimus
1124 2222 1131 2240 :
1146 2220 1206 2244 nos,
1225 2212 1248 2239 si
1279 2216 1376 2239 natura
1395 2211 1466 2239 Deus
1487 2219 1541 2238 non
1567 2214 1620 2242 est.
1638 2210 1686 2236 ad<

79 2257 138 2293 ὃπρ
156 2257 225 2287 εἶναι
250 2261 297 2287 καὶ
316 2261 434 2295 λέγεται,
446 2261 481 2287 τὰ
504 2261 595 2288 εἰκότα
614 2262 775 2297 φρονοῦντες
799 2262 851 2288 ὑπ-

81 2304 231 2340 αιτήσομεν,
241 2305 387 2342 διαρρήδην
398 2307 616 2343 ἀνακεκραγότες
628 2315 636 2323 ·
649 2305 683 2333 Ὦ
697 2308 755 2340 τᾶν,
774 2308 813 2339 ὡς
827 2308 851 2334 εἰ

81 2349 113 2383 μὴ
126 2351 200 2383 φύσει
211 2351 277 2383 Θεός
289 2353 357 2384 ἐστι,
372 2353 503 2388 κτίσματι
514 2353 718 2388 προσκυνοῦμεν
727 2353 766 2379 ἔτι
777 2353 853 2388 παρὰ

80 2393 120 2420 τὸν
136 2396 281 2428 κτίσαντα,
296 2398 342 2424 καὶ
359 2398 419 2433 οὐχὶ
447 2399 525 2433 μόνον
541 2400 621 2434 ἡμεῖς
647 2399 672 2425 oi
686 2398 760 2424 τόνδε
776 2398 851 2434 περί-

81 2446 145 2471 γειον
159 2442 263 2477 ἔχοντες
281 2443 379 2479 χῶρον,
395 2444 463 2471 ἀλλὰ
479 2445 525 2471 καὶ
539 2444 607 2480 αὑτὴ
628 2444 681 2470 τῶν
695 2444 780 2478 ἁγίων
802 2444 853 2478 ἁγ-

81 2484 158 2516 γέλων
178 2489 194 2522 η
214 2487 329 2522 πληθύς.
362 2490 595 2526 Κατηγορήσομεν
621 2489 650 2516 δὲ
676 2490 723 2516 καὶ
753 2489 855 2520 παντὸς

81 2529 149 2562 ἁγίου
164 2531 264 2564 λοιπὸν.
282 2533 347 2560 Θεὸν
367 2535 448 2561 αὑτὸν
464 2535 535 2562 κατὰ
553 2534 633 2566 φύσιν
651 2535 791 2570 εἰρηκότος
806 2535 853 2561 καὶ

82 2571 192 2607 ἀληθινόν
202 2584 209 2592 ι
237 2577 353 2612 μάλιστα
379 2578 408 2604 δὲ
434 2574 541 2605 πάντων
557 2579 735 2615 αἰτιασόμεθα
747 2579 794 2606 τὸν
804 2588 852 2615 μα-

83 2617 165 2652 κάριον
178 2621 303 2658 Ἰωάννην
331 2624 461 2659 εἰρηκότα
492 2624 556 2659 περὶ
585 2625 666 2651 αὐτοῦ
679 2633 686 2641 ·
705 2634 714 2651 ι
733 2625 852 2660 Οἴδαμεν

82 2661 202 2698 δτιόΥἱὸς
229 2668 277 2694 τοῦ
300 2669 367 2696 Θεοῦ
385 2670 458 2705 ἣκει,
476 2671 524 2696 καὶ
536 2671 636 2697 ἔδωκεν
651 2671 716 2706 ἡμῖν
730 2671 849 2698 διάνοιαν

33 2747 40 2755 _
81 2708 120 2735 ἵνα
131 2711 292 2749 γινώσκομεν
305 2714 349 2741 τὸν
365 2715 490 2751 ἀληθινὸν
502 2716 578 2748 Θεὸν,
599 2717 646 2743 καὶ
661 2717 745 2752 ὲσμὲν
767 2717 796 2744 ὲν
810 2716 850 2752 τῷ

111 2828 132 2846 ’⁸
147 2832 154 2859 Ι
171 2832 246 2862 Joan.
268 2843 298 2868 ν,
311 2836 357 2865 20.

899 2267 979 2286 orare
990 2259 1140 2286 etiamnum
1155 2260 1325 2290 creaturam;
1339 2265 1393 2284 non
1411 2256 1580 2288 Creatorem,
1595 2263 1686 2290 neque

899 2311 950 2331 nos
961 2308 1065 2330 tantum
1076 2304 1122 2339 qui
1141 2308 1279 2332 terrenam
1294 2303 1364 2330 hanc
1378 2302 1516 2338 regionem
1527 2301 1683 2332 incolimus,

900 2349 948 2376 sed
964 2353 991 2376 et
1008 2351 1094 2384 ipsam
1113 2353 1273 2377 sanctorum
1292 2349 1451 2384 angelorum
1471 2346 1684 2373 multitudinem.

900 2395 972 2428 Quin
996 2400 1022 2422 et
1048 2399 1160 2423 sanctos
1185 2403 1280 2423 omnes
1306 2394 1511 2424 accusabimus,
1529 2393 1688 2428 quicunque

903 2440 986 2468 Deum
1000 2441 1089 2476 ipsum
1105 2441 1259 2469 secundum
1278 2445 1405 2468 naturam
1420 2447 1452 2466 ac
1472 2446 1567 2466 verum
1585 2438 1684 2473 prmdi~

898 2490 1016 2519 carum;
1036 2485 1083 2513 sed
1111 2486 1229 2514 Inarime
1256 2486 1378 2514 omnium
1402 2485 1511 2512 beatum
1540 2484 1686 2516 Joannem,

899 2533 946 2567 qui
974 2532 1008 2559 de
1037 2532 1097 2567 ipso
1127 2532 1284 2566 scripsitn
1302 2530 1411 2558 Scimus
1440 2529 1571 2566 quoniam
1599 2529 1687 2557 Filius

900 2578 947 2606 Dei
973 2578 1058 2610 venit,
1079 2582 1107 2604 et
1133 2577 1209 2605 dedit
1235 2577 1315 2605 nobis
1344 2584 1454 2605 sensum
1481 2582 1510 2604 ut
1535 2582 1686 2610 cognosca-

899 2631 962 2651 mus
989 2630 1083 2650 vernm
1104 2621 1200 2654 Deum,
1217 2625 1245 2649 et
1273 2622 1360 2650 simus
1386 2621 1414 2648 in
1438 2628 1503 2648 vero
1527 2619 1598 2646 Filio
1624 2618 1687 2653 ejus

901 2668 965 2696 Jesu
988 2668 1109 2696 Christo.
1133 2667 1183 2695 ilic
1202 2672 1244 2695 est
1262 2675 1342 2695 verus
1369 2668 1450 2699 Dens,
1465 2671 1501 2706 \et
1525 2666 1577 2693 vita
1604 2670 1684 2692 atter-

902 2722 937 2742 na
951 2715 985 2741 ⁷ο.
1003 2724 1014 2740 ι
1032 2708 1111 2747 Quod
1137 2713 1161 2741 si
1177 2712 1350 2748 Scripturam
1368 2708 1513 2742 reveritus.
1527 2711 1611 2742 Deum
1622 2717 1686 2738 vero
