1896 3034
242 152 293 179 ΞΕΞῚ

243 211 278 239 Ut
291 212 364 240 enirn
388 214 532 242 certiorem
548 214 609 250 ejus
629 215 669 243 rei
694 215 773 244 ﬁdem
789 217 932 251 haberent,
951 227 1030 248 reno-

241 265 304 285 vata
333 267 425 287 rerum
443 265 505 288 ante
520 262 719 296 promissarum
741 265 874 291 memoria
897 273 959 292 cum
979 266 1028 293 do-

241 311 339 331 norqu
355 305 419 333 facti
433 312 526 335 essent
540 313 692 343 compotes,
708 309 934 338 dissertationem
955 312 1026 340 hanc

239 358 302 377 cum
322 351 355 378 iis
372 352 491 380 habilam
507 361 569 381 esse
584 355 633 382 ait.

758 158 787 186 S.
800 159 942 188 CYBILLI
963 160 1198 193 ALEXANDRINI
1214 165 1373 195 ARCHIEP.

1813 169 1854 197 321

1045 223 1066 251 Α
1082 221 1175 256 αὑτὸν,
1200 223 1268 250 ἀλλὰ
1283 223 1329 250 τοῦ
1344 224 1422 255 ὄντος
1440 232 1469 250 τε
1486 224 1532 251 καὶ
1546 225 1706 260 δυναμένου,
1721 225 1771 254 καὶ
1785 228 1853 254 sine!

1080 267 1278 302 βασιλεύοντος.
1291 270 1353 296 Ὅτι
1364 270 1454 296 τοίνυν
1467 270 1517 297 οὐκ
1530 272 1641 303 είκαίως
1655 272 1705 308 τὴν
1718 273 1853 309 πρόρῃσιν

1078 313 1127 349 τὴν
1153 316 1199 341 ἐπὶ
1221 317 1278 346 τοῖς
1306 316 1446 350 ἐσομένοις
1466 317 1621 352 ἐποιήσατο,
1641 318 1686 345 διὰ
1699 320 1801 350 τούτων
1813 320 1855 346 ἐδί-

1075 359 1154 392 δαξεν
1169 361 1183 387 6
1204 360 1332 395 Χριστός.
1346 361 1404 394 Ἵνᾱ
1420 361 1476 396 γὰρ
1501 363 1707 398 ἀσφαλεστέραν
1721 363 1804 399 εχοιεν
1815 366 1851 397 τὴν

239 397 283 422 ἐπ’
300 397 374 432 αὐτῷ
394 398 494 431 πίστιν,
514 400 583 434 μετὰ
601 402 650 436 τὴν
661 401 717 427 τῶν
735 403 912 438 χαρισμάτων
945 405 1043 439 πεῖραν
1063 405 1103 437 εις
1128 405 1232 433 ἔννοιάν
1250 415 1280 432 τε
1309 406 1356 433 καὶ
1380 408 1489 443 μνήμην
1520 408 1575 435 τῶν
1598 410 1850 446 προεπηγγελμένων

239 443 379 478 ἐρχόμενοι
390 445 553 480 πεποιῆσθαί
566 455 632 481 φησι
642 447 691 482 τὴν
702 447 829 482 διάλεξιν.

274 488 341 520 \tV,
359 489 403 524 βο,
418 491 461 517 51.
479 490 540 517 lam
561 500 613 518 non
631 494 716 520 multa
748 494 842 529 loquar
870 495 1000 523 vobiscum
1013 505 1023 524 :

237 534 304 560 renit
322 535 391 561 enim
404 536 525 570 princeps
540 533 635 564 mundi
646 539 735 573 hujus,
749 546 773 566 et
788 541 813 567 in
829 549 869 567 me
884 549 934 568 nou
945 542 1022 569 habet

233 581 398 615 quidquam;
419 581 462 608 sed
488 587 517 608 ut
545 589 687 618 cognoscat
713 585 827 612 mundus
852 587 915 622 quia
938 588 1022 623 diligo

235 626 353 659 l'atrem,
375 633 399 654 et
419 628 488 655 sicut
513 630 669 656 mandatum
691 630 764 658 dedit
786 633 850 659 milii
866 632 959 666 Pater,
982 635 1021 661 sic

233 674 312 710 facio.

264 726 348 759 Quasi
360 725 449 753 Judaei
463 726 517 760 iam
533 727 654 754 adfuturi
670 733 762 756 essent
777 737 838 756 cum
855 738 887 758 ea
904 739 956 766 qua
970 732 1020 759 sti-

230 773 312 806 pandi
336 777 415 799 erant
439 773 554 800 cohorte
574 774 689 809 ejusque
712 775 836 811 principe
858 781 886 803 et
918 778 1020 805 antesi-

229 826 331 853 gnano,
349 819 396 853 qui
413 826 443 846 se
463 820 629 847 traditurqu
646 829 707 848 eum
735 822 873 856 pollicitus
899 828 968 856 erat,
992 829 1018 852 et

229 865 454 898 comprehensuri
473 866 595 898 tandem,
612 874 662 893 nec
677 867 763 894 multo
780 874 842 902 post
862 869 888 895 in
907 877 1015 898 crucem

228 915 255 937 et
268 918 328 945 quas
339 919 452 938 crucem
468 913 631 941 antecedere
656 913 792 941 debebant
815 916 951 951 supplicia
966 917 1009 945 de-

228 957 348 991 ducturi,
362 958 436 992 loqui
461 959 571 986 tandem
596 964 769 987 cessaturum
792 969 822 989 se
839 962 928 990 dixit:
947 971 1015 991 con—

200 1013 203 1016 ⁴
228 1008 346 1030 tractum
368 1005 469 1039 quippe
485 1009 593 1040 tempus
614 1010 640 1033 et
657 1006 699 1032 vix
717 1007 778 1041 ejus
796 1008 899 1043 aliquid
918 1017 1014 1044 super.

226 1057 297 1077 esse.
314 1049 472 1078 Judmorum
488 1051 561 1078 enim
583 1053 745 1080 crudelitate
762 1053 789 1080 in
805 1062 848 1081 me
874 1056 1012 1088 saeviente,

225 1103 253 1124 et
265 1097 320 1132 jam
336 1098 405 1124 intra
422 1101 515 1132 portas
529 1098 604 1133 ipsas
624 1099 784 1132 exsistente,
802 1108 855 1127 non
868 1101 924 1134 jam
946 1102 1012 1128 allo-

225 1142 326 1176 quendi
349 1149 407 1175 vos,
424 1142 471 1169 sed
485 1143 607 1178 patiendi
626 1147 733 1178 tempus
749 1145 883 1173 imminet.
903 1146 1013 1183 Quippe

227 1196 236 1213 ι
254 1188 327 1214 venit
343 1188 470 1222 princeps
487 1189 582 1216 mundi
595 1190 688 1224 hujus,
706 1191 805 1226 inquit,
818 1193 886 1219 etin
900 1201 942 1221 me
956 1202 1011 1221 non

225 1233 307 1261 habet
317 1234 603 1269 quidquainahloriar
615 1246 689 1272 vero,
702 1238 783 1274 idque
793 1241 972 1275 perlibenter,
984 1247 1011 1270 et

223 1288 272 1314 pro
289 1281 346 1308 vita
364 1282 487 1309 omnium
503 1287 619 1311 mortem
634 1287 782 1320 perpetiar,
804 1287 892 1316 Patris
911 1297 1010 1324 nempe

222 1327 375 1354 reverentia
391 1331 418 1354 et
435 1328 582 1356 dilectione
594 1337 658 1365 erga
680 1339 754 1363 eum,
771 1333 843 1360 ultro
861 1342 903 1361 me
925 1336 1008 1362 etiam

221 1371 256 1398 iis
272 1372 373 1406 quibus
390 1381 469 1400 mens
485 1380 620 1410 repugnat
635 1377 772 1412 ingeram,
789 1383 818 1405 ut
832 1379 894 1414 ejus
908 1383 1009 1409 volun-

222 1420 305 1444 tatem
321 1418 462 1453 impleam.
488 1421 578 1455 Atque
603 1422 647 1449 hic
664 1423 772 1458 quidem
790 1425 843 1453 loci
874 1429 1007 1462 propositi

221 1470 323 1497 scapus
343 1472 376 1491 ex
397 1464 439 1492 his
457 1466 551 1494 verbis
572 1468 737 1498 manifestus
752 1479 814 1499 esse
831 1477 929 1507 potest.
955 1475 1006 1503 Sed

221 1508 351 1536 similius
386 1518 448 1538 eum
467 1511 619 1542 enodantes
641 1515 772 1550 dicimus,
792 1518 925 1547 Adamum
943 1523 1006 1556 qui-

220 1552 281 1581 dem
300 1555 410 1589 generis
427 1558 515 1585 nostri
534 1562 686 1594 auctorem,
703 1563 768 1595 quia
780 1563 875 1592 datum
892 1568 1006 1594 manda-

1110 495 1213 522 Οὐκέτι
1228 495 1327 522 πολλὰ
1340 496 1468 530 λαλήσω
1484 498 1548 531 μεθ’
1564 497 1648 532 ὑμῶν
1659 505 1665 511 ⁸
1682 500 1797 535 ἔρχεται
1808 503 1850 537 γὰρ

1073 542 1088 567 ὁ
1105 540 1158 567 τοῦ
1173 541 1289 575 κόσμου
1302 540 1411 575 ἅρχων,
1429 542 1478 568 καὶ
1492 542 1527 568 ὲν
1540 543 1603 577 ἐμοὶ
1616 545 1672 571 οὐκ
1686 546 1751 578 ἔχει
1767 547 1848 578 οὐδέν,

1071 586 1140 612 ἀλλ’
1158 586 1208 612 ἵνα
1229 585 1288 620 γνῷ
1303 588 1319 613 ὀ
1339 587 1454 621 κόσμος
1474 588 1519 614 ὅτι
1542 588 1646 623 ἁγαπῶ
1671 591 1726 617 τὸν
1742 593 1848 625 Πατέρα.

1070 632 1119 658 καὶ
1134 631 1231 665 καθὼς
1261 632 1393 666 ἐντολήν
1406 642 1458 667 μοι
1477 633 1606 661 δέδωκεν
1619 637 1636 662 d
1656 637 1775 672 Πατὴρ,
1789 639 1848 665 οὕτω

1070 677 1155 704 ποιῶ.

1113 723 1158 755 Ὠς
1169 723 1223 751 τῶν
1245 723 1361 751 ἀνοσίων
1390 724 1524 752 Ἰουδαίων
1546 726 1742 763 παρεσομένων
1763 734 1791 756 τε
1808 731 1844 765 ἤδη

1073 769 1132 803 μεθ’
1149 766 1183 804 ἦς
1196 770 1330 805 ἐπήγοντο
1344 771 1460 805 σπείρας
1478 772 1526 798 καὶ
1539 772 1585 799 τοῦ
1603 773 1708 810 ταύτης
1725 775 1843 811 ἀρχοντος,

1069 814 1098 846 ὃς
1115 815 1162 842 καὶ
1178 815 1351 849 παραδώσειν
1364 816 1445 843 αὐτὸν
1462 818 1662 852 ἐπηγγείλατο,
1692 820 1843 857 συλληψομ-

1068 868 1121 887 νων
1136 869 1166 887 τε
1186 861 1234 897 ήδη
1258 862 1305 888 καὶ
1322 862 1474 897 μελλόντων
1489 863 1611 892 ἀποίσειν
1633 866 1685 892 οὐκ
1699 867 1740 898 εἰς
1754 870 1843 902 μακρὰν

1068 907 1108 938 είς
1126 907 1160 933 τὰ
1180 907 1226 933 ἐπὶ
1239 906 1279 942 τῷ
1298 908 1408 944 σταυρῷ
1429 908 1478 935 καὶ
1496 909 1550 945 πρὸ
1571 910 1618 937 τοῦ
1644 912 1764 947 σταυροῦ
1775 914 1840 948 πάθῃ.

1067 951 1230 986 καταλήξειν
1240 952 1288 987 ἤδη
1303 952 1351 979 τοῦ
1363 952 1431 988 πρὸς
1440 953 1538 985 αὐτοὺς
1546 953 1598 989 ἔφη
1611 954 1693 989 λόγου
1703 963 1711 970 ’
1721 958 1842 983 συνεστῶ-

1066 997 1110 1023 θαι
1127 997 1182 1032 γὰρ
1194 998 1241 1024 καὶ
1256 999 1296 1030 εἰς
1310 998 1403 1033 μηδὲν,
1417 1000 1511 1034 φησὶν,
1521 999 1617 1027 ἐλάσαι
1631 1001 1679 1028 τὸν
1692 1004 1841 1038 καιρόν.Τῆς

1064 1043 1119 1078 γὰρ
1141 1043 1278 1070 Ἰουδαίων
1293 1045 1452 1079 μιαιφονίας
1470 1045 1581 1082 ὴσώσης
1597 1056 1627 1073 τε
1643 1047 1708 1075 λίαν
1725 1049 1767 1075 ἐπ’
1782 1050 1838 1084 ἐμοὶ.

1063 1089 1111 1116 καὶ
1124 1089 1213 1124 θυρῶν
1222 1089 1288 1116 εἵσω
1301 1090 1393 1117 λοιπὸν
1405 1092 1559 1127 ὁρωμένης,
1573 1093 1603 1119 οὐ
1613 1094 1747 1129 ῥημάτων
1755 1095 1790 1122 ἔτι
1800 1096 1839 1122 τῶν

1042 1154 1045 1156 ›
1063 1136 1132 1171 πρὸς
1149 1137 1231 1172 ὑμᾶς,
1241 1137 1298 1163 ἀλλ’
1307 1137 1390 1164 αὑτοῦ
1401 1138 1448 1165 τοῦ
1461 1139 1558 1166 παθεῖν
1571 1140 1720 1176 ἐνέστηκεν
1731 1143 1744 1168 ὁ
1752 1143 1839 1178 καιρός.

1065 1191 1074 1207 i
1090 1181 1161 1216 Πλὴν
1175 1182 1245 1216 ἥξει,
1257 1183 1349 1217 φησὶν,
1367 1183 1381 1209 ὁ
1394 1184 1441 1210 τοῦ
1459 1185 1562 1221 κόσμου
1575 1186 1681 1222 ἄρχων,
1694 1189 1742 1215 καὶ
1756 1190 1783 1216 ὲν
1793 1190 1838 1223 ἐμώ

1061 1227 1118 1262 εχει
1132 1228 1219 1255 οὐδέν.
1233 1238 1242 1254 ι
1254 1228 1425 1265 Τεθνήξομαι
1434 1230 1462 1257 δὲ
1471 1231 1518 1258 καὶ
1531 1232 1591 1259 λίαν
1606 1233 1736 1269 ἀσμένως
1751 1236 1792 1262 καὶ
1804 1235 1838 1260 τὸν

1062 1272 1132 1308 ὑπὲρ
1145 1274 1195 1308 τῆς
1212 1274 1339 1302 ἁπάντων
1353 1275 1424 1311 ζωῆς
1436 1276 1626 1314 ὕποστήσομαι
1642 1279 1768 1311 θάνατον,
1783 1281 1837 1308 ali/li

1068 1318 1102 1352 τῇ
1119 1317 1187 1352 πρὸς
1211 1318 1257 1344 τὸν
1269 1319 1420 1356 Γεννὴτορα
1435 1322 1481 1348 καὶ
1503 1323 1598 1359 ἀγάπῃ
1620 1325 1653 1360 τῇ
1679 1326 1749 1361 πρὸς
1761 1327 1836 1357 αὐτὸν,

1059 1362 1200 1399 ἐθελοντὴς
1213 1363 1347 1400 ὁμιλήσας
1368 1367 1414 1393 καὶ
1428 1368 1485 1400 τοῖς
1503 1368 1579 1404 παρὰ
1595 1369 1728 1406 γνώμην,
1747 1372 1786 1398 ἶνα
1797 1373 1834 1406 τὴν

1059 1411 1143 1447 αὐτῆς
1166 1412 1303 1448 πληρώσω
1325 1413 1461 1450 βούλησιν.
1496 1416 1525 1444 '0
1550 1418 1599 1452 μὲν
1622 1417 1727 1446 οὖντοῦ
1746 1429 1836 1456 προκει-

1060 1457 1141 1492 μένου
1161 1459 1261 1491 σκοπὺς
1276 1459 1381 1493 γένοιτο
1395 1461 1429 1488 ἂν
1444 1460 1472 1488 εὖ
1494 1463 1567 1497 μάλα
1584 1465 1613 1491 ἐν
1636 1465 1745 1498 τούτοις
1755 1466 1834 1500 διαρα-

1057 1502 1102 1533 νὲς
1110 1501 1165 1538 [γρ.
1175 1503 1329 1540 διαφανής].
1339 1506 1503 1542 ’ἰσχνότερον
1513 1508 1542 1534 δὲ
1551 1508 1586 1535 τὰ
1594 1510 1624 1535 ὲν
1636 1510 1714 1545 αὖτῷ
1723 1511 1834 1538 διαπτύσς

1058 1555 1160 1580 σοντες.
1179 1550 1266 1576 ἐκεῖνό
1282 1560 1372 1586 φαμεν
1382 1560 1389 1567 ⁸
1414 1553 1449 1579 ’⁷0
1465 1553 1513 1588 μὲν
1529 1554 1583 1589 γὰρ
1600 1555 1647 1581 τοῦ
1665 1556 1759 1590 γένους
1770 1556 1833 1591 ἡμῶν

1032 926 1052 953 Β

219 1605 276 1627 tum
294 1602 454 1636 violaverat,
479 1607 671 1634 exsecratione
696 1608 788 1636 divina
807 1616 922 1639 mortem
939 1615 1002 1641 sub-

1059 1592 1213 1629 ἀρχηγέτης
1234 1595 1320 1631 Ἀδὰμ
1333 1597 1380 1623 τὸν
1394 1598 1426 1624 ἐκ
1438 1600 1487 1633 τῆς
1502 1599 1577 1631 θείας
1589 1601 1662 1635 ἀρᾶς
1678 1602 1759 1628 ὑπέδυ
1768 1602 1833 1629 θάνο-

219 1646 295 1679 iisse,
309 1647 455 1684 ipsumque
473 1658 535 1678 cum
553 1659 567 1678 τι
581 1651 665 1689 854
680 1654 782 1689 seipse,
801 1661 856 1683 tum
867 1666 881 1684 a
896 1659 1005 1687 diabolo

216 1698 378 1722 accusatum
393 1705 400 1728 ;
420 1696 508 1724 videri
525 1703 614 1726 tamen
632 1700 657 1726 id
674 1709 786 1739 passum
799 1711 861 1732 esse
873 1705 957 1739 justis
972 1707 1005 1734 de

217 1740 331 1767 causis:
350 1748 400 1768 nec
417 1742 489 1768 enim
506 1742 606 1777 injuste
620 1736 774 1779 puniiintur
791 1749 836 1783 qui
854 1757 909 1784 prae
921 1752 1004 1779 anhni

218 1785 335 1819 segnitie
362 1792 496 1820 peccant;
520 1790 672 1817 secundum
699 1800 765 1819 vero
782 1794 880 1828 Adam,
907 1796 932 1822 id
961 1802 1005 1824 est

218 1827 364 1858 Dominum
378 1837 503 1860 nostrum
528 1833 622 1862 Iesum
637 1836 788 1872 Christum,
804 1841 906 1869 nullius
922 1843 1004 1877 plane

218 1876 258 1903 rei
281 1879 408 1905 accusari
435 1886 536 1914 posse:
554 1882 656 1917 quippe
681 1892 690 1909 ί
711 1886 757 1919 qui
780 1891 922 1920 peccatum
947 1897 1002 1917 non

217 1922 295 1955 fecit,
323 1931 373 1951 nec
401 1924 531 1953 inventus
555 1931 599 1954 est
622 1928 702 1956 dolus
724 1931 751 1958 in
781 1939 828 1960 ore
854 1934 914 1968 ejus
926 1935 959 1967 ⁷¹,
990 1946 999 1962 ι

217 1971 331 1994 mortem
348 1976 397 2003 pro
413 1970 495 1997 nobis
508 1972 631 2005 pertulit,
649 1975 753 2002 nullius
774 1977 856 2012 plane
875 1980 1001 2008 criminis

215 2013 358 2046 conscius,
383 2015 431 2042 sed
457 2017 578 2051 seipsum
605 2026 655 2054 pro
672 2021 725 2048 vita
746 2025 870 2054 omnium
895 2027 1002 2054 redem-

214 2059 317 2093 ptionis
338 2062 455 2095 pretium
472 2059 545 2090 Patri
561 2064 692 2099 oll'erens,
708 2069 772 2103 quia
789 2069 897 2099 Patrem
911 2074 1000 2110 diligit

214 2105 308 2132 mundi
338 2107 454 2134 salutem
482 2109 629 2138 sitientem.
662 2112 709 2140 Est
739 2116 831 2142 autem
859 2105 1000 2153 diligentis

214 2149 333 2183 Patrem,
350 2154 463 2181 omnino
491 2155 583 2184 facere
596 2158 765 2187 voluntatem
792 2161 862 2196 ejus,
884 2169 910 2191 et
927 2167 998 2200 quod

213 2195 404 2226 necessarium
422 2201 512 2228 visum
527 2202 573 2235 sit,
591 2211 644 2230 non
660 2213 710 2240 pro
724 2207 810 2234 nihilo
827 2209 936 2244 habere,
950 2215 997 2240 sed

211 2244 306 2270 conari
326 2244 361 2271 ad
377 2246 482 2273 exitum
499 2248 660 2281 perducere.
679 2252 750 2284 Quid
764 2262 829 2281 vero
846 2256 919 2284 istud
935 2259 998 2286 est?

213 2286 303 2316 Voluit
328 2291 468 2325 proprium
494 2292 616 2327 Filium,
645 2296 709 2324 licet
738 2299 906 2329 conl'ormem
934 2312 996 2332 eum

181 2338 193 2343 ‘
211 2334 317 2363 habens
339 2341 366 2363 et
382 2338 541 2365 omnimodo
560 2342 717 2375 aequalitate
745 2347 937 2382 conspicuum,
969 2352 995 2378 in

211 2386 315 2409 tantam
344 2384 440 2412 venire
467 2385 664 2415 demissionem
684 2395 712 2416 ut
729 2397 756 2418 et
774 2392 856 2420 homo
885 2402 995 2432 propter

211 2435 261 2455 nos
276 2427 365 2456 factus
381 2430 428 2463 sit,
451 2440 501 2459 nec
523 2441 572 2468 pro
590 2436 712 2463 omnium
730 2440 783 2466 vita
800 2446 914 2469 mortem
931 2452 995 2471 eru-

210 2474 311 2502 buerit.
329 2474 385 2503 lloc
403 2476 468 2504 fecit
486 2478 583 2513 Filius,
597 2482 714 2518 diligens
726 2483 846 2520 Patrem,
864 2490 910 2524 qui
927 2499 995 2525 prm—
1015 2489 1019 2494 ’

207 2520 315 2554 cepisse
330 2521 433 2549 dicitur
448 2529 477 2551 ut
501 2528 610 2562 propria
627 2530 730 2558 virtute
751 2541 800 2567 per
821 2520 914 2564 cari-is
927 2520 992 2572 pas-

207 2571 312 2592 sronem
330 2573 445 2595 mortem
466 2570 645 2605 interimeret,
660 2580 687 2601 et
701 2579 890 2613 corruptionis
904 2570 992 2617 impe-

205 2617 277 2637 rium
293 2616 440 2646 everteret,
457 2622 660 2654 corruptosque
676 2621 835 2656 viviﬁcarct,
855 2631 881 2652 et
897 2616 991 2662 pristi-

205 2664 267 2684 nam
281 2658 323 2685 eis
337 2658 428 2687 denuo
450 2662 567 2697 gloriam
592 2665 771 2696 instauraret.
805 2658 910 2700 Idcirco
925 2675 963 2700 ait
981 2684 988 2703 :

203 2703 358 2737 Angustum
374 2710 416 2734 est
435 2702 555 2743 tempus,
572 2719 628 2746 quo
648 2712 747 2749 loquar
763 2716 906 2745 vobiscum
922 2728 928 2752 ;
947 2720 989 2747 in-

203 2751 257 2778 stat
270 2749 344 2777 enim
359 2752 462 2786 passio,
476 2758 503 2781 et
520 2755 548 2782 in
565 2762 632 2784 aestu
648 2765 690 2786 est
709 2762 783 2795 quod
801 2762 826 2790 in
845 2773 888 2791 me
900 2749 986 2794 Judaei

202 2794 290 2821 moliti
305 2801 369 2824 sunt
383 2798 500 2827 facinus.
519 2800 610 2829 Patiar
630 2794 744 2841 lubens,
764 2810 986 2847 quandoquidem

237 2882 257 2897 "
279 2883 287 2908 ι
310 2883 383 2914 Petr.
401 2895 438 2921 ιι,
454 2888 499 2916 22.

1056 1644 1112 1670 τον,
1127 1639 1172 1666 διὰ
1188 1639 1233 1666 τοῦ
1255 1641 1410 1676 παραλῦσαι
1423 1644 1473 1679 τὴν
1489 1643 1614 1672 δοθεῖσαν
1629 1647 1751 1683 ἐντολὴν,
1768 1647 1831 1678 αὐτός

1055 1692 1086 1710 τε
1108 1684 1153 1719 ὑφ’
1175 1685 1274 1712 ἑαυτοῦ
1302 1688 1417 1714 καὶτοῦ
1447 1689 1571 1716 διαϐόλου
1599 1693 1830 1728 κατηγορούμενος.

1056 1730 1180 1764 φαίνεταί
1195 1740 1227 1766 γε
1243 1731 1296 1768 μὴν
1314 1734 1358 1759 ἐπ’
1377 1733 1496 1768 εὐλόγοις
1516 1735 1596 1762 τοῦτο
1612 1737 1711 1764 παθὼν
1729 1739 1830 1769 αἰτίαις⁸

1055 1776 1149 1809 ἕψεται
1163 1777 1216 1814 γὰρ
1233 1778 1284 1804 οὐκ
1294 1779 1394 1810 ἀδίκως
1407 1781 1462 1811 τοῖς
1476 1781 1508 1807 ἐκ
1520 1781 1658 1816 ῥᾳθυμίας
1673 1784 1830 1819 ήμαρτηκέςι

1054 1822 1084 1848 τὸ
1095 1823 1259 1855 κολάζεσθαι
1269 1824 1335 1852 δεῖν.
1348 1825 1376 1851 '0
1386 1825 1413 1851 δὲ
1427 1825 1553 1862 δεύτερος
1566 1827 1665 1863 ’Λδὰμ,
1679 1830 1751 1856 τοῦτ’
1761 1830 1828 1858 ἔστι-ι,

1053 1868 1067 1894 ὁ
1077 1869 1177 1904 Κύριος
1192 1870 1270 1905 ἡμῶν
1287 1871 1391 1906 Ἰησοῦς
1404 1872 1418 1898 ὀ
1429 1873 1556 1906 Χριστὸς,
1576 1874 1620 1900 ἐπ’
1634 1875 1725 1902 οὐδενὶ
1737 1876 1766 1902 τὸ
1775 1875 1829 1909 σύμ·

1053 1923 1108 1941 παν
1129 1916 1341 1951 κατηγορεῖσθαι
1365 1917 1534 1952 δυνάμενος·
1559 1929 1568 1945 ι
1584 1920 1621 1946 Οὐ
1644 1921 1702 1957 γὰρ
1720 1922 1829 1956 ἐποίησεν

1053 1961 1200 1996 ἁμαρτίαν,
1216 1962 1277 1989 οὐδὲ
1291 1962 1389 1998 εὑρέθη
1405 1963 1481 1995 δόλος
1494 1964 1571 2000 ἐντῷ
1585 1965 1704 2000 στόματι
1727 1967 1825 1996 αὐτοί.»

1051 2007 1082 2034 τὺ
1099 2008 1169 2044 ὑπὲρ
1186 2008 1266 2043 ἡμῶν
1284 2009 1387 2044 ὑπέστη
1407 2009 1508 2043 πάθος,
1534 2011 1698 2045 ἀνυπαιτιος
1718 2014 1765 2048 μιν
1788 2014 1827 2038 ὑπ-

1054 2053 1146 2088 άρχων
1160 2053 1194 2080 δι1
1207 2054 1304 2080 ἑαυτὸν
1319 2054 1468 2087 παντελῶς,
1480 2056 1638 2092 ἀντίλυτρον
1651 2058 1682 2084 δὲ
1694 2059 1742 2093 τῆς
1755 2058 1826 2085 ἀπάν-

1050 2105 1104 2124 των
1121 2096 1193 2132 ζωῆς
1207 2098 1302 2124 ἑαυτὸν
1316 2098 1355 2133 τῷ
1370 2099 1457 2134 Πατρὶ
1474 2101 1716 2136 προσκεκομικὼς,
1732 2103 1825 2135 ἐπειδή-

1050 2150 1104 2178 περ
1123 2143 1219 2178 ἀγαπᾷ
1237 2143 1282 2169 τὸν
1300 2143 1409 2179 Πατέρα
1429 2144 1478 2180 τὴν
1500 2145 1548 2173 τοῦ
1567 2147 1671 2182 κόσμου
1692 2148 1825 2184 adnisam:

1051 2187 1198 2222 σωτηρίαν.
1224 2187 1277 2214 Τοῦ
1291 2188 1320 2214 δὲ
1333 2189 1496 2222 ἀγαπῶντος
1522 2190 1568 2217 τὸν
1585 2191 1715 2228 Πατέρα,
1732 2194 1824 2223 πάντως

1049 2231 1134 2267 δήπου
1148 2233 1195 2260 καὶ
1209 2233 1289 2268 ἔργον
1299 2231 1333 2269 ἦν
1343 2233 1373 2260 τὸ
1387 2234 1481 2261 δοκοῦν
1491 2236 1576 2271 αὐτῷ,
1585 2237 1633 2263 καὶ
1645 2238 1675 2264 ὲν
1685 2240 1741 2269 τοῖς
1753 2240 1823 2271 ἀνιτ-

1013 2272 1036 2301 D
1051 2278 1137 2310 καίοις
1152 2278 1340 2314 λελογισμένον
1350 2298 1357 2312 ,
1386 2281 1423 2315 μὴ
1439 2282 1503 2317 παρ’
1524 2282 1602 2308 οὐδὲν
1619 2284 1746 2318 ἡγεῖσθαι
1768 2284 1823 2318 μῖλ-

1050 2322 1104 2352 λον,
1134 2323 1202 2350 ἀλλὰ
1230 2325 1269 2356 εἰς
1284 2325 1370 2360 πέρας
1383 2325 1460 2359 ἄγειν
1477 2327 1646 2361 ἐπείγεσθαι.
1669 2330 1704 2356 Τί
1718 2330 1744 2356 δὲ
1759 2329 1822 2356 τοῦτ’)

1047 2365 1098 2402 ἧν;
1127 2367 1256 2404 Ἦοέλησε
1280 2369 1326 2395 τὸν
1342 2369 1406 2396 ῖδιον
1420 2371 1501 2402 Υίὸν,
1527 2372 1617 2399 καίτοι
1634 2373 1789 2409 σύμμορῷν
1799 2381 1821 2399 τε

1047 2412 1116 2446 ἔχων
1133 2413 1213 2439 αὑτὸν
1223 2434 1230 2445 ,
1244 2414 1292 2439 καὶ
1308 2415 1340 2449 τῇ
1357 2415 1426 2441 κατὰ
1442 2417 1497 2442 πᾶν
1514 2417 1617 2452 ἰσότητι
1633 2418 1778 2454 διαπρεπῆ.
1791 2420 1821 2447 εἰς

1046 2457 1179 2492 τοσαύτην
1200 2458 1351 2493 καταϐῆναι
1372 2460 1536 2488 ταπείνωσιν
1562 2462 1600 2494 ὡς
1624 2464 1673 2490 καὶ
1693 2464 1819 2499 ἄνθρωπον

1044 2500 1172 2533 γενέσθαι
1191 2501 1224 2527 δι’
1238 2502 1326 2536 ἡμᾶς,
1347 2504 1395 2529 καὶ
1407 2504 1453 2530 τὸν
1468 2505 1537 2541 ὑπὲρ
1551 2506 1605 2532 τῶν
1621 2507 1748 2534 ἁπάντων
1761 2508 1819 2540 ζωῆς

1044 2548 1081 2581 μὴ
1095 2547 1257 2582 ἐρυθριᾶσαι
1272 2547 1398 2576 θάνατον.
1407 2550 1493 2577 Τοῦτο
1507 2551 1648 2588 πέπρακεν
1661 2553 1753 2586 ὁΥἱδς,
1764 2554 1819 2586 ἀγα-

1042 2592 1101 2618 πῶν
1118 2593 1163 2619 τὸν
1178 2593 1345 2629 Γεννήτορα,
1368 2595 1414 2622 τὸν
1439 2594 1597 2625 ἐντετάλθαι
1615 2598 1770 2634 λεγόμενον,
1788 2598 1818 2627 ὡς

1042 2635 1095 2671 ἰδίᾳ
1110 2636 1225 2672 δυνάμει
1240 2639 1379 2673 νεκρῶσαι
1397 2636 1446 2675 μὲν
1466 2641 1504 2676 τῷ
1517 2643 1566 2677 τῆς
1578 2644 1679 2678 σαρκὸς
1695 2644 1770 2671 πάθει
1781 2644 1817 2669 τὸν

1039 2681 1168 2715 θάνατον,
1187 2683 1217 2710 τὺ
1233 2684 1263 2712 δὲ
1277 2685 1326 2720 τῆς
1350 2683 1454 2722 φθορᾶς
1469 2684 1618 2716 καταλῦσαι
1634 2690 1744 2725 κράτος,
1762 2690 1816 2722 ζωο-

1043 2727 1154 2763 ποιῆσαί
1168 2737 1197 2755 τε
1217 2730 1280 2762 τοὺς
1303 2732 1543 2768 κατεφθαρμένους
1555 2755 1561 2766 ,
1585 2735 1632 2762 καὶ
1648 2736 1698 2771 τὴν
1715 2735 1814 2771 ἀρχαίαν

1041 2771 1132 2803 αὐτοῖς
1149 2771 1228 2806 αὖθις
1240 2775 1391 2803 ἀνανεῶσάι
1406 2771 1494 2809 δόξαν.
1513 2779 1561 2806 Διὰ
1583 2779 1663 2807 τοῦτό
1683 2789 1770 2816 φησιν,
1782 2781 1813 2806 aa

1040 2817 1136 2850 Στενὸς
1157 2819 1206 2855 μὲν
1221 2821 1235 2847 ὁ
1248 2821 1302 2848 τῶν
1314 2822 1401 2856 λόγων
1416 2823 1511 2860 καιρὸς
1522 2825 1695 2862 -ιείσελαύνει
1708 2826 1759 2861 γὰρ
1772 2826 1813 2860 ῆέιι
