1896 3034
57 187 107 215 329

580 185 612 212 IN
627 185 768 214 .IOANNIS
788 184 1009 212 EVANGELIUM
1031 185 1093 212 LIB.
1109 185 1141 213 Χ.

1617 185 1669 213 530

58 246 88 272 τὸ
101 244 198 277 πάθος,
230 245 275 271 καὶ
297 245 326 271 τὸ
342 244 395 271 τῶν
419 244 551 271 Ἰουδαίων
570 245 612 270 ἐπ’
634 245 695 280 ἐμοὶ
711 244 835 279 λογισθὲν

899 244 923 270 ιι)
935 244 1008 271 istud
1019 246 1089 271 veni.
1110 243 1302 271 Verumtamen
1318 253 1326 270 ι
1345 243 1417 271 venit
1433 244 1562 278 princeps
1576 247 1670 274 mutuli

57 289 189 325 ἀνεκαύθη
204 289 339 325 τόλμημα.
370 290 503 324 Πείσομαι
528 290 581 324 γὰρ
599 290 749 326 ἐθελοντὴς,
763 290 837 316 ἐπεί-

59 345 109 372 περ
125 337 243 371 ἀφῖγμαι
256 336 299 362 διὰ
311 335 400 363 τοῦτο.
421 336 493 370 Πλὴν
506 345 514 360 ι
526 336 634 371 ἔρχεται
647 337 661 362 ὁ
674 336 720 362 τοῦ
736 336 838 371 κόσμου

58 382 160 417 ἄρχων,
182 381 229 407 καὶ
251 382 280 408 ὲν
297 381 358 416 ἐμοὶ
379 381 428 407 οὐκ
448 381 503 415 ἔχει
523 381 614 407 οὐδέν·
632 391 641 407 ι
663 381 735 408 τοῦτ’
754 382 838 414 ἐστιν,

59 429 111 462 Οὐχ
128 427 267 462 ἁλώσομαι
285 426 541 461 πεπλημμεληκὼς,
556 426 613 454 ἀλλ’
629 427 689 454 οὐδὲ
705 427 839 463 πρόφασις

59 473 130 499 ἔσται
143 474 199 504 τοῖς
220 472 355 503 Ἰουδαίοις
373 473 422 507 τῆς
436 473 476 504 εἰς
490 473 540 507 ἐμὲ
556 472 697 508 παροινίας
711 472 819 507 εὔλογος
832 481 838 487 ·

58 518 132 544 οὐδὲν
145 518 173 544 ὲν
192 517 254 552 ἐμοὶ
275 516 329 543 τῶν
345 517 416 543 ἰδίων
438 519 451 544 ό
474 518 596 550 διάϐολος
619 518 684 553 ἔχει.
703 519 771 546 Ἴδια
787 519 840 554 γὰρ

58 564 148 599 ὥσπερ
162 564 268 590 ἐκείνου
285 563 318 590 τὰ
333 563 433 598 φαῦλα,
447 565 494 591 καὶ
507 565 557 598 τῆς
574 565 710 600 ἁμαρτίας
730 567 745 600 ἡ
762 565 841 600 γένε-

59 619 100 642 σις
114 611 217 636 ἐκεῖνον
235 607 304 635 οἶδεν
327 609 424 644 ἀρχήν.
446 609 506 636 Ὀτι
520 609 547 636 δὲ
563 609 665 645 ἀληθὴς
687 609 733 636 τοῦ
751 610 840 645 Σωτῆ-

60 663 104 690 ρος
116 656 129 681 ὁ
147 650 243 689 λόγος,
271 654 387 689 μάλιστα
412 655 460 689 μὲν
475 654 522 681 καὶ
537 654 567 686 ἐξ
581 655 667 689 αὐτῆς
682 655 783 681 κατίδοι
799 663 841 686 τις

59 701 91 728 ἂν
104 701 152 735 τῆς
174 700 344 732 ἀκολουθίας.
371 700 433 732 Πῶς
451 701 504 735 γὰρ
516 700 670 736 ἐξήμαρτεν
683 702 697 727 ὁ
713 702 749 736 μὴ
765 701 841 732 εἰδὼς

58 747 208 782 ἁμαρτίαν,
232 747 246 772 6
261 746 338 780 φύσει
360 746 407 772 καὶ
422 746 534 782 ἀληθείᾳ
551 747 632 779 Θεὸς,
649 747 774 782 ὁτροπῆς
792 748 841 782 τῆς

57 792 102 818 ἐπί
111 801 135 817 τι
145 791 198 818 τῶν
211 792 261 818 οὐκ
273 791 388 826 ἐχόντων
399 791 487 826 ὀρθῶς
499 791 673 824 ἁνεπίδεκτος
687 791 839 824 παντελῶς;

57 838 111 872 Οὐχ
125 839 227 873 ἥκιστα
245 837 272 864 δὲ
290 838 336 864 καί¹
348 837 382 863 δι’
391 838 480 864 αὐτῶν
489 838 610 872 ὀψόμεθα
622 838 701 864 τοῦτο
714 838 768 864 τῶν
778 838 842 864 ἁνα-

57 883 257 918 γεγραμμὲνων
274 885 302 909 ἐν
326 885 381 913 τοῖς
398 884 484 918 ἁγίοις
506 884 720 918 εὐαγγελιισταῖς.
747 885 774 911 Ὀ
792 885 841 920 μὲν

891 290 983 324 hujus,
999 295 1024 316 et
1039 290 1066 316 in
1092 298 1135 316 me
1157 297 1211 316 non
1238 290 1317 317 habet
1334 290 1496 324 quidquam,
1518 300 1527 315 ι
1554 292 1604 318 hoc
1618 297 1670 326 est,

890 343 943 362 non
964 335 1113 362 convincar
1130 336 1246 370 peccati,
1264 343 1354 370 neque
1372 344 1454 371 porro
1466 336 1553 364 Iudici
1570 346 1626 365 sua:
1644 339 1671 366 in

891 388 932 407 me
951 381 1110 415 petulantiae
1120 386 1147 408 et
1162 381 1451 416 immanitatisjustam
1465 382 1548 408 ullam
1562 390 1672 410 causam

891 423 1016 451 habituri
1031 429 1111 456 sunt,
1127 424 1196 451 nihil
1211 425 1238 452 in
1254 433 1297 452 me
1314 426 1366 453 sibi
1387 426 1512 453 vindicat
1536 427 1671 455 diabolus.

891 468 1004 504 Propria
1032 470 1133 505 quippe
1149 470 1209 506 ejus
1229 475 1294 498 sunt
1313 471 1395 504 mala,
1424 476 1451 500 et
1475 473 1578 508 p‘eccati
1598 474 1673 509 origo

891 516 1043 550 principem
1058 521 1085 544 et
1099 521 1240 544 auctorem
1257 524 1320 545 eum
1339 518 1475 554 agnoscit.
1492 518 1569 552 Quod
1582 523 1672 546 autem

891 569 973 589 verus
990 562 1025 589 sit
1041 562 1086 589 ille
1101 570 1193 590 sermo
1207 563 1371 595 Salvatoris.
1383 572 1415 592 ex
1430 564 1490 599 ipso
1503 566 1672 599 potissimum

889 608 985 635 ordine
1001 613 1028 636 et
1046 609 1117 636 serie
1147 609 1293 637 verborum
1319 610 1384 638 licet
1414 617 1573 646 agnoscere.
1600 611 1673 644 Quo-

892 654 973 681 modo
988 654 1061 682 enim
1077 655 1200 689 peccavit
1219 655 1266 689 qui
1279 659 1421 690 peccatum
1446 663 1503 684 non
1520 657 1614 693 novit,
1629 658 1674 684 ille

892 705 991 728 natura
1004 707 1030 729 et
1048 702 1164 729 veritate
1182 701 1263 734 Deus.
1287 702 1388 737 quique
1411 703 1479 730 nihil
1497 704 1523 730 in
1556 712 1585 732 se
1599 706 1673 740 pravi

892 748 1034 782 suscipere
1054 755 1174 782 unquam
1187 748 1297 783 possit?
1310 748 1402 784 Neque
1415 758 1479 776 vero
1496 750 1587 778 minus
1603 751 1628 778 id
1642 759 1673 778 cx

893 794 961 828 ipsis
974 798 1132 821 sanctorum
1146 794 1376 829 evangelistarum
1388 796 1498 831 scriptis
1511 797 1674 825 videbimus.

893 838 1123 874 Sapientissimus
1152 840 1253 874 quippe
1278 839 1402 869 Joannes
1425 840 1542 869 Pilatum
1568 843 1676 870 induxit

892 886 1028 913 dit-entem
1042 895 1047 912 :
1067 894 1076 912 ι
1096 885 1151 921 Ego
1165 886 1266 913 nullam
1280 886 1388 914 invenio
1401 887 1426 914 in
1439 895 1471 915 eo
1486 895 1598 916 causam
1608 889 1648 922 7';
1665 899 1673 914 ι

57 930 111 965 γὰρ
134 929 289 964 σοφώτατος
315 930 440 965 Ἰωάννης
464 930 510 956 τὸν
532 931 648 957 Πιλᾶτον
668 931 841 966 εἰσκεκόμικε

899 937 920 960 et
935 939 1043 964 rursus,
1062 931 1157 966 spinea
1178 939 1280 959 corona
1306 933 1433 968 imposita
1457 933 1621 961 clamantem
1645 942 1676 961 ac

56 977 184 1010 λέγοντα·
200 986 209 1001 ι
222 975 292 1010 Ἐγὼ
306 976 434 1010 οὐδεμίαν
449 977 537 1003 αἰτίαν
554 977 673 1012 εὑρίσκω
687 977 716 1002 ὲν
725 976 815 1012 αὐτῷ·
831 987 839 1002 ι

58 1022 105 1048 καὶ
120 1022 201 1048 πάλιν
227 1022 295 1057 μετὰ
311 1022 341 1048 τὸ
355 1021 489 1048 ἐπιθεῖναι
506 1022 635 1057 στέφανον
654 1023 699 1049 τὸν
715 1022 743 1055 ἐξ
758 1024 842 1049 ἀκαν-

59 1068 128 1100 θῶν,
155 1067 367 1103 προσφωνοῦντα
392 1068 437 1094 καὶ
460 1067 582 1102 λέγοντα·
600 1077 608 1094 ‹
625 1069 677 1095 Ἴδε
692 1069 749 1103 ἄγω
764 1068 843 1095 αὐτὸν

60 1115 124 1149 ὑμῖν
135 1113 197 1147 ἔξω,
212 1114 256 1140 ἵνα
266 1113 361 1148 γνῶτε,
379 1114 422 1140 ὅτε
433 1114 559 1149 οὐδεμίαν
577 1114 666 1141 αἰτίαν
681 1115 800 1148 εὑρίσκω
815 1116 844 1141 ἐν

59 1160 143 1195 αὐτῷ.
160 1170 168 1185 ι
198 1160 228 1186 '0
241 1159 271 1186 δέ
285 1168 316 1194 γε
328 1159 465 1191 Ματθαίος
477 1161 517 1191 εἰς
527 1160 662 1195 τοσαύτην
677 1160 756 1186 αὐτὸν
770 1169 846 1195 μισο-

59 1206 192 1242 πονηρίαν
203 1205 315 1241 ἀφῖχθαί
333 1215 431 1242 φησιν,
445 1207 483 1238 ὡς
502 1206 548 1233 καὶ
565 1207 748 1241 ἀπονίψασθαι
765 1207 846 1234 αὑτὸν

58 1253 115 1283 τοῖς
135 1251 272 1283 Ἰουδαίοις
283 1251 332 1284 τὰς
347 1253 440 1287 χεῖρας
457 1252 503 1279 καὶ
522 1253 608 1278 εἰπεῖν
620 1260 627 1266 ·
646 1262 654 1278 ι
676 1252 776 1284 ’Λθῶός
789 1255 846 1289 εἰμι

58 1301 113 1327 ἀπὸ
124 1299 171 1326 τοῦ
182 1300 296 1335 αἵματος
310 1300 356 1326 τοῦ
371 1300 474 1326 δικαίου
488 1300 591 1327 τούτου.
606 1311 616 1326 ι
641 1301 698 1326 Ἐπ’
716 1301 805 1328 αὐτῶν
819 1301 847 1327 δὲ

58 1346 113 1373 τῶν
144 1346 294 1381 ἀρχιερέων
328 1345 570 1381 εἰσκεκομισμένον
601 1346 666 1380 ἡμῖν
701 1346 845 1378 ἐπιδείξας,

57 1391 129 1418 οὓτω
147 1391 229 1427 φησίν
241 1399 247 1406 ·
264 1401 273 1416 ι
289 1392 320 1418 Ol
333 1392 361 1418 δὲ
373 1392 512 1427 ἀρχιερεῖς
532 1392 576 1418 καί
591 1392 619 1418 τί)
637 1392 774 1427 συνέδριον
788 1392 846 1418 ὅλον

58 1438 173 1473 ἐζήτουν
194 1437 431 1473 ψευδομαρτυρίαν
451 1438 522 1463 κατὰ
545 1437 592 1463 τοῦ
615 1437 732 1472 Χριστοῦ
745 1457 751 1468 ,
775 1438 848 1468 ὅπως

59 1484 140 1510 αὐτὸν
157 1483 335 1510 θανατώσωσι
347 1505 353 1514 ,
371 1484 418 1510 καὶ
436 1483 485 1518 οὺχ
498 1480 590 1518 εὖρον,
615 1482 718 1509 πολλῶν
733 1483 847 1518 προσελ-

59 1531 161 1557 θόντων
182 1529 422 1564 ψευδομαρτύρων.
449 1529 480 1555 Et
497 1529 552 1564 γὰρ
577 1529 624 1555 καὶ
645 1529 678 1555 δι’
698 1529 848 1564 ἀνθρώπων

59 1577 183 1611 ἐζητεῖτο
197 1575 232 1602 τὰ
247 1575 307 1602 κατ’
320 1575 410 1606 αὑτὸν,
428 1575 485 1601 ἀλλ’
500 1574 536 1606 ὡς
548 1575 674 1610 ὀργάνοις
688 1575 735 1601 καὶ
750 1575 849 1609 ὑπουρ-
863 1599 883 1626 C

59 1623 118 1656 γοίς
132 1621 184 1656 τῆς
198 1620 311 1655 ἐνούσης
331 1620 406 1656 αὐτῷ
425 1620 588 1656 δυστροπίας
612 1620 712 1655 εχρῆτο
730 1620 744 1645 ὁ
761 1619 849 1646 διάϐο-

58 1668 115 1699 λος.
129 1668 177 1694 καὶ
191 1666 273 1698 αὐτὸς
290 1664 325 1701 ἦν
340 1666 453 1701 μᾶλλον,
476 1666 547 1701 ἥπερ
563 1665 657 1700 ἕτερός
675 1674 716 1696 τις
730 1666 744 1691 6
760 1665 850 1700 εὑρεῖν

59 1716 89 1741 ὲν
101 1713 178 1748 αὺτῷ
192 1713 282 1748 ζητῶν
293 1712 492 1747 πλημμέλημα.
509 1711 613 1738 Οὐκοῦν
623 1710 731 1746 ἀληθὲς,
742 1712 783 1738 ὅτι
799 1711 851 1737 τῶν

61 1760 136 1787 ἰδίων
148 1759 224 1786 οὐδὲν
241 1757 313 1794 εἶχεν
327 1760 341 1785 6
355 1758 476 1790 διάϐολος
494 1759 522 1784 ὲν
538 1757 621 1792 αὐτῷ,
635 1757 663 1784 ὃν
674 1758 721 1784 καὶ
736 1758 853 1793 ἄρχοντα

58 1805 107 1832 τοῦ
125 1805 231 1840 κόσμου
245 1804 314 1840 πρὸς
336 1806 366 1830 τδ
383 1803 468 1838 παρὸν
488 1803 628 1838 ὠνόμασεν
640 1822 647 1834 ,
671 1803 719 1838 οὺχ
735 1803 773 1833 ὼς
789 1803 854 1837 ἀλη-

59 1851 117 1883 θῶς
130 1850 196 1877 ὄντα
208 1850 355 1885 δεσπότην,
377 1849 435 1876 ἀλλ’
448 1849 542 1884 ῶσπερ
554 1848 615 1875 τινὰ
633 1848 687 1876 τῶν
706 1849 853 1882 ἀλιτηρίων

59 1896 211 1932 βαρϐάρων
235 1895 394 1929 πλεονεξίας
413 1895 489 1931 νόμῳ
518 1895 693 1930 κρατήσαντα
715 1894 768 1920 τῶν
795 1894 853 1920 κατ’

58 1943 160 1970 οὐδένα
180 1941 281 1978 τρόπον
304 1941 497 1976 προσηκόντων
510 1940 593 1975 αὐτῷ.
624 1939 683 1974 Ὑφ’
701 1939 789 1974 ἑαυτῷ
801 1939 854 1974 γὰρ

59 1988 213 2023 ἐποιήσατο
229 1987 274 2014 διὰ
286 1987 336 2022 τῆς
349 1986 487 2021 ἁμαρτίας
502 1985 546 2012 τὸν
564 1985 721 2020 ἄνθρωπον,
743 1985 789 2011 καὶ
803 1984 854 2011 ὦσ-

61 2044 117 2070 περ
157 2033 220 2061 τινὰ
247 2033 364 2068 ποίμνην
388 2031 600 2066 ἀνεπιστάτητον
631 2031 852 2066 ἀποδουκολήσας

59 2080 133 2106 εὶεοῦ
147 2100 155 2113 ,
184 2079 238 2105 τῶν
251 2078 398 2114 ἀλλοτρίων
421 2078 541 2113 ἐκράτει.
573 2077 717 2112 Τοιγάρτοι
743 2076 852 2111 καὶτῆς

59 2125 137 2153 οὕτω
157 2124 333 2160 πορισθείσης
348 2124 434 2160 ἀρχῆς
446 2123 556 2154 δικαίως
571 2123 744 2158 ὲκὸἐῦληται.
766 2123 853 2149 856a-

60 2171 178 2198 σίλευκε
199 2171 252 2206 γὰρ
270 2170 312 2205 ἐφ’
326 2171 398 2206 ἡμᾶς
415 2171 429 2196 ό
448 2170 573 2205 Χριστός.
597 2169 642 2196 Διό
662 2178 727 2204 φησι
739 2178 746 2185 ·
775 2178 784 2194 ι
798 2170 854 2197 Νῦν

60 2219 75 2244 ὸ
105 2215 272 2252 ἄρχοιγωῦ
295 2215 398 2250 κόσμου
427 2215 522 2241 τούτου
557 2214 753 2249 ὲκῦληθήσεται
787 2215 854 2248 ἔξω,

61 2267 74 2292 ὲ
79 2263 198 2300 μαυτόν.

107 2310 275 2344 Ἐγείρεσθε
284 2330 292 2341 ,
312 2309 428 2342 ἄγωμεν
442 2308 591 2335 ἐντεῦθεν.

106 2357 138 2383 '0
165 2357 214 2390 μὲν
235 2356 323 2386 κοινὸς
344 2357 400 2387 τοῖς
421 2354 525 2386 πολλοῖς
544 2355 592 2381 καί⁸
617 2355 795 2389 τετριμμένος
811 2354 858 2380 τοῦ

62 2402 253 2438 προκειμένου
267 2401 346 2436 λόγος
359 2402 448 2427 ὲκεῖνο
463 2400 553 2427 δίδωσι
566 2401 635 2426 νοεῖν
645 2420 652 2432 ,
669 2400 706 2432 ὡς
719 2399 832 2434 ἐπείπερ
846 2400 860 2426 6

61 2450 117 2484 τῆς
141 2448 278 2475 Ἰουδαίων
294 2447 421 2478 ἀπονοίας
434 2447 575 2478 εἰσελάσας
587 2446 638 2482 ἥδη
652 2446 746 2482 καιρὸς
765 2454 858 2481 μονον-

62 2495 131 2529 ουχὶ
162 2494 306 2528 πεπηγότα
324 2493 416 2519 λοιπὸν
435 2492 480 2518 τὸν
494 2492 582 2526 τίμιον
601 2491 648 2518 τοῦ
663 2491 786 2526 Σωτῆρος
801 2492 860 2518 ὲπι-

62 2540 191 2567 δεικνύει
206 2539 330 2574 σταυρὸν,
339 2540 377 2570 εἰς
388 2538 506 2569 ἐκείνους
518 2538 679 2573 ἀποτρέχειν
687 2538 748 2568 τοὺς
761 2537 860 2568 τόπους

63 2587 139 2621 ὁμοῦ
156 2587 213 2618 τοῖς
221 2578 309 2619 άγίοις
325 2585 457 2620 μαθηταῖς
471 2584 601 2618 ἠπείγετο
610 2603 617 2614 ,
628 2584 656 2610 ὲν
669 2582 765 2619 οἷσπερ
781 2583 861 2610 αὑτὸν

65 2634 83 2668 ἠ
100 2633 161 2659 τῶν
176 2632 322 2667 ὑπηρετῶν
345 2631 505 2658 συνελάὸετο
527 2630 644 2666 εὑροῦσα
672 2631 781 2667 σπεῖρα.
806 2630 862 2657 Καὶ

65 2679 189 2710 πιθανὸς
207 2678 256 2713 μὲν
269 2679 283 2704 6
295 2677 356 2709 νοῦς
370 2686 377 2692 ·
403 2677 472 2712 πλὴν
494 2676 566 2708 εἰκός
584 2685 612 2702 τε
632 2677 680 2702 καὶ
694 2676 786 2711 ἕτερον
802 2675 862 2702 ἐθέ-

64 2725 127 2751 λειν
153 2722 303 2758 ὑπώηλοῦν
330 2721 511 2757 πνευματικὸν
529 2721 650 2756 δηλονότι
670 2721 717 2747 καὶ
741 2729 864 2756 κεκρυμ-

67 2771 166 2806 μένον.
187 2769 245 2804 Τὴν
260 2769 315 2803 γὰρ
329 2767 357 2800 ὲξ
368 2768 460 2803 ἑτέρου
472 2767 544 2798 τινὸς
557 2767 622 2802 πρὸς
637 2766 729 2802 ἕτερόν
741 2775 767 2792 τι
783 2765 866 2801 μετά-

65 2825 170 2844 στασιν
183 2815 233 2843 καὶ
246 2815 296 2849 τὴν
308 2815 340 2840 ἐκ
355 2813 409 2839 τῶν
423 2812 551 2847 γειρόνων
567 2813 605 2844 εἰς
619 2812 648 2838 τὸ
665 2811 774 2846 ἄμεινον
793 2812 847 2838 ἀπο
860 2826 862 2830 ι

894 977 1049 1005 dicentem:
1069 987 1078 1003 ‹
1111 978 1182 1005 Ecce
1205 978 1314 1006 adduco
1337 978 1416 1007 vobis
1441 987 1502 1006 cum
1529 980 1622 1008 foras:
1645 974 1677 1008 ut

894 1024 1067 1059 cognoscatis
1080 1024 1143 1058 quia
1156 1024 1259 1052 nullam
1276 1024 1386 1052 invenio
1401 1026 1428 1052 in
1449 1033 1481 1053 eo
1497 1033 1607 1054 causam
1616 1027 1650 1053 ⁷³.
1666 1037 1674 1053 ι

895 1070 1040 1097 Mattheus
1072 1077 1138 1097 vero
1168 1069 1325 1098 Iudaeorum
1356 1071 1510 1106 nequitiam
1539 1077 1678 1107 tantopere

895 1115 1072 1143 abhorruisse
1081 1116 1157 1143 illum
1171 1116 1278 1148 scribit,
1290 1120 1319 1142 ut
1330 1120 1357 1143 et
1368 1124 1461 1143 coram
1471 1116 1572 1144 Judaeis
1582 1125 1678 1146 manus

894 1161 976 1196 855
1004 1161 1133 1195 abluerit,
1150 1169 1181 1188 ac
1199 1161 1318 1188 dixerit:
1337 1170 1346 1187 ι
1366 1161 1501 1189 Innocens
1512 1170 1566 1198 ego
1585 1171 1646 1190 sum
1665 1171 1678 1190 a

896 1207 1032 1242 sanguine
1045 1207 1114 1242 justi
1135 1207 1219 1242 hujus
1229 1206 1262 1232 ⁷⁵.
1283 1217 1292 1233 ι
1309 1207 1349 1234 Ad
1370 1207 1444 1242 ipsos
1461 1212 1551 1234 autem
1567 1209 1679 1243 pontiﬁ-

897 1261 942 1282 ces
960 1254 1111 1282 adductum
1127 1261 1188 1281 eum
1206 1253 1367 1287 ostendens,
1383 1254 1423 1281 sic
1442 1254 1558 1281 scribit:
1575 1265 1583 1280 ι
1602 1254 1679 1282 Ρι-ἱιι-

897 1300 972 1335 cipes
987 1304 1078 1328 autem
1099 1299 1271 1327 sacerdotum
1290 1303 1317 1327 et
1336 1307 1416 1326 omne
1438 1300 1586 1327 concilium
1607 1309 1680 1336 qua:-

898 1347 995 1374 rebant
1023 1346 1121 1374 falsum
1141 1345 1329 1373 testimonium
1347 1350 1444 1373 contra
1462 1346 1602 1374 Christum
1614 1369 1621 1380 ,
1651 1353 1681 1374 ut

898 1400 959 1419 eum
974 1392 1053 1419 morti
1066 1392 1217 1424 traderent,
1229 1395 1255 1419 et
1269 1399 1324 1418 non
1340 1392 1513 1424 invenerunt,
1526 1400 1588 1420 cum
1604 1393 1680 1420 multi

899 1438 958 1465 falsi
986 1441 1070 1465 testes
1095 1437 1280 1464 accessissent
1291 1437 1325 1462 ⁷³⁵.
1357 1446 1366 1463 ι
1388 1437 1509 1465 Tametsi
1533 1437 1605 1465 enim
1635 1446 1682 1472 per

899 1483 1024 1510 homines
1047 1483 1106 1517 ejus
1134 1483 1266 1518 perdendi
1292 1491 1382 1510 causa
1409 1484 1623 1518 quaerebantur,
1650 1484 1682 1512 iis

899 1532 990 1555 tamen
1023 1533 1154 1563 tanquam
1190 1527 1383 1555 instrumentis
1409 1535 1440 1555 ac
1464 1529 1598 1556 ministris
1627 1537 1684 1557 suae

901 1574 1082 1609 malignitatis
1097 1574 1222 1601 diabolus
1235 1574 1374 1606 utebatur,
1395 1579 1420 1601 et
1437 1574 1495 1609 ipse
1515 1578 1575 1601 erat
1593 1575 1684 1609 potius

900 1628 981 1656 quam
999 1620 1068 1647 alius
1086 1620 1133 1654 qui
1151 1623 1292 1654 peccatum
1312 1620 1338 1646 in
1354 1627 1386 1647 eo
1405 1621 1557 1654 quaerebat.
1585 1619 1684 1647 Verum

899 1671 941 1694 est
970 1667 1054 1701 igitur
1077 1665 1146 1692 nihil
1163 1666 1190 1692 in
1218 1665 1330 1692 eo/sihi
1360 1666 1515 1694 vindicasse
1534 1666 1684 1700 diabolum,

899 1721 979 1749 quem
992 1713 1084 1740 mundi
1096 1713 1247 1747 principem
1260 1713 1340 1740 etiam
1352 1713 1510 1747 iinpraasens
1523 1712 1684 1745 nominavit,

901 1767 955 1787 non
970 1759 1051 1795 quasi
1065 1767 1129 1786 vere
1144 1760 1178 1786 sit
1195 1759 1268 1787 illius
1285 1758 1426 1790 dominus,
1448 1759 1495 1786 sed
1516 1759 1562 1794 qui
1583 1759 1686 1786 efferati

903 1806 1013 1833 barbari
1027 1805 1172 1840 cujusdam
1189 1806 1277 1832 instar
1292 1805 1447 1840 tyrannidis
1462 1805 1520 1840 lege
1533 1813 1594 1840 quae
1607 1805 1640 1832 ad
1657 1813 1687 1833 se

903 1852 978 1879 nullo
994 1851 1075 1878 modo
1088 1851 1228 1886 pertinent
1251 1851 1393 1878 invaserit.
1412 1850 1556 1878 Hominem
1587 1851 1686 1886 quippe

903 1904 960 1924 suae
973 1896 1089 1923 ditiOnis
1105 1895 1171 1922 fecit
1186 1903 1235 1930 per
1254 1901 1407 1930 peccatum,
1427 1899 1453 1922 ct
1477 1902 1585 1930 gregem
1602 1895 1687 1922 veluti

903 1943 1047 1979 quemdam
1063 1947 1174 1977 pastore
1185 1942 1346 1969 destitutum
1362 1942 1457 1976 procul
1470 1948 1484 1968 a
1497 1941 1552 1969 Deo
1564 1942 1688 1976 abigens,

904 1989 994 2016 aliena
1011 1988 1122 2015 invasit.
1146 1987 1320 2022 Proindeque
1349 1987 1506 2022 principatu
1538 1986 1589 2013 hoc
1607 1986 1688 2013 modo

905 2037 1038 2067 occupato
1062 2031 1124 2066 jure
1140 2031 1252 2058 excidit.
1272 2032 1406 2066 Regnavit
1425 2031 1498 2058 enim
1533 2038 1615 2066 super
1639 2037 1689 2058 nos

906 2078 1044 2106 Christus.
1058 2077 1162 2104 Idcirco
1177 2077 1214 2104 ait
1227 2087 1232 2104 :
1248 2086 1257 2102 ι
1273 2076 1349 2104 Nunc
1363 2077 1490 2112 princeps
1501 2076 1584 2111 hujus
1597 2075 1690 2103 mundi

906 2125 1034 2160 ejicietur
1049 2123 1121 2151 foras
1135 2133 1142 2157 ;
1157 2129 1183 2151 et
1206 2131 1258 2159 ego
1275 2123 1298 2151 si
1323 2123 1461 2150 exaltatus
1482 2122 1558 2150 l'uero
1574 2129 1588 2148 a
1607 2127 1689 2154 terra,

907 2171 998 2199 omnia
1013 2171 1116 2198 traham
1134 2169 1167 2196 ad
1180 2170 1312 2204 meipsum
1326 2168 1359 2195 ⁷⁸.
1381 2178 1389 2193 ι

876 2217 951 2251 κάγὼ
974 2216 1020 2243 ἐὰν
1037 2215 1136 2250 ὑψωθῶ
1150 2217 1184 2241 ὲκ
1196 2215 1244 2249 τῆς
1259 2214 1325 2248 γῆς,
1351 2213 1454 2244 πάντας
1487 2213 1592 2239 ἑλκύσω
1626 2210 1692 2246 πρὺς

876 2310 896 2336 ι)
948 2304 1014 2336 XIV,
1028 2305 1070 2332 51.
1087 2303 1200 2338 Surgite,
1214 2310 1304 2329 eamus
1317 2302 1387 2329 hinc.

943 2349 1104 2377 Communis
1129 2349 1199 2383 apud
1219 2348 1321 2375 multos
1351 2350 1378 2374 et
1398 2346 1461 2374 trita
1478 2346 1560 2380 hujus
1577 2347 1629 2374 loci
1646 2356 1693 2375 ex-

909 2396 1008 2431 positio
1023 2399 1075 2427 est,
1093 2394 1236 2424 nimirum,
1253 2394 1318 2428 quia
1337 2392 1445 2420 Judaici
1465 2391 1569 2421 furoris
1586 2397 1693 2428 tempus

908 2443 1038 2475 ingruens
1049 2439 1197 2475 pretiosam
1211 2438 1366 2466 Servatoris
1376 2445 1486 2465 crucem
1497 2439 1692 2473 propemodum

909 2487 1026 2514 detixam
1042 2485 1215 2516 ostendebat,
1241 2483 1346 2511 idcirco
1367 2483 1401 2511 ad
1424 2491 1455 2511 ea
1471 2483 1529 2511 loca
1550 2491 1603 2511 una
1631 2492 1694 2511 cum

909 2533 1015 2560 sanctis
1040 2530 1186 2565 discipulis
1211 2529 1301 2563 ipsum
1330 2528 1508 2560 contendere,
1539 2528 1567 2555 in
1593 2529 1693 2562 quibus

908 2585 970 2605 eum
994 2577 1141 2604 satellitum
1156 2574 1256 2602 cohors
1274 2577 1410 2608 repertum
1425 2574 1641 2608 comprehendit.
1662 2573 1694 2600 tit

910 2625 954 2650 hic
978 2615 1098 2658 quidem'
1116 2628 1214 2648 sensus
1237 2623 1279 2646 est
1302 2619 1475 2646 verisimilis:
1507 2624 1695 2646 verumtamen

911 2670 994 2696 alium
1007 2667 1163 2704 quemdam,
1174 2665 1324 2701 spiritalem
1339 2663 1468 2691 videlicet
1483 2667 1510 2691 et.
1524 2664 1692 2695 abstrusum.

909 2715 988 2750 juvat
1003 2714 1135 2740 indicare.
1149 2711 1325 2738 Mutationem
1341 2709 1443 2744 quippe
1457 2716 1489 2736 ex
1512 2717 1566 2736 uno
1580 2711 1606 2736 in
1622 2709 1697 2736 aliud

913 2767 938 2788 et
955 2767 970 2787 a
989 2760 1080 2794 pravis
1093 2757 1126 2785 ad
1146 2757 1259 2784 meliora
1274 2755 1484 2782 conversionem
1503 2762 1551 2789 per
1567 2755 1656 2790 ipsum
1671 2759 1698 2782 et

915 2815 977 2833 cum
997 2807 1055 2840 ipso
1075 2803 1154 2830 nohis
1179 2802 1306 2828 omnibus
1328 2800 1388 2828 fore
1413 2800 1568 2835 signiﬁcare
1593 2800 1697 2833 volens,

103 2905 127 2921 ⁷¹
148 2904 233 2932 Joan.
252 2909 330 2933 xvut,
343 2901 387 2928 58.
421 2901 443 2916 ⁷³
457 2901 535 2928 Joan.
549 2909 605 2932 χιι,
621 2900 646 2927 4.
680 2901 701 2916 ⁷³
720 2899 815 2927 Matth.
833 2908 841 2926 ι

899 2907 918 2932 ι,
935 2897 979 2924 οι.
1008 2897 1030 2912 ⁷⁵
1044 2894 1138 2922 Matth.
1159 2900 1233 2926 xxvt,
1252 2892 1296 2925 59,
1310 2891 1354 2920 60.
1388 2891 1410 2906 ⁷⁶
1428 2890 1509 2917 Joan.
1525 2898 1574 2922 χιι,
1591 2889 1636 2922 51,
1653 2889 1697 2915 52.

239 2949 375 2982 Parnm.
399 2948 455 2977 Gn.
479 2946 605 2977 LXXIV.

1477 2935 1509 2967 ll
