1896 3034
198 178 246 207 531

717 173 744 200 S.
755 171 891 200 CYRlLLI
906 171 1141 201 ALEXANDRINI
1152 171 1311 202 ARCHIEP.

1776 174 1835 200 53!

200 236 352 263 exclamat:
374 241 384 258 1
403 232 525 267 Surgite,
542 238 637 259 eamus
665 231 740 262 hinc,
760 240 769 256 ›
785 235 814 257 ut
835 230 888 257 tale
906 229 986 265 quid—

1078 231 1161 266 ψὴν,
1183 231 1216 257 δι’
1231 230 1314 258 αὑτοῦ
1330 239 1359 258 τε
1377 230 1423 258 καὶ
1441 231 1489 257 σὺν
1501 231 1575 266 αὺτῷ
1592 231 1675 258 πᾶσιν
1689 232 1756 266 ἡμῖν
1774 232 1840 258 ἰσο-

202 282 274 317 piam
291 279 442 314 intelligere
456 286 490 305 ex
504 277 544 305 rei
559 277 673 305 veritate
691 277 853 308 debeamus,
869 283 884 302 a
900 279 988 303 morte

202 326 311 361 quidem
328 326 361 352 ad
377 325 473 356 vitam,
492 327 518 351 et
532 331 547 350 a
565 323 744 358 corruptione
758 323 791 349 ad
805 322 989 357 incorruptio-

202 379 276 403 nem,
297 379 344 406 pcr
363 370 451 404 ipsum
473 373 501 396 et
532 376 593 395 cum
619 367 691 403 ip'so,
721 368 804 395 siculi
820 367 901 394 modo
916 367 987 398 dixi,

202 417 280 453 quasi
298 417 331 443 ab
351 424 404 442 uno
416 415 477 442 loco
492 415 611 442 transire
626 414 653 441 in
666 414 760 441 alium.
786 413 870 440 Recte
896 413 990 448 itaque

203 463 281 494 illud,
303 471 311 488 ι
328 461 447 497 Sutglte,
462 469 557 488 camus
575 461 650 493 hinc,
663 470 671 486 ι
690 459 790 495 inquit.
807 459 877 492 Quin
896 463 923 486 et
936 459 990 486 alio

203 509 284 537 modo
298 509 332 536 de
348 508 426 535 nobis
443 507 510 543 ipsis
525 507 629 535 dictum
644 506 710 534 illud
725 506 871 541 intelliges.
886 505 990 532 Trans-

202 555 306 582 fcrcndi
331 561 442 581 eramus
462 561 478 581 a
498 553 596 581 mundi
623 560 716 580 amore
752 552 785 579 ad
822 552 989 580 voluntatem

201 601 318 629 faciendi
339 600 424 636 856
438 599 510 635 quod
530 599 585 627 Deo
605 600 737 635 placeret,
754 607 786 626 ac
803 604 936 635 prwtcrca
957 607 990 626 ex

201 647 335 674 servitute
359 646 392 673 ad
424 645 586 681 dignitatem
612 645 782 680 adoptionis,
798 653 832 673 ex
859 648 934 672 terra
957 644 990 672 ad

202 699 348 727 supernam
361 691 512 723 civitatem,
539 699 571 718 ex
601 695 713 727 peccato
727 691 760 718 ad
784 699 843 718 cam
861 699 921 726 qua:
938 698 987 726 per

202 739 282 766 [idem
301 739 328 765 in
343 738 454 765 Christo
475 741 519 764 est
533 737 681 772 justitiam,
708 745 739 764 er
758 737 918 772 impuritate
937 737 991 764 hu-

203 793 284 813 mana
300 784 334 812 ad
349 784 468 820 Spiritus
483 784 706 816 sanctimoniam,
728 792 759 811 ex
774 785 941 811 contumelia
959 784 986 810 in

203 832 329 867 gloriam,
346 839 376 858 ex
393 830 530 865 imperitia
545 830 572 857 in
590 830 749 862 scientiam,
763 838 795 857 ex
815 830 945 858 socordia
961 833 989 857 et

204 877 361 905 inﬁrmitate
384 876 418 903 ad
445 876 574 903 virtutem
593 876 620 902 in
649 875 717 903 bene
741 876 858 911 agendo.
886 875 989 903 Locum

205 924 296 958 itaque
316 923 400 950 veluti
424 922 569 957 quemdam
592 922 695 949 nostris
724 922 840 949 terrenis
868 922 990 957 peccatis

205 975 305 998 terram
328 970 397 997 hanc
425 973 561 1001 statuens,
585 978 593 994 ι
617 967 742 1003 Surgite,
776 968 875 1003 inquit,
895 975 991 996 camus

205 1016 279 1042 hinc.
300 1030 309 1041 ι
336 1014 412 1042 Licet
428 1015 511 1045 enim,
536 1013 626 1048 quoad
647 1013 777 1048 loquendi
802 1014 929 1046 formam,
948 1023 990 1041 se-

206 1063 294 1096 ipsum
307 1061 387 1088 nobis
397 1060 562 1095 conjungere
576 1059 710 1091 videatur,
726 1060 793 1087 nihil
806 1065 896 1087 tamen
910 1061 991 1088 nobis

206 1107 285 1141 plane
304 1106 376 1133 istud
392 1105 489 1135 oberit.
507 1112 568 1131 cum
585 1106 610 1131 id
627 1104 720 1132 facere
735 1105 831 1132 soleat.
848 1104 926 1133 Unde
941 1106 991 1132 ali-

205 1153 268 1180 cubi
287 1151 320 1178 ad
338 1158 403 1178 suos
419 1150 569 1184 discipulos
587 1151 722 1177 dicentem
748 1151 825 1178 illum
848 1152 989 1186 reperies:

208 1207 216 1224 ι
247 1197 288 1225 Me
315 1200 418 1235 oportet
445 1195 554 1229 operari
579 1203 664 1230 opera
688 1196 749 1230 ejus
764 1197 810 1231 qui
834 1197 908 1223 misit
936 1205 990 1229 me,

205 1241 291 1269 donec
316 1241 376 1268 dies
396 1245 446 1267 cst.
460 1239 544 1267 Venit
565 1248 618 1267 nox
631 1260 639 1273 ,
658 1241 774 1276 quando
788 1249 870 1268 nemo
900 1246 991 1276 potest

205 1288 311 1323 operari
322 1288 358 1315 ⁷⁷.
377 1297 386 1314 ι
400 1287 486 1315 Audis
498 1293 526 1315 ut
539 1289 661 1322 seipsum
680 1288 761 1315 nobis
776 1295 894 1324 operum
905 1289 991 1316 conti—

207 1340 258 1362 tem
275 1335 417 1368 adiungat,
429 1335 491 1362 licet
506 1334 610 1362 nostris
621 1335 752 1368 operibus
761 1343 815 1362 non
826 1335 862 1363 sit
879 1336 990 1370 perinde

205 1388 238 1407 ac
264 1387 314 1407 nos
337 1379 496 1406 obnoxius?
514 1380 548 1406 At
569 1379 699 1406 usitatam
730 1379 800 1407 hanc
832 1388 893 1408 esse
918 1381 990 1415 apud

208 1432 257 1453 nos
283 1425 410 1460 loquendi
431 1425 545 1452 formam
562 1425 649 1452 nihilo
663 1426 753 1453 secius
776 1427 988 1460 comperiemus.

207 1471 313 1506 Quippe
337 1471 445 1498 divinus
458 1470 560 1499 Paulus
585 1471 744 1499 Corinthios
760 1472 922 1508 obiurgans,
951 1473 990 1500 ita

207 1517 301 1544 scribit
316 1526 322 1543 :
345 1526 353 1542 ε
376 1516 436 1544 Haec
455 1521 556 1549 autem,
573 1517 681 1549 fratres,
698 1515 892 1552 transﬁgurari
905 1518 932 1545 in
948 1526 991 1547 me

1042 277 1126 312 μένην
1140 277 1331 312 κατασημῆναι
1348 276 1447 309 θέλων,
1461 277 1492 303 τὸ
1503 287 1511 303 t
1533 277 1686 312 Ἐγείρεσθε
1697 298 1704 309 ,
1719 277 1840 312 ἄγωμεν

1040 322 1164 349 ἐντεῦθεν
1177 332 1185 348 i
1205 323 1353 361 sntowvaij
1373 322 1415 350 ἵνα
1430 331 1456 349 τι
1469 322 1600 354 τοιοῦτον,
1620 323 1657 354 ὡς
1671 323 1700 348 ὲν
1716 323 1840 359 ἀληθείᾳ

1040 366 1136 402 νοῆσαι
1148 366 1290 402 μέλλωμεν
1301 388 1308 399 ,
1324 367 1378 394 ἀπὸ
1393 367 1441 403 μὲν
1456 367 1570 394 θανάτου
1586 368 1653 403 πρὸς
1667 368 1755 404 ζωὴν,
1782 370 1840 395 ἀπὸ

1040 413 1068 440 δὲ
1086 413 1188 448 φθορᾶς
1204 414 1244 445 είς
1260 413 1424 449 ἀφθαρσίαν,
1437 414 1469 440 δι’
1484 414 1566 440 αὑτοῦ
1577 423 1606 440 τε
1621 414 1669 440 καὶ
1682 415 1731 441 σὲν
1742 415 1839 450 αὐτῷ,

1041 458 1167 494 καθάπερ
1183 459 1250 494 ἔφην
1263 459 1379 494 ἀρτίως,
1403 459 1441 490 ὡς
1451 460 1504 486 ἀπό
1519 468 1591 491 τινος
1609 460 1694 487 τόπου
1710 469 1842 496 μεταχω-

1041 505 1098 539 ρεῖν
1113 505 1153 536 εἰς
1169 505 1271 540 ἕτερον.
1296 506 1393 537 Καλῶς
1411 503 1458 533 οὖν
1485 506 1538 540 ἄρα
1560 506 1608 537 τὸ,
1631 515 1640 531 t
1663 507 1840 542 Ἑγεῖρεσθε.

1040 549 1151 584 ἄγωμεν
1168 544 1307 583 ἐντεῦθεν,
1328 560 1337 576 ›
1355 549 1447 584 φησίν.
1473 547 1512 576 Ἦ
1529 550 1574 576 καὶ
1588 550 1647 576 καθ’
1665 550 1760 585 ἕτερόν
1777 559 1842 577 τινα

1041 595 1141 630 τρόπον
1151 595 1194 630 ἐφ’
1207 596 1286 631 ήμῶν
1306 596 1394 622 αὐτῶν
1406 596 1511 632 ἐκλήψῃ
1522 600 1552 622 το
1569 596 1725 631 εἰρημένον.
1740 597 1843 630 Ἐμέ).-

1040 642 1122 678 λομεν
1135 643 1186 678 ¹ἤδη
1205 643 1382 678 μεθίστασθαι
1399 644 1430 670 ὲκ
1454 643 1502 670 rei
1525 643 1610 678 φιλεῖν
1628 644 1662 669 τὰ
1683 644 1713 669 ἐν
1727 644 1839 678 κόσμῳ,

1041 691 1149 725 φρονεῖν
1161 691 1199 721 εἰς
1213 691 1242 716 τὸ
1255 690 1363 717 ἑλέσθαι
1379 690 1445 726 δρᾷν
1461 690 1563 717 ἐθέλειν
1579 690 1609 716 τὸ
1622 690 1719 716 δοκοῦν
1732 690 1770 724 τῷ
1777 690 1840 724 Θεῴ

1041 737 1087 763 καὶ
1103 737 1142 763 ἔτι
1160 738 1226 772 πρὸς
1241 738 1327 773 τούτῳ
1341 740 1373 765 ἐκ
1386 738 1509 769 δουλείαις
1526 737 1673 772 ἀναφοιτᾷν
1687 737 1728 768 είς
1740 737 1772 762 τὸ
1788 737 1840 771 τῆς

1040 783 1175 815 υἱοθεσίας
1199 784 1308 819 ἀξίωμα
1319 805 1326 815 ,
1350 784 1404 811 ἀπὸ
1420 785 1470 819 γῆς
1487 784 1526 815 εἰς
1551 784 1600 819 ’τὴν
1614 785 1670 810 ἄνω
1685 784 1765 810 πόλιν
1778 803 1786 813 ,
1810 783 1839 814 ἐξ

1041 829 1177 865 ἁμαρτίας
1190 830 1230 861 είς
1243 829 1417 865 δικαιοσύνην
1438 831 1487 865 τὴν
1506 830 1549 856 διὰ
1563 830 1683 860 πίστεως
1700 829 1729 856 δὲ
1744 830 1839 864 δηλον-

1040 875 1081 902 ότι
1109 876 1158 911 τῆς
1170 877 1198 902 ὲν
1215 876 1338 911 Χριστῷ,
1366 877 1395 908 ἐξ
1411 875 1582 911 ἀκαθαρσίας
1598 877 1648 911 τῆς
1658 875 1837 910 ἀνθρωπίνης

1042 922 1082 953 εἰς
1097 921 1141 947 τὸν
1162 922 1205 948 διὰ
1219 922 1265 948 τοῦ
1281 922 1437 956 Πνεύματος
1451 922 1599 956 ἁγιασμὺν,
1621 921 1650 954 ἐξ
1662 921 1778 956 ἀτιμίας
1798 922 1836 951 εἰς

1042 967 1132 1000 δόξαν,
1151 968 1180 1000 ἐξ
1196 968 1315 1003 ἀμαθίας
1332 969 1372 999 είς
1388 968 1493 994 σύνεσιν
1505 989 1512 1000 ,
1533 968 1587 994 ἀπὸ
1610 968 1646 995 δὲ,
1656 968 1760 999 δειλίας
1789 968 1836 993 aut

1040 1014 1200 1049 ἀνανδρείσις
1227 1015 1266 1046 εἰς
1289 1014 1433 1049 εὐτολμίαν
1460 1013 1508 1048 τὴν
1529 1014 1573 1040 ἐπ’
1597 1013 1721 1047 ἀγαθοῖς.
1747 1014 1835 1040 Τόπον

1040 1058 1086 1087 οὖν
1101 1060 1195 1096 ὣσπερ
1210 1061 1265 1091 τοῖς
1284 1060 1330 1086 ἐπὶ
1350 1060 1402 1094 γῆς
1420 1059 1500 1095 ἡμῶν
1515 1059 1736 1094 πλημμελήμασι
1750 1059 1782 1085 τὺ
1795 1060 1837 1084 iv-

1041 1107 1104 1134 θάδε
1121 1107 1215 1140 τιθεὶς,
1233 1117 1243 1133 ‹
1261 1107 1428 1142 Ἐγείρεσθε,
1445 1106 1538 1141 φησὶν,
1549 1106 1661 1141 ἄγωμεν
1675 1104 1812 1132 ἐντεῦθεν.
1823 1115 1831 1129 ι

1041 1154 1072 1180 Εἰ
1092 1153 1146 1189 γὰρ
1160 1153 1224 1184 καὶ,
1237 1153 1298 1180 ὅσον
1315 1151 1382 1189 ἧκεν
1397 1154 1436 1185 εἰς
1453 1153 1483 1179 τὸ
1499 1152 1546 1179 τοῦ
1563 1152 1643 1186 λόγου
1661 1152 1771 1187 σχῆμα,
1789 1152 1835 1178 καὶ

1041 1200 1136 1226 ἑαυτὸν
1152 1201 1216 1234 ἡμῖν
1231 1199 1362 1234 συνδήσας
1375 1199 1511 1233 φαίνεται,
1525 1198 1582 1224 ἀλλ’
1598 1198 1676 1225 οὐδὲν
1691 1199 1768 1234 ἡμᾶς
1780 1198 1832 1224 ἁδι-

1042 1245 1120 1280 χήσει
1137 1244 1215 1271 τοῦτο
1234 1244 1381 1276 παντελῶς,
1395 1243 1511 1278 ἐπείπερ
1529 1243 1604 1278 αὐτῷ
1622 1243 1701 1276 τοῦτο
1720 1242 1834 1276 σύνηθες

1041 1290 1117 1326 δρᾷν.
1135 1291 1188 1317 Καὶ
1199 1289 1263 1324 γοῦν
1279 1290 1307 1317 ἐν
1317 1290 1420 1324 ἑτέροις
1435 1288 1570 1316 ἁλώσεται
1587 1289 1675 1323 λέγων
1690 1288 1759 1324 πρὸς
1772 1289 1834 1319 τοὺς

1042 1337 1139 1364 ἑαυτοῦ
1162 1337 1284 1372 μαθητάς
1297 1345 1303 1352 ·
1326 1346 1335 1362 ι
1353 1337 1442 1371 Ἦμᾶς
1465 1336 1506 1362 δεῖ
1531 1336 1695 1372 ἐργάζεσθαι
1712 1336 1746 1362 τὰ
1766 1335 1833 1369 ἔργα

1041 1384 1088 1411 τοῦ
1101 1383 1258 1418 πέμψαντος
1269 1384 1354 1418 ἡμᾶς,
1367 1382 1419 1414 ἕως
1429 1382 1519 1417 ἡμέρα
1532 1381 1616 1408 ἐστὶν.
1629 1382 1760 1416 Ἔρχεται
1776 1380 1833 1411 νὺξ.

1042 1431 1085 1456 ὅτε
1100 1430 1187 1462 οὐδεὶς
1201 1429 1309 1456 δύναται
1324 1428 1505 1465 ἐργάσασθαι.
1521 1438 1529 1453 ι
1551 1428 1673 1458 Ἀκούεις
1687 1428 1762 1458 ὅπως
1777 1428 1835 1453 ἑπτα-

1042 1475 1087 1502 τὸν
1102 1477 1166 1512 ἡμῖν
1191 1477 1230 1507 εἰς
1252 1477 1282 1502 τὸ
1303 1475 1468 1510 ἐργάζεσθαι
1491 1474 1606 1510 πρέπειν
1625 1474 1832 1502 συναναπὶέκει,

1043 1522 1128 1549 καίτοι
1139 1521 1177 1557 τῷ
1190 1521 1353 1558 ἐργάζεσθαι
1367 1521 1421 1547 δεῖν
1435 1521 1494 1547 καθ’
1505 1521 1578 1555 ἡμᾶς
1592 1520 1623 1546 οὺ
1637 1519 1834 1554 συνυποκείμε-

207 1569 234 1591 et
244 1563 350 1598 Apollo,
367 1567 397 1590 ut
414 1563 440 1590 in
459 1563 540 1590 nobis
551 1562 667 1590 discatis
683 1571 767 1598 supra
783 1564 809 1591 id
828 1565 900 1599 quod
919 1565 989 1592 scri-

1078 1577 1105 1601 ;;
1136 1567 1206 1594 ‘Aifl.’
1228 1567 1352 1602 εὑτριεὲς
1369 1567 1433 1602 ἡμῖν
1447 1566 1524 1593 τοῦτο
1536 1565 1583 1592 τοῦ
1598 1565 1679 1599 λόγου
1695 1565 1726 1591 τὸ
1743 1565 1834 1599 σχῆμα

207 1615 283 1644 ptum
299 1612 342 1637 est
358 1616 412 1636 non
432 1609 571 1643 sapere".
589 1618 598 1635 ι
615 1608 694 1642 Quod
718 1613 808 1637 autem
827 1611 930 1638 nostris
950 1611 991 1638 in-

207 1654 382 1681 ﬁrmitatibus
416 1661 590 1688 nequaquam
618 1654 789 1686 anoxium,
821 1655 868 1681 St‘d
893 1654 990 1682 ducem

206 1701 312 1728 itineris
335 1700 362 1727 in
390 1700 518 1727 omnibus
543 1699 624 1727 bonis
648 1704 676 1728 et
703 1708 736 1727 ex
764 1701 888 1735 pristinis
918 1702 992 1730 vitiis

206 1747 398 1775 conversionis
411 1747 437 1773 in
451 1747 561 1778 melius,
574 1753 628 1773 non
641 1747 772 1781 legatum,
784 1755 838 1774 non
853 1748 992 1783 angelum,

207 1792 255 1819 sed
272 1792 363 1826 ipsum
380 1791 559 1818 habuerimus
574 1791 696 1818 universi
717 1791 876 1825 Dominum,
904 1793 993 1820 nulla-

207 1842 288 1864 tenus
302 1836 482 1864 dubitandum
496 1841 548 1864 est.
566 1835 710 1872 Redempti
736 1838 809 1864 cnim
825 1845 920 1866 sumus
936 1846 992 1866 non

208 1891 257 1918 per
272 1890 323 1910 nos
340 1883 424 1917 ipsos,
441 1890 490 1909 nec
506 1890 553 1917 per
568 1883 650 1909 aliam
675 1883 757 1910 ullam
774 1891 830 1911 rem
859 1890 990 1918 creatam,

208 1927 256 1956 sed
273 1935 320 1963 per
343 1928 434 1963 ipsum
451 1928 541 1961 potius
557 1927 734 1956 Servatorem
760 1933 886 1956 uestrum
911 1930 992 1958 Chri-

208 1977 291 2000 stum.
308 1973 443 2006 Quocirca
472 1973 582 2008 quando
599 1973 666 2001 illud
682 1974 720 2001 ait
736 1983 742 2001 :
769 1984 779 2000 ‹
801 1975 928 2010 Surgite,
945 1983 991 2003 ea-

208 2026 270 2046 mus
286 2019 361 2052 hinc,
382 2028 390 2045 ι
409 2019 488 2054 quasi
506 2019 670 2046 mundanam
683 2021 833 2054 nequitiam
858 2028 912 2048 una
930 2029 991 2049 cum

208 2065 289 2093 nobis
318 2064 423 2100 fugiat,
452 2073 509 2092 non
532 2069 664 2100 tanquam
691 2066 818 2095 humanis
841 2068 923 2096 malis
944 2069 993 2095 ob-

208 2113 317 2145 noxius,
334 2111 383 2139 sed
401 2116 530 2146 tanquam
544 2111 610 2143 dux,
631 2117 658 2138 et
672 2113 881 2147 antesignanus,
899 2117 927 2140 et
942 2113 993 2140 du-

208 2163 268 2186 ctor
283 2159 309 2185 in
325 2158 558 2193 incorruptionem
572 2162 599 2183 et
613 2165 673 2184 eam
696 2158 781 2184 vitam
806 2166 867 2193 qua:
891 2160 992 2186 sancti-

209 2208 263 2232 tate
277 2210 304 2231 ct
320 2203 366 2231 Dei
383 2211 474 2230 amore
485 2207 603 2234 constat,
619 2202 691 2229 istud
707 2203 755 2229 ait.

1044 1614 1090 1640 καὶ
1104 1614 1168 1648 παρ’
1177 1614 1240 1648 ἡμῖν
1251 1613 1340 1644 αὐτοῖς
1353 1613 1427 1638 οὐδὲν
1436 1610 1517 1647 ἧττον
1528 1611 1692 1646 εὑρήσομεν.
1707 1612 1762 1637 Καὶ
1771 1611 1834 1645 γοῦν

1043 1661 1056 1686 ὁ
1074 1659 1215 1690 Θεσπέσιος
1231 1658 1334 1689 Παῦλος
1360 1657 1512 1693 ἐπιπλήξας
1526 1657 1681 1692 Κορινθίοις
1696 1656 1778 1682 τοῦτο
1792 1664 1833 1681 τε·

1042 1704 1194 1739 τόλμηκεν,
1220 1702 1370 1730 ἐπιστέλλει
1387 1702 1414 1728 δὲ
1435 1701 1499 1728 ὡδί·
1522 1710 1530 1727 ι
1546 1701 1639 1728 Ταῦτα
1658 1701 1703 1733 δὲ,
1727 1700 1834 1734 ἀδελ-,τοί

1045 1758 1113 1785 μου,
1139 1749 1360 1785 μετεσχημάτισα
1382 1749 1421 1779 εἰς
1434 1747 1551 1782 ἐμαυτὸν
1565 1747 1612 1773 καὶ
1631 1746 1770 1777 Ἀπολλῶ,
1793 1747 1835 1772 ἴνα

1043 1797 1072 1823 ὲν
1086 1797 1152 1831 ἡμῖν
1170 1796 1272 1832 μάθητε
1295 1795 1324 1822 τὸ
1339 1794 1376 1830 μὴ
1387 1795 1458 1830 ὑπὲρ
1472 1794 1486 1820 ὂ
1509 1794 1665 1828 γέγραπται
1687 1794 1807 1828 φρονεῖν.
1823 1802 1831 1817 ι

1045 1841 1104 1867 Ὅτι
1124 1840 1152 1867 δὲ
1176 1841 1200 1866 εἰ
1224 1840 1270 1866 καὶ
1297 1840 1333 1875 μὴ
1355 1839 1528 1866 συνυπαίτιον
1553 1840 1612 1869 ταῖς
1630 1838 1737 1865 ἑαυτῶν
1756 1838 1834 1864 ἀσθε-

1043 1887 1146 1918 νείαις,
1171 1885 1229 1913 ἀλλ’
1246 1883 1292 1912 οὖν
1318 1885 1439 1920 ἡγεμόνα
1462 1884 1511 1918 τῆς
1533 1884 1591 1910 ὁδοῦ
1604 1885 1661 1914 τοῖς
1675 1884 1718 1917 ἐφ’
1735 1883 1834 1910 ἄπεισιν

1043 1932 1155 1967 ἀγαθοῖς
1169 1933 1215 1959 καὶ
1227 1932 1276 1966 τῆς
1287 1933 1319 1958 ἐκ
1334 1931 1427 1957 παθῶν
1438 1930 1492 1956 τῶν
1506 1929 1627 1965 ἀρχαίων
1643 1930 1690 1955 ἐπὶ
1705 1929 1737 1955 τὸ
1747 1931 1834 1963 κρεῖτ-

1043 1987 1088 2006 τον
1114 1978 1295 2012 ἐπιστροφῆς,
1319 1977 1349 2003 οὐ
1375 1976 1513 2011 πρέσϐυν,
1546 1975 1595 2000 οὐκ
1618 1974 1751 2008 ἄγγελον,
1781 1973 1833 2000 ἀλλ’

1043 2024 1122 2051 αὐτὸν
1144 2024 1299 2059 ἐσχήκαμεν
1322 2022 1367 2048 τὸν
1395 2021 1522 2048 ἁπάντων
1542 2019 1658 2055 Κύριον,
1687 2019 1834 2054 οὐδαμόθεν

1043 2070 1200 2106 ἀμφίϐολον.
1230 2067 1428 2104 Λελυτρώμεθα
1450 2067 1519 2102 γὰρ,
1543 2067 1573 2093 οὐ
1587 2067 1620 2106 δι’
1633 2066 1756 2097 ἑαυτῶν,

1042 2117 1103 2144 οὐδὲ
1115 2117 1148 2142 δι’
1162 2115 1254 2150 ἑτέρου
1275 2114 1347 2145 τινὸς
1358 2114 1411 2140 τῶν
1424 2113 1556 2148 γενητῶν,
1573 2112 1605 2138 δι’
1620 2111 1705 2138 αὑτοῦ
1721 2111 1749 2137 δὲ
1768 2111 1833 2146 μᾶλ-

1043 2164 1087 2190 λον
1110 2162 1156 2188 τοῦ
1174 2161 1298 2196 Σωτῆρος
1321 2159 1400 2195 ἡμῶν
1424 2159 1553 2194 Χριστοῦ.
1583 2158 1690 2184 οὐκοῦν
1713 2158 1776 2184 ὃταν
1799 2157 1833 2187 ὡς

1045 2209 1093 2236 σὺν
1111 2209 1177 2243 ἡμῖν
1194 2208 1241 2233 καὶ
1256 2206 1314 2242 μεθ’
1330 2206 1409 2240 ἡμῶν
1423 2205 1472 2241 τὴν
1492 2206 1520 2231 ἐν
1536 2204 1631 2239 κόσμῳ
1649 2202 1834 2238 παραδραμὼν

209 2252 362 2287 φαυλότητα
375 2251 441 2286 λέγῃ
452 2251 493 2283 τὸ,
507 2260 516 2276 ι
528 2250 694 2286 Ἐγείρεσθε,
710 2249 821 2285 ἄγωμεν
835 2251 968 2286 ἐντεῦθεν,
983 2265 992 2281 ι
1013 2257 1061 2291 οὐχ
1075 2257 1111 2287 ὼς
1130 2255 1312 2286 συνυπαίτιος,
1327 2254 1410 2288 ἤγουν
1425 2253 1583 2287 ἐνεχόμενος
1614 2252 1672 2280 τοῖς
1700 2249 1834 2284 ἀνθρωπί-

209 2307 264 2329 νοις
284 2297 413 2328 πάθεσιν,
440 2297 497 2323 ἀλλ*
511 2296 549 2328 ὡς
566 2296 686 2331 ἀρχηγὸς
705 2297 751 2322 καὶ
770 2298 926 2334 προστάτης
947 2302 995 2328 καὶ
1031 2303 1189 2338 καθηγητὴς
1223 2302 1272 2336 τῆς
1292 2301 1394 2327 εἰσόδου
1412 2301 1451 2332 εἱς
1469 2299 1625 2334 ἀφθαρσίαν
1639 2298 1688 2325 καὶ
1701 2297 1775 2332 ζωὴν
1790 2296 1834 2330 τὴν

208 2347 237 2371 ὲν
250 2343 379 2379 ἁγιασμῷ
392 2344 438 2370 καὶ
451 2343 583 2378 φιλοθεῖᾳ,
601 2342 632 2369 τὸ
643 2342 762 2369 τοιοῦτον
774 2343 840 2378 ἐρεῖ.

491 2399 573 2435 857
592 2399 665 2427 CAP.
681 2399 712 2427 ιι.

211 2457 287 2492 Quod
303 2456 356 2483 Dea
376 2465 406 2482 ac
426 2455 505 2483 Patri
519 2455 754 2483 consubstantialis
775 2458 809 2484 sit
826 2457 925 2490 Fitiua,
941 2467 994 2486 non

245 2497 332 2518 autent
346 2491 500 2528 diptersazrarb
515 2498 544 2517 ea
556 2495 659 2528 natura:
672 2491 710 2518 uel
721 2493 831 2526 generis,
845 2498 873 2520 ut
885 2494 993 2528 quidam

211 2532 214 2535 '
244 2527 358 2560 perversi
371 2526 487 2552 heretici
497 2526 623 2554 sentiunt.

246 2578 305 2612 XV,
324 2580 349 2606 L
368 2577 424 2614 Ego
441 2587 499 2606 sum
517 2579 577 2606 vitis
594 2587 664 2611 vera,
684 2584 709 2607 et
726 2579 808 2608 Pater
827 2589 900 2609 meus
921 2583 994 2618 agri-

210 2624 269 2652 cola
281 2629 331 2652 est.

245 2671 322 2704 Quod
348 2674 472 2706 oporteat
489 2671 631 2699 dilectioni
654 2679 718 2707 erga
741 2679 771 2699 se
798 2672 940 2706 inhaerere,
968 2677 995 2700 et

209 2721 341 2751 quantum
359 2724 392 2744 ex
405 2724 439 2744 eo
455 2717 527 2751 quod
541 2717 565 2744 ei
581 2717 722 2752 conjuncti
742 2724 840 2745 sumus
857 2719 994 2745 commodi

211 2762 290 2790 nobis
313 2763 421 2790 eveniat
435 2762 529 2790 volens
546 2763 703 2795 ostendere.
723 2764 805 2790 vitem
821 2763 932 2798 quidem
949 2771 993 2792 se-

210 2808 297 2842 ipsum
319 2815 379 2836 esse
399 2807 485 2836 dicit:
506 2808 553 2843 qui
571 2812 661 2835 autent
679 2808 703 2836 ei
726 2812 792 2836 sunt
808 2808 887 2842 uniti,
908 2813 992 2845 atque

248 2885 269 2901 ⁷⁷
284 2884 360 2913 Joan.
377 2893 414 2918 Ix,
429 2885 456 2913 4.
495 2885 517 2902 ⁷⁸
539 2886 546 2913 l
563 2885 627 2913 Cor.
648 2893 673 2912 tv
685 2905 691 2917 ,
708 2886 733 2912 ϐ.

1344 2400 1470 2427 ΚΕΦΛΔ,
1491 2399 1528 2426 B'.

1042 2455 1101 2483 Ὅτι
1115 2456 1154 2489 τῷ
1169 2455 1229 2488 Θεῷ
1242 2456 1290 2482 καί
1309 2448 1400 2489 Πατρί
1414 2455 1574 2487 ὀμοούσιός
1603 2454 1692 2482 ἐστιν
1716 2457 1734 2482 ὀ
1761 2456 1831 2487 Υἱὸς.

1076 2491 1124 2518 καὶ
1138 2493 1195 2525 οὐχ
1205 2491 1381 2524 ἑτεροφυὴς.
1394 2490 1464 2517 οὐδὲ
1478 2490 1622 2524 ἐκρυλος,
1651 2491 1730 2516 κατὰ
1757 2499 1833 2522 τινας

1077 2526 1136 2553 τῶν
1152 2525 1403 2560 διεστραμμένων.

1078 2581 1151 2616 Ἐγώ
1162 2581 1248 2615 silua)
1261 2581 1394 2615 ἄμπελος
1412 2582 1430 2614 ἡ
1456 2580 1599 2614 ἀληθινὴ,
1622 2581 1673 2606 καὶ
1700 2583 1717 2607 ό
1741 2582 1832 2614 Πατιζρ

1040 2636 1100 2662 μου
1117 2629 1132 2653 ό
1147 2627 1275 2662 γεωργός
1294 2627 1388 2653 ἐστιν.

1080 2673 1142 2699 Ὅτι
1157 2672 1288 2708 προσήκοι
1307 2672 1356 2706 τῆς
1379 2672 1419 2702 είς
1441 2671 1522 2697 αὐτὸν
1540 2670 1654 2705 ἀγάπης
1674 2670 1832 2706 ἐξηρτῆσθαι

1044 2718 1140 2752 φιλεῖν,
1155 2719 1202 2744 γαί
1217 2718 1300 2744 πόσον
1320 2719 1352 2744 ὲκ
1373 2717 1422 2743 τοῦ
1440 2716 1586 2743 κολλᾶσθαι
1602 2716 1680 2750 αὐτῷ
1695 2716 1833 2751 κερδανοῦ-

1045 2771 1094 2798 μεν
1103 2763 1233 2795 ἐπιδεῖξαι
1244 2763 1360 2798 θελήσας
1373 2762 1403 2789 τὸ
1415 2761 1549 2796 ὠφελοῦν,
1565 2761 1692 2796 ἄμπελον
1715 2762 1763 2796 μὲν
1779 2762 1834 2787 £1»-

1042 2809 1087 2836 τὸν
1101 2807 1169 2837 εἵναὶ
1184 2818 1276 2844 φησιν,
1285 2809 1322 2841 ὡς
1337 2810 1366 2835 ὲν
1379 2807 1601 2844 παραδείγματος
1616 2807 1702 2843 λόγῳ,
1716 2807 1830 2843 κλήμασι
