1896 3034
49 163 103 190 555

590 166 621 193 IN
640 165 782 194 JOANMS
796 166 1019 196 EVANGELIL‘M
1038 167 1102 195 LIB.
1124 169 1156 196 Χ.

1630 176 1682 203 534

47 231 80 256 γε
100 222 156 258 μὴν
172 221 236 254 τοὺς
247 221 396 254 ἐνωθέντας
411 222 485 258 αὐτῷ
499 223 545 250 καὶ
558 223 777 260 ἐνηρμοσμένονς
787 224 832 260 τρά

902 225 975 252 insiti
992 226 1194 260 quodammodo
1213 232 1240 255 et
1256 228 1344 263 inlisi,
1359 233 1386 257 et
1399 230 1456 265 jam
1478 230 1542 258 facti
1558 236 1623 259 sunt
1636 240 1684 260 na-

47 278 100 295 πον
114 269 176 295 τινὰ
187 269 235 295 καὶ
247 269 452 304 ἐμπεπηγότας,
462 271 607 304 γεγονότας
616 279 645 297 τε
659 271 710 306 ἤδη
722 272 770 307 τῆς
784 272 846 298 ἑαυ-

47 313 94 340 τοῦ
125 314 235 349 φύσεως
260 316 420 348 κοινωνοὺς,
443 315 486 342 διὰ
508 317 553 344 τοῦ
579 318 740 354 μεταλαχείν
767 319 844 353 ἁγίου

49 359 212 395 Πνεῦματος
224 368 231 375 ·
244 360 275 387 τὺ
285 361 339 396 γὰρ
352 362 504 388 συνενῶσαν
517 364 592 398 ἡμᾶς
606 364 644 399 τῷ
661 365 768 400 Μπῆρι
778 365 845 400 Χρι-

50 406 104 440 στῷ
122 407 154 432 τὸ
171 407 248 441 ᾶγιον
265 408 378 443 Πνεῦμα
393 409 475 435 αὑτοῦ
491 410 574 436 ἐστιν.
599 411 781 447 Προαιρετικὴ
796 411 845 446 μὲν

48 452 102 487 γὰρ
116 453 133 487 ή
152 453 221 488 πρὸς
238 453 288 489 τὴν
307 453 428 488 ἄμπελον
448 455 574 490 κόλλησις
598 455 650 482 τῶν
679 457 844 492 προσιόντων

50 499 132 534 αὐτῇ,
154 499 268 534 σχετικὴ
282 499 310 526 δὲ
321 501 386 536 παρ⁸
403 501 488 536 αὐτῆς
508 502 524 536 ἡ
540 502 607 537 πρὸς
627 502 710 537 ἡμᾶς.
730 503 777 529 Ἐκ
795 503 844 538 μὲν

49 545 102 580 γὰρ
118 545 308 580 προαιρέσεως
325 546 430 582 ἀγαθῆς
444 547 686 583 προσεληλύοαμεν
697 549 778 584 ἡμεῖς
800 549 845 576 διὰ

48 591 97 626 τῆς
111 592 243 626 πίστεως,
261 594 338 628 γένος
352 593 381 620 δὲ
402 595 554 630 γεγόναμεν
573 595 656 622 αὑτοῦ
668 595 698 622 τὸ
713 597 763 631 τῆς
786 597 844 623 uio-

49 636 142 669 θεσίας
157 638 268 674 ἀξίωμα
282 639 346 674 παρ’
366 639 450 666 αὑτοῦ
464 640 652 676 κομισάμενοι.
670 641 725 668 Καὶ
743 641 796 677 γὰρ
810 642 842 677 δὴ

49 684 119 710 κατὰ
137 684 183 710 τὸν
197 684 274 717 ἅγιον
289 685 402 716 Παῦλον,
419 695 428 711 ι
453 685 482 712 Ὀ
501 686 670 721 κολλώμενος
682 687 720 722 τῷ
738 687 842 722 Κυρίῳ,

50 727 77 754 ἓν
92 727 205 763 πνεῦμά
233 729 316 755 ἐστιν.
337 739 346 754 ι
366 729 471 765 Ὥσπερ
491 727 537 757 οὖν
562 731 591 756 ὲν
617 730 721 766 ἑτέροις
742 732 844 766 κρηπὶς

50 775 95 800 καὶ
123 774 251 808 θεμέλιος
270 774 314 801 διὰ
338 776 388 810 τῆς
409 775 455 802 τοῦ
473 777 613 812 προφήτου
635 777 844 813 κατωνόμασται

51 819 140 854 φωνῆς
160 821 215 854 (ἐπ’
242 820 324 857 αὐτῷ.
341 821 395 856 γὰρ
416 822 678 857 ὲποικοδομούμεῦα,
703 824 771 850 λίθοι
796 825 843 851 καὶ

51 866 129 904 ἡμεῖς
146 866 378 901 χρηματίσαντες,
396 866 497 900 ζῶντες
514 868 561 895 καὶ
584 870 775 902 πνευματικοὶ,
803 870 843 901 εἰς

52 911 201 946 ἱεράτευμα
233 911 327 946 ἅγιον,
347 913 387 944 εἰς
412 914 620 949 κατοικητήριον
645 915 691 941 τοῦ
715 915 782 942 Θεοῦ
814 917 843 942 ὲν

51 955 198 991 Πνεὺματι,
212 956 274 983 καθ’
299 958 391 993 ἕτερον
404 958 432 984 δέ
447 967 507 985 τινα
527 960 625 995 τρόπον
645 961 843 996 οἰκοδομεῑεοαι

51 1001 116 1036 πρὸς
127 1001 208 1029 τοῦτο
222 1002 260 1038 μὴ
275 1003 428 1039 δυνάμενοι,
439 1005 463 1031 εἰ
474 1005 511 1040 μὴ
526 1006 636 1040 γέγονεν
644 1007 709 1042 ἡμῖν
721 1007 844 1042 θεμέλιος

49 1049 63 1074 ὸ
75 1049 215 1084 Χριστὸς),
234 1049 305 1076 οὕτω
322 1050 436 1077 κάνθάδε
451 1051 520 1078 κατὰ
539 1052 588 1087 τὴν
601 1053 661 1088 ῐσην
681 1053 727 1080 τοῦ
740 1054 843 1089 νοήμα-

52 1103 90 1126 τος
108 1095 269 1129 ἀναλογίαν,
281 1096 403 1131 ἄμπελον
422 1098 518 1124 ἑαυτὸν
544 1096 614 1125 εἷναί
638 1107 704 1133 φησι.
732 1099 786 1126 τῶν
814 1101 843 1134 ἐξ

52 1140 132 1175 αὐτῆς
147 1141 307 1176 κλημάτων,
328 1141 366 1173 ὡς
391 1143 496 1177 μητέρα
517 1143 564 1170 καὶ
586 1144 696 1178 τροφόν.
722 1144 843 1179 ’Λνεγεν-

52 1186 168 1221 νήθημεν
183 1186 240 1222 γὰρ
255 1187 284 1220 ἐξ
299 1187 381 1213 αὑτοῦ
399 1196 427 1214 τε
444 1189 490 1214 καὶ
503 1189 532 1215 ἐν
547 1188 621 1224 αὐτῷ
645 1189 672 1215 ὲν
692 1190 840 1225 Πνεύματι,

53 1232 115 1267 πρὸς
129 1233 321 1268 καρποφορίαν
335 1233 418 1268 ζωῆς,
434 1234 494 1270 οὐχὶ
506 1235 555 1270 τῆς
573 1235 689 1270 ἀρχαίας
711 1237 758 1262 καὶ
787 1246 841 1263 πα-

51 1277 134 1310 λαιᾶς,
150 1278 221 1304 ἀλλὰ
232 1278 282 1313 τῆς
299 1279 327 1305 ὲν
339 1280 478 1314 καινότητι
488 1279 605 1312 πίστεώς
620 1289 649 1307 τε
663 1282 709 1308 καὶ
731 1282 841 1317 ἀγάπης

51 1324 95 1358 τῆς
107 1324 146 1355 εἰς
158 1324 252 1351 αὐτόν.
272 1324 479 1360 Διατηρούμεοα
497 1325 525 1352 δὲ
543 1326 610 1362 πρὸς
627 1326 655 1353 τὸ
673 1327 744 1362 ἔχειν
759 1328 788 1354 τὸ
801 1326 840 1355 εἴ-

51 1378 100 1401 ναι,
117 1371 345 1406 προσπεφυκότες
359 1370 454 1406 ὥσπερ
468 1371 543 1406 αὐτῷ
560 1372 606 1399 καὶ
632 1373 716 1408 ἀπρὶξ
743 1374 839 1409 ἐχόμες

52 1423 86 1441 νοι
99 1415 145 1450 τῆς
160 1416 362 1452 παραδοθείσης
382 1417 448 1451 ἡμῖν
466 1417 547 1450 ἁγίας
562 1418 670 1453 ἐντολῆς
686 1419 732 1445 καὶ
740 1419 783 1446 διὰ
793 1419 839 1447 τοῦ

52 1460 141 1493 σώζειν
156 1461 318 1495 ἐπείγεσθαι
329 1462 359 1488 τὸ
378 1463 411 1489 ἐκ
421 1462 470 1497 τῆς
489 1463 629 1497 εὐγενείας
648 1464 759 1498 ἀγαθὸν.
769 1465 839 1492 τοῦτ’

52 1506 112 1538 ἐστι,
136 1507 180 1533 διὰ
198 1506 248 1533 τοῦ
270 1507 307 1542 μὴ
331 1507 475 1542 ἀνέχεσθαι
499 1507 612 1541 λυπεῖν,
634 1510 705 1536 κατά
726 1519 751 1535 τι
774 1509 840 1544 γοῦν

51 1551 111 1584 ὅλως
121 1553 150 1579 τὸ
165 1552 316 1579 ὲνοικισιὶὲν
328 1553 394 1587 ἡμῖν
405 1553 481 1586 ἆγιον
501 1553 623 1588 Πνεῦμα,
644 1555 677 1580 δι’
692 1551 722 1581 οὗ
747 1564 838 1582 κατοι-

51 1599 103 1623 κεῖν
121 1598 168 1633 μὲν
179 1599 210 1624 ἐν
226 1599 292 1633 ἡμῖν
319 1599 418 1625 νοεῖται
434 1598 509 1630 Θεὸς.
529 1600 610 1627 Κατὰ
629 1601 688 1626 τίνα
706 1601 760 1636 γὰρ
775 1602 837 1636 τρό-

52 1652 96 1669 πον
110 1644 191 1679 ἐσμὲν
205 1645 236 1670 ὲν
254 1644 374 1679 Χριστῷ,
390 1644 436 1670 καὶ
453 1645 533 1677 αὐτὸς
545 1646 573 1672 ἐν
593 1646 669 1681 ἡμῖν,
682 1646 761 1678 αὐτὸς
773 1648 838 1682 ἡμῖν

51 1689 63 1714 ὸ
76 1690 151 1724 σοφὸς
167 1690 297 1725 Ἰωάννης
313 1690 433 1726 ἐπιδείξῃ
447 1691 534 1725 λέγων
548 1699 554 1707 ·
575 1701 583 1717 ι
607 1693 650 1718 Ἐν
662 1693 748 1728 τούτῳ
758 1693 838 1728 γινώ-

53 1747 154 1774 σκομεν,
171 1740 310 1775 ὃτιὲσμὲν
324 1741 353 1767 ἐν
369 1740 454 1775 αὐτῷ,
477 1741 523 1766 καὶ
550 1740 631 1771 αὐτὸς
654 1740 683 1766 ὲν
703 1740 778 1774 ἡμῖν,
805 1740 837 1766 ἐκ

52 1785 93 1810 τοῦ
110 1785 280 1821 Πνεύματος,
297 1783 327 1812 οἷο
339 1785 423 1812 ἔδωκε
438 1787 531 1821 ἡμῖν.)
548 1786 603 1812 Καὶ.
619 1785 747 1820 ἔμπαλιν·
764 1795 772 1810 ι
793 1786 837 1811 Ἐν

52 1831 128 1866 τούτῳ
146 1831 329 1866 γινώσκομεν,
346 1831 387 1857 ὃτι
406 1831 435 1857 ὲν
455 1831 528 1866 αὐτῷ
539 1831 632 1865 ἐσμεν.
650 1845 682 1850 ——
699 1832 727 1856 ὐ
751 1830 836 1864 λέγων

52 1875 76 1901 ἐν
89 1877 158 1911 αὑτῷ
171 1876 275 1912 μένειν,
290 1876 402 1910 ὀφείλει,
418 1876 511 1908 καθὼς
527 1877 628 1908 ἐκεῖνος
638 1875 834 1912 περιεπάτηςε,

53 1922 92 1947 καὶ
106 1923 183 1954 αὐτος
199 1924 373 1958 περιπατεῖν.
394 1931 404 1948 ›
422 1923 454 1948 Ὃ
468 1922 514 1949 καὶ
524 1922 579 1953 τοῖς
595 1921 779 1957 ἀκροωμένοις
788 1930 836 1948 σα-

52 1966 170 2001 φέστερον
188 1966 324 1998 καθιστὰς
338 1987 345 1999 ,
366 1966 437 1993 οὕτω
455 1967 520 2001 φησι
546 1966 627 1993 πάλιν
640 1973 646 1980 ’
669 1975 678 1991 ι
697 1966 726 1992 '0
745 1966 835 2002 τηρῶν

53 2012 95 2043 τὰς
108 2013 216 2045 ἐντολὰς
231 2013 360 2046 αὑτοῦ,ὲν
368 2012 441 2048 αὐτῷ
450 2013 524 2047 μένει
536 2013 582 2038 καὶ
597 2012 677 2043 αὐτὸς
689 2012 717 2038 ἐν
731 2012 833 2047 αὐτῷ.»

52 2057 138 2094 Εἰγᾶιρ
157 2059 173 2094 ἡ
188 2059 306 2093 τήρησις
321 2057 374 2084 τῶν
387 2058 512 2089 ἐντολῶν,
538 2057 588 2092 τὴν
608 2058 647 2088 εἰς
664 2057 745 2084 αὐτὸν
765 2057 834 2091 ἀγά-

52 2104 266 2137 πηνὲργὰζεται,
294 2102 452 2138 κολλώμεοα
466 2102 544 2129 δὲδιὰ
559 2103 608 2137 τῆς
630 2103 739 2137 ἀγάπης
759 2103 834 2138 αὐτῷ

53 2149 102 2180 πῶς
116 2150 163 2176 οὐκ
177 2148 278 2184 ἀληθὲς
294 2150 322 2174 ἐν
343 2149 449 2180 τούτοις
471 2149 595 2182 φαίνεται
618 2149 648 2175 το
669 2149 832 2184 εὶρημένον;

53 2193 144 2230 "(ivi-.59
158 2195 212 2230 γὰρ
224 2195 324 2229 τρόπον
338 2194 386 2229 τῆς
398 2194 518 2229 ἀμπέλου
529 2194 559 2220 τὺ
570 2194 690 2229 πρέμνον
705 2194 753 2229 τῆς
765 2195 832 2226 ἰδίας

898 275 967 298 turm
982 272 1069 307 ipsius
1084 279 1227 302 consortes
1243 275 1277 307 ⁷⁸,
1293 276 1457 311 participato
1474 285 1572 314 nempe
1587 283 1683 307 sancto

899 316 1002 350 Spiritu
1024 320 1147 352 (sanctus
1165 320 1239 347 cuitu
1252 319 1356 348 Christi
1377 320 1497 357 Spiritus
1513 330 1564 350 nos
1582 323 1606 351 ei
1618 331 1684 351 cou-

895 363 1008 398 juugit),
1024 365 1074 392 hos
1089 366 1247 400 palmitibus
1266 374 1419 403 comparat.
1435 369 1536 397 Eorum
1551 371 1625 398 enim
1637 372 1683 406 qui

896 409 930 436 ad
950 410 1030 437 vitem
1056 412 1193 439 accedunt
1217 413 1339 442 adluesio
1364 415 1514 444 voluntatis
1535 420 1578 444 est
1603 420 1685 451 atque

896 457 1050 490 propositi:
1077 457 1138 492 ejus
1157 463 1248 486 autem
1272 460 1430 495 conjunclio
1448 462 1602 494 nobiscum,
1621 462 1685 490 alie-

895 505 957 529 ctus
974 506 1001 529 et
1019 503 1200 532 habitudinis.
1217 505 1256 532 Ex
1272 506 1345 534 bono
1360 507 1462 542 quippe
1478 509 1618 543 proposito
1634 516 1684 536 nos

895 547 928 574 ad
946 546 1087 576 Christum
1115 550 1284 578 accessimus
1306 559 1354 586 per
1372 551 1453 580 fidem
1467 561 1474 579 :
1489 561 1577 588 genus
1593 558 1684 582 autem

895 591 981 626 ipsius
1007 594 1068 622 facti
1095 603 1202 628 sumus,
1227 596 1381 632 adoptionis
1408 598 1570 634 dignitatem
1591 599 1626 626 ab
1651 607 1684 627 eo

894 641 1050 668 consecuti.
1071 641 1189 675 Etenim,
1206 643 1285 678 juxta
1301 648 1426 672 sanctum
1455 645 1580 678 Paulum,
1603 655 1613 671 ι
1630 646 1682 680 Qui

896 686 1016 714 adha-ret
1032 687 1156 720 Domino,
1172 697 1244 717 unus
1261 691 1376 725 spiritus
1393 696 1436 719 est
1448 691 1481 719 ⁸³.
1503 702 1512 718 ι
1527 692 1605 720 Sicut
1618 701 1682 728 ergo

895 733 959 760 alibi
983 741 1033 768 per
1060 742 1151 762 \ocem
1171 736 1311 771 propheta:
1331 737 1406 764 basis
1427 741 1454 765 et
1472 738 1682 766 fundamentum

894 778 1052 806 nominatus
1068 785 1109 807 est
1127 780 1220 815 (super
1238 781 1327 816 ipsum
1341 783 1413 810 enim
1429 791 1480 811 nos
1499 784 1680 818 atdiﬁcamur,

893 827 920 850 et
948 824 1053 859 lapides
1075 826 1225 861 uuncupati
1247 834 1343 854 sumus
1355 829 1478 856 viventes
1495 836 1527 856 ac
1543 830 1682 864 spiritales

894 868 921 895 in
947 870 1133 897 sacerdotium
1159 876 1295 906 sanctum,
1322 874 1350 900 in
1375 874 1563 902 habitaculum
1583 875 1631 904 Dei
1653 876 1683 904 in

860 898 880 926 Β
896 913 1013 948 Spiritu,
1036 923 1086 943 nec
1101 916 1156 944 alio
1168 918 1249 945 modo
1264 926 1412 953 possumus
1427 921 1454 948 in
1470 921 1522 949 hoc
1541 922 1681 954 aadiiicari.

894 959 948 987 nisi
973 960 1101 988 Christus
1130 962 1210 990 nobis
1232 962 1441 993 fundamentum
1468 966 1552 994 fuerit
1569 967 1615 1002 ﬁ‘),
1636 967 1682 995 hic

893 1012 1002 1039 quoque
1017 1004 1112 1032 eodem
1133 1014 1218 1034 seusu
1234 1008 1316 1035 vitem
1333 1009 1455 1044 seipsum
1475 1018 1538 1038 esse
1559 1011 1608 1043 ait,
1621 1012 1681 1045 pal-

894 1051 992 1081 mitum
1009 1045 1055 1086 qui
1071 1059 1102 1079 ex
1122 1059 1155 1080 ea
1171 1057 1237 1081 sunt
1251 1054 1330 1089 quasi
1349 1059 1464 1083 matrem
1484 1060 1512 1084 et
1532 1057 1680 1084 alumnam.

893 1095 1056 1130 Regcnerati
1072 1098 1143 1125 enim
1160 1106 1256 1126 smnus
1268 1107 1302 1127 ex
1323 1099 1384 1135 ipso
1403 1105 1429 1128 et
1445 1101 1471 1128 iu
1487 1102 1557 1136 ipso,
1575 1102 1601 1128 in
1618 1101 1681 1136 Spi-

893 1141 955 1172 ritu,
978 1140 1013 1168 ad
1032 1141 1177 1170 ferendum
1194 1143 1312 1171 fructum
1336 1145 1408 1178 vita‘,
1423 1154 1476 1173 non
1492 1147 1593 1175 veteris
1606 1148 1680 1176 illius

892 1191 920 1214 et
937 1187 1061 1220 exoletae,
1080 1189 1127 1216 sed
1152 1189 1212 1224 ejus
1226 1198 1287 1225 qute
1309 1192 1429 1219 novitate
1443 1193 1504 1219 vitae
1518 1197 1639 1226 constat,
1653 1198 1682 1222 et.

891 1240 954 1267 erga
969 1233 1058 1268 ipsum
1072 1234 1220 1263 charitate.
1237 1236 1442 1264 Conservamur
1456 1243 1546 1265 autem
1565 1238 1593 1265 in
1608 1246 1679 1272 esse,

892 1277 943 1312 ipsi
965 1279 1168 1313 quodammodo
1194 1281 1302 1314 inserti,
1316 1285 1343 1308 et
1359 1282 1460 1309 tradito
1480 1283 1561 1310 nobis
1582 1276 1681 1311 sancto

891 1324 1021 1351 mandato
1042 1325 1182 1352 mordicus
1200 1326 1378 1360 inha:reutes,
1397 1332 1423 1355 et
1446 1328 1600 1357 nobilitatis
1627 1330 1679 1357 ho-

891 1377 956 1396 num
974 1377 1085 1398 servare
1101 1371 1253 1404 studentes,
1275 1372 1300 1399 id
1315 1378 1368 1405 est,
1390 1380 1445 1399 non
1461 1373 1584 1402 sinentcs
1601 1382 1679 1409 pror-

891 1423 938 1444 sus
967 1416 1164 1444 inhabitantem
1184 1417 1211 1444 in
1228 1418 1310 1445 nobis
1324 1418 1456 1453 Spiritum
1474 1419 1516 1446 vel
1533 1419 1678 1447 minimum

890 1461 1060 1493 contristari,
1080 1469 1127 1496 per
1142 1470 1223 1497 quem
1241 1462 1365 1491 habitare
1392 1464 1420 1491 in
1439 1463 1520 1492 nobis
1543 1464 1615 1493 Deus
1638 1466 1680 1493 in-

891 1507 1031 1541 telligitur.
1049 1506 1193 1540 Quomodo
1207 1508 1281 1536 enim
1305 1509 1391 1536 simus
1417 1509 1445 1536 in
1470 1509 1592 1543 Christo,
1615 1515 1641 1538 et
1656 1511 1679 1540 is

891 1552 918 1579 in
933 1552 1024 1584 nobis,
1042 1553 1099 1588 ipse
1115 1553 1195 1581 nobis
1211 1554 1321 1588 sapiens
1347 1554 1468 1582 Joannes
1483 1555 1623 1588 ostendat,
1636 1556 1679 1584 di-

891 1607 977 1626 cens:
1002 1607 1011 1624 (
1033 1599 1060 1626 lu
1075 1599 1127 1626 hoc
1142 1601 1336 1634 cognoscimus
1366 1601 1496 1635 quoniam
1519 1601 1547 1628 in
1571 1609 1604 1629 eo
1619 1609 1678 1630 ma—

890 1652 998 1677 nemus,
1017 1649 1044 1672 et
1060 1644 1120 1679 ipsc
1148 1645 1174 1672 in
1192 1645 1282 1677 nobis,
1302 1645 1433 1679 quoniam
1450 1646 1484 1674 de
1506 1645 1610 1674 Soiritu
1626 1655 1678 1674 suo

889 1692 965 1719 dedit
979 1691 1064 1726 858
1077 1691 1159 1718 nobis
1171 1691 1204 1718 θ’.
1226 1700 1235 1716 ›
1257 1691 1289 1717 Ει
1305 1699 1418 1719 rursus:
1443 1702 1451 1717 ι
1471 1692 1498 1719 lu
1511 1693 1564 1720 hoc
1580 1701 1678 1729 cogno-

889 1737 992 1765 scimus
1009 1738 1073 1772 quia
1103 1737 1131 1764 iu
1149 1737 1208 1772 ipso
1232 1745 1328 1764 sutuus
1340 1737 1372 1765 ⁸³.
1387 1753 1421 1757 -
1439 1738 1490 1771 Qui
1515 1739 1583 1765 dicit
1601 1747 1631 1767 se
1649 1739 1676 1766 iu

889 1782 948 1817 ipso
971 1790 1092 1815 manere.
1114 1782 1205 1816 debet,
1226 1783 1297 1811 sicut
1315 1783 1361 1811 ille
1381 1785 1545 1817 ambulavit,
1567 1789 1595 1812 et
1618 1786 1677 1820 ipse

887 1827 1028 1855 ambulare
1040 1828 1073 1855 ⁸³.
1092 1837 1101 1854 ι
1117 1827 1195 1861 Quod
1212 1828 1294 1856 etiam
1311 1829 1484 1857 auditoribus
1504 1830 1606 1858 clarius
1627 1838 1675 1865 pa-

887 1873 1030 1906 tefaciens,
1049 1874 1086 1901 ita
1103 1881 1200 1902 rursus
1219 1874 1299 1901 inﬁt:
1327 1883 1337 1900 ι
1363 1875 1416 1907 Qui
1433 1880 1525 1903 servat
1550 1877 1676 1905 mandata

887 1919 958 1954 ejus,
973 1919 1000 1946 in
1019 1920 1064 1946 illo
1079 1924 1180 1952 manet,
1197 1924 1223 1947 ct
1239 1920 1297 1955 ipse
1312 1920 1338 1947 in
1356 1928 1390 1948 eo
1405 1921 1438 1947 ⁸⁸.
1458 1931 1467 1947 ι
1486 1921 1552 1949 Nam
1567 1923 1588 1950 si
1601 1931 1676 1951 manv

887 1965 1013 1993 datorum
1039 1966 1196 1994 observatio
1214 1966 1390 1994 dilectionem
1414 1967 1441 1994 in
1459 1967 1549 2002 ipsqu
1575 1976 1676 2004 opera.

887 2016 942 2043 tur,
960 2016 987 2039 et
1005 2019 1053 2046 per
1077 2012 1252 2039 dilectionem
1273 2013 1296 2040 ei
1313 2012 1518 2047 conjungimur,
1536 2015 1675 2049 quomodo

887 2065 940 2084 non
968 2057 1010 2083 hic
1037 2065 1132 2084 verum
1154 2064 1217 2084 esse
1245 2057 1353 2084 videtur
1380 2057 1455 2092 quod
1481 2058 1586 2086 dictum
1611 2059 1675 2087 est?

886 2102 1120 2135 Quemadn‘todum
1139 2102 1212 2129 enim
1234 2102 1313 2129 radix
1335 2103 1488 2131 naturalem
1509 2110 1586 2130 suam
1603 2112 1673 2139 qua-

886 2147 990 2174 litutem
1020 2147 1177 2182 palmitibus
1197 2147 1337 2182 itupertit,
1366 2148 1406 2175 sic
1433 2149 1604 2184 unigenitum
1625 2150 1674 2179 Dei

885 2192 1006 2220 \‘erbutn
1033 2193 1078 2220 Dei
1112 2200 1143 2220 ac
1168 2192 1257 2220 Patris
1276 2201 1387 2228 sucoque
1404 2197 1508 2221 natura:
1525 2195 1673 2230 quamdam

52 2240 92 2266 καὶ
105 2241 214 2276 ἐνούσης
230 2240 305 2275 αὐτῷ
320 2241 460 2276 ποιότητος
475 2240 592 2276 φυσικῆς
603 2241 722 2268 διακονεῖ
735 2250 763 2267 τε
785 2241 832 2267 καὶ

893 2239 970 2267 ιθῐιιιί
991 2239 1182 2274 cognationem
1210 2239 1317 2267 sanctis
1332 2239 1441 2271 inserit,
1467 2239 1600 2275 Spiritum
1620 2241 1674 2268 lar-

52 2285 161 2320 διανέμει
176 2289 232 2318 τοῖς
246 2287 366 2322 κλήμασι
379 2287 427 2321 τὴν
444 2287 604 2319 ἀπόλαυσιν,
622 2287 709 2318 οὕτως
725 2288 738 2313 ὁ
755 2295 834 2321 μονο-

51 2333 122 2367 γενὴς
144 2333 190 2360 τοῦ
216 2333 285 2359 Θεοῦ
306 2333 402 2366 Λόγος,
413 2334 463 2367 τῆς
482 2342 512 2359 τε
529 2333 575 2360 τοῦ
588 2333 656 2359 Θεοῦ
668 2334 714 2359 καὶ
727 2332 832 2368 Πατρὺς

52 2377 92 2402 καὶ.
112 2378 158 2412 τῆς
185 2379 284 2405 ἑαυτοῦ
303 2378 411 2413 φύσεως
428 2379 478 2412 τὴν
499 2379 581 2404 οἱονεὶ
604 2378 765 2412 συγγένειαν
776 2379 832 2410 τοῖς

51 2423 128 2456 ἁγίοις
146 2425 278 2461 ἐντίθησι,
297 2425 325 2451 τὸ
339 2424 450 2458 Πνεῦμα
464 2425 566 2456 διδοὺς,
583 2425 630 2451 ἆτε
649 2425 680 2460 δὴ
693 2425 740 2451 καὶ
771 2433 832 2451 συν-

52 2469 177 2497 ενωθεῖσιν
192 2471 268 2505 αὐτῷ
280 2471 324 2497 διά
338 2479 368 2496 τε
384 2471 432 2504 τῆς
449 2471 567 2502 πίστεως
582 2471 628 2497 καὶ
645 2471 693 2505 τῆς
714 2471 829 2498 εἰοάτιαν

51 2514 175 2550 ὁσιότητος
193 2517 308 2552 ’τρέφει
331 2517 359 2543 δὲ
383 2517 450 2552 πρὸς
472 2517 623 2547 εὐσέϐειαν,
650 2518 697 2543 καὶ
721 2518 830 2552 ἁπάσης

52 2560 133 2592 αὺτοῖς
146 2563 244 2596 ἀρετῆς
258 2563 304 2588 καὶ
319 2562 503 2597 ἀγαθουργίας
523 2562 624 2596 εἴδησιν
641 2563 828 2597 ἐνεργάζεται.

54 2605 164 2641 Γεωργὺν
184 2608 213 2635 δέ
231 2617 298 2643 φησι
321 2608 367 2634 τὸν
384 2607 504 2643 Πατέρα,
528 2607 572 2633 διὰ
597 2608 676 2634 ποίαν
700 2606 754 2644 ἄρα
783 2609 830 2635 καὶ

53 2652 121 2678 τοῦτο
136 2654 222 2680 αἰτίαν
238 2663 245 2686 ;
261 2654 327 2680 Οὐδὲ
343 2654 397 2690 γὰρ
412 2654 576 2688 ἄπρακτοςῆ
597 2654 695 2689 ἄεργος
705 2656 745 2686 εἰς
759 2655 831 2690 ἡμᾶς

53 2696 172 2734 ὀΠατὴρ,
187 2700 332 2736 τρέφοντάς
351 2708 381 2726 τε
397 2700 444 2726 καὶ
468 2699 624 2734 συνέχοντος
641 2701 680 2731 εἰς
699 2701 729 2727 τὸ
761 2699 830 2728 εἰναι

54 2741 131 2773 καλῶς
143 2744 187 2770 τοῦ
200 2744 266 2770 Υἱοῦ
279 2745 307 2770 ἐν
319 2744 388 2778 ἁγίῳ
396 2744 544 2779 Πνεύματι,
561 2745 624 2778 ὅλης
634 2744 660 2770 δὲ
671 2744 765 2781 ὥσπερ
779 2746 829 2780 τῆς

56 2786 124 2818 ἁγίας
137 2789 180 2814 καὶ
194 2790 335 2824 ὁμοουσίου
351 2790 464 2825 Τριάὅος
485 2789 564 2825 ἔργον
581 2790 654 2816 ἐστὶν
667 2792 683 2826 ἡ
698 2791 750 2818 τῶν
767 2793 828 2819 καθ’

84 2841 140 2879 "_ll
160 2843 234 2871 Petr.
254 2853 277 2876 ι,
293 2845 319 2872 ι.
357 2845 379 2860 ⁸ο
397 2846 406 2871 ι
423 2846 486 2873 Cor.
505 2854 529 2873 γι
543 2867 550 2879 ,
568 2846 611 2873 l7.

59 2883 88 2908 ιι,
102 2877 125 2904 6.
161 2880 182 2894 "
202 2879 210 2906 l
227 2880 307 2908 Joau.
327 2888 374 2914 III,
395 2881 440 2907 2i.

662 2847 682 2863 "
702 2849 710 2874 Ι
730 2848 793 2876 Cor.
815 2849 861 2881 tu‘,
882 2849 923 2877 ll.

882 2285 960 2320 gieus
986 2285 1019 2312 iis
1043 2285 1218 2320 potissimum
1240 2285 1287 2320 qui
1304 2286 1373 2312 uniti
1393 2289 1455 2313 sunt
1473 2286 1497 2313 ei
1515 2294 1563 2322 per
1578 2286 1671 2320 ﬁdem,

882 2335 909 2359 et
932 2331 1118 2358 omnimodam
1145 2332 1332 2363 sanctitatem,
1358 2339 1462 2366 eOSque
1479 2332 1513 2359 ad
1542 2331 1671 2367 pietatem

882 2378 940 2410 alit,
961 2378 1104 2412 omnisque
1119 2377 1230 2406 virtutis
1247 2385 1279 2404 ac
1297 2377 1428 2405 bonitatis
1445 2378 1627 2414 cognitionem
1643 2379 1671 2407 in

882 2423 915 2451 iis
945 2427 1086 2458 operatur.
1119 2422 1274 2457 Agricolam
1306 2430 1372 2449 vero
1396 2422 1504 2451 Patrem
1536 2424 1670 2456 nominat,

881 2476 975 2505 quant,
998 2476 1106 2504 precor,
1126 2468 1161 2496 ob
1185 2476 1297 2496 causam
1310 2468 1321 2495 ἶ)
1335 2467 1391 2495 Nec
1405 2469 1478 2496 enim
1494 2469 1601 2497 otiosus
1624 2475 1671 2498 aut

881 2518 1006 2542 cessator
1021 2521 1085 2548 erga
1109 2521 1160 2540 nos
1175 2517 1218 2541 est
1240 2513 1331 2545 Pater,
1353 2514 1417 2541 dum
1437 2514 1523 2542 Filius
1543 2523 1594 2543 nos
1620 2523 1671 2542 nu-

882 2561 927 2587 trit
943 2567 975 2587 ac
991 2559 1064 2587 fovet
1080 2559 1106 2586 in
1125 2563 1221 2586 sancto
1239 2559 1359 2594 Spiritu;
1378 2560 1424 2587 sed
1439 2561 1524 2587 totius
1537 2560 1672 2595 quodam-

881 2606 962 2634 modo
985 2611 1067 2641 atque
1091 2606 1337 2633 consubstantialis
1364 2605 1508 2634 Trinitatis
1528 2614 1598 2640 opus
1626 2607 1669 2633 in~

881 2653 1016 2682 stauratio
1031 2656 1128 2679 nostra
1143 2656 1195 2684 est,
1211 2657 1238 2680 et
1255 2652 1289 2679 ad
1305 2656 1388 2680 totam
1406 2657 1533 2680 naturam
1547 2652 1668 2680 divinam

878 2700 999 2734 pertinet
1022 2698 1146 2725 omnium
1172 2706 1234 2733 qum
1254 2699 1288 2725 ab
1312 2698 1370 2734 ipsa
1391 2698 1460 2726 ﬁunt
1483 2698 1610 2725 voluntas
1636 2705 1669 2725 ac

884 2749 1015 2780 potestas.
1028 2743 1201 2778 Proindeque
1217 2745 1244 2771 in
1260 2744 1377 2771 solidqu
1394 2744 1476 2771 etiam
1494 2743 1521 2770 in
1538 2750 1591 2771 una
1604 2750 1668 2778 per-

883 2799 949 2818 sona
965 2799 980 2818 a
1001 2790 1080 2818 nobis
1102 2789 1281 2826 gloriﬁcatur.
1301 2789 1474 2818 Servatorem
1496 2789 1596 2817 etenim
1619 2796 1670 2817 νος

975 2849 996 2864 ⁸¹
1018 2847 1121 2876 lJoan.
1143 2849 1243 2882 Iv,15.
1296 2848 1319 2864 ⁸³
1337 2847 1404 2876 Ibid.
1427 2847 1470 2874 16.
1521 2847 1543 2862 ⁸⁵
1561 2845 1571 2875 Ι
1587 2845 1668 2877 Joan.
