1896 3034
197 180 251 208 535

759 179 896 208 CYRILLI
910 179 1145 208 ALEXANDRINI
1165 180 1322 208 ARCIIIEP.

1781 178 1840 205 330

198 245 294 266 camus
314 237 411 269 Deum,
430 245 482 264 non
505 239 620 266 seorsim
638 239 747 274 quidem
764 238 850 272 Patri,
867 238 971 266 seorsin

1015 250 1021 267 ι
1036 239 1109 274 ἡμᾶς
1124 238 1321 274 ἐπανόρθωσις,
1338 237 1385 264 καὶ
1400 237 1443 264 διὰ
1455 237 1544 271 πάσης
1561 236 1670 272 ἔρχεται
1689 237 1742 271 τῆς
1758 236 1840 267 θείας

197 290 288 311 autem
313 283 364 318 ipsi
390 283 470 316 Filio,
495 284 553 311 sive
578 291 674 312 sancto
697 285 801 320 Spiritu
828 285 982 320 gratiarum

196 330 321 357 actiones
345 329 380 356 ob
400 337 430 357 ea
455 337 515 365 quae
539 331 759 359 misericorditer
775 331 916 358 consecuti
935 338 982 357 su-

196 384 257 403 mus
271 375 443 410 .relerentes,
462 376 509 404 sed
525 384 621 403 revera
636 377 788 404 divinitatis
808 377 891 404 unius
912 383 982 410 opus

195 425 318 448 nostram
332 421 447 449 salutem
464 429 525 449 esse
545 422 678 450 dicentes.
704 422 781 450 Licet
798 429 863 458 ergo
882 421 982 456 cuique

195 474 318 502 personat
344 467 427 494 tribui
453 467 578 495 videatur
601 468 704 503 aliquid
720 476 814 496 eorttm
839 475 900 503 quae
916 474 980 503 erga

194 521 255 544 nos,
272 516 316 539 aut
330 519 393 547 erga
406 517 562 540 creaturam
579 512 659 545 ﬁunt,
682 513 863 541 nihilominus
890 518 981 541 tamen

194 559 331 586 credimus
349 563 448 585 cttncta
460 566 521 586 esse
536 567 551 585 a
567 559 647 586 Patre
671 567 719 594 per
743 559 842 586 Filium
868 560 894 586 in
919 559 981 595 Spi-

193 605 259 633 rittt.
284 603 448 632 Rectissime
471 606 564 640 itaque
591 606 728 641 intelliges
752 606 860 633 Patrem
885 614 936 635 nos
950 607 979 635 in

193 649 320 685 pietatem
343 652 454 686 quidem
479 652 595 685 nutrire,
613 660 660 687 per
682 651 781 679 Filitttn
805 653 833 680 in
852 652 978 688 Spiritu:

193 703 311 731 eumque
322 705 418 725 rursus
439 705 502 733 erga
519 705 570 725 nos
585 698 712 733 agricolae
725 699 811 726 vicem
827 706 933 734 gerere,
952 699 980 727 id

192 747 235 770 est
253 744 410 778 prospicere
427 747 454 771 et
471 745 629 777 observare,
647 752 752 780 nosque
766 745 842 772 omni
861 753 926 772 cura
939 745 981 773 di—

193 789 293 824 rigere,
311 797 358 824 per
377 789 475 816 Filiqu
497 790 523 817 in
546 789 659 825 Spiritu.
679 790 725 817 Sic
741 791 814 818 enint
831 798 892 818 meo
901 791 979 826 judi-

192 836 236 862 cio
259 836 361 863 rectius
386 835 465 871 longe
485 843 566 870 quam
591 836 647 863 alio
665 837 747 864 modo
772 837 978 872 pltilosopltabi-

193 888 265 907 mur.
284 880 350 907 Nam
368 881 392 908 si
409 881 592 909 concedentus
612 889 836 917 unumquemque
860 883 977 910 seorsint

193 925 296 960 aliquid
319 926 427 960 operari
453 925 525 961 quod
550 926 665 954 alterius
686 934 742 954 non
761 935 824 955 esse
842 927 977 960 dicamus,
997 923 1017 951 Β

191 979 256 998 num
273 971 417 1006 quisquam
436 972 566 1007 ambiget,
582 980 643 999 cum
660 972 724 1000 vitis
740 972 828 1000 Filius
842 981 918 1001 nunc
932 981 979 1009 ap-

192 1017 308 1051 pellatus
323 1018 370 1049 sit,
387 1017 467 1045 Pater
490 1021 582 1045 autem
608 1018 739 1053 agricola,
758 1026 808 1045 nos
819 1019 855 1045 ali
869 1018 977 1053 quidem

191 1061 306 1088 seorsim
325 1066 352 1089 et
367 1061 451 1090 foveri
470 1070 485 1089 a
503 1063 563 1090 solo
578 1062 658 1096 Filio,
674 1070 690 1090 a
711 1064 791 1091 Patre
806 1072 873 1091 vero
890 1065 976 1092 solam

191 1114 241 1134 nos
257 1107 394 1134 culturam
409 1109 529 1136 habere?
545 1108 599 1135 Viti
613 1109 686 1136 enim
700 1109 840 1144 proprium
856 1113 897 1137 est
912 1118 977 1138 suos

190 1154 297 1181 ntttrire
314 1154 458 1189 palmites:
476 1155 602 1190 agricola:
622 1163 687 1182 vero
711 1155 796 1191 859
807 1156 866 1190 ejus
882 1163 976 1183 curam

189 1199 302 1228 habere.
325 1199 377 1227 Sed
397 1201 421 1227 si
439 1206 512 1228 recte
526 1202 661 1236 sapimus,
681 1203 795 1229 omnino
816 1203 976 1237 putabimus

189 1253 276 1280 neque
292 1246 361 1273 illud
378 1247 482 1282 absque
498 1247 589 1281 Patre,
607 1255 696 1283 neque
722 1248 798 1275 aliud
821 1249 882 1275 sine
906 1247 976 1275 Filio

188 1298 235 1319 seu
254 1297 351 1320 sancto
368 1291 474 1328 Spiritu
490 1301 605 1328 prorsus
617 1294 721 1329 peragi.
746 1295 851 1322 Cuncta
869 1295 943 1322 enim
960 1302 975 1322 a

188 1336 270 1365 Patre
287 1346 336 1373 per
352 1338 450 1366 Filium
468 1339 496 1366 in
514 1339 630 1374 Spiritu,
651 1341 733 1368 sicuti
759 1340 888 1368 diximus.
912 1341 976 1368 Sitt-

187 1383 276 1418 gulari
296 1388 387 1411 autern
404 1385 522 1412 consilio
536 1385 668 1412 Scrvator
678 1386 760 1412 etiam
776 1394 849 1413 nunc
866 1385 974 1413 Patrem

189 1430 309 1464 appellat
325 1431 475 1465 agricolam
490 1440 497 1464 ;
511 1439 593 1466 quam
610 1439 676 1459 vero
699 1434 733 1459 ob
748 1439 871 1464 causam,
892 1439 975 1468 grave

189 1483 243 1502 non
261 1477 312 1503 erit
326 1485 474 1512 exponere.
501 1477 539 1506 Ne
567 1480 630 1514 quis
655 1481 728 1507 enim
751 1484 861 1515 putaret
883 1481 974 1507 solum

190 1519 366 1556 Unigenitum
386 1523 474 1550 nostri
488 1530 584 1551 curam
602 1531 695 1559 agere,
712 1525 822 1553 Patrem
837 1533 870 1553 ac
888 1526 973 1553 Deum

186 1567 272 1595 veluti
296 1573 504 1603 cooperatorem
530 1569 648 1603 induxit,
665 1570 785 1605 seipsum
806 1571 919 1605 quidem
933 1570 974 1598 vi-

187 1617 241 1641 tem
266 1615 413 1643 nominans
432 1623 493 1650 qua:
511 1616 671 1650 palmitibus
688 1617 748 1644 suis
764 1617 849 1643 vitam
873 1615 975 1651 largia-
988 1605 1009 1635 ο

186 1664 231 1686 tur
253 1664 280 1687 et
303 1660 519 1695 fecunditatem;
543 1661 651 1689 Patrem
677 1666 768 1690 autem
794 1663 946 1698 agricolam
965 1684 973 1696 ,

185 1714 235 1741 per
251 1706 303 1734 hoc
317 1715 414 1734 rursus
427 1707 529 1734 docens
543 1708 623 1735 aliam
636 1709 784 1743 quamdam
797 1709 897 1735 divime
909 1708 975 1736 sub-

186 1753 295 1779 slantia‘.
317 1759 380 1786 erga
404 1760 454 1780 nos
472 1753 661 1786 operationem
685 1753 777 1788 peragi
791 1773 798 1784 ,
825 1753 974 1788 providen-

186 1798 252 1824 tiam
271 1798 402 1824 nimirtun
429 1805 461 1825 ac
477 1805 583 1826 curam.
611 1798 726 1826 Discere
748 1800 851 1834 quippe
874 1806 975 1826 conve-

186 1843 281 1870 niebat
296 1841 380 1869 Deum
397 1850 448 1870 nos
466 1851 524 1874 non
536 1847 642 1870 tantum
661 1852 719 1871 sua:
735 1849 878 1873 consortes
895 1849 974 1872 natu-

186 1897 224 1916 rae
247 1887 347 1916 fecisse
362 1888 397 1921 ³⁸,
420 1889 447 1916 in
466 1893 563 1917 sancta
579 1894 606 1917 et
620 1891 855 1917 consubstantiali
881 1890 973 1918 Trini-

186 1937 241 1961 tate
264 1939 439 1969 conceptum,
462 1935 509 1962 sed
524 1939 551 1962 et.
564 1936 654 1963 nostri
679 1943 815 1963 summam
837 1944 931 1963 curam
947 1941 974 1964 et

185 1981 388 2016 providentiam
404 1989 495 2016 agere,
517 1989 599 2016 quam
615 1982 666 2009 sub
679 1983 857 2017 agriculturae
881 1990 974 2009 exem—

185 2027 230 2061 plo
246 2030 320 2053 recte
335 2031 363 2054 et
377 2033 563 2055 consentanee
578 2027 622 2055 hic
636 2027 831 2063 intelligimus.
846 2028 916 2055 Vitis
939 2028 974 2055 si-

184 2071 294 2108 quidem
321 2071 437 2106 ejusque
459 2073 601 2107 palmitum
632 2073 702 2100 l‘aeta
722 2074 799 2107 prius
819 2074 971 2106 mentione,

184 2117 323 2153 quomodo
349 2125 404 2144 non
429 2119 547 2146 maxime
561 2119 690 2145 convenit
705 2119 854 2152 agricolam
877 2119 921 2146 hic
935 2119 973 2146 si-

184 2164 322 2199 guiﬁcari,
338 2172 393 2198 quo
416 2172 507 2191 rerum
528 2165 652 2191 omnium
672 2165 813 2199 inspector
833 2165 973 2199 guberna-

185 2213 284 2244 torque
309 2209 490 2244 significaturI
509 2210 638 2239 nimirum
660 2210 755 2237 Deus?
772 2209 849 2243 Quod
866 2210 887 2237 si
912 2219 969 2238 cre-

183 2256 275 2283 dimus
296 2255 461 2282 naturaliter
482 2255 593 2290 quidem
617 2263 650 2282 ac
672 2263 735 2282 vere
753 2255 851 2283 Filium
867 2264 928 2284 esse
942 2257 969 2284 in

184 2301 236 2327 'suo
255 2300 348 2333 Patre,
369 2304 396 2328 et
412 2300 514 2327 habere
529 2301 556 2327 in
572 2308 621 2327 sua
640 2305 739 2328 natura
766 2302 885 2335 Patrem,
903 2310 970 2330 cun-

184 2351 228 2372 cta
248 2354 296 2380 per
315 2346 410 2373 ambos
426 2345 453 2372 in
470 2345 575 2380 Spiritu
598 2353 648 2373 ceu
667 2354 699 2373 ex
717 2354 771 2373 una
788 2347 890 2375 deitate
914 2356 971 2383 per-

184 2396 312 2426 agentur,
327 2399 379 2419 nec
396 2398 412 2418 a
429 2392 509 2419 nobis
526 2392 633 2420 alendis
648 2392 738 2420 Pater-
750 2395 925 2428 excludetttr,
943 2399 971 2423 et

183 2445 199 2463 a
216 2437 302 2464 nostri
325 2437 437 2464 cultura
458 2437 544 2466 Filius
560 2446 733 2474 nequaquam
750 2441 858 2468 alienus
874 2449 969 2470 cense-

184 2480 268 2511 bitur,
290 2480 372 2515 idque
383 2481 447 2516 jure
458 2482 567 2510 merito.
584 2481 636 2510 Ubi
656 2484 728 2510 enim
748 2489 853 2512 natum
872 2485 969 2513 identi-

183 2530 226 2552 tas
242 2533 289 2559 per
301 2526 394 2552 omnia
411 2526 508 2554 similis
525 2528 658 2560 cernitur,
677 2529 715 2555 ibi
728 2530 856 2564 quamvis
875 2531 969 2558 multis

182 2570 322 2605 variisque
334 2571 424 2598 tnodis
438 2572 496 2600 lleri
513 2574 646 2600 nonnttlla
671 2574 828 2608 videantur,
851 2583 904 2602 non
926 2580 968 2604 est

182 2619 273 2642 tamen
294 2617 418 2651 operatio
432 2617 550 2646 diversa.
567 2618 634 2646 Cum
654 2623 746 2647 autent
765 2628 818 2646 una
845 2620 881 2647 sit
901 2622 967 2648 sub-

183 2662 297 2695 stantia,
322 2663 349 2689 id
365 2668 417 2696 est,
439 2671 501 2691 vera
518 2668 544 2691 et
562 2665 714 2692 secundum
730 2670 857 2692 naturant
876 2666 967 2694 Deitas

182 2707 211 2734 in
224 2708 311 2735 tribus
328 2708 520 2743 hypostasibus
540 2710 721 2746 intelligatur,
737 2711 765 2738 in
789 2711 871 2739 Patre
887 2713 966 2740 nimi-

181 2759 254 2786 rum,
277 2758 303 2780 et
327 2753 407 2787 Filio,
428 2760 577 2791 sanctoque
601 2755 716 2791 Spiritu,
741 2758 881 2792 quomodo
909 2767 963 2786 non

182 2798 439 2828 manifestissimum
456 2807 482 2829 et
504 2801 690 2829 indubitatum
705 2806 748 2830 est
774 2803 961 2840 quodcunque

986 2277 1008 2304 Ι)

215 2884 238 2900 ⁸⁸
255 2885 274 2912 ll
290 2884 362 2914 Petr.
381 2895 405 2920 ι,
423 2888 451 2916 4.

1037 284 1144 318 φύσεως
1155 285 1315 320 ἡέφ¹ἂπασι
1323 286 1378 316 τοῖς
1389 284 1452 320 παρ’
1466 284 1550 319 αὐτῆς
1561 283 1710 318 δρωμένοις
1720 283 1841 317 Transi;

1035 339 1064 357 τε
1073 331 1120 357 καὶ
1131 330 1254 366 δύναμις.
1272 331 1321 358 Διὰ
1335 330 1414 357 τοῦτο
1429 330 1476 356 καὶ
1485 329 1648 365 ρλοκλήρως
1668 329 1718 354 καὶ
1734 329 1768 354 ὲν
1797 329 1840 354 ἐνί

1036 376 1175 412 προσώπῳ
1191 378 1255 412 παρ’
1267 376 1345 412 ἡμῶν
1360 376 1512 408 δοξάζεται.
1527 375 1643 410 Σωτῆρα
1656 374 1713 409 γὰρ
1727 373 1839 400 καλοῦ-

1037 430 1086 457 μεν
1096 421 1142 448 τὸν
1157 421 1222 448 Θεὸν
1233 422 1284 449 οὐκ
1300 421 1353 449 ἀνὰ
1367 421 1449 457 μέρος
1461 422 1510 456 μὲν
1517 420 1557 456 τῷ
1567 420 1667 455 Πατρὶ,
1680 420 1733 446 ἁνὰ
1749 419 1786 454 μέ
1792 428 1839 454 ῳς

1033 466 1061 494 δὲ
1081 466 1154 503 αὑτῷ
1164 466 1202 502 τῷ
1218 467 1285 502 Υίῷ,
1305 467 1364 503 ἤτοι
1379 467 1417 503 τῷ
1432 467 1502 502 ἁγίῳ
1513 466 1655 501 Πνεύματι
1669 465 1705 492 τὰ
1727 465 1777 500 ἐφ’
1796 463 1840 495 οἷς

1034 513 1175 548 ἡλεήμεθα
1187 513 1401 549 ἀποκομίζοντες
1415 513 1591 549 χαριστήρια,
1609 512 1666 538 ἀλλ’
1676 512 1770 542 ὅντως
1786 511 1840 544 τῆς

1036 561 1100 594 μιᾶς
1113 560 1237 595 θεότητος
1252 559 1416 595 κατόρθωμα
1433 559 1557 594 λέγοντες
1571 558 1620 593 τὴν
1646 557 1756 585 ἑαυτῶν
1784 565 1840 582 σω-

1033 606 1140 641 τηρίαν.
1156 606 1214 633 Κᾶν
1231 606 1296 641 γοῦν
1309 606 1417 641 ἑκάστῳ
1440 605 1581 641 προσώπῳ
1599 603 1785 638 διανέμεσϐαξ
1810 611 1839 628 τι

1033 652 1098 688 δοκῇ
1110 651 1164 679 τῶν
1178 653 1303 688 εἰςὴμᾶς
1324 651 1484 686 γεγονότων,
1505 652 1564 686 ἦτοι
1586 650 1640 678 τῶν
1663 650 1837 685 ἐνεργουμέ-

1033 706 1087 725 νων
1115 698 1178 733 περὶ
1203 697 1253 733 τὴν
1279 698 1379 729 κτίσιν,
1395 697 1460 738 άλλη
1473 697 1549 724 οὐδὲν
1566 694 1648 732 ἦττον
1660 697 1837 730 πιστεύομεν

1033 744 1073 770 ὅτι
1092 744 1181 771 πάντα
1195 744 1253 770 ὲστὶ
1271 743 1347 779 παρὰ
1364 743 1411 770 τοῦ
1431 743 1537 778 Πατρὺς
1554 743 1587 769 δι’
1611 742 1677 769 Υίοῦ
1689 743 1718 769 ὲν
1743 742 1837 768 Ilva-J-

1034 798 1109 826 ματι.
1135 790 1251 825 Νοήσεις
1279 788 1326 817 οὖν
1350 789 1404 825 ἄρα
1424 789 1472 816 καὶ
1493 789 1552 816 λίαν
1572 788 1662 824 ὀρθῶς
1677 788 1836 824 ὖτιτρέ-,ξει

1035 837 1084 872 μὲν
1097 837 1170 872 ἡμᾶς
1185 837 1224 868 είς
1237 836 1378 863 εὐσέϐειαν
1397 837 1411 863 ὁ
1426 835 1520 871 Πατὴρ
1542 835 1575 862 δι’
1591 835 1660 862 Υἱοῦ
1686 835 1715 861 ἐν
1743 835 1837 861 1]νεὺ-

1034 892 1099 918 ματι
1112 891 1119 898 '
1137 884 1256 918 γεωργεῖ
1266 883 1294 909 δὲ
1307 880 1340 909 αὖ
1354 882 1443 914 πάλιν,
1458 881 1530 908 τοῦτ’
1542 882 1624 913 ἔστιν,
1638 882 1725 917 ἐφορᾷ
1740 890 1773 907 τε
1786 881 1836 907 καὶ

1031 924 1235 961 ὲπισκέπτεταί,
1253 929 1301 955 καὶ
1320 928 1460 965 φροντίδος
1471 928 1521 963 τῆς
1533 927 1741 963 ὲπανορῦοὑσης
1760 927 1836 959 ἀξιά

1029 975 1064 1001 δι’
1079 975 1144 1001 Υἱοῦ
1158 975 1187 1001 ὲν
1202 974 1352 1010 Πνεύματι.
1369 973 1541 1008 Λογιούμεθα
1549 973 1603 1007 γὰρ
1619 972 1721 1008 μᾶλλον
1741 973 1835 1002 οὕτως

1029 1020 1205 1056 ὸρθῶς,ἥπερ
1220 1018 1266 1047 οὖν
1278 1019 1389 1054 ἑτέρως,
1400 1019 1469 1046 κατά
1484 1027 1515 1053 γε
1530 1018 1577 1045 τὸν
1593 1018 1732 1053 ἡμέτερον
1748 1017 1827 1044 γοῦν.

1030 1067 1061 1093 Εἰ
1084 1066 1139 1102 γὰρ
1163 1067 1270 1102 ἑκάστῳ
1288 1066 1410 1101 δώσομεν
1428 1066 1479 1092 ἀνὰ
1502 1064 1584 1100 μέρος
1605 1063 1785 1100 ἐργάσασθαί
1806 1073 1834 1089 τι

1028 1114 1083 1141 τῶν
1097 1113 1157 1140 καθ’
1171 1114 1256 1148 ἡμᾶς,
1274 1112 1288 1140 ὃ
1305 1113 1373 1148 μήτε
1384 1112 1432 1139 τοῦ
1453 1111 1547 1147 ἐτέρου
1561 1110 1642 1146 τυχὸν
1671 1109 1747 1136 εἷναί
1777 1119 1833 1144 ςα-

1030 1168 1089 1195 μεν,
1103 1159 1161 1190 πῶς
1177 1159 1229 1185 οὐκ
1243 1158 1437 1194 ἀναμφίλογον,
1457 1157 1495 1188 ὼς
1507 1157 1619 1190 ἐπείπερ
1634 1155 1765 1190 ἄμπελος
1777 1155 1834 1190 μὲν

1027 1207 1041 1232 ὁ
1063 1205 1126 1236 Υἱὸς
1151 1204 1309 1239 ὠνόμασται
1329 1202 1388 1235 νῦν,
1416 1202 1538 1237 γεωργὸς
1563 1201 1591 1227 δὲ
1607 1201 1621 1227 ό
1641 1201 1752 1235 Πατὴρ,
1770 1209 1835 1235 τρε-

1027 1249 1134 1283 φόμεθα
1161 1248 1210 1283 μὲν
1236 1248 1344 1281 ίδικῶς,
1378 1246 1545 1282 συνεχόμεθὰ
1570 1254 1601 1272 τε
1635 1246 1706 1281 πρὸς
1732 1245 1769 1271 τὸ
1802 1243 1833 1272 εί

1026 1293 1097 1321 εἶναι
1116 1293 1192 1329 παρὰ
1211 1294 1291 1329 μόνου
1323 1293 1371 1320 τοῦ
1393 1292 1469 1319 Υῐοῦ·
1498 1291 1573 1326 παρὰ
1592 1291 1620 1318 δέ
1640 1300 1671 1325 γε
1693 1291 1743 1317 τοῦ
1774 1292 1833 1317 Πι-

1025 1341 1089 1376 τρδς
1111 1340 1192 1376 ψιλὴν
1221 1340 1319 1374 ἔχομεν
1351 1339 1400 1374 τὴν
1425 1338 1590 1372 ἐπίσκεψιη
1615 1337 1751 1372 Ἀμπέλῳ
1783 1338 1834 1372 μὲ)

1026 1388 1079 1423 γὰρ
1099 1388 1129 1414 ea
1141 1387 1251 1423 τρέφειν
1271 1387 1371 1413 οἰκεῖον
1387 1385 1422 1412 τὰ
1438 1385 1490 1413 ἴδια
1507 1385 1647 1419 κλήματα,
1674 1384 1714 1419 τῷ
1731 1384 1764 1411 δὲ
1782 1394 1834 1419 γη-

1026 1434 1153 1461 πονοῦντι
1182 1434 1213 1460 τὸ
1231 1431 1455 1459 ἐπισκέπτεσθαι.
1492 1431 1561 1457 Ἀλλ’
1579 1431 1637 1464 εἴγε
1669 1431 1834 1466 φρονοῦμεν

1025 1481 1123 1516 ὀρθῶς,
1138 1479 1298 1516 ἡγησόμεθα
1311 1479 1343 1514 δὴ
1360 1478 1479 1510 πάντως,
1495 1478 1537 1505 ὅτι
1551 1476 1614 1504 οὔτε
1634 1478 1725 1503 ἐκεῖνο
1741 1478 1833 1512 χωρὶς

1024 1526 1071 1553 τοῦ
1089 1527 1205 1562 Πατρὸς,
1217 1525 1280 1552 οὔτε
1301 1525 1354 1560 μὴν
1367 1524 1398 1550 τὸ
1411 1524 1505 1560 ἕτερον
1521 1523 1583 1558 δίχα
1595 1522 1641 1549 τοῦ
1653 1522 1731 1554 Υἱοῦ,
1743 1523 1833 1557 ἡγουν

1024 1572 1072 1598 τοῦ
1090 1572 1169 1607 ἁγίου
1200 1571 1357 1606 Πνεύματος
1381 1569 1565 1604 κατορθώσειε
1587 1568 1618 1595 τὸ
1635 1569 1700 1594 πᾶν.
1728 1568 1831 1595 Πάντα

1026 1618 1081 1652 γὰρ
1096 1617 1171 1653 παρὰ
1183 1617 1289 1652 [ἶατρδς
1304 1617 1338 1643 δι’
1354 1615 1419 1642 Υἱοῦ
1433 1617 1461 1642 ὲν
1472 1615 1622 1650 Πνεῦματι,
1641 1613 1777 1649 καθάπερ
1792 1616 1833 1640 εἱ-

1028 1663 1164 1698 ρήκαμεν.
1194 1661 1381 1697 Οἰκονομικῶς
1411 1660 1439 1687 δὲ
1465 1659 1525 1687 λίαν
1548 1660 1598 1686 καὶ
1615 1659 1663 1686 νῦν
1686 1660 1700 1685 ὀ
1728 1660 1833 1694 Σωτὴρ

1025 1709 1148 1744 γεωργὸν
1164 1708 1290 1744 ὠνόμασε
1308 1708 1353 1734 τὸν
1376 1708 1498 1742 Πατέρα,
1514 1707 1562 1734 καί
1582 1715 1626 1737 τις
1650 1706 1706 1741 ἄρα
1726 1707 1831 1740 γέγονε

1024 1754 1119 1781 τούτου
1133 1754 1278 1788 πρόφασις,
1287 1754 1364 1780 οὐδὲν
1378 1753 1445 1784 ὅλως
1456 1754 1542 1779 εἰπεῖν
1555 1752 1685 1787 χαλεπόν.
1697 1752 1763 1778 Ἷνα
1774 1753 1831 1787 γὰρ

1027 1801 1120 1836 μήτις
1134 1801 1224 1835 οἴηται
1246 1800 1327 1835 μόνου
1349 1799 1396 1825 τοῦ
1426 1798 1597 1833 Μονογενοῦς
1621 1799 1672 1834 τὴν
1697 1799 1744 1832 ἐφ’
1760 1801 1833 1833 ἡμῖν

1024 1845 1152 1881 γενέσθαι
1164 1845 1300 1881 φροντίδα,
1327 1843 1497 1879 συνεργάτην
1521 1843 1617 1878 ὥσπερ
1642 1843 1830 1877 είσκεκόμικε

1025 1889 1070 1916 τὸν
1084 1891 1193 1924 Πατέρα
1218 1889 1266 1915 καὶ
1292 1888 1368 1919 Θεὸν,
1398 1888 1494 1914 ἑαυτὸν
1514 1888 1562 1923 μὲν
1589 1887 1714 1922 ἄμπελον
1739 1888 1832 1914 εἰπὼν

1023 1936 1080 1966 τοῖς
1097 1936 1171 1966 ἰδίοις
1199 1934 1320 1970 κλήμασι
1350 1933 1521 1969 χορηγοῦσαν
1547 1933 1597 1968 τὴν
1619 1933 1704 1968 ζωὴν,
1730 1934 1785 1959 καὶ
1799 1934 1832 1959 τὸ

1024 1981 1152 2008 δύνασθαι
1166 1981 1358 2016 καρποφορεῖν,
1376 1980 1499 2016 γεωργὸν
1521 1979 1549 2005 δὲ
1567 1979 1614 2005 τὸν
1626 1980 1807 2013 γεννήσαντα
1821 1989 1827 1992 ·

1024 2027 1072 2054 καὶ
1085 2027 1129 2053 διὰ
1140 2026 1234 2053 τούτου
1251 2026 1343 2059 πάλιν,
1361 2026 1458 2062 ἑτέραν
1482 2026 1577 2060 ὥσπερ
1591 2025 1655 2052 τινὰ
1678 2025 1730 2059 τῆς
1748 2026 1830 2058 Θείας

1023 2071 1117 2102 οὐσίας
1129 2071 1271 2105 ἐνέργειαν
1297 2071 1347 2106 τὴν
1359 2071 1419 2097 κατ’
1436 2070 1581 2105 ἐπίσκεψιν
1596 2070 1764 2105 νοουμένην,
1787 2072 1831 2102 εἰς

1023 2117 1097 2152 ἡμᾶς
1107 2116 1289 2143 ἐπιτελεῖσθαι
1303 2116 1445 2143 διδάσκων.
1462 2116 1535 2142 Ἔδει
1559 2116 1624 2150 γὰρ,
1643 2116 1698 2142 ἔδει
1716 2117 1829 2151 μανθά-

1023 2171 1078 2189 νειν
1093 2162 1176 2197 ἡμᾶς,
1193 2162 1230 2193 ὡς
1247 2163 1278 2188 οὐ
1298 2163 1377 2198 μόνον
1397 2163 1542 2194 κοινωνοὺς
1568 2163 1619 2197 τῆς
1645 2162 1750 2189 ἑαυτοῦ
1775 2164 1828 2197 φύ-

1024 2217 1092 2241 σεως
1107 2209 1285 2244 ἐξειργάσατο
1315 2209 1382 2241 Θεὸς
1404 2210 1434 2236 ὲν
1460 2209 1526 2245 ἁγίᾳ
1549 2218 1578 2236 τε
1609 2210 1658 2236 καὶ¹
1680 2211 1827 2245 donauerit},

1024 2255 1118 2289 Τριάδι
1132 2255 1286 2292 νοούμενος·
1305 2255 1372 2282 ἀλλὰ
1392 2255 1440 2281 καὶ
1460 2255 1515 2282 τῶν
1537 2255 1598 2281 καθ’
1611 2255 1688 2290 ἡμᾶς
1705 2255 1827 2290 ἀκριϐε-

1023 2300 1123 2335 στάτην
1137 2299 1166 2327 εὖ
1186 2300 1258 2336 μάλα
1272 2302 1389 2328 ποιεῖται
1403 2300 1452 2336 τὴν
1466 2301 1621 2335 ἐπίσκεψιν,
1633 2301 1673 2331 ὡς
1682 2302 1710 2326 ἐν
1723 2302 1828 2336 τρόπῳ

1020 2346 1157 2381 γεωργίας
1173 2346 1398 2381 παραληφθεῖσαν
1410 2348 1449 2378 είς
1464 2347 1497 2373 τὸ
1506 2346 1594 2382 παρὸν
1617 2347 1782 2378 (luela-30m;
1794 2357 1825 2373 τε

1020 2391 1067 2417 καὶ
1084 2392 1187 2427 σφόδρα
1203 2391 1304 2423 καλῶς.
1323 2392 1579 2428 Προωνομασμένης
1595 2392 1652 2428 γὰρ
1669 2394 1802 2427 ἀμπέλου
1815 2414 1823 2425 ,

1018 2437 1066 2463 καὶ
1078 2437 1132 2463 τῶν
1149 2438 1178 2470 ἐξ
1189 2438 1273 2473 αὐτῆς
1287 2438 1445 2473 κλημάτων,
1458 2438 1516 2470 πῶς
1529 2439 1560 2465 οὐ
1579 2438 1641 2465 λίαν
1665 2440 1695 2465 ἐν
1709 2440 1824 2471 τούτοις

1018 2484 1230 2520 πρεπωδεστάτη
1243 2484 1290 2511 τοῦ
1306 2484 1492 2520 γεωργοῦντος
1505 2486 1522 2519 ἡ
1542 2485 1675 2519 δήλωσις,
1701 2485 1752 2512 τὸν
1771 2488 1823 2512 ἐττ-

1017 2529 1103 2565 όπτην
1116 2531 1170 2557 τῶν
1182 2531 1251 2557 ὅλων
1268 2531 1316 2558 καὶ
1343 2531 1513 2567 ἐπιμελητὴν
1532 2532 1714 2568 εἰσφέρουσα,
1744 2533 1822 2559 τοῦτ’

1017 2574 1074 2601 ἔστι
1091 2575 1174 2609 Θεόν;
1191 2577 1222 2602 El
1250 2577 1278 2603 δὲ
1309 2578 1532 2614 πεπιστεύκαμεν
1557 2579 1598 2604 ὅτι
1623 2578 1752 2612 φυσικῶς
1770 2580 1821 2613 μὲν

1017 2621 1064 2647 καὶ
1077 2621 1185 2656 ἀληθῶς
1204 2623 1278 2649 ἐστιν
1292 2624 1306 2649 ό
1323 2623 1386 2654 Tib;
1402 2624 1430 2650 ὲν
1443 2624 1483 2659 τῷ
1513 2624 1572 2658 [δίῳ
1597 2624 1701 2659 Πατρὶ,
1715 2624 1776 2659 ἔχει
1790 2625 1820 2651 δὲ

1016 2667 1045 2692 ὲν
1063 2667 1116 2702 ἰδίᾳ
1130 2667 1210 2702 φύσει
1225 2668 1270 2695 τὸν
1287 2670 1467 2704 γεννήσαντα,
1486 2669 1576 2696 πάντα
1608 2669 1643 2696 δι’
1657 2671 1765 2705 ἀμφοῖν
1789 2671 1820 2696 ἐν

1019 2712 1165 2746 Πνεύματι⁷
1176 2714 1214 2746 ὡς
1231 2715 1262 2740 ὲκ
1278 2716 1342 2749 μιᾶς
1353 2715 1484 2750 Θεότητος
1501 2716 1759 2752 ἐπιτελεσθήσεται,
1771 2719 1821 2744 καὶ

1016 2757 1078 2783 οὔτε
1089 2758 1135 2784 τοῦ
1153 2759 1263 2794 τρέφειν
1291 2761 1364 2795 ἡμᾶς
1390 2762 1404 2787 ὁ
1421 2761 1515 2796 Πατὴρ
1537 2760 1591 2793 ἔξω
1618 2762 1757 2794 κείσεται,
1771 2764 1821 2788 καὶ

1015 2803 1064 2838 τῆς
1077 2804 1120 2838 ἐφ’
1139 2805 1205 2839 ἡμῖν
1218 2806 1355 2841 γεωργίας
1367 2807 1418 2834 οὐκ
1440 2807 1581 2842 ἀλλότριος
1597 2808 1611 2834 ὁ
1633 2809 1698 2840 Υἱὸς
1710 2811 1800 2836 νοοῖτο
