1929 3038
95 141 149 170 557

623 143 656 171 IN
670 142 814 171 JOANNIS
832 142 1056 172 EVANGELlUM
1076 145 1139 172 LIB.
1154 145 1188 172 Χ.

1663 144 1714 173 358

93 203 143 230 καὶ
156 201 283 233 εἰκότως.
297 202 383 242 Ὅπου
395 201 448 238 γὰρ
462 201 568 235 φύσεως
580 202 712 237 ταυτότης
724 203 751 230 ὲν
764 202 885 238 ἀπαραλ-

947 203 1019 230 mius
1034 210 1106 238 opus
1116 204 1228 236 dicitur,
1247 203 1273 231 id
1290 203 1373 230 totius
1388 209 1448 230 esse
1468 205 1496 229 et
1511 201 1592 230 unius
1606 202 1716 229 deitatis

95 247 207 279 λάκτοις
222 248 320 283 ὁρᾶται
333 247 432 282 λόγοις,
447 248 505 274 ἐκεῖ
519 248 549 274 τδ
561 249 609 283 τῆς
626 249 767 287 ἐνεργείας
789 250 819 276 οὐ
837 257 884 283 με-

99 293 278 329 μερισμένον,
294 293 345 320 κᾶν
360 293 489 325 ποικίλως
502 302 532 320 τε
545 293 591 320 καὶ
614 293 749 329 διαφόρως
764 294 884 329 ἐνεργεῖ-

98 337 162 365 σθαι
177 339 260 374 τυχὸν
276 339 361 366 νοοῐτό
376 348 440 366 τινι.
453 340 526 371 Μιᾶς
553 339 580 366 δὲ
593 339 696 371 οὐσίας.
722 339 793 366 τοῦτ’
809 339 866 366 ἔστι
877 358 884 371 ,

95 385 147 420 τῆς
160 385 280 420 ἀληθοῦς
292 385 338 412 καὶ
354 385 423 412 κατὰ
441 385 521 420 φύσιν
538 385 662 421 θεότητος
677 386 705 412 ὲν
721 386 808 421 τρισὶν
821 385 885 412 ὑπο-

97 431 211 458 στάσεσι
229 432 388 468 νοουμένης,
403 431 433 459 ἐν
456 440 487 458 τε
510 431 549 467 τῷ
564 432 662 467 Πατρὶ,
686 432 769 468 φημὶ,
786 432 833 459 καὶ
848 431 886 467 τῷ

96 477 156 512 Υξῷ
171 477 220 504 καὶ
233 477 272 512 τῷ
286 477 355 512 ἁγίῳ
370 477 519 512 Πνεύματι,
541 477 598 509 πῶς
627 477 657 504 οὐ
675 478 778 513 σφόδρα
791 477 887 513 ’πρανὲς

96 523 294 555 ἀνενδοιάστως
305 524 377 559 ἕχον,
387 524 424 556 ὠς
433 524 501 559 ὅπερ
512 524 546 551 ἂν
557 524 615 556 ἑνός
623 533 648 550 τι
657 524 738 559 τυχὸν
748 524 887 560 ἐνέργημα

95 568 224 604 λέγηται,
239 568 317 595 τοῦτο
328 569 376 603 τῆς
393 569 456 604 ὅλης
467 570 525 595 ἐστὶ
540 570 587 595 καὶ
605 569 668 603 μιᾶς
683 569 808 604 θεότητος
823 571 888 597 ἀπο-

96 614 231 649 τέλεσμα,
251 615 321 641 κατά
341 623 372 648 γε
397 614 442 641 τὸν
455 615 483 641 ἐν
498 614 611 649 δυνάμει
632 616 665 650 τῇ
681 617 782 650 φυσικῇ
797 615 886 650 λόγον.

98 660 156 685 Καὶ
169 659 235 693 γοῦν
249 661 263 686 ὁ
285 659 385 695 Κύριος
398 659 476 694 ἡμῶν
493 659 595 695 Ἰησοῦς
609 661 736 696 Χριστὸς,
755 662 888 697 συνεργά-

98 713 150 739 την
177 704 220 738 ἐφ’
243 704 328 731 ἅπασι
358 704 404 731 τὸν
433 705 541 740 Πατέρα
570 706 803 741 παραδεχόμενος,
833 708 888 738 τοῖς

99 749 220 781 ἀνοσίοις
239 749 376 781 Ἰουδαίοις
391 751 456 776 ποτὲ
478 750 626 786 προσέμιξε
645 751 748 785 λέγων’
777 762 786 778 ι
801 752 888 779 Πολλὰ

99 795 171 822 καλὰ
186 795 255 831 ἔργα
271 797 359 829 ἔδειξα
370 796 432 832 ὑμῖν
447 797 479 823 ἐκ
493 797 539 823 τοῦ
554 797 659 832 Πατρός
672 807 733 832 μου,
758 799 801 826 διὰ
813 800 888 827 ποῖον

100 842 192 868 αὐτῶν
204 842 285 877 ἔργον
298 842 421 874 λιθάζετέ
440 851 474 878 με
486 852 493 876 ;
505 843 577 869 »Καὶ
592 843 671 870 πάλιν
682 843 745 878 περὶ
756 844 806 878 τῆς
819 845 888 871 κατὰ

99 887 130 912 τὸ
139 887 280 913 Σάὸϐατον
291 887 420 922 ἐργασίας
432 893 438 900 ·
457 897 466 913 ι
490 887 518 914 '0
538 887 632 922 Πατήρ
650 896 710 922 μου,
729 888 821 923 φησὶν,
837 889 889 921 ἕως

100 933 165 967 ἄρτι
179 932 336 967 ἐργάζεται,
354 932 431 967 κάγὼ
443 932 604 968 ἐργάζομαι.
615 934 668 960 Καὶ
683 934 732 960 οὐκ
741 934 784 965 ἂν,
802 933 888 968 οἶμαι,

100 979 142 1009 τίς
159 978 265 1013 οἰηθείη
279 978 367 1012 λέγειν
380 978 472 1011 αὐτὸν,
489 978 526 1009 ὠς
544 978 595 1005 ἀνὰ
611 979 694 1013 μέρος
707 979 779 1014 μὲνὸ
796 979 890 1015 Πατὴρ

101 1023 219 1057 ὲργᾶταί
234 1033 260 1050 τι
273 1024 326 1050 τῶν
339 1024 403 1060 περὶ
420 1024 469 1058 τὴν
483 1024 582 1056 κτίσιν,
606 1024 657 1052 ἀνὰ
671 1025 752 1060 μέρος
765 1026 793 1052 δὲ
811 1026 890 1053 πάλιν

102 1070 115 1095 ὁ
130 1070 204 1101 Υἱός·
222 1069 314 1103 ἐπειδὴ
329 1070 356 1096 δὲ
365 1069 399 1096 δι’
411 1069 476 1096 Υἱοῢ
491 1069 525 1096 τὰ
536 1070 627 1097 πάντα
639 1072 653 1097 6
668 1071 772 1106 Πατὴρ.
782 1071 829 1098 καὶ
841 1071 891 1098 οὐκ

102 1114 134 1141 ἂν
152 1115 253 1150 ἑτέρως
267 1115 413 1150 ἐργάσαιτό
424 1124 450 1142 τι
463 1116 516 1142 τῶν
528 1116 636 1143 πώποτε
647 1114 733 1150 (οὗτος
743 1117 796 1152 γάρ
818 1118 891 1144 ἐστιν

103 1162 119 1195 ἡ
135 1161 216 1196 σοφία
245 1161 291 1188 καὶ
310 1163 326 1197 ἡ
341 1161 454 1197 δύναμις
469 1163 551 1189 αὐτοῦ
562 1162 583 1197 ),
601 1163 644 1190 διὰ
655 1163 732 1190 τοῦτο
747 1163 800 1190 τῶν
820 1163 891 1190 ίδίων

102 1207 191 1242 ἔργων
210 1208 328 1244 ἐργάτην
342 1208 422 1235 πάλιν
446 1209 570 1243 ὠνόμασε
584 1209 628 1236 τὸν
646 1208 764 1244 Πατέρα,
791 1209 890 1236 εἰπών·

106 1264 115 1279 ι
143 1254 203 1280 ’Art'
218 1254 338 1289 ἐμαυτοῦ
367 1254 434 1281 ποιῶ
460 1254 552 1287 οὐδὲν,
576 1255 633 1281 ἀλλ’
649 1256 663 1281 ὁ
683 1255 776 1290 Πατὴρ
790 1255 818 1281 ὲν
830 1255 892 1289 ἐμοὶ

105 1298 192 1332 μένων
208 1300 281 1325 ποιεῖ
291 1299 323 1325 τὰ
338 1298 406 1333 ἔργα
421 1298 511 1329 αὐτός.
528 1308 536 1324 ι
553 1296 636 1334 Οἶμαι
659 1299 707 1334 μὲν
734 1297 780 1325 οὖν
809 1307 892 1334 προσ-

104 1345 183 1378 ήκειν
200 1345 274 1379 ἡμᾶς
287 1345 336 1380 οὐχ
354 1345 453 1381 ἑτέρως
463 1345 479 1380 ἦ
489 1345 552 1380 τῇδε
568 1346 648 1376 νοεῖν,
671 1344 709 1376 ὡς
728 1344 757 1371 ὲν
768 1345 892 1380 ἀμπέλου

107 1390 155 1424 μὲν
169 1390 245 1423 τάξει
259 1391 365 1417 κεῖσθαι
381 1391 510 1425 Χριστὸν,
523 1391 597 1425 ἡμᾶς
606 1390 634 1416 δὲ
649 1390 796 1425 κλημάτων
810 1391 894 1426 ἠρτῆ-

106 1436 168 1462 σθαι
181 1436 270 1471 δίκην,
285 1437 475 1472 πιαινομένους
495 1436 589 1471 ὥσπερ
611 1437 644 1472 τῇ
669 1436 760 1471 χάριτι
781 1436 830 1463 καὶ
844 1436 893 1472 τὴν

106 1480 148 1506 διὰ
169 1481 217 1507 τοῦ
232 1481 387 1516 Πνεύματος
404 1482 565 1513 ἐκπίνοντας
579 1480 691 1516 δύναμιν
704 1483 744 1513 εἰς
753 1490 893 1517 καρποφο-

935 256 1015 283 opus,
1029 250 1161 277 naturalis
1179 250 1308 277 nimirum
1335 248 1478 285 potestatis
1495 247 1624 276 ratione?
1640 241 1717 276 Unde

936 294 1067 323 Dominus
1092 299 1186 323 noster
1201 294 1282 323 Jesus
1299 295 1425 322 Christus
1454 297 1662 329 cooperatorem
1689 294 1716 321 in

935 340 1044 367 cunctis
1069 340 1177 368 Patrem
1201 341 1315 372 habens.
1332 347 1395 368 cum
1412 339 1514 367 Iudaeis
1541 340 1634 374 impiis
1651 340 1716 367 olim

935 385 1099 414 versabatur
1113 386 1224 414 dicens:
1244 396 1252 412 ι
1269 386 1351 413 Multa
1363 386 1433 413 bona
1449 393 1532 421 opera
1546 385 1654 413 ostendi
1667 393 1716 413 vo-

936 432 980 460 bis
998 439 1032 458 ex
1058 431 1139 459 Patre
1163 439 1224 459 meo
1240 439 1246 457 :
1263 435 1373 466 propter
1389 431 1461 466 quod
1479 438 1574 458 eorum
1588 438 1657 466 opus
1674 438 1718 458 me

936 478 1065 512 lapidatis
1081 478 1124 504 ’τι
1137 487 1146 504 ›
1163 477 1195 505 Ει
1211 485 1308 505 rursus
1333 478 1366 505 de
1382 477 1455 505 facto
1471 477 1498 504 in
1512 477 1557 505 die
1581 477 1695 504 Sabbati
1709 486 1716 504 :

940 533 949 548 ι
968 523 1048 550 Pater
1071 531 1159 555 meus,
1181 523 1280 557 inquit,
1305 530 1394 556 usque
1421 521 1500 549 modo
1524 525 1666 556 operatur,
1691 525 1719 548 et

937 576 987 603 ego
1003 576 1103 603 operor
1115 568 1148 595 ⁸³.
1169 577 1179 594 ι
1193 567 1286 602 Neque
1298 568 1451 595 censuerim
1466 567 1622 602 quempiam
1644 567 1718 594 arbi-

937 615 1005 642 trari
1029 622 1090 642 eum
1117 614 1220 646 dicere,
1248 613 1356 641 Patrem
1372 613 1580 648 quidemrseo
1600 613 1717 641 seorsim

937 660 1041 695 aliquid
1062 660 1137 687 circa
1161 663 1313 686 creaturam
1342 658 1463 692 operari,
1485 658 1601 685 seorsim
1628 662 1717 684 autem

938 706 1037 733 Filium
1053 716 1059 733 :
1077 705 1125 733 sed
1140 712 1202 732 cum
1216 705 1310 731 omnia
1331 704 1410 731 Pater
1425 711 1472 738 per
1482 703 1593 735 Filium,
1607 710 1659 729 nec
1673 702 1720 729 ali-

939 756 980 778 ter
997 751 1062 786 quid
1077 754 1207 785 operatus
1224 757 1344 784 unquam
1362 749 1443 775 fuerit
1459 748 1514 783 (hic
1530 749 1602 776 enim
1619 751 1661 775 est
1675 755 1720 775 sa-

941 798 1042 833 pientia
1065 801 1092 824 et
1118 798 1204 823 virtus
1231 795 1315 829 ejus),
1346 794 1451 821 idcirco
1475 793 1583 820 Patrem
1607 800 1719 820 suorum

940 849 1053 876 operum
1078 841 1209 868 factorem
1234 847 1333 866 rursus
1351 838 1516 869 nominavit,
1535 837 1647 865 dicens:
1670 846 1679 862 ι
1700 837 1721 863 Α

941 888 1045 922 meipso
1064 886 1132 914 nihil
1155 886 1236 917 facio,
1251 885 1298 912 sed
1322 883 1404 911 Pater
1418 884 1444 910 in
1465 890 1508 910 me
1522 889 1645 913 manens,
1664 881 1722 916 ipse

941 933 1008 960 facit
1026 939 1109 967 opera
1123 931 1157 958 δ’.
1185 941 1194 957 ι
1217 931 1345 957 Arbitror
1367 929 1462 963 itaque
1483 935 1537 955 non
1557 934 1618 954 esse
1644 926 1722 952 aliter

941 979 1014 1007 istud
1031 978 1111 1005 nobis
1122 977 1300 1012 capiendum,
1317 975 1370 1004 nisi
1383 974 1521 1001 Christum
1535 972 1644 1007 quidem
1659 971 1722 999 vitis

940 1026 1002 1054 loco
1024 1024 1154 1060 positum,
1179 1030 1231 1050 nos
1257 1026 1350 1049 autem
1371 1020 1516 1056 palmitum
1535 1019 1621 1045 instar
1634 1017 1667 1044 ab
1689 1024 1723 1044 eo

940 1071 1073 1107 pendere,
1092 1070 1179 1105 gratia
1193 1068 1278 1096 veluti
1293 1067 1448 1102 saginatas,
1462 1069 1489 1092 et
1504 1065 1634 1092 virtutem
1649 1062 1723 1090 illam

942 1126 1002 1154 qua:
1016 1125 1063 1152 per
1082 1116 1217 1151 Spiritum
1239 1117 1282 1142 est
1304 1113 1448 1140 cbibentes
1477 1111 1504 1137 in
1529 1108 1723 1136 fecunditatem

941 1152 1107 1197 spiritalem.
1123 1159 1176 1187 Sed
1187 1157 1317 1193 quoniam
1333 1163 1384 1183 nes
1394 1156 1422 1182 in
1434 1154 1560 1182 doctrina
1576 1152 1636 1180 fidei
1651 1155 1724 1179 recte

941 1206 1114 1235 ambulantes
1127 1205 1285 1239 importuna
1299 1202 1494 1229 haereticorum
1505 1198 1652 1226 contundit
1666 1204 1726 1224 ora-

943 1253 993 1284 tio,
1006 1256 1034 1279 et
1057 1249 1223 1286 persuadere
1246 1250 1363 1274 conatur
1378 1253 1438 1280 qua:
1455 1252 1489 1272 ne
1505 1244 1598 1271 animo
1613 1243 1725 1277 quidem

945 1298 986 1326 fas
1003 1298 1039 1325 sit
1058 1296 1190 1332 cogitare,
1216 1301 1247 1321 ea
1271 1293 1360 1328 palam
1381 1290 1554 1318 auditoribus
1580 1289 1724 1320 faciemus,

944 1344 1041 1380 paucis
1052 1342 1266 1377 complcctentes
1279 1346 1341 1374 quae
1358 1337 1452 1364 multis
1466 1335 1592 1363 versibus
1613 1334 1726 1369 quidam

942 1378 1037 1418 eorum
1059 1386 1200 1414 edisserit.
1217 1394 1227 1411 ι
1245 1385 1327 1411 Recte
1342 1383 1427 1413 enim,
1443 1380 1542 1415 inquit,
1559 1378 1727 1414 Uuigenitus

944 1434 1119 1469 reprehendit
1138 1439 1170 1459 ac
1190 1430 1322 1458 ridiculos
1336 1435 1397 1456 esse
1414 1426 1536 1454 ostendit
1552 1432 1601 1452 eos
1616 1424 1662 1459 qui
1679 1431 1728 1458 pu-

944 1485 1002 1508 tant
1026 1480 1116 1514 ipsum
1142 1485 1205 1506 esse
1227 1476 1282 1503 Deo
1300 1482 1332 1502 ac
1355 1474 1430 1501 Patri
1453 1471 1728 1500 consubstantialem.

108 1527 168 1575 ρῖαν
183 1527 384 1575 πνευματικήν.
401 1527 507 1563 Ἐπειδὴ
519 1527 547 1554 δὲ
563 1527 641 1554 πάλιν
656 1528 728 1563 ἡμᾶς
740 1527 894 1562 ὁρθοποδείν

947 1528 1016 1554 Ecce
1032 1526 1105 1553 enim
1122 1525 1206 1551 vitem
1225 1523 1348 1557 seipsum
1363 1523 1458 1555 aperte
1471 1518 1605 1549 nominat,
1621 1517 1729 1543 Patrem

1111 1571 1116 1575 ·
1157 1570 1162 1575 -
1239 1568 1257 1575 ἰ
1329 1574 1333 1575 ν
1352 1566 1358 1575 ι
1371 1565 1472 1575 νηΔΑ-η»
1500 1571 1560 1575 Α---
1584 1570 1637 1575 ..η-
1655 1562 1714 1575 ..:....

107 1572 253 1606 ἑλομένους
264 1573 278 1599 ὁ
291 1573 389 1608 πικρὸς
398 1573 452 1599 τῶν
459 1573 492 1599 δι’
504 1573 627 1605 ἐναντίας
639 1574 796 1608 περικροτεῖ
807 1573 895 1607 λόγος,

108 1619 154 1645 καὶ
170 1618 327 1646 ἀναπείθειν
342 1620 470 1655 πειρᾶται
483 1619 500 1646 ἃ
516 1619 554 1654 μὴ
570 1619 649 1654 θέμις
668 1620 778 1650 ἐννοεῖν,
795 1619 898 1655 φανερὰ

107 1667 164 1697 τοῖς
181 1665 366 1701 ἀκροωμένοις
394 1666 601 1701 καταστήσομεν
619 1665 772 1696 συνελόντες
792 1665 898 1699 λόγοις,

108 1712 182 1746 ἃπερ
208 1720 250 1743 τις
276 1711 387 1738 ἐκείνων
415 1713 443 1738 ἐν
464 1712 580 1747 μακροῖς
609 1711 763 1738 συντέθεικε
788 1711 898 1745 στίχοις.

111 1767 120 1782 ι
139 1755 177 1784 Εὖ
205 1758 260 1793 γὰρ
286 1757 372 1792 δήτοι,
388 1758 479 1793 φησὶν,
506 1757 519 1783 ὁ
547 1756 702 1791 Μονογενὴς
719 1756 843 1791 διήλεγξέ
870 1765 899 1781 τε

109 1803 157 1829 καὶ
174 1803 396 1837 καταγελάστους
411 1803 545 1839 ἀπέφηνε,
573 1803 636 1834 τοὺς
655 1801 795 1837 οἰομένους
820 1802 900 1828 αὐτὸν

109 1848 253 1884 ὀμοούσιον
266 1846 336 1875 εἶναι
347 1848 385 1884 τῷ
403 1849 463 1884 Θεῷ
474 1849 520 1876 καὶ
546 1849 642 1883 Πατρί,
667 1848 733 1874 Ἰδοὺ
746 1847 800 1882 γὰρ
812 1847 902 1882 ἄμπε-

109 1896 154 1921 λον
170 1893 266 1921 ὲαυτδν
275 1894 403 1930 ὀνομάζει
420 1893 524 1929 σαφῶς,
543 1893 666 1928 γεωργὸν
680 1893 709 1919 δὲ
724 1893 768 1919 τὸν
780 1892 900 1927 Πατέρα.

110 1943 219 1978 Ὥσπερ
235 1940 281 1969 οὖν
297 1943 326 1968 οὺ
343 1941 439 1968 ταυτὸν
450 1941 490 1972 εἰς
500 1940 605 1971 οὐσίαν,
620 1938 741 1974 ἄμπελός
759 1946 799 1969 τε,
815 1946 850 1972 φη
857 1937 883 1963 at
893 1957 900 1970 ,

111 1989 160 2015 καὶ
181 1988 303 2024 γεωργὸς
330 1988 378 2023 (τὸ
400 1988 449 2023 μὲν
481 1987 536 2022 γὰρ
567 1985 655 2020 ξύλον,
684 1984 742 2011 ὁδέ
754 1984 827 2010 ἐστιν
854 1984 902 2011 ἀν-

110 2034 255 2069 θρωπος),
274 2034 405 2069 ἀλλογενῆ
418 2034 446 2060 δὲ
461 2032 558 2064 ταῦτα,
584 2031 630 2058 καὶ
642 2030 791 2066 έτερόφυλα
806 2038 903 2056 παντε-

109 2080 176 2111 λῶς
189 2079 276 2111 οὓτως
287 2080 336 2115 οὐχ
349 2078 490 2114 όμοούσιος
500 2079 514 2104 ὁ
531 2077 595 2109 Υἱὸς
607 2076 645 2112 τῷ
664 2076 762 2111 Πατρὶ,
777 2075 903 2111 διέστηκε

949 1577 1040 1600 autem
1061 1570 1220 1607 agricolam.
1237 1565 1473 1601 Quemadmodum
1497 1571 1562 1598 ergo
1584 1570 1639 1589 non
1654 1562 1730 1597 ejus-

949 1619 1010 1646 dem
1027 1616 1192 1645 substantite
1207 1619 1271 1641 sunt
1289 1613 1364 1644 vitis,
1380 1610 1479 1645 inquit,
1494 1613 1521 1636 et
1537 1608 1658 1643 agricola
1673 1607 1730 1640 (illa

950 1664 1022 1692 enim
1043 1663 1156 1697 lignum,
1178 1660 1224 1687 hic
1248 1659 1330 1686 homo
1350 1657 1424 1692 est),
1445 1655 1494 1683 sed
1517 1654 1632 1681 alterius
1651 1654 1733 1688 plane

950 1709 1077 1745 generis:
1097 1708 1135 1734 ita
1150 1711 1322 1740 nequaquam
1340 1699 1585 1730 consubstantialis
1601 1703 1643 1726 est
1657 1698 1731 1725 Patri

950 1744 1046 1787 Pilius.
1070 1753 1119 1782 sed
1145 1752 1262 1779 multum
1287 1750 1402 1779 distant,
1423 1754 1526 1782 eosque
1541 1744 1733 1773 substantialis

951 1801 1069 1829 invicem
1088 1799 1158 1826 ratio
1181 1796 1298 1828 dirimit,
1318 1793 1452 1830 siquidem
1473 1793 1518 1819 hic
1539 1791 1674 1827 agricola,
1689 1790 1734 1817 ille

951 1847 1016 1874 vilis
1038 1849 1092 1873 est.
1108 1843 1186 1877 Quod
1209 1845 1301 1869 autem
1322 1840 1355 1867 ad
1377 1838 1577 1867 incarnationis
1600 1836 1734 1864 rationem

952 1892 1006 1919 ista
1024 1889 1148 1918 nonnulli
1170 1888 1321 1916 transferre
1345 1893 1488 1922 perperam
1512 1883 1638 1912 cenaturi
1667 1883 1734 1914 sint,

952 1943 1008 1964 non
1033 1939 1076 1963 est
1096 1932 1300 1968 ambigendum.
1315 1931 1371 1959 Nec
1386 1931 1459 1959 enim
1474 1937 1552 1957 suam
1568 1935 1679 1956 carnem
1696 1926 1737 1953 νίρ

953 1986 1007 2010 tem
1025 1988 1087 2009 esse
1112 1980 1160 2012 ait,
1176 1979 1224 2007 sed
1245 1978 1338 2013 potius
1359 1977 1500 2004 deitatem.
1523 1974 1574 2002 Cui
1591 1973 1665 2001 enim
1680 1979 1737 1999 non

953 2026 1132 2055 manifestum
1151 2029 1204 2057 est,
1224 2024 1324 2059 inquit,
1337 2026 1464 2050 nostrum
1479 2027 1580 2055 corpus
1602 2026 1617 2046 a
1641 2018 1737 2046 Serva-

953 2072 1022 2100 toris
1037 2079 1121 2099 carne
1135 2078 1188 2098 non
1205 2069 1334 2104 pendere,
1350 2068 1423 2096 sicut
1437 2074 1452 2094 a
1465 2067 1521 2094 vite
1538 2064 1674 2101 palmites,
1686 2070 1737 2090 ne-

955 2127 1007 2155 que
1029 2118 1098 2146 adeo
1120 2120 1280 2145 sanctorum
1298 2114 1418 2142 fructum
1440 2112 1578 2140 carnalem
1601 2118 1674 2142 esse,
1690 2109 1738 2138 sed

955 2163 1128 2201 spiritalem?
1141 2163 1315 2197 Quapropter
1330 2167 1416 2187 carne
1430 2159 1457 2186 in
1472 2164 1595 2193 praesens
1623 2156 1737 2184 seorsim

109 2127 139 2153 δὲ
152 2127 222 2153 κατὰ
234 2126 300 2153 πολὺ
313 2126 360 2153 καὶ
372 2125 504 2160 οὐσιώδης
526 2124 625 2155 αὐτοὺς
644 2123 758 2158 διείργει
775 2122 863 2156 λόγος,
878 2121 905 2149 et

110 2181 142 2207 γε
161 2174 175 2199 6
189 2173 238 2208 μὲν
253 2173 310 2199 ἔστι
322 2173 454 2208 γεωργὸς,
465 2173 480 2198 6
503 2171 532 2197 δὲ
546 2170 678 2205 ἄμπελος,
701 2170 762 2196 ’Ότι
781 2168 834 2204 γὰρ
854 2168 904 2194 οὐκ

110 2201 231 2253 εὐλόγως
256 2201 333 2250 τινὲς.
351 2201 391 2250 εἰς
475 2217 525 2252 τῆς
542 2201 611 2252 μετὰ
631 2216 732 2251 σαρκὸς
748 2201 894 2250 οἰκονομίας

954 2211 1056 2248 posita,
1075 2210 1126 2245 ipsi
1140 2208 1276 2236 divinitati
1291 2206 1352 2234 Filii
1366 2205 1421 2234 vim
1437 2209 1464 2232 et
1478 2203 1647 2231 intellectum
1661 2201 1739 2229 vocis

110 2265 190 2299 λόγον
212 2265 246 2292 τὰ
258 2265 370 2292 τοιαῦτα
386 2264 573 2300 περιενεγκεῖν
601 2262 833 2298 ἐπιχειρήσουσιν,
851 2260 894 2286 οὑν

953 2258 1031 2286 illius
1051 2257 1217 2288 tribuemus,
1238 2260 1357 2288 eumque
1381 2251 1505 2279 dicemus
1524 2256 1586 2278 esse
1606 2249 1699 2280 vitem,
1724 2254 1739 2274 a

111 2311 186 2338 ἔστιν
202 2311 362 2347 ἀμφίϐολον.
383 2299 490 2346 Οὑνγὰρ
507 2310 555 2346 τὴν
572 2309 661 2344 σάρκα
676 2308 724 2343 τὴν
738 2306 836 2333 ἑαυτοῦ
851 2314 894 2340 φη·

956 2312 1009 2339 qua
1024 2303 1175 2337 pendemus
1192 2307 1242 2335 per
1258 2299 1348 2327 fidem.
1367 2307 1377 2324 ›

112 2366 156 2384 σιν
171 2338 447 2393 εἶναιιτὴνᾶμπελονξ
471 2338 570 2391 μᾶλλον
588 2338 616 2382 δέ
633 2355 682 2390 τὴν
702 2338 824 2387 θεότητα.
841 2338 898 2378 ν[ξίνι
918 2338 974 2385 γὰρ
988 2349 1019 2376 οὐ
1038 2348 1122 2382 σαφὲς
1152 2347 1238 2378 ἔσται,
1270 2345 1363 2380 φησὶν,
1395 2343 1433 2376 ὡς
1453 2343 1483 2370 τὸ
1506 2342 1638 2378 ἡμέτερον
1662 2338 1741 2374 σῶμα

111 2405 174 2439 οὺχὶ
187 2404 237 2438 τῆς
251 2385 297 2430 τοῖν
313 2385 444 2438 Σωτῆρος,
470 2385 640 2436 έκκρεμᾶται
661 2385 780 2435 ’σαρκὸςξ
808 2397 933 2432 καθάπερ
951 2395 1074 2431 ἀμπέλου
1094 2393 1128 2420 τὰ
1140 2393 1276 2427 κλήματα,
1292 2390 1354 2417 οὔτε
1373 2390 1426 2425 μὴν
1437 2390 1451 2416 6
1467 2388 1521 2415 τῶν
1535 2387 1620 2421 ἁγίων
1637 2385 1741 2421 καρπὸς

114 2432 257 2487 σαιρκικδς,
275 2449 342 2476 ἀλλά
356 2432 538 2484 πνευματικός
547 2432 562 2480 ;‘
572 2446 675 2473 Οὐκοῦν
689 2432 717 2472 ἐν
731 2445 818 2480 μέρει,
828 2444 905 2479 φησὶ,
924 2443 1049 2478 τεθείσης
1064 2441 1103 2472 είς
1121 2439 1151 2466 τὸ
1164 2439 1248 2473 παρὸν
1274 2439 1323 2472 τῆς
1349 2436 1459 2472 σαρκὸς,
1475 2435 1542 2469 αὐτῇ
1576 2435 1607 2469 τῇ
1636 2432 1743 2466 θεότητι

113 2477 161 2525 τοδ
181 2477 257 2524 “of:
273 2496 321 2531 τὴν
335 2494 383 2523 τοῦ
397 2477 476 2530 λόγου
495 2477 680 2529 περἰθήσομεν
711 2477 838 2527 δόναμινέ
852 2477 901 2517 καὶ
921 2489 1001 2516 αὑτὸν
1014 2487 1130 2524 ὲροῠμεν
1142 2483 1210 2512 εἶναι
1233 2483 1282 2518 τὴν
1315 2481 1447 2517 ἄμπελον,
1471 2479 1505 2516 ἧς
1527 2478 1668 2515 ὲξήμμεθα
1699 2477 1743 2504 διὰ

113 2554 163 2580 της
174 2551 302 2574 πιστεως,
315 2551 324 2568 ι

151 2591 238 2616 Ταυτὶ
255 2589 305 2624 μὲν
322 2588 417 2623 ἐκείνῳ
437 2586 664 2621 καταφλυαρῆσαι
690 2583 814 2619 παρέστη
840 2592 912 2617 παρ-

114 2637 261 2672 ωθουμένῳ
273 2634 412 2668 ποικίλως,
425 2633 496 2660 κατά
509 2641 541 2665 γε
553 2632 584 2658 τὸ
596 2630 670 2665 αὐτῷ
681 2629 771 2661 καλῶς
780 2629 852 2664 ἔχειν
867 2628 911 2655 δο-

115 2683 192 2715 κοῦν,
215 2682 266 2717 τὴν
285 2681 339 2708 τῶν
362 2680 442 2707 θείων
466 2679 609 2714 δογμάτων
625 2677 768 2712 ὀρθότητα,
791 2675 837 2702 καὶ
863 2674 911 2701 σὺν

118 2729 203 2764 πολλῇ
217 2727 371 2762 κακουργία
387 2726 455 2761 πρὸς
469 2725 514 2752 τὸν
530 2723 604 2758 αὐτῷ
632 2721 797 2758 προτεθέντα
821 2728 910 2755 παρα-

116 2775 245 2809 τρέποντι
262 2772 375 2800 σκοπόν.
395 2772 489 2806 Ἡμεῖς
503 2770 531 2796 δὲ
552 2769 601 2803 τῆς
624 2766 752 2802 ἀληθείας
767 2765 890 2800 ἐχόμενοι
903 2783 910 2795 ,

996 2578 1060 2606 Hac
1084 2576 1130 2604 ille
1151 2577 1281 2609 nugatur,
1296 2571 1453 2617 divinoru.m
1467 2569 1634 2604 ,dogmatum
1651 2576 1742 2597 veram

960 2625 1094 2653 rationem
1110 2629 1160 2658 pro
1174 2627 1224 2648 sua
1238 2618 1353 2647 libidine
1367 2620 1538 2653 pervertens,
1553 2620 1580 2643 et
1607 2616 1640 2642 ad
1661 2622 1743 2644 suum

959 2678 1073 2706 scopum
1089 2666 1222 2703 singulari
1251 2664 1355 2692 malitia
1375 2663 1556 2697 detorquens.
1578 2661 1634 2689 Nos
1652 2665 1742 2689 autem

959 2717 1063 2751 ubique
1086 2714 1252 2742 inhaerentes
1275 2709 1406 2742 veritati,
1434 2716 1488 2736 non
1515 2708 1554 2735 ita
1581 2707 1742 2738 sentiemus,

960 2762 1052 2791 absit!
1071 2761 1120 2788 sed
1141 2761 1301 2788 sanctorum
1318 2755 1431 2783 Patrum
1456 2754 1601 2782 sententia:
1617 2753 1744 2781 insisten-

153 2865 175 2881 ⁸⁷
196 2864 276 2892 Joan.
297 2857 331 2895 ιι,
348 2863 394 2891 3‘2.
431 2863 452 2879 “
472 2862 551 2889 Joan.
570 2869 595 2894 ν,
616 2861 656 2888 l7.
694 2860 716 2875 ⁸⁹
735 2858 814 2884 Joan.
835 2864 899 2885 xtv.
922 2855 966 2882 ιο.
