1896 3034
60 131 126 160 3-H

597 131 631 159 ιΝ
650 129 794 160 ΞΟᾹΝΝΙΞ
807 129 1033 159 EVANGELIUM
1053 131 1117 160 LIB.
1134 132 1168 160 Χ.

1651 123 1711 161 :42

61 189 130 224 ἄρα
160 188 302 221 παντελῶς
329 189 347 225 ἡ
370 188 424 216 τῶν
451 188 680 224 παραδειγμάτων
695 187 871 224 ἀνομοιότης,

967 188 1026 216 risti
1045 189 1190 217 transferri
1212 190 1285 216 sinat
1301 196 1308 215 :
1330 195 1379 216 nec
1395 189 1468 217 enim
1484 189 1509 217 ei
1529 196 1644 224 corpore
1662 199 1711 218 nos

63 235 148 269 πρὸς
161 235 208 262 τὸν
233 235 284 270 τῆς
308 235 401 267 οὐσίας
416 235 472 268 ἕξει
497 235 585 268 λόγον’
603 235 635 261 οὐ
660 234 715 270 γὰρ
731 234 874 270 πρόκειται

64 281 137 307 νυνὶ
154 281 194 316 τῷ
206 281 314 317 Σωτῆρι
331 281 440 316 Χριστῷ
458 281 522 317 περὶ
539 281 634 307 τούτου
648 289 675 307 τι
699 280 800 314 λέγειν,
816 279 873 307 ἀλλ’

65 327 119 352 ἓτε
126 335 176 362 ρον
187 326 244 362 ἔχει
259 327 358 353 σκοπὸν
367 327 416 362 τῆς
426 327 598 358 διδασκαλίας
612 327 626 353 ὁ
641 326 751 362 τρόπος.
765 325 874 361 Ἐπειδὴ

66 371 103 397 δὲ
119 371 216 405 λέγειν
233 372 248 398 ὁ
268 373 419 407 παράφρων
433 372 465 399 ἐκ
478 371 528 407 τῆς
540 371 653 407 ἐνούσης
668 371 742 406 αὐτῷ
761 369 883 398 δυσϐου-“

66 416 142 448 λὶας
161 417 197 443 τὰ
211 417 261 444 οὐκ
276 416 364 452 ὀρθῶς
378 417 474 452 ἔχοντα
502 417 636 452 βούλεται,
666 417 713 443 καί
737 424 818 451 φησιν
835 416 876 442 ὅτι

68 462 165 496 λόγος
175 463 263 494 οὐδεὶς
277 463 417 498 ἐπιτρέψει
431 463 480 498 τῆς
492 463 601 495 εὐθείας
611 462 706 498 ὥσπερ
718 462 877 495 ὲξέλκοντας

69 509 126 536 τὸν
157 509 205 536 τοῦ
232 509 412 544 προκειμένου
437 509 537 536 σκοπὸν
566 509 740 545 περιτρέπειν
766 509 806 540 εἰς
840 508 889 544 τὴν

923 233 1088 268 conjunctos
1105 241 1187 266 esse.
1217 234 1266 262 sed
1295 242 1385 269 neque
1412 235 1553 270 apostolos
1582 239 1710 269 tanquam

923 279 1052 314 palmites
1066 280 1093 307 in
1103 280 1204 308 Christi
1217 288 1332 314 corpore
1350 281 1444 313 fuisse,
1461 288 1511 308 nec
1526 281 1550 308 ei
1567 281 1618 308 hoc
1632 282 1712 309 modo

925 325 1098 360 conjunctos.
1117 327 1163 353 sed
1193 326 1290 354 affectu
1317 334 1350 354 ac
1368 326 1420 354 fide
1433 326 1560 354 sincera:
1584 326 1712 362 agedum,

925 371 1023 406 paucis
1040 372 1072 399 ad
1091 372 1148 399 hzec
1164 373 1393 408 respondeamus,
1408 372 1583 400 ostendentes
1593 380 1656 400 eum
1673 373 1714 400 iu-

925 417 1018 444 sanire
1036 418 1155 452 penitus,
1176 426 1226 446 nec
1249 426 1391 446 sacrarum
1416 418 1580 446 Litterarum
1606 422 1712 446 rectum

925 462 977 490 iter
995 463 1134 491 insistere.

924 508 1133 544 ὲνανθρώπησιν
1140 509 1186 536 τοῦ
1196 510 1323 545 Χριστοῦ
1338 509 1368 536 οὔ
1385 509 1438 545 γὰρ
1455 509 1629 544 συνὴφθημεν
1641 509 1715 545 αὐτῷ

72 557 159 584 κατὰ
171 557 202 583 τὸ
212 557 308 592 σῶμα,
328 556 384 583 ἀλλ’
401 556 461 583 οὐδὲ
480 556 576 592 ἔμενον
603 557 628 582 οἱ
648 556 792 582 ἀπόστολοι
806 576 813 588 ,
838 555 876 586 ὠς
893 555 1020 591 κλήματα
1033 557 1114 591 τυχὸν
1130 557 1158 582 ὲν
1171 555 1210 591 τῷ
1225 557 1330 591 σώματι
1352 556 1396 582 τοῦ
1409 557 1537 591 Χριστοῦ,
1570 556 1631 582 οὔτε
1663 557 1715 592 μὴν

72 603 162 638 αὐτῷ
178 604 249 631 κατὰ
262 603 356 630 τοῦτον
372 604 539 638 συνήπτοντο
551 602 696 636 τὸνλόγον,
712 603 780 629 ἀλλὰ
793 602 909 629 διαθέσει
929 602 977 628 καὶ
1011 602 1103 628 πίστει
1134 603 1286 638 εἰλικρινεῖ,
1311 602 1377 638 φέρε
1409 612 1434 629 τι
1455 602 1540 638 βραχὺ
1579 604 1627 630 κοιλ⁵
1649 603 1717 638 πρὸς

71 651 174 677 ταῦτα
192 651 324 685 λέγωμεν,
339 650 462 684 πανταχῆ
475 649 627 680 δεικνύντες
644 649 818 684 ἀφραίνοντα,
829 647 876 674 καὶ
892 647 946 674 τῶν
963 647 1043 682 ἱερῶν
1059 648 1233 684 Γραμμάτων
1255 648 1305 674 οὐκ
1322 648 1394 680 ίόντα
1410 650 1469 675 κατ’
1487 649 1562 676 εὐθύ.

118 697 186 723 ’Ότι
202 696 251 730 μὲν
268 696 322 732 γὰρ
332 695 452 722 διαθέσει
479 696 512 730 τῇ
537 694 669 730 νοουμένῃ
684 694 754 721 κατὰ
766 694 815 729 τὴν
835 702 879 720 τε-

73 744 162 771 λείαν
181 743 301 779 ἀγάπην,
317 743 383 779 ὀρθῇ
399 751 429 769 τε
449 743 495 769 καὶ
517 742 690 777 ἀδιαττρόφῳ
705 742 805 773 πίστει,
818 741 879 776 φιλ-

76 790 180 825 αρέτῳ
198 798 227 816 τε
247 790 293 816 καὶ
308 789 450 824 εἰλικρινεῖ
464 788 587 824 λογισμῷ
601 788 786 823 συνενούμεθα
797 796 879 814 πνευ-

79 835 214 871 ματικῶς
226 835 264 871 τῷ
278 835 397 871 Χριστῷ,
408 835 532 870 οὐδαμῶς
547 834 728 870 ἐξαρνήσεται
745 834 797 860 τῶν
816 834 879 869 παρ’

78 884 156 918 ἡμῖν
168 882 312 917 δογμάτων
323 882 337 908 ὁ
351 881 439 915 λόγος·
452 880 619 916 συνεροῦμεν
641 880 694 915 γὰρ
709 881 749 906 ὅτι
764 880 795 915 δὴ
808 879 880 915 μάλα
897 895 917 922 Β

78 928 169 955 τοῦτό
186 937 267 962 φασιν
281 928 378 964 ὀρθῶς.
391 928 427 953 Τὸ
443 927 472 953 δέ
494 935 526 961 γε
554 926 762 962 καταθαρσῆσαι
774 926 878 960 λέγειν,

80 975 125 1006 ὡς
141 974 231 1006 οὐδεὶς
246 975 310 1009 ἡμῖν
328 974 473 1008 συναφείας
489 973 538 1008 τῆς
554 974 623 1000 κατὰ
647 974 735 1009 σάρκα
750 972 818 1008 πρὸς
833 972 881 999 αὺ-

81 1019 134 1045 τὸν
153 1021 167 1046 ὁ
183 1019 270 1053 λόγος,
294 1019 449 1055 ρλοκλήρως
474 1019 575 1054 ἀπᾷδον
605 1020 664 1050 ταῖς
693 1017 882 1049 Θεοπνεύστοις

82 1067 213 1101 Γραφαῖς
226 1065 403 1100 ἐπιδείξομεν.
417 1065 479 1096 Πῶς
504 1065 558 1100 γὰρ
581 1065 612 1092 ἂν
626 1065 787 1100 ἀμφίλογον,
813 1064 883 1100 ἢτίς

83 1112 122 1138 ἂν
138 1111 209 1143 ὅλως
223 1111 358 1138 ἐνδοιάσαι
373 1111 436 1137 ποτὲ
446 1110 499 1137 τῶν
515 1109 544 1137 εὖ
560 1111 667 1146 φρονεῖν
682 1110 827 1141 εἰωθότων,
846 1110 883 1141 ὡς

85 1157 215 1192 ἄμπελος
244 1156 294 1192 μέν
313 1157 369 1183 ἐστι
395 1156 466 1183 κατὰ
495 1155 574 1182 τοῦτο
598 1156 726 1190 Χριστός
757 1156 838 1190 ἡμεῖς
856 1155 884 1181 δὲ

86 1203 243 1238 κλημάτων
269 1202 464 1233 ἀποτελοῦντες
488 1202 582 1237 σχῆμα
601 1202 649 1237 τὴν
675 1202 703 1234 ἐξ
735 1201 816 1227 αὐτ(ιῦ
839 1201 885 1226 καὶ

87 1251 158 1285 παρ’
175 1248 259 1276 αὐτοῦ
276 1249 349 1285 ζωὴν
362 1249 402 1280 εἰς
415 1248 513 1280 αὐτοὺς
530 1247 710 1283 κομιζόμεθα,
727 1247 816 1274 καίτοι
837 1247 884 1273 τοῦ

88 1295 201 1322 Παύλου
212 1295 347 1329 λέγοντος·
363 1305 371 1320 ι
386 1295 417 1321 0t
431 1295 484 1330 γὰρ
498 1294 596 1326 πάντες
611 1294 639 1320 ἓν
659 1294 740 1329 σῶμά
760 1295 843 1328 ἐσμεν
857 1294 885 1319 ἐν

86 1341 213 1378 Χριστῷ,
223 1342 264 1368 ὅτι
279 1338 318 1373 εἷς
329 1342 411 1377 ἄρτος
426 1341 450 1368 οἱ
467 1341 557 1367 πολλοί
573 1342 665 1376 ἐσμεν·
678 1341 701 1367 οἱ
720 1340 773 1376 γὰρ
788 1340 886 1370 πάντες

87 1389 124 1414 ὲκ
139 1387 187 1413 τοῦ
204 1387 262 1418 ἑνὸς
277 1387 356 1422 ἄρτου
370 1386 530 1422 μετέχομεν.
551 1396 560 1411 ι
578 1386 687 1420 Λεγέτω
703 1386 757 1420 γάρ
769 1393 810 1416 τις
821 1385 887 1420 ἡμῖν

89 1432 142 1468 τὴν
160 1432 268 1464 αἰτίαν,
289 1432 335 1458 καὶ
355 1431 503 1458 διδασκέτω
527 1430 671 1468 παρελθὼν
690 1430 739 1465 τῆς
755 1430 888 1465 μυστικῆς

88 1478 221 1512 εὐλογίας
237 1478 287 1514 τὴν
308 1478 432 1513 δύναμιν.
462 1478 568 1505 Γίνεται
589 1478 643 1513 γὰρ
666 1478 694 1504 ὲν
722 1478 788 1513 ἡμῖν
799 1477 887 1510 διατί;

90 1521 128 1548 Ἀ
135 1524 158 1558 ρ’
174 1523 234 1559 οὐχὶ
247 1524 294 1550 καὶ
310 1524 473 1559 σωματικῶς
493 1525 560 1560 ἡμῖν
581 1523 749 1556 ἐνοικίζουσα
763 1523 809 1550 τὸν
822 1524 889 1558 Χριε

964 693 1020 720 Nos
1030 694 1136 728 quippe
1151 693 1249 721 al‘l'eetu
1264 694 1411 722 charitatis
1433 695 1572 729 perfectae,
1589 699 1717 730 rectaque

929 744 955 766 et
973 739 1139 767 inconcussa
1157 740 1220 770 title,
1240 744 1267 766 ct
1292 740 1398 767 sincera
1414 748 1445 767 ac
1465 740 1577 768 virtutis
1591 741 1716 768 studiosa

930 791 1022 812 tuente
1040 786 1154 813 Christo
1189 787 1352 821 spiritaliter
1377 787 1461 819 uniri,
1487 794 1645 815 nostrorum
1669 788 1718 815 do-

930 836 1055 866 gmatum
1068 832 1137 859 ratio
1154 832 1310 860 nullatenus
1324 832 1511 860 inﬁciabitur:
1531 841 1581 861 nos
1589 834 1660 861 enim
1677 842 1718 862 re-

931 882 973 904 cte
987 878 1012 905 id
1028 885 1075 906 eos
1094 879 1194 906 docere
1210 877 1368 906 fatebimur.
1383 878 1460 912 Quod
1475 886 1540 906 vero
1555 879 1646 906 dicere
1660 880 1719 907 ausi

932 926 997 951 sunt
1017 923 1120 950 nullam
1144 931 1205 951 esse
1228 923 1307 951 nobis
1329 931 1391 950 eum
1409 931 1441 951 eo
1457 924 1578 952 carnalis
1601 925 1720 959 conjun-

932 969 1033 996 ctiouis
1049 970 1195 1001 rationem.
1215 970 1303 997 sacris
1319 969 1431 997 Litteris
1445 970 1594 997 dissentire
1610 971 1721 1006 penitus

933 1015 1121 1044 ostendemus.
1137 1015 1206 1049 Quis
1229 1017 1301 1044 enim
1319 1024 1404 1044 sanus
1420 1017 1586 1044 dubitaverit
1601 1025 1721 1052 unquam

933 1067 965 1088 ea
990 1061 1097 1088 ratione
1120 1061 1260 1089 Christum
1279 1069 1340 1089 esse
1358 1063 1450 1094 vitem,
1473 1070 1522 1090 nos
1544 1070 1607 1089 vrro
1623 1063 1723 1098 palmi-

934 1111 990 1133 tum
1011 1107 1124 1134 formam
1149 1107 1310 1138 referentes.
1329 1109 1412 1135 vitam
1438 1116 1470 1135 ex
1497 1109 1555 1142 ipso
1570 1113 1594 1136 et
1614 1109 1648 1135 ab
1663 1109 1723 1144 ipso

935 1153 962 1178 in
983 1159 1034 1179 nos
1049 1153 1169 1184 trahere.
1185 1161 1248 1179 cum
1272 1153 1374 1180 Paulus
1388 1153 1480 1180 dicat:
1499 1163 1507 1178 ‹
1532 1153 1633 1181 Omnes
1650 1155 1721 1181 enim

936 1204 1020 1223 unum
1036 1204 1136 1232 corpus
1151 1205 1247 1225 sumus
1265 1198 1293 1224 in
1310 1197 1432 1232 Christo,
1446 1199 1576 1233 quoniam
1593 1207 1663 1226 unus
1677 1207 1724 1233 pa~

937 1243 980 1270 nis
997 1243 1075 1270 multi
1095 1251 1210 1271 sumus:
1232 1251 1327 1271 omnes
1346 1245 1418 1272 cuitu
1434 1245 1467 1272 de
1483 1253 1537 1272 uno
1553 1253 1621 1280 pane
1640 1245 1724 1280 parti-

937 1288 1061 1323 cipamus
1078 1289 1122 1315 9°?
1141 1299 1150 1315 ι
1168 1289 1244 1316 Dicat
1256 1290 1327 1316 enim
1347 1291 1426 1317 nobis
1444 1290 1544 1325 aliquis
1560 1298 1683 1322 causam.
1699 1295 1726 1317 et

937 1334 991 1361 vim
1015 1335 1131 1370 eulogim
1156 1336 1280 1370 mystica:
1304 1336 1393 1362 obiter
1417 1336 1523 1363 doceat.
1542 1335 1609 1363 Nam
1633 1345 1682 1363 cur
1698 1337 1725 1363 iIt

939 1380 1019 1408 nobis
1035 1381 1188 1408 inseritur?
1203 1380 1298 1408 Nonne
1313 1387 1341 1408 ut
1361 1382 1501 1409 Christum
1516 1382 1671 1410 inhabitare
1688 1382 1727 1409 la-

939 1427 995 1454 ciat
1010 1428 1036 1453 in
1052 1427 1142 1460 nobis,
1156 1428 1237 1454 etiam
1257 1428 1452 1463 corporaliter,
1471 1428 1685 1463 participatione
1699 1433 1726 1456 et

939 1475 1131 1501 communione
1142 1480 1244 1502 sancta:
1256 1482 1312 1502 sum
1331 1475 1442 1503 carnis?
1456 1474 1589 1502 Praeclare
1603 1475 1726 1510 quidem:

941 1520 1036 1547 scribit
1052 1521 1124 1547 enim
1143 1520 1244 1547 Paulus
1257 1524 1352 1554 gentes
1365 1520 1452 1547 laetas
1466 1527 1527 1547 esse
1546 1529 1555 1545 ι
1574 1527 1728 1554 concorpo-

94 1570 159 1597 στὸν
169 1571 201 1605 τῇ
215 1569 322 1606 μεθέξει
335 1571 382 1597 καὶ
393 1571 520 1606 κοινωνίᾳ
528 1570 577 1605 τῆς
588 1571 668 1605 ἁγίας
679 1569 760 1596 αὐτοῦ
771 1569 869 1605 σαρκός

964 1566 1025 1597 tles,
1045 1570 1070 1593 et
1090 1566 1311 1601 comparticipes.
1328 1571 1354 1593 et
1371 1565 1529 1593 cohaeredes
1545 1565 1648 1593 Christi
1667 1566 1702 1592 ⁹¹.
1718 1575 1726 1591 ι

101 1615 174 1642 Ἀλλ’
187 1614 266 1651 οἶμαι
279 1615 367 1650 λέγειν
386 1616 483 1651 ὀρθῶς·
504 1616 604 1651 γράφει
620 1616 674 1650 γὰρ
692 1616 705 1642 ό
725 1615 829 1646 Παῦλος
846 1623 890 1649 γε-

93 1662 228 1697 γενῆσθαι
241 1662 276 1688 τὰ
292 1662 354 1698 ἔθνη
378 1672 386 1687 ε
407 1662 549 1696 σύσσωμα,
577 1663 624 1689 καὶ
653 1664 825 1697 συμμέτοχα,
844 1662 891 1688 καὶ

96 1708 309 1744 συγκληρονόμα
322 1708 452 1744 Χριστοῦ.
468 1718 478 1734 ›
497 1708 634 1743 Σύσσωμα
655 1707 803 1743 τοιγαροῦν
819 1707 891 1734 κατὰ

95 1755 174 1780 ποῖον
194 1754 337 1789 ἀπεφάνθη
354 1755 471 1790 τρόπους
492 1754 657 1787 Ἀξιωθέντα
674 1754 729 1789 γὰρ
746 1755 892 1789 μετασχεῖν

96 1801 146 1835 τῆς
161 1800 289 1834 εὐλογίας
303 1801 351 1835 τῆς
378 1800 523 1835 μυστικῆς
552 1800 582 1826 ἒν
599 1800 666 1834 πρὸς
692 1799 774 1826 αὑτὸν
797 1799 891 1833 γέγονε

98 1846 192 1881 σῶμα,
203 1846 330 1882 καθάπερ
345 1846 441 1881 ἀμέλει
457 1847 504 1873 καὶ
517 1846 572 1873 τῶν
586 1847 671 1880 ἁγίων
693 1845 810 1878 ἕκαστος
825 1846 892 1872 ἀπο-

100 1892 212 1919 στόλων.
232 1893 309 1918 Ἐπεὶ
322 1893 366 1919 διὰ
380 1893 460 1919 ποίαν
477 1892 565 1919 αἰτίαν
583 1892 650 1928 μέλη
665 1892 712 1919 τοῦ
725 1891 843 1928 Χριστοῦ
860 1893 894 1918 τὰ

99 1939 200 1970 οἰκεῖα,
221 1938 321 1974 μᾶλλον
336 1936 364 1965 δὲ
387 1939 420 1965 τὰ
438 1939 556 1970 πάντων,
572 1937 610 1970 ὡς
620 1937 702 1964 αὑτοῦ
715 1938 893 1972 κατωνόμασε

101 1986 169 2021 μέλη
183 1994 190 2018 ;
208 1985 313 2021 Γράφει
329 1984 383 2020 γὰρ
400 1984 494 2016 οὕτως·
509 1994 518 2010 ‹
537 1985 593 2010 Οὐκ
605 1984 704 2016 οἴδατε,
721 1984 761 2010 ὅτι
774 1983 808 2010 τὰ
826 1983 893 2018 μέλη

100 2031 189 2066 ὑμῶν,
207 2031 276 2066 μέλη
294 2030 413 2066 Χριστοῦ
426 2032 514 2062 ὲστιν;
533 2031 620 2068 ’Δρας
638 2028 683 2056 οὖν
701 2030 736 2056 τὰ
758 2030 825 2065 μέλη
847 2028 894 2054 τοῦ

101 2077 232 2113 Χριστοῦ,
254 2077 361 2112 ποιήσω
377 2077 480 2112 πόρνης
496 2076 579 2112 μέλη;
595 2075 641 2111 Μὴ
656 2075 791 2110 γένοιτο.»
815 2074 896 2101 Ἀλλὰ

102 2126 150 2152 καὶ
162 2124 244 2156 αὐτὸς
259 2125 273 2150 ὁ
289 2124 394 2159 Σωτήρ·
419 2133 428 2149 ι
449 2124 479 2149 '0
499 2122 613 2159 τρώγων
641 2131 692 2157 μου
719 2122 768 2157 τὴν
787 2121 895 2157 σάρκα,

104 2171 181 2206 φησι,
195 2170 242 2196 καὶ
256 2169 342 2196 πίνων
366 2177 416 2204 μου
444 2167 475 2194 τὸ
489 2166 570 2203 αἷμα,
583 2168 612 2194 ὲν
627 2167 688 2203 ἐμοὶ
707 2167 793 2202 μένει,
819 2164 896 2200 κάγὼ

104 2225 132 2243 εν
159 2215 244 2250 αὐτῷ.
267 2225 276 2241 ι
317 2215 361 2241 Ἐν
372 2214 426 2249 γὰρ
448 2214 481 2249 δὴ
513 2213 600 2248 τούτῳ
632 2213 749 2248 μάλιστα
777 2212 896 2239 κατιδεῖν

941 1611 1160 1646 Concorporales
1185 1617 1276 1639 autem
1293 1619 1414 1646 quonam
1439 1611 1521 1638 modo
1545 1611 1623 1638 facta:
1645 1610 1732 1638 sunt?

941 1657 1045 1693 Netupe
1065 1658 1180 1693 eulogia:
1197 1658 1320 1693 mystica:
1343 1657 1554 1692 participatione
1577 1657 1728 1688 honoratte,

943 1711 1029 1730 unum
1048 1712 1110 1730 cum
1129 1712 1163 1730 eo
1186 1703 1264 1730 facta:
1287 1707 1352 1731 sunt
1376 1710 1489 1738 corpus,
1508 1704 1582 1730 sicut
1600 1708 1627 1730 et
1645 1710 1732 1730 unus-

943 1749 1059 1784 quisque
1073 1753 1231 1776 sanctorum
1247 1749 1445 1784 apostolorum.
1460 1749 1580 1784 Alioqui.
1597 1757 1679 1784 quam
1696 1748 1734 1776 ob

943 1801 1056 1821 causam
1084 1802 1142 1826 sua.
1167 1794 1221 1821 imo
1247 1794 1372 1821 omnium
1395 1794 1521 1821 membra
1563 1793 1645 1821 sicuti
1669 1800 1731 1826 sua,

943 1839 1066 1866 membra
1091 1839 1194 1866 Christi
1223 1839 1417 1873 nuncupavit?
1442 1839 1489 1866 Sic
1515 1839 1590 1866 cnim
1615 1838 1731 1866 scribit:

947 1895 956 1911 (
973 1884 1092 1912 Nescitis
1109 1885 1240 1920 quoniam
1256 1884 1338 1920 863
1356 1884 1478 1911 tnemhra
1501 1889 1593 1912 vestra
1612 1883 1733 1911 membra

945 1936 1010 1958 sunt
1032 1931 1159 1958 Christi?
1176 1930 1289 1958 Tolleus
1310 1938 1376 1966 ergo
1400 1930 1521 1957 membra
1547 1929 1651 1957 Christi
1665 1950 1672 1961 ,
1692 1930 1735 1956 fa-

944 1978 1016 2004 ciam
1031 1976 1153 2004 ntembra
1171 1976 1324 2004 meretricis
1337 1976 1348 2004 ?
1363 1976 1443 2003 Absit
1454 1976 1476 1991 "
1489 1976 1494 2002 !
1515 1985 1524 2001 ι
1542 1974 1595 2002 Sed
1608 1975 1735 2002 Servator

945 2024 1004 2059 ipse
1024 2031 1029 2049 :
1051 2033 1059 2048 ι
1082 2023 1133 2056 Qui
1160 2024 1308 2050 mandneat
1330 2029 1418 2049 meam
1447 2029 1571 2053 carnem,
1592 2022 1693 2056 inquit,
1708 2026 1735 2048 ct

945 2070 1014 2097 bibit
1035 2077 1125 2096 meum
1151 2069 1325 2103 sanguinem,
1339 2068 1367 2094 in
1390 2075 1433 2095 me
1457 2071 1560 2100 manet,
1586 2071 1613 2094 et
1635 2074 1685 2101 ego
1708 2066 1736 2093 in

947 2115 994 2142 illo
1009 2115 1043 2140 ⁹³.
1064 2125 1073 2141 ι
1093 2114 1144 2141 llic
1169 2113 1492 2141 euim'animadvertere
1510 2118 1552 2140 est
1571 2119 1662 2147 opera:
1677 2119 1737 2147 pre-

949 2161 1030 2193 tium,
1054 2161 1194 2187 Christum
1212 2167 1268 2186 non
1288 2159 1382 2187 dicere
1398 2166 1428 2186 se
1448 2158 1594 2186 duntaxat'
1609 2158 1636 2185 in
1656 2157 1737 2185 nobis

949 2206 1072 2234 futurum
1094 2206 1244 2234 secundum
1261 2206 1423 2233 relationem
1443 2204 1590 2241 quamdam
1607 2202 1738 2230 allectua-

105 2263 191 2296 ἄξιον,
204 2263 242 2294 ὡς
255 2261 287 2288 οὐ
296 2261 367 2287 κατὰ
383 2260 475 2296 σχέσιν
489 2259 550 2287 τινὰ
565 2259 649 2294 μόνην
666 2259 714 2294 τὴν
735 2259 764 2284 ὲν
777 2257 879 2284 διαθέσε

964 2261 1013 2284 3m,
1027 2253 1074 2280 sed
1089 2251 1119 2280 et'
1131 2259 1178 2287 per
1190 2251 1428 2286 participationem
1441 2249 1606 2277 naturalem.
1621 2248 1655 2275 Ut
1666 2248 1739 2276 enim

105 2309 254 2344 νοουμένην
267 2308 297 2334 ὲν
312 2307 377 2342 ἡμῖν
389 2305 498 2333 ἔσεσθαί
509 2313 590 2340 φησιν
603 2305 616 2330 6
627 2305 755 2340 Χριστὸς,
771 2303 839 2330 ἀλλὰ
850 2303 897 2329 καὶ

106 2355 177 2382 κατὰ
192 2353 300 2390 μέθεξιν
310 2352 438 2388 φυσικήν.
447 2352 553 2386 ’Ὠσπερ
563 2350 617 2386 γὰρ
627 2350 654 2376 εἴ
665 2358 711 2381 τις·
720 2348 805 2384 κηρὸν
813 2348 899 2384 ἑτέρῳ

108 2400 310 2432 συναναπλέξας
324 2399 412 2435 κηρῷ,
437 2398 484 2425 καὶ
500 2398 567 2434 πυρὶ
596 2397 815 2432 συγκατατήξας,
829 2395 859 2422 ἓν
872 2404 898 2422 τι

106 2448 136 2474 τὸ
150 2446 181 2479 ἐξ
192 2447 294 2481 ἀμφοῖν
315 2445 472 2480 ἐργάζεται,
494 2443 565 2470 οὕτω
579 2442 623 2469 διὰ
646 2443 694 2477 τῆς
720 2441 919 2481 μεταλήψεως.

109 2493 156 2519 τοῦ
179 2492 308 2527 σώματος
325 2491 370 2517 τοῦ
391 2489 519 2526 Χριστοῦ,
536 2490 583 2516 καὶ
602 2488 649 2515 τοῦ
664 2488 753 2522 τιμίου
771 2488 902 2522 αἵματος,

112 2538 192 2570 αὐτὸς
210 2537 261 2573 μὲν
273 2538 301 2563 ὲν
316 2538 391 2572 ἡμῖν,
420 2536 502 2572 ἡμεῖς
513 2535 542 2561 δὲ
558 2532 591 2562 αὖ
606 2535 688 2562 πάλιν
702 2535 731 2561 ὲν
747 2534 823 2569 αὐτῷ
840 2543 903 2560 συν-

111 2584 255 2620 ενούμεθα.
269 2584 307 2610 Οὐ
321 2583 374 2620 γὰρ
386 2581 420 2618 ἦν
434 2583 536 2618 ἑτέρως
546 2580 748 2616 ζωοποιηθῆναι
762 2579 903 2611 δύνασθαι,

110 2632 139 2658 τὺ
152 2629 314 2666 φθείρεσθαι
329 2629 459 2663 πεφυκὸς,
476 2629 499 2654 εἰ
518 2627 555 2662 μὴ
573 2625 727 2661 συνεπλάκη
740 2624 905 2660 σωματικῶς

110 2677 148 2712 τῷ
165 2676 275 2711 σώματι
290 2674 341 2710 τῆς
364 2674 434 2701 κατὰ
463 2674 542 2708 φύσιν
571 2672 655 2707 ζωῆς,
678 2671 751 2698 τοῦτ’
771 2671 840 2702 ἐστι,
855 2670 902 2697 τοῦ

111 2721 293 2756 Μονογενοῦς.
314 2721 368 2746 Καὶ
379 2721 403 2746 εἱ
419 2719 456 2755 μὴ
471 2720 527 2750 τοῖς
542 2717 619 2753 ἐμοῖς
633 2716 787 2753 καταπείθῃ
801 2715 901 2750 λόγοις,

111 2767 203 2798 ἐπίδος
217 2765 269 2800 τὴν
297 2765 387 2791 πίστιν
413 2763 487 2798 αὐτῷ
499 2762 594 2798 βοῶντι
619 2760 743 2796 Χριστῷ·
768 2769 777 2786 t
799 2761 902 2795 Ἀμὴν,

148 2859 172 2875 "
193 2858 202 2885 ι
222 2857 289 2884 Cor.
309 2864 322 2883 κ
343 2877 349 2889 ,
370 2857 410 2884 I7.
450 2857 470 2874 ἰ
494 2855 594 2891 Ephcs.
613 2863 661 2887 tu,
678 2854 705 2882 6.

745 2854 770 2869 "
791 2852 800 2879 l
820 2853 884 2881 Cor.
901 2858 946 2884 Vl,

947 2299 969 2327 si
984 2299 1046 2334 quis
1062 2305 1155 2326 ceram
1177 2305 1248 2324 cerae
1263 2297 1388 2324 indutam
1407 2296 1469 2331 igne
1483 2294 1566 2322 simul
1582 2293 1739 2329 liquaverit.

947 2353 1032 2373 unum
1057 2345 1123 2380 quid
1150 2352 1183 2371 ex
1206 2343 1342 2370 ambobus
1366 2342 1459 2373 elllt-it,
1479 2342 1515 2368 ita
1541 2348 1588 2375 per
1615 2339 1741 2374 corporis

947 2390 1063 2422 Christi,
1077 2395 1103 2417 et
1121 2389 1234 2424 pretiosi
1252 2388 1398 2422 sanguinis
1418 2386 1663 2422 participationem
1682 2385 1742 2419 ipse

942 2437 1061 2474 quidem
1088 2423 1228 2468 ininobis,
1257 2442 1307 2462 nos
1326 2438 1417 2461 autem
1436 2440 1533 2460 rursus
1551 2432 1578 2459 in
1601 2439 1634 2459 eo
1659 2423 1742 2459 simul

953 2485 1076 2512 unimur.
1094 2482 1150 2510 Nee
1165 2483 1237 2510 enim
1254 2481 1333 2508 aliter
1347 2480 1478 2508 vivilicari
1497 2483 1587 2514 potest
1599 2478 1673 2514 quod
1691 2485 1742 2504 na-

953 2534 1016 2556 tura
1041 2537 1092 2556 sua
1121 2532 1164 2555 est
1186 2527 1382 2562 corruptibile.
1409 2533 1491 2561 quam
1519 2525 1542 2552 si
1560 2524 1743 2560 corporaliter

953 2577 1061 2603 unitum
1085 2575 1121 2602 sit
1145 2574 1255 2609 corpori
1278 2574 1340 2607 ejus
1367 2573 1414 2608 qui
1441 2571 1594 2600 secundum
1615 2575 1743 2597 naturam

954 2630 1032 2650 suam
1059 2625 1102 2648 est
1119 2621 1184 2652 vita,
1210 2619 1262 2646 hoc
1286 2622 1329 2646 est
1348 2617 1498 2652 Unigeniti.
1516 2616 1604 2649 Quod-
1623 2615 1647 2644 si
1674 2614 1744 2642 meis

956 2667 1048 2696 verbis
1065 2665 1227 2702 persuaderi
1247 2669 1273 2692 te
1301 2671 1355 2692 nou
1375 2663 1456 2694 sinis,
1477 2662 1530 2698 ipsi
1554 2661 1667 2688 Christo
1689 2661 1745 2686 ela-

957 2713 1042 2740 manti
1066 2712 1146 2740 tidem
1170 2711 1289 2738 adhibe:
1309 2719 1318 2736 ι
1339 2710 1435 2741 Amen,
1457 2716 1537 2736 amen
1565 2707 1627 2734 dico
1645 2705 1743 2733 vobis:

958 2760 1012 2787 nisi
1028 2756 1258 2786 manducaveritis
1273 2762 1385 2784 carnem
1397 2753 1459 2781 Filii
1476 2752 1606 2786 hominis,
1621 2754 1647 2780 et
1669 2751 1746 2778 bibe-

979 2851 1021 2878 15.
1058 2849 1080 2865 ’³
1100 2847 1179 2876 Joan.
1204 2855 1246 2882 vt,
1266 2846 1316 2882 .56.
