1929 3038
65 138 124 165 5ίὸ

592 138 624 166 IN
643 138 787 167 JO.\NNIS
804 139 1028 169 EVANGELIUSI
1050 142 1114 170 LIB.
1138 141 1172 169 Χ.

1648 143 1700 171 346

67 196 226 231 προτείνων
236 195 359 230 ἀμαθῶς.
374 204 382 221 ι
397 196 428 222 Εἰ
437 196 489 231 γὰρ
496 195 617 230 ἄμπελος
628 197 676 232 μὲν
685 196 758 234 ἔστιν
767 197 781 223 ὁ
792 197 862 229 Υἱὸς1

918 198 1031 226 alterius
1061 203 1164 225 naturae
1187 197 1272 225 Filius
1299 197 1379 224 sicuti
1408 197 1469 224 vitis
1492 205 1553 224 cuin
1579 200 1699 233 agricola

68 243 154 276 φησὶ,
175 242 299 278 γεωργὸς
311 242 340 269 δὲ
366 243 379 268 ὁ
401 241 504 277 Πατὴρ,
528 242 678 279 ἑτεροφυὴς
701 243 729 270 δὲ
754 243 834 270 πάλιν
850 243 865 269 ό

67 288 150 320 Υἱὸς,
161 289 200 320 ὼς
212 289 283 323 πρὸς
293 289 342 324 τὴν
354 288 486 324 ἄμπελον,
510 289 560 323 οὺχ
582 288 724 324 ὀμοούσιος
736 289 811 316 ἔσται
825 289 865 324 τῷ

67 333 162 368 Πατρὶ
175 335 190 360 ὁ
203 334 278 366 Υἱὸς,
291 334 367 369 φησί.
381 343 391 360 ι
411 334 466 360 Καὶ
483 333 550 369 βαθὺ
569 333 618 369 μέν
637 343 677 360 τοι
694 334 742 361 καὶ
756 334 863 370 πικρὸν,

66 381 119 406 καὶ
137 379 271 415 θεώρημα
282 380 501 416 δυσανάτρεπτον
517 380 680 415 ἐπιτειχίσαι
695 380 800 415 νομίζει
810 382 865 412 τοίς

65 426 120 461 τῆς
142 427 309 462 Ἑκκλησίας
324 427 466 461 δόγμασιν,
482 426 616 453 ἁλώσεται
646 426 675 453 δὲ
691 427 768 453 οὐδὲν
784 425 864 462 ἦττον

66 473 225 500 κάντεῦθεν
239 472 340 509 ληρῶν.
364 473 475 508 Πρῶτον
503 473 551 508 μὲν
569 473 623 508 γὰρ
648 473 776 508 ἀλλογενῆ
794 474 865 501 κατά

67 517 155 551 φύσιν
185 517 424 553 διαϐεϐαιούμενος
445 516 513 545 εἶναι
530 518 576 545 τὸν
594 519 667 551 Υἰὸν,
691 518 803 553 καὶτῆς
817 519 864 545 τοῦ

66 564 200 595 τεκόντος
216 565 309 596 οὐσίας
322 563 373 597 ἔξω
382 565 476 596 τιθεὶς,
489 565 546 596 πῶς
557 564 589 591 ἂν
599 564 639 592 ἔτι
651 565 758 600 Πατέρα
769 565 864 601 καλοίη

67 611 116 636 τὸν
137 611 216 642 Θεὸν,
237 611 300 638 Υἰδν
310 611 337 637 δὲ
350 611 418 643 ὅλως
446 612 491 638 τὸν
505 611 568 638 Υἱόν
581 620 589 644 ;
606 612 638 638 Εἰ
653 611 707 647 γὰρ
722 611 758 646 μὴ
768 619 863 646 γεγεν-

68 657 173 691 νῆσθαι
192 657 275 692 φησὶν
299 657 390 689 αὐτὸν,
418 657 490 683 τοῦτ’
508 656 577 688 ἔστι,
596 657 738 692 προελθεῖν
758 658 790 683 ἐκ
814 657 865 691 τῆς

67 702 168 734 οὐσίας
183 702 230 728 τοῦ
242 703 358 738 Πατρὸς,
371 703 495 738 καθάπερ
513 703 560 729 καὶ
571 703 599 735 ἐξ
617 702 777 738 ἀνθρώπων,
789 702 821 729 τὰ
836 703 865 735 ἐξ

69 749 165 775 αὐτῶν
179 749 349 784 γεννήματα,
365 750 423 781 πῶς
443 750 476 776 ἂν
495 749 538 784 εἴη
555 749 626 776 κατὰ
640 749 767 784 ἀλήθειαν
783 749 862 782 Υἱός;

69 793 140 821 Εἶτα
157 795 271 826 πῶςτὸν
289 795 423 831 μακάριον
441 795 567 829 Ἰωάννην
578 795 726 830 ἀποστήσει
739 794 862 828 λέγοντα’

71 851 79 867 ι
105 841 136 868 ’0
148 841 316 876 ἀρνούμενος
330 842 374 868 τὸν
385 841 459 869 Υἰὸν,
472 841 518 868 καὶ
531 841 576 868 τὸν
585 841 694 876 Πατέρα
704 841 862 876 ἀρνήσεται·

67 889 80 914 ὁ
107 887 254 922 ὁμολογῶν
267 888 312 914 τὸν
331 888 405 918 Υἱὸν,
420 887 546 922 ὁμολογεῖ
573 887 620 914 καὶ
647 887 692 914 τὸν
708 887 832 922 Πατέρα;
849 897 857 912 ι

67 934 125 960 Καὶ
141 933 246 969 ἀληθὴς
257 934 271 960 ὁ
284 933 372 967 λόγος.
387 933 431 960 Ἑν
443 933 497 969 γὰρ
506 933 544 968 τῷ
556 933 641 968 ἑτέρῳ
656 935 860 968 συναναιρεῖται

69 980 182 1011 πάντως
198 980 246 1005 καὶ
263 979 459 1014 συνυφίσταται
481 979 514 1005 τὸ
528 979 631 1014 ἕτερον.
648 979 684 1005 Οὐ
703 979 756 1014 γὰρ
772 979 804 1006 ἂν
817 980 860 1015 εἴη

70 1024 180 1060 Πατὴρ,
200 1025 251 1051 οὐκ
264 1024 339 1056 ὄντος
353 1024 429 1057 Υίοῢ,
445 1025 499 1051 οὐδ’
517 1024 550 1051 ἂν
566 1024 628 1057 Υἱὸς
641 1026 726 1052 νοοῖτό
741 1034 806 1052 ποτε
823 1025 859 1061 μὴ

67 1071 130 1105 οθζιχὶ
146 1070 257 1101 πάντως
286 1070 360 1106 αὐτῷ
378 1071 618 1106 συνεπινοουμένου
643 1071 689 1098 τοῦ
714 1071 857 1106 φύσαντος.

68 1117 99 1142 ΕΞ
109 1115 204 1142 τοίνυν
232 1116 354 1150 ἀρνεῖται
372 1116 417 1142 τδν
441 1116 505 1142 Υίὺν
533 1116 696 1152 (ἑτερογενῆ
716 1117 770 1152 γὰρ
790 1114 861 1144 εἶναί

68 1161 155 1196 φησι)
167 1183 174 1193 ,
190 1162 238 1188 καὶ
257 1161 338 1187 αὑτὸν
352 1161 490 1196 ἠρνήσατο
509 1162 554 1188 τὸν
578 1162 698 1196 Πατέρα.
715 1162 746 1188 Τί
764 1161 820 1194 οὖν,
839 1160 860 1189 ὧ

69 1208 206 1241 βέλτιστε,
217 1208 286 1242 πρὸς
294 1207 379 1234 ταῦτα
392 1208 478 1243 ἐρεῖς
491 1208 536 1239 Et;
551 1208 611 1235 τίνα
623 1208 740 1243 λοιπὸνὴ
754 1208 858 1241 πίστις;

70 1253 126 1280 Ποῦ
138 1253 191 1288 τῆς
218 1254 300 1287 ἁγίας
327 1253 442 1288 Τριάδος
458 1254 475 1288 ἡ
503 1253 584 1285 δόξας
601 1254 718 1280 Λέλυται
738 1254 791 1289 γὰρ
813 1254 861 1280 καὶ⁹

70 1299 173 1336 φρούδη
191 1299 285 1326 λοιπὸν
299 1300 315 1334 ὴ
326 1299 380 1325 τῶν
391 1299 458 1326 ὅλων
474 1299 612 1334 κρατοῦσα
622 1299 713 1333 φύσις,
726 1300 754 1326 ἐν
770 1299 860 1333 ψιλαῖς

70 1347 136 1382 ἡμῖν
153 1345 326 1380 σημανθεῖσα
341 1344 428 1376 λέξεσι
456 1344 532 1379 παρὰ
552 1344 601 1379 τῆς
633 1344 712 1378 ἁγίας
738 1345 858 1380 Γραφῆς·

70 1391 224 1425 ἀναγκάζει
238 1390 292 1424 γὰρ
304 1391 377 1425 ἡμᾶς
388 1390 435 1416 καὶ
446 1389 489 1416 διὰ
500 1390 554 1415 τῶν
565 1389 650 1420 οὕτως
666 1390 860 1424 ἀπηχεστάτων

71 1437 137 1462 ξέναι
153 1437 244 1470 λόγων
260 1437 276 1471 ἡ
294 1436 408 1462 ἐκείνων
430 1435 585 1470 ἀποπληξίαι
605 1436 652 1462 καὶ
682 1436 858 1472 ψευδομυθὶα.

76 1483 146 1509 Ἀλλ’
162 1482 229 1513 ἴσως
243 1482 272 1508 τὸ
299 1482 349 1516 τῆς
371 1481 525 1517 δυσφημίας
544 1481 706 1513 καταδείσας
727 1482 859 1517 μέγεθος,

70 1529 203 1564 ἀλλογενῆ
221 1529 269 1563 μὲν
282 1525 351 1554 εἶναί
367 1536 444 1563 φησι,
466 1527 644 1561 γεγεννῆσθαί
666 1536 697 1562 γε
719 1528 771 1563 μὴν
788 1528 861 1563 παρὰ

70 1574 116 1600 τοῦ
133 1574 204 1600 Θεοῦ
219 1574 268 1600 καὶ
293 1574 410 1609 Πατρός.
433 1574 528 1608 Ἡμεῖς
558 1573 586 1600 δὲ
612 1571 645 1600 αὖ
666 1573 747 1599 πάλιν
777 1575 862 1599 εἰπεῖν
877 1571 897 1582 υ

70 1622 264 1656 ἁπαιτήσομεν
290 1621 349 1652 πῶς
373 1620 427 1655 ἄρα
457 1619 639 1654 γεγεννῆσθαι
651 1620 742 1646 δίδωσί
764 1629 794 1646 τε
818 1621 865 1647 καὶ

71 1667 208 1702 ὁμολογεῖ.
225 1667 255 1692 Εἰ
282 1666 329 1700 μὲν
352 1666 405 1700 γὰρ
431 1665 468 1697 ὡς
484 1665 513 1691 ἓν
536 1665 590 1691 τῶν
604 1665 771 1699 κτισμάτων,
796 1666 865 1691 κατὰ

72 1713 165 1747 σχέσιν
184 1713 233 1747 τὴν
255 1712 291 1743 ὡς
316 1712 345 1738 ὲν
361 1711 457 1746 ἀγάπῃ
484 1711 531 1737 καὶ
553 1710 623 1737 κατὰ
635 1710 742 1746 θέλησιν
757 1711 865 1747 (πάντα

70 1759 126 1793 γὰρ
142 1759 176 1784 ἐκ
190 1757 258 1784 Θεοῦ
271 1756 396 1791 λέγεται)
409 1777 416 1788 ,
446 1756 490 1782 διὰ
505 1756 557 1784 τῶν
583 1756 672 1783 αὐτῶν
696 1755 770 1782 οὐδὲν
785 1753 865 1792 ἧττον

71 1805 132 1840 ἣξει
162 1803 355 1839 βλασφημιῶν.
383 1803 483 1838 Ἀληθῆ
500 1803 528 1830 δὲ
541 1803 587 1829 τὸν
601 1803 679 1829 τόκον
700 1802 802 1836 εἰπὼν,
818 1803 863 1830 ἔκ-

72 1850 156 1883 φυλόν
174 1859 204 1876 τε
215 1849 284 1877 εἶναι
303 1849 549 1884 διαϐεϐαιούμενος,
571 1849 618 1876 καὶ
635 1849 766 1884 ἀλλογενῆ
779 1849 864 1884 λέγων

73 1897 170 1923 Ern-tut
186 1896 255 1931 μετὰ
274 1895 363 1927 τοῦτο,
379 1895 541 1930 δυσσεϐήσει
553 1894 661 1926 πάντως
670 1895 710 1926 εἰς
726 1895 806 1922 αὐτὸν
820 1895 865 1921 τὸν

72 1942 254 1977 γεννήσαντα.
275 1941 307 1966 ’Ὁ
323 1940 377 1975 γὰρ
406 1940 452 1967 καὶ
479 1939 548 1975 αὐτὴ
575 1940 754 1975 παρῃτήσατο
770 1940 865 1966 παθεῖν

72 1987 125 2014 τῶν
141 1987 266 2023 γενητῶν
286 1986 406 2022 ἡφύσις,
433 1986 512 2012 τοῦτο
529 1985 561 2020 δὴ
577 1986 684 2018 πάντως
703 1986 865 2018 ὑποδείξειεν

73 2035 260 2070 ὑπομείναντα
273 2033 318 2060 τὸν
329 2033 405 2060 Θεὸν.
422 2030 460 2059 ἿΙ
473 2032 527 2068 γὰρ
542 2032 603 2068 οὐχὶ¹
614 2033 644 2059 τὸ
664 2033 696 2059 ἔκ
710 2041 781 2065 τινος
796 2033 866 2059 κατὰ

73 2080 155 2114 φύσιν
181 2079 381 2114 γεγεννημένον
406 2078 525 2114 ἀληθῶς,
540 2078 683 2114 ὁμοούσιον
697 2078 736 2113 τῷ
759 2079 864 2105 τεκόντι

72 2126 210 2160 φαίνεται,
225 2126 272 2152 καὶ
289 2125 348 2156 πῶς
374 2125 423 2160 οὐχ
449 2125 535 2152 ἅπασι
550 2124 706 2159 συμφανές;
727 2124 832 2151 Οὐκοῦν

73 2171 124 2205 μὲν
142 2171 230 2202 κτίσις
245 2170 315 2197 κατὰ
330 2170 408 2204 λόγον
424 2169 530 2205 πρόεισι
546 2169 590 2195 τὸν
610 2168 758 2204 πρέποντα-
775 2169 862 2197 τίκτει

71 2218 126 2252 γὰρ
157 2217 208 2243 οὐκ
231 2216 372 2250 ἀλλογενῆ·
397 2215 476 2250 μόνον
495 2215 522 2241 δὲ
551 2213 670 2240 παθόντα
688 2214 733 2241 τὸν
754 2215 820 2241 Θεὸν
833 2215 864 2241 τὸ

73 2263 195 2290 ἐναντίον
209 2263 372 2298 εὑρήσομεν,
390 2263 468 2296 εἴπερ
482 2260 613 2296 ἀλλογενῆ
631 2260 780 2296 γεγέννηκε
791 2281 798 2294 ,
816 2261 862 2287 καὶ

74 2310 124 2336 οὐκ
138 2309 167 2342 ἐξ
184 2309 252 2339 ἰδίας
266 2308 374 2342 φύσεως
390 2308 435 2333 τὸν
450 2307 525 2333 Υἱόν.

109 2353 165 2382 Ἰἰν
185 2355 235 2389 μὲν
251 2352 298 2380 οὖν
322 2353 395 2385 εἰκὸς
420 2352 496 2379 οὐδὲν
517 2352 557 2379 ἔτι
580 2352 648 2387 πρὸς
672 2351 759 2378 ταῦτα
776 2350 862 2377 θέλειν

73 2402 161 2428 εἰπεῖν
176 2401 221 2428 τὸν
237 2400 269 2426 δι’
285 2399 420 2432 ἐναντίας,
436 2399 485 2428 οὐκ
500 2398 669 2433 ὲξισταμένῳ
684 2397 712 2423 δὲ
726 2398 776 2432 τῆς
789 2396 863 2423 ἐνού-

73 2457 124 2483 σης
143 2446 400 2482 αὐτῷδυσὸουλίας,
425 2445 540 2480 οἰομένῳ
560 2453 589 2470 τε
617 2444 750 2478 ἀλλογενῆ
773 2443 818 2470 τὸν
831 2443 863 2469 ἐκ

72 2495 140 2521 Θεοῦ
155 2495 204 2521 καὶ
219 2493 326 2529 Ila-cpe;
336 2492 470 2528 ὑπάρχειν
485 2491 560 2522 Υἰὸν,
576 2491 625 2517 οὐκ
645 2489 796 2525 ὲνδώσομεν
807 2491 864 2521 τοῖς

73 2540 121 2576 τῆς
135 2540 266 2576 ἀληθείας
281 2538 491 2575 συνηγοροῦντες
512 2537 653 2571 δόγμασιν.
678 2536 864 2570 Ἐπιδείεομεν

73 2587 127 2622 γὰρ
138 2586 257 2622 ὁμογενῆ
273 2585 386 2618 λέγοντα
400 2585 433 2619 τῇ
448 2583 537 2610 κτίσει
551 2582 596 2608 τὸν
604 2581 671 2608 Θεὸν
684 2582 730 2608 καλ¹
744 2581 863 2616 Πατέρα·

74 2632 200 2664 καὶπῶς,
216 2631 233 2666 ἦ
249 2630 331 2657 πόθεν
346 2629 465 2656 ἀκούοιτ’
485 2627 519 2654 ἂν
542 2628 593 2662 ἤδη
620 2627 712 2654 πάλιν.
726 2626 866 2662 Ἄμπελον

74 2676 196 2712 ἐναργῶς
211 2675 375 2702 διατείνεται
386 2673 433 2701 καί
457 2681 548 2708 φησιν,
563 2672 593 2698 οὺ
615 2672 664 2706 τὴν
685 2671 775 2707 σάρκα
794 2672 862 2706 μᾶλ-

72 2723 127 2755 λον,
140 2723 201 2750 ἀλλ’
218 2722 305 2757 αὐτὴν
320 2720 476 2755 ὠνομάσθαι
500 2719 549 2754 τὴν
561 2718 676 2753 θεότητα
686 2717 732 2744 τοῦ
746 2718 864 2750 Μονογε-

74 2769 143 2801 vuig.
166 2769 269 2803 Ἐχέτω
297 2767 362 2802 τῇδε
385 2766 476 2802 τυχόν·
502 2764 621 2797 οὺκοῦνι
636 2765 769 2800 ἐρήσομαι
799 2764 863 2798 γὰρ,

107 2860 128 2876 ¹⁶
151 2859 158 2885 Ι
182 2858 261 2886 Joau.
281 2866 331 2893 ut,
351 2858 396 2886 ‘25.

915 248 1084 279 comparata,
1100 252 1154 271 non
1166 244 1219 271 erit
1234 243 1482 270 consubstantialis
1494 242 1568 269 Patri
1585 243 1698 271 Filius.»

915 289 981 322 Quae
1006 297 1068 317 cum
1092 290 1171 321 dicit,
1194 289 1335 317 existimat
1362 297 1391 316 se
1417 289 1503 316 altum
1519 289 1649 324 quiddam
1676 295 1703 317 et

915 336 1016 363 subtile
1032 336 1215 370 excogitasse,
1232 339 1259 363 et
1273 335 1406 362 invictum
1423 335 1557 362 adversus
1571 335 1703 363 Ecclesiae

915 381 1042 416 dogmata
1057 386 1247 417 argumentum
1263 389 1462 416 comparasse:
1492 381 1538 409 sed
1559 382 1700 409 nihilomi—

915 434 968 454 nus
978 427 1041 454 hine
1049 435 1157 462 quoque
1167 427 1264 462 nugari
1275 427 1469 462 compcrietur.
1480 427 1601 454 Primum
1614 428 1698 461 enim,

915 480 977 500 cum
1002 473 1115 501 alterius
1136 472 1287 500 secundum
1302 477 1428 500 naturam
1455 473 1563 508 generis
1574 482 1635 501 esse
1654 473 1699 501 F‘i-
1725 474 1728 478 '

917 519 981 546 lium
1004 523 1153 551 assereret.
1170 527 1287 554 eumque
1302 523 1380 546 extra
1406 519 1542 547 Genitoris
1567 520 1699 548 substan-

915 564 980 590 tinam
997 564 1122 596 collocat,
1139 564 1276 598 quomodo
1289 563 1399 591 Patrem
1417 565 1526 591 vocabit
1539 564 1634 597 Deum,
1651 570 1699 592 aut

915 610 1027 637 omnino
1043 609 1140 637 Filium
1153 610 1225 637 dicet
1238 610 1359 637 Filium?
1372 609 1438 636 Nam
1457 611 1479 638 si
1500 619 1553 637 non
1575 619 1635 638 esse
1651 620 1698 646 ge»

916 656 1002 682 nilum
1021 656 1110 691 ipsum
1123 656 1171 688 ait,
1189 657 1239 684 hoc
1253 661 1338 684 estex
1356 657 1512 683 substantia
1530 657 1620 685 Patris
1637 665 1699 692 pro-

915 700 1023 732 cedere.
1043 701 1273 736 quemadmodum
1290 705 1316 728 et
1329 709 1361 728 ex
1379 701 1535 728 hominibus
1550 710 1644 729 eorum
1666 703 1698 729 ii-

915 745 961 778 lii,
982 746 1120 780 quomodo
1143 754 1206 774 vere
1228 746 1314 773 Filius
1334 747 1407 773 erit?
1436 747 1537 775 Deinde
1561 749 1699 782 quomodo

916 791 1023 818 beatum
1049 790 1181 818 Joannem
1208 791 1363 826 repudiabit
1388 791 1544 820 dicentem:
1565 802 1574 818 ι
1602 793 1698 821 Omnis

915 838 960 872 qui
978 842 1058 872 negat
1074 836 1184 869 Filium,
1201 845 1251 864 nec
1268 837 1376 864 Patrem
1395 838 1492 864 habet:
1517 839 1564 873 qui
1587 839 1699 867 cottﬁteo

880 877 900 904 Β
916 887 961 909 tur
978 882 1089 913 Filium,
1108 887 1135 910 et
1148 883 1258 909 Patrem
1275 883 1355 910 habet
1367 883 1416 909 “.1
1437 883 1514 915 Quod
1526 884 1635 918 quidem
1654 892 1700 911 ve-

914 937 973 956 rum
990 932 1041 955 est.
1058 928 1151 955 Altero
1167 929 1237 956 enim
1256 929 1348 955 ablato
1363 933 1410 955 aut
1430 930 1531 963 posito,
1545 930 1649 956 tollitur
1667 930 1702 956 si-

914 975 969 1001 mul
982 975 1109 1006 alterum,
1126 979 1153 1002 et
1169 975 1289 1008 ponitur.
1301 974 1355 1001 Nec
1365 975 1437 1002 enim
1449 975 1530 1002 Pater
1541 976 1593 1002 erit
1607 976 1629 1003 si
1645 984 1699 1002 non

914 1021 949 1048 sit
968 1020 1064 1052 Filius,
1085 1028 1133 1048 nec
1147 1020 1236 1047 Filius
1251 1021 1422 1056 concipiatur
1439 1029 1572 1056 unquam,
1585 1022 1636 1049 nisi
1650 1021 1700 1048 Pa-

914 1071 955 1093 ter
970 1074 1024 1094 una
1041 1074 1150 1101 quoque
1172 1067 1354 1101 concipiatur.
1371 1067 1398 1094 Si
1423 1075 1487 1102 ergo
1505 1072 1585 1102 negat
1601 1068 1700 1094 Filium

914 1111 1028 1147 (diversi
1048 1113 1150 1148 quippe
1168 1114 1276 1148 generis
1296 1121 1359 1141 esse
1379 1114 1440 1146 ait),
1459 1119 1485 1141 et
1502 1114 1584 1149 865
1608 1114 1700 1148 ipsunt

914 1159 1022 1186 Patrem
1045 1160 1196 1195 negaverit.
1219 1160 1290 1193 Quid
1306 1161 1388 1195 igitur
1404 1160 1437 1187 ad
1455 1162 1511 1188 haec
1533 1161 1620 1191 dices,
1637 1161 1702 1187 ami-

915 1206 965 1233 ce?
983 1205 1010 1232 ln
1030 1214 1110 1240 quem
1129 1206 1238 1233 demum
1262 1206 1330 1234 ﬁdes
1342 1207 1411 1234 erit?
1429 1206 1479 1234 Ubi
1496 1212 1598 1234 sanctae
1612 1207 1701 1234 'l‘rini-
1725 1220 1727 1222 -

914 1254 981 1280 tatis
1000 1253 1104 1288 gloria?
1121 1252 1195 1279 Perit
1207 1253 1280 1280 enim
1297 1258 1324 1280 et
1341 1253 1434 1280 inanis
1452 1253 1576 1280 redditur
1589 1253 1700 1279 demum

915 1299 959 1325 illa
978 1298 1099 1325 universi
1125 1298 1236 1324 domina
1261 1302 1371 1330 natura,
1389 1298 1468 1325 nobis
1483 1305 1496 1324 a
1516 1303 1610 1326 sancta
1626 1298 1701 1325 Scri-

914 1349 995 1379 ptura
1018 1344 1099 1371 nudis
1125 1343 1277 1378 signiﬁcata
1301 1344 1488 1372 dictionibus:
1507 1351 1539 1370 eo
1559 1343 1632 1370 enim
1653 1343 1701 1370 ab-

914 1391 1078 1417 surditatum
1104 1390 1230 1424 progredi
1254 1389 1363 1416 illorum
1390 1389 1466 1417 furor
1482 1393 1508 1416 et
1528 1388 1700 1416 mendacium

915 1444 965 1464 uos
989 1436 1085 1472 adigit.
1113 1436 1166 1463 Sed
1200 1436 1399 1463 immanitatem
1426 1437 1502 1464 illius
1525 1436 1702 1471 blasphemite

915 1482 1008 1510 forsan
1020 1482 1134 1514 veritus,
1147 1481 1248 1509 diversi
1263 1482 1373 1516 quidem
1387 1489 1447 1509 esse
1457 1482 1576 1517 generis,
1593 1489 1702 1509 verum--

914 1534 1006 1557 tamen
1025 1537 1039 1557 a
1055 1529 1109 1557 Deo
1124 1534 1151 1557 et
1172 1529 1251 1556 Patre
1266 1530 1387 1564 genitum
1407 1537 1468 1557 esse
1479 1530 1526 1557 ait.
1539 1529 1594 1557 Nos
1610 1536 1701 1556 autem

914 1581 1011 1603 rursus
1027 1575 1184 1610 urgebimus
1197 1579 1227 1602 ut
1239 1575 1312 1602 dicat
1327 1583 1383 1610 quo
1399 1580 1478 1610 pacto
1492 1575 1616 1611 genitum
1638 1583 1701 1602 eum

914 1629 976 1649 esse
988 1621 1114 1649 fateatur.
1129 1621 1157 1648 Si
1170 1621 1243 1648 enim
1260 1625 1389 1656 tanquam
1401 1625 1592 1649 creaturarum
1607 1628 1700 1653 unam,

915 1668 1049 1695 relatione
1068 1667 1199 1694 videlicet
1221 1671 1248 1693 et
1264 1667 1428 1694 habitudine
1451 1667 1598 1695 charitatis
1620 1671 1703 1702 atque

914 1713 1063 1741 voluntatis
1079 1712 1184 1748 (omnia
1197 1712 1300 1747 quippe
1314 1720 1345 1740 ex
1362 1713 1416 1740 Deo
1429 1721 1490 1741 esse
1507 1713 1660 1747 dicuntur),
1674 1713 1702 1740 in

914 1758 1023 1788 easdem
1054 1759 1240 1795 blasphemias
1266 1759 1377 1787 recidet.
1406 1758 1453 1785 Sin
1486 1763 1576 1785 autem
1606 1766 1701 1785 verum

915 1807 1025 1842 quidem
1036 1806 1135 1834 Filium
1160 1814 1222 1834 esse
1236 1805 1312 1833 dicat
1326 1826 1332 1838 ,
1353 1805 1468 1832 alterius
1489 1808 1580 1831 tamen
1595 1805 1702 1840 generis

915 1855 1040 1884 asserat,
1070 1852 1097 1878 in
1123 1851 1212 1886 ipsum
1228 1852 1324 1886 utique
1348 1850 1505 1878 Genitorem
1534 1851 1701 1885 impietatem

915 1905 992 1924 suam
1005 1902 1107 1925 exeret.
1126 1898 1203 1930 Quod
1227 1898 1301 1925 enim
1323 1904 1458 1932 nusquam
1476 1897 1503 1924 in
1516 1904 1606 1924 rerum
1622 1905 1703 1924 crea-

915 1946 1004 1968 tarum
1034 1945 1159 1968 naturam
1174 1942 1317 1974 ceciderit,
1336 1942 1388 1969 hoc
1417 1942 1514 1976 utique
1528 1941 1601 1968 Patri
1627 1941 1704 1968 atlin‘

914 1991 968 2023 get.
982 1987 1121 2022 Numquid
1140 1989 1212 2015 enim
1238 1988 1310 2022 quod
1325 1996 1358 2015 ex
1376 1988 1468 2022 aliquo
1484 1987 1636 2015 secundum
1654 1995 1704 2014 na-

915 2038 1004 2061 turam
1024 2041 1086 2061 vere
1100 2038 1142 2062 est
1161 2034 1285 2069 genitum
1306 2033 1546 2062 consubstantiale
1575 2033 1702 2061 Geuitori

915 2087 976 2107 esse
986 2079 1074 2106 cuivis
1092 2078 1268 2105 manifestum
1290 2078 1351 2105 est?
1372 2077 1443 2112 Ergo
1463 2082 1588 2117 creatura
1601 2085 1702 2104 conve-

916 2126 1002 2154 nieuti
1015 2126 1069 2153 sibi
1085 2126 1193 2153 ratione
1205 2126 1328 2161 procedit
1342 2132 1347 2150 :
1366 2125 1437 2160 parit
1452 2124 1525 2151 enim
1537 2124 1609 2158 quod
1629 2124 1703 2158 ejus-

916 2173 988 2205 dem,
1009 2180 1063 2200 non
1083 2172 1184 2200 diversi
1204 2171 1311 2206 generis
1330 2172 1384 2204 sit;
1400 2171 1489 2198 solum
1513 2175 1603 2197 autent
1618 2169 1702 2197 Deum

880 2227 902 2255 ο
915 2221 1082 2255 reperiemus
1097 2223 1195 2247 contra
1213 2219 1294 2250 aﬂici,
1314 2219 1335 2245 si
1349 2217 1460 2253 quidem
1475 2216 1574 2244 Filiutu
1591 2217 1704 2244 alterius

911 2267 1030 2303 generis,
1047 2274 1096 2293 nec
1110 2273 1145 2293 ex
1161 2273 1210 2293 sua
1226 2269 1324 2292 natura
1336 2263 1441 2298 genuit.

947 2355 986 2382 Ad
1013 2358 1069 2381 haec
1085 2353 1196 2389 quidem
1220 2352 1288 2380 nihil
1308 2353 1379 2378 ultra
1397 2351 1491 2378 dicere
1513 2350 1703 2378 adversariqu

913 2409 961 2436 par
973 2405 1067 2434 esset;
1088 2399 1136 2427 sed
1156 2399 1286 2434 quoniam
1306 2397 1428 2424 insanire
1446 2404 1500 2423 non
1522 2400 1625 2426 cessat,
1643 2395 1705 2422 Dci-

913 2456 965 2482 que
982 2455 1015 2474 ac
1039 2446 1129 2473 Patris
1144 2444 1243 2472 Filium
1271 2444 1384 2470 alterius
1407 2443 1517 2477 generis
1534 2450 1596 2469 esse
1617 2445 1704 2476 putat,

914 2492 1040 2521 veritatis
1065 2490 1200 2525 dogmatis
1225 2487 1395 2523 patrocinari
1416 2494 1472 2514 non
1498 2485 1703 2513 cunctabimur.

914 2538 1098 2567 Ostendemus
1124 2535 1198 2563 enim
1220 2542 1282 2562 eum
1309 2533 1402 2561 dicere
1426 2533 1513 2560 Deum
1539 2539 1571 2559 ae
1595 2531 1704 2558 Patrem

915 2584 1038 2619 ejusdem
1048 2589 1111 2610 esse
1126 2589 1189 2608 cum
1201 2584 1328 2607 creatura
1339 2578 1448 2613 generis
1461 2585 1467 2603 :
1479 2576 1619 2612 quomodo
1628 2583 1703 2606 vero,

916 2632 963 2655 aut
987 2626 1070 2658 unde,
1095 2633 1193 2653 rursus
1216 2622 1426 2651 audiat.Vitetn
1441 2626 1535 2657 aperte
1549 2621 1628 2652 dicit,
1649 2628 1703 2647 non

911 2681 1034 2702 carnem.
1048 2672 1096 2699 sed
1113 2672 1201 2706 ipsam
1216 2669 1354 2705 Unigeniti
1368 2669 1500 2696 deitatem
1515 2675 1578 2696 esse
1597 2674 1703 2693 nuneu-

912 2724 1016 2755 palatu.
1028 2718 1092 2745 Esto
1101 2724 1181 2750 vero;
1193 2715 1357 2751 respondeat
1372 2715 1465 2750 igitur,
1475 2721 1579 2748 qua‘so,
1593 2719 1700 2742 rursus,

915 2769 1008 2793 utrum
1027 2763 1111 2791 Deum
1127 2770 1218 2791 verum
1234 2762 1366 2790 exsistere
1376 2765 1450 2796 putet
1462 2760 1572 2792 Filium,
1587 2767 1621 2786 au
1635 2766 1699 2791 non,
