1896 3034
44 141 96 170 349

582 145 616 173 ιΝ
630 146 774 175 JOANNIS
792 147 1014 176 EVANGELIUM
1032 149 1095 177 LIB.
1114 149 1147 178 Χ.

1628 155 1679 181 550

45 205 118 232 ματα
153 197 203 233 μὲν
226 198 367 234 ἐσόμεθα,
396 200 480 237 νεκρὰ
505 201 533 228 δὲ
561 203 635 238 ὅμως
656 205 702 231 καὶ
715 205 832 240 ἄκαρπα

891 205 970 233 miles
987 207 1097 240 quidem
1117 214 1165 234 nos
1182 207 1249 241 fore,
1273 208 1320 236 sed
1337 213 1459 236 mortuos
1476 205 1577 243 tanien,
1590 216 1622 236 ac
1639 211 1678 237 in-

47 253 56 268 I
77 244 145 279 Δίκα
177 245 233 281 γὰρ
261 246 349 282 ἔργων
373 249 389 283 ἡ
418 249 509 281 πίστις
530 251 616 286 νεκρά
643 252 716 284 ἐστι,
740 261 748 277 ι
765 253 835 280 κατὰ

43 289 93 325 τὴν
124 291 173 318 τοῦ
197 293 276 326 ἁγίου
295 294 397 330 φωνήν.
415 295 447 321 Εἰ
475 297 565 323 τοίνυν
596 297 650 332 ἄρα
681 299 750 325 κατὰ
780 298 837 325 τοῦ·

44 346 88 364 τον
102 337 149 363 τὴν
160 339 260 374 τρόπον
274 340 359 376 ὀρῷτό
370 350 398 368 τε
416 343 463 368 καὶ
486 343 602 379 ὑπάρχοι
616 345 718 379 κλῆμα,
737 346 834 381 μάτην,

45 383 80 414 ὡς
93 383 160 415 ἔπος
175 386 273 418 εἰπεῖν,
288 387 342 413 τῶν
352 388 401 422 τῆς
415 388 537 423 ἀμπέλου
553 391 685 426 στελεχῶν
704 392 836 426 ἐκκεκρε-

47 429 206 464 μασμένων,
220 431 287 459 [στω
301 432 332 459 δὴ
345 433 452 465 πάντως
463 436 495 470 τῇ
510 435 557 462 τοῦ
575 437 698 472 γεωργοῦ
714 437 836 475 δρεπάνῃ

46 475 283 511 περιτευξόμενον.
309 479 455 514 Ἀποτεμεῖ
478 481 532 516 γὰρ
556 482 664 514 πάντως
690 483 772 515 αὐτὸ,
789 484 835 510 καὶ

46 519 172 555 καθάπερ
197 523 301 548 εἰκαῖον
328 524 460 558 συρφετὸν
490 526 557 561 πυρὶ
584 527 714 560 νέμεσθαι
743 528 833 556 δώσει.

46 565 128 592 Τοῦτο
145 566 201 601 γὰρ
220 567 274 594 τῶν
288 568 419 603 ἀκάρπων
438 570 467 596 τὸ
483 571 568 606 κρῖμα
578 592 585 604 ,
599 573 733 610 καθάπερ,
746 572 833 610 οἶμαι,

46 613 90 638 καὶ
102 613 148 638 ἐπὶ
164 613 216 648 τῆς
240 614 277 645 ὡς
291 615 319 641 ἐν
338 615 402 642 εῖδει
428 618 584 654 παραϐολῆς
605 620 834 657 παραληφθείσης

46 659 139 694 συκῆς,
157 659 197 694 τῷ
208 661 372 695 γηπονοῦντί
390 672 472 697 φησιν
489 665 502 690 ὁ
513 664 559 691 τοῦ
576 666 676 700 χωρίου
689 667 832 703 δεσπότης

49 714 56 729 ι
73 705 211 740 Ἔκκσῲον
230 707 325 742 αὐτὴν,
341 707 384 734 ἵνα
407 709 432 735 τί
453 709 500 735 καὶ
513 710 562 746 τὴν
585 713 636 747 γῆν
653 715 802 748 καταργεῖς
822 725 830 740 ι

46 749 120 776 Οὕτω
132 751 252 778 κάνθάδε
263 752 365 788 νομίζω
378 754 423 780 τὸν
437 756 562 782 ἁπάντων
574 757 639 784 Θεὸν
652 759 698 785 καὶ
714 760 832 795 Πατέρα,

45 795 87 821 τὸν
115 797 228 830 στεγνόν
244 806 274 824 τε
295 799 340 825 καὶ
360 800 454 832 ἄγονον
473 801 527 829 τῶν
540 802 686 838 κλημάτων
706 805 833 840 ἁποθερί-

46 841 98 872 ζειν
114 842 205 876 ὕχλον,
222 843 265 870 ἐπ’
277 844 365 871 οὐδενὶ
379 845 432 872 τῶν
445 847 588 882 χρησίμων
605 849 653 883 τῆς
667 850 764 885 νοητῆς
780 851 831 886 dig}.-

47 887 124 913 πέλου
140 890 365 924 παρηρτημένον.
384 890 466 926 Οἶμαι
477 893 504 919 δὲ
522 893 587 928 ἐγὼ,
605 895 651 921 τὸν
665 896 718 922 τῶν
731 897 833 932 ἡμετέ-

48 941 97 967 ρων
104 933 200 969 ψυχῶν
212 936 468 972 ὲπιμελητὴν,τοῦτ¹
483 939 540 966 ἔστι
554 941 628 973 Θεὸν,
645 941 774 974 ἐπιδεῖξαι
793 943 835 969 θέ-

45 977 97 1005 λειν
118 979 163 1006 διὰ
179 982 233 1016 τῆς
252 982 280 1008 ὲν
304 983 408 1015 τούτοις
433 985 608 1021 παραϐολῆς,
626 987 716 1014 ὁποῖόν
742 996 771 1014 τε
788 988 834 1015 καὶ

45 1025 102 1051 ὅσον
120 1026 254 1061 ὑπομένει
269 1028 297 1054 τὸ
313 1028 434 1064 βλάϐοςή
451 1031 499 1067 τῆς
512 1032 579 1066 πρὸς
598 1034 678 1060 αὑτὸν
694 1036 833 1068 κοινωνίας

46 1069 235 1117 ἀποτμηθεῖσα
263 1074 346 1110 ψυχή.
370 1076 441 1110 Πρὸς
462 1077 492 1104 τὸ
516 1079 599 1114 μηδὲν
620 1080 673 1116 γὰρ
695 1082 833 1117 οἰχήσεται

47 1116 88 1163 και
99 1116 245 1163 νάχρηστος
258 1119 334 1146 ἔσται
352 1123 420 1157 πρὸς
433 1124 522 1151 πᾶσαν
535 1125 728 1162 ἁγαθουργίαν,
744 1116 833 1163 ἀναμ-

47 1161 167 1209 Ξξιϐόλωςγ
178 1172 212 1198 γε
240 1165 293 1200 μὴν
311 1167 419 1194 κολάσει
436 1161 665 1206 παραδοθήσεται,
686 1173 731 1199 καὶ
747 1161 834 1209 πυρὸς

45 1206 115 1234 ἐττει
126 1208 173 1234 τοῦ
189 1211 341 1245 παμφθάγου
361 1215 457 1249 τροφή.
476 1215 530 1241 Καὶ
552 1216 617 1250 γοῦν
637 1217 680 1243 διὰ
696 1218 743 1244 τοῦ
766 1206 834 1254 προ-

47 1253 126 1286 φήτου
144 1255 229 1282 πάλιν
249 1257 377 1293 Ὶεζεχιὴλ
390 1260 455 1286 αὐτὸ
470 1260 501 1295 δὴ
525 1261 614 1292 τοῦτο,
631 1263 677 1289 καὶ
694 1264 765 1298 μάλα
783 1253 832 1293 σα-

47 1299 99 1332 φῶς
125 1300 316 1336 διερμηνεύων
335 1303 427 1338 ἔλεγεν
444 1314 450 1320 ’
468 1315 477 1332 ι
498 1307 545 1333 Υἱὲ
574 1309 717 1343 ἀνθρώπου
730 1331 736 1342 ,
753 1311 778 1337 τί
801 1311 834 1339 ἂν

47 1345 145 1378 γένοιτο
170 1347 201 1374 τὸ
219 1347 297 1380 ξύλον
313 1350 362 1385 τῆς
374 1352 497 1386 ἀμπέλου
514 1354 545 1380 ἐκ
562 1355 670 1381 πάντων
684 1355 737 1381 τῶν
748 1356 834 1389 ξύλων

47 1392 96 1418 τῶν
113 1393 198 1421 ὄντων
220 1395 248 1422 ἐν
259 1397 315 1428 τοῖς
335 1397 421 1429 ξύλοις
437 1399 484 1425 τοῦ
504 1399 606 1435 δρυμοῦ
620 1409 626 1432 ς
645 1402 689 1437 Μὴ
706 1402 834 1437 λήψονται

48 1437 73 1471 ἐξ
90 1439 169 1466 αὐτοῦ
184 1440 264 1472 ξύλον
279 1442 324 1468 τοῦ
342 1444 451 1478 ποιῆσαι
465 1446 504 1477 εἰς
520 1447 651 1481 ἐργασίαν
664 1456 670 1480 ;
683 1448 698 1482 ἢ
711 1448 758 1474 τοῦ
774 1457 836 1484 κρε-

50 1485 126 1518 μάσαι
143 1487 172 1512 ἐν
190 1487 268 1522 αὐτῷ
286 1489 340 1515 πᾶν
355 1490 467 1522 σκεῦοςς
487 1491 541 1527 Τὴν
556 1492 616 1519 κατ’
632 1493 753 1521 ἐνιαυτὸν
769 1495 834 1521 κάθ-

48 1539 119 1564 αρσιν
133 1533 222 1568 αὐτῆς
234 1534 374 1562 ἀναλίσκει
388 1536 419 1562 τὸ
433 1536 550 1572 πῦρ,καὶ
561 1538 680 1566 ἐκλείπει
695 1540 734 1571 εἰς
745 1541 830 1573 τέλος,

51 1576 82 1611 μὴ
96 1578 232 1614 χρήσιμον
246 1580 322 1608 ἔσται
337 1583 376 1614 εἰς
398 1583 529 1618 ἐργασίαν
544 1592 551 1616 ;
569 1594 577 1610 ι
600 1585 682 1617 Σύνες
694 1585 726 1621 δὴ
745 1584 791 1613 οὖν
802 1587 832 1613 τὸ

49 1622 114 1655 ἅπαξ
138 1625 302 1661 ἀποτμηθὲν
315 1647 322 1659 ,
340 1629 385 1655 καὶ
414 1629 570 1665 ὁλοκλήρως
599 1631 811 1667 ἀπεσπασμένον
824 1654 832 1666 ,

49 1669 176 1705 ἄχρηστον
203 1672 254 1707 μὲν
270 1674 409 1706 παντελῶς
432 1676 478 1702 καὶ
495 1677 534 1707 εὶς
552 1677 628 1703 οὐδέν
642 1678 700 1704 ἐστι
715 1678 769 1704 τῶν
785 1680 832 1706 ἁν-

49 1717 163 1749 αγκαίων
181 1719 396 1755 παραληφθῆναι
424 1722 582 1757 δυνάμενον,
611 1724 683 1758 μόνῳ
709 1725 738 1751 δὲ
763 1726 834 1760 τάχα

49 1762 209 1797 χρησιμεῦον
225 1763 303 1799 πυρί.
322 1762 384 1801 Ἆρ’
402 1765 449 1793 οὖν
463 1767 492 1793 οὺ
520 1768 653 1803 πρόδηλον
666 1788 673 1801 ,
689 1770 726 1801 ὡς
745 1771 769 1797 εἰ
787 1771 834 1798 καὶ

50 1806 134 1842 κλῆμα
150 1809 308 1845 γενοίμεθα,
329 1813 378 1847 τῆς
394 1813 443 1847 μὲν
458 1813 589 1841 πολυθέου
603 1815 706 1851 πλάνης
718 1816 833 1848 ἐξεσπα-

51 1854 144 1887 σμένοι,
154 1856 375 1892 ὁμολογήσαντες
387 1858 415 1885 δὲ
428 1859 475 1894 τὴν
487 1859 578 1887 πίστιν
593 1861 640 1896 τὴν
652 1863 691 1893 εἰς
705 1863 831 1897 Χριστὸν,

51 1898 139 1935 ἔρημοι
157 1902 184 1928 δὲ
200 1902 245 1929 διὰ
262 1904 311 1938 τῆς
332 1903 385 1931 τῶν
399 1904 487 1940 ἔργων
509 1906 663 1942 κολλήσεως
675 1909 832 1944 γενοίμεθα,

51 1944 150 1979 πάντω”ς
164 1947 252 1982 δήπου
272 1949 306 1975 τὰ
322 1949 376 1976 τῶν
396 1951 505 1978 εἰκαίων
517 1953 664 1988 κλημάτων
681 1956 833 1991 ὑποστησό-

51 1993 128 2027 italia;
152 1995 209 2021 Καὶ
230 1995 258 2021 τί
274 1996 304 2022 τὸ
326 1996 439 2030 λοιπόν;
464 1998 685 2035 ’Λποτεμνόμεοα
702 2001 756 2037 γὰρ
776 2002 834 2029 ὀλο-

51 2039 158 2075 κλήρως,
177 2041 350 2077 δοθησόμεθα
373 2043 427 2079 γὰρ
446 2045 493 2070 καὶ
514 2047 580 2080 πυρὶ
604 2047 652 2073 καὶ
674 2048 706 2082 ἢν
725 2048 833 2084 εἴχομέν

51 2092 109 2111 ποτε
135 2087 209 2122 παρὰ
235 2088 285 2122 τῆς
310 2089 433 2123 ἀμπέλου
460 2089 593 2122 ζωοποιὺν
624 2092 743 2126 ἰκμάδα,
760 2095 833 2121 τοῦτ’

51 2129 110 2161 ἔπι,
126 2131 155 2158 τὸ
169 2132 285 2167 Πνεῦμα
303 2135 564 2168 προσαποϐαλιίντες.
584 2137 616 2162 Ὃ
628 2137 681 2172 γάρ
701 2137 751 2172 ἔφη
767 2139 833 2174 Χρι-

52 2176 115 2209 στὸς,
133 2179 178 2204 ἐπὶ
200 2179 250 2205 τοῦ
272 2178 302 2205 τὸ
327 2180 459 2206 τάλαντον
475 2181 693 2215 καταχώσαντος,
707 2182 785 2209 τοῦτο
800 2184 832 2220 δὴ

51 2222 176 2258 θεωρήσαι
193 2234 238 2256 τις
248 2225 281 2251 ἂν
297 2225 484 2260 πληρούμενον
497 2227 544 2252 καὶ
557 2227 602 2253 ἐπὶ
614 2229 669 2258 τοῖς
679 2228 832 2264 ὁλοκλήρως

51 2268 206 2304 ὑπομείνασι
231 2271 281 2305 τὴν
303 2272 453 2307 ἀποτομήν.
479 2272 647 2308 Ἀφαιρεῐται
663 2274 716 2309 γὰρ
738 2274 833 2310 ὥσπερ

51 2314 146 2342 ἐκείνου
159 2316 191 2342 τὸ
215 2317 347 2344 τάλαντον
371 2318 428 2353 ἃμα
439 2339 445 2349 ,
462 2318 558 2350 οὕτως,
581 2318 667 2354 οἶμαι,
684 2321 730 2347 καὶ
743 2322 774 2347 ἐκ
786 2321 832 2348 τοῦ

51 2361 191 2396 κλήματος,
204 2364 242 2394 ὡς
260 2364 288 2389 ὲν
307 2365 417 2398 ἰκμάδος
433 2365 516 2396 τινὸς,
527 2366 585 2401 ἦτοι
595 2367 736 2402 ποιότητος
750 2367 831 2403 λόγῳ,

51 2408 164 2444 Πνεῦμα.
188 2411 361 2445 Ἀιραιρεῐται
379 2411 407 2437 δὲ
430 2411 474 2438 διὰ
494 2412 573 2438 ποίοιν
596 2412 702 2445 att-tiam;
721 2413 779 2440 Ἵνα
796 2413 832 2448 μὴ

51 2456 100 2486 τοῖς
113 2457 151 2487 εἰς
159 2456 189 2483 τὸ
201 2456 259 2492 πῦρ
268 2457 476 2492 κατοιχήσεσθαι
493 2458 617 2492 μέλλουσι
629 2459 704 2494 παρὰ
713 2459 759 2486 τοῦ
771 2468 833 2495 κρι-

51 2502 92 2527 τοῦ
115 2503 399 2536 συγκαταδικάζεσθαι
414 2504 443 2530 τὸ
460 2504 571 2540 Πνεῦμα
587 2505 650 2540 δοκῇ
665 2506 694 2532 τὸ
710 2506 834 2532 δεσποτι-

52 2546 102 2573 κόν.
119 2547 148 2573 Et
164 2547 219 2584 γὰρ
233 2549 258 2574 οἱ
273 2547 326 2574 τῶν
339 2548 465 2582 ἐπιγείων
485 2549 648 2583 κρατοῦντες
664 2550 834 2584 πραγμάτων

53 2591 99 2618 τῶν
113 2593 185 2626 ἆπαξ
205 2594 464 2628 τετιμημένωνᾚαὶ
481 2594 629 2628 βασιλικοῖς
639 2595 833 2629 δεδοξασμένον

54 2635 111 2670 lyp.
132 2638 352 2674 δεδοξασμένων]
377 2640 506 2674 νεύμασιν
522 2659 528 2669 ,
545 2638 576 2665 οὐ
606 2639 783 2674 καθορίζουσί
805 2649 832 2666 τι

53 2682 196 2718 προχείρως
207 2703 214 2713 ,
231 2683 297 2710 ἀλλὰ
312 2684 358 2709 καὶ
378 2683 404 2709 εἴ
424 2692 466 2715 τις
479 2683 555 2717 ἁλοίη
575 2683 667 2717 τυχὸν,
688 2685 731 2718 ἐφ’
745 2681 786 2715 οἷς
800 2684 832 2710 ἂν

54 2726 163 2762 εὐλόγως
186 2728 341 2756 ὰποτιννύοι
369 2729 446 2761 δίκας
459 2750 468 2761 ,_
480 2729 528 2755 οὐκ
543 2729 574 2755 ἂν
588 2729 669 2756 τοῦτο
686 2730 767 2756 πάθοι
780 2731 832 2765 πρὸ

54 2772 97 2808 τῆς
110 2774 161 2801 τῶν
177 2775 341 2810 ἀξιωμάτων
359 2775 493 2810 ἀποὸολῆς
503 2783 509 2789 ·
529 2775 586 2807 πῶς
601 2775 652 2802 οὐκ
672 2777 830 2810 ἀναγκαῖον,

85 2863 94 2878 '
109 2863 164 2891 Jac.
183 2873 217 2895 ιι,
237 2865 281 2893 '20.

320 2867 329 2881 ³
350 2866 412 2894 Luc.
431 2875 494 2899 xiii,
513 2868 536 2894 7.
595 2869 604 2883 δ
625 2868 721 2896 lin-ch.
742 2875 786 2898 xv,
801 2865 860 2892 ﬁt

890 251 1056 280 fructuosos.
1070 253 1135 280 Nam
1150 264 1158 279 ε
1174 254 1242 281 lides
1253 255 1314 282 sine
1329 256 1462 290 operibus
1479 260 1586 282 mortua
1602 261 1653 287 est,
1670 267 1678 282 ι

887 298 968 333 867
983 299 1060 333 juxta
1080 300 1153 327 illius
1168 302 1253 327 sancti
1268 309 1361 328 vocem
1372 303 1392 327 ν.
1405 301 1433 328 Si
1445 302 1506 337 quis
1522 294 1586 337 ergo
1598 303 1680 330 istius

887 343 960 370 modi
983 351 1110 372 cernatur
1134 350 1160 373 et
1174 348 1208 373 sil
1225 347 1340 382 palmes,
1356 347 1470 379 frustra,
1485 353 1514 375 ιιι
1528 357 1582 375 uno
1594 350 1680 375 verbo

887 389 989 423 dicam,
1001 393 1151 419 sarmentis
1165 400 1180 420 e
1193 393 1247 419 vite
1257 394 1529 428 pendciitihus,sciat
1545 395 1637 430 utique
1651 395 1678 422 in

885 435 1013 463 vinitoris
1036 436 1131 465 falcem
1153 446 1182 465 se
1210 439 1401 467 incursarum.
1426 440 1585 475 Amputabit
1603 441 1675 468 enim

886 481 987 516 ipsum,
1000 491 1031 510 ae
1048 484 1120 510 velut
1139 485 1246 512 inanem
1261 486 1365 520 paleam
1387 486 1413 512 in
1433 487 1520 521 ignem
1539 487 1675 521 projiciet.

887 526 944 554 lloc
955 529 1028 556 enim
1042 534 1083 557 est
1097 532 1231 558 sterilium
1242 536 1268 559 et
1282 531 1514 560 infructuosormn
1527 533 1674 568 judicium,

885 576 1115 609 quemadmodum
1132 582 1157 604 et
1176 578 1209 605 de
1229 578 1280 605 ﬁcu
1296 580 1433 614 parabolae
1454 580 1514 606 loco
1534 584 1674 614 assumpta

886 620 943 653 agri
956 620 1086 649 dominus
1098 623 1196 649 colono
1213 624 1249 649 ait
1265 633 1269 650 :
1297 633 1305 649 t
1326 624 1446 652 Succide
1472 625 1557 655 illam,
1575 625 1672 659 utquid

885 664 965 691 etiam
984 669 1083 693 terram
1097 674 1212 702 Occupat
1223 668 1233 683 ⁸
1244 669 1268 694 τ’»
1286 669 1321 696 ita
1338 674 1364 696 et
1382 669 1425 696 hic
1440 659 1538 704 opinor
1553 669 1673 696 universi

885 709 969 738 Deum
985 719 1016 739 ac
1039 712 1147 740 Patren)
1172 714 1291 741 sterilem
1309 717 1337 741 et
1355 714 1555 741 infructuosam
1579 715 1675 749 palmi—

885 761 941 784 tum
958 766 989 785 ex
1008 759 1185 786 intellectuali
1202 761 1255 788 vite
1271 760 1370 787 frustra
1391 761 1551 795 pendentem
1567 761 1673 788 turbam

884 803 1032 831 deuictcre.
1051 804 1185 832 Existimo
1205 810 1296 832 autem
1319 813 1370 839 ego
1388 811 1544 832 nostrarum
1568 805 1674 832 anima-

885 857 946 875 rum
965 854 1137 883 curatorem,
1156 850 1208 877 hoc
1225 855 1267 878 est
1289 850 1384 883 Deum,
1403 858 1449 886 per
1467 850 1515 877 has
1529 851 1674 885 parabolas

886 895 1032 923 ostendere
1054 897 1123 923 velle
1141 897 1249 931 qualem
1265 900 1293 924 et
1309 901 1437 931 quantam
1459 896 1595 930 jacturam
1614 904 1675 930 pas-

885 948 949 967 sura
966 941 1001 967 sit
1016 941 1107 968 anima
1125 942 1160 969 ab
1175 942 1234 976 ejus
1254 944 1393 969 consortio
1418 947 1534 969 resecta.
1555 942 1582 968 Ιιι
1603 942 1675 969 nihi-

886 986 940 1012 lum
957 987 1056 1022 quippe
1071 988 1186 1021 recidet,
1208 991 1234 1015 et
1249 989 1280 1015 ad
1299 996 1407 1015 omnem
1424 989 1558 1015 actionem
1574 989 1672 1015 bonam

885 1031 937 1058 erit
959 1032 1082 1065 inutilis,
1109 1035 1232 1069 adeoque
1263 1035 1330 1061 citra
1363 1035 1561 1062 dubitationem
1591 1034 1672 1060 ullam

885 1079 1021 1112 supplicio
1036 1079 1170 1111 tradetur,
1185 1084 1290 1107 aeterno
1306 1081 1367 1115 igne
1383 1081 1582 1108 consumenda.
1598 1079 1674 1106 Unde

885 1131 933 1159 per
948 1123 1113 1152 Ezechielem
1126 1126 1285 1160 prophetam
1304 1126 1422 1160 idipsum
1438 1126 1510 1152 clare
1526 1125 1673 1152 admodum

884 1169 1025 1203 explicans
1045 1170 1133 1197 aiebat
1150 1180 1155 1198 :
1177 1181 1184 1195 ι
1204 1170 1252 1197 Fili
1266 1171 1396 1201 hominis,
1415 1171 1479 1205 quid
1497 1172 1540 1198 fiet
1554 1170 1587 1197 de
1600 1171 1674 1205 ligno

884 1215 948 1242 \‘itis
977 1223 1010 1241 ex
1040 1215 1168 1243 omnibus
1191 1216 1274 1250 lignis
1299 1221 1502 1244 sarmentorum
1529 1224 1589 1251 qum
1610 1220 1674 1243 Stult

884 1260 955 1287 inter
974 1260 1045 1295 ligna
1069 1261 1164 1288 silva:?
1194 1261 1222 1288 Si
1251 1262 1347 1289 tollent
1374 1263 1407 1289 de
1439 1263 1484 1289 illa
1511 1262 1612 1296 lignum
1639 1261 1673 1288 ad

885 1306 1039 1334 faciendum
1064 1307 1091 1333 in
1109 1308 1234 1342 opus?si
1261 1308 1356 1334 tollent
1374 1310 1408 1335 de
1436 1315 1465 1334 ca
1491 1308 1620 1342 paxillum
1640 1306 1673 1333 ad

885 1352 1109 1387 suspendendum
1127 1361 1210 1388 super
1227 1361 1288 1380 eum
1306 1354 1491 1388 quodcunque
1508 1353 1580 1380 vas?
1604 1352 1674 1380 Ecce

884 1398 940 1433 igni
958 1398 1050 1425 datum
1069 1403 1121 1431 cst,
1139 1407 1259 1427 annuam
1275 1400 1465 1435 purgationem
1481 1407 1514 1427 ex
1526 1407 1556 1426 ea
1574 1407 1675 1426 consu-

885 1445 933 1472 mit
948 1445 1030 1480 ignis,
1046 1449 1072 1472 et
1086 1445 1201 1473 dimittit
1224 1446 1250 1473 in
1268 1446 1347 1473 linem
1364 1455 1370 1473 :
1395 1446 1605 1480 uunquid'utile
1619 1446 1672 1473 erit

885 1491 918 1518 ad
936 1498 1006 1525 opus
1019 1491 1051 1517 Ἴ
1071 1500 1080 1516 ι
1095 1491 1288 1519 Animadverte
1300 1492 1384 1527 igitur
1399 1500 1453 1526 quo
1467 1496 1545 1526 pacto
1563 1491 1588 1518 id
1602 1491 1673 1525 quod

885 1536 968 1563 semel
982 1536 1100 1563 recisum
1120 1541 1174 1569 est,
1192 1545 1223 1564 ac
1237 1537 1347 1572 penitus
1370 1537 1506 1568 avulsum,
1526 1537 1622 1564 inutile
1638 1537 1674 1564 sit

884 1592 1008 1619 prorsus,
1024 1592 1075 1611 nec
1089 1585 1122 1611 ad
1137 1585 1219 1611 ullam
1236 1592 1291 1611 rem
1309 1584 1413 1610 utiliter
1436 1583 1558 1610 adhiberi
1575 1583 1672 1618 possit.

884 1629 932 1657 sed
949 1630 1003 1665 igni
1023 1629 1155 1657 duntaxat
1170 1630 1313 1657 inserviat.
1328 1628 1463 1663 Numquid
1479 1636 1543 1663 ergo
1559 1628 1673 1655 manife-

884 1680 957 1704 stum
975 1680 1027 1708 cst,
1044 1677 1152 1704 tametsi
1169 1677 1296 1711 palmites
1322 1676 1408 1703 simus
1425 1683 1439 1702 ιι
1463 1675 1532 1702 falso
1559 1675 1672 1701 deorum

884 1724 959 1751 cultu
977 1723 1074 1754 arulsi,
1105 1728 1131 1749 et
1147 1722 1225 1749 iidem
1250 1722 1277 1748 in
1302 1722 1444 1748 Christum
1468 1720 1600 1750 confessi,
1619 1720 1672 1746 nisi

885 1773 975 1795 tamen
992 1768 1120 1803 operibus
1131 1768 1155 1795 ei
1174 1767 1315 1802 conjuncti
1334 1766 1477 1798 fuerimus,
1501 1765 1572 1793 idem
1592 1765 1673 1792 nobis

884 1815 957 1850 quod
982 1814 1126 1842 inutilibus
1155 1814 1316 1849 palmitibus
1341 1818 1521 1842 eventurum.
1550 1811 1673 1846 adeoque

884 1869 935 1889 nos
955 1861 1078 1888 excisum
1101 1861 1134 1887 iri
1151 1861 1272 1895 penitus,
1292 1860 1346 1894 igni
1366 1858 1524 1889 tradendos,
1545 1866 1579 1884 eo
1592 1865 1672 1890 quem

884 1907 949 1933 olim
964 1914 978 1933 ει
998 1906 1054 1933 vite
1068 1906 1238 1933 habebamus
1255 1904 1363 1931 viviﬁco
1376 1904 1502 1936 humore,
1520 1902 1546 1929 id
1561 1906 1602 1930 est
1614 1901 1676 1937 Spi-

884 1953 951 1985 ritu,
968 1953 1081 1986 insuper
1099 1951 1223 1979 amisso?
1242 1950 1319 1983 Quod
1339 1950 1411 1976 enim
1438 1949 1566 1976 Christus
1584 1948 1617 1974 de
1642 1954 1672 1974 eo

884 1999 953 2026 dixit
969 1999 1015 2033 qui
1028 1999 1158 2025 talentum
1176 1996 1342 2026 infuderat”,
1358 1997 1409 2022 hoc
1426 1995 1521 2028 utique
1532 1993 1672 2027 impletum

883 2042 970 2072 videri
987 2048 1078 2079 potest
1089 2044 1123 2071 de
1138 2044 1172 2071 iis
1187 2043 1234 2077 qui
1251 2042 1360 2077 penitus
1372 2041 1469 2068 resecti
1486 2043 1560 2067 sunt.
1577 2039 1662 2071 Quem

884 2090 1029 2118 admodum
1045 2089 1118 2117 enim
1137 2089 1170 2116 ab
1187 2089 1234 2115 illo
1253 2088 1385 2114 talentum
1404 2086 1539 2116 aufertur.
1556 2085 1672 2119 διωρι-

884 2144 945 2168 nor,
959 2140 985 2162 et
1003 2143 1035 2162 ex
1054 2135 1177 2170 palmite,
1200 2134 1324 2161 humoris
1337 2139 1383 2160 aut
1401 2133 1544 2167 qualitatis
1574 2132 1671 2162 instar,

886 2183 1016 2218 Spiritus.
1038 2181 1094 2208 (lur
1108 2181 1232 2208 aufertur
1250 2180 1337 2208 vero?
1354 2179 1391 2207 Ne
1420 2186 1473 2205 uua
1493 2186 1554 2206 cum
1578 2178 1611 2204 iis
1626 2177 1671 2212 qui

850 2229 912 2259 Din
943 2229 1033 2264 ignem
1059 2227 1221 2255 detrudendi
1248 2231 1312 2253 sunt
1337 2234 1351 2252 a
1375 2225 1469 2260 judice
1495 2223 1671 2250 condemnari

881 2274 1008 2302 videatur
1024 2273 1186 2301 Dominicus
1205 2272 1338 2307 Spiritus.
1355 2270 1439 2306 εδδ
1455 2269 1520 2295 Nam
1537 2269 1559 2295 si
1581 2275 1670 2294 rerum

883 2324 1055 2347 terrenarum
1073 2318 1179 2345 domini
1201 2326 1255 2344 non
1278 2321 1379 2344 temere
1399 2315 1546 2350 quidquam
1571 2314 1598 2340 in
1625 2320 1670 2341 eos

882 2368 1006 2392 statuunt
1023 2372 1094 2399 quos
1108 2364 1141 2390 ad
1158 2363 1278 2390 honores
1294 2363 1377 2390 semel
1394 2362 1534 2389 evexerint
1548 2369 1579 2387 ac
1596 2361 1670 2393 regio

883 2415 950 2439 nutu
966 2411 1101 2441 oruarint.
1119 2410 1165 2436 sed
1184 2409 1206 2435 si
1221 2409 1285 2444 quis
1302 2415 1397 2435 eorum
1414 2407 1507 2434 forsan
1527 2409 1669 2441 perpetra-

882 2456 921 2484 rit
936 2457 1012 2483 unde
1040 2456 1103 2489 jure
1118 2462 1214 2490 pmuas
1242 2455 1308 2484 litat,
1328 2461 1382 2480 non
1417 2457 1480 2479 ante
1498 2452 1521 2478 ci
1544 2452 1668 2486 iirogan-

884 2506 928 2529 tur
945 2509 1028 2536 quam
1040 2500 1193 2527 honoribus
1210 2504 1237 2526 et
1254 2498 1439 2534 dignitatibus
1454 2497 1564 2524 amissis
1579 2506 1584 2523 :
1602 2504 1666 2531 quo-

883 2548 966 2575 modo
984 2554 1098 2574 necesse
1116 2554 1171 2573 non
1191 2549 1233 2573 est
1253 2549 1282 2572 ut
1301 2544 1392 2571 anima
1409 2551 1472 2578 qua:
1494 2542 1606 2578 superni
1622 2541 1667 2568 .lu-

882 2594 952 2620 dieis
977 2593 1111 2620 sententia
1142 2591 1175 2617 ad
1207 2590 1371 2625 supplicium
1400 2588 1582 2616 condemnata
1607 2591 1668 2617 est.

883 2644 1030 2674 antequam
1049 2645 1155 2672 pmuain
1167 2637 1262 2664 subeat.
1275 2635 1395 2670 Spiritus
1408 2635 1523 2670 gratiam
1538 2633 1665 2668 quodam-

883 2685 964 2712 modo
981 2688 1064 2712 exuat
1091 2689 1174 2718 atque
1189 2683 1311 2717 deponat
1324 2682 1335 2709 ?
1348 2681 1426 2709 Talia
1442 2689 1507 2716 ergo
1523 2687 1668 2716 passurum

882 2731 919 2757 ait
942 2730 1149 2757 infructuosum
1168 2729 1330 2764 palmitem,
1349 2730 1424 2754 recte
1447 2726 1594 2754 admodum
1620 2734 1666 2752 ito-

881 2782 954 2804 stras
969 2781 1074 2804 tuentes
1083 2775 1261 2807 confirmans,
1279 2777 1308 2800 ut
1325 2773 1351 2799 iu
1364 2772 1510 2800 dilectione
1525 2771 1584 2806 cjus
1604 2778 1666 2805 pcr-

899 2866 908 2881 ⁵
930 2867 1027 2894 Matth.
1047 2874 1116 2899 xxv,
1135 2865 1178 2891 18.
