1896 3034
208 129 255 157 551

719 134 747 164 S.
760 136 897 164 CYRILLI
911 138 1150 169 ALEXANDRINI
1166 142 1324 171 AllClllEP.

1797 144 1848 172 352

207 191 322 219 Slt‘llllls,
349 187 458 216 actione
477 188 597 223 virtutis,
628 195 656 217 et
688 190 855 220 inconcussa
885 193 912 219 in
931 201 993 220 eum

1010 197 1030 224 Δ
1045 195 1094 230 τὴν
1113 196 1159 222 ἐπὶ
1181 196 1220 231 τῷ
1233 197 1331 233 χρῆναι
1346 198 1509 230 κολάζεεθαι
1527 198 1784 226 καταδικασοεῖσαν
1799 201 1847 234 ψ.)-

209 233 270 260 ίῖηιρ.
286 232 472 262 Fructiferum
502 243 567 262 vero
582 236 722 270 palmitem
739 245 793 265 non
810 239 903 273 utique
922 240 992 266 vini-

209 271 279 306 totis
295 287 361 307 cura
377 286 513 315 expertem
534 281 593 310 fore
609 282 658 313 ait,
676 283 722 310 sed
740 289 884 320 purgatum
903 285 947 317 iri,
963 290 992 313 ut

210 325 354 353 uberiores
384 326 489 354 fructus
517 327 670 362 producere
693 334 794 364 queat:
826 335 993 366 cooperatur

209 371 280 397 enim
298 371 367 398 Deus
383 372 416 398 iis
431 372 477 407 qui
501 378 576 400 recte
592 373 683 401 vivere
700 381 732 402 ac
751 375 820 402 bene
847 384 928 411 agere
945 385 993 405 co-

209 423 319 451 nantur,
336 423 362 444 et
382 426 429 453 per
445 427 526 446 omne
543 420 653 454 pietatis
670 429 758 456 genus
778 430 839 450 eum
855 423 908 451 sibi
930 432 994 459 pro-

209 463 306 490 mereri
334 464 457 496 student,
485 465 574 493 instar
603 466 681 495 falcis
710 467 853 502 cujusdam
873 468 994 504 Spiritus

209 508 396 536 cllicacitatem
413 510 557 543 adhibens,
574 515 602 539 et
627 512 708 539 modo
730 514 889 549 voluptates
906 515 932 541 in
961 515 994 543 iis

208 555 409 583 circumcidens
424 564 484 591 qua:
498 557 531 584 ad
545 557 638 585 carnis
652 565 772 586 amorem
783 559 885 594 jugiter
902 559 996 594 impel-

209 605 277 635 lunt,
292 603 374 630 modo
389 611 559 639 quaecunque
586 605 660 632 novit
682 605 825 633 [nominum
851 607 995 634 animabus

208 649 378 685 contingere,
398 650 472 677 varia
497 651 630 677 malorum
649 651 742 685 specie
767 655 885 680 mentem
902 653 995 687 inqui-

210 700 318 722 natura.
337 695 411 722 llanc
422 695 523 730 quippe
534 696 652 723 dicimus
667 705 727 724 esse
741 705 795 725 non
809 698 995 725 manufactam

208 747 235 768 et
249 742 400 776 spiritalem
417 742 491 768 illam
504 742 758 773 circumeisionem.
778 745 812 771 dc
828 752 881 779 qua
894 744 996 775 Paulus

208 788 290 814 modo
306 787 417 822 quidem
434 788 491 815 ait:
512 797 521 813 ι
541 787 601 815 Non
623 789 694 816 enim
712 791 758 824 qui
785 790 813 816 in
838 791 994 824 manifesto,

209 834 320 867 Judaeus
334 839 376 862 est
387 854 395 867 ,
412 842 500 869 neque
517 843 577 869 qua:
596 835 623 862 in
637 835 796 868 manifesto,
815 837 842 863 in
857 844 942 865 carne
953 842 995 865 est

1047 242 1108 276 χὴν,
1125 242 1170 268 διὰ
1191 243 1283 278 ψήφου
1308 244 1357 278 τῆς
1385 244 1497 277 ἄνωθεν,
1511 245 1717 280 προαποθέσθαι
1745 246 1848 281 τρόπον

1047 288 1117 321 τινὰ,
1130 289 1177 315 καὶ
1192 289 1429 324 προαποδύσασθαι
1443 291 1492 326 τῆς
1504 291 1557 318 τῶν
1571 291 1665 318 κακῶν
1680 293 1790 328 πείρας
1801 292 1847 328 τὴν

1047 334 1094 360 τοῦ
1114 335 1272 369 Πνεύματος
1299 336 1378 371 χάριν
1393 345 1399 367 ;
1419 337 1564 364 Πείσεσθαι
1582 338 1631 372 μὲν
1647 336 1696 364 οὖν
1725 346 1798 373 φησι
1816 339 1847 365 τὰ

1047 379 1159 406 τοιαῦτα
1170 381 1200 407 τὸ
1216 380 1338 416 ἄκαρπον
1356 382 1458 417 κλῆμα,
1471 382 1562 414 καλῶς
1577 391 1610 418 γε
1623 383 1656 419 δὴ
1672 383 1787 419 σφόδρα
1802 383 1847 415 τὰς

1047 426 1183 461 ἡμετέρας
1201 426 1318 459 διανοίας
1341 428 1573 463 ἀσφαλιζόμενος,
1602 430 1642 461 εἰς
1668 429 1702 456 τὸ
1732 430 1846 464 ἔχεο-ϐαι

1049 472 1134 506 φιλεῖν
1144 473 1193 508 τῆς
1203 474 1242 505 είς
1251 474 1331 501 αὐτὸν
1340 475 1460 510 ἀγάπης,
1475 475 1519 501 διά
1529 484 1558 502 τε
1568 475 1618 510 τῆς
1629 476 1693 502 κατ’
1700 476 1846 511 ἐνέργειαν

1049 519 1163 554 ἀρετῆς,
1180 520 1226 546 καὶ
1249 520 1299 555 τῆς
1323 520 1433 552 ἀσινοῦς
1450 520 1570 556 δηλονότι
1594 521 1730 552 πίστεως.
1748 521 1809 555 Τῆς
1821 522 1846 547 δὲ

1048 566 1096 592 τοῦ
1117 566 1299 600 γηπονοῦντος
1321 567 1460 603 φροντίδος
1481 568 1532 594 οὐκ
1557 567 1708 603 ἀπείρατον
1737 567 1845 593 ἔσεσθαι

1050 612 1188 643 παντελῶς
1204 612 1234 638 τὸ
1255 613 1427 648 καρποφόρον
1451 613 1546 648 κλῆμά
1560 621 1634 648 φησι·
1656 613 1846 648 διακαθαρθή-

1051 657 1143 684 σεσθαι
1156 658 1209 693 γὰρ
1229 658 1296 692 πρὸς
1310 658 1339 685 et
1356 659 1402 685 καὶ
1417 658 1547 693 μειζόνως
1558 657 1686 685 δύνασθαι
1702 666 1845 693 καρποφο-

1051 704 1107 737 ρεῖν
1125 711 1131 719 ·
1146 704 1202 735 τοῖς
1220 703 1275 739 γὰρ
1297 704 1365 736 ὅλως
1385 705 1484 740 ἄριστα
1511 705 1574 740 μὲν,
1590 704 1655 734 καὶ,
1672 704 1714 736 ὡς
1734 705 1770 731 ἂν
1794 704 1844 738 ἔχοι

1050 750 1140 781 καλῶς
1151 748 1246 785 διαζῆν
1260 750 1407 786 ἑλομένοις,
1419 751 1599 786 ἀγαθουργείν
1614 750 1642 776 δὲ
1658 750 1703 776 ὅτι
1728 750 1844 785 pilas-tu

1050 794 1097 820 καὶ
1112 793 1156 820 διὰ
1176 794 1267 830 πάσης
1288 795 1356 822 ίέναι
1379 795 1516 827 πολιτείας
1537 794 1677 830 θεοφιλοῦς
1695 795 1844 830 ᾑρημένοις

1052 839 1246 875 συνεργάζεται
1271 841 1347 874 Θεὸς,
1367 842 1492 877 καθάπερ
1518 842 1570 868 τινὶ
1593 842 1720 877 δρεπάνῃ
1747 843 1781 877 τῇ
1802 841 1843 867 τοῦ

209 880 404 907 circumcisio:
423 881 469 907 sed
488 881 534 915 qui
551 880 578 907 in
592 881 701 908 oeculto
714 880 826 909 Judzetts
842 887 868 909 et
878 883 994 910 cireum-

1012 877 1033 905 Β
1049 886 1206 921 Πνεύματος
1233 888 1358 924 ἐνεργείᾳ
1387 888 1527 923 χρώμενος
1539 907 1546 919 ,
1561 888 1608 915 καὶ
1624 889 1804 922 περι-τέμνων
1819 888 1843 913 ὲν

209 927 280 954 cisio
293 927 386 954 cordis
401 927 428 954 in
449 927 563 962 Spiritu,
581 935 636 954 non
654 927 745 954 littera
758 936 764 954 :
777 928 857 963 cujus
868 929 928 957 laus
941 937 995 956 non

209 982 241 1001 ex
263 973 430 1006 hominibus,
447 974 493 1001 sed
511 981 542 1001 ex
557 973 611 1000 Deo
623 979 664 1000 cst
676 973 701 1007 ⁸;
717 984 726 999 ι
746 974 826 1002 modo
844 983 927 1002 vero:
942 985 951 1000 ι
968 976 996 1003 In

161 1025 167 1030 ‘
210 1027 264 1054 quo
290 1024 317 1046 et
336 1019 479 1047 credentes
507 1019 665 1047 circumcisi
690 1020 758 1047 estis
781 1020 997 1049 circumcisione

211 1074 265 1093 non
283 1066 474 1093 manufacta".
508 1076 516 1092 ι
545 1066 585 1094 Ad
603 1074 663 1100 quae
687 1068 709 1094 si
735 1067 861 1094 nonnulli
884 1075 997 1102 respon-

210 1113 292 1140 deant
305 1113 387 1147 quod,
404 1113 426 1139 si
446 1117 599 1147 purgentur
617 1113 754 1147 spiritalis
771 1113 834 1141 vitis
860 1114 995 1149 palmites,

211 1159 236 1185 id
253 1166 305 1185 non
322 1159 382 1185 sine
397 1159 489 1185 labore
505 1158 627 1185 futurum
646 1159 701 1191 sit;
719 1167 796 1194 aeque
813 1160 886 1188 enim
908 1168 939 1188 ac
963 1161 996 1187 li-

209 1211 292 1239 gnum
306 1205 468 1238 patiuntur:
487 1204 512 1230 id
529 1212 578 1231 nos
598 1203 632 1231 de
648 1204 751 1232 sanctis
774 1204 901 1232 similiter
919 1205 997 1232 intel-

209 1250 347 1285 ligendum
364 1250 521 1277 fatebimur.
543 1248 642 1277 Erudit
666 1251 766 1285 quippe
793 1259 842 1278 nos
860 1259 907 1286 per
923 1252 998 1278 labo-

210 1304 266 1322 rem
283 1295 524 1323 cttribulationem
541 1296 673 1322 virtutum
693 1304 789 1324 amans
802 1296 873 1324 Deus
891 1303 994 1324 noster.

210 1341 289 1369 Unde
308 1342 439 1376 propheta
466 1342 545 1370 nobis
563 1343 648 1370 Isaias
664 1342 739 1369 infit:
761 1351 770 1368 ι
799 1342 897 1370 Abluet
925 1344 996 1370 enim

211 1388 343 1416 Dominus
359 1388 454 1416 sordes
474 1389 591 1415 filiorum
605 1392 632 1416 et
655 1389 771 1415 liliarum
789 1388 866 1418 Sion.
889 1393 915 1416 et
934 1397 998 1416 san-

210 1435 320 1469 guinem
342 1435 502 1462 emumlabit
523 1435 556 1462 (le
581 1435 671 1462 medio
690 1443 807 1467 eorum,
842 1436 868 1462 in
895 1436 996 1470 spiritu

209 1479 316 1514 judicii,
332 1485 359 1507 et
376 1480 474 1514 spiritu
493 1480 694 1507 combustiouis
706 1480 727 1506 ⁸.
748 1491 756 1506 ι
774 1480 908 1508 Praeterea
924 1481 996 1507 divi-

211 1534 262 1554 nus
278 1526 323 1553 ille
347 1525 469 1554 Paulus:
489 1536 498 1551 ι
522 1525 550 1553 Si
571 1526 598 1552 in
627 1526 776 1560 disciplina
800 1527 995 1561 perseveretis,

210 1582 340 1610 tanquam
356 1574 419 1601 liliis
436 1574 514 1602 vobis
531 1582 560 1601 se
572 1573 662 1601 offert.
678 1574 747 1606 Quis
764 1574 836 1600 enim
864 1577 906 1600 est
923 1573 996 1600 illius

209 1629 291 1656 quem
305 1628 358 1648 non
374 1621 458 1656 869
474 1620 607 1655 corripiat
628 1620 748 1654 pater'?
771 1629 780 1645 ι
800 1619 872 1652 Quin
895 1622 920 1646 et
942 1619 1000 1654 ipse

210 1676 319 1696 omnem
335 1668 547 1695 admirationem
564 1668 702 1695 excedens
717 1671 875 1694 sanctorum
898 1667 999 1694 chorus

211 1713 419 1748 castigationem
443 1713 523 1740 istam
549 1720 603 1739 non
620 1712 730 1742 renuit,
749 1711 797 1739 sed
818 1710 999 1738 libentissime

211 1760 303 1794 potius
317 1767 375 1786 eam
392 1758 508 1792 suscipit
521 1757 632 1786 dicens:
647 1768 655 1783 ι
669 1757 783 1792 Corripe
793 1764 854 1788 nos.
869 1756 997 1789 Domine;

211 1809 400 1832 verumtamen
412 1805 438 1830 ln
452 1803 567 1838 judicio,
579 1808 606 1830 et
618 1811 671 1830 non
687 1803 714 1830 in
732 1803 836 1835 furore,
853 1807 881 1829 ut
898 1810 999 1837 paucos

213 1859 268 1878 non
287 1851 373 1877 facias
389 1858 441 1877 nos
455 1850 486 1877 '°.
505 1859 513 1875 ι
533 1849 561 1876 lu
581 1850 675 1877 furore
694 1850 795 1885 quippe
811 1849 998 1876 infructuoso-

212 1905 272 1924 rum
293 1896 434 1932 palmitum
454 1895 483 1922 lit
498 1895 675 1931 exstirpatio;
695 1896 744 1922 hos
768 1902 867 1930 nempe
884 1895 911 1922 in
933 1903 998 1928 sup-

212 1944 323 1978 plicium
351 1943 453 1970 mittit:
483 1943 529 1970 sed
556 1942 582 1970 in
610 1942 715 1978 judicio
742 1942 853 1978 potius,
880 1941 932 1968 hoc
956 1945 999 1968 est.

211 1989 385 2018 considerate
397 1993 424 2017 et
439 1997 504 2017 eum
519 1988 611 2021 modo,
628 1988 836 2016 fructiferorum
855 1987 998 2022 palmitum

211 2037 335 2072 purgatio
349 2036 389 2067 fit,
409 2036 508 2071 exiguo
520 2035 613 2064 labore
629 2035 783 2063 ubertatem
800 2041 832 2061 ac
846 2033 998 2061 fecundita-

211 2088 264 2111 tem
282 2082 446 2111 concilians.
470 2082 548 2115 Quod
571 2082 645 2109 nacti
661 2081 793 2116 quidam,
824 2080 997 2108 exclamant:

213 2140 222 2156 ‹
241 2129 365 2160 Domine,
379 2129 408 2156 in
420 2129 598 2156 tribulatione
612 2136 696 2163 parva
709 2127 848 2162 correptio
859 2131 905 2153 tua
919 2125 999 2153 nobis

210 2180 252 2203 est
264 2176 297 2203 “.
320 2185 329 2201 ι
349 2175 453 2210 Exigua
467 2175 539 2202 enim
560 2175 640 2209 plane
652 2178 694 2201 est
710 2173 852 2200 tribulatio
866 2179 919 2206 qua
935 2179 999 2206 pur-

210 2229 317 2257 gamur,
336 2221 383 2248 sed
398 2221 462 2248 dum
478 2228 623 2255 supernam
641 2220 714 2246 illam
728 2219 902 2253 disciplinam
918 2219 998 2246 nobis

210 2268 325 2302 praebet,
343 2267 438 2294 beatos
460 2274 510 2293 nos
529 2266 622 2293 el‘lieil.
645 2265 730 2299 Cujus
754 2265 793 2291 rei
813 2265 891 2292 testis
917 2265 998 2292 nobis

210 2313 264 2339 crit
292 2313 388 2339 beatus
413 2310 515 2341 David,
542 2310 579 2337 ita
599 2310 741 2337 clamans:
763 2319 773 2335 ι
803 2309 903 2336 Beatus
919 2309 999 2337 homo

211 2365 291 2391 quem
311 2363 337 2384 tu
354 2357 503 2386 erudieris.
521 2355 646 2387 Domine,
665 2360 692 2382 et
707 2356 740 2384 de
755 2357 814 2391 lege
832 2361 877 2382 tua
897 2356 999 2383 docue-

212 2404 250 2429 ris
265 2410 338 2431 eum,
355 2408 384 2428 ut
410 2402 519 2435 mitiges
549 2401 572 2428 ei
594 2409 608 2428 a
636 2402 732 2429 diebus
759 2402 880 2439 malis".
904 2412 912 2427 I
937 2401 999 2429 Dies

212 2449 284 2475 enim
300 2449 424 2482 profecto
444 2448 610 2482 inanspicati
625 2451 651 2475 et
663 2448 726 2474 mali
744 2453 807 2475 sunt
827 2448 936 2483 penitus
951 2455 996 2475 re-

213 2494 295 2521 sectis
319 2499 344 2521 et
370 2495 396 2520 in
420 2494 584 2528 supplicium
609 2493 680 2528 ignis
703 2493 900 2525 detrudendis,
927 2493 995 2525 dies,

213 2538 418 2573 inquam,illius
434 2538 521 2565 severi
536 2542 564 2564 et
581 2538 732 2574 incorrupti
748 2537 843 2573 judicii
855 2545 862 2565 :
873 2538 919 2565 sed
933 2542 998 2564 tunc

212 2583 356 2618 castigatis
371 2588 397 2611 et
409 2584 546 2619 correptis
558 2585 650 2612 mitem
667 2592 696 2613 se
709 2585 813 2619 praebet
829 2583 912 2611 Deus.
929 2583 996 2610 Nam

212 2629 259 2664 qui
276 2629 340 2656 talis
355 2633 398 2657 est
412 2637 583 2664 nequaquam
604 2630 808 2658 damnationem
832 2636 998 2663 pmnamquc

213 2675 332 2706 subibit,
354 2676 576 2710 quandoquidem
598 2683 652 2703 non
674 2675 865 2702 infructuosus
892 2674 997 2709 palmes

213 2721 327 2749 exstitit.
337 2721 528 2757 Conjungatur
543 2722 632 2756 itaque
645 2721 706 2749 fidei
718 2721 887 2748 confessioni
905 2720 998 2754 splen-

213 2766 263 2793 dor
288 2768 370 2794 etiam
401 2775 534 2803 operum,
565 2772 591 2795 et
617 2767 792 2795 sermonibus
816 2767 849 2793 de
874 2765 929 2793 Deo
952 2773 994 2792 res

251 2822 260 2834 ⁵
278 2821 354 2848 “om.
374 2831 408 2850 ιι.
429 2823 473 2854 ‘28,
495 2823 530 2849 29
561 2824 570 2838 "
588 2823 695 2848 (Ioloss.
717 2830 751 2850 tt.
772 2823 811 2848 ll.

216 2855 259 2887 16,
278 2864 333 2884 sec.
349 2857 429 2886 LXX.
471 2860 491 2874 ¹¹
512 2859 584 2885 l‘sal.
605 2865 680 2888 xcut,
700 2858 741 2883 12.

851 2822 860 2837 "
880 2822 932 2848 Isa.
954 2828 989 2846 Iv.
1006 2820 1031 2845 vi.
1070 2822 1079 2837 ’
1100 2819 1181 2847 llebr.
1216 2830 1264 2853 xu,
1284 2823 1308 2849 7.
1349 2823 1369 2838 ¹⁰
1386 2822 1486 2850 Jcrcm.
1505 2831 1531 2855 ιι,
1553 2823 1599 2850 25.

1048 934 1150 973 αὐτοῖς,
1173 934 1238 960 ποτὲ
1267 934 1315 969 μὲν
1347 934 1396 966 τὰς
1422 935 1527 970 ἡδονὰς,
1543 935 1572 960 αἳ
1590 934 1633 961 ἀεὶ
1658 934 1794 960 καλοῦσιν
1808 934 1843 964 εἰς

1048 979 1237 1014 φιλοσαρκίαν,
1256 980 1302 1006 καὶ
1325 980 1397 1015 παθη
1412 980 1565 1015 σωματικὰ,
1579 979 1644 1006 ποτὲ
1663 980 1692 1006 δὲ
1713 978 1750 1006 αὖ
1769 980 1842 1006 πάλιν

1047 1025 1082 1052 τὰ
1098 1026 1202 1059 ὅσαπερ
1216 1024 1270 1052 οἵδε
1292 1027 1352 1058 ταῖς
1366 1027 1420 1062 τῶν
1442 1025 1594 1061 ἀνθρώπων
1610 1026 1780 1060 συμϐαίνειν
1798 1026 1842 1060 ψυ-

1048 1073 1119 1106 χαῖς,
1134 1071 1177 1098 διὰ
1203 1072 1328 1107 ποικίλης
1350 1071 1443 1099 κακῶν
1462 1073 1533 1103 ἰδέας
1561 1072 1788 1098 κατασπιλοῦντα
1802 1072 1842 1097 τὸν

1048 1118 1119 1145 νοῦν.
1135 1118 1242 1152 Ταύτην
1257 1118 1310 1154 γὰρ
1325 1116 1392 1144 εἷναί
1409 1126 1500 1153 φαμεν
1516 1118 1566 1153 τὴν
1585 1117 1802 1153 ἁχειροποίητάν
1815 1125 1840 1142 τε

1049 1164 1096 1190 καὶ
1119 1165 1148 1190 ὲν
1166 1165 1304 1199 Πνεύματι
1331 1164 1478 1199 νοουμένην
1507 1163 1672 1199 περιτομὴν,
1690 1164 1760 1199 περὶ
1785 1161 1841 1200 ἦςό

1050 1210 1154 1242 Παῦλός
1183 1219 1248 1245 φησι
1276 1209 1341 1236 ποτὲ
1366 1209 1434 1245 μὲν·
1450 1220 1459 1235 ι
1483 1210 1520 1236 Οὺ
1538 1209 1591 1244 γὰρ
1614 1210 1643 1236 ὲν
1667 1209 1711 1244 τῷ
1738 1210 1841 1244 φανερῷ

1055 1255 1179 1286 Ἰουδαῖός
1195 1256 1278 1287 ἐστιν,
1295 1255 1354 1281 οὐδὲ
1373 1256 1388 1289 ἡ
1404 1255 1433 1280 ὲν
1447 1254 1487 1289 τῷ
1505 1253 1614 1289 φανερῷ
1624 1254 1654 1280 ὲν
1669 1254 1758 1289 σαρκὶ
1773 1262 1841 1288 περι-

1049 1299 1128 1334 τομὴ,
1146 1298 1202 1325 ἀλλ’
1219 1300 1233 1325 ὁ
1259 1299 1287 1324 ὲν
1303 1298 1342 1333 τῷ
1358 1298 1472 1333 κρυπτῷ
1493 1298 1626 1329 Ἰουδαῖος,
1641 1298 1690 1324 καὶ
1709 1298 1841 1333 περιτομὴ

1049 1344 1173 1380 καρδίαςι
1192 1345 1220 1371 ἐν
1245 1343 1384 1379 Πνεύμιιτι
1398 1364 1404 1376 ,
1419 1344 1450 1370 οὑ
1477 1344 1641 1379 γράμματι,
1655 1340 1687 1370 οὖ
1707 1344 1724 1369 ὁ
1738 1344 1841 1374 ἔπαινος

1049 1391 1098 1417 οὐκ
1111 1391 1140 1423 ἐξ
1153 1390 1314 1426 ἀνθρώπων,
1329 1390 1386 1417 ἀλλ’
1404 1391 1436 1418 ὲκ
1451 1390 1496 1417 τοῦ
1509 1390 1576 1417 Θεοῦ
1590 1398 1598 1405 ·
1615 1390 1683 1416 ποτὲ
1696 1390 1729 1417 δὲ
1742 1390 1820 1417 πάλιν
1834 1396 1840 1403 ·

1053 1446 1061 1462 ι
1082 1433 1160 1470 Ἑνῷ
1186 1436 1234 1462 καὶ
1258 1436 1453 1468 πιστεύσαντες
1477 1436 1682 1472 περιετμήθητε
1709 1436 1840 1471 περιτομῇ

1051 1482 1256 1517 ἀχειροποιήτῳ.
1280 1491 1289 1507 ι
1317 1482 1453 1508 Φάσκουσί
1475 1490 1506 1508 τε
1520 1481 1588 1517 πρὸς
1608 1481 1701 1508 ταῦτὰ
1712 1490 1796 1512 τισιν,
1809 1481 1842 1511 ὡς

1050 1528 1129 1562 εἴπερ
1141 1535 1183 1559 τις
1197 1528 1303 1560 γένοιτο
1315 1527 1494 1563 διακάθαροις
1509 1529 1565 1559 τοῖς
1575 1527 1625 1562 τῆς
1640 1527 1746 1562 νοητῆς
1758 1527 1842 1562 ἀμπέ-

1051 1572 1097 1600 λου
1109 1573 1158 1608 κλή
1165 1573 1314 1608 μασιν,οὐκ
1330 1574 1373 1606 ἂν,
1390 1572 1478 1609 οἶμαι,
1491 1574 1551 1609 δίχα
1564 1574 1646 1600 πόνου
1662 1574 1840 1608 συμϐήσεται·

1051 1619 1128 1653 ἀλγεῖ
1142 1620 1196 1654 γὰρ
1211 1619 1337 1647 τοσοῦτον
1350 1640 1357 1651 ,
1374 1620 1436 1646 ὅσον
1460 1628 1489 1646 τε
1513 1620 1560 1646 καὶ
1573 1620 1648 1650 ὅπως
1666 1616 1740 1646 οἶδεν
1756 1619 1842 1651 ἀλγεῖν

1049 1664 1079 1691 τὸ
1094 1664 1170 1696 ξύλον
1179 1673 1186 1681 ο
1197 1664 1336 1698 ἀναλόγως
1351 1663 1397 1691 οὖν
1409 1665 1474 1700 ἄρα,
1484 1665 1531 1691 καὶ
1546 1665 1592 1691 ἐπὶ
1603 1664 1659 1691 τῶν
1675 1664 1766 1698 ἁγίων
1776 1664 1841 1699 ἡμᾶς

1050 1711 1145 1746 νοῆσαι
1162 1712 1310 1746 προσήκοι,
1324 1711 1514 1746 συναινέσομέν
1528 1719 1557 1737 τε
1570 1710 1615 1737 καὶ
1632 1711 1802 1746 συνεροῦμεν
1816 1707 1841 1735 εὖ

1052 1756 1124 1791 μάλα
1142 1756 1343 1792 διεσκεμμένοι.
1372 1757 1499 1783 Παιδεύει
1525 1757 1579 1793 γὰρ
1603 1757 1678 1792 ἡμᾶς
1695 1757 1743 1784 διὰ
1766 1757 1841 1783 πόνον

1050 1804 1097 1830 καὶ
1121 1803 1236 1838 θλίψεως
1258 1798 1273 1830 ό
1296 1804 1439 1838 φιλάρετος
1464 1804 1542 1839 ἡμῶν
1570 1804 1647 1835 Θεός.
1670 1804 1729 1830 Καὶ
1751 1803 1841 1838 γοῦνὸ

1050 1849 1191 1884 προφήτης
1220 1850 1285 1884 ἡμῖν
1306 1849 1420 1880 Ἡσαΐας
1431 1848 1525 1884 φησὶν,
1541 1849 1582 1876 ὅτι
1598 1859 1607 1875 ι
1630 1849 1779 1876 Ἐκπλυνεί
1789 1847 1840 1874 Κύ-

1051 1903 1107 1930 ριος
1125 1895 1170 1922 τὸν
1186 1894 1271 1929 ῥύπον
1288 1895 1342 1922 τῶν
1366 1894 1442 1928 υίῶν,
1458 1894 1573 1921 καὶτῶν
1589 1894 1752 1930 θυγατέρων
1767 1894 1838 1924 Σιὼν,

1050 1941 1097 1967 καὶ
1115 1940 1145 1966 τὸ
1169 1938 1239 1975 αἷμα
1263 1941 1424 1976 ὲκκαθαριεῖ
1442 1942 1474 1968 ὲκ
1489 1940 1574 1976 μέσου
1591 1940 1683 1968 αὐτῶν
1695 1961 1703 1972 ,
1719 1941 1750 1967 ὲν
1767 1940 1840 1966 πνεύ-

1052 1996 1116 2022 ματι
1139 1988 1257 2023 κρίσεως
1269 2009 1276 2020 ,
1292 1988 1339 2014 καὶ
1359 1987 1493 2022 πνεύματι
1514 1986 1648 2018 καύσεως.
1667 1996 1677 2012 ι
1695 1987 1752 2014 Καὶ
1768 1986 1839 2016 αὐτὸς

1049 2034 1077 2060 δὲ
1099 2035 1166 2070 πρὸς
1191 2034 1279 2070 τούτῳ
1297 2036 1310 2061 ὁ
1326 2034 1469 2066 θεσπέσιος
1490 2034 1616 2065 Παῦλος·
1636 2044 1646 2059 ι
1667 2034 1700 2061 Et
1723 2033 1838 2061 παιδείαν

1051 2081 1199 2116 ὑπομένετε
1212 2101 1218 2112 ,
1231 2081 1268 2112 ὡς
1292 2081 1360 2112 υίοῖς
1382 2081 1445 2115 ὑμῖν
1463 2079 1649 2115 προσφέρεται
1671 2081 1686 2106 ὸ
1706 2079 1785 2111 Θεός.
1798 2079 1839 2110 Ti;

1050 2126 1104 2160 γάρ
1115 2126 1188 2152 ἐστιν
1203 2126 1270 2157 υἱὸς,
1285 2125 1315 2152 ὃν
1329 2126 1359 2152 ού
1373 2124 1494 2152 παιδεύει
1505 2126 1597 2160 πατήρ
1610 2134 1617 2158 ;
1630 2134 1638 2150 ›
1655 2125 1715 2152 Καὶ
1732 2125 1787 2160 μὴν
1799 2124 1839 2151 καὶ

1050 2172 1130 2203 αὐτὸς
1143 2173 1156 2198 ό
1168 2171 1267 2203 παντὸς
1282 2171 1411 2198 ἐπέκεινα
1426 2170 1564 2206 θαύματος
1580 2171 1635 2198 τῶν
1650 2171 1740 2205 ἁγίων
1757 2171 1838 2206 χορὸς,

1051 2218 1099 2254 τὴν
1124 2218 1167 2245 διὰ
1182 2217 1234 2244 τῶν
1254 2218 1339 2251 ἁγίων
1360 2219 1520 2251 πεφυκότων
1541 2217 1592 2244 οὐκ
1606 2218 1771 2244 ἀποσείεται
1785 2217 1839 2243 παί-

1051 2263 1141 2290 δευσιν
1154 2283 1161 2293 .
1181 2262 1369 2297 ἀσμενέστατα
1391 2262 1419 2288 δὲ
1442 2262 1542 2297 μᾶλλον
1568 2262 1713 2297 προσίεται
1742 2263 1838 2296 λέγων·

1051 2319 1060 2334 ‹
1077 2309 1224 2335 Παίδευσον
1237 2309 1321 2343 ἡμᾶς,
1335 2308 1431 2343 Κύριε.
1446 2307 1514 2343 πλὴν
1539 2308 1568 2334 ὲν
1583 2308 1683 2343 κρίσει,
1702 2309 1752 2335 καὶ
1766 2309 1801 2343 μὴ
1815 2309 1840 2334 ὲν

1048 2354 1147 2389 ουμῷ,
1162 2354 1205 2380 ἵνα
1226 2354 1263 2389 μὴ
1284 2354 1391 2388 ὀλίγους
1415 2355 1489 2388 ἡμᾶς
1514 2355 1640 2388 ποιήσῃς.
1661 2363 1670 2380 ι
1695 2354 1743 2380 Ὲν
1768 2354 1839 2389 θυμῷ

1050 2400 1098 2434 μὲν
1117 2400 1171 2435 γὰρ
1184 2401 1200 2435 ὴ
1216 2399 1359 2435 ὁλόκληρος
1373 2399 1450 2426 ἔσται
1466 2400 1521 2425 τῶν
1539 2400 1674 2434 ἀκάρπων
1695 2401 1848 2436 κλημάτων(

1049 2446 1221 2481 ἀπότμησις’
1236 2446 1340 2481 πέμπει
1368 2445 1422 2480 γὰρ
1447 2446 1487 2477 εἰς
1511 2445 1633 2476 κόλασιν,
1654 2447 1685 2472 ὲν
1711 2446 1836 2482 κρίσειδὲ

1048 2492 1158 2527 μᾶλλον,
1174 2491 1246 2518 τοῦτ’
1261 2491 1335 2518 ἔστιν
1345 2512 1352 2524 ,
1368 2492 1396 2518 ὲν
1417 2491 1560 2526 διασκέψει
1581 2491 1630 2518 καὶ
1657 2491 1754 2527 μέτρῳ
1764 2512 1771 2522 ,

1047 2537 1228 2573 καρποφόρων
1249 2538 1266 2573 ἡ
1287 2537 1466 2572 διακάθαρσις
1480 2557 1488 2570 ,
1513 2537 1602 2570 ὀλίγον
1622 2536 1728 2572 ἔχουσα
1749 2537 1835 2572 κομιδῇ

1046 2586 1090 2611 τὸν
1111 2584 1191 2610 πόνον
1213 2584 1253 2616 εἰς
1276 2584 1465 2620 καρποφορίας
1484 2583 1680 2618 παροξυσμὸν,
1698 2585 1749 2611 καὶ
1767 2584 1836 2611 εὐαν-

1047 2629 1177 2664 θεοτὲρας
1201 2630 1358 2665 ἀναδρομῆς
1385 2629 1434 2664 τὴν
1456 2629 1583 2656 ἐντεῦθεν
1609 2629 1763 2665 πρόφασιν.
1791 2629 1836 2656 Kal

1050 2674 1114 2708 γοῦν
1138 2675 1332 2710 ἀποδεχόμενοι
1356 2674 1433 2701 τοῦτο
1459 2674 1541 2710 βοῶσι
1566 2683 1659 2706 τινες·
1675 2685 1686 2701 ι
1704 2676 1799 2712 Κύριε,
1813 2676 1835 2700 ἐν

1051 2719 1138 2754 θλίψει
1153 2721 1268 2756 μικρᾷ-ὴ
1286 2721 1394 2747 παιδεία
1416 2729 1462 2747 σοι,
1481 2721 1556 2755 ἡμῖν.
1575 2730 1584 2745 ι
1600 2721 1779 2757 Σμικροιιάτη
1796 2721 1836 2756 μὲν

1050 2766 1104 2801 γὰρ
1115 2767 1131 2800 ἡ
1141 2766 1188 2793 τοῦ
1203 2767 1428 2802 διακαθαίρεσοαι
1439 2767 1537 2802 ολίψις,
1552 2767 1622 2794 ἀλλὰ
1638 2767 1768 2795 παιδείαν
1781 2767 1835 2802 ἡμῖν

1791 2491 1837 2518 τῶν

1642 2823 1663 2839 ¹¹
1687 2823 1743 2852 Isa.
1762 2832 1832 2853 un,
