1865 3036
12 131 98 159 1017
532 137 662 168 FRAGM.
687 139 725 168 IN
759 141 824 169 EPH

908 141 954 170 AM
971 142 994 170 il
1012 142 1043 170 B.
1056 143 1170 172 PETRI.
1595 147 1665 176 1018

12 211 1646 237 Ἣ
1670 236 1673 243 ,

436 294 498 339 ΙΝ
530 294 869 344 EPISTOLAM
907 301 952 345 ΙΙ
975 303 1028 345 Β.
1055 302 1259 347 PETRI.

12 471 75 518 01';x
81 471 144 518 Υξφ
153 473 396 518 γσεονοςρίσμέγοις
405 475 824 518 μύθᾳςβξξεικολρυρήονᾳντες

917 479 1019 518 ιϐειι.
1037 481 1099 509 Non
1123 483 1193 518 enim
1212 482 1304 510 doctas
1327 483 1433 518 fabulas
1460 485 1552 516 secuti,
1575 489 1666 512 notam

56 507 274 548 ἐγνωρίσαμεν·
286 509 358 543 ὑμῖν
368 507 425 548 τὴόι
438 511 491 537 τοῦ
500 507 615 545 Κυρίου
627 507 712 547 ήμῶαινΣ
725 507 825 548 Ἰησοῧ

57 543 202 580 Χριστοῦ
216 544 344 580 δύναμιν
356 546 404 572 καὶ
420 543 600 580 παρουσῖαν,
617 543 687 575 ἀλλ’
699 543 826 576 ἐπόὶτται

57 578 249 616 τεῖνηθὲντςες
261 579 316 616 τῆς
332 580 451 607 ἐκείνου
460 578 703 616 μεγαλειότητος.
721 585 826 612 Λαϐὼν

57 613 124 654 τὰρ
138 613 220 654 σξαρὰ
235 614 308 654 Θεοᾷ
318 615 434 654 {Tarpa}:
446 613 536 654 ᾗμῆν
545 613 709 654 καὶῗδόξαῶ,
724 619 826 654 φωνῆς

57 648 247 690 ἑνεχθεέᾳῃς
263 649 344 682 αὐτῷ
360 648 482 679 τοιᾶσδέ
494 652 553 679 ὑπὸ
570 653 626 688 τῆς
638 648 825 690 μεγαλοπρὲί

57 683 150 716 ποῦς
166 683 269 718 δόξης.

55 740 233 774 Κυρίλλου.
254 742 343 770 Μῦθοι
363 743 417 780 γὰρ
441 744 525 777 ὅντως
545 746 592 773 καὶ
609 746 767 783 ἀνθρώπινα
781 756 826 775 co-

14 786 157 822 φίσματα
181 787 235 814 τῶν
259 790 405 825 αἱρετικῶν
426 790 460 817 τὰ
484 792 675 827 προϐλήματα,
700 794 826 826 οὕστινας

13 833 215 867 ἐκτρέπεσθαι
239 833 400 870 βουλόμενος
426 837 500 872 ήμᾱς
528 839 543 864 6
569 838 674 869 Παῦλος
698 839 799 875 γράφει
815 849 823 856 ·

17 887 29 903 ι
45 878 203 914 Δίρετικὸν
227 879 370 916 ἄνθρωπον
392 881 461 916 μετὰ
479 882 543 917 μίαν
558 883 604 910 καὶ
619 883 748 919 δευτέραν
764 893 825 912 νου-

13 922 125 950 θεσξαν
140 925 284 959 παραιτοῦ,
300 935 309 952 ι
333 927 379 953 καὶ
395 927 430 954 τὰ
445 928 518 963 ἑξῆς.

59 969 202 1004 Ἀρχεται
228 971 277 1006 μὲν
301 972 351 1007 ἤδη
373 973 423 1008 τῆς
445 973 516 1000 κατὰ
530 975 584 1002 τῶν
600 976 746 1012 αἱρετικῶν
763 978 824 1005 ἐπι-

15 1014 148 1050 δρομῆς·
163 1016 230 1043 καθὸ
244 1018 354 1050 ὲκεῖνοι,
370 1019 420 1053 τὴν
428 1019 558 1055 ἀλήθειαν
572 1022 622 1048 οὐκ
632 1022 752 1057 ἔχοντες,
766 1032 825 1050 ποι-

15 1059 118 1091 κίλοις
134 1060 225 1095 λόγοις
247 1062 448 1097 ἀναγκάζονται
464 1066 658 1101 περιπλάττειν
671 1067 702 1094 τὸ
715 1067 822 1102 ψεῦδος.

23 1104 108 1130 Ἀλλ’
133 1105 214 1140 ἡμεῖς
239 1107 288 1143 οὐχ
303 1107 386 1140 οὕτω,
404 1110 497 1145 φησὶν,
521 1111 589 1138 ἀλλὰ
602 1114 658 1144 τοῖς
675 1113 825 1148 ὀφθαλμοῖς

916 515 1024 550 fecimus
1038 517 1109 544 vobis
1131 517 1235 545 Domini
1253 515 1339 546 nostri
1354 519 1418 546 Iesu
1432 519 1530 546 Christi
1544 521 1666 547 virtutem

913 556 938 578 et
952 553 1132 584 praesentiam.
1148 554 1194 580 sed
1205 554 1381 586 speculatores
1397 555 1464 616 {peti
1476 555 1551 582 illitis
1569 555 1668 590 magni-

913 587 1026 615 tudinis.
1049 588 1189 616 Accipiens
1213 589 1282 616 enim
1299 598 1314 616 α
1331 589 1383 616 Dea
1421 595 1478 616 atre
1494 590 1616 616 honorem
1641 595 1666 616 et

913 587 1026 615 tudinis.
1049 588 1189 620 Accipiens
1213 589 1282 616 enim
1299 598 1314 616 α
1331 589 1383 617 Dea
1397 587 1478 617 Patre
1494 587 1621 618 honoreni
1641 595 1666 617 et

911 622 1034 660 gloriam,
1051 631 1109 660 voce
1123 623 1234 660 delapsa
1250 624 1285 651 ad
1302 633 1361 652 eum
1377 625 1560 660 hujuscemodi
1576 635 1591 653 α
1607 634 1666 653 ma—

911 658 1010 692 gni/ica
1025 659 1122 694 gloria.

911 744 1017 779 Cyrilli.
1035 745 1148 774 Fabulae
1164 747 1237 774 enim
1252 755 1317 776 vere
1333 752 1360 776 et
1375 748 1496 777 humana
1511 754 1665 778 commenta

876 789 1067 818 haereticorum
1085 793 1243 827 opiniones,
1260 802 1330 829 quos
1345 798 1374 821 ut
1389 803 1552 830 respuamus
1575 796 1668 823 horta-

875 840 920 863 tur
945 836 1047 866 Paulus
1063 839 1188 867 scribens
1203 849 1209 866 :
1239 849 1248 865 ι
1268 840 1432 868 Haereticum
1449 842 1588 869 hominem
1606 847 1668 877 post

876 891 958 910 unam
983 888 1010 911 et
1033 885 1182 912 secundam
1209 886 1413 921 correptionem
1440 886 1534 914 devita
1550 887 1583 921 ⁸³,
1603 897 1612 914 ι
1639 893 1668 916 et

875 933 984 957 cetera.

910 973 1058 1001 Exorditur
1071 974 1127 1009 jam
1141 975 1287 1003 haereticos
1300 976 1479 1012 increpando,
1492 977 1593 1012 quippe
1607 977 1666 1012 qui,

875 1027 890 1047 a
907 1021 1022 1048 veritate
1038 1021 1131 1053 alieni,
1149 1022 1236 1049 variis
1247 1023 1424 1050 sermonibus
1435 1028 1572 1058 coguntur
1590 1031 1666 1051 com-

875 1072 966 1095 menta
981 1075 1030 1095 sua
1042 1075 1187 1096 exornare.
1203 1068 1240 1097 De
1257 1069 1338 1097 nobis
1362 1074 1466 1103 autem,
1479 1072 1528 1102 ait,
1554 1078 1598 1098 res
1612 1078 1667 1098 non

876 1120 906 1141 se
920 1113 1005 1141 habet
1016 1113 1071 1146 ita;
1088 1121 1150 1140 nam
1164 1114 1253 1141 oculis
1265 1115 1370 1142 nostris
1384 1115 1527 1143 veritatem
1543 1119 1668 1143 contem-

12 1150 74 1185 τὴν
101 1151 231 1187 ἀλήθειαν
252 1152 441 1190 ἐθεασάμεθα,
465 1158 523 1192 μετ’
545 1157 628 1185 αὑτοῦ
652 1158 728 1191 ὄντες
743 1160 771 1186 ὲν
786 1159 824 1194 τῷ

908 1167 994 1192 amur,
1012 1167 1076 1187 cum
1088 1167 1121 1187 ea
1135 1163 1280 1188 versantes
1297 1161 1323 1187 in
1341 1165 1445 1188 monte.
1463 1161 1602 1188 Habemus
1618 1161 1669 1197 igi-

17 1197 89 1232 δρει
103 1205 111 1212 ·
136 1197 234 1234 ἔχομεν
248 1197 295 1226 οὖν
308 1201 355 1228 καὶ
380 1202 444 1234 τοὺς
464 1204 608 1239 προφήτας
623 1204 725 1240 ταύτην
739 1205 823 1241 αὐτὴν

16 1242 74 1277 τὴν
102 1242 233 1278 ἀλήθειαν
256 1246 323 1280 ήμῖν
348 1247 591 1283 προμηνύσαντας,
617 1250 665 1277 καὶ
679 1250 766 1283 οὕτως
779 1251 824 1279 διὰ

13 1289 77 1324 τῆς
102 1290 191 1324 ὅψεως
214 1290 386 1328 βεϐαιότερος
401 1293 455 1321 τῶν
475 1296 622 1332 προφητῶν
636 1298 650 1323 ὁ
664 1297 743 1331 λόγος
758 1298 823 1333 ἡμῖν

18 1336 140 1369 ἐγένετο
152 1345 159 1352 ·
174 1336 192 1363 ἃ
202 1337 257 1373 γὰρ
271 1339 369 1366 ἐκεῖνοι
380 1337 467 1373 εἷπον,
479 1341 566 1368 ταῦτα
576 1342 672 1377 παρὼν
682 1344 697 1370 6
707 1344 824 1379 Χριστὸς

19 1381 215 1411 ἐπιστώσατο.
230 1385 286 1411 Καὶ
301 1385 439 1421 μάρτυρες
454 1387 544 1422 ἡμεῖς,
561 1389 586 1414 οἱ
599 1389 647 1415 καὶ
660 1389 709 1424 τὴν
725 1398 825 1425 μαρτυ-

20 1427 92 1462 ρίαν
108 1429 276 1462 ἀκούσαντες
293 1431 341 1457 τοῦ
358 1431 475 1467 Πατρός.
494 1431 532 1460 Εὖ
545 1434 574 1460 δὲ
591 1435 638 1461 καὶ
652 1435 731 1468 ὑμεῖς
745 1435 824 1471 ποιή-

20 1482 92 1500 σετε
115 1475 155 1508 τῷ
180 1477 343 1512 προφητικῷ
367 1478 524 1514 πειθόμενοι
549 1480 639 1516 λόγῳ·
667 1479 743 1514 οὗτος
768 1482 824 1518 γὰρ

20 1521 94 1552 τοὺς
108 1521 138 1547 ἐν
152 1522 249 1558 ἀγνοίᾳ
260 1525 432 1558 φωταγωγεῖ,
448 1524 501 1557 ἕως
513 1525 633 1561 καθαρὸν
647 1527 711 1562 ὑμῖν
723 1527 754 1554 τὸ
766 1528 823 1562 φῶς

21 1565 76 1591 τοῦ
101 1566 271 1600 Εὑαγγελίου
299 1568 426 1604 διαφανῆ,
450 1569 498 1596 καὶ
521 1571 536 1597 ό
556 1571 651 1606 νοητὸς
675 1573 821 1609 ἑωσφόρος,

21 1610 155 1637 τουτέστι
172 1613 300 1647 Χριστὸς,
327 1615 356 1640 ἐν
371 1616 432 1646 ταῖς
448 1615 572 1652 καρδίαις
591 1617 667 1652 ὑμῶν
683 1618 821 1655 ἀνατείλῃ,

23 1658 220 1694 μαρτυρηοεὶς
237 1659 290 1686 ὑπὸ
306 1659 354 1686 τοῦ
368 1660 484 1696 Πατρός.

25 1712 121 1754 οὗτοι
138 1715 182 1754 δὲί,
202 1716 242 1754 ᾡς
255 1716 433 1754 ᾶᾷογα-ζῶα,
449 1719 632 1754 γεγενημένα
644 1721 688 1753 εὶς
708 1721 824 1748 ἅλωσιν·

63 1751 114 1790 erat
135 1751 268 1790 ίςεθορὰνζ
280 1752 315 1790 ἐν
331 1751 377 1790 οἷς
391 1751 537 1787 ἀγνοοῦσι
548 1751 822 1790 νξβλασεοήμοῦντες,

63 1785 100 1812 ἐν
118 1785 157 1819 τῇ
173 1786 269 1826 φθορᾷ
283 1787 384 1826 agniti"
396 1785 691 1825 καταφθαρῆσονίαίξ
705 1785 822 1826 «optati:

61 1829 151 1856 μενοι
167 1822 279 1856 μισθὸν
295 1822 421 1856 ἀδικίας.

66 1879 234 1912 Κυρίλλου.
255 1880 311 1906 Καὶ
321 1880 386 1914 γοῦν
398 1882 412 1908 6
426 1881 568 1914 θεσπέσιος
579 1882 705 1918 Μελῳδὺς
718 1903 725 1915 ,
747 1882 825 1910 (Ἂν-

26 1923 154 1959 θρωπος,
182 1924 274 1959 φησὶν,
298 1926 326 1951 ὲν
346 1927 413 1962 τιμῇ
436 1925 473 1953 ὣν
498 1927 528 1953 οὐ
551 1928 663 1962 συνῆκε,
686 1936 826 1964 παρασυν-

26 1969 134 2006 εὸλήθη
148 1971 204 2002 τοῖς
217 1971 328 2006 κτήνεσι
341 1973 396 2003 τοῖς
411 1973 546 2008 ἀνοήτοις,
568 1974 615 2000 καὶ
629 1974 758 2009 ὡμοιώθη
773 1975 824 2001 αὺ-

25 2017 97 2047 τοῖς.
117 2025 126 2042 ι
155 2015 223 2051 ’Έοη
251 2018 306 2052 γὰρ
332 2017 444 2051 ἀλογίας
469 2019 705 2055 συμπεπλεγμένα
725 2020 826 2056 νόμους

26 2061 127 2097 ὥσπερ
143 2062 259 2097 ἔχοντες,
278 2063 356 2098 ὀλίγα
369 2065 466 2100 κομιδῇ
485 2065 671 2099 διενεγκόντες
684 2066 826 2101 ἐφαίνοντο

27 2109 150 2145 κτηνῶν,
173 2110 211 2142 ὡς
240 2110 318 2146 ἔφην,
339 2111 357 2138 ἃ
380 2111 450 2147 πρὸς
476 2112 560 2147 μόνην
588 2112 684 2146 γέγονε
708 2112 823 2148 φθοράν,

28 2157 106 2191 Πρὸς
131 2156 170 2191 τῷ
196 2157 318 2188 ἁσεῦεῖν,
336 2158 413 2192 φησὶ,
431 2158 479 2184 καὶ
502 2158 548 2184 τὸν
565 2158 622 2193 βίον
636 2158 744 2185 ἅπαντα
758 2168 826 2185 κατ-

28 2203 205 2239 εφθαρμένον
248 2203 357 2236 ἔδειξεν.
384 2204 466 2236 ’Ἐθος
499 2206 532 2240 τῇ
568 2205 628 2240 θείᾳ
666 2205 762 2241 Γραφῇ
792 2205 826 2232 τὰ

28 2249 104 2276 κατὰ
128 2249 208 2284 φύσιν
223 2249 286 2276 όντα
303 2250 361 2276 θεῖα
388 2249 420 2286 [Γ.
437 2250 545 2286 θήρεια]
568 2251 718 2286 πράγματα
739 2251 826 2278 ταῦτα

28 2297 89 2326 τοῖς
116 2295 270 2330 ἀνθρώποις
283 2295 322 2326 εἰς
345 2295 452 2327 εἰκόνας
466 2296 513 2322 καὶ
532 2295 741 2331 παραδείγματα
758 2296 826 2332 λαμ-

29 2341 135 2368 ϐάνειν.
165 2341 250 2368 Τοῦτο
284 2342 313 2368 δὲ
353 2342 439 2373 ποιεῖ,
468 2341 510 2368 ἵνα
534 2342 566 2368 ἐκ
588 2342 643 2368 τῶν
672 2342 741 2368 κατὰ
769 2341 827 2376 φύε-

30 2396 74 2415 σιν
108 2387 220 2414 ἐκείνων
254 2387 289 2414 τὰ
323 2389 354 2415 ὲκ
389 2387 576 2423 προαιρέσεως
612 2387 738 2423 φαίνηται
773 2387 827 2415 τῶν

29 2433 193 2468 κινημάτων
218 2433 272 2460 τῶν
302 2433 466 2469 ἀνθρώπων,
490 2433 537 2460 καὶ
564 2432 650 2465 οὕτως
681 2433 698 2469 ἢ
726 2433 827 2467 φαῦλος

29 2480 47 2514 ἦ
81 2479 185 2511 δίκαιος
209 2481 223 2506 6
250 2480 352 2506 τούτων
382 2480 518 2506 δείκνυται
544 2479 653 2514 τρόπος.
687 2479 747 2506 Ἐπὶ
776 2479 826 2516 μὲν

30 2524 80 2552 οὖν
102 2525 156 2552 τῶν
172 2525 291 2560 φαύλων,
322 2525 368 2552 ἐὰν
398 2525 575 2561 παραγγέλλῃ
589 2532 596 2540 ’
622 2534 631 2551 ι
646 2525 693 2560 Μὴ
717 2514 826 2560 γίνεσθε
842 2514 865 2541 Ῑ)

31 2572 70 2603 ὼς
86 2572 169 2603 ἵππος
181 2572 228 2599 καὶ
241 2571 363 2607 ἡμίονος,
379 2568 420 2603 οἷς
433 2572 482 2599 οὐκ
496 2571 552 2598 ἔστι
571 2571 686 2602 σύνεσις.
703 2580 712 2596 ι
729 2572 764 2598 Ἦ
780 2572 827 2598 καὶ

32 2619 98 2645 ὅταν
114 2618 289 2653 μεμφόμενος
302 2618 365 2649 τοὺς
378 2618 449 2644 οὓτω
462 2617 625 2653 γενομένους
637 2617 703 2654 λέγῃ
716 2625 723 2632 ·
741 2627 750 2643 ι
763 2619 826 2645 Ἀν-

35 2664 144 2699 θρωπος
158 2664 187 2690 ὲν
204 2665 269 2699 τιμῇ
294 2663 330 2690 ὣν
353 2663 383 2690 οὑ
398 2663 509 2698 συνῆκε,
525 2662 752 2699 παρασυνεϐλήθη
770 2664 826 2695 τοῖς

36 2711 146 2745 κτήνεσι
164 2711 221 2742 τοῖς
241 2710 377 2745 ἀνοήτοις,
400 2710 447 2736 καὶ
461 2708 590 2748 ᾠμοιώθη
615 2709 716 2741 αὐτοῖς.
736 2719 745 2735 ι
771 2710 828 2736 Καὶ

38 2757 137 2783 πάλιν·
166 2766 175 2782 ι
191 2756 283 2783 Ἴπποι
308 2756 473 2792 θηλυμανεϊς
497 2756 675 2791 ἐγενήθησαν.
694 2765 704 2781 ι
732 2755 788 2782 Καὶ
811 2756 826 2782 ὀ

39 2802 132 2838 Σωτὴρ
151 2803 197 2829 τὸν
228 2802 350 2838 Ἡρώδην
376 2801 545 2830 «ἀλώπεκα»
576 2803 655 2829 καλεῖ
668 2810 676 2817 ο
701 2802 748 2828 καὶ
768 2802 825 2833 τοῖς

878 1209 923 1232 ιιιι·
937 1210 964 1233 et
981 1206 1132 1241 prophetas
1151 1206 1276 1240 ejusdem
1293 1206 1377 1241 hujus
1394 1206 1519 1234 veritatis
1535 1207 1669 1241 praedica—

877 1256 963 1284 tores,
988 1256 1016 1280 et
1036 1252 1143 1280 tirmior
1158 1252 1247 1280 factus
1263 1256 1306 1280 est
1322 1260 1418 1280 eorum
1439 1260 1531 1280 sermo
1549 1253 1583 1281 iis
1607 1260 1668 1287 quae

876 1298 1015 1331 vidimus;
1032 1306 1095 1333 qua:
1111 1299 1182 1326 enim
1199 1299 1385 1334 praedixerant
1399 1298 1451 1331 illi,
1471 1298 1564 1325 cadent
1587 1298 1669 1325 Chri-

877 1347 938 1372 stus
966 1351 1049 1378 opere
1066 1344 1225 1380 complevit.
1243 1344 1276 1371 Et
1293 1348 1377 1372 testes
1394 1351 1455 1376 nos,
1473 1343 1520 1378 qui
1543 1343 1669 1370 testium-

877 1388 952 1414 nium
966 1387 1055 1416 Patris
1070 1389 1239 1423 accepimus.
1256 1387 1315 1416 Non
1332 1388 1425 1423 inepte
1442 1388 1527 1422 igitur
1540 1395 1589 1414 vos
1600 1395 1669 1422 quo-

876 1441 931 1468 que
942 1433 1105 1469 prophetico
1116 1434 1238 1462 sermoni
1253 1433 1333 1462 [idem
1346 1434 1524 1466 adhibebitis;
1538 1434 1583 1461 hic
1594 1434 1668 1461 enim

878 1480 989 1514 ignaros
1003 1479 1154 1512 illuminat,
1171 1479 1261 1507 donec
1272 1487 1341 1514 pura
1359 1479 1419 1507 dies
1438 1479 1576 1514 Evangelii
1589 1479 1669 1506 vobis

878 1524 1031 1558 illucescat,
1047 1525 1210 1560 oriaturque
1222 1526 1251 1552 in
1267 1525 1400 1553 cordibus
1416 1526 1520 1553 vestris
1534 1525 1668 1560 spiritalis

876 1569 1000 1604 Lucifer,
1015 1571 1067 1598 hoc
1080 1574 1123 1598 est
1138 1571 1277 1604 Christus,
1294 1571 1476 1599 confirmatus
1492 1578 1508 1599 a
1522 1571 1614 1599 Patre.

877 1713 910 1745 Il,
932 1713 973 1740 l2.
989 1712 1025 1740 Hi
1043 1721 1102 1741 vero
1127 1714 1196 1741 velut
1216 1712 1420 1740 irrationabitia
1436 1721 1541 1746 pecora,
1558 1717 1670 1740 natura-

913 1749 974 1776 liter
988 1750 1014 1774 in
1033 1751 1178 1783 captionem
1190 1754 1214 1776 et
1231 1750 1257 1776 in
1269 1749 1411 1783 perniciem
1429 1749 1455 1775 in
1473 1749 1513 1776 his
1528 1757 1586 1783 qua:
1597 1749 1670 1783 igno-

913 1788 974 1810 rant
991 1784 1213 1817 blasphemantes,
1232 1785 1257 1810 in
1279 1785 1450 1817 corruptione
1469 1792 1519 1811 sua
1535 1784 1668 1818 peribunt,

913 1820 1087 1854 percipientes
1100 1819 1244 1846 mercedem
1261 1819 1414 1854 injustitite.

911 1877 1017 1913 Cyrilti.
1042 1877 1119 1905 Haud
1133 1877 1264 1905 dissimili
1287 1877 1396 1905 ratione
1415 1877 1529 1904 divinus
1543 1876 1667 1909 Psaltes,

880 1932 889 1950 ι
908 1922 1008 1957 Homo,
1028 1924 1076 1955 ait,
1090 1931 1153 1951 cum
1178 1923 1206 1950 in
1221 1923 1327 1950 honore
1345 1925 1419 1950 esset
1448 1929 1502 1948 non
1522 1921 1668 1953 intellexit,

877 1972 1057 2004 comparatus
1077 1972 1120 1996 est
1145 1968 1282 2003 jumentis
1302 1967 1511 2003 insipientibus,
1531 1971 1557 1994 et
1572 1967 1670 1994 similis

876 2014 967 2042 iactus
986 2017 1029 2042 est
1047 2013 1101 2042 illis
1114 2014 1147 2041 “.
1167 2023 1176 2040 ι
1194 2012 1264 2040 Nam
1282 2021 1344 2040 cum
1363 2013 1490 2040 moribus
1517 2013 1670 2040 inserviant

877 2068 892 2088 a
911 2061 1019 2088 ratione
1039 2059 1156 2092 aversis,
1171 2066 1268 2094 parum
1286 2059 1365 2086 abest
1380 2058 1446 2092 quin
1457 2057 1591 2092 jumentis
1605 2065 1670 2092 per-

877 2106 984 2134 similes
1008 2105 1156 2133 videantur
1174 2112 1244 2140 qum,
1263 2108 1293 2131 ut
1322 2104 1371 2136 ait,
1399 2103 1433 2131 ad
1461 2103 1670 2138 corruptionem

878 2154 986 2178 tantum
1012 2150 1084 2177 facta
1111 2153 1187 2178 sunt.
1211 2149 1301 2184 impii,
1325 2149 1425 2184 inquit,
1453 2156 1562 2176 omnetn
1584 2149 1670 2176 vitam

877 2200 1038 2232 corruptam
1064 2196 1176 2223 habent.
1204 2195 1280 2223 Solet
1312 2194 1466 2230 Scriptura,
1485 2202 1546 2229 quze
1569 2198 1670 2222 natura

879 2243 972 2271 divina
991 2247 1076 2277 sunt,
1101 2242 1259 2270 hominibus
1278 2246 1408 2276 tanquam
1427 2242 1552 2277 exempla
1570 2249 1669 2277 propo‘

878 2297 955 2318 nere.
975 2289 1033 2317 Hoc
1044 2293 1136 2317 autem
1151 2289 1228 2321 facit,
1239 2292 1269 2316 ut
1284 2289 1395 2316 illorum
1410 2289 1520 2316 dotibus
1537 2288 1607 2316 certi
1619 2288 1670 2315 ho-

878 2337 983 2364 minum
999 2336 1118 2364 allectus
1139 2335 1341 2370 designentur;
1356 2336 1448 2371 itaque
1471 2339 1517 2362 aut
1534 2335 1609 2369 pravi
1623 2342 1669 2361 eo-

878 2391 938 2411 rum
961 2386 1009 2410 aut
1030 2383 1099 2417 justi
1125 2382 1351 2409 demonstrentur
1377 2389 1487 2410 sensus.
1506 2381 1546 2407 Ad
1569 2387 1670 2415 pravos

879 2430 1017 2466 pertinent
1033 2429 1098 2456 illa:
1119 2437 1128 2454 ι
1146 2427 1239 2455 Nolite
1254 2428 1310 2455 ﬁeri
1327 2428 1399 2455 sicut
1421 2435 1511 2463 equus
1536 2431 1564 2454 et
1579 2426 1670 2454 mulus

878 2475 981 2511 quibus
994 2482 1049 2502 non
1065 2477 1109 2501 est
1121 2473 1280 2501 intellectus
1297 2473 1329 2499 ⁸³.
1349 2482 1359 2498 ι
1379 2472 1419 2500 Ad
1444 2471 1556 2499 eosdem
1574 2469 1670 2498 redar-

880 2521 1006 2557 guendos
1029 2520 1185 2547 scribitur:
1202 2529 1211 2545 ι
1229 2519 1317 2546 Homo
1332 2526 1394 2546 cum
1414 2519 1441 2545 in
1469 2518 1573 2545 honore
1596 2520 1670 2544 esset

879 2573 935 2593 non
953 2564 1099 2595 intellexit,
1119 2568 1300 2598 comparatus
1323 2567 1365 2591 est
1381 2563 1515 2598 jumentis
1533 2562 1669 2597 insipien-

879 2613 964 2646 tibus,
981 2615 1007 2639 ct
1023 2612 1123 2639 similis
1141 2611 1230 2638 factus
1245 2614 1288 2638 est
1306 2610 1371 2637 illis.
1387 2619 1396 2635 ι
1413 2609 1444 2636 Ει
1457 2610 1545 2636 alias:
1568 2618 1577 2635 ι
1599 2608 1667 2644 Equi

879 2659 1004 2687 furentes
1020 2658 1048 2685 in
1063 2658 1179 2685 feminas
1193 2657 1256 2684 facti
1281 2660 1346 2684 sunt
1361 2656 1395 2682 εθ.
1414 2666 1422 2681 ι
1444 2655 1543 2683 Eadem
1561 2655 1668 2682 ratione

881 2706 1009 2734 Servatur
1021 2705 1157 2733 Herodem
1176 2713 1184 2729 ι
1203 2704 1310 2738 vulpem
1324 2703 1346 2719 ⁸⁷
1362 2713 1371 2729 ι
1384 2708 1474 2735 vocat,
1490 2706 1517 2730 et
1531 2702 1599 2729 dicit
1626 2701 1668 2728 di-

880 2751 996 2787 scipulis
1014 2750 1073 2778 suis
1087 2759 1094 2776 :
1120 2760 1129 2775 ι
1145 2749 1215 2776 Ecce
1236 2755 1287 2783 ego
1302 2748 1382 2775 mitto
1397 2755 1446 2775 vos
1470 2748 1541 2775 sicut
1555 2753 1622 2774 oves
1641 2745 1667 2772 in

879 2798 971 2825 medio
994 2797 1136 2832 luporum.
1156 2795 1249 2823 Estote
1263 2802 1328 2830 ergo
1346 2794 1496 2829 prudentes
1512 2793 1583 2821 sicut
1608 2789 1689 2834 scr-lt,

79 2868 99 2884 ‘-‘
117 2869 168 2895 Tit.
189 2876 227 2901 ιιι,
247 2869 288 2895 l0.
329 2868 349 2885 ⁸³
366 2867 436 2896 Psal.
458 2876 556 2903 xtvm,
574 2869 618 2896 “2|.
662 2867 773 2908 ‘fi‘sal.
798 2875 872 2900 χχχι,
890 2866 916 2893 9.
955 2866 978 2882 ⁸³
995 2865 1094 2893 iurem.
1116 2873 1140 2897 ν,
1159 2865 1175 2891 8
1228 2864 1249 2879 “7
1266 2862 1332 2890 Luc.
1351 2869 1399 2890 xui
1412 2883 1419 2896 ,
1437 2861 1482 2888 '52.
