1865 3036
42 138 139 167 1021
547 142 678 172 FRAGM.
693 142 728 171 IN
749 143 855 172 EPISTt

941 145 944 174 i
963 147 973 175 1
991 146 1021 174 Β.
1040 146 1192 177 JOANNIS.
1632 147 1703 176 1022

42 198 66 225 ὑ
72 199 145 234 μᾶς
156 199 280 237 πλανήσῃ
290 209 299 218 υ
314 200 408 229 πολλοὶ
417 202 473 238 γὰρ
482 202 638 232 ἐλεύσονται
647 204 693 231 ἐπὶ
702 204 744 241 τῷ
753 205 852 241 ὀνόματ

941 208 1031 237 enient
1046 207 1074 236 in
1090 209 1201 237 nomine
1212 214 1286 240 meo.
1299 207 1426 237 dicentes
1439 216 1447 235 :
1470 206 1528 243 Ego
1544 214 1605 235 sum
1620 206 1702 235 Chri-

46 253 124 281 μου
147 246 291 281 λέγοντεςι
318 247 389 284 Ἐγώ
410 250 469 289 εἰμι
492 251 506 277 ὁ
521 251 654 286 Χριστὸς,
679 252 728 279 καὶ
747 252 855 285 πολλοὺς

942 263 993 290 us,
1019 259 1047 283 et
1070 255 1172 283 mullos
1188 254 1321 283 seducent
1340 254 1372 281 ".
1395 263 1405 280 ι
1432 253 1595 282 Conclamat
1618 253 1701 280 etiam

45 292 253 329 πλανήσουσι.
268 303 278 320 ι
306 294 361 322 Καὶ
383 295 399 322 ό
420 296 528 329 Παῦλος
547 297 596 333 βοᾷ
609 305 617 313 ·
640 309 649 324 ι
662 297 783 328 Βλέπετε
798 299 855 332 τοὺς

941 303 1042 331 aulus:
1063 312 1073 329 ι
1093 302 1190 330 Videte
1220 309 1314 334 canes,
1330 300 1424 329 videte
1444 301 1532 329 malos
1558 299 1702 335 operarios

44 338 166 370 κύνας,
185 338 297 374 βλέπετε
321 339 385 373 τοῦς
401 342 504 374 κακοὺς
524 339 653 378 ιργὰτας’
668 343 719 379 τῆς
743 345 855 377 πίστεως

941 346 977 375 lei
990 346 1018 375 in
1034 345 1178 374 Dominum
1188 344 1283 374 Jesum
1294 345 1328 374 ⁷⁵.
1344 354 1354 372 ι

44 384 116 420 τῆς
140 386 182 417 εἰς
193 385 238 413 τὸν
261 386 363 422 Κύριον
380 387 494 423 Ἰησοῦν.
517 396 527 414 ›

94 452 128 469 τ³
142 452 239 482 Matth.
254 462 335 488 xxiii,
354 455 382 482 4.
421 454 444 470 ⁷⁸
457 454 578 491 Philipp.
594 464 636 490 ιιι,
653 455 682 484 2.

389 624 465 670 AD
499 624 839 673 EPISTOLAM
877 626 895 670 Ι
929 626 1060 674 DIVI
1096 625 1373 672 JOANNlS.

866 733 903 746 ,Ι

51 797 106 835 (1)
134 798 167 826 '0
183 798 256 831 Θεὸς
273 798 336 833 φῶς
351 798 418 836 ἔστι
430 819 437 831 ,
455 799 505 836 και
519 800 627 828 σκοτία
649 800 685 828 ἐν
703 800 784 834 αὐτῷ
805 802 855 830 οὐτε

942 823 950 836 ,
964 802 991 830 5.
1005 801 1077 830 Deus
1094 802 1142 830 lux
1153 805 1203 835 ut,
1215 807 1241 829 et
1254 801 1366 829 tenebrae
1382 802 1408 828 in
1417 809 1446 829 eo
1461 809 1512 828 non
1530 805 1592 829 sunt
1608 801 1682 829 ulla}.

347 834 433 862 ἐστιν
448 835 582 870 οὐδεμία.

100 891 268 925 Κυρίλλου.
291 891 327 917 Ἢ
352 891 393 917 ὅτι
420 892 482 919 κατ’
504 891 599 919 οὐσίαν
624 892 683 928 φῶς
704 893 823 929 ὑπάρχει
846 894 861 921 ὁ

55 935 147 968 Θεὸς.
161 937 192 963 ὲν
206 938 263 968 τοῖς
277 937 306 964 ὲν
317 937 391 972 αὐτῷ
403 936 446 964 διὰ
458 937 512 964 τῶν
526 937 633 974 ἀρετῶν
649 938 858 974 περιπατοῦσιν,

54 980 177 1017 ἀληθῶς
193 981 250 1016 φῶς
261 982 405 1017 γενόμενος
416 990 423 997 ·
439 982 457 1018 ἢ
478 982 587 1010 σκοτίαν
604 982 654 1018 τὴν
667 983 768 1010 κακίαν
784 983 860 1018 λέγει

55 1026 110 1054 διὰ
125 1027 190 1059 τοὺς
208 1027 361 1060 Ἰουδαίους.

63 1082 246 1120 Latagum),
269 1083 327 1120 φρκ
354 1083 485 1120 ἐντολὴν
508 1084 619 1120 καινὴν
648 1084 749 1119 γράφω
777 1085 858 1120 ὑμῖν,

97 1117 172 1154 ᾀλτλΐ
191 1117 324 1154 ἐντολὴν
337 1118 479 1154 παλαιὰν,
502 1118 543 1152 ἣν
556 1117 724 1154 εἴχετεἾάεὶ·
741 1117 838 1154 ἀρχῆς
850 1129 857 1136 ·

97 1153 121 1189 ἡ
136 1153 247 1189 ἐντολῄ
258 1153 277 1187 ἡ
289 1153 402 1180 παλαιά
414 1153 501 1180 ἐστιν
510 1155 527 1181 ό
535 1153 638 1189 Mm,
659 1154 696 1182 ὃν
706 1155 860 1189 ἠκούσατε

98 1187 154 1214 ἀπ’
168 1187 276 1222 ἀρχῆς.

99 1243 266 1276 Κυρίλλου.
282 1243 350 1279 Περὶ
359 1243 470 1279 ἀγάπης
482 1244 547 1279 ὑμῖν
558 1244 751 1281 διαλεγόμενος
759 1253 767 1261 ·
779 1245 859 1273 τοῦτο

57 1287 121 1323 γάρ
134 1289 192 1315 ἐστι
202 1288 232 1315 τὸ
243 1297 252 1314 ι
265 1288 357 1321 καθὼς
367 1290 469 1321 ἐκεῖνος
485 1290 701 1326 περιεπάτησεν»
713 1292 742 1318 ὲν
751 1291 857 1328 ἀγάπῃ·

57 1333 102 1364 ὼς
126 1333 180 1370 γὰρ
203 1333 284 1366 αὐτὸς
304 1334 319 1361 ὁ
341 1334 443 1370 Κύριος
463 1334 539 1368 ἔλεγε
552 1343 559 1350 ·
586 1344 596 1360 ι
609 1335 728 1368 Μείζονα
749 1336 853 1371 ταύτης

59 1380 178 1415 ἀγάπην
197 1379 284 1411 οὐδεὶς
304 1379 361 1415 ἔχει
389 1379 573 1413 ἐνδείξασθαι.
595 1380 612 1416 ἢ
637 1381 681 1408 ἵνα
696 1390 738 1413 τις
756 1382 789 1418 θῇ
810 1382 859 1417 τὴν

59 1426 158 1462 ψυχὴν
179 1426 262 1453 αὐτοῦ
279 1426 351 1462 ὑπὲρ
365 1426 420 1454 τῶν
441 1427 525 1461 φίλων
537 1426 632 1454 αὐτοῦ.
649 1437 660 1453 ι
685 1428 793 1464 Ταύτην
811 1426 859 1456 οὖν

947 891 1053 926 Cyrilli.
1071 891 1117 919 Sic
1137 891 1177 919 ait
1193 891 1234 919 vel
1247 891 1311 927 quia
1327 891 1399 919 Deus
1417 891 1638 920 substantialiter
1655 891 1701 918 lux

911 941 963 970 est,
979 942 1117 972 quatenus
1133 938 1167 966 iis
1181 938 1340 965 hominibus
1358 938 1405 973 qui
1425 938 1452 965 in
1467 937 1528 972 ipso
1550 938 1701 965 virtutibus

911 985 969 1011 suis
986 984 1140 1017 ambulant,
1154 992 1218 1012 vere
1230 985 1277 1012 lux
1294 984 1420 1017 eilicitur.
1440 984 1482 1012 vel
1494 985 1621 1012 tenebras
1634 984 1702 1012 dicit

910 1029 1062 1064 nequitiam
1078 1034 1190 1064 propter
1199 1029 1320 1057 Judaeos.

909 1084 943 1118 ll,
959 1085 985 1112 7.
1007 1084 1177 1116 Cliurissimi,
1200 1093 1251 1112 non
1267 1084 1423 1112 mandatum
1442 1093 1536 1112 novum
1552 1083 1638 1111 scribo
1654 1091 1700 1110 vo-

946 1121 996 1152 bis,
1013 1120 1058 1147 sed
1083 1120 1240 1147 mandatum
1265 1125 1348 1150 vetus.
1363 1120 1432 1154 quod
1447 1120 1579 1146 habuistis
1598 1119 1631 1145 ab
1649 1120 1700 1154 ini-

946 1156 1002 1187 tio;
1015 1155 1173 1182 mandatum
1182 1159 1253 1182 vetus
1269 1160 1308 1183 est
1327 1152 1445 1189 acilium,
1456 1155 1525 1190 quod
1537 1153 1651 1182 audistis
1667 1152 1700 1181 ab

945 1197 1033 1218 ιηιιιο.

944 1245 1050 1281 Cyritli.
1071 1245 1110 1273 De
1132 1244 1267 1272 charitate
1281 1244 1405 1278 dissero;
1418 1245 1470 1272 hoc
1481 1245 1552 1272 enim
1564 1244 1700 1278 significat

909 1292 978 1320 illud
1003 1301 1013 1318 ‹
1033 1292 1107 1320 sicut
1133 1292 1192 1326 ipse
1207 1291 1360 1319 ambulavit
1379 1301 1388 1317 ι
1407 1291 1434 1318 in
1456 1291 1603 1319 cbaritate.
1630 1290 1699 1318 Nam

910 1339 982 1366 idem
1000 1338 1110 1366 dixerat
1126 1338 1186 1372 ipse
1201 1337 1334 1365 Dominus
1349 1345 1355 1362 :
1381 1347 1390 1363 ι
1417 1337 1547 1372 Majorem
1564 1337 1616 1364 hac
1631 1336 1700 1364 dile-

909 1385 1030 1413 ctionem
1047 1392 1128 1412 nemo
1144 1384 1236 1416 habet,
1260 1388 1291 1411 ut
1305 1383 1424 1411 animam
1438 1391 1515 1412 suam
1537 1388 1619 1418 ponat
1636 1383 1700 1418 quis

909 1439 960 1467 pro
987 1431 1084 1460 amicis
1114 1431 1174 1459 suis
1190 1430 1226 1458 ⁷⁵.
1251 1440 1261 1457 ι
1286 1429 1324 1458 De
1353 1430 1485 1458 charitate
1515 1429 1598 1465 igitur
1623 1437 1700 1457 inan-

59 1473 116 1509 τὴν
141 1473 204 1509 περὶ
223 1473 334 1508 ἀγάπης
358 1473 469 1509 ἐντολὴν
490 1473 520 1500 οὐ
539 1473 637 1509 καινὴν
657 1474 756 1509 γράφω
773 1475 855 1509 ὑμῖν·

941 1481 1004 1505 ιῑιιιιι
1018 1484 1073 1504 non
1090 1484 1191 1504 novum
1209 1476 1303 1505 scribo
1320 1485 1327 1503 :
1341 1476 1506 1511 jamdudum
1522 1477 1594 1504 enim
1608 1483 1623 1503 a
1636 1484 1700 1511 pro-

61 1522 150 1549 πάλαι
170 1522 224 1557 γὰρ
243 1521 329 1557 αὐτὴν
343 1520 387 1548 διὰ
408 1521 463 1548 τῶν
484 1520 633 1556 προφητῶν
653 1521 837 1557 ἐπηγγείλατο
849 1530 855 1537 ·

65 1577 75 1594 ι
90 1567 131 1595 Οὐ
147 1567 201 1604 γὰρ
213 1566 345 1603 πρέσεῢς,
358 1567 450 1602 φησὶν,
468 1566 518 1593 οὐκ
532 1566 658 1602 ἄγγελος,
676 1566 733 1593 ἀλλ’
746 1567 828 1599 αὐτὸς
843 1567 858 1594 ὁ

61 1614 169 1649 Κύριος
190 1612 292 1640 ἔσωσεν
308 1613 418 1646 αὐτοὺς,
442 1612 486 1639 διὰ
506 1612 536 1639 τὺ
556 1612 668 1648 ἀγαπᾷν
690 1612 789 1644 αὐτοὺς
811 1613 858 1640 καὶ

62 1659 198 1695 κήδεσθαι
211 1657 313 1685 αὐτῶν.
329 1667 339 1684 ι

63 1715 177 1751 Γράφω
191 1715 274 1749 ὑμῖν,
293 1715 418 1751 πατέρες
430 1723 437 1730 ·
457 1714 564 1751 γράφω
578 1715 664 1750 ὑμῖν,
681 1716 838 1745 νεανίσκοι
849 1725 856 1732 ·

296 1750 398 1786 ’πράφω
411 1750 492 1785 ὑμῖν,
512 1751 625 1778 παιδία.

102 1807 266 1841 Κυρίλλου.
293 1806 415 1839 Ἦλικίας
438 1807 555 1835 ἐνταῦθά
580 1817 626 1844 μοι.
647 1809 703 1836 νόει
725 1809 796 1837 κατὰ
811 1809 858 1837 τὸν

65 1853 124 1880 ἔσω
137 1853 281 1890 ἄνθρωπον
293 1861 300 1868 ·
325 1853 354 1880 οὐ
372 1853 425 1889 γὰρ
442 1855 456 1880 ὁ
471 1853 666 1891 εὖαγγελιστὴς
685 1856 754 1891 πρὸς
770 1855 857 1891 βρέφη

65 1899 182 1935 ἔγραφε.
207 1899 263 1926 Καὶ
277 1899 382 1926 νεανίαι
408 1899 468 1934 μὲν,
488 1901 512 1927 οἱ
537 1901 578 1933 εἰς
605 1901 716 1938 ἀνδρίαν
736 1902 858 1934 ἐλθόντες

66 1946 274 1982 πνευματικήν·
300 1945 451 1985 πρεσϐῦται
471 1946 510 1979 δὲ,
534 1947 559 1973 οε
582 1948 621 1979 εἰς
646 1949 776 1984 φρόνησιν
794 1948 857 1975 ἐλά-

67 2000 165 2024 σαντες
180 1999 186 2007 ·
216 1992 309 2027 νήπιοι
334 1991 382 2024 δὲ,
409 1992 434 2018 οἱ
459 1992 489 2018 ὲν
514 1993 626 2029 Χριστῷ
651 1994 714 2029 ἄρτι
745 1994 858 2021 πιστεύ-

68 2046 175 2069 σαντες.

67 2094 116 2128 Mi;
130 2094 263 2128 ἀγαπᾶτε
277 2094 472 2130 τύνᾲκόσμον,
493 2094 572 2128 μηδὲ
583 2094 619 2122 τὰ
632 2095 667 2121 ἑν
684 2095 726 2129 τῷ
742 2095 855 2130 κόσμῳ.

110 2129 233 2172 Ὲεὶνητις
242 2128 343 2172 etiam;
354 2128 416 2172 τὸτί
419 2129 545 2164 κόσμον,
561 2130 617 2157 οὐκ
627 2129 713 2157 ἔστιν
726 2131 744 2166 ὴ
756 2128 856 2165 ὰγάπη
873 2145 896 2172 D

103 2165 154 2192 τοῦ
168 2165 282 2199 Πατρός
292 2165 327 2190 ἐν
338 2165 427 2197 αὐτῷ.

104 2222 265 2255 Κυρίλλου.
286 2221 342 2248 Καὶ
356 2221 382 2247 τί
400 2221 434 2248 τὰ
444 2222 474 2248 ὲν
492 2220 531 2257 τῷ
548 2221 643 2256 κόσμῳ
659 2221 676 2256 ἢ
696 2221 854 2256 ματαιότης,

70 2269 102 2303 ἦν
119 2267 160 2294 ἐπ’
175 2267 264 2293 οὐδενὶ
282 2267 337 2294 τῶν
353 2267 496 2302 χρησίμων
516 2266 631 2304 τηροῦσί
645 2275 737 2299 τινες;
752 2267 855 2301 Ἥγουν

70 2312 194 2348 ἐμμόνως
203 2312 321 2348 ὁρῶνται
333 2312 498 2347 πράττοντες
509 2322 517 2328 ·
533 2314 547 2339 ὁ
558 2313 684 2348 περιττὸς
699 2313 746 2339 καὶ
760 2313 855 2348 ἀνόνη-

69 2367 114 2390 τος
127 2358 173 2384 τοῦ
190 2357 323 2393 παρόντος
342 2358 399 2393 βίου
415 2359 626 2394 περισπασμός·
650 2360 666 2395 ἡ
687 2359 741 2386 τῶν
759 2368 854 2395 κοσμι-

71 2403 123 2430 κῶν
141 2402 292 2437 ἐπιθυμιῶν
309 2403 463 2439 χυόαιότης.
493 2404 645 2439 Ἐξίστησιν
666 2405 738 2439 ἡμᾶς
755 2405 770 2431 ὸ
787 2405 854 2440 Χρι-

72 2448 132 2475 στοῦ
145 2448 268 2484 μαθητὴς
278 2448 349 2476 οὕτω
357 2449 443 2483 λέγων
456 2458 463 2464 ·
481 2450 540 2485 (Μὴ
551 2451 676 2484 ἀγαπᾶτε
686 2451 731 2478 τὸν
741 2451 854 2487 κόσμον,

73 2494 138 2530 μηδὲ
147 2495 180 2521 τὰ
191 2495 220 2521 ὲν
233 2494 272 2528 τῷ
287 2494 393 2530 κόσμῳ,
408 2504 417 2520 ι
442 2495 490 2522 καὶ
501 2495 536 2521 τὰ
551 2495 624 2531 ἑξῆς.

78 2550 226 2587 Ἀγαξῑηςοὶ
237 2571 245 2584 ,
266 2551 321 2577 ἐὰν
333 2552 351 2585 ἡ
366 2550 471 2587 καρδία
484 2551 569 2584 ἡμῶν
581 2551 624 2586 μὴ
646 2551 853 2587 καταγινώσκῃ

130 2585 223 2620 ἡμῶν,
242 2586 413 2620 παρῤησίαν
428 2586 537 2620 ἔχομεν
552 2585 627 2620 πρὸς
639 2588 691 2614 τὸν
709 2588 792 2614 Θεόν.

106 2632 266 2666 Κυρίνίλου.
281 2632 354 2664 Ἕως
367 2629 393 2659 εἴ
408 2632 476 2659 κατὰ
489 2633 534 2659 τὸν
545 2633 602 2668 βίον
615 2633 718 2665 τοῦτῡν,
730 2633 788 2664 ὁδὸς
799 2633 852 2668 γὰρ

108 2711 130 2727 "
143 2710 222 2739 Joan.
242 2719 291 2743 xv,
307 2711 352 2738 15.
389 2711 413 2726 ⁷⁸
428 2711 480 2738 lsa.
502 2718 566 2738 um
580 2731 587 2743 ,
603 2710 629 2738 9.

108 2778 143 2813 (l)
161 2778 198 2806 De
211 2779 266 2806 hoc
283 2782 310 2805 et
325 2786 388 2806 mox
403 2778 529 2813 sequenti
544 2778 587 2812 (ad
604 2786 675 2806 vers.
695 2779 728 2806 15
741 2787 801 2813 rap.
818 2779 849 2813 ιι)

77 2812 232 2848 fragmento,
255 2813 317 2841 vide
339 2813 416 2840 card.
443 2812 514 2848 Ᾱιιις.
540 2813 590 2841 Mai
615 2812 806 2842 Praefationem
824 2814 850 2840 in

78 2851 137 2876 10m.
160 2848 192 2876 lll
216 2848 340 2877 Biblioth.
364 2857 435 2876 nam
452 2848 574 2879 Patrum.
598 2857 657 2886 qua:
678 2853 766 2878 exstat
782 2850 852 2878 inter

909 1523 990 1559 pheta
1007 1523 1144 1559 prolatum
1162 1526 1204 1550 est
1220 1522 1329 1550 dicente
1344 1530 1351 1548 :
1368 1531 1377 1548 ι
1391 1521 1452 1549 Νοιι
1476 1522 1592 1558 legatus,
1610 1530 1700 1558 neque

909 1570 1035 1605 angelus,
1047 1569 1094 1597 sed
1111 1569 1173 1604 ipse
1189 1568 1324 1596 Dominus
1336 1568 1459 1596 servavit
1473 1576 1531 1601 eos,
1546 1568 1619 1604 quod
1635 1569 1700 1596 dili-

908 1619 984 1652 geret
999 1623 1047 1643 eos
1061 1618 1088 1643 et
1102 1614 1260 1643 consuleret
1272 1614 1312 1643 eis
1322 1614 1356 1642 ".
1372 1623 1382 1641 ι

908 1715 942 1748 ll,
958 1715 1001 1742 i3.
1020 1715 1115 1743 Scriba
1132 1714 1216 1746 vobis,
1228 1719 1333 1749 patres;
1346 1713 1433 1741 scriba
1449 1713 1532 1746 vobis,
1545 1712 1699 1740 adolescen-

1109 1754 1162 1782 tes;
1181 1749 1268 1777 scribo
1279 1750 1362 1781 vobis,
1378 1749 1504 1784 infantes.

945 1807 1050 1844 Cyrilli.
1065 1806 1171 1835 Etates
1187 1807 1239 1834 hoc
1253 1806 1314 1834 loco
1330 1813 1436 1834 mecum
1456 1805 1578 1841 intellige
1600 1813 1699 1833 secun-

909 1853 972 1881 dmn
992 1853 1150 1881 interiorem
1162 1853 1301 1880 hominem
1317 1862 1324 1886 ;
1342 1861 1430 1888 neque
1445 1853 1517 1880 enim
1532 1852 1698 1887 evangelista

910 1899 942 1926 ad
955 1898 1072 1926 infantes
1089 1899 1234 1927 scriberet.
1251 1898 1284 1925 Et
1301 1898 1492 1926 adolescentes
1509 1897 1618 1932 quidem
1634 1900 1698 1924 sunt

909 1944 955 1979 qui
981 1944 1015 1970 ad
1036 1944 1186 1978 spiritalem
1204 1943 1358 1970 ﬁrmitatem
1380 1947 1581 1978 pervenerant;
1606 1951 1697 1976 senes,

909 1990 955 2025 qui
984 1989 1157 2025 prudentiam
1185 1988 1329 2017 assecuti:
1357 1988 1478 2016 infantes
1495 1989 1623 2024 denique,
1649 1988 1696 2025 qui

908 2044 997 2072 nuper
1011 2036 1195 2063 crediderant.

909 2094 941 2127 ll,
957 2094 1001 2121 15.
1022 2093 1112 2120 Nolite
1136 2093 1245 2128 diligere
1274 2092 1412 2124 mundum,
1434 2101 1514 2127 neque
1540 2102 1570 2120 ea
1587 2101 1645 2127 qum
1669 2093 1696 2120 in

946 2130 1044 2156 mundo
1061 2133 1133 2156 sunt.
1151 2128 1179 2155 Si
1193 2129 1252 2164 quis
1267 2128 1356 2163 diligit
1370 2128 1507 2160 mundum,
1521 2137 1573 2156 non
1587 2133 1624 2156 est
1638 2129 1706 2156 elia-

945 2166 1011 2191 n'tas
1023 2164 1114 2190 Patris
1129 2164 1155 2190 in
1167 2172 1206 2190 eo.

945 2218 1051 2254 Cyrilli.
1068 2217 1138 2250 Quid
1151 2225 1183 2245 ea
1197 2226 1257 2253 qua:
1270 2218 1295 2245 in
1311 2218 1412 2246 mundo
1424 2223 1524 2254 praeter
1534 2219 1694 2252 vanitatem,

908 2265 954 2293 cui
971 2265 1063 2300 plures
1089 2264 1193 2300 absque
1216 2265 1335 2292 utilitate
1354 2265 1516 2300 indulgent?
1529 2265 1694 2294 Constanter

907 2311 1033 2339 videlicet
1049 2310 1175 2337 laborare
1192 2310 1328 2343 videntur,
1351 2311 1399 2338 sed
1416 2311 1554 2346 superﬂuo
1570 2315 1597 2338 et
1620 2312 1694 2339 inani

907 2357 1001 2385 labore
1012 2357 1096 2384 vitam
1114 2356 1273 2383 distrahunt
1290 2364 1378 2389 suam,
1395 2361 1422 2384 et
1441 2357 1543 2384 vilibus
1557 2357 1694 2392 cupidita—

904 2403 982 2431 tibus
1000 2402 1162 2429 inserviunt.
1185 2402 1243 2430 Non
1272 2402 1408 2430 immerito
1433 2402 1518 2438 igitur
1534 2410 1584 2430 nos
1607 2403 1641 2430 ab
1655 2403 1694 2431 eis

907 2450 1027 2477 deterret
1041 2448 1143 2475 Christi
1159 2448 1312 2483 discipulus
1325 2448 1431 2476 dicens:
1448 2458 1457 2474 ι
1474 2449 1565 2477 Nolite
1581 2450 1694 2486 diligere

909 2496 1054 2528 mundum,
1070 2502 1159 2530 neque
1173 2502 1203 2522 ea
1221 2502 1282 2529 quae
1297 2495 1323 2521 iu
1341 2495 1442 2522 mundo
1456 2499 1531 2528 sunt,
1549 2506 1558 2522 ι
1569 2500 1622 2523 etc.

908 2551 956 2584 ΙΙΙ,
971 2551 1016 2578 21.
1032 2550 1240 2587 βίιανίςδξηιίηιὶ
1261 2556 1440 2587 ερννιιοεινιιηι
1456 2560 1507 2578 non
1526 2552 1697 2587 vepre/tende-

1013 2586 1047 2612 rit
1063 2594 1121 2617 nos,
1136 2586 1261 2620 fiduciam
1275 2586 1400 2613 [tabamus
1411 2587 1481 2621 apud
1493 2587 1586 2615 Deum.

943 2631 1050 2667 Cyrilli.
1063 2631 1189 2664 Quandiu
1202 2631 1253 2658 hac
1269 2631 1296 2658 in
1313 2632 1367 2659 vita
1379 2631 1464 2661 fueris
1480 2634 1554 2667 (nam
1568 2634 1622 2661 vita
1637 2641 1690 2661 non

905 2777 1100 2812 Prolegomena
1115 2777 1147 2804 ad
1164 2778 1267 2804 hancce
1289 2784 1387 2804 novam
1411 2777 1561 2805 editionem
1582 2763 1701 2811 (Iyrilli,T

905 2814 959 2841 col.
979 2813 1040 2841 105.
1056 2827 1089 2832 -
1106 2813 1218 2847 Reliqua
1233 2812 1388 2847 suppeditat
1404 2816 1499 2840 catena
1513 2812 1686 2840 Cramcriana

907 2849 1002 2878 Uxonii
1017 2849 1090 2876 edita
1105 2856 1176 2876 anno
1191 2847 1269 2876 1830.
1291 2848 1370 2875 Eon.
