4122 6188
404 233 461 284 11
1577 235 1671 287 DE
1716 237 1907 287 ViTlS
1949 235 2241 289 PATRUM
2281 236 2493 288 LlBER
2532 235 2629 288 1X.
3750 238 3811 290 l3

387 356 562 409 nirct.
590 353 873 417 Quoniam
902 360 1095 409 autem
1123 356 1467 425 corporibus
1490 356 1723 426 quidem
1750 362 1980 427 tempus
2004 358 2170 411 affert
2194 356 2517 426 interitum,
2540 356 2829 412 inducens
2847 360 3207 412 senectutem
3237 360 3293 411 et
3319 360 3598 425 mortem;
3630 360 3808 415 rebus

388 450 590 498 autem
614 449 767 499 recte
799 448 854 498 et
902 461 970 499 ex
1017 443 1229 499 virtute
1266 445 1448 516 gestis
1479 446 1853 513 oblivionem,
1880 446 2108 502 utmibi
2130 448 2368 517 quidem
2393 446 2642 514 videtur,
2676 446 2956 514 inferens,
2990 452 3048 503 et
3079 447 3403 502 obscurans
3436 448 3807 515 memoriam,

393 549 564 587 nemo
594 549 699 587 nos
717 534 853 602 jure
870 532 1483 603 reprehenderit,qu0d
1511 535 1739 609 piorum
1759 535 2270 607 virorum,Deique
2294 536 2619 602 amantium
2638 536 2768 590 vitm
2794 536 3066 601 instituta
3089 536 3505 609 aggrediamur
3526 537 3803 593 scribere.

392 622 895 684 Quemadmodum
920 622 1073 683 enim
1096 622 1135 675 ii
1159 638 1411 693 quorum
1436 623 1567 683 fidei
1591 629 1679 679 est
1700 624 1921 681 credita
1954 640 2263 697 corporum
2294 626 2539 698 curatio,
2573 626 3001 691 medicamenta
3031 628 3395 696 comparant,
3431 641 3563 680 cum
3600 628 3799 681 morbo

390 710 609 765 bellum
633 715 898 781 gerentes
922 714 977 765 et
1000 710 1071 765 iis
1094 714 1191 780 qui
1210 712 1475 767 laborant
1498 713 1748 769 ferentes
1771 713 2167 781 auxilium;ita
2186 731 2308 785 quas
2326 714 2384 769 in
2405 714 2495 769 his
2518 714 2953 769 Conscribendis
2977 713 3803 785 poniturindustria,efficitur

390 800 571 853 veluti
596 799 893 869 quoddam
916 798 1174 854 salutare
1208 801 1725 869 medicamentum,
1761 803 1917 873 quod
1950 802 2225 858 oblivioni
2256 803 2493 874 quidem
2540 802 2873 870 insidiatur,
2903 819 3073 875 Opem
3109 807 3306 858 autem
3341 803 3451 857 fert
3478 805 3796 860 memoriis.

388 890 686 952 Quomodo
700 889 855 941 enim
883 906 996 943 non
1019 898 1099 943 est
1127 890 1449 945 absurdum
1477 896 1539 945 ut
1560 899 1738 963 poeta:
1764 892 1996 963 quidem
2020 900 2072 946 et
2098 893 2411 963 scriptores
2429 909 2496 947 ea
2519 892 2893 947 conscribant
2918 909 3043 963 quae
3066 892 3124 946 in
3153 890 3304 946 bello
3326 891 3553 947 fortiter
3577 899 3632 948 et
3660 910 3805 964 pra)-

384 978 537 1032 clare
559 981 718 1048 gesta
748 982 916 1045 sunt;
947 977 1175 1049 Tragici
1199 983 1392 1043 autem
1418 996 1516 1035 eas
1536 997 1659 1055 quas
1684 984 1835 1035 recte
1858 981 2201 1043 celabantur
2222 980 2606 1046 calamitates,
2631 980 2933 1052 tragmdiis
2973 980 3032 1035 in
3076 980 3379 1053 publicum
3404 980 3719 1053 proferant,
3749 988 3806 1037 et

381 1084 583 1122 earum
607 1066 838 1136 scriptis
861 1067 1200 1121 mandatam
1221 1068 1553 1139 relinquant
1572 1068 1938 1139 memoriam;
1956 1070 2137 1140 aliqui
2160 1074 2355 1124 autem
2380 1069 2477 1124 alii
2498 1070 2557 1125 in
2576 1070 2880 1125 comoediis
2902 1074 2957 1125 et
2977 1070 3153 1125 rebus
3172 1069 3437 1125 ridiculis
3455 1077 3809 1126 consumant

391 1160 708 1227 orationes;
736 1175 844 1212 nos
867 1162 1061 1212 autem
1088 1159 1356 1214 sinamus
1379 1177 1478 1215 eos
1499 1161 1654 1215 viros
1677 1162 1829 1215 tradi
1856 1160 2129 1223 oblivioni
2168 1161 2267 1232 qui
2290 1160 2349 1215 in
2372 1177 2611 1231 corpore
2632 1161 2862 1215 mortali
2885 1166 2941 1215 et
2964 1160 3190 1232 patibiii
3215 1162 3597 1216 ostenderunt
3620 1162 3805 1233 impa-

376 1246 800 1316 tibilitatem,et
824 1246 1218 1317 incorpoream
1236 1247 1489 1301 aemulati
1511 1254 1648 1302 sunt
1670 1249 1975 1303 naturam?
2000 1248 2295 1311 Quasnam
2322 1255 2514 1304 autem
2535 1267 2736 1321 pcenas
2761 1267 2875 1304 non
2904 1249 3111 1304 merito
3134 1250 3493 1317 dederimus,
3511 1252 3557 1305 si
3580 1251 3788 1306 horum

379 1352 505 1406 qua:
527 1334 913 1389 admiratione
932 1335 1109 1404 digna
1132 1340 1270 1390 sunt
1293 1337 1679 1392 certaminum
1724 1336 1891 1392 nihili
1926 1338 2207 1393 faciamus
2253 1338 2469 1410 negligi
2494 1328 2958 1393 memoriam?8i
2991 1338 3146 1394 enim
3178 1337 3508 1409 ipsieorum
3530 1340 3629 1409 qui
3654 1340 3789 1395 olim

378 1425 537 1478 fuere
557 1428 895 1479 sanctorum
927 1424 1071 1479 795
1100 1442 1396 1479 summam
1421 1426 1679 1482 zemuiati
1706 1428 2161 1499 philosophiam,
2186 1445 2298 1482 non
2325 1445 2433 1482 tere
2466 1433 2522 1483 et
2545 1428 2753 1485 litteris
2776 1427 3016 1482 illorum
3044 1428 3410 1498 insculpsere
3435 1427 3799 1494 memoriam,

379 1515 477 1567 sed
506 1530 717 1568 omnen
750 1530 951 1568 eorum
996 1514 1273 1569 virtutem
1296 1516 1709 1585 exprimentes,
1733 1518 2018 1586 quasdam
2043 1532 2247 1572 eorum
2287 1518 2579 1573 animatas
2612 1518 2901 1588 imagines
2925 1522 2980 1571 et
3002 1521 3226 1571 statuas
3259 1516 3486 1588 seipsos
3520 1517 3800 1584 effecere;

378 1620 643 1675 quasnam
672 1603 840 1657 nobis
866 1603 1069 1657 merito
1098 1605 1334 1658 daretur
1356 1604 1545 1679 venia,
1579 1605 1625 1659 si
1648 1622 1751 1660 nec
1776 1605 1983 1661 litteris
1998 1606 2235 1677 quidem
2261 1607 2774 1676 eoruminsignem
2793 1607 2973 1661 vitam
2998 1606 3641 1677 honoraremus?idque
3663 1621 3795 1660 cum
3832 1592 3843 1651 θ

377 1693 609 1749 athleta:
632 1698 687 1747 et
710 1692 1117 1763 pancratiastae
1146 1693 1245 1764 qui
1270 1694 1570 1757 decertant
1594 1695 1648 1765 in
1671 1694 2011 1767 Olympicis,
2047 1696 2410 1757 honorantur
2430 1696 2665 1766 statuis,
2684 1702 2863 1767 atque
2885 1696 3141 1752 etiamin
3169 1711 3455 1766 equorum
3485 1695 3797 1751 curriculis

376 1784 475 1854 qui
496 1784 739 1836 victores
768 1798 897 1836 esse
928 1782 1200 1837 videntur
1224 1783 1443 1854 aurigas
1473 1784 1627 1849 idem
1652 1784 1959 1853 praemium
1992 1785 2301 1855 accipiant,
2327 1785 2441 1840 Nec
2473 1784 2580 1841 hoc
2612 1784 2843 1852 solum,
2885 1784 2985 1843 sed
3019 1784 3192 1839 etiam
3228 1783 3545 1839 muliebres
3561 1783 3715 1839 viros
3736 1789 3795 1838 et

373 1872 764 1936 effeminatos,
789 1876 849 1924 et
868 1872 936 1926 de
957 1871 1169 1941 quibus
1194 1872 1429 1925 dubites
1454 1873 1651 1926 sintne
1674 1872 1781 1926 viri
1807 1890 1878 1927 an
1907 1872 2205 1941 mulieres,
2230 1874 2265 1927 ii
2292 1874 2390 1944 qui
2420 1873 2628 1927 horum
2668 1874 3034 1929 delectantur
3073 1872 3425 1944 spectaculis
3460 1872 3794 1927 inscribunt

368 1961 818 2029 tabulis,eorum
841 1959 1182 2014 memoriam
1208 1960 1553 2031 longissimo
1574 1966 1831 2031 tempore
1853 1977 2196 2027 conservare
2221 1963 2662 2032 contendentes;
2687 1962 2818 2017 licet
2841 1962 3122 2017 memoria
3143 1962 3358 2017 animis
3380 1962 3795 2016 detrimentum

374 2051 599 2115 afferat,
636 2067 751 2103 non
778 2048 1290 2103 commodum.Sed
1320 2053 1513 2102 tamen
1540 2048 1596 2101 hi
1617 2049 1853 2119 quidem
1875 2050 1983 2103 hoc
2008 2054 2275 2105 amantes
2300 2051 2391 2104 his
2414 2050 2497 2103 illi
2520 2068 2651 2105 vero
2676 2051 2807 2105 illos
2827 2051 2963 2118 illis,
2983 2049 3158 2121 idque
3183 2067 3316 2104 cum
3341 2051 3625 2105 damnum
3649 2049 3792 2104 affe-

368 2144 523 2205 rant,
558 2138 801 2209 picturis
834 2139 1143 2201 honorant.
1170 2141 1236 2190 Et
1258 2137 1539 2214 quoniam
1568 2139 1869 2195 mortalem
1896 2144 2167 2201 naturam
2189 2156 2343 2195 mors
2364 2140 2754 2213 depraadatur,
2782 2139 3005 2201 colores
3032 2144 3447 2212 temperantes,
3474 2144 3531 2194 et
3554 2138 3789 2193 illorum

370 2228 593 2297 efﬁgies
629 2227 847 2281 tabulis
880 2227 1269 2296 imponentes,
1303 2228 1634 2297 excogitant
1664 2228 1947 2282 rationem
1985 2246 2100 2299 qua
2130 2246 2330 2284 eorum
2365 2229 2647 2284 memoria
2681 2230 2758 2285 sit
2787 2230 2906 2284 vita
2949 2229 3119 2298 longe
3150 2228 3500 2284 diuturnior.

443 2335 560 2389 Nos
577 2340 767 2389 autem
785 2333 1103 2388 scribimus
1120 2332 1357 2404 quidem
1381 2333 1559 2390 vitam
1581 2333 1965 2406 philosophia)
1988 2336 2566 2407 magistram,etqua:
2586 2336 2817 2394 imitata
2831 2342 2919 2393 est
2943 2336 3516 2393 vitminstitutionem
3535 2335 3793 2406 quzeagi-

372 2430 469 2479 tur
500 2426 558 2478 in
579 2424 757 2479 cmiis.
784 2422 1178 2477 Describimus
1203 2428 1398 2477 autem
1424 2440 1536 2479 non
1571 2424 1791 2496 figuras
1823 2424 2257 2481 characteresve
2310 2443 2642 2498 corporum,
2668 2443 2855 2501 neque
2877 2443 2944 2481 ea
2965 2443 3239 2497 expressa
3269 2426 3342 2481 iis
3375 2426 3475 2497 qui
3512 2425 3778 2480 nesciunt

374 2514 768 2579 ostendimus,
792 2513 892 2568 sed
919 2513 1135 2567 formas
1152 2512 1640 2583 animarum,qua3
1664 2514 1774 2568 sub
1799 2518 2098 2584 aspectum
2126 2531 2240 2569 non
2265 2514 3314 2585 caduntadumbramus,etbellaquaa
3338 2513 3498 2569 cerni
3528 2530 3639 2568 non
3661 2530 3787 2583 pos-

368 2603 961 2673 sunt,contlictusque
980 2600 1079 2672 qui
1104 2617 1215 2655 non
1238 2605 1524 2673 apparent
1546 2602 1933 2657 ostendimus.
1960 2603 2084 2657 Tali
2110 2603 2265 2658 enim
2293 2608 2591 2658 armatura
2614 2620 2817 2659 eorum
2840 2603 3151 2675 phalangis
3176 2606 3496 2675 imperator
3515 2609 3572 2657 et
3598 2604 3653 2656 in
3676 2619 3782 2673 pu-

370 2713 483 2765 gna
508 2695 779 2767 princeps
801 2709 899 2747 eos
919 2691 1135 2746 Paulus
1156 2691 1347 2746 induit
1373 2708 1385 2744 :
1412 2692 1670 2764 Accipite
1689 2692 1875 2762 enim,
1914 2693 2130 2771 inquit,
2155 2698 2516 2755 armaturam
2543 2694 2668 2767 Dei,
2690 2699 2755 2749 ut
2776 2694 3014 2765 possitis
3038 2693 3310 2749 resistere
3330 2694 3386 2747 in
3408 2694 3499 2748 die
3524 2692 3698 2759 malo,
3731 2695 3789 2746 et

369 2783 643 2837 omnibus
666 2781 944 2837 confectis
966 2785 1123 2835 stare
1161 2779 1375 2850 (Ephes.
1411 2782 1507 2850 vr).
1544 2779 1608 2835 Et
1632 2796 1875 2836 rursus:
1910 2785 2057 2837 state
2091 2797 2227 2852 ergo
2258 2783 2541 2838 succincti
2568 2782 2802 2837 lumbos
2837 2787 3060 2837 vestros
3118 2783 3177 2837 in
3211 2783 3472 2849 veritate,
3499 2786 3554 2836 et
3585 2780 3778 2835 induti

366 2873 608 2927 loricam
629 2870 897 2942 justitiaa,
919 2873 975 2923 et
996 2869 1231 2924 calceati
1257 2870 1432 2940 pedes
1456 2870 1514 2923 in
1539 2870 1959 2941 przeparatione
1980 2871 2273 2942 Evangelii
2306 2873 2489 2943 pacis,
2516 2872 2575 2926 in
2608 2872 2885 2927 omnibus
2917 2875 3288 2927 assumentes
3312 2870 3583 2942 clypeum
3621 2870 3783 2937 fidei,

370 2963 428 3016 in
461 2978 575 3032 quo
606 2959 826 3031 poteris
858 2957 1055 3013 omnia
1086 2957 1198 3012 tela
1229 2957 1472 3029 maligni
1517 2958 1704 3029 ignita
1725 2960 2115 3030 exstinguere.
2141 2960 2210 3014 Et
2232 2959 2458 3031 galeam
2492 2960 2769 3015 salutaris
2800 2961 3063 3031 accipite,
3097 2964 3153 3014 et
3182 2958 3444 3029 gladium
3497 2957 3779 3029 Spiritus,

367 3051 521 3122 quod
543 3054 631 3104 est
645 3048 887 3103 verbum
912 3047 1011 3102 Dei
1032 3046 1367 3118 (lbid.).llac
1396 3063 1529 3102 cum
1554 3047 1661 3103 hos
1684 3047 1976 3104 induisset
1994 3049 2599 3121 armatura.produxit
2619 3050 2689 3105 ad
2709 3048 3209 3104 certamina.Talis
3228 3048 3385 3103 enim
3409 3052 3499 3102 est
3520 3047 3782 3102 hostium

372 3156 607 3210 quoque
640 3142 871 3205 natura,
895 3136 1259 3208 incorporea,
1306 3136 1547 3192 minime
1569 3137 1969 3209 aspectabilis,
2002 3138 2252 3195 obscure
2284 3138 2588 3207 invadens,
2622 3137 2954 3194 clanculum
2996 3137 3308 3211 insidians,
3340 3141 3695 3208 repenteque
3727 3142 3783 3192 et

372 3232 580 3300 praeter
610 3227 1100 3297 exspectationem
1132 3225 1384 3281 irruens.
1413 3225 1530 3281 Hoc
1562 3226 1753 3298 ipsum
1788 3227 1942 3282 idem
1974 3244 2206 3299 quoque
2236 3228 2453 3283 docens
2484 3228 2825 3299 imperator,
2857 3228 3087 3281 dicebat
3120 3243 3132 3279 :
3164 3226 3287 3281 Non
3317 3230 3407 3280 est
3458 3224 3623 3279 nobis
3654 3225 3778 3279 col-

374 3316 616 3374 luctatio
650 3317 929 3371 adversus
950 3330 1183 3371 carnem
1217 3321 1274 3371 et
1304 3316 1677 3385 sanguinem,
1710 3318 1810 3373 sed
1844 3318 2122 3373 adversus
2146 3318 2438 3390 principes
2470 3323 2529 3373 et
2558 3323 2897 3390 potestates,
2932 3317 3215 3372 adversus
3260 3314 3465 3371 mundi
3502 3326 3775 3384 rectores,

374 3408 749 3464 tenebrarum
783 3405 963 3477 hujus
990 3404 1205 3471 saeculi,
1241 3405 1524 3459 adversus
1555 3406 1846 3476 spiritalia
1869 3407 2142 3478 nequitiae
2165 3408 2225 3462 in
2256 3406 2593 3463 cmlestibus
2615 3407 2822 3477 (lbid.).
2853 3406 2963 3461 Sed
2997 3410 3190 3460 tamen
3223 3420 3358 3459 cum
3392 3403 3538 3458 tales
3584 3403 3781 3459 hostes

378 3500 617 3553 haberet
647 3495 857 3551 horum
892 3498 1226 3550 sanctorum
1268 3493 1500 3563 classis,
1530 3494 1644 3549 imo
1676 3511 1807 3551 vero
1839 3496 2249 3571 unusquisque
2280 3513 2483 3552 eorum
2516 3514 2548 3551 a
2600 3500 2684 3551 tot
2734 3501 2791 3552 et
2828 3495 3009 3551 tantis
3041 3494 3557 3549 circumsideretur
3586 3492 3779 3549 hosti-

366 3588 480 3642 bus
510 3588 722 3658 (neque
754 3584 912 3643 enim
944 3600 1149 3641 omnes
1199 3582 1377 3638 simul
1428 3582 1793 3652 invaserunt,
1828 3585 1928 3639 sed
1964 3586 2136 3645 modo
2168 3586 2405 3657 quidem
2438 3586 2567 3656 hos,
2604 3586 2776 3640 modo
2808 3602 2940 3640 vero
2982 3584 3113 3641 illos
3146 3582 3605 3654 adoriebantur),
3660 3586 3776 3639 tam

362 3676 700 3748 praeclaram
724 3674 971 3731 retulere
1000 3672 1322 3740 victoriam,
1349 3677 1413 3731 ut
1444 3672 1698 3744 fugerint
1727 3672 1967 3743 quidem
2012 3673 2355 3741 adversarii,
2401 3674 2459 3728 hi
2487 3689 2619 3729 vero
2639 3672 2711 3731 iis
2745 3673 2963 3743 fugatis
2994 3686 3061 3733 ac
3092 3670 3422 3742 profligatis
3451 3669 3775 3741 tropbmum

360 3766 669 3833 erexerint,
703 3780 836 3820 cum
871 3762 1016 3818 nihil
1051 3762 1135 3818 eis
1167 3762 1398 3817 afferret
1426 3761 1938 3833 impedimentum.

432 3876 525 3930 Eis
548 3878 741 3929 autem
765 3870 1012 3943 prazbuit
1032 3869 1335 3933 victoriam
1360 3886 1472 3929 non
1496 3874 1799 3936 natura,ea
1813 3871 1967 3927 enim
1992 3875 2081 3927 est
2103 3869 2452 3940 mortalis,et
2473 3867 3007 3929 innumerabilibus
3030 3867 3203 3940 plena
3220 3867 3650 3939 aﬂ‘ectionibus;
3674 3868 3775 3927 sed

360 3982 527 4020 mens
552 3980 680 4035 qua:
713 3961 971 4018 divinam
1005 3960 1336 4021 attrahebat
1362 3959 1634 4030 gratiam.
1659 3960 1803 4019 Nam
1826 3975 1961 4017 cum
1996 3959 2203 4014 divinae
2231 3956 2691 4031 pulchritudinis
2720 3961 2918 4019 essent
2946 3957 3225 4021 ardentes
3250 3961 3564 4027 amatores,
3591 3961 3648 4012 et
3669 3973 3773 4029 pro

358 4070 423 4108 ea
457 4070 635 4123 quam
667 4050 945 4105 amabant
974 4048 1173 4103 omnia
1202 4048 1473 4103 lubenter
1499 4054 1554 4103 et
1579 4064 1750 4119 agere
1780 4054 1835 4103 et
1867 4049 1984 4119 pati
2019 4048 2390 4117 statuissent,
2436 4046 2567 4103 forti
2601 4046 2841 4117 quidem
2868 4052 2925 4101 et
2950 4061 3232 4117 generoso
3282 4045 3478 4101 animo
3509 4045 3778 4100 tulerunt

358 4141 732 4196 aliectionum
769 4137 1393 4210 perturbationumque
1425 4137 1709 4208 impetus;
1746 4137 1961 4193 diaboli
1994 4141 2189 4192 autem
2224 4139 2339 4193 telo
2372 4135 2657 4208 procellas
2707 4140 2944 4191 strenue
2993 4134 3365 4206 repulerunt;
3398 4139 3455 4189 et
3486 4138 3549 4189 ut
3579 4134 3770 4189 dicam

356 4229 669 4302 apostoliee
702 4230 742 4297 (Ι
776 4227 900 4282 Cor.
938 4226 1034 4297 ιχ),
1068 4242 1199 4281 cum
1230 4243 1441 4298 corpus
1473 4226 1860 4299 castigassent
1892 4230 1946 4281 et
1975 4226 2035 4281 in
2071 4226 2411 4282 servitutem
2446 4225 2831 4297 redegissent,
2854 4224 2949 4281 ira:
2971 4224 3206 4295 quidem
3238 4224 3507 4281 ardorem
3540 4223 3777 4278 sedave-

357 4323 513 4386 runt,
549 4318 943 4388 cupiditatum
977 4320 1172 4371 autem
1204 4315 1423 4371 rabiem
1451 4316 1753 4387 quiescere
1785 4320 2101 4387 coegerunt
2135 4315 2501 4385 :jejunando
2533 4320 2729 4371 autem
2762 4319 2819 4369 et
2848 4314 3003 4369 domi
3031 4313 3299 4371 cubando
3342 4312 3554 4384 sopitis
3587 4311 3770 4375 animi

355 4408 632 4473 motibus,
669 4406 1072 4479 repressisque
1103 4422 1305 4462 eorum
1338 4405 1850 4472 exsultationibus,
1902 4410 2215 4476 coegerunt
2247 4422 2459 4476 corpus
2494 4405 2681 4459 fcedus
2715 4404 2863 4459 inire
2896 4420 3028 4457 cum
3080 4403 3299 4469 anima,
3359 4410 3412 4457 et
3472 4401 3772 4457 solverunt

350 4496 568 4551 bellum
604 4496 755 4565 quod
788 4500 875 4549 est
906 4496 987 4549 eis
1018 4512 1050 4548 a
1081 4499 1293 4549 natura
1324 4494 1590 4549 insitum.
1626 4498 1773 4550 Pace
1801 4499 1998 4549 autem
2033 4495 2118 4549 sic
2172 4494 2324 4549 inter
2382 4510 2448 4548 ea
2500 4492 2669 4561 inita,
2724 4509 2959 4547 omnem
3014 4491 3419 4547 adversarium
3471 4495 3765 4545 catervam

349 4586 643 4659 expulere.
678 4585 821 4639 Nam
855 4600 988 4638 cum
1021 4584 1106 4639 eis
1134 4585 1405 4640 deessent
1436 4584 1820 4656 cogitationes
1852 4601 1977 4656 quae
2009 4585 2241 4639 interna
2269 4584 2600 4655 proderent,
2632 4588 2687 4639 et
2721 4582 3121 4638 membrorum
3173 4580 3567 4636 humanorum
3601 4578 3772 4633 auxi-

349 4675 425 4730 lio
459 4674 667 4745 privati
700 4677 899 4729 essent
928 4672 1145 4728 bellare
1204 4690 1319 4729 non
1368 4678 1656 4743 poterant.
1719 4673 1872 4728 Telis
1917 4673 2074 4728 enim
2106 4674 2165 4728 in
2200 4690 2308 4728 nos
2356 4671 2624 4727 diabolus
2674 4672 2894 4727 nostris
2942 4669 3223 4725 membris
3274 4669 3462 4725 utitur
3497 4687 3509 4724 :
3544 4684 3679 4723 nam
3714 4669 3769 4721 si

348 4780 534 4835 neque
557 4761 1094 4829 inescanturt‘culi,
1132 4779 1318 4833 neque
1348 4778 1517 4817 aures
1547 4760 1975 4828 demulcentur,
2009 4778 2201 4834 neque
2257 4765 2449 4817 tactus
2504 4761 2670 4815 suavi
2722 4761 2977 4831 quodam
3010 4774 3188 4814 sensu
3237 4756 3539 4824 titillatur,
3572 4771 3765 4827 neque

352 4854 501 4909 796
535 4868 702 4907 mens
735 4852 1003 4922 improba
1035 4852 1291 4906 admittit
1320 4850 1588 4920 consilia,
1622 4852 1841 4906 frustra
1871 4851 2142 4907 laborant
2172 4851 2272 4922 qui
2307 4854 2515 4921 parant
2562 4849 2833 4905 insidias.
2881 4848 3183 4911 Quomodo
3232 4846 3391 4901 enim
3444 4847 3652 4901 urbem
3704 4845 3765 4899 in

350 4944 466 5000 alto
500 4942 869 5008 aedificatam,
903 4946 959 4996 et
989 4940 1198 4995 validis
1225 4940 1684 5013 propugnaculis
1743 4940 2061 5006 munitam,
2093 4946 2150 4997 et
2182 4939 2492 5012 profundis
2543 4939 2806 5009 undique
2849 4937 3295 5000 circumdatam,
3346 4934 3531 4990 nullis
3580 4934 3770 4991 hostis

345 5032 597 5104 cmperit,
658 5030 705 5085 si
767 5046 835 5085 ex
893 5028 967 5084 iis
1016 5028 1116 5099 qui
1168 5032 1309 5084 sunt
1359 5030 1520 5084 intus
1561 5045 1733 5084 nemo
1782 5030 1991 5100 prodat
2039 5034 2098 5084 et
2148 5033 2349 5100 portas
2395 5027 2621 5098 aliquas
2675 5026 2936 5097 aperiat;
2987 5024 3071 5078 ita
3120 5023 3246 5077 fieri
3290 5039 3403 5078 non
3466 5026 3653 5094 potest
3704 5027 3770 5077 ut

342 5124 634 5176 dmmones
692 5118 791 5191 qui
850 5117 1071 5173 bellum
1130 5122 1343 5189 gerunt
1391 5119 1781 5184 extrinsecus,
1845 5124 2122 5189 superent
2180 5118 2441 5173 animam
2519 5116 2947 5172 circumdatam
3002 5130 3036 5167 a
3088 5112 3289 5168 divina
3358 5112 3571 5184 gratia,
3651 5110 3767 5169 nisi

336 5210 718 5283 cogitationis
753 5207 1006 5277 alicujus
1040 5208 1333 5277 socordia,
1368 5212 1707 5263 nostrorum
1742 5224 2025 5263 sensuum
2080 5207 2342 5277 aliquam
2376 5207 2694 5261 fenestram
2727 5201 3046 5275 aperuerit,
3076 5206 3134 5256 et
3164 5216 3267 5274 per
3295 5218 3424 5257 eam
3456 5200 3766 5257 inimicum

338 5299 691 5354 intrinsecus
722 5296 1041 5352 admiserit.
1079 5295 1207 5351 Haec
1239 5314 1370 5351 cum
1407 5314 1439 5351 a
1469 5297 1667 5353 divina
1697 5296 1996 5368 Scriptura
2031 5301 2228 5368 aperte
2259 5295 2607 5350 didicissent
2636 5294 2675 5347 ii
2704 5308 2956 5364 quorum
2981 5290 3185 5347 laudes
3215 5308 3249 5345 a
3278 5290 3446 5345 nobis
3462 5288 3768 5345 celebran-

341 5396 459 5459 tur,
521 5393 575 5443 et
621 5388 804 5443 Deum
868 5386 1198 5441 audiissent
1258 5386 1550 5443 dicentem
1610 5404 1714 5459 per
1765 5386 2105 5458 prophetam
2157 5386 2378 5456 (larem.
2421 5386 2547 5455 1x):
2593 5382 2873 5437 Ascendit
2930 5397 3089 5436 mors
3137 5396 3239 5452 per
3287 5380 3592 5446 fenestras,
3627 5394 3763 5435 cum

341 5478 555 5534 divinis
586 5476 814 5548 legibus
842 5481 1119 5546 tanquam
1148 5475 1507 5546 quibusdam
1541 5476 1839 5548 repagulis
1872 5482 1929 5531 et
1949 5475 2213 5531 vectibus
2231 5489 2442 5529 sensus
2465 5471 2840 5537 clausissent,
2866 5470 3046 5526 menti
3071 5469 3262 5525 claves
3284 5484 3487 5523 eorum
3514 5468 3764 5523 tradide-

338 5574 503 5637 runt,
522 5573 578 5624 et
594 5582 783 5637 neque
804 5565 967 5621 labra
992 5566 1255 5638 linguam
1278 5567 1640 5638 aperiebant,
1672 5566 1783 5622 nisi
1809 5582 1978 5621 mens
2001 5566 2350 5637 imperasset
2374 5581 2386 5630 ;
2411 5577 2515 5617 nec
2541 5560 2776 5634 pupillae
2798 5559 3249 5632 permittebatur
3269 5561 3333 5613 ut
3356 5573 3421 5613 se
3442 5560 3604 5613 extra
3625 5556 3762 5613 cilia
