4088 6180
288 322 352 377 13
1488 310 1491 313 ’
1594 326 1971 382 PROLOGUS
2010 329 2382 382 AUCTORIS.
3631 328 3694 383 1i

285 448 873 518 porrigeret;auditus
892 452 1084 502 autem
1100 446 1289 502 noxiis
1304 448 1466 503 sonis
1480 448 1701 503 aditum
1718 450 2050 519 obstruens,
2068 451 2348 506 stultaset
2363 449 2597 505 inutiles
2614 449 3258 521 repellebatorationes,
3280 453 3526 523 illasque.
3543 455 3700 509 solas

286 538 866 608 admittebatquibus
883 555 1049 595 mens
1068 539 1490 605 delectabatur.
1517 539 1612 594 Sic
1636 541 1946 606 odoratum
1969 543 2217 607 docuere
2237 558 2306 596 ea
2329 558 2443 597 non
2466 540 2799 617 desiderare
2831 557 2958 611 quas
2992 558 3232 597 suavem
3256 543 3533 598 emittunt
3555 546 3696 599 odo-

285 644 427 693 rem,
452 633 518 682 ut
546 627 759 698 quibus
781 632 991 683 natura
1005 628 1337 684 sitinsitum
1356 629 1700 684 utmolliant
1720 637 1775 685 et
1799 632 2075 686 relaxent.
2091 632 2183 686 Sic
2204 631 2417 686 ventris
2439 629 2710 702 expulere
2734 630 3089 697 satietatem,
3106 647 3359 703 eumque
3378 649 3444 687 ea
3465 650 3697 690 sumere

284 718 552 781 docuere,
571 733 699 787 qua:
724 733 835 771 non
853 717 1209 787 voluptatem
1228 718 1629 782 afferrentscd
1652 735 1820 772 usum
1846 719 1919 772 im
1932 719 2290 789 plerent,nec
2304 719 2557 789 amplius
2576 736 2750 788 quam
2767 719 2920 788 quod
2947 720 3090 773 satis
3111 724 3266 775 esset
3286 722 3355 774 ad
3382 721 3695 792 prohiben-

284 808 423 860 dum
442 824 511 861 ne
528 807 679 861 fame
694 811 1081 862 morerentur.
1097 807 1187 861 Sic
1201 806 1393 860 somni
1418 807 1649 862 dulcem
1666 808 1982 863 dissolvere
2001 809 2371 880 tyrannidem
2391 827 2404 875 ;
2422 813 2621 885 etcum
2642 808 2773 862 eilia
2798 807 2867 863 ab
2892 809 3021 877 eius
3040 807 3325 887 servitute
3349 808 3698 865 liberassent

281 914 346 951 ea
376 913 480 966 pro
505 895 787 951 servitute
804 896 1174 951 dominatum
1198 897 1544 963 docuerunt,
1563 900 1625 950 ut
1648 898 1774 966 ejus
1802 915 1975 953 usum
2000 899 2394 963 admitterent,
2417 914 2531 952 non
2553 914 2684 951 cum
2709 896 3165 967 ipseinvaderet,
3192 900 3291 952 sed
3317 914 3447 952 cum
3474 898 3585 970 ipsi
3604 916 3697 953 ac-

282 990 601 1051 cerserent,
627 984 696 1038 ad
722 984 895 1039 breve
928 990 1150 1039 naturae
1182 985 1484 1040 auxilium.
1518 986 1659 1039 Cum
1691 1002 1825 1056 ergo
1848 1003 2150 1040 murorum
2177 991 2233 1040 et
2264 991 2558 1057 portarum
2584 986 2866 1040 custodite
2892 1002 3019 1039 eam
3047 1003 3247 1040 curam
3273 986 3617 1057 gessissent,
3646 994 3703 1042 et

283 1074 532 1128 internis
549 1073 1005 1144 cogitationibus
1022 1073 1390 1127 concordiam
1409 1073 1841 1140 conciliassent,
1869 1075 2234 1129 adversarios
2268 1077 2629 1129 extrinsecus
2664 1073 3360 1142 invadentesirridebant,
3387 1076 3703 1147 quiviqui-

282 1164 411 1217 dem
431 1162 676 1232 intrare,
711 1167 949 1234 propter
976 1163 1183 1216 divinas
1215 1166 1418 1233 gratim
1450 1163 2367 1235 praesidium,poterant;nullum
2391 1163 2976 1218 auteminveniebant
3005 1164 3361 1239 proditorem
3398 1166 3497 1235 qui
3532 1166 3704 1220 vellet

280 1252 553 1308 inimicos
588 1252 913 1307 admittere.
949 1252 1019 1305 Et
1049 1269 1179 1306 cum
1215 1252 1408 1306 hostes
1442 1270 1507 1307 ea
1546 1258 1741 1307 essent
1774 1258 1981 1307 natura
2014 1271 2139 1325 qum
2166 1272 2274 1308 non
2309 1252 2466 1307 cadit
2498 1253 2605 1307 sub
2636 1257 2956 1322 aspectum,
2980 1270 3191 1324 corpus
3216 1254 3365 1322 quod
3387 1254 3615 1310 videtur
3644 1262 3701 1311 et

278 1342 598 1411 subjicitur
628 1346 850 1396 naturae
869 1341 1292 1407 necessatibus,
1310 1342 1538 1395 vincere
1558 1342 1800 1396 minime
1824 1346 2080 1412 potuere.
2101 1343 2237 1412 Ejus
2259 1342 2413 1397 enim
2442 1343 2647 1413 auriga
2670 1347 2724 1395 et
2748 1343 3009 1397 musicus
3031 1350 3082 1397 et
3102 1344 3458 1415 gubernator
3477 1345 3697 1415 optime

279 1432 521 1501 quidem
556 1436 761 1485 tenens
794 1430 1078 1498 habenas,
1099 1430 1268 1501 equis
1302 1431 1597 1500 persuasit
1621 1435 1684 1484 ut
1708 1436 1857 1486 recte
1882 1436 1937 1484 et
1966 1431 2169 1485 ordine
2202 1432 2619 1502 procederent;
2646 1447 2957 1485 numerose
2984 1436 3174 1486 autem
3209 1432 3452 1502 pulsans
3480 1433 3698 1505 chorda

275 1538 592 1578 sensuum.
629 1519 807 1575 efﬁcit
830 1524 896 1574 ut
927 1536 1139 1574 sonum
1172 1520 1331 1577 omni
1353 1537 1422 1573 ex
1446 1525 1607 1590 parte
1630 1521 1983 1582 concinnum
2008 1526 2063 1575 et
2088 1538 2413 1577 consonum
2438 1521 2787 1575 redderent:
2814 1521 3064 1575 scienter
3096 1526 3290 1575 autem
3324 1539 3558 1597 movens
3580 1523 3699 1578 cla-

275 1627 439 1675 vum,
472 1615 526 1664 et
559 1612 843 1664 fluctuum
880 1608 1151 1675 insultas,
1188 1614 1244 1663 et
1276 1615 1581 1665 ventorum
1633 1610 1802 1681 fregit
1847 1612 2123 1680 impetus.
2152 1610 2265 1664 Hos
2298 1627 2433 1681 ergo
2474 1611 2573 1691 qui
2602 1627 2703 1681 per
2728 1609 3181 1689 innumerabiles
3206 1611 3441 1689 quidem
3468 1611 3697 1667 labores

276 1700 409 1752 vitre
464 1700 573 1753 iter
619 1699 867 1769 ingressi
904 1704 1064 1765 sunt,
1096 1698 1412 1753 sudoribus
1443 1703 1640 1753 autem
1688 1704 1743 1752 et
1773 1698 2195 1753 afflictionibus
2228 1716 2441 1771 corpus
2472 1696 2958 1768 edomuerunt,et
2980 1700 3137 1775 risus
3171 1696 3405 1772 quidem
3440 1701 3695 1755 affectio-

276 1804 411 1842 nem
448 1786 891 1859 ignoravcrunt,
920 1786 976 1842 in
1009 1786 1169 1841 luctu
1205 1792 1395 1843 autem
1432 1791 1485 1842 et
1516 1787 1787 1860 lacrymis
1822 1805 2054 1842 omnem
2088 1789 2264 1847 vitam
2295 1778 2830 1859 censumpserunt;
2858 1782 2913 1843 et
2946 1788 3180 1857 delicias
3215 1790 3449 1859 quidem
3468 1791 3701 1862 Sybari-

276 1878 425 1931 ticas
456 1876 846 1946 (l)jejunium
880 1876 1271 1942 mstimarunt,
1305 1892 1580 1930 somnum
1601 1881 1793 1945 autem
1825 1877 2244 1941 suavissimum
2282 1876 2604 1931 laboriosas
2624 1877 2882 1948 vigilias;
2910 1877 3083 1947 molle
3100 1879 3455 1950 stragulum,
3483 1882 3695 1935 durum

278 1966 514 2030 solum;
550 1963 904 2017 immensam
938 1968 1131 2017 autem
1167 1967 1225 2017 et
1256 1963 1663 2034 inexplebilem
1699 1966 2083 2036 voluptatem,
2117 1965 2176 2019 in
2209 1966 2571 2027 orationibus
2606 1971 2661 2018 et
2684 1950 2999 2019 rcantandis
3031 1966 3276 2038 psalmis
3309 1954 3699 2023 conversatio-

274 2068 453 2117 nem;
488 2050 617 2125 hos,
650 2051 915 2123 inquam,
951 2050 1047 2123 qui
1080 2067 1454 2123 omncgenus
1476 2051 1711 2106 virtutis
1737 2052 2023 2124 complexi
2055 2056 2215 2119 sunt,
2236 2054 2368 2123 quis
2402 2070 2513 2106 non
2537 2054 2659 2122 jure
2682 2052 2854 2106 fuerit
2876 2054 3223 2125 admiratus,
3244 2054 3329 2109 vel
3356 2053 3548 2127 potius
3568 2042 3701 2127 quis

277 2160 383 2213 pro
418 2142 704 2213 dignilate
736 2158 935 2196 eorum
963 2140 1169 2196 laudes
1202 2141 1611 2201 celebraverit?
1629 2145 1812 2212 Atque
1838 2160 1940 2215 ego
1974 2144 2212 2215 quidem
2236 2143 2381 2199 satis
2414 2142 2675 2219 inteiligo
2705 2132 3119 2214 nullampossc
3142 2144 3463 2198 orationem
3493 2162 3697 2207 eorum

270 2233 552 2286 virtutem
590 2232 848 2303 assequi,
870 2235 957 2286 est
982 2236 1175 2286 tamen
1211 2232 1684 2303 aggrediendum.
1707 2232 1827 2287 Non
1852 2234 2009 2287 enim
2030 2239 2185 2305 recte
2210 2233 2498 2300 habuerit,
2520 2231 2566 2287 si
2591 2232 2868 2309 quoniam
2890 2249 3084 2286 veram
3112 2233 3543 2305 philosophiam
3572 2251 3702 2307 per-

264 2324 413 2375 fecte
432 2320 942 2390 adamarunt,ideo
968 2337 1035 2375 ne
1057 2321 1311 2375 minores
1332 2320 1569 2392 quidem
1592 2322 1794 2376 laudes
1814 2323 2545 2392 eonseqvanturScribam
2567 2327 2762 2377 autem
2787 2320 3021 2376 laudem
3044 2340 3155 2376 non
3177 2340 3351 2376 unam
3374 2324 3702 2401 communi-

265 2418 359 2465 ter
391 2410 710 2475 omnibus;
747 2409 975 2464 diversa
1006 2410 1159 2465 enim
1199 2412 1347 2465 dona
1378 2411 1462 2465 eis
1500 2412 1633 2465 data
1664 2418 1805 2466 sunt
1839 2412 2142 2466 divinitu.:.
2185 2412 2297 2467 Hoc
2333 2419 2524 2466 autem
2560 2412 2775 2468 docens
2808 2410 3039 2478 dicebat
3072 2412 3276 2479 beatus
3308 2412 3523 2467 Paulus
3550 2430 3561 2467 :
3587 2414 3697 2491 Alii

272 2500 433 2555 enim
472 2517 575 2571 per
605 2500 883 2571 Spiritum
917 2500 1091 2554 datur
1122 2517 1313 2554 sermo
1348 2501 1669 2572 sapientiaz,
1708 2501 1804 2556 alii
1839 2507 2033 2556 autem
2083 2519 2274 2557 sermo
2309 2501 2664 2572 cognitionis
2715 2502 3041 2579 secundum
3092 2502 3362 2577 eumdem
3397 2503 3698 2585 Spiritum,

267 2590 370 2645 alii
406 2597 601 2644 autem
641 2589 783 2644 fides
816 2589 873 2655 in
910 2591 1110 2644 eodem
1147 2588 1392 2659 Spiritu,
1424 2589 1521 2644 alii
1554 2596 1747 2645 autem
1782 2592 1934 2646 dona
1965 2592 2337 2647 curationum
2374 2590 2428 2644 in
2458 2591 2663 2646 eodem
2693 2591 2935 2661 Spiritu,
2966 2590 3071 2662 alii
3096 2595 3288 2645 autem
3333 2592 3697 2664 operationes

260 2678 683 2748 virtutum,alii
718 2683 915 2732 autem
952 2678 1382 2749 prophetia,alii
1408 2678 2109 2751 generalinguarum,alii
2135 2686 2331 2734 autem
2356 2678 2726 2749 intepretatio
2750 2678 3085 2748 linguarum
3113 2680 3163 2749 (Ι
3188 2679 3445 2751 _Cor.x11).
3476 2681 3694 2736 Horum

269 2786 408 2823 vero
440 2769 705 2822 omnium
735 2769 1053 2823 ostendens
1086 2768 1301 2823 fontem
1337 2769 1681 2839 subjunxit:
1717 2768 1926 2823 Omnia
1958 2774 2154 2823 autem
2188 2768 2308 2823 hac
2346 2774 2622 2839 operatur
2654 2785 2809 2822 unus
2852 2772 2908 2821 et
2941 2768 3091 2823 idem
3126 2758 3402 2839 Spiritus,
3433 2769 3696 2839 dividens

269 2858 593 2929 separatim
654 2855 969 2928 unicuique
1002 2856 1153 2911 sicut
1184 2857 1326 2911 vult.
1363 2857 1647 2922 Quoniam
1680 2874 1816 2929 ergo
1850 2857 2078 2913 diversa
2110 2863 2249 2912 sunt
2280 2858 2433 2912 dona
2463 2857 2785 2923 consecuti,
2821 2857 3028 2911 merito
3062 2857 3530 2930 uniuscujusque
3562 2876 3696 2913 nar-

267 2948 563 3013 rationem
602 2946 745 3003 797
786 2945 1068 3001 faciemus
1100 2951 1426 3018 separatam
1465 2963 1478 3000 :
1518 2965 1632 3002 non
1666 2964 2033 3018 quascunque
2075 2948 2146 3002 ab
2197 2948 2281 3002 eis
2307 2951 2472 3018 gesta
2515 2951 2654 3002 sunt
2683 2951 3121 3018 persequentes,
3148 2947 3218 3001 ad
3265 2964 3332 3001 ea
3361 2948 3514 3002 enim
3548 2949 3695 3003 seri-

263 3037 462 3091 benda
487 3051 562 3089 ne
592 3041 708 3090 tota
739 3036 978 3107 quidem
997 3035 1110 3090 vita
1130 3036 1453 3103 suffecerit;
1475 3037 1575 3091 sed
1602 3054 1732 3091 cum
1756 3054 1941 3107 pauca
1962 3039 2033 3091 de
2056 3036 2528 3113 uniuscujusque
2554 3052 2757 3113 eorum
2775 3035 3005 3091 vivendi
3031 3036 3272 3101 ratione,
3298 3039 3447 3109 etde
3472 3037 3693 3123 iisquae

260 3127 433 3190 fecit,
452 3126 971 3191 narraverimus,et
994 3126 1193 3195 paucis
1217 3125 1392 3180 totius
1411 3124 1544 3181 vitae
1559 3126 1957 3182 characterem
1973 3133 2029 3181 et
2051 3128 2297 3181 formam
2320 3126 2852 3193 ostenderimu_s,ad
2871 3124 3050 3193 alium
3077 3126 3692 3200 transibimus.Neque

263 3231 401 3270 vero
436 3213 701 3269 omnium
735 3218 1095 3281 sanctorum,
1130 3214 1228 3285 qui
1264 3215 1484 3287 ubique
1516 3214 1777 3287 insignes
1807 3218 2100 3283 exstitere,
2123 3214 2250 3291 vitae
2284 3214 2589 3270 historiam
2625 3213 2837 3268 litteris
2872 3214 3149 3287 mandare
3182 3215 3565 3286 conabimur;
3591 3234 3691 3272 ne-

266 3320 380 3375 que
413 3304 573 3357 enim
617 3318 715 3357 eos
747 3301 1083 3373 quiubique
1106 3301 1245 3365 clari
1272 3303 1431 3357 fuere
1462 3305 1896 3375 cognoscimus,
1918 3321 2107 3375 neque
2140 3303 2263 3358 ﬁeri
2298 3307 2489 3374 potest
2517 3306 2581 3357 ut
2614 3318 2766 3377 unus
2798 3302 3130 3379 conscribat
3159 3303 3229 3357 de
3261 3304 3553 3381 omnibus.
3582 3305 3686 3373 Eoe

263 3409 395 3446 rum
433 3408 569 3463 ergo
601 3390 791 3445 solum
825 3390 1004 3445 vitam
1038 3391 1389 3457 describam,
1425 3392 1524 3464 qui
1550 3396 1832 3463 tanquam
1864 3392 2093 3448 lumina
2121 3392 2335 3447 fulsere
2370 3392 2426 3444 in
2460 3391 2710 3460 Oriente,
2744 3394 2799 3455 et
2838 3391 2984 3445 ﬁnes
3015 3390 3174 3457 orbis
3224 3396 3509 3461 terrarum
3560 3393 3687 3467 suis

267 3480 564 3553 complexi
600 3486 740 3535 sunt
770 3480 1295 3535 radiis.Narrando
1328 3490 1519 3537 autem
1547 3484 1819 3553 procedet
1842 3484 2175 3551 oratio,non
2204 3486 2375 3537 utens
2403 3480 2634 3557 legibus
2663 3468 3195 3557 e'n‘comiorumﬁed
3214 3497 3399 3557 pauca
3422 3483 3689 3551 quaedam

257 3588 395 3625 vere
430 3570 885 3642 referensﬂogo
914 3573 1110 3624 autem
1127 3569 1299 3640 quiin
1333 3569 1483 3625 hanc
1500 3570 2616 3642 religiosam,ineiderintbistoriamseu
2634 3569 2879 3637 formam
2895 3568 3233 3625 monasticae
3252 3571 3690 3637 exercitationis

262 3664 451 3729 (vocet
486 3658 646 3714 enim
679 3657 812 3730 quis
846 3658 955 3713 hoc
990 3676 1137 3731 opus
1172 3662 1235 3713 ut
1262 3658 1533 3729 voluerit,
1568 3676 1640 3716 ne
1670 3660 1743 3729 iis
1776 3679 1903 3733 quae
1937 3661 2216 3716 dicuntur
2248 3659 2445 3714 minus
2477 3659 2738 3727 credant,
2773 3658 2821 3712 si
2853 3658 2988 3731 quid
3026 3658 3269 3737 audiant
3301 3660 3453 3731 quod
3487 3678 3690 3741 eorum

266 3751 416 3805 vires
448 3750 731 3819 superet),
770 3765 873 3803 nec
905 3764 968 3803 se
1004 3746 1239 3803 illorum
1273 3748 1548 3804 virtutem
1586 3750 1927 3818 metiantur,
1963 3750 2062 3805 sed
2097 3755 2295 3820 aperte
2328 3750 2519 3804 sciant
2550 3748 2704 3820 quod
2746 3747 2979 3819 piorum
3014 3747 3228 3803 animis
3266 3754 3415 3806 Deus
3442 3751 3693 3823 desuper

264 3839 512 3894 metitur
543 3839 695 3892 dona
723 3837 1079 3892 sanctissimi
1111 3838 1385 3908 Spiritus,
1417 3843 1473 3894 et
1504 3840 1729 3910 majora
1779 3839 2030 3911 largitur
2051 3839 2515 3910 perfectioribus.
2551 3836 2679 3891 Haec
2706 3843 2899 3893 autem
2929 3855 2961 3891 a
2994 3854 3084 3891 me
3115 3838 3271 3891 dicta
3304 3844 3443 3893 sunt
3482 3841 3551 3894 ad
3594 3858 3692 3895 eos

259 3928 361 4000 qui
403 3928 463 3981 in
518 3942 716 3981 rerum
752 3926 1083 3980 divinarum
1118 3926 1413 3997 mysteriis
1446 3944 1560 3982 non
1594 3933 1733 3982 sunt
1764 3929 2084 3983 admodum
2119 3932 2391 3982 accurate
2423 3926 2659 3980 initiati.
2683 3927 2877 3998 Mysten
2911 3926 3067 3980 enim
3101 3914 3411 3995 adytorum
3443 3928 3692 3999 Spiritus

260 4020 467 4072 sciunt
499 4015 748 4087 gloriam
784 4015 1061 4087 Spiritus,
1088 4020 1143 4070 et
1174 4032 1442 4087 quaenam
1478 4033 1578 4088 per
1609 4017 1877 4072 homines
1909 4017 1966 4071 in
2000 4016 2342 4073 hominibus
2374 4016 2550 4070 faciat
2581 4014 2884 4082 miracula,
2912 4015 3212 4093 attrahens
3244 4016 3588 4072 incrudulos
3618 4018 3691 4072 ad

260 4106 361 4162 Dei
394 4104 815 4177 cognitionem.
850 4104 956 4169 Qui
988 4109 1184 4160 autem
1218 4120 1331 4160 non
1367 4109 1455 4161 est
1486 4106 1815 4161 crediturus
1849 4106 1920 4161 iis
1943 4122 2069 4176 quae
2091 4124 2123 4160 a
2155 4122 2245 4159 me
2278 4104 2525 4159 dicenda
2557 4110 2718 4172 sunt,
2741 4104 2962 4158 clarum
2984 4109 3074 4158 est
3100 4122 3233 4159 eum
3269 4123 3339 4159 ne
3362 4105 3433 4160 iis
3453 4107 3691 4176 quidem

268 4196 513 4251 credere
544 4199 831 4265 tanquam
865 4194 1018 4247 veris
1051 4210 1175 4263 qum
1199 4210 1301 4266 per
1324 4194 1604 4267 Moysem,
1622 4194 2203 4263 etJesum,,etEliam,
2225 4198 2281 4249 et
2306 4193 2576 4248 Eliszeum
2596 4194 2747 4249 facta
2769 4193 3159 4265 sunt,balbere
3183 4200 3377 4249 autem
3392 4195 3565 4249 etiam
3589 4212 3693 4267 pro

258 4284 486 4340 fabulis
504 4282 791 4337 miracula
815 4300 940 4354 qua:
959 4283 1107 4337 facta
1123 4287 1307 4337 sunta
1324 4283 1544 4339 sanctis
1565 4284 1866 4356 apostolis;
1884 4283 1973 4338 sin
1988 4288 2185 4337 autem
2210 4282 2309 4337 illa
2331 4300 2455 4337 esse
2478 4300 2610 4338 vera
2631 4286 2899 4350 testatur,
2918 4282 3037 4337 hinc
3061 4298 3293 4354 quoque
3315 4284 3696 4338 credatessea

256 4375 415 4430 {also
449 4372 682 4439 aliena;
719 4389 848 4443 qua:
896 4372 1051 4425 enim
1086 4372 1143 4426 in
1178 4371 1295 4427 illis
1328 4378 1565 4443 operata
1596 4378 1684 4428 est
1714 4373 1924 4445 gratia,
1958 4388 2025 4427 ea
2054 4388 2160 4443 per
2191 4371 2321 4426 illos
2356 4389 2589 4444 quoque
2624 4372 2757 4426 fecit
2792 4388 2858 4445 ea
2889 4389 3017 4442 quas
3058 4370 3211 4425 fecit.
3237 4370 3514 4426 Perennis
3536 4372 3693 4429 enim

258 4463 475 4538 gratia,
493 4467 663 4517 eteos
679 4459 959 4532 quidigni
978 4461 1563 4533 sunteligens,veluti
1582 4479 1678 4531 per
1692 4462 1977 4534 quosdam
1996 4461 2527 4532 salientes,perhos
2544 4460 2749 4515 eﬂ‘udit
2771 4461 2989 4514 ﬂuenta
3019 4478 3137 4514 suae
3168 4461 3544 4531 operationis.

328 4552 407 4607 Ex
432 4551 510 4604 iis
534 4556 729 4603 autem
755 4565 882 4620 qua:
908 4554 1048 4603 sunt
1069 4548 1478 4621 dicenda,ipse
1501 4550 1735 4620 quidem
1754 4550 1869 4605 vidi
1891 4549 2178 4604 nonnulla
2204 4574 2216 4615 ;
2242 4566 2366 4620 quae
2390 4554 2586 4603 autem
2614 4565 2725 4602 non
2757 4548 2897 4614 vidi,
2934 4547 3131 4602 audivi
3162 4550 3233 4603 ab
3268 4547 3383 4604 illis
3402 4550 3500 4621 qui
3526 4550 3690 4606 vide—

262 4647 418 4709 runt,
456 4639 600 4693 viris
617 4638 851 4693 virtutis
883 4639 1221 4694 amantibus
1250 4643 1309 4694 et
1341 4638 1441 4710 qui
1475 4640 1793 4710 dignisunt
1816 4638 2082 4694 habitiut
2113 4637 2508 4706 eosviderent,
2544 4641 2599 4691 et
2620 4653 2821 4692 eorum
2850 4637 3686 4694 doctrinafrucrentur.Evan-

256 4729 454 4803 gelicze
470 4732 671 4782 autem
689 4725 1294 4797 doctrinzescriptores
1319 4727 1432 4781 ﬁde
1454 4726 1616 4798 digni
1642 4744 1756 4781 non
1781 4726 1971 4782 solum
1996 4730 2137 4781 sunt
2156 4725 2463 4780 Matthaeus
2491 4730 2549 4779 et
2569 4724 3053 4796 Joannes,magni
3078 4731 3132 4781 et
3155 4725 3327 4796 primi
3354 4726 3407 4780 in
3428 4727 3691 4798 Evange-

259 4819 435 4884 listis,
455 4818 558 4889 qui
586 4816 816 4871 Domini
841 4817 1035 4871 videre
1059 4816 1479 4884 miracula,sed
1504 4818 1679 4872 etiam
1715 4819 1901 4873 Lucas
1934 4821 1990 4871 et
2012 4817 2278 4871 Marcus:
2305 4833 2450 4887 quos
2475 4816 2574 4887 qui
2600 4818 2670 4871 ab
2699 4816 2863 4870 initio
2889 4816 3247 4882 viderunt,et
3265 4817 3502 4872 fuerunt
3522 4818 3693 4873 Verbi

258 4907 552 4977 ministri,
575 4923 691 4960 non
729 4906 916 4961 solum
944 4922 1068 4977 qua:
1092 4923 1305 4977 passus
1329 4911 1419 4961 est
1439 4911 1495 4962 et
1520 4923 1643 4978 quae
1668 4907 1803 4962 fecit
1824 4906 2131 4970 Dominus,
2155 4908 2257 4961 sed
2280 4923 2347 4962 ea
2371 4907 2545 4962 etiam
2576 4923 2702 4977 qua:
2729 4910 3006 4978 perpetuo
3025 4906 3244 4975 docuit,
3269 4913 3537 4963 accurate
3559 4909 3697 4964 edo-

257 5001 539 5053 cuerunt.
564 4996 796 5051 Etenim
830 5012 962 5050 cum
997 5014 1109 5051 non
1131 4997 1377 5053 vidisset
1404 4996 1529 5068 ipse
1546 4998 1753 5053 beatus
1774 4999 1983 5062 Lucas,
2002 4996 2063 5051 in
2093 4997 2380 5069 principio
2399 4996 2593 5068 operis
2616 4996 2757 5051 dicit
2777 5013 2838 5051 se
2861 5013 2928 5051 ea
2951 5013 3211 5061 narrare,
3237 4997 3307 5052 de
3336 4998 3550 5069 quibus
3569 5015 3694 5054 cer-

256 5089 374 5142 tior
396 5088 592 5141 factus
623 5090 735 5141 est.
758 5084 877 5140 Nos
900 5090 1097 5141 autem
1130 5086 1240 5140 etsi
1267 5086 1580 5141 audiamus
1603 5102 1736 5141 eum
1761 5102 1875 5141 non
1909 5086 2126 5141 vidisse
2156 5102 2223 5141 ea
2253 5102 2383 5156 quae
2417 5090 2637 5155 rarrat,
2658 5084 2755 5139 sed
2775 5084 2925 5140 hanc
2948 5086 3273 5141 doctrinam
3304 5088 3597 5158 accepisse
3620 5089 3693 5143 ab

257 5177 412 5243 aliis,
444 5193 559 5231 non
596 5176 801 5230 minus
822 5173 877 5230 ei
904 5179 961 5229 et
984 5174 1177 5230 Marco
1197 5174 1495 5230 credimus
1519 5192 1696 5247 quam
1727 5174 1995 5229 Matthazo
2018 5180 2073 5228 et
2089 5174 2298 5230 Joanni
2323 5193 2334 5240 ;
2362 5178 2607 5245 uterque
2632 5176 2789 5229 enim
2813 5179 2901 5229 est
2924 5173 2980 5229 in
3008 5175 3298 5230 narrando
3320 5176 3431 5231 ﬁde
3454 5178 3693 5248 dignus.

263 5272 326 5319 ut
348 5266 447 5337 qui
482 5265 776 5321 dedicerit
801 5263 872 5318 ab
895 5263 977 5318 eis
1001 5265 1098 5335 qui
1124 5264 1416 5319 viderunt.
1434 5264 1549 5319 Nos
1569 5264 1767 5335 itaque
1785 5264 1898 5320 alia
1917 5264 2151 5335 quidem
2174 5264 2548 5319 narrabimus
2574 5268 2635 5319 ut
2659 5280 2788 5334 quae
2817 5281 2849 5319 a
2868 5263 3035 5319 nobis
3052 5267 3175 5319 visa
3193 5265 3343 5334 sint;
3365 5265 3478 5321 alia
3496 5271 3693 5322 autem

263 5359 329 5408 ut
350 5356 451 5426 qui
477 5352 915 5410 crediderimus
939 5353 1021 5408 eis
1045 5354 1142 5424 qui
1165 5355 1434 5410 viderant
1456 5354 1834 5409 narrantibus
1854 5354 2015 5421 viris,
2037 5354 2137 5424 qui
2160 5353 2393 5408 illorum
2419 5353 2598 5408 vitam
2624 5358 2765 5409 sunt
2785 5352 3062 5417 remulali.
3080 5353 3382 5409 Prolixiori
3405 5363 3598 5411 autem
3623 5356 3695 5410 de

270 5443 341 5498 iis
364 5460 506 5499 usus
540 5458 677 5498 sum
711 5439 999 5509 oratione,
1025 5442 1163 5497 dum
1187 5442 1316 5497 volo
1340 5443 1691 5513 persuadere
1725 5459 1815 5498 me
1844 5458 1981 5498 vera
2011 5447 2410 5498 narraturum.
2433 5442 2574 5497 Hinc
2600 5450 2790 5497 autem
2819 5442 3095 5514 deinceps
3118 5459 3358 5499 narrare
3390 5442 3691 5516 incipiam.
