4122 6188
348 366 415 418 2t
1508 366 1984 434 PHILOTHEUS,
2028 381 2151 419 sxvs
2192 370 2665 424 THEOPHILES.

3716 380 3784 411 εγ)

3717 418 3786 433 -.⁸

348 499 555 548 autem
584 492 868 547 dilectum
891 496 946 547 et
974 495 1149 546 noctu
1191 492 1533 562 somniaret,
1558 496 1613 547 et
1652 491 1905 547 interdiu
1935 492 2015 546 vi-
2049 500 2103 565 Α
2133 492 2351 548 Deinde
2374 496 2564 566 operis
2590 496 2741 551 facta
2764 502 3242 569 commutatione,
3271 501 3519 558 alterum
3543 505 3784 574 quidem

346 584 516 637 sione
549 581 1041 653 apprehenderat.
1076 581 1236 636 Hanc
1258 598 1552 636 summam
1584 581 1711 651 ejus
1753 580 2013 651 philoso-

348 672 551 743 phiam
570 689 707 726 cum
727 670 891 725 multi
908 670 1381 737 didicissent,alii
1396 671 1635 742 quidem
1656 670 1753 741 qui
1772 672 2011 742 propius

347 760 726 829 habitabant,
753 759 849 813 alii
878 775 1010 813 vero
1030 758 1128 830 qui
1154 759 1657 815 remotius.Allata
1676 760 1830 816 enim
1859 763 2013 815 fama

350 850 739 923 percurrebat
754 850 810 903 in
825 864 1030 903 omnes
1044 854 1407 919 partes,accu
1418 849 1653 904 rrehant
1674 866 1740 904 su
1751 848 2011 921 pplican-

344 948 433 995 tes
452 944 518 994 ut
534 952 739 994 essent
760 937 1040 1009 palzestraz
1058 936 1460 1009 participes,et
1479 938 1528 993 ei
1554 943 1833 1009 tanquam
1850 954 2009 993 exer-

345 1028 716 1084 citatationis
743 1028 1025 1099 magistro
1064 1031 1122 1082 et
1162 1027 1493 1097 pmdotribm
1522 1032 1814 1097 parentes,
1855 1027 2007 1081 vive-

344 1127 473 1174 rent
508 1119 567 1173 in
604 1123 928 1189 posterum.
961 1116 1088 1172 Non
1119 1117 1313 1172 solum
1346 1117 1502 1173 enim
1549 1134 1682 1173 aves
1722 1121 2009 1173 venantur

341 1213 655 1274 canentes,
679 1213 738 1262 et
756 1207 826 1262 ad
852 1224 915 1262 se
937 1224 1035 1261 eas
1062 1211 1393 1275 evocantes,
1432 1224 1558 1279 quae
1582 1211 1719 1261 sunt
1741 1208 2005 1277 ejusdem

340 1300 681 1366 generis,et
707 1298 992 1369 subjectis
1014 1296 1243 1368 laqueis
1268 1298 1668 1368 implicantes;
1707 1298 1805 1352 sed
1830 1297 2004 1352 etiam

343 1388 626 1442 homines
647 1393 935 1442 venantur
952 1403 1051 1441 eos
1075 1386 1176 1457 qui
1202 1391 1341 1442 sunt
1363 1387 1632 1456 ejusdem
1659 1386 2003 1455 naturae,alii

338 1477 586 1546 quidem
603 1477 672 1529 ad
698 1474 1086 1540 exitium,alii
1112 1491 1244 1530 vero
1268 1475 1337 1529 ad
1365 1474 1739 1530 salutem.Sic
1763 1489 2002 1545 congre-

339 1566 463 1637 gati
485 1564 725 1636 quidem
745 1565 857 1619 cito
878 1565 1041 1619 fuere
1068 1565 1289 1629 decem,
1315 1565 1523 1619 deinde
1554 1564 1733 1635 duplo
1754 1570 1811 1618 et
1831 1564 2003 1634 triplo

339 1656 568 1724 plures.
603 1658 719 1709 Bos
758 1658 956 1709 autem
989 1670 1122 1708 cum
1161 1658 1243 1708 tot
1272 1653 1822 1725 essent,accipiebat
1854 1653 2001 1707 illud

333 1748 643 1811 antrum;a
663 1759 807 1798 sene
820 1742 976 1798 enim
996 1742 1325 1798 didicerant
1344 1741 1637 1813 negligere
1661 1759 1860 1797 curam
1883 1759 2007 1797 cor-

2132 592 2468 655 surgentem
2483 587 2964 653 canere,a1terum
2978 607 3110 646 vero
3125 592 3285 647 humi
3304 611 3479 665 proeu
3492 597 3782 653 mbentem

2132 674 2458 739 adorare,et
2482 676 2536 729 id
2562 694 2593 730 a
2618 694 2787 731 mane
2809 694 2992 749 usque
3018 681 3085 733 ad
3112 684 3518 747 crepusculum
3546 686 3782 740 assidue

2132 763 2439 817 faciebant.
2472 766 2623 819 Ante
2643 782 2914 821 occasum
2936 774 3131 823 autem
3158 770 3319 836 solis,
3357 772 3412 826 in
3438 778 3603 829 antro
3637 789 3777 845 pau-

2128 850 2313 906 lulum
2345 852 2740 923 quiescentes,
2766 855 2821 908 hi
2849 857 3089 926 quidem
3139 859 3298 927 hinc,
3324 860 3407 914 illi
3430 877 3563 916 vero
3590 862 3770 929 illinc,

2124 955 2330 995 omnes
2361 957 2495 997 vero
2531 944 2926 1015 undequaqus
2956 944 3013 999 in
3048 953 3283 1001 antrum
3322 951 3767 1022 conveniebant,

2123 1033 2179 1083 et
2218 1028 2464 1101 hymnos
2510 1032 2870 1103 vespertinus
2916 1034 3093 1089 simul
3156 1038 3401 1092 Domino
3433 1039 3772 1095 offerebant.

2122 1117 2274 1174 802
2307 1119 2539 1175 Solebat
2568 1127 2763 1176 autem
2796 1122 2919 1192 ipse
2952 1140 3185 1195 quoque
3222 1142 3397 1181 senex
3447 1145 3631 1183 unum
3665 1130 3773 1185 ξιὶί-

2137 1224 2310 1278 quem
2333 1226 2399 1264 ex
2422 1210 2843 1280 insignioribus
2869 1230 3171 1269 assumere
3202 1216 3424 1271 socium
3461 1217 3658 1277 ofﬁcii.

2191 1298 2557 1368 Sequebatur
2608 1304 2802 1356 autem
2853 1319 2987 1357 eum
3035 1304 3370 1373 fequentius
3401 1306 3489 1361 vir
3519 1292 3757 1377 quidam

2119 1402 2329 1457 genere
2354 1388 2589 1458 quidem
2612 1388 3001 1455 Persa,forma
3020 1398 3218 1447 autem
3244 1395 3507 1465 corporis
3524 1412 3775 1465 magnus

2120 1481 2177 1529 et
2198 1477 2783 1542 admirabilis,f0rma
2804 1496 2935 1533 vero
2959 1483 3219 1551 corporis
3238 1483 3428 1553 magis
3451 1485 3517 1537 ad
3531 1486 3770 1538 mirabi-

2118 1563 2230 1619 lem
2262 1565 2601 1635 possidebat
2638 1568 2916 1621 animam.
2960 1570 3095 1623 Erat
3126 1580 3315 1624 autem
3352 1572 3401 1625 ei
3436 1589 3643 1628 nomen
3672 1574 3767 1629 Ja-

2117 1655 2454 1724 cobus(l1),
2498 1656 2595 1725 qui
2629 1655 2800 1709 etiam
2842 1664 2975 1727 post
3023 1658 3182 1713 illius
3232 1664 3476 1715 mortem
3512 1660 3570 1715 in
3604 1664 3764 1716 omni

2116 1744 2351 1813 quidem
2388 1745 2596 1800 virtute
2628 1746 3011 1818 resplenduit.
3044 1750 3178 1803 Fuit
3208 1755 3403 1805 autem
3433 1751 3685 1823 insignis
3707 1758 3763 1807 et

336 1835 1129 1906 poris:vescebanturautem
1149 1834 1260 1905 ipsi
1280 1850 1514 1905 quoque
1535 1833 2001 1905 similiteratque
2035 1870 2079 1932 Β
2113 1834 2386 1903 illustris,
2410 1852 2525 1889 non
2566 1835 2638 1890 iis
2674 1836 2814 1891 solis
2839 1854 2967 1907 qua-:-
2990 1837 3108 1892 illic
3130 1844 3318 1907 erant,
3344 1841 3445 1895 sed
3488 1840 3662 1895 etiam
3687 1842 3759 1895 iis

334 1923 687 1995 paedotriba,
708 1922 1037 1979 hordeaceo
1057 1937 1208 1994 pane
1230 1921 1351 1979 sale
1370 1922 1626 1978 condito.
1653 1922 1865 1994 Aliquo
1890 1940 1994 1977 au-

336 2017 454 2068 tem
480 2017 623 2084 post
645 2018 931 2083 tempore,
955 2016 1012 2067 et
1036 2012 1195 2068 alera
1241 2010 1449 2084 sponte
1493 2012 1794 2067 nascentia
1836 2010 1996 2066 colli-

326 2107 562 2173 gentes,
598 2102 811 2157 deinde
838 2100 996 2157 dolia
1020 2101 1356 2173 implentes,
1379 2104 1436 2155 et
1469 2100 1669 2155 muriae
1702 2105 1993 2171 quantum

326 2192 477 2245 satis
503 2195 632 2246 erat
648 2190 1056 2256 miseentes,id
1072 2190 1368 2245 habebant
1387 2190 1697 2245 obsonium
1725 2188 1824 2260 qui
1848 2204 1995 2260 opus

326 2280 632 2336 habebant
653 2280 975 2335 curatione.
993 2279 1094 2334 His
1118 2283 1315 2334 autem
1341 2278 1603 2334 oleribus
1622 2277 1866 2333 humida
1888 2277 1991 2332 ha-

324 2368 595 2423 bitacula
619 2372 782 2439 Esunt
819 2369 1074 2424 maxime
1099 2368 1345 2435 infesta;
1375 2367 1564 2423 solent
1585 2368 1741 2422 enim
1764 2383 1871 2421 sua
1897 2384 1991 2421 na-

327 2464 466 2513 tura
495 2459 585 2513 eis
618 2458 960 2529 ingenerare
991 2457 1170 2513 situm
1208 2462 1265 2513 et
1295 2456 1779 2528 putrefactionem
1808 2472 1821 2511 :
1855 2472 1989 2511 eum

324 2548 469 2603 huic
487 2564 629 2620 ergo
651 2548 899 2603 obsonio
922 2548 979 2602 id
1022 2546 1345 2602 accedisset
1383 2548 1535 2616 (erat
1560 2546 1717 2600 enim
1752 2551 1987 2600 antrum

328 2640 723 2710 undiqueque
744 2638 912 2692 valde
936 2638 1292 2704 humidum),
1309 2637 1720 2709 SUpplicarunt
1742 2636 1868 2690 seni
1894 2652 1987 2691 so-

324 2728 514 2796 dales,
543 2733 607 2781 ut
638 2726 751 2782 sibi
800 2742 1035 2797 parvam
1068 2725 1327 2796 aliquam
1353 2724 1989 2780 domunculamliceret

324 2823 655 2880 exstruere,
680 2832 808 2886 qua:
840 2815 1136 2870 sufﬁceret
1156 2813 1383 2869 obsonii
1421 2813 1579 2869 vasis
1601 2812 1981 2883 accipiendis.

322 2906 424 2961 Ille
440 2911 639 2961 autem
658 2906 847 2975 primo
870 2904 1106 2975 quidem
1132 2902 1492 2977 postulatum
1518 2903 1757 2958 minime
1776 2904 1985 2958 admit-

322 2996 487 3050 tabat
526 3013 541 3050 :
591 2995 829 3049 tandem
862 2999 1059 3049 autem
1112 3009 1434 3065 persuasus
1467 2994 1524 3064 (a
1574 3008 1785 3064 magno
1826 2994 1981 3047 enim

318 3085 504 3142 Paulo
528 3085 814 3140 didicerat
829 3101 941 3140 non
958 3100 1357 3155 quasrerequae
1372 3101 1476 3139 sua
1499 3084 1686 3154 sunt[l
1706 3084 1981 3153 Cor.xm],

324 3176 423 3229 sed
451 3174 678 3245 aliquid
725 3174 1043 3228 concedere
1080 3178 1135 3228 et
1172 3188 1233 3228 se
1274 3173 1716 3228 accommodare
1740 3172 1978 3226 humili-

2112 1939 2238 1992 quaa
2271 1929 2437 1977 erant
2470 1923 2523 1976 in
2550 1924 2715 1993 Syria
2743 1925 3128 1997 philosophia:
3151 1928 3479 1999 gymnasiis
3509 1945 3610 1984 seu
3636 1946 3761 1984 mo-

2110 2010 2406 2078 nasteriis,
2442 2012 2500 2065 in
2543 2012 2759 2082 quibus
2802 2014 2975 2069 etiam
3011 2015 3189 2069 vitam
3225 2017 3397 2082 finiit,
3422 2033 3553 2073 cum
3582 2018 3762 2073 vixis-

2109 2104 2216 2169 set,
2250 2104 2313 2154 ut
2346 2100 2547 2169 fertur,
2581 2107 2815 2155 centum
2856 2107 2913 2155 et
2960 2108 3216 2172 quatuor
3267 2122 3473 2160 annos.
3529 2106 3583 2161 Is
3624 2124 3758 2161 cum

2107 2194 2262 2245 esset
2292 2206 2504 2259 magno
2554 2189 2681 2246 seni
2739 2191 2810 2245 ad
2862 2190 3241 2247 solitudinem
3273 2194 3376 2247 vite
3421 2210 3634 2263 eomes,
3667 2211 3756 2251 se-

2109 2280 2397 2349 quebatur
2430 2278 2679 2334 eminus.
2708 2283 2833 2334 Non
2857 2280 3088 2335 sinebat
3117 2282 3274 2335 enim
3307 2283 3589 2355 magister
3618 2300 3752 2339 eum

2106 2367 2348 2439 propius
2387 2368 2679 2434 accedere,
2716 2385 2787 2423 ne
2816 2369 3041 2425 occasio
3073 2370 3403 2426 disserendi
3437 2387 3505 2426 ex
3546 2388 3612 2427 eo
3646 2390 3749 2427 su-

2105 2462 2385 2526 meretur;
2418 2474 2610 2513 sermo
2656 2462 2849 2513 autem
2880 2459 3246 2515 abstraheret
3279 2466 3538 2516 mentem
3585 2480 3618 2517 a
3648 2462 3749 2518 Dei

2104 2546 2613 2617 contemplatione.
2656 2548 2917 2617 Sequens
2948 2553 3167 2613 autem,
3201 2549 3259 2603 in
3290 2550 3383 2605 via
3429 2551 3576 2606 vidit
3605 2552 3747 2607 dra-

2103 2652 2305 2691 conem
2342 2636 2696 2701 maximum;
2729 2636 2936 2691 deinde
2967 2655 3100 2692 eum
3148 2640 3598 2710 contemplatus,
3632 2658 3747 2697 non

2102 2737 2189 2780 est
2223 2726 2463 2795 quidem
2497 2743 2678 2781 ausus
2721 2727 2990 2797 progredi
3023 2744 3157 2781 cum
3195 2744 3347 2799 saepe
3386 2735 3581 2784 autem
3610 2746 3743 2788 eum

2102 2819 2402 2886 praemetu
2456 2816 2732 2870 voluisset
2781 2815 3096 2883 declinare,
3131 2834 3339 2872 rursus
3381 2818 3748 2873 confirmavit

2101 2903 2386 2959 animum.
2422 2904 2638 2959 Deinde
2678 2920 2813 2959 cum
2864 2904 3182 2961 inclinatus
3229 2906 3551 2977 accepisset
3597 2909 3743 2979 lapi-

2100 2994 2227 3049 dem
2252 2999 2307 3049 et
2337 3012 2470 3049 eum
2503 2996 2863 3067 projecisset.
2897 2996 3045 3051 vidit
3090 2997 3403 3052 draconem
3448 2997 3506 3051 in
3540 2998 3744 3053 eodem

2102 3088 2254 3137 statu
2291 3089 2623 3139 manentem
2650 3102 2763 3139 non
2796 3101 2969 3155 posse
2993 3102 3054 3140 se
3077 3086 3315 3143 omnino
3340 3088 3743 3142 movere.Cum

2099 3176 2295 3227 autem
2324 3189 2459 3227 eum
2493 3173 2878 3229 intellexisset
2900 3192 3027 3229 esse
3050 3179 3369 3245 mortuum,
3391 3176 3745 3231 existimavit

315 3264 479 3333 bus),
512 3236 679 3317 dedit
699 3262 937 3332 quidem
960 3261 1329 3319 domunculae
1376 3263 1606 3317 brevem
1654 3264 1970 3332 quamdam
2001 3236 2045 3299 C
2084 3278 2213 3316 esse
2248 3279 2396 3332 opus
2448 3263 2606 3316 senis
2663 3268 2911 3317 mortem
2955 3263 3181 3319 bellum.
3232 3236 3501 3320 Confecto
3534 3272 3730 3321 autem

311 3358 369 3408 et
394 3352 675 3423 exiguam
702 3351 1217 3417 mensuram,abiit
1240 3356 1435 3405 autem
1463 3350 1663 3421 procul
1690 3352 1761 3406 ab
1787 3355 1972 3419 antro,

310 3443 526 3497 solitas
548 3440 857 3496 oblaturus
894 3446 1013 3497 Deo
1057 3441 1537 3512 supplicationes.
1576 3438 1793 3495 Solitus
1814 3440 1971 3495 enim

308 3536 437 3585 erat
454 3546 614 3600 saepe
630 3530 868 3600 quidem
884 3529 1313 3601 quinquaginta
1336 3528 1975 3599 stadia,nonnuuquam

309 3624 515 3674 autem
550 3619 728 3673 etiam
765 3618 854 3673 bis
891 3618 1129 3673 totidem
1162 3618 1220 3673 in
1248 3619 1544 3673 desertum
1573 3618 1970 3688 proficiscens,

302 3713 361 3762 et
381 3725 448 3762 se
479 3707 557 3762 ab
584 3708 741 3762 omni
763 3707 1020 3763 humana
1045 3707 1474 3763 consuetudine
1497 3722 1795 3776 separans,
1823 3710 1879 3760 et
1900 3707 1969 3760 ad

305 3798 581 3867 seipsum
609 3797 861 3866 rediens,
888 3812 989 3866 per
1012 3813 1071 3852 se
1095 3812 1229 3851 cum
1272 3796 1387 3851 Deo
1428 3796 1703 3866 Congredi
1726 3812 1791 3850 ao
1817 3795 1968 3864 icon-

304 3887 643 3953 versari,et
678 3886 935 3940 divinam
981 3883 1145 3940 illam
1186 3888 1243 3939 et
1282 3884 1637 3939 ineffabilem
1678 3882 1967 3956 speculari

308 3974 843 4047 pulchritudinem.
876 3978 995 4029 Hoc
1036 3974 1220 4029 otium
1262 3987 1395 4028 eum
1419 3973 1836 4044 sumpsissent,
1869 3973 1966 4043 qui

308 4070 375 4120 ut
407 4064 609 4118 abillo
632 4081 773 4119 cura
794 4080 996 4119 eorum
1031 4069 1350 4135 gereretur,
1377 4063 1538 4134 digni
1565 4068 1733 4117 erant
1759 4063 1965 4131 habiti,

310 4154 449 4208 usui
484 4152 725 4225 quidem
751 4153 917 4223 justa
963 4152 1304 4225 symmetria
1345 4152 1818 4223 respondentem,
1867 4153 1965 4206 sed

310 4244 603 4312 majorem
636 4259 815 4313 quam
850 4242 1006 4311 jussi
1062 4242 1312 4305 fuerant,
1345 4246 1683 4296 exstruxere
1713 4240 1965 4295 domun-

308 4331 540 4387 culam.
570 4332 800 4387 Decimo
849 4335 1043 4387 autem
1077 4332 1193 4399 die,
1237 4330 1415 4387 veluti
1458 4330 1696 4400 quidem
1742 4330 1965 4399 Moyses

306 4436 590 4477 reversus
621 4438 655 4475 a
683 4425 898 4487 monte,
927 4421 1076 4475 etab
1100 4436 1169 4475 ea
1190 4437 1318 4491 quis
1345 4419 1541 4475 verbis
1563 4420 1841 4490 explicari
1861 4436 1962 4473 ne-

307 4511 441 4582 quit
484 4509 1002 4581 contemplatione,
1052 4524 1184 4563 cum
1218 4507 1461 4563 vidisset
1504 4508 1698 4577 majus
1746 4508 1963 4563 factum

2090 3350 2318 3417 itinere,
2349 3356 2406 3404 et
2452 3350 2805 3419 hymnorum
2840 3352 3128 3423 completo
3174 3352 3389 3420 ofﬁcio,
3421 3358 3734 3423 postquam

2088 3438 2241 3493 venit
2290 3443 2523 3510 tempus
2568 3439 2809 3510 quietis,
2842 3445 2899 3495 et
2930 3442 3142 3495 sedens
3184 3456 3382 3508 senex,
3412 3442 3463 3496 ei
3504 3459 3734 3514 quoque

2077 3528 2261 3596 jussit
2283 3531 2347 3582 ut
2380 3544 2595 3598 corpus
2627 3528 2809 3599 quieti
2844 3546 3159 3601 parumper
3188 3530 3441 3585 traderet
3472 3531 3730 3602 primum

2085 3616 2322 3687 quidem
2356 3618 2595 3672 sedebat
2626 3617 2839 3673 tacitus
2874 3635 2886 3673 :
2922 3636 3055 3673 cum
3087 3624 3281 3675 autem
3310 3636 3485 3675 senex
3509 3636 3731 3675 sermo-

2093 3722 2224 3759 nem
2251 3706 2569 3775 quemdam
2594 3706 2807 3762 leniter
2826 3708 3142 3763 subridens
3162 3726 3476 3779 aggressus
3504 3714 3609 3773 est,
3636 3727 3728 3763 ro-

2080 3794 2237 3865 gavit
2297 3794 2550 3849 Jacobus
2584 3801 2649 3849 ut
2706 3795 2756 3851 ei
2817 3796 3062 3867 aperiret
3119 3797 3175 3851 id
3209 3798 3362 3866 quod
3398 3798 3725 3868 ignorabat.

2079 3886 2224 3939 Cum
2259 3882 2309 3937 is
2331 3887 2524 3937 autem
2554 3885 2920 3953 permisisset
2951 3900 3177 3956 rogare,
3228 3885 3379 3952 Vidi,
3420 3886 3632 3955 inquit,
3674 3888 3730 3940 in

2079 3973 2171 4026 via
2204 3972 2525 4026 maximum
2557 3975 2868 4029 draconem
2896 3976 3205 4045 jacentem,
3236 3981 3293 4031 et
3324 3976 3578 4047 primum
3603 3976 3728 4045 qui-

2080 4061 2210 4115 dem
2243 4060 2433 4127 timui,
2468 4060 2633 4116 illum
2667 4064 2855 4117 vivere
2877 4064 3247 4131 existimans,
3272 4069 3583 4136 postquam
3621 4082 3730 4120 au-

2078 4156 2193 4204 tem
2229 4166 2362 4204 eum
2414 4152 2610 4221 aspexi
2661 4156 2981 4222 mortuum,
3032 4170 3277 4209 securus
3334 4155 3442 4208 iter
3472 4170 3604 4208 sum
3639 4155 3727 4207 in-

2077 4256 2336 4309 gressus.
2371 4240 2476 4295 Dio
2518 4240 2682 4310 mihi,
2708 4241 2920 4312 inquit,
2950 4259 2981 4296 o
3016 4248 3201 4313 pater,
3226 4243 3359 4313 quis
3383 4258 3517 4296 eum
3542 4244 3726 4295 inter-

2079 4328 2211 4383 fecit
2234 4328 2257 4381 '2
2282 4333 2361 4383 Tu
2386 4328 2540 4384 enim
2569 4332 2958 4401 prascedebas,
2982 4332 3180 4385 nullus
3212 4337 3407 4385 autem
3432 4330 3584 4384 alius
3615 4329 3723 4384 hac

2079 4417 2373 4488 praeteriit.
2402 4423 2588 4473 Senex
2603 4424 2796 4473 autem
2825 4438 2837 4475 :
2863 4420 3060 4487 Cessa,
3080 4419 3376 4490 inquit,de
3400 4419 3474 4473 iis
3496 4420 3725 4473 curiose

2079 4506 2428 4577 percontari,
2453 4524 2578 4576 quae
2603 4507 2676 4561 iis
2700 4508 2794 4577 qui
2820 4508 3197 4563 sciscitantur
3219 4525 3332 4563 non
3358 4514 3607 4579 possunt
3630 4507 3719 4562 ul-

310 4616 497 4670 quam
532 4598 764 4653 volebat
794 4596 1131 4665 aediﬁcium,
1154 4602 1390 4663 Vereor,
1425 4596 1636 4667 inquit,
1674 4612 1706 4651 0
1738 4596 1869 4663 virl,
1893 4614 1965 4652 ne
1998 4604 2041 4667 1)
2076 4594 2189 4648 1am
2220 4593 2423 4649 afferre
2444 4594 2785 4650 utilitatem.
2817 4598 3034 4649 Verum
3068 4595 3251 4650 nihilo
3289 4596 3513 4652 scecius
3538 4596 3721 4650 insta-

306 4690 452 4743 dum
476 4694 713 4743 terrena
735 4688 1051 4742 dilatamus
1079 4686 1438 4754 habitacula,
1471 4686 1809 4740 minuemus
1845 4702 1963 4739 cm-

308 4776 486 4832 lestia
511 4792 525 4831 :
548 4777 709 4846 atqui
743 4775 864 4832 haec
897 4775 1136 4846 quidem
1167 4779 1309 4829 sunt
1344 4774 1415 4829 ad
1454 4780 1714 4844 tempus,
1748 4780 1805 4829 et
1836 4790 1963 4845 quas

312 4866 483 4920 nobis
530 4882 850 4935 parumper
890 4864 1257 4930 convenient,
1300 4864 1559 4919 cmlestia
1591 4869 1784 4919 autem
1826 4868 1964 4919 sunt

310 4960 552 5023 εἰει-ηε,
586 4959 796 5025 etque
836 4952 1069 5008 nullum
1120 4958 1373 5024 possunt
1421 4953 1595 5007 ﬁnem
1618 4969 1842 5023 capere.
1892 4958 1965 5007 Et

307 5045 434 5098 hee
457 5044 699 5114 quidem
732 5043 879 5098 dixit
914 5043 1157 5099 chorum
1184 5043 1399 5097 dedens
1428 5059 1497 5097 ea
1518 5059 1644 5112 quae
1674 5046 1815 5097 sunt
1837 5058 1963 5112 per-

306 5134 574 5201 fectiora;
600 5132 867 5188 toleravit
888 5137 1079 5187 tamen
1104 5148 1236 5187 cum
1263 5147 1460 5187 vocem
1492 5131 1776 5186 audiisset
1796 5148 1961 5202 apos-

309 5221 553 5277 tolicam
584 5239 597 5276 :
626 5221 750 5276 Non
775 5237 971 5293 quaero
1010 5221 1164 5292 quod
1195 5219 1341 5275 mihi
1367 5224 1456 5275 est
1478 5219 1641 5289 utile,
1674 5221 1773 5275 sed
1808 5222 1960 5291 quod

310 5310 541 5377 multis,
566 5314 631 5365 ut
660 5315 967 5366 serventur
997 5312 1044 5381 (ι
1069 5310 1189 5365 Cor.
1214 5310 1292 5380 x).
1320 5309 1458 5363 Illos
1478 5324 1713 5379 quoque
1742 5309 1960 5375 docuit,

305 5402 475 5455 intus
499 5400 739 5470 quidem
762 5416 1139 5455 communem
1171 5399 1288 5454 Deo
1320 5399 1525 5454 efferre
1557 5398 1960 5469 hymnodiam,

308 5498 446 5561 post
482 5500 756 5544 aurarum
797 5494 994 5544 autem
1030 5490 1180 5543 duos
1219 5488 1398 5543 simul
1423 5487 1657 5542 exirein
1690 5487 1964 5541 solitudi-

307 5594 450 5631 nem
489 5594 501 5631 :
535 5583 591 5632 et
620 5593 806 5633 unum
840 5576 1077 5649 quidem
1114 5577 1282 5631 ﬂexis
1324 5576 1576 5647 genibus
1608 5573 1811 5631 offerre
1833 5593 1961 5631 eam

306 5683 441 5737 quae
485 5667 732 5722 Domino
775 5668 1026 5722 debetur
1063 5666 1487 5733 adorationem,
1534 5664 1783 5720 alterum
1830 5682 1963 5721 vero

310 5760 579 5811 stantem
641 5754 951 5811 Davidicos
1024 5754 1283 5825 psalmos
1340 5770 1545 5809 canere
1603 5752 1959 5824 quindecim.

2076 4684 2175 4738 bat
2202 4683 2460 4738 Jacobus
2483 4683 2876 4754 admirabilis,
2910 4702 3108 4740 verum
3164 4686 3314 4741 scire
3359 4686 3720 4741 desiderans.

2074 4778 2256 4828 Senex
2277 4778 2473 4829 autem
2495 4774 2593 4828 diu
2627 4774 2861 4845 quidem
2897 4781 3130 4830 tentans
3162 4776 3369 4841 celare,
3396 4794 3509 4830 non
3531 4777 3721 4830 ferens

2075 4868 2268 4918 autem
2294 4862 2549 4917 amicum
2575 4864 2797 4919 diutius
2822 4882 3067 4937 angere:
3095 4867 3233 4936 Ego,
3260 4864 3471 4936 inquit,
3494 4864 3599 4918 tibi
3632 4864 3720 4917 di-

2074 4970 2225 5018 cam,
2252 4953 2300 5006 si
2338 4952 2393 5005 id
2419 4953 2568 5008 seire
2607 4954 2905 5008 desideras
2934 4972 2945 5008 :
2970 4954 3240 5024 prmeipio
3276 4958 3493 5022 autem,
3534 4959 3598 5007 ut
3631 4970 3721 5007 me

2074 5042 2201 5095 vivo
2225 5040 2425 5095 nullus
2456 5041 2608 5097 alius
2630 5041 2741 5098 hoc
2766 5060 2798 5097 a
2831 5048 2884 5097 te
2907 5041 3183 5099 resciscat
3224 5045 3381 5114 quod
3406 5043 3717 5098 dicendum

2074 5138 2183 5197 est;
2218 5130 2339 5184 huic
2358 5129 2516 5184 enim
2536 5136 2676 5186 sunt
2696 5132 2962 5201 celanda,
2984 5148 3114 5202 qum
3136 5133 3205 5188 ad
3239 5132 3630 5201 arrogantiam
3666 5137 3721 5185 et

2074 5220 2287 5275 fastum
2313 5236 2465 5289 saepe
2490 5220 2767 5291 excitant;
2798 5223 2897 5275 sed
2930 5222 2977 5275 si
3001 5237 3106 5292 ego
3139 5222 3276 5277 hinc
3305 5238 3629 5287 excessero,
3664 5228 3722 5276 et

2074 5310 2143 5363 ab
2162 5309 2453 5378 ejusmodi
2479 5310 2658 5364 animi
2685 5310 3718 5380 perturbationibusfueroliberatus,

2080 5414 2195 5453 non
2218 5406 2343 5453 velo
2363 5399 2683 5468 quominus
2707 5400 2869 5455 dicas
2892 5404 2947 5454 et
2970 5416 3173 5456 narres
3203 5401 3320 5455 vim
3348 5400 3561 5456 divinas
3583 5418 3721 5471 gra«

2074 5488 2188 5541 tias.
2222 5487 2383 5541 Scias
2413 5504 2550 5558 ergo
2582 5488 2775 5559 inquit
2820 5506 3069 5561 magnus
3116 5490 3408 5557 Julianus,
3441 5490 3593 5560 quod
3628 5505 3719 5542 me

2072 5577 2182 5630 iter
2209 5577 2634 5647 ingredientem
2662 5578 2763 5633 illa
2803 5579 3017 5635 invasit
3048 5579 3242 5634 bellua
3263 5595 3444 5650 usque
3486 5577 3717 5647 aperuit

2074 5683 2165 5721 me
2177 5665 2420 5737 capiens
2440 5666 2736 5731 devorare;
2761 5685 2866 5738 ego
2884 5675 3083 5723 autem
3099 5670 3301 5724 Jesum
3326 5666 3717 5737 appellans,et

2075 5756 2258 5826 digito
2289 5756 2611 5827 ιτορὴωιη]
2638 5757 2828 5812 crucis
2850 5759 3188 5826 ostendens,
3222 5772 3454 5811 omnem
3479 5752 3711 5823 quidem
