4088 6180
466 212 540 265 23
1643 206 1739 258 DE
1779 205 1968 258 VlTIS
2006 206 2307 260 PATRUM
2343 207 2557 264 LIBER
2595 215 2692 266 IX.
3812 213 3883 266 24

475 333 704 390 excussi
728 333 992 386 timorem
1021 328 1341 400 :extemplo
1375 331 1574 382 autem
1608 327 1726 380 vidi
1758 327 1924 381 humi
1973 327 2118 381 ceci-
2155 332 2204 394 Α
2239 328 2483 387 formam
2509 335 2640 390 vitae
2667 336 3422 405 nionasticm,monasticam
3443 341 3637 391 autem
3661 340 3718 391 et
3744 338 3882 391 civi-

475 425 666 479 dissse
709 420 994 487 belluam;
1049 423 1106 473 et
1153 417 1453 472 communi
1504 415 1742 471 laudato
1795 417 2121 482 Servatore,

477 510 705 585 perrexi
738 508 1010 564 ulterius.
1053 507 1145 562 Sic
1178 507 1344 560 ﬁnita
1406 504 1760 574 narratione,
1793 507 1859 559 ad
1889 509 2122 560 antrum

479 607 568 657 est
601 600 918 672 profectus.

551 688 887 761 Aliquando
911 690 1105 740 autem
1131 684 1492 749 adolescens,
1515 682 1695 737 nobili
1733 683 1970 754 quidem
2005 683 2128 739 loco

483 779 787 841 natus,sed
817 774 1075 830 molliter
1096 774 1689 843 educatus,majorem
1711 776 1910 826 autem
1943 778 2130 828 osten-

485 871 629 924 dens
644 863 1172 938 promptitudinem
1196 861 1442 917 etanimi
1468 861 1830 916 alacritatem
1846 877 2024 932 quam
2041 863 2129 915 vi-

486 975 577 1013 res
617 957 763 1011 ferre
802 957 1063 1024 possent,
1090 949 1335 1022 supplex
1375 949 1541 1021 petiit
1561 967 1593 1004 a
1616 965 1754 1004 sene
1780 955 1845 1004 ut
1868 954 2024 1005 esset
2048 950 2132 1005 illi

484 1050 586 1104 vim
628 1062 825 1103 comes
848 1045 1010 1100 eunti
1051 1043 1110 1098 in
1155 1042 1556 1108 solitudinem,
1591 1056 1706 1096 non
1739 1041 1866 1111 ejus
1895 1042 2133 1112 quidem

489 1154 666 1209 quam
695 1151 897 1191 omnes
927 1133 1170 1188 obibant
1201 1131 1487 1204 quotidie,
1520 1131 1621 1184 sed
1658 1130 2042 1201 longissimae,
2080 1135 2138 1186 et

489 1245 607 1298 qua
628 1242 781 1296 saepe
802 1227 926 1278 erat
947 1227 1076 1278 octo
1097 1225 1154 1276 et
1171 1222 1370 1277 decem
1391 1220 1599 1275 diebus
1621 1219 2135 1290 peregrinandum.

490 1318 545 1372 Is
570 1321 764 1371 autem
790 1317 913 1368 erat
943 1311 1361 1367 celeberrimus
1383 1309 1480 1364 ille
1520 1309 1807 1365 Asterius.
1855 1309 2001 1364 Cum
2038 1327 2141 1364 au-

493 1410 608 1460 tem
660 1403 895 1458 divinus
926 1417 1100 1456 senex
1145 1399 1475 1470 prohiberet
1498 1399 1796 1468 juvenem,
1830 1404 1887 1453 et
1918 1399 2143 1453 aridam

496 1509 767 1565 aquaque
781 1495 1072 1546 carentem
1093 1488 1309 1543 diceret
1327 1504 1456 1542 esse
1479 1487 2148 1554 solitudinem,instabat

496 1582 838 1638 adolescens
869 1579 1182 1634 obsecrans
1225 1581 1289 1630 ut
1310 1576 1418 1631 hoc
1457 1575 1506 1630 ei
1531 1577 1750 1630 donum
1780 1577 2143 1632 concederet.

2231 416 2343 473 lem
2379 422 2553 477 simul
2609 427 2956 495 temperavit
2996 426 3306 493 virtutem;
3340 431 3398 481 et
3450 424 3611 480 illius
3649 427 3884 496 quidem

2234 523 2478 566 sumens
2496 518 2754 568 exactam
2779 515 3217 585 perfectionem,
3245 516 3424 584 hujus
3449 522 3639 569 aulem
3664 532 3889 570 oecono-

2237 597 2416 652 miam
2466 618 2531 655 ac
2585 603 3107 674 dispensationem,
3144 605 3200 658 in
3226 620 3409 658 unum
3435 603 3619 675 coegit
3663 620 3731 658 ea
3761 622 3886 675 quae

2237 692 2409 741 erant
2439 688 2594 744 inter
2616 707 2678 746 se
2705 693 3021 762 disjuncta.

2305 777 2415 830 Sed
2433 777 2612 848 hujus
2634 781 2864 836 virtutis
2886 785 2942 836 et
2963 785 3201 837 venator
3217 785 3274 835 et
3297 781 3642 836 exercitator
3658 781 3769 836 fuit
3789 782 3887 837 ille

2243 866 2641 938 Asterius.qui
2661 869 2856 939 magni
2882 868 3042 924 illivs
3060 869 3216 925 senis
3232 874 3391 924 tanto
3411 886 3642 941 semper
3660 871 3890 925 teneba-

2243 957 2340 1008 tur
2356 971 2574 1023 amore,
2597 962 2660 1012 ut
2682 974 2833 1029 saepe
2865 958 3105 1028 quidem
3125 959 3217 1014 bis
3242 958 3298 1012 in
3334 975 3509 1027 anno,
3539 976 3691 1031 saepe
3713 960 3891 1015 etiam

2243 1047 2333 1098 ter
2371 1045 2441 1098 ad
2480 1060 2614 1101 eum
2656 1046 3138 1118 proﬁcisceretur.
3171 1048 3423 1103 Veniens
3449 1053 3643 1103 autem
3669 1049 3897 1105 solebat

2247 1133 2471 1189 caricas
2503 1135 2709 1190 afferre
2732 1136 3056 1204 sodalibus,
3089 1153 3338 1193 onerans
3373 1137 3488 1192 tria
3511 1137 3601 1192 vel
3640 1143 3897 1209 quatuor

2241 1221 2532 1292 jumenta.
2569 1224 2727 1280 Duos
2749 1232 2941 1281 autem
2980 1225 3308 1282 medimnos
3349 1225 3632 1298 colligens
3658 1228 3791 1297 (13),
3835 1233 3901 1283 ut

2250 1311 2353 1382 qui
2377 1312 2501 1367 seni
2526 1317 2649 1369 toto
2670 1331 2823 1370 anno
2847 1314 3206 1385 sufﬁcerent,
3231 1314 3287 1370 id
3309 1332 3459 1371 onus
3481 1315 3605 1371 suis
3631 1316 3900 1388 impone-

2253 1400 2355 1455 bat
2396 1401 2682 1469 humeris,
2724 1420 2787 1459 se
2814 1404 3075 1474 magistri
3116 1405 3458 1475 jumentum
3497 1409 3555 1460 et
3587 1421 3803 1460 vocans
3849 1410 3906 1460 et

2256 1494 2561 1560 praestans.
2605 1493 2882 1547 Portabat
2922 1497 3117 1548 autem
3140 1493 3197 1547 id
3223 1510 3394 1558 onus,
3437 1510 3551 1549 non
3583 1495 3782 1550 decem
3819 1495 3907 1550 vel

2255 1578 2464 1649 viginti
2494 1579 2723 1650 stadiis,
2746 1583 2848 1636 sed
2887 1588 3110 1653 septem
3137 1582 3368 1637 dierum
3407 1583 3519 1638 iter
3553 1584 3899 1642 conﬁciens.

497 1673 695 1728 Victus
719 1675 915 1725 autem
938 1667 1211 1739 precibus
1233 1666 1409 1720 cessit
1431 1681 1629 1731 senex,
1664 1663 1762 1720 ille
1787 1682 1920 1720 vero
1943 1682 2148 1736 seque-
2179 1691 2227 1755 B
2259 1667 2402 1722 Cum
2435 1685 2569 1724 eum
2593 1675 2790 1726 autem
2814 1670 3129 1742 aliquando
3152 1671 3395 1727 vidisset
3426 1689 3601 1728 senex
3623 1674 3905 1728 ferentem

497 1763 693 1824 batur,
718 1759 906 1831 primo
932 1755 1171 1828 quidem
1203 1754 1492 1810 alacriter.
1517 1757 1662 1810 Cum
1688 1759 1882 1808 autem
1917 1757 2144 1825 primus

496 1855 555 1905 et
581 1848 877 1904 secundus
900 1850 956 1901 et
995 1844 1203 1899 tertius
1248 1843 1374 1898 dies
1398 1842 1796 1914 praeteriisset,
1820 1847 1879 1898 et
1901 1859 1933 1898 a
1963 1843 2144 1898 radiis

497 1938 640 1995 solis
665 1938 1005 1992 exureretur
1027 1934 1171 1993 (erat
1187 1931 1344 1987 enim
1369 1931 1802 2002 zestas,vigente
1823 1935 2016 1986 autem
2040 1948 2146 1986 aes-

497 2032 616 2083 tate
637 2030 725 2082 est
757 2025 963 2094 utique
988 2022 1222 2076 ﬂamma
1257 2020 1400 2076 solis
1442 2019 1786 2090 ardentior),
1821 2020 1917 2076 siti
1944 2036 2148 2092 perpe-

498 2125 597 2174 tuo
629 2115 956 2171 laborabat.
998 2114 1064 2168 Et
1117 2112 1373 2184 primum
1421 2111 1657 2182 quidem
1695 2127 1826 2166 eum
1876 2111 2149 2167 morbum

499 2206 726 2279 aperire
749 2201 1318 2276 pudebat,memoria
1341 2205 1625 2270 reputans
1652 2215 1719 2254 ea
1741 2216 1867 2270 quae
1890 2199 2002 2255 sibi
2023 2217 2154 2269 prze-

508 2298 667 2352 dicta
685 2295 916 2348 fuerant
947 2308 980 2345 a
1005 2289 1307 2361 magistro.
1342 2289 1599 2344 Tandem
1639 2292 1835 2343 autem
1877 2288 2066 2344 victus
2098 2295 2155 2344 et

505 2385 677 2456 plane
702 2381 942 2437 omnino
961 2378 1259 2442 deﬁciens,
1283 2378 1469 2432 oravit
1493 2393 1693 2432 senem
1718 2383 1783 2432 ut
1805 2378 1896 2432 sui
1920 2379 2154 2434 misere-

505 2479 688 2529 retur.
719 2472 776 2526 Is
817 2473 1012 2525 autem
1041 2484 1174 2522 cum
1221 2484 1344 2537 quae
1368 2466 1416 2521 ei
1443 2467 1790 2538 praedixerat
1829 2473 2156 2523 revocasset

511 2564 567 2616 in
593 2557 1158 2628 memoriam,jussit
1185 2573 1318 2611 eum
1342 2556 1573 2610 reverti.
1605 2556 1750 2612 Cum
1775 2560 1972 2611 autem
1996 2557 2155 2612 dice-

513 2657 602 2707 ret
626 2648 967 2706 adolescens
1001 2663 1103 2700 nec
1144 2663 1204 2700 se
1255 2645 1406 2700 scire
1425 2645 1580 2699 viam
1611 2662 1738 2716 qua:
1767 2646 1926 2700 ducit
1943 2646 2013 2700 ad
2048 2663 2155 2700 an-

509 2747 694 2809 trum,
741 2752 847 2792 nec
887 2736 935 2791 si
979 2735 1173 2799 sciret,
1207 2734 1290 2788 ire
1322 2751 1514 2805 posse,
1548 2751 1680 2789 cum
1717 2734 1838 2788 sint
1878 2734 2028 2789 vires
2058 2735 2154 2790 siti

510 2825 1366 2898 consumptae;misertushomo
1387 2823 1622 2878 divinus
1639 2841 1811 2878 casus
1825 2823 2156 2880 adolescen-

506 2919 668 2984 tis,et
689 2916 999 2988 ignescens
1021 2912 1409 2968 imbecillitati
1433 2912 2155 2985 corporis,genibus§ﬁexis

2262 1756 2522 1812 humeris
2545 1759 2840 1813 sarcinam
2863 1760 3190 1815 caricarum
3213 1776 3363 1832 aegre
3385 1761 3601 1829 ferens,
3620 1761 3766 1817 dixit
3788 1763 3907 1816 hzec

2255 1862 2371 1900 non
2397 1846 2508 1900 sibi
2538 1862 2665 1901 esse
2711 1847 3040 1903 exhibenda
3061 1848 3374 1919 alimenta;
3421 1866 3535 1905 non
3579 1867 3711 1906 esse
3749 1851 3907 1906 enim

2247 1933 2484 2004 justum
2509 1939 2573 1989 ut
2592 1935 2690 1991 ille
2711 1936 2950 2008 quidem
2974 1941 3203 1992 tantum
3224 1938 3452 1994 subiret
3473 1938 3757 2008 laborem,
3784 1940 3910 2010 ipse

2255 2039 2390 2078 vero
2412 2022 2658 2078 delicate
2679 2025 2809 2095 ejus
2845 2026 3137 2080 frueretur
3173 2027 3513 2083 sudoribus.
3552 2031 3698 2083 Cum
3722 2027 3772 2082 is
3805 2045 3908 2082 au-

2257 2115 2376 2166 tem
2394 2113 2660 2182 jurasset
2680 2130 2743 2168 se
2763 2130 2878 2168 non
2902 2129 3030 2169 esse
3052 2131 3203 2170 onus
3227 2132 3261 2169 a
3283 2115 3408 2169 suis
3433 2114 3704 2170 humeris
3727 2117 3912 2186 depo-

2260 2200 2538 2266 siturum,
2559 2201 2673 2256 nisi
2697 2217 2976 2257 assensus
3003 2207 3159 2257 esset
3176 2218 3373 2269 senex,
3409 2217 3471 2257 se
3494 2201 3660 2258 allati
3682 2203 3796 2258 cibi
3821 2204 3910 2257 fu-

2261 2295 2460 2345 turum
2489 2289 2832 2361 participem
2862 2307 2875 2346 :
2903 2291 3159 2360 Faciam,
3192 2291 3386 2363 inquit
3417 2307 3614 2358 senex,
3643 2293 3914 2364 quodju-

2264 2378 2456 2445 betur,
2479 2379 2738 2434 modotu
2779 2381 3224 2451 quamprimum
3269 2381 3529 2452 deponas
3556 2381 3911 2437 canistrum.

2260 2468 2409 2524 Nam
2432 2469 2492 2522 in
2531 2467 2640 2522 hoc
2686 2484 2918 2539 quoque
2955 2469 3304 2524 imitabatur
3327 2469 3586 2540 primum
3623 2470 3916 2540 apostolo-

2261 2572 2417 2622 rum,
2441 2556 2534 2611 cui
2558 2572 2694 2611 cum
2717 2557 3002 2613 voluisset
3038 2557 3325 2612 Dominus
3342 2557 3535 2613 lavare
3561 2559 3689 2629 ejus
3710 2563 3914 2630 pedes,

2263 2646 2425 2717 prius
2449 2646 2677 2716 quidem
2699 2646 2947 2717 negavit,
2989 2651 3187 2718 aperte
3226 2647 3530 2702 afﬁrmans
3553 2647 3608 2702 id
3632 2664 3747 2702 non
3788 2664 3916 2703 esse

2261 2736 2385 2790 futu
2398 2737 2865 2807 rum(Joan.xm).
2887 2739 3208 2806 Postquam
3236 2740 3430 2791 autem
3455 2736 3679 2791 audivit
3696 2737 3818 2792 fore
3850 2741 3916 2791 ut

2267 2825 2716 2895 abrumperetur
2735 2841 2768 2879 a
2786 2824 3018 2880 Domini
3045 2825 3458 2881 communione
3484 2825 3597 2880 nisi
3627 2825 3736 2880 hoc
3773 2842 3914 2881 con-

2261 2913 2511 2982 cederet,
2540 2912 2719 2967 oravit
2739 2918 2803 2967 ut
2824 2918 3030 2984 praeter
3052 2916 3252 2986 pedes,
3278 2930 3492 2969 manus
3511 2931 3744 2985 quoque
3758 2919 3813 2970 et
3830 2932 3920 2969 ca-

508 3004 1130 3072 oravitDominum,et
1170 3001 1375 3056 calidis
1408 3001 1683 3072 lacrymis
1721 3001 1911 3056 solum
1945 3002 2152 3073 irriga-
2188 3044 2229 3110 C
2267 3002 2902 3073 putlavaret.ltaetiam
2920 3003 3919 3075 egregiusJoannesjussustingere

506 3096 673 3161 vit,et
695 3094 847 3148 viam
872 3091 1082 3147 salutis
1107 3090 1272 3162 petiit
1292 3090 1996 3154 adolescenti.Quiautem
2016 3093 2156 3146 facit

506 3184 869 3240 voluntatem
904 3197 1105 3236 eorum
1136 3180 1236 3250 qui
1281 3180 1474 3250 ipsum
1499 3178 1730 3247 timent,
1766 3184 1822 3234 et
1841 3197 2041 3235 eorum
2065 3197 2161 3235 ex-

511 3276 674 3330 audit
697 3273 1040 3340 orationem,
1065 3271 1252 3326 stillas
1278 3271 1671 3341 lacrymarum
1708 3287 1835 3341 quae
1862 3270 2159 3341 pulverem

513 3363 827 3433 attigerant
848 3361 1037 3416 effecit
1065 3361 1280 3415 fontem
1305 3375 1618 3430 aquarum,
1641 3365 1700 3413 et
1719 3360 1802 3413 sic
1827 3359 2046 3415 fluento
2071 3377 2160 3416 re-

515 3455 740 3524 pletum
765 3450 1194 3505 adolescentem
1212 3448 1387 3518 jussit
1408 3448 1567 3502 abire
1591 3449 2038 3518 protinus.Fons
2057 3467 2159 3503 au-

510 3547 629 3596 tem
656 3540 870 3594 mansit
907 3554 1094 3608 usque
1125 3539 1183 3591 in
1207 3537 1557 3590 hodiernum
1583 3536 1736 3591 diem
1777 3536 2041 3592 Mosaicae
2067 3538 2162 3591 di-

508 3629 626 3683 vini
659 3629 818 3683 senis
869 3625 1118 3682 orationi
1175 3626 1368 3679 ferens
1401 3624 1829 3680 testimonium.
1861 3627 2160 3688 Quomodo

509 3718 666 3772 enim
700 3715 797 3771 ille
827 3716 988 3781 olim,
1023 3731 1155 3770 cum
1199 3712 1459 3768 sterilem
1516 3711 1678 3766 illam
1732 3717 1955 3784 petram
1999 3715 2161 3786 virga

509 3805 924 3876 percussisset,
947 3802 1137 3858 effecit
1170 3808 1231 3857 ut
1259 3802 1563 3874 prodceret
1584 3803 1944 3858 exundantes
1975 3821 2160 3875 aquas

509 3893 913 3960 ﬂuviatiles,ut
935 3893 1176 3948 satiaret
1199 3892 1385 3946 multa
1408 3891 1507 3946 illa
1532 3891 1840 3946 hominum
1863 3891 2047 3948 millia
2061 3893 2159 3948 siti

507 3985 800 4050 confecta;
830 3984 910 4037 ita
934 3981 1026 4036 hic
1051 3997 1185 4036 cum
1207 3996 1444 4035 arenam
1471 3979 1628 4035 illam
1655 3979 2057 4036 aridissimam
2082 3982 2156 4036 ir-

507 4073 756 4144 rigasset
779 4071 1071 4140 lacrymis,
1101 4070 1234 4124 fecit
1255 4073 1321 4123 ut
1340 4071 1579 4124 fontana
1604 4073 1950 4124 emanarent
1972 4070 2152 4125 fluen-

504 4169 564 4218 ta
589 4180 601 4229 ;
625 4179 738 4216 non
765 4165 829 4215 ut
851 4159 1172 4215 multarum
1199 4158 1555 4230 myriadum,
1587 4159 1684 4213 sed
1711 4163 1775 4213 ut
1798 4158 1974 4213 unius
2013 4160 2155 4215 ado-

505 4251 786 4308 lescentis
806 4250 1036 4305 afferret
1057 4248 1157 4302 siti
1179 4247 1526 4302 remedium.
1551 4249 1596 4301 A
1619 4247 1820 4302 divina
1841 4247 1997 4302 enim
2019 4265 2152 4320 gra-

505 4343 588 4396 tia
613 4341 809 4395 anima
833 4338 1428 4408 illuminatus,aperte
1457 4336 1992 4408 przeviditfuturam
2019 4339 2151 4393 ado-

503 4428 783 4484 lescentis
806 4425 1243 4494 perfectionem.
1269 4427 1323 4478 Is
1355 4423 1513 4478 enim
1532 4421 1734 4477 multis
1770 4427 1900 4493 post
1925 4427 2152 4495 tempo-

505 4517 669 4571 ribus
691 4516 844 4569 803
869 4532 902 4567 a
924 4514 1122 4568 divina
1148 4517 1494 4584 provocatus
1517 4511 1726 4583 gratia,
1752 4516 1816 4566 ut
1847 4511 1992 4568 alios
2015 4529 2155 4583 quo-

506 4621 618 4676 que
642 4604 857 4659 multos
883 4603 954 4658 ad
991 4603 1258 4659 eamdem
1285 4606 1576 4656 exerceret
1614 4601 1886 4671 gratiam,
1910 4602 1971 4656 in
2011 4602 2155 4659 locis

511 4711 636 4763 quae
664 4697 806 4748 sunt
831 4691 984 4746 circa
1024 4690 1362 4745 Gendarum
1415 4689 1544 4759 [Al.,
1583 4689 1848 4758 Giarum]
1889 4690 2000 4758 (est
2050 4707 2156 4745 au-

506 4787 627 4837 tem
649 4783 700 4837 is
722 4782 884 4836 vicus
900 4778 1312 4835 maximussub
1334 4777 1662 4848 Antiochia)
1685 4777 2010 4846 palaestram
2032 4779 2156 4834 ﬁxit

509 4871 918 4935 monasticam,
965 4873 1020 4923 et
1059 4867 1279 4922 multos
1327 4867 1566 4938 quidem
1614 4866 1787 4921 etiam
1813 4866 1957 4923 alios
1992 4870 2063 4922 ad
2095 4885 2156 4923 se

506 4958 682 5014 traxit
711 4957 969 5012 athletas
994 4956 1402 5028 philosophia.

577 5047 773 5102 Traxit
807 5052 1001 5102 autem
1030 5062 1312 5118 magnum
1337 5060 1571 5116 quoque
1601 5044 1877 5100 Acacium
1904 5046 2037 5117 (l2),
2062 5047 2156 5102 in-

507 5137 735 5208 signem
791 5136 1033 5207 inquam
1086 5135 1253 5190 illum
1309 5139 1368 5190 et
1416 5135 1572 5189 fama
1622 5133 2013 5206 clarum,'qui
2045 5137 2157 5192 fuit

508 5225 747 5296 quidem
792 5225 1063 5297 egregius
1094 5226 1151 5278 in
1185 5224 1303 5279 vita
1339 5223 1686 5288 monastica,
1731 5222 1927 5278 emisit
1955 5229 2152 5280 autem

506 5314 849 5385 splendidos
879 5314 1120 5369 virtutis
1155 5313 1370 5379 radios,
1401 5299 1464 5367 ut
1494 5312 1596 5384 qui
1629 5313 1706 5366 sit
1735 5311 1951 5383 dignus
1982 5312 2154 5367 habi-

509 5407 608 5458 tus
631 5402 731 5474 qui
763 5403 925 5456 ﬁeret
949 5403 1235 5474 pontifex,
1257 5407 1314 5457 et
1335 5401 1664 5456 Berrhmam
1690 5401 2041 5472 pascendam
2066 5406 2156 5456 est

508 5491 770 5547 sortitus.
796 5491 941 5546 Cum
969 5490 1403 5562 quinquaginta
1434 5493 1629 5545 autem
1661 5494 1720 5544 et
1758 5493 1887 5544 octo
1911 5490 2082 5544 annis
2101 5491 2153 5545 ei

507 5579 721 5636 fuisset
768 5596 908 5637 cura
964 5580 1156 5652 gregis
1194 5577 1434 5647 credita,
1470 5595 1585 5634 non
1638 5577 1880 5648 reliquit
1914 5579 2151 5648 quidem

2271 3091 2658 3158 Servatorem,
2684 3091 2848 3162 prius
2891 3093 3132 3162 quidem
3171 3096 3229 3147 et
3269 3108 3439 3146 suam
3483 3092 3792 3147 confessus
3831 3096 3921 3147 est

2269 3179 2633 3249 servitutem,
2656 3185 2711 3234 et
2727 3182 2979 3236 ostendit
3005 3181 3560 3236 Dominum.Postea
3581 3186 3774 3236 autem
3794 3182 3922 3250 jus-

2268 3285 2400 3323 sum
2421 3272 2512 3323 est
2532 3274 2866 3337 exsecutus,
2893 3287 3008 3324 non
3032 3287 3092 3325 se
3117 3287 3320 3341 aspere
3345 3271 3681 3340 gerens,sed
3708 3287 3919 3341 parens

2268 3357 2629 3411 Domino.Ita
2643 3357 2815 3411 etiam
2840 3357 2932 3413 hic
2951 3375 3184 3429 quoque
3201 3359 3288 3412 vir
3309 3358 3545 3414 divinus
3566 3358 3922 3429 gravabatur

2269 3445 2505 3516 quidem
2544 3446 2656 3500 alio
2681 3445 2982 3502 laborante
3005 3447 3130 3517 ipse
3153 3447 3266 3502 frui
3291 3446 3589 3514 alimento;
3630 3448 3724 3501 sed
3751 3451 3919 3516 post-

2269 3551 2444 3606 quam
2468 3534 2612 3588 vidit
2632 3535 3108 3590 ardentissimam
3148 3535 3379 3590 clientis
3418 3535 3599 3590 animi
3642 3533 3915 3590 alacrita-

2268 3629 2408 3688 tem,
2442 3623 2761 3692 praaposuit
2781 3639 2903 3678 sua:
2929 3623 3220 3679 voluntati
3244 3622 3405 3679 illius
3425 3622 3840 3678 ministerium.

2341 3712 2509 3766 Forte
2529 3719 2722 3766 autem
2740 3710 2956 3782 aliquis
2973 3728 3040 3767 ex
3053 3713 3125 3767 iis
3141 3713 3240 3782 qui
3256 3729 3325 3768 ex
3343 3713 3596 3767 aliorum
3614 3711 3921 3783 reprehen-

2266 3801 2427 3856 sione
2471 3816 2739 3871 magnam
2769 3800 3008 3873 capiunt
3041 3802 3426 3873 voluptatem,
3449 3806 3506 3856 et
3528 3817 3596 3856 ea
3618 3818 3748 3869 quae
3785 3807 3923 3856 sunt

2267 3889 2515 3945 honesta
2539 3889 2732 3944 solum
2756 3890 3092 3945 didicerunt
3112 3889 3596 3958 irridere,dixerit
3618 3889 3769 3945 hanc
3784 3907 3916 3944 nar.

2266 3978 2550 4033 rationem
2575 3994 2692 4033 non
2714 3994 2845 4033 esse
2859 3979 3097 4050 dignam
3121 3996 3251 4051 quae
3275 3980 3913 4050 commemoretur.Ego

2266 4073 2460 4123 autem
2482 4067 2611 4122 aliis
2635 4066 2816 4138 hujus
2840 4069 2948 4124 viri
2969 4068 3272 4124 miraculis
3296 4067 3404 4124 hoc
3437 4083 3671 4139 quoque
3702 4067 3912 4136 adjeci,

2265 4173 2378 4211 non
2405 4155 2596 4211 solum
2623 4173 2971 4228 magnorum
2994 4157 3249 4212 virorum
3272 4157 3474 4213 volens
3498 4157 3556 4211 in
3571 4173 3702 4212 eum
3731 4156 3910 4227 pieta-

2261 4249 2378 4300 tem
2406 4246 2732 4315 ostendere,
2749 4246 2850 4300 sed
2877 4246 3053 4301 etiam
3076 4263 3306 4302 morum
3330 4247 3459 4317 ejus
3479 4245 3827 4301 suavitatem
3852 4250 3907 4299 et

2266 4334 2726 4389 moderationem
2772 4333 3088 4404 declarare,
3139 4336 3483 4391 existimans
3524 4333 3910 4389 conducibile.

2263 4423 2409 4478 Nam
2451 4439 2584 4477 cum
2633 4427 2796 4478 tanta
2819 4428 2975 4478 esset
3003 4428 3060 4478 et
3097 4424 3197 4478 tali
3227 4425 3462 4492 virtute,
3495 4439 3566 4478 ne
3603 4422 3908 4478 levissimo

2265 4512 2504 4584 quidem
2532 4511 2754 4568 honore
2778 4512 3041 4583 seipsum
3067 4512 3312 4585 dignum
3337 4529 3466 4569 esse
3487 4512 3782 4577 censebat,
3805 4513 3905 4566 sed

2266 4618 2399 4657 eum
2422 4600 2740 4673 repellebat
2767 4605 2830 4656 ut
2852 4601 2951 4673 qui
2969 4602 3040 4656 ad
3071 4619 3133 4656 se
3161 4618 3537 4674 nequaquam
3564 4601 3906 4672 pertineret;

2265 4707 2472 4746 rursus
2499 4694 2693 4745 autem
2717 4705 2847 4745 eum
2878 4690 3229 4761 sustinebat,
3255 4695 3319 4746 ut
3352 4690 3452 4761 qui
3485 4707 3581 4747 eos
3610 4690 3710 4762 qui
3735 4690 3908 4744 facie-

2265 4781 2407 4834 bant
2427 4779 2684 4834 afﬁceret
2723 4779 3023 4834 beneﬁcio.

2334 4868 2659 4940 Aufugiens
2680 4873 2874 4923 autem
2899 4869 3058 4940 (nam
3101 4868 3280 4938 utqui
3307 4867 3586 4924 omnibus
3628 4869 3910 4924 evasisset

2266 4957 2636 5024 manifestus,
2662 4957 2732 5011 ad
2758 4973 2817 5012 se
2841 4957 3113 5012 trahebat
3146 4972 3249 5028 per
3288 4957 3505 5012 famam
3533 4972 3737 5012 eorum
3782 4973 3906 5028 quae

2265 5051 2405 5101 sunt
2426 5047 2578 5101 bona
2599 5050 2656 5101 et
2677 5045 2922 5101 honesta
2944 5048 3256 5113 amatores)
3277 5046 3437 5100 venit
3457 5045 3515 5101 in
3541 5051 3796 5102 montem
3821 5045 3908 5100 Si-

2263 5152 2456 5190 nzeum
2477 5151 2611 5189 cum
2637 5134 2842 5206 paucis
2862 5151 2930 5190 ex
2949 5133 3121 5205 paulo
3146 5133 3536 5191 familiaribus
3562 5151 3574 5190 :
3601 5153 3715 5191 non
3740 5137 3908 5207 oppi-

2263 5225 2403 5279 dum
2428 5223 2784 5295 ingrediens,
2805 5240 2920 5278 non
2939 5222 3154 5288 vicum,
3180 5224 3280 5278 sed
3301 5223 3414 5279 iter
3435 5241 3538 5295 per
3554 5223 3770 5278 inviam
3798 5223 3912 5276 ini-

2263 5330 2367 5369 ens
2391 5312 2786 5368 solitudinem.
2802 5312 3043 5367 Ferebat
3066 5316 3260 5368 autem
3282 5311 3545 5368 humeris
3567 5311 3907 5367 alimentum

2263 5418 2498 5473 quoque
2525 5401 3166 5472 necessarium,panem
3189 5401 3431 5473 inquam
3455 5405 3511 5457 et
3527 5400 3732 5469 salem,
3757 5400 3910 5472 lage-

2263 5507 2398 5545 nam
2417 5495 2473 5545 et
2491 5489 2765 5560 cyathum
2791 5489 3073 5561 ligneum,
3111 5495 3167 5547 et
3196 5490 3502 5562 spongiam
3531 5490 3666 5544 fune
3706 5488 3906 5560 alliga-

2262 5583 2381 5633 tam
2395 5582 2480 5641 ;ut
2499 5579 2548 5634 si
2568 5580 2803 5649 quando
2828 5597 3043 5651 aquam
3066 5579 3430 5636 invenissent
3444 5578 3905 5651 profundiorem,
