4122 6188
371 269 451 322 25
1520 275 1614 326 PH
1622 273 1996 341 ILOTHEUS,
2038 289 2162 329 sxvs
2199 278 2674 334 THEOPHILES.
3732 283 3804 338 26

377 393 768 448 exhaurirent
799 395 1040 465 quidem
1073 395 1339 468 spongia,
1373 411 1706 467 expressam
1741 400 1937 452 autem
1982 396 2038 450 in
2071 397 2124 463 Α
2154 399 2688 471 venientes,sacros
2721 403 2838 458 illic
2870 409 3055 460 coetus
3085 404 3485 474 celebrabant;
3515 424 3669 463 nunc
3696 426 3805 463 au-

379 484 666 555 cyathum
681 483 1146 539 ebiberent.Cun:
1169 485 2049 555 itaqueitermultorumdierum

381 576 880 644 confecissent,ad
909 582 1164 632 montem
1184 581 1448 648 optatum
1474 579 2048 649 perveniunt;etcum

381 682 566 719 suum
587 665 902 720 Dominum
919 665 1404 734 adorassent,illic
1421 667 1654 737 longum
1671 672 1905 739 tempus
1921 685 2047 740 per-

385 761 565 825 petuo
594 754 1144 825 transegerunt,loci
1173 755 1550 812 solitudinem
1576 763 1632 813 et
1654 757 1861 811 animm
1884 757 2047 829 quie-

384 852 506 898 tem
527 845 847 898 maximam
865 844 1268 900 existimantes
1285 844 1671 917 voluptatem.
1694 849 1835 902 Cum
1853 851 2046 902 autem

381 934 444 985 in
500 933 602 986 illa
635 939 801 1003 petra
831 935 942 986 sub
977 950 1094 1004 qua
1126 934 1310 988 latens
1344 934 1592 1007 Moyses,
1629 935 2044 1007 prophetarum

383 1021 912 1092 princeps,dignus
938 1026 1028 1076 est
1050 1022 1291 1077 habitus
1314 1023 1414 1094 qui
1436 1023 1621 1079 Deum
1642 1024 1864 1079 videret
1898 1025 2048 1080 sicut

382 1110 572 1164 videri
609 1115 853 1181 poterat,
889 1110 1196 1166 ecclesiam
1231 1113 1643 1180 exstruxisset,
1688 1119 1746 1168 et
1786 1114 2044 1169 divinam

385 1216 558 1253 aram
593 1205 1155 1272 consecrasset,qua3
1187 1201 1361 1256 etiam
1397 1203 1614 1257 mansit
1645 1219 1829 1274 usque
1860 1204 1918 1258 in
1944 1203 2044 1258 ho-

379 1289 661 1342 diernum
695 1289 948 1356 diem,in
981 1306 1149 1344 suam
1186 1306 1465 1345 reversus
1496 1296 1586 1346 est
1617 1291 1970 1362 palaestram.

454 1377 606 1431 Cum
633 1382 829 1433 autem
856 1380 1007 1449 ejus,
1040 1379 1134 1432 cui
1157 1385 1283 1434 erat
1305 1379 1543 1449 quidem
1569 1381 1722 1436 idem
1746 1382 1899 1451 quod
1932 1382 2042 1453 ipsi

382 1483 630 1536 nomen,
664 1468 766 1521 sed
800 1467 966 1538 impii
999 1468 1370 1539 imperatoris
1420 1470 1608 1524 minas
1660 1470 2045 1527 intellexisset

379 1557 536 1625 (pios
551 1557 706 1610 enim
723 1573 784 1611 se
804 1557 1070 1612 funditus
1085 1558 1448 1627 perditurum
1464 1559 2042 1631 minatus,profectus

381 1650 510 1699 erat
545 1645 603 1698 in
643 1646 870 1713 Persas,
905 1651 961 1701 et
991 1646 1093 1718 qui
1124 1647 1325 1702 eadem
1357 1663 1484 1719 quas
1518 1650 1646 1720 ipse
1690 1650 2042 1714 sentiebant,

2157 493 2273 544 tem
2301 491 2485 562 ripam
2515 492 2778 548 fluminis
2813 493 3101 549 faciebant
3125 496 3468 563 oratorium,
3489 496 3800 568 aliquando

2157 585 2352 634 autem
2396 580 2671 636 bellicum
2717 582 3112 653 gymnasium,
3138 585 3292 654 quod
3336 584 3513 639 situm
3548 591 3637 639 est
3669 591 3803 642 ante

2155 673 2383 740 portam
2433 670 2986 742 Septentrionalem.
3012 671 3135 726 Non
3183 672 3601 743 permittebant
3643 675 3801 729 enim

2154 758 2253 828 qui
2297 758 2511 813 bellum
2543 761 2840 829 gerebant,
2866 759 2924 814 in
2977 777 3090 815 uno
3124 759 3248 815 loco
3301 761 3427 832 pios
3459 763 3800 817 consistere.

2152 846 2453 902 Jactarant
2479 853 2674 902 autem
2707 848 2931 902 alumni
2972 849 3292 917 mendacii;
3326 854 3382 904 et
3414 866 3708 906 rumorem
3743 851 3799 905 in

2153 936 2254 990 illa
2286 936 2518 991 civitate
2553 943 2913 1008 sparserant,
2939 939 3093 1008 quod
3129 955 3403 1009 magnus,
3428 938 3522 993 hic
3555 940 3796 1010 inquam

2153 1042 2349 1094 senex,
2383 1043 2584 1081 eorum
2623 1044 2748 1098 quae
2783 1027 2889 1098 ipsi
2921 1028 3196 1082 tenebant
3228 1027 3529 1098 religionis
3562 1029 3801 1095 dogma-

2153 1119 2274 1169 tum
2295 1114 3252 1185 amplectereturcommunionem.
3273 1118 3383 1171 Hoc
3403 1117 3529 1187 pios
3550 1119 3802 1172 maxime

2151 1203 2423 1274 angebat,
2441 1221 2512 1258 ne
2535 1205 2688 1259 fama
2711 1205 2977 1260 rudiores
2996 1210 3051 1260 et
3073 1205 3462 1276 simpliciores
3481 1206 3801 1277 decipiens,

2151 1307 2248 1346 eos
2282 1293 2684 1348 haereticorum
2718 1293 3048 1365 implicaret
3077 1293 3322 1364 laqueis.

2218 1381 2324 1434 Sed
2349 1380 2528 1435 divini
2553 1387 2608 1436 et
2631 1382 2783 1437 beati
2807 1382 2937 1448 viri,
2962 1382 3274 1437 Flavianus
3294 1387 3350 1438 et
3373 1383 3680 1452 Diodorus,
3703 1384 3803 1454 qui

2150 1469 2310 1541 digni
2342 1474 2508 1525 erant
2551 1470 2736 1525 habiti
2769 1475 2834 1525 ut
2882 1475 3080 1525 essent
3108 1471 3382 1536 sacriﬁci,
3406 1478 3459 1525 et
3489 1475 3802 1542 praeessent

2151 1558 2376 1629 piorum
2400 1558 2638 1630 populo,
2656 1564 2711 1614 et
2725 1560 3046 1630 Aphraates
3061 1562 3100 1630 ³,
3121 1561 3294 1630 cujus
3313 1576 3416 1630 per
3433 1576 3494 1614 se
3512 1559 3690 1614 vitam
3708 1577 3806 1614 vo-

2149 1648 2240 1703 bis
2258 1649 2307 1702 si
2329 1649 2481 1704 Deus
2505 1649 2878 1715 concesserit,
2899 1649 3196 1719 adjiciam,
3215 1649 3571 1719 persuadent
3592 1666 3802 1719 magno

381 1733 2042 1810 abominandumillumredituminhiantesexspectabant)
2076 1758 2121 1822 B
2153 1736 2237 1790 illi
2257 1738 2484 1808 Acacio,
2502 1738 2670 1807 cujus
2695 1737 2941 1792 fecimus
2970 1737 3430 1803 mentionem,ut
3449 1737 3550 1790 viae
3575 1739 3802 1810 accipe-

379 1827 524 1877 tunc
541 1823 662 1878 Deo
677 1824 1002 1880 orationem
1021 1841 1232 1896 magno
1247 1827 1448 1880 studio
1462 1832 1517 1881 et
1530 1826 1862 1882 vehementi
1879 1828 2043 1884 desi-

380 1914 545 1967 derio
571 1914 848 1983 otferens,
882 1920 939 1968 et
959 1915 1227 1970 eamdem
1253 1917 1325 1970 ad
1351 1915 1645 1972 decimum
1679 1933 1864 1988 usque
1887 1919 2041 1973 diem

374 2003 1161 2072 extendens,audivitvocem
1179 2005 2041 2075 dicentem(14),exsecrandum

379 2092 553 2146 illum
590 2098 648 2146 et
683 2093 928 2147 fetidum
959 2109 1201 2164 porcum
1236 2095 1306 2149 de
1339 2095 1531 2150 medio
1563 2111 1688 2150 esse
1719 2096 2038 2153 sublatum.

375 2182 487 2235 Sed
519 2197 721 2252 neque
751 2186 984 2252 accepto
1018 2182 1133 2237 ﬁne
1183 2182 1482 2252 orationis,
1533 2185 1838 2240 confestim
1893 2186 2043 2241 ﬁniit

376 2272 844 2335 orationem,sed
863 2272 1109 2326 mutavit
1123 2271 1464 2343 petitionem
1478 2272 1538 2327 in
1556 2273 1758 2344 hymni
1775 2275 2043 2331 decanta-

377 2360 855 2431 tionem,gratias
869 2376 1048 2432 agens
1061 2361 1353 2418 Servatori
1367 2378 1634 2430 suorum,
1651 2363 2042 2436 clementique

375 2454 429 2504 et
446 2449 675 2520 potenti
693 2449 846 2504 hosti
863 2449 1210 2506 alienorum.
1223 2451 1594 2523 Longissimo
1609 2451 1766 2507 enim
1782 2457 2042 2525 tempore

375 2539 492 2592 fuit
515 2537 778 2593 clemens
800 2544 856 2593 et
873 2538 1021 2594 lenis
1041 2539 1098 2593 in
1121 2538 1390 2611 impium;
1411 2540 1512 2595 sed
1532 2556 1665 2596 cum
1685 2542 1813 2610 ejus
1831 2541 2040 2598 lenitas

375 2631 434 2681 et
465 2627 759 2698 patientia
783 2627 1130 2683 sceleratum
1161 2629 1231 2683 ad
1259 2628 1540 2699 majorem
1565 2631 1920 2686 exercuisset
1942 2649 2039 2686 ra-

375 2716 898 2787 biem,opnortune
931 2716 1128 2770 intulit
1159 2717 1691 2789 supplicium.Cum
1717 2724 1910 2774 autem
1937 2721 2040 2776 im-

374 2805 606 2875 plesset
637 2806 1143 2872 orationem,804
1165 2811 1221 2861 et
1243 2807 1312 2861 ad
1347 2823 1486 2862 suos
1517 2813 1670 2862 esset
1702 2825 2037 2881 conversus,

375 2895 634 2966 planum
668 2894 778 2948 fuit
807 2911 940 2950 eum
975 2910 1104 2950 esse
1153 2894 1282 2950 laeto
1331 2900 1389 2950 et
1433 2896 1750 2968 tranquillo
1798 2900 2032 2968 animo;

376 2983 570 3037 animi
614 2982 768 3036 enim
813 2981 1088 3038 alacritas
1128 2983 1357 3038 vultum
1391 2985 1732 3040 ostendebat
1764 2986 2032 3046 hilarem.

369 3075 519 3127 Cum
557 3075 757 3126 autem
788 3071 884 3142 qui
918 3089 1051 3128 cum
1084 3089 1148 3128 eo
1178 3075 1568 3130 versabantur
1598 3092 1810 3131 novum
1845 3077 2032 3132 admi-
2065 3105 2108 3171 α

373 3161 487 3216 rati
521 3164 726 3215 essent
749 3161 1149 3232 spectaculum
1174 3163 1333 3234 (nam
1359 3178 1492 3217 cum
1521 3179 1754 3235 semper
1774 3164 1923 3220 tristi
1948 3183 2033 3220 as-

373 3253 550 3317 pectu
605 3248 922 3313 videretur,
957 3251 1096 3302 tunc
1128 3249 1294 3304 visus
1320 3255 1408 3304 est
1439 3250 1778 3321 subridere),
1814 3256 1868 3307 et
1901 3269 2032 3308 cum

374 3354 627 3392 causam
663 3342 973 3408 rogassent
1002 3337 1515 3405 lmtitiae,Przssens
1545 3346 1798 3411 tempus,
1819 3342 2032 3413 inquit,

375 3447 407 3482 o
445 3429 780 3494 fratres,est
810 3428 1287 3495 gaudii;cessavit
1308 3430 1463 3484 enim
1489 3430 1800 3502 impius,ut
1820 3438 1908 3486 est
1929 3450 2034 3487 vox

376 3518 548 3571 Isaiae
584 3517 710 3585 (lsa.
745 3517 920 3585 xxxv),
953 3521 1008 3571 et
1038 3518 1350 3572 audacium
1379 3518 1744 3591 inceptorum
1794 3523 2033 3576 meritas

375 3607 547 3661 dedit
584 3622 821 3676 pcenas;
855 3612 910 3661 et
941 3607 1041 3677 qui
1074 3608 1440 3680 tyrannidem
1472 3610 1733 3666 exercuit
1759 3610 1817 3665 in
1849 3612 2033 3666 Deum

374 3695 477 3766 qui
512 3694 652 3750 fecit
683 3699 741 3749 et
770 3696 1043 3765 servavit,
1074 3697 1145 3751 ab
1173 3700 1300 3767 ejus
1333 3699 1432 3768 qui
1466 3697 1625 3754 illius
1658 3701 1893 3771 parebat
1922 3700 2034 3755 im-

373 3784 543 3855 perio
591 3784 828 3840 dextera
866 3786 1003 3855 jure
1052 3791 1140 3840 est
1181 3802 1390 3842 caesus.
1426 3788 1560 3843 Ideo
1591 3789 1756 3844 laetor
1785 3806 1916 3845 cum
1946 3792 2030 3846 vi-

370 3875 550 3927 deam
585 3873 875 3929 Ecclesias
907 3891 1034 3945 qua:
1067 3875 1140 3929 ab
1172 3891 1237 3930 eo
1269 3881 1408 3931 sunt
1439 3883 1788 3949 oppugnatae
1830 3879 2032 3934 exsul-

368 3968 596 4032 tantes,
629 3976 684 4017 et
715 3980 948 4020 cernam
983 3965 1331 4021 sceleratum
1378 3968 1450 4022 ab
1496 3968 1569 4024 iis
1614 3985 1762 4039 quos
1809 3969 2028 4027 colebat

369 4052 753 4107 demonibus
785 4053 929 4107 nihil
963 4053 1163 4108 auxilii
1210 4059 1614 4112 consecutum.
1660 4058 1849 4128 Hujus
1895 4076 2030 4132 ergo

367 4140 542 4210 impii
576 4140 750 4195 caedis
781 4140 958 4196 talem
993 4141 1201 4196 habuit
1233 4143 1680 4213 praescientiam.

443 4229 594 4282 Cum
626 4234 824 4283 autem
853 4229 1068 4286 Valens
1102 4232 1235 4301 (15),
1268 4233 1366 4301 qui
1407 4239 1540 4303 post
1587 4233 1754 4289 illum
1805 4239 2029 4308 accepit

365 4318 641 4372 habenas
663 4319 909 4372 Romani
933 4319 1395 4389 imperii,relicta
1408 4320 2026 4395 veritateevangelico-

365 4425 434 4462 ru
447 4425 502 4461 m
534 4408 1124 4478 dogmatum,erroris
1139 4409 1257 4462 Arii
1276 4410 1594 4481 accepisset
1609 4411 1685 4465 im
1696 4418 1866 4482 postu
1876 4431 1996 4469 ram
2008 4457 2020 4481 ,

2155 1830 2240 1880 ret
2262 1826 2533 1881 comitem
2553 1843 2728 1881 suum
2750 1827 2986 1897 quidem
3009 1825 3384 1897 magistrum,
3401 1827 3584 1880 sancti
3604 1832 3799 1881 autem

2149 1915 2312 1970 senis
2345 1915 2720 1986 discipulum,
2748 1915 3036 1985 insignem
3070 1915 3237 1970 illum
3271 1915 3587 1983 Asterium,
3612 1933 3803 1970 curre-

2152 2009 2237 2060 ret
2268 2008 2465 2060 autem
2514 2005 2583 2058 ad
2637 2020 3012 2059 communem
3045 2004 3282 2076 pietatis
3314 2005 3711 2076 splendorem,
3746 2011 3803 2061 et

2151 2093 2490 2164 evangelicae
2515 2093 2792 2148 doctrinae
2825 2093 3317 2159 sustentaculum,
3343 2099 3398 2148 et
3424 2096 3803 2165 persuaderet

2150 2188 2215 2238 ut
2245 2182 2601 2253 relinqueret
2632 2179 2867 2253 quidem
2897 2181 3057 2237 illam
3087 2181 3145 2236 in
3178 2183 3498 2238 solitudine
3527 2185 3801 2239 versandi

2150 2271 2455 2337 rationem,
2474 2270 2698 2326 veniret
2719 2274 2913 2326 autem
2936 2276 3000 2324 ut
3025 2271 3198 2325 ferret
3220 2271 3505 2326 auxilium
3526 2276 3613 2327 tot
3637 2271 3796 2327 mili—

2148 2362 2307 2416 tibus
2346 2377 2472 2433 quaa
2516 2360 2720 2414 fraude
2751 2359 3094 2425 interibant,
3121 2367 3175 2415 et
3205 2377 3334 2415 rore
3383 2361 3475 2415 sui
3507 2362 3799 2417 adventus

2150 2450 2446 2505 flammam
2479 2449 2877 2519 exstingueret
2925 2448 3222 2503 Arianam.
3248 2449 3517 2504 Cucurrit
3565 2450 3799 2506 divinus

2145 2540 2414 2604 Acacius,
2440 2543 2497 2593 et
2547 2541 2807 2608 sumpto,
2841 2543 2908 2592 ut
2942 2539 3152 2606 jussus
3201 2543 3343 2605 erat,
3369 2555 3582 2610 magno
3627 2541 3796 2595 Aste-

2149 2629 2232 2684 rio
2261 2630 2395 2699 (16),
2423 2627 2670 2682 accessit
2713 2627 2783 2681 ad
2820 2627 3138 2681 maximum
3170 2626 3369 2681 lumen
3420 2627 3705 2695 ecclesiae;
3742 2633 3799 2684 et

2147 2735 2281 2772 cum
2305 2733 2439 2772 eum
2461 2716 2799 2782 salutasset,
2825 2716 2929 2770 Dic
2952 2715 3119 2781 mihi,
3150 2715 3364 2786 inquit,
3390 2733 3420 2770 0
3446 2721 3629 2787 pater,
3659 2734 3796 2789 qua-

2148 2824 2283 2862 nam
2317 2808 2388 2861 de
2419 2823 2598 2861 causa
2637 2811 2824 2861 totum
2872 2805 3030 2859 hunc
3078 2803 3334 2859 laborem
3370 2810 3490 2859 tam
3527 2805 3799 2861 lubenter

2146 2895 2400 2952 toleras?
2429 2897 2570 2950 Cum
2602 2895 2650 2949 is
2672 2898 2866 2949 autem
2900 2893 3299 2964 respondisset
3327 2911 3338 2947 :
3365 2893 3433 2946 Et
3455 2910 3714 2962 corpore,
3741 2899 3799 2949 et

2144 2984 2634 3054 anima,vitaque,
2655 2988 2710 3039 et
2735 2982 3009 3038 omnibus
3032 2998 3158 3052 qua:
3183 2982 3252 3036 ad
3277 2981 3455 3037 vitam
3481 2982 3799 3053 pertinent,

2145 3081 2233 3130 est
2265 3074 2406 3128 mihi
2439 3074 2538 3128 Dei
2571 3072 2766 3127 cultus
2798 3073 3112 3143 pretiosor;
3146 3087 3326 3125 conor
3355 3075 3574 3139 autem,
3599 3073 3793 3142 quoad

2150 3165 2277 3234 ejus
2309 3182 2341 3218 a
2374 3180 2465 3217 me
2511 3161 2633 3216 fieri
2669 3165 2880 3233 potest,
2916 3159 2997 3214 illi
3042 3178 3074 3214 a
3117 3160 3284 3214 sorde
3325 3159 3547 3213 nudum
3594 3160 3801 3214 offerre

2148 3253 2566 3316 ministerium,
2586 3255 2642 3304 et
2663 3251 2712 3304 ei
2738 3257 3014 3320 perpetuo
3039 3248 3293 3318 placere;
3324 3248 3640 3302 Ostendam
3668 3248 3796 3315 tibi,

2145 3343 2341 3414 inquit
2382 3339 2645 3404 Aeacius,
2669 3340 2956 3394 rationem
3003 3353 3106 3408 per
3154 3353 3329 3408 quam
3364 3336 3415 3390 ei
3447 3335 3581 3406 plus
3614 3353 3793 3406 quam

2146 3449 2302 3488 nunc
2333 3430 2579 3497 servies;
2612 3429 2789 3499 idque
2829 3427 3042 3496 dicam,
3068 3442 3182 3480 non
3214 3425 3334 3480 sola
3365 3429 3538 3479 utens
3563 3426 3795 3479 ratioci-

2144 3523 2401 3585 natione,
2426 3521 2526 3574 sed
2553 3524 2616 3573 ut
2640 3517 2739 3590 qui
2763 3518 2834 3570 ab
2858 3517 2986 3586 ejus
3011 3515 3275 3569 doctrina
3297 3514 3626 3568 didicerim.
3650 3514 3791 3567 Cum

2144 3612 2297 3668 enim
2327 3612 2554 3667 Petrum
2583 3607 2900 3678 aliquando
2919 3609 3183 3677 rogasset
3205 3621 3277 3658 an
3297 3619 3431 3658 eum
3457 3603 3587 3673 plus
3613 3619 3792 3672 quam

2141 3700 2240 3756 alii
2293 3707 2532 3765 amaret,
2561 3702 2618 3752 et
2654 3695 2958 3750 didicisset
3007 3694 3062 3748 id
3104 3693 3259 3764 quod
3294 3692 3516 3747 sciebat
3541 3690 3626 3746 vel
3660 3695 3793 3746 ante

2138 3789 2291 3844 Petri
2323 3786 2647 3856 vocem,Tu
2683 3785 2864 3852 enim,
2897 3782 3110 3854 inquit,
3142 3782 3318 3851 nosti,
3342 3781 3608 3848 Domine,
3633 3781 3786 3851 quod

2140 3895 2271 3934 amo
2299 3883 2356 3932 te
2377 3878 2554 3946 (Imm.
2581 3874 2732 3944 xx1);
2757 3870 3010 3928 ostendit
3040 3870 3088 3925 ei
3125 3871 3409 3942 quidnam
3441 3886 3621 3942 agens
3653 3886 3787 3923 eum

2139 3967 2328 4038 magis
2350 3965 2586 4020 coleret.
2611 3963 2668 4016 Si
2691 3963 2871 4028 enim,
2893 3960 3104 4031 inquit,
3131 3975 3294 4014 amas
3319 3975 3430 4028 me,
3456 3975 3630 4030 pasce
3654 3974 3788 4013 oves

2138 4059 2391 4124 muas,et
2415 4071 2584 4126 pasce
2602 4069 2785 4125 agnos
2807 4066 2988 4106 meos.
3009 4049 3126 4104 Hoc
3148 4065 3380 4120 quoque
3402 4047 3528 4116 tibi,
3546 4065 3577 4103 ο
3601 4048 3786 4114 Pater,

2135 4151 2226 4202 est
2255 4144 2622 4208 faciendum;
2659 4138 2983 4213 periculurn
3010 4137 3164 4193 enim
3197 4141 3286 4192 est
3308 4152 3380 4191 ne
3411 4153 3546 4191 oves
3570 4153 3602 4190 a
3632 4135 3787 4206 lupis

2135 4236 2451 4299 intereant;
2503 4249 2600 4287 eas
2648 4234 2842 4285 autem
2873 4227 3045 4282 valde
3092 4230 3276 4294 amat,
3306 4224 3402 4295 qui
3450 4242 3482 4278 a
3535 4229 3589 4278 te
3619 4223 3786 4277 valde

2136 4329 2388 4380 amatur.
2415 4323 2727 4377 Estautem
2764 4317 3066 4390 proprium
3101 4314 3422 4369 amantium
3449 4312 3549 4367 illa
3575 4313 3782 4376 facere,

2142 4431 2268 4487 quae
2295 4429 2424 4468 cum
2453 4412 2624 4476 fiunt,
2645 4408 2730 4464 eis
2753 4407 2852 4478 qui
2879 4409 3154 4460 amantur
3174 4407 3338 4472 grata
3360 4406 3518 4457 sunt.
3541 4403 3608 4457 Et
3639 4401 3780 4457 alio-

363 4504 512 4552 tunc
537 4502 737 4552 exorta
759 4503 847 4553 est
871 4500 1057 4570 major
1078 4499 1330 4570 procella
1353 4501 1634 4556 adversus
1659 4503 1974 4560 Ecclesiam
2007 4527 2020 4575 ;
2056 4473 2100 4536 Β
2134 4505 2232 4576 qui
2280 4519 2394 4557 non
2447 4515 2687 4570 parvum
2728 4501 2818 4552 est
2859 4492 3207 4565 periculum,
3238 4492 3682 4563 multorumque
3722 4495 3780 4546 et

362 4604 503 4642 curn
541 4587 972 4658 gubernatores
999 4588 1237 4660 quidem
1271 4589 1530 4660 undique
1574 4592 2018 4662 expellerentur,

364 4678 679 4748 prredones
713 4682 909 4733 autem
943 4678 1182 4748 quidam
1206 4684 1262 4734 et
1288 4679 1487 4734 hostes
1508 4679 1565 4734 in
1593 4697 1794 4736 eorum
1827 4682 2017 4739 locum

365 4765 808 4820 sufficerentur.
830 4771 912 4821 Ne
925 4772 1119 4822 autem
1147 4773 1321 4823 lotam
1348 4767 1505 4823 illam
1527 4769 1586 4824 in
1606 4773 1912 4841 praesentia
1931 4790 2019 4827 re-

364 4870 641 4909 censeam
669 4855 1159 4925 tragcediam,alia
1182 4874 1338 4912 nunc
1360 4860 1825 4927 praetermittam,
1847 4861 2021 4917 unius

361 4947 563 4997 autem
599 4941 972 4998 solummodo
1005 4944 1213 5000 faciam
1248 4947 1790 5018 mentionem,quod
1824 4954 2022 5020 aperte

361 5030 1073 5102 ostenditdiviniSpiritus
1087 5035 1326 5105 gratiam
1342 5034 1400 5090 in
1420 5035 1527 5091 hoc
1542 5053 1679 5091 sene
1694 5036 2017 5094 florentem.

357 5121 448 5172 Ab
471 5119 840 5175 Antiochena
858 5121 1095 5191 quidem
1117 5123 1364 5179 ecclesia
1381 5126 1602 5195 ejectus
1624 5131 1748 5181 erat
1769 5143 2018 5200 magnus

358 5207 655 5276 Meletius,
679 5223 808 5278 qua:
828 5225 861 5263 a
877 5211 985 5263 Deo
1005 5211 1413 5267 universorum
1431 5215 1726 5284 pascenda
1739 5214 1786 5269 ei
1803 5217 2020 5273 credita

357 5297 557 5350 iuerat
583 5312 596 5350 :
622 5313 651 5350 a
679 5296 896 5351 divinis
928 5303 1125 5354 autem
1157 5301 1394 5372 templis
1425 5303 1592 5371 ejecti
1626 5303 1857 5358 fuerant
1886 5321 2017 5360 cum

355 5385 693 5456 populoqui
709 5387 1240 5456 eratejusdemcurn
1256 5391 2016 5466 eissententire,quicunque

353 5477 414 5529 in
441 5476 663 5530 clerum
680 5476 1264 5548 cooptati,Trinitatis
1278 5482 1535 5537 divinam
1552 5499 1728 5538 unam
1745 5483 2015 5541 colebant

353 5563 1188 5638 essentiam.Etnuucquidem
1206 5569 1263 5624 in
1280 5570 1534 5642 aliquem
1548 5588 1782 5644 specum
1796 5574 2013 5629 montis

433 5665 450 5696 ι
485 5659 568 5715 De
595 5661 908 5734 Apbraate,
943 5664 1116 5734 infra,
1149 5683 1194 5722 c.
1230 5667 1284 5724 8.

2138 4606 2483 4663 magnorum
2517 4587 2752 4642 illorum
2785 4584 3065 4639 sudorum
3108 4581 3550 4648 detrimentum,
3578 4579 3627 4634 si
3662 4580 3780 4651 pati

2136 4680 2396 4752 potueris
2420 4677 2734 4749 negligere,
2757 4673 2971 4730 tacitus
2996 4671 3308 4742 praterire,
3327 4671 3634 4726 veritatem
3658 4671 3781 4741 qui-

2137 4773 2266 4825 dem
2301 4769 2550 4840 graviter
2580 4764 2928 4837 oppugnari,
2949 4779 3047 4817 eos
3069 4765 3264 4816 autem
3290 4761 3388 4832 qui
3414 4760 3461 4815 ei
3487 4760 3782 4814 adhaerent

2136 4858 2386 4931 captari;
2411 4858 2481 4912 ad
2507 4873 2604 4911 eos
2637 4859 2829 4910 autem
2853 4851 3153 4906 venandos
3176 4865 3304 4904 esse
3325 4865 3520 4904 escam
3553 4848 3637 4902 tui
3672 4865 3777 4902 no-

2137 4949 2315 5003 minis
2346 4945 2822 5018 appellationem.
2844 4942 2922 4995 Te
2949 4939 3104 4995 enim
3147 4938 3360 4993 habere
3406 4937 3627 4992 socium
3661 4954 3778 4992 sua:

2137 5036 2457 5108 impietatis
2475 5034 2803 5107 gloriantur
2819 5035 2875 5086 et
2889 5031 3117 5101 jactant
3134 5026 3409 5098 praesides
3422 5025 3539 5080 Arii
3560 5025 3781 5080 abomi-

2137 5125 2410 5181 nationis.
2433 5124 2548 5178 Hoc
2567 5137 2704 5177 cum
2733 5120 2985 5192 primum
3009 5115 3294 5171 audiisset
3314 5114 3775 5184 senex,quietem

2135 5215 2596 5290 quidemjubens
2610 5211 2798 5267 valere
2813 5210 2882 5264 ad
2898 5212 3349 5278 tempus,neque
3364 5204 3619 5259 civitatis
3637 5208 3779 5258 stre-

2132 5307 2312 5380 pitus,
2331 5305 2485 5377 quod
2509 5303 2592 5358 eis
2611 5318 2723 5356 non
2744 5303 2899 5355 esset
2921 5301 3220 5362 assuetus,
3240 5294 3776 5365 refugiens,accur-

2131 5398 2209 5451 rit
2232 5393 2784 5450 Antiochiam.Cum
2816 5393 3012 5443 autem
3046 5387 3294 5440 duorum
3319 5383 3405 5438 vel
3438 5381 3614 5437 trium
3652 5381 3776 5435 die-

2131 5501 2262 5540 rum
2305 5484 2414 5538 iter
2452 5481 2802 5536 confecisset
2839 5477 2897 5531 in
2938 5473 3276 5540 solitudine,
3309 5477 3482 5527 noctu
3526 5470 3684 5525 venit
3713 5469 3770 5522 in

2131 5573 2417 5644 quoddam
2435 5569 2717 5643 praedium
2739 5567 3026 5638 :quadam
3041 5567 3237 5618 autem
3253 5562 3410 5617 dives
3425 5556 3770 5614 muliercula
