4122 6188
370 350 444 404 27

1544 351 1639 403 DE
1678 349 1869 401 VITIS
1907 347 2206 400 PATRUM
2245 345 2459 399 LIBER
2496 347 2594 399 1X.

3711 342 3785 397 28

368 493 501 532 cum
521 491 756 531 sacrum
776 474 943 529 illum
959 474 1201 530 chorum
1222 474 1485 530 audisset
1500 471 2021 544 venire,concurrit
2048 470 2103 536 Α
2135 470 2301 525 ﬂuxit
2322 473 2480 526 totus
2500 469 2751 542 populus
2771 469 3052 526 civitatis:
3073 472 3312 540 eratque
3331 462 3604 525 bellicum
3624 485 3785 542 gym-

370 571 433 621 ut
465 565 787 637 perciperet
835 580 1037 618 eorum
1082 564 1581 631 benedictionem;
1616 568 1675 618 et
1718 563 1789 616 ad
1822 577 2026 617 eorum

371 655 550 724 pedes
575 652 901 724 provoluta,
927 653 1173 723 rogabat
1195 657 1259 707 ut
1282 669 1392 707 sua
1414 653 1624 707 domus
1645 655 1801 707 esset
1821 666 2025 706 eorum

373 743 787 798 diversorium.
805 742 1108 797 Concessit
1133 759 1329 807 senex,
1350 742 1529 813 idque
1545 758 1677 796 cum
1704 740 1835 813 plus
1853 755 2027 811 quam

375 831 762 903 quadraginta
792 830 965 886 annis
998 849 1029 884 a
1052 831 1149 885 tali
1186 830 1395 886 fuisset
1426 829 1758 901 spectaculo
1791 845 2026 900 separa-

376 926 496 976 tus.
521 922 663 977 Cum
698 924 892 975 autem
917 920 1286 975 admirabilis
1309 920 1407 975 illa
1433 920 1642 976 mulier
1662 923 1819 975 esset
1848 919 1906 972 in
1934 934 2027 972 sa-

374 1010 491 1064 cris
524 1009 638 1064 illis
663 1010 801 1064 viris
843 1010 1233 1065 ministrando
1277 1014 1577 1081 occupata,
1608 1026 1753 1081 puer
1800 1011 2025 1079 septem

376 1115 562 1153 annos
588 1103 781 1165 natus,
800 1100 970 1169 cujus
993 1098 1175 1153 solius
1203 1104 1329 1154 erat
1349 1103 1700 1169 mater,qu:e
1724 1095 2025 1168 hospitali-

375 1192 556 1244 tatem
573 1189 725 1243 Sarae
745 1192 832 1243 est
849 1188 1146 1255 aemulata,
1159 1192 1313 1244 esset
1330 1194 1527 1243 autem
1544 1202 1850 1259 vesperum
1872 1186 2018 1241 805

374 1281 431 1331 et
460 1278 730 1346 tenebrae,
774 1277 983 1333 cecidit
1016 1277 1072 1331 in
1120 1281 1386 1348 puteum.
1417 1278 1560 1331 Cum
1610 1280 1806 1331 autem
1838 1290 1905 1329 ex
1935 1290 2020 1341 eo,

369 1371 433 1420 ut
463 1371 553 1420 est
584 1370 1068 1434 consentaneum,
1102 1371 1337 1421 exortus
1369 1369 1525 1421 esset
1556 1364 1866 1431 tumultus,
1892 1380 2019 1418 ma-

372 1459 461 1509 ter
479 1460 676 1511 autem
700 1456 1188 1525 sensisset,jubet
1204 1456 1441 1526 quidem
1464 1471 1670 1510 omnes
1689 1454 2019 1525 quiescere;

372 1549 548 1615 puteo
581 1549 778 1600 autem
810 1545 1084 1616 operculo
1140 1544 1437 1617 imposito,
1464 1544 1723 1600 instabat
1754 1534 2021 1598 ministe-

373 1634 481 1688 rio.
513 1635 709 1689 Mensa
732 1638 925 1689 autem
954 1634 1093 1690 viris
1118 1634 1333 1689 divinis
1356 1635 1644 1707 apposita,
1671 1634 1905 1688 divinus
1928 1648 2021 1687 se-

373 1740 484 1778 nex
506 1723 689 1793 jussit
716 1723 908 1778 vocari
952 1740 1197 1794 puerum
1233 1723 1519 1793 mulieris,
1542 1728 1597 1778 et
1632 1722 1892 1793 accipere
1923 1721 2021 1776 be-

375 1812 785 1867 nedictionem.
816 1813 959 1867 Cum
992 1816 1186 1868 autem
1219 1812 1587 1868 admirabilis
1621 1810 1834 1867 mulier
1864 1810 2021 1865 dice-
2051 1834 2097 1897 B

370 1906 460 1956 ret
491 1917 626 1956 eum
659 1901 811 1956 male
844 1902 1079 1973 habere,
1104 1902 1585 1974 perstititjubere
1612 1905 1677 1955 ut
1706 1900 1757 1955 is
1780 1900 2018 1954 ducere-

370 1994 490 2045 tur.
514 1991 835 2063 Postquam
860 1996 1056 2045 autem
1080 1991 1131 2045 ei
1156 1991 1312 2061 quod
1335 1990 1649 2046 accidisset
1673 1987 2021 2059 signiﬁcavit

369 2077 601 2145 mulier,
628 2095 888 2134 mensam
916 2078 1154 2150 quidem
1188 2078 1470 2149 relinquit
1492 2093 1689 2147 senex,
1712 2093 2019 2133 accurrens

368 2170 568 2221 autem
601 2168 672 2222 ad
708 2171 973 2238 puteum,
999 2184 1132 2222 cum
1157 2167 1372 2222 auferri
1397 2167 1630 2236 quidem
1653 2166 2018 2237 operculum,

366 2254 561 2309 afferri
592 2259 789 2311 autem
821 2256 1010 2311 lucem
1035 2256 1336 2326 jussisset,
1354 2256 1504 2310 videt
1532 2271 1779 2325 puerum
1812 2255 2021 2310 seden-

372 2348 491 2399 tem
523 2360 702 2414 super
733 2361 894 2415 aquae
926 2345 1322 2415 superﬁciem,
1345 2350 1403 2400 et
1433 2360 1641 2414 aquam
1674 2361 1843 2399 manu
1877 2360 2018 2414 pue-

368 2431 556 2487 riliter
588 2433 937 2503 pulsantem,
969 2438 1025 2488 et
1053 2433 1154 2504 qui
1177 2438 1479 2504 reputatus
1504 2433 1692 2488 fuerat
1722 2432 2016 2499 interitus,

371 2538 506 2576 eum
542 2520 745 2576 ludum
779 2526 1114 2593 putantem;
1145 2526 1201 2577 et
1233 2539 1366 2577 cum
1415 2522 1703 2593 quosdam
1735 2521 1904 2577 funes
1935 2520 2016 2575 al-

365 2610 655 2682 ligassent
682 2616 739 2665 et
770 2627 868 2666 eos
908 2610 1306 2680 demisissent,
1332 2628 1579 2682 puerum
1611 2615 2015 2679 extraxerunt;

368 2703 421 2754 et
455 2699 655 2753 statim
688 2700 942 2754 accurrit
991 2716 1135 2769 puer
1182 2701 1253 2755 ad
1304 2702 1482 2771 pedes
1513 2700 1693 2770 senis,
1726 2699 1926 2755 dicens
1956 2715 2018 2754 se

369 2804 504 2843 eum
544 2788 758 2843 vidisse
789 2788 848 2844 in
884 2788 1049 2860 aquis
1100 2789 1296 2855 ipsum
1331 2790 1632 2856 ferentem,
1658 2794 1714 2845 et
1744 2806 1816 2845 ne
1866 2806 2016 2844 mer-

370 2883 607 2948 geretur
652 2878 1082 2948 prohibentem.
1116 2871 1278 2934 Hanc
1330 2878 1752 2949 hospitalitatis
1801 2895 2018 2935 merce-

369 2966 502 3021 dem
535 2966 753 3037 recepit
785 2965 996 3022 mulier
1025 2984 1059 3022 a
1088 2968 1258 3023 beato
1291 2984 1446 3023 sene.

441 3056 509 3109 Et
531 3060 594 3109 ut
616 3054 732 3110 alia
754 3057 1199 3127 praetermittam
1221 3073 1352 3128 quae
1375 3058 1524 3111 facta
1541 3061 1681 3112 sunt
1704 3057 1762 3111 in
1786 3058 2016 3129 itinere,

367 3149 653 3200 venerunt
677 3145 914 3215 quidem
942 3145 1339 3215 Antiochiam;
1373 3163 1577 3202 omnes
1611 3150 1807 3202 autem
1841 3148 2017 3202 undi-

364 3249 478 3303 que
498 3235 947 3302 concurrebant,
967 3235 1061 3289 Dei
1084 3235 1382 3291 hominem
1399 3222 1592 3291 videre
1613 3237 1938 3307 cupientes,
1958 3241 2015 3292 et

361 3322 549 3377 morbi
583 3323 673 3378 sui
699 3322 1048 3378 medicinam
1075 3324 1487 3395 unusquisque
1507 3325 1768 3396 accipere
1788 3326 2015 3381 deside-

360 3428 498 3466 rans
528 3428 539 3465 :
566 3411 871 3467 habitabat
892 3400 1088 3468 autem
1113 3414 1170 3466 in
1194 3414 1493 3484 speluncis
1514 3431 1639 3485 quae
1663 3420 1830 3469 erant
1854 3415 1913 3470 in
1939 3415 2016 3471 1a-

357 3505 481 3555 tere
499 3500 715 3556 montis
734 3520 749 3568 ;
769 3501 867 3555 ubi
883 3502 1148 3556 divinum
1166 3519 1400 3573 quoque
1416 3502 1749 3572 apostolum
1765 3503 2013 3560 Paulum

362 3594 419 3644 et
442 3588 739 3644 habitasse
759 3590 964 3644 dicunt
984 3594 1042 3644 et
1063 3589 1327 3645 latuisse.
1352 3592 1458 3645 Sed
1486 3591 1685 3646 statim
1713 3597 1776 3646 ut
1798 3591 2017 3648 scirent

364 3693 569 3732 omnes
592 3693 727 3733 eum
751 3694 879 3732 esse
903 3676 1224 3749 hominem,
1249 3696 1384 3734 eum
1407 3679 1621 3734 invadit
1643 3680 1819 3735 febris
1841 3682 2014 3736 vehe-

364 3766 756 3821 mentissima.
787 3767 928 3821 Cum
960 3770 1163 3821 autem
1195 3768 1420 3823 videret
1466 3784 1714 3840 magnus
1744 3770 2014 3838 Aeacius,

366 3853 813 3909 multitudinem
846 3871 1048 3910 eorum
1092 3856 1192 3927 qui
1238 3856 1415 3912 simul
1447 3862 1615 3912 erant
1658 3859 2016 3930 congregati,

363 3947 421 3998 et
468 3959 597 3997 eam
648 3959 777 4013 qua;
827 3942 1119 3999 acciderat
1173 3961 1326 4017 aegre
1380 3946 1554 4002 ferret
1608 3947 2015 4017 aegritudinem

364 4030 761 4103 (existimabat
790 4031 947 4087 enim
979 4033 1101 4088 fore
1136 4038 1198 4087 ut
1243 4035 1281 4087 ii
1317 4034 1419 4106 qui
1468 4041 1861 4091 convenerant
1888 4054 2015 4107 per-

365 4120 770 4189 turbarentur,
803 4122 852 4175 si
901 4121 1009 4176 viri
1061 4125 1333 4178 morbum
1387 4124 1755 4194 rescicerent,
1789 4143 1823 4180 a
1848 4127 2019 4197 cujus

367 4226 549 4264 manu
582 4226 645 4265 se
677 4210 1016 4267 inventuros
1066 4212 1382 4282 sperabant
1435 4214 1812 4286 medicinam)
1849 4216 2020 4273 :Noli

369 4299 505 4370 angi
552 4299 774 4369 animo,
808 4300 1001 4371 inquit
1048 4318 1255 4369 senex;
1291 4303 1340 4356 si
1370 4307 1455 4357 est
1485 4303 1641 4357 enim
1693 4306 2023 4359 necessaria

369 4388 619 4456 sanitas,
656 4405 785 4444 eam
838 4389 1035 4444 statim
1088 4391 1249 4445 dabit
1295 4390 1600 4447 Dominus.
1625 4393 1833 4447 Statim
1886 4410 2022 4464 ergo

366 4479 501 4547 post
530 4474 653 4531 haec
681 4478 858 4532 verba
888 4479 959 4532 ad
995 4495 1191 4549 preces
1223 4497 1564 4551 conversus,
1593 4488 1649 4536 et
1679 4485 1744 4537 ut
1774 4480 2019 4547 solebat,

2047 3197 2089 3264 C

2134 558 2370 614 nasium
2394 560 2634 630 plenum
2658 559 2729 615 iis
2749 559 2850 631 qui
2874 559 3321 615 concurrebant.
3344 559 3565 613 Pudore
3588 564 3783 614 autem

2136 648 2545 703 afficiebantur
2593 648 3049 703 calumniatores
3081 653 3137 703 et
3168 648 3456 702 mendacii
3508 648 3785 718 artifices,

2134 736 2263 793 laeto
2296 743 2491 793 autem
2523 742 2579 793 et
2612 736 2929 808 tranquillo
2957 737 3152 791 animo
3185 741 3353 793 erant
3383 734 3607 791 alumni
3639 736 3789 791 veri-

2133 828 2292 883 tatis.
2316 827 2393 881 Ex
2414 826 2549 882 hinc
2572 827 2629 881 in
2649 827 2855 882 domos
2873 843 3011 882 suas
3030 826 3342 881 trahebant
3362 826 3562 880 lumen
3583 827 3789 881 verita-

2133 918 2232 983 tis,
2258 917 2299 971 ii
2330 916 2425 987 qui
2460 933 2608 989 opus
2639 916 2935 972 habebant
2966 920 3031 971 ut
3061 920 3428 971 curarentur.
3454 915 3555 969 Vir
3586 923 3782 971 autem

2134 1005 2373 1077 quidam
2400 1005 2494 1061 cui
2516 1006 2703 1061 fuerat
2727 1005 3019 1060 maximus
3043 1005 3355 1060 mandatus
3382 1004 3783 1076 magistratus,

2132 1097 2378 1167 ejusque
2427 1095 2561 1150 fidei
2612 1094 2968 1169 commissus
3008 1098 3133 1149 erat
3173 1093 3373 1150 clavus
3405 1092 3679 1161 Orientis,
3714 1095 3785 1149 ad

2132 1201 2266 1241 eum
2300 1183 2462 1239 misit
2492 1201 2707 1256 rogans
2740 1188 2803 1240 ut
2835 1184 2905 1239 ad
2941 1201 3001 1239 se
3032 1183 3272 1252 veniret,
3296 1188 3354 1238 et
3391 1201 3423 1237 a
3453 1184 3658 1239 morbo
3686 1200 3785 1238 ur-

2133 1280 2303 1346 gente
2324 1274 2618 1345 liberaret.
2644 1274 2744 1329 Ille
2771 1290 2903 1329 vero
2931 1273 3174 1330 accessit
3198 1272 3344 1327 nihil
3370 1276 3703 1341 cunctatus,
3730 1278 3786 1327 et

2130 1363 2429 1418 communi
2465 1362 2712 1418 Domino
2740 1363 2890 1418 fusis
2922 1362 3199 1434 precibus
3220 1361 3391 1417 verbo
3415 1361 3590 1418 solvit
3618 1361 3784 1433 aegri-

2132 1452 2422 1521 tudinem,
2455 1452 2717 1522 etjussit
2749 1456 2811 1506 ut
2842 1451 2957 1506 Deo
2989 1456 3187 1521 ageret
3216 1451 3457 1522 gratias.

2200 1547 2343 1599 Cum
2367 1544 2489 1598 haec
2523 1548 2579 1599 et
2601 1543 2743 1599 talia
2766 1543 3019 1612 fecisset,
3044 1542 3253 1598 statuit
3273 1542 3551 1614 deinceps
3574 1542 3781 1598 reverti

2130 1634 2201 1689 ad
2225 1651 2343 1688 suae
2363 1633 2795 1689 exercitationis
2814 1635 3151 1688 monasticae
3171 1633 3655 1705 tugurium.Cum
3681 1648 3786 1704 per

2130 1722 2341 1792 Cyrum
2369 1723 2499 1793 [Al.,
2529 1722 2844 1795 Gyrrhum,
2866 1723 2951 1778 vel
2982 1721 3293 1794 Cyrrhum]
3328 1728 3524 1778 autem
3558 1723 3667 1778 iter
3698 1724 3782 1777 fa-

2129 1817 2283 1866 ceret
2312 1812 2518 1882 (distat
2549 1815 2745 1867 autem
2777 1810 2897 1866 haec
2930 1811 3137 1866 civitas
3162 1812 3409 1867 duorum
3437 1811 3659 1866 dierum
3689 1810 3782 1866 iti-

2131 1915 2265 1954 nere
2298 1899 2371 1954 ab
2400 1899 2749 1971 Antiochia),
2775 1900 3011 1954 divertit
3040 1899 3277 1970 quidem
3322 1899 3382 1954 in
3414 1900 3596 1955 aedem
3631 1916 3782 1971 pra:-

2131 1987 2270 2043 clari
2304 1988 2578 2060 martyris
2619 1987 2881 2059 Dionysii
2918 2004 2930 2042 :
2964 1987 3063 2059 qui
3116 1986 3236 2043 illic
3282 1991 3480 2044 autem
3510 2004 3647 2043 vero
3678 1988 3783 2044 Dei

2131 2076 2314 2132 cultui
2376 2082 2437 2133 et
2481 2078 2650 2132 rectae
2701 2076 2969 2148 religioni
3021 2081 3326 2148 praeerant,
3372 2077 3784 2134 convenientes

2130 2165 2542 2237 supplicarunt
2564 2169 2627 2220 ut
2656 2165 2767 2243 sibi
2800 2181 2970 2236 opem
3006 2166 3175 2221 ferret
3197 2165 3440 2220 exitium
3472 2166 3782 2236 praevisum

2129 2255 2626 2326 exspectantibus.
2674 2254 2960 2310 Dicebant
3019 2256 3175 2310 enim
3223 2257 3520 2310 Asterium
3571 2256 3668 2327 qui
3722 2256 3783 2311 in

2130 2344 2453 2416 sophistica
2475 2344 2588 2416 (l7)
2612 2348 2669 2400 et
2709 2344 2856 2399 falsa
2891 2343 3217 2400 disserendi
3249 2348 3373 2399 arte
3415 2344 3605 2399 fuerat
3635 2345 3783 2400 edu-

2130 2439 2316 2500 catus,
2348 2439 2405 2489 et
2434 2450 2495 2489 se
2521 2434 2579 2488 in
2616 2433 3021 2489 bareticorum
3054 2432 3360 2489 ecclesiam
3394 2434 3694 2503 injecerat,
3728 2438 3785 2489 et

2128 2522 2456 2594 episcopale
2496 2540 2715 2578 munus
2768 2527 2895 2578 erat
2944 2527 3272 2592 assecutus,
3301 2522 3513 2577 falsum
3568 2522 3785 2577 acriter

2130 2612 2457 2682 defendere,
2481 2616 2539 2666 et
2565 2612 2832 2683 improbo
2867 2611 2949 2666 uti
2981 2612 3227 2666 artificio
3260 2612 3542 2665 adversus
3572 2610 3781 2666 verita-

2128 2705 2278 2763 tem;
2332 2706 2389 2755 et
2435 2716 2726 2769 veremur,
2761 2701 3131 2773 inquiebant,
3179 2717 3251 2755 ne
3300 2701 3573 2757 facundia
3602 2698 3781 2755 veluti

2129 2792 2388 2860 quadam
2421 2806 2554 2845 esca
2587 2789 2801 2846 falsum
2834 2800 3168 2861 contegens,
3201 2794 3257 2846 et
3287 2806 3470 2845 nexus
3504 2788 3777 2861 syllogis-

2129 2896 2361 2934 morum
2409 2883 2693 2951 tanquam
2726 2881 2996 2951 quzedam
3030 2879 3173 2935 retia
3216 2880 3556 2948 extendens,
3588 2879 3781 2949 capiat

2129 2968 2348 3024 multos
2378 2985 2446 3024 ex
2490 2968 2984 3041 simplicioribus:
3018 2984 3084 3024 ea
3113 2970 3271 3024 enim
3326 2968 3396 3023 de
3445 2985 3626 3023 causa
3672 2968 3780 3022 fuit

2129 3059 2199 3113 ab
2248 3058 2597 3113 adversariis
2648 3058 2990 3113 accersitus.
3043 3059 3224 3113 Senex
3273 3060 3466 3112 autem
3502 3073 3516 3111 :
3559 3057 3778 3123 Estote,

2132 3147 2341 3219 inquit,
2373 3148 2527 3203 bono
2576 3148 2795 3214 animo,
2828 3151 2885 3202 et
2923 3148 3039 3203 Deo
3072 3146 3377 3203 nobiscum
3429 3146 3779 3218 supplicate,

2131 3237 2456 3293 orationem
2488 3242 2543 3291 et
2574 3238 2833 3308 corporis
2864 3236 3241 3292 afflictionem
3274 3236 3547 3307 precibus
3576 3237 3783 3306 adjun-

2128 3331 2353 3399 gentes.
2382 3326 2482 3382 His
2509 3327 2684 3381 Deum
2711 3327 2796 3381 sic
2816 3327 3180 3397 rogantibus,
3208 3342 3322 3381 uno
3348 3326 3441 3380 die
3462 3330 3599 3381 ante
3623 3325 3778 3379 diem

2126 3404 2343 3469 festum
2374 3431 2439 3468 ac
2469 3414 2779 3482 celebrem,
2815 3432 2930 3487 quo
2960 3415 3135 3470 verba
3180 3419 3305 3469 erat
3352 3415 3617 3469 facturus
3648 3412 3778 3468 falsi

2125 3503 2401 3558 defensor
2432 3508 2487 3558 et
2519 3503 2705 3559 hostis
2738 3503 3019 3571 veritatis,
3048 3503 3098 3558 is
3132 3502 3419 3557 divinitus
3448 3501 3778 3556 immissam

2126 3592 2350 3663 accepit
2379 3592 2634 3663 plagam,
2659 3596 2715 3646 et
2736 3610 2871 3647 cum
2900 3610 3016 3647 uno
3045 3596 3273 3647 tantum
3299 3592 3394 3647 die
3414 3595 3772 3663 aegrotasset,

2126 3681 2379 3735 excessit
2406 3697 2437 3735 e
2467 3681 2638 3747 vivis,
2664 3680 2849 3746 illam,
2885 3686 2949 3736 ut
2979 3672 3070 3737 est
3099 3680 3419 3751 probabile,
3443 3696 3638 3735 vocem
3672 3696 3776 3734 au-

2127 3770 2294 3825 diens
2327 3786 2340 3824 ς
2374 3767 2579 3839 Stulte,
2631 3770 2741 3825 hac
2793 3775 2961 3825 nocte
3015 3774 3287 3842 repetunt
3335 3787 3368 3825 a
3417 3778 3468 3825 le
3518 3770 3777 3824 animam

2133 3863 2296 3913 tuam
2319 3860 2473 3923 (Luc.
2497 3860 2633 3929 xu);
2661 3875 2788 3929 quae
2812 3864 3006 3914 autem
3033 3860 3248 3931 parasti
3274 3859 3419 3914 retia
3440 3862 3497 3913 et
3518 3858 3776 3929 laqueos,

2128 3947 2200 4002 iis
2227 3952 2291 4001 tu
2329 3946 2749 4017 implicaberis,
2780 3954 2837 4003 et
2886 3966 3000 4004 non
3048 3948 3168 4004 alii.
3206 3949 3331 4004 Haec
3364 3948 3596 4021 Balaam
3636 3963 3781 4018 quo-

2129 4052 2241 4108 que
2273 4036 2634 4105 acciderunt,
2665 4038 2766 4108 qui
2808 4038 2933 4110 ipse
2963 4054 3195 4108 quoque
3235 4038 3517 4093 adversus
3548 4036 3653 4092 Dei
3686 4053 3784 4106 po-

2131 4124 2334 4195 pulum
2381 4126 2722 4193 accersitus,
2756 4142 2891 4181 cum
2933 4126 3116 4197 impia
3147 4127 3414 4195 quaedam
3446 4125 3650 4182 Balaac
3681 4127 3790 4179 ad-

2128 4230 2335 4269 versus
2360 4214 2555 4284 ipsum
2580 4214 2998 4281 consuluisset,
3019 4218 3149 4286 ejus
3171 4215 3331 4270 dedit
3355 4232 3579 4287 pcenas,
3596 4214 3787 4285 utqui

2131 4303 2204 4358 ab
2240 4303 2561 4359 Israelitica
2590 4306 2825 4361 dextera
2857 4306 3034 4361 fuerit
3063 4323 3249 4361 caesus
3273 4308 3455 4377 (Num.
3483 4308 3634 4373 xxvu)
3681 4305 3789 4375 Igi-

2131 4396 2229 4447 tur
2262 4393 2355 4447 hic
2389 4410 2624 4464 quoque
2656 4411 2788 4449 cum
2822 4395 2877 4449 in
2908 4395 3009 4450 Dei
3044 4395 3324 4466 populum
3350 4395 3634 4465 quasdam
3667 4392 3783 4447 cal-

2132 4480 2283 4535 lidas
2315 4482 2708 4553 excogitasset
2729 4484 3074 4549 sententias,
3100 4500 3204 4554 per
3234 4488 3413 4539 Deum
3442 4480 3637 4553 populi
3667 4480 3786 4535 vita

362 4567 419 4618 et
445 4579 638 4633 genua
668 4570 725 4618 et
758 4565 1004 4620 frontem
1041 4567 1165 4622 solo
1198 4569 1538 4636 admovens,
1574 4570 1799 4641 rogavit
1834 4575 1893 4625 ut
1924 4588 2021 4625 as-
2052 4562 2096 4624 D
2132 4570 2242 4625 fuit
2273 4570 2556 4642 privatus.
2591 4572 2751 4628 Hanc
2800 4577 2997 4628 autem
3032 4573 3281 4628 salutem
3314 4574 3495 4644 Cyrus
3527 4575 3615 4625 est
3645 4586 3787 4624 con—

363 4656 710 4721 sequeretur
754 4654 1094 4724 sanitatem,
1129 4656 1179 4710 si
1208 4672 1277 4711 ex
1308 4674 1376 4711 ea
1423 4658 1688 4712 reditura
1719 4660 1796 4713 sit
1827 4658 2024 4729 aliqua

362 4738 591 4793 utilitas
621 4741 691 4794 ad
726 4757 823 4796 eos
871 4741 973 4811 qui
1026 4750 1441 4799 convenerant.
1475 4745 1743 4801 Nondum
1789 4747 2023 4802 finierat

363 4844 590 4898 preces,
625 4834 681 4884 et
712 4835 949 4901 repente
976 4831 1196 4887 multus
1221 4834 1403 4888 sudor
1434 4834 1729 4905 profluens
1749 4834 2025 4892 exstinxit

372 4917 666 4972 ﬂammam
703 4918 903 4974 febris.

437 5008 581 5061 Cum
608 5006 725 5061 illic
744 5013 940 5064 autem
966 5008 1274 5066 liberasset
1294 5011 1511 5067 multos
1536 5030 1569 5067 a
1591 5012 1809 5069 morbis
1828 5015 2022 5071 omnis

370 5096 625 5166 generis,
642 5098 940 5167 profectus
961 5104 1052 5153 est
1073 5100 1145 5153 ad
1170 5106 1520 5156 conventum
1546 5103 2021 5173 piorum.Trans-

367 5189 542 5239 eunte
562 5192 758 5239 autem
782 5203 848 5242 eo
873 5203 972 5256 per
1005 5194 1199 5258 portas
1231 5189 1422 5260 regias,
1449 5191 1757 5246 mendicus
1780 5193 2021 5263 quidam

370 5273 469 5345 qui
504 5272 778 5330 clunibus
830 5277 1104 5331 utebatur
1136 5294 1237 5348 pro
1270 5279 1540 5349 pedibus,
1561 5285 1617 5335 et
1667 5297 1767 5352 per
1806 5287 2021 5337 terram

369 5362 877 5431 trahebatur,cum
903 5383 1143 5420 manum
1165 5368 1615 5433 extendisset,et
1631 5371 1760 5441 ejus
1780 5371 2021 5441 pallium

370 5450 684 5522 tetigisset,
715 5454 825 5508 fide
851 5455 1089 5526 quidem
1127 5457 1396 5511 morbum
1431 5460 1624 5530 exegit
1653 5458 1896 5515 exiliens
1919 5478 2021 5514 au-

377 5547 496 5596 tem
521 5542 775 5595 ostendit
807 5560 869 5598 se
902 5561 1066 5615 asque
1098 5562 1329 5601 currere
1361 5553 1535 5618 atque
1566 5553 1698 5603 ante
1730 5550 2024 5615 morbum,

372 5629 529 5685 idem
558 5630 775 5686 faciens
800 5634 955 5702 quod
978 5634 1225 5689 claudus
1248 5652 1418 5706 quem
1450 5638 1653 5692 Petrus
1684 5642 1741 5693 et
1766 5638 2025 5692 Joannes

377 5719 741 5775 suscitarunt
766 5720 901 5792 (Act.
934 5723 1039 5793 ιιι).
1076 5722 1195 5779 Hoc
1225 5740 1359 5779 cum
1407 5724 1628 5781 factum
1678 5730 1853 5795 esset,
1887 5743 2028 5782 con-

2132 4665 2335 4714 secuta
2368 4677 2470 4730 per
2500 4659 2682 4729 hujus
2713 4662 3058 4717 orationem.

2206 4749 2332 4801 Haec
2356 4754 2553 4803 autem
2578 4766 2709 4819 quae
2733 4751 2986 4818 narravi,
3013 4750 3152 4805 mihi
3180 4749 3445 4804 divinum
3470 4752 3667 4819 caput,
3692 4747 3789 4803 ille

2132 4852 2385 4908 magnus
2408 4838 2652 4893 tradidit
2670 4840 2943 4909 Aeacius,
2962 4839 3061 4910 qui
3087 4838 3329 4908 pulchre
3347 4837 3569 4893 sciebat
3591 4839 3791 4892 omnia

2132 4942 2258 4995 qua!
2284 4926 2356 4979 ab
2381 4926 2507 4997 ipso
2536 4927 2687 4982 facta
2712 4928 2962 4984 fuerant.
2989 4931 3127 4981 Cum
3148 4943 3286 4997 ergo
3306 4926 3469 4982 illinc
3492 4931 3647 4981 esset
3666 4944 3790 4998 pro~

2133 5015 2340 5081 fectus,
2365 5018 2421 5069 et
2447 5014 2515 5068 ad
2551 5032 2690 5070 suos
2722 5014 2953 5071 sodales
2986 5031 3276 5083 reversus,
3300 5021 3358 5071 et
3390 5033 3506 5072 una
3538 5032 3672 5070 cum
3707 5015 3790 5070 eis

2133 5120 2247 5158 non
2275 5119 2450 5174 parvo
2481 5109 2741 5174 tempore
2762 5109 2921 5160 esset
2944 5113 3232 5173 versalus,
3256 5105 3327 5160 ad
3355 5106 3533 5161 vitam
3557 5104 3705 5161 senii
3733 5110 3791 5159 et

2134 5191 2417 5247 molestia
2444 5198 2741 5264 expertem
2765 5192 2935 5249 valde
2967 5199 3234 5265 prompte
3256 5201 3314 5250 et
3343 5194 3615 5250 alacriter
3636 5193 3789 5248 806

2136 5281 2390 5345 transiit,
2418 5286 2482 5336 ut
2520 5282 2621 5352 qui
2653 5281 2711 5336 in
2747 5283 2977 5337 mortali
3014 5289 3228 5339 natura
3271 5284 3589 5340 meditatus
3636 5287 3793 5338 esset

2134 5372 2210 5426 im
2223 5370 2659 5441 patibililatem,
2678 5378 2940 5443 exspecta
2952 5378 3037 5428 ret
3054 5378 3250 5429 autem
3278 5373 3537 5444 corporis
3558 5373 3793 5427 immor-

2136 5463 2444 5517 talitatem.
2476 5464 2594 5534 Ego
2636 5467 2833 5517 autem
2862 5462 2955 5519 hic
2989 5466 3057 5519 de
3090 5481 3155 5519 eo
3188 5465 3402 5519 sistens
3446 5463 3791 5527 orationem,

2137 5550 2400 5606 transibo
2435 5552 2501 5605 ad
2537 5551 2759 5607 alium:
2792 5569 3004 5623 rogans
3038 5559 3271 5608 sanctos
3294 5551 3392 5621 qui
3426 5551 3483 5604 in
3520 5551 3672 5605 hanc
3700 5551 3791 5605 in-

2138 5639 2485 5706 grediuntur
2516 5642 2936 5708 narrationem,
2973 5658 3075 5714 per
3105 5657 3272 5714 suam
3317 5641 3790 5697 inlercessionem

2141 5728 2286 5783 mihi
2317 5744 2633 5798 supernam
2668 5712 2990 5786 conciliare
3019 5712 3506 5785 benevolentiam.
