4122 6188
328 372 406 427 eo
1479 372 1949 449 PHILOTHEUS,
1993 392 2117 433 sm:
2155 366 2627 437 THEOPHILES.
3693 389 3763 445 30

988 501 1216 559 CAPUT
1256 504 1352 561 Ill.

918 608 1249 649 suam/mus
1290 594 1422 665 (18).

402 688 585 743 Illum
603 692 796 744 autem
815 694 1072 761 tempore
1092 691 1452 747 celebratum
1470 693 2000 765 Marcianum,quo-

330 780 511 832 modo
537 796 642 848 pro
680 778 760 832 rei
783 779 1073 850 dignitate
1106 780 1533 836 admirabimur
1560 782 1872 852 (Theodon,
1900 782 1997 837 lib.

332 885 389 921 1v
412 867 592 933 I1ist.,
624 885 743 938 cap.
772 868 1077 938 ‘26)?Num
1101 868 1369 925 videlicet
1392 886 1523 924 eum
1551 870 1727 925 simul
1753 873 1997 943 conjun-

335 961 547 1026 gentes
577 973 713 1010 cum
738 957 886 1023 Elia,
912 962 968 1013 et
987 960 1232 1023 Joanne,
1260 962 1317 1013 et
1338 959 1656 1027 similibus,
1688 960 1787 1031 qui
1807 960 1997 1015 circu-

334 1047 574 1100 mibant
627 1046 688 1100 in
734 1046 923 1101 ovinis
946 1052 1003 1101 et
1024 1046 1280 1118 caprinis
1330 1046 1604 1119 pellibus,
1630 1054 1892 1120 egentes,
1916 1049 1997 1104 at-

333 1134 503 1198 ﬂicti,
531 1135 743 1201 vexati,
771 1136 989 1205 quibus
1014 1135 1228 1207 dignus
1250 1152 1363 1191 non
1397 1142 1521 1193 erat
1547 1138 1807 1193 mundus
1838 1139 1997 1209 (Ileb.

326 1233 431 1291 xx),
468 1230 737 1280 errantes
768 1226 829 1279 in
862 1226 1305 1294 solitudinibus,
1339 1230 1395 1283 et
1426 1227 1748 1296 montibus,
1784 1232 1841 1283 et
1867 1246 1996 1300 spe-

332 1313 562 1382 luncis,
596 1320 651 1368 et
690 1315 1077 1371 foraminibus
1110 1319 1327 1371 terrae?

408 1406 469 1457 Is
492 1404 649 1457 enim
674 1404 815 1458 olim
840 1406 1091 1474 patriam
1116 1404 1352 1476 quidem
1377 1404 1996 1477 habuitCyrum,cujus

334 1496 505 1561 prius
535 1509 771 1563 quoque
795 1492 1473 1565 meminimus;posthaac
1498 1502 1692 1551 autem
1725 1496 1997 1551 solitudi-

332 1579 630 1635 nem:hac
653 1586 849 1636 autem
874 1586 931 1636 et
954 1578 1053 1637 illa
1095 1582 1315 1653 relicta,
1344 1600 1495 1638 nunc
1544 1583 1719 1640 habet
1760 1585 1992 1640 coelum.

333 1670 405 1724 Et
438 1669 537 1723 illa
570 1670 811 1740 quidem
837 1687 971 1725 eum
1002 1671 1225 1742 genuit,
1256 1671 1372 1728 hazc
1394 1689 1525 1729 vero
1549 1673 1713 1743 aluit,
1738 1679 1794 1729 et
1813 1675 1993 1729 victo-

332 1776 459 1813 rem
498 1760 716 1829 eﬂ‘ecit,
758 1758 969 1814 ccelum
1008 1769 1199 1817 autem
1242 1764 1466 1835 accepit
1517 1768 1580 1818 ut
1627 1767 1993 1831 coronatum,

2024 508 2079 573 Α
2110 508 2567 582 pulcherrimus,
2603 511 2711 569 hoc
2746 533 2925 587 parvo
2957 520 3084 576 cibo
3117 520 3327 578 alebat.
3365 523 3509 577 Cum
3562 528 3759 579 autem

2110 599 2449 668 prieteriiset
2477 601 2845 674 aliquantum
2870 609 3172 679 temporis,
3190 611 3334 666 duos
3363 613 3599 667 admisit
3623 631 3761 667 con-

2108 686 2469 757 tubernales,
2504 688 2820 749 Eusebium
2850 698 2863 730 ί
2900 697 2999 767 qui
3032 698 3181 752 sacri
3214 699 3373 754 illius
3397 701 3615 771 tugurii
3652 702 3761 756 fuit

2109 776 2314 847 haeres,
2348 783 2403 833 et
2427 785 2751 852 Agapetum
2806 784 2942 856 (19),
2986 785 3083 857 qui
3118 787 3226 843 has
3276 786 3433 859 leges
3464 790 3761 860 angelicas

2106 866 2405 922 transtulit
2434 872 2772 940 Apameam.
2810 875 2907 929 Est
2946 875 3101 930 enim
3161 877 3401 947 quidam
3444 877 3603 933 vicus
3637 895 3762 933 ma-

2106 954 2294 1011 ximus
2317 962 2372 1011 et
2403 957 2919 1030 populosissimus,
2955 968 3046 1019 est
3077 970 3273 1019 autem
3308 966 3357 1020 ei
3394 982 3605 1021 nomen
3657 968 3758 1021 Ni-

2107 1047 2279 1100 certe.
2318 1045 2377 1099 In
2420 1061 2485 1102 eo
2548 1064 2684 1119 ergo
2745 1054 3028 1106 construit
3068 1053 3181 1108 duo
3215 1054 3471 1110 maxima
3502 1053 3760 1127 philoso-

2107 1132 2255 1203 phiaz
2282 1136 2606 1206 gymnasia,
2639 1155 2891 1208 quorum
2924 1158 3109 1195 unum
3144 1143 3379 1213 quidem
3414 1148 3501 1199 est
3527 1144 3598 1199 ab
3625 1140 3758 1214 ejus

2108 1224 2344 1277 nomine
2377 1226 2843 1298 denominatum,
2874 1228 3119 1285 alterum
3154 1248 3289 1286 vero
3323 1232 3392 1288 ab
3426 1233 3759 1289 admirabili

2105 1310 2396 1382 Simeone,
2420 1314 2519 1384 qui
2554 1316 2967 1388 quiquinginta
2988 1337 3275 1375 annorum
3304 1321 3493 1392 spatio
3528 1321 3762 1378 refulsit

2107 1399 2164 1453 in
2198 1399 2317 1455 hzec
2364 1402 2758 1475 philosophia.
2794 1409 2856 1460 In
2909 1407 3000 1462 his
3060 1408 3117 1462 in
3174 1408 3525 1465 hodiernum
3572 1428 3757 1481 usque

2106 1486 2259 1543 diem
2300 1492 2520 1562 degunt
2562 1494 2693 1564 plus
2726 1512 2897 1565 quam
2936 1498 3309 1568 quadraginti
3350 1499 3481 1565 viri,
3526 1500 3759 1555 virtutis

2106 1578 2745 1649 athletaa,etamatores
2791 1582 3093 1655 religionis
3117 1588 3359 1658 verique
3393 1587 3490 1641 Dei
3540 1586 3755 1659 cultus,

2104 1672 2161 1723 et
2185 1669 2426 1740 quisuis
2454 1671 2662 1727 cmlum
2688 1679 2965 1729 coemunt
2986 1676 3308 1731 laboribus.
3348 1677 3532 1745 Hujus
3565 1684 3758 1733 autem

2104 1758 2437 1831 reipublicae
2462 1759 2826 1831 legislatores
2876 1764 3035 1819 fuere
3072 1766 3365 1836 Agapetus
3389 1765 3755 1833 etSimones,

332 1854 665 1919 contempta
696 1848 959 1905 claritate
991 1850 1242 1921 generis.
1280 1851 1536 1907 Ducebat
1567 1852 1723 1907 enim
1752 1870 1938 1925 genus
1963 1872 1994 1909 a
2024 1858 2070 1944 Β
2102 1850 2198 1918 qui
2229 1849 2387 1921 leges
2411 1866 2681 1944 accepere
2713 1870 2745 1907 α
2779 1870 2988 1923 magno
3011 1854 3417 1911 Marciano.Ab
3446 1855 3535 1910 his
3558 1860 3755 1911 autem

335 1938 615 2009 patriciis
642 1942 698 1993 et
720 1956 753 1993 a
774 1938 1086 2010 splendore
1110 1940 1288 2011 regio.
1314 1943 1376 1995 In
1403 1941 1517 1997 illis
1547 1940 1703 1997 enim
1747 1942 1991 1999 ﬂorebat

332 2027 603 2098 corporis
651 2028 846 2099 specie
878 2034 932 2083 et
966 2030 1365 2099 magnitudine
1415 2037 1651 2103 accepta
1681 2032 1753 2087 ab
1785 2033 1991 2103 opifice

333 2124 588 2181 naturae,
622 2125 677 2172 et
708 2118 906 2173 animo
938 2119 1157 2189 ingenii
1192 2119 1428 2175 solertia
1460 2127 1681 2177 ornato.
1710 2123 1769 2177 In
1804 2122 1987 2177 Deum

334 2210 532 2261 autem
567 2211 625 2261 et
654 2223 719 2261 ea
749 2224 875 2279 qua:
906 2208 975 2262 ad
1004 2224 1135 2263 eum
1174 2209 1488 2280 pertinent,
1520 2214 1703 2265 totum
1730 2228 1987 2266 amorem

333 2294 687 2358 transtulit;
709 2302 765 2351 et
796 2297 1072 2352 omnibus
1089 2297 1501 2369 valerejussis,
1528 2299 1867 2356 solitudinis
1895 2318 1986 2355 oc-

335 2389 517 2453 cupat
553 2384 929 2455 umbilicum,
963 2393 1019 2441 et
1063 2404 1238 2458 parva
1284 2393 1577 2443 exstructa
1610 2389 1990 2454 domuncula,

334 2489 468 2543 qua:
502 2491 573 2527 ne
598 2475 724 2542 ejus
743 2475 978 2545 quidem
996 2477 1253 2547 corporis
1271 2479 1435 2547 justa
1455 2478 1846 2549 respondebat
1867 2497 1991 2551 pro-

333 2562 611 2634 portione
642 2581 774 2619 cum
798 2581 921 2619 eam
939 2566 1188 2635 quodam
1213 2564 1325 2621 alio
1351 2584 1525 2638 parva
1554 2572 1717 2638 septo
1735 2569 1989 2623 circum-

330 2652 613 2721 sedisset,
635 2652 903 2708 inclusus
924 2660 1047 2709 erat
1063 2656 1636 2727 assidue,separatus
1662 2658 1897 2728 quidem
1919 2660 1990 2713 ab

335 2742 501 2794 omni
537 2740 802 2797 humana
832 2744 1275 2812 consuetudine,
1307 2744 1603 2801 disserens
1637 2751 1832 2801 autem
1858 2764 1990 2801 cum

336 2830 591 2885 Domino
622 2832 1054 2900 universorum,
1091 2833 1391 2889 etdulcem
1418 2836 1993 2917 illam“.'UCi'.m-exau:

335 2920 531 2973 diens.
558 2919 768 2975 Divina
790 2922 946 2975 enim
984 2939 1223 2978 versans
1267 2923 1518 2996 eloquia,
1543 2917 1603 2979 se
1633 2913 1999 3007 ἆὶὶείιᾲείγςδέ

335 3009 454 3063 frui
472 3008 935 3080 putabat.0rans
954 3016 1147 3066 autem
1174 3017 1230 3067 et
1252 3014 1709 3085 supplicationes
1723 3007 2012 3084 offerens;

336 3098 469 3168 ipse
493 3098 847 3168 loquebatur
869 3116 1000 3155 cum
1027 3100 1370 3169 Domino;et
1390 3100 1529 3180 c'ttgn‘
1559 3104 1992 3179 seinpcrtantis

338 3188 641 3242 frueretur
687 3188 929 3259 deliciis,
954 3206 1085 3244 eum
1122 3194 1420 3263 nunquam
1443 3182 2011 3264 capiebatéati'etds.‘

336 3277 574 3332 Audivit
599 3278 754 3331 enim
780 3278 1041 3333 divinum
1070 3242 1351 3351 Spiritum
1379 3298 1479 3352 per
1499 3246 1779 3353 magnum
1816 3284 1989 3338 David
2026 3242 2065 3307 C

338 3365 697 3437 psallentem
734 3384 746 3421 :
781 3367 889 3431 Qui
936 3368 1251 3423 meditatur
1284 3370 1339 3423 in
1373 3371 1498 3441 lege
1540 3372 1770 3425 Domini
1804 3372 1894 3426 die
1928 3390 1993 3427 ac

340 3462 536 3521 nocte,
573 3455 685 3509 erit
714 3455 1235 3528 tanquamlignum
1262 3459 1413 3529 quod
1440 3458 1767 3530 plantatum
1792 3464 1881 3515 est
1902 3478 1992 3516 se-

337 3544 754 3599 cnsdecursus
783 3562 1090 3615 aquarum,
1117 3548 1270 3617 quod
1298 3548 1552 3601 fructum
1577 3565 1704 3603 sum
1738 3550 1903 3604 dabit
1934 3550 1991 3604 in

336 3643 609 3705 tempore
633 3653 759 3701 suo;
788 3640 844 3689 et
865 3634 1065 3690 folium
1090 3638 1217 3705 ejus
1250 3654 1364 3691 non
1391 3638 1603 3692 deﬂuet
1623 3640 1991 3711 (Psal.1).Hos

340 3726 577 3779 fructus
595 3725 957 3796 desiderans,
975 3726 1384 3795 iucundissum
1411 3727 1567 3782 hunc
1591 3727 1845 3784 laborem
1868 3748 1993 3785 am-

339 3812 743 3885 plectebatur;
765 3820 821 3868 et
861 3815 1183 3869 orationem
1210 3816 1447 3887 quidem
1476 3816 1799 3887 psalmodia
1835 3818 1988 3890 psal-

340 3902 606 3955 modiam
626 3908 818 3956 autem
846 3901 1168 3973 excipiebat
1198 3904 1404 3971 oratio,
1430 3907 1485 3958 et
1506 3910 1755 3976 utraque
1787 3922 1991 3962 rursus

337 3990 682 4045 divinorum
721 3990 1085 4062 eloquiorum
1133 3991 1321 4048 lectio.
1350 3995 1527 4049 Cibus
1572 4000 1763 4050 autem
1786 3995 1834 4050 ei
1870 4001 1993 4050 erat

337 4079 506 4133 solus
534 4080 719 4150 panis,
742 4080 910 4151 isque
930 4085 1084 4135 certa
1106 4081 1867 4153 praebebaturmensuraEa
1898 4102 1994 4141 au-

336 4173 457 4223 tem
510 4173 636 4223 erat
672 4185 971 4239 mensura,
1032 4174 1096 4223 ut
1154 4186 1257 4225 nec
1308 4188 1487 4242 puero
1531 4172 1769 4243 quidem
1805 4191 1991 4245 nuper

336 4258 635 4312 ablactato
650 4258 793 4313 satis
812 4259 1165 4315 esset.Aiunt
1184 4259 1338 4314 enim
1357 4260 1521 4331 panis
1537 4260 1743 4317 libram
1767 4262 1823 4317 in
1846 4281 1988 4335 qua-

335 4354 475 4402 tuor
497 4353 695 4419 partes
716 4348 1244 4420 divisam,quatuor
1260 4348 1469 4405 diebus
1497 4350 1677 4405 fuisse
1701 4351 1985 4407 distribu-

333 4443 483 4500 tam,
518 4442 577 4491 et
618 4437 940 4507 unicuique
983 4438 1095 4492 diei
1139 4438 1483 4493 attributam
1536 4440 1720 4495 fuisse
1764 4446 1985 4512 partem

334 4543 542 4581 unam.
579 4528 874 4581 Statuerat
904 4526 1058 4581 enim
1090 4544 1326 4597 vespere
1369 4529 1672 4583 comedere
1705 4530 1986 4600 quotidie.

332 4632 648 4685 nunquam
691 4617 885 4668 autem
924 4613 1145 4682 satiari;
1172 4615 1272 4670 sed
1316 4632 1548 4686 semper
1588 4616 1825 4687 quidem
1862 4636 1989 4673 esu-
2019 4598 2063 4660 D

333 4706 719 4775 rire,semper
746 4722 878 4759 vero
911 4704 1105 4770 sitire;
1141 4705 1365 4777 corpori
1395 4709 1587 4760 autem
1621 4724 1686 4761 ea
1717 4708 1988 4764 exhibere

338 4812 470 4865 quae
504 4795 576 4849 ad
630 4794 944 4848 vivendum
992 4794 1311 4850 sufﬁciunt.
1350 4796 1585 4850 Dicebat
1623 4797 1779 4851 enim
1832 4800 1986 4868 quod

337 4883 439 4955 qui
482 4888 616 4953 post
667 4883 987 4938 multorum
1038 4883 1263 4938 dierum
1298 4885 1551 4939 inediam
1584 4886 1738 4957 capit
1768 4888 1985 4957 cibum,

334 4973 395 5027 in
430 4973 641 5027 diebus
674 4973 908 5044 quidem
946 4972 1145 5027 inedire
1179 4973 1371 5027 officia
1401 4974 1694 5029 dominica
1717 4977 1983 5049 exsequi-

332 5067 433 5116 tur
463 5060 971 5125 imbecillius.0uo
1003 5066 1191 5116 autem
1226 5062 1318 5116 die
1347 5080 1554 5117 rursus
1577 5064 1733 5135 capit
1763 5065 1982 5132 cibum,

332 5152 530 5222 plura,
573 5154 637 5204 ut
678 5154 766 5205 est
824 5155 1306 5217 consentaneum,
1360 5150 1664 5217 exhibens,
1725 5160 1983 5209 ventrem

332 5246 541 5295 onerat
574 5257 585 5293 :
621 5240 672 5294 is
716 5243 913 5293 autem
962 5245 1235 5309 gravatus
1286 5240 1599 5295 tardiorem
1635 5242 1823 5297 reddit
1852 5245 1982 5298 ani-

332 5348 491 5386 mam
527 5331 597 5385 ad
628 5330 1015 5402 vigilandum.
1046 5327 1279 5386 Dicebat
1301 5331 1481 5403 igitur
1500 5349 1629 5387 esse
1647 5333 1858 5389 melius
1882 5352 1980 5389 ve-

330 5422 414 5475 ερί
458 5412 699 5491 quidem
741 5419 1026 5489 quotidie,
1068 5435 1369 5490 nunquam
1412 5422 1606 5475 autem
1648 5427 1980 5492 exspectare

330 5511 689 5564 satietatem.
752 5508 969 5563 Verum
1032 5508 1187 5563 enim
1235 5510 1531 5580 jejunium
1565 5514 1656 5565 est
1702 5517 1981 5582 perpetua

328 5600 680 5669 indigentia.
730 5597 893 5652 Hanc
926 5598 1105 5668 legem
1167 5604 1445 5670 perpetuo
1496 5599 1714 5653 ferebat
1754 5600 1841 5653 vir
1882 5601 1979 5655 ille

327 5688 592 5752 divinus,
627 5690 683 5741 et
713 5703 846 5741 cum
873 5692 1084 5758 corpus
1113 5686 1349 5741 haberet
1382 5689 1723 5754 maximum,
1755 5688 1809 5742 et
1846 5707 1975 5744 om-

327 5779 500 5832 nium
536 5776 630 5831 sui
661 5776 943 5847 temporis
991 5776 1297 5832 hominum
1336 5784 1489 5832 esset
1516 5782 1573 5831 et
1603 5778 1891 5833 maximus
1920 5785 1976 5834 et

2103 1937 2355 2009 plurima
2386 1956 2509 2009 quae
2544 1937 2807 2010 plantata
2836 1948 2978 1997 sunt
3023 1943 3467 2000 exercitatorum
3516 1945 3753 2001 virtutis

2100 2027 2453 2097 habitacula,
2479 2045 2605 2099 quae
2629 2030 2868 2100 quidem
2893 2031 3100 2086 iisdem
3138 2030 3368 2103 legibus
3393 2036 3672 2101 reguntur
3700 2040 3757 2089 et

2098 2114 2409 2184 institutis,
2445 2114 2659 2171 dificile
2701 2120 2789 2172 est
2823 2134 3186 2175 enumerare.
3218 2120 3505 2175 Caeterum
3539 2120 3747 2175 horum

2101 2206 2365 2261 omnium
2400 2204 2693 2277 plantator
2742 2208 2851 2262 fuit
2901 2206 2997 2264 ille
3020 2209 3273 2278 divinus;
3305 2211 3402 2281 qui
3428 2211 3582 2265 enim
3619 2212 3751 2283 pul-

2101 2295 2459 2350 cherrimum
2518 2312 2717 2351 semen
2775 2298 3041 2369 praebuit,
3076 2300 3124 2353 is
3150 2301 3283 2370 jure
3323 2299 3515 2354 vocari
3563 2302 3753 2371 possit

2099 2392 2299 2439 auctor
2331 2386 2618 2439 bonorum
2656 2403 2779 2457 quae
2816 2392 3162 2444 nascuntur.

2174 2473 2430 2528 Primum
2453 2489 2610 2545 ergo,
2630 2475 3443 2541 utdixi,solusvoluntarium
3468 2477 3635 2533 illum
3672 2484 3749 2534 te-

2102 2563 2276 2616 nebat
2306 2578 2627 2631 carcerem;
2681 2564 2891 2618 deinde
2913 2582 3045 2619 cum
3090 2566 3197 2621 hos
3222 2567 3368 2622 duos
3394 2567 3751 2633 admisisset,

2104 2668 2217 2705 non
2267 2650 2614 2706 habitabant
2646 2652 2729 2706 illi
2762 2652 2963 2708 eadem
3008 2655 3211 2724 domo;
3268 2672 3455 2726 neque
3508 2656 3664 2710 enim
3701 2658 3751 2710 ei

2102 2739 2211 2795 soli
2243 2740 2571 2796 sufficiebant
2593 2742 2971 2809 domuncula,
3007 2747 3070 2797 ut
3092 2761 3217 2815 quae
3242 2748 3395 2799 esset
3415 2744 3582 2799 valde
3617 2762 3751 2816 par-

2100 2846 2192 2898 va,
2225 2838 2280 2884 et
2312 2846 2437 2899 quas
2470 2829 2581 2900 ipsi
2614 2836 2669 2884 et
2700 2831 2881 2885 stanti
2914 2836 2970 2886 et
3000 2833 3355 2888 recumbenti
3390 2832 3642 2888 multum
3669 2834 3750 2887 af-

2104 2920 2277 2973 ferret
2308 2917 2754 2990 labor-isﬁeque
2787 2920 2943 2974 enim
2977 2925 3377 2988 stans,rectus
3410 2928 3566 2977 stare
3598 2927 3755 2993 pote-

2104 3011 2213 3073 rat,
2246 3024 2378 3062 cum
2412 3011 2629 3063 tectum
2672 3014 2847 3079 caput
2879 3013 2936 3064 et
2977 3010 3189 3066 collum
3233 3017 3529 3084 tangeret;
3565 3029 3754 3083 neque

2104 3098 2391 3151 recubans
2423 3101 2651 3168 poterat
2684 3100 2859 3169 pedes
2886 3101 3218 3166 extendere,
3240 3118 3372 3155 cum
3394 3101 3605 3156 domus
3638 3118 3751 3155 non

2106 3185 2800 3256 haberet'longitwiinem
2833 3187 3117 3258 aqualem
3161 3189 3515 3261 longitudini
3544 3207 3751 3262 corpo-

2106 3276 2207 3329 ris.
2240 3277 2384 3331 Cum
2417 3291 2564 3345 ergo
2582 3270 3251 3345 eisupaemisissetaliam
3276 3282 3595 3343 exstruere,
3620 3281 3749 3349 jus-

2104 3364 2180 3418 sit
2211 3365 2267 3418 in
2300 3381 2368 3419 ea
2399 3364 2607 3433 degere
2643 3380 2655 3417 :
2689 3378 2791 3435 per
2821 3382 2882 3419 se
2933 3369 3124 3419 autem
3174 3365 3422 3437 hymnos
3471 3366 3661 3421 dicere
3696 3372 3753 3421 et

2104 3470 2287 3519 orare,
2322 3457 2379 3507 et
2409 3453 2607 3507 divina
2635 3452 2828 3523 legere
2858 3452 3110 3523 eloquia.
3151 3455 3296 3509 Cum
3329 3460 3522 3509 autem
3573 3472 3752 3526 opor-

2103 3546 2249 3596 teret
2306 3558 2433 3597 esse
2493 3540 2688 3613 plures
2736 3541 2913 3613 hujus
2961 3542 3235 3597 utilitatis
3265 3542 3601 3615 participes,
3636 3542 3750 3599 alio

2105 3632 2435 3687 habitaculo
2466 3632 2594 3701 ejus
2620 3633 2793 3701 jussu
2849 3632 3049 3703 procul
3081 3637 3393 3701 exstructo,
3420 3634 3605 3703 jussit
3650 3650 3749 3688 eos

2104 3722 2201 3793 qui
2236 3721 2445 3777 vellent
2476 3723 2532 3776 in
2570 3722 2668 3777 illo
2697 3722 2924 3792 degere.
2958 3722 3171 3777 Eorum
3215 3728 3410 3778 autem
3460 3723 3578 3777 dux
3626 3726 3750 3777 erat

2102 3811 2411 3880 Eusebius,
2446 3814 2542 3882 qui
2579 3811 2774 3883 magni
2810 3810 3085 3867 Marcnani
3117 3812 3265 3867 807
3311 3810 3751 3868 transmittebat

2102 3901 2454 3957 doctrinam.
2490 3900 2733 3955 Divinus
2767 3904 2958 3955 autem
2990 3901 3086 3956 ille
3118 3904 3435 3973 Agapetus,
3476 3905 3539 3957 ut
3570 3914 3746 3974 opor-

2102 3993 2216 4047 tuit
2251 3992 2573 4057 institutus,
2610 3996 2665 4046 et
2696 3992 3065 4057 exercitatus,
3092 3998 3147 4047 et
3176 3992 3236 4048 in
3268 3994 3375 4048 hac
3401 3999 3523 4049 arte
3556 3995 3748 4050 athle-

2099 4082 2215 4137 tica
2242 4082 2459 4152 optime
2490 4080 2775 4150 eruditus,
2815 4097 3081 4136 reversus
3126 4088 3234 4151 est,
3292 4088 3354 4137 ut
3385 4084 3524 4151 dixi,
3564 4087 3619 4139 et
3652 4101 3751 4139 se-

2101 4170 2344 4228 minavit
2375 4170 2602 4225 semina
2646 4187 2772 4240 quae
2805 4188 2838 4225 a
2868 4171 3065 4225 divina
3110 4169 3209 4225 illa
3268 4172 3465 4227 anima
3515 4190 3752 4243 accepe-

2100 4267 2209 4317 rat.
2244 4249 2437 4316 Evasit
2468 4266 2662 4315 autem
2698 4260 2839 4314 adeo
2872 4260 3065 4315 clarus
3098 4265 3154 4315 et
3188 4260 3455 4326 illustris,
3502 4267 3565 4315 ut
3598 4281 3750 4334 pon-

2099 4350 2300 4405 tiﬁcali
2333 4350 2469 4405 sede
2492 4349 2705 4419 dignus
2757 4350 2832 4404 sit
2872 4349 3131 4416 habitus,
3167 4353 3223 4403 et
3268 4350 3318 4403 ei
3369 4351 3640 4405 mandata
3674 4352 3751 4408 sit

2101 4439 2411 4511 pastoralis
2440 4439 2685 4501 curatio,
2719 4446 2771 4492 et
2800 4438 2928 4507 ejus
2974 4438 3107 4492 ﬁdei
3154 4438 3374 4493 credita
3404 4439 3577 4494 fuerit
3607 4458 3749 4496 cura

2102 4526 2611 4599 patriaeEusebius
2644 4530 2838 4580 autem
2871 4525 2971 4581 ille
3002 4526 3741 4600 admirabilis,congregati

2098 4616 2288 4689 gregis
2320 4616 2643 4687 praefectus,
2678 4620 2733 4669 et
2759 4631 2957 4669 curam
3004 4616 3271 4687 magistri
3304 4623 3661 4690 susceperat,
3693 4624 3751 4674 et

2098 4707 2260 4761 solus
2293 4705 2506 4773 dignus
2538 4702 2862 4758 habebatur
2894 4703 2993 4775 qui
3026 4720 3157 4758 cum
3195 4704 3252 4759 in
3278 4709 3537 4777 tempore
3557 4708 3747 4761 venti-

2098 4799 2269 4859 taret,
2302 4800 2518 4850 etcum
2552 4797 2781 4864 rogaret
2827 4793 3090 4862 nunquid
3144 4793 3333 4849 vellet.
3370 4794 3513 4849 Cum
3548 4800 3744 4852 autem

2095 4881 2267 4937 vellet
2296 4890 2467 4937 noctu
2500 4881 2694 4937 videre
2727 4879 2867 4951 quid
2896 4885 3111 4951 ageret,
3138 4899 3319 4936 ausus
3341 4886 3429 4935 est
3460 4882 3528 4935 ad
3557 4883 3745 4937 fenes-

2096 4977 2246 5026 tram
2282 4973 2427 5042 (erat
2454 4979 2647 5025 autem
2681 4986 2747 5025 ea
2779 4970 2973 5024 brevis
3004 4971 3348 5042 admodum)
3381 4973 3749 5039 accedere;et

2096 5077 2227 5115 cum
2253 5077 2310 5115 se
2332 5060 2623 5114 inclinans
2646 5058 3183 5129 respexisset,videt
3199 5058 3420 5125 lumen,
3441 5075 3551 5114 non
3567 5076 3634 5114 ex
3658 5060 3743 5115 lu.

2094 5167 2267 5204 cerna
2300 5165 2487 5220 neque
2547 5148 2701 5219 quod
2751 5149 2907 5202 esset
2936 5164 3115 5201 manu
3153 5148 3393 5214 factum,
3426 5150 3525 5204 sed
3560 5166 3591 5203 a
3624 5154 3738 5204 Deo

2092 5230 2317 5307 datum,
2350 5246 2405 5293 et
2435 5238 2588 5308 quod
2625 5252 2875 5307 superna
2907 5236 3093 5307 gratia
3126 5239 3496 5308 preceptoris
3526 5239 3615 5293 sui
3642 5256 3739 5294 ca-

2092 5335 2196 5399 put
2226 5326 2733 5397 cireumfulgebat,
2758 5328 2813 5379 et
2837 5325 3167 5380 divinorum
3202 5325 3565 5397 eloquiorum
3591 5328 3745 5385 Scri-

2092 5423 2274 5488 ptura:
2321 5416 2667 5471 ostendebat
2706 5414 3193 5485 intelligentiam;
3228 5418 3462 5472 tenebat
3483 5420 3636 5473 enim
3672 5418 3741 5471 li-

2092 5504 2351 5567 brum,et
2372 5503 2583 5556 divina:
2597 5501 2918 5556 voluntatis
2942 5509 3381 5558 sacrosanctum
3406 5505 3741 5576 inquirebat

2088 5593 2460 5647 thesaurum.
2486 5595 2603 5646 Hoc
2628 5604 2759 5645 cum
2786 5596 2943 5646 esset
2968 5592 3398 5664 contemplatus
3418 5592 3737 5648 admirabi-

2089 5681 2162 5735 lis
2182 5680 2717 5751 Eusebids,ingenti
2736 5681 2946 5734 timore
2974 5682 3328 5749 horroreque
3353 5687 3441 5735 est
3464 5681 3727 5750 affectus,

2161 5784 2175 5815 ¹
2206 5786 2280 5833 De
2313 5778 2579 5845 Eusebio,
2603 5779 2772 5846 infra,
2805 5794 2929 5848 cap.
2966 5779 3013 5831 4.
