4122 6188
396 309 463 364 31
1580 309 1677 361 DE
1715 308 1903 360 VITIS
1940 308 2238 361 PATRUM
2275 309 2489 363 LIBER
2527 313 2624 363 1X.
3737 305 3809 358 32

399 439 454 490 et
489 435 582 489 Dei
613 435 864 489 ministri
900 431 1169 487 diffusam
1202 431 1444 486 edoctus
1471 435 1560 487 est
1588 433 1920 502 gratiam,et
1943 431 2037 486 Dei
2069 433 2122 498 Α
2154 449 2268 503 prae
2297 449 2357 488 se
2379 432 2615 496 tulerat,
2647 449 2796 503 aegre
2841 433 3029 490 ferens
3055 431 3230 486 homo
3252 429 3375 496 Dei,
3413 434 3615 502 utpote
3651 431 3805 502 quod

400 524 458 577 in
491 539 630 577 suos
662 540 860 578 servos
894 520 1096 576 didicit
1127 519 1619 578 benevolentiam.

465 629 798 700 Aliquando
819 633 1013 684 autem
1030 643 1160 682 cum
1182 627 1238 681 in
1263 627 1554 683 vestibulo
1579 643 1829 699 magnus
1852 631 2048 682 oraret

400 717 756 787 Marcianus,
792 719 967 773 draco
1000 717 1234 788 quidam
1269 717 1368 787 qui
1394 721 1721 788 reptaverat
1751 732 1928 786 supra
1953 733 2046 787 pa-

399 809 602 864 rietem
632 824 869 863 versum
907 808 977 862 ad
1009 807 1327 873 Orientem,
1361 807 1612 877 desuper
1641 822 1671 861 e
1696 822 1859 860 muro
1910 805 2045 860 des-

400 897 578 968 pexit,
610 895 790 952 simul
824 901 882 952 et
913 897 1103 964 hians,
1136 899 1191 950 et
1213 894 1575 950 horribiliter
1613 895 1872 962 intuens,
1906 899 1960 948 et
1987 911 2048 948 se

401 987 744 1040 invasurum
780 985 1143 1056 significans.
1180 983 1383 1038 Procul
1412 987 1610 1038 autem
1662 987 1826 1038 stans
1866 983 2047 1036 Euse-

403 1073 778 1138 bius,etillud
805 1073 1162 1128 horrendum
1188 1071 1586 1143 spectaculum
1611 1071 2048 1143 pertimescens,

397 1167 452 1216 et
483 1163 536 1217 id
592 1163 942 1234 magistrum
985 1162 1252 1234 ignorare
1293 1162 1626 1231 suspicans,
1655 1161 1736 1215 illi
1793 1161 2049 1216 ostendit

397 1250 680 1318 clamans,
712 1257 768 1306 et
797 1256 862 1307 ut
892 1252 1117 1323 fugeret
1149 1267 1383 1322 rogans.
1406 1249 1506 1304 Ille
1533 1254 1726 1304 autem
1761 1267 1893 1304 cum
1913 1265 2045 1304 eum

400 1341 892 1410 reprehendisset,
912 1345 968 1396 et
989 1341 1259 1396 timorem
1285 1340 1568 1412 expellere
1592 1341 1867 1410 iussisset
1889 1353 2046 1407 (nam

399 1445 533 1483 eum
578 1445 811 1501 quoque
856 1446 984 1485 esse
1031 1429 1262 1484 exitiale
1308 1429 1563 1499 vitium),
1597 1429 1780 1500 digito
1811 1429 2044 1499 quidem

399 1518 591 1574 crucis
624 1517 785 1588 prius
817 1519 1103 1590 expressit
1133 1520 1407 1590 figuram,
1439 1535 1534 1573 ore
1566 1523 1759 1574 autem
1787 1519 2048 1573 insufﬂa-

398 1606 497 1675 vit,
522 1611 577 1662 et
597 1611 822 1662 veteres
871 1608 1129 1661 ostendit
1168 1607 1528 1662 inimicitias.
1568 1606 1666 1661 Ille
1697 1611 1890 1662 autem
1925 1607 2048 1678 spi-

401 1695 513 1749 ritu
542 1695 679 1762 oris,
707 1700 982 1766 tanquam
1017 1697 1150 1767 igne
1173 1695 1392 1767 aliquo,
1425 1696 1754 1751 exsiccatus
1784 1701 1841 1751 et
1867 1695 2045 1750 veluti

399 1788 689 1849 exsectus,
713 1783 901 1838 instar
921 1784 1381 1856 exustaastipulze
1402 1785 1460 1838 in
1492 1783 1705 1839 multas
1731 1788 1924 1855 partes
1956 1789 2041 1839 est
2075 1801 2125 1866 B

399 1871 750 1928 dissolutus.
768 1873 912 1928 Vide
928 1889 1061 1943 ergo
1080 1890 1218 1928 num
1244 1873 1507 1928 imitatus
1531 1878 1621 1927 est
1644 1873 1958 1927 Dominum
1985 1877 2048 1926 ut

397 1977 602 2015 servus
624 1960 1256 2016 benevolus?Dominus
1287 1961 1606 2027 enim,cum
1624 1960 1940 2032 aliquando
1959 1961 2014 2014 fu
2030 1990 2052 2000 -

395 2053 547 2104 reret
569 2066 730 2104 mare
751 2050 808 2103 in
832 2050 1092 2120 cymbam
1129 2050 1583 2120 discipulorum,
1616 2065 1714 2104 eos
1742 2055 1937 2104 autem
1967 2048 2047 2102 vi-

394 2137 580 2192 disset
602 2137 804 2193 anxios
828 2143 884 2193 et
908 2138 1302 2209 perturbatos,
1341 2155 1455 2193 non
1483 2139 1646 2209 prius
1678 2139 1856 2194 maris
1880 2139 2047 2194 seda-

392 2227 467 2280 vit
493 2232 901 2298 tempestatem
928 2228 1492 2298 quam,increpando
1516 2227 1861 2299 discipulos,
1887 2243 2046 2282 com-

392 2316 626 2385 pescuit
656 2332 858 2371 eorum
919 2316 1396 2372 incredulitatem
1445 2315 1669 2386 (Matth.
1706 2317 1850 2385 vni).
1900 2315 2045 2371 llinc

389 2405 598 2458 doctus
626 2404 720 2458 hic
749 2404 836 2459 vir
867 2405 1231 2460 admirabilis
1253 2405 1508 2477 primum
1533 2405 2042 2477 expulittimorem

391 2492 685 2562 discipuli,
707 2493 917 2549 deinde
941 2494 1024 2549 sic
1051 2493 1302 2550 belluam
1330 2494 1524 2549 atfecit
1549 2494 1860 2566 supplicio.
1881 2493 2042 2550 Talis

391 2581 587 2652 magni
620 2581 896 2636 Marciani
937 2582 1046 2637 fuit
1084 2588 1142 2638 et
1190 2583 1505 2654 sapientia,
1537 2588 1591 2639 et
1623 2583 2040 2639 miraculorum

389 2669 638 2737 effectio,
672 2670 728 2724 in
776 2671 959 2725 Deum
1003 2671 1238 2728 fiducia.
1297 2673 1404 2726 Sed
1452 2677 1649 2728 tamen
1692 2689 1824 2726 cum
1877 2677 2042 2726 tanta

388 2758 571 2826 gratia
590 2759 806 2830 dignus
831 2763 984 2814 esset
1005 2759 1267 2830 habitus,
1288 2764 1347 2816 et
1369 2777 1582 2832 magna
1624 2765 1821 2832 posset
1854 2760 2039 2815 facere

392 2849 977 2917 miracula,studebat
1001 2855 1195 2906 tamen
1220 2853 1406 2907 celare
1429 2851 2075 2938 virtptegngprzedghis';

391 2937 622 2992 virtutis
672 2944 977 3010 suspectas
1030 2940 1251 2996 habens
1300 2933 2078 3023 ωαςὶιΐςθρξξῖιίτοὼίἰωῖ

389 3026 546 3082 enim
571 3027 776 3082 vitium
799 3028 1328 3096 subterseminans,
1363 3011 1565 3084 labore
1588 3011 1868 3085 collectos
1912 3029 2035 3082 fru-

386 3120 514 3170 ctus
545 3120 788 3171 conatur
818 3117 1062 3188 eripere.
1097 3121 1164 3172 Et
1193 3118 1474 3190 cum.sibj
1514 3119 1722 3192 datam;
1743 3117 2060 3192 velletye-i

383 3204 500 3259 lare
532 3205 1030 3276 gratiam,invitus
1053 3207 1123 3261 ad
1146 3190 2030 3293 facienda.venioe'batanjraiula,
2063 3190 2104 3254 τί

383 3310 514 3348 cum
542 3294 670 3363 ejus
700 3299 853 3349 recte
901 3296 1185 3350 factorum
1214 3284 1394 3366 jub’ér
1427 3284 1946 3368 resp—lendesceret,
1981 3299 2037 3350 et

387 3398 514 3453 qua:
537 3381 943 3438 occultabatur
973 3383 1250 3439 virtutem
1285 3385 1560 3456 aperiret.

453 3487 781 3551 Quinetiam
811 3488 1122 3558 aliquando
1145 3491 1389 3561 contigit
1415 3497 1478 3545 ut
1511 3491 1625 3545 tale
1658 3492 1794 3562 quid
1832 3491 2028 3546 fieret:

382 3577 486 3631 Vir
502 3577 742 3647 quidam
769 3577 1155 3633 honesteloco
1183 3586 1377 3646 natus,
1403 3585 1458 3633 et
1480 3581 1573 3634 cui
1601 3580 1885 3634 militares
1909 3597 2031 3634 ma-

386 3666 666 3734 gistratus
691 3681 842 3736 saape
867 3665 1096 3720 fuerunt
1135 3668 1424 3738 mandati,
1455 3684 1524 3722 ex
1562 3669 1831 3723 Berrbcea
1853 3668 2032 3740 Syria

384 3754 527 3808 urbe
561 3753 956 3825 proficiscens,
976 3771 1106 3810 cum
1131 3757 1260 3826 ejus
1283 3756 1402 3812 filia
1421 3757 1520 3812 diu
1545 3757 2028 3826 debaccharetur,

383 3846 437 3896 et
460 3859 493 3897 a
519 3843 672 3896 malo
698 3843 958 3899 daemone
1001 3850 1205 3900 vexata
1235 3846 1542 3913 insaniret,
1567 3845 1722 3901 venit
1744 3846 1802 3901 in
1825 3845 2030 3901 solitu-

384 3932 602 3996 dinem,
641 3948 774 3986 cum
802 3937 958 3988 esset
988 3933 1225 4005 quidem
1253 3936 1448 4006 magni
1477 3935 1763 3991 Marciani
1788 3934 2033 3990 familia-

385 4021 754 4092 ris,speraret
776 4027 973 4077 autem
1006 4027 1241 4095 propter
1259 4024 1509 4094 priorem
1540 4023 2030 4079 consuetudinem

394 4125 528 4164 eum
579 4109 886 4165 convenire
936 4116 992 4166 et
1025 4128 1230 4182 rogare
1269 4129 1282 4167 :
1327 4129 1430 4184 spe
1461 4117 1654 4168 autem
1683 4111 1864 4167 falsus
1895 4128 2030 4167 cum

388 4215 501 4253 non
521 4198 725 4254 liceret
741 4199 788 4254 ei
813 4199 908 4254 Dei
933 4200 1129 4256 videre
1152 4208 1581 4273 servum,rogat
1605 4203 1921 4272 quemdam
1940 4218 2030 4257 se-

385 4304 542 4354 nem,
567 4288 659 4343 cui
689 4287 788 4343 illo
831 4293 1093 4362 tempore
1116 4289 1296 4344 divini
1322 4290 1481 4346 illius
1507 4290 1612 4345 viri
1645 4291 2030 4346 commissum

388 4377 576 4432 fuerat
606 4377 1022 4448 ministerium,
1057 4383 1122 4434 ut
1153 4395 1394 4450 parvum
1429 4379 1724 4450 lecythum
1753 4382 1880 4435 oleo
1905 4380 2030 4450 ple-

385 4481 524 4518 num
557 4465 865 4536 acciperet,
897 4471 952 4520 et
983 4467 1053 4521 ad
1103 4468 1320 4523 ostium
1354 4467 1724 4523 domunculae
1771 4473 2026 4539 poneret.

2151 525 2358 592 praeter
2379 523 2864 578 consuetudinem
2907 523 3112 577 fuisset
3136 521 3265 592 ejus
3287 521 3595 587 adventus,
3621 520 3806 590 jussit

2152 627 2287 665 vera
2309 610 2630 666 dicere.llle
2649 615 2846 666 autem
2867 611 3083 666 timens
3102 615 3157 665 et
3179 609 3804 674 contremiscens,cum

2154 716 2268 754 non
2295 705 2648 771 posseteu'n
2689 700 2868 756 latere
2899 701 2998 771 qui
3033 699 3240 770 plenus
3287 702 3411 754 erat
3444 697 3545 753 Dei
3597 699 3803 769 gratia,

2155 787 2298 842 dixit
2320 793 2373 843 et
2393 789 2525 858 quis
2544 792 2696 843 esset
2727 788 2829 860 qui
2867 787 3217 860 suplicabat,
3243 791 3299 841 et
3323 802 3457 841 eum
3488 787 3678 842 morbi
3703 787 3809 841 do-

2155 877 2275 930 cuit
2304 877 2736 946 tragocdiam,et
2757 877 3017 931 ostendit
3042 875 3355 946 lecythum.
3383 876 3436 930 Is
3462 879 3653 930 autem
3674 892 3808 930 suc-

2155 965 2341 1020 cesuit
2362 967 2600 1036 quidem
2627 971 2691 1020 ut
2711 969 2800 1020 est
2817 970 3296 1034 consentaneum,
3313 965 3467 1034 quod
3493 963 3672 1019 nollet
3693 965 3804 1018 vir-

2153 1059 2338 1110 tutem
2360 1055 2686 1110 ostendere.
2715 1055 2970 1110 Minatus
2987 1059 3181 1108 tamen
3205 1055 3358 1124 quod
3385 1054 3433 1108 si
3455 1053 3576 1107 haec
3600 1070 3806 1108 rursus

2156 1144 2416 1208 auderet,
2437 1149 2492 1198 et
2513 1144 2582 1198 ab
2608 1143 2706 1198 illa
2731 1144 3052 1216 privabitur
3074 1143 3519 1208 consuetudine,
3554 1146 3609 1196 et
3630 1143 3680 1196 ei
3701 1161 3807 1197 au-

2157 1233 2373 1288 feretur
2392 1232 2788 1287 ministerium
2808 1237 2960 1301 (erat
2984 1237 3178 1287 autem
3205 1232 3710 1301 maximajactura
3733 1232 3804 1287 iis

2155 1322 2253 1392 qui
2284 1326 2573 1392 questum
2618 1322 2905 1392 sciebant)
2955 1321 3201 1390 remisit,
3242 1321 3457 1390 jubens
3488 1320 3726 1374 reddere
3753 1320 3806 1375 ei

2154 1411 2251 1480 qui
2283 1412 2544 1465 dederat.
2578 1415 2647 1466 Et
2697 1411 3030 1465 Marcianus
3077 1410 3316 1481 quidem
3358 1409 3479 1464 haec
3513 1409 3803 1479 jubebat:

2156 1509 2380 1566 daemon
2405 1515 2598 1565 autem
2621 1511 2940 1582 quiaberat
2974 1510 3085 1565 iter
3105 1514 3359 1581 quatuor
3394 1508 3643 1576 dierum,
3677 1509 3806 1578 ejus

2155 1599 2251 1670 qui
2286 1599 2552 1669 exigebat
2591 1599 3018 1654 vociterabatur
3059 1600 3440 1664 virtutem,et
3473 1598 3808 1653 Marcianus

2153 1688 2435 1744 Berrhma:
2459 1690 2696 1744 functus
2719 1687 3618 1759 estofficiojudicis,quibusdam
3639 1687 3807 1742 licto-

2154 1778 2318 1834 ribus
2351 1795 2496 1833 usus
2519 1779 2798 1833 adversus
2822 1779 3170 1847 daemonem,
3189 1783 3241 1832 et
3265 1776 3430 1831 illum
3452 1777 3804 1832 sceleratum

2161 1866 2478 1938 expellens,
2499 1872 2555 1922 et
2577 1867 2829 1938 puellam
2849 1868 3130 1921 mundam
3155 1866 3404 1921 reddens
3428 1865 3498 1920 ab
3518 1865 3619 1919 illa
3640 1881 3806 1920 vexa-

2159 1955 2336 2010 tione.
2364 1959 2480 2010 Hoc
2494 1960 2690 2010 autem
2714 1959 2910 2010 exacte
2933 1955 3098 2010 scivit
3121 1959 3284 2026 pater
3305 1953 3532 2025 puellae;
3557 1958 3614 2008 et
3642 1953 3800 2009 enim

2159 2044 2464 2098 revertenti
2497 2060 2628 2098 cum
2664 2060 2849 2114 pauca
2872 2044 3065 2099 stadia
3107 2044 3338 2098 abesset
3362 2043 3435 2097 ab
3459 2043 3623 2111 urbe,
3649 2042 3801 2096 808

2157 2134 2412 2187 occurrit
2431 2133 2669 2203 quidam
2696 2149 2896 2188 servus
2929 2150 2961 2187 a
2980 2131 3292 2188 dominain
3327 2147 3534 2203 agrum
3561 2131 3802 2186 missus.

2157 2221 2210 2277 Is
2231 2237 2364 2276 cum
2389 2221 2634 2276 vidisset
2659 2222 2966 2276 dominum
2987 2219 3250 2276 miraculi
3275 2221 3410 2275 facti
3434 2220 3632 2276 attulit
3654 2237 3806 2274 nun-

2153 2310 2324 2379 tium,
2354 2314 2605 2382 quatuor
2629 2315 2760 2364 ante
2782 2311 2991 2365 diebus
3013 2310 3215 2365 dicens
3241 2310 3454 2365 factum
3479 2326 3608 2364 esse
3625 2308 3804 2363 mira-

2152 2399 2374 2454 culum.
2427 2399 2641 2454 Diebus
2694 2415 2831 2471 ergo
2864 2399 3222 2470 supputatis,
3256 2403 3313 2452 et
3341 2401 3602 2469 tempore
3653 2401 3805 2452 recte

2151 2487 2503 2557 examinato,
2531 2487 2739 2542 didicit
2777 2487 2921 2542 illud
2965 2487 3147 2544 fuisse
3189 2487 3246 2541 in
3274 2503 3389 2558 quo
3417 2501 3591 2541 senex
3610 2484 3806 2540 attulit

2148 2577 2466 2649 lecytbum.
2497 2577 2640 2632 Mihi
2680 2582 2876 2632 autem
2927 2578 3086 2632 venit
3127 2577 3184 2631 in
3243 2581 3497 2632 mentem
3549 2576 3802 2648 cogitare

2149 2667 2290 2737 quid
2317 2683 2429 2720 non
2460 2666 2693 2721 fecisset
2715 2666 2811 2722 ille
2829 2666 2915 2720 vir
2946 2681 3215 2737 magnus,
3237 2666 3283 2720 si
3309 2664 3592 2720 voluisset
3615 2665 3802 2718 facere

2150 2754 2718 2841 niiraculazsienim
2756 2756 2935 2810 etiam
2962 2772 3094 2810 cum
3124 2755 3386 2810 studeret
3407 2753 3597 2810 celare
3619 2769 3798 2824 quam

2124 2831 2468 2932 ,δρορρεξιῇιξ
2492 2831 2768 2931 virtutem
2819 2849 3048 2900 tantum
3101 2844 3357 2900 ostendit
3387 2843 3755 2914 splendorem
3783 2861 3796 2911 ;

2108 2943 2131 2988 ἔ
2146 2926 2439 3013 ᾂὶιούῗιὶοἶη
2453 2926 2811 2998 initaculnm
2836 2943 3072 2999 fecisset
3093 2943 3140 2999 si
3165 2942 3476 2998 voluisset?
3489 2942 3580 2996 Sic
3603 2946 3796 2995 autem

2146 3032 2723 3124 spiritalemqqqque
2747 3049 2913 3088 suam
2942 3031 3290 3104 sapientiam
3317 3049 3431 3086 non
3456 3031 3800 3087 ostendebat

2837 3125 3133 3193 postremo
3153 3120 3450 3192 postdiem
3475 3120 3685 3175 festum
3711 3137 3798 3175 sa-

2096 3185 2350 3264 {uitat-is
2369 3185 2762 3281 ῥέεὲιοηῖεζὲι
2811 3210 3117 3264 dominicis
3161 3208 3632 3277 resurrectionis,
3667 3225 3796 3280 per-

2142 3298 2408 3354 misisset
2433 3299 2506 3353 iis
2537 3299 2639 3369 qui
2679 3299 2950 3354 volebant
3000 3300 3071 3354 ad
3123 3314 3184 3353 se
3216 3298 3468 3369 ingredi,
3503 3297 3603 3352 illo
3646 3303 3800 3352 certe

2140 3393 2619 3458 temporeomnes
2643 3388 2962 3443 studebant
2983 3403 3119 3442 eum
3139 3388 3546 3458 videre.Atque
3562 3387 3630 3440 ad
3660 3403 3794 3443 eum

2140 3475 2454 3546 aliquando
2499 3476 2835 3548 congregati
2887 3476 3061 3548 primi
3103 3476 3412 3530 veniebant
3463 3476 3794 3546 pontifices,

2140 3565 2450 3620 Flavianus
2484 3565 2579 3620 ille
2613 3583 2886 3637 magnus,
2910 3567 3079 3636 cujus
3104 3565 3237 3620 ﬁdei
3268 3569 3392 3620 erat
3421 3565 3640 3619 credita
3661 3582 3794 3635 pas-

2139 3655 2324 3708 cenda
2350 3653 2696 3712 Antiochia:
2730 3659 2787 3710 et
2818 3654 3051 3710 divinus
3091 3653 3361 3721 Acacius,
3412 3654 3584 3724 cujus
3628 3653 3794 3724 prius

2141 3759 2378 3814 quoque
2411 3743 2814 3809 meminimus,
2835 3749 2891 3798 et
2919 3742 3212 3798 Eusebius
3242 3743 3646 3798 Chalcidensis
3671 3743 3792 3814 epi-

2139 3848 2375 3902 scopus,
2410 3837 2468 3887 et
2501 3831 2761 3888 Isidorus
2787 3833 2880 3887 cui
2913 3837 3052 3887 tunc
3084 3837 3211 3888 erat
3257 3832 3574 3887 commissa
3613 3835 3792 3903 Cyrus

2137 3920 2542 3990 gubernanda,
2577 3921 2680 3992 qui
2707 3925 2875 3976 erant
2903 3922 3117 3976 virtute
3146 3921 3574 3992 insignes.Una
3596 3925 3790 3976 autem

2139 4025 2271 4063 cum
2297 4009 2414 4065 illis
2439 4018 2563 4064 erat
2579 4010 2756 4064 etiam
2779 4010 3244 4081 Theodotus.qui
3276 4011 3512 4066 tenebat
3533 4010 3793 4065 habenas

2141 4097 2711 4170 llierapolitanorum
2729 4099 3231 4164 ecclesiize,clarus
3246 4101 3571 4156 monastica
3584 4099 3793 4154 exerci-

2140 4185 2360 4242 tatione
2374 4192 2430 4242 et
2448 4187 2916 4244 mansuetudine.
2936 4192 3112 4244 Erant
3133 4193 3328 4243 autem
3355 4188 3622 4244 nonnulli
3643 4205 3793 4260 quo-

2140 4290 2252 4346 que
2269 4291 2335 4330 ex
2360 4275 2829 4348 magistratibus,
2853 4277 3078 4332 incensi
3101 4279 3306 4333 ardore
3330 4277 3482 4333 fidei.
3508 4278 3792 4332 Omnibus

2139 4379 2276 4434 ergo
2303 4381 2434 4419 cum
2477 4364 2711 4420 silentio
2756 4366 3120 4432 sedentibus,
3153 4371 3209 4422 et
3233 4383 3458 4423 sacram
3506 4367 3664 4421 illam
3689 4384 3789 4420 vo-

2139 4467 2260 4506 cem
2277 4453 2912 4526 exspectantibus,ipse
2933 4471 3165 4525 quoque
3183 4455 3281 4508 diu
3310 4461 3508 4508 tacens
3527 4454 3785 4521 sedebat,

561 4515 865 4536 anum“,
901 4515 952 4520 η
983 4515 1053 4521 __
1105 4515 1320 4523 ,νη-ω
1356 4515 1723 4523 "__,_,___,_,
1813 4515 2026 4524 ___,____
2383 4515 2400 4523 _
2760 4515 2770 4519 _
2813 4515 2827 4526 ,
2951 4515 2962 4523 ,
3068 4515 3086 4525 ,
3775 4515 3783 4521 .

383 4552 777 4608 Senexautem
802 4571 953 4626 saepe
977 4555 1216 4626 quidem
1241 4558 1381 4612 seid
1405 4515 2026 4625 facturumin'ficiatus,
2063 4515 2105 4580 Ι)
2137 4539 2340 4610 lingua
2382 4541 2620 4612 Ψιίάθω
2658 4542 2906 4609 (mosus,
2946 4545 3187 4598 auribus
3220 4548 3412 4597 alitem
3457 4547 3785 4613 Promptus-

384 4657 534 4713 smpe
565 4647 761 4697 autem
793 4660 1002 4698 rursus
1037 4650 1298 4716 rogatus,
1332 4646 1518 4700 victus
1549 4651 1638 4701 est
1669 4663 1703 4700 a
1735 4645 2026 4714 precibus.

383 4730 526 4784 Cum
553 4736 746 4785 autem
771 4732 1082 4802 strepitum
1108 4750 1358 4805 magnus
1376 4735 1658 4789 sensisset
1675 4734 2025 4789 Marcianus.

386 4820 606 4889 rogavit
628 4819 906 4890 quisnam
955 4825 1130 4890 esset,
1153 4828 1208 4876 et
1239 4839 1493 4893 quonam
1517 4840 1664 4893 opus
1690 4822 1908 4877 habens
1927 4839 2029 4878 ve-

384 4907 555 4962 niret.
590 4914 644 4964 Is
675 4917 869 4964 autem
902 4927 1100 4964 veram
1134 4911 1371 4982 quidem
1404 4911 1632 4968 celabat
1663 4927 1922 4976 causam,
1951 4912 2028 4967 si-

384 4997 647 5051 mulabat
668 5003 861 5054 autem
891 5015 949 5054 se
979 5000 1208 5055 venisse
1227 5005 1292 5054 ut
1313 5001 1486 5056 sciret
1509 5018 1648 5055 num
1665 5001 1901 5070 juberet
1923 5001 2028 5055 ali-

381 5086 561 5156 quid;
605 5093 662 5141 et
702 5087 810 5143 hoc
831 5088 1057 5156 dicens,
1081 5089 1363 5144 dimissus
1384 5094 1497 5146 est.
1521 5096 1662 5145 Cum
1693 5094 1884 5144 autem
1917 5091 2028 5144 sub

382 5193 652 5232 auroram
677 5195 883 5234 rursus
927 5183 1089 5249 pater
1111 5179 1312 5251 puellae
1343 5186 1607 5251 rogasset
1655 5185 1720 5234 ut
1759 5179 1869 5235 sibi
1899 5181 2027 5235 red-

383 5264 619 5319 deretur
667 5265 954 5338 lecytbus,
988 5267 1083 5322 ille
1137 5269 1352 5324 timens
1398 5269 1658 5340 quidem,
1702 5269 1803 5323 ivit
1833 5274 2027 5324 tamen

380 5369 514 5406 cum
559 5371 733 5426 quam
797 5357 1052 5411 maximo
1105 5360 1296 5428 potuit
1346 5358 1600 5424 silentio,
1661 5362 1717 5412 et
1764 5365 2028 5428 porrecta

382 5459 581 5509 manu,
606 5449 662 5498 et
685 5450 922 5516 accepto
954 5445 1182 5517 lecytbo
1223 5447 1495 5518 cupiebat
1517 5446 1715 5501 latere.
1748 5451 1801 5501 Is
1833 5452 2027 5504 autem

383 5548 587 5587 rursus
629 5533 872 5605 rogavit,
897 5535 1179 5604 quidnam
1201 5535 1402 5591 volens
1425 5535 1667 5590 veniret.
1710 5537 2025 5606 Postquam

381 5625 578 5677 autem
610 5623 881 5679 eamdem
923 5623 1072 5680 dixit
1103 5640 1342 5680 causam
1375 5641 1549 5696 quam
1583 5625 1758 5680 etiam
1791 5642 2026 5697 vespere

2139 4639 2302 4693 Tunc
2335 4638 2552 4708 aliquis
2584 4655 2650 4694 ex
2683 4639 2756 4695 iis
2788 4641 2889 4711 qui
2913 4640 3213 4709 sedebant,
3239 4639 3335 4710 qui
3359 4642 3484 4692 erat
3517 4638 3566 4692 ei
3612 4638 3787 4693 fami-

2139 4726 2301 4780 liaris
2332 4733 2569 4798 propter
2599 4745 2799 4782 curam
2834 4727 3064 4794 anime,
3097 4732 3152 4782 et
3185 4727 3402 4797 alioqui
3443 4727 3788 4784 auctoritate

2139 4816 2500 4887 etdignitate
2523 4816 2738 4885 clarus,
2757 4818 2993 4887 Omnes,
3019 4816 3229 4886 inquit,
3254 4833 3285 4871 ο
3312 4816 3501 4883 Pater,
3526 4815 3700 4870 divini
3728 4817 3786 4872 hi

2141 4909 2362 4974 Patres,
2397 4906 2662 4960 sitientes
2701 4909 3005 4977 expectant
3027 4905 3384 4960 suavissima
3424 4911 3537 4960 tua:
3579 4907 3788 4960 doctri-

2139 5011 2222 5048 na:
2240 4995 2686 5061 fluenta;omnes
2703 5010 2839 5066 ergo
2855 4997 3169 5064 praesentes
3184 4993 3486 5064 impertias
3513 4994 3784 5061 utilitate,

2138 5108 2242 5146 nec
2272 5090 2517 5146 claudas
2554 5092 2708 5146 rivos
2738 5095 2851 5145 tua:
2876 5090 3292 5146 beneficentiae.
3319 5091 3418 5146 Ille
3441 5096 3631 5146 autem
3653 5109 3785 5146 cum

2139 5180 2307 5234 valde
2326 5179 2732 5251 ingemuisset,
2752 5179 2906 5234 Deus
2933 5179 3564 5250 inquit,universorum
3597 5181 3788 5251 quoti-

2138 5269 2229 5323 die
2255 5267 2518 5338 loquitur
2544 5285 2642 5338 per
2662 5272 2983 5335 creaturas,
3009 5275 3063 5322 et
3081 5283 3182 5339 per
3203 5269 3430 5324 divinas
3451 5268 3785 5339 Scripturae

2136 5357 2371 5412 disserit
2403 5362 2461 5410 et
2493 5361 2688 5410 monet
2709 5372 2775 5410 ea
2797 5372 2928 5427 qua:
2951 5362 3199 5429 oportet,
3225 5363 3280 5412 et
3298 5357 3522 5411 inducit
3564 5374 3631 5412 ea
3653 5375 3780 5428 quis

2136 5452 2274 5501 sunt
2299 5444 2505 5510 utilia;
2544 5449 2839 5515 terretque
2879 5445 3057 5501 minis
3080 5450 3136 5500 et
3159 5446 3504 5500 adhortatur
3532 5447 3782 5516 promis-

2137 5535 2250 5589 sis:
2282 5539 2336 5588 et
2359 5550 2425 5588 ex
2459 5533 2550 5588 his
2579 5533 2802 5588 nullam
2837 5536 3109 5607 capimus
3132 5534 3464 5589 utilitatem.
3491 5537 3781 5600 Quemad-

2138 5623 2378 5678 modum
2406 5639 2541 5695 ergo
2564 5622 2811 5695 loquens
2835 5624 3118 5696 profuerit
3144 5623 3500 5691 Marcianus,
3526 5624 3627 5695 qui
3652 5629 3780 5680 tan-
