4122 6188
322 305 395 357 37
1480 300 1934 356 PHlLOTHEUS
1974 314 2003 352 8

2138 300 2235 353 ΤΗ
2243 298 2452 353 ΕΟΡΗΙ
2461 298 2616 353 LES.
3687 288 3758 343 38

318 424 1471 498 modieeinclinatur,spectansadillum
1491 439 1762 494 campum
1781 426 1838 477 et
1856 440 1991 477 ven-
2024 428 2076 499 Α
2110 438 2170 476 es
2204 421 2303 476 Dei
2338 420 2436 491 qui
2469 423 2523 475 te
2573 421 2707 474 fecit
2734 419 2945 473 ardens
2975 422 3235 485 amator;
3272 415 3487 470 multos
3522 430 3757 485 quoque

318 524 445 571 tum
471 520 772 571 austrum.
797 517 857 570 In
884 532 948 570 eo
974 514 1353 587 philosopbize
1379 513 1752 586 gymnasium
1770 516 1997 567 exstru-

320 606 407 657 xit
440 604 693 674 quidam
727 602 1101 667 Ammianus,
1125 602 1215 656 vir
1240 602 1339 672 qui
1372 618 1504 654 cum
1530 600 1733 655 multis
1755 600 1993 672 quidem

320 694 460 748 aliis
492 694 814 748 virtutibus
845 698 1002 747 esset
1036 691 1253 759 clarus,
1282 695 1408 744 tum
1455 707 1687 745 summa
1712 690 1995 745 modestia

322 784 653 851 superabat
678 783 843 837 alios.
872 781 987 836 Hoc
1012 787 1207 835 autem
1232 780 1372 835 satis
1394 785 1481 836 est
1498 780 1851 851 argumenti.
1872 780 1997 833 Ete-

318 874 443 926 nim
478 888 621 927 cum
656 872 730 926 ad
766 872 1120 937 doctrinam,
1147 886 1262 924 non
1298 868 1487 924 solum
1512 870 1635 923 suis
1669 868 1997 935 sodalibus,

319 970 424 1025 sed
457 968 550 1024 vel
584 968 681 1024 bis
716 968 957 1023 totidem
990 966 1120 1022 aliis
1172 971 1367 1040 posset
1416 966 1706 1035 sufficere,
1742 982 1893 1038 saepe
1927 967 1995 1020 ad

322 1076 610 1129 magnum
634 1059 975 1113 accurrebat
993 1058 1561 1129 Eusebium,rogans
1584 1062 1639 1112 et
1658 1056 1997 1128 supplicans

314 1159 375 1203 ut
407 1149 461 1202 is
496 1164 631 1202 esse
662 1147 837 1201 vellet
868 1147 1122 1219 adjutor,
1146 1144 1464 1216 paedotriba
1488 1150 1543 1200 et
1566 1147 1849 1217 magister
1872 1145 1998 1213 ejus

316 1237 609 1310 palmstrae
665 1253 843 1308 quam
894 1236 1279 1289 lundaverat:
1317 1235 1517 1289 aberat
1564 1241 1759 1295 autem
1792 1234 2001 1304 viginti

322 1326 589 1405 quinque
622 1326 855 1395 stadiis,
881 1325 941 1378 in
974 1325 1224 1395 quodam
1249 1324 1416 1378 valde
1437 1341 1615 1396 parvo
1639 1323 2000 1391 habitaculo,

325 1429 383 1472 et
402 1416 561 1487 quod
582 1433 685 1469 nec
708 1417 985 1469 fenestras
1006 1412 1240 1486 quidem
1261 1412 1534 1485 habebat,
1553 1413 1837 1471 inclusus.
1854 1413 2000 1467 Eum

323 1511 523 1559 autem
553 1505 622 1558 ad
657 1505 810 1558 hanc
842 1503 1115 1565 virtutem
1142 1502 1461 1556 deduxerat
1484 1501 1838 1573 Marcianus,
1864 1504 1992 1570 ejus

330 1597 580 1669 quidem
612 1598 885 1667 patruus,
921 1592 1111 1647 fidelis
1145 1598 1339 1649 autem
1373 1594 1472 1649 Dei
1516 1612 1738 1659 servus,
1770 1592 2002 1657 Sufficit

328 1686 489 1741 enim
522 1685 636 1739 hoc
671 1683 885 1755 dicere,
920 1699 1055 1738 cum
1084 1684 1259 1737 etiam
1294 1700 1575 1755 magnum
1600 1689 1857 1763 Moysem
1893 1682 2000 1737 hoc

328 1774 693 1845 cognomine
722 1773 1028 1828 honorarit
1048 1772 1354 1837 Dominus.
1379 1772 1481 1835 Hic
1505 1773 1837 1835 Marcianus
1860 1787 1995 1826 cum

327 1864 601 1917 divinum
627 1866 930 1940 gustasset
962 1878 1245 1931 amorem,
1267 1860 1455 1927 noluit
1481 1861 1642 1925 Solus
1666 1862 1775 1923 frui
1801 1862 1993 1928 benis,

332 1954 433 2010 sed
471 1952 697 2007 multos
730 1953 904 2005 etiam
936 1951 1068 2005 fecit
1100 1951 1245 2007 alios
1278 1950 1334 2015 in
1370 1968 1563 2019 amore
1596 1952 1742 2013 811
1782 1952 1993 2007 socios.

327 2053 918 2113 Venatusestautem
934 2055 989 2106 et
1004 2066 1282 2121 magnum
1308 2051 1642 2125 Eusebium,
1661 2056 1718 2107 et
1739 2052 1865 2122 ejus
1890 2054 1998 2115 fra-

332 2146 484 2196 trem
519 2140 618 2211 qui
644 2140 701 2193 in
738 2140 854 2194 vita
875 2156 1006 2197 vere
1028 2155 1261 2213 quoque
1283 2144 1405 2201 erat
1427 2140 1623 2203 frater.
1651 2140 1775 2195 Non
1798 2140 2000 2195 existi-

338 2228 525 2283 mavit
549 2226 711 2291 enim
737 2226 946 2281 rationi
970 2243 1097 2289 esse
1119 2234 1537 2291 consutaneum
1564 2233 1626 2293 ut
1647 2245 1744 2284 eos
1765 2230 1998 2300 quidem

335 2319 439 2392 qui
473 2318 549 2377 ad
585 2333 718 2370 eum
755 2315 900 2377 nihil
936 2316 1223 2382 attinebat
1253 2323 1561 2383 venaretur
1590 2318 1660 2375 ad
1704 2318 2000 2383 virtutem,

336 2408 553 2465 fratres
592 2412 786 2469 autem
826 2422 942 2463 non
976 2405 1196 2470 itidem.
1227 2405 1341 2469 llos
1375 2422 1511 2477 ergo
1543 2408 1746 2471 ambos
1777 2424 1909 2463 cum
1942 2408 2001 2463 in

334 2513 519 2568 parva
556 2493 901 2559 inclusisset
923 2494 1297 2569 domuncula,
1320 2511 1419 2559 eos
1450 2496 1842 2567 evangelicam
1872 2497 2004 2550 vitae

338 2587 593 2649 docebat
613 2584 923 2647 rationem.
943 2584 1052 2647 Sed
1080 2584 1314 2649 fratrem
1335 2586 1569 2663 quidem
1594 2587 2005 2649 morbusinva-

334 2672 673 2733 densillum
695 2688 939 2733 cursum
961 2671 1309 2743 interrupit;
1343 2674 1610 2738 morbum
1628 2690 1784 2735 mors
1808 2684 2003 2741 autem

338 2768 431 2817 est
454 2766 799 2825 consecuta;
817 2776 955 2815 nam
979 2776 1111 2823 cum
1134 2759 1338 2841 paucis
1362 2760 1569 2823 diebus
1591 2761 1829 2825 vixisset
1850 2768 2005 2841 post-

336 2868 524 2929 quam
548 2850 712 2907 illinc
728 2855 1119 2929 estegressus,
1134 2852 1263 2915 vitae
1283 2850 1455 2913 tinem
1476 2852 1717 2925 accepit.
1734 2858 2005 2915 Perman-

337 2944 419 3007 sit
434 2946 638 3005 autem
659 2957 909 3023 magnus
928 2940 1215 3006 Eusebius
1235 2944 1354 3003 toto
1369 2945 1629 3019 tempore
1648 2942 1774 3005 vitae
1789 2942 2005 3015 patrui,

338 3047 534 3111 neque
572 3046 707 3095 cum
740 3027 841 3093 illo
871 3027 1141 3105 loquens,
1174 3044 1363 3109 neque
1393 3028 1583 3095 lucem
1612 3030 1870 3101 intuens,
1901 3031 2003 3091 sed

338 3124 633 3193 perpetuo
658 3117 957 3185 inclusus;
979 3122 1035 3179 et
1057 3117 1363 3197 ppstillius
1387 3123 1633 3183 mortem
1658 3119 1810 3183 banc
1826 3120 2002 3185 vitam

339 3214 429 3271 est
468 3208 804 3289 amplexus.
836 3208 1021 3273 donec
1051 3206 1417 3276 admirabilis
1450 3208 1548 3273 ille
1571 3210 1921 3275 Ammianus
1951 3210 2003 3275 ei

341 3297 550 3359 multis
567 3297 811 3361 delinito
831 3296 1101 3369 precibus
1124 3297 1437 3369 persuasit,
1452 3297 1554 3361 Dic
1572 3298 1729 3363 enim
1752 3298 2007 3367 mihi,ad

343 3388 518 3441 illum
542 3387 797 3456 dicebat,
817 3402 848 3442 ο
872 3386 1110 3457 optime,
1131 3386 1367 3441 cuinam
1392 3386 1621 3457 placere
1642 3388 2006 3456 existimans,

344 3475 711 3530 laboriosam
724 3475 876 3530 hanc
891 3474 1309 3546 sordidamque
1327 3480 1382 3530 et
1396 3476 1727 3547 squalidam
1752 3476 1929 3532 vitam
1947 3494 2009 3533 es

348 3570 707 3636 persecutus
726 3564 753 3618 τ
774 3564 921 3619 Cum
943 3569 1164 3633 autem,
1183 3568 1249 3619 ut
1268 3581 1373 3636 par
1393 3572 1501 3635 est,
1524 3565 1573 3619 is
1598 3566 1803 3637 utique
1822 3566 2009 3622 dixis-

352 3660 480 3709 set:
514 3656 635 3711 Deo
668 3655 768 3725 qui
819 3659 909 3710 est
954 3655 1190 3711 virtutis
1240 3654 1539 3727 legislator
1582 3660 1640 3712 et
1690 3658 2006 3730 magister:

343 3754 641 3817 Quoniam
666 3770 805 3826 ergo
837 3769 967 3809 eum
1001 3753 1386 3824 amas,lnquit
1404 3755 1884 3829 Ammianus,ego
1906 3757 2009 3812 tibi

347 3843 589 3898 modum
613 3843 920 3897 ostendam
940 3859 1042 3914 per
1060 3858 1233 3914 quem
1248 3847 1304 3898 et
1320 3859 1577 3899 amorem
1599 3846 1787 3917 magis
1811 3862 2010 3901 accen-

344 3934 472 3996 des,
507 3938 568 3987 et
592 3932 642 3985 ei
673 3948 844 4011 quem
884 3948 1048 3986 amas
1071 3932 1306 3988 servies.
1335 3937 1480 3987 Nam
1507 3935 1659 4007 quod
1691 3936 1885 3991 omnis
1911 3940 2013 3991 tua

340 4039 483 4077 cura
498 4026 561 4076 et
575 4022 671 4076 ind
685 4022 868 4076 ustria
884 4021 940 4075 in
957 4020 1203 4093 teipsum
1218 4027 1736 4101 convertaturmon
1752 4024 2009 4095 effugiet,

343 4115 411 4164 ut
438 4111 655 4175 sentio,
675 4109 894 4164 crimen
915 4108 1081 4164 nimii
1102 4109 1161 4164 in
1180 4114 1235 4175 te
1258 4110 1452 4182 ipsum
1473 4112 1711 4167 amoris.
1731 4112 2010 4169 Lexenim

355 4199 735 4269 divinajubet
756 4199 1089 4270 proximum
1108 4214 1298 4253 amare
1316 4205 1379 4253 ut
1397 4199 1652 4272 teipsum
1672 4201 1843 4270 (Rom.
1860 4204 2007 4274 xm).

348 4290 573 4343 multos
604 4293 800 4343 autem
823 4304 1001 4359 epum
1027 4302 1257 4343 sumere
1280 4288 1618 4361 participes,
1646 4290 1747 4345 hoc
1772 4295 1861 4346 est
1886 4309 2011 4362 pro-

344 4379 540 4447 prium
568 4376 691 4431 veri
716 4375 980 4431 muneris
1004 4376 1334 4432 cbaritatis.
1361 4379 1518 4433 Hanc
1555 4383 1749 4435 autem
1778 4380 2010 4436 divinus

344 4466 567 4521 Paulus
593 4464 1070 4537 appellavitlegis
1093 4464 1840 4540 plenitudinem(Galat.v).
1861 4470 2009 4524 Rur-

346 4574 446 4612 sus
462 4572 702 4629 quoque
719 4556 1105 4612 clamatzTota
1118 4555 1207 4611 lex
1219 4561 1275 4610 et
1290 4558 1583 4629 prophetae
1599 4558 1656 4613 iu
1675 4559 1779 4614 hoc
1794 4576 2007 4616 sermo-

346 4645 489 4700 neiu
506 4662 643 4700 sum
656 4661 809 4700 mam
825 4643 1659 4720 rediguntur,nempe,Diliges
1676 4648 2005 4720 proximum

348 4740 520 4789 tuum
540 4733 697 4789 sicut
710 4732 1176 4805 teipsum.Porro
1191 4740 1386 4789 autem
1401 4736 1686 4792 Dominus
1702 4754 1935 4810 quoque
1948 4738 2007 4794 in

350 4820 881 4893 sacrisEvangeliis
908 4823 1525 4893 Petro,quiconfessus
1556 4830 1790 4883 esteum
1814 4845 2010 4884 amare

347 4914 482 4985 plus
525 4911 657 4967 aliis
692 4911 970 4983 praecepit
1010 4928 1248 4983 pascere
1298 4930 1432 4970 oves
1482 4932 1619 4971 suas
1662 4916 2005 4991 (Joan.xx1).

346 5011 460 5065 Eos
484 5014 679 5065 autem
698 5008 797 5080 qui
832 5007 941 5063 hoc
978 5026 1093 5063 non
1131 5009 1865 5085 feceruntreprebendens,
1886 5014 2009 5070 cla—

352 5104 478 5152 mat
508 5115 607 5169 per
628 5097 961 5170 probetam:
979 5098 1022 5153 0
1046 5102 1329 5170 pastores,
1348 5119 1463 5157 non
1488 5103 1715 5177 seipsos
1746 5107 2009 5176 pastores

348 5192 623 5259 pascunt,
654 5203 770 5242 non
798 5201 932 5241 oves
964 5186 1179 5257 (Ezech.
1214 5190 1446 5262 xxxrv)?
1476 5191 1541 5246 Et
1571 5190 1700 5247 ideo
1730 5208 2009 5265 magnum

355 5292 590 5348 quoque
622 5274 810 5330 Eliam
834 5274 935 5345 qui
959 5274 1108 5329 banc
1128 5275 1306 5332 vitam
1332 5280 2011 5353 persequebatur,jussit

349 5366 569 5419 versari
600 5364 663 5419 in
697 5364 893 5419 medio
924 5363 1279 5435 impiorum;
1315 5372 1370 5423 et
1417 5368 1744 5424 secundum
1798 5372 2005 5439 Eliam,

350 5458 660 5525 tantOpore
676 5452 1034 5508 celebratum
1053 5453 1361 5527 Joannem,
1379 5458 1479 5530 qui
1504 5457 2010 5530 amplectebantur

346 5541 725 5598 solitudinem
760 5541 1097 5597 transmisit
1117 5542 1187 5596 ad
1209 5543 1367 5618 ripas
1388 5538 1661 5605 Jordanis
1676 5545 1793 5601 illic
1814 5548 2008 5620 bapii-

344 5647 483 5687 zare
504 5632 728 5703 jubens
758 5636 817 5688 et
845 5630 1183 5704 praedicare.
1202 5635 1487 5699 Quoniam
1511 5652 1647 5709 ergo
1679 5640 1740 5691 tu
1774 5652 2007 5709 quoque

2108 516 2299 565 tecum
2324 510 2468 564 alios
2488 509 2652 563 effice
2672 514 2962 563 amatores
2990 525 3002 574 ;
3028 506 3130 561 hoc
3152 505 3304 561 enim
3330 510 3419 560 est
3434 505 3603 559 valde
3620 522 3758 575 gra-

2102 604 2224 653 tum
2242 599 2540 655 communi
2558 594 3506 667 Domino.ProptereaEzechielem
3523 609 3762 665 quoque

2106 687 2861 761 appellavitspeculatorem
2885 690 2937 741 et
2962 684 3366 758 peccatoribus
3386 682 3564 753 jussit
3595 682 3763 736 testi-

2106 778 2262 831 ﬁcari
2296 778 2503 848 (Eme/.3
2540 778 2652 846 ιιι),
2686 781 2742 831 et
2772 778 2976 832 Jonam
3002 774 3186 845 jussit
3217 788 3445 828 currere
3471 771 3763 837 Ninivem,

2105 872 2160 919 et
2180 865 2473 920 nolentem
2502 865 2833 919 transmisit
2855 864 2911 919 in
2935 863 3189 918 vinculis
3216 864 3387 929 (longe
3405 860 3459 931 ι).
3478 860 3623 914 Cum
3642 860 3763 913 haec

2108 955 2323 1009 diceret
2356 964 2408 1010 et
2426 954 2934 1023 similia,divinum
2955 954 3142 1007 virum
3162 949 3570 1015 mansuefecit,
3590 953 3645 1003 et
3662 966 3764 1003 v0-

2107 1043 2362 1099 luntario
2402 1044 2501 1099 illo
2538 1045 2748 1098 effosso
2781 1059 3029 1107 carcere,
3070 1041 3271 1097 eduxit
3310 1036 3674 1105 etabduxit,
3709 1041 3765 1091 et

2102 1150 2346 1187 suorum
2363 1133 2653 1187 sodalium
2672 1133 2719 1186 ei
2738 1148 2931 1185 curam
2950 1130 3337 1201 tradidit.Ego
3358 1133 3547 1182 autem
3567 1127 3762 1181 nescio

2106 1218 3583 1292 utrumplusadmirer,bujusnemoderationem,an
3604 1214 3763 1269 illius

2110 1310 2526 1377 obedientiam,
2561 1315 2617 1365 et
2648 1310 2801 1382 quod
2838 1310 2908 1363 ab
2942 1325 3006 1363 eo
3040 1308 3114 1363 sit
3146 1323 3486 1383 persuasus.
3525 1307 3577 1358 ls
3609 1306 3763 1357 enim

2107 1399 2369 1469 fugiebat
2400 1400 2823 1471 principatum,
2856 1404 2911 1453 et
2942 1399 3131 1470 magis
3164 1397 3393 1451 volebat
3424 1411 3552 1449 esse
3592 1410 3660 1448 ex
3693 1394 3765 1449 iis

2109 1488 2609 1559 quiparebant,ut
2631 1489 2728 1560 qui
2763 1488 3120 1558 praefectum
3152 1485 3494 1540 formidaret
3529 1482 3762 1553 pericu-

2108 1575 2250 1645 lum;
2273 1583 2329 1631 et
2361 1594 2610 1648 magnus
2644 1577 2929 1631 Eusebius
2962 1575 3338 1630 aversabatur
3372 1573 3604 1644 quidem
3632 1587 3763 1626 cum

2110 1664 2379 1737 pluribus
2395 1664 3613 1733 conversationem,cessittamen,etcaptus
3629 1660 3765 1714 reti-

2111 1754 2219 1809 bus
2235 1754 2561 1821 charitatis,
2588 1756 2845 1826 suscepit
2875 1771 3075 1809 curam
3110 1754 3324 1825 gregis,
3350 1757 3405 1807 et
3439 1751 3603 1805 duxit
3635 1748 3768 1804 ch0-

2107 1860 2258 1910 rum,
2279 1860 2392 1897 non
2420 1842 2622 1899 multis
2652 1843 2844 1898 verbis
2875 1861 3024 1916 opus
3058 1843 3282 1898 habens
3316 1841 3384 1895 ad
3402 1840 3762 1911 docendum;

2102 1932 2600 1987 sulficiebatenim
2615 1932 2703 1986 vel
2719 1932 2878 1987 solus
2894 1930 3359 2004 aspectus,utvel
3376 1927 3769 2000 longetardis-

2104 2022 2320 2076 simum
2358 2021 2603 2076 celerem
2629 2021 2885 2075 efliceret
2910 2022 2977 2075 ad
3013 2038 3253 2075 cursum
3276 2019 3531 2074 virtutis.
3556 2017 3769 2072 Dicunt

2104 2110 2709 2185 autemquividerunt,
2727 2126 2859 2164 eum
2877 2126 3091 2181 semper
3106 2109 3379 2163 habuisse
3394 2122 3627 2177 gravem
3641 2104 3767 2158 vul-

2106 2206 2249 2268 tum,
2277 2205 2335 2255 et
2366 2200 2465 2272 qui
2496 2204 2723 2273 poterat
2753 2200 3021 2254 timorem
3057 2201 3261 2253 afferre
3294 2196 3725 2273 spectantibus.

2176 2309 2381 2369 Cibum
2406 2310 2603 2367 autem
2628 2307 2752 2379 ipse
2772 2307 3009 2383 quidem
3026 2306 3290 2379 capiebat
3307 2304 3471 2360 tertio
3486 2307 3542 2357 et
3556 2306 3763 2372 quarto

2108 2413 2342 2470 quoque
2373 2396 2486 2466 die,
2511 2396 2583 2452 iis
2617 2402 2809 2459 autem
2844 2396 2943 2469 qui
2976 2412 3172 2459 secum
3201 2394 3568 2462 habitabant,
3594 2391 3764 2461 jube-

2108 2488 2209 2542 bat
2239 2486 2391 2540 vesci
2423 2485 2665 2545 alternis
2714 2485 2939 2540 diebus.
2967 2483 3344 2559 Prmcipiebat
3389 2486 3583 2537 autem
3633 2495 3763 2539 cum

2112 2582 2223 2631 Deo
2237 2575 2472 2637 assidue
2485 2573 2736 2647 colloqui
2752 2575 2949 2644 (26),et
2965 2572 3180 2633 nullum
3197 2578 3425 2645 tempus
3440 2570 3767 2639 relinquere

2108 2681 2360 2723 vacuum
2393 2665 2465 2719 ab
2484 2663 3082 2734 hacoperatione,sed
3105 2660 3496 2717 communiter
3527 2658 3762 2729 quidem

2112 2754 2399 2826 praeﬁnita
2422 2753 2660 2823 exsequi
2686 2751 3125 2823 ofticia;partes
3151 2755 3346 2805 autem
3380 2749 3494 2803 diei
3530 2762 3661 2818 quae
3683 2746 3768 2799 in-

2114 2844 2441 2913 tercedunt,
2459 2857 2944 2913 unumquemque
2958 2856 3062 2915 per
3074 2855 3159 2909 se,
3173 2839 3263 2895 vel
3280 2839 3391 2893 sub
3419 2837 3617 2908 aliqua
3633 2851 3771 2893 um-

2113 2934 2220 2997 bra
2250 2933 2496 2999 arboris,
2526 2932 2614 2988 vel
2656 2936 2892 3003 propter
2924 2935 3150 3003 petram
3199 2928 3482 3000 aliquam,
3514 2928 3599 2985 vel
3637 2932 3769 2987 ubi—

2114 3039 2347 3096 cunque
2372 3021 2699 3095 quiesceret
2728 3018 2965 3091 aliquis,
2989 3018 3078 3074 vel
3102 3022 3356 3075 stantem
3379 3018 3769 3091 humijacen-

2116 3121 2257 3183 tem,
2283 3132 2487 3187 rogare
2510 3114 2845 3183 Dominum,
2871 3117 2927 3167 et
2948 3116 3141 3189 petere
3167 3110 3441 3175 salutem.
3467 3112 3552 3168 Ita
3574 3118 3770 3179 autem

2115 3220 2592 3285 unamquamque
2606 3220 2668 3258 ex
2686 3202 2949 3285 partibus
2963 3201 3217 3283 corporis
3232 3201 3770 3271 edocuitvirtutem,

2116 3300 2179 3353 ut
2209 3294 2309 3359 illa
2338 3296 2547 3359 faceret
2579 3308 2709 3376 quae
2754 3291 2881 3353 sola
2929 3290 3217 3369 permittit
3245 3288 3415 3347 ratio.
3449 3293 3524 3343 Ut
3572 3298 3770 3351 autem

2117 3385 2221 3439 hoc
2255 3383 2495 3449 reddam
2529 3378 2913 3447 manifestum
2960 3376 3255 3444 omnibus,
3289 3376 3646 3435 mentionem
3683 3381 3770 3439 fa-

2116 3473 2265 3528 ciam
2300 3470 2477 3537 unius
2508 3471 2635 3551 ejus
2670 3467 3043 3533 narrationis.

2186 3578 2622 3648 Sedebatsuper
2634 3575 2952 3647 quamdam
2972 3577 3195 3645 petram
3212 3573 3336 3644 ipse
3352 3576 3407 3629 et
3420 3573 3771 3637 Ammianus

2114 3666 2214 3722 ille
2244 3664 2636 3731 admirabilis,
2671 3668 2729 3719 et
2754 3662 3085 3727 divinorum
3115 3659 3554 3732 evangeliorum
3585 3660 3770 3716 histo-

2117 3755 2674 3827 riemalterquidem
2690 3751 3089 3823 legebat,alter
3103 3768 3232 3807 vero
3247 3768 3451 3811 eorum
3465 3768 3592 3821 quis
3606 3754 3774 3807 erant

2117 3846 2460 3913 obscuriora
2487 3843 2813 3916 explicabat
2843 3841 3215 3903 sententiam.
3243 3840 3386 3895 Cum
3422 3846 3615 3895 autem
3649 3841 3775 3911 qui-

2118 3936 2252 3989 dam
2288 3932 2552 4005 agricolae
2583 3933 2642 3986 in
2675 3932 2942 4002 subjecto
2981 3946 3189 4001 campo
3222 3934 3437 3995 terram
3494 3928 3775 3998 colerent,

2118 4028 2190 4082 ad
2223 4026 2373 4081 hanc
2405 4023 2961 4095 contemplationem
2995 4038 3248 4094 magnus
3280 4027 3499 4079 tractus
3534 4025 3623 4076 est
3653 4020 3769 4075 Eu-

2120 4119 2339 4174 sebius.
2405 4118 2546 4173 Cum
2605 4122 2801 4172 autem
2867 4115 3105 4172 divinus
3174 4114 3460 4173 Amianus
3529 4112 3773 4184 legisset

2118 4206 2311 4271 locum
2331 4204 2755 4277 evangelicum,
2776 4204 3177 4263 sciscitaretur
3198 4208 3391 4269 autem
3420 4203 3771 4272 interpreta-

2122 4296 2563 4367 tionem,jussit
2590 4311 2843 4366 magnus
2862 4293 3151 4349 Eusebius
3178 4294 3242 4347 ut
3271 4289 3771 4362 repeteretlectio-

2121 4403 2275 4441 nem.
2300 4385 2439 4440 Cum
2474 4385 2523 4440 is
2555 4388 2751 4441 autem
2786 4382 3059 4445 dixisset:
3088 4382 3165 4436 Iis
3188 4379 3284 4450 qui
3310 4381 3479 4434 arant
3501 4379 3647 4434 forte
3672 4378 3772 4433 de-

2120 4474 2390 4541 lectatus,
2426 4473 2667 4527 minime
2699 4470 3010 4539 exaudisti,
3044 4473 3110 4531 ut
3142 4472 3230 4523 est
3262 4465 3615 4522 verisimile:
3646 4467 3771 4522 suis

2120 4567 2397 4637 deinceps
2429 4564 2614 4621 oculis
2636 4564 2818 4633 legem
2845 4561 2978 4616 tulit
3004 4564 3068 4616 ut
3093 4574 3282 4632 neque
3307 4575 3579 4628 campum
3602 4557 3771 4613 illum

2121 4671 2383 4728 unquam
2418 4652 2935 4723 contemplaretur,
2970 4665 3162 4722 neque
3192 4648 3410 4705 cmlesti
3443 4646 3774 4719 pulchritu-

2120 4744 2255 4799 dine
2286 4750 2342 4797 et
2373 4743 2531 4797 chori
2566 4750 2856 4797 astrorum
2889 4745 3131 4811 aspectu
3156 4739 3513 4803 fruerentur;
3538 4737 3640 4791 sed
3673 4753 3773 4790 an-

2120 4832 2651 4907 gustissimautens
2665 4830 2898 4894 semita,
2913 4828 3083 4898 cujus
3101 4842 3430 4881 mensuram
3447 4824 3613 4880 aiunt
3628 4824 3771 4879 fuis-

2121 4938 2182 4977 se
2198 4920 2374 4975 unius
2391 4918 2569 4991 palmi
2594 4920 2811 4973 ferente
2830 4917 2899 4971 ad
2920 4915 3263 4981 oratorium,
3282 4918 3439 4968 extra
3455 4929 3581 4967 eam
3605 4912 3770 4966 dein-

2121 5026 2256 5081 ceps
2287 5009 2479 5080 egredi
2509 5026 2623 5063 non
2655 5012 2744 5062 est
2775 5024 3005 5080 passus.
3030 5005 3239 5060 Dicunt
3262 5008 3457 5059 autem
3482 5019 3615 5057 eum
3639 5002 3773 5074 plus

2121 5118 2298 5174 quam
2332 5100 2717 5171 quadraginta
2748 5099 2919 5153 annis
2950 5097 3167 5152 vixisse
3198 5098 3332 5169 post
3379 5095 3528 5148 hanc
3560 5092 3771 5165 legem.

2120 5191 2192 5247 Ut
2224 5194 2418 5245 autem
2452 5206 2583 5243 cum
2618 5187 2798 5243 animi
2833 5187 2922 5241 sui
2956 5183 3264 5253 sententia,
3289 5184 3360 5238 ad
3387 5182 3509 5237 haec
3540 5198 3775 5253 quoque

2120 5297 2253 5335 eum
2286 5278 2544 5334 traheret
2574 5278 2773 5351 aliqua
2817 5274 3162 5344 necessitas,
3196 5290 3329 5327 cum
3363 5272 3599 5327 lumbos
3629 5287 3775 5326 zona

2120 5373 2307 5427 terrea
2329 5369 2717 5443 alligasset,et
2738 5367 3155 5440 gravissimum
3180 5362 3395 5419 collare
3421 5362 3568 5417 collo
3592 5362 3777 5433 impo-

2120 5457 2563 5530 suisset,aliquo
2582 5458 2697 5513 alio
2720 5458 2870 5512 ferro
2895 5452 3196 5526 conjunxit
3216 5469 3424 5507 zonam
3446 5450 3648 5507 collari
3673 5448 3772 5519 qui

2120 5548 2404 5604 eratcollo
2422 5547 2757 5621 impositus,
2776 5551 2840 5601 ut
2855 5545 2961 5601 hoc
2978 5543 3150 5599 modo
3165 5541 3507 5611 inclinatus,
3530 5554 3773 5596 conare-

2119 5642 2219 5692 tur
2245 5637 2398 5705 812
2422 5637 2659 5703 assidue
2680 5637 2738 5692 in
2762 5640 2973 5705 terram
2997 5631 3313 5704 despicere.
3333 5635 3452 5686 Has
3474 5631 3597 5699 ipse
3617 5627 3687 5680 de
3708 5639 3770 5680 se
