4122 6188
403 304 471 357 39
1583 297 1678 348 DE
1720 295 1910 347 VITIS
1950 292 2246 345 PATBUM
2287 292 2500 347 LIBER
2537 299 2634 351 1X.
3745 308 3812 360 40

402 427 594 498 exegit
626 439 823 496 pmnas
856 421 1009 492 quod
1036 419 1172 475 illos
1211 423 1365 474 esset
1412 417 1845 489 contemplatus
1895 416 2043 487 agri-
2079 413 2135 479 Α
2164 419 3351 497 suntsuperterram(Coloss.m).Tantum
3375 429 3810 487 enimfructum

401 515 717 571 colas.Hoc
738 515 936 568 autem
960 514 1016 565 et
1037 508 1209 564 multi
1235 508 1472 579 quidem
1498 507 1597 561 alii
1624 524 1713 562 me
1730 508 2055 561 docuerunt

403 621 470 659 ex
503 603 576 658 iis
607 601 707 673 qui
743 600 908 656 illum
941 606 1247 664 noverunt,
1284 614 1376 653 res
1425 598 1552 668 ejus
1601 596 1821 667 optime
1872 594 2052 650 scive-

399 697 567 762 runt;
586 690 1050 746 narravitautem
1067 705 1241 743 senex
1269 703 1503 758 quoque
1519 702 1770 757 magnus
1785 684 2052 751 Aeacius,

399 783 570 852 cujus
587 780 752 853 prius
777 794 1013 850 quoque
1044 776 1426 832 meminimus
1455 774 1512 829 in
1545 773 1673 829 aliis
1703 772 2052 829 narrationi-

398 873 532 933 bus;
557 873 701 928 dixit
719 874 916 926 autem
942 886 1004 925 se
1027 885 1161 924 eum
1186 883 1420 940 quoque
1455 865 1773 937 aliquando
1806 865 2053 919 interro-

400 977 573 1030 gasse
607 977 741 1015 cum
764 976 900 1015 eum
934 958 1018 1013 sic
1049 958 1292 1012 vidisset
1317 955 1712 1020 incurvatum,
1733 969 2053 1024 quamnam

397 1049 632 1120 capiens
666 1050 1003 1116 utilitatem,
1030 1063 1217 1117 neque
1247 1044 1456 1101 coelum
1492 1044 1746 1115 patiatur
1770 1043 2051 1114 aspicere,

398 1157 591 1212 neque
609 1155 884 1210 campum
909 1137 1074 1192 illum
1101 1137 1430 1208 subjectum
1452 1133 2053 1206 contemplari,neque

397 1249 466 1288 ex
489 1235 744 1302 angusta
767 1229 867 1284 illa
885 1227 976 1282 via
992 1227 1184 1299 egredi
1207 1245 1220 1294 ;
1243 1243 1374 1281 eum
1397 1231 1588 1281 autem
1614 1224 1833 1279 dixisse
1857 1223 2054 1278 sehaac

402 1320 594 1376 moliri
626 1320 908 1375 adversus
939 1316 1183 1388 maligni
1215 1317 1500 1371 daemonis
1545 1313 2052 1369 machinationes:

401 1410 545 1464 Nam
582 1407 979 1478 ne,inquit,de
1011 1405 1242 1478 magnis
1268 1404 1487 1462 bellum
1512 1408 1930 1477 gerat,conans
1951 1418 2053 1456 au-

402 1500 554 1554 ferre
575 1497 1026 1568 temperantiam
1052 1495 1444 1567 etjustitiam,
1471 1500 1530 1550 et
1550 1495 1696 1549 iram
1719 1509 1981 1556 armans,
1999 1495 2057 1546 et

403 1586 786 1659 cupiditatem
813 1587 1159 1654 accendens,
1193 1591 1246 1640 et
1279 1590 1342 1640 ut
1373 1587 1526 1640 fastu
1549 1585 1754 1639 efferar
1771 1588 1829 1638 et
1849 1598 2052 1653 super-

401 1677 498 1732 bia
527 1677 917 1731 intumescam
973 1675 1257 1744 efficiens,
1288 1677 1345 1730 et
1383 1689 1747 1744 quaecunque
1774 1671 2054 1726 adversus

2161 515 2414 582 cmperat
2443 529 2511 567 ex
2541 513 2807 571 doctrina
2838 518 3033 589 magni
3057 518 3313 588 Eusebii,
3339 523 3404 574 ut
3425 520 3814 592 quadraginta

2162 598 2423 670 quinque
2455 617 2640 658 annos
2663 605 2843 674 egerit
2862 604 2917 659 in
2946 606 3042 662 illo
3066 609 3446 674 monasterio,
3472 608 3695 680 absque
3729 610 3814 665 ira

2162 691 2356 743 autem
2380 693 2436 743 et
2472 693 2953 750 excandescentia
2983 701 3105 752 toto
3154 696 3262 752 hoc
3292 701 3555 769 tempore
3583 698 3810 755 vixerit.

2159 773 2354 846 Neque
2383 778 2539 834 enim
2563 785 2696 852 post
2717 789 3048 855 susceptam
3073 787 3481 856 praefecturam
3503 787 3654 843 vidit
3677 803 3811 843 eum

2161 863 2376 936 aliquis
2398 874 2741 940 superatum
2758 873 2826 926 ab
2842 873 2948 927 hac
2963 874 3145 928 animi
3159 876 3623 947 perturbatione,
3643 876 3814 948 idque

2161 961 2389 1020 cum,ut
2409 963 2499 1013 est
2519 960 3062 1032 verisimile,essent
3081 962 3543 1021 innumerabilia
3561 983 3689 1037 quae
3722 983 3816 1021 co-

2161 1047 2631 1113 gerent.Centum
2653 1049 2808 1104 enim
2838 1056 2895 1106 et
2915 1053 3342 1124 quinquaginta
3363 1054 3468 1108 viri
3495 1055 3811 1126 pasceban-

2161 1137 2256 1186 tur
2278 1134 2349 1188 ab
2373 1133 2532 1191 illius
2555 1138 3000 1210 dexterazaliqui
3030 1141 3266 1212 quidem
3291 1159 3524 1198 summa
3545 1149 3603 1200 et
3624 1146 3806 1202 excel-

2162 1220 2302 1276 lenti
2327 1223 2560 1292 virtute,
2592 1232 2650 1281 et
2677 1243 2804 1283 eam
2839 1246 2966 1299 quae
2998 1235 3087 1285 est
3115 1230 3172 1285 in
3198 1231 3340 1286 caelo
3371 1233 3602 1288 vivendi
3633 1235 3804 1290 ratio-

2161 1327 2294 1365 nem
2329 1312 2668 1384 imitantes;
2704 1316 2799 1371 alii
2833 1335 2966 1374 vero
2999 1319 3101 1390 qui
3130 1336 3354 1391 pennas
3379 1325 3520 1376 tunc
3552 1323 3809 1394 primum

2161 1401 2302 1470 prod
2315 1403 2648 1470 ucebant,et
2667 1410 2882 1462 terram
2913 1408 3209 1464 transilire
3234 1414 3289 1464 et
3319 1411 3692 1482 supervolare
3709 1413 3809 1468 do-

2159 1490 2462 1546 cebantur.
2497 1496 2565 1548 Et
2596 1498 2788 1550 tamen
2813 1513 2947 1552 cum
2973 1502 3056 1552 tot
3077 1503 3276 1554 essent
3299 1500 3398 1571 qui
3423 1500 3621 1555 divina
3644 1501 3812 1556 doce-

2161 1578 2397 1645 bantur,
2429 1587 2486 1636 et
2511 1581 2756 1655 aliquid,
2815 1591 2878 1640 ut
2910 1592 2998 1641 est
3028 1587 3366 1654 verisimile,
3406 1589 3817 1660 delinquerent

2162 1669 2375 1739 (neque
2404 1672 2562 1726 enim
2595 1673 2764 1729 facile
2786 1675 2908 1730 fieri
2934 1680 3125 1746 potest
3147 1680 3211 1731 ut
3235 1678 3336 1748 qui
3371 1679 3541 1733 modo
3571 1679 3816 1734 ventitat

403 1782 594 1820 meam
627 1763 1002 1820 machinatur
1031 1763 1313 1830 animam,
1355 1779 1534 1817 conor
1561 1761 1794 1817 hostem
1826 1761 1897 1813 ad
1930 1759 2051 1813 haec
2079 1779 2130 1844 B
2163 1762 2317 1812 recte
2359 1775 2421 1814 se
2452 1765 2616 1832 gerat
2657 1762 2717 1817 in
2757 1764 3076 1836 omnibus),
3127 1765 3346 1820 mansit
3378 1765 3696 1822 immobilis
3729 1767 3816 1822 vir

405 1872 585 1926 parva
617 1855 961 1910 traducere:
1012 1853 1072 1908 in
1123 1854 1341 1925 quibus
1387 1853 1565 1908 etiam
1599 1851 1645 1906 si
1675 1851 1898 1917 vicerit,
1932 1865 2049 1904 non

407 1959 688 2015 magnum
703 1944 871 1998 affert
892 1943 1344 2009 detrimentum;
1372 1945 1428 1996 et
1448 1940 1496 1996 si
1514 1941 1702 1995 victus
1725 1938 2054 2003 fuerit,eva-

405 2033 489 2087 dit
515 2031 703 2103 magis
733 2031 1039 2100 ridiculus,
1069 2036 1132 2086 ut
1153 2031 1251 2102 qui
1276 2047 1345 2086 ne
1370 2030 1426 2085 in
1454 2030 1646 2102 parvis
1669 2029 1904 2100 quidem
1926 2044 2055 2099 pos-

403 2121 480 2176 sit
502 2121 742 2176 evadere
766 2121 1050 2192 superior.
1076 2121 1360 2184 Quoniam
1385 2135 1521 2190 ergo
1544 2118 1673 2173 novi
1697 2118 1805 2174 hoc
1833 2117 2050 2172 bellum

407 2212 604 2266 minus
626 2210 1047 2281 periculosum,
1064 2227 1178 2265 non
1195 2209 1359 2265 valde
1372 2208 1528 2264 enim
1550 2206 1866 2278 feriturqui
1890 2206 1945 2260 in
1963 2205 2054 2260 his

409 2299 610 2355 damni
644 2299 867 2370 aliquid
900 2299 1140 2370 accepit.
1174 2299 1334 2364 Quod
1367 2297 1522 2354 enim
1551 2298 1832 2352 damnum
1858 2300 1947 2350 est
1969 2294 2055 2350 vel

411 2389 602 2443 videre
616 2387 1007 2458 campum,vel
1025 2389 1082 2442 in
1099 2387 1307 2442 coelum
1333 2386 1531 2442 oculos
1554 2384 1838 2453 attollere,
1855 2385 1924 2439 ad
1950 2383 2057 2438 hoc

411 2494 503 2532 me
517 2494 699 2546 genus
714 2477 1241 2549 pugnzetranstuli;
1261 2477 1316 2531 in
1342 2476 1450 2532 hoc
1465 2475 1619 2530 enim
1647 2491 1736 2530 me
1760 2491 1864 2528 nec
1889 2473 2057 2529 ferire

411 2571 604 2638 potest
625 2581 730 2621 nec
763 2566 1083 2637 perimere:
1115 2582 1230 2620 non
1264 2571 1403 2620 sunt
1429 2565 1586 2620 enim
1611 2564 1733 2618 haec
1755 2561 1956 2632 jacula
1977 2561 2059 2616 le-

409 2655 642 2721 thil‘era,
671 2659 734 2709 ut
765 2671 891 2726 quae
921 2654 1041 2710 illis
1075 2656 1277 2710 ferreis
1303 2659 1544 2710 careant
1573 2652 1810 2708 aculeis.
1846 2651 1974 2706 Haec
1998 2665 2058 2705 se

411 2743 707 2799 audivisse
729 2744 877 2798 dixit
899 2760 1152 2815 magnus
1173 2743 1439 2807 Aeacius,
1463 2743 1710 2814 ejusque
1731 2757 1793 2796 se
1814 2739 2062 2795 admira-

411 2838 534 2888 tum
569 2850 698 2889 esse
714 2833 1061 2904 sapientiam
1079 2831 1474 2903 virtutemque
1499 2830 1767 2887 bellicam
1797 2835 1855 2885 et
1884 2845 2061 2900 exps-

412 2923 706 2978 rientiam.
737 2923 1129 2988 Quamobrem
1161 2921 1270 2978 hoc
1297 2937 1528 2994 quoque
1550 2921 1828 2975 narrabat
1855 2919 1938 2974 eis
1960 2918 2062 2988 qui

413 3011 556 3067 talia
587 3012 809 3067 discere
840 3012 1175 3083 cupiebant,
1195 3015 1334 3068 utet
1361 3009 1706 3066 admirabile
1726 3014 1783 3065 et
1815 3008 2061 3080 dignum

317 3125 322 3128 ·
411 3101 564 3173 quod
599 3101 913 3156 mandetur
943 3101 1260 3157 memorias.

481 3203 612 3254 Haec
629 3199 754 3268 ejus
775 3198 962 3270 gloria
981 3215 1116 3255 cum
1139 3199 1198 3254 in
1215 3203 1410 3271 partes
1424 3215 1630 3255 omnes
1648 3197 1908 3270 undique
1928 3214 2061 3269 per-

414 3291 669 3357 vaderet,
685 3289 758 3343 ad
781 3304 842 3344 se
873 3289 1110 3344 attraxit
1135 3305 1340 3345 omnes
1360 3289 1598 3344 virtutis
1618 3288 2061 3345 amatores.Ve-

408 3381 622 3433 nerunt
644 3383 841 3433 autem
863 3377 1218 3433 divinissimi
1243 3393 1477 3450 quoque
1493 3379 1728 3450 [Longus
1747 3378 1940 3434 addit:
1962 3377 2061 3433 Ja-

407 3468 588 3522 cobus
623 3471 794 3522 Persa
824 3471 880 3521 et
909 3467 1168 3538 Agrippa
1198 3468 1590 3537 successores]
1622 3467 1840 3522 Juliani
1878 3465 2059 3532 senis,

411 3557 580 3626 cujus
600 3555 764 3627 prius
781 3555 1072 3626 persecuti
1088 3572 1296 3610 sumus
1311 3555 1835 3626 narrationem,qui
1851 3555 2059 3625 optimi

413 3644 608 3716 gregis
623 3648 790 3699 erant
804 3643 1077 3714 przefecti.
1099 3645 1415 3715 Postquam
1431 3645 1586 3699 enim
1600 3645 1684 3700 vir
1698 3643 1791 3699 ille
1805 3644 2059 3714 divinus,

412 3734 527 3788 fine
557 3732 687 3787 vitae
719 3736 951 3804 accepto
983 3733 1254 3804 migravit
1286 3735 1355 3788 ad
1400 3734 1578 3789 vitam
1613 3750 1952 3806 supernam,
1986 3734 2058 3789 ad

411 3837 695 3892 magnum
727 3825 1109 3876 accurrerunt
1164 3821 1502 3889 Eusebium,
1549 3822 1761 3878 melius
1792 3839 1920 3879 esse
1950 3822 2059 3878 rati

410 3917 567 3966 recte
597 3911 719 3982 regi
753 3927 927 3982 quam
963 3927 1162 3984 regere
1192 3917 1250 3967 et
1280 3929 1550 3984 praeesse.

478 4019 679 4075 Jacobi
713 4023 929 4086 autem,
976 4021 1146 4090 cujus
1178 4020 1340 4092 prius
1377 4037 1609 4092 quoque
1635 4022 1756 4092 jam
1795 4021 2060 4087 memini,

411 4126 544 4164 cum
569 4108 910 4164 summatim
939 4110 1066 4181 ejus
1088 4110 1316 4165 ostendi
1335 4110 1628 4176 virtutem,
1656 4127 1811 4166 nunc
1830 4127 2062 4183 quoque

413 4200 654 4254 evidens
679 4203 1096 4269 argumentum
1123 4199 1426 4254 ostendam
1453 4215 1698 4254 summae
1723 4201 1850 4270 ejus
1873 4199 2061 4270 philo-

413 4289 653 4360 sophiae.
678 4289 994 4360 Postquam
1031 4288 1126 4343 ille
1153 4289 1387 4344 divinus
1417 4289 1550 4344 hinc
1576 4290 1860 4344 excedens
1882 4292 2062 4344 Euse-

414 4377 747 4447 biusjussit
776 4393 908 4432 eum
942 4395 1189 4450 praeesse
1220 4379 1403 4451 gregi,
1433 4384 1491 4434 et
1513 4395 1793 4434 recusans
1815 4379 2063 4433 curatio-

413 4483 571 4530 nem,
603 4483 719 4520 non
753 4467 1050 4538 persuasit
1094 4467 1468 4539 cupientibus
1511 4483 1644 4523 eum
1676 4468 1824 4523 hanc
1856 4483 2058 4523 curam

414 4554 734 4625 suscipere,
787 4554 932 4610 abiit
977 4556 1049 4610 ad
1099 4556 1281 4610 alium
1332 4571 1591 4628 gregem,
1635 4554 1861 4612 malens
1903 4554 2062 4627 pasci

413 4659 594 4714 quam
626 4658 904 4714 pascere;
937 4647 996 4699 et
1027 4660 1156 4699 cum
1206 4643 1460 4714 plurimo
1505 4649 1769 4716 tempore
1799 4643 2064 4716 supervi-

414 4734 614 4798 xisset,
650 4732 801 4788 hanc
832 4732 1010 4788 vitam
1045 4732 1128 4788 sic
1159 4734 1333 4789 finiit.

485 4830 743 4903 Suscipit
760 4831 958 4902 itaque
975 4831 1136 4886 illam
1159 4832 1558 4904 praefecturam
1580 4833 1950 4904 Agrippa,vir
1966 4834 2068 4904 qui

419 4924 475 4975 ct
508 4919 710 4975 multis
744 4919 876 4975 aliis
902 4925 1142 4975 ornatus
1175 4927 1299 4975 erat
1327 4921 1520 4986 bonis,
1552 4921 1841 4992 praecipue
1871 4927 2069 4977 autem

424 5007 677 5080 puritate
703 5010 911 5064 animae
938 5027 950 5064 :
977 5026 1079 5081 per
1100 5026 1277 5081 quam
1304 5015 1360 5065 et
1380 5010 1586 5065 divinae
1610 5009 2072 5082 pulchritudinis

418 5097 702 5153 visionem
719 5098 952 5154 assidue
974 5097 1505 5170 apprehendens,et
1523 5098 1682 5155 illius
1703 5100 1922 5156 amoris
1944 5100 2074 5170 igne

419 5187 1019 5260 accensus,irrigabat
1035 5203 1214 5259 genas
1236 5189 1537 5260 perpetuis
1553 5189 1998 5261 lacrymis.Cum
2021 5191 2072 5246 is

418 5280 611 5330 autem
637 5276 811 5347 longo
834 5282 1097 5349 tempore
1120 5277 1370 5332 electum
1394 5277 1561 5334 illum
1587 5283 1644 5333 et
1669 5277 1930 5333 divinum
1950 5295 2076 5350 gre-

419 5379 549 5435 gem
576 5369 728 5419 recte
770 5365 1047 5436 pavisset,
1074 5365 1284 5421 deinde
1311 5383 1341 5421 e
1364 5366 1480 5422 vita
1502 5367 1869 5433 excessisset,
1904 5367 2072 5423 Davi-

422 5451 635 5507 desille
652 5453 1088 5524 divinus,cujus
1107 5459 1344 5526 aspectu
1372 5455 1516 5511 mihi
1539 5473 1772 5528 quoque
1796 5456 1908 5510 frui
1936 5473 2072 5512 con-

421 5539 574 5613 tigit,
599 5544 859 5614 suscepit
881 5543 1288 5613 praefecturam
1316 5561 1328 5600 :
1357 5544 1446 5601 vir
1469 5546 1570 5616 qui
1595 5561 1814 5614 revera,
1837 5561 1904 5600 ex
1926 5545 2071 5599 divi-

421 5629 481 5685 ni
511 5630 771 5702 Apostoli
805 5632 1112 5700 sententia,
1146 5634 1594 5690 mortificaverat
1638 5634 1904 5691 membra
1945 5651 2072 5705 quas

2090 4515 2138 4583 D

2159 1843 2254 1900 ille
2285 1845 2519 1904 divinus
2550 1854 2832 1922 tanquam
2864 1852 3265 1924 incorporeus,
3299 1853 3462 1910 nulla
3491 1871 3625 1910 eum
3649 1873 3807 1912 occa-

2157 1933 2319 1990 sione
2342 1936 2412 1991 ad
2438 1937 2586 1994 iram
2603 1940 2910 1997 excitante.
2945 1941 3062 1997 Hoc
3082 1943 3238 1998 enim
3260 1960 3372 1998 non
3398 1943 3588 1999 solum
3613 1945 3808 2017 accepi

2159 2038 2226 2077 ex
2257 2025 2577 2098 auditione,
2631 2031 2732 2085 sed
2767 2030 2941 2086 etiam
2976 2048 3042 2086 ex
3086 2031 3461 2103 experientia.
3493 2033 3641 2088 Nam
3674 2050 3808 2089 cum

2159 2112 2475 2184 aliquando
2492 2116 2918 2174 desiderassem
2935 2119 3308 2175 videreillum
3329 2122 3812 2192 gregem,accessi

2159 2201 2384 2258 habens
2413 2205 2586 2260 etiam
2609 2205 2753 2262 alios
2773 2208 2965 2264 socios
2989 2209 3498 2280 peregrinationis,
3526 2211 3624 2281 qui
3649 2228 3811 2266 eam-

2159 2290 2292 2346 dem
2307 2309 2485 2363 quam
2500 2310 2605 2365 ego
2619 2295 2797 2350 vitam
2812 2297 3334 2368 amplectebantur.
3351 2301 3494 2354 Toto
3509 2315 3644 2371 ergo
3659 2305 3812 2355 tem-

2162 2399 2299 2454 pore
2313 2383 2692 2442 hebdomadas
2726 2389 2880 2460 apud
2911 2389 3080 2445 illum
3098 2390 3288 2444 virum
3310 2390 3571 2446 divinum
3593 2391 3812 2463 degen-

2161 2478 2272 2543 tes,
2304 2475 2562 2531 vidimus
2586 2478 2713 2547 ejus
2743 2478 2974 2534 vultum
3002 2478 3225 2534 nullam
3244 2477 3506 2551 accipere
3538 2480 3814 2535 mutatio-

2164 2578 2515 2634 nem,neque
2531 2581 2685 2619 nunc
2699 2565 2932 2636 quidem
2948 2566 3240 2623 hilaritate
3253 2567 3502 2622 diffundi
3517 2585 3671 2623 nunc
3683 2584 3814 2624 vero

2164 2649 2402 2706 tristitia
2431 2652 2719 2708 contrahi.
2745 2654 2956 2710 Oculos
2985 2671 3219 2727 quoque
3242 2654 3537 2723 similiter,
3560 2673 3675 2711 non
3709 2656 3814 2711 ali-

2165 2741 2400 2809 quando
2433 2741 2672 2810 quidem
2704 2747 2900 2799 truces
2931 2760 2997 2798 ac
3027 2748 3245 2811 torvos,
3271 2761 3428 2800 nunc
3445 2762 3577 2800 vero
3609 2745 3774 2800 laztos
3802 2763 3815 2812 ;

2166 2829 2267 2883 sed
2299 2829 2359 2884 in
2387 2831 2591 2886 eodem
2615 2847 2849 2904 semper
2868 2832 3101 2888 honesti
3124 2833 3439 2906 decorique
3461 2839 3664 2890 tenore
3689 2851 3816 2906 per-

2169 2934 2424 2976 manere.
2457 2921 2528 2974 Hi
2560 2925 2756 2976 autem
2789 2922 3094 2978 sufficiunt
3124 2939 3189 2978 ae
3219 2924 3589 2994 arguendum
3630 2921 3816 2978 animi

2167 3008 2682 3080 tranquillitatem.
2713 3011 2823 3066 Sed
2854 3010 3151 3068 versimile
3189 3016 3280 3067 est
3336 3012 3814 3068 existimaturum

2171 3098 2510 3169 quempiam
2537 3115 2666 3154 eum
2698 3098 2873 3155 talem
2904 3116 3034 3156 esse
3061 3099 3276 3170 visum,
3312 3101 3468 3172 quod
3501 3099 3663 3156 nulla
3684 3117 3818 3156 eum

2172 3191 2428 3243 moveret
2444 3205 2650 3256 causa;
2672 3189 3056 3259 quamobrem
3081 3205 3319 3245 necesse
3332 3189 3516 3245 habeo
3529 3189 3820 3260 ejusmodi

2166 3275 2306 3345 qnid
2341 3293 2579 3333 narrare
2607 3278 2760 3348 quod
2794 3278 3028 3346 accidit,
3063 3295 3196 3334 cum
3230 3295 3337 3334 nos
3370 3278 3487 3333 illic
3531 3295 3821 3336 essemus.

2239 3401 2479 3458 Sederat
2510 3403 2664 3474 apud
2701 3419 2808 3459 nos
2836 3402 2926 3458 vir
2955 3402 3053 3459 ille
3086 3402 3322 3460 divinus
3351 3404 3422 3458 de
3448 3402 3822 3476 philosophia

2168 3492 2396 3562 agitans
2429 3492 2706 3558 rationes,
2734 3495 2790 3546 et
2824 3509 3092 3563 quaerens
3125 3492 3181 3546 id
3214 3493 3368 3564 quod
3397 3497 3486 3548 est
3515 3508 3817 3548 summum

2167 3581 2513 3651 evangelicae
2549 3580 2680 3636 vita:
2712 3581 3124 3636 institutionis.
3150 3580 3294 3636 Cum
3320 3585 3514 3637 autem
3537 3582 3816 3636 interces-

2167 3670 2385 3724 sissent
2415 3669 2706 3740 ejusmodi
2730 3686 3053 3737 sermones,
3077 3669 3322 3726 Publius
3343 3670 3580 3741 quidam
3604 3686 3815 3741 genere

2167 3759 2402 3830 quidem
2419 3758 3008 3823 Romanus,moribus
3023 3763 3216 3814 autem
3233 3758 3358 3830 ipse
3381 3775 3611 3831 quoque
3626 3759 3812 3814 admi-

2169 3848 2309 3901 rand
2323 3851 2475 3917 us,et
2490 3846 2802 3901 sacerdotii
2819 3846 3038 3902 honore
3052 3847 3419 3918 praeditus,et
3435 3848 3594 3904 illius
3609 3848 3812 3919 praefe-

2167 3943 2340 3991 cturae
2367 3937 2654 3991 secundas
2703 3940 2901 4008 partes
2931 3937 3225 4002 obtinens,
3245 3937 3399 3992 813
3433 3939 3503 3993 ad
3534 3953 3641 3993 nos
3661 3935 3819 3993 venit

2168 4027 2451 4081 adversus
2475 4025 2738 4080 divinum
2765 4025 3042 4080 Davidem
3065 4026 3415 4092 vociferans,
3433 4032 3488 4082 et
3509 4042 3826 4081 commune

2167 4117 2449 4170 damnum
2468 4114 2627 4169 illam
2649 4115 2962 4170 nominans
2987 4115 3382 4181 lenitatem;et
3400 4117 3676 4172 omnibus
3697 4133 3823 4188 per-

2169 4205 2377 4259 niciem
2395 4205 2598 4259 afferre
2620 4203 2818 4259 dicens
2839 4205 2964 4274 ejus
2988 4206 3526 4273 mansuetudinem;
3551 4210 3607 4260 et
3625 4222 3823 4260 amen-

2168 4295 2333 4360 tiam,
2359 4311 2474 4349 non
2508 4293 2878 4357 modestiam,
2899 4311 3192 4349 summam
3212 4294 3371 4349 illam
3387 4311 3604 4350 vocans
3635 4294 3826 4366 philo-

2169 4381 2586 4454 sophiam.ll1e
2605 4387 2802 4437 autem
2821 4382 3046 4438 habens
3066 4384 3322 4439 animam
3348 4384 3521 4439 veluti
3542 4385 3824 4439 adaman-

2171 4472 2375 4540 tiuam,
2394 4471 2730 4543 accepiebat
2749 4471 2988 4543 quidem
3005 4472 3282 4543 rationes,
3300 4490 3415 4529 non
3450 4472 3826 4545 pungebatur

2175 4565 2368 4617 autem
2385 4561 2456 4616 ab
2487 4560 2559 4616 iis
2582 4577 2709 4632 quae
2732 4578 2839 4617 sua
2857 4566 3067 4618 natura
3089 4561 3276 4618 solent
3303 4578 3582 4634 pungere;
3598 4560 3827 4616 vultum

2175 4651 2373 4722 itaque
2395 4667 2509 4706 non
2533 4651 2797 4720 mutavit,
2821 4667 3010 4722 neque
3031 4667 3359 4707 sermonem
3384 4649 3721 4706 institutum
3741 4650 3826 4705 di-

2179 4740 2360 4807 misit,
2377 4740 2476 4795 sed
2496 4755 2629 4794 cum
2646 4739 2762 4795 leni
2778 4756 2914 4796 voce
2928 4745 2987 4796 et
3003 4741 3198 4796 verbis
3217 4741 3592 4795 serenitatem
3617 4739 3827 4795 anime

2178 4828 2674 4900 significantibus,
2692 4827 2859 4884 illum
2883 4846 3082 4884 senem
3101 4829 3348 4896 dimisit,
3367 4845 3580 4901 rogans
3607 4845 3743 4884 eum
3767 4834 3832 4884 ut

2179 4935 2380 4974 corum
2414 4935 2541 4989 qua:
2567 4917 2949 4973 velletcuram
2979 4917 3359 4990 gereret.Ego
3374 4922 3574 4973 autem
3588 4935 3719 4973 cum
3738 4917 3830 4974 his

2181 5009 2278 5079 qui
2302 5009 2373 5062 ad
2392 5024 2497 5062 nos
2519 5012 2802 5063 venerunt
2825 5007 3054 5078 loquor,
3071 5011 3136 5061 ut
3153 5007 3696 5076 vides,existimans
3727 5023 3830 5062 ne-

2181 5098 2502 5154 cessarium
2535 5115 2662 5153 esse
2694 5097 2798 5153 hoc
2849 5097 3129 5152 ofﬁcium.
3163 5098 3466 5162 Quomodo
3509 5099 3830 5154 ostenderit

2181 5189 2314 5260 quis
2339 5187 2551 5242 melius
2570 5187 2753 5242 animi
2769 5185 3109 5242 lenitatem?
3129 5186 3275 5242 Eum
3290 5188 3449 5244 enim
3469 5188 3563 5243 cui
3583 5187 3682 5242 illa
3703 5203 3830 5244 cre-

2183 5278 2303 5331 dita
2333 5281 2456 5332 erat
2487 5277 2845 5346 praelectum,
2877 5275 3056 5332 talem
3089 5277 3383 5348 accepisse
3414 5275 3827 5331 contumeliam

2181 5367 2253 5422 ab
2297 5383 2363 5422 co
2413 5365 2514 5435 qui
2559 5366 2796 5420 tenebat
2844 5366 3136 5422 secundas
3184 5372 3398 5436 partes,
3442 5365 3830 5435 praesentibus

2182 5457 2435 5511 maxime
2465 5453 2823 5524 hospitibus,
2855 5459 2911 5509 et
2934 5455 3310 5511 maledictum
3343 5452 3739 5519 audientibus,
3773 5458 3830 5508 et

2183 5544 2405 5600 nullam
2429 5543 2526 5596 ira:
2551 5541 2805 5597 subiisse
2828 5547 3243 5615 tempestatem
3264 5547 3322 5596 et
3338 5541 3830 5613 pertubationem,

2180 5650 2357 5707 quam
2374 5647 2490 5687 non
2520 5631 2720 5703 magni
2733 5633 3009 5689 etexcelsi
3027 5633 3206 5689 animi
3231 5630 3506 5686 virtutem
3520 5636 3756 5703 superat
3770 5637 3827 5687 et
