4088 6180
597 230 668 283 43

1780 232 1871 284 DE
1911 231 2101 285 VITIS
2136 230 2436 285 PATRUM
2476 230 2690 283 LIBER
2729 231 2824 284 IX.

596 356 824 411 nullum
852 354 1067 410 habere
1088 370 1300 426 passus
1328 357 1417 409 est
1438 353 1539 426 qui
1564 370 1765 410 secum
1791 354 2084 411 habitaret
2110 355 2241 410 :sed
2272 356 2324 422 Α
2358 354 2512 425 quod
2540 352 2662 409 haec
2694 354 2836 410 talia
2860 358 3085 412 mutare
3125 357 3496 413 vehementer
3525 356 3820 413 contendit
3848 374 3859 411 :
3892 374 3924 412 n

502 470 512 485 ι
594 461 805 517 parvas
819 443 1209 500 domunculae
1230 444 1454 501 foribus
1470 444 1691 499 vicinas
1706 445 1786 498 sed
1799 443 2245 514 iﬁcans,unum-

595 550 892 605 quemque
921 535 1086 590 exiis
1118 535 1219 606 qui
1249 534 2047 605 conveniebantjubebatpcr
2062 550 2123 588 se
2144 534 2241 589 de-

592 639 727 694 gere
762 641 775 678 :
808 624 1195 681 domunculas
1227 641 1381 697 saepe
1433 624 1692 680 invisens
1734 628 1790 679 et
1839 627 2241 695 perscrutans,

594 714 867 786 nunquid
887 718 1093 784 praeter
1114 731 1287 770 usum
1314 714 1567 771 habeant
1584 713 2117 785 repositum.Aiunt
2143 730 2214 767 au

598 804 717 857 tem
751 818 886 858 eum
919 818 1154 874 quoque
1187 804 1555 858 accedentem
1617 803 1687 858 ad
1720 802 2032 869 trutinam,
2076 801 2246 873 panis

601 909 941 951 mensuram
957 893 1270 966 diligenter
1288 894 1687 965 perpendisse;
1707 896 1764 948 et
1777 893 1825 948 si
1841 892 2075 963 quando
2090 893 2247 946 inve-

602 984 791 1039 nisset
806 981 939 1054 plus
954 998 1128 1054 quam
1154 986 1308 1037 esset
1327 982 1635 1038 deﬁnitum
1648 1028 1661 1049 ,
1675 997 1825 1054 zegre
1840 981 2069 1048 tulisse,
2085 987 2137 1035 el
2151 996 2248 1035 eos

606 1073 704 1145 qui
719 1072 825 1127 hoc
843 1071 1133 1127 faciebant
1147 1071 1447 1127 helluones
1462 1068 2249 1144 appellasse.Juhebatenim

611 1178 799 1234 neque
812 1162 1204 1232 comedentes,
1221 1178 1409 1233 neque
1440 1163 1706 1218 bibentes
1730 1164 2063 1231 exspectare
2085 1157 2255 1213 satie-

609 1255 823 1319 tatem;
859 1252 959 1307 sed
995 1253 1223 1306 tantum
1259 1266 1465 1323 capere
1501 1255 1787 1322 quantum
1821 1249 1967 1305 satis
1998 1256 2156 1303 esset
2183 1245 2253 1299 ad

611 1342 887 1396 tuendam
913 1341 1091 1395 vitam
1124 1341 1385 1411 corporis
1412 1358 1423 1395 :
1450 1341 1496 1395 si
1529 1341 1764 1412 quando
1797 1343 1988 1394 autem
2012 1335 2257 1392 vidisset

614 1429 791 1484 etiam
808 1429 1045 1483 farinam
1063 1430 1321 1499 opertam
1343 1428 1587 1497 furlure,
1603 1444 1701 1483 eos
1733 1426 1831 1498 qui
1851 1426 1959 1481 hoc
1984 1424 2259 1480 fecissent

615 1520 935 1592 impetebat
974 1518 1323 1585 maledictis,
1369 1522 1432 1573 ut
1472 1519 1571 1590 qui
1611 1517 1951 1591 Sybariticis
1991 1515 2256 1569 frueren-

616 1614 712 1664 tur
728 1608 974 1664 deliciis.
991 1609 1167 1664 Porro
1190 1612 1385 1664 autem
1411 1614 1581 1664 noctu
1605 1624 1837 1680 quoque
1856 1624 1923 1662 ex
1941 1601 2258 1676 improviso

617 1699 856 1754 veniens
887 1699 956 1754 ad
990 1698 1208 1754 ostium
1243 1698 1735 1769 uniuscujusque,
1769 1696 1816 1751 si
1846 1695 2101 1765 aliquem
2136 1689 2260 1762 qui-

618 1790 749 1844 dem
784 1788 1101 1845 invenisset
1129 1788 1468 1861 vigilantem
1501 1795 1555 1844 et
1574 1793 1754 1843 Deum
1786 1785 2146 1847 laudantem,
2172 1794 2261 1833 re-

618 1879 861 1934 cedebat
881 1880 1093 1935 tacitus
1118 1898 1132 1947 ;
1159 1879 1207 1935 si
1232 1894 1406 1950 quem
1430 1882 1624 1933 autem
1650 1875 1937 1932 sensisset
1961 1868 2258 1927 dormien-

618 1971 757 2037 tem,
791 1983 969 2023 manu
1000 1967 1237 2039 quidem
1272 1967 1547 2038 pulsabat
1578 1965 1818 2031 ostium,
1842 1963 2041 2034 lingua
2067 1961 2260 2013 autem

616 2057 676 2111 in
708 2072 841 2112 eum
877 2058 973 2128 qui
1002 2058 1235 2127 jacebat
1256 2057 1661 2125 invehebatur,
1693 2061 1749 2112 et
1772 2054 1874 2127 qui
1893 2068 2107 2124 corpus
2131 2048 2265 2120 plus

619 2162 795 2218 quam
828 2151 1161 2219 opporteret
1192 2151 1445 2203 curaret.

690 2271 841 2325 Hinc
871 2272 1000 2341 ejus
1020 2270 1283 2326 laborem
1304 2287 1439 2325 cum
1463 2270 1936 2325 considerassent
1954 2263 2135 2336 aliqui
2164 2262 2265 2333 qui

622 2363 789 2414 erant
800 2343 1263 2429 ejusdem‘animi
1279 2359 1674 2426 etsententize,
1700 2358 1772 2412 ad
1794 2371 1925 2411 eum
1940 2352 2267 2410 retulerunt

626 2452 691 2503 ut
720 2448 997 2503 omnibus
1022 2464 1205 2502 unum
1222 2446 1532 2501 aedificaret
1555 2444 2096 2501 habitaculum.Eos
2111 2439 2265 2495 enim

624 2536 724 2605 qui
740 2552 896 2590 nunc
909 2540 1049 2591 sunt
1063 2535 1311 2605 dispersi
1324 2535 1584 2591 exactius
1597 2529 2271 2589 etaccuratiusdixerunt

626 2640 754 2680 esse
785 2624 1059 2688 victuros,
1088 2626 1345 2693 eumque
1376 2623 1495 2678 fore
1516 2622 1765 2678 liberum
1800 2638 1833 2677 a
1865 2635 2077 2689 magna
2109 2619 2272 2688 parte

628 2711 1660 2768 sollicitudinis.Probavitconsilium
1676 2706 2271 2781 virsapientissimus,

631 2808 688 2857 et
718 2818 852 2857 cum
884 2818 1089 2857 omnes
1122 2800 1297 2857 simul
1331 2802 1639 2872 coegisset.
1674 2806 1732 2855 et
1773 2815 1981 2871 parvas
2012 2796 2143 2850 illas
2182 2793 2273 2847 dio

634 2891 852 2945 ruisset
883 2889 1379 2956 domunculas,iis
1412 2896 1607 2944 autem
1625 2881 2275 2960 quierantcongregati,

634 2996 816 3034 unam
852 2979 1219 3045 aediﬁcasset,
1261 2979 1484 3049 rogavit
1504 2984 1570 3033 ut
1600 2978 1778 3034 simul
1808 2977 2084 3041 viverent,
2118 2977 2175 3027 et
2217 2987 2278 3026 se

636 3068 881 3123 invicem
916 3068 1266 3124 incitarent:
1298 3068 1461 3123 ethic
1493 3067 1730 3139 quidem
1758 3067 1915 3121 illius
1943 3066 2279 3119 imitaretur

633 3158 1141 3212 mansuetudinem
1154 3156 1271 3225 ,ille
1284 3172 1417 3212 vero
1432 3156 1944 3212 mansuetudinem
1969 3150 2276 3223 hujuszelo

632 3251 1001 3318 temperaret,
1016 3252 1071 3302 et
1102 3247 1252 3302 alius
1267 3247 1707 3302 communicans
1721 3245 1973 3317 vigilias,
1990 3241 2279 3312 acciperet

627 3336 843 3407 jejunii
876 3335 1271 3407 disciplinam.
1308 3336 1401 3391 Sic
1419 3336 1827 3406 enim,inquit,
1862 3352 1893 3387 a
1928 3332 2097 3388 nobis
2129 3329 2276 3385 invi-

635 3440 757 3479 cem
793 3423 851 3478 id
884 3424 1037 3494 quod
1054 3425 1217 3480 deest
1230 3430 1549 3489 sumentes,
1566 3423 2047 3495 perfectissimam
2062 3420 2279 3476 efﬁcie-

637 3530 769 3568 mus
783 3512 1080 3567 virtutem.
1097 3514 1395 3576 Quomodo
1410 3514 1562 3567 enim
1585 3514 1641 3567 in
1659 3513 1796 3567 foris
1811 3511 2112 3566 civitatum
2128 3509 2280 3564 alius

640 3601 880 3671 quidem
912 3601 1111 3655 vendit
1132 3616 1336 3671 panes,
1370 3601 1520 3656 alius
1552 3617 1682 3655 vero
1711 3599 1903 3667 olera;
1931 3599 2081 3654 alius
2107 3599 2282 3653 habet

638 3693 825 3743 vestes
848 3689 1103 3757 venales,
1135 3690 1285 3744 alius
1316 3695 1403 3745 est
1434 3690 1624 3759 opifex
1655 3689 1982 3745 calceorum
2012 3706 2082 3757 ;a
2104 3704 2280 3743 seau-

639 3782 759 3832 tem
776 3778 1019 3833 invicem
1045 3779 1101 3833 id
1137 3795 1252 3848 quo
1275 3796 1425 3849 opus
1440 3780 1655 3835 habent
1671 3778 2282 3851 comparantes,vitam

641 3871 827 3936 agunt
851 3867 1265 3935 jucundiorem
1304 3885 1316 3936 ;
1353 3869 1453 3939 qui
1487 3869 1587 3923 dat
1626 3870 1782 3923 enim
1811 3873 2056 3936 vestem,
2082 3882 2184 3937 pro
2216 3883 2283 3922 ea

641 3955 850 4026 accipit
880 3954 1106 4011 calceos
1132 3973 1143 4011 :
1167 3958 1265 4027 qui
1294 3962 1488 4012 autem
1505 3956 1648 4012 emit
1678 3957 2280 4028 olus,venditpanem:

628 4039 723 4098 'ita
750 4060 855 4099 nos
887 4050 1116 4117 oportet
1144 4046 1391 4101 invicem
1427 4052 1759 4118 permutare
1789 4048 2029 4102 virtutis
2087 4051 2284 4116 partes

640 4133 1122 4204 pretiosissimas.
1157 4135 1300 4191 Cum
1334 4135 1434 4206 qui
1468 4140 1635 4191 erant
1665 4137 1924 4207 ejusdem
1959 4135 2172 4207 lingua:
2201 4134 2283 4189 sic

641 4227 1045 4279 exercerentur
1074 4227 1131 4279 et
1163 4225 1525 4280 decertarent
1572 4230 1628 4281 et
1671 4224 1868 4280 Graeca
1926 4241 2061 4281 voce
2103 4231 2281 4279 Deum

642 4310 1017 4378 laudarent,h
1030 4313 1163 4382 ujus
1178 4312 1307 4367 vitae
1322 4313 1579 4368 instituti
1594 4329 1691 4369 eos
1706 4330 1857 4385 quoq
1870 4331 1938 4368 ue
1954 4314 2105 4385 cepit
2122 4330 2287 4369 amor

643 4400 739 4469 qui
754 4399 1457 4472 linguautebanturillius
1471 4404 1728 4475 regionis
1752 4423 1765 4470 ;
1784 4409 1839 4457 et
1868 4410 2285 4459 concurrentes

2352 442 2391 496 ii
2416 442 2516 514 qui
2544 443 2706 498 illius
2738 460 3072 501 successere
3096 446 3407 513 curationi,
3434 450 3497 501 ut
3529 462 3597 501 ex
3618 446 3901 501 limitibus

2353 547 2419 585 eo
2460 533 2669 602 positis
2710 532 2933 605 aliquid
2964 540 3307 601 everterent,
3341 537 3399 590 in
3434 536 3699 591 animum
3733 535 3917 591 815i

2353 622 2598 688 duxere;
2625 622 2800 693 idque
2822 640 2957 678 cum
2982 641 3095 679 non
3120 625 3235 680 duo
3256 625 3499 692 veltres,
3520 624 3827 696 sedplures
3851 625 3923 679 ha

2356 710 3178 782 susceperintpraefecturam.
3208 716 3349 769 Cum
3398 715 3652 785 primum
3687 715 3838 770 enim
3900 716 3923 767 i‘

2357 803 2653 855 certamen
2673 800 2996 871 implesset,
3030 808 3086 857 et
3116 818 3185 857 ex
3216 802 3326 858 hac
3384 802 3504 859 vita
3532 803 3899 868 excessisset,

2359 888 2415 942 in
2434 888 2595 944 illam
2610 891 2769 945 omni
2788 891 3060 946 molestia
3076 909 3319 947 vacuam
3339 894 3923 963 commigrasset,’l‘hc

2358 982 2565 1033 tecnus
2599 980 2837 1049 quidem
2871 981 3081 1035 Graecae
3110 980 3719 1054 linguaa,Apothonius
3746 986 3924 1040 veroE

2362 1084 2458 1137 rae,
2490 1069 2895 1138 praefecturam
2930 1086 3223 1140 accepere,
3250 1071 3350 1142 qui
3376 1072 3605 1142 utrique
3638 1072 3795 1128 illius
3825 1074 3924 1129 virt

2361 1157 2439 1211 tis
2469 1156 2708 1212 fuerunt
2739 1160 3003 1229 quaedam
3052 1160 3321 1215 animatae
3338 1164 3546 1215 statuas
3578 1164 3635 1216 et
3688 1162 3923 1234 imagine

2363 1246 2562 1316 Neque
2594 1247 2751 1301 enim
2785 1247 2857 1302 iis
2885 1247 2983 1319 qui
3016 1246 3194 1303 simul
3238 1249 3682 1318 conveniebant,
3716 1267 3900 1321 neque

2366 1335 2466 1407 qui
2511 1337 2871 1393 extrinsecus
2920 1339 3307 1393 adveniebant
3350 1346 3767 1395 concesserunt
3803 1358 3923 1396 mor

2367 1424 2525 1479 illius
2558 1425 2743 1481 ullum
2778 1426 2992 1483 habere
3025 1444 3291 1491 sensum,
3327 1432 3389 1483 ut
3420 1430 3519 1500 qui
3552 1429 3852 1484 illiusvite
3882 1432 3923 1485 ir

2366 1517 2521 1573 tituti
2550 1517 2777 1587 seipsos
2806 1533 3082 1589 expressa
3130 1519 3503 1573 ostenderent
3534 1520 3869 1575 simulacra.
3894 1522 3924 1575 S

2370 1610 2603 1664 divinus
2634 1609 2872 1680 quidem
2905 1610 3269 1665 Theotecnus
3303 1627 3436 1665 cum
3471 1627 3586 1665 non
3618 1612 3715 1665 diu
3747 1613 3924 1668 vixiss

2368 1699 2614 1754 tradidit
2640 1699 3353 1771 Theodotoprzefecturam
3382 1700 3788 1771 :Aphthonius
3816 1708 3924 1758 aut.

2372 1790 2566 1863 gregis
2598 1807 2799 1845 curam
2833 1807 3063 1862 gerens,
3096 1795 3153 1846 et
3184 1792 3309 1861 jam
3345 1791 3478 1847 latis
3509 1791 3737 1863 legibus
3780 1810 3923 1865 rege:

2372 1880 2697 1951 permansit
2728 1879 3194 1936 diutissime.Hic
3225 1886 3419 1935 autem
3441 1881 3777 1939 Theodotus
3808 1901 3875 1939 ex
3904 1892 3924 1937 Α

2374 1966 3025 2033 meniaoriundus,cum
3041 1968 3472 2024 exercitationis
3496 1972 3827 2026 monasticm
3847 1972 3924 2026 illi

2371 2056 2615 2112 vidisset
2643 2056 2929 2121 ordinem,
2962 2056 3215 2127 primum
3249 2059 3489 2128 quidem
3521 2065 3644 2115 erat
3669 2061 3724 2115 in
3768 2080 3924 2117 nume

2374 2160 2574 2201 eorum
2606 2145 2705 2214 qui
2737 2160 2949 2216 magno
2973 2146 3255 2215 parebant
3276 2147 3626 2217 gubernanti
3660 2150 3924 2206 Theotecx

2376 2236 2683 2303 postquam
2715 2238 2932 2300 autem,
2966 2233 3183 2304 utdixi,
3216 2234 3311 2289 ille
3333 2236 3572 2307 quidem
3594 2240 3860 2311 excessit,
3886 2241 3923 2311 i1

2374 2338 2507 2377 vero
2531 2321 2753 2392 accepit
2776 2323 3207 2393 praefecturam,
3231 2341 3359 2378 eam
3392 2330 3477 2380 tot
3499 2326 3667 2382 bonis
3689 2344 3924 2383 exornat

2378 2417 2441 2465 ut
2455 2410 2609 2465 fama
2621 2428 2727 2466 sua
2741 2410 2959 2482 priores
2975 2414 3286 2484 prepemod
3298 2430 3394 2467 um
3408 2414 3852 2474 obscurarit.Sic
3867 2436 3924 2474 et:

2379 2516 2514 2554 eum
2547 2500 2809 2555 divinum
2845 2500 3038 2556 affecit
3068 2501 3445 2571 desiderium,
3478 2511 3821 2574 eumquetot
3851 2513 3905 2563 et

2379 2588 2537 2644 libus
2574 2589 2969 2645 consauciavit
2994 2591 3226 2661 iaculis,
3259 2598 3325 2646 ut
3352 2597 3527 2648 noctu
3560 2600 3616 2649 et
3648 2595 3895 2651 interdiu

2386 2681 2659 2736 funderet
2692 2681 2978 2753 lacrymas
3010 2684 3498 2753 compunctionis.
3525 2689 3657 2740 Erat
3686 2692 3881 2743 autem
3906 2707 3924 2743 ε

2383 2768 2535 2828 ritali
2570 2772 2732 2824 tanta
2766 2770 2973 2841 plenus
3004 2772 3211 2841 gratia,
3249 2775 3311 2827 ut
3366 2789 3432 2828 eo
3464 2774 3700 2844 quidem
3733 2793 3923 2847 precax

2384 2859 2626 2915 silerent
2656 2861 2896 2931 quidem
2937 2878 3141 2917 omnes
3173 2863 3269 2932 qui
3304 2865 3566 2935 aderant,
3600 2866 3792 2922 solum
3826 2875 3921 2924 aut

2385 2948 2485 3003 illa
2498 2966 2664 3005 sacra
2678 2950 2851 3005 verba
2866 2950 3323 3020 audirent,illam
3342 2954 3702 3010 auditionem
3732 2956 3924 3027 planet

2387 3036 2806 3093 centesbonam
2839 3038 3253 3108 precationem.
3281 3041 3422 3104 Quis
3455 3043 3610 3097 enim
3632 3043 3843 3100 fuisset
3883 3064 3921 3101 at

2309 3114 2349 3180 C
2389 3125 2828 3193 adamantinus,
2850 3126 3043 3182 utillis
3064 3129 3257 3185 verbis
3282 3134 3402 3184 tam
3430 3131 3725 3188 sincereet
3748 3148 3922 3204 germs

2387 3213 2652 3283 prolatis,
2687 3232 2800 3269 non
2833 3216 3264 3272 demulceretur
3293 3221 3511 3287 anima,
3558 3220 3833 3292 illiusque
3864 3225 3922 3279 dt

2381 3302 2522 3358 tiam
2556 3303 3409 3374 emolliretetinobedientiam,
3438 3312 3493 3363 et
3527 3310 3595 3363 ad
3624 3314 3735 3366 Deo
3770 3316 3917 3367 servi

2389 3392 2531 3446 dum
2563 3393 2891 3449 traduceret
2919 3394 3104 3449 ?Cum
3137 3396 3219 3450 sic
3251 3412 3389 3467 opes
3409 3405 3645 3468 augeret
3667 3402 3922 3471 quotidie

2390 3496 2587 3535 sacros
2618 3482 2945 3536 ostenderet
2991 3481 3299 3539 thesauros
3338 3484 3555 3541 talibus
3595 3487 3769 3543 bonis
3801 3491 3919 3560 pler

2392 3576 2704 3639 postquam
2736 3569 2940 3641 viginti
2971 3570 3235 3643 quinque
3266 3573 3436 3627 annis
3469 3590 3703 3646 gregem
3753 3581 3915 3648 pavis

2393 3658 2657 3726 adjectus
2680 3663 2767 3713 est
2798 3659 2866 3713 ad
2901 3664 3098 3729 patres
3121 3671 3351 3727 suos,ut
3381 3663 3579 3719 divina
3602 3665 3742 3720 dicit
3771 3668 3920 3740 Scri;

2394 3763 2466 3800 ne
2509 3749 2662 3813 (Gen.
2696 3748 2811 3816 xv),
2860 3748 2916 3802 in
2961 3748 3113 3804 bona
3161 3751 3411 3806 eductus
3445 3757 3766 3825 senectute,
3802 3758 3920 3812 traC

2392 3834 2639 3890 habenis
2668 3835 3014 3904 Theotecno,
3038 3839 3138 3909 qui
3171 3844 3296 3895 erat
3329 3841 3564 3912 quidem
3597 3860 3809 3915 genere
3842 3847 3920 3901 fra

2393 3923 2568 3992 ﬁlius,
2602 3924 2776 3981 frater
2808 3934 3003 3982 autem
3038 3929 3322 3984 moribus.

2463 4032 2590 4087 lam
2623 4049 2755 4087 vero
2787 4034 3019 4089 divinus
3052 4052 3283 4107 quoque
3314 4038 3708 4109 Aphthomus,
3730 4056 3869 4097 cum
3906 4059 3918 4113 ι

2394 4137 2568 4191 quam
2604 4122 3006 4193 quadragenta
3040 4125 3211 4178 annis
3243 4125 3420 4180 choro
3458 4127 3807 4197 praefuisset,
3842 4148 3917 4185 884

2394 4209 2617 4281 accepit
2648 4210 3039 4280 pontiﬁcalem
3074 4228 3089 4267 ς
3123 4228 3225 4267 nec
3246 4213 3501 4270 cilicium
3518 4220 3751 4274 mutans
3766 4236 3918 4275 monz

2395 4300 3292 4365 cum,nectunicamcontextam
3327 4319 3393 4357 ex
3426 4304 3681 4374 pellibus
3705 4324 3917 4379 caprar

2394 4386 2602 4443 iisdem
2629 4404 2863 4459 quoque
2887 4390 3037 4445 cibis
3068 4392 3435 4464 vescebatur,
3470 4396 3689 4465 quibus
3722 4403 3916 4469 antqu

644 4488 1717 4563 aliqui,supplicaruntutipsiquoque
1748 4492 1806 4546 in
1840 4508 2037 4548 eorum
2056 4508 2271 4563 gregen

2400 4478 2561 4532 fieret
2592 4480 2854 4533 antistes.
2889 4479 3035 4542 Quin
3067 4481 3241 4536 etiam
3262 4485 3528 4552 quamvis
3551 4484 3700 4540 hanc
3725 4490 3916 4559 accepi

644 4577 1116 4643 admitterentur,
1149 4587 1205 4635 et
1234 4588 1431 4636 essent
1460 4583 1589 4653 ejus
1616 4583 2079 4637 sacraadoctrinaa
2115 4583 2291 4653 parti-

644 4664 824 4735 cipes.
858 4668 1154 4723 Concessit
1175 4674 1369 4723 autem
1404 4671 1554 4741 quod
1583 4671 1980 4741 postulabant,
2009 4670 2156 4742 legis
2171 4688 2290 4727 me-

646 4771 775 4810 mor
805 4756 1297 4829 dominicznquam
1313 4760 1533 4814 sanctis
1556 4759 1689 4814 tulit
1719 4760 2017 4829 apostolis,
2060 4760 2289 4818 dicens:

647 4848 872 4898 Euntes
896 4845 1102 4900 docere
1135 4863 1339 4901 omnes
1372 4852 1578 4917 gentes
1607 4848 2043 4917 (Matt/imum).
2065 4850 2289 4906 Etcum

638 4931 810 5001 juxta
826 4932 970 4987 illud
997 4932 1395 4989 habitaculum
1412 4935 1759 4991 :edificasset
1774 4934 2288 5008 alterum,eosjus-

648 5020 858 5075 sitillic
873 5022 1309 5093 degere,divino
1325 5024 1575 5092 quodam
1610 5025 1829 5096 templo
1861 5030 2287 5092 constructo,in

646 5109 799 5179 quod
826 5110 1008 5179 jussit
1034 5116 1090 5165 et
1122 5111 1228 5167 hos
1256 5117 1309 5167 et
1333 5111 1464 5167 illos
1487 5113 1816 5183 convenire,
1851 5114 2164 5187 incipiente
2197 5118 2289 5173 die

645 5202 701 5252 et
730 5200 1070 5256 desinente:
1106 5204 1556 5273 utvespertinos
1598 5210 1653 5259 et
1686 5206 2004 5263 matutinos
2036 5207 2287 5280 hymnos

598 5284 611 5313 ‘
644 5286 759 5343 Deo
783 5289 961 5343 simul
982 5291 1341 5360 otferrent,in
1377 5294 1523 5347 duas
1548 5294 1786 5363 quidem
1813 5296 1981 5350 divisi
2008 5302 2286 5367 partes,et

642 5376 857 5447 singuli
890 5395 997 5434 sua
1019 5396 1155 5435 voce
1187 5386 1511 5450 utentes,ex
1542 5383 1915 5440 successione
1938 5390 2133 5441 autem
2150 5404 2283 5442 can-

639 5464 818 5521 ticum
853 5468 1206 5524 emittentes.
1241 5468 1571 5526 Permansit
1600 5476 1795 5528 autem
1841 5473 1899 5528 in
1932 5473 2283 5533 hodiernum

639 5570 825 5629 usque
857 5556 1013 5613 diem
1050 5557 1237 5615 forma
1258 5560 1384 5631 ejus
1416 5560 1699 5630 instituti,
1732 5566 1789 5618 et
1811 5578 1998 5634 neque
2028 5568 2282 5638 tempus,

2404 4568 2764 4622 curationem
2777 4568 2979 4632 ,nihilo
2994 4570 3183 4625 secius
3197 4587 3395 4625 curam
3410 4573 3645 4642 gerebat
3658 4574 3817 4630 illius
3830 4594 3915 4646 grt

2403 4656 2521 4711 illic
2538 4656 2756 4712 multos
2771 4656 2894 4713 dies
2908 4664 3232 4714 versanszet
3246 4676 3400 4713 nunc
3424 4661 3663 4731 quidem
3684 4680 3915 4734 compox

2403 4746 2751 4802 eorumlites
2766 4748 2867 4817 qui
2897 4746 3049 4803 inter
3070 4764 3131 4803 se
3163 4750 3597 4819 depugnabant,
3622 4769 3781 4807 nunc
3813 4771 3914 4809 ver

2401 4833 2826 4905 consulensqui
2852 4836 3429 4907 erantaliquaalfecti
3446 4839 3664 4909 injuria
3689 4857 3701 4894 :
3722 4842 3914 4913 aliqua

2402 4932 2595 4979 autem
2628 4923 2930 4979 sodalibus
2963 4925 3218 4980 divinam
3236 4927 3539 4999 porrigens
3557 4931 3913 4989 admonitior

2401 5014 2670 5070 Faciebat
2699 5019 2894 5068 autem
2939 5016 3405 5087 unumquodque
3456 5018 3689 5087 horum,
3724 5021 3813 5076 vel
3846 5039 3913 5078 co

2396 5103 2726 5159 bernalium
2768 5102 3001 5157 interim
3052 5120 3276 5173 pannos
3327 5121 3643 5175 consuens,
3687 5112 3776 5166 vel
3831 5112 3914 5167 len

2398 5208 2752 5263 expurgans,
2812 5190 2901 5246 vel
2958 5191 3319 5248 frumentum
3381 5196 3648 5265 abluens,
3682 5200 3769 5254 vel
3822 5200 3912 5255 alio

2398 5286 2656 5337 tractans
2688 5296 2756 5335 ex
2776 5280 2849 5334 iis
2872 5296 2999 5351 quae
3024 5286 3161 5335 sunt
3184 5281 3706 5353 hujusmodi.Cum
3732 5289 3818 5343 sic
3851 5306 3911 5345 at

2397 5376 2453 5425 et
2485 5368 2889 5441 pontiﬁcatum
2922 5374 3211 5437 ornasset,
3255 5375 3311 5425 et
3341 5374 3611 5428 virtutem
3662 5376 3912 5434 auxisset

2396 5459 2659 5515 divinum
2695 5462 2928 5529 portum
2962 5461 3226 5530 pervenit
3254 5478 3389 5516 cum
3424 5462 3550 5517 suis
3582 5465 3890 5524 oneribus.

2466 5571 2533 5623 Et
2564 5566 2706 5639 quid
2741 5570 2993 5636 opusest
3026 5568 3299 5625 dicerede
3330 5567 3912 5646 Theotecno,etquiil
