4122 6188
214 300 276 357 ις
1332 296 1809 366 PHILOTHEUS,
1851 310 1975 351 SIVE
2014 300 2488 357 THEOPHILBS.
3549 306 3623 361 50

836 418 1067 476 CAPUT
1102 419 1227 475 VII.

778 525 1090 564 PALLAIHUS
1156 508 1288 579 (30).

277 603 383 671 Qui
406 607 609 657 autem
640 600 968 656 multorum
995 616 1263 655 sermone
1286 599 1614 656 celebratus
1631 605 1719 657 est
1738 601 1861 657 Pal-

216 693 392 751 ladius
424 691 751 761 (Theodon,
788 691 1126 745 lib.v1Hist.
1150 708 1269 761 cap.
1293 690 1409 756 26),
1431 694 1489 745 et
1528 694 1788 762 tempore
1810 692 1860 745 ei

213 784 311 840 fuit
334 781 493 837 818
530 779 799 850 aequalis,
824 784 882 834 et
918 780 1183 835 moribus
1213 780 1449 845 similis,
1481 783 1776 851 notusque
1807 785 1863 835 et

212 870 631 929 familiaris.Ad
663 886 724 925 se
750 869 1002 936 enim,ut
1024 868 1462 937 aiunt,invicem
1485 869 1859 933 ventitantes,

212 978 350 1016 exse
387 959 652 1013 invicem
698 957 1012 1029 capiebant
1034 956 1366 1023 utilitatem,
1396 973 1456 1011 se
1489 961 1694 1012 mutuo
1726 974 1859 1028 pro-

214 1052 566 1117 vocantes,et
586 1048 661 1103 ad
688 1047 879 1103 zelum
905 1047 1007 1102 Dei
1032 1045 1643 1101 ineitantes.lnclusus
1664 1051 1860 1102 autem

214 1140 406 1195 eratin
435 1138 703 1207 quadam
723 1134 1239 1206 domuncula,quaa
1251 1139 1376 1190 erat
1394 1134 1861 1207 propinquavico

217 1228 462 1283 maxime
481 1231 544 1281 et
560 1225 779 1298 pepulo
797 1224 969 1296 longe
986 1224 1434 1296 fequentissimo
1451 1241 1463 1277 ε
1479 1230 1569 1281 est
1592 1228 1787 1279 autem
1811 1223 1863 1278 ei

211 1332 409 1373 nomen
445 1316 685 1369 Iemme
738 1314 935 1386 [Long.
962 1313 1187 1383 Imme].
1235 1318 1315 1368 Ac
1344 1314 1416 1367 de
1444 1313 1702 1368 maxima
1732 1311 1860 1383 qui-

211 1406 332 1461 dem
355 1404 467 1462 viri
492 1421 533 1460 a
558 1404 691 1459 cibo
714 1402 1071 1459 abstinentia
1092 1419 1194 1458 seu
1212 1402 1441 1474 jejunio
1464 1406 1523 1457 et
1542 1401 1759 1469 inedia,
1777 1400 1860 1454 vi-

211 1495 479 1569 giliaque,
501 1496 565 1547 et
587 1492 856 1548 oratione
877 1497 1180 1563 perpetua,
1211 1492 1402 1547 dicere
1423 1490 1691 1546 existimo
1736 1505 1864 1545 esse

214 1582 820 1655 snpervacaneum.ln
836 1582 927 1637 his
941 1582 1095 1636 enim
1111 1582 1266 1636 idem
1285 1581 1687 1652 traxitjugum
1708 1581 1863 1651 quod

217 1674 411 1729 beatus
439 1672 713 1727 Simeon.
751 1670 1098 1727 Miraculum
1124 1674 1319 1725 autem
1354 1671 1509 1741 quod
1540 1671 1598 1725 in
1632 1670 1864 1725 hodier-

214 1780 343 1819 num
376 1779 579 1834 usque
612 1762 771 1818 diem
802 1763 1168 1828 deeantatur,
1212 1762 1284 1817 ab
1315 1760 1473 1816 illius
1504 1764 1698 1816 autem
1727 1775 1867 1815 voce
1897 1788 1944 1852 Β

211 1858 260 1908 et
286 1868 466 1907 manu
507 1853 743 1907 factum
776 1856 888 1920 est,
910 1850 1233 1907 existimavi
1264 1851 1312 1905 si
1347 1867 1645 1906 narrarem
1680 1851 1863 1905 factu-

217 1959 334 1996 rum
367 1958 463 1997 me
497 1958 693 2013 operae
724 1941 1003 2012 pretium.

276 2032 334 2086 In
365 2031 659 2102 praedicto
682 2031 808 2085 vico
854 2030 917 2084 fit
944 2029 1359 2085 celeberrimus
1392 2034 1730 2097 conventus,
1765 2029 1866 2101 qui

218 2122 471 2192 undique
504 2120 763 2175 attrahit
783 2124 1225 2185 mercatores,et
1246 2120 1520 2189 majorem
1538 2119 1865 2173 multitudi-

214 2227 331 2266 nem
358 2226 545 2283 quam
562 2227 691 2282 quae
713 2210 902 2281 possit
926 2210 1245 2265 numerari.
1268 2209 1331 2265 In
1354 2226 1419 2265 eo
1442 2210 1682 2282 quidam
1711 2226 1864 2265 mer-

215 2300 463 2370 cator,iis
490 2316 628 2371 quae
645 2299 922 2355 attulerat
934 2299 1206 2365 venditis,
1223 2302 1280 2354 et
1300 2316 1441 2354 auro
1460 2303 1864 2365 coacto,noctu

212 2389 429 2445 volebat
464 2389 769 2444 recedere.
805 2389 1055 2453 Quidam
1085 2392 1274 2443 autem
1299 2387 1614 2459 homicida,
1640 2389 1737 2459 qui
1761 2406 1864 2443 au-

216 2496 336 2533 rum
359 2478 489 2533 illic
517 2477 833 2533 collectum
857 2481 1186 2548 aspexerat,
1214 2481 1387 2532 (nstro
1412 2477 1668 2549 quodam
1690 2482 1747 2533 et
1774 2480 1866 2532 fu-

212 2569 644 2639 rorepercitus,
670 2583 946 2623 somnum
994 2566 1229 2637 quidem
1260 2584 1291 2621 a
1313 2566 1464 2622 ciliis
1483 2566 1727 2638 depulit,
1760 2568 1865 2623 ob-

210 2657 475 2713 servabat
511 2661 713 2713 autem
745 2656 982 2727 quando
1028 2655 1116 2710 vir
1154 2654 1251 2711 ille
1290 2660 1444 2711 esset
1477 2656 1861 2727 profecturus.

212 2752 336 2802 Post
355 2746 508 2819 galli
535 2750 732 2801 autem
756 2744 1120 2811 cantum,ille
1133 2746 1371 2816 quidem
1386 2746 1586 2800 abibat
1600 2762 1860 2801 securus:

210 2837 293 2891 hic
314 2840 525 2891 autem
547 2835 933 2907 praeveniens,
951 2850 1081 2889 cum
1107 2836 1418 2905 quemdam
1444 2832 1636 2890 locum
1659 2839 1860 2905 aptum

209 2926 430 2980 insidiis
455 2928 835 2995 occupasset,
875 2927 1109 2995 repente
1129 2924 1532 2987 adortus,eum
1556 2928 1612 2978 et
1634 2938 1863 2993 percuso

208 3016 340 3070 sitet
355 3015 588 3069 caedem
609 3013 1132 3068 fecit.Exsecrando
1147 3016 1341 3067 autem
1358 3013 1599 3067 facinori
1614 3012 1861 3084 impium

208 3120 425 3175 quoque
449 3102 621 3157 aliud
645 3102 865 3157 factum
890 3102 1119 3171 adjicit;
1141 3118 1274 3157 nam
1297 3118 1431 3156 cum
1450 3117 1657 3156 aurum
1681 3102 1863 3173 cepis-

207 3160 302 3257 set,
326 3160 643 3245 mortuum
666 3187 812 3243 illud
841 3160 1310 3260 corpusprojecit
1330 3189 1400 3243 ad
1430 3189 1644 3243 ostium
1679 3160 1862 3245 Palla-
1894 3160 1935 3226 C

206 3280 465 3334 dii.Cum
495 3283 701 3333 autem
726 3277 852 3333 dies
873 3278 1149 3346 venisset,
1165 3282 1220 3333 et
1241 3279 1394 3333 fama
1421 3279 1861 3348 pervasisset,et

208 3374 355 3423 totus
379 3368 709 3424 hominum
748 3372 1067 3423 conventus
1105 3369 1174 3422 de
1209 3384 1274 3421 eo
1311 3368 1466 3438 quod
1495 3369 1714 3422 factum
1737 3372 1861 3423 erat

209 3459 414 3528 passim
452 3457 825 3527 loqueretur,
850 3460 1274 3511 concurrerunt
1296 3472 1520 3525 omnes,
1550 3462 1608 3512 et
1628 3457 1860 3513 etl‘raeto

210 3547 371 3615 ostio,
399 3546 590 3602 caedis
612 3546 776 3600 factas
800 3561 1031 3616 poenam
1055 3545 1285 3617 exigere
1320 3545 1590 3600 volebant
1613 3564 1645 3601 a
1667 3547 1860 3602 divino

210 3635 457 3691 Palladio
489 3653 505 3689 :
538 3651 694 3689 unus
719 3641 915 3689 autem
938 3651 1007 3689 ex
1029 3634 1100 3689 iis
1123 3634 1222 3705 qui
1262 3634 1368 3690 hoc
1407 3635 1716 3703 faciebant,
1742 3640 1862 3691 erat

212 3727 255 3780 is
275 3728 371 3797 qui
395 3744 515 3781 sua
536 3742 721 3780 manu
746 3726 961 3780 caedem
988 3726 1217 3781 fecerat.
1251 3725 1393 3779 Cum
1430 3741 1562 3795 ergo
1600 3727 1689 3780 vir
1719 3726 1862 3782 divi-

217 3833 314 3870 nus
332 3817 493 3872 circu
508 3814 868 3870 msideretur
884 3831 917 3869 a
934 3818 1098 3869 tanta
1116 3814 1512 3882 multitudine,
1538 3815 1747 3870 ecelum
1772 3816 1859 3870 in-

219 3908 463 3971 tuens,et
483 3908 687 3960 mente
708 3904 918 3959 caelum
943 3904 1863 3976 superans,supplicavitDomino

221 4002 275 4049 ut
292 3994 616 4050 calumniae
645 3994 1017 4049 mendacium
1032 3992 1403 4061 refelleret,et
1419 3994 1716 4049 veritatem
1738 4010 1864 4064 qua":

222 4083 429 4139 latebat
456 4083 818 4139 ostenderet.
846 4086 986 4137 Cum
1011 4081 1093 4137 sic
1122 4086 1364 4149 orasset,
1389 4086 1445 4137 et
1469 4083 1721 4153 jacentis
1744 4099 1865 4136 ma—

224 4190 346 4228 num
384 4172 830 4245 prehendisset,
875 4172 992 4237 Dic,
1034 4172 1246 4242 inquit,
1282 4188 1312 4225 o
1346 4172 1704 4241 adolescens,
1738 4172 1867 4241 quis

222 4263 358 4317 hanc
394 4262 509 4318 tibi
542 4261 779 4333 plagam
802 4260 1067 4316 intulerit
1095 4278 1107 4315 :
1137 4263 1379 4317 ostende
1406 4261 1539 4332 quis
1568 4262 1676 4316 hoc
1708 4278 1867 4316 exse-

221 4354 508 4407 crandum
531 4351 760 4405 facinus
783 4350 1105 4417 admiserit,
1127 4354 1183 4405 et
1204 4349 1386 4405 libera
1406 4350 1772 4406 innocentem
1796 4351 1869 4405 ab

220 4441 410 4496 bacim
422 4440 617 4513 proba
639 4439 1514 4511 calumnia.Sermonem;autem
1536 4455 1726 4495 sermo
1746 4440 1871 4511 qui-

1880 424 1934 487 Α
1965 425 2253 492 ratomon,
2287 426 2520 482 virtutis
2547 430 2744 482 autem
2778 425 3119 497 splendores
3142 428 3200 484 in
3229 445 3463 485 omnem
3491 448 3623 503 par-

1968 514 2087 567 tem
2112 514 2327 570 emisit.
2353 516 2537 579 Quam
2562 516 2720 571 clara
2763 523 2958 571 autem
2990 517 3164 572 fuerit
3185 518 3309 587 ejus
3330 518 3468 587 vita,
3502 524 3617 576 tes-

1969 605 2171 656 tantur
2193 619 2320 674 quas
2341 609 2471 675 post
2496 605 2625 673 ejus
2642 608 2887 659 mortem
2912 606 3060 659 fiunt
3078 606 3472 662 miracula.Ex
3489 609 3623 679 ejus

1970 691 2237 763 sepulcro
2262 692 2320 747 in
2340 694 2687 748 hodiernum
2704 708 2893 765 usque
2908 693 3061 749 diem
3083 697 3414 751 seaturiunt
3433 697 3624 753 omnis

1969 782 2200 851 generis
2225 784 2563 837 morborum
2590 783 3148 854 curationes.Hujus
3170 788 3360 839 autem
3386 792 3525 842 sunt
3545 786 3622 842 lo-

1970 869 2233 940 cupietes
2258 876 2459 941 testes,
2476 873 2575 942 qui
2592 888 2688 927 eas
2711 872 2945 927 abunde
2972 872 3133 927 illinc
3152 889 3253 944 per
3280 874 3452 928 fidem
3476 874 3622 929 hau-

1972 957 2301 1014 riunt.Mihi
2327 964 2523 1014 autem
2553 976 2786 1031 quoque
2816 961 2989 1015 detur
3011 962 3291 1032 consequi
3314 960 3619 1031 auxilium,

1972 1048 2073 1119 qui
2104 1063 2303 1103 eorum
2334 1049 2617 1104 memoria
2647 1048 2904 1119 linguam
2941 1050 3323 1106 sanctiﬁeavi.

2590 1137 2820 1193 CAPUT
2846 1138 2996 1194 VlIl.

2528 1245 2850 1283 APHRAATES
2912 1229 3046 1299 (32).

2045 1316 2206 1380 Quod
2235 1333 2353 1371 una
2374 1316 2449 1372 sit
2467 1318 2731 1372 omnium
2758 1318 3065 1372 hominum
3095 1321 3324 1387 natura,
3350 1324 3407 1375 et
3430 1320 3622 1391 philo-

1974 1404 2207 1477 sophari
2250 1406 2329 1460 sit
2381 1405 2549 1461 facile
2586 1406 2939 1477 volentibus,
2972 1407 3091 1463 sive
3116 1408 3234 1463 sint
3265 1409 3466 1479 Graeci,
3504 1410 3626 1465 sive

1976 1492 2306 1564 barbari,ex
2326 1494 2530 1550 multis
2544 1511 2777 1567 quoque
2795 1495 2925 1550 aliis
2948 1495 3097 1552 scire
3116 1501 3205 1552 est
3226 1498 3284 1552 in
3315 1502 3620 1569 promptu:

1976 1584 2047 1637 ad
2071 1582 2180 1639 hoc
2200 1588 2394 1639 autem
2435 1590 2631 1655 aperte
2654 1586 3086 1641 ostendendum
3110 1584 3328 1642 sufﬁcit
3350 1587 3437 1643 vel
3460 1588 3620 1644 solus

1974 1673 2301 1743 Apbraates
2342 1674 2649 1742 (Theodor.,
2682 1675 3045 1742 lib.1v-Ilist.,
3082 1692 3201 1747 cap.
3223 1678 3335 1745 24).
3371 1677 3428 1733 Is
3459 1678 3618 1733 enim

1975 1762 2033 1817 in
2054 1762 2373 1833 Persis,qui
2397 1768 2534 1819 sunt
2552 1764 3015 1835 injustissimi,et
3038 1769 3211 1821 natus
3233 1769 3290 1821 et
3310 1767 3617 1837 educatus,

1976 1855 2033 1906 et
2061 1856 2221 1906 ortus
2262 1869 2328 1907 ex
2352 1852 2566 1907 talibus
2602 1853 2965 1924 parentibus,
2988 1857 3044 1910 et
3066 1855 3125 1909 in
3158 1872 3357 1911 eorum
3393 1855 3622 1928 legibus

1974 1940 2308 2008 institutus,
2343 1942 2413 1995 ad
2445 1945 2671 1996 tantam
2705 1943 2967 2013 pervenit
2988 1942 3263 1999 virtutem
3298 1950 3362 2000 ut
3390 1962 3490 2001 eos
3519 1946 3619 2016 qui

1976 2046 2042 2085 ex
2065 2030 2179 2101 piis
2215 2029 2335 2084 nati
2359 2031 2611 2096 fuerant,
2639 2035 2695 2084 et
2717 2031 2870 2102 piam
2911 2032 3236 2088 doctrinam
3278 2035 3349 2089 ab
3382 2034 3621 2089 ineunte

1974 2124 2141 2175 astate
2171 2124 2532 2190 acceperant,
2566 2120 2984 2175 obseuraverit.
3016 2122 3276 2176 Primum
3301 2123 3457 2178 enim
3482 2140 3617 2178 con-

1974 2214 2195 2281 tempto
2228 2225 2437 2281 genere
2456 2210 2603 2280 (erat
2624 2214 2819 2265 autem
2844 2210 2899 2264 id
2925 2209 3087 2265 claru
3104 2228 3157 2265 m
3182 2216 3235 2266 et
3252 2211 3503 2283 illustre)
3525 2229 3619 2267 ac—

1975 2298 2157 2353 currit
2183 2298 2249 2351 ad
2262 2296 2576 2352 Dominum
2605 2297 3247 2369 adorandum,majores
3271 2316 3411 2355 suos
3431 2300 3621 2356 imita-

1974 2392 2071 2443 tur
2093 2386 2535 2457 magos,deinde
2558 2386 2649 2441 sui
2672 2386 2902 2458 generis
2924 2386 3233 2442 hominum
3256 2388 3616 2459 impietatem

1976 2478 2512 2544 abominatus,'suae
2529 2476 2782 2549 praetulit
2799 2476 3051 2533 alienam
3067 2477 3362 2549 regionem
3389 2480 3479 2535 .Et
3492 2496 3621 2535 cum

1972 2567 2228 2622 venisset
2249 2567 2531 2621 Edessam
2564 2568 2678 2635 (est
2710 2571 2904 2621 autem
2930 2566 3134 2622 civitas
3169 2568 3419 2623 maxima
3439 2573 3497 2624 et
3516 2585 3616 2639 po-

1974 2655 2111 2728 pulo
2134 2654 2600 2727 fequentissima,
2642 2658 2698 2710 et
2726 2672 2852 2725 quae
2876 2655 3091 2727 pietate
3113 2656 3420 2728 insigniter
3454 2672 3617 2713 exor-

1972 2746 2192 2815 natur),
2239 2760 2371 2798 eum
2398 2748 2558 2798 extra
2580 2744 2708 2811 ejus
2726 2743 2983 2799 ambitus
3022 2744 3341 2801 invenisset
3366 2746 3617 2802 domunv

1973 2834 2189 2897 culam,
2216 2836 2271 2889 et
2315 2831 2455 2887 sein
2477 2848 2545 2887 ea
2586 2831 2950 2898 inclusisset,
2980 2850 3100 2888 suae
3138 2850 3339 2889 curam
3381 2835 3621 2906 gerebat

1971 2923 2205 2987 animae,
2233 2921 2408 2977 veluti
2452 2920 2692 2992 quidam
2740 2923 2999 2993 optimus
3037 2923 3318 2994 agricola,
3344 2924 3620 2980 vitiorum

1972 3012 2175 3084 spinas
2197 3010 2545 3067 exscindens
2587 3011 2886 3071 radicitus.
2921 3016 2978 3066 et
3001 3012 3263 3069 divinam
3290 3029 3623 3085 expurgans

1972 3107 2253 3173 segetem,
2278 3106 2335 3156 et
2361 3108 2625 3155 maturos
2656 3101 2948 3170 Evangelii
2974 3102 3199 3158 fructus
3233 3103 3490 3158 offerens
3517 3108 3623 3158 Do-

1969 3191 2150 3246 mino.
2178 3189 2341 3245 Illinc
2364 3189 2523 3244 venit
2544 3189 3075 3261 Antiochiam,qua:
3103 3191 3173 3245 ab
3196 3191 3467 3247 haeretica
3489 3208 3620 3263 pro-

1969 3279 2114 3335 cella
2136 3278 2388 3351 graviter
2427 3277 2983 3344 circumsidebatur,
3023 3280 3123 3333 ubi
3157 3296 3289 3334 cum
3313 3284 3447 3335 ante
3476 3280 3618 3335 civi-

1970 3369 2227 3425 tatemin
2253 3368 2547 3439 quoddam
2594 3366 2976 3438 philosophia:
3016 3369 3387 3438 gymnasium
3426 3370 3616 3425 diver-

1970 3459 2159 3524 tisset,
2214 3461 2271 3513 et
2318 3458 2523 3512 Graecae
2568 3456 2783 3528 lingua:
2835 3473 3021 3528 pauca
3060 3458 3235 3512 verba
3290 3458 3615 3529 didicisset,

1971 3550 2041 3604 ad
2113 3547 2340 3603 divinos
2399 3546 2633 3615 quidem
2692 3562 2993 3602 sermones
3052 3548 3375 3603 audiendos
3438 3548 3618 3605 traxit

1972 3637 2259 3709 plurimos
2292 3652 2305 3689 :
2339 3643 2508 3689 utens
2540 3639 2732 3689 autem
2758 3634 2956 3706 lingua
2988 3636 3255 3691 barbarie
3286 3636 3618 3704 commista,

1974 3727 2125 3780 fetus
2157 3725 2487 3797 proferebat
2520 3722 2737 3796 ingenii
2766 3729 2821 3779 et
2852 3724 3274 3797 intelligentiae,
3325 3742 3393 3780 ex
3431 3726 3618 3797 gratia

1974 3815 2154 3870 divini
2184 3814 2434 3886 Spiritus
2466 3812 2759 3884 accipiens
2794 3813 2913 3868 haec
2936 3815 3175 3870 ﬂuenta.
3202 3815 3339 3882 Quis
3371 3816 3527 3870 enim
3554 3832 3621 3870 ex

1975 3905 2047 3961 iis
2096 3904 2192 3975 qui
2247 3920 2412 3958 suam
2455 3903 2684 3973 jactant
2731 3902 3153 3973 eloquentiam,
3205 3910 3261 3959 et
3309 3904 3624 3977 supercilia

1975 3993 2386 4049 contrahentes
2418 3992 2566 4046 elate
2608 3991 2932 4062 loquuntur
2962 3997 3016 4047 et
3049 3994 3374 4066 magniﬁce,
3404 3999 3460 4049 et
3491 4012 3625 4065 pro-

1977 4088 2101 4154 pter
2132 4081 2610 4154 syllogismorum
2645 4081 2888 4152 laqueos
2922 4082 3264 4152 juveniliter
3306 4083 3622 4151 exsultant,

1978 4172 2272 4226 inerudite
2304 4170 2407 4225 illa
2439 4175 2497 4225 et
2527 4170 2775 4225 barbara
2814 4187 2951 4225 voce
2997 4172 3107 4225 fuit
3156 4188 3415 4242 unquam
3449 4189 3623 4242 supe-

1977 4261 2129 4316 rior?
2162 4259 2730 4314 Ratiocinationibus
2752 4259 2903 4314 819
2932 4260 3089 4315 enim
3130 4260 3621 4325 ratiocinationes,

1979 4354 2036 4406 et
2066 4348 2277 4404 divinis
2324 4348 2570 4419 eloquiis
2604 4348 3090 4420 philosophorum
3140 4349 3408 4404 vincebat
3447 4348 3622 4404 ratio-

1982 4455 2107 4509 nes,
2141 4456 2273 4493 cum
2308 4454 2521 4509 magno
2545 4438 2717 4493 Paulo
2737 4437 3019 4502 clamans,
3039 4440 3147 4493 etsi
3172 4437 3480 4509 imperitus
3502 4455 3624 4493 ser—

224 4535 344 4587 dem
368 4537 467 4587 est
490 4531 1122 4585 consecutus.Dextera
1144 4534 1336 4584 autem
1370 4530 1544 4585 homo
1569 4530 1744 4585 etiam
1779 4547 1867 4585 se-
1903 4534 1945 4597 D
1980 4545 2169 4597 mone,
2204 4545 2319 4582 non
2372 4532 2568 4582 tamen
2602 4526 2845 4582 scientia
2879 4528 2953 4597 (II
2998 4527 3120 4581 Cor.
3150 4534 3248 4597 XI).
3281 4528 3397 4583 Hoc
3427 4532 3623 4583 autem

224 4622 379 4687 dens,
415 4618 933 4691 circumspiciebat
963 4619 1198 4690 quidem
1243 4636 1341 4674 eos
1364 4619 1461 4691 qui
1492 4620 1865 4687 accedebant,

226 4711 398 4783 digito
442 4714 643 4765 autem
694 4709 1037 4764 ostendebat
1077 4709 1429 4764 homicidam
1479 4709 1610 4779 (3t).
1644 4708 1874 4764 Clamor

226 4802 497 4856 sublatus
528 4802 617 4854 est
641 4799 713 4853 ab
746 4799 1044 4865 omnibus,
1078 4801 1135 4853 et
1184 4798 1534 4854 miraculum
1586 4799 1871 4868 stupenti-

235 4890 362 4955 bus,
395 4895 455 4945 et
485 4888 848 4944 calumniam
907 4904 1031 4958 quae
1073 4888 1261 4942 fuerat
1290 4887 1579 4942 intentata
1610 4887 1874 4942 deflenti-

229 4979 359 5034 hus.
393 4981 541 5035 Cum
591 4982 789 5033 autem
834 4975 1004 5031 illum
1050 4976 1396 5032 sceleratum
1456 4978 1778 5045 exuissent,
1818 4980 1875 5031 et

227 5068 489 5138 gladium
536 5068 883 5122 invenerunt
914 5065 1104 5121 adhuc
1136 5070 1441 5121 cruentum
1478 5066 1784 5137 sanguine,
1820 5070 1875 5119 et

230 5172 438 5212 aurum
476 5156 621 5210 illud
652 5156 807 5226 quod
848 5155 1021 5209 caedis
1062 5171 1298 5211 causam
1342 5156 1600 5210 dederat.
1636 5155 1873 5209 Divinus

227 5252 428 5301 autem
477 5245 775 5301 Palladius
832 5261 967 5299 cum
1020 5244 1183 5316 prius
1232 5244 1440 5299 fuisset
1488 5244 1871 5308 admirabilis,

234 5335 367 5391 hinc
399 5336 612 5391 merito
646 5334 830 5390 evasit
862 5334 1033 5406 longe
1079 5334 1497 5389 admirabilior.
1534 5334 1875 5389 Sufticiebat

228 5427 385 5481 enim
419 5424 767 5481 miraculum
803 5425 873 5480 ad
907 5423 1013 5479 viri
1044 5425 1465 5480 ostendendam
1499 5425 1652 5495 apud
1688 5430 1869 5479 Deum

232 5515 525 5570 ﬁduciam.
913 5558 918 5562 .

301 5605 601 5660 Exeodem
629 5608 826 5659 autem
853 5603 1053 5657 ordine
1085 5604 1195 5658 fuit
1224 5604 1398 5659 etiam
1438 5604 1741 5657 Abraames
1775 5603 1873 5657 ad-

235 5692 544 5764 mirabilis,
560 5694 661 5765 qui
685 5692 988 5749 aedificavit
1007 5692 1242 5764 quidem
1268 5693 1323 5748 id
1344 5692 1496 5763 quod
1523 5696 1758 5747 vocatur
1772 5692 1873 5747 Pa-

1981 4619 2152 4673 modo
2202 4624 2477 4689 perpetuo
2510 4632 2576 4671 ex
2605 4615 2868 4687 Apostoli
2920 4616 3214 4672 sententia
3264 4618 3627 4689 deprimebat

1983 4708 2259 4775 rationes,
2284 4712 2341 4761 et
2380 4722 2608 4761 omnem
2645 4706 3014 4761 altitudinem
3043 4724 3171 4778 quae
3199 4706 3495 4763 extollitur
3521 4709 3625 4762 ad-

1982 4813 2185 4851 versus
2223 4796 2316 4850 Dei
2349 4796 2761 4865 cognitionem,
2795 4800 2852 4850 et
2896 4796 3224 4867 captivabat
3270 4813 3502 4852 omnem
3535 4797 3624 4851 in-

1982 4884 2370 4956 telligentiam
2404 4886 2473 4939 ad
2505 4884 2715 4941 Christi
2750 4884 3138 4939 obedientiam
3170 4886 3241 4956 (II
3276 4886 3395 4941 Cor.
3420 4886 3498 4957 x).
3534 4886 3623 4939 Li-

1983 4975 2149 5030 cebat
2180 4978 2373 5029 autem
2422 4974 2615 5028 videre
2647 4978 3060 5028 concurrentes
3090 4990 3188 5028 eos
3220 4974 3318 5044 qui
3351 4974 3630 5046 gerebant

1987 5063 2389 5134 magistratus,
2423 5066 2479 5116 et
2522 5062 2621 5132 qui
2653 5066 2819 5117 erant
2850 5062 3015 5117 relati
3048 5063 3105 5116 in
3139 5062 3365 5134 aliquos
3410 5063 3625 5118 militia:

1988 5168 2285 5217 numeros,
2318 5168 2533 5221 eosque
2561 5151 2657 5222 qui
2692 5168 2869 5206 manu
2916 5152 3026 5206 sibi
3066 5152 3283 5207 victum
3316 5167 3624 5225 compara-

1987 5245 2157 5307 bant;
2183 5246 2238 5296 et
2266 5246 2326 5295 ut
2358 5240 2536 5295 semel
2563 5241 2777 5303 dicam,
2825 5245 2879 5295 et
2923 5242 3179 5312 privatos
3223 5246 3279 5296 et
3315 5242 3550 5307 milites,
3574 5252 3627 5297 et

1986 5334 2209 5395 doctos,
2245 5335 2299 5386 et
2323 5330 2653 5386 litterarum
2678 5331 2871 5397 rudes,
2898 5337 2954 5386 et
2978 5347 3281 5403 pauperes,
3305 5336 3360 5387 et
3377 5332 3623 5387 divites:

1986 5426 2041 5477 et
2071 5420 2215 5476 alios
2250 5420 2489 5493 quidem
2522 5421 2756 5477 silentio
2788 5421 3141 5492 accipientes
3168 5438 3235 5477 ea
3266 5439 3394 5493 qua:
3426 5423 3627 5478 otfere-

1986 5513 2221 5577 bantur,
2258 5510 2403 5566 alios
2435 5527 2565 5565 vero
2590 5515 2861 5582 rogantes
2894 5516 2951 5567 et
2991 5511 3382 5577 sciscitantes,
3413 5519 3470 5567 et
3500 5528 3626 5566 ora-

1986 5600 2131 5656 tioni
2186 5600 2505 5671 praebentes
2556 5601 2945 5655 occasionem.
2989 5601 3135 5656 Cum
3169 5605 3363 5656 autem
3390 5604 3625 5655 tantum

1986 5692 2243 5748 laborem
2304 5693 2551 5762 caperet,
2587 5707 2700 5746 non
2734 5708 2946 5763 passus
2998 5697 3087 5748 est
3129 5708 3385 5763 unquam
3438 5689 3624 5744 ullum
