4122 6188
438 359 501 414 51
1571 373 1573 377 ‘
1612 360 1708 413 DE
1746 359 1939 411 VITIS
1979 356 2279 411 PATRUM
2316 357 2530 409 LIBER
2569 356 2665 408 IX.
3780 354 3851 409 52

442 493 705 561 accipere
744 489 844 561 qui
876 505 1075 545 secum
1108 488 1436 558 habitaret;
1472 487 1793 558 quinetiam
1829 484 2083 540 malebat
2112 486 2166 553 Α
2196 499 2318 539 rem
2351 488 2758 554 tempestatem
2783 483 3039 540 solitudo
3063 484 3665 556 gubernatorum.Eos
3687 485 3845 541 enim

443 598 613 637 suam
648 580 833 651 ipsius
855 596 1090 650 operam
1111 595 1284 648 quam
1315 577 1573 633 ofﬁcium
1606 582 1663 630 et
1693 574 2087 630 ministerium

446 669 604 741 quod
619 668 1094 723 sibiofferebatur
1119 668 1189 721 ab
1212 666 1641 736 aliis.Gumque
1667 666 1795 735 ejus
1815 680 2088 733 congres-

448 759 641 813 siones
675 763 732 812 et
752 756 1172 813 collocutiones
1212 756 1414 810 tierent
1437 756 1506 808 ad
1541 758 1767 825 portam
1788 752 1940 818 atrii,
1966 752 2090 823 ipse

446 863 576 903 eam
610 848 903 918 aperiebat
932 845 1419 915 ingredientibus,
1453 848 1508 897 et
1538 844 1819 898 abeuntes
1842 842 2092 896 deduce-

447 937 547 991 bat
577 953 643 991 ac
691 936 1045 990 dimittebat.
1079 934 1233 988 Nihil
1283 940 1481 988 autem
1543 947 1800 1002 unquam
1851 931 2091 986 omnino

446 1026 670 1095 accepit
699 1025 772 1079 ab
821 1023 1038 1094 aliquo,
1075 1040 1190 1078 non
1214 1039 1441 1092 panem,
1478 1038 1591 1075 non
1615 1020 1950 1084 obsonium,
1975 1016 2101 1073 non

444 1119 685 1184 vestem,
720 1114 820 1167 sed
854 1130 1008 1167 unus
1035 1112 1197 1167 solus
1219 1112 1271 1166 ei
1309 1117 1484 1166 notus
1514 1127 1724 1181 panem
1750 1108 2092 1180 suppedita-

444 1204 564 1257 bat.
598 1204 742 1257 Cum
765 1208 963 1257 autem
997 1217 1185 1272 usque
1217 1202 1287 1255 ad
1322 1200 1680 1270 profundum
1716 1197 2096 1269 processisset

447 1293 699 1360 senium,
734 1295 863 1362 post
890 1307 1161 1345 occasum
1195 1288 1338 1345 solis
1371 1289 1718 1345 vescebatur
1743 1288 2021 1342 oleribus.

520 1399 699 1453 Aiunt
729 1401 924 1451 autem
956 1396 1361 1463 Anthemium,
1394 1397 1495 1466 qui
1519 1399 1719 1466 postea
1745 1395 1852 1448 fuit
1873 1398 1927 1448 et
1952 1410 2095 1462 prae-

450 1488 635 1541 fectus
654 1490 709 1540 et
725 1484 927 1541 consul
941 1502 1028 1549 ,cu
1042 1501 1093 1538 m
1110 1484 1330 1539 electus
1349 1486 1577 1553 legatus
1604 1484 1902 1553 profectus
1917 1487 2006 1536 est
2023 1482 2095 1535 ad

450 1581 681 1643 Persas,
714 1575 785 1629 ad
805 1591 938 1629 eum
971 1572 1237 1628 attulisse
1261 1573 1521 1627 tunicam
1544 1573 1697 1643 apud
1718 1578 1924 1626 Persas
1955 1587 2095 1625 con-

450 1669 690 1729 textam,
723 1670 775 1718 et
802 1663 1058 1717 dixisse.
1101 1661 1245 1716 Cum
1296 1661 1506 1717 scirem
1557 1660 1876 1730 unicuique
1926 1674 2094 1714 suam

451 1754 682 1808 dulcem
710 1768 839 1807 esse
862 1752 1132 1822 patriam,
1155 1758 1208 1805 et
1231 1750 1329 1822 qui
1364 1750 1479 1804 illic
1498 1754 1828 1805 nascuntur
1872 1749 2097 1802 fructus

449 1841 1083 1911 essejucundissimos,
1109 1840 1259 1894 hanc
1286 1855 1353 1894 ex
1379 1838 1562 1908 patria
1585 1840 1654 1893 ad
1670 1844 1728 1893 te
1751 1838 1921 1892 attuli
1941 1837 2096 1892 tuni-
2130 1860 2177 1923 Β

447 1948 597 1997 eam,
632 1946 889 2002 rogoque
913 1934 976 1983 ut
1008 1937 1065 1982 tu
1088 1944 1216 1982 eam
1233 1927 1511 1998 accipias,
1540 1943 1672 1995 ergo
1696 1942 1826 1982 vero
1854 1928 1965 1980 sim
1990 1932 2101 1980 tuae

447 2019 872 2074 benedictionis
902 2017 1219 2088 particeps.
1255 2017 1309 2069 Is
1342 2020 1537 2069 autem
1567 2032 1695 2070 eam
1720 2015 1955 2085 quidem
1984 2014 2101 2084 pri-

446 2124 606 2161 mum
626 2106 959 2177 jussitponi
977 2106 1034 2160 in
1055 2104 1336 2160 subsellio
1358 2104 1598 2171 ;deinde
1616 2120 1749 2158 eum
1769 2103 1938 2157 multi
1957 2103 2099 2157 l'uis-

447 2201 581 2254 sent
602 2194 1234 2265 interjectizsermones,
1265 2194 1489 2247 dixitse
1515 2192 1649 2263 angi
1670 2192 2102 2262 animo,utpote

447 2287 601 2356 quod
636 2286 711 2339 sit
737 2285 797 2339 in
831 2285 979 2338 duas
1014 2288 1207 2354 partes
1241 2283 1427 2337 divisa
1488 2282 1763 2352 cogitatio
1796 2302 1809 2349 ;
1847 2281 1945 2335 illo
1993 2298 2099 2335 au-

451 2380 569 2428 tem
604 2377 844 2443 rogante
863 2388 1100 2426 causam
1126 2388 1138 2424 :
1165 2372 1426 2441 Semper,
1451 2369 1667 2441 inquit,
1693 2370 1970 2424 constitui
1994 2369 2100 2424 ha-

456 2464 590 2517 bere
621 2478 801 2516 unum
830 2460 1018 2516 solum
1053 2461 1151 2529 qui
1207 2475 1435 2514 mecum
1496 2459 1813 2525 habitaret;
1839 2459 2098 2529 mihique

456 2552 569 2621 ipsi
588 2548 1302 2620 hanclegemimposui,ut
1334 2548 1478 2602 mihi
1510 2547 1749 2603 omnino
1781 2548 2102 2615 denegetur

459 2642 710 2695 duorum
744 2638 920 2692 simul
953 2637 1255 2692 habitatio.
1290 2638 1433 2692 Cum
1479 2653 1614 2708 ergo
1660 2654 1812 2692 unus
1867 2652 2096 2691 mecum

449 2730 576 2801 jam
608 2729 861 2783 sedecim
895 2728 1068 2781 annis
1100 2727 1453 2793 habitasset,
1478 2732 1536 2781 et
1565 2734 1717 2782 esset
1748 2725 1889 2780 mihi
1913 2725 2097 2790 cordi,

454 2816 696 2873 accessit
726 2815 967 2887 quidam
1002 2831 1166 2870 meus
1217 2815 1588 2879 contribulis,
1620 2815 1821 2869 volens
1866 2830 2095 2869 mecum

452 2907 738 2971 habitare,
794 2910 851 2959 et
910 2921 1121 2976 rogans
1182 2910 1245 2958 ut
1274 2904 1383 2958 hoc
1416 2903 1529 2959 sibi
1579 2904 1770 2958 liceat.
1802 2903 1918 2958 Hoc
1951 2902 2094 2957 mihi

453 2999 709 3050 mentem
735 2993 1031 3058 distrahit,
1057 2993 1204 3047 duos
1229 2992 1385 3046 enim
1412 2992 1591 3047 simul
1616 2992 1827 3047 habere
1850 3007 1962 3045 non
1991 3008 2093 3062 pa-

449 3082 994 3139 tiar.Coutribulem
1028 3081 1185 3135 enim
1219 3080 1540 3151 amplector
1572 3087 1634 3134 ut
1663 3079 2049 3135 contribulem
2077 3098 2089 3134 :

449 3173 699 3244 priorem
727 3176 945 3238 autem,
978 3175 1044 3224 ut
1066 3170 1165 3240 qui
1198 3169 1343 3223 mihi
1367 3170 1524 3224 cordi
1558 3169 1749 3235 fuerit,
1780 3167 2088 3238 expellere,

449 3268 506 3317 et
540 3276 713 3333 grave
744 3265 801 3315 et
848 3259 1119 3330 iniquum
1170 3259 1463 3313 existimo.
1498 3258 1599 3313 llle
1648 3275 1780 3312 vero
1815 3274 1828 3313 :
1864 3258 2092 3321 Merito,

452 3351 666 3422 inquit,
702 3367 733 3405 ο
760 3354 950 3418 Pater,
984 3364 1173 3419 neque
1203 3348 1359 3403 enim
1394 3350 1480 3403 fas
1512 3353 1599 3403 est
1632 3354 1692 3401 ut
1722 3364 1853 3402 eum
1889 3349 1989 3417 qui
2020 3349 2097 3401 ti-

452 3442 510 3496 bi
537 3441 790 3511 plurimo
806 3444 1062 3507 tempore
1084 3438 1345 3492 inserviit
1367 3439 1669 3499 amandes,
1684 3442 1963 3507 tanquam
1981 3452 2094 3489 non

453 3536 654 3600 aptum
682 3548 695 3595 ;
723 3545 857 3582 eum
891 3533 1083 3581 autem
1120 3527 1289 3595 cujus
1333 3542 1559 3579 morum
1603 3527 1866 3580 nondum
1912 3526 2095 3580 fecisti

450 3617 795 3690 periculum,
815 3614 1245 3686 preptersolam
1274 3614 1555 3668 admittas
1579 3616 1848 3685 patriam.
1869 3616 1949 3667 Ad
1974 3615 2093 3668 haec

450 3707 685 3762 divinus
723 3704 1085 3774 Aphraates;
1120 3702 1244 3756 Non
1288 3701 1570 3771 accipiam
1622 3717 1781 3771 ergo,
1816 3702 2026 3772 inquit,
2059 3720 2090 3756 o

446 3797 532 3849 vir
562 3792 931 3856 admirande,
976 3790 1126 3845 hane
1172 3790 1474 3855 tunicam;
1508 3791 1654 3844 duas
1700 3790 1913 3845 habere
1974 3809 2089 3847 non

444 3883 650 3955 patiar.
688 3882 789 3935 Est
808 3881 966 3934 enim
1001 3895 1131 3934 mea
1162 3879 1399 3950 quidem
1434 3879 1724 3933 sententia
1748 3881 2086 3950 jucundior,

442 3978 545 4027 tua
578 3987 708 4026 vero
742 3969 947 4025 melior
969 3984 1034 4023 ea
1065 3985 1192 4039 qua:
1226 3968 1367 4022 mihi
1402 3972 1562 4022 tanto
1599 3974 1857 4038 tempore
1908 3969 2089 4024 inser-

440 4061 540 4115 vit.
570 4061 715 4115 Cum
738 4057 947 4114 callido
980 4073 1113 4129 ergo
1139 4062 1469 4112 commento
1504 4057 1586 4112 sie
1629 4056 1936 4112 elussisset
1966 4063 2086 4113 An-

440 4150 750 4218 themium,
782 4153 839 4203 et
869 4146 1088 4218 ingenii
1123 4146 1373 4201 solertiae
1412 4146 1773 4201 exhibuisset
1831 4147 2084 4202 miracu-

442 4239 584 4307 lum,
620 4238 912 4310 pcrsuasit
942 4241 1005 4291 ut
1036 4253 1206 4291 nemo
1240 4234 1514 4305 deinceps
1546 4252 1678 4290 cum
1703 4253 1767 4291 co
1792 4246 1985 4307 ageret
2017 4238 2085 4291 de

442 4329 542 4383 illa
572 4329 790 4384 tunica.
826 4327 944 4397 Ego
978 4330 1175 4380 autem
1208 4326 1329 4379 hmo
1363 4325 1558 4393 retuli,
1611 4324 1812 4380 volens
1840 4326 1953 4379 duo
2003 4326 2083 4380 si-

443 4418 559 4472 mul
583 4418 926 4472 ostendere:
964 4420 1021 4469 et
1044 4415 1197 4485 quod
1228 4416 1299 4469 ab
1330 4431 1445 4469 uno
1469 4414 1591 4469 solo
1624 4415 1909 4485 acceperit
1930 4416 2081 4485 quod

439 4506 697 4560 curando
720 4503 945 4574 corpori
978 4503 1121 4557 satis
1144 4511 1287 4571 erat,
1311 4507 1368 4558 et
1399 4504 1553 4573 quod
1589 4507 1749 4557 tanta
1778 4505 1906 4573 ejus
1952 4504 2078 4558 fue-

2200 571 2546 643 imperator,
2573 574 2675 644 qui
2727 574 2786 628 in
2818 572 3004 630 solam
3051 592 3251 630 veram
3294 573 3640 645 religionem
3671 592 3843 631 suam

2197 663 2501 718 exercebat
2542 663 2871 733 audaciam,
2902 666 3090 735 coegit
3116 664 3383 719 habitare
3420 665 3478 718 in
3510 664 3737 719 exsilio.
3774 666 3843 720 Et

2200 768 2333 806 cum
2366 752 3533 824 tantaessetususiniquitate,impietatis
3563 770 3697 808 eum
3731 769 3846 810 non

2201 841 2466 911 capiebat
2495 842 2759 911 satietas,
2792 842 2892 896 sed
2909 842 3278 912 dispergebat
3308 858 3374 897 ac
3394 841 3720 913 dissipabat
3734 860 3847 899 coa-

2206 933 2329 984 tum
2353 930 2585 1001 piorum
2617 930 2907 998 omnium,
2941 932 3130 985 instar
3154 932 3282 985 ferae
3305 929 3588 986 immanis
3618 948 3848 1003 gregem

2206 1019 2563 1073 contendens
2594 1018 2941 1089 discerpere.
2978 1019 3139 1074 Eade
3171 1034 3348 1074 causa
3377 1036 3474 1075 eos
3508 1036 3622 1075 non
3657 1020 3849 1077 solum

2203 1115 2426 1185 expulit
2455 1115 2526 1170 ab
2559 1116 2717 1170 omni
2750 1116 3014 1181 ecclesia,
3050 1117 3150 1171 sed
3173 1117 3347 1171 etiam
3379 1133 3447 1171 ex
3478 1116 3659 1173 latere
3690 1135 3852 1174 mou-

2204 1204 2300 1270 tis,
2336 1208 2393 1258 et
2416 1221 2485 1259 ex
2518 1204 2640 1276 ripa
2671 1204 2858 1271 ﬂuvii,
2889 1210 2947 1260 et
2993 1221 3063 1260 ex
3106 1205 3317 1260 bellico
3368 1208 3696 1277 gymnasio.
3724 1207 3853 1263 Ilaec

2203 1292 2361 1347 enim
2390 1293 2517 1348 loca
2546 1298 2822 1365 perpetuo
2847 1294 3173 1363 mutabant,
3196 1294 3337 1348 utin
3369 1311 3517 1365 quos
3535 1297 3724 1351 obiter
3742 1314 3850 1352 sa:-

2204 1382 2348 1437 viret
2380 1388 2608 1437 armata
2627 1399 2857 1437 manus.
2884 1384 2951 1437 Et
2974 1383 3198 1454 Scythas
3225 1384 3485 1453 quidem,
3517 1390 3573 1439 et
3595 1385 3694 1440 alii
3718 1387 3853 1441 bar-

2206 1471 2353 1539 bari,
2386 1474 2569 1525 totam
2590 1471 2898 1526 Thraciam
2922 1471 3234 1527 aDanubio
3260 1489 3442 1541 usque
3466 1475 3533 1528 ad
3550 1476 3851 1545 Proponti-

2205 1560 2337 1616 dem
2351 1577 2552 1615 secure
2576 1559 3009 1631 populabantur
3032 1560 3160 1632 :lille
3182 1570 3375 1616 autem
3389 1579 3590 1617 eorum
3604 1564 3853 1619 auditio-

2206 1666 2362 1716 nem,
2400 1666 2467 1704 ne
2500 1650 2739 1705 arrectis
2771 1650 3033 1720 quidem,
3071 1655 3134 1704 ut
3182 1650 3417 1720 dicitur,
3454 1652 3720 1718 auribus,
3754 1670 3854 1724 po-

2206 1742 2353 1793 terat
2382 1739 2669 1809 accipere;
2695 1739 2795 1792 sed
2831 1739 2887 1792 in
2901 1740 3113 1808 eosqui
3133 1743 3299 1794 erant
3318 1741 3582 1809 ejusdem
3596 1742 3853 1813 generis.

2208 1832 2263 1881 et
2293 1828 2422 1897 ejus
2452 1828 2713 1894 ditionis,
2744 1828 3071 1898 pietateque
3096 1844 3162 1883 ae
3192 1827 3649 1900 religioneclari,
3669 1831 3855 1886 armis

2214 1916 2503 1971 utebatur.
2536 1916 2780 1971 Divinus
2812 1921 3007 1971 autem
3042 1916 3257 1988 populo
3294 1917 3529 1973 illorum
3561 1919 3851 1976 malorum

2212 2006 2463 2060 deﬂebat
2493 2005 3017 2076 importunitatem,
3060 2006 3399 2061 Davidicum
3440 2007 3586 2062 illud
3636 2025 3855 2066 canens

2211 2092 2531 2149 canticum:
2562 2094 2749 2163 Super
2776 2092 3021 2147 ﬂumina
3060 2093 3370 2165 Babylonis
3402 2094 3519 2149 illic
3558 2096 3851 2163 sedimus;

2211 2187 2267 2237 et
2296 2181 2582 2248 llevimus,
2610 2183 2746 2236 dum
2782 2199 2887 2237 nos
2916 2183 3355 2238 recordaremur
3382 2185 3491 2252 tui,
3511 2184 3644 2240 Sion
3678 2186 3851 2257 (Psal.

2210 2270 2450 2340 cxxxvx).
2488 2269 2733 2340 Reliqua
2764 2277 2957 2325 autem
3009 2272 3221 2327 cantici
3252 2272 3335 2327 eis
3383 2290 3498 2329 non
3554 2276 3854 2331 convenie-

2210 2359 2372 2414 bant.
2408 2360 2726 2429 Aphraates
2758 2360 2937 2427 enim,
2971 2365 3030 2415 et
3083 2358 3421 2429 Flavianus,
3453 2368 3508 2416 et
3540 2363 3853 2435 Diodorus,

2209 2464 2325 2503 non
2357 2448 2830 2518 permiseruntut
2858 2451 3362 2520 suspenderentur
3390 2450 3450 2505 in
3482 2450 3858 2509 salicibusin-

2208 2542 2539 2592 strumenta
2568 2537 2845 2592 doctrinas
2871 2558 2885 2605 ;
2922 2554 3025 2593 nec
3058 2538 3231 2610 (820
3262 2542 3420 2611 passi
3453 2547 3594 2596 sunt
3624 2542 3852 2599 dicere:

2205 2635 2505 2698 Quomodo
2538 2635 2909 2689 cantabimus
2958 2636 3253 2692 canticum
3305 2638 3536 2692 Domini
3584 2640 3643 2694 in
3694 2645 3851 2696 terra

2206 2723 2397 2778 aliena
2430 2724 2602 2803 (θεαί.
2663 2722 2931 2792 cxxxvr)?
2958 2724 3069 2779 Sed
3105 2729 3162 2779 et
3190 2725 3251 2779 in
3305 2728 3627 2794 montibus,
3681 2735 3737 2783 et
3787 2730 3849 2785 in

2208 2813 2455 2883 campis,
2486 2813 2622 2867 etin
2658 2813 2819 2882 urbe,
2854 2813 2991 2867 etin
3024 2814 3404 2881 suburbanis,
3438 2821 3494 2870 et
3523 2817 3580 2870 in
3601 2817 3851 2885 aadibus,

2204 2907 2261 2955 et
2289 2901 2348 2955 in
2381 2900 2541 2968 foris,
2575 2902 2867 2956 canticum
2908 2902 3139 2958 Domini
3189 2904 3425 2959 assidue
3456 2907 3761 2961 canebant.
3805 2914 3852 2960 Α

2204 2989 2421 3045 Davide
2450 2990 2607 3045 enim
2642 2990 3234 3058 didicerant,Domini
3267 2999 3353 3048 est
3386 2999 3568 3064 terra,
3591 3001 3647 3049 et
3678 2996 3858 3066 pleni-

2205 3080 2348 3134 tudo
2379 3080 2531 3149 ejus,
2564 3081 2723 3134 orbis
2756 3086 2942 3149 terras,
2961 3086 3017 3135 et
3048 3098 3253 3136 omnes
3283 3084 3383 3152 qui
3407 3084 3675 3139 habitant
3702 3085 3760 3139 in
3784 3101 3851 3140 eo

2204 3168 2575 3237 (Psal.xx1u).
2610 3172 2837 3224 Rursus
2867 3177 3063 3224 autem
3096 3171 3404 3226 audierant
3424 3173 3695 3227 eumdem
3725 3178 3858 3229 Pro-

2208 3257 2443 3327 phetam
2494 3257 2845 3312 clamantem
2899 3274 2910 3311 :
2964 3258 3294 3315 Benedicita
3340 3260 3604 3330 Domino,
3664 3263 3862 3318 omnia

2206 3362 2380 3416 opera
2403 3347 2551 3415 ejus,
2577 3347 2633 3400 in
2649 3347 2807 3402 omni
2824 3346 2947 3402 loco
2973 3347 3393 3404 dominationis
3408 3351 3859 3421 ejus(Psal.cu).

2202 3436 2568 3490 Audiverunt
2597 3440 2792 3490 autem
2826 3435 3088 3491 divinum
3113 3454 3345 3508 quoque
3378 3438 3622 3494 Paulum
3656 3440 3860 3511 praci-

2205 3525 2461 3593 pientem
2494 3540 2660 3579 orare
2689 3524 2845 3579 viros
2877 3526 2937 3579 in
2970 3527 3130 3580 omni
3163 3526 3311 3595 loco,
3343 3526 3610 3583 tollentes
3642 3546 3855 3586 manus

2203 3620 2436 3667 sanctas
2478 3613 2701 3683 absque
2760 3614 2848 3668 ira
2879 3618 2935 3669 et
2984 3615 3555 3687 disceptationibus(l
3597 3619 3728 3673 Tim.
3763 3619 3848 3690 ιι).

2199 3714 2375 3765 Porro
2398 3714 2594 3765 autem
2626 3711 2753 3782 ipse
2774 3728 3005 3783 quoque
3030 3714 3569 3785 Dominusloquens
3597 3732 3727 3771 cum
3747 3721 3852 3772 Sa-

2201 3800 2494 3853 maritana
2511 3799 2618 3855 hoc
2634 3801 2897 3871 praedixit
2918 3802 3177 3872 apertius
3204 3820 3216 3857 :
3242 3804 3423 3858 Amen
3447 3803 3846 3876 enim,inquit,

2199 3889 2445 3943 dicotibi
2478 3888 2877 3958 mulier,venit
2905 3891 3069 3958 hora,
3103 3898 3160 3946 et
3188 3908 3345 3947 nunc
3378 3896 3845 3964 est,quandoue-

2199 3995 2311 4050 que
2343 3978 2400 4032 in
2434 3978 2559 4033 loco
2593 3978 2718 4045 hoc,
2758 3996 2947 4050 neque
2982 3979 3388 4052 Jerosolymis,
3423 3983 3523 4037 sed
3585 3982 3641 4036 in
3684 3984 3845 4038 omni

2197 4068 2322 4124 loco
2354 4070 2687 4124 adorabunt
2716 4069 2942 4124 Patrem
2978 4072 3254 4141 (Joan.v).
3286 4073 3414 4127 Haec
3447 4074 3844 4129 cumdidieis-

2197 4162 2349 4224 sent,
2383 4162 2439 4212 et
2470 4158 2528 4211 in
2562 4159 2756 4228 domo,
2790 4163 2845 4213 et
2878 4158 2932 4211 in
2988 4160 3129 4225 l'oro,
3164 4165 3242 4227 et,
3288 4166 3351 4214 ut
3384 4161 3703 4232 apostolice
3754 4162 3841 4216 di-

2196 4262 2347 4312 cam,
2381 4246 2610 4317 publice
2640 4253 2696 4302 et
2729 4264 2827 4318 per
2857 4248 3062 4302 domos
3082 4256 3358 4319 perpetuo
3377 4251 3846 4306 testiﬁcabantur

2197 4336 2331 4403 (Act.
2357 4336 2449 4404 xx)
2473 4355 2486 4401 ;
2513 4342 2568 4390 et
2589 4335 2763 4390 veluti
2782 4338 3019 4406 quidam
3046 4339 3513 4407 praestantissimi
3540 4342 3849 4411 imperato-

2193 4440 2307 4490 res,
2340 4441 2479 4478 suos
2511 4425 2748 4494 quidem
2768 4425 3098 4490 armabant,
3115 4427 3484 4482 adversarios
3502 4434 3693 4483 autem
3710 4447 3845 4483 con-

2191 4512 2702 4581 fodiebant.Atque
2726 4530 3006 4584 magnum
3031 4514 3267 4583 quidem
3291 4514 3653 4583 Flavianum,
3674 4522 3731 4571 et
3754 4517 3845 4571 di-

439 4595 514 4648 rit
544 4591 851 4663 sapientia,
888 4596 952 4646 ut
980 4592 1237 4646 etl‘ecerit
1270 4596 1331 4645 ut
1355 4592 1455 4662 qui
1488 4592 1729 4662 rogabat
1762 4597 1823 4646 ut
1852 4592 2081 4662 accipe-
2114 4595 2160 4659 D
2192 4602 2392 4655 vinum
2417 4601 2809 4668 Theodorum,
2845 4604 2942 4673 qui
2968 4607 3108 4657 tunc
3141 4605 3252 4657 sub
3284 4604 3396 4658 alio
3426 4605 3762 4674 pascebant,
3790 4612 3849 4663 et

438 4689 544 4751 ret,
578 4680 925 4737 sententiam
960 4680 1156 4733 tulerit
1194 4697 1328 4734 eum
1381 4698 1494 4734 non
1543 4681 1753 4735 debere
1800 4682 2082 4751 accipere.

438 4772 548 4827 Sed
583 4771 676 4825 his
709 4775 914 4840 etqua
948 4773 1087 4823 sunt
1144 4768 1493 4837 hujusmodi
1541 4769 1779 4837 relictis,
1829 4771 2080 4824 narrabo

443 4862 692 4931 majora.

507 4965 1049 5021 CumJulianusDeo
1080 4964 1407 5018 iul'estusin
1444 4964 1821 5018 barbarorum
1850 4965 2081 5035 regione

437 5072 638 5127 poenas
652 5054 908 5109 dedisset
924 5051 1260 5123 impietatis,
1273 5068 1363 5107 res
1383 5054 1622 5123 quidem
1648 5053 1806 5106 fuere
1842 5070 2080 5122 parum-

436 5161 538 5215 per
562 5141 999 5212 tranquilliores
1022 5140 1274 5194 alumnis
1300 5141 1551 5210 pietatis,
1586 5139 2079 5197 cumJoviuianus

434 5230 990 5300 accepissetclavum
1011 5228 1255 5283 Romani
1272 5228 1501 5300 imperii
1524 5247 1534 5282 :
1556 5236 1863 5300 postquam
1884 5236 2076 5285 autem

433 5322 528 5376 hic
560 5335 813 5390 quoque,
846 5334 979 5372 eum
1016 5334 1185 5387 parvo
1213 5324 1471 5388 tempore
1505 5325 1825 5389 regnasset,
1853 5322 2077 5389 accepit

432 5410 606 5464 tinem
639 5408 788 5470 vitae,
818 5406 1033 5459 Valens
1067 5410 1260 5460 autem
1278 5408 2069 5477 accepitprincipatum,pro-

436 5496 591 5553 cellae
607 5499 1052 5564 ettempestates
1070 5510 1273 5548 rursus
1294 5511 1451 5549 mare
1469 5500 1735 5550 nostrum
1751 5497 2072 5566 agitabant.

436 5586 744 5657 gravisque
769 5583 978 5637 [luctus
1000 5582 1382 5648 excitabatur,
1400 5591 1453 5638 et
1472 5585 1638 5639 undae
1664 5584 2070 5640 maximzesca-

438 5677 612 5746 pham
638 5670 1289 5741 undiqueimpetebant.
1310 5674 1610 5729 Etticiebat
1636 5678 1826 5726 autem
1854 5675 2071 5743 gravie-

2196 4690 2455 4744 secunda
2476 4689 2752 4745 cathedra
2775 4691 2935 4761 digni
2957 4707 3049 4745 era
3062 4691 3340 4759 nthabiti,
3366 4693 3485 4747 haec
3510 4694 3697 4748 facere
3718 4711 3845 4764 qua:

2194 4779 2336 4847 dixi,
2368 4784 2424 4834 et
2448 4780 2858 4834 admirandam
2880 4781 3117 4850 quidem
3150 4787 3260 4845 est,
3286 4786 3342 4836 et
3365 4781 3537 4837 laude
3566 4782 3842 4853 dignum:

2192 4879 2291 4933 sed
2326 4883 2521 4933 tamen
2548 4878 2665 4932 haec
2700 4878 3008 4946 faciebant,
3036 4896 3169 4932 eum
3204 4885 3403 4934 essent
3434 4878 3599 4935 electi
3623 4883 3842 4936 exerci-

2192 4967 2303 5021 tusi
2320 4973 2702 5037 mperatores,
2721 4966 3043 5035 etsubjecti
3061 4966 3289 5037 legibus
3306 4967 3721 5037 imperatoriis.
3741 4970 3839 5025 Sa-

2190 5055 2598 5125 pientissimus
2631 5062 2823 5109 autem
2854 5055 3177 5125 Aphraates
3213 5074 3322 5112 sua
3352 5064 3560 5129 sponte
3592 5059 3662 5113 ad
3718 5059 3840 5114 haec

2190 5144 2791 5215 prosiluiteertamina
2820 5160 2831 5209 ;
2851 5145 2908 5197 in
2937 5144 3129 5215 quiete
3144 5145 3301 5200 enim
3316 5147 3616 5215 educatus,
3633 5153 3835 5203 etcum

2188 5235 2317 5303 ejus
2351 5234 2691 5288 institutum
2725 5237 2879 5288 esset
2914 5250 3012 5303 per
3041 5250 3103 5289 se
3130 5235 3409 5302 vivere,et
3440 5244 3597 5292 extra
3627 5236 3725 5292 teli
3748 5238 3841 5309 ja-

2186 5329 2343 5377 ctum
2378 5322 2628 5386 sederet,
2663 5326 2727 5375 ut
2751 5321 2988 5391 dicitur,
3022 5339 3154 5377 cum
3182 5323 3432 5380 vidisset
3474 5324 3608 5380 belli
3664 5325 3845 5381 vehe-

2186 5412 2487 5475 mentiam,
2526 5426 2639 5463 non
2682 5408 2763 5462 illi
2792 5409 3011 5479 placuit
3038 5414 3193 5482 quod
3231 5418 3389 5468 esset
3431 5428 3695 5480 securus,
3737 5416 3839 5469 sed

2185 5500 2439 5571 quietem
2463 5498 2682 5568 jubens
2703 5496 2890 5552 valere
2919 5500 2989 5553 ad
3011 5504 3506 5572 tempus,piorum
3532 5502 3847 5574 phalangis

2185 5590 2293 5644 fuit
2310 5591 2363 5641 in
2385 5604 2577 5658 pugna
2594 5586 2885 5657 princeps,
2916 5588 3128 5644 feriens
3150 5589 3391 5659 quidem
3412 5593 3469 5643 et
3489 5590 3610 5645 vita
3627 5596 3683 5646 et
3715 5608 3840 5647 ser-

2185 5695 2355 5734 mone
2386 5681 2441 5731 et
2475 5675 2938 5747 miraculis,ipse
2970 5682 3170 5732 autem
3205 5694 3502 5748 nunquam
3520 5696 3837 5751 percussus
