4122 6188
240 371 298 424 53
1327 374 1804 442 PHILOTHEUS,
1846 390 1971 432 srva
2008 382 2480 443 THEOPHILES.
3536 394 3610 448 54

240 492 529 587 Quinetiam
545 493 1008 587 cumimperator
1026 496 1186 551 omni
1211 512 1279 552 ex
1295 498 1836 570 partestultuseum
1868 503 1921 570 Α
1952 505 2167 577 Sparsa
2198 516 2286 565 est
2314 517 2508 567 autem
2541 513 2693 567 fama
2726 529 2828 584 per
2845 517 3026 568 totam
3059 515 3377 582 civitatem,
3403 518 3607 587 quales

238 583 519 654 aliquando
539 583 1554 659 vidissetexeuntemingymnasium
1575 589 1848 645 bellicum
1961 596 2159 653 infelix
2212 600 2309 653 ille
2357 600 2530 655 luerit
2579 583 2777 671 pmnas
2823 602 3189 657 contumeliae
3239 621 3368 675 quas
3412 583 3607 663 affecit

237 675 546 765 (contigerat
585 676 737 729 enim
783 681 847 729 ut
881 681 1019 731 tunc
1061 677 1179 732 illic
1222 687 1721 750 congregarentur
1751 682 1849 749 qui
1956 686 2331 756 Aphraatem,
2365 706 2683 761 omnesque
2716 691 2899 745 Deum
2945 690 3259 760 Aphraatis
3304 696 3601 765 perpetuis

233 768 373 818 erant
402 764 501 816 rite
531 765 871 818 veneranda
904 766 1212 821 Trinitatis
1242 768 1429 837 socii),
1464 770 1724 823 ostendit
1748 785 1849 825 au‘
1957 776 2639 834 celebrabantlaudibus.
2666 785 2803 846 Hoc,
2828 780 2934 834 etsi
2960 781 3247 835 instarent
3264 764 3598 850 adversarii,

234 856 331 907 tein
350 852 471 923 quis
489 867 621 905 eum
647 853 716 906 ad
742 852 931 924 ripam
952 854 1110 909 ﬂuvii
1134 856 1535 912 ambulantem
1558 859 1846 929 spectanti
1956 866 2185 921 obstitit
2216 884 2331 937 quo
2380 869 2576 922 minus
2621 868 2795 923 homo
2826 868 2972 925 82]
3025 870 3127 924 Dei
3168 871 3497 926 mitteretur
3539 873 3599 928 in

232 942 552 1013 imperatori,
587 946 806 1013 rogavit
836 960 972 999 eum
1004 962 1263 1016 quonam
1301 948 1585 1002 tenderet.
1620 948 1762 1003 Cum
1794 948 1844 1003 is
1955 955 2249 1009 exsilium.
2282 958 2604 1027 Imperator
2633 958 2788 1012 enim
2836 958 3199 1027 perterritus,
3232 975 3330 1013 eos
3362 961 3600 1031 quidem

232 1041 392 1089 autem
422 1034 665 1090 dixisset
697 1053 757 1091 se
780 1037 864 1092 ire
881 1038 1259 1109 deprecatum
1284 1056 1386 1110 pro
1401 1042 1843 1097 terrarumorbe
1954 1047 2052 1114 qui
2086 1044 2206 1099 haec
2238 1047 2564 1100 suadebant
2596 1047 2993 1116 aversabatur,
3038 1048 3226 1103 virum
3272 1053 3465 1106 autem
3516 1066 3602 1105 re-

232 1132 275 1179 et
291 1140 378 1195 pro
401 1124 661 1194 imperio,
689 1142 895 1183 rursus
920 1130 1223 1199 respondit
1245 1130 1591 1200 imperator:
1622 1132 1843 1202 thua-
1952 1135 2274 1189 verebatur.

233 1214 434 1315 nam.“
461 1230 635 1313 οδιξεδ
665 1216 845 1315 νίφα)
879 1219 1163 1315 ἓξᾬξῖίθξξε
1196 1220 1606 1315 φουεξθῖίοξὶφν
1638 1237 1842 1315 89W?
2022 1242 2197 1296 Porro
2213 1244 2406 1297 autem
2438 1242 2675 1297 aliunde
2692 1245 3351 1315 quoqueejusvirtutem
3371 1246 3598 1303 didicit.

231 1320 311 1405 2‘31”
336 1303 510 1405 ίοξυω
540 1303 1027 1405 ξοξτεῗάεῗτίεβθλο
1062 1307 1296 1405 Βίίροίίο
1315 1314 1375 1405 ξθί
1396 1309 1590 1405 ςῖμυίθίθ
1608 1310 1841 1405 Felicia?
1950 1329 2151 1401 Equus
2173 1329 2411 1400 quidam
2446 1330 2596 1384 bono
2619 1303 3047 1401 generenatus,
3069 1336 3127 1387 et
3150 1337 3381 1403 portare
3404 1335 3599 1405 appri-

229 1390 312 1445 ille
331 1398 507 1445 autem
536 1392 788 1462 (solebat
806 1394 958 1449 enim
982 1396 1295 1451 Dominum
1311 1397 1578 1467 imitans,
1600 1398 1840 1467 parabo.

1968 1434 2042 1472 ne
2073 1419 2299 1483 doctus,
2333 1423 2456 1473 erat
2508 1420 2842 1490 imperatori
2876 1420 3303 1477 charissimus:
3356 1423 3596 1479 morbus

228 1479 315 1535 lice
340 1481 683 1553 ratiocinari)
713 1500 725 1536 :
753 1483 855 1539 Dic
878 1485 1043 1551 mihi,
1064 1486 1278 1557 inquit,
1310 1488 1649 1559 imperator,
1682 1489 1729 1544 si
1754 1505 1841 1544 es-

1965 1507 2187 1578 quidam
2204 1479 2305 1578 qui
2322 1507 2371 1561 ei
2388 1479 2681 1563 acciderat
2698 1508 2847 1563 male
2877 1508 3131 1563 habebat
3160 1509 3593 1581 imperatorem,

230 1585 329 1623 56m
368 1570 520 1641 Virgo
564 1572 856 1627 αδεοοηεᾶ
887 1574 945 1628 in
992 1574 1273 1643 thalamo.
1318 1576 1595 1632 Vidissem
1642 1583 1836 1633 antem
1950 1597 2311 1651 retinebatur
2337 1601 2532 1651 autem
2563 1597 2943 1653 humidorum
2980 1603 3479 1655 excrementorum
3506 1616 3597 1655 ex-

232 1658 441 1729 aliquem
472 1661 526 1714 in
560 1662 809 1716 domum
834 1668 1014 1734 patris
1047 1664 1241 1734 ignem
1272 1665 1661 1735 injicientem,
1694 1668 1834 1737 quid

1966 1686 2146 1752 :retio;
2164 1686 2233 1739 ad
2251 1702 2381 1740 eum
2399 1687 2723 1741 curandum
2739 1688 3365 1759 accersebanturquiin
3388 1690 3494 1744 hac
3509 1708 3594 1745 ar-

232 1748 343 1802 mihi
356 1750 753 1807 consuluisses
767 1751 974 1807 facere.
992 1753 1207 1808 videnti
1224 1754 1516 1809 ﬂammam
1533 1756 1833 1811 ardentem

1964 1791 2001 1830 .e
2020 1778 2241 1829 fuerant
2256 1776 2439 1829 exerci
2452 1776 2550 1829 tati
2563 1778 2658 1829 .Cu
2672 1792 2724 1829 m
2739 1792 2803 1831 ea
2822 1781 3019 1831 autem
3034 1776 3372 1832 essetetiam
3392 1778 3592 1833 morbo

231 1842 273 1891 εί
296 1837 508 1893 domum
538 1858 667 1909 qua?
698 1843 1085 1936 comburitur,
1118 1843 1356 1936 intusne
1389 1844 1612 1936 sedere.
1640 1850 1697 1899 ϐε
1732 1845 1831 1900 ἀο·
1865 1870 1911 1933 Β
1942 1866 2203 1932 inferior,
2225 1866 2544 1936 imperator
2560 1866 2795 1936 quidem
2816 1866 3482 1936 molestiaal‘ticiebatur;
3510 1868 3591 1922 la-

231 1943 358 2024 inum
386 1946 507 1999 quis
537 1936 837 1987 crematur
858 1933 1197 2003 despicere?
1218 1934 1329 1989 Sed
1362 1934 1445 1989 sic
1468 1950 1572 2006 ego
1602 1951 1833 2006 quoque

1966 1954 2283 2009 nentabatu
2296 1971 2321 2007 r
2342 1958 2537 2007 autem
2555 1954 2604 2007 is
2618 1954 2705 2008 cui
2722 1970 3001 2024 equorum
3018 1972 3085 2009 cu
3098 1972 3159 2010 ra
3175 1956 3362 2011 fuerat
3377 1958 3594 2012 credita

230 2014 427 2072 fuissem
442 2026 793 2091 consumpta
812 2022 882 2076 ab
897 2024 1183 2079 incendio.
1201 2023 1298 2078 Sin
1315 2028 1511 2079 autem
1531 2025 1677 2080 dicis
1694 2042 1832 2097 opo-

1967 2044 2088 2098 lum
2122 2046 2277 2097 esset
2299 2046 2488 2096 autem
2507 2044 2637 2113 pius
2652 2047 2707 2097 et
2736 2043 3089 2113 ﬁdetirmus,
3107 2044 3163 2097 in
3183 2044 3425 2099 meridie
3438 2046 3595 2099 venit

229 2108 321 2159 tere
345 2124 666 2177 properare,
700 2126 917 2181 aquam
966 2113 1135 2176 ferre,
1167 2117 1224 2167 et
1253 2113 1672 2185 susquedeque
1700 2131 1832 2169 cur-

1964 2149 2060 2187 ina
2076 2148 2206 2186 cum
2222 2148 2369 2201 equo
2385 2132 2451 2185 ad
2469 2108 3449 2203 magniAphraatishabitaculumet
3464 2150 3592 2187 cum

231 2212 344 2291 Γθῗθν
367 2196 1153 2291 Πδωωαηξῖιξθλθκείίοὲυθτθ
1178 2219 1191 2269 ἱ
1216 2219 1286 2257 ηε
1306 2219 1397 2259 me
1420 2204 1833 2274 reprehendas:
1945 2221 2215 2277 morbum
2248 2220 2509 2288 dixisset,
2532 2226 2588 2275 et
2604 2221 2774 2274 ﬁdem
2800 2237 2968 2275 suam
2984 2221 3393 2291 signiﬁcasset,
3411 2222 3595 2277 oravit

230 2286 581 2379 9ίί¹ξρθ¹⁵ἒιοτν
603 2289 655 2343 εί
676 2289 734 2342 id
760 2289 956 2358 ipsum
983 2292 1148 2346 (πίοι
1174 2293 1330 2356 Ουοά
1356 2293 1508 2348 enim
1538 2297 1598 2347 tu
1623 2311 1835 2349 οοῐιευ·
1946 2314 2011 2364 ut
2042 2308 2290 2363 solveret
2322 2309 2589 2363 morbum
2624 2309 2749 2363 suis
2780 2309 3069 2379 precibus.
3097 2308 3201 2365 Ille
3225 2314 3422 2365 autem
3449 2310 3590 2365 nihil

229 2372 373 2430 Ῐυθτίε
403 2377 610 2471 Virgini
648 2396 777 2449 (1οω
798 2387 886 2435 θεῖ
908 2381 1267 2471 ίανΐδδίθιωο,
1292 2383 1399 2439 hoc
1419 2400 1523 2453 ego
1555 2400 1731 2455 0080?
1753 2384 1836 2438 ἴθι·
1946 2402 2279 2465 cunctatus,
2314 2398 2409 2451 sed
2436 2398 2631 2451 statim
2658 2372 2841 2453 Deum
2866 2399 3357 2469 precatus,jussit
3384 2415 3595 2471 aquam

230 2478 331 2517 cere
358 2467 448 2536 qui
479 2466 661 2521 vitam
688 2484 817 2522 sum
846 2470 1146 2539 professus
1168 2472 1577 2527 monasticam.
1603 2472 1764 2534 Quod
1789 2472 1837 2527 si

1964 2488 2168 2543 iauriri
2193 2504 2259 2541 ex
2295 2491 2505 2557 puteo;
2532 2491 2587 2542 et
2616 2503 2750 2541 cum
2776 2487 2823 2541 ei
2849 2486 3126 2542 salutaris
3148 2488 3340 2543 crucis
3363 2488 3592 2558 signum

228 2556 275 2605 tu
293 2569 369 2608 ine
390 2556 769 2626 reprehendis
787 2558 889 2628 qui
919 2559 1175 2627 quietem
1205 2560 1562 2631 reliquerim,
1578 2562 1836 2633 teipsum

1974 2577 2545 2648 mposuisset,jussit
2568 2594 2695 2633 eam
2714 2578 2782 2632 ad
2808 2594 3022 2649 equum
3059 2578 3261 2634 afferre
3288 2596 3300 2633 :
3327 2578 3375 2633 is
3399 2584 3592 2633 autem

230 2644 545 2713 reprehendo
579 2647 684 2717 qui
719 2647 867 2703 hanc
889 2648 1187 2704 ﬂammam
1214 2651 1271 2704 in
1304 2652 1543 2705 domum
1578 2652 1835 2706 divinam

1967 2668 2095 2723 )ibit
2124 2667 2255 2739 plus
2276 2684 2447 2737 quam
2474 2672 2873 2723 consueverat.
2902 2669 3115 2723 Deinde
3136 2684 3269 2722 cum
3290 2668 3482 2725 oleum
3509 2668 3595 2723 di-

230 2730 492 2801 injeceris;
525 2740 581 2789 et
611 2753 734 2791 non
768 2752 880 2801 me,
915 2738 1012 2808 qui
1045 2755 1225 2793 conor
1257 2740 1647 2811 exstinguere.
1674 2742 1835 2805 Quod

1966 2756 2459 2812 rinainvocatione
2474 2755 2546 2811 im
2559 2755 3177 2828 plessetbenedictione
3190 2756 3323 2828 equi
3339 2762 3594 2813 ventrem

228 2822 623 2893 enimoporteat
636 2841 809 2895 opem
827 2826 972 2881 ferre
985 2828 1183 2882 domui
1218 2834 1468 2899 paternae
1485 2846 1613 2899 quae
1627 2830 1837 2897 uritur,

1974 2844 2200 2916 nungit,
2226 2848 2284 2899 et
2315 2861 2521 2899 manus
2539 2846 2992 2901 contrectatione
3016 2846 3209 2900 statim
3244 2846 3485 2901 morbus
3508 2852 3596 2901 est

227 2909 323 2979 ipse
336 2928 475 2982 quoq
488 2930 553 2967 ue
570 2912 966 2969 conﬁteberis.
982 2916 1143 2979 Quod
1163 2922 1356 2971 autem
1383 2917 1534 2972 Deus
1558 2917 1633 2971 sit
1651 2919 1839 2989 magis

1970 2909 2237 2988 sublatus.
2264 2934 2454 2988 Laatus
2482 2949 2617 3005 ergo
2650 2935 2825 2989 homo
2856 2950 3006 3005 equo
3038 2938 3297 3006 accepto,
3339 2936 3598 2989 cucurrit

232 3008 449 3096 νίδᾲτυῧήεξ
478 3017 801 3072 germanus
833 3008 1194 3096 Pa‘terquam
1227 3006 1265 3096 iri
1288 3007 1387 3077 qui
1411 3012 1549 3062 sunt
1573 3008 1630 3061 in
1662 3014 1836 3071 terra.
1948 3024 2017 3077 ad
2034 3022 2617 3093 stabulum.Vespere
2632 3023 3079 3093 autem(solebat
3096 3023 3249 3079 enim
3268 3028 3599 3096 eotemporo

228 3094 293 3142 est
313 3090 480 3145 cuivis
511 3097 810 3162 apertum,
843 3094 1015 3148 etiam
1050 3095 1153 3164 qui
1178 3095 1352 3150 rebus
1375 3096 1589 3151 divinis
1614 3114 1726 3152 non
1750 3102 1839 3151 est

1968 3111 2142 3165 renire
2174 3111 2244 3165 ad
2272 3112 2573 3166 stabulum
2597 3112 2936 3183 imperator)
2959 3114 3116 3167 venit
3137 3117 3194 3167 et
3217 3113 3596 3186 interrogavit

224 3180 418 3272 φιλοίηο
450 3180 743 3237 ίοίῖίειυδ·
778 3182 932 3237 Nihil
966 3201 1103 3253 ergo
1135 3185 1461 3240 absurdum
1503 3186 1772 3253 Γθοίῐηυεν
1805 3204 1836 3241 ο
1877 3265 1908 3272 _
1950 3201 2443 3272 quomodoequus
2462 3201 3064 3257 sehaberet.lsautem
3081 3219 3212 3256 cum
3230 3208 3600 3261 etsanumes-

226 3268 515 3339 imperator,
550 3288 745 3343 neque
773 3280 959 3344 cmpto
992 3281 1192 3330 nostro
1223 3281 1279 3330 et
1306 3275 1578 3331 instituto
1606 3282 1835 3331 contra-

1967 3307 2013 3345 se
2032 3290 2517 3361 signiﬁcasset,et
2538 3308 2754 3361 equum
2776 3292 3087 3356 valentem,
3112 3297 3167 3347 et
3184 3293 3595 3365 exsultantem,

228 3356 366 3423 rium,
399 3360 441 3413 si
475 3378 620 3415 verae
670 3361 975 3433 religionis
1022 3364 1295 3419 alumnos
1327 3382 1756 3437 congregamus
1786 3371 1843 3421 et

1968 3379 2449 3449 ninnientemque,
2469 3379 2749 3435 etcollum
2772 3381 3021 3451 superbe
3034 3382 3349 3453 erigentem
3364 3383 3596 3437 eduxis-

233 3448 502 3515 pascimus,
525 3456 584 3505 et
606 3451 695 3506 eis
714 3451 956 3507 herbam
977 3453 1234 3508 divinam
1260 3453 1624 3510 exhibemus.
1646 3456 1841 3511 Hisdi-
1951 3474 2058 3537 εει,
2095 3448 2478 3543 Γοεξινίιγθυῐῃ
2512 3487 2746 3527 causam
2782 3448 3070 3527 εθῆἱίεῑὶε,
3101 3448 3209 3527 [lbi
3242 3477 3434 3528 autem
3495 3473 3593 3527 diu

234 3538 337 3599 etis,
364 3539 678 3610 imperator
705 3541 939 3612 quidem
965 3544 1137 3599 tacite
1159 3545 1609 3613 assentiebatur,
1648 3546 1840 3602 consi-

1970 3566 2260 3617 :unctatus
2277 3563 2766 3623 (verebaturenim
2783 3565 3087 3618 ostendere
3103 3562 3392 3618 medicum
3407 3562 3598 3618 sciens

240 3624 660 3698 deransjustam
696 3629 1116 3686 defensionem.

1964 3668 2086 3708 eum
2110 3651 2207 3723 qui
2241 3652 2483 3723 rogabat
2513 3668 2640 3707 esse
2663 3652 2711 3706 ci
2739 3652 3082 3721 infensum),
3124 3653 3360 3707 tandem
3394 3669 3592 3707 verum

297 3747 426 3805 [nos
446 3756 641 3807 autem
666 3769 737 3807 ex
767 3752 840 3809 ίίε
871 3754 971 3823 qui
994 3770 1099 3810 nec
1121 3755 1228 3810 viri
1250 3762 1563 3814 censentur
1583 3776 1687 3815 nec
1711 3777 1840 3815 mu_
1954 3746 2192 3796 coactus
2214 3744 2304 3796 est
2326 3742 2537 3809 dicere,
2563 3746 2617 3795 et
2636 3741 2835 3796 docuit
2858 3743 3094 3796 modum
3117 3741 3457 3797 curationis.
3479 3742 3594 3797 Ob-

240 3836 391 3909 ιίειιεε,
422 3844 515 3897 sed
551 3860 731 3915 posse
763 3861 1021 3916 unquam
1048 3850 1243 3917 patres
1276 3848 1398 3903 ﬁeri
1431 3850 1511 3904 eis
1531 3855 1620 3905 est
1643 3851 1844 3907 adem_
1955 3830 2182 3901 stupuit
2203 3829 2437 3901 quidem
2460 3830 2797 3903 imperator,
2822 3831 3193 3887 etconfessus
3210 3836 3299 3886 est
3319 3848 3457 3933 eum
3472 3848 3600 3886 esse

244 3933 392 3997 pium,
419 3938 472 3987 ει
498 3934 605 3988 hac
631 3935 706 3989 de
728 3950 906 3990 causa
922 3941 1239 3992 censentur
1258 3938 1403 3993 bene
1431 3940 1576 3995 vene
1602 3941 1844 4013 impera_
1955 3920 2142 3974 virum
2160 3919 2589 3986 admirabilem,
2613 3936 2715 3975 nec
2736 3931 2928 3975 tamen
2953 3938 2983 3975 a
3003 3920 3190 3993 priore
3209 3920 3598 3975 destititinsa-

244 4020 344 4089 tori,
373 4022 495 4076 etei
536 4022 703 4095 loqui
744 4025 1125 4091 confidenter,
1180 4027 1230 4082 is
1262 4043 1328 4081 ex
1377 4027 1501 4084 loco
1544 4008 1844 4101 superiore

1970 4010 2073 4075 aia,
2095 4009 2192 4062 sed
2216 4011 2463 4079 perrexit
2481 4010 2535 4063 fu
2548 4025 2668 4063 rerc
2689 4010 2969 4063 adversus
2990 4008 3395 4080 Unigenitum,
3416 4010 3598 4064 donec

242 4105 461 4164 divinum
491 4111 684 4166 virum
719 4112 976 4168 convicio
1008 4120 1095 4169 est
1122 4114 1463 4182 insectatus,
1505 4120 1561 4171 et
1596 4097 1843 4173 mortem
1956 4115 1987 4153 ⁸
2011 4097 2311 4152 barbarico
2336 4098 2445 4152 Ϊυίῖ
2468 4098 2599 4169 igne
2622 4102 3032 4198 CODSUIPPWS:
3058 4115 3128 4153 ne
3146 4097 3449 4169 εθρυιίυνα
3468 4098 3599 4169 qm"

245 4196 541 4287 minitatus;
574 4202 677 4257 sed
706 4218 818 4256 non
851 4202 934 4257 ita
964 4203 1061 4257 diu
1095 4208 1227 4275 post
1256 4222 1454 4277 poenas
1476 4206 1718 4263 luitsuae
1741 4224 1842 4263 au-

1967 4189 2085 4243 dem
2110 4204 2225 4258 qua
2250 4186 2450 4241 famuli
2475 4186 2560 4241 vel
2587 4186 2860 4255 mendici,
2885 4188 3181 4258 dignatus.
3210 4187 3454 4241 Divinus
3493 4203 3595 4241 au-

245 4283 403 4340 dacize.
429 4288 567 4345 Nam
600 4306 738 4344 cum
772 4290 944 4347 vellet
972 4274 1291 4363 imperator
1319 4310 1532 4367 corpus
1562 4295 1753 4352 lavare
1787 4298 1843 4352 in
1957 4280 2073 4375 ί(ξηῖ
2116 4280 2387 4346 Αρνιλίηθε
2418 4275 2570 4375 εξῗ-,ίη
2616 4274 2716 4329 ma
2749 4279 3098 4375 teljlilesiatf’
3147 4291 3315 4375 illam
3349 4274 3601 4328 οείθηάίῐ

246 4373 429 4445 balneo,
452 4378 951 4449 accessitquidem
976 4381 1442 4454 miser-tanquam
1457 4385 1669 4440 solium
1686 4386 1842 4441 visu-

1971 4366 2249 4434 rirtutem,
2276 4366 2575 4420 etreddita
2606 4365 3032 4435 tranquillitate.
3059 4364 3188 4419 fecit
3210 4379 3443 4435 quoque
3460 4379 3599 4417 con—

249 4479 321 4518 rus
337 4484 397 4519 an
418 4468 556 4523 bene
580 4474 1160 4542 essettemperamm,
1186 4450 1592 4530 mer-1mm,th
1618 4482 1844 4549 captus,
1957 4456 2246 4510 similiter.
2279 4459 2453 4508 Porro
2488 4457 2680 4508 autem
2714 4453 2828 4552 alia
2872 4470 3103 4552 quoque
3149 4450 3432 4551 miracula
3470 4451 3603 4506 fecit

249 4550 500 4613 insiluitin
520 4558 759 4627 solium,
776 4541 931 4630 quod
947 4578 1158 4633 aquam
1182 4563 1428 4619 calidam
1448 4541 1845 4621 minime-tem;
1957 4543 2413 4599 innumerabilia
2429 4560 2679 4615 quorum
2702 4542 2877 4597 υηίυε
2893 4541 3235 4597 νθῙάυοΓυω
3256 4541 3599 4597 meminero-

249 4649 462 4709 peratam
495 4647 876 4717 continebat;
908 4654 965 4705 et
1006 4668 1139 4706 cum
1170 4652 1368 4708 nullus
1408 4655 1641 4711 adesset
1688 4656 1847 4711 intus
1882 4639 1925 4702 Ῑ)
2027 4651 2231 4706 Mulier
2252 4651 2514 4721 quaedam
2539 4666 2747 4721 genere
2767 4648 3000 4716 nobilis,
3021 4648 3351 4704 είωυὶουω
3371 4648 3493 4703 Vim
3514 4647 3604 4703 ία-

250 4729 396 4796 (solus
422 4736 576 4791 enim
604 4736 906 4809 ingressus
929 4741 1137 4809 fuerat,
1160 4743 1394 4798 visurus
1418 4761 1487 4799 an
1513 4749 1667 4799 esset
1691 4763 1850 4817 para-
1962 4740 2792 4812 temperantetrahensjugum
2812 4738 3190 4806 matrimonii,
3214 4738 3453 4794 venitad
3471 4738 3606 4793 bea-

250 4822 364 4891 tum)
387 4827 661 4883 remansit
683 4832 881 4883 coctus
904 4834 959 4884 et
984 4829 1294 4887 resolutus.
1320 4834 1460 4887 Cum
1486 4839 1682 4889 autem
1706 4839 1850 4890 tem-
1960 4830 2267 4886 tumillum
2296 4830 2619 4897 hominem,
2637 4830 2853 4884 deﬂens
2869 4828 3161 4901 propriam
3186 4827 3603 4884 calamitatem.

252 4923 337 4977 pus
362 4911 584 4969 interim
623 4921 929 4983 tereretur,
968 4920 1151 4974 mittit
1179 4920 1494 4993 imperator
1525 4922 1706 4978 alium
1750 4923 1850 4996 qui
1960 4917 3605 4989 Dicebatenim,maritumconcubinazcaptumconsuetu-

251 5013 357 5054 eum
386 5010 606 5061 vocaret
638 5024 651 5061 :
686 5023 819 5062 cum
840 5007 890 5063 is
912 5012 1105 5064 autem
1132 5010 1426 5066 neminem
1455 5011 1513 5067 in
1540 5012 1639 5068 illa
1678 5014 1850 5069 domo
1960 5010 2117 5078 dine,
2144 5008 2387 5079 magicis
2415 5006 2773 5079 quibusdam
2797 5005 3107 5077 praestigiis
3139 5005 3319 5061 fuisse
3342 5004 3603 5059 incanta-

252 5086 544 5163 invenisset,
573 5095 625 5150 id
652 5098 950 5152 renuntiat
977 5098 1492 5170 imperatori.Cum
1515 5102 1725 5157 deinde
1746 5120 1849 5158 au-
1958 5104 2106 5164 tum,
2140 5102 2196 5152 ct
2216 5098 2346 5152 odio
2365 5097 2579 5152 habere
2602 5096 2787 5167 ipsam
2807 5095 3066 5166 legitimo
3088 5093 3458 5149 matrimonio
3472 5111 3605 5148 con-

255 5178 342 5231 tem
361 5180 544 5251 plures
567 5185 981 5256 accurrissent,
1004 5188 1200 5243 omnia
1223 5194 1654 5260 perscrutantes
1684 5191 1848 5260 solia,
1952 5189 2243 5259 junctam.
2261 5192 2387 5241 Haec
2403 5191 2597 5241 autem
2623 5184 3247 5239 dicebatmulierstans
3271 5200 3371 5254 pro
3386 5183 3607 5238 foribus

254 5269 295 5317 et
320 5270 377 5321 ad
408 5270 545 5327 illud
582 5276 814 5330 tandem
846 5276 1167 5345 venissent,
1190 5279 1631 5348 eumjacentem
1657 5284 1711 5335 et
1736 5280 1851 5337 vita
1963 5276 2114 5343 atrii;
2149 5276 2232 5331 sic
2261 5276 2415 5331 enim
2437 5274 2659 5330 solebat
2682 5272 2933 5345 colloqui
2961 5289 3095 5327 eum
3122 5273 3359 5343 t'emina,
3384 5272 3605 5327 nullam

255 5356 503 5423 privatum
538 5364 848 5435 aspiciunl.
868 5366 1125 5421 Excitato
1140 5371 1331 5422 autem
1360 5368 1639 5433 tumultu,
1662 5372 1851 5423 etoin-
1962 5367 2116 5422 enim
2142 5382 2400 5435 unquam
2426 5362 2665 5419 admisit
2688 5363 2841 5417 intra
2863 5362 3036 5417 fores.
3061 5362 3222 5417 Tunc
3244 5378 3381 5434 ergo
3406 5362 3608 5417 mulie-

254 5444 772 5520 nibusdetlentibus,
802 5454 901 5510 alii
934 5454 1169 5527 quidem
1196 5456 1581 5529 aquamillam
1601 5458 1849 5514 calidam
1963 5456 2042 5511 ris
2076 5455 2354 5510 misertus
2378 5453 2676 5524 ejulantis,
2703 5452 2961 5507 oratione
2985 5452 3399 5507 incantationis
3420 5450 3611 5507 abolet

253 5534 629 5610 exhauserunt,
662 5544 758 5599 alii
791 5561 923 5601 vero
953 5561 1165 5616 corpus
1198 5546 1596 5602 miserrimum
1630 5548 1853 5603 extule-
1962 5544 2358 5616 Operatiunem
2387 5561 2397 5596 :
2423 5546 2479 5598 et
2510 5558 2641 5597 cum
2676 5540 2784 5596 olei
2816 5545 3047 5613 guttum
3081 5542 3152 5596 ab
3186 5542 3315 5611 ipsa
3364 5540 3606 5595 allatum

252 5631 381 5681 runt.
415 5630 548 5684 Hinc
580 5632 792 5687 factum
820 5639 982 5689 estut
1006 5640 1195 5690 metus
1218 5636 1513 5691 invaderet
1538 5637 1851 5708 imperato-
1962 5636 2325 5691 invocatione
2349 5634 2541 5689 divina
2558 5633 3607 5701 sancliﬁcasset,jussituteoungere-

255 5728 353 5770 rem
382 5724 434 5772 et
461 5736 659 5777 omnes
696 5724 793 5793 qui
831 5724 1216 5781 armabantur
1246 5726 1525 5783 adversus
1557 5727 1849 5799 pietatem.
1964 5732 2078 5783 tur.
2113 5726 2241 5783 Haec
2266 5729 2551 5798 praecepta
2582 5741 2712 5781 cum
2742 5723 3043 5796 implesset
3075 5722 3303 5792 mulier,
3338 5720 3607 5791 conjugis
