4122 6188
385 356 459 410 55
1564 353 1662 408 ns
1698 349 1888 405 vrris
1927 344 2221 401 prrsum
2259 345 2473 398 mssa
2511 341 2606 396 Ix.
3720 335 3790 389 55

390 495 649 537 amorem
681 478 740 533 in
771 493 833 534 se
856 479 1177 547 transtulit,
1209 484 1266 535 et
1292 479 1587 552 persuasit
1612 481 1679 533 ut
1702 492 1804 548 pro
1834 473 2028 545 illegi-
2062 472 2115 538 Α
2146 469 2311 541 sequi
2334 468 2587 542 potuerit
2608 466 2693 522 vel
2714 466 2939 522 semina
2962 466 3032 520 ab
3056 480 3122 519 eo
3146 463 3491 535 dejecta,vel
3518 462 3791 520 collectos

390 569 536 624 timo
569 566 901 638 legitimum
935 568 1125 624 cubile
1156 568 1414 640 eligeret.

460 657 593 712 Jam
615 672 748 711 vero
767 657 971 712 dicunt
990 658 1163 713 etiam
1188 659 1336 727 quod
1357 674 1489 713 cum
1512 658 1757 711 lucustae
1779 654 2040 724 aliquan-

394 748 465 801 do
488 746 786 817 regionem
803 754 1033 818 repente
1056 748 1429 814 invasissent,
1455 752 1511 801 et
1534 747 1721 800 instar
1743 744 1894 813 ignis
1918 759 2040 798 om-

397 834 496 891 nia
519 841 955 906 consumerent,
977 837 1494 908 segetes,arbores,
1521 840 1686 905 prata
1708 838 1764 889 et
1784 848 2044 898 nemora,

395 924 553 980 venit
574 924 645 978 ad
667 940 800 979 eum
834 925 1074 995 quidam
1106 925 1192 980 vir
1215 926 1370 996 pius,
1401 940 1614 995 rogans
1637 928 1702 977 ut
1722 938 1889 994 opem
1935 922 2045 975 fer-

397 1018 482 1070 ret
505 1029 687 1069 unum
712 1014 951 1085 quidam
977 1030 1183 1086 agrum
1203 1014 1463 1084 habenti,
1486 1031 1549 1069 ex
1574 1030 1639 1069 eo
1676 1018 1871 1068 autem
1908 1014 1965 1067 et
1987 1026 2047 1065 se

400 1109 459 1160 et
480 1119 719 1159 uxorem
752 1107 807 1157 et
829 1103 979 1158 ﬁlios
1000 1108 1057 1159 et
1078 1104 1360 1159 familiam
1385 1103 1584 1169 alenti,
1606 1108 1663 1158 et
1688 1120 1719 1156 a
1736 1119 1851 1173 quo
1874 1101 2047 1155 etiam

400 1192 777 1263 imperatoria
793 1193 1126 1263 exigeretur
1146 1193 1396 1248 collatio.
1420 1194 1472 1247 Is
1490 1208 1625 1264 ergo
1642 1208 1847 1246 rursus
1861 1189 2050 1245 domi-

404 1283 595 1337 nicam
621 1281 859 1336 imitans
882 1282 1605 1353 benignitatem,jussitad
1628 1298 1688 1337 se
1712 1280 1902 1335 afferri
1922 1294 2051 1333 con-

405 1372 567 1443 gium
592 1387 777 1442 aquas.
803 1376 1121 1442 Postquam
1142 1376 1336 1426 autem
1364 1388 1527 1442 aqua}
1552 1371 1824 1439 congium
1858 1367 2055 1424 attulit

405 1460 457 1517 is
484 1460 580 1531 qui
632 1460 855 1528 orabat,
880 1460 933 1515 ei
960 1461 1194 1531 quidem
1235 1478 1479 1516 manum
1522 1458 2050 1531 imposuit;Deum

409 1554 605 1605 autem
621 1552 1392 1621 estprecatus,utfluentum
1430 1550 1700 1622 impleret
1730 1547 2054 1603 divinavir-

407 1643 555 1708 tute,
575 1639 784 1693 deinde
802 1639 967 1694 ﬁnita
982 1640 1532 1711 oratione,jussitut
1558 1638 1617 1693 in
1633 1637 1833 1709 praedii
1852 1636 2057 1691 limiti-

410 1730 522 1784 bus
536 1732 1121 1799 aquaaspergeretur.
1139 1729 1243 1792 Qui
1258 1745 1385 1784 eam
1402 1728 1697 1788 attulerat.
1713 1726 1845 1781 tecit
1863 1725 2058 1795 utjus-

412 1834 515 1874 sus
538 1818 744 1884 fuerat,
767 1818 943 1889 idque
966 1818 1074 1873 fuit
1091 1818 1209 1873 illis
1234 1819 1391 1889 agris
1406 1834 1507 1889 pro
1520 1816 1669 1872 vallo
1688 1817 2059 1871 sacrosancto

415 1912 472 1962 et
493 1907 951 1978 inexpugnabili;
979 1923 1113 1963 nam
1135 1922 1320 1978 usque
1343 1908 1411 1960 ad
1447 1906 1579 1961 illos
1600 1906 1744 1961 ﬁnes
1769 1908 2062 1975 reptantes

416 2002 471 2051 et
497 1995 986 2051 circumvolantes
1020 1995 1259 2051 locustae
1299 1997 1486 2050 instar
1524 1994 1832 2063 exercitus,
1857 2010 2064 2048 rursus

416 2088 904 2154 retrocesserunt,
926 2085 1394 2140 benedictionem
1417 2084 1754 2156 impositam
1789 2083 2063 2138 extimes-

419 2177 636 2243 centes,
670 2177 727 2228 et
747 2173 924 2229 veluti
957 2175 1213 2245 quodam
1267 2174 1430 2229 freno
1462 2173 1779 2243 suﬂ'ocatzs,
1824 2176 1881 2227 et
1913 2170 2068 2226 ultra

413 2262 683 2334 progredi
722 2262 1051 2333 prohibita).

482 2353 552 2405 Et
581 2351 723 2421 quid
748 2367 896 2421 Opus
927 2355 1018 2405 est
1048 2351 1240 2405 dicere
1273 2350 1473 2405 omnia
1501 2364 1630 2421 quae
1660 2350 1809 2404 facta
1853 2354 1994 2405 sunt
2030 2365 2063 2402 a

420 2438 715 2495 heatailla
745 2439 944 2493 anima
967 2438 995 2492 ‘I
1024 2438 1145 2494 hac
1176 2439 1333 2494 enim
1366 2439 1510 2494 satis
1567 2444 1707 2494 sunt
1748 2439 1820 2493 ad
1870 2445 2069 2493 osten-

414 2528 569 2583 dend
587 2543 685 2582 um
719 2527 1090 2598 splendorem
1117 2527 1316 2599 gratiae
1349 2544 1479 2600 quas
1510 2528 1568 2582 in
1602 2544 1667 2583 eo
1701 2527 2023 2582 habitabat.

483 2617 631 2671 Eum
664 2632 769 2688 ego
794 2615 1231 2682 vidi,etsanctae
1250 2615 1408 2672 illius
1430 2617 1679 2672 dexteras
1712 2616 1943 2688 percepi
1969 2616 2071 2671 be-

418 2706 831 2772 nedictionem,
855 2722 988 2760 cum
1008 2720 1199 2760 essem
1234 2706 1469 2776 quidem
1503 2705 1694 2761 adhuc
1722 2704 2068 2760 adolescens

418 2795 592 2851 matri
610 2798 805 2850 autem
832 2809 923 2849 me
940 2794 1340 2865 adjunxissem
1364 2794 1634 2849 comitem
1652 2794 1723 2848 ad
1745 2791 1913 2847 illum
1939 2809 2071 2864 pro-

418 2884 707 2941 fectionis.
728 2884 799 2938 Et
823 2900 956 2940 cum
978 2900 1081 2955 pro
1102 2900 1263 2938 more
1286 2884 1525 2953 quidem
1543 2884 1785 2953 januam
1807 2882 2073 2953 aperuis-

420 2978 527 3040 set,
551 2972 711 3027 illam
737 2976 794 3027 et
816 2989 923 3028 suo
944 2988 1211 3027 sermone
1233 2972 1512 3044 dignatus
1533 2977 1623 3027 est
1643 2979 1696 3026 et
1718 2970 2074 3026 benedictio-

421 3078 528 3118 ne:
558 3079 648 3118 me
668 3066 863 3117 autem
884 3061 1592 3133 intromissumimpertiit
1631 3061 1841 3132 opibus
1872 3062 2075 3130 depre-

422 3150 689 3206 cationis.
717 3151 793 3204 Ea
815 3167 972 3205 nunc
1000 3166 1235 3222 quoque
1268 3151 1448 3220 fruar,
1474 3155 1536 3205 ut
1556 3150 1655 3222 qui
1679 3151 1915 3205 credam
1938 3164 2071 3203 eum

2150 559 2484 631 manipulos
2504 558 2530 611 ?
2561 556 2701 622 Quis
2728 560 2815 611 est
2849 556 2991 610 adeo
3024 570 3237 622 magna
3258 558 3313 608 et
3334 552 3561 609 excelsa
3600 558 3793 610 mente

2151 650 2449 721 praeditus,
2477 651 2542 702 ut
2573 646 2759 717 possit
2782 646 3030 715 perfecte
3049 643 3262 698 intueri
3286 642 3592 698 facultates
3612 647 3667 698 et
3696 660 3795 699 co-

2153 737 2280 810 pias
2301 736 2572 791 collectas
2593 752 2658 790 ex
2682 734 2957 804 praeclara
2971 733 3340 788 mercatura?
3363 732 3489 787 Scio
3512 731 3798 787 rerumil-

2155 828 2269 881 lius
2301 830 2593 897 gestarum
2614 829 2871 879 vestrum
2903 822 3160 893 pelagus,
3185 827 3243 877 et
3262 823 3389 878 ideo
3407 839 3608 877 vereor
3634 838 3799 877 acce-

2157 918 2291 972 dere
2314 917 2385 971 ad
2410 914 2765 970 narrandam
2805 913 3133 979 historiam,
3177 928 3247 966 ne
3276 913 3559 967 obruatur
3592 910 3796 967 oratio.

2157 1006 2550 1073 Quamobrem
2571 1002 2887 1059 ambulabo
2902 1006 3138 1074 propter
3158 1001 3345 1070 littus,
3370 1006 3425 1055 et
3448 1018 3573 1073 qua:
3590 1001 3646 1055 in
3671 1017 3798 1056 cono

2158 1097 2383 1151 tinente
2397 1099 2559 1167 gesta
2573 1097 2734 1159 sunt,
2751 1097 2881 1147 ante
2895 1106 3054 1146 mare
3069 1091 3138 1145 ad
3150 1091 3408 1146 mirabor
3420 1095 3475 1145 et
3494 1090 3803 1155 enarrabo,

2161 1186 2516 1259 profundum
2542 1187 2736 1238 autem
2760 1181 3086 1251 relinquam
3110 1180 3183 1245 ei,
3204 1181 3325 1249 qui,
3348 1184 3412 1234 ut
3435 1180 3631 1234 divina
3667 1179 3810 1235 dicit

2162 1276 2803 1347 Script.ura,scrutatur
2832 1270 3146 1343 profunda,
3192 1274 3249 1325 et
3285 1268 3515 1326 occulta
3560 1285 3806 1341 cognos-

2163 1365 2242 1420 cit
2271 1367 2319 1433 (l
2358 1364 2592 1432 Con-11;
2630 1364 2766 1416 Dan.
2798 1362 2884 1431 ιι).

2236 1465 2339 1519 Hic
2361 1479 2497 1535 ergo
2522 1462 2710 1533 primo
2735 1464 2994 1530 tempore
3015 1457 3255 1514 certavit
3276 1458 3333 1513 in
3358 1456 3622 1525 Galatia;
3647 1455 3813 1511 illinc

2166 1548 2863 1621 videndigratiavenitin
2888 1547 3281 1613 Palaestinam,
3318 1551 3534 1601 utcum
3571 1546 3817 1601 vidisset

2170 1643 2295 1697 loca
2328 1658 2453 1712 quae
2504 1640 2892 1709 susceperunt
2940 1636 3228 1691 salutares
3271 1635 3598 1707 passiones,
3630 1635 3687 1688 in
3720 1634 3817 1689 his

2169 1732 2349 1787 Deum
2375 1729 2472 1801 qui
2495 1727 2742 1784 servavit
2764 1727 3066 1793 adoraret;
3095 1742 3211 1780 non
3234 1728 3299 1779 ut
3316 1724 3555 1796 quiloco
3571 1724 3820 1779 circum-

2093 1842 2139 1907 B
2170 1820 2463 1877 scribatur
2486 1817 2730 1888 (sciebat
2750 1816 2904 1871 enim
2929 1817 3056 1885 ejus
3080 1818 3351 1869 naturam
3376 1831 3490 1869 non
3515 1830 3683 1886 posse
3707 1813 3817 1867 cir-

2171 1908 2536 1977 cumscribi),
2560 1907 2660 1962 sed
2686 1910 2751 1959 ut
2773 1903 3251 1977 pasceretoculos
3269 1903 3599 1975 spectaculo
3615 1918 3818 1958 eorum

2168 2016 2296 2070 qua:
2310 1996 2745 2061 desiderantur;
2762 1994 3006 2051 necsola
3023 1993 3229 2048 animae
3242 1993 3327 2047 vis
3342 2010 3457 2064 qua
3470 1992 3825 2065 contempla-

2167 2092 2283 2155 tur,
2309 2088 2532 2156 absque
2553 2085 2703 2153 visu,
2729 2082 3272 2156 spiritalialimento
3297 2082 3582 2154 perﬁdem
3610 2082 3826 2137 fruere-

2170 2182 2286 2232 tur.
2311 2176 2387 2232 Iis
2410 2174 2567 2230 enim
2591 2174 2688 2245 qui
2715 2190 2913 2229 amore
2934 2172 3191 2242 aliquem
3216 2176 3658 2243 prosequuntur
3679 2176 3769 2226 est
3791 2188 3826 2225 a

2171 2270 2381 2320 natura
2404 2262 2648 2318 insitum
2684 2267 2747 2317 ut
2774 2278 2891 2317 non
2922 2277 2991 2316 ex
3017 2260 3139 2316 solo
3172 2262 3301 2331 ejus
3323 2264 3562 2332 aspectu
3589 2261 3828 2332 capiant

2170 2354 2551 2425 voluptatem,
2575 2352 2675 2406 sed
2714 2355 2770 2407 et
2793 2351 3032 2406 domum
3057 2354 3113 2405 et
3133 2354 3325 2405 vestes
3360 2354 3417 2404 et
3438 2348 3664 2404 calceos
3684 2364 3826 2404 con-

2171 2442 2667 2514 templenturcum
2682 2438 3259 2512 magnalaetitia.Tali
3277 2438 3335 2493 in
3357 2455 3640 2509 sponsum
3663 2453 3828 2494 amo-

2174 2549 2233 2588 re
2247 2532 2487 2603 praedita
2501 2546 2719 2601 sponsa
2738 2546 2864 2600 qua:
2880 2528 3561 2583 desiderabatinCantico
3576 2527 3831 2582 cantico-

2174 2638 2327 2690 rum,
2352 2620 2666 2685 clamabat,
2686 2619 2908 2673 dicens:
2934 2617 3095 2673 Sicut
3114 2616 3336 2672 malum
3362 2618 3419 2671 in
3438 2615 3615 2689 lignis
3646 2616 3829 2685 silva},

2176 2713 2255 2767 ita
2278 2708 2562 2781 patruelis
2584 2725 2754 2763 meus
2775 2708 2833 2761 in
2864 2707 3052 2762 medio
3079 2706 3359 2761 ﬁliorum.
3381 2705 3441 2760 In
3470 2705 3679 2760 umbra
3701 2705 3833 2776 ejus

2175 2798 2501 2857 desideravi
2528 2802 2585 2853 et
2605 2798 2834 2867 sedi,et
2856 2797 3079 2851 fructus
3119 2797 3247 2866 ejus
3283 2794 3554 2850 dulcisin
3595 2798 3835 2866 gutture

2180 2906 2306 2945 meo
2330 2888 2596 2957 (Cant.n).
2624 2885 2779 2941 Nihil
2801 2902 2937 2958 ergo
2960 2885 3283 2941 absurdum
3307 2887 3363 2938 et
3386 2882 3645 2938 alienum
3690 2882 3829 2937 fecit

2179 2978 2269 3033 hic
2295 2977 2469 3031 homo
2491 2974 2746 3044 divinus,
2772 2974 2871 3045 qui
2895 2973 2952 3028 in
2978 2989 3263 3044 sponsum
3287 2971 3525 3043 quidem
3549 2972 3825 3025 eumdem

2180 3065 2399 3137 accepit
2412 3082 2669 3119 amorem
2683 3109 2695 3132 ,
2710 3064 2919 3119 iisdem
2935 3069 3131 3119 autem
3145 3062 3339 3118 verbis
3355 3076 3500 3115 usus
3514 3060 3833 3130 estquibus

2181 3171 2435 3227 sponsa:
2464 3152 2816 3209 Vulneratus
2838 3171 2970 3208 sum
2995 3170 3123 3224 ego,
3164 3151 3480 3216 clamabat,
3513 3150 3585 3205 ab
3639 3166 3842 3204 amore

419 3244 628 3309 νὶνθτθ,
652 3246 708 3297 ει
728 3259 841 3296 una
872 3258 1006 3297 cum
1026 3240 1253 3313 angelis
1276 3241 1484 3297 ChOPOS
1512 3242 1746 3307 ducere,
1768 3247 1824 3296 εἰ
1848 3239 2056 3310 majori
2091 3216 2132 3281 C
2170 3246 2603 3317 (Cant.iv).Cum
2618 3248 2810 3300 autem
2825 3245 3217 3299 desiderasset
3230 3241 3605 3313 contemplari
3620 3240 3820 3311 sponsi

423 3348 599 3403 quam
634 3331 771 3386 olim
798 3332 947 3402 apud
974 3331 1155 3385 Deum
1182 3331 1264 3386 uti
1298 3330 1531 3385 fiducia.
1568 3332 1700 3385 Eam
1727 3331 1883 3385 enim
1927 3334 2068 3384 tunc

428 3420 782 3475 metiebatur
812 3436 1020 3491 corpus
1052 3420 1325 3485 mortale,
1354 3437 1424 3475 ne
1447 3420 1676 3474 occasio
1721 3418 2069 3489 arrogantiae

431 3510 719 3577 evaderet,
752 3508 801 3563 si
834 3509 1041 3564 fuisset
1073 3510 1262 3578 major
1301 3524 1476 3579 quam
1503 3525 1608 3579 par
1636 3512 1792 3562 esset
1835 3507 2068 3561 ﬁducia.

425 3600 591 3653 Nunc
623 3602 817 3652 autem
850 3597 1116 3667 deposito
1148 3614 1319 3652 onere
1352 3596 1531 3651 animi
1563 3595 2070 3667 perturbationum

428 3691 491 3740 ut
520 3685 733 3740 athleta
758 3684 1001 3741 victoria
1023 3685 1270 3755 potitus,
1301 3686 1516 3740 ﬁducia
1541 3693 1593 3739 et
1622 3684 1807 3739 libera
1832 3683 2072 3755 loquen-

428 3775 484 3829 di
509 3772 783 3829 facultatc
814 3775 997 3829 utitur
1027 3776 1180 3846 apud
1214 3774 1649 3847 agonothetam.
1693 3776 1816 3840 Qua
1847 3773 1915 3827 de
1939 3790 2073 3827 cau-

429 3880 494 3918 sa
526 3879 626 3918 oro
657 3878 887 3935 qnoque
915 3867 979 3919 ut
1000 3865 1127 3935 ejus
1151 3880 1480 3935 consequar
1502 3863 2001 3919 intercessionem.

1071 3981 1297 4036 CAPUT
1346 3981 1437 4036 1X.

1063 4086 1276 4124 rs'raus
1308 4071 1445 4141 (34).

502 4169 579 4223 De
612 4165 792 4223 Gallis
824 4166 1061 4237 quidem
1082 4166 1360 4221 audimus
1391 4165 1491 4236 qui
1515 4170 1652 4221 sunt
1676 4166 1733 4219 in
1758 4166 1988 4235 Europa
2010 4165 2079 4219 ad

432 4258 803 4316 Occidentem
825 4254 1137 4325 (Theodon,
1161 4255 1257 4309 lib.
1292 4272 1346 4309 ιν
1378 4257 1548 4321 Hist,,
1570 4271 1688 4325 cap.
1709 4254 1823 4325 26).
1850 4254 2083 4309 Scimus

435 4353 631 4403 autem
655 4346 806 4401 822
831 4362 929 4400 eos
952 4360 1185 4417 quoque
1212 4346 1313 4416 qui
1345 4349 1484 4399 sunt
1506 4344 1562 4399 in
1583 4344 1721 4399 Asia
1743 4343 1951 4398 abillis
1976 4342 2084 4398 ori~

438 4438 577 4492 undi
602 4437 703 4507 qui
728 4436 896 4490 sedes
919 4436 1170 4490 ﬁxerunt
1211 4440 1447 4506 propter
1480 4434 1731 4488 Pontum
1772 4433 2077 4487 Euxinum.

438 4527 516 4581 Ex
548 4526 621 4580 iis
647 4524 997 4596 germinavit
1026 4525 1236 4579 beatus
1260 4525 1483 4590 Petrus,
1509 4528 1681 4593 atque
1709 4523 1851 4577 adeo
1878 4527 2081 4593 terque

2178 3337 2485 3407 quamdam
2500 3335 2678 3390 veluti
2697 3332 3131 3399 umbram,abiit
3147 3332 3381 3387 visurus
3398 3329 3519 3385 loca
3534 3346 3602 3384 ex
3620 3329 3840 3402 quibus

2180 3426 2575 3482 scaturierunt
2611 3426 2802 3479 fontes
2833 3422 3107 3477 omnibus
3138 3420 3481 3475 hominibus
3513 3420 3824 3475 salutares.

2252 3536 2394 3589 Cum
2421 3549 2559 3604 ergo
2584 3548 2711 3604 quae
2735 3530 3105 3586 desiderabat
3125 3529 3175 3584 ei
3196 3528 3307 3583 frui
3330 3527 3620 3595 licuisset,
3645 3528 3838 3599 profe-

2184 3627 2309 3677 ctus
2324 3621 2560 3692 quidem
2577 3618 3046 3675 estAntiocbiam
3075 3636 3086 3671 :
3113 3634 3246 3673 cum
3271 3621 3467 3672 autem
3488 3616 3732 3671 vidisset
3756 3616 3839 3670 ci—

2182 3712 2379 3766 vitatis
2402 3710 2675 3782 pietatem
2700 3726 2765 3764 ac
2804 3708 3168 3779 religionem,
3202 3712 3501 3763 externam
3537 3705 3835 3777 regionem

2186 3800 2385 3873 patriae
2399 3817 2517 3854 suae
2540 3797 2817 3870 praetulit,
2836 3798 2988 3852 cives
3011 3796 3356 3852 existimans
3376 3811 3491 3850 non
3511 3794 3840 3849 crontribu-

2188 3891 2271 3946 les
2294 3894 2587 3961 cognatos,
2607 3888 2707 3943 sed
2724 3902 2821 3942 eos
2836 3886 2934 3958 qui
2954 3890 3119 3942 erant
3136 3886 3396 3955 ejusdem
3412 3900 3543 3939 eum
3566 3886 3693 3955 ipso
3712 3899 3842 3939 sen-

2188 3978 2401 4045 tentiae,
2429 3985 2481 4032 et
2505 3978 2561 4031 in
2587 3977 2697 4031 lide
2721 3976 2887 4037 socii,
2911 3979 2968 4030 et
2988 3975 3297 4030 trahebant
3319 3974 3694 4043 idemjugum
3720 3972 3840 4042 pie-

2190 4070 2327 4124 tatis
2351 4084 2415 4122 ac
2438 4065 2907 4137 religionis.Cum
2933 4064 3050 4119 illic
3064 4067 3257 4118 autem
3274 4061 3489 4118 morari
3506 4060 3838 4132 placuisset,

2192 4175 2305 4213 non
2329 4156 2589 4213 extendit
2611 4154 3080 4222 tabernaculum,
3100 4170 3211 4208 non
3228 4152 3349 4207 ﬁxit
3373 4150 3699 4223 tugurium,
3721 4166 3837 4203 non

2191 4246 2466 4305 exeitavit
2490 4244 2930 4313 domunculam,
2961 4244 3058 4299 sed
3088 4247 3276 4298 totum
3302 4246 3534 4313 tempus
3556 4238 3844 4307 transegit

2192 4338 2250 4392 in
2276 4337 2463 4391 alieno
2485 4334 2770 4407 sepulcro.
2799 4337 2858 4388 In
2881 4349 2946 4388 eo
2960 4336 3154 4387 autem
3177 4331 3635 4403 eratprojectum
3658 4328 3842 4399 quod-

2194 4426 2328 4479 dam
2361 4422 2633 4493 superius
2665 4420 3017 4487 tabulatum,
3051 4418 3144 4474 cui
3172 4420 3495 4489 conjunctae
3528 4416 3696 4472 scala:
3742 4432 3843 4471 eos

2195 4512 2559 4584 excipiebant
2582 4511 2681 4578 qui
2704 4510 2972 4565 volebant
2994 4509 3327 4565 ascendere.
3354 4509 3413 4563 In
3433 4524 3498 4563 eo
3521 4506 3845 4578 permansit

438 4620 765 4688 quaterque
787 4613 1014 4667 beatus.
1048 4614 1279 4684 Septem
1314 4618 1510 4667 autem
1563 4613 1756 4678 annis,
1802 4616 1864 4666 ut
1895 4611 2079 4678 aiunt,
2112 4603 2157 4666 D
2191 4602 2455 4659 inclusus
2484 4600 2829 4671 longissimo
2851 4604 3128 4670 tempore,
3182 4614 3332 4669 aqua
3384 4596 3621 4668 quidem
3672 4600 3841 4649 utens

438 4709 749 4777 postquam
773 4710 946 4757 natus
968 4706 1078 4767 est,
1103 4718 1136 4757 a
1160 4702 1499 4773 parentibus
1522 4702 1801 4756 educatus
1817 4717 2084 4755 consum-

439 4795 556 4867 psit
577 4798 758 4848 totam
793 4791 1075 4862 reliquam
1107 4791 1285 4845 vitam
1318 4790 1375 4845 in
1403 4790 1786 4863 philosophia)
1809 4791 2081 4845 certami-

438 4883 633 4936 nibus.
659 4880 883 4935 Dicitur
898 4884 1093 4935 autem
1118 4878 1353 4948 obiisse,
1379 4894 1510 4932 cum
1535 4878 1773 4933 vixisset
1795 4878 2084 4948 nonagin-

438 4976 497 5027 ta
528 4975 584 5026 et
613 4986 818 5025 novem
850 4985 1056 5023 annos.

509 5065 651 5115 Eum
676 5075 811 5130 ergo
833 5058 930 5129 qui
958 5056 1277 5128 nonaginta
1299 5060 1356 5112 et
1378 5057 1527 5112 duos
1560 5074 1746 5112 annos
1770 5055 2085 5112 decertavit

438 5156 493 5205 et
524 5155 695 5205 noctu
722 5147 941 5218 diuque
956 5162 1187 5218 semper
1214 5147 1397 5201 victor
1411 5146 1593 5203 evasit
1616 5147 1749 5219 quis
1770 5164 1869 5218 pro
1890 5146 2083 5218 digni-

440 5244 555 5296 tate
585 5238 888 5293 laudavit?
917 5240 1193 5301 Quaenam
1215 5242 1409 5292 autem
1446 5236 1650 5308 lingua
1689 5236 1983 5292 suffecerit
2014 5238 2085 5291 ad

439 5331 567 5400 ejus
593 5328 913 5383 narrandas
940 5344 1030 5381 res
1066 5325 1336 5397 praeclare
1358 5331 1413 5381 et
1443 5343 1508 5380 ex
1539 5327 1748 5381 virtute
1779 5331 1992 5397 gestas,
2027 5327 2085 5380 in

441 5418 692 5490 pueritia
714 5422 770 5471 et
792 5415 1206 5493 adolescentia,
1234 5416 1288 5468 in
1324 5416 1470 5469 virili
1496 5422 1551 5470 et
1576 5417 1630 5469 in
1656 5416 2087 5484 ingravescente

442 5511 624 5572 aetate,
650 5505 778 5561 etin
803 5509 1061 5559 extrema
1081 5504 1416 5559 senectute?
1440 5506 1576 5569 Quis
1610 5504 1773 5559 illum
1811 5505 2085 5559 sudorem

443 5612 683 5653 mensus
708 5593 928 5649 fuerit?
946 5592 1084 5659 Quis
1109 5591 1295 5647 luctas
1320 5610 1444 5663 qua:
1466 5595 1519 5648 in
1546 5598 1706 5649 tanto
1728 5599 1987 5664 tempore
2010 5594 2088 5648 fa-

444 5693 545 5742 ctm
570 5690 708 5743 sunt
733 5682 1198 5740 enumeraverit?
1221 5685 1495 5749 Quaenam
1526 5690 1720 5739 autem
1744 5683 1925 5739 oratio
1950 5698 2084 5738 con-

2194 4694 2401 4760 calida,
2428 4693 2549 4747 solo
2570 4694 2763 4746 autem
2790 4707 2937 4761 pane
2965 4706 3219 4758 vescens,
3257 4688 3433 4758 idque
3480 4702 3593 4741 non
3645 4684 3839 4755 quoti-

2193 4785 2305 4850 die,
2340 4783 2439 4838 sed
2473 4798 2588 4836 uno
2620 4780 2858 4852 quidem
2892 4779 3414 4849 manensjcjunus,
3438 4774 3718 4848 postridie
3741 4792 3844 4829 au-

2194 4878 2309 4928 tem
2343 4888 2410 4927 ea
2440 4887 2704 4927 sumens.

2266 4969 2410 5024 Cum
2435 4974 2626 5022 autem
2651 4965 2887 5038 quidam
2910 4965 3232 5034 insaniens,
3258 4967 3312 5019 et
3338 4964 3528 5017 furore
3556 4960 3849 5033 percitus,

2195 5064 2248 5113 et
2282 5056 2523 5128 maligni
2555 5055 2836 5111 daemonis
2864 5054 3071 5126 plenus
3094 5053 3452 5125 operatione,
3488 5051 3557 5107 ad
3583 5066 3719 5105 eum
3745 5066 3849 5104 ve-

2197 5149 2401 5211 nisset,
2426 5162 2554 5201 eum
2580 5146 2816 5217 quidem
2842 5144 3167 5213 mundavit,
3187 5143 3553 5214 deprecatus,
3572 5144 3627 5195 et
3650 5139 3723 5194 ab
3747 5138 3845 5194 illo

2197 5236 2483 5292 diabolica
2509 5236 2563 5289 fu
2576 5251 2699 5289 rore
2721 5233 3006 5288 liberavit.
3028 5233 3171 5287 Cum
3190 5249 3323 5289 vero
3344 5230 3523 5286 nollet
3546 5229 3725 5294 abire,
3747 5228 3843 5282 sed

2197 5328 2561 5381 obsecrasset
2585 5328 2649 5377 ut
2675 5340 2777 5393 pro
2801 5322 2899 5377 illa
2920 5322 3221 5376 curatione
3243 5322 3290 5376 ei
3316 5337 3491 5376 suum
3517 5318 3846 5390 impertiret

2200 5413 2613 5478 ministerium,
2637 5428 2767 5465 eum
2796 5410 3035 5465 admisit
3059 5417 3338 5465 utsecum
3365 5409 3676 5463 habitaret.
3702 5408 3844 5461 Eum

2198 5522 2299 5574 ego
2328 5501 2557 5569 etnovi,
2592 5506 2648 5554 ct
2681 5499 2920 5554 memini
2946 5499 3239 5565 miraculi,
3273 5507 3319 5553 et
3357 5498 3471 5551 vidi
3523 5496 3851 5551 mercedem

2198 5592 2540 5657 curationis,
2566 5594 2621 5644 et
2646 5588 2838 5643 audivi
2866 5603 3194 5642 sermonem
3220 5603 3393 5657 quem
3419 5587 3489 5640 de
3514 5601 3607 5641 me
3629 5586 3855 5640 habue-

2200 5687 2355 5737 runt.
2391 5679 2632 5737 Dicebat
2663 5679 2818 5734 enim
2847 5676 3281 5746 Danielus(erat
3310 5676 3467 5732 enim
3500 5674 3609 5731 hoc
3642 5673 3723 5729 illi
3752 5690 3861 5729 no-
