4122 6188
279 335 337 390 61
1395 333 1863 400 PHILOTHEUS,
1906 347 2030 389 SIVE
2064 334 2533 389 THEOPHILES.
3597 326 3669 379 62

282 463 401 518 cula
417 460 812 532 evangelicum
825 460 1055 516 vivendi
1068 460 1412 517 institutum
1426 461 1587 516 solus
1606 477 1697 516 am
1708 430 1915 531 plecte-
1946 461 2000 527 Α
2028 464 2093 514 ut
2107 461 2205 531 qui
2220 461 2657 531 navigabant,et
2672 460 2803 530 plus
2817 474 2993 530 quam
3012 456 3168 512 mille
3181 454 3388 513 stadiis
3403 456 3669 520 aberant,

280 550 846 615 batur,viroriundus
860 550 1097 619 quidem
1116 550 1703 620 Antiochia,insignis
1719 556 1911 603 autem

279 641 526 696 claritate
552 639 778 709 generis
802 655 814 691 :
840 640 941 694 sed
966 644 1163 694 tamen
1183 640 1447 705 etdomo,
1472 640 1909 709 etcognatione,

277 736 327 785 et
346 728 620 784 omnibus
638 727 764 783 aliis
786 727 1027 794 relictis,
1053 728 1561 798 pretiosissimam,
1589 733 1652 783 ut
1672 744 1916 799 evange-

276 818 603 883 licedicam,
624 818 762 872 emit
786 808 1166 888 margaritam
1192 816 1401 888 (Matth.
1425 818 1573 887 xm).
1596 820 1675 871 Ac
1696 819 1763 872 de
1788 835 1913 886 ejus

276 907 500 979 quidem
533 923 568 961 a
591 906 715 961 cibo
738 907 1115 972 abstinentia,
1137 913 1191 961 et
1222 908 1513 977 quomodo
1541 907 1703 962 humi
1737 908 1913 962 cuba-

276 1002 373 1061 ret,
402 1007 449 1050 et
471 995 662 1050 cilicio
688 996 783 1049 ind
798 1001 1052 1057 ueretur,
1086 1012 1583 1066 supervacaneum
1608 999 1695 1051 est
1724 996 1916 1051 dicere

275 1085 337 1140 iis
357 1084 597 1155 quiejus
617 1085 814 1139 vident
833 1083 1124 1154 dicipulos
1137 1088 1193 1139 et
1214 1085 1466 1151 sodales,
1492 1091 1549 1140 et
1572 1086 1632 1141 in
1657 1086 1915 1141 eiseam-

275 1176 392 1229 dem
421 1179 675 1229 cernunt
699 1174 929 1229 vivendi
956 1174 1227 1230 formam.
1262 1174 1391 1229 Haec
1412 1179 1610 1230 tamen
1644 1173 1740 1229 ille
1770 1175 1915 1230 insi-

273 1264 448 1336 gniter
478 1264 970 1334 persequebatur,
1003 1268 1069 1318 ut
1104 1264 1203 1334 qui
1252 1265 1507 1335 seipsum
1551 1264 1914 1319 certantibus

274 1356 559 1423 exemplar
582 1357 953 1423 proponeret.
975 1353 1079 1408 His
1102 1356 1297 1407 autem
1322 1352 1635 1422 adjiciebat
1660 1354 1911 1408 ferreum

274 1457 407 1497 onus
430 1440 577 1496 collo
597 1448 650 1495 et
670 1440 895 1496 lumbis
911 1447 968 1496 et
986 1442 1275 1497 ambabus
1300 1442 1597 1497 manibus.
1622 1442 1796 1498 Porro
1816 1460 1916 1498 au-

272 1536 375 1585 tem
411 1531 686 1601 gestabat
716 1547 952 1602 quoque
982 1546 1211 1586 comam
1240 1531 1562 1599 sordidam,
1592 1536 1650 1586 et
1681 1548 1807 1601 qua:
1840 1534 1911 1588 ad

270 1621 411 1692 ipsos
428 1637 624 1691 usque
639 1622 815 1691 pedes
830 1621 1217 1693 pertingehat,
1233 1627 1290 1677 et
1313 1622 1560 1678 ulterius
1573 1623 1749 1679 etiam
1778 1640 1909 1695 pro-

268 1710 655 1781 grediebatur,
688 1714 747 1765 et
776 1710 906 1765 ideo
937 1716 1059 1767 erat
1088 1710 1308 1767 lumbis
1339 1712 1467 1783 ejus
1500 1711 1756 1783 alligata.

328 1833 751 1905 Deprecatione
782 1839 977 1890 autem
1011 1840 1065 1889 et
1096 1835 1413 1907 hymnodia
1447 1840 1616 1891 utens
1650 1836 1906 1903 assidue,

267 1923 665 1993 cupiditatem,
692 1928 747 1979 et
777 1924 950 1993 iram,
1005 1925 1415 1994 arrogantiam,
1449 1930 1505 1979 et
1553 1925 1702 1980 alias
1733 1926 1913 1981 animi

281 2010 492 2066 belluas
523 2011 821 2083 sapiebat.
841 2013 1089 2068 Lahores
1116 2018 1313 2068 autem
1337 2030 1569 2085 semper
1588 2032 1809 2087 augens
1842 2016 1915 2071 la-

274 2103 517 2165 boribus,
538 2102 1148 2173 persequebatureazn
1165 2118 1398 2175 quoque
1420 2120 1547 2174 qua
1564 2105 1834 2160 manibus
1851 2107 1915 2160 ﬁt

274 2191 663 2262 operationem
691 2209 704 2246 ε
723 2208 877 2246 nunc
892 2192 1129 2263 quidem
1146 2192 1454 2264 sportellas
1468 2210 1594 2265 qua:
1609 2201 1853 2250 vocantu
1866 2213 1910 2263 r,

272 2290 315 2335 et
343 2279 633 2335 vimineas
664 2285 854 2336 crates
894 2285 1244 2348 contexens;
1296 2298 1453 2336 nunc
1486 2289 1681 2338 autem
1738 2301 1912 2356 parva

271 2370 468 2439 praedia
491 2370 551 2423 in
580 2369 738 2424 saltu
758 2370 1020 2425 efﬁciens
1043 2372 1177 2441 (36),
1203 2375 1259 2426 et
1282 2372 1510 2427 semina
1532 2373 1833 2444 dejiciens,
1856 2379 1912 2429 et

272 2458 414 2513 illinc
432 2464 735 2529 quantum
754 2460 930 2514 victui
948 2460 1093 2515 satis
1107 2465 1261 2516 esset
1280 2461 1907 2534 colligens.Postquam

274 2554 449 2602 autem
471 2549 831 2618 procedente
844 2550 1246 2620 temporeejus
1266 2551 1419 2606 fama
1440 2553 1693 2623 pervasit
1709 2552 1766 2605 in
1788 2570 1907 2608 om-

270 2653 388 2692 nem
420 2642 680 2707 partem,
715 2638 885 2693 multi
920 2638 1119 2694 multis
1170 2656 1237 2694 ex
1272 2639 1415 2695 locis
1462 2642 1907 2708 concurrebant,

269 2728 383 2795 ejus
408 2732 461 2781 et
484 2727 903 2796 habitationis,
930 2727 1242 2796 etlaboris,
1267 2734 1322 2784 et
1346 2730 1601 2785 instituti
1619 2746 1747 2787 esse
1766 2732 1906 2787 socii

267 2816 554 2886 cupientes
574 2834 591 2868 :
614 2832 763 2887 quos
780 2816 1017 2886 quidem
1034 2817 1346 2888 excipiens,
1364 2820 1431 2873 ad
1451 2821 1714 2875 eamdem
1731 2821 1906 2875 vitam

269 2905 606 2960 deducebat.
640 2905 706 2960 Et
723 2906 916 2961 videre
939 2905 1150 2961 licebat
1174 2906 1319 2962 alios
1340 2908 1574 2978 quidem
1598 2910 1743 2981 vela,
1763 2911 1910 2966 alios

268 3009 383 3047 vero
417 3010 723 3065 sagumnx
757 2993 1009 3064 pellibus
1048 2999 1343 3066 texentes;
1387 2996 1532 3053 alios
1558 3015 1689 3053 vero
1723 3005 1909 3055 crates

268 3083 537 3138 vimineas
569 3082 662 3137 vel
686 3083 996 3153 sportellas
1017 3090 1447 3154 connectentes,
1482 3087 1627 3141 alios
1643 3104 1776 3143 vero
1802 3094 1909 3145 ter-

268 3188 375 3227 ram
408 3172 697 3227 celantes.
723 3173 791 3227 Et
821 3174 1102 3243 quoniam
1127 3175 1290 3230 locus
1312 3181 1434 3231 erat
1456 3178 1811 3248 maritimus,
1838 3184 1905 3237 ad
1941 3193 1984 3259 α

269 3263 776 3318 transmittendum
802 3279 1034 3334 quoque
1052 3266 1303 3334 quadam
1318 3272 1654 3323 constructa
1683 3272 1911 3326 navicu-

270 3350 458 3423 la,quze
473 3356 662 3425 ponto
676 3352 1098 3424 appellatur,ea
1113 3354 1390 3410 utebantu
1403 3357 1509 3411 rad
1524 3374 1590 3411 ea
1604 3374 1730 3429 qua:
1744 3365 1911 3415 erant

268 3442 583 3507 inferenda,
621 3446 677 3496 et
696 3448 1010 3513 exportans
1023 3460 1198 3514 opera
1219 3461 1421 3499 eorum
1436 3446 1534 3517 qui
1553 3448 1729 3502 simul
1746 3448 1909 3503 habi-

274 3533 478 3596 tabant,
508 3535 567 3586 et
604 3530 932 3602 importans
961 3549 1029 3587 ea
1057 3550 1185 3604 quae
1219 3538 1384 3588 erant
1416 3537 1763 3592 necessaria.
1798 3544 1910 3595 Me-

274 3636 381 3674 mor
399 3620 557 3675 enim
594 3620 754 3676 vocis
784 3622 1467 3694 apostolicae,quaedicit:
1494 3624 1677 3681 Noctu
1692 3627 1909 3699 diuque

274 3714 593 3779 sperantes,
633 3726 703 3764 ne
721 3726 985 3765 essemus
1001 3711 1158 3766 oneri
1176 3712 1350 3767 alicui
1364 3719 1624 3770 vestrum
1640 3718 1715 3787 (II
1732 3718 1903 3774 Thess.

276 3800 367 3865 In).
400 3800 464 3853 Et
489 3816 501 3852 :
538 3799 756 3853 Manus
771 3798 857 3853 hae
873 3799 1087 3855 mihiet
1108 3801 1179 3856 iis
1203 3803 1301 3871 qui
1326 3808 1488 3857 erant
1517 3821 1745 3860 mecum
1766 3825 1908 3880 sup-

274 3888 605 3957 peditarunt
636 3888 772 3957 (Act.
806 3890 919 3957 xx).
954 3890 1019 3943 Et
1047 3889 1169 3961 ipse
1202 3891 1524 3957 laborabat,
1548 3899 1605 3948 et
1634 3895 1905 3952 hortaba-

273 3979 500 4032 tursuos
516 3978 991 4048 contubernales,
1009 3983 1071 4033 ut
1086 3996 1218 4034 cum
1234 3981 1447 4035 animae
1462 3981 1761 4039 laboribus
1779 4001 1906 4040 cor-

273 4066 411 4135 poris
440 4082 684 4139 quoque
702 4066 927 4122 labores
941 4069 1383 4140 coniungerent.
1403 4071 1669 4126 Estenim
1696 4074 1908 4129 absur—

271 4154 393 4209 dum
409 4156 521 4209 utii
538 4155 785 4226 quidem
806 4156 902 4225 qui
919 4155 1359 4213 alunturinvita
1374 4159 1659 4227 saeculari,
1676 4178 1736 4217 se
1759 4162 1906 4217 afﬂi-

269 4251 451 4313 gentes
481 4250 540 4299 et
566 4245 904 4299 laborantes
936 4245 1570 4318 alantﬁliosetuxores,
1601 4255 1905 4321 etprreter-

272 4350 342 4386 ea
356 4341 408 4387 et
428 4334 967 4389 tributaconferant
988 4336 1125 4389 etab
1146 4336 1227 4390 eis
1250 4337 1557 4409 exigantur
1578 4341 1904 4411 vestigalia,

273 4430 318 4475 et
349 4429 451 4478 Deo
465 4423 1118 4494 ofi'erantprimitias,et
1134 4426 1535 4482 mendicorum
1555 4444 1656 4498 pro
1682 4429 1905 4485 viribus

276 4514 613 4568 medeantur
642 4512 850 4585 impia:
878 4530 1010 4568 :nos
1025 4518 1219 4569 autem
1237 4532 1351 4570 non
1377 4533 1708 4588 quaaramus
1726 4535 1795 4573 ex
1824 4518 1905 4574 la-

2021 550 2204 607 Deum
2231 550 2537 605 Theodosii
2573 550 2908 603 invocarent
2933 547 2991 601 in
3037 545 3331 617 periculis,
3379 550 3435 599 et
3475 544 3667 597 Theo-

2022 640 2170 695 dosii
2184 640 2573 711 appellatione
2586 640 2857 693 sedarent
2870 640 3295 707 tempestatem.
3314 635 3457 688 Eum
3490 632 3666 686 auda-

2022 746 2117 785 ces
2139 746 2370 800 quoque
2392 734 2448 784 et
2466 729 2753 782 immanes
2778 726 2975 781 hostes
2992 728 3131 779 sunt
3153 722 3401 789 reveriti,
3422 721 3524 791 qui
3550 737 3665 775 ma-

2023 818 2243 873 ximam
2276 818 2527 873 Orientis
2558 820 2779 887 partem
2809 819 2948 868 sunt
2972 810 3326 883 depopulati.
3353 810 3491 875 Quis
3510 808 3661 863 enim

2022 925 2090 963 ex
2113 908 2182 962 iis
2197 908 2297 979 qui
2314 908 2369 961 in
2388 912 2584 961 nostro
2602 903 2902 960 habitahili
2918 904 3057 956 orbe
3080 906 3366 955 terrarum
3382 897 3667 965 habitant,

2025 1015 2139 1054 non
2173 996 2471 1052 auditione
2494 996 2715 1065 accepit
2734 1010 2799 1048 ea
2816 1008 2942 1063 quae
2964 990 3064 1045 illo
3083 996 3343 1059 tempore
3361 988 3511 1040 facta
3530 992 3666 1040 sunt

2026 1087 2199 1142 abiis
2231 1086 2332 1156 qui
2363 1085 2502 1140 olim
2535 1084 2771 1154 quidem
2801 1080 3040 1147 Solymi,
3076 1094 3233 1133 nunc
3256 1080 3453 1131 autem
3478 1075 3667 1129 nomi-

2027 1181 2242 1231 nantur
2273 1176 2457 1229 Isauri
2479 1173 2505 1227 ?
2536 1172 2623 1228 Illi
2647 1177 2841 1227 tamen
2876 1171 2975 1241 qui
3010 1185 3113 1223 nec
3146 1167 3360 1238 oppido
3393 1180 3498 1219 nec
3541 1164 3667 1218 vico

2025 1270 2408 1336 pepercerunt
2436 1269 2493 1318 et
2523 1276 2885 1333 quaecunque
2908 1274 3111 1329 capere
3147 1259 3485 1327 potuerunt,
3518 1250 3666 1306 diri-

2024 1359 2279 1424 puerunt
2309 1359 2365 1407 et
2410 1352 2529 1423 igni
2565 1352 3007 1413 mandaverunt,
3043 1352 3185 1403 sunt
3238 1344 3397 1399 illam
3430 1340 3665 1398 reveriti

2024 1442 2453 1515 philosophiam
2471 1461 2484 1508 ;
2500 1446 2701 1496 etcum
2716 1437 3083 1494 solummodo
3110 1449 3315 1506 panem
3336 1432 3663 1503 petiissent,

2021 1538 2075 1588 et
2097 1539 2158 1587 ut
2181 1550 2280 1603 pro
2297 1549 2358 1587 se
2372 1536 2605 1586 orarent
2626 1528 3077 1599 signiﬁcassent,
3096 1523 3239 1577 illud
3260 1521 3505 1576 illaesum
3526 1518 3666 1573 reli-

2021 1639 2197 1692 quere
2221 1621 2664 1686 monasterium,
2699 1618 2877 1687 idque
2909 1632 3019 1670 non
3037 1612 3357 1678 semel,sed
3381 1610 3557 1665 etiam
3575 1607 3665 1662 bis

2022 1714 2223 1767 fecere.
2259 1710 2431 1768 Veriti
2465 1715 2660 1764 tamen
2708 1706 2983 1778 praesides
3024 1702 3426 1767 ecclesiarum,
3460 1714 3529 1752 ne
3562 1713 3664 1767 pe-

1940 1828 1985 1893 B
2018 1802 2202 1857 cunize
2235 1800 2555 1871 cupiditate
2585 1796 2700 1852 illis
2732 1794 2998 1850 barbaris
3041 1808 3073 1845 a
3105 1788 3336 1893 d‘iabpl'o
3372 1785 3663 1893 immissa,

2026 1892 2317 1962 captivum
2359 1889 2749 1943 abduceretur
2793 1898 3073 1955 magnum
3117 1879 3261 1933 illud
3292 1877 3489 1931 lumen
3520 1878 3668 1943 (erat

2023 1982 2181 2035 enim
2214 1977 2528 2034 verisimile
2560 1978 2677 2031 fore
2702 1980 2764 2029 ut
2790 1988 3004 2043 magna
3036 1970 3121 2023 vis
3145 1967 3406 2039 pecuniae
3434 1965 3505 2020 ad
3530 1980 3664 2018 eum

2025 2070 2427 2126 redimendum
2444 2064 2944 2122 transmitteretur
2960 2061 3029 2114 ab
3045 2058 3319 2113 omnibus
3333 2055 3434 2125 qui
3448 2053 3669 2107 habent

2023 2163 2081 2217 in
2113 2160 2331 2215 honore
2363 2174 2453 2212 res
2483 2156 2754 2220 divinas),
2814 2151 2864 2205 ei
2908 2148 3260 2220 persuadent
3306 2144 3461 2199 826
3510 2146 3574 2197 ut
3604 2157 3667 2196 se

2022 2250 2311 2305 conferret
2340 2243 2729 2301 Antiochiam.
2760 2244 2892 2294 Jam
2915 2238 3071 2293 enim
3100 2233 3359 2305 captivos
3390 2233 3665 2302 ceperant

2021 2338 2168 2393 duos
2189 2336 2463 2409 prasides
2481 2332 2858 2387 ecclesiarum
2885 2346 2898 2393 ;
2925 2343 3023 2381 eos
3046 2324 3282 2396 quidem
3309 2320 3468 2376 omni
3488 2317 3667 2409 ofﬁcii

2020 2407 2231 2498 genere
2262 2430 2401 2482 sunt
2432 2420 2722 2496 prosecuti
2756 2438 2768 2487 ;
2816 2433 2942 2473 cam
2987 2420 3182 2471 autem
3220 2407 3664 2498 quatuordecim

2022 2496 2208 2571 millia
2238 2529 2547 2570 aureorum
2583 2528 2684 2583 pro
2714 2508 2984 2575 utrisque
3016 2502 3411 2572 accepissent:
3448 2496 3665 2569 permi-

2021 2610 2225 2661 serunt
2243 2604 2571 2659 utredirent
2587 2616 2699 2670 quo
2719 2597 2949 2653 vellent.
2976 2598 3289 2663 Potsquam
3308 2592 3503 2643 autem
3531 2602 3661 2657 per-

2020 2695 2177 2751 venit
2202 2690 2596 2755 Antiochiam,
2643 2685 2927 2743 habitavit
2964 2683 3201 2754 quidem
3236 2680 3294 2732 in
3326 2674 3659 2731 habitaculo

2021 2784 2176 2856 quod
2207 2782 2429 2837 invenit
2459 2780 2640 2835 situm
2672 2793 2851 2850 prope
2896 2772 3165 2836 ﬂuvium,
3212 2783 3416 2823 omnes
3464 2770 3660 2819 autem

2021 2874 2193 2930 traxit
2222 2874 2293 2929 ad
2327 2871 2588 2942 seipsum
2622 2867 2720 2938 qui
2751 2864 2949 2920 sciunt
2970 2860 3107 2916 talia
3136 2857 3427 2927 colligere.

2092 2981 2241 3036 Dum
2271 2983 2466 3047 autem
2489 2992 2581 3030 me
2612 2973 2789 3028 trahit
2821 2972 3072 3041 impetus
3095 2962 3400 3029 orationis,
3434 2964 3663 3032 praeter-

2022 3071 2151 3125 misi
2171 3084 2406 3123 narrare
2421 3063 2769 3120 miraculum
2790 3061 2941 3132 quod
2960 3076 2992 3114 a
3006 3058 3198 3112 divino
3213 3053 3294 3107 illi
3310 3052 3427 3107 viro
3443 3051 3659 3106 factum

2022 3166 2130 3221 est,
2163 3159 2317 3229 quod
2351 3156 2550 3211 multis
2570 3153 2804 3225 quidem
2840 3151 3084 3204 fortasse
3108 3143 3397 3198 videbitur
3423 3155 3551 3195 esse
3575 3138 3661 3191 in-

2023 3248 2320 3311 credibile,
2353 3252 2408 3300 st
2456 3248 2650 3299 tamen
2693 3242 2954 3294 remanet
2998 3237 3052 3287 in
3088 3233 3434 3287 hodiernum
3475 3243 3663 3297 usque

2019 3339 2197 3404 diem,
2218 3336 2478 3391 oratione
2507 3329 2827 3386 testiﬁcans
2845 3331 2901 3381 et
2918 3322 3231 3379 ostendens
3255 3317 3482 3387 qualem
3503 3315 3658 3404 apud

2022 3402 2200 3482 Deum
2233 3424 2483 3496 gratiam
2536 3425 2592 3475 et
2632 3416 2906 3472 ﬁduciam
2947 3418 3035 3468 est
3065 3410 3415 3465 consecutus
3445 3404 3540 3459 hic
3570 3402 3660 3457 vir

2019 3513 2405 3573 admirabilis.

2092 3615 2347 3683 Praeceps
2380 3609 2644 3681 quaedam
2672 3600 3112 3678 petraimminet
3132 3591 3485 3652 monasterio
3505 3589 3661 3683 quod

2016 3705 2143 3776 ipse
2158 3679 2499 3759 aediﬁcavit:
2528 3702 2651 3753 erat
2672 3700 2865 3750 autem
2886 3692 3073 3763 primo
3100 3690 3274 3755 sicca,
3300 3681 3535 3777 etomni

2020 3774 2180 3849 more
2210 3808 2410 3847 vacua.
2445 3790 2506 3845 In
2539 3806 2606 3843 ea
2637 3787 2771 3842 fecit
2802 3782 3235 3853 aquaeductum,
3270 3774 3367 3845 qui
3400 3790 3431 3827 a
3452 3774 3665 3825 vertice

2019 3885 2201 3939 fertur
2231 3883 2290 3936 in
2325 3878 2767 3944 monasterium,
2806 3878 3078 3941 tanquam
3099 3868 3197 3939 qui
3236 3868 3455 3919 motum
3478 3875 3660 3930 aqua-

2018 3989 2148 4028 rum
2182 3972 2421 4025 haberet
2452 3970 2509 4022 in
2544 3968 2847 4038 potestate.
2885 3961 3096 4014 Plenus
3128 3959 3323 4011 autem
3358 3948 3571 4005 ﬁducia
3602 3946 3659 4038 in

2018 4062 2195 4117 Deum
2219 4068 2274 4115 et
2291 4036 2811 4117 ﬁrmitercredens,
2832 4055 2895 4105 ut
2915 4054 3003 4105 est
3020 4042 3353 4107 verisimile,
3378 4056 3437 4094 se
3460 4036 3661 4092 Domi-

2018 4167 2157 4205 num
2191 4150 2405 4203 habere
2436 4144 2803 4207 benevolum,
2838 4148 2891 4194 et
2925 4139 3095 4192 ﬁdem
3128 4135 3349 4188 habens
3390 4128 3447 4181 in
3482 4140 3657 4196 quam

2018 4395 2147 4472 sent
2165 4395 2397 4471 sodales
2416 4414 2485 4468 ad
2508 4427 2705 4483 preces
2723 4410 3066 4462 consuetas:
3088 4405 3143 4455 et
3165 4400 3347 4453 Deum
3370 4395 3659 4483 precatus,

2018 4507 2201 4561 fretus
2221 4520 2285 4559 eo
2313 4503 2412 4574 qui
2437 4480 2569 4556 facit
2588 4498 2943 4553 voluntatem
2967 4489 3297 4547 timentium
3322 4497 3455 4539 eum
3482 4480 3658 4574 ςρδᾳι.

744 4568 760 4585 ι
1050 4568 1053 4569 ⁷
1214 4568 1219 4569 ⁷
1258 4568 1350 4570 ""
1388 4568 1705 4588 1""""_‘—'
1730 4568 1795 4573 '—
1824 4568 1878 4574 "'

276 4602 498 4658 boribus
532 4620 608 4658 ea
637 4604 1620 4677 quasuntnecessaria,idquecum
1643 4607 1741 4662 vili
1775 4609 1906 4679 qui-

2026 4596 2224 4663 :xmv),
2258 4568 2418 4663 virga
2448 4590 2543 4646 cui
2574 4587 2809 4643 innixus
2825 4587 2950 4638 erat
2982 4585 3201 4653 petram
3238 4572 3550 4647 percussit.
3586 4573 3662 4623 Ea

279 4689 387 4744 dem
418 4698 475 4746 et
507 4692 744 4746 modico
777 4692 928 4758 cibo,
962 4693 1058 4746 vili
1091 4698 1287 4749 autem
1313 4700 1469 4751 veste
1504 4701 1772 4752 utamur:
1807 4699 1905 4753 sed

274 4781 567 4837 sedeamus
583 4781 820 4852 quidem
834 4797 958 4836 com
972 4782 1186 4851 pressis
1201 4785 1706 4854 manibus,alienis
1722 4791 1908 4843 autem

277 4865 525 4924 fruamur
556 4870 883 4925 laboribus.
917 4871 1046 4925 Hazc
1078 4876 1133 4927 et
1154 4872 1289 4927 talia
1315 4874 1534 4939 dicens,
1567 4874 1911 4930 hortabatur

279 4956 338 5009 ad
363 4960 747 5029 operandum,
783 4960 841 5014 in
875 4963 1911 5036 temporequidemquzesuntuhique

279 5049 606 5120 praescripta
622 5049 820 5103 divina
838 5065 1121 5121 peragens
1140 5051 1349 5119 ofﬁcia,
1370 5053 1425 5107 id
1447 5057 1638 5108 autem
1658 5055 1809 5125 quod
1828 5054 1911 5108 in-

280 5132 599 5192 tercedebat
628 5138 933 5209 temporis,
982 5138 1326 5210 impendens
1357 5142 1538 5212 operi.
1571 5142 1695 5197 Non
1728 5144 1909 5197 levem

278 5229 451 5279 autem
467 5243 672 5281 curam
693 5229 930 5298 gerebat
948 5229 1181 5301 hospitu
1195 5248 1245 5284 m
1259 5273 1271 5297 ,
1291 5230 1431 5284 viris
1456 5230 1693 5286 lenitate
1711 5237 1766 5287 et
1790 5249 1911 5288 mo-

279 5329 392 5367 rum
410 5318 865 5372 mansuetudine
878 5319 1121 5387 ornatis,
1141 5320 1266 5374 etin
1284 5320 1617 5390 proximum
1633 5320 1914 5376 charitate

281 5402 526 5469 praeditis
542 5412 624 5471 ut,
648 5406 735 5462 eis
761 5406 1133 5478 providerent
1153 5410 1531 5465 committens
1549 5434 1562 5477 ;
1578 5410 1703 5481 ipse
1718 5414 1913 5465 autem

278 5489 915 5566 visebatetinspiciebat
934 5497 1154 5564 omnia,
1179 5503 1590 5569 persecrutans
1605 5517 1676 5553 an
1694 5499 1914 5555 exlatis

279 5579 495 5651 legibus
527 5587 936 5656 unusquisque
968 5603 1075 5641 suo
1116 5588 1457 5659 fungeretur
1506 5588 1716 5645 ofﬁcio.
1770 5589 1913 5643 Hinc

280 5664 487 5723 factum
504 5675 795 5729 estnttam
812 5673 1063 5745 insignis
1076 5675 1385 5733 etcelebris
1409 5684 1563 5734 esset
1587 5680 1715 5748 ejus
1738 5680 1912 5745 fama,

2020 4700 2152 4739 vero
2184 4688 2376 4753 rupta,
2398 4697 2550 4751 aqua
2569 4679 2751 4732 instar
2771 4671 3032 4729 fluminis
3055 4664 3323 4723 scaturiit
3349 4680 3361 4717 :
3381 4666 3437 4715 et
3459 4676 3658 4753 mona:

2020 4747 2615 4842 sterium-ingrediens
2646 4783 2749 4837 per
2764 4761 3260 4833 aquaeductum,et
3282 4756 3565 4842 quantum
3591 4747 3660 4800 ad

2022 4878 2257 4919 omnem
2289 4840 2464 4915 usum
2498 4845 3382 4919 sufﬁcitabundesuppeditens,
3414 4840 3472 4892 in
3505 4852 3664 4891 mare

2022 4952 2420 5023 propinquum
2454 4946 2689 5013 influit;
2724 4948 2780 4999 et
2810 4945 2866 4995 in
2902 4939 3247 5023 hodiernum
3282 4926 3662 5023 usque-diem

2023 5017 2357 5096 ostenditur
2388 5053 2637 5109 operans
2687 5032 2938 5088 Mosaica
2969 5024 3167 5098 magni
3197 5017 3501 5109 Theodosii
3532 5032 3658 5109 grav

2022 5130 2124 5184 tia.
2150 5128 2379 5185 Sufﬁcit
2396 5104 2477 5181 vel
2496 5126 2605 5181 hoc
2627 5123 2818 5178 solum
2834 5121 2900 5177 ad
2919 5114 3341 5174 ostendendam
3356 5107 3462 5163 viri
3486 5104 3665 5173 hujus

2024 5235 2162 5291 erga
2195 5220 2375 5273 Deum
2408 5216 2705 5270 ﬁduciam.

2095 5320 2239 5373 Cum
2273 5320 2467 5372 autem
2505 5311 2826 5368 Antiochiae
2872 5307 3114 5363 vixisset
3162 5318 3335 5374 parvo
3384 5303 3669 5367 tempore,

2026 5405 2299 5479 migravit
2328 5405 2397 5459 ad
2431 5403 2640 5458 choros
2672 5399 3036 5471 angelorum.
3062 5395 3168 5449 Per
3193 5390 3443 5446 mediam
3472 5388 3667 5484 autem

2028 5497 2233 5551 urbem
2252 5494 2542 5549 ferebatur
2556 5506 2787 5547 sacrum
2804 5488 3324 5559 corpus,tanquam
3341 5490 3533 5532 aureis
3548 5487 3673 5541 qur

2027 5586 2276 5640 busdam
2303 5583 2552 5648 coronis,
2576 5577 2898 5635 fcretroillo
2932 5577 3289 5635 decoratum,
3315 5581 3446 5621 eum
3466 5575 3670 5617 omnes

2026 5677 2203 5731 duces
2220 5672 2675 5737 concurrissent,
2692 5669 2856 5739 etqui
2876 5679 3117 5737 magnos
3133 5676 3251 5715 suae
3272 5654 3398 5709 ﬁdei
3416 5648 3667 5705 creditos
