4088 6180
451 296 526 352 63
1640 300 1731 353 DE
1768 300 1955 355 VITIS
1990 299 2292 355 PATBUM
2328 300 2545 354 LIBER
2582 299 2680 354 IX.
3782 296 3856 351 64

457 421 739 496 gerebant
771 418 1171 490 magistratus.
1205 420 1285 476 De
1318 420 1497 476 cubili
1527 426 1721 479 autem
1742 427 1868 480 erat
1890 439 2103 495 magna
2129 426 2184 493 Α
2214 418 2663 479 admonitiones.
2685 422 2903 479 Multos
2934 424 3131 479 autem
3156 423 3243 478 vel
3262 421 3385 478 solo
3404 424 3642 493 aspectu
3666 422 3859 478 eﬁ‘ecit

453 512 530 568 lis
543 509 948 575 etdecertatio,
964 525 1096 565 cum
1115 510 1171 564 id
1202 527 1405 567 omnes
1423 513 1651 569 auferre
1664 517 2105 582 contenderent,

454 604 513 658 et
542 616 611 656 ex
639 615 706 655 eo
739 598 1211 657 benedictionem
1244 603 1303 655 et
1333 601 1646 657 utilitatem
1680 605 1975 676 percipere
2006 620 2107 660 cu-

455 691 679 760 perent.
715 687 809 743 Sic
830 686 1042 753 elatus,
1075 687 1393 758 poniturin
1426 691 1545 746 sede
1578 697 1916 748 sanctorum
1952 710 2105 748 mar-

452 782 675 850 tyrum,
702 792 832 831 cum
850 775 1661 852 Julianivictoriainsignisin
1687 781 1896 852 pietate
1917 781 2105 838 athle-

452 871 524 922 ta:
558 865 769 921 fuisset
809 869 865 919 et
914 866 1376 934 contubernalis,
1410 873 1465 923 et
1496 870 1696 925 eodem
1741 875 1892 927 tecto
1940 889 2105 927 usus.

456 956 617 1011 Idem
650 959 847 1009 autem
880 954 1109 1011 loculus
1133 972 1263 1011 eum
1297 958 1660 1031 excepit,qui
1682 960 1846 1015 illum
1876 977 2108 1033 quoque

456 1043 720 1099 divinum
755 1048 811 1099 et
838 1044 1074 1100 beatum
1108 1045 1483 1117 Aphraatem.

537 1134 741 1206 Gregis
775 1138 972 1189 autem
1009 1134 1415 1206 praefecturam
1438 1137 1663 1209 accepit
1682 1138 1982 1195 Helladius
2012 1139 2108 1197 ille

455 1224 847 1291 admirabilis,
882 1223 980 1293 qui
1014 1223 1071 1277 in
1101 1222 1223 1279 illis
1245 1224 1483 1297 quidem
1518 1225 1660 1281 locis
1682 1228 1982 1299 perpetuis
2000 1229 2110 1283 fuit

453 1315 763 1387 sexaginta
776 1313 967 1380 annis,
984 1312 1193 1368 deinde
1209 1313 1453 1370 Cilicum
1486 1316 1767 1372 divinitus
1787 1317 2005 1373 electus
2020 1322 2109 1373 est

457 1406 724 1472 antistes,
772 1418 905 1458 eum
954 1418 1150 1473 neque
1188 1402 1438 1474 priorem
1481 1404 1813 1476 reliquisset
1850 1407 2107 1478 philoso-

460 1495 681 1569 phiam,
714 1495 771 1547 et
795 1490 913 1546 illis
934 1489 1237 1547 laboribus
1255 1492 1630 1563 pontiﬁcatus
1651 1496 1893 1552 sudores
1916 1496 2106 1565 quoti-

464 1585 557 1641 die
588 1583 846 1639 adderet.

533 1673 721 1745 ilujus
752 1685 885 1725 cum
914 1668 1121 1725 beatus
1143 1686 1377 1742 quoque
1400 1670 1686 1728 Romulus
1712 1673 1921 1729 fuisset
1941 1674 2106 1730 audi-

464 1768 576 1832 tor,
609 1762 726 1815 dux
758 1757 996 1814 maximi
1026 1759 1219 1830 gregis
1246 1759 1357 1815 fuit
1386 1766 1635 1817 creatus.

540 1848 871 1905 Permansit
900 1852 1095 1902 autem
1128 1846 1287 1903 illius
1318 1848 1534 1904 chorus
1567 1850 1624 1904 in
1650 1849 1998 1907 hodiernum
2021 1869 2111 1907 us-

469 1955 583 2012 que
616 1938 795 2003 diem,
818 1936 973 1991 idem
998 1953 1237 1993 servans
1263 1937 1389 1992 vitae
1415 1939 1775 1994 institutum.
1799 1944 1897 1995 Est
1920 1945 2114 1997 autem

472 2044 651 2101 prope
682 2026 1107 2081 monasterium
1138 2025 1327 2097 vicus,
1379 2029 1480 2098 qui
1522 2028 1754 2100 Syrisce
1785 2030 2117 2101 appellatur

472 2119 751 2174 Maratus.

546 2217 695 2287 Ergo
727 2218 920 2269 autem
956 2213 1069 2269 ﬁne
1099 2214 1373 2286 imposito
1412 2216 1549 2273 huic
1581 2218 1926 2286 narrationi,
1976 2236 2115 2292 rogo

485 2308 549 2360 ut
579 2305 707 2374 ejus
738 2319 971 2375 quoque
993 2320 1318 2374 consequar
1342 2306 1828 2364 benedictionem.

1110 2409 1344 2465 CAPUT
1380 2412 1474 2466 XI.

1074 2532 1345 2573 noramus
1375 2517 1509 2591 (37).

541 2642 790 2714 Magnus
812 2657 948 2713 ergo
976 2640 1338 2698 Theodosius
1363 2643 1435 2699 ab
1454 2645 1765 2702 Antiochia
1795 2650 2109 2720 profectus,

471 2748 603 2789 cum
630 2732 687 2786 in
712 2731 1011 2786 montibus
1039 2730 1264 2787 Rosicis
1278 2732 1653 2801 decertasset,
1672 2740 1728 2791 et
1742 2737 2109 2795 Antiochiam

470 2837 738 2877 reversus
770 2824 943 2891 esset,
967 2820 1051 2875 sic
1071 2820 1200 2875 vitae
1232 2820 1406 2877 ﬁnem
1430 2824 1653 2894 accepit
1676 2826 1980 2896 (Theodor.,
2010 2830 2109 2886 lib.

472 2926 529 2965 ιν
560 2908 726 2975 Hist,
758 2924 877 2980 cap.
912 2909 1023 2979 26).
1057 2908 1297 2964 Divinus
1314 2913 1508 2965 autem
1546 2912 1865 2985 Romanus,
1900 2917 2035 2972 Rosi
2056 2922 2113 2972 et

471 3001 668 3065 natus,
715 3002 773 3053 et
822 2997 1077 3069 primum
1130 2998 1435 3066 educatus,
1492 3000 1813 3058 Antiochiae
1854 3006 2111 3060 ostendit

470 3088 655 3159 prima
685 3086 920 3141 virtutis
952 3086 1289 3153 certamina,
1340 3092 1500 3144 extra
1532 3091 1819 3147 ambitum
1869 3094 2105 3164 quidem

2211 529 2405 568 rerum
2424 513 2755 568 divinarum
2772 517 3084 568 amatores.
3100 512 3240 580 Quis
3256 511 3413 568 enim
3435 527 3549 566 non
3574 516 3725 567 esset
3740 512 3856 567 mi-

2211 603 2461 657 randum
2493 602 2549 657 in
2585 603 2825 658 modum
2876 603 3224 673 admiratus,
3255 618 3388 657 cum
3436 600 3662 656 videret
3720 615 3857 657 eum

2212 709 2453 762 corpore
2485 692 2790 757 afﬂictum,
2814 696 2871 747 et
2888 691 2985 762 qui
3003 690 3282 763 prolixam
3300 690 3569 761 gestabat
3600 706 3855 759 comam,

2211 781 2365 836 827
2400 785 2456 835 et
2480 781 2801 835 maximum
2830 781 2961 835 ferri
2994 781 3224 851 pondus
3244 795 3350 834 suo
3373 784 3579 850 sponte
3614 779 3861 847 ferebat,

2210 877 2265 926 et
2293 874 2450 926 veste
2480 888 2548 925 ex
2578 869 2712 941 pilis
2736 873 3003 925 contexta
3023 869 3314 938 utebatur,
3337 872 3393 923 et
3410 870 3637 922 tantum
3666 868 3859 939 capie-

2210 960 2311 1015 bat
2336 959 2603 1015 alimenti
2638 962 2927 1029 quantum
2959 957 3103 1013 satis
3136 962 3260 1012 erat
3316 957 3387 1012 ad
3422 956 3856 1028 prohibendum

2212 1065 2282 1105 ne
2317 1048 2467 1103 fame
2503 1054 2830 1104 moreretur
2848 1048 2874 1102 ?

2282 1137 2670 1209 Magnitudini
2704 1140 2897 1191 autem
2923 1139 2978 1191 et
3010 1134 3376 1190 multitudini
3400 1134 3668 1190 laborum
3693 1150 3861 1190 acce-

2211 1228 2387 1283 debat
2417 1243 2543 1298 quaa
2577 1226 2634 1280 in
2667 1242 2731 1281 eo
2754 1225 2994 1281 ﬂorebat
3018 1226 3231 1297 gratia,
3254 1241 3371 1296 qua
3390 1224 3626 1296 quidem
3659 1240 3863 1281 omnes

2213 1317 2741 1390 persuadebantur,
2776 1321 2839 1371 ut
2870 1331 3004 1370 eum
3058 1314 3498 1370 admirarentur
3526 1318 3585 1369 et
3640 1314 3863 1369 honore

2212 1405 2534 1463 efficerent.
2566 1405 2881 1462 Multorum
2905 1404 3060 1462 enim
3086 1421 3238 1475 sape
3268 1404 3506 1459 morbos
3528 1404 3717 1476 exegit
3745 1403 3861 1457 dif-

2212 1495 2415 1563 ﬁciles,
2436 1495 2637 1551 multis
2656 1500 2849 1551 autem
2871 1494 3166 1550 sterilibus
3192 1493 3538 1548 mulieribus
3569 1493 3720 1551 ﬁlios
3751 1492 3862 1548 im-

2212 1586 2480 1657 petravit.
2516 1585 2579 1639 Et
2607 1601 2741 1641 cum
2774 1590 2996 1639 tantam
3023 1601 3056 1637 a
3077 1583 3272 1638 divino
3294 1583 3510 1655 Spiritu
3545 1582 3867 1653 accepisset

2214 1678 2587 1747 potestatem,
2620 1674 2880 1746 seipsum
2905 1672 3240 1745 appellabat
3268 1688 3516 1743 egenum
3551 1675 3608 1728 et
3638 1671 3866 1727 mendi-

2218 1782 2373 1821 cum.
2408 1768 2700 1834 Quotquot
2730 1766 2928 1836 itaque
2955 1765 3024 1818 ad
3068 1779 3202 1817 eum
3242 1762 3629 1832 ventitabant,
3680 1778 3777 1817 eos
3808 1766 3866 1815 et

2225 1858 2460 1926 aspectu
2494 1859 2550 1909 et
2581 1870 2867 1921 sermone,
2900 1856 3019 1908 toto
3050 1852 3174 1907 vitm
3217 1868 3333 1907 suae
3366 1855 3627 1923 tempore
3656 1848 3863 1922 imple-

2226 1943 2308 1998 vit
2340 1942 2612 1998 utilitate.

2294 2038 2471 2088 Porro
2503 2037 2699 2088 autem
2732 2047 2863 2087 cum
2894 2030 3032 2085 hinc
3064 2047 3297 2102 quoque
3338 2029 3701 2097 excessisset,
3728 2027 3861 2083 etin

2225 2122 2554 2193 angelicum
2587 2122 2830 2177 chorum
2846 2119 3348 2184 essettranslatus,
3380 2118 3619 2189 reliquit
3643 2132 3863 2172 memo-

2225 2212 2369 2267 riam
2402 2228 2531 2283 quae
2563 2228 2678 2266 non
2710 2211 2822 2265 fuit
2852 2209 3078 2281 sepulta
3101 2208 3278 2264 simul
3311 2224 3441 2263 cum
3467 2223 3728 2278 corpore,
3763 2206 3863 2260 sed

2224 2318 2351 2371 quae
2372 2301 2546 2373 viget,
2578 2301 2763 2367 floret,
2796 2304 2852 2355 et
2881 2299 3189 2371 germinat,
3213 2302 3269 2353 ct
3293 2314 3421 2369 quae
3442 2295 3734 2369 exstingui
3752 2312 3866 2349 non

2224 2394 2436 2462 potest,
2461 2390 2561 2445 sed
2594 2406 2825 2462 semper
2847 2392 3170 2460 permanet,
3202 2392 3258 2444 et
3281 2404 3406 2459 quae
3425 2386 3640 2442 sufﬁcit
3669 2384 3739 2439 ad
3770 2399 3869 2439 eos

2223 2479 2321 2550 qui
2352 2478 2556 2533 volunt
2586 2478 2966 2548 adjuvandos.
3002 2480 3148 2534 Cum
3182 2476 3318 2530 hinc
3360 2476 3558 2546 itaque
3589 2472 3871 2528 benedic-

2220 2568 2438 2623 tionem
2473 2567 3040 2633 mihiconciliavero,
3066 2566 3312 2621 aliorum
3338 2580 3569 2637 quoque
3607 2562 3863 2618 athleta-

2222 2673 2353 2711 rum
2386 2673 2477 2711 res
2504 2664 2696 2727 gestas
2728 2656 2998 2720 narrabo,
3040 2660 3105 2708 ut
3136 2658 3357 2725 potero.

2851 2744 3088 2799 CAPUT
3110 2743 3227 2798 XII.

2886 2849 3029 2888 ΖεΝο
3061 2832 3195 2904 (38).

2290 2926 2577 2979 Zenonem
2594 2921 3001 2977 admirabilem
3026 2938 3139 2976 non
3170 2919 3337 2975 multi
3357 2918 3594 2991 quidem
3623 2933 3866 2989 cognos—

2220 3018 2402 3079 cunt;
2446 3012 2543 3085 qui
2566 3014 2929 3083 cognoscunt
2949 3015 3300 3076 autem,non
3327 3011 3575 3080 possunt
3594 3006 3876 3061 admirari

2220 3119 2325 3175 pro
2360 3100 2645 3173 dignitate
2675 3100 3169 3169 (Theodor.,lib.1v
3198 3094 3871 3168 Hist.,cap.26).lsenim

469 3175 721 3232 civitatis
748 3177 818 3231 ad
844 3175 999 3231 latus
1032 3176 1248 3232 montis
1280 3176 1390 3233 ﬁxo
1414 3179 1809 3251 tabernaculo,
1844 3182 1900 3237 in
1926 3183 2116 3240 aliena
2142 3175 2183 3241 C
2222 3207 2354 3246 cum
2390 3190 2675 3245 maximas
2708 3205 2846 3260 opes
2876 3188 3214 3259 reliquisset
3248 3187 3304 3241 in
3340 3186 3527 3257 patria
3558 3186 3647 3256 (ea
3672 3187 3873 3239 autem

471 3269 672 3321 autem
695 3264 1050 3321 domuncula
1070 3281 1254 3338 eaque
1278 3284 1453 3338 parva
1473 3269 1672 3326 vivens
1689 3274 1805 3327 toto
1831 3277 1944 3328 tem
1957 3291 2110 3345 pore.

472 3355 787 3425 Nunquam
822 3358 1009 3409 autem
1040 3370 1227 3425 usque
1257 3355 1328 3409 ad
1369 3361 1729 3413 senectutem
1763 3376 1951 3432 neque
1981 3362 2115 3434 igne

472 3461 620 3501 usus
670 3446 782 3507 est,
828 3458 1019 3514 neque
1070 3442 1292 3499 lumine
1322 3444 1593 3502 lucernae.
1628 3447 1804 3504 Cibus
1835 3456 2029 3505 autem
2064 3452 2113 3507 ei

474 3536 599 3589 erat
632 3532 803 3603 panis
826 3534 884 3587 et
910 3532 995 3586 sal
1023 3552 1036 3599 ;
1065 3536 1445 3603 potusautem
1472 3536 1778 3593 fontanum
1805 3539 2113 3598 fluentum.

474 3622 609 3677 Erat
639 3624 833 3676 autem
867 3636 1035 3675 coma
1064 3636 1278 3693 magno
1308 3622 1633 3681 Theodosio
1656 3627 1902 3696 similis;
1935 3633 2115 3687 vestis

475 3714 671 3766 autem
703 3709 921 3763 ferrum
955 3726 1189 3781 quoque
1222 3712 1512 3769 similiter.

546 3796 881 3854 Abundavit
911 3802 1106 3854 autem
1140 3798 1235 3855 hic
1264 3804 1321 3855 et
1369 3819 1599 3859 morum
1645 3806 2021 3879 simplicitate
2052 3828 2117 3868 ac

481 3886 938 3945 mansuetudine
967 3892 1025 3943 et
1043 3889 1461 3959 moderatione,
1486 3897 1542 3947 et
1568 3894 1694 3949 ideo
1718 3897 2118 3971 emisitsplen-

479 3979 679 4032 dorem
695 3976 902 4031 divinas
917 3978 1134 4049 gratiae.
1150 3981 1541 4050 Superquem,
1558 3982 2113 4059 inquit,respiciam,

480 4067 589 4121 nisi
605 4082 779 4137 super
798 4065 997 4121 mitem
1021 4066 1796 4137 etquietum,et§trementcm
1816 4093 2117 4134 sermones

477 4173 639 4213 meos
670 4154 859 4227 (Isaia:
882 4156 1029 4226 va1)
1054 4156 1080 4209 ?
1109 4160 1238 4211 Jam
1278 4173 1411 4215 vero
1446 4177 1649 4216 rursus
1701 4180 1932 4237 quoque
1973 4169 2119 4225 dixit

476 4246 602 4302 suis
634 4243 986 4316 discipulis:
1024 4244 1243 4300 Discite
1272 4251 1723 4320 ame,quoniam
1739 4254 1896 4310 mitis
1915 4274 2045 4311 sum
2064 4264 2119 4315 et

475 4334 719 4390 humilis
745 4334 938 4404 corde,
963 4338 1019 4388 et
1048 4333 1355 4391 invenietis
1388 4339 1648 4410 requiem
1681 4342 1991 4403 animabus
2024 4364 2119 4403 ve-

478 4425 618 4481 stris
660 4424 873 4493 (Matth.
908 4425 988 4493 x1)
1051 4424 1115 4477 Et
1146 4441 1388 4480 rursus:
1423 4427 1579 4483 Beati
1616 4430 1807 4502 mites,
1842 4437 2119 4505 quoniam

479 4512 595 4585 ipsi
656 4512 1085 4567 hmreditabunt
1142 4517 1353 4569 terram
1401 4516 1609 4587 (Matth.
1653 4522 1726 4592 v).
1789 4524 2113 4586 Quinetiam

482 4599 1066 4673 Moysislegisl‘atoris
1090 4602 1333 4658 erathoc
1346 4605 1430 4660 vel
1448 4608 1961 4684 maximeinsigne.
1984 4617 2121 4672 Erat

480 4691 665 4762 enim,
697 4690 915 4763 inquit,
949 4691 1171 4763 Moyses
1190 4694 1757 4769 mitissimuspraater
1787 4720 1989 4760 omnes
2020 4706 2118 4761 ho-

482 4780 670 4836 mines
702 4780 803 4853 qui
834 4785 999 4836 erant
1028 4799 1208 4854 super
1246 4788 1459 4840 terram
1508 4787 1690 4858 (Num.
1745 4809 1844 4847 xu.
1903 4794 2019 4850 Hoc
2052 4797 2121 4852 de

478 4869 768 4943 propheta
799 4869 1012 4926 Davide
1044 4875 1294 4928 testatus
1326 4891 1558 4947 quoque
1591 4882 1678 4934 est
1707 4883 2121 4941 sanctissimus

483 4959 779 5031 Spiritus:
816 4960 1108 5016 Memento
1140 4963 1317 5029 enim,
1341 4965 1555 5035 inquit,
1580 4969 1821 5023 Domine
1845 4971 2046 5043 David,
2068 4978 2123 5029 et

480 5048 673 5103 omnis
693 5051 1164 5107 mansuetudinis
1195 5054 1521 5125 ejus(l’.ml.
1556 5060 1765 5129 cxxxi).
1803 5060 2122 5119 Didicimus

483 5138 662 5192 etiam
694 5138 765 5192 de
796 5138 1341 5210 patriarchaJacob,
1366 5145 1519 5214 quod
1545 5162 1659 5200 non
1688 5148 1856 5203 fictus
1878 5155 1999 5205 erat
2021 5153 2121 5207 do-

487 5243 651 5281 mum
677 5226 957 5284 habitans
988 5228 1137 5298 (Gen.
1167 5232 1323 5299 xxv).’
1355 5234 1466 5288 Has
1494 5234 1741 5292 virtutes
1773 5255 1904 5294 cum
1938 5241 2127 5297 instar

482 5316 611 5385 apis
643 5314 973 5388 collegisset
1004 5333 1071 5372 ex
1101 5317 1314 5373 divinis
1346 5319 1463 5375 illis
1495 5324 1699 5393 pratis,
1734 5327 1845 5381 mel
1879 5331 2127 5386 confecit

484 5419 635 5459 vera:
666 5402 1067 5476 philosophiae.
1095 5406 1809 5470 Profundebanturautem
1834 5418 1963 5489 ejus
1983 5436 2125 5490 quo-

486 5510 599 5565 que
631 5493 687 5547 in
720 5498 991 5550 externos
1023 5495 1721 5567 fluentajucundissima:
1755 5509 1811 5560 et
1843 5507 1913 5562 iis
1937 5510 2124 5579 quiad

488 5583 684 5654 ipsum
700 5582 1026 5652 veniebant,
1048 5584 1161 5640 leni
1186 5603 1251 5642 ac
1268 5582 1570 5647 dulcivoce
1606 5597 1797 5662 utens,
1831 5597 1901 5651 de
1932 5615 2128 5655 amore

487 5672 549 5726 in
584 5672 814 5739 fratres,
849 5672 919 5728 de
949 5675 1264 5732 concordia
1294 5682 1349 5732 et
1378 5695 1539 5750 pace,
1589 5681 1805 5740 multas
1853 5685 2130 5745 offerebat

2217 3285 2338 3336 erat
2357 3278 2594 3348 Pontus)
2610 3277 2808 3349 magni
2827 3276 3160 3348 quidem,ut
3177 3276 3429 3340 dicebat,
3450 3273 3651 3329 Basilii
3678 3272 3877 3328 hausit

2220 3370 2460 3436 ﬁuenta,
2493 3369 2590 3439 qui
2624 3371 2749 3422 erat
2780 3366 3033 3435 vicinus,
3059 3370 3116 3421 et
3144 3365 3551 3436 Cappadocum
3584 3362 3874 3433 irrigabat

2218 3456 2916 3531 regionem:irrigatione
2941 3460 3135 3511 autem
3172 3454 3380 3525 dignos
3403 3453 3632 3508 fructus
3673 3451 3873 3505 reddi-

2220 3547 2324 3601 dit.
2349 3547 2494 3601 Cum
2524 3546 2778 3617 primum
2805 3545 2959 3599 enim
2986 3544 3307 3615 imperator
3334 3542 3548 3597 Valens
3568 3539 3776 3595 fuisset
3799 3540 3871 3594 de

2221 3636 2411 3691 medio
2443 3635 2735 3702 sublatus,
2769 3632 3021 3688 militare
3049 3632 3321 3704 deposuit
3368 3629 3710 3703 cingulum:
3745 3633 3875 3684 erat
3932 3622 3939 3630 ’

2220 3733 2409 3782 autem
2446 3723 2740 3794 ascriptus
2778 3723 2836 3777 in
2888 3736 3201 3777 numerum
3248 3736 3452 3776 eorum
3484 3720 3584 3792 qui
3644 3719 3873 3773 litteras

2221 3812 2591 3885 imperatoris
2627 3812 2891 3868 ferebant
2921 3810 3206 3867 celeriter.
3240 3814 3385 3865 Cum
3416 3813 3611 3864 autem
3649 3825 3682 3863 a
3712 3808 3876 3879 regia

2219 3902 2474 3958 venisset
2498 3901 2556 3955 in
2592 3901 2887 3972 quoddam
2923 3899 3491 3971 sepulcrum(multa
3513 3903 3710 3953 autem
3736 3902 3880 3952 sunt

2221 3992 2280 4047 in
2313 3994 2530 4057 monte)
2563 3990 2717 4062 quod
2752 3993 2841 4044 est
2871 3988 3051 4044 situm
3076 4005 3254 4060 prope
3284 3987 3681 4056 Antiochiam,
3714 3985 3875 4042 solus

2220 4082 2341 4138 illic
2374 4083 2623 4154 degebat
2652 4096 2988 4153 expurgans
3021 4081 3299 4143 animam,
3334 4083 3391 4133 et
3438 4079 3570 4147 ejus
3616 4081 3877 4131 contem-

2224 4172 2423 4245 plandi
2456 4171 2787 4227 facultatem
2813 4186 3045 4242 semper
3088 4171 3440 4237 emundans,
3502 4171 3560 4221 et
3611 4166 3873 4220 divinam

2222 4261 2774 4333 contemplationem
2802 4276 3031 4332 semper
3062 4259 3285 4313 visione
3306 4256 3776 4328 apprehendens,
3817 4259 3879 4307 et

2227 4352 2323 4407 Dei
2343 4366 2625 4406 ascensus
2647 4349 2704 4404 in
2720 4351 2889 4405 corde
2914 4350 3562 4420 disponéns,etpennas
3585 4348 3875 4416 tanquam

2233 4439 2521 4495 columbas
2543 4439 2803 4509 accipere
2827 4439 3167 4493 desiderans
3192 4441 3248 4491 et
3265 4436 3320 4489 in
3338 4434 3592 4490 divinam
3614 4432 3877 4505 requiem

2154 4565 2200 4627 Β
2227 4528 2456 4586 evolare
2488 4528 2733 4597 cupiens
2766 4529 2935 4597 (Psal.
2992 4544 3245 4593 Lxxxm;
3303 4525 3451 4579 Psal.
3503 4524 3635 4594 LIV).
3672 4527 3749 4576 Ea
3803 4523 3876 4578 de

2229 4635 2409 4674 causa
2424 4634 2539 4672 non
2566 4616 3024 4683 habuitlectum,
3047 4632 3162 4670 non
3178 4614 3504 4678 lucernam,
3525 4629 3641 4667 non
3659 4612 3877 4681 locum,

2230 4726 2343 4764 non
2380 4707 2578 4771 ollam,
2611 4723 2725 4761 non
2758 4710 3011 4777 guttum,
3038 4722 3152 4760 non
3186 4702 3471 4773 arculam,
3506 4702 3879 4769 nonlibrum,

2231 4815 2345 4853 non
2380 4796 2599 4868 aliquid
2636 4794 2793 4850 aliud
2831 4816 2843 4864 ;
2882 4796 2976 4851 sed
3031 4798 3154 4850 erat
3185 4793 3421 4864 quidem
3458 4792 3670 4863 pannis
3704 4792 3877 4846 indu-

2232 4892 2327 4942 tus
2366 4884 2676 4952 veteribus,
2706 4889 2872 4939 erant
2900 4899 3133 4956 quoque
3161 4882 3337 4938 calcei
3371 4881 3665 4952 ejusmodi
3697 4885 3761 4935 ut
3789 4881 3880 4936 in-

2233 4976 2500 5046 digerent
2528 4973 2802 5041 vinculis,
2836 4978 2960 5029 erat
2986 4972 3141 5027 enim
3177 4970 3476 5026 divulsum
3517 4987 3583 5025 ac
3614 4971 3880 5042 discerp-

2233 5070 2357 5120 tum
2394 5062 2685 5119 solearum
2719 5064 2962 5119 corium.
2988 5062 3071 5117 Ab
3104 5078 3218 5117 uno
3249 5065 3445 5115 autem
3475 5078 3542 5116 ex
3576 5059 3882 5115 familiari-

2237 5154 2346 5208 bus
2380 5152 2778 5207 necessarium
2813 5151 3135 5223 accipiebat
3185 5150 3557 5205 alimentum.
3592 5150 3651 5204 Id
3686 5153 3880 5203 autem

2235 5246 2359 5296 erat
2378 5257 2532 5294 unus
2547 5241 2738 5312 panis,
2765 5241 2861 5311 qui
2886 5241 3117 5295 duobus
3132 5239 3625 5310 suppeditabatur
3639 5237 3881 5306 diebus;

2237 5345 2449 5400 aquam
2484 5335 2679 5385 autem
2707 5329 2909 5401 procul
2963 5329 3261 5395 hauriens,
3306 5329 3527 5384 ferebat
3556 5327 3705 5398 ipse.
3739 5326 3883 5381 Cum

2238 5419 2371 5490 quis
2403 5422 2597 5475 autem
2624 5436 2758 5475 eum
2775 5420 3092 5491 aliquando
3106 5418 3349 5474 vidisset
3363 5434 3512 5473 onus
3527 5421 3882 5488 portantem,

2240 5510 2481 5575 rogabat
2512 5513 2574 5564 ut
2605 5525 2733 5564 eum
2769 5508 2985 5565 levaret
3018 5509 3237 5564 labore.
3274 5508 3376 5563 llle
3401 5511 3594 5562 autem
3623 5506 3880 5578 primum

2238 5599 2474 5669 quidem
2500 5599 2847 5668 resistebat;
2875 5600 3089 5657 docens
3122 5617 3183 5655 se
3208 5614 3319 5653 nun
3343 5613 3515 5668 posse
3534 5596 3587 5651 in
3616 5595 3876 5651 animum

2244 5689 2523 5744 inducere
2556 5690 2617 5743 ut
2641 5688 2864 5745 biberet
2896 5705 3108 5761 aquam
3155 5704 3280 5759 qua:
3328 5688 3482 5741 esset
3530 5689 3758 5756 portata
3805 5685 3874 5739 ab
