4122 6188
371 342 444 396 65

1504 342 1976 412 puiwraaus,
2018 355 2142 396 srva
2178 340 2652 398 THEOPHILES.

3714 344 3785 399 66

368 466 504 523 alio.
538 471 859 539 Postquam
891 471 1088 523 autem
1120 484 1234 523 non
1268 469 1585 539 persuasit,
1618 467 1776 523 dedit
1804 484 1981 522 urnas
2008 483 2020 521 :
2054 476 2105 541 Α
2137 466 2238 538 qui
2269 469 2450 523 totam
2481 466 2645 522 illam
2676 470 2969 522 catervam
3012 466 3399 538 expellebant,
3444 469 3555 526 Deo
3588 472 3783 527 mani-

371 558 595 613 ferebat
618 557 940 613 enimduas
963 558 1251 613 ambabus
1270 558 1572 613 manibus:
1600 562 1909 629 postquam
1928 574 2025 611 au-

366 651 489 701 tem
524 646 635 701 fuit
658 647 813 701 intra
844 655 1071 717 portam
1113 647 1272 715 atrii,
1296 663 1428 701 cum
1476 663 1691 717 aquam
1722 645 2027 701 effudisset

366 742 425 790 et
455 735 859 807 dispersisset,
910 753 1116 791 rursus
1145 736 1406 791 cucurrit.
1436 738 1506 791 ad
1560 738 1804 805 fontem,
1838 735 2029 805 reipsa

365 825 736 881 conﬁrmans
770 841 901 895 quae
930 825 1179 880 dixerat.

438 950 621 1005 Porro
642 954 836 1004 autem
862 965 967 1020 ego
980 966 1232 1022 quoque,
1258 951 1492 1021 quando
1516 965 1648 1004 eum
1667 949 1920 1021 primum
1936 950 2030 1004 de-

364 1039 644 1095 siderans
665 1039 859 1095 videre
878 1039 994 1110 (39)
1017 1040 1256 1095 ascendi
1279 1041 1336 1094 in
1363 1044 1650 1106 montem,
1673 1039 1870 1110 aspexi
1892 1054 2026 1094 eum

364 1133 672 1184 tenentem
690 1145 869 1184 urnas
885 1128 1178 1184 manibus.
1195 1128 1412 1184 Deinde
1428 1129 1621 1200 rogavi
1636 1145 1770 1184 eum
1786 1128 2028 1183 ubinam

361 1222 532 1274 esset
575 1218 943 1274 admirabilis
974 1218 1223 1274 Zenonis
1266 1217 1698 1274 habitaculum.
1735 1220 1787 1273 Is
1829 1222 2025 1273 autem

361 1307 523 1362 dixit
545 1324 608 1362 se
635 1306 866 1362 nullum
894 1324 1067 1362 nosse
1085 1306 1441 1363 monachum
1466 1307 1566 1378 qui
1591 1307 1675 1363 sic
1698 1305 2028 1379 appellare-

358 1400 484 1451 tur.
522 1400 640 1467 Ego
671 1401 866 1451 autem
900 1413 1035 1451 cum
1068 1413 1203 1452 eum
1233 1396 1430 1468 ipsum
1466 1412 1594 1452 esse
1614 1397 2024 1467 conjecissem,

358 1490 613 1540 secutus
635 1502 791 1551 sum,
824 1484 881 1539 id
907 1484 1224 1554 conjiciens
1252 1501 1319 1539 ex
1340 1486 1468 1555 ejus
1491 1487 1778 1541 sermonis
1798 1486 2028 1541 modes-

359 1576 469 1631 tia.
509 1579 832 1645 Postquam
853 1578 1045 1628 autem
1066 1575 1370 1646 ingressus
1394 1592 1525 1630 sum
1548 1574 1763 1631 ostium
1799 1574 1915 1629 vidi
1940 1579 2032 1629 to-

356 1680 500 1717 rum
518 1680 588 1718 ex
604 1664 1234 1729 fenoconstructum,et
1248 1664 1561 1735 quamdam
1580 1663 1755 1719 aliam
1772 1669 2023 1719 stoream

352 1753 443 1807 ita
477 1768 663 1823 super
700 1752 922 1823 lapides
970 1756 1236 1819 stratam,
1271 1756 1334 1807 ut
1363 1752 1459 1823 qui
1486 1768 1663 1823 super
1686 1752 1845 1807 illam
1889 1754 2025 1809 sede

355 1842 543 1905 bant,
566 1841 638 1895 ab
662 1857 726 1895 ea
747 1840 992 1895 minime
1015 1840 1378 1895 laederenter.
1401 1840 1713 1911 Postquam
1734 1845 1929 1896 autem
1954 1842 2031 1896 de‘
2056 1850 2101 1914 Β

355 1929 753 2002 philos0phia
778 1928 969 1984 multa
990 1930 1163 1984 verba
1186 1930 1428 1985 fecimus
1452 1949 1465 1997 ;
1488 1946 1592 2001 ego
1614 1930 1772 1985 enim
1796 1931 2035 1987 interro-

352 2020 741 2091 gabam,ipse
765 2038 896 2076 vero
920 2020 1089 2075 nobis
1106 2020 1432 2092 explicabat
1454 2037 1523 2075 ea
1544 2038 1669 2092 qua:
1686 2022 2031 2092 quaereban-

355 2117 506 2165 tur:
558 2116 617 2166 et
666 2111 968 2182 oportebat
1017 2110 1294 2183 deinceps
1343 2112 1582 2167 domum
1634 2111 1878 2179 reverti;
1929 2128 2032 2183 ego

356 2216 509 2254 eum
546 2200 827 2271 precabar
858 2205 922 2254 ut
956 2200 1122 2254 daret
1147 2199 1421 2255 viaticum
1446 2200 1909 2256 benedictionis:
1935 2200 2033 2257 ille

357 2294 579 2343 autem
603 2289 984 2360 repugnabat,
1014 2288 1212 2343 dicens
1228 2305 1458 2359 aequum
1478 2305 1607 2344 esse
1624 2297 1684 2344 ut
1705 2307 1811 2345 nos
1834 2306 2032 2361 preces

356 2377 781 2448 impleremus,
797 2382 851 2432 et
866 2377 1123 2449 seipsum
1140 2377 1373 2448 quidem
1391 2378 1619 2449 privatu
1632 2396 1703 2446 m,
1722 2383 2031 2435 nosautem

353 2464 614 2533 milites,
646 2464 951 2538 appellans
975 2484 989 2535 ;
1010 2472 1148 2521 tunc
1170 2466 1323 2521 enim
1350 2466 2030 2539 sacroslibroslegebam

350 2553 465 2610 Dei
488 2554 880 2626 populo.Cum
900 2572 1006 2610 nos
1024 2560 1220 2611 autem
1235 2556 1606 2627 juventutem
1630 2562 1685 2611 et
1706 2556 1895 2612 atatis
1918 2557 2028 2611 im-

352 2646 779 2699 maturitatem
798 2644 907 2699 add
921 2660 1225 2699 uceremus
1244 2646 1405 2716 (tunc
1423 2646 1576 2700 enim
1595 2645 1849 2717 primum
1886 2662 2031 2717 pau-

361 2750 506 2787 eam
547 2733 866 2804 quamdam
900 2734 1371 2804 producebamus
1408 2734 1773 2805 lanuginem)
1801 2736 2027 2804 etjura-

364 2839 587 2877 remus
608 2838 716 2877 D08
742 2839 855 2877 non
881 2838 1010 2877 8888
1030 2839 1233 2878 τυτευε
1267 2827 1565 2893 venturos,
1609 2822 1657 2877 εἰ
1690 2840 2031 2895 cogeremur

366 2912 493 2967 hoc
533 2911 743 2979 facere,
765 2911 858 2966 vix
887 2912 1122 2966 tandem
1144 2911 1379 2982 quidem
1407 2912 1610 2967 multis
1642 2912 1825 2968 ﬂexus
1846 2914 2031 2985 preci-

362 3002 515 3067 bus,
546 3004 661 3054 Deo
692 2998 905 3055 obtulit
932 2999 1167 3071 quidem
1202 3000 1683 3057 intercessionem
1709 3021 1723 3070 ;
1750 3003 1849 3057 sed
1874 3003 2028 3073 quod

358 3091 422 3144 id
467 3089 732 3155 fecisset,
769 3087 970 3144 multis
992 3088 1183 3144 verbis
1208 3105 1269 3145 se
1300 3090 1620 3155 excusavit,
1654 3091 1855 3147 dicens
1887 3108 1948 3146 se
1971 3090 2027 3146 id

354 3178 586 3234 fecisse
600 3182 658 3232 et
671 3178 889 3233 amoris
902 3194 1082 3233 causa
1095 3184 1150 3233 et
1171 3177 1535 3245 obedientize,
1553 3180 2025 3251 appropinquan-

359 3272 457 3323 tes
477 3266 646 3323 enim
670 3267 1006 3322 audivimus
1031 3274 1381 3339 precantem.
1407 3267 1567 3331 Quod
1597 3272 1790 3323 autem
1816 3268 1873 3323 in
1905 3275 2026 3324 tam

358 3374 473 3429 pro
485 3356 675 3411 funda
704 3355 1270 3427 philosophia,tanta
1287 3362 1439 3411 esset
1455 3357 1743 3412 modestia
1759 3375 1824 3413 ac
1839 3359 2032 3414 mode-

357 3445 603 3501 ratione
627 3443 715 3499 vir
738 3444 1342 3517 senex(quadraginta
1362 3445 1517 3500 enim
1543 3445 1715 3501 annis
1730 3448 2027 3519 perpetuis

355 3540 651 3590 versatus
671 3533 865 3588 eratin
881 3534 1856 3606 monasticaexercitationne),quis
1880 3537 2027 3593 satis

363 3641 477 3697 pro
523 3623 815 3695 dignitate
846 3623 1101 3696 potuerit
1129 3624 1460 3678 admirari?
1508 3640 1799 3695 quasnam
1827 3630 2023 3681 autem

360 3713 581 3768 laudes
606 3712 687 3767 rei
719 3710 1115 3783 magnitudini
1141 3728 1307 3783 pares
1330 3713 1589 3784 potuerit
1611 3714 1815 3770 afferre
1834 3714 1861 3767 ?
1881 3718 2024 3770 Cum

357 3808 570 3857 autem
608 3801 848 3855 virtutis
880 3800 1027 3856 tales
1058 3802 1387 3872 possideret
1416 3818 1576 3875 opes,
1610 3807 1894 3874 tanquam
1926 3804 2025 3876 qui

356 3897 527 3947 esset
552 3890 611 3949 in
637 3894 894 3946 extrema
916 3890 1135 3962 inopia,
1160 3891 1231 3946 ad
1256 3890 1356 3946 Dei
1385 3891 1693 3948 ecclesiam
1718 3893 1810 3947 die
1836 3894 2026 3949 Domi-

356 3982 501 4036 nico
516 3980 795 4035 veniebat
809 3996 943 4035 cum
961 3978 1196 4052 populo,
1214 3980 1444 4036 divinos
1462 3981 1708 4037 audiens
1727 3999 2026 4039 sermones

359 4076 419 4126 et
452 4086 639 4126 aures
672 4070 1128 4125 accommodans
1180 4071 1559 4133 doctoribus;
1608 4075 1665 4126 et
1710 4077 2023 4144 postquam

363 4174 640 4215 mensam
688 4158 1103 4230 participasset
1146 4160 1477 4232 mysticam,
1525 4161 1922 4215 revertebatur
1963 4162 2023 4218 in

362 4262 586 4302 novum
622 4244 769 4300 illud
792 4245 1220 4316 habitaculum,
1247 4264 1360 4301 non
1387 4246 1612 4303 habens
1636 4246 1881 4315 clavem,
1908 4266 2022 4304 non

361 4337 727 4406 claustrum,
749 4336 1369 4408 non828relinquens
1383 4338 1709 4393 custodem:
1728 4343 1851 4393 erat
1865 4339 2022 4394 enim

361 4425 666 4482 maleﬁcia
702 4425 877 4497 plane
910 4427 1135 4483 invium
1172 4432 1229 4482 et
1258 4431 1726 4495 sacrosanctum,
1770 4433 1835 4483 ut
1870 4430 2023 4500 quod

362 4516 558 4572 solam
582 4514 752 4569 illam
777 4515 1020 4571 haberet
1044 4520 1324 4571 stoream.
1360 4516 1548 4571 Unum
1576 4522 1772 4571 autem
1804 4516 2021 4573 librum

362 4605 669 4676 accipiens
705 4604 1172 4675 afamiliaribus,
1207 4622 1340 4661 eum
1375 4610 1562 4661 totum
1595 4606 1846 4679 legebat,
1888 4611 2020 4664 eteo
2051 4585 2099 4646 D

365 4696 531 4765 prius
556 4697 807 4763 reddito,
833 4695 1018 4750 alium
1044 4695 1385 4765 accipiebat.
1410 4696 1518 4752 Sed
1542 4695 1678 4751 licet
1699 4712 1801 4752 nec
1826 4696 2021 4753 claus-

365 4790 458 4839 tra
479 4784 752 4853 haberet,
785 4802 891 4841 nec
922 4786 1183 4841 vectibus
1215 4790 1498 4853 uteretur,
1534 4786 2024 4842 custodiebatura

366 4889 630 4943 superna
649 4872 865 4945 gratia;
883 4872 1058 4943 idque
1077 4872 1381 4944 peripsam
1394 4873 1810 4945 experientiam
1828 4879 2025 4946 aperte

371 4961 720 5017 didicimus.
755 4962 1000 5027 Quando
1032 4962 1187 5016 enim
1225 4963 1410 5017 lsauri
1444 4979 1548 5034 per
1578 4963 1827 5019 insidias
1851 4967 2022 5018 noctu

375 5067 570 5106 arcem
604 5067 831 5121 cepere,
866 5051 1074 5106 deinde
1108 5068 1276 5106 mane
1307 5068 1497 5124 usque
1530 5052 1600 5106 ad
1631 5051 1785 5107 latus
1810 5053 2025 5108 montis

372 5140 672 5195 faciebant
699 5139 1093 5208 incursiones,
1110 5141 1327 5196 multos
1346 5140 1585 5210 quidem
1608 5141 1781 5208 viros,
1802 5145 1857 5196 et
1879 5140 2028 5195 mul-

370 5234 462 5283 tas
515 5230 800 5285 mulieres
832 5246 957 5299 quae
1002 5230 1182 5284 vitam
1217 5229 1563 5285 exercebant
1612 5230 2023 5297 monasticam,

374 5318 695 5374 crudeliter
726 5318 1035 5374 confodere
1062 5336 1074 5374 :
1126 5325 1267 5373 tunc
1300 5334 1435 5390 ergo
1465 5319 1553 5373 vir
1599 5318 1854 5388 divinus,
1884 5319 2031 5374 alio-

370 5424 504 5462 rum
538 5410 762 5464 caedem
793 5408 1055 5475 intuens,
1090 5408 1282 5464 effecit
1312 5408 1573 5464 oratione
1606 5413 1670 5464 ut
1690 5425 1893 5463 eorum
1929 5426 2027 5464 ca-

374 5494 629 5568 ligarent
661 5496 843 5566 oculi,
866 5501 924 5552 et
954 5512 1055 5568 per
1086 5496 1303 5551 ostium
1337 5496 1758 5569 ingredientes,
1795 5515 1910 5553 non
1942 5497 2028 5552 vi-

368 5586 585 5641 debant
615 5586 844 5641 aditum
871 5603 885 5642 :
922 5590 985 5641 ut
1001 5590 1197 5641 autem
1214 5586 1692 5653 dicebat,testem
1718 5586 2025 5658 appellans

364 5676 694 5747 veritatem,
744 5680 940 5747 aperte
971 5690 1206 5747 quoque
1254 5680 1375 5731 tres
1406 5676 1553 5732 vidit
1593 5675 2025 5745 adolescentes,

2058 3216 2100 3282 (Σ

2138 558 2283 613 feste
2304 574 2474 613 suam
2508 558 2849 612 ostendente
2881 558 3151 630 gratiam.

2208 646 2449 712 Qualem
2494 663 2630 719 ergo
2674 647 2855 702 vitam
2907 646 3093 717 egerit
3138 645 3233 701 hic
3277 648 3363 703 vir
3411 648 3669 716 divinus,
3723 654 3783 707 et

2138 735 2371 807 qualem
2388 738 2463 791 sit
2477 737 2757 792 divinitus
2771 736 3017 808 gratiam
3034 738 3437 807 assecutus,ad
3452 739 3780 795 docendum

2137 824 2260 879 haec
2286 825 2608 883 sufficiunt.
2631 827 2738 880 Sed
2758 825 2913 881 enim
2940 841 3175 881 necesse
3197 825 3411 882 esthoc
3432 842 3665 899 quoque
3689 828 3781 883 his

2140 914 2410 983 adjicere.
2436 914 2619 970 Valde
2639 930 2772 991 eum
2793 915 3043 985 augebat
3064 917 3122 970 et
3143 913 3294 971 male
3316 914 3587 985 habebat,
3618 917 3778 987 quod

2140 1003 2267 1073 ejus
2300 1003 2656 1059 mansissent
2687 1003 3015 1069 facultates,
3050 1007 3107 1058 et
3136 1020 3250 1060 non
3279 1019 3347 1058 ex
3369 1003 3495 1075 lege
3535 1021 3783 1077 evange-

2140 1090 2250 1145 lica
2263 1097 2319 1147 et
2339 1093 2567 1148 venund
2580 1097 2685 1148 atas
2707 1097 2905 1148 essent
2924 1096 2980 1147 et
3002 1092 3329 1147 distributae
3356 1092 3562 1163 :hujus
3583 1097 3779 1149 autem

2140 1196 2318 1236 causa
2346 1181 2458 1236 fuit
2490 1182 2734 1236 fratrum
2762 1185 2900 1237 aetas
2922 1181 3259 1237 immatura.
3299 1182 3591 1246 Quoniam
3624 1182 3781 1239 enim

2139 1273 2302 1325 erant
2340 1287 2684 1326 communes
2716 1275 2772 1325 et
2809 1271 3068 1341 pecuniae
3099 1276 3157 1326 et
3186 1273 3615 1342 possessiones,
3655 1271 3784 1344 ipse

2137 1358 2377 1429 quidem
2402 1360 2633 1415 nolebat
2656 1360 2963 1415 divisionis
2986 1376 3162 1416 causa
3183 1359 3371 1416 redire
3404 1361 3462 1415 in
3489 1361 3740 1432 patriam
3767 1377 3781 1417 :

2137 1448 2231 1503 alii
2254 1453 2448 1505 autem
2471 1449 2817 1505 verebantur
2838 1450 3082 1504 vendere
3098 1454 3321 1520 partem
3342 1465 3583 1506 suarum
3602 1449 3783 1506 tacul-

2137 1542 2348 1606 tatum,
2381 1554 2453 1593 ne
2483 1543 2775 1610 emptores
2809 1539 2952 1593 moti
2986 1539 3248 1606 avaritia,
3284 1540 3491 1595 fratres
3524 1540 3783 1595 circum-

2139 1627 2481 1693 scribentes,
2502 1627 2587 1682 illi
2610 1628 2913 1682 inurerent
2950 1626 3360 1698 ignominiam.
3387 1627 3517 1683 Hec
3537 1629 3695 1700 apud
3717 1643 3780 1684 se

2138 1716 2335 1771 animo
2348 1734 2610 1785 versans,
2626 1717 2727 1772 diu
2746 1716 2979 1772 distulit
2997 1716 3397 1773 venditionem
3415 1736 3429 1786 ;
3450 1722 3654 1789 postea
3674 1734 3782 1773 au-

2140 1809 2253 1860 tem
2287 1822 2421 1861 cum
2453 1806 2684 1861 cuidam
2714 1822 2781 1861 ex
2812 1806 2968 1861 notis
3015 1806 3139 1862 suis
3161 1806 3519 1863 vendidisset
3564 1808 3783 1879 omnia,

2140 1893 2387 1964 plurima
2409 1895 2641 1965 quidem
2663 1894 2963 1951 distribuit
2986 1894 3248 1951 :interim
3265 1898 3462 1951 autem
3488 1896 3782 1968 malaque:

2140 1983 2351 2038 accidit
2367 1983 2650 2051 valetudo,
2672 1985 2861 2055 coegit
2890 2001 3022 2039 eum
3055 1984 3392 2040 consultare
3421 1986 3493 2041 de
3516 1986 3780 2057 reliquis.

2138 2072 2432 2127 Accersito
2456 2072 2655 2143 itaque
2682 2072 2941 2128 antistite
2959 2073 3293 2145 civitatis(is
3307 2080 3500 2129 autem
3514 2078 3635 2130 erat
3655 2092 3784 2130 ma-

2140 2176 2290 2231 gnus
2320 2160 2665 2227 Alexander,
2690 2160 2967 2233 splendor
2986 2178 3132 2217 vere
3165 2162 3488 2233 religionis,
3512 2169 3569 2218 et
3589 2178 3784 2219 exem-

2140 2249 2268 2321 plar
2279 2249 2534 2317 virtutis,
2550 2254 2814 2307 exactaet
2835 2258 3105 2306 accurata
3124 2250 3316 2323 imago
3339 2251 3778 2325 philosOphiaa):

2138 2338 2459 2407 Adesdum,
2492 2338 2749 2410 inquit,o
2780 2338 3042 2394 divinum
3101 2348 3295 2411 caput,
3326 2340 3537 2396 harum
3569 2345 3634 2396 tu
3684 2357 3783 2411 pe-

2139 2428 2445 2483 cuniarum
2475 2428 2559 2484 sis
2591 2427 2737 2486 mihi
2767 2428 3029 2501 optimus
3061 2444 3423 2499 oeconomus,
3456 2445 3556 2485 eas
3578 2445 3649 2485 ex
3691 2429 3780 2484 di-

2137 2515 2269 2571 vino
2296 2516 2569 2572 instituto
2588 2516 2971 2586 distribuens,
2999 2517 3480 2588 tanquamjudici
3501 2517 3590 2573 illi
3614 2518 3785 2576 ratio-

2138 2621 2272 2659 nem
2287 2606 2645 2661 redditurus.
2660 2606 2821 2661 Alias
2851 2607 3005 2661 enim
3021 2622 3127 2678 ego
3142 2623 3317 2662 manu
3334 2607 3784 2680 meadispensa-

2137 2694 2661 2764 vi,etdistribui,ut
2682 2694 2823 2750 mihi
2845 2696 3010 2751 visus
3032 2712 3165 2751 sum
3187 2695 3433 2767 optime;
3453 2696 3659 2753 vellem
3685 2714 3783 2753 au-

2134 2787 2254 2839 tem
2271 2783 2743 2856 reliquaquoque
2772 2784 3115 2856 dispensare
3148 2783 3459 2840 similiter:
3493 2786 3597 2841 sed
3638 2803 3785 2857 quo-

2136 2872 2324 2942 niamj
2337 2873 2516 2928 ubeor
2528 2874 2779 2945 migrare
2797 2890 2862 2928 ex
2882 2872 2991 2929 hac
3008 2874 3207 2940 vita,te
3222 2890 3327 2945 ego
3341 2890 3540 2929 earum
3555 2874 3776 2931 consti-

2136 2966 2236 3017 tuo
2259 2961 2853 3034 dispensatorem,qui
2866 2979 2927 3018 es
2944 2967 3001 3019 et
3014 2964 3355 3034 pontifex,et
3369 2963 3775 3034 pontificatum

2135 3049 2363 3121 legibus
2394 3056 2549 3107 recte
2580 3052 2754 3125 geris.
2804 3053 3093 3109 Pecunias
3144 3052 3342 3124 itaque
3364 3056 3647 3124 tanquam
3674 3052 3777 3109 Dei

2135 3140 2407 3209 quaestori
2442 3140 2700 3195 tradidit.
2732 3141 2859 3212 Ipse
2884 3144 3080 3196 autem
3112 3157 3246 3196 cum
3278 3158 3392 3197 non
3428 3141 3560 3213 plus
3594 3159 3774 3214 quam

2138 3244 2357 3283 annum
2379 3227 2618 3283 vixisset
2642 3230 2750 3299 (40)
2774 3234 2991 3299 postea,
3017 3236 3300 3300 tanquam
3324 3230 3565 3301 quidam
3589 3231 3781 3304 Olym-

2131 3317 2301 3387 picus
2326 3316 2509 3372 victor
2528 3316 2772 3372 recessit
2792 3334 2825 3371 a
2847 3318 3054 3388 septis,
3079 3335 3195 3373 non
3218 3319 3291 3374 ab
3311 3318 3654 3375 hominibus
3677 3337 3776 3375 so-

2130 3407 2256 3460 lum
2287 3404 2535 3477 gloriam
2569 3410 2896 3475 assecutus,
2930 3408 3031 3462 sed
3062 3406 3238 3462 etiam
3270 3407 3341 3461 ab
3373 3407 3618 3479 angelis.

2203 3495 2321 3565 Ego
2351 3498 2546 3550 autem
2578 3510 2711 3549 cum
2744 3511 2878 3551 eum
2912 3500 2977 3551 ut
2998 3512 3102 3568 pro
3130 3512 3221 3551 me
3244 3497 3314 3550 ad
3347 3495 3656 3554 Dominum
3684 3498 3774 3554 in-

2129 3584 2321 3639 terced
2332 3587 2409 3652 at,
2434 3599 2693 3653 oravere,
2717 3600 2810 3640 me
2832 3585 2903 3640 ad
2922 3584 3100 3641 aliam
3124 3589 3457 3642 convertam
3484 3589 3741 3642 narratio
3757 3616 3778 3628 -

2130 3688 2287 3729 nem.

2732 3756 2960 3828 CAPUT
2998 3773 3155 3829 x111.

2691 3879 3057 3918 macsnomus
3105 3863 3219 3934 (41)

2200 3977 2606 4033 Macedonium
2625 3978 3198 4051 autem,cognomine
3220 3976 3587 4055 Κριθοφάγον,
3607 3979 3664 4034 id
3693 3983 3782 4034 est

2130 4074 2455 4123 vescentem
2484 4068 2700 4124 hordeo
2726 4069 2803 4138 {is
2836 4069 2990 4123 enim
3023 4068 3191 4124 cibus
3225 4068 3331 4124 hoc
3365 4069 3415 4124 ei
3446 4085 3777 4141 cognomen

2132 4157 2459 4228 imposuit),
2482 4158 2679 4213 sciunt
2702 4158 2940 4229 quidem
2962 4175 3165 4214 omnes
3188 4158 3493 4213 Phoenices
3507 4168 3561 4213 et
3580 4158 3708 4230 Syri
3725 4161 3783 4213 et

2132 4245 2577 4318 Cylices:sciunt
2599 4251 2795 4302 autem
2822 4247 3031 4301 horum
3056 4263 3291 4318 quoque
3315 4246 3486 4301 vicini
3520 4251 3577 4301 et
3599 4246 3782 4300 ﬁniti-

2132 4336 2234 4403 mi,
2268 4336 2367 4407 qui
2392 4336 2603 4406 partim
2628 4334 2861 4406 quidem
2885 4336 2996 4407 ipsi
3021 4335 3215 4391 videre
3240 4334 3545 4400 miracula,
3564 4336 3779 4406 partim

2128 4430 2325 4481 autem
2358 4441 2425 4480 ea
2456 4426 2670 4480 famam
2704 4423 3094 4479 celebrantem
3121 4423 3623 4494 audivere.Neque
3644 4440 3781 4479 vero

2132 4514 2327 4569 sciunt
2355 4530 2556 4569 omnes
2586 4514 2816 4581 omnia;
2842 4514 2942 4569 sed
2975 4530 3107 4569 cum
3141 4513 3236 4569 alii
3270 4514 3507 4585 quidem
3532 4513 3662 4579 hoc,
3683 4512 3782 4567 alii

2129 4620 2263 4659 vero
2294 4602 2437 4657 illud
2463 4602 2792 4670 didicerint,
2827 4605 2981 4675 quod
3007 4604 3203 4658 sciunt
3234 4604 3441 4659 merito
3464 4603 3654 4659 solum
3680 4603 3785 4657 ad-

2135 4693 2445 4748 mirantur.
2474 4692 2588 4764 Ego
2613 4696 2809 4747 autem
2842 4709 2975 4748 cum
3000 4694 3069 4748 de
3092 4693 3200 4749 hoc
3223 4692 3415 4748 divino
3442 4693 3629 4764 capite
3651 4691 3783 4748 aliis

2134 4782 2315 4837 sciam
2348 4781 2661 4853 perfectius
2694 4781 2905 4853 (multa
2934 4781 3090 4837 enim
3125 4799 3197 4837 ne
3252 4787 3565 4839 moverunt
3595 4786 3661 4837 ut
3710 4781 3781 4837 ad

2133 4888 2267 4927 eum
2300 4871 2443 4926 irem
2493 4875 2550 4925 et
2580 4872 2857 4941 frequens
2890 4872 3045 4944 apud
3086 4888 3221 4927 eum
3259 4874 3499 4939 essem),
3532 4871 3783 4926 narrabo

2135 4960 2371 5032 singula
2393 4964 2455 5015 ut
2475 4966 2737 5032 potuero.
2766 4964 2926 5015 [tunc
2950 4965 3143 5016 autem
3169 4960 3219 5016 ei
3246 4960 3514 5016 ordinem
3538 4960 3785 5024 servavi,

2134 5055 2191 5105 et
2224 5056 2352 5118 post
2383 5048 2621 5117 multos,
2657 5050 2784 5120 ejus
2826 5049 2992 5121 posui
3023 5049 3447 5116 narrationem,
3482 5065 3598 5104 non
3630 5049 3784 5119 quod

2136 5140 2187 5194 is
2220 5136 2350 5193 aliis
2382 5138 2557 5193 fuerit
2586 5138 2805 5194 virtute
2828 5139 3123 5193 secundus
3146 5141 3294 5208 (erat
3316 5138 3473 5194 enim
3500 5138 3584 5193 vel
3618 5155 3785 5194 sum-

2138 5229 2252 5283 mis
2282 5232 2338 5283 et
2371 5226 2575 5299 primis
2608 5227 2891 5298 azqualis),
2925 5228 3023 5282 sed
3059 5229 3212 5299 quod
3246 5244 3379 5283 cum
3414 5228 3617 5283 vixerit
3647 5227 3785 5283 lon-

2137 5316 2382 5388 gissimo
2414 5320 2697 5387 tempore,
2731 5321 2863 5388 post
2894 5316 3026 5373 illos
3058 5333 3311 5388 quorum
3359 5316 3623 5383 memini,
3654 5317 3784 5371 vita}

2136 5407 2315 5461 ﬁnem
2348 5406 2592 5476 accepit.

2208 5495 2310 5551 Hic
2342 5510 2478 5565 ergo
2508 5493 2763 5550 habebat
2779 5494 3107 5567 palenstram
3124 5500 3181 5551 et
3196 5494 3453 5551 stadium
3477 5492 3785 5550 cacumina

2138 5585 2431 5640 montium
2449 5599 2463 5638 :
2480 5600 2592 5639 non
2614 5583 2802 5639 inuno
2819 5583 2944 5641 loco
2968 5584 3217 5658 positus,
3242 5585 3343 5641 sed
3364 5602 3519 5639 nunc
3542 5581 3782 5653 quidem

2136 5675 2197 5729 in
2231 5673 2339 5729 hoc
2373 5688 2739 5745 agens,nnnc
2768 5691 2900 5730 vero
2922 5676 2981 5731 in
3003 5674 3171 5731 illum
3204 5674 3519 5730 transiens.
3541 5669 3657 5725 Hoc
3678 5684 3783 5725 au-
