4088 6180
479 249 549 302 67
1648 235 1743 287 DE
1781 233 1973 286 VITIS
2012 231 2311 285 PATRUM
2348 230 2561 284 LIBER
2599 232 2695 285 IX.
3810 226 3881 280 68

483 379 599 430 tem
634 368 903 433 faciebat,
938 381 1055 419 non
1086 361 1214 419 loca
1238 376 1388 432 aegre
1420 360 1633 422 ferens,
1661 357 1761 412 sed
1795 371 1997 411 eorum
2028 352 2127 424 qui
2159 373 2209 438 Α
2241 370 2308 409 ea
2341 370 2517 425 quam
2543 355 3154 411 desiderabatvicendi
3189 354 3431 409 ratione.
3457 354 3563 410 Sed
3587 357 3729 409 tunc
3748 354 3882 425 qui-

486 465 551 517 ad
586 462 778 531 ipsum
811 452 1254 519 conveniebant,
1286 458 1341 504 et
1372 448 1630 518 undique
1677 445 2127 507 concurrebant,

483 550 768 620 effugiens
783 543 1247 600 multitudinem.
1264 538 1655 610 Quadraginta
1669 540 1862 591 autem
1886 531 2128 603 etquin-

482 656 595 711 que
615 637 783 695 annis
805 632 1103 706 perpetuis
1126 629 1388 684 vixithoc
1402 626 1724 695 modo,non
1750 629 1921 678 utens
1940 622 2128 676 laber-

480 727 714 793 naculo,
748 742 863 780 non
898 724 1133 794 tugurio
1160 740 1173 788 ;
1200 718 1299 773 sed
1335 722 1495 772 stans
1526 715 1585 769 in
1620 715 1777 769 fossa
1808 711 2123 783 profunda;

482 819 637 873 unde
650 817 825 870 etiam
845 814 1084 884 quidam
1105 825 1239 864 eum
1252 804 1815 862 vocabantGubham
1830 842 1840 855 .
1857 801 1917 856 Id
1933 803 2126 854 autem

481 922 716 970 nomen,
735 903 780 959 si
812 918 880 957 ex
913 901 1117 971 lingua
1138 898 1369 969 Syriaca
1395 895 1453 949 in
1480 895 1732 949 Graacam
1750 891 2126 956 tranferatur,

477 996 774 1069 significat
791 989 1080 1055 λάκκον,ἱά
1106 993 1196 1043 est
1218 987 1433 1040 lacum.
1467 986 1604 1038 Post
1634 982 1690 1035 id
1724 984 1922 1035 autem
1976 982 2124 1069 tem-

490 1066 648 1159 poris
680 1099 812 1139 cum
839 1078 1115 1135 evasisset
1145 1072 1525 1139 senex,cessit
1548 1070 1978 1142 rogantibus,et
2008 1066 2132 1119 fixit

487 1156 814 1247 tugurium.
832 1172 1036 1225 Postea
1051 1170 1245 1221 autem
1262 1162 1569 1218 orantibus
1593 1157 2002 1222 familiaribus,
2026 1156 2128 1209 do-

486 1261 783 1319 munculis
806 1272 1037 1329 quoque
1063 1271 1176 1310 non
1204 1251 1476 1324 propriis,
1495 1250 1593 1305 sed
1620 1247 1825 1302 alienis
1848 1252 1937 1300 est
1959 1260 2124 1298 usus.

481 1352 703 1424 Viginti
736 1348 995 1419 quinque
1022 1349 1215 1399 autem
1249 1340 1714 1410 annisperpetuo
1732 1336 1905 1389 vitam
1930 1334 2048 1404 egit
2068 1332 2127 1424 in

481 1421 716 1513 tugurio
750 1443 803 1493 et
821 1431 1221 1497 domunculis,
1242 1428 1528 1485 utdeinde
1544 1425 1850 1496 colligatur
1866 1421 2128 1476 certami-

482 1547 627 1587 num
658 1534 893 1598 tempus
912 1520 1280 1594 septuaginta
1307 1519 1464 1572 anni.
1491 1516 1629 1572 Cibo
1655 1519 1849 1569 autem
1877 1528 2021 1566 usus
2039 1515 2129 1565 est

488 1637 606 1676 non
640 1633 811 1689 pane,
831 1608 1376 1681 necleguminibus,
1411 1606 1509 1661 sed
1548 1606 1791 1675 purgato
1811 1601 2047 1664 hordeo,
2072 1602 2129 1653 et

490 1725 645 1781 aqua
664 1706 785 1761 sola
808 1703 1155 1758 madefacto.
1175 1698 1340 1752 Hunc
1363 1699 1555 1749 autem
1578 1693 1774 1746 cibum
1792 1693 1979 1745 mater
1996 1702 2127 1781 mea

487 1775 614 1870 quae
642 1795 693 1851 ei
712 1793 823 1849 fuit
846 1788 1171 1857 familiaris,
1196 1783 1543 1856 longissimo
1570 1786 1828 1870 tempore
1847 1775 2123 1848 suppedi-

480 1868 643 1943 tavit.
677 1885 819 1939 Cum
849 1878 1165 1950 aliquando
1198 1881 1390 1930 autem
1425 1873 1494 1926 ad
1521 1886 1649 1926 eam
1673 1868 1927 1923 venisset
1948 1880 2125 1936 aegro-

480 1980 728 2043 tantem,
760 1976 816 2027 et
846 1967 1147 2024 didicisset
1168 1980 1295 2019 eam
1320 1960 1473 2017 nolle
1492 1956 1830 2031 persuaderi
1857 1960 2126 2010 utsume-

479 2070 565 2121 ret
597 2064 791 2119 cibum
828 2059 1030 2113 morbo
1062 2053 1498 2110 convenientem
1529 2049 1686 2119 (nam
1719 2046 1848 2117 ipsa
1894 2057 2127 2115 quoque

469 2157 590 2225 jam
608 2149 1080 2208 exercitationem
1096 2140 1559 2214 amplectebatur
1573 2134 2129 2225 monasticam)con:-

480 2218 666 2299 suluit
681 2242 745 2293 ut
760 2238 990 2293 cederet
1005 2226 1485 2295 medicis,etillud
1505 2218 2127 2280 nutrimentumexisti-

479 2333 666 2387 maret
694 2342 821 2383 esse
856 2321 1386 2379 medicamentum:
1421 2331 1535 2369 non
1571 2312 1727 2367 enim
1759 2309 2127 2374 deliciarum,

478 2420 577 2476 sed
608 2412 975 2473 necessitatis
1020 2407 1208 2481 gratia
1257 2405 1411 2460 8‘20
1442 2402 1773 2457 adhibetur.
1822 2398 1967 2454 Nam
2018 2412 2124 2467 ego

481 2522 736 2581 quoque,
760 2500 975 2573 inquit,
997 2497 1094 2569 qui
1117 2492 1511 2567 quadraginta
1529 2489 1722 2581 annis,
1750 2487 1974 2581 ut-s-cis,
1997 2486 2126 2581 hor-

475 2575 582 2653 deo
618 2575 742 2651 solo
774 2606 909 2647 sum
949 2600 1268 2651 usus,cum
1290 2581 1555 2652 quaedam
1581 2576 1926 2643 mihipridie
1947 2575 2125 2644 hujus

475 2686 587 2743 diei
624 2683 879 2739 venisset
910 2676 1246 2742 inﬁrmitas,
1273 2671 1426 2743 jussi
1459 2686 1591 2725 eurn
1626 2668 1727 2738 qui
1762 2682 1987 2721 mecum
2018 2664 2127 2719 ha-

476 2774 938 2842 bitabat,parum
958 2765 1099 2822 mihi
1117 2763 1285 2835 panis
1300 2764 1491 2832 petere
1504 2762 1560 2813 et
1575 2752 2127 2813 aﬂ'erre.Venitmihi

486 2865 547 2919 in
571 2864 850 2925 mentem,
883 2855 1035 2927 quod
1071 2853 1120 2907 si
1153 2864 1429 2919 morerer,
1466 2846 1670 2902 mortis
1701 2844 2004 2899 redderem
2033 2858 2126 2896 ra-

484 2953 708 3008 tionem
732 2947 884 3019 apud
904 2946 1133 3016 justum
1153 2934 1620 3011 judicem,utqui
1637 2934 1917 3005 fugissem
1948 2935 2127 2985 certa-

491 3041 675 3105 mina,
709 3037 1196 3094 etdetrectassem
1230 3027 1457 3082 labores
1481 3022 1801 3079 servitutis.
1829 3021 1970 3076 Nam
1992 3035 2124 3073 cum

483 3145 667 3203 pauco
689 3128 817 3183 cibo
830 3126 1031 3196 posset
1054 3135 1209 3175 mors
1233 3113 1548 3188 prohiberi,
1568 3116 1624 3167 et
1644 3112 1702 3203 in
1726 3111 1837 3165 hac
1858 3111 1974 3164 vita
1988 3124 2120 3179 pos-
2154 3104 2196 3171 C

483 3202 605 3274 sem
639 3216 723 3271 sic
753 3228 1010 3277 manere,
1045 3209 1319 3263 laborans
1351 3209 1406 3259 et
1440 3219 1531 3258 me
1572 3202 1863 3271 afﬂigens,
1896 3206 1952 3254 et
1983 3213 2122 3269 opes

484 3324 608 3379 qua
639 3323 707 3362 ex
728 3305 820 3359 his
852 3300 1256 3373 percipiuntur
1275 3293 1577 3365 colligens,
1605 3291 1748 3346 mori
1781 3290 1927 3379 fame
1945 3302 2122 3379 quam

486 3375 681 3451 vivere
713 3396 771 3448 in
806 3388 1171 3463 philosophia
1203 3384 1339 3438 duxi
1373 3381 1560 3452 magis
1590 3378 2000 3449 expetendum.
2024 3375 2123 3429 Ti-

487 3500 649 3541 more
681 3498 818 3553 ergo
849 3480 985 3534 hinc
1017 3475 1296 3542 repletus,
1328 3487 1460 3525 cum
1494 3467 1700 3523 vellem
1752 3464 2126 3537 cogitationis

491 3552 815 3631 obtundere
847 3566 1104 3629 aculeos,
1136 3567 1193 3618 et
1227 3576 1435 3633 panem
1468 3563 1665 3629 petere
1690 3555 1869 3625 jussi,
1902 3558 1958 3608 et
1978 3552 2125 3607 alla-

488 3668 612 3719 tum
645 3656 866 3715 comedi
898 3675 911 3724 ;
938 3658 995 3709 et
1018 3653 1120 3706 tibi
1150 3647 1421 3721 prrecipio
1445 3662 1511 3700 nc
1542 3644 1685 3699 mihi
1712 3641 1965 3713 amplius
1988 3640 2127 3695 hor-

491 3753 688 3814 deum,
721 3747 821 3803 sed
855 3759 1061 3816 panem
1096 3739 1371 3811 praebeas.
1406 3736 1485 3790 Ex
1517 3733 1619 3788 illa
1648 3748 1784 3803 ergo
1817 3731 2019 3800 lingua
2056 3731 2127 3784 ab

487 3839 649 3896 omni
682 3832 984 3891 mendacio
1008 3830 1198 3884 aliena
1212 3825 1547 3881 audivimus
1570 3822 1723 3894 quod
1742 3819 2130 3891 quadraginta

491 3928 662 3984 annis
700 3919 1020 3981 comederit
1067 3917 1371 3972 hordeum.
1404 3915 1592 3983 Atque
1644 3910 1765 3965 haec
1819 3908 1916 3979 qui
1961 3907 2129 3962 suffi-

492 4019 655 4074 ciunt
686 4016 756 4069 ad
788 4008 1219 4080 conjiciendum
1254 4019 1427 4074 quam
1461 4004 1615 4056 esset
1643 3999 1730 4053 vir
1756 3998 1816 4052 in
1849 3996 2129 4053 exercita-

492 4108 647 4162 tione
680 4103 1004 4158 monastica
1035 4101 1331 4157 strenuus,
1364 4098 1421 4146 et
1452 4106 1627 4160 quam
1664 4086 2013 4142 laboriosus.

563 4228 960 4299 Integritatem
996 4225 1191 4277 autem
1223 4221 1278 4272 et
1307 4215 1744 4287 simplicitatem
1781 4228 2010 4265 morum
2033 4228 2136 4282 per

491 4310 1393 4379 aliadeclarabimus.Postquam
1417 4304 1571 4360 enim
1596 4300 2135 4373 magnusfuitordi-

494 4415 669 4466 natus
694 4403 1029 4465 Flavianus,
1062 4403 1127 4453 ut
1152 4411 1431 4467 magnum
1460 4392 1559 4448 Dei
1592 4407 1825 4464 gregem
1851 4394 2133 4461 pasceret,

2234 444 2365 499 dem
2399 445 2490 499 vix
2522 462 2654 501 eum
2690 446 3034 500 irascentem
3061 446 3411 499 sedaverunt
3440 445 3681 515 quidam
3706 460 3773 498 ex
3797 445 3878 499 fa-

2234 534 2585 589 miliaribus.
2610 538 2927 605 Postquam
2942 538 3136 588 autem
3161 533 3479 588 fuitfinitus
3496 534 3878 588 hebdomade:

2234 621 2512 689 circulus,
2542 628 2597 679 et
2628 640 2835 678 rursus
2856 622 3012 677 venit
3033 622 3155 677 dies
3177 621 3307 677 festi
3334 621 3642 688 Dominici,
3668 638 3877 676 rursus

2235 726 2367 766 eum
2402 729 2651 785 magnus
2683 712 2929 768 accersit
2959 711 3512 782 Flavianus,rogans
3538 716 3602 765 ut
3625 728 3759 766 cum
3792 711 3876 765 eis

2236 807 2389 858 esset
2420 802 2711 874 particeps
2741 802 2920 872 hujus
2950 800 3307 856 celebritatis
3333 818 3345 867 ;
3380 800 3478 856 ille
3507 817 3639 855 vero
3671 801 3741 856 ad
3776 816 3875 855 eos

2236 892 2332 963 qui
2358 896 2671 947 venerant:
2703 892 2821 945 Non
2847 890 3173 957 sufficiunt,
3210 889 3422 960 inquit,
3445 890 3614 945 vobis
3645 906 3712 945 ea
3745 907 3875 961 quae

2233 982 2385 1037 facta
2399 982 2664 1047 sunt;sed
2685 997 2773 1035 me
2787 997 2849 1034 ru
2862 979 3187 1035 rsusvultis
3200 980 3426 1035 efficere
3441 980 3778 1052 presbyteru
3791 980 3879 1034 m?

2234 1071 2376 1126 Cum
2402 1070 2441 1124 ii
2473 1075 2666 1125 autem
2693 1069 2951 1125 dicerent
2974 1069 3094 1124 fieri
3121 1085 3235 1123 non
3264 1085 3437 1139 posse
3464 1074 3527 1123 ut
3548 1070 3636 1124 bis
3669 1070 3875 1124 eadem

2236 1161 2397 1216 fieret
2418 1160 2727 1226 ordinatio,
2752 1176 2867 1213 non
2892 1158 3092 1225 cessit,
3110 1173 3215 1213 nec
3238 1157 3415 1224 venit,
3436 1160 3620 1213 donec
3641 1162 3877 1230 tempus

2234 1254 2288 1304 et
2302 1251 2430 1321 ejus
2446 1249 2762 1304 familiares
2776 1264 2906 1303 eum
2925 1249 2980 1302 id
2997 1249 3249 1304 docueru
3262 1254 3339 1301 nt.
3359 1248 3489 1303 Scio
3504 1249 3737 1319 quidem
3757 1249 3877 1303 fore

2235 1343 2298 1393 ut
2311 1339 2432 1394 haec
2446 1339 2701 1394 narratio
2714 1339 2981 1393 videatur
2993 1337 3197 1393 multis
3211 1354 3325 1391 non
3345 1338 3487 1392 adeo
3507 1336 3874 1392 admiranda:

2234 1444 2355 1483 eam
2384 1431 2579 1483 autem
2613 1427 2807 1499 posui,
2831 1432 2895 1481 ut
2917 1426 3015 1497 qui
3044 1443 3169 1481 eam
3197 1425 3435 1498 dignam
3460 1442 3585 1497 qua:
3620 1442 3875 1480 comme-

2235 1522 2494 1571 moretur
2516 1516 2865 1585 existimem,
2891 1520 2955 1569 ut
2975 1531 3042 1570 ex
3066 1531 3181 1585 qua
3204 1514 3346 1569 satis
3373 1514 3557 1585 possit
3585 1514 3793 1585 conjici
3824 1519 3880 1569 et

2233 1606 2360 1675 ejus
2390 1604 2571 1660 animi
2603 1604 2951 1676 simplicitas
2983 1608 3039 1660 et
3069 1603 3275 1658 animae
3308 1604 3548 1674 puritas.
3584 1605 3657 1659 Iis
3678 1608 3875 1659 autem

2234 1696 2334 1765 qui
2358 1700 2495 1749 sunt
2517 1694 2882 1765 hujusmodi,
2904 1693 3189 1749 Dominus
3218 1709 3463 1765 regnum
3489 1693 3764 1748 scelerum
3790 1698 3881 1748 est

2237 1783 2529 1854 pollicitus
2561 1802 2573 1837 :
2596 1786 2777 1838 Amen
2803 1783 2982 1846 enim,
3007 1783 3222 1853 inquit,
3244 1782 3372 1837 dico
3393 1783 3580 1851 vobis,
3605 1783 3717 1836 nisi
3741 1800 3879 1837 con-

2235 1873 2385 1928 versi
2414 1874 2640 1928 fueritis
2667 1877 2730 1926 ut
2748 1872 2921 1941 puelli
2944 1871 3063 1937 isti,
3089 1888 3204 1926 non
3229 1871 3529 1926 intrabitis
3550 1871 3605 1925 in
3631 1888 3877 1943 regnum

2235 1962 2513 2017 cmlorum
2533 1964 2717 2033 (Math.
2744 1962 2931 2031 xvm).
2957 1962 3241 2027 Quoniam
3265 1979 3400 2033 ergo
3424 1963 3764 2017 summatim
3781 1980 3878 2018 os-

2233 2052 2530 2107 tendimus
2561 2052 2689 2122 ejus
2721 2052 2933 2105 animae
2965 2051 3210 2106 formam
3235 2067 3301 2105 ac
3334 2051 3753 2120 characterem,
3774 2068 3881 2123 age

2234 2142 2362 2210 ejus
2386 2156 2620 2211 quoque
2653 2140 3037 2195 ostendamus
3069 2156 3136 2194 ex
3167 2143 3361 2194 vrtute
3390 2140 3687 2195 fiduciam.

2305 2247 2554 2310 Quidam
2580 2248 2697 2301 dux
2721 2245 2972 2300 militum
3005 2248 3101 2316 qui
3126 2246 3528 2301 delectabatur
3548 2246 3877 2314 venatione,

2235 2336 2577 2392 ascenditin
2609 2340 2867 2390 montem
2901 2340 3240 2389 venaturus.
3270 2336 3415 2390 Eum
3449 2339 3643 2390 autem
3668 2351 3879 2406 seque-

2234 2426 2449 2479 bantur
2470 2429 2525 2479 et
2549 2439 2724 2479 canes
2758 2429 2813 2477 et
2841 2422 3079 2487 milites,
3104 2428 3161 2477 et
3182 2439 3543 2494 quaecunque
3574 2430 3714 2480 sunt
3743 2429 3880 2495 apta

2233 2514 2303 2568 ad
2327 2513 2721 2569 venationem.
2756 2512 3072 2582 Postquam
3107 2517 3302 2566 autem
3339 2512 3538 2582 procul
3583 2512 3730 2567 vidit
3773 2514 3879 2567 ho-

2234 2604 2476 2672 minem,
2504 2603 2663 2658 etab
2694 2601 2767 2655 iis
2798 2601 2899 2671 qui
2922 2618 3055 2655 cum
3088 2617 3154 2655 eo
3185 2606 3353 2655 erant
3384 2602 3571 2656 audiit
3603 2604 3878 2671 quisnam

2232 2698 2408 2759 esset,
2441 2692 2640 2746 statim
2673 2708 2740 2745 ex
2767 2707 2918 2761 equo
2940 2690 3266 2757 dissiliens,
3289 2691 3556 2759 accessit,
3580 2696 3636 2745 et
3659 2692 3877 2745 allocu-

2231 2788 2324 2837 tus
2354 2786 2463 2845 est,
2497 2786 2551 2835 et
2585 2780 2811 2852 rogavit
2842 2779 2981 2849 quid
3014 2780 3236 2833 faciens
3270 2779 3361 2833 hic
3392 2780 3665 2850 degeret;
3702 2781 3750 2835 is
3780 2798 3878 2835 au-

2230 2875 2346 2926 tem
2380 2876 2584 2926 contra
2629 2868 2886 2924 vicissim
2935 2867 3354 2939 interrogavit:
3386 2869 3471 2923 Tu
3504 2873 3697 2923 autem
3734 2870 3875 2941 quid

2230 2960 2323 3014 hic
2354 2958 2562 3013 venisti
2598 2956 3063 3011 facturus?Cum
3099 2957 3215 3011 dux
3248 2961 3437 3012 autem
3471 2957 3746 3013 dixisset:
3774 2959 3878 3013 Ve-

2236 3048 2591 3102 naturus.Et
2620 3047 2951 3117 ego,inquit
2975 3061 3166 3101 meum
3198 3062 3374 3101 venor
3410 3051 3612 3111 Deum,
3653 3052 3709 3102 et
3740 3064 3877 3103 eum

2237 3153 2442 3207 capere
2465 3136 2659 3207 cupio,
2684 3140 2741 3189 et
2772 3133 3157 3205 contemplari
3187 3134 3493 3190 desidero:
3527 3152 3633 3190 nec
3664 3137 3734 3191 ab
3767 3136 3879 3191 hac

2228 3225 2473 3298 pulchra
2498 3224 2736 3280 cessabo
2763 3222 3231 3278 venationeJlazc
3254 3239 3389 3277 cum
3425 3225 3542 3278 dux
3565 3226 3878 3294 audiisset,

2230 3320 2286 3369 et
2319 3320 2381 3369 ut
2413 3330 2517 3385 par
2547 3318 2669 3368 erat
2701 3312 2951 3367 miratus
2982 3316 3158 3378 esset,
3196 3313 3450 3367 recessit.

2301 3424 2441 3475 Cum
2469 3424 2662 3475 autem
2698 3418 3016 3490 aliquando
3048 3418 3251 3473 civitas
3284 3434 3317 3473 a
3348 3417 3502 3473 malo
3533 3418 3733 3490 aliquo
3764 3421 3881 3475 dm-

2233 3510 2663 3564 moneincitata
2683 3507 3088 3576 baccharetur,
3104 3510 3161 3561 et
3183 3507 3239 3561 in
3266 3506 3637 3578 imperatoris
3659 3508 3881 3565 fureret

2232 3603 2482 3664 statuas,
2499 3600 2777 3651 venerant
2794 3596 3033 3667 quidem
3049 3610 3115 3650 ex
3137 3596 3384 3650 ducibus
3401 3597 3875 3667 praestantissimi

2233 3687 2332 3759 qui
2346 3688 2414 3742 ad
2426 3702 2624 3740 versus
2639 3685 2926 3739 civitatem
2942 3683 3355 3740 internecionis
3373 3686 3631 3741 ferebant
3645 3692 3878 3742 senten—

2233 3776 2543 3832 tiam.Cum
2568 3774 2619 3829 is
2643 3779 2839 3829 autem
2861 3788 2891 3825 e
2917 3777 3111 3828 monte
3133 3772 3762 3845 descendisset,ambos
3784 3792 3880 3830 ac-

2235 3866 2505 3920 cedentes
2535 3863 2714 3917 duces
2745 3861 2803 3916 in
2838 3862 2959 3917 foro
2992 3862 3253 3916 retinuit.
3284 3862 3368 3917 Illi
3400 3879 3531 3919 vero
3556 3881 3687 3919 cum
3717 3865 3882 3936 quis-

2236 3970 2370 4009 nam
2389 3953 2437 4007 is
2462 3951 2993 4017 essetdidicissent,
3014 3956 3071 4005 et
3093 3968 3159 4006 ex
3176 3951 3343 4022 equis
3358 3952 3739 4021 desiluerunt,
3757 3970 3881 4009 ma-

2236 4059 2465 4115 nusque
2495 4046 2549 4097 et
2576 4057 2765 4113 genua
2795 4038 3246 4111 prehenderunt,
3275 4044 3331 4096 et
3350 4042 3399 4096 ei
3423 4042 3671 4099 salutem
3698 4042 3883 4115 signi-

2238 4134 2507 4188 fiearunt.
2525 4130 2625 4185 Ille
2640 4128 3370 4199 autemjussitutdicerent
3389 4130 3882 4203 imperatoriquod

2238 4223 2414 4277 homo
2438 4226 2613 4287 esset,
2634 4219 2969 4273 eteamdem
2987 4218 3511 4274 haberetnaturam
3529 4237 3701 4291 quam
3728 4221 3764 4274 ii
3782 4221 3884 4291 qui

2240 4328 2372 4366 eum
2399 4306 3096 4375 affecerantcontumelia;
3114 4312 3169 4361 et
3189 4322 3320 4361 cum
3347 4312 3555 4363 natura
3585 4310 3728 4363 iram
3764 4326 3883 4364 me-

2240 4400 2335 4454 tiri
2360 4401 2643 4469 oporteat,
2682 4396 2770 4450 ira
2808 4396 2885 4451 sit
2926 4412 3070 4451 usus
3100 4396 3509 4463 immoderata,
3537 4402 3591 4453 et
3624 4415 3726 4469 pro
3759 4399 3885 4454 suis

492 4498 602 4553 viri
635 4500 828 4552 autem
872 4490 1142 4545 virtutem
1175 4478 2024 4554 didicit(praadicahaturenim
2076 4483 2133 4533 et
2162 4474 2208 4537 D
2242 4487 2600 4559 imaginibus
2624 4484 2720 4539 Dei
2742 4484 3026 4554 imagines
3059 4484 3367 4553 occidat,et
3398 4503 3500 4557 pro
3531 4503 3641 4542 aere
3659 4492 3889 4544 statua-

494 4590 618 4644 erat
647 4585 706 4639 in
729 4597 825 4639 ore
852 4577 1161 4646 omnium),
1184 4590 1314 4628 eum
1345 4572 1581 4643 quidem
1597 4568 1835 4624 abducit
1866 4584 1897 4621 a
1917 4567 2130 4624 vertice

496 4674 1029 4742 montis,tanquam
1055 4666 1110 4719 in
1136 4679 1265 4719 eum
1290 4662 1359 4716 ad
1375 4677 1435 4715 se
1458 4660 1649 4715 delata
1672 4657 1879 4713 fuisset
1898 4673 2130 4713 accusa-

494 4766 596 4822 tio.
630 4767 771 4819 Cum
799 4764 991 4814 autem
1018 4752 1324 4826 mysticum
1351 4754 1505 4805 esset
1530 4746 1888 4819 propositum
1915 4746 2131 4801 sacrifi-

495 4854 674 4919 cium,
700 4845 937 4904 addueit
960 4843 1029 4899 ad
1047 4841 1248 4905 altare,
1271 4842 1325 4893 et
1342 4834 1787 4907 eumcooptatin
1812 4850 2128 4889 numerum

495 4940 881 4997 sacerdotum.
916 4937 1229 5002 Postquam
1266 4932 1457 4982 autem
1491 4925 1598 4979 fuit
1628 4939 1860 4979 sacrum
1898 4923 2128 4977 finitum

493 5030 781 5096 officium,
814 5020 1055 5080 ethocei
1074 5015 1427 5090 significavit
1446 5014 1656 5085 aliquis
1681 5012 1851 5084 (quod
1873 5012 2025 5066 enim
2047 5014 2131 5067 fa-

494 5126 653 5177 ctum
688 5118 875 5172 fuerat
906 5106 1487 5183 ignorabatomnino)
1509 5103 1760 5174 primum
1786 5101 2015 5172 quidem
2036 5102 2127 5156 in-

493 5209 759 5265 cessebat
772 5217 974 5260 omnes
991 5196 1319 5253 maledictis
1333 5199 1388 5248 et
1401 5192 1677 5247 conviciis
1693 5208 1705 5258 ;
1724 5195 1923 5261 postea
1936 5196 2129 5246 autem

496 5301 733 5370 accepto
783 5291 989 5348 baculo
1024 5286 1265 5355 (solebat
1295 5282 1448 5337 enim
1500 5297 1566 5335 eo
1600 5280 1859 5335 innitens
1904 5280 2130 5370 ingredi

494 5390 731 5459 propter
743 5380 993 5446 senium)
1026 5374 1284 5445 etipsum
1304 5370 1762 5443 persequebatur
1775 5369 2130 5459 pontificem,

493 5458 706 5531 etalios
724 5470 1012 5543 quotquot
1034 5464 1294 5519 aderant.
1320 5459 1701 5515 Existimahnt
1724 5458 1879 5513 enim
1905 5460 2131 5514 ordina-

491 5566 708 5623 tionem
732 5574 865 5618 eum
883 5571 1012 5614 esse
1033 5553 1389 5627 privaturam
1412 5554 1469 5606 et
1490 5547 1792 5605 cacumine
1815 5550 2053 5618 montis,
2076 5557 2133 5609 et

2239 4594 2391 4647 rum,
2418 4592 2663 4647 corpora
2688 4573 2858 4628 morti
2881 4574 3073 4629 tradat
3100 4592 3113 4642 ;
3139 4590 3204 4629 ac
3230 4574 3401 4629 nobis
3425 4576 3660 4646 quidem
3694 4593 3889 4632 aeneas

2239 4666 2515 4736 effingere
2540 4668 2594 4718 et
2618 4678 2825 4717 rursus
2850 4661 3123 4725 formare,
3147 4666 3236 4717 est
3258 4662 3313 4716 in
3340 4669 3615 4736 promptu
3640 4670 3699 4720 et
3719 4665 3893 4721 facile

2238 4758 2300 4809 tu
2320 4759 2538 4823 autem,
2556 4752 2661 4807 etsi
2681 4752 2761 4807 sis
2779 4750 3120 4822 imperator,
3137 4768 3250 4806 non
3269 4757 3434 4823 potes
3447 4754 3635 4809 occisa
3648 4770 3895 4826 corpora

2242 4844 2311 4898 ad
2328 4843 2500 4897 vitam
2520 4842 2818 4895 reducere.
2843 4839 3057 4909 thuid
3076 4839 3205 4895 dico
3228 4840 3503 4913 corpora?
3525 4859 3714 4914 neque
3731 4844 3891 4899 enim

2242 4932 2424 5004 pilum
2444 4946 2625 4985 unum
2653 4932 2814 5000 potes
2838 4928 3134 5000 effingere.
3163 4933 3293 4983 Haec
3311 4930 3455 4985 dixit
3475 4947 3610 4987 voce
3629 4949 3773 4989 usus
3795 4936 3892 5005 Sy-

2242 5020 2513 5089 riaca,Illi
2530 5019 3139 5089 autem.interpretein
3158 5020 3417 5090 linguam
3435 5022 3691 5078 Graecam
3709 5030 3893 5079 trans-

2243 5113 2462 5168 ferente
2484 5108 2815 5177 audientes,
2847 5112 2903 5162 et
2926 5108 3374 5180 exhorruerunt,
3399 5116 3455 5166 et
3476 5112 3546 5167 ad
3572 5112 3891 5183 imperato-

2241 5218 2362 5256 rem
2378 5195 3181 5267 transmissurossignificaru
3192 5202 3273 5253 nt.
3290 5200 3607 5271 Egoautem
3624 5200 3892 5256 existimo

2241 5304 2446 5345 omnes
2467 5286 2839 5342 confessuros
2862 5283 2983 5340 haec
3007 5287 3319 5343 verhaesse
3338 5289 3535 5360 gratiae
3558 5289 3735 5344 divini
3760 5290 3896 5362 Spi-

2242 5380 2413 5434 ritus.
2440 5375 2746 5441 Quomodo
2780 5373 2935 5428 enim
2976 5373 3147 5430 aliter
3178 5376 3297 5431 haec
3328 5382 3487 5432 esset
3524 5376 3779 5445 locutus,
3807 5380 3899 5433 vir

2244 5468 2479 5541 quidem
2513 5480 2719 5535 expers
2771 5463 2964 5518 omnis
2998 5465 3368 5535 eruditionis,
3415 5467 3472 5521 in
3508 5468 3666 5539 agris
3697 5472 3894 5523 autem

2242 5558 2546 5623 educatus,
2580 5553 2757 5608 vitam
2791 5556 2987 5609 autem
3021 5570 3202 5626 agens
3222 5555 3280 5610 in
3299 5556 3707 5613 cacuminibus
3724 5574 3895 5615 mon-
