4122 6188
314 271 389 324 69
1451 265 1926 333 PHILOTHEUS,
1969 278 2096 319 srva
2134 263 2607 322 remeamus.
3670 276 3742 330 το

308 388 1985 461 tium,omnemautemomninocircumferenssimplicita-
2014 398 2065 463 Α
2100 387 2267 443 illum
2302 404 2533 459 quoque
2583 388 2859 443 miserum
2896 390 3111 461 eripuit
3138 392 3211 447 ab
3261 397 3652 466 accusatione,
3686 404 3747 457 et

303 488 449 549 tem,
474 484 635 539 880
654 484 823 555 etqui
850 499 953 538 nec
996 483 1210 538 divinis
1248 483 1487 555 quidem
1523 484 1828 537 vacaverat
1862 478 1983 533 elo-

307 573 467 642 quiis
492 572 521 626 ?
540 575 687 628 Cum
714 573 909 644 itaque
940 574 1069 641 ejus
1092 578 1147 627 et
1170 570 1540 643 spiritualem
1566 568 1981 624 declaraverim

307 658 674 731 sapientiam
710 664 764 715 et
800 676 929 730 qum
956 659 1134 727 justis
1166 658 1437 713 convenit
1460 656 1736 711 ﬁduciam
1763 656 1982 726 (justus

300 749 464 802 enim
503 749 748 803 conﬁdit
779 752 843 802 ut
874 748 961 803 leo
995 747 1443 819 [Prov.xxvm]),
1464 746 1731 802 transibo
1761 745 1831 799 ad
1865 742 1979 798 mi-

298 838 535 893 recula.

380 970 538 1026 Uxor
559 973 829 1042 quaedam
855 972 1166 1043 cujusdam
1194 971 1499 1043 locupletis
1520 969 1729 1025 nobilis
1750 968 1975 1024 incide-

302 1060 473 1115 ratin
493 1060 1517 1133 morbumingluviei;etaliiquidem
1543 1075 1675 1115 eum
1702 1057 1971 1112 morbum

303 1149 698 1221 appellabant
730 1150 1127 1221 operationem
1150 1166 1248 1204 seu
1278 1148 1639 1204 vexationem
1667 1145 1971 1213 damonis,

300 1238 407 1293 alii
423 1243 626 1293 autem
644 1255 774 1294 eum
790 1236 1670 1294 existimabantimbecillitatem
1688 1235 1967 1307 corporis.

297 1328 441 1383 Sive
474 1333 672 1382 autem
708 1327 840 1392 hoc,
874 1327 994 1382 sive
1039 1326 1184 1381 illud
1241 1332 1415 1394 esset,
1449 1330 1571 1381 erat
1602 1323 1968 1396 hujusmodi.

297 1418 602 1472 Dicebant
635 1434 759 1471 eam
793 1417 1197 1471 comedentem
1232 1416 1288 1469 in
1322 1416 1414 1471 die
1437 1416 1677 1487 triginta
1698 1414 1968 1486 gallinas,

299 1524 423 1561 non
462 1522 642 1576 posse
674 1505 1098 1575 appetitionem
1131 1505 1505 1576 exstinguere
1544 1505 1829 1571 satietate,
1866 1503 1967 1557 sed

294 1595 504 1650 adhuc
543 1594 689 1649 alias
719 1598 1012 1665 appetere.
1036 1594 1177 1649 Cum
1202 1594 1287 1649 sic
1317 1594 1528 1665 ergoin
1561 1609 1628 1648 ea
1656 1608 1961 1647 consume-

294 1688 513 1739 rentur
531 1683 868 1753 facultates,
884 1685 1015 1755 ejus
1031 1684 1253 1738 miserti
1271 1684 1367 1754 qui
1385 1684 1455 1738 ad
1470 1700 1595 1737 eam
1618 1683 1965 1750 attinebant,

292 1773 574 1827 divinum
596 1772 769 1827 illum
806 1772 1103 1828 hominem
1132 1772 1460 1827 obsecrant.
1483 1772 1580 1827 Ille
1595 1776 1792 1827 autem
1815 1771 1969 1825 venit
2000 1767 2046 1830 B

296 1862 553 1933 quidem
589 1866 646 1917 et
671 1865 943 1932 precatus
965 1865 1055 1916 est
1085 1878 1096 1914 :
1121 1865 1326 1916 etcum
1352 1878 1515 1932 aqua:
1533 1861 1830 1916 dexteram
1855 1859 1963 1913 im-

298 1950 641 2022 posuisset,
656 1956 711 2005 et
724 1951 980 2005 salutare
992 1950 1353 2005 eﬁ'ormrisset
1368 1949 1759 2021 signaculum,
1774 1950 1856 2019 etj
1871 1966 1969 2003 us-

300 2040 494 2095 sisset
509 2040 731 2105 bibere,
745 2039 968 2095 curavit
986 2040 1253 2094 morbum
1266 2082 1278 2106 ,
1295 2043 1352 2093 et
1365 2040 1507 2094 adeo
1522 2040 1741 2094 retudit
1756 2038 1967 2093 immo-

298 2130 579 2184 deratam
598 2128 761 2183 illam
778 2127 1576 2199 appetitionem,utdeinceps
1588 2144 1757 2199 parva
1773 2126 1970 2197 aliqua

296 2216 548 2289 gallina
573 2216 866 2289 particula
889 2215 1151 2287 quotidie
1166 2216 1294 2285 ejus
1319 2214 1535 2271 alenda:
1560 2232 1732 2271 usum
1757 2214 1968 2286 imple-

298 2311 424 2360 ret.
453 2306 563 2360 Hic
585 2304 824 2375 quidem
858 2305 1097 2359 morbus
1125 2302 1233 2359 hoc
1272 2304 1445 2359 modo
1476 2309 1565 2359 est
1592 2308 1848 2359 curatus.

380 2442 537 2495 Cum
560 2442 757 2492 autem
782 2437 1044 2508 quaedam
1067 2438 1258 2508 puella
1290 2437 1551 2493 thalamo
1570 2438 1759 2492 adhuc
1784 2438 1971 2492 conti-

298 2533 579 2597 neretur,
611 2532 668 2581 et
690 2532 929 2598 repente
952 2526 1224 2597 coepisset
1246 2527 1437 2582 vexari
1458 2544 1489 2581 a
1508 2526 1659 2582 malo
1687 2528 1971 2595 daemone,

297 2616 575 2672 accurrit
600 2625 763 2687 pater
792 2617 858 2669 ad
894 2616 1155 2670 divinum
1190 2614 1710 2682 hominem,orans,
1741 2620 1797 2671 et
1826 2616 1975 2671 voci-

298 2708 540 2771 ferans,
565 2710 620 2761 et
645 2703 951 2775 postulans
976 2708 1362 2759 utcuraretur
1385 2704 1523 2760 ﬁlia.
1554 2704 1606 2759 Is
1627 2709 1819 2760 autem
1844 2722 1974 2777 pre-

305 2800 517 2863 catus,
553 2794 725 2863 iussit
750 2798 815 2849 ut
847 2795 1069 2848 daemon
1094 2794 1293 2848 statim
1310 2793 1497 2848 abiret
1519 2794 1777 2863 apuella.
1804 2796 1857 2849 Is
1873 2810 1973 2849 au-

304 2892 440 2940 tem
476 2884 711 2939 dicebat
741 2900 801 2937 se
832 2899 961 2937 eam
996 2899 1107 2937 non
1132 2882 1973 2954 suasponteesseingressum,

300 2975 417 3029 sed
443 2972 695 3043 magicis
720 2977 988 3027 coactum
1013 2971 1347 3042 praestigiis.
1369 2970 1605 3025 Dicebat
1629 2976 1824 3026 autem
1849 2972 1977 3041 ejus

300 3077 554 3133 quoque
568 3077 776 3116 nomen
795 3059 895 3131 qui
924 3065 1213 3131 coegerat,
1230 3064 1286 3114 et
1302 3075 1560 3115 amorem
1584 3077 1713 3115 esse
1735 3076 1975 3116 causam

2089 476 2316 532 obstitit
2346 478 2667 549 quominus
2708 478 2889 547 judex
2925 479 2982 533 in
3016 497 3149 536 eum
3184 483 3357 540 ferret
3387 489 3741 548 sententiam

2087 565 2320 635 capitis,
2355 584 2468 621 non
2502 582 2631 622 esse
2662 568 2748 621 fas
2783 568 2984 623 dicens
3016 574 3079 624 ut
3111 578 3346 642 propter
3375 590 3442 629 ea
3476 593 3603 647 quae
3638 596 3741 650 per

2086 654 2280 724 ipsum
2314 661 2453 709 sunt
2486 657 2769 724 convicta,
2798 657 3152 729 supplicium
3178 662 3741 733 capitisdecernere-

2085 750 2181 798 tur
2200 746 2297 799 sed
2324 747 2517 815 potius
2546 762 2647 817 per
2668 746 3071 818 pcenitentiam
3097 750 3145 804 ei
3182 752 3421 808 daretur
3441 756 3622 812 salus.
3645 764 3741 813 At-

2084 850 2197 904 que
2220 833 2337 888 haec
2360 836 2594 905 quidem
2629 838 2774 891 satis
2806 842 2945 891 sunt
2975 839 3045 893 ad
3079 843 3497 899 ostendendam
3529 847 3737 903 divinas

2084 924 2357 993 potentiae
2388 925 2613 995 copiam
2635 942 2764 996 quae
2796 926 2844 981 ei
2877 928 3012 983 data
3034 928 3243 999 fuerat,
3277 947 3382 1004 ego
3404 937 3598 990 tamen
3623 936 3738 993 alia

2084 1026 2319 1083 quoque
2353 1015 2623 1069 narrabo.

2155 1102 2365 1158 Mulier
2396 1106 2661 1175 quaedam
2679 1107 2857 1162 nobili
2874 1107 2997 1164 loco
3015 1113 3170 1179 nata,
3186 1111 3426 1183 etlonge
3440 1113 3738 1170 ditissima

2082 1190 2171 1261 (ea
2204 1196 2397 1246 autem
2431 1196 2745 1251 vocabatur
2798 1198 3053 1269 Assyria)
3086 1204 3207 1254 erat
3259 1201 3497 1271 quidem
3531 1210 3735 1259 amotas

2082 1280 2317 1351 mentis,
2350 1298 2413 1337 ex
2446 1283 2786 1339 domesticis
2819 1292 3011 1341 autem
3048 1291 3404 1359 agnoscebat
3435 1291 3733 1347 neminem

2079 1374 2144 1424 ut
2173 1370 2370 1427 cibum
2387 1376 2581 1427 autem
2597 1377 2652 1427 et
2679 1380 2879 1445 potum
2899 1392 2963 1429 su
2976 1378 3335 1447 meret,ferre
3351 1396 3465 1434 non
3484 1385 3731 1451 poterat.

2078 1458 2337 1515 Plurimo
2352 1466 2546 1516 autem
2562 1467 2818 1534 tempore
2834 1465 3070 1519 assidue
3086 1467 3395 1535 delirabat,
3418 1473 3475 1523 et
3497 1469 3605 1525 hoc
3630 1471 3731 1525 alii

2077 1548 2311 1617 quidem
2348 1549 2620 1607 dicebant
2653 1568 2781 1609 esse
2813 1556 3173 1609 vexationem
3225 1561 3280 1609 et
3326 1558 3728 1629 operationem

2076 1638 2378 1707 daemonis;
2405 1639 2611 1695 medici
2636 1643 3116 1714 autemjdicebant
3136 1660 3263 1700 esse
3283 1646 3551 1702 morbum
3578 1664 3735 1703 cere-

2078 1726 2187 1780 bri.
2225 1727 2366 1782 Cum
2403 1730 2597 1785 omnis
2629 1746 2766 1803 ergo
2798 1748 2893 1787 ars
2914 1738 3069 1788 esset
3101 1740 3469 1806 consumpta,
3496 1740 3551 1791 et
3582 1753 3647 1791 ex
3664 1754 3731 1792 ea

2078 1814 2307 1869 nullum
2341 1816 2581 1872 daretur
2602 1819 2909 1887 auxilium,
2935 1821 3063 1891 ejus
3092 1823 3504 1892 maritus(erat
3533 1829 3729 1880 autem

2075 1901 2127 1955 is
2173 1902 2566 1975 Abrodianus)
2608 1907 2694 1961 vir
2726 1908 2823 1978 qui
2858 1912 2981 1963 erat
3022 1910 3615 1980 ex-magistratibus,
3671 1919 3729 1969 et

2078 2006 2289 2061 magna
2321 1993 2607 2065 dignitate
2638 1996 2938 2066 praeditus,
2974 1998 3043 2051 ad
3080 1998 3342 2053 divinum
3376 1999 3518 2055 illud
3552 2006 3731 2073 caput

2078 2096 2412 2151 accurrens,
2428 2085 2683 2138 narravit
2700 2086 2966 2140 morbum
3001 2087 3285 2159 conjugis,
3301 2092 3358 2143 et
3371 2089 3556 2143 oravit
3571 2095 3634 2144 ut
3663 2106 3731 2145 ea

2080 2174 2495 2240 assequeretur
2523 2173 2901 2229 curationem.
2938 2175 3125 2231 Cessit
3152 2176 3240 2229 vir
3266 2176 3525 2247 divinus,
3552 2182 3609 2233 et
3630 2179 3729 2233 do-

2081 2273 2242 2311 mum
2278 2258 2515 2328 quidem
2550 2261 2726 2331 venit,
2759 2266 2815 2316 et
2847 2279 3057 2333 magno
3089 2280 3153 2318 ac
3172 2266 3505 2320 vehementi
3531 2267 3727 2322 studio

2081 2346 2197 2401 Deo
2215 2347 2429 2401 obtulit
2449 2349 2790 2405 oralionem.
2818 2352 3071 2407 Perfecta
3093 2356 3286 2407 autem
3306 2354 3569 2410 oratione
3590 2371 3725 2411 cum

2076 2434 2355 2502 jussisset
2376 2452 2589 2508 aquam
2613 2439 2891 2504 att'erri,et
2921 2438 3153 2494 fecisset
3174 2440 3420 2512 ﬁguram
3449 2442 3731 2499 salutaris

2083 2522 2393 2594 signaculi,
2422 2526 2602 2595 jussit
2625 2526 2786 2582 illam
2812 2527 3029 2583 bibere.
3054 2528 3196 2583 Cum
3232 2534 3429 2585 autem
3454 2531 3728 2602 prohibe-

2084 2616 2211 2666 rent
2244 2614 2474 2678 medici,
2535 2620 2734 2684 utpote
2792 2617 2947 2687 quod
3002 2633 3163 2687 aqua:
3211 2617 3436 2689 frigidas
3485 2622 3728 2676 morbus

2085 2706 2387 2771 cresceret,
2437 2703 2681 2773 expulsa
2745 2708 2865 2760 tota
2920 2705 3155 2760 illorum
3217 2712 3466 2775 caterva,
3517 2709 3733 2764 obtulit

2087 2789 2317 2844 mulieri
2353 2792 2665 2862 potionem.
2692 2792 2797 2847 Illa
2830 2798 3023 2849 autem
3058 2795 3233 2850 simul
3267 2813 3332 2851 ac
3365 2796 3536 2863 bibit,
3568 2800 3635 2853 ad
3672 2814 3734 2853 se

2088 2880 2279 2945 rediit,
2310 2886 2366 2935 et
2388 2898 2419 2934 a
2443 2881 2643 2938 morbo
2665 2883 2904 2937 omnino
2946 2882 3191 2939 liberata
3229 2885 3495 2941 divinum
3536 2887 3730 2942 virum

2089 2970 2345 3040 agnovit,
2368 2974 2425 3025 et
2450 2974 2512 3024 ut
2534 2971 2796 3026 dextram
2832 2973 3122 3043 acciperet
3152 2975 3395 3045 rogavit,
3430 2976 3734 3047 oculisque

2088 3074 2217 3112 eam
2246 3057 2550 3129 imposuit,
2584 3063 2640 3115 et
2670 3061 2755 3116 ori
2788 3060 3067 3130 admovit,
3097 3066 3155 3118 et
3186 3063 3460 3135 deinceps
3503 3081 3738 3138 semper

300 3149 889 3206 incantationis.Sed
911 3148 1495 3213 cumhecaudiisset,
1523 3148 1788 3203 nontulit
1809 3154 1975 3220 pater
2004 3135 2045 3201 C
2086 3145 2196 3200 fuit
2228 3147 2444 3202 mentis
2475 3164 2733 3218 compos.

306 3242 419 3294 ire
444 3241 763 3310 impetum,
786 3254 891 3292 nec
914 3238 1270 3308 exspectavit
1300 3242 1364 3292 ut
1391 3242 1695 3292 curaretur
1744 3237 1975 3309 puella;

310 3330 421 3384 sed
438 3329 708 3385 omnium
731 3327 1178 3397 magistratuum
1198 3343 1497 3382 summum
1512 3327 1652 3394 adit,
1671 3327 1977 3397 prtesidem

310 3419 553 3473 scilicet
568 3417 667 3488 qui
683 3415 954 3487 pluribus
978 3419 1221 3486 praeerat
1236 3415 1533 3486 gentibus,
1551 3421 1785 3471 accusat
1799 3415 1981 3470 homi-

311 3524 481 3569 nem,
518 3512 575 3560 et
593 3522 711 3560 rem
733 3509 949 3560 narrat.
970 3504 1021 3560 Is
1044 3508 1238 3560 autem
1260 3521 1393 3559 reus
1419 3504 1776 3574 injudicium
1799 3505 1981 3560 addu-

312 3604 475 3664 ctus,
511 3610 635 3649 rem
666 3595 937 3665 negabat,
971 3598 1027 3648 et
1058 3594 1490 3648 accusationem
1525 3593 1866 3648 nominabat
1889 3610 1981 3649 ca-

317 3683 756 3740 lumniam.Hic
772 3688 966 3737 autem
985 3698 1097 3737 non
1114 3683 1293 3737 alium
1319 3682 1532 3737 citabat
1562 3687 1768 3738 testem
1805 3699 1980 3754 quam

324 3775 531 3845 ipsum
562 3774 890 3828 daemonem
920 3772 1019 3842 qui
1045 3770 1312 3826 minister
1334 3771 1522 3825 fuerat
1542 3769 1977 3826 incantationis:

326 3870 387 3919 et
418 3861 907 3931 orabatjudicem
943 3864 1007 3915 ut
1037 3865 1297 3916 curreret
1326 3860 1396 3915 ad
1428 3860 1597 3914 illum
1629 3860 1817 3915 virum
1840 3860 1984 3915 divi-

312 3969 486 4020 num,
523 3957 582 4007 et
613 3951 906 4022 acciperet
933 3951 1059 4019 ejus
1082 3948 1512 4004 testimonium.
1545 3948 1690 4004 Cum
1711 3949 1759 4005 is
1782 3954 1981 4005 autem

310 4042 541 4097 diceret
563 4057 683 4095 non
706 4055 832 4094 esse
857 4040 944 4094 fas
967 4053 1071 4093 nec
1090 4039 1323 4109 justum
1345 4046 1404 4091 ut
1430 4037 1630 4093 inloco
1649 4039 1981 4095 monasticaa

314 4130 760 4186 exercitationis
792 4128 1104 4182 haberetur
1125 4127 1389 4198 quaestio,
1423 4126 1570 4182 dixit
1594 4132 1754 4198 pater
1774 4127 1980 4199 puellas

319 4236 382 4275 se
414 4220 475 4273 in
501 4218 804 4288 judicium
838 4217 1150 4270 ducturum
1187 4216 1631 4283 Macedonium;
1665 4221 1722 4271 et
1743 4233 1983 4273 currens

320 4307 621 4379 persuasit
654 4311 711 4360 et
742 4305 924 4360 duxit.
956 4305 1176 4360 Sedens
1191 4310 1382 4359 autem
1408 4305 1980 4375 extrajudiciumju-

320 4400 451 4461 dex,
476 4413 593 4451 non
630 4395 742 4449 fuit
762 4395 1070 4465 judex,sed
1096 4398 1407 4464 spectator.
1422 4394 1836 4463 Magnusenim
1860 4395 1980 4451 Ma-
2026 4408 2029 4411 ‘

2155 3237 2296 3291 Cum
2332 3241 2526 3292 autem
2558 3236 2702 3291 illud
2753 3237 2884 3293 vitae
2931 3254 3115 3307 genus
3167 3240 3623 3311 amplecteretur
3672 3244 3730 3299 in

2088 3326 2407 3391 montibus,
2443 3333 2639 3397 pastor
2670 3326 2910 3397 quidam
2944 3343 3209 3398 quarens
3261 3346 3415 3400 oves,
3442 3339 3735 3400 errantes,

2087 3414 2247 3469 venit
2276 3415 2345 3468 ad
2376 3414 2544 3469 illum
2579 3414 2771 3470 locum
2808 3416 2907 3470 ubi
2960 3422 3086 3471 erat
3116 3417 3291 3472 homo
3323 3418 3419 3473 Dei
3455 3422 3601 3487 (erat
3636 3438 3738 3475 au-

2088 3508 2203 3558 tem
2238 3520 2355 3558 nox
2392 3504 2704 3574 profunda,
2732 3508 2790 3559 et
2846 3504 3035 3559 multa
3094 3506 3194 3561 nix
3253 3508 3658 3575 descenderat)
3688 3516 3745 3565 et

2088 3592 2254 3659 vidit,
2288 3597 2351 3647 ut
2382 3591 2509 3665 ipse
2540 3593 2705 3661 dixit,
2741 3610 2943 3665 pyram
2977 3594 3130 3650 circa
3158 3595 3357 3667 ipsum
3404 3613 3737 3668 accensam,

2091 3685 2147 3736 et
2174 3682 2461 3753 quosdam
2492 3683 2640 3738 duos
2672 3683 2921 3739 candida
2949 3687 3110 3739 veste
3142 3684 3405 3757 indutos,
3440 3687 3559 3758 igni
3592 3705 3736 3759 prai-

2090 3771 2293 3827 hentes
2325 3772 2650 3828 materiam.
2675 3773 2865 3827 Animi
2889 3774 3045 3829 enim
3071 3773 3431 3832 alacritatem
3465 3776 3733 3845 aﬁerens,

2091 3859 2289 3915 divino
2349 3860 2648 3916 fruebatur
2679 3860 2916 3917 auxilio.

2162 3949 2310 4013 Quin
2344 3950 2516 4004 etiam
2553 3950 2689 4005 doni
2721 3956 2846 4005 erat
2877 3951 3198 4023 prephetici
3244 3955 3557 4027 particeps.
3588 3957 3728 4012 831

2092 4038 2322 4092 Etcum
2354 4038 2425 4093 ad
2458 4054 2591 4093 eum
2642 4038 2961 4109 aliquando
3013 4041 3259 4097 vinisset
3320 4044 3561 4114 quidam
3596 4046 3740 4111 dux,

2091 4127 2304 4198 pietate
2335 4132 2391 4181 et
2416 4143 2549 4181 vera
2580 4127 2854 4197 religione
2885 4127 3253 4201 clarus(quis
3276 4137 3471 4186 autem
3507 4131 3744 4204 ignorat

2088 4217 2365 4271 virtutem
2400 4215 2703 4288 Lupiciani
2724 4216 2751 4270 ?
2772 4220 2810 4286 ),
2835 4216 2979 4271 dixit
3010 4234 3071 4273 se
3103 4234 3229 4275 esse
3261 4221 3331 4274 de
3381 4221 3739 4291 quibusdam

2091 4305 2432 4374 sollicitum,
2467 4304 2568 4376 qui
2600 4305 2671 4359 ab
2704 4306 2846 4361 urbe
2876 4306 3035 4377 regia
3064 4323 3165 4378 per
3210 4324 3369 4362 mare
3428 4310 3497 4363 ad
3540 4309 3738 4380 ipsum

2091 4396 2355 4450 ferebant
2385 4394 2733 4449 necessaria.
2766 4394 3000 4449 Dicebat
3050 4395 3399 4465 praeteriisse
3448 4398 3737 4469 quinqua~

320 4485 617 4541 cedonius
656 4484 1014 4555 fungebatur
1044 4484 1236 4539 ofﬁcio
1265 4482 1502 4553 judicis,
1538 4487 1709 4538 utens
1758 4500 1824 4539 ea
1855 4501 1981 4556 quae
2011 4510 2058 4575 Β
2090 4484 2252 4555 ginta
2280 4483 2428 4549 dies,
2461 4498 2527 4536 ex
2558 4487 2894 4575 quouportu
2955 4482 3267 4575 solverant,
3297 4485 3366 4539 de
3416 4486 3499 4541 eis
3541 4492 3737 4543 autem

315 4577 477 4631 intus
500 4573 807 4629 habitabat
829 4578 1134 4645 potestate.
1161 4572 1229 4627 Et
1250 4588 1382 4627 cum
1401 4574 1636 4643 juberet
1654 4574 1901 4629 daemoni
1925 4578 1983 4630 et

320 4662 1029 4720 ntconsuetummitteret
1064 4661 1744 4727 mendacium,cumtota
1778 4669 1975 4719 autem

320 4755 566 4809 veritate
599 4750 1446 4823 reinararrettragmdiam,ille
1476 4751 1779 4807 amaxima
1800 4754 1975 4807 adac-

321 4852 411 4897 tus
444 4840 823 4903 necessitate,
856 4845 915 4895 et
945 4839 1133 4894 virum
1193 4840 1452 4895 ostendit
1484 4839 1585 4911 qui
1631 4841 1683 4895 ei
1730 4841 1975 4913 magicis

321 4928 690 4985 carminibus
719 4927 836 4982 vim
868 4928 1161 4997 attulerat,
1188 4932 1245 4983 et
1267 4927 1538 4983 ancillam
1559 4945 1660 4999 per
1677 4946 1852 5001 quam
1878 4928 1977 4986 illa

326 5020 480 5090 potio
514 5016 725 5089 puellae
759 5016 894 5071 data
929 5016 1137 5071 fuerat.
1179 5018 1324 5072 Cum
1358 5021 1553 5071 autem
1586 5017 1699 5072 alia
1745 5034 1975 5090 quoque

321 5111 555 5177 pararet
584 5107 780 5161 dicere
828 5121 955 5177 quas
988 5104 1197 5160 fecerat
1225 5110 1459 5161 coactus
1492 5108 1562 5161 ab
1598 5106 1748 5176 aliis,
1797 5110 1975 5163 unius

323 5196 564 5267 quidem
597 5197 751 5250 ardes
780 5210 1055 5260 exurens,
1107 5193 1349 5249 alterius
1381 5211 1514 5250 vero
1542 5197 1809 5265 jumenta
1831 5196 1977 5253 inte-

326 5287 569 5351 rimens,
594 5284 779 5340 alium
803 5300 935 5340 vero
960 5282 1153 5353 aliquo
1177 5284 1289 5339 alio
1312 5286 1525 5340 damno
1553 5285 1976 5355 aftlciens,jus-

329 5376 400 5430 sit
428 5375 606 5430 homo
638 5375 740 5430 Dei
772 5390 908 5429 eum
944 5372 1135 5441 silere,
1161 5378 1216 5428 et
1246 5374 1441 5429 statim
1478 5375 1675 5445 procul
1710 5376 1977 5431 recedere

330 5465 575 5536 apuella
600 5469 659 5520 et
712 5463 783 5519 ab
817 5463 982 5517 urbe.
1018 5461 1119 5517 Ille
1166 5468 1360 5519 autem
1412 5467 1694 5534 tanquam
1744 5464 1977 5520 Domini

326 5554 435 5625 legi
472 5570 710 5625 parens,
744 5552 882 5609 fecit
913 5552 1065 5623 quod
1090 5552 1298 5621 jussus
1330 5558 1473 5621 erat,
1509 5557 1565 5608 et
1596 5554 1865 5623 protinus
1895 5554 1978 5609 ef-

328 5645 498 5717 tugit.
522 5644 622 5701 Sic
648 5659 782 5700 cum
811 5642 964 5699 hanc
996 5641 1082 5697 vir
1112 5641 1345 5699 divinus
1369 5641 1680 5700 liberasset
1703 5660 1736 5699 a
1757 5642 1979 5715 furore,

2092 4572 2239 4627 nihil
2272 4572 2628 4626 audiverant.
2652 4570 2752 4626 Ille
2784 4575 2981 4626 autem
3014 4572 3161 4627 nihil
3210 4578 3520 4630 cunctatus
3550 4593 3562 4631 :
3590 4575 3739 4642 Una,

2085 4661 2497 4732 inquit,navis,
2524 4661 2733 4730 amice,
2760 4660 2969 4731 periit;
2995 4660 3179 4717 altera
3226 4668 3422 4719 autem
3457 4666 3746 4736 postridie

2087 4756 2319 4822 portum
2353 4749 2661 4822 occupabit
2691 4750 2986 4805 Seleuciae.
3015 4752 3085 4806 Et
3116 4752 3223 4807 hoc
3255 4754 3493 4823 quidem
3519 4755 3747 4811 audivit

2086 4840 2344 4895 divinam
2378 4839 2540 4895 illam
2572 4856 2771 4895 vocem
2823 4840 3116 4896 locutam:
3152 4840 3357 4897 didicit
3417 4848 3613 4899 autem
3647 4860 3743 4900 ex-

2089 4929 2369 5000 perientia
2400 4945 2601 4983 eorum
2635 4945 2761 5000 quae
2793 4928 3018 4984 dixerat
3048 4930 3374 4987 veritatem.

2158 5021 2231 5072 Ut
2259 5023 2452 5073 autem
2486 5016 2596 5071 alia
2629 5019 3095 5089 praetermittam,
3118 5034 3185 5073 ea
3218 5020 3470 5088 narrabo
3504 5036 3631 5092 qua:
3664 5022 3737 5077 ad

2090 5124 2194 5161 nos
2226 5106 2384 5177 ipsos
2405 5105 2718 5176 pertinent.
2744 5110 2885 5161 Cum
2908 5113 3093 5163 mater
3112 5125 3242 5165 mea
3282 5126 3400 5164 una
3427 5126 3556 5165 cum
3580 5119 3743 5182 patre

2088 5212 2215 5251 meo
2247 5195 2571 5251 habitasset
2602 5195 2876 5251 tredecim
2902 5197 3094 5263 annis,
3115 5213 3182 5253 ea
3210 5216 3324 5254 non
3364 5200 3552 5255 fuerat
3592 5201 3746 5256 iacta

2088 5290 2275 5340 mater
2300 5283 2586 5350 ﬁliorum;
2612 5289 2737 5339 erat
2763 5284 2918 5339 enim
2958 5286 3198 5356 sterilis,
3220 5292 3283 5341 ut
3313 5305 3441 5359 quae
3478 5290 3735 5345 fructum

2088 5375 2236 5430 ferre
2266 5392 2299 5430 a
2321 5382 2529 5429 natura
2562 5372 2985 5444 prohiberetur.
3010 5375 3078 5431 Et
3114 5374 3243 5446 ipsa
3267 5378 3503 5448 quidem
3531 5378 3584 5433 id
3620 5394 3737 5434 non

2087 5462 2255 5519 valde
2286 5478 2434 5533 aegre
2466 5462 2718 5531 ferebat;
2746 5479 2870 5534 quae
2893 5465 3050 5519 enim
3081 5470 3206 5520 erat
3238 5466 3295 5520 in
3321 5467 3497 5524 rebus
3520 5467 3735 5524 divinis

2091 5553 2342 5617 erudita,
2376 5551 2650 5606 credebat
2679 5551 2787 5606 hoc
2819 5568 2945 5608 esse
2994 5552 3170 5609 utile:
3208 5571 3483 5626 magnam
3535 5561 3731 5611 autem

2089 5641 2419 5698 molestiam
2435 5639 2757 5712 accipiebat
2769 5646 2933 5713 pater
2955 5642 3109 5715 quod
3132 5648 3358 5701 careret
3374 5643 3529 5712 ﬁliis,
3554 5648 3610 5698 et
3624 5642 3739 5698 cir-
