4088 6180
558 272 624 326 71

557 399 930 463 cumquaque
955 380 1271 446 cursitans,
1306 374 1548 445 rogabat
1579 369 1677 425 Dei
1708 380 1905 423 servos
1936 366 2001 417 ut
2030 377 2061 415 a
2090 357 2206 413 Deo
2238 355 2291 420 Α

556 449 607 539 ei
658 449 918 553 peterent
970 471 1147 529 ﬁlios.
1196 465 1306 523 Alii
1363 479 1500 535 ergo
1558 458 1980 553 pollicebantur
2038 463 2100 553 se
2153 449 2212 501 et

560 536 743 627 lieum
767 567 1200 637 deprecaturae,
1216 558 1272 610 et
1293 552 1586 625 jubebant
1612 552 1674 603 ut
1699 547 1854 601 esset
1880 539 1979 597 Dei
2002 536 2210 637 volun-

555 663 675 715 tate
710 627 1039 713 contentus.
1064 648 1168 703 Hic
1205 647 1398 700 autem
1433 639 1603 695 homo
1635 634 1865 691 divinus
1897 632 1985 684 est
2016 627 2213 715 aperte

562 746 865 819 professus
907 755 968 795 se
1001 752 1188 792 unum
1228 730 1550 805 petiturum
1593 725 1663 781 ab
1696 718 1949 777 universi
1985 714 2210 787 Opifice,

562 807 619 890 et
639 851 701 890 se
724 830 1063 905 petitionem
1090 826 1464 893 accepturum
1484 821 1573 872 est
1591 812 1900 886 pollicitus.
1929 808 2072 862 Cum
2097 807 2213 857 tres

563 902 760 997 itaque
781 922 919 978 anni
942 915 1359 991 presteriissent
1376 915 1431 966 et
1456 903 1768 981 promissio
1794 902 1967 955 tinem
1988 912 2101 951 non
2126 909 2214 949 ac-

562 1015 835 1086 cepisset,
859 1024 1067 1065 rursus
1101 1002 1349 1060 accessit
1384 1003 1550 1071 pater
1571 992 1931 1067 promissum
1955 987 2212 1056 exigens.

566 1073 667 1160 Ille
699 1073 891 1157 autem
920 1096 1102 1168 jussit
1135 1097 1199 1148 ut
1230 1090 1299 1146 ad
1342 1105 1404 1144 se
1444 1085 1774 1142 mitteretur
1806 1079 2038 1149 conjux.
2070 1073 2215 1127 Cum

567 1200 762 1251 autem
792 1166 1051 1247 venisset
1092 1188 1301 1248 mater,
1336 1179 1483 1235 dixit
1522 1176 1619 1231 ille
1660 1173 1749 1230 vir
1779 1170 2034 1233 divinus,
2068 1179 2129 1220 se
2161 1166 2218 1217 et

566 1282 912 1356 petiturum,
937 1281 993 1334 et
1017 1291 1143 1332 eam
1168 1271 1353 1327 ﬁlium
1380 1270 1775 1336 accepturam,
1799 1263 1855 1315 et
1876 1256 2030 1329 quod
2053 1268 2219 1356 opor-

564 1345 647 1428 tet
676 1387 811 1427 eum
844 1345 1024 1440 ei'qui
1058 1363 1298 1420 dederat
1328 1352 1773 1413 dedicari.Cum
1808 1352 2004 1405 autem
2037 1345 2221 1398 mater

571 1461 763 1516 solum
805 1434 1037 1529 rogaret
1076 1456 1141 1508 ut
1182 1450 1389 1507 animae
1430 1445 1682 1501 salutem
1725 1438 2030 1510 acciperet,
2063 1436 2119 1489 et
2156 1434 2223 1486 ut

562 1519 917 1605 liberaretur
945 1562 978 1600 a
1001 1542 1308 1615 gehenna:
1338 1539 1550 1592 Praeter
1573 1532 1704 1600 hoc,
1724 1527 1937 1600 inquit,
1960 1519 2221 1615 liberalis

564 1643 622 1695 et
662 1636 983 1693 munificus
1002 1608 1177 1687 vDeus
1217 1627 1325 1684 tibi
1367 1624 1530 1681 dabit
1569 1622 1776 1676 filium.
1813 1617 1885 1671 lis
1922 1612 2076 1669 enim
2119 1608 2222 1681 qui

1733 246 1830 299 DE
1868 237 2057 295 VITIS
2092 230 2396 288 PATBUM
2433 228 2650 284 LIBER
2691 229 2788 283 IX.
3893 220 3925 271 7

2320 353 2415 420 rit,
2431 356 2488 407 et
2510 351 2726 422 quibus
2746 366 2889 406 usus
2910 349 3214 406 laboribus
3238 347 3497 403 divinam
3520 343 3819 402 attraxerit
3842 358 3930 415 ενι-ε

2319 442 2487 510 tiam,
2522 441 2643 497 haec
2674 455 2904 511 quoque
2930 439 3002 494 ad
3036 438 3367 494 docendum
3401 435 3726 493 sufficiunt.

2389 531 2623 602 Accepit
2652 535 2849 587 autem
2881 530 3056 585 etiam
3093 528 3152 583 in
3184 529 3294 583 hoc
3344 526 3567 582 mundo
3619 525 3744 596 ejus
3774 522 3930 578 obitu

2319 621 2565 693 dignum
2599 620 2877 676 honorem
2904 617 3222 675 laboribus.
3251 617 3467 672 Omnes
3492 616 3645 671 enim
3672 617 3727 668 et
3749 613 3930 668 cive51

2319 709 2630 776 externi,et
2643 708 2856 779 quibus
2870 707 3090 763 credita
3110 706 3297 760 fuerat
3310 717 3656 775 magnorum
3675 700 3930 770 magistri

2320 803 2490 854 tuum
2516 798 2891 870 dispensatio,
2918 797 3168 851 ferentes
3190 794 3356 849 illum
3380 809 3613 849 sacrum
3638 790 3850 845 lectum
3876 804 3930 843 et

2321 905 2424 960 per
2440 884 3195 957 humeros,deportaruntin
3213 884 3391 939 {edem
3409 886 3729 953 martyrum
3742 877 3930 933 victori

2323 977 2661 1049 insignium;
2680 979 2736 1032 et
2757 991 2887 1031 cum
2913 973 3127 1030 divinis
3148 972 3290 1028 viris
3314 971 3606 1044 Aphraate
3630 973 3687 1024 et
3714 966 3930 1021 Theodc

2323 1066 2702 1131 sio,sanctum
2719 1064 2863 1120 illud
2879 1068 2935 1119 et
2948 1064 3062 1119 Deo
3078 1066 3309 1135 gratum
3329 1077 3541 1132 corpus
3558 1060 3925 1130 deposuerun

2326 1156 2539 1211 mansit
2555 1160 2746 1211 autem
2762 1153 2948 1227 gloria
2961 1151 3252 1224 ejusmodi
3266 1148 3629 1222 utjexstingui
3646 1164 3758 1202 non
3776 1145 3926 1219 possi

2323 1248 2441 1301 Nos
2463 1250 2659 1300 autem
2686 1243 2961 1315 imposito
2984 1242 3097 1297 fine
3119 1239 3463 1305 narrationi,
3479 1254 3611 1295 eum
3634 1236 3733 1309 qui
3761 1234 3930 1307 porci]

2326 1338 2518 1406 potest
2545 1351 2612 1389 ex
2643 1333 2946 1390 naratione
2970 1332 3187 1387 bonum
3220 1330 3456 1385 odorem
3492 1326 3867 1400 percipimus.

2938 1501 3171 1557 CAPUT
3211 1499 3359 1557 XIV.

2922 1627 3205 1666 MESYMAS
3246 1609 3377 1679 (42).

574 1743 720 1800 Pure
751 1729 808 1782 et
837 1724 1061 1780 Sincere
1094 1720 1319 1792 Petunt:
1343 1700 2216 1800 ἀυρῖίθθδῖθτεῗωῗ,Ρθίίξί9ξ¹ξ⁵³
2250 1717 2299 1782 Β
2399 1729 2630 1785 Scimus
2644 1728 2880 1799 quidem
2897 1727 3011 1783 alia
3030 1742 3265 1798 quoque
3282 1723 3541 1796 plurima
3559 1723 3618 1778 in
3635 1719 3930 1777 urbeAntiu

566 1785 733 1875 illinc
756 1829 987 1870 reversa
1004 1814 1091 1866 est
1106 1810 1293 1864 mater
1308 1805 1552 1859 efferens
1571 1794 1845 1872 promissi
1859 1785 2215 1875 benedictio,-

572 1923 729 1962 ncm.
766 1904 837 1959 Et
868 1904 1074 1974 quarto
1091 1889 1693 1966 annoapromissione
1715 1880 2051 1953 concipit,et
2075 1874 2228 1949 gerit

570 1998 840 2059 uterum;
866 1964 923 2046 et
955 1987 1178 2044 accedit
1211 1986 1279 2040 ad
1305 1964 1568 2037 divinum
1602 1975 1927 2038 hominem,
1949 1964 2221 2023 benedic-

568 2082 754 2138 tionis
787 2077 1108 2136 ostendens
1142 2070 1501 2151 manipulos.
1538 2066 1751 2133 Quinto
1791 2065 1990 2117 autem
2026 2069 2228 2110 mense

573 2188 604 2227 a
626 2167 1029 2240 conceptione,
1057 2163 1167 2219 fuit
1200 2147 1523 2235 periculurn
1550 2147 2009 2240 abortionisilla
2030 2147 2225 2240 autem

573 2275 782 2316 rursus
811 2255 975 2312 misit
995 2254 1065 2309 ad
1081 2268 1295 2308 novum
1310 2264 1486 2305 suum
1510 2245 1780 2301 Elisaaum
1805 2236 2052 2312 (vetebat
2070 2230 2225 2288 enim

574 2348 815 2405 morbus
847 2361 919 2400 ne
956 2343 1027 2399 ad
1056 2340 1252 2412 ipsum
1284 2335 1528 2406 veniret)
1549 2337 1606 2389 et
1627 2331 1679 2387 ei
1705 2324 1994 2385 revocavit
2020 2322 2081 2376 in
2104 2334 2225 2373 me-

573 2439 821 2495 moriam
858 2432 1012 2506 quod
1046 2408 1283 2485 nolebat
1314 2424 1439 2481 ﬁeri
1473 2427 1661 2478 mater
1704 2418 1981 2480 filiorum,
2012 2413 2067 2466 et
2099 2408 2227 2497 ejus

574 2525 869 2599 promissa
900 2518 1145 2577 adduxit
1175 2517 1235 2571 in
1268 2514 1550 2569 medium.
1578 2509 1675 2563 Ille
1707 2509 1899 2563 autem
1925 2515 2056 2558 cum
2080 2512 2227 2598 pro-

573 2584 670 2671 cul
701 2612 949 2669 vidisset
969 2607 1321 2668 venientem,
1342 2605 1399 2658 et
1427 2599 1681 2672 agnovit,
1705 2600 1762 2651 et
1783 2606 2019 2649 causam
2045 2584 2228 2656 signi-

576 2701 773 2758 ﬁcavit
790 2719 802 2757 :
820 2702 993 2755 noctu
1018 2696 1175 2753 enim
1192 2699 1247 2749 et
1262 2691 1533 2748 morbum
1548 2693 1605 2743 et
1625 2687 1873 2743 salutem
1890 2680 1939 2736 ei
1957 2675 2227 2734 ostende-

581 2796 670 2847 rat
688 2789 994 2846 Dominus.
1013 2788 1265 2856 Accepto
1280 2796 1415 2853 ergo
1437 2777 1666 2843 baculo,
1680 2773 1857 2840 venit,
1873 2770 1924 2826 ei
1938 2768 2224 2832 innitens;

577 2886 635 2937 et
666 2896 801 2935 cum
836 2877 1043 2932 fuisset
1066 2874 1220 2929 intra
1252 2872 1489 2939 sedes,et
1514 2865 1675 2939 pacis
1702 2863 1948 2920 salutem
1973 2858 2229 2914 dedisset

576 2975 643 3025 ut
665 2967 1068 3025 consueverat.
1096 2968 1273 3030 Bono,
1297 2958 1511 3030 inquit,
1536 2956 1619 3011 sis
1646 2953 1863 3017 animo,
1887 2966 1992 3005 nec
2012 2948 2227 3003 timue-

2335 1818 2521 1874 chena
2536 1817 2972 1891 resplenduisse
2985 1815 3245 1888 plietatis
3260 1820 3313 1870 et
3327 1830 3471 1869 veras
3491 1811 3787 1882 religionis
3801 1810 3921 1865 lum

2335 1925 2409 1962 na
2440 1924 2719 1980 magnum
2754 1908 3055 1972 Severum,
3077 1910 3134 1960 et
3161 1909 3398 1960 Petrum
3420 1901 3779 1973 Egyptium,
3814 1900 3930 1963 Eut;

2334 1998 2504 2065 chen,
2536 2002 2593 2053 et
2622 1996 2921 2068 Cyrillum,
2956 2001 3013 2050 et
3040 1994 3322 2066 Moysem,
3354 1998 3413 2048 et
3440 1990 3732 2047 Malchum
3764 1988 3930 2060 (43),ι

2334 2085 2480 2142 alios
2511 2102 2745 2157 quoque
2776 2083 3061 2156 plurimos
3092 2083 3296 2139 eadem
3318 2080 3413 2137 via
3442 2096 3567 2137 esse
3586 2076 3930 2147 882ingre:

2334 2193 2448 2232 sos.
2472 2176 2576 2231 Sed
2601 2175 2653 2229 si
2679 2191 2771 2229 res
2794 2174 2865 2229 ab
2888 2172 3167 2229 omnibus
3192 2172 3249 2227 in
3271 2170 3387 2227 vita
3408 2174 3606 2241 gestas
3638 2182 3930 2223 conaremi

2334 2266 2607 2334 scribere,
2641 2268 2827 2319 totum
2853 2268 3086 2334 tempus
3108 2260 3277 2316 nobis
3298 2275 3413 2314 non
3440 2255 3733 2314 suffecerit
3757 2273 3770 2311 :
3798 2271 3930 2310 max

2336 2372 2427 2409 me
2457 2370 2590 2409 cum
2614 2352 2787 2409 etiam
2813 2350 3016 2407 multis
3039 2348 3465 2422 permultorum
3483 2346 3652 2403 lectio
3670 2346 3871 2401 afferat
3887 2361 3930 2399 sa

2334 2443 2617 2499 tietatem.
2638 2443 2720 2497 Ex
2741 2441 2813 2497 iis
2835 2457 2969 2513 ergo
2995 2440 3093 2512 qui
3117 2438 3317 2510 scripti
3342 2440 3501 2504 sunt,
3519 2436 3590 2491 de
3611 2450 3809 2491 eorum
3836 2449 3930 2503 qui

2336 2549 2445 2603 que
2460 2549 2492 2603 q
2505 2532 2560 2588 ui
2585 2536 2725 2586 sunt
2741 2529 3116 2603 praetermissi
3140 2528 3259 2584 vita
3270 2527 3664 2597 conjecturam
3682 2522 3929 2579 faciente

2336 2624 2767 2693 prosequantur
2795 2619 3068 2676 laudibus
3098 2622 3155 2673 et
3204 2615 3528 2683 imitentur,
3561 2618 3620 2669 et
3662 2611 3930 2667 utilitate:

2336 2710 2807 2783 percipiant.Ego
2841 2713 3035 2763 autem
3067 2706 3329 2762 transibo
3354 2706 3423 2760 ad
3449 2707 3617 2776 prata
3638 2701 3855 2773 Cyri,et
3886 2715 3930 2754 Et

2336 2816 2465 2855 rum
2492 2800 2591 2870 qui
2613 2798 2781 2872 inieis
2805 2794 3439 2867 fueruntfragrantium
3465 2793 3930 2864 speciosorumql

2338 2889 2567 2956 ﬂorum,
2601 2904 2775 2959 quam
2809 2885 3063 2941 maxime
3106 2888 3331 2957 potero,
3362 2881 3671 2939 ostendam
3723 2877 3930 2950 pulchr

2334 2978 2620 3038 tudinem.

578 3059 695 3114 τίετ
739 3073 929 3127 neque
972 3054 1126 3109 enim
1161 3053 1379 3145 άοηιξφ
1414 3040 1861 3145 *ξυτῖτθξίῗιίῖυί
1900 3038 2079 3145 ἀθξίίδν
2108 3035 2224 3145 nnis?
2259 3078 2301 3145 ρ
2410 3066 2539 3121 Fuit
2571 3064 2811 3137 quidam
2834 3068 3160 3135 Mezsymas,
3184 3061 3243 3116 in
3274 3060 3347 3115 iis
3380 3075 3505 3130 qua:
3538 3074 3646 3113 nos
3673 3070 3929 3127 praecessi

575 3152 639 3205 tu
657 3151 826 3219 pacta
839 3137 1501 3200 convcntatransilieris.
1524 3132 1789 3189 Pollicita
1813 3148 1874 3185 es
1890 3133 2087 3185 autem
2107 3130 2161 3181 te
2175 3130 2225 3181 ei

576 3236 945 3292 redditurum
966 3248 1099 3288 eum
1116 3229 1215 3301 qui
1229 3230 1401 3283 datus
1419 3221 1738 3289 fuerit,etei
1756 3221 2234 3276 consecraturum

581 3327 653 3383 ad
685 3324 953 3381 divinum
988 3314 1519 3375 ministerium.Sic
1559 3316 1776 3378 autem,
1798 3307 1994 3379 inquit
2026 3307 2233 3373 mater,

580 3432 686 3488 ego
706 3418 763 3470 et
784 3417 918 3485 opto
940 3415 996 3466 et
1017 3408 1165 3465 volo.
1183 3405 1465 3462 Existimo
1487 3402 1641 3458 enim
1665 3400 1751 3455 vel
1788 3392 2234 3469 imperfectissi-

588 3483 751 3561 mum
785 3483 987 3557 foetum
1019 3513 1148 3555 esse
1180 3495 1368 3567 magis
1400 3490 1809 3564 expetendum,
1843 3502 2017 3557 quam
2055 3501 2087 3538 a
2118 3483 2234 3537 Deo

578 3593 831 3648 alienam
864 3588 969 3644 ﬁlii
1002 3585 1429 3643 educationem.
1463 3581 1606 3635 Cum
1642 3579 1841 3648 itaque
1890 3589 2102 3644 aquam
2135 3587 2233 3626 ac—

576 3681 833 3753 cepisset
862 3683 920 3734 et
951 3674 1349 3732 benedixisset
1376 3688 1388 3725 :
1418 3670 1557 3725 Bibe
1589 3682 1747 3739 ergo,
1782 3663 1978 3734 inquit
2007 3661 2097 3716 vir
2152 3659 2235 3714 di-

581 3769 775 3833 vinus,
806 3768 956 3823 hanc
987 3780 1231 3835 aquam,
1263 3766 1320 3816 et
1350 3758 1565 3816 senties
1614 3754 1877 3812 divinum
1925 3748 2233 3807 auxilium.

578 3858 734 3913 Bibit
768 3857 964 3927 itaque
998 3859 1063 3908 ut
1087 3854 1376 3923 jusserat,
1407 3853 1464 3903 et
1493 3842 1814 3902 abortionis
1847 3840 2049 3912 effugit
2078 3837 2234 3910 peri-

580 3946 763 4003 culm.
797 3950 931 4001 Haec
962 3946 1100 3999 sunt
1131 3940 1317 3997 nostri
1343 3937 1533 3994 Ellsaei
1563 3932 1865 3991 miracula.
2186 3947 2195 3957 ο

651 4140 771 4212 Ego
795 4139 923 4210 ejus
949 4136 1416 4193 benedictionem
1441 4135 1496 4187 et
1519 4129 1844 4187 doctrinam
1866 4142 2017 4198 saepe
2039 4141 2231 4197 perce-

584 4232 664 4305 pi.
698 4236 788 4286 Me
812 4229 968 4285 enim
1005 4227 1350 4292 adhortans,
1382 4239 1535 4294 saepe
1566 4220 1826 4276 dicebat:
1860 4217 2043 4272 Natus
2091 4233 2172 4285 es,
2203 4232 2234 4269 ο

580 4304 687 4387 fili,
730 4335 864 4374 cum
900 4313 1448 4380 multislaboribus;
1476 4309 1694 4366 multas
1713 4310 2104 4361 noctesDeum
2129 4304 2235 4359 hoc

581 4407 775 4465 solum
809 4411 1091 4479 perpetuo
1126 4403 1345 4475 rogavi,
1394 4406 1458 4456 ut
1486 4399 1572 4454 tui
1603 4401 1871 4471 parentes
1894 4394 2002 4451 hoc
2032 4394 2236 4448 fierent

586 4498 744 4570 quod
768 4502 823 4553 te
846 4501 980 4551 nato
1002 4502 1139 4550 sunt
1161 4491 1469 4549 nominati.
1492 4490 1628 4547 Vide
1650 4502 1789 4559 ergo
1806 4491 1871 4541 ut
1890 4484 2069 4540 vitam
2093 4499 2235 4554 agas

585 4589 822 4659 dignam
842 4583 1736 4654 laboribus,utquia,antequam
1753 4576 2234 4645 nasccreris,pro-

602 4675 807 4732 missis
844 4675 1027 4730 fueris
1052 4673 1372 4729 dedicatus.
1393 4672 1527 4736 Quae
1549 4672 1687 4724 sunt
1709 4671 1903 4722 autem
1934 4670 2046 4720 Deo
2072 4662 2238 4719 dedi—

593 4770 743 4832 cata,
769 4769 909 4820 sunt
929 4763 1210 4819 omnibus
1240 4759 1592 4823 veneranda,
1615 4760 1671 4813 et
1694 4774 1819 4826 quae
1858 4753 2029 4826 vulgo
2064 4752 2237 4808 mini-

588 4869 681 4911 me
714 4858 852 4911 sunt
878 4851 1326 4909 contrectanda.
1351 4846 1628 4905 Convenit
1657 4862 1792 4916 ergo
1825 4851 1885 4898 ut
1916 4853 1972 4899 tu
2005 4858 2240 4914 quoque

588 4943 774 5000 malos
808 4941 989 4999 animi
1014 4945 1210 4996 motus
1232 4956 1345 4996 non
1370 4937 1646 4993 admittas
1672 4933 1801 5002 ;illa
1822 4938 2014 4989 autem
2040 4930 2165 4987 sola
2185 4936 2241 4987 et

589 5033 772 5089 facias
795 5036 850 5087 et
871 5030 1089 5103 cogites
1111 5046 1234 5101 quae
1258 5029 1442 5084 Deum
1471 5026 1704 5099 placant
1736 5022 1967 5079 virtutis
2006 5020 2238 5093 legisla-

590 5121 942 5179 toremﬂmc
967 5120 1107 5175 mibi
1134 5121 1412 5191 perpetuo
1436 5114 1721 5172 suadebat
1741 5113 1827 5168 vir
1849 5111 2111 5177 divinus;
2134 5126 2239 5180 ego

592 5217 790 5268 autem
820 5214 877 5266 et
908 5225 1107 5265 eorum
1138 5224 1265 5279 qua:
1290 5205 1435 5261 mihi
1465 5203 1609 5259 dixit
1633 5201 1893 5267 memini,
1928 5208 1979 5255 et
2021 5201 2238 5255 donum

593 5301 858 5358 divinum
890 5316 1023 5355 sum
1055 5298 1316 5353 edoctus.
1352 5295 1494 5349 Cum
1529 5296 1720 5347 autem
1772 5307 1885 5345 non
1935 5289 2237 5344 ostendam

592 5390 764 5447 factis
796 5405 861 5445 ea
892 5404 1018 5459 quas
1052 5385 1197 5442 mihi
1230 5382 1437 5451 suasit,
1463 5396 1601 5451 rogo
1633 5383 1697 5434 ut
1723 5396 1823 5450 per
1852 5376 2008 5432 illius
2042 5393 2240 5449 preces

591 5480 857 5536 divinum
891 5492 1222 5547 consequar
1251 5473 1622 5539 auxilium,et
1652 5470 1807 5542 quod
1841 5473 1930 5525 est
1958 5470 2087 5525 vitae
2115 5469 2244 5524 reli-

594 5588 804 5645 quum,
820 5587 987 5645 agam
1011 5566 1259 5625 exillius
1276 5564 1602 5638 praeceptis.
1618 5562 1817 5627 Qualis
1840 5578 1975 5635 ergo
1998 5562 2094 5619 ille
2118 5565 2238 5621 fue-

2343 3160 2481 3209 runt
2503 3152 2888 3225 temporibus,
2911 3167 3049 3207 voce
3071 3150 3305 3223 quidem
3328 3149 3528 3221 Syrus,
3548 3150 3602 3201 et
3624 3144 3746 3199 ruri
3774 3144 3930 3199 educ:

2342 3248 2459 3313 tus,
2492 3248 2548 3299 et
2579 3243 2679 3314 qui
2709 3241 2940 3298 virtutis
2972 3256 3142 3297 omne
3187 3255 3372 3312 genus
3401 3234 3676 3293 ostendit.
3711 3234 3852 3288 Cum
3889 3248 3930 3286 a'

2340 3338 2459 3390 tem
2484 3332 2793 3390 claruisset
2819 3334 2875 3387 in
2900 3347 2966 3388 ea
2988 3348 3115 3403 quae
3140 3338 3226 3385 est
3248 3344 3350 3401 per
3364 3343 3425 3383 se
3448 3326 3584 3395 vita,
3604 3324 3655 3381 ei
3678 3322 3926 3395 cujusda

2342 3423 2450 3479 vici
2502 3440 2642 3479 cura
2694 3422 2805 3477 fuit
2846 3422 3083 3476 credita.
3131 3419 3478 3475 Sacriﬁcans
3532 3420 3750 3481 autem,
3785 3416 3842 3467 et
3891 3411 3930 3465 D

2341 3529 2475 3569 oves
2508 3528 2775 3585 pascens,
2807 3510 2910 3566 illa
2958 3514 3013 3566 et
3059 3508 3288 3565 dicebat
3337 3511 3393 3562 et
3438 3506 3687 3561 faciebat
3741 3518 3869 3573 quae
3903 3500 3930 3553 ι.

2335 3602 2518 3671 jussit
2549 3601 2761 3655 divina.
2786 3600 2966 3655 Aiunt
2992 3602 3187 3654 autem
3210 3613 3346 3653 eum
3368 3611 3557 3667 neque
3580 3593 3864 3657 tunicam,
3889 3606 3923 3644 n

2342 3707 2453 3761 que
2467 3689 2720 3745 cilicium
2739 3705 2890 3761 saepe
2905 3693 3193 3755 mutasse,
3210 3687 3309 3743 sed
3326 3685 3397 3740 iis
3413 3701 3540 3756 quae
3565 3683 3622 3737 in
3647 3682 3730 3738 eis
3773 3680 3929 3735 fieba‘

2341 3778 2604 3850 rupturis
2648 3777 3118 3849 aliquotpanuos
3168 3774 3526 3843 consuendo,
3550 3769 3835 3827 senectuti
3881 3767 3930 3821 hi

2341 3866 2512 3922 modo
2540 3868 2863 3923 remedium
2900 3865 3191 3922 attulisse.
3214 3862 3527 3935 Hospitum
3553 3863 3749 3915 autem
3774 3861 3833 3913 et
3854 3873 3925 3927 pa

2341 3972 2545 4027 perum
2568 3961 2685 4011 tam
2715 3956 2889 4011 alacri
2919 3954 3115 4010 animo
3141 3970 3342 4010 curam
3359 3947 3930 4023 gerebat,utpatefac

2341 4048 2425 4099 ret
2440 4048 2635 4115 portas
2650 4043 2925 4099 omnibus
2940 4042 3040 4114 qui
3061 4043 3320 4097 aderant.
3343 4038 3562 4094 Dicitur
3578 4035 3735 4091 enim
3754 4032 3930 4089 habui

2342 4151 2403 4188 se
2435 4137 2550 4189 duo
2584 4133 2759 4201 dolia,
2786 4149 2968 4188 unum
2996 4132 3234 4204 quidem
3262 4126 3561 4196 frumenti,
3585 4125 3839 4181 alterum
3860 4139 3929 4177 ve

2341 4222 2451 4279 olei
2478 4239 2490 4276 :
2527 4239 2592 4278 ex
2623 4222 2714 4278 his
2744 4239 2975 4293 semper
3005 4221 3240 4292 quidem
3274 4215 3689 4291 suppeditabat
3721 4212 3923 4269 omnib

2340 4313 2672 4384 egentibus;
2706 4312 2958 4367 habebat
2993 4313 3184 4366 autem
3232 4327 3298 4365 ea
3345 4323 3578 4378 semper
3620 4302 3794 4376 plena
3825 4303 3930 4357 ben

2342 4402 2594 4458 dictione
2626 4419 2755 4473 quae
2779 4402 2915 4457 data
2930 4406 3017 4455 est
3034 4400 3216 4455 vidua:
3238 4397 3633 4467 Sarephtanzn,
3650 4396 3706 4448 et
3728 4391 3930 4447 immis

2345 4492 2535 4546 fuerat
2560 4491 2619 4545 in
2648 4490 2770 4546 haec
2794 4489 2967 4545 dolia.
2985 4489 3115 4560 Ipse
3138 4487 3294 4543 enim
3318 4484 3601 4541 Dominus
3629 4497 3833 4538 omnes
3860 4497 3930 4549 op

2345 4580 2590 4637 effundit
2620 4580 2677 4634 in
2711 4595 2915 4635 omnes
2946 4595 3044 4635 eos
3076 4577 3175 4649 qui
3204 4577 3404 4649 ipsum
3436 4574 3726 4637 invocant,
3760 4573 3817 4623 et
3848 4569 3929 4623 sic

2345 4667 2507 4723 illius
2538 4667 2805 4740 hydriam
2837 4672 2894 4721 et
2922 4669 3151 4737 guttum
3179 4663 3363 4734 jussit
3392 4660 3697 4727 scaturire,
3731 4655 3923 4729 preabe

2347 4757 2680 4829 manipulos
2723 4755 3018 4812 seminum
3063 4750 3521 4824 hospitalitatis;
3554 4749 3634 4803 ita
3661 4747 3838 4803 etiam
3865 4744 3930 4799 hi:

2344 4847 2467 4901 viro
2500 4844 2835 4901 admirabili
2868 4843 3137 4899 exhibuit
3185 4838 3745 4912 suppeditationem,
3776 4852 3906 4907 quae

2348 4951 2513 5007 isquo
2546 4935 2937 5007 respondebat
2965 4932 3093 5003 ejus
3126 4930 3307 4987 animi
3334 4926 3645 4985 alacritati.

2420 5026 2550 5081 Jam
2592 5039 2726 5080 vero
2758 5024 2825 5077 ad
2890 5020 3149 5077 facienda
3195 5034 3429 5092 quoque
3478 5013 3763 5072 miracula
3795 5030 3827 5069 a
3883 5018 3929 5067 D

2352 5115 2758 5169 universorum
2795 5127 3069 5184 magnam
3100 5109 3322 5181 accepit
3338 5108 3606 5181 gratiam.
3632 5104 3865 5160 Faciam
3896 5119 3926 5157 a

2349 5214 2467 5266 tem
2502 5206 2855 5262 mentionem
2894 5204 3069 5260 unius
3103 5207 3205 5259 aut
3234 5203 3488 5258 duorum
3538 5196 3930 5255 miraculorum

2351 5299 2577 5370 reliqua
2611 5301 2805 5352 autem
2840 5294 3301 5367 praetermittam,
3336 5297 3399 5349 ut
3430 5295 3531 5365 qui
3563 5304 3871 5362 properem
3904 5304 3930 5341 v

2350 5391 2477 5445 nire
2506 5387 2578 5443 ad
2609 5385 2776 5439 alios.

2420 5474 2629 5532 Mulier
2656 5474 2923 5545 quaedam
2945 5476 3000 5529 et
3024 5489 3235 5546 genere
3247 5476 3304 5528 et
3327 5471 3439 5526 ﬁde
3452 5466 3882 5538 ornata,ﬁlium
3900 5482 3930 5536 q

2350 5566 2638 5627 ceciderat
2657 5563 2719 5619 in
2742 5562 2958 5621 malam
2981 5562 3374 5620 valetudinem
3402 5560 3550 5631 (erat
3572 5560 3767 5614 autem
3794 5556 3929 5613 adm
