4122 6188
300 330 371 384 73
1445 329 1562 382 PH]
1573 326 1917 394 LOTHEUS,
1961 343 1973 382 ε

2123 331 2437 389 ΤΗΕΟΡΗΙ
2447 337 2593 391 LES.
3656 338 3726 391 74

301 458 664 512 dumtenera
692 452 1080 509 aataternultis
1109 451 1321 508 obtulit
1346 451 1964 509 medicis.Arteautem
1993 455 2049 521 Α
2082 470 2320 512 manum
2356 460 2685 533 porrigens,
2720 461 3044 533 accipiebat
3087 462 3141 516 id
3197 462 3346 533 quod
3383 461 3733 518 efferebatur

300 548 602 617 superata,
638 560 773 598 cum
807 548 865 598 et
898 542 1110 597 medici
1146 544 1582 613 desperassent,
1611 547 1669 597 et
1719 558 1969 614 puerum

303 652 437 692 esse
467 634 823 690 moriturum
855 638 1055 703 aperte
1078 631 1510 699 dixissent,non
1528 632 1970 704 abjecitmulier

302 741 472 795 spem
491 723 815 787 meliorem,
851 721 1970 788 sedillamimitataSunamitidem,mu-

304 813 383 868 lis
417 813 669 885 imponit
692 827 1011 866 cameram.
1053 812 1197 867 Cum
1232 811 1289 864 in
1324 826 1391 865 ea
1422 816 1619 865 autem
1653 827 1714 866 se
1746 816 1801 866 et
1824 828 1969 883 pue-

306 922 444 960 rum
488 903 897 976 imposuisset,
931 903 1198 974 pervenit
1252 903 1322 957 ad
1356 902 1551 957 virum
1598 902 1767 958 illum
1820 902 1968 957 divi-

306 1011 455 1049 num
494 1012 505 1047 :
539 994 873 1048 lamentans
906 995 1193 1056 autem,et
1224 996 1445 1045 natura:
1471 993 1784 1047 ostendens
1811 991 1972 1046 allec-

302 1081 785 1152 tionem,rogavit
800 1089 857 1135 ut
878 1080 1051 1134 ferret
1072 1079 1441 1135 auxilium.ls
1456 1084 1650 1133 autem
1672 1096 1806 1134 cum
1830 1096 1972 1151 pue-

315 1187 457 1227 rum
486 1170 760 1224 manibus
792 1168 1133 1239 accepisset,
1168 1174 1225 1221 et
1264 1185 1373 1222 ara:
1433 1168 1560 1223 basi
1592 1169 1968 1235 admovisset,

306 1260 549 1332 jacebat
580 1274 823 1331 pronus,
858 1258 1190 1312 animarum
1214 1261 1270 1311 et
1300 1274 1573 1327 coporum
1598 1274 1811 1328 rogans
1844 1273 1969 1311 me-

306 1351 515 1405 dicum
546 1367 560 1417 ;
592 1352 645 1403 et
677 1350 914 1418 accepta
943 1346 1222 1416 petitione
1254 1347 1507 1402 reddidit
1528 1346 1810 1401 valentem
1848 1364 1971 1401 ma-

310 1441 389 1495 tri
424 1440 638 1493 filium.
676 1438 790 1509 Ego
824 1441 1019 1492 autem
1062 1437 1118 1490 id
1152 1436 1345 1491 audivi
1378 1438 1449 1492 ab
1478 1454 1545 1492 ea
1576 1454 1705 1509 quae
1738 1437 1846 1491 hoc
1877 1436 1969 1489 vi-

305 1531 397 1585 dit
432 1528 809 1597 miraculum,
842 1533 900 1581 ct
928 1527 1095 1597 pueri
1129 1527 1353 1598 accepit
1386 1528 1655 1581 salutem.

382 1619 560 1672 Aiunt
589 1622 783 1671 autem
820 1615 980 1669 illius
1035 1631 1269 1687 quoque
1329 1615 1438 1669 vici
1474 1615 1781 1670 dominum
1837 1632 1967 1669 cum

308 1708 572 1763 venisset
602 1707 677 1777 (is
709 1711 905 1760 autem
938 1711 1062 1759 erat
1097 1704 1811 1775 Latoius,quiAntiocbeni
1846 1707 1969 1774 qui-

311 1799 450 1852 dem
483 1801 724 1851 senatus
757 1795 978 1865 primas
1014 1800 1205 1864 partes
1229 1795 1482 1859 tenebat,
1511 1793 1828 1865 impietatis
1862 1812 1968 1849 au-
2001 1830 2047 1893 B

304 1893 429 1941 tem
478 1886 787 1941 tenebatur
843 1882 1137 1954 caligine),
1174 1887 1232 1937 et
1276 1884 1503 1937 fructus
1548 1884 1742 1937 acrius
1791 1900 1969 1953 quam

305 1975 620 2047 oportebat
648 1975 902 2043 exigeret
933 1973 1003 2026 ab
1038 1971 1336 2043 agricolis,
1371 1971 1634 2026 divinum
1667 1972 1831 2027 illum
1866 1974 1970 2026 ho-

306 2066 533 2121 minem
568 2062 944 2119 clementiam
978 2059 1061 2115 illi
1108 2061 1501 2126 consuluisse,
1535 2066 1592 2115 et
1620 2063 1691 2118 de
1730 2063 1966 2117 miseri-

303 2155 510 2211 cordia
566 2153 719 2224 apud
756 2168 889 2207 eum
944 2153 1122 2206 verba
1179 2151 1425 2207 fecisse:
1459 2151 1747 2207 mansisse
1769 2159 1967 2209 autem

306 2245 478 2299 illum
503 2240 1508 2310 inexorabilem,experientiaautem
1526 2242 1865 2312 cognovisse
1879 2258 1970 2297 se-

306 2338 521 2387 cutum
551 2332 793 2385 damum
826 2345 893 2383 ex
923 2345 989 2383 eo
1022 2329 1177 2399 quod
1212 2345 1325 2383 non
1351 2329 1777 2400 paruerit.Cum
1811 2332 1968 2386 enim

305 2437 448 2476 eum
490 2420 649 2475 abire
682 2423 995 2489 oporteret,
1028 2423 1083 2472 et
1106 2434 1314 2473 currus
1336 2424 1491 2473 esset
1510 2424 1768 2490 paratus,
1798 2426 1853 2475 et
1878 2437 1967 2476 se-

308 2510 461 2564 dens
494 2508 711 2579 aurigae
739 2507 1023 2577 jussisset
1053 2510 1116 2559 ut
1148 2505 1342 2561 mulas
1363 2508 1633 2562 incitaret
1660 2526 1673 2574 ;
1707 2508 1818 2562 illa:
1841 2511 1969 2579 qui-

301 2600 444 2654 dem
460 2596 919 2652 trahebanttotis
939 2594 1467 2667 viribus,urgentes
1487 2604 1543 2652 et
1563 2603 1853 2653 temonem
1874 2616 1967 2653 as-

304 2693 544 2761 portare
579 2685 928 2740 molientes:
966 2684 1104 2739 visae
1133 2691 1274 2739 sunt
1317 2692 1513 2741 autem
1561 2692 1697 2742 rotae
1732 2690 1880 2743 ferro
1912 2693 1970 2743 et

306 2775 557 2847 plumbo
607 2772 876 2844 alligatas.
922 2775 1065 2827 Cum
1118 2778 1311 2827 autem
1354 2776 1685 2845 agrestium
1733 2792 1968 2847 quoque

316 2862 644 2919 multitudo
676 2866 834 2916 rotas
868 2877 1107 2915 movens
1147 2862 1413 2917 vectibus
1454 2864 1600 2917 nihil
1639 2866 1964 2935 proficeret,

319 2952 571 3025 quidam
599 2968 668 3006 ex
699 2950 903 3006 amicis
935 2951 1035 3021 qui
1069 2951 1269 3006 Latoio
1300 2952 1618 3023 assidebat,
1642 2955 1692 3008 ei
1726 2971 1963 3010 causam

304 3041 633 3113 signiﬁcat,
664 3041 866 3095 dicens
914 3041 1277 3095 sacerdotem
1312 3057 1511 3096 senem
1541 3060 1674 3098 eum
1707 3060 1835 3098 esse
1866 3061 1963 3099 ex-

304 3134 636 3195 secratum,
671 3134 728 3184 et
758 3129 914 3199 quod
947 3133 1174 3200 oportet
1204 3145 1338 3183 eum
1371 3129 1601 3200 placare
1632 3137 1688 3187 et
1720 3133 1965 3188 reddere

2076 546 2851 606 nutrimentumz838lossa
2868 554 3062 605 autem
3080 567 3194 605 non
3214 551 3293 605 ita
3316 552 3732 610 eifossafuerat

2079 639 2141 688 ut
2172 637 2411 692 omnino
2444 638 2710 693 tenderet
2742 639 2799 694 in
2833 640 3231 703 directum,ne
3264 643 3499 694 essetex
3523 642 3727 695 adver-

2077 741 2139 778 so
2172 741 2371 782 eorum
2406 727 2946 799 quivellentipsum
2971 728 3167 783 videre
3210 729 3307 783 sed
3329 730 3723 801 eratobliqua,

2076 818 2132 868 et
2166 814 2245 870 ita
2276 821 2635 883 constructa,
2671 822 2735 871 ut
2767 822 2923 873 esset
2954 818 3143 872 instar
3173 817 3426 872 incurva:
3458 817 3722 874 linemEi

2077 908 2276 959 autem
2317 907 2669 961 atterebatur
2684 907 3004 973 cibus,lens
3021 923 3172 977 aqua
3191 907 3723 963 madcfactazsemel

2078 998 2270 1049 autem
2303 996 2357 1048 in
2395 996 2756 1050 hebdomada
2788 1000 2959 1051 noctu
2986 994 3313 1066 egrediens,
3339 994 3725 1052 hauriebatex

2077 1084 2235 1139 fonte
2268 1084 2594 1156 propinquo
2628 1089 2911 1157 quantum
2946 1084 3092 1140 satis
3125 1088 3249 1139 erat
3280 1101 3464 1157 aquae.
3493 1086 3720 1142 Etcum

2079 1173 2396 1243 aliquando
2419 1174 2658 1245 quidam
2677 1179 2875 1244 pastor
2898 1172 3098 1244 procul
3131 1189 3266 1229 oves
3290 1191 3536 1245 pascens
3567 1175 3726 1230 inte-

2080 1260 2261 1315 tebris
2292 1260 2537 1315 vidisset
2564 1277 2697 1315 eum
2735 1260 2967 1330 moveri,
3002 1264 3058 1315 et
3088 1278 3219 1315 eum
3238 1261 3727 1331 conjecissetesse

2080 1349 2307 1418 lupum,
2344 1351 2465 1404 ibat
2496 1350 2649 1405 enim
2685 1350 3174 1419 incurvus,utqui
3202 1351 3555 1406 multoesset
3578 1353 3728 1407 ferro

2078 1439 2570 1507 gravatus,movit
2605 1440 2847 1494 fundam
2890 1439 3727 1512 tanquamjaculaturuslapi-

2079 1528 2232 1581 dem.
2249 1529 2392 1583 Cum
2419 1532 2613 1583 autem
2630 1530 2757 1598 ejus
2774 1528 3169 1600 manuslongo
3185 1532 3447 1600 tempore
3463 1535 3729 1585 maneret

2081 1616 2755 1688 immobilis,ettapidem
2776 1634 2888 1672 non
2924 1622 3120 1688 posset
3147 1617 3412 1673 emittere
3445 1618 3730 1674 donecvir

2079 1705 2175 1760 ille
2207 1706 2439 1761 divinus
2467 1707 2681 1761 hausta
2712 1723 2863 1776 aqua
2896 1724 3164 1762 reversus
3217 1712 3307 1762 est
3331 1709 3514 1763 sensit
3555 1708 3726 1780 igno-

2080 1796 2355 1861 rantiam,
2390 1801 2445 1851 et
2479 1802 2611 1868 post
2633 1813 2903 1851 auroram
2931 1797 3089 1851 venit
3120 1797 3191 1851 ad
3213 1796 3448 1851 virtutis
3476 1814 3718 1869 gymna-

2079 1884 2257 1951 sium,
2293 1890 2348 1939 et
2381 1890 2581 1939 narrat
2611 1886 2764 1956 quod
2805 1886 3118 1955 acciderat,
3148 1891 3213 1940 et
3236 1886 3380 1956 petit
3410 1886 3727 1955 veniam,et

2078 1973 2292 2044 accipit
2309 1973 2515 2027 delecti
2535 1974 2969 2041 remissionem;
2988 1991 3099 2029 non
3118 1974 3318 2029 audita
3332 1992 3469 2029 voce
3484 1975 3725 2047 loquen-

2081 2068 2155 2128 te,
2182 2063 2281 2117 sed
2316 2079 2417 2132 per
2448 2080 2659 2117 manus
2706 2063 2995 2117 motiones
3029 2063 3326 2119 intellecta
3376 2063 3719 2134 placatione.

2150 2152 2397 2213 Quidam
2434 2156 2630 2206 autem
2663 2151 2835 2217 alius,
2872 2168 3018 2206 usus
3053 2152 3311 2222 quodam
3345 2151 3604 2223 maligno
3635 2152 3726 2207 in-

2078 2240 2337 2310 stigandi
2373 2240 2590 2304 studio,
2624 2243 2679 2292 et
2710 2239 2859 2293 scire
2890 2238 3229 2293 desiderans
3262 2239 3402 2309 quid
3424 2242 3545 2293 toto
3577 2243 3726 2293 tem-

2080 2346 2215 2400 pore
2257 2333 2453 2399 ageret
2484 2333 2783 2399 perpetuo,
2817 2345 2998 2383 ausus
3030 2332 3119 2382 est
3159 2329 3549 2383 conscendere
3599 2330 3725 2398 pla-

2078 2425 2308 2481 tanum,
2342 2434 2469 2488 quae
2500 2417 2612 2471 sita
2642 2422 2766 2471 erat
2816 2416 2983 2485 juxta
3015 2416 3278 2484 fossam;
3314 2416 3414 2471 sed
3465 2416 3727 2488 percepit

2082 2506 2242 2561 illico
2286 2510 2512 2561 lructus
2545 2522 2663 2560 sua:
2695 2505 2974 2560 audaciae.
3000 2505 3193 2560 Media
3223 2506 3375 2561 enim
3399 2510 3561 2576 parte
3594 2522 3722 2560 cor-

2078 2594 2235 2664 poris
2258 2608 2443 2663 usque
2465 2594 2535 2646 ad
2570 2592 2747 2663 pedes
2779 2593 3382 2663 exsiccatus,supplex
3398 2598 3722 2660 erat,suum

2078 2688 2378 2753 peccatum
2413 2681 2831 2736 accusans.l'le
2876 2698 3033 2749 vero,
3062 2687 3223 2736 secta
3270 2681 3525 2753 platano,
3560 2682 3724 2753 prius

2076 2770 2428 2841 significavit
2456 2771 2713 2824 futuram
2742 2770 3170 2827 sanitatem.Ne
3205 2772 3360 2825 enim
3397 2771 3549 2826 alius
3574 2788 3727 2842 quo-

2075 2877 2189 2932 que
2217 2876 2351 2914 cum
2384 2858 2599 2913 similia
2623 2859 2874 2923 fecisset,
2910 2876 3110 2930 paruas
3133 2860 3319 2915 lueret
3350 2860 3597 2928 similes,
3632 2878 3722 2915 ar-

2076 2951 2276 3004 borem
2307 2949 2491 3018 jussit
2524 2948 2806 3016 exscindi;
2832 2949 3263 3004 arborisautem
3290 2950 3605 3004 sectionem
3628 2966 3723 3005 se-

2072 3044 2209 3093 cuta
2238 3044 2328 3092 est
2358 3038 2537 3091 etiam
2572 3036 2789 3092 ablatio
2819 3036 3116 3108 supplicii.
3146 3039 3334 3093 Tanta
3357 3038 3593 3109 quidem
3614 3040 3729 3093 for-

2070 3127 2324 3181 titudine
2355 3132 2411 3181 et
2440 3126 2753 3180 tolerantia
2801 3142 2943 3180 usus
2973 3132 3061 3181 est
3103 3126 3196 3182 hic
3226 3128 3313 3180 vir
3343 3126 3620 3183 divinus:
3655 3128 3726 3182 ab

310 3217 688 3275 benevolum.
725 3217 803 3272 De
834 3233 1009 3271 curru
1035 3217 1230 3287 itaque
1260 3216 1559 3285 exsiliens,
1592 3220 1643 3275 ei
1677 3220 1785 3275 fuit
1815 3239 1959 3293 sup-
1993 3202 2034 3267 C
2074 3215 2425 3287 agonotbeta
2457 3220 2649 3269 autem
2680 3219 2907 3269 tantam
2938 3216 3162 3287 accepit
3200 3216 3472 3286 gratiam.

308 3310 448 3381 plex
480 3324 654 3379 quem
689 3307 851 3378 prius
884 3313 1221 3379 respueret;
1255 3312 1311 3362 et
1341 3310 1411 3363 ad
1455 3310 1583 3378 ejus
1616 3313 1791 3382 pedes
1834 3330 1959 3383 pro-

309 3398 577 3464 volutus,
614 3400 671 3451 et
700 3396 970 3452 sordidos
1019 3412 1245 3467 pannos
1304 3398 1687 3469 amplectens,
1721 3404 1963 3472 rogabat

304 3492 374 3542 ut
406 3486 559 3541 iram
604 3490 1020 3556 compesceret.
1057 3486 1111 3539 Is
1141 3490 1339 3541 autem
1384 3504 1517 3541 cum
1552 3505 1750 3559 preces
1796 3507 1961 3545 acce-

304 3578 520 3648 pisset,
553 3578 613 3629 et
641 3590 739 3629 eas
775 3573 1016 3630 Domino
1048 3575 1382 3643 obtulisset,
1415 3578 1588 3632 solvit
1613 3579 1846 3633 vincula
1878 3597 1965 3634 ro-

303 3672 504 3719 tarum
538 3680 667 3734 quae
699 3663 808 3717 sub
838 3663 1027 3718 visum
1063 3679 1176 3717 nou
1220 3665 1529 3733 cadebant,
1561 3673 1616 3721 et
1659 3668 1853 3723 effecit
1901 3656 1965 3722 ut

308 3754 470 3810 sicut
501 3752 731 3808 solebat
762 3753 1068 3807 veheretur
1100 3752 1454 3808 vehiculum.

390 3844 563 3897 Porro
597 3846 791 3896 autem
826 3840 1013 3896 multa
1065 3859 1299 3913 quoque
1321 3842 1437 3899 alia
1456 3843 1798 3915 hujusmodi
1832 3866 1963 3903 nar-

313 3937 451 3988 rant
496 3932 569 3986 de
626 3930 822 3985 divino
855 3930 954 3985 illo
996 3934 1205 4001 capite.
1260 3937 1458 3988 Potest
1506 3941 1702 3991 autem
1757 3954 1826 3993 ex
1876 3939 1967 3994 his

314 4036 557 4093 quoque
588 4018 858 4091 intelligi,
892 4020 1045 4091 quod
1079 4020 1148 4075 iis
1181 4019 1283 4091 qui
1313 4020 1516 4077 volunt
1547 4024 1967 4097 philosophari.

314 4110 469 4165 nihil
505 4108 840 4163 detrimenti
896 4108 1099 4163 atterat
1133 4125 1293 4163 mora
1323 4126 1449 4180 qua:
1484 4112 1737 4168 trahitur
1777 4115 1835 4168 in
1869 4132 1970 4185 op-

313 4198 478 4270 pidis
511 4201 568 4251 et
597 4195 762 4251 vicis.
788 4195 1059 4251 Ostendit
1087 4197 1242 4251 enim
1275 4197 1390 4265 hic,
1425 4203 1481 4253 et
1506 4200 1607 4270 qui
1644 4201 1779 4257 huic
1804 4204 1972 4258 simi-

310 4289 401 4341 les
435 4285 534 4339 Dei
568 4283 809 4338 culturaa
842 4300 1043 4339 curam
1074 4291 1304 4355 gerunt,
1337 4287 1491 4356 quod
1517 4291 1693 4343 etiam
1716 4292 1815 4361 qui
1849 4308 1971 4347 ver-

312 4380 533 4432 santur
561 4374 623 4428 in
658 4372 849 4428 medio
892 4374 1197 4429 hominum
1239 4375 1640 4445 multitudine,
1675 4381 1976 4451 pervenire

320 4464 558 4537 possint
576 4463 650 4518 ad
682 4462 877 4533 ipsum
907 4463 1191 4519 virtutum
1224 4465 1549 4536 fastigium.

395 4552 585 4624 Cujus
649 4566 754 4623 ego
788 4551 1013 4606 utinam
1072 4552 1143 4606 ad
1196 4552 1451 4625 aliquam
1500 4554 1709 4612 saltem
1760 4565 1981 4629 partem
2017 4571 2061 4636 1)

322 4643 601 4715 exiguam
638 4640 938 4711 sustollar,
971 4657 1173 4696 eorum
1208 4643 1447 4713 adjutus
1477 4646 1771 4716 precibus.

961 4766 1194 4823 CAPUT
1225 4770 1350 4823 XV.

900 4881 1246 4922 accspsmas
1274 4868 1413 4938 (44).

402 4982 748 5053 Acepsimas
782 4980 893 5035 fuit
921 4981 1124 5037 eodem
1157 4987 1441 5055 tempore,
1484 4987 1655 5057 cujus
1687 4988 1843 5044 fama
1872 4989 1986 5047 late

330 5074 651 5143 sparsaest
683 5087 786 5141 per
809 5070 1103 5137 Orientem
1124 5072 1428 5143 (Theodor.,
1454 5075 1623 5131 Iib.1v
1666 5079 1831 5146 Ilist.,
1866 5097 1982 5152 cap.

343 5162 526 5230 26).Is
541 5176 675 5214 cum
694 5158 752 5213 in
769 5159 1125 5215 domuncula
1140 5162 1401 5233 seipsum
1440 5163 1805 5236 inclusisset,
1822 5185 1991 5225 sexa-

333 5252 504 5323 ginta
518 5266 709 5305 annos
725 5248 1145 5321 transegit,neq
1156 5266 1224 5306 ue
1238 5252 1464 5318 videns,
1491 5268 1679 5326 neque
1712 5256 1988 5330 loquens:

333 5341 441 5395 sed
463 5340 522 5394 in
538 5339 804 5410 seipsum
822 5355 1159 5407 conversus,
1176 5342 1425 5398 etDeum
1442 5343 1661 5400 visione
1675 5349 1995 5419 apprehen-

338 5431 511 5499 dens,
534 5429 701 5485 illinc
716 5445 950 5484 omnem
966 5429 1285 5500 accipiebat
1298 5435 1993 5503 consolationem,conve-

340 5519 579 5574 nienter
610 5518 936 5590 prophetia:
967 5535 1094 5590 qum
1110 5520 1289 5575 dicit:
1325 5522 1613 5579 Delectare
1648 5525 1703 5580 in
1725 5528 1995 5597 Domino,

340 5614 402 5665 et
432 5624 534 5664 ora
565 5623 724 5678 eum,
756 5612 813 5664 et
844 5609 971 5679 ipse
1001 5608 1167 5665 dabit
1200 5611 1304 5665 tibi
1338 5612 1646 5684 petitiones
1679 5617 1869 5673 cordis
1912 5618 1996 5674 tui

340 5696 880 5770 (anl.xxxv1).Per
909 5697 1181 5770 exiguam
1205 5706 1400 5758 autem
1434 5706 1751 5776 quamdam
1778 5706 1993 5765 fossam

697 5818 957 5880 Panos.
994 5816 1251 5881 LXXIV.

2140 3307 2285 3362 Cum
2320 3310 2517 3358 autem
2552 3319 2613 3358 se
2644 3303 2858 3358 abhinc
2887 3304 3261 3374 migrandum
3302 3310 3551 3375 pararet,
3573 3321 3721 3375 prte-

2071 3394 2217 3449 dixit
2248 3394 2402 3464 quod
2431 3397 2562 3463 post
2593 3392 3023 3463 quinquaginta
3044 3394 3170 3448 dies
3200 3394 3324 3447 vita:
3358 3394 3533 3448 tinem
3566 3399 3723 3449 esset

2072 3488 2423 3553 accepturus
2458 3500 2471 3548 ;
2507 3480 2733 3551 excepit
2764 3485 2955 3535 autem
2987 3497 3191 3536 omnes
3223 3482 3314 3552 qvi
3344 3480 3560 3536 vellent
3580 3498 3714 3537 eum

2071 3572 2456 3626 videre.Cum
2490 3574 2686 3624 autem
2720 3569 2978 3624 ecclesiae
3011 3586 3245 3642 quoque
3278 3571 3529 3625 venisset
3560 3572 3715 3625 anti-

2074 3666 2214 3727 stes,
2248 3676 2379 3714 eum
2398 3659 2634 3731 quidem
2659 3660 2983 3729 urgebatut
3004 3662 3216 3731 jugum
3242 3660 3526 3731 acciperet
3558 3676 3717 3731 pres-

2076 3750 2281 3821 byterii
2311 3765 2323 3804 :
2358 3748 2520 3817 Novi,
2555 3748 2776 3813 dicens,
2809 3765 2840 3804 o
2874 3755 3058 3819 pater,
3093 3754 3151 3803 et
3183 3754 3293 3804 tuae.
3328 3750 3715 3821 philosophia:

2075 3838 2773 3907 altitudinem,etquanta
2804 3838 2881 3891 sit
2906 3853 3033 3891 mea
3063 3843 3377 3909 paupertas
3410 3858 3423 3906 ;
3458 3840 3556 3893 sed
3582 3854 3716 3893 cum

2078 3927 2201 3982 nihi
2236 3927 2315 3980 sit
2344 3925 2561 3980 credita
2614 3927 2992 3995 pontificatus
3024 3928 3484 3994 administratio,
3515 3945 3583 3982 ex
3613 3927 3722 3982 hac

2055 4034 2193 4071 non
2226 4032 2295 4069 ex
2326 4013 2424 4068 illa
2455 4014 2660 4068 ordino
2690 4031 2902 4069 manus
2943 4016 3271 4086 imponens.
3307 4017 3517 4087 Accipe
3566 4033 3723 4087 ergo,

2079 4104 2518 4175 inquit,donum
2537 4104 3005 4171 sacerdotii,mea
3024 4105 3256 4175 quidem
3290 4107 3526 4160 dextera
3558 4106 3732 4159 mini-

2083 4199 2326 4259 strante,
2352 4193 2717 4248 sanctissimi
2749 4200 2945 4249 autem
2969 4196 3221 4266 Spiritus
3243 4197 3432 4267 gratia
3455 4196 3731 4266 suppedi-

2084 4286 2262 4339 tante.
2296 4281 2379 4335 Ad
2413 4280 2533 4335 haec
2554 4280 2739 4334 fertur
2759 4281 2976 4337 dixisse
2999 4284 3202 4353 paucis
3220 4288 3350 4354 post
3371 4283 3577 4337 diebus
3599 4282 3735 4336 hinc

2087 4372 2450 4442 migraturus
2486 4386 2499 4424 :
2535 4370 2615 4424 De
2646 4369 2760 4438 his,
2792 4370 3007 4440 inquit,
3044 4371 3287 4426 minime
3316 4371 3656 4439 decertabo;
3685 4370 3736 4425 si

2088 4461 2243 4517 enim
2270 4475 2461 4514 essem
2487 4458 2711 4513 diutius
2740 4459 3025 4523 victurus,
3052 4460 3290 4516 omnino
3322 4461 3603 4531 fugissem
3628 4460 3736 4515 hoc

2096 4565 2269 4622 grave
2300 4553 2356 4602 et
2379 4546 2637 4602 terribile
2652 4564 2801 4603 onus
2816 4548 3151 4616 sacerdotii,
3174 4550 3593 4621 pertimescens
3618 4551 3742 4605 red-

2094 4638 2344 4694 dendam
2369 4636 2617 4707 depositi
2637 4636 2944 4692 rationem.
2979 4638 3265 4702 Quoniam
3297 4645 3491 4696 autem
3523 4657 3639 4696 non
3661 4640 3742 4695 ita

2094 4727 2193 4783 diu
2218 4726 2430 4782 abhinc
2463 4725 2838 4797 recedam,iis
2869 4744 2993 4798 quae
3014 4728 3108 4783 hic
3130 4734 3269 4784 sunt
3299 4729 3745 4801 relictis,jussis

2096 4834 2211 4873 non
2246 4816 2466 4872 invitus
2500 4831 2697 4887 pareo.
2729 4818 2936 4872 Statim
2970 4834 3107 4889 ergo
3147 4818 3308 4873 nullo
3341 4820 3612 4890 ducente,
3653 4818 3748 4873 hic

2097 4905 2335 4977 quidem
2370 4904 2607 4959 flectens
2642 4914 2877 4976 genua,
2914 4908 3289 4978 exspectabat
3318 4909 3603 4980 gratiam:
3649 4908 3749 4963 ille

2097 5012 2233 5050 vero
2269 5009 2511 5049 manum
2563 4993 2893 5063 imponens,
2925 5002 3055 5051 erat
3099 4998 3445 5054 administer
3472 5000 3749 5072 Spiritus.

2100 5085 2243 5139 Cum
2278 5088 2499 5149 autem,
2558 5089 2795 5155 accepto
2845 5086 3194 5157 sacerdotio,
3242 5087 3483 5145 vixisset
3534 5106 3753 5161 paucos

2102 5175 2247 5244 dies,
2271 5172 2391 5227 vita
2422 5172 2602 5227 vitam
2638 5173 2907 5245 mutavit,
2952 5175 3220 5247 seniique
3253 5182 3310 5232 et
3354 5194 3505 5234 curae
3553 5195 3755 5251 exper-

2102 5268 2241 5329 tem,
2265 5279 2367 5333 pro
2391 5261 2508 5316 haec
2536 5279 2661 5333 qua:
2688 5262 2891 5319 multis
2919 5266 3078 5319 curis
3101 5270 3191 5320 est
3210 5267 3478 5338 obnoxia,
3512 5270 3757 5340 accepit.

2174 5353 2311 5407 Cum
2343 5350 2560 5407 vellent
2604 5356 2801 5406 autem
2840 5369 3045 5410 omnes
3098 5371 3312 5427 corpus
3346 5374 3569 5428 rapere,
3602 5366 3660 5413 et
3702 5360 3761 5413 in

2107 5444 2304 5498 animo
2337 5441 2619 5497 haberent
2642 5444 3053 5517 unusquisque
3080 5446 3133 5500 in
3154 5447 3342 5504 vicum
3374 5466 3547 5504 suum
3573 5452 3767 5504 trans-

2109 5533 2278 5599 ferre,
2300 5532 2542 5601 quidam
2558 5548 2690 5586 eum
2711 5536 3334 5606 sanctijusjurandum
3352 5539 3768 5610 signiﬁcasset,

2110 5622 2352 5679 sustulit
2377 5622 2830 5678 contentionem.
2867 5625 3189 5681 Dixitenim
3220 5632 3490 5683 sanctum
3524 5628 3773 5693 eumju-

2142 5712 2427 5783 ejurando
2460 5710 2727 5783 adegisse
2760 5717 2824 5768 ut
2856 5730 2989 5769 cum
3025 5714 3081 5769 in
3109 5714 3216 5771 hoc
3242 5713 3366 5771 loco
3398 5716 3652 5771 traderet
3682 5731 3770 5770 se-

3416 5834 3451 5894 3
