4122 6188
394 278 466 333 75
1020 248 1025 259 ”
1583 258 1680 312 DE
1718 255 1906 310 vms
1944 250 2241 303 PATRUM
2281 248 2493 303 mann
2533 247 2627 301 1x.
3731 234 3804 293 7a

397 400 669 478 pulturaa.
700 397 787 453 Ita
816 391 993 449 etiam
1012 387 1146 459 post
1168 378 1809 478 mortem,frugalitatis
1824 380 1883 433 et
1898 375 2040 432 sim-
2070 374 2127 441 Α

400 470 678 563 plicitatis
710 497 910 542 curam
944 477 1219 551 gerebant
1242 474 1397 530 cives
1429 470 1746 537 caelorum;
1781 471 1837 522 et
1858 480 2049 537 neque

402 554 535 635 cum
551 562 840 642 vivebant,
865 572 921 625 in
950 568 1212 624 animum
1236 578 1494 636 unquam
1515 560 1947 615 induxeruntut
1967 554 2050 609 eis

400 685 495 725 res
542 664 664 720 ulla
713 675 959 734 magnos
999 656 1240 729 spiritus
1292 654 1530 717 faceret,
1564 657 1619 705 et
1667 645 1885 703 mortui
1935 660 2052 699 non

404 758 547 812 sunt
578 750 828 823 amplexi
865 749 1145 804 honorem
1171 742 1476 799 hominum
1516 739 1654 806 ;sed
1679 740 1864 793 totum
1894 749 2054 789 amo-

406 862 529 903 rem
560 820 992 899 transtulerunt
1022 836 1079 890 in
1114 849 1431 906 sponsum;
1464 847 1576 885 non
1612 843 1779 884 secus
1799 840 1864 879 ac
1885 820 2057 895 pudi-

408 953 489 992 cae
541 932 838 995 mulieres,
874 943 1001 999 quea
1054 941 1087 979 a
1118 922 1257 978 solis
1307 918 1661 992 conjugibus
1718 914 1960 971 student
2004 914 2061 965 et

403 1023 585 1080 amari
618 1017 949 1085 ctlaud'ari,
983 1014 1188 1069 laudes
1211 1011 1461 1065 aliorum
1497 1006 1959 1063 contemnentes.
1983 1000 2063 1054 Ea

404 1116 476 1170 de
508 1127 682 1169 causa
715 1121 970 1181 sponsus
994 1119 1093 1160 eos
1116 1101 1293 1156 etiam
1320 1099 1368 1155 si
1400 1096 1607 1164 nolint,
1642 1094 1835 1150 reddit
1876 1091 2063 1145 claros

406 1207 463 1258 et
491 1180 777 1273 insignes,
809 1200 865 1251 et
900 1192 1202 1251 hominum
1237 1186 1424 1262 gloria
1453 1203 1521 1242 ex
1543 1180 1899 1240 redundanti
1921 1195 2063 1251 qua-

406 1294 541 1349 dam
574 1270 742 1361 copia
780 1282 1062 1357 impertit.
1112 1284 1258 1336 Cum
1319 1276 1475 1332 enim
1528 1273 1661 1345 quis
1719 1270 1917 1327 divina
1948 1284 2071 1340 per.

405 1360 838 1452 sequens,petit
861 1369 1138 1439 cmlestia,
1174 1384 1291 1423 una
1321 1381 1454 1422 cum
1488 1363 1608 1418 illis
1625 1360 1811 1417 multa
1833 1372 2065 1431 quoque

412 1448 529 1525 alia
575 1448 799 1537 adjicit,
854 1458 1271 1531 multiplicatus
1305 1454 1557 1526 largiens
1586 1450 1916 1524 petitiones.
1948 1448 2068 1537 illoc

415 1558 593 1615 etiam
618 1536 843 1615 dixitin
869 1545 1377 1618 ferendislegibus
1413 1541 1631 1599 :Petite
1663 1554 1908 1611 regnum
1943 1536 2066 1600 Dei,

420 1654 477 1704 et
518 1632 839 1718 justitiam,
875 1644 933 1695 et
985 1643 1192 1694 caztera
1239 1633 1440 1690 omnia
1498 1629 1850 1701 adjicientur
1904 1626 2069 1681 vobis

2155 368 2845 445 multiplicabitur(Psal.
2878 369 3029 437 XCI):
3063 368 3120 422 et
3175 365 3356 421 etiam
3413 363 3513 421 alii
3570 379 3801 435 omnes,

2155 462 2327 533 cujus
2356 475 2646 524 seorsum,
2680 458 2729 512 si
2759 458 2912 513 Deus
2960 456 3119 525 velit,
3153 455 3363 510 faciam
3410 453 3792 510 mentionem.

2231 560 2289 616 Si
2324 564 2520 615 autem
2551 556 2920 627 agricultura:
2969 554 3179 611 divinae
3227 568 3429 609 curam
3486 568 3716 625 gerens,
3750 554 3807 608 et

2163 650 2394 705 animas
2427 647 2604 704 simul
2659 663 2873 702 curans
2903 649 2960 701 et
3016 661 3280 716 corpora,
3315 658 3551 714 parvam
3602 659 3815 713 passus

2164 736 2677 810 segritudinem,ut
2706 740 2761 790 et
2793 738 3013 790 natura:
3047 732 3485 789 imbecilitatem
3529 736 3587 787 et
3632 730 3816 786 animi

2169 828 2470 883 discamus
2494 823 2923 889 fortitudinem,
2947 822 3071 893 ipse
3096 822 3333 892 quidem
3348 819 3597 875 excessit
3625 836 3655 874 e
3676 819 3814 874 vita-

2238 918 2379 971 Acre
2409 918 2603 970 autem
2640 911 2858 967 bellum
2891 912 3044 966 inter
3074 909 3298 965 vicinos
3332 912 3598 965 exortum
3630 912 3717 962 est
3746 908 3818 962 de

2172 1020 2436 1077 corpore.
2469 1004 2549 1057 Ex
2579 1000 2847 1056 ﬁnitimis
2871 1005 3070 1056 auten:
3104 999 3344 1071 quidam
3379 997 3674 1069 vicus(46)
3707 1013 3810 1068 po-

2172 1095 2310 1168 pulo
2342 1092 2883 1166 frequentissimus,
2912 1106 3045 1146 eum
3074 1093 3193 1145 toto
3224 1087 3403 1145 simul
3426 1091 3623 1143 coacto
3641 1103 3821 1159 pepu-

2174 1185 2230 1241 lo
2262 1184 2618 1249 advenisset,
2650 1182 2793 1237 alios
2829 1180 3066 1252 quidem
3099 1178 3248 1234 fudit
3270 1194 3335 1233 ac
3358 1177 3601 1249 fugavit,
3635 1175 3821 1231 maxi-

2176 1290 2267 1329 me
2322 1282 2516 1329 autem
2558 1270 2948 1343 expetendum
2982 1267 3151 1324 illum
3186 1267 3382 1340 rapuit
3422 1266 3769 1323 thesaurum
3805 1282 3819 1333 ;

2178 1368 2235 1419 et
2266 1361 2522 1417 maxima
2553 1360 3018 1429 aedejexstructa,
3052 1374 3119 1413 ea
3149 1370 3275 1429 quae
3307 1373 3375 1411 ex
3404 1372 3469 1411 eo
3501 1354 3824 1427 percipitur

2180 1451 2433 1508 utilitate
2486 1450 2764 1505 fruuntur
2792 1448 2849 1503 in
2883 1446 3231 1503 hodiernum
3264 1445 3445 1511 diem,
3476 1443 3710 1517 publico
3758 1458 3825 1499 ac

2181 1541 2394 1597 celebri
2425 1541 2569 1595 festo
2590 1538 2761 1594 illum
2794 1536 3087 1610 insignem
3120 1535 3397 1591 victorem
3448 1533 3824 1596 honorantes,

2253 1635 2371 1686 Nos
2403 1634 2600 1686 autem
2634 1627 2810 1684 etiam
2845 1627 3118 1682 absentes
3168 1624 3424 1680 fruimur
3470 1621 3825 1679 benedictio-

418 1709 568 1809 (Luc.
601 1734 726 1805 xu).
760 1732 830 1787 Et
860 1744 1070 1785 rursus
1096 1744 1108 1781 :
1133 1725 1240 1790 Qui
1273 1722 1576 1794 reliquerit
1604 1722 1828 1791 patrem
1860 1720 1918 1771 et
1945 1731 2069 1770 ma-
2106 1736 2152 1801 Β
2186 1736 2255 1776 ne
2286 1719 2456 1777 nobis
2504 1716 2658 1774 cnim
2710 1733 2813 1788 pro
2862 1716 3224 1778 monimento
3270 1712 3491 1769 sufﬁcit
3520 1709 3821 1767 memoria,

416 1807 589 1893 trem,
622 1827 680 1879 et
734 1822 966 1877 fratrem
1013 1820 1071 1872 et
1124 1814 1274 1870 ﬁlios
1326 1814 1562 1885 propter
1592 1824 1789 1863 meum
1820 1807 2077 1877 Evange-

421 1916 591 1983 lium,
625 1910 799 1967 etiam
832 1909 890 1963 in
923 1908 1032 1963 hoc
1066 1902 1278 1960 saeculo
1312 1898 1652 1971 centuplum
1712 1895 1979 1967 accipiet,
2022 1898 2079 1949 et

428 2004 487 2059 in
523 1997 858 2071 futurojerit
886 1996 1075 2051 haeres
1104 1993 1232 2049 vitae
1263 1997 1511 2047 aeternze.
1559 1988 1687 2042 llaec
1719 1989 1775 2041 et
1826 1983 1973 2039 dixit
2021 1987 2079 2038 et

424 2092 561 2148 fecit
593 2088 810 2162 (Matth.
843 2084 985 2157 xxx).

492 2160 672 2237 Nobis
705 2191 938 2250 quoque
969 2172 1125 2229 adsit
1146 2174 1203 2227 et
1236 2182 1507 2226 sermone
1538 2171 1595 2222 et
1616 2180 1788 2237 opere
1809 2160 2075 2227 eruditis,

427 2276 485 2330 et
514 2284 711 2328 eorum
737 2265 1010 2340 precibus
1033 2260 1271 2330 innixis,
1294 2263 1578 2328 tanquam
1595 2270 1863 2325 scopum,
1895 2252 2076 2306 attin-

428 2377 564 2433 gere
611 2339 920 2429 praemium
974 2365 1242 2422 snpernaa
1291 2344 1635 2409 vocationis,
1695 2359 1822 2413 qua}
1871 2345 1961 2397 cst
2015 2339 2074 2394 in

428 2448 660 2506 Christo
690 2445 826 2501 Jesu
861 2441 1109 2501 Domino
1138 2440 1359 2493 nostro.

1035 2553 1268 2613 CAPUT
1298 2551 1453 2608 XVI.

1104 2658 1264 2699 anno
1296 2641 1433 2713 (45).

507 2747 766 2809 Maronis
784 2750 917 2819 post
947 2744 1105 2798 hunc
1124 2738 1447 2797 meminero
1473 2752 1641 2805 ;nam
1670 2734 1720 2790 is
1735 2749 1970 2805 quoque
1993 2732 2077 2786 di-

434 2842 635 2897 vinum
654 2840 991 2894 sanctorum
1018 2832 1257 2887 chorum
1275 2826 1592 2884 exornavit.
1613 2825 1751 2880 Eam
1776 2822 1929 2878 enim
1950 2837 2077 2892 quae

434 2931 547 2988 sub
578 2929 673 2984 dio
706 2926 771 2981 ﬁt
791 2924 970 2980 vitam
996 2919 1320 2992 amplexus,
1345 2913 1651 2986 occupavit
1671 2911 1965 2983 quoddam
1981 2928 2079 2966 ca-

437 3035 673 3083 cumen,
698 3014 853 3087 quod
884 3012 945 3067 in
978 3011 1195 3066 honore
1226 3004 1552 3061 habebatur
1583 3002 1653 3056 ab
1681 3002 1753 3057 iis
1785 3000 1885 3073 qui
1915 3004 2083 3055 erant

2802 1831 3033 1889 CAPUT
3058 1830 3228 1903 xvn,

2899 1938 3223 1977 ABRAAMES.

2254 2024 2367 2080 Nec
2387 2020 2757 2079 admirabilis
2780 2019 3102 2089 Abraamis,
3120 2016 3463 2074 memoriam
3489 2015 3574 2071 fas
3588 2018 3677 2071 est
3699 2032 3831 2086 prae-

2183 2114 2528 2177 termittere,
2551 2111 2661 2166 hoc
2692 2113 2995 2182 prietextu,
3030 2108 3192 2179 quod
3221 2112 3353 2179 post
3381 2106 3559 2161 vitam
3593 2121 3829 2160 monas-

2185 2203 2356 2257 ticam
2392 2199 2703 2273 pontiﬁcize
2754 2199 2878 2254 sedi
2928 2198 3103 2253 fuerit
3151 2201 3494 2252 ornamento
3528 2192 3831 2267 (Thcodor).

2185 2292 2284 2347 hb.
2317 2308 2372 2346 IV
2404 2289 2567 2345 Hist"
2598 2305 2719 2360 cap.
2741 2286 2857 2359 26).
2888 2287 3031 2341 Nam
3060 2286 3170 2341 hoc
3198 2285 3435 2357 quidem
3465 2288 3620 2340 certe
3640 2283 3831 2338 nomi-

2186 2382 2409 2451 nejure
2465 2379 2639 2433 fuerit
2688 2376 2921 2449 dignior
2977 2376 3078 2448 qui
3133 2377 3646 2439 commemoretur,
3678 2371 3831 2443 quod

2187 2470 2528 2527 institutum
2559 2468 2690 2522 vitae
2715 2470 2944 2521 mutare
2982 2468 3240 2532 coactus,
3272 2464 3449 2519 vitam
3485 2478 3595 2518 non
3642 2469 3837 2516 muta-

2186 2561 2339 2613 verit
2371 2575 2383 2625 ;
2417 2558 2519 2613 sed
2552 2572 2686 2612 cum
2718 2555 3057 2611 monasticae
3084 2552 3515 2609 exercitationis
3536 2550 3839 2607 transierit

2190 2647 2526 2715 afﬂictione,
2558 2651 2616 2701 et
2644 2644 2821 2701 simul
2860 2644 3203 2699 monasticis
3235 2642 3537 2697 laboribus
3577 2644 3633 2696 et
3679 2640 3839 2697 curis

2192 2735 2632 2811 pontiﬁcalibus
2678 2735 3128 2801 circumsessus,
3155 2732 3285 2787 vitae
3330 2747 3568 2786 cursum
3600 2746 3839 2803 perege-

2185 2828 2279 2881 rit.
2314 2830 2489 2880 Porro
2521 2828 2710 2878 autem
2745 2827 2833 2878 est
2866 2824 2958 2877 hic
2990 2837 3227 2892 quoque
3259 2821 3484 2875 fructus
3504 2820 3629 2891 Cyri
3652 2821 3843 2890 regio-

2188 2915 2413 2971 nis.llic
2447 2912 2603 2967 enim
2629 2917 2682 2967 et
2708 2916 2882 2968 natus
2907 2916 2963 2967 et
2994 2910 3584 2981 educatus,collegito
3607 2925 3705 2981 pes
3724 2908 3840 2963 vir-

2193 3007 2341 3060 tutis
2396 3001 2752 3057 monasticaz.
2791 3001 2898 3065 Qui
2933 3001 3091 3055 enim
3133 2999 3308 3055 simul
3342 3015 3476 3054 cum
3516 3015 3582 3054 eo
3629 2996 3843 3053 versati

438 3109 577 3167 olim
601 3104 801 3177 impii;
836 3106 891 3158 et
918 3116 1050 3155 cum
1085 3097 1240 3171 quod
1264 3095 1403 3151 ineo
1424 3098 1548 3149 erat
1566 3088 1850 3162 templum
1871 3091 2085 3145 daemo—
2120 3097 2163 3165 ί]
2202 3097 2362 3160 sunt,
2392 3092 2596 3147 dicunt
2625 3107 2758 3146 eum
2791 3094 2848 3145 et
2874 3088 3165 3160 vigilando
3195 3093 3252 3144 et
3274 3089 3481 3144 stando
3503 3088 3850 3157 etjcjunan-

442 3215 607 3254 num.
670 3194 785 3250 Deo
857 3189 1279 3251 consecrasset,
1332 3184 1392 3239 in
1445 3199 1512 3238 eo
1554 3185 1843 3245 versatus,
1916 3198 2091 3251 parvo

447 3286 704 3359 quodam
736 3282 793 3336 in
827 3296 892 3336 eo
925 3279 1036 3333 ﬁxo
1065 3272 1465 3339 tabernaculo,
1489 3286 1604 3342 quo
1626 3273 1823 3325 tamen
1855 3286 1986 3325 raro
2005 3274 2096 3326 est

446 3357 745 3433 usus.Non
763 3369 952 3427 solum
980 3370 1173 3421 autem
1198 3360 1496 3419 consuetis
1515 3376 1656 3414 usus
1669 3357 2093 3424 estlaboribus,

446 3466 547 3523 sed
580 3461 759 3518 etiam
781 3458 927 3515 alios
954 3452 1320 3526 excogitavit,
1338 3447 1717 3505 accumulans
1738 3464 1877 3519 opes
1901 3447 2096 3519 philo-

445 3550 662 3623 BOphite
688 3594 703 3620 ,
736 3549 1010 3619 agnoteta
1040 3546 1237 3598 autem
1271 3554 1515 3594 mensus
1547 3540 1636 3591 est
1677 3536 1927 3607 gratiam
1972 3538 2099 3607 ejus

445 3640 770 3697 laboribus.
796 3632 1080 3691 Liberalis
1114 3631 1344 3685 enimet
1376 3625 1694 3681 munificus
1725 3629 1872 3679 Deus
1901 3624 1952 3680 ei
1976 3630 2095 3679 tam

445 3729 679 3802 copiose
711 3724 871 3781 dedit
900 3723 1118 3777 donum
1153 3716 1548 3781 curationum,
1573 3717 1639 3768 ut
1665 3713 1726 3767 in
1749 3728 1950 3768 omnes
1970 3713 2097 3783 qui-

447 3822 580 3877 dem
614 3822 809 3880 nartes
857 3814 986 3884 ejus
1026 3810 1211 3883 gloria
1260 3806 1598 3880 pervaserit,
1647 3820 1850 3859 omnes
1902 3808 2095 3859 autem

450 3909 713 3980 undique
772 3901 1098 3969 attraxerit,
1133 3900 1287 3955 834
1328 3901 1387 3952 et
1432 3893 1790 3967 experientia
1838 3892 2101 3949 docuerit

451 4019 579 4059 eam
614 4003 831 4055 famam
865 4011 992 4051 esse
1016 4010 1234 4049 veram.
1276 3990 1484 4045 Videre
1502 3986 1657 4043 enim
1682 3990 1807 4041 erat
1827 3990 1884 4042 et
1913 3985 2099 4041 febres

452 4088 744 4161 exstingui
772 4102 900 4143 rore
932 4079 1379 4147 benedictionis,
1413 4080 1471 4133 et
1504 4076 1805 4131 horrorem
1848 4090 2097 4141 cessare,

452 4185 512 4236 et
555 4180 851 4235 daemones
904 4177 1123 4243 l‘ugcre,
1155 4173 1213 4225 et
1259 4165 1455 4222 varios
1502 4164 1815 4234 omnisque
1871 4163 2102 4234 generis

452 4269 693 4326 morbos
707 4282 822 4322 uno
846 4261 1038 4320 curari
1064 4258 1510 4314 medicamento.
1537 4252 1773 4308 Merdici
1795 4253 1952 4307 enim
1976 4251 2101 4307 uni-

452 4358 663 4429 cuique
723 4355 924 4411 morbo
973 4348 1251 4406 exhibent
1304 4343 1658 4401 conveniens
1708 4342 2100 4398 medicamen-

450 4453 599 4514 tum,
647 4450 985 4501 sanctorum
1033 4443 1228 4494 autem
1287 4433 1619 4505 deprecatio
1669 4436 1757 4487 est
1789 4448 2101 4487 commune
2132 4466 2177 4531 Β

451 4534 713 4591 omnium
742 4531 1079 4586 morborum
1113 4525 1457 4583 remedium.

522 4624 647 4679 Non
679 4620 871 4678 solum
905 4623 1098 4673 autem
1136 4614 1483 4670 medebatur
1512 4609 1947 4683 egritudinibus
1976 4625 2105 4664 cor-

453 4713 636 4785 poris,
669 4710 771 4766 scd
823 4707 1003 4763 etiam
1035 4704 1252 4759 animis
1306 4701 1745 4756 convenientem
1791 4698 2103 4754 exhibebat

451 4800 819 4857 curationem
848 4813 861 4864 ;
898 4794 1078 4864 hujus
1110 4791 1346 4863 quidem
1396 4788 1723 4855 avaritiam,
1758 4786 1920 4841 illius
1968 4803 2100 4843 vero

447 4906 664 4947 curans
692 4883 1100 4949 iracundiam;
1135 4885 1189 4935 et
1222 4878 1323 4934 uni
1378 4877 1617 4948 quidem
1649 4875 1932 4931 exhibens
1963 4877 2103 4932 doc—

450 4980 669 5035 trinam
703 4971 1146 5038 moderationis,
1181 4966 1348 5024 alteri
1375 4982 1507 5022 vero
1530 4964 2101 5036 diseiplinamjusti-

451 5068 568 5137 tim,
601 5071 660 5122 et
702 5063 866 5120 illius
921 5059 1161 5133 quidem
1216 5054 1512 5126 castigans
1562 5052 2101 5123 intemperantiam,

450 5160 609 5214 illius
637 5173 771 5212 vero
802 5154 1065 5211 excitans
1097 5147 1538 5206 bebetudinem.
1575 5145 1691 5200 Hac
1726 5149 1896 5200 utens
1944 5145 2103 5216 agri-

449 5246 705 5314 cultura,
733 5243 922 5299 eti‘ccit
940 5239 1154 5295 multas
1179 5236 1411 5307 plantas
1436 5231 1821 5305 philosophia:
1853 5236 1942 5299 ;et
1967 5232 2101 5286 hor-

453 5344 578 5392 tum
613 5335 710 5406 qui
754 5348 909 5388 nunc
940 5328 1230 5402 germinat
1257 5324 1316 5379 in
1352 5324 1585 5395 regione
1616 5320 1767 5392 Cyri,
1820 5321 1945 5391 ipse
1985 5321 2101 5376 Deo

454 5424 762 5499 plantaxit.
791 5422 981 5491 Hujus
1012 5414 1395 5489 plantationis
1423 5428 1571 5482 opus
1604 5415 1693 5464 est
1726 5425 1975 5480 magnus
2005 5410 2101 5464 Ja-

453 5497 660 5584 cobus,
694 5513 765 5568 ad
796 5524 966 5581 quem
993 5504 1291 5577 quiSpiam
1313 5517 1513 5557 vocem
1536 5497 1951 5554 illamtraxerit
1974 5515 2103 5568 pro-

456 5604 776 5679 pheticam;
838 5600 1143 5668 Tanquam
1202 5594 1412 5649 cedrus
1473 5605 1599 5661 que
1650 5592 1740 5644 est
1788 5588 1847 5643 in
1882 5587 2103 5645 Libano

2199 3183 2273 3237 do
2313 3182 2394 3235 ita
2424 3195 2636 3251 corpus
2673 3177 3028 3243 edomuisse,
3076 3180 3141 3231 ut
3192 3175 3539 3247 longissimo
3590 3179 3848 3245 tempore

2202 3268 2590 3343 permanserit
2633 3265 2980 3333 immobilis,
3047 3265 3290 3320 minime
3338 3263 3538 3319 valens
3592 3262 3842 3333 ingredi.

2202 3360 2411 3416 Divina
2439 3362 2632 3413 autem
2664 3355 3028 3429 providentia
3060 3353 3339 3409 liberatus
3371 3354 3440 3407 ab
3477 3350 3852 3407 illaimbecil-

2202 3449 2386 3515 litate,
2418 3447 2604 3502 voluit
2626 3446 2825 3517 gravia
2853 3443 2967 3515 pati
2990 3442 3248 3516 pericula
3278 3459 3380 3514 pro
3415 3442 3611 3496 divina
3640 3442 3850 3510 gratia.

2273 3537 2447 3594 Venit
2471 3540 2667 3592 autem
2698 3534 2759 3590 in
2789 3533 3092 3596 Libanum,
3126 3548 3258 3586 cum
3301 3531 3607 3586 didicisset
3653 3530 3850 3585 vicum

2205 3626 2521 3699 quemdam
2540 3624 2722 3679 teneri
2754 3638 2966 3693 magna
2988 3619 3308 3692 impietatis
3335 3618 3620 3690 caligine;
3644 3626 3701 3675 et
3722 3635 3851 3690 per-

2207 3733 2351 3772 sona
2366 3713 2707 3769 mercatoris
2738 3710 2906 3767 vultu
2936 3709 3123 3765 celato
3144 3709 3489 3775 monastico,
3507 3724 3639 3764 cum
3661 3708 3731 3763 iis
3750 3707 3853 3777 qui

2208 3803 2385 3860 simul
2406 3804 2791 3858 versabantur
2819 3801 3010 3856 ferens
3041 3799 3333 3856 canistros
3364 3803 3643 3870 tanquam
3671 3814 3853 3853 nuces

2206 3899 2515 3967 empturus
2540 3892 2721 3964 (hunc
2744 3892 2900 3947 enim
2936 3891 3192 3945 fructum
3217 3889 3503 3961 praecipue
3530 3889 3747 3943 ferebat
3765 3889 3855 3941 vi-

2208 3984 2355 4056 cus),
2382 3999 2515 4038 cum
2538 3984 2778 4038 domum
2803 3979 3202 4047 conduxisset,
3222 3983 3279 4033 et
3297 3976 3664 4049 aliquantum
3685 3992 3857 4048 pecu~

2209 4074 2317 4128 nite
2350 4077 2733 4143 praerogasse'.
2762 4066 3466 4141 possessoribus,quicvit
3486 4064 3857 4136 quidemtres

2209 4168 2264 4217 et
2286 4165 2537 4234 quatuor
2558 4158 2936 4215 dies.Deinde
2950 4155 3233 4228 paulatim
3260 4153 3519 4209 divinum
3542 4168 3855 4225 aggressus

2208 4232 2607 4318 est'ofﬁcium,
2632 4253 2803 4303 utens
2823 4263 2956 4303 voce
2978 4246 3301 4300 moderata.
3320 4232 3637 4314 Postham
3657 4246 3852 4297 autem

2210 4344 2521 4397 senserunt
2553 4336 2934 4409 psalmodias,
2979 4349 3166 4405 praeco
3197 4333 3436 4403 quidem
3481 4330 3773 4396 clamavit,
3801 4335 3861 4385 et

2209 4444 2413 4485 omnes
2444 4425 2801 4485 convocavit.
2827 4425 3004 4479 Erant
3023 4427 3218 4477 autem
3247 4419 3423 4475 simul
3450 4419 3781 4491 congregati
3804 4422 3861 4475 et

2209 4518 2314 4574 viri
2340 4522 2397 4573 et
2427 4517 2590 4589 pueri
2622 4520 2681 4571 et
2711 4513 3021 4580 mulieres;
3057 4515 3115 4566 et
3153 4509 3469 4566 confractis
3496 4508 3860 4564 extrinsecus

2211 4607 2455 4673 foribus,
2490 4606 2741 4676 desuper
2773 4620 2841 4659 ex
2870 4606 3018 4657 tecto
3052 4597 3302 4655 multum
3331 4598 3624 4671 pulverem
3649 4613 3864 4669 conge-

2211 4700 2406 4752 rentes
2438 4694 2811 4766 dcjiciebant.
2840 4680 3162 4763 Postquam
3196 4693 3392 4743 autem
3442 4705 3542 4744 cos
3582 4687 3866 4742 viderunt

2210 4784 2483 4841 suffocari
2516 4791 2567 4839 et
2600 4782 2795 4850 obrui,
2829 4786 2884 4835 et
2915 4797 3019 4834 nec
3054 4777 3275 4850 aliquid
3308 4777 3465 4833 aliud
3497 4776 3643 4833 velle
3675 4777 3864 4831 facere

2211 4891 2314 4931 nec
2345 4874 2559 4943 dicere,
2587 4872 2689 4928 sed
2721 4870 2913 4926 solum
2932 4869 3047 4923 Deo
3079 4882 3280 4938 preces
3303 4867 3529 4934 oﬁ‘erre,
3557 4865 3859 4920 seniorum

2212 4964 2439 5020 monitu
2471 4962 2830 5018 destiterunt
2863 4959 2933 5013 ab
2966 4956 3220 5012 insania.
3250 4955 3486 5023 Deinde,
3513 4954 3705 5026 aperis
3735 4953 3870 5009 fori-

2210 5055 2342 5122 bus,
2376 5068 2510 5107 cum
2544 5068 2644 5107 eos
2675 5048 3006 5106 evusissent
3038 5046 3108 5100 ab
3158 5059 3389 5115 aggere,
3416 5045 3725 5114 jusserunt
3767 5059 3869 5099 eos

2164 5169 2169 5173 ·
2212 5143 2411 5199 statim
2433 5139 2729 5196 abire.Sed
2746 5138 2950 5193 eodem
2970 5138 3086 5189 tem
3096 5149 3231 5204 pore
3245 5149 3455 5188 veneru
3467 5137 3528 5187 ut
3545 5136 3867 5201 exactores,

2212 5232 2309 5303 qui
2344 5247 2442 5285 eos
2474 5226 2779 5298 vectigalia
2812 5224 3097 5295 cogebant
3128 5221 3445 5291 exsolvere,
3477 5227 3533 5276 et
3564 5221 3709 5276 alios
3742 5220 3872 5291 qui-

2212 5323 2343 5376 dem
2376 5336 2442 5375 ex
2473 5317 2544 5372 iis
2578 5315 2931 5383 vinciebant,
2966 5312 3111 5367 alios
3144 5328 3277 5367 vero
3312 5328 3411 5381 per
3442 5310 3867 5365 contumeliam

2212 5408 2550 5466 afticiebant
2578 5403 2960 5461 verberibus:
2996 5402 3097 5479 sed
3128 5400 3217 5455 vir
3246 5400 3345 5455 ille
3363 5400 3619 5466 divinus,
3640 5397 3867 5453 nullius

2212 5515 2279 5555 ex
2308 5498 2381 5551 iis
2415 5512 2539 5566 qua:
2558 5494 2615 5548 in
2640 5493 2800 5564 ipsos
2819 5492 2966 5547 facta
2989 5489 3527 5557 erantrecordatus,
3546 5489 3866 5543 Dominum

2214 5587 2476 5652 imitans,
2512 5584 2613 5654 qui
2647 5581 2805 5638 cruci
2838 5582 3070 5647 afﬁxus,
3104 5593 3305 5634 eorum
3341 5578 3441 5648 qui
3465 5577 3576 5634 hoc
3608 5577 3871 5634 fecerant
