4122 6188
303 378 375 428 85
1445 379 1921 438 I‘lllLOTIIEUS,
1967 392 2092 429 SIYE
2132 378 2602 429 'I‘HEOI’HILES.
3665 375 3733 429 86

305 502 668 571 loquentem,
704 517 892 572 neque
923 500 1107 555 ullum
1141 517 1207 555 ex
1239 502 1309 556 iis
1341 501 1440 572 qui
1469 501 1708 555 aderant
1749 503 1955 569 poten-
1987 501 2041 565 Α
2073 498 2471 554 insectabatur
2493 503 2556 552 ut
2578 499 2844 567 hostem;
2883 503 2938 553 et
2963 503 3277 555 ostendens
3300 515 3496 554 senon
3519 501 3730 554 vereri»

305 596 420 644 tem
447 607 788 661 agnoscere.
815 595 1130 662 Postquam
1157 595 1351 646 autem
1369 607 1499 645 eum
1527 607 1655 645 sum
1675 587 1962 644 allocutus

303 686 358 734 et
383 681 625 734 nomine
652 681 848 752 magni
891 681 1071 735 Acacii
1108 681 1157 736 ei
1205 680 1322 734 dixi
1365 680 1638 745 salutem,
1684 680 1882 733 statim
1909 682 1964 731 et

301 769 860 842 aperuitoculos,et
904 770 1124 839 rogavit
1169 771 1460 840 quomodo
1498 787 1558 824 se
1603 769 1862 836 haberet,
1907 770 1961 820 et

296 860 538 931 quando
561 859 851 914 venissem
877 863 964 913 est
1011 862 1406 930 percontatus.
1458 860 1600 914 Cum
1647 863 1840 913 autem
1889 857 1958 910 ad

298 948 424 1002 hzec
462 947 922 1018 respondissem,
949 964 1154 1003 rursus
1187 948 1398 1002 clausit
1429 947 1648 1003 oculos.

371 1047 514 1102 Cum
545 1061 678 1100 vero
712 1049 829 1100 tres
861 1045 985 1100 dies
1019 1045 1708 1116 praeteriissent,vespcre
1741 1043 1960 1112 rogavit

294 1135 546 1190 ubinam
579 1139 769 1202 esset;
804 1151 938 1190 cum
972 1139 1163 1189 autem
1217 1134 1574 1200 rescivisset,
1606 1150 1754 1205 aegre
1803 1132 1957 1198 tulit,

293 1229 350 1280 et
378 1225 609 1296 rogavit
639 1230 699 1279 ut
739 1224 938 1278 statim
972 1241 1177 1278 rursus
1219 1224 1530 1278 referretur
1569 1224 1626 1278 in
1670 1228 1956 1278 montem.

291 1315 438 1368 Cum
458 1319 656 1368 autem
671 1311 874 1368 vellem
899 1328 1032 1367 eum
1057 1319 1335 1385 perpetuo
1375 1313 1684 1367 observare
1699 1316 1755 1367 et
1782 1312 1847 1378 ei,
1869 1312 1955 1365 in-

291 1403 540 1472 servire,
567 1402 722 1473 jussi
746 1419 878 1456 mox
901 1402 1032 1456 ferri
1059 1401 1300 1471 lectum,
1325 1407 1379 1456 et
1415 1402 1624 1456 deferri
1665 1402 1721 1456 in
1759 1401 1953 1456 locum

289 1508 465 1562 quem
501 1491 796 1563 cupiebat.
820 1491 982 1545 Tunc
1006 1491 1121 1546 vidi
1145 1496 1504 1562 quantopere
1521 1491 1590 1545 ab
1616 1491 1954 1546 'ambitione

286 1587 342 1635 et
365 1581 564 1651 gloria:
594 1580 914 1652 cupiditate
941 1586 1094 1636 esset
1119 1579 1374 1635 alienum
1401 1585 1577 1652 caput
1608 1580 1752 1634 mihi
1777 1597 1951 1634 vene-

287 1671 569 1725 randum.
592 1670 877 1725 Postridie
900 1669 1053 1724 enim
1076 1670 1124 1724 ei
1150 1670 1332 1724 obtuli
1353 1672 1448 1739 jus
1474 1669 1714 1741 ptisanae
1737 1687 1868 1724 cum
1895 1669 1950 1723 id

287 1760 731 1831 refrigerassem
754 1777 767 1828 ;
792 1759 934 1814 nihil
960 1759 1113 1814 enim
1139 1760 1377 1814 omnino
1398 1758 1570 1814 calidi
1595 1775 1824 1814 sumere
1846 1775 1949 1830 pa-

2079 589 2314 645 interim
2348 590 2431 644 ori
2484 589 2697 645 lentem
2732 589 3010 645 admovit.
3045 590 3403 645 Obsecrabat
3455 593 3646 644 autem
3683 589 3730 644 is

2079 679 2177 750 qui
2213 680 2614 734 incessebatur
2647 679 3015 734 maledictis:
3051 679 3280 732 dicebat
3312 695 3372 733 se
3395 694 3521 733 esse
3543 677 3728 732 homi-

2077 785 2207 824 nem
2237 787 2250 836 ;
2275 771 2505 840 etquod
2535 770 2695 840 prius
2719 771 2973 840 quodam
3000 767 3642 838 adactusjurejurando
3665 783 3728 822 se

2078 864 2211 913 ante
2243 876 2540 930 vesperam
2578 860 2648 914 ab
2682 860 2824 914 urbe
2856 874 2982 914 esse
3019 858 3440 929 profecturum,
3467 858 3730 912 venisset

2077 947 2184 1002 hoc
2208 953 2488 1019 tempore.
2517 947 2652 1002 Ille:
2690 949 2869 1014 Bono,
2901 947 3112 1019 inquit,
3147 947 3344 1002 animo
3377 950 3522 1011 esto,
3557 951 3613 1000 et
3656 962 3727 1000 ne

2076 1038 2473 1101 extimescito;
2511 1039 2607 1093 sed
2639 1055 2770 1093 cum
2803 1042 3073 1110 precatus
3100 1036 3299 1104 fueris,
3322 1036 3614 1092 recedito:
3649 1035 3732 1090 sis

2076 1131 2269 1182 autem
2295 1127 2434 1182 mihi
2461 1128 2720 1197 conviva,
2745 1132 2800 1182 et
2825 1128 2937 1182 mei
2962 1127 3071 1182 cibi
3099 1126 3411 1198 particeps.
3432 1124 3613 1180 Simul
3633 1141 3729 1180 au-

2072 1221 2187 1271 tem
2215 1216 2336 1272 hzec
2356 1217 2555 1272 dicens
2579 1217 2842 1289 implevit
2864 1218 3180 1286 dexteram,
3206 1220 3262 1271 et
3285 1216 3437 1271 lente
3465 1230 3598 1270 eum
3620 1216 3731 1271 im-

2076 1305 2289 1377 pertiit.
2313 1306 2406 1360 Sic
2432 1323 2592 1362 vanae
2633 1305 2830 1378 gloriae
2873 1307 3148 1362 morbum
3173 1322 3304 1361 cum
3329 1305 3461 1361 aliis
3509 1304 3732 1378 expulit

2072 1411 2140 1449 (ΒΧ
2172 1413 2390 1450 animo.

2143 1495 2222 1550 De
2259 1494 2567 1551 tolerantia
2623 1499 2816 1550 autem
2853 1510 3350 1564 supervacaneum
3393 1497 3482 1550 est
3512 1493 3724 1561 dicere,

2071 1600 2203 1639 cum
2227 1583 2389 1639 visus
2417 1585 2540 1656 ipse
2564 1589 2828 1640 testetur.
2853 1586 2993 1640 'I‘res
3014 1584 3164 1639 enim
3193 1601 3344 1655 saepe
3363 1584 3486 1639 dies
3508 1588 3563 1639 et
3586 1584 3726 1640 toti-

2069 1674 2198 1728 dem
2221 1679 2418 1729 noctes
2437 1675 2564 1729 nive
2581 1673 2822 1745 delapsa
2852 1674 2934 1728 ita
2957 1674 3065 1728 fuit
3098 1674 3364 1740 obrutus,
3396 1675 3721 1744 pronusja-

2067 1779 2224 1832 cens,
2250 1768 2304 1818 et
2325 1769 2505 1820 Deum
2529 1780 2723 1834 orans,
2752 1767 2815 1818 ut
2839 1779 2908 1818 ne
2933 1779 3137 1834 parum
3167 1762 3405 1834 quidem
3429 1762 3722 1819 videretur

287 1851 572 1916 tiebatur,
591 1866 724 1904 cum
747 1865 919 1904 usum
943 1848 1093 1919 ignis
1109 1848 1220 1904 sibi
1241 1847 1656 1904 interdixisset.
1682 1848 1824 1904 Cum
1843 1866 1947 1903 au-
1982 1864 2032 1929 Β
2064 1869 2131 1907 ex
2154 1853 2362 1922 pannis
2387 1853 2603 1923 quibus
2637 1853 2824 1907 fuerat
2848 1853 3128 1920 indutus;
3164 1867 3316 1924 saepe
3339 1856 3536 1907 autem
3562 1869 3715 1906 mar-

283 1948 406 1994 tem
426 1938 878 1994 nolletsumere:
905 1939 1084 1994 Nobis
1111 1939 1400 2008 omnibus,
1426 1941 1688 2010 inquam,
1707 1955 1738 1993 0
1757 1940 1943 2006 Pater,

284 2029 393 2084 hoc
421 2029 702 2098 concede,
722 2043 1096 2083 communem
1120 2027 1273 2083 enim
1304 2027 1550 2083 salutem
1578 2032 1738 2083 tuam
1780 2029 1946 2082 duci-

285 2135 424 2173 mus
452 2117 788 2172 sanitatem.
815 2116 939 2173 Non
966 2116 1151 2172 solum
1177 2116 1332 2172 enim
1357 2135 1418 2173 es
1443 2117 1714 2173 utilitatis
1757 2133 1946 2173 exem-

280 2207 417 2279 plar
443 2206 832 2279 prepositum,
850 2207 950 2261 sed
973 2223 1145 2261 orans
1171 2207 1284 2261 fers
1303 2206 1606 2278 auxilium,
1626 2211 1677 2263 et
1695 2207 1789 2262 Dei
1813 2224 1947 2262 con-

277 2297 452 2352 cilias
479 2296 652 2350 nobis
687 2295 1171 2351 benevolentiam.
1201 2296 1362 2359 Quod
1388 2296 1437 2351 si
1463 2301 1515 2351 te
1537 2296 1644 2351 hoc
1668 2296 1812 2351 male
1838 2296 1942 2351 ha-

280 2386 383 2440 bet
409 2386 571 2457 quod
599 2403 714 2440 non
747 2384 828 2440 sis
862 2389 1160 2453 assuetus,
1192 2385 1300 2440 hoc
1336 2402 1586 2456 quoque,
1623 2386 1886 2457 inquam,
1913 2403 1943 2441 ο

276 2475 474 2539 Pater,
505 2478 843 2529 constanter
865 2475 1048 2529 tolera
1074 2493 1087 2542 ;
1115 2483 1197 2530 est
1230 2475 1385 2530 enim
1423 2475 1529 2530 hoc
1561 2492 1809 2547 quoque,
1843 2491 1942 2546 ge-

275 2580 396 2618 nus
420 2562 834 2634 philosophias.
860 2564 1162 2627 Quomodo
1199 2563 1354 2618 enim
1383 2580 1517 2620 cum
1573 2580 1731 2621 esses
1764 2582 1944 2620 sanus

270 2656 482 2709 cibum
511 2660 813 2725 appetens,
839 2654 1150 2709 tolerantia
1181 2655 1368 2710 vicisti
1399 2656 1838 2726 appetitionem,
1866 2655 1945 2709 ita

265 2743 456 2798 etiam
486 2759 642 2797 nunc
663 2742 905 2798 minime
919 2748 1198 2814 appetens
1220 2743 1278 2798 in
1298 2745 1582 2800 vescendo
1597 2745 1836 2800 ostende
1859 2749 1943 2798 to-

265 2834 617 2888 lerantiam.
645 2833 772 2887 Haec
797 2849 928 2887 cum
955 2834 1225 2901 dicerem,
1252 2835 1452 2890 aderat
1494 2835 1666 2890 homo
1696 2834 1795 2889 Dei
1836 2840 1942 2889 Po-

265 2922 627 2994 lychronius
649 2923 780 2992 (54),
806 2923 903 2993 qui
935 2922 989 2976 id
1015 2924 1168 2993 quod
1195 2924 1463 2978 dicebam
1490 2924 1831 2989 defendens,
1857 2925 1942 2978 di-

265 3013 356 3065 xit
385 3028 445 3066 se
473 3011 529 3065 id
556 3011 815 3081 primum
835 3011 980 3066 velle
1005 3028 1258 3082 sumere,
1278 3012 1454 3084 idque
1478 3029 1608 3067 cum
1635 3018 1790 3068 esset
1815 3030 1941 3068 ma-

268 3117 370 3167 ne,
403 3117 542 3155 cum
571 3116 723 3171 saepe
749 3107 876 3172 post
904 3100 1277 3171 interjectum
1303 3107 1526 3172 septem
1555 3101 1780 3157 dierum
1808 3120 1941 3173 spa-

264 3192 351 3244 tiu
369 3206 421 3244 m
446 3205 662 3259 corpus
684 3189 879 3244 aleret.
898 3190 1102 3245 Victus
1121 3206 1257 3262 ergo
1277 3192 1555 3258 oratione,
1582 3191 1932 3261 unumjuris

263 3278 554 3350 poculum
581 3278 801 3334 clausis
825 3279 1064 3334 demisit
1089 3279 1295 3348 oculis,
1339 3281 1491 3351 quod
1518 3281 1756 3352 quidem
1781 3281 1930 3336 sole-

265 3386 408 3424 mus
432 3370 627 3422 facere
656 3383 788 3423 cum
814 3384 1044 3424 amaras
1068 3369 1328 3424 bibimus
1365 3369 1655 3441 potiones.

337 3476 504 3530 840
538 3474 824 3541 Quoniam
857 3479 1051 3530 autem
1080 3475 1252 3546 pedes
1274 3493 1526 3548 quoque,
1552 3475 1652 3547 qui
1699 3480 1932 3548 propter

269 3563 752 3619 imbecillitatem
777 3562 1108 3635 ingressum
1134 3565 1476 3630 amiserant,
1501 3567 1549 3620 ei
1589 3565 1779 3620 lavare
1802 3582 1930 3637 per-

271 3653 803 3724 suasimus-operae
821 3653 1072 3723 pretium
1093 3653 1362 3708 existimo
1383 3653 1531 3708 hanc
1554 3670 1787 3725 quoque
1805 3655 1935 3725 ejus

263 3743 477 3798 animae
503 3740 734 3812 aperire
791 3740 1224 3813 philosophiam
1249 3759 1269 3803 ;
1321 3759 1498 3814 prope
1522 3743 1678 3797 enim
1731 3744 1933 3798 aderat

259 3829 757 3904 scyphusVoluit
784 3836 982 3886 autem
1018 3831 1262 3902 quidam
1297 3849 1363 3886 ex
1395 3832 1468 3886 iis
1499 3831 1598 3902 qui
1633 3832 1930 3888 ministra-

260 3922 407 3976 bant
429 3935 568 3974 eum
593 3918 848 3974 canistro
869 3924 1082 3989 tegere,
1105 3925 1303 3975 utnon
1326 3921 1622 3976 videretur
1643 3921 1714 3975 ab
1742 3921 1810 3976 iis
1831 3921 1928 3992 qui

261 4012 327 4066 ad
365 4010 569 4080 ipsum
605 4008 936 4065 veniebant.
975 4009 1080 4064 Ille
1112 4014 1347 4066 autem:
1383 4013 1516 4077 Cur,
1554 4009 1767 4081 inquit,
1801 4028 1929 4082 scy-

261 4098 448 4169 phum
481 4096 671 4165 tegis?
694 4097 911 4152 Cumis
939 4102 1134 4153 autem
1160 4099 1440 4154 dixisset:
1471 4099 1548 4155 Ne
1571 4099 1837 4153 videatur
1858 4100 1928 4154 ab

258 4188 326 4242 iis
360 4187 464 4258 qui
486 4185 733 4240 veniunt
756 4187 824 4240 ad
853 4188 1370 4257 contemplandum
1400 4205 1410 4242 :
1438 4188 1625 4257 Absit,
1652 4189 1860 4259 inquit,
1895 4206 1926 4243 0

258 4277 361 4346 fili,
402 4293 471 4330 ne
506 4275 660 4330 celes
696 4276 962 4332 homines
994 4278 1107 4347 (55)
1139 4295 1204 4331 ea
1238 4295 1363 4349 qum
1394 4281 1532 4332 sunt
1564 4282 1766 4349 aperta
1804 4277 1920 4332 Deo

261 4366 721 4430 universorum;
755 4364 835 4418 illi
865 4365 1020 4419 enim
1054 4364 1162 4421 soli
1187 4364 1386 4420 volens
1435 4365 1648 4431 vivere,
1699 4364 1923 4420 nullam

259 4454 542 4508 humanae
569 4452 767 4523 gloria:
793 4470 992 4509 curam
1025 4471 1178 4523 gero.
1216 4454 1365 4517 Quid
1400 4453 1553 4508 enim
1589 4471 1678 4509 me
1702 4455 1923 4524 juverit

253 4543 303 4597 si
329 4543 390 4597 hi
419 4541 664 4613 quidem
691 4558 781 4597 me
810 4543 997 4614 magis
1023 4543 1393 4599 laborasseet
1414 4543 1622 4614 majori
1646 4544 1917 4599 exercita-

258 4633 421 4686 tione
452 4647 630 4686 usum
656 4647 785 4686 esse
809 4631 1102 4699 sciverint,
1127 4632 1280 4687 Deus
1305 4648 1436 4686 vero
1491 4632 1701 4688 minori
1723 4632 1750 4686 ?
1799 4649 1912 4687 non

255 4725 400 4774 sunt
432 4720 592 4775 enim
632 4719 689 4773 hi
723 4721 954 4776 datores
988 4721 1276 4776 mercedis
1309 4738 1410 4792 pro
1441 4721 1765 4788 laboribus,
1813 4723 1914 4776 sed

257 4809 418 4864 Deus
443 4813 532 4865 est
555 4811 986 4882 suppeditator.
1011 4811 1151 4875 Quis
1173 4827 1309 4882 ergo
1334 4827 1447 4866 non
1472 4810 1637 4866 valde
1669 4811 1913 4867 admire-

227 4907 352 4954 ‘tur
375 4904 431 4955 et
455 4915 784 4969 sermones,
819 4904 875 4956 et
912 4906 1166 4956 mentem
1197 4917 1324 4971 quae
1358 4916 1658 4956 sermones
1691 4901 1915 4972 genuit,

255 5005 393 5059 qua:
421 4988 580 5042 omni
607 4988 864 5044 humana
891 4989 1078 5062 gloria
1117 4990 1260 5045 adeo
1287 4988 1394 5043 fuit
1414 4988 1683 5060 superior
1704 4989 1731 5044 ?

324 5085 468 5142 Tale
492 5086 636 5157 quid
660 5087 834 5143 etiam
861 5087 1011 5144 alias
1045 5087 1287 5143 memini
1321 5087 1624 5142 accidisse.
1663 5089 1793 5142 Erat
1824 5105 1915 5143 ve-

252 5193 393 5246 sper
414 5182 467 5231 et
495 5175 685 5232 altum
714 5194 919 5249 vesper
936 5182 992 5233 et
1024 5181 1256 5249 tempus
1283 5177 1646 5232 comedendi:
1681 5182 1916 5248 accepta

251 5282 394 5337 ergo
419 5270 571 5321 testa
594 5267 866 5339 apposita
890 5267 1222 5323 madefactce
1251 5267 1421 5322 lentis
1445 5266 1638 5321 cibum
1663 5268 1918 5338 sumpsit

251 5355 308 5408 id
340 5355 497 5410 enim
523 5357 714 5412 eratei
741 5355 1286 5413 alimentum.Venit
1310 5361 1502 5410 autem
1527 5355 1766 5426 quidam
1791 5373 1822 5410 a
1846 5357 1918 5412 ci-

249 5446 450 5512 vitate,
467 5445 563 5500 cui
590 5451 716 5502 erat
738 5446 1060 5502 commissa
1084 5446 1348 5517 quaedam
1379 5445 1646 5502 militaris
1670 5447 1914 5502 exactio.

252 5534 305 5590 Is
331 5540 530 5590 autem
557 5552 694 5591 cum
716 5553 850 5592 eum
877 5535 1078 5608 procul
1101 5533 1588 5602 vidisset,1entem
1613 5553 1726 5592 non
1751 5537 1920 5608 depo-

250 5622 508 5691 suit,sed
532 5625 732 5681 cibum
759 5626 997 5682 demisit
1022 5627 1085 5679 ut
1102 5627 1510 5693 consueverat;
1528 5628 1728 5680 etcum
1744 5623 1920 5681 visio-

251 5726 325 5770 ne
361 5711 856 5786 apprehendisset
887 5729 1022 5770 eum
1057 5727 1185 5769 esse
1217 5711 1919 5783 demonem,eumverbis

2055 1941 2136 1996 ris
2157 1946 2212 1995 et
2232 1941 2526 2012 ligonibus
2554 1941 2727 1996 vicini
2753 1941 2803 1995 ei
2839 1941 3025 1996 nivem
3052 1941 3388 2011 impositam
3408 1939 3716 1996 detraheno

2048 2035 2298 2094 tes,eum
2321 2031 2611 2100 jacentem
2645 2030 2975 2086 evelluntet
3005 2030 3375 2086 excitant.Ex
3403 2030 3473 2084 iis
3499 2029 3716 2086 labori'

2050 2121 2162 2175 bus
2186 2119 2419 2192 collegit
2440 2121 2591 2176 dona
2616 2120 2824 2175 divina)
2847 2119 3066 2189 gratias,
3089 2135 3337 2190 quorum
3366 2118 3570 2175 volunt
3592 2135 3710 2174 orn-

2053 2226 2156 2264 nes
2189 2225 2316 2265 esse
2364 2209 2697 2281 participes.
2724 2208 2888 2265 Illius
2908 2208 3060 2265 enim
3086 2207 3491 2264 benedictione
3515 2206 3712 2263 multm

2054 2299 2290 2369 quidem
2326 2298 2624 2354 exstinctae
2657 2303 2796 2354 sunt
2825 2303 2883 2354 et
2913 2297 3368 2368 exstinguuntur
3417 2297 3625 2366 febres,
3657 2302 3713 2352 et

2053 2389 2248 2443 multae
2280 2388 2656 2460 aegritudines
2689 2391 2998 2444 cessarunt
3033 2391 3088 2442 et
3127 2387 3368 2442 omnino
3415 2385 3706 2457 abierunt,

2052 2477 2219 2532 multi
2253 2483 2448 2532 autem
2482 2478 2778 2532 daemones
2806 2476 2988 2532 coacti
3015 2480 3153 2531 sunt
3179 2476 3413 2548 fugere;
3457 2478 3513 2530 et
3552 2491 3704 2546 aqua

2050 2584 2176 2638 qua:
2208 2567 2280 2622 ab
2309 2565 2470 2622 illius
2501 2566 2733 2622 dextera
2768 2565 3132 2622 benedicitur
3155 2563 3495 2621 ﬁtsalutare
3521 2564 3700 2636 pharo

2049 2673 2306 2711 macum.

2120 2754 2260 2818 Quis
2292 2753 2480 2810 nescit
2512 2769 2757 2824 puerum
2779 2756 3076 2808 mortuum
3100 2767 3201 2824 per
3222 2752 3349 2824 ejus
3375 2751 3698 2808 orationem

2049 2843 2230 2899 fuisse
2245 2843 2594 2898 excitatum?
2619 2844 2675 2897 in
2701 2843 3062 2898 suburbanis
3081 2842 3236 2897 enim
3264 2841 3520 2898 civitatis
3536 2849 3703 2900 erant

2048 2934 2176 3003 ejus
2206 2938 2495 3004 parentes,
2521 2933 2618 3003 qui
2645 2931 2864 2987 multos
2888 2931 3124 3003 quidem
3149 2931 3303 2986 filios
3345 2938 3700 3002 genuerunt,

2047 3027 2461 3077 omnesautem
2495 3023 2847 3077 immaturos
2872 3023 2941 3076 ad
2979 3019 3315 3092 sepulcrum
3352 3020 3702 3077 transmise-

2047 3112 2453 3174 runt.Quando
2469 3127 2604 3181 ergo
2620 3110 2712 3165 hic
2728 3110 2974 3166 ultimus
2991 3115 3163 3165 natus
3180 3110 3287 3164 fuit
3304 3109 3480 3176 ﬁlius,
3499 3127 3702 3166 cucur-

2047 3199 2122 3255 rit
2136 3205 2299 3272 pater
2311 3202 2382 3255 ad
2399 3199 2696 3254 hominem
2712 3200 2834 3265 Dei,
2851 3215 3065 3270 rogans
3081 3202 3144 3252 ut
3158 3198 3202 3252 is
3216 3198 3448 3268 longam
3464 3197 3704 3255 haberet

2043 3289 2246 3356 vitam,
2271 3293 2326 3344 et
2351 3287 2635 3360 pollicens
2656 3303 2716 3343 se
2737 3304 2869 3342 eum
2891 3303 3020 3342 esse
3042 3287 3157 3342 Deo
3178 3287 3510 3342 dicaturum
3548 3288 3595 3342 si
3620 3288 3701 3343 vi-

2035 3383 2212 3432 veret.
2237 3380 2379 3433 Cum
2405 3377 2600 3448 itaque
2623 3375 2858 3432 vixisset
2890 3379 3143 3447 quatuor
3164 3374 3490 3444 annis,vitaa
3512 3375 3690 3430 ﬁnem

2037 3467 2279 3538 accepit;
2308 3471 2472 3538 pater
2493 3471 2685 3521 autem
2710 3466 2913 3521 aberat
2938 3482 2952 3522 :
2973 3464 3288 3520 adveniens
3313 3469 3506 3519 autem
3529 3465 3689 3520 videt

2037 3573 2169 3610 eum
2197 3559 2431 3626 repente
2455 3554 2665 3610 efferri.
2691 3554 2836 3608 Cum
2859 3570 2995 3609 eum
3020 3553 3220 3624 itaque
3243 3551 3440 3608 electo
3460 3553 3685 3624 rapuis-

2037 3651 2159 3700 set:
2194 3644 2452 3716 Oportet,
2475 3644 2687 3716 inquit,
2709 3658 2800 3698 me
2825 3642 3067 3714 implere
3100 3641 3482 3713 promissum,
3509 3647 3564 3697 et
3586 3642 3686 3697 Dei

2038 3734 2263 3791 homini
2297 3735 2542 3789 reddere
2571 3732 2659 3788 vel
2694 3736 3014 3788 mortuum.
3058 3731 3392 3801 Detulitque
3427 3735 3490 3784 ut
3521 3731 3686 3803 prius

2036 3824 2203 3892 dixit,
2228 3827 2434 3878 etante
2457 3824 2630 3894 pedes
2655 3826 2887 3877 sanctos
2911 3820 3078 3876 illum
3106 3820 3318 3892 posuit,
3353 3819 3553 3876 dicens
3590 3820 3691 3875 illa

2036 3930 2162 3984 quae
2185 3913 2309 3968 suis
2326 3929 2558 3982 quoque
2573 3910 3166 3966 dixeratdomesticis.
3193 3915 3380 3964 Homo
3395 3913 3589 3964 autem
3608 3909 3692 3964 di-

2034 4000 2204 4056 vinus
2237 4017 2369 4055 cum
2395 4005 2528 4056 ante
2555 4017 2614 4056 se
2639 3999 2934 4072 posuisset
2959 4014 3228 4070 puerum,
3256 3996 3415 4052 flexis
3438 3997 3690 4070 genibus

2037 4091 2241 4146 orabat
2267 4107 2490 4160 pronus
2513 4090 2642 4144 vite
2669 4093 2726 4144 et
2753 4089 2960 4144 mortis
2983 4104 3198 4159 rogans
3223 4087 3554 4142 Dominum.
3577 4087 3692 4143 Ve-

2033 4195 2199 4249 spere
2224 4183 2415 4234 autem
2453 4195 2597 4249 puer
2632 4179 2816 4233 edidit
2854 4192 3074 4246 vocem,
3101 4180 3157 4231 et
3180 4179 3401 4246 patrem
3442 4176 3687 4242 vocavit,

2032 4268 2176 4323 Cum
2209 4268 2292 4322 sic
2315 4268 2600 4323 sensisset
2628 4267 2715 4321 vir
2746 4267 2841 4322 ille
2865 4265 3099 4320 divinus
3129 4265 3282 4335 quod
3317 4279 3455 4318 suas
3487 4280 3685 4334 preces

2031 4357 2780 4428 suscepissetDominus,et
2806 4356 2983 4410 vitam
3021 4369 3199 4424 puero
3225 4352 3682 4424 suppeditasset,

2029 4447 2304 4514 surrexit,
2338 4451 2396 4501 et
2424 4463 2489 4502 eo
2523 4447 2764 4502 adorato
2796 4444 2896 4515 qui
2930 4442 3068 4497 facit
3090 4440 3448 4498 voluntatem
3472 4442 3686 4497 timen-

2027 4537 2173 4591 tium
2206 4552 2364 4605 eum,
2393 4539 2449 4590 et
2472 4535 2637 4590 audit
2665 4550 2866 4590 eorum
2896 4547 3096 4604 preces
3118 4530 3297 4602 (Psal.
3326 4533 3532 4603 cxuv),
3559 4531 3688 4588 finit

2024 4627 2368 4693 orationem,
2405 4628 2461 4679 et
2491 4623 2678 4678 lilium
2714 4621 2968 4678 reddidit
2997 4620 3173 4693 patri.
3210 4619 3327 4675 Hoc
3361 4624 3417 4675 et
3440 4637 3544 4692 ego
3567 4621 3684 4676 vidi

2028 4716 2084 4766 et
2114 4717 2338 4783 patrem
2374 4711 2569 4767 audivi
2603 4715 2961 4777 narrantem,
2990 4713 3047 4764 et
3078 4707 3281 4762 multis
3315 4707 3446 4764 aliis
3479 4725 3681 4764 narra-

2026 4801 2106 4856 vit
2139 4799 2489 4855 miraculum
2517 4798 2927 4872 apostolicum,
2961 4814 3097 4853 cum
3131 4797 3309 4852 sciret
3343 4796 3543 4853 multis
3579 4815 3684 4854 au-

2025 4890 2239 4947 dituris
2275 4891 2540 4946 futurum
2570 4890 2626 4944 id
2661 4886 3054 4945 conducibile.

2099 5000 2273 5054 Porro
2288 5001 2484 5053 autem
2501 4997 2625 5067 ejus
2640 5011 2875 5067 quoque
2889 5011 3019 5051 sum
3037 4996 3385 5049 consecutus
3400 4995 3681 5053 auxilium

2029 5089 2206 5143 unius
2229 5093 2426 5142 autem
2449 5092 2550 5142 aut
2574 5088 2824 5142 duorum
2850 5084 3059 5140 faciam
3087 5084 3466 5154 mentionem,
3495 5086 3686 5144 existi-

2029 5175 2428 5248 mansingrati
2447 5193 2576 5231 esse
2598 5174 2780 5231 animi
2799 5190 2867 5229 ea
2892 5172 3124 5229 silentio
3152 5173 3465 5243 praeterire,
3491 5180 3547 5231 et
3568 5194 3682 5233 non

2029 5269 2232 5321 docere
2249 5281 2462 5336 genera
2476 5262 3175 5320 lmncficiiExsecrandus
3192 5261 3451 5319 Marcion
3470 5266 3686 5323 multas

2029 5356 2232 5427 spinas
2267 5355 2588 5425 impietatis
2620 5353 2934 5410 seminavit
2965 5351 3024 5405 in
3061 5351 3295 5423 regione
3322 5353 3483 5408 urbis
3515 5355 3684 5427 Cyri;

2029 5460 2126 5499 eas
2150 5460 2282 5498 cum
2307 5459 2549 5498 conarer
2569 5444 2815 5499 evellere
2839 5441 3143 5509 radicitus,
3171 5457 3402 5497 omnem
3425 5441 3683 5499 laborem

2030 5533 2327 5600 subibam,
2362 5539 2418 5586 et
2447 5533 2724 5588 omnibus
2752 5531 3040 5588 machinis
3069 5530 3305 5586 assidue
3330 5534 3552 5587 utebar.
3576 5533 3682 5596 Qui

2031 5625 2226 5678 autem
2245 5636 2373 5677 mea
2390 5621 2735 5678 fruebantur
2751 5620 3140 5687 cultura,cum
3158 5635 3248 5674 me
3262 5635 3326 5675 eo
3343 5621 3575 5676 nomine
3590 5621 3684 5674 de-

2030 5711 2238 5767 berent
2262 5709 2521 5782 diligere,
2549 5728 2649 5782 pro
2676 5726 2759 5777 ea,
2789 5713 2850 5764 ut
2871 5706 3206 5781 prophetico
3257 5706 3470 5772 dicam,
3495 5709 3680 5764 detra-
